  <div class='ocr_page' id='page_1' title='image "/cluster/home/n/w/nwhite01/storage/ocr_20150623/38/njp.32101077772570/423.png"; bbox 0 0 1920 3046; ppageno 0'>
   <div class='ocr_carea' id='block_1_1' title="bbox 158 115 213 142">
    <p class='ocr_par' dir='ltr' id='par_1_1' title="bbox 158 115 213 142">
     <span class='ocr_line' id='line_1_1' title="bbox 158 115 213 142; baseline -0.018 0"><span class='ocrx_word' id='word_1_1' title='bbox 158 115 213 142; x_wconf 70' lang='grc'>827</span> 
     </span>
    </p>
   </div>
   <div class='ocr_carea' id='block_1_2' title="bbox 159 171 950 207">
    <p class='ocr_par' dir='ltr' id='par_1_2' title="bbox 159 171 950 207">
     <span class='ocr_line' id='line_1_2' title="bbox 159 171 950 207; baseline 0 -8"><span class='ocrx_word' id='word_1_2' title='bbox 159 172 277 207; x_wconf 70' lang='lat' dir='ltr'><strong>theologi</strong></span> <span class='ocrx_word' id='word_1_3' title='bbox 301 171 398 206; x_wconf 78' lang='lat' dir='ltr'><strong>partim</strong></span> <span class='ocrx_word' id='word_1_4' title='bbox 428 171 592 205; x_wconf 85' lang='lat' dir='ltr'><strong>habuerunt,</strong></span> <span class='ocrx_word' id='word_1_5' title='bbox 619 172 697 199; x_wconf 89' lang='lat' dir='ltr'><strong>multi</strong></span> <span class='ocrx_word' id='word_1_6' title='bbox 722 176 797 203; x_wconf 80' lang='lat' dir='ltr'><strong>sunt,</strong></span> <span class='ocrx_word' id='word_1_7' title='bbox 823 177 850 199; x_wconf 88' lang='lat' dir='ltr'><strong>et</strong></span> <span class='ocrx_word' id='word_1_8' title='bbox 866 181 950 207; x_wconf 83' lang='lat' dir='ltr'><strong>supra</strong></span> 
     </span>
    </p>
   </div>
   <div class='ocr_carea' id='block_1_3' title="bbox 162 218 951 246">
    <p class='ocr_par' dir='ltr' id='par_1_3' title="bbox 162 218 951 246">
     <span class='ocr_line' id='line_1_3' title="bbox 162 218 951 246; baseline 0.001 -2"><span class='ocrx_word' id='word_1_9' title='bbox 162 226 307 245; x_wconf 84' lang='lat' dir='ltr'><strong>numerum</strong></span> <span class='ocrx_word' id='word_1_10' title='bbox 324 225 330 242; x_wconf 88' lang='lat'>:</span> <span class='ocrx_word' id='word_1_11' title='bbox 351 218 478 245; x_wconf 84' lang='lat' dir='ltr'><strong>universe</strong></span> <span class='ocrx_word' id='word_1_12' title='bbox 494 226 557 246; x_wconf 91' lang='lat' dir='ltr'><strong>vero</strong></span> <span class='ocrx_word' id='word_1_13' title='bbox 570 222 596 245; x_wconf 90' lang='lat' dir='ltr'><strong>et</strong></span> <span class='ocrx_word' id='word_1_14' title='bbox 610 218 767 245; x_wconf 88' lang='lat' dir='ltr'><strong>summatim</strong></span> <span class='ocrx_word' id='word_1_15' title='bbox 782 218 815 246; x_wconf 92' lang='lat' dir='ltr'><strong>de</strong></span> <span class='ocrx_word' id='word_1_16' title='bbox 831 219 951 246; x_wconf 89' lang='lat' dir='ltr'><strong>bonitate</strong></span> 
     </span>
    </p>
   </div>
   <div class='ocr_carea' id='block_1_4' title="bbox 160 262 950 297">
    <p class='ocr_par' dir='ltr' id='par_1_4' title="bbox 160 262 950 297">
     <span class='ocr_line' id='line_1_4' title="bbox 160 262 950 297; baseline 0.005 -9"><span class='ocrx_word' id='word_1_17' title='bbox 160 262 381 297; x_wconf 74' lang='lat' dir='ltr'><strong>intelligendum,</strong></span> <span class='ocrx_word' id='word_1_18' title='bbox 398 263 454 290; x_wconf 55' lang='lat' dir='ltr'><strong>haec</strong></span> <span class='ocrx_word' id='word_1_19' title='bbox 469 267 511 290; x_wconf 89' lang='lat' dir='ltr'><strong>est</strong></span> <span class='ocrx_word' id='word_1_20' title='bbox 529 264 663 291; x_wconf 86' lang='lat' dir='ltr'><strong>sententia</strong></span> <span class='ocrx_word' id='word_1_21' title='bbox 679 264 847 292; x_wconf 83' lang='lat' dir='ltr'><strong>abbreviata.</strong></span> <span class='ocrx_word' id='word_1_22' title='bbox 865 264 950 296; x_wconf 83' lang='lat' dir='ltr'><strong>Talis,</strong></span> 
     </span>
    </p>
   </div>
   <div class='ocr_carea' id='block_1_5' title="bbox 162 308 952 344">
    <p class='ocr_par' dir='ltr' id='par_1_5' title="bbox 162 308 952 344">
     <span class='ocr_line' id='line_1_5' title="bbox 162 308 952 344; baseline 0.003 -10"><span class='ocrx_word' id='word_1_23' title='bbox 162 309 261 343; x_wconf 84' lang='lat' dir='ltr'><strong>inquit,</strong></span> <span class='ocrx_word' id='word_1_24' title='bbox 273 308 311 335; x_wconf 87' lang='lat' dir='ltr'><strong>sis</strong></span> <span class='ocrx_word' id='word_1_25' title='bbox 326 308 422 335; x_wconf 85' lang='lat' dir='ltr'><strong>amicis</strong></span> <span class='ocrx_word' id='word_1_26' title='bbox 439 309 494 336; x_wconf 88' lang='lat' dir='ltr'><strong>tuis</strong></span> <span class='ocrx_word' id='word_1_27' title='bbox 505 313 532 336; x_wconf 84' lang='lat' dir='ltr'><strong>et</strong></span> <span class='ocrx_word' id='word_1_28' title='bbox 543 309 652 340; x_wconf 85' lang='lat' dir='ltr'><strong>vicinis,</strong></span> <span class='ocrx_word' id='word_1_29' title='bbox 667 309 763 344; x_wconf 86' lang='lat' dir='ltr'><strong>quales</strong></span> <span class='ocrx_word' id='word_1_30' title='bbox 778 309 878 337; x_wconf 78' lang='lat' dir='ltr'><strong>eos&#39;vis</strong></span> <span class='ocrx_word' id='word_1_31' title='bbox 891 318 952 337; x_wconf 85' lang='lat' dir='ltr'><strong>esse</strong></span> 
     </span>
    </p>
   </div>
   <div class='ocr_carea' id='block_1_6' title="bbox 162 354 953 390">
    <p class='ocr_par' dir='ltr' id='par_1_6' title="bbox 162 354 953 390">
     <span class='ocr_line' id='line_1_6' title="bbox 162 354 953 390; baseline 0.003 -11"><span class='ocrx_word' id='word_1_32' title='bbox 162 355 225 384; x_wconf 85' lang='lat' dir='ltr'><strong>tibi:</strong></span> <span class='ocrx_word' id='word_1_33' title='bbox 249 355 338 381; x_wconf 84' lang='lat' dir='ltr'><strong>simile</strong></span> <span class='ocrx_word' id='word_1_34' title='bbox 355 354 420 381; x_wconf 91' lang='lat' dir='ltr'><strong>illud</strong></span> <span class='ocrx_word' id='word_1_35' title='bbox 436 355 594 389; x_wconf 75' lang='lat' dir='ltr'><strong>evangelieo</strong></span> <span class='ocrx_word' id='word_1_36' title='bbox 609 359 745 390; x_wconf 70' lang='lat' dir='ltr'><strong>praecepto</strong></span> <span class='ocrx_word' id='word_1_37' title='bbox 767 356 953 390; x_wconf 79' lang='lat' dir='ltr'><strong>pronuntiavit</strong></span> 
     </span>
    </p>
   </div>
   <div class='ocr_carea' id='block_1_7' title="bbox 162 400 953 436">
    <p class='ocr_par' dir='ltr' id='par_1_7' title="bbox 162 400 953 436">
     <span class='ocr_line' id='line_1_7' title="bbox 162 400 953 436; baseline 0.005 -11"><span class='ocrx_word' id='word_1_38' title='bbox 162 401 266 426; x_wconf 79' lang='lat' dir='ltr'><strong>dicenti</strong></span> <span class='ocrx_word' id='word_1_39' title='bbox 287 410 293 427; x_wconf 89' lang='lat'>:</span> <span class='ocrx_word' id='word_1_40' title='bbox 313 400 411 427; x_wconf 83' lang='lat' dir='ltr'><strong>Omnia</strong></span> <span class='ocrx_word' id='word_1_41' title='bbox 433 409 592 436; x_wconf 72' lang='lat' dir='ltr'><strong>quur-cunque</strong></span> <span class='ocrx_word' id='word_1_42' title='bbox 608 402 688 428; x_wconf 76' lang='lat' dir='ltr'><strong>vultis</strong></span> <span class='ocrx_word' id='word_1_43' title='bbox 705 407 733 428; x_wconf 88' lang='lat' dir='ltr'><strong>ut</strong></span> <span class='ocrx_word' id='word_1_44' title='bbox 754 402 855 436; x_wconf 78' lang='lat' dir='ltr'><strong>faciant</strong></span> <span class='ocrx_word' id='word_1_45' title='bbox 881 402 953 429; x_wconf 73' lang='lat' dir='ltr'><strong>vobis</strong></span> 
     </span>
    </p>
   </div>
   <div class='ocr_carea' id='block_1_8' title="bbox 162 446 952 482">
    <p class='ocr_par' dir='ltr' id='par_1_8' title="bbox 162 446 952 482">
     <span class='ocr_line' id='line_1_8' title="bbox 162 446 952 482; baseline 0.006 -11"><span class='ocrx_word' id='word_1_46' title='bbox 162 446 291 477; x_wconf 69' lang='lat' dir='ltr'><strong>homines,</strong></span> <span class='ocrx_word' id='word_1_47' title='bbox 302 452 326 472; x_wconf 85' lang='grc' dir='ltr'><strong>ει</strong></span> <span class='ocrx_word' id='word_1_48' title='bbox 342 455 385 474; x_wconf 80' lang='lat' dir='ltr'><strong>vos</strong></span> <span class='ocrx_word' id='word_1_49' title='bbox 401 447 525 474; x_wconf 74' lang='lat' dir='ltr'><strong>similiter</strong></span> <span class='ocrx_word' id='word_1_50' title='bbox 539 448 619 481; x_wconf 82' lang='lat' dir='ltr'><strong>facile</strong></span> <span class='ocrx_word' id='word_1_51' title='bbox 629 449 685 475; x_wconf 78' lang='lat' dir='ltr'><strong>illis</strong></span> <span class='ocrx_word' id='word_1_52' title='bbox 703 448 810 482; x_wconf 79' lang='lat' dir='ltr'><strong>(Matth.</strong></span> <span class='ocrx_word' id='word_1_53' title='bbox 828 457 877 481; x_wconf 81' lang='lat' dir='ltr'><strong>vlt,</strong></span> <span class='ocrx_word' id='word_1_54' title='bbox 892 449 952 482; x_wconf 67' lang='lat' dir='ltr'><strong>i2);</strong></span> 
     </span>
    </p>
   </div>
   <div class='ocr_carea' id='block_1_9' title="bbox 162 493 953 531">
    <p class='ocr_par' dir='ltr' id='par_1_9' title="bbox 162 493 953 531">
     <span class='ocr_line' id='line_1_9' title="bbox 162 493 953 531; baseline 0.004 -12"><span class='ocrx_word' id='word_1_55' title='bbox 162 498 365 528; x_wconf 81' lang='lat' dir='ltr'><strong>consequenter</strong></span> <span class='ocrx_word' id='word_1_56' title='bbox 385 497 412 520; x_wconf 85' lang='lat' dir='ltr'><strong>et</strong></span> <span class='ocrx_word' id='word_1_57' title='bbox 437 493 501 520; x_wconf 86' lang='lat' dir='ltr'><strong>illud</strong></span> <span class='ocrx_word' id='word_1_58' title='bbox 524 494 550 520; x_wconf 91' lang='lat' dir='ltr'><strong>in</strong></span> <span class='ocrx_word' id='word_1_59' title='bbox 581 494 722 522; x_wconf 81' lang='lat' dir='ltr'><strong>Dominico</strong></span> <span class='ocrx_word' id='word_1_60' title='bbox 740 499 875 531; x_wconf 72' lang='lat' dir='ltr'><strong>prmcepto</strong></span> <span class='ocrx_word' id='word_1_61' title='bbox 897 501 953 524; x_wconf 89' lang='lat' dir='ltr'><strong>sta-</strong></span> 
     </span>
    </p>
   </div>
   <div class='ocr_carea' id='block_1_10' title="bbox 163 539 954 578">
    <p class='ocr_par' dir='ltr' id='par_1_10' title="bbox 163 539 954 578">
     <span class='ocr_line' id='line_1_10' title="bbox 163 539 954 578; baseline 0.006 -13"><span class='ocrx_word' id='word_1_62' title='bbox 163 539 260 572; x_wconf 77' lang='lat' dir='ltr'><strong>tuitur,</strong></span> <span class='ocrx_word' id='word_1_63' title='bbox 279 539 394 570; x_wconf 84' lang='lat' dir='ltr'><strong>scilicet.</strong></span> <span class='ocrx_word' id='word_1_64' title='bbox 412 541 503 567; x_wconf 89' lang='lat' dir='ltr'><strong>omnia</strong></span> <span class='ocrx_word' id='word_1_65' title='bbox 515 549 684 576; x_wconf 70' lang='lat' dir='ltr'><strong>qumrunque</strong></span> <span class='ocrx_word' id='word_1_66' title='bbox 695 542 787 570; x_wconf 85' lang='lat' dir='ltr'><strong>nolitis</strong></span> <span class='ocrx_word' id='word_1_67' title='bbox 803 550 817 569; x_wconf 93' lang='lat' dir='ltr'><strong>a</strong></span> <span class='ocrx_word' id='word_1_68' title='bbox 831 543 954 578; x_wconf 84' lang='lat' dir='ltr'><strong>proximo</strong></span> 
     </span>
    </p>
   </div>
   <div class='ocr_carea' id='block_1_11' title="bbox 164 586 954 623">
    <p class='ocr_par' dir='ltr' id='par_1_11' title="bbox 164 586 954 623">
     <span class='ocr_line' id='line_1_11' title="bbox 164 586 954 623; baseline 0.004 -11"><span class='ocrx_word' id='word_1_69' title='bbox 164 586 221 613; x_wconf 84' lang='lat' dir='ltr'><strong>ﬁeri</strong></span> <span class='ocrx_word' id='word_1_70' title='bbox 236 586 323 618; x_wconf 83' lang='lat' dir='ltr'><strong>vobis,</strong></span> <span class='ocrx_word' id='word_1_71' title='bbox 346 594 396 613; x_wconf 88' lang='lat' dir='ltr'><strong>nec</strong></span> <span class='ocrx_word' id='word_1_72' title='bbox 421 594 469 614; x_wconf 84' lang='lat' dir='ltr'><strong>vos</strong></span> <span class='ocrx_word' id='word_1_73' title='bbox 493 587 573 614; x_wconf 81' lang='lat' dir='ltr'><strong>facite</strong></span> <span class='ocrx_word' id='word_1_74' title='bbox 592 588 656 615; x_wconf 89' lang='lat' dir='ltr'><strong>illis.</strong></span> <span class='ocrx_word' id='word_1_75' title='bbox 672 588 770 615; x_wconf 84' lang='lat' dir='ltr'><strong>Adhuc</strong></span> <span class='ocrx_word' id='word_1_76' title='bbox 784 593 811 616; x_wconf 91' lang='lat' dir='ltr'><strong>et</strong></span> <span class='ocrx_word' id='word_1_77' title='bbox 826 593 888 623; x_wconf 89' lang='lat' dir='ltr'><strong>post</strong></span> <span class='ocrx_word' id='word_1_78' title='bbox 903 588 954 615; x_wconf 91' lang='lat' dir='ltr'><strong>hoc</strong></span> 
     </span>
    </p>
   </div>
   <div class='ocr_carea' id='block_1_12' title="bbox 166 632 954 670">
    <p class='ocr_par' dir='ltr' id='par_1_12' title="bbox 166 632 954 670">
     <span class='ocr_line' id='line_1_12' title="bbox 166 632 954 670; baseline 0.005 -12"><span class='ocrx_word' id='word_1_79' title='bbox 166 632 298 659; x_wconf 76' lang='lat' dir='ltr'><strong>bonitatis</strong></span> <span class='ocrx_word' id='word_1_80' title='bbox 312 633 447 659; x_wconf 77' lang='lat' dir='ltr'><strong>sententia</strong></span> <span class='ocrx_word' id='word_1_81' title='bbox 465 633 550 668; x_wconf 79' lang='lat' dir='ltr'><strong>magis</strong></span> <span class='ocrx_word' id='word_1_82' title='bbox 566 634 723 661; x_wconf 75' lang='lat' dir='ltr'><strong>abbreviata</strong></span> <span class='ocrx_word' id='word_1_83' title='bbox 738 638 802 662; x_wconf 90' lang='lat' dir='ltr'><strong>sunt</strong></span> <span class='ocrx_word' id='word_1_84' title='bbox 812 635 954 670; x_wconf 81' lang='lat' dir='ltr'><strong>passiones</strong></span> 
     </span>
    </p>
   </div>
   <div class='ocr_carea' id='block_1_13' title="bbox 166 678 954 716">
    <p class='ocr_par' dir='ltr' id='par_1_13' title="bbox 166 678 954 716">
     <span class='ocr_line' id='line_1_13' title="bbox 166 678 954 716; baseline 0.004 -12"><span class='ocrx_word' id='word_1_85' title='bbox 166 678 268 705; x_wconf 79' lang='lat' dir='ltr'><strong>Christi</strong></span> <span class='ocrx_word' id='word_1_86' title='bbox 285 686 354 713; x_wconf 90' lang='lat' dir='ltr'><strong>quas</strong></span> <span class='ocrx_word' id='word_1_87' title='bbox 372 684 482 714; x_wconf 89' lang='lat' dir='ltr'><strong>propter</strong></span> <span class='ocrx_word' id='word_1_88' title='bbox 502 688 553 707; x_wconf 90' lang='lat' dir='ltr'><strong>nos</strong></span> <span class='ocrx_word' id='word_1_89' title='bbox 568 680 658 707; x_wconf 88' lang='lat' dir='ltr'><strong>adhuc</strong></span> <span class='ocrx_word' id='word_1_90' title='bbox 685 681 783 715; x_wconf 90' lang='lat' dir='ltr'><strong>impios</strong></span> <span class='ocrx_word' id='word_1_91' title='bbox 809 689 954 716; x_wconf 82' lang='lat' dir='ltr'><strong>perpessus</strong></span> 
     </span>
    </p>
   </div>
   <div class='ocr_carea' id='block_1_14' title="bbox 166 727 956 762">
    <p class='ocr_par' dir='ltr' id='par_1_14' title="bbox 166 727 956 762">
     <span class='ocr_line' id='line_1_14' title="bbox 166 727 956 762; baseline 0.006 -11"><span class='ocrx_word' id='word_1_92' title='bbox 166 728 248 756; x_wconf 77' lang='lat' dir='ltr'><strong>est,et</strong></span> <span class='ocrx_word' id='word_1_93' title='bbox 262 733 433 761; x_wconf 65' lang='lat' dir='ltr'><strong>quaecunque</strong></span> <span class='ocrx_word' id='word_1_94' title='bbox 457 728 604 762; x_wconf 88' lang='lat' dir='ltr'><strong>opprobria</strong></span> <span class='ocrx_word' id='word_1_95' title='bbox 625 731 653 754; x_wconf 91' lang='lat' dir='ltr'><strong>et</strong></span> <span class='ocrx_word' id='word_1_96' title='bbox 680 728 793 755; x_wconf 87' lang='lat' dir='ltr'><strong>vulnera</strong></span> <span class='ocrx_word' id='word_1_97' title='bbox 819 727 846 754; x_wconf 90' lang='lat' dir='ltr'><strong>in</strong></span> <span class='ocrx_word' id='word_1_98' title='bbox 873 736 956 756; x_wconf 86' lang='lat' dir='ltr'><strong>cruce</strong></span> 
     </span>
    </p>
   </div>
   <div class='ocr_carea' id='block_1_15' title="bbox 165 770 954 809">
    <p class='ocr_par' dir='ltr' id='par_1_15' title="bbox 165 770 954 809">
     <span class='ocr_line' id='line_1_15' title="bbox 165 770 954 809; baseline 0.008 -13"><span class='ocrx_word' id='word_1_99' title='bbox 165 770 245 804; x_wconf 84' lang='lat' dir='ltr'><strong>tulit;</strong></span> <span class='ocrx_word' id='word_1_100' title='bbox 259 779 319 806; x_wconf 75' lang='lat' dir='ltr'><strong>qua:</strong></span> <span class='ocrx_word' id='word_1_101' title='bbox 333 772 380 806; x_wconf 89' lang='lat' dir='ltr'><strong>qui</strong></span> <span class='ocrx_word' id='word_1_102' title='bbox 410 772 437 799; x_wconf 95' lang='lat' dir='ltr'><strong>in</strong></span> <span class='ocrx_word' id='word_1_103' title='bbox 461 773 591 800; x_wconf 83' lang='lat' dir='ltr'><strong>memoria</strong></span> <span class='ocrx_word' id='word_1_104' title='bbox 619 774 702 801; x_wconf 83' lang='lat' dir='ltr'><strong>habet</strong></span> <span class='ocrx_word' id='word_1_105' title='bbox 725 781 834 809; x_wconf 84' lang='lat' dir='ltr'><strong>semper</strong></span> <span class='ocrx_word' id='word_1_106' title='bbox 846 778 872 802; x_wconf 90' lang='lat' dir='ltr'><strong>et</strong></span> <span class='ocrx_word' id='word_1_107' title='bbox 890 779 954 802; x_wconf 86' lang='lat' dir='ltr'><strong>ante</strong></span> 
     </span>
    </p>
   </div>
   <div class='ocr_carea' id='block_1_16' title="bbox 168 817 956 852">
    <p class='ocr_par' dir='ltr' id='par_1_16' title="bbox 168 817 956 852">
     <span class='ocr_line' id='line_1_16' title="bbox 168 817 956 852; baseline 0.008 -10"><span class='ocrx_word' id='word_1_108' title='bbox 168 817 263 843; x_wconf 86' lang='lat' dir='ltr'><strong>oculos</strong></span> <span class='ocrx_word' id='word_1_109' title='bbox 278 817 329 844; x_wconf 91' lang='lat' dir='ltr'><strong>sibi</strong></span> <span class='ocrx_word' id='word_1_110' title='bbox 345 819 492 852; x_wconf 86' lang='lat' dir='ltr'><strong>proponit;</strong></span> <span class='ocrx_word' id='word_1_111' title='bbox 507 819 582 846; x_wconf 83' lang='lat' dir='ltr'><strong>luitis</strong></span> <span class='ocrx_word' id='word_1_112' title='bbox 593 820 706 847; x_wconf 84' lang='lat' dir='ltr'><strong>elTectus</strong></span> <span class='ocrx_word' id='word_1_113' title='bbox 716 825 743 847; x_wconf 91' lang='lat' dir='ltr'><strong>et</strong></span> <span class='ocrx_word' id='word_1_114' title='bbox 755 821 825 847; x_wconf 90' lang='lat' dir='ltr'><strong>mala</strong></span> <span class='ocrx_word' id='word_1_115' title='bbox 838 821 956 848; x_wconf 81' lang='lat' dir='ltr'><strong>tolerare</strong></span> 
     </span>
    </p>
   </div>
   <div class='ocr_carea' id='block_1_17' title="bbox 166 863 955 901">
    <p class='ocr_par' dir='ltr' id='par_1_17' title="bbox 166 863 955 901">
     <span class='ocr_line' id='line_1_17' title="bbox 166 863 955 901; baseline 0.008 -14"><span class='ocrx_word' id='word_1_116' title='bbox 166 867 278 896; x_wconf 78' lang='lat' dir='ltr'><strong>paratus</strong></span> <span class='ocrx_word' id='word_1_117' title='bbox 303 863 336 890; x_wconf 81' lang='lat' dir='ltr'><strong>ad</strong></span> <span class='ocrx_word' id='word_1_118' title='bbox 361 864 521 892; x_wconf 85' lang='lat' dir='ltr'><strong>cbaritatem</strong></span> <span class='ocrx_word' id='word_1_119' title='bbox 538 873 602 900; x_wconf 76' lang='lat' dir='ltr'><strong>erga</strong></span> <span class='ocrx_word' id='word_1_120' title='bbox 624 867 778 901; x_wconf 56' lang='lat' dir='ltr'><strong>proximum</strong></span> <span class='ocrx_word' id='word_1_121' title='bbox 792 871 819 894; x_wconf 88' lang='lat' dir='ltr'><strong>et</strong></span> <span class='ocrx_word' id='word_1_122' title='bbox 832 866 955 895; x_wconf 83' lang='lat' dir='ltr'><strong>dilectio—</strong></span> 
     </span>
    </p>
   </div>
   <div class='ocr_carea' id='block_1_18' title="bbox 167 909 525 938">
    <p class='ocr_par' dir='ltr' id='par_1_18' title="bbox 167 909 525 938">
     <span class='ocr_line' id='line_1_18' title="bbox 167 909 525 938; baseline 0.011 -5"><span class='ocrx_word' id='word_1_123' title='bbox 167 916 228 935; x_wconf 81' lang='lat' dir='ltr'><strong>nent</strong></span> <span class='ocrx_word' id='word_1_124' title='bbox 241 909 367 936; x_wconf 87' lang='lat' dir='ltr'><strong>similiter</strong></span> <span class='ocrx_word' id='word_1_125' title='bbox 379 910 525 938; x_wconf 61' lang='lat' dir='ltr'><strong>excitatur.</strong></span> 
     </span>
    </p>
   </div>
   <div class='ocr_carea' id='block_1_19' title="bbox 170 994 789 1030">
    <p class='ocr_par' dir='ltr' id='par_1_19' title="bbox 170 994 789 1030">
     <span class='ocr_line' id='line_1_19' title="bbox 170 994 789 1030; baseline 0.005 -9"><span class='ocrx_word' id='word_1_126' title='bbox 170 995 220 1021; x_wconf 89' lang='lat' dir='ltr'><strong>l77</strong></span> <span class='ocrx_word' id='word_1_127' title='bbox 239 994 328 1022; x_wconf 82' lang='lat' dir='ltr'><strong>Fidcli</strong></span> <span class='ocrx_word' id='word_1_128' title='bbox 341 997 427 1023; x_wconf 83' lang='lat' dir='ltr'><strong>amico</strong></span> <span class='ocrx_word' id='word_1_129' title='bbox 442 997 508 1023; x_wconf 85' lang='lat' dir='ltr'><strong>nihil</strong></span> <span class='ocrx_word' id='word_1_130' title='bbox 521 1004 572 1030; x_wconf 88' lang='lat' dir='ltr'><strong>par</strong></span> <span class='ocrx_word' id='word_1_131' title='bbox 584 1005 640 1024; x_wconf 76' lang='lat' dir='ltr'><strong>esse</strong></span> <span class='ocrx_word' id='word_1_132' title='bbox 655 997 789 1024; x_wconf 72' lang='lat' dir='ltr'><strong>existima.</strong></span> 
     </span>
    </p>
   </div>
   <div class='ocr_carea' id='block_1_20' title="bbox 204 1041 956 1078">
    <p class='ocr_par' dir='ltr' id='par_1_20' title="bbox 204 1041 956 1078">
     <span class='ocr_line' id='line_1_20' title="bbox 204 1041 956 1078; baseline 0.007 -10"><span class='ocrx_word' id='word_1_133' title='bbox 204 1041 314 1070; x_wconf 80' lang='lat' dir='ltr'><strong>Venalis</strong></span> <span class='ocrx_word' id='word_1_134' title='bbox 327 1048 368 1070; x_wconf 89' lang='lat' dir='ltr'><strong>est</strong></span> <span class='ocrx_word' id='word_1_135' title='bbox 383 1043 488 1070; x_wconf 84' lang='lat' dir='ltr'><strong>amicus</strong></span> <span class='ocrx_word' id='word_1_136' title='bbox 505 1052 604 1071; x_wconf 74' lang='lat' dir='ltr'><strong>mens-ae</strong></span> <span class='ocrx_word' id='word_1_137' title='bbox 621 1048 646 1070; x_wconf 76' lang='lat' dir='ltr'><strong>et</strong></span> <span class='ocrx_word' id='word_1_138' title='bbox 661 1045 763 1078; x_wconf 80' lang='lat' dir='ltr'><strong>gaudii,</strong></span> <span class='ocrx_word' id='word_1_139' title='bbox 781 1045 832 1072; x_wconf 90' lang='lat' dir='ltr'><strong>iste</strong></span> <span class='ocrx_word' id='word_1_140' title='bbox 847 1045 956 1073; x_wconf 88' lang='lat' dir='ltr'><strong>inﬁdus.</strong></span> 
     </span>
    </p>
   </div>
   <div class='ocr_carea' id='block_1_21' title="bbox 167 1085 958 1128">
    <p class='ocr_par' dir='ltr' id='par_1_21' title="bbox 167 1085 958 1128">
     <span class='ocr_line' id='line_1_21' title="bbox 167 1085 958 1128; baseline 0.008 -15"><span class='ocrx_word' id='word_1_141' title='bbox 167 1085 227 1113; x_wconf 80' lang='lat' dir='ltr'><strong>Jam</strong></span> <span class='ocrx_word' id='word_1_142' title='bbox 246 1087 390 1115; x_wconf 86' lang='lat' dir='ltr'><strong>deﬁciente</strong></span> <span class='ocrx_word' id='word_1_143' title='bbox 418 1090 537 1116; x_wconf 78' lang='lat' dir='ltr'><strong>convivii</strong></span> <span class='ocrx_word' id='word_1_144' title='bbox 560 1090 734 1124; x_wconf 87' lang='lat' dir='ltr'><strong>jucunditate</strong></span> <span class='ocrx_word' id='word_1_145' title='bbox 759 1095 785 1118; x_wconf 90' lang='lat' dir='ltr'><strong>et</strong></span> <span class='ocrx_word' id='word_1_146' title='bbox 810 1093 958 1128; x_wconf 85' lang='lat' dir='ltr'><strong>voluptatis</strong></span> 
     </span>
    </p>
   </div>
   <div class='ocr_carea' id='block_1_22' title="bbox 167 1133 959 1174">
    <p class='ocr_par' dir='ltr' id='par_1_22' title="bbox 167 1133 959 1174">
     <span class='ocr_line' id='line_1_22' title="bbox 167 1133 959 1174; baseline 0.009 -15"><span class='ocrx_word' id='word_1_147' title='bbox 167 1133 331 1161; x_wconf 82' lang='lat' dir='ltr'><strong>deiectantis</strong></span> <span class='ocrx_word' id='word_1_148' title='bbox 345 1138 373 1161; x_wconf 87' lang='lat' dir='ltr'><strong>et</strong></span> <span class='ocrx_word' id='word_1_149' title='bbox 395 1135 453 1169; x_wconf 86' lang='lat' dir='ltr'><strong>ipse</strong></span> <span class='ocrx_word' id='word_1_150' title='bbox 468 1135 569 1163; x_wconf 82' lang='lat' dir='ltr'><strong>deﬁcit.</strong></span> <span class='ocrx_word' id='word_1_151' title='bbox 590 1136 637 1163; x_wconf 85' lang='lat' dir='ltr'><strong>Est</strong></span> <span class='ocrx_word' id='word_1_152' title='bbox 653 1137 759 1165; x_wconf 86' lang='lat' dir='ltr'><strong>amicus</strong></span> <span class='ocrx_word' id='word_1_153' title='bbox 784 1146 864 1172; x_wconf 89' lang='lat' dir='ltr'><strong>quetu</strong></span> <span class='ocrx_word' id='word_1_154' title='bbox 895 1147 959 1174; x_wconf 78' lang='lat' dir='ltr'><strong>ege-</strong></span> 
     </span>
    </p>
   </div>
   <div class='ocr_carea' id='block_1_23' title="bbox 169 1179 959 1215">
    <p class='ocr_par' dir='ltr' id='par_1_23' title="bbox 169 1179 959 1215">
     <span class='ocr_line' id='line_1_23' title="bbox 169 1179 959 1215; baseline 0.006 -10"><span class='ocrx_word' id='word_1_155' title='bbox 169 1185 226 1206; x_wconf 78' lang='lat' dir='ltr'><strong>stas</strong></span> <span class='ocrx_word' id='word_1_156' title='bbox 238 1179 352 1206; x_wconf 84' lang='lat' dir='ltr'><strong>attrahit</strong></span> <span class='ocrx_word' id='word_1_157' title='bbox 366 1184 392 1207; x_wconf 88' lang='lat' dir='ltr'><strong>et</strong></span> <span class='ocrx_word' id='word_1_158' title='bbox 408 1180 442 1207; x_wconf 88' lang='lat' dir='ltr'><strong>ad</strong></span> <span class='ocrx_word' id='word_1_159' title='bbox 457 1181 534 1215; x_wconf 78' lang='lat' dir='ltr'><strong>juxta</strong></span> <span class='ocrx_word' id='word_1_160' title='bbox 553 1182 701 1209; x_wconf 88' lang='lat' dir='ltr'><strong>sedendum</strong></span> <span class='ocrx_word' id='word_1_161' title='bbox 715 1183 810 1214; x_wconf 74' lang='lat' dir='ltr'><strong>allicit,</strong></span> <span class='ocrx_word' id='word_1_162' title='bbox 821 1183 920 1210; x_wconf 89' lang='lat' dir='ltr'><strong>inﬁdus</strong></span> <span class='ocrx_word' id='word_1_163' title='bbox 932 1187 959 1210; x_wconf 92' lang='lat' dir='ltr'><strong>et</strong></span> 
     </span>
    </p>
   </div>
   <div class='ocr_carea' id='block_1_24' title="bbox 170 1225 957 1261">
    <p class='ocr_par' dir='ltr' id='par_1_24' title="bbox 170 1225 957 1261">
     <span class='ocr_line' id='line_1_24' title="bbox 170 1225 957 1261; baseline 0.006 -11"><span class='ocrx_word' id='word_1_164' title='bbox 170 1225 232 1256; x_wconf 86' lang='lat' dir='ltr'><strong>iste,</strong></span> <span class='ocrx_word' id='word_1_165' title='bbox 248 1229 369 1259; x_wconf 76' lang='lat' dir='ltr'><strong>egestate</strong></span> <span class='ocrx_word' id='word_1_166' title='bbox 380 1227 452 1252; x_wconf 90' lang='lat' dir='ltr'><strong>enim</strong></span> <span class='ocrx_word' id='word_1_167' title='bbox 468 1226 585 1254; x_wconf 82' lang='lat' dir='ltr'><strong>abeunte</strong></span> <span class='ocrx_word' id='word_1_168' title='bbox 601 1233 627 1253; x_wconf 85' lang='lat' dir='ltr'><strong>et</strong></span> <span class='ocrx_word' id='word_1_169' title='bbox 647 1227 706 1261; x_wconf 89' lang='lat' dir='ltr'><strong>ipse</strong></span> <span class='ocrx_word' id='word_1_170' title='bbox 720 1227 865 1254; x_wconf 84' lang='lat' dir='ltr'><strong>confestim</strong></span> <span class='ocrx_word' id='word_1_171' title='bbox 881 1228 957 1255; x_wconf 90' lang='lat' dir='ltr'><strong>abiit.</strong></span> 
     </span>
    </p>
   </div>
   <div class='ocr_carea' id='block_1_25' title="bbox 170 1269 960 1307">
    <p class='ocr_par' dir='ltr' id='par_1_25' title="bbox 170 1269 960 1307">
     <span class='ocr_line' id='line_1_25' title="bbox 170 1269 960 1307; baseline 0.006 -11"><span class='ocrx_word' id='word_1_172' title='bbox 170 1269 219 1297; x_wconf 77' lang='lat' dir='ltr'><strong>llis</strong></span> <span class='ocrx_word' id='word_1_173' title='bbox 241 1271 446 1304; x_wconf 60' lang='lat' dir='ltr'><strong>praetermissis,</strong></span> <span class='ocrx_word' id='word_1_174' title='bbox 463 1276 505 1298; x_wconf 85' lang='lat' dir='ltr'><strong>est</strong></span> <span class='ocrx_word' id='word_1_175' title='bbox 525 1273 628 1300; x_wconf 91' lang='lat' dir='ltr'><strong>amicus</strong></span> <span class='ocrx_word' id='word_1_176' title='bbox 654 1277 764 1307; x_wconf 83' lang='lat' dir='ltr'><strong>propter</strong></span> <span class='ocrx_word' id='word_1_177' title='bbox 778 1274 903 1300; x_wconf 69' lang='lat' dir='ltr'><strong>virtutem</strong></span> <span class='ocrx_word' id='word_1_178' title='bbox 932 1279 960 1301; x_wconf 90' lang='lat' dir='ltr'><strong>et</strong></span> 
     </span>
    </p>
   </div>
   <div class='ocr_carea' id='block_1_26' title="bbox 173 1316 959 1353">
    <p class='ocr_par' dir='ltr' id='par_1_26' title="bbox 173 1316 959 1353">
     <span class='ocr_line' id='line_1_26' title="bbox 173 1316 959 1353; baseline 0.005 -11"><span class='ocrx_word' id='word_1_179' title='bbox 173 1316 218 1343; x_wconf 84' lang='lat' dir='ltr'><strong>Dei</strong></span> <span class='ocrx_word' id='word_1_180' title='bbox 241 1317 355 1344; x_wconf 88' lang='lat' dir='ltr'><strong>verbum</strong></span> <span class='ocrx_word' id='word_1_181' title='bbox 381 1318 507 1350; x_wconf 81' lang='lat' dir='ltr'><strong>obvians,</strong></span> <span class='ocrx_word' id='word_1_182' title='bbox 534 1319 585 1346; x_wconf 88' lang='lat' dir='ltr'><strong>iste</strong></span> <span class='ocrx_word' id='word_1_183' title='bbox 611 1319 681 1346; x_wconf 89' lang='lat' dir='ltr'><strong>ﬁdus</strong></span> <span class='ocrx_word' id='word_1_184' title='bbox 699 1326 779 1353; x_wconf 90' lang='lat' dir='ltr'><strong>quem</strong></span> <span class='ocrx_word' id='word_1_185' title='bbox 797 1327 849 1346; x_wconf 88' lang='lat' dir='ltr'><strong>non</strong></span> <span class='ocrx_word' id='word_1_186' title='bbox 867 1327 959 1347; x_wconf 84' lang='lat' dir='ltr'><strong>mensa</strong></span> 
     </span>
    </p>
   </div>
   <div class='ocr_carea' id='block_1_27' title="bbox 169 1363 959 1400">
    <p class='ocr_par' dir='ltr' id='par_1_27' title="bbox 169 1363 959 1400">
     <span class='ocr_line' id='line_1_27' title="bbox 169 1363 959 1400; baseline 0.003 -12"><span class='ocrx_word' id='word_1_187' title='bbox 169 1367 219 1389; x_wconf 87' lang='lat' dir='ltr'><strong>aut</strong></span> <span class='ocrx_word' id='word_1_188' title='bbox 237 1364 425 1390; x_wconf 89' lang='lat' dir='ltr'><strong>conviviorum</strong></span> <span class='ocrx_word' id='word_1_189' title='bbox 450 1363 578 1390; x_wconf 87' lang='lat' dir='ltr'><strong>illecebra</strong></span> <span class='ocrx_word' id='word_1_190' title='bbox 601 1365 720 1392; x_wconf 77' lang='lat' dir='ltr'><strong>ostendit</strong></span> <span class='ocrx_word' id='word_1_191' title='bbox 737 1363 801 1399; x_wconf 88' lang='lat' dir='ltr'><strong>(hoc</strong></span> <span class='ocrx_word' id='word_1_192' title='bbox 817 1365 959 1400; x_wconf 81' lang='lat' dir='ltr'><strong>scyphus),</strong></span> 
     </span>
    </p>
   </div>
   <div class='ocr_carea' id='block_1_28' title="bbox 171 1409 959 1445">
    <p class='ocr_par' dir='ltr' id='par_1_28' title="bbox 171 1409 959 1445">
     <span class='ocr_line' id='line_1_28' title="bbox 171 1409 959 1445; baseline 0.003 -10"><span class='ocrx_word' id='word_1_193' title='bbox 171 1409 218 1443; x_wconf 90' lang='lat' dir='ltr'><strong>qui</strong></span> <span class='ocrx_word' id='word_1_194' title='bbox 242 1417 296 1436; x_wconf 92' lang='lat' dir='ltr'><strong>non</strong></span> <span class='ocrx_word' id='word_1_195' title='bbox 323 1410 452 1444; x_wconf 80' lang='lat' dir='ltr'><strong>egestatis</strong></span> <span class='ocrx_word' id='word_1_196' title='bbox 478 1418 562 1437; x_wconf 74' lang='lat' dir='ltr'><strong>causa</strong></span> <span class='ocrx_word' id='word_1_197' title='bbox 591 1411 715 1438; x_wconf 86' lang='lat' dir='ltr'><strong>assidens</strong></span> <span class='ocrx_word' id='word_1_198' title='bbox 741 1414 767 1438; x_wconf 87' lang='lat' dir='ltr'><strong>et</strong></span> <span class='ocrx_word' id='word_1_199' title='bbox 797 1412 959 1445; x_wconf 83' lang='lat' dir='ltr'><strong>parasitaus,</strong></span> 
     </span>
    </p>
   </div>
   <div class='ocr_carea' id='block_1_29' title="bbox 171 1456 960 1491">
    <p class='ocr_par' dir='ltr' id='par_1_29' title="bbox 171 1456 960 1491">
     <span class='ocr_line' id='line_1_29' title="bbox 171 1456 960 1491; baseline 0.004 -10"><span class='ocrx_word' id='word_1_200' title='bbox 171 1463 343 1490; x_wconf 72' lang='lat' dir='ltr'><strong>qumcunque</strong></span> <span class='ocrx_word' id='word_1_201' title='bbox 359 1456 391 1482; x_wconf 84' lang='lat' dir='ltr'><strong>ad</strong></span> <span class='ocrx_word' id='word_1_202' title='bbox 408 1457 523 1491; x_wconf 75' lang='lat' dir='ltr'><strong>gratiam</strong></span> <span class='ocrx_word' id='word_1_203' title='bbox 541 1461 567 1483; x_wconf 87' lang='lat' dir='ltr'><strong>et</strong></span> <span class='ocrx_word' id='word_1_204' title='bbox 581 1457 656 1483; x_wconf 84' lang='lat' dir='ltr'><strong>auris</strong></span> <span class='ocrx_word' id='word_1_205' title='bbox 679 1457 844 1484; x_wconf 73' lang='lat' dir='ltr'><strong>lenocinium</strong></span> <span class='ocrx_word' id='word_1_206' title='bbox 862 1465 960 1484; x_wconf 75' lang='lat' dir='ltr'><strong>vanum</strong></span> 
     </span>
    </p>
   </div>
   <div class='ocr_carea' id='block_1_30' title="bbox 171 1502 961 1538">
    <p class='ocr_par' dir='ltr' id='par_1_30' title="bbox 171 1502 961 1538">
     <span class='ocr_line' id='line_1_30' title="bbox 171 1502 961 1538; baseline 0.001 -10"><span class='ocrx_word' id='word_1_207' title='bbox 171 1509 235 1528; x_wconf 78' lang='lat' dir='ltr'><strong>cum</strong></span> <span class='ocrx_word' id='word_1_208' title='bbox 253 1502 288 1528; x_wconf 91' lang='lat' dir='ltr'><strong>iis</strong></span> <span class='ocrx_word' id='word_1_209' title='bbox 304 1502 350 1536; x_wconf 87' lang='lat' dir='ltr'><strong>qui</strong></span> <span class='ocrx_word' id='word_1_210' title='bbox 367 1502 455 1537; x_wconf 89' lang='lat' dir='ltr'><strong>ipsum</strong></span> <span class='ocrx_word' id='word_1_211' title='bbox 468 1502 594 1537; x_wconf 80' lang='lat' dir='ltr'><strong>diligunt,</strong></span> <span class='ocrx_word' id='word_1_212' title='bbox 611 1508 806 1536; x_wconf 84' lang='lat' dir='ltr'><strong>conversatur;</strong></span> <span class='ocrx_word' id='word_1_213' title='bbox 821 1504 867 1531; x_wconf 83' lang='lat' dir='ltr'><strong>sed</strong></span> <span class='ocrx_word' id='word_1_214' title='bbox 885 1512 961 1538; x_wconf 76' lang='lat' dir='ltr'><strong>quze-</strong></span> 
     </span>
    </p>
   </div>
   <div class='ocr_carea' id='block_1_31' title="bbox 171 1548 960 1583">
    <p class='ocr_par' dir='ltr' id='par_1_31' title="bbox 171 1548 960 1583">
     <span class='ocr_line' id='line_1_31' title="bbox 171 1548 960 1583; baseline 0.004 -10"><span class='ocrx_word' id='word_1_215' title='bbox 171 1555 280 1582; x_wconf 83' lang='lat' dir='ltr'><strong>eunque</strong></span> <span class='ocrx_word' id='word_1_216' title='bbox 302 1548 378 1574; x_wconf 89' lang='lat' dir='ltr'><strong>utilia</strong></span> <span class='ocrx_word' id='word_1_217' title='bbox 406 1554 480 1581; x_wconf 84' lang='lat' dir='ltr'><strong>sunt,</strong></span> <span class='ocrx_word' id='word_1_218' title='bbox 505 1556 676 1583; x_wconf 54' lang='lat' dir='ltr'><strong>quacunque</strong></span> <span class='ocrx_word' id='word_1_219' title='bbox 692 1549 792 1576; x_wconf 85' lang='lat' dir='ltr'><strong>decent</strong></span> <span class='ocrx_word' id='word_1_220' title='bbox 817 1554 843 1576; x_wconf 89' lang='lat' dir='ltr'><strong>et</strong></span> <span class='ocrx_word' id='word_1_221' title='bbox 868 1557 960 1576; x_wconf 87' lang='lat' dir='ltr'><strong>coram</strong></span> 
     </span>
    </p>
   </div>
   <div class='ocr_carea' id='block_1_32' title="bbox 176 1593 962 1629">
    <p class='ocr_par' dir='ltr' id='par_1_32' title="bbox 176 1593 962 1629">
     <span class='ocr_line' id='line_1_32' title="bbox 176 1593 962 1629; baseline 0.003 -10"><span class='ocrx_word' id='word_1_222' title='bbox 176 1593 229 1620; x_wconf 87' lang='lat' dir='ltr'><strong>Deo</strong></span> <span class='ocrx_word' id='word_1_223' title='bbox 244 1594 394 1628; x_wconf 65' lang='lat' dir='ltr'><strong>expediunt</strong></span> <span class='ocrx_word' id='word_1_224' title='bbox 415 1594 547 1621; x_wconf 88' lang='lat' dir='ltr'><strong>consulit.</strong></span> <span class='ocrx_word' id='word_1_225' title='bbox 579 1594 628 1621; x_wconf 90' lang='lat' dir='ltr'><strong>llic</strong></span> <span class='ocrx_word' id='word_1_226' title='bbox 651 1595 757 1621; x_wconf 79' lang='lat' dir='ltr'><strong>amicus</strong></span> <span class='ocrx_word' id='word_1_227' title='bbox 785 1594 854 1622; x_wconf 86' lang='lat' dir='ltr'><strong>ﬁdus</strong></span> <span class='ocrx_word' id='word_1_228' title='bbox 882 1603 962 1629; x_wconf 85' lang='lat' dir='ltr'><strong>quem</strong></span> 
     </span>
    </p>
   </div>
   <div class='ocr_carea' id='block_1_33' title="bbox 174 1639 963 1675">
    <p class='ocr_par' dir='ltr' id='par_1_33' title="bbox 174 1639 963 1675">
     <span class='ocr_line' id='line_1_33' title="bbox 174 1639 963 1675; baseline 0.004 -11"><span class='ocrx_word' id='word_1_229' title='bbox 174 1642 324 1673; x_wconf 77' lang='lat' dir='ltr'><strong>tempestas</strong></span> <span class='ocrx_word' id='word_1_230' title='bbox 339 1643 367 1665; x_wconf 84' lang='lat' dir='ltr'><strong>et</strong></span> <span class='ocrx_word' id='word_1_231' title='bbox 390 1639 504 1666; x_wconf 88' lang='lat' dir='ltr'><strong>tentatio</strong></span> <span class='ocrx_word' id='word_1_232' title='bbox 528 1643 575 1666; x_wconf 86' lang='lat' dir='ltr'><strong>aut</strong></span> <span class='ocrx_word' id='word_1_233' title='bbox 599 1644 711 1674; x_wconf 76' lang='lat' dir='ltr'><strong>propter</strong></span> <span class='ocrx_word' id='word_1_234' title='bbox 727 1640 853 1674; x_wconf 76' lang='lat' dir='ltr'><strong>pietatm)</strong></span> <span class='ocrx_word' id='word_1_235' title='bbox 870 1648 963 1675; x_wconf 88' lang='lat' dir='ltr'><strong>perse-</strong></span> 
     </span>
    </p>
   </div>
   <div class='ocr_carea' id='block_1_34' title="bbox 175 1684 964 1720">
    <p class='ocr_par' dir='ltr' id='par_1_34' title="bbox 175 1684 964 1720">
     <span class='ocr_line' id='line_1_34' title="bbox 175 1684 964 1720; baseline 0.004 -11"><span class='ocrx_word' id='word_1_236' title='bbox 175 1684 250 1710; x_wconf 87' lang='lat' dir='ltr'><strong>cutio</strong></span> <span class='ocrx_word' id='word_1_237' title='bbox 270 1684 400 1711; x_wconf 89' lang='lat' dir='ltr'><strong>ostendit.</strong></span> <span class='ocrx_word' id='word_1_238' title='bbox 422 1684 492 1711; x_wconf 85' lang='lat' dir='ltr'><strong>Huic</strong></span> <span class='ocrx_word' id='word_1_239' title='bbox 510 1685 578 1711; x_wconf 89' lang='lat' dir='ltr'><strong>nihil</strong></span> <span class='ocrx_word' id='word_1_240' title='bbox 599 1689 642 1712; x_wconf 85' lang='lat' dir='ltr'><strong>est</strong></span> <span class='ocrx_word' id='word_1_241' title='bbox 667 1685 889 1720; x_wconf 80' lang='lat' dir='ltr'><strong>:cquiparaudum</strong></span> <span class='ocrx_word' id='word_1_242' title='bbox 916 1694 964 1712; x_wconf 81' lang='lat' dir='ltr'><strong>su-</strong></span> 
     </span>
    </p>
   </div>
   <div class='ocr_carea' id='block_1_35' title="bbox 176 1729 963 1764">
    <p class='ocr_par' dir='ltr' id='par_1_35' title="bbox 176 1729 963 1764">
     <span class='ocr_line' id='line_1_35' title="bbox 176 1729 963 1764; baseline 0.004 -9"><span class='ocrx_word' id='word_1_243' title='bbox 176 1736 225 1764; x_wconf 82' lang='lat' dir='ltr'><strong>per</strong></span> <span class='ocrx_word' id='word_1_244' title='bbox 239 1733 353 1761; x_wconf 79' lang='lat' dir='ltr'><strong>terram.</strong></span> <span class='ocrx_word' id='word_1_245' title='bbox 378 1729 446 1756; x_wconf 91' lang='lat' dir='ltr'><strong>nihil</strong></span> <span class='ocrx_word' id='word_1_246' title='bbox 473 1730 662 1757; x_wconf 80' lang='lat' dir='ltr'><strong>ltonorabilius</strong></span> <span class='ocrx_word' id='word_1_247' title='bbox 686 1731 757 1757; x_wconf 89' lang='lat' dir='ltr'><strong>inter</strong></span> <span class='ocrx_word' id='word_1_248' title='bbox 780 1731 963 1764; x_wconf 77' lang='lat' dir='ltr'><strong>honorabilia,</strong></span> 
     </span>
    </p>
   </div>
   <div class='ocr_carea' id='block_1_36' title="bbox 178 1775 966 1811">
    <p class='ocr_par' dir='ltr' id='par_1_36' title="bbox 178 1775 966 1811">
     <span class='ocr_line' id='line_1_36' title="bbox 178 1775 966 1811; baseline 0.004 -11"><span class='ocrx_word' id='word_1_249' title='bbox 178 1775 245 1801; x_wconf 88' lang='lat' dir='ltr'><strong>nihil</strong></span> <span class='ocrx_word' id='word_1_250' title='bbox 264 1775 335 1802; x_wconf 81' lang='lat' dir='ltr'><strong>inter</strong></span> <span class='ocrx_word' id='word_1_251' title='bbox 347 1776 475 1803; x_wconf 85' lang='lat' dir='ltr'><strong>amabilia</strong></span> <span class='ocrx_word' id='word_1_252' title='bbox 492 1777 636 1803; x_wconf 84' lang='lat' dir='ltr'><strong>amabilius</strong></span> <span class='ocrx_word' id='word_1_253' title='bbox 653 1776 733 1811; x_wconf 79' lang='lat' dir='ltr'><strong>digne</strong></span> <span class='ocrx_word' id='word_1_254' title='bbox 746 1781 863 1804; x_wconf 85' lang='lat' dir='ltr'><strong>testante</strong></span> <span class='ocrx_word' id='word_1_255' title='bbox 880 1777 966 1804; x_wconf 88' lang='lat' dir='ltr'><strong>verbo</strong></span> 
     </span>
    </p>
   </div>
   <div class='ocr_carea' id='block_1_37' title="bbox 178 1819 965 1856">
    <p class='ocr_par' dir='ltr' id='par_1_37' title="bbox 178 1819 965 1856">
     <span class='ocr_line' id='line_1_37' title="bbox 178 1819 965 1856; baseline 0.003 -10"><span class='ocrx_word' id='word_1_256' title='bbox 178 1824 286 1847; x_wconf 75' lang='lat' dir='ltr'><strong>sancto.</strong></span> <span class='ocrx_word' id='word_1_257' title='bbox 303 1819 456 1848; x_wconf 67' lang='lat' dir='ltr'><strong>Inimicitiae</strong></span> <span class='ocrx_word' id='word_1_258' title='bbox 471 1821 553 1856; x_wconf 75' lang='lat' dir='ltr'><strong>igitur</strong></span> <span class='ocrx_word' id='word_1_259' title='bbox 579 1828 651 1856; x_wconf 63' lang='lat' dir='ltr'><strong>stepe</strong></span> <span class='ocrx_word' id='word_1_260' title='bbox 666 1829 699 1847; x_wconf 80' lang='lat' dir='ltr'><strong>ex</strong></span> <span class='ocrx_word' id='word_1_261' title='bbox 719 1821 835 1848; x_wconf 87' lang='lat' dir='ltr'><strong>diversis</strong></span> <span class='ocrx_word' id='word_1_262' title='bbox 855 1821 965 1848; x_wconf 88' lang='lat' dir='ltr'><strong>casibus</strong></span> 
     </span>
    </p>
   </div>
   <div class='ocr_carea' id='block_1_38' title="bbox 179 1868 963 1902">
    <p class='ocr_par' dir='ltr' id='par_1_38' title="bbox 179 1868 963 1902">
     <span class='ocr_line' id='line_1_38' title="bbox 179 1868 963 1902; baseline 0.003 -9"><span class='ocrx_word' id='word_1_263' title='bbox 179 1868 409 1902; x_wconf 83' lang='lat' dir='ltr'><strong>supervenientis,</strong></span> <span class='ocrx_word' id='word_1_264' title='bbox 423 1868 532 1902; x_wconf 73' lang='lat' dir='ltr'><strong>regulas</strong></span> <span class='ocrx_word' id='word_1_265' title='bbox 548 1868 659 1902; x_wconf 80' lang='lat' dir='ltr'><strong>dignum</strong></span> <span class='ocrx_word' id='word_1_266' title='bbox 680 1871 722 1894; x_wconf 88' lang='lat' dir='ltr'><strong>est</strong></span> <span class='ocrx_word' id='word_1_267' title='bbox 737 1868 857 1894; x_wconf 83' lang='lat' dir='ltr'><strong>amicitia</strong></span> <span class='ocrx_word' id='word_1_268' title='bbox 873 1876 963 1902; x_wconf 86' lang='lat' dir='ltr'><strong>nosse,</strong></span> 
     </span>
    </p>
   </div>
   <div class='ocr_carea' id='block_1_39' title="bbox 177 1913 966 1949">
    <p class='ocr_par' dir='ltr' id='par_1_39' title="bbox 177 1913 966 1949">
     <span class='ocr_line' id='line_1_39' title="bbox 177 1913 966 1949; baseline 0 -9"><span class='ocrx_word' id='word_1_269' title='bbox 177 1918 205 1941; x_wconf 83' lang='lat' dir='ltr'><strong>et</strong></span> <span class='ocrx_word' id='word_1_270' title='bbox 221 1913 339 1948; x_wconf 89' lang='lat' dir='ltr'><strong>pondere</strong></span> <span class='ocrx_word' id='word_1_271' title='bbox 362 1917 389 1940; x_wconf 87' lang='lat' dir='ltr'><strong>et</strong></span> <span class='ocrx_word' id='word_1_272' title='bbox 412 1918 536 1948; x_wconf 88' lang='lat' dir='ltr'><strong>tempore</strong></span> <span class='ocrx_word' id='word_1_273' title='bbox 558 1918 714 1949; x_wconf 81' lang='lat' dir='ltr'><strong>opportuno</strong></span> <span class='ocrx_word' id='word_1_274' title='bbox 739 1914 893 1942; x_wconf 85' lang='lat' dir='ltr'><strong>discordias</strong></span> <span class='ocrx_word' id='word_1_275' title='bbox 910 1915 966 1941; x_wconf 85' lang='lat' dir='ltr'><strong>dis-</strong></span> 
     </span>
    </p>
   </div>
   <div class='ocr_carea' id='block_1_40' title="bbox 178 1959 967 1995">
    <p class='ocr_par' dir='ltr' id='par_1_40' title="bbox 178 1959 967 1995">
     <span class='ocr_line' id='line_1_40' title="bbox 178 1959 967 1995; baseline 0.003 -9"><span class='ocrx_word' id='word_1_276' title='bbox 178 1967 301 1990; x_wconf 81' lang='lat' dir='ltr'><strong>cernere,</strong></span> <span class='ocrx_word' id='word_1_277' title='bbox 316 1959 445 1986; x_wconf 74' lang='lat' dir='ltr'><strong>amicitire</strong></span> <span class='ocrx_word' id='word_1_278' title='bbox 456 1964 545 1986; x_wconf 87' lang='lat' dir='ltr'><strong>autem</strong></span> <span class='ocrx_word' id='word_1_279' title='bbox 560 1960 662 1987; x_wconf 91' lang='lat' dir='ltr'><strong>limites</strong></span> <span class='ocrx_word' id='word_1_280' title='bbox 672 1959 784 1987; x_wconf 89' lang='lat' dir='ltr'><strong>minime</strong></span> <span class='ocrx_word' id='word_1_281' title='bbox 801 1968 967 1995; x_wconf 74' lang='lat' dir='ltr'><strong>cognoscere</strong></span> 
     </span>
    </p>
   </div>
   <div class='ocr_carea' id='block_1_41' title="bbox 178 2005 967 2041">
    <p class='ocr_par' dir='ltr' id='par_1_41' title="bbox 178 2005 967 2041">
     <span class='ocr_line' id='line_1_41' title="bbox 178 2005 967 2041; baseline 0.003 -9"><span class='ocrx_word' id='word_1_282' title='bbox 178 2009 296 2040; x_wconf 88' lang='lat' dir='ltr'><strong>oportet.</strong></span> <span class='ocrx_word' id='word_1_283' title='bbox 314 2005 373 2040; x_wconf 89' lang='lat' dir='ltr'><strong>lpsa</strong></span> <span class='ocrx_word' id='word_1_284' title='bbox 395 2010 437 2033; x_wconf 87' lang='lat' dir='ltr'><strong>est</strong></span> <span class='ocrx_word' id='word_1_285' title='bbox 460 2005 533 2033; x_wconf 91' lang='lat' dir='ltr'><strong>enim</strong></span> <span class='ocrx_word' id='word_1_286' title='bbox 561 2005 588 2032; x_wconf 86' lang='lat' dir='ltr'><strong>in</strong></span> <span class='ocrx_word' id='word_1_287' title='bbox 616 2005 717 2032; x_wconf 82' lang='lat' dir='ltr'><strong>Christi</strong></span> <span class='ocrx_word' id='word_1_288' title='bbox 745 2005 892 2034; x_wconf 81' lang='lat' dir='ltr'><strong>dilectione</strong></span> <span class='ocrx_word' id='word_1_289' title='bbox 907 2014 967 2041; x_wconf 61' lang='lat' dir='ltr'><strong>qua:</strong></span> 
     </span>
    </p>
   </div>
   <div class='ocr_carea' id='block_1_42' title="bbox 179 2051 449 2086">
    <p class='ocr_par' dir='ltr' id='par_1_42' title="bbox 179 2051 449 2086">
     <span class='ocr_line' id='line_1_42' title="bbox 179 2051 449 2086; baseline 0.004 -9"><span class='ocrx_word' id='word_1_290' title='bbox 179 2059 317 2086; x_wconf 84' lang='lat' dir='ltr'><strong>nunquam</strong></span> <span class='ocrx_word' id='word_1_291' title='bbox 335 2051 449 2078; x_wconf 81' lang='lat' dir='ltr'><strong>excidit.</strong></span> 
     </span>
    </p>
   </div>
   <div class='ocr_carea' id='block_1_43' title="bbox 179 2107 760 2135">
    <p class='ocr_par' dir='ltr' id='par_1_43' title="bbox 179 2107 760 2135">
     <span class='ocr_line' id='line_1_43' title="bbox 179 2107 760 2135; baseline 0.002 -1"><span class='ocrx_word' id='word_1_292' title='bbox 179 2107 226 2134; x_wconf 81' lang='grc'><strong>181</strong></span> <span class='ocrx_word' id='word_1_293' title='bbox 244 2107 347 2134; x_wconf 76' lang='lat' dir='ltr'><strong>thera</strong></span> <span class='ocrx_word' id='word_1_294' title='bbox 363 2107 452 2134; x_wconf 76' lang='lat' dir='ltr'><strong>videns</strong></span> <span class='ocrx_word' id='word_1_295' title='bbox 468 2108 560 2134; x_wconf 75' lang='lat' dir='ltr'><strong>oculus</strong></span> <span class='ocrx_word' id='word_1_296' title='bbox 575 2116 602 2135; x_wconf 73' lang='lat' dir='ltr'><strong>se</strong></span> <span class='ocrx_word' id='word_1_297' title='bbox 616 2116 667 2135; x_wconf 80' lang='lat' dir='ltr'><strong>non</strong></span> <span class='ocrx_word' id='word_1_298' title='bbox 683 2109 760 2135; x_wconf 80' lang='lat' dir='ltr'><strong>videt.</strong></span> 
     </span>
    </p>
   </div>
   <div class='ocr_carea' id='block_1_44' title="bbox 214 2164 967 2200">
    <p class='ocr_par' dir='ltr' id='par_1_44' title="bbox 214 2164 967 2200">
     <span class='ocr_line' id='line_1_44' title="bbox 214 2164 967 2200; baseline 0.001 -8"><span class='ocrx_word' id='word_1_299' title='bbox 214 2164 315 2192; x_wconf 89' lang='lat' dir='ltr'><strong>Oculus</strong></span> <span class='ocrx_word' id='word_1_300' title='bbox 341 2165 466 2199; x_wconf 88' lang='lat' dir='ltr'><strong>corporis</strong></span> <span class='ocrx_word' id='word_1_301' title='bbox 483 2165 603 2200; x_wconf 91' lang='lat' dir='ltr'><strong>seipsum</strong></span> <span class='ocrx_word' id='word_1_302' title='bbox 626 2167 789 2193; x_wconf 85' lang='lat' dir='ltr'><strong>naturaliter</strong></span> <span class='ocrx_word' id='word_1_303' title='bbox 803 2166 896 2194; x_wconf 86' lang='lat' dir='ltr'><strong>videre</strong></span> <span class='ocrx_word' id='word_1_304' title='bbox 919 2174 967 2193; x_wconf 88' lang='lat' dir='ltr'><strong>ne-</strong></span> 
     </span>
    </p>
   </div>
   <div class='ocr_carea' id='block_1_45' title="bbox 178 2211 966 2246">
    <p class='ocr_par' dir='ltr' id='par_1_45' title="bbox 178 2211 966 2246">
     <span class='ocr_line' id='line_1_45' title="bbox 178 2211 966 2246; baseline 0.001 -9"><span class='ocrx_word' id='word_1_305' title='bbox 178 2211 248 2246; x_wconf 85' lang='lat' dir='ltr'><strong>quit,</strong></span> <span class='ocrx_word' id='word_1_306' title='bbox 268 2218 328 2246; x_wconf 73' lang='lat' dir='ltr'><strong>qua:</strong></span> <span class='ocrx_word' id='word_1_307' title='bbox 347 2218 411 2238; x_wconf 87' lang='lat' dir='ltr'><strong>vero</strong></span> <span class='ocrx_word' id='word_1_308' title='bbox 430 2216 506 2238; x_wconf 73' lang='lat' dir='ltr'><strong>extra</strong></span> <span class='ocrx_word' id='word_1_309' title='bbox 531 2211 619 2245; x_wconf 88' lang='lat' dir='ltr'><strong>ipsum</strong></span> <span class='ocrx_word' id='word_1_310' title='bbox 639 2215 666 2238; x_wconf 86' lang='lat' dir='ltr'><strong>et</strong></span> <span class='ocrx_word' id='word_1_311' title='bbox 689 2212 764 2238; x_wconf 84' lang='lat' dir='ltr'><strong>circa</strong></span> <span class='ocrx_word' id='word_1_312' title='bbox 781 2212 869 2246; x_wconf 90' lang='lat' dir='ltr'><strong>ipsum</strong></span> <span class='ocrx_word' id='word_1_313' title='bbox 891 2217 966 2244; x_wconf 81' lang='lat' dir='ltr'><strong>sunt.</strong></span> 
     </span>
    </p>
   </div>
   <div class='ocr_carea' id='block_1_46' title="bbox 179 2257 965 2292">
    <p class='ocr_par' dir='ltr' id='par_1_46' title="bbox 179 2257 965 2292">
     <span class='ocr_line' id='line_1_46' title="bbox 179 2257 965 2292; baseline 0.001 -9"><span class='ocrx_word' id='word_1_314' title='bbox 179 2261 315 2292; x_wconf 87' lang='lat' dir='ltr'><strong>quotquot</strong></span> <span class='ocrx_word' id='word_1_315' title='bbox 341 2265 433 2284; x_wconf 88' lang='lat' dir='ltr'><strong>coram</strong></span> <span class='ocrx_word' id='word_1_316' title='bbox 455 2265 488 2284; x_wconf 91' lang='lat' dir='ltr'><strong>eo</strong></span> <span class='ocrx_word' id='word_1_317' title='bbox 516 2259 626 2289; x_wconf 78' lang='lat' dir='ltr'><strong>adsunt.</strong></span> <span class='ocrx_word' id='word_1_318' title='bbox 648 2257 767 2285; x_wconf 77' lang='lat' dir='ltr'><strong>eﬁicaeia</strong></span> <span class='ocrx_word' id='word_1_319' title='bbox 791 2259 867 2286; x_wconf 86' lang='lat' dir='ltr'><strong>visus</strong></span> <span class='ocrx_word' id='word_1_320' title='bbox 892 2267 965 2285; x_wconf 86' lang='lat' dir='ltr'><strong>com-</strong></span> 
     </span>
    </p>
   </div>
   <div class='ocr_carea' id='block_1_47' title="bbox 179 2303 968 2340">
    <p class='ocr_par' dir='ltr' id='par_1_47' title="bbox 179 2303 968 2340">
     <span class='ocr_line' id='line_1_47' title="bbox 179 2303 968 2340; baseline 0 -10"><span class='ocrx_word' id='word_1_321' title='bbox 179 2304 335 2339; x_wconf 84' lang='lat' dir='ltr'><strong>prehendit.</strong></span> <span class='ocrx_word' id='word_1_322' title='bbox 351 2303 378 2330; x_wconf 92' lang='lat' dir='ltr'><strong>Si</strong></span> <span class='ocrx_word' id='word_1_323' title='bbox 394 2312 455 2339; x_wconf 70' lang='lat' dir='ltr'><strong>qua:</strong></span> <span class='ocrx_word' id='word_1_324' title='bbox 470 2309 561 2331; x_wconf 88' lang='lat' dir='ltr'><strong>auteut</strong></span> <span class='ocrx_word' id='word_1_325' title='bbox 577 2305 681 2339; x_wconf 81' lang='lat' dir='ltr'><strong>gramia</strong></span> <span class='ocrx_word' id='word_1_326' title='bbox 693 2308 740 2331; x_wconf 89' lang='lat' dir='ltr'><strong>aut</strong></span> <span class='ocrx_word' id='word_1_327' title='bbox 757 2305 856 2340; x_wconf 82' lang='lat' dir='ltr'><strong>albugo</strong></span> <span class='ocrx_word' id='word_1_328' title='bbox 872 2305 968 2339; x_wconf 87' lang='lat' dir='ltr'><strong>prodat</strong></span> 
     </span>
    </p>
   </div>
   <div class='ocr_carea' id='block_1_48' title="bbox 178 2350 969 2385">
    <p class='ocr_par' dir='ltr' id='par_1_48' title="bbox 178 2350 969 2385">
     <span class='ocr_line' id='line_1_48' title="bbox 178 2350 969 2385; baseline 0 -9"><span class='ocrx_word' id='word_1_329' title='bbox 178 2355 206 2377; x_wconf 79' lang='lat' dir='ltr'><strong>et</strong></span> <span class='ocrx_word' id='word_1_330' title='bbox 222 2350 335 2378; x_wconf 85' lang='lat' dir='ltr'><strong>sanitati</strong></span> <span class='ocrx_word' id='word_1_331' title='bbox 355 2354 464 2382; x_wconf 85' lang='lat' dir='ltr'><strong>noceat,</strong></span> <span class='ocrx_word' id='word_1_332' title='bbox 476 2357 527 2377; x_wconf 89' lang='lat' dir='ltr'><strong>nec</strong></span> <span class='ocrx_word' id='word_1_333' title='bbox 545 2350 597 2377; x_wconf 90' lang='lat' dir='ltr'><strong>alia</strong></span> <span class='ocrx_word' id='word_1_334' title='bbox 614 2350 706 2377; x_wconf 87' lang='lat' dir='ltr'><strong>videre</strong></span> <span class='ocrx_word' id='word_1_335' title='bbox 717 2350 789 2377; x_wconf 84' lang='lat' dir='ltr'><strong>valet</strong></span> <span class='ocrx_word' id='word_1_336' title='bbox 800 2351 871 2377; x_wconf 89' lang='lat' dir='ltr'><strong>sicut</strong></span> <span class='ocrx_word' id='word_1_337' title='bbox 886 2358 969 2385; x_wconf 90' lang='lat' dir='ltr'><strong>opor-</strong></span> 
     </span>
    </p>
   </div>
   <div class='ocr_carea' id='block_1_49' title="bbox 179 2396 971 2431">
    <p class='ocr_par' dir='ltr' id='par_1_49' title="bbox 179 2396 971 2431">
     <span class='ocr_line' id='line_1_49' title="bbox 179 2396 971 2431; baseline 0 -8"><span class='ocrx_word' id='word_1_338' title='bbox 179 2401 227 2424; x_wconf 88' lang='lat' dir='ltr'><strong>tet.</strong></span> <span class='ocrx_word' id='word_1_339' title='bbox 242 2396 344 2423; x_wconf 88' lang='lat' dir='ltr'><strong>Eodem</strong></span> <span class='ocrx_word' id='word_1_340' title='bbox 360 2397 441 2424; x_wconf 90' lang='lat' dir='ltr'><strong>modo</strong></span> <span class='ocrx_word' id='word_1_341' title='bbox 451 2401 478 2424; x_wconf 88' lang='lat' dir='ltr'><strong>et</strong></span> <span class='ocrx_word' id='word_1_342' title='bbox 496 2396 615 2424; x_wconf 90' lang='lat' dir='ltr'><strong>hominis</strong></span> <span class='ocrx_word' id='word_1_343' title='bbox 633 2397 746 2431; x_wconf 89' lang='lat' dir='ltr'><strong>spiritus</strong></span> <span class='ocrx_word' id='word_1_344' title='bbox 760 2396 865 2431; x_wconf 88' lang='lat' dir='ltr'><strong>absque</strong></span> <span class='ocrx_word' id='word_1_345' title='bbox 877 2397 971 2424; x_wconf 87' lang='lat' dir='ltr'><strong>labore</strong></span> 
     </span>
    </p>
   </div>
   <div class='ocr_carea' id='block_1_50' title="bbox 177 2443 970 2478">
    <p class='ocr_par' dir='ltr' id='par_1_50' title="bbox 177 2443 970 2478">
     <span class='ocr_line' id='line_1_50' title="bbox 177 2443 970 2478; baseline 0.001 -9"><span class='ocrx_word' id='word_1_346' title='bbox 177 2451 239 2478; x_wconf 62' lang='lat' dir='ltr'><strong>qua;</strong></span> <span class='ocrx_word' id='word_1_347' title='bbox 251 2443 396 2477; x_wconf 88' lang='lat' dir='ltr'><strong>subjaceut</strong></span> <span class='ocrx_word' id='word_1_348' title='bbox 413 2443 487 2470; x_wconf 87' lang='lat' dir='ltr'><strong>videt</strong></span> <span class='ocrx_word' id='word_1_349' title='bbox 502 2443 630 2470; x_wconf 88' lang='lat' dir='ltr'><strong>veritatis</strong></span> <span class='ocrx_word' id='word_1_350' title='bbox 645 2443 876 2477; x_wconf 87' lang='lat' dir='ltr'><strong>contemplatione</strong></span> <span class='ocrx_word' id='word_1_351' title='bbox 889 2452 896 2476; x_wconf 93' lang='lat'><strong>;</strong></span> <span class='ocrx_word' id='word_1_352' title='bbox 912 2451 970 2478; x_wconf 60' lang='lat' dir='ltr'><strong>pro</strong></span> 
     </span>
    </p>
   </div>
   <div class='ocr_carea' id='block_1_51' title="bbox 179 2489 970 2524">
    <p class='ocr_par' dir='ltr' id='par_1_51' title="bbox 179 2489 970 2524">
     <span class='ocr_line' id='line_1_51' title="bbox 179 2489 970 2524; baseline 0 -8"><span class='ocrx_word' id='word_1_353' title='bbox 179 2490 245 2516; x_wconf 73' lang='lat' dir='ltr'><strong>ximi</strong></span> <span class='ocrx_word' id='word_1_354' title='bbox 275 2490 400 2517; x_wconf 81' lang='lat' dir='ltr'><strong>defectus</strong></span> <span class='ocrx_word' id='word_1_355' title='bbox 424 2494 451 2517; x_wconf 88' lang='lat' dir='ltr'><strong>et</strong></span> <span class='ocrx_word' id='word_1_356' title='bbox 474 2495 586 2524; x_wconf 84' lang='lat' dir='ltr'><strong>peccata</strong></span> <span class='ocrx_word' id='word_1_357' title='bbox 617 2489 716 2524; x_wconf 89' lang='lat' dir='ltr'><strong>aspicit</strong></span> <span class='ocrx_word' id='word_1_358' title='bbox 739 2493 787 2516; x_wconf 91' lang='lat' dir='ltr'><strong>aut</strong></span> <span class='ocrx_word' id='word_1_359' title='bbox 812 2490 970 2524; x_wconf 75' lang='lat' dir='ltr'><strong>investigat,</strong></span> 
     </span>
    </p>
   </div>
   <div class='ocr_carea' id='block_1_52' title="bbox 180 2535 970 2571">
    <p class='ocr_par' dir='ltr' id='par_1_52' title="bbox 180 2535 970 2571">
     <span class='ocr_line' id='line_1_52' title="bbox 180 2535 970 2571; baseline 0 -9"><span class='ocrx_word' id='word_1_360' title='bbox 180 2544 229 2563; x_wconf 81' lang='lat' dir='ltr'><strong>nec</strong></span> <span class='ocrx_word' id='word_1_361' title='bbox 246 2544 318 2571; x_wconf 68' lang='lat' dir='ltr'><strong>saepe</strong></span> <span class='ocrx_word' id='word_1_362' title='bbox 342 2536 427 2570; x_wconf 81' lang='lat' dir='ltr'><strong>juste.</strong></span> <span class='ocrx_word' id='word_1_363' title='bbox 450 2536 539 2571; x_wconf 92' lang='lat' dir='ltr'><strong>ipsum</strong></span> <span class='ocrx_word' id='word_1_364' title='bbox 562 2536 788 2564; x_wconf 84' lang='lat' dir='ltr'><strong>obnubilantibus</strong></span> <span class='ocrx_word' id='word_1_365' title='bbox 809 2535 970 2570; x_wconf 84' lang='lat' dir='ltr'><strong>cupiditati-</strong></span> 
     </span>
    </p>
   </div>
   <div class='ocr_carea' id='block_1_53' title="bbox 179 2582 971 2618">
    <p class='ocr_par' dir='ltr' id='par_1_53' title="bbox 179 2582 971 2618">
     <span class='ocr_line' id='line_1_53' title="bbox 179 2582 971 2618; baseline -0.001 -9"><span class='ocrx_word' id='word_1_366' title='bbox 179 2584 231 2610; x_wconf 87' lang='lat' dir='ltr'><strong>bus</strong></span> <span class='ocrx_word' id='word_1_367' title='bbox 248 2583 384 2617; x_wconf 88' lang='lat' dir='ltr'><strong>propriis;</strong></span> <span class='ocrx_word' id='word_1_368' title='bbox 401 2591 462 2618; x_wconf 78' lang='lat' dir='ltr'><strong>qu:e</strong></span> <span class='ocrx_word' id='word_1_369' title='bbox 478 2591 543 2610; x_wconf 89' lang='lat' dir='ltr'><strong>vero</strong></span> <span class='ocrx_word' id='word_1_370' title='bbox 561 2583 672 2618; x_wconf 87' lang='lat' dir='ltr'><strong>propria</strong></span> <span class='ocrx_word' id='word_1_371' title='bbox 690 2586 755 2610; x_wconf 88' lang='lat' dir='ltr'><strong>suttt</strong></span> <span class='ocrx_word' id='word_1_372' title='bbox 774 2590 806 2609; x_wconf 90' lang='lat' dir='ltr'><strong>eo</strong></span> <span class='ocrx_word' id='word_1_373' title='bbox 821 2582 908 2616; x_wconf 80' lang='lat' dir='ltr'><strong>magis</strong></span> <span class='ocrx_word' id='word_1_374' title='bbox 923 2589 971 2609; x_wconf 90' lang='lat' dir='ltr'><strong>co-</strong></span> 
     </span>
    </p>
   </div>
   <div class='ocr_carea' id='block_1_54' title="bbox 179 2629 972 2664">
    <p class='ocr_par' dir='ltr' id='par_1_54' title="bbox 179 2629 972 2664">
     <span class='ocr_line' id='line_1_54' title="bbox 179 2629 972 2664; baseline -0.001 -9"><span class='ocrx_word' id='word_1_375' title='bbox 179 2637 314 2663; x_wconf 71' lang='lat' dir='ltr'><strong>gnoscere</strong></span> <span class='ocrx_word' id='word_1_376' title='bbox 331 2637 385 2656; x_wconf 88' lang='lat' dir='ltr'><strong>non</strong></span> <span class='ocrx_word' id='word_1_377' title='bbox 406 2634 541 2664; x_wconf 78' lang='lat' dir='ltr'><strong>pervenit,</strong></span> <span class='ocrx_word' id='word_1_378' title='bbox 560 2633 663 2663; x_wconf 88' lang='lat' dir='ltr'><strong>quanto</strong></span> <span class='ocrx_word' id='word_1_379' title='bbox 682 2630 769 2663; x_wconf 78' lang='lat' dir='ltr'><strong>magis</strong></span> <span class='ocrx_word' id='word_1_380' title='bbox 787 2629 904 2663; x_wconf 79' lang='lat' dir='ltr'><strong>propriis</strong></span> <span class='ocrx_word' id='word_1_381' title='bbox 926 2636 972 2655; x_wconf 85' lang='lat' dir='ltr'><strong>cu-</strong></span> 
     </span>
    </p>
   </div>
   <div class='ocr_carea' id='block_1_55' title="bbox 179 2674 970 2709">
    <p class='ocr_par' dir='ltr' id='par_1_55' title="bbox 179 2674 970 2709">
     <span class='ocr_line' id='line_1_55' title="bbox 179 2674 970 2709; baseline 0 -9"><span class='ocrx_word' id='word_1_382' title='bbox 179 2675 342 2709; x_wconf 86' lang='lat' dir='ltr'><strong>piditatibus</strong></span> <span class='ocrx_word' id='word_1_383' title='bbox 366 2675 538 2703; x_wconf 85' lang='lat' dir='ltr'><strong>incrassatus</strong></span> <span class='ocrx_word' id='word_1_384' title='bbox 558 2676 724 2703; x_wconf 73' lang='lat' dir='ltr'><strong>obcaecatur.</strong></span> <span class='ocrx_word' id='word_1_385' title='bbox 743 2674 806 2701; x_wconf 89' lang='lat' dir='ltr'><strong>ldeo</strong></span> <span class='ocrx_word' id='word_1_386' title='bbox 820 2674 853 2701; x_wconf 91' lang='lat' dir='ltr'><strong>ad</strong></span> <span class='ocrx_word' id='word_1_387' title='bbox 877 2675 970 2701; x_wconf 86' lang='lat' dir='ltr'><strong>omnia</strong></span> 
     </span>
    </p>
   </div>
   <div class='ocr_carea' id='block_1_56' title="bbox 180 2720 968 2756">
    <p class='ocr_par' dir='ltr' id='par_1_56' title="bbox 180 2720 968 2756">
     <span class='ocr_line' id='line_1_56' title="bbox 180 2720 968 2756; baseline 0.001 -9"><span class='ocrx_word' id='word_1_388' title='bbox 180 2720 230 2747; x_wconf 90' lang='lat' dir='ltr'><strong>tibi</strong></span> <span class='ocrx_word' id='word_1_389' title='bbox 246 2721 293 2755; x_wconf 91' lang='lat' dir='ltr'><strong>qui</strong></span> <span class='ocrx_word' id='word_1_390' title='bbox 310 2721 373 2749; x_wconf 81' lang='lat' dir='ltr'><strong>talis</strong></span> <span class='ocrx_word' id='word_1_391' title='bbox 397 2729 427 2748; x_wconf 86' lang='lat' dir='ltr'><strong>es</strong></span> <span class='ocrx_word' id='word_1_392' title='bbox 442 2729 512 2756; x_wconf 92' lang='lat' dir='ltr'><strong>opus</strong></span> <span class='ocrx_word' id='word_1_393' title='bbox 527 2725 569 2749; x_wconf 83' lang='lat' dir='ltr'><strong>est</strong></span> <span class='ocrx_word' id='word_1_394' title='bbox 591 2721 750 2749; x_wconf 86' lang='lat' dir='ltr'><strong>consiliario</strong></span> <span class='ocrx_word' id='word_1_395' title='bbox 772 2720 818 2755; x_wconf 90' lang='lat' dir='ltr'><strong>qui</strong></span> <span class='ocrx_word' id='word_1_396' title='bbox 838 2720 903 2747; x_wconf 89' lang='lat' dir='ltr'><strong>utile</strong></span> <span class='ocrx_word' id='word_1_397' title='bbox 920 2721 968 2748; x_wconf 88' lang='lat' dir='ltr'><strong>do-</strong></span> 
     </span>
    </p>
   </div>
   <div class='ocr_carea' id='block_1_57' title="bbox 180 2766 968 2800">
    <p class='ocr_par' dir='ltr' id='par_1_57' title="bbox 180 2766 968 2800">
     <span class='ocr_line' id='line_1_57' title="bbox 180 2766 968 2800; baseline 0.001 -8"><span class='ocrx_word' id='word_1_398' title='bbox 180 2770 242 2793; x_wconf 84' lang='lat' dir='ltr'><strong>ceat</strong></span> <span class='ocrx_word' id='word_1_399' title='bbox 268 2772 295 2793; x_wconf 90' lang='lat' dir='ltr'><strong>et</strong></span> <span class='ocrx_word' id='word_1_400' title='bbox 320 2767 346 2793; x_wconf 93' lang='lat' dir='ltr'><strong>in</strong></span> <span class='ocrx_word' id='word_1_401' title='bbox 370 2767 590 2794; x_wconf 83' lang='lat' dir='ltr'><strong>recordationem</strong></span> <span class='ocrx_word' id='word_1_402' title='bbox 615 2767 802 2794; x_wconf 78' lang='lat' dir='ltr'><strong>faciendorum</strong></span> <span class='ocrx_word' id='word_1_403' title='bbox 836 2766 968 2800; x_wconf 85' lang='lat' dir='ltr'><strong>inducat;</strong></span> 
     </span>
    </p>
   </div>
   <div class='ocr_carea' id='block_1_58' title="bbox 179 2811 968 2848">
    <p class='ocr_par' dir='ltr' id='par_1_58' title="bbox 179 2811 968 2848">
     <span class='ocr_line' id='line_1_58' title="bbox 179 2811 968 2848; baseline 0.001 -10"><span class='ocrx_word' id='word_1_404' title='bbox 179 2818 245 2838; x_wconf 74' lang='lat' dir='ltr'><strong>nam</strong></span> <span class='ocrx_word' id='word_1_405' title='bbox 265 2819 324 2844; x_wconf 77' lang='lat' dir='ltr'><strong>qua:</strong></span> <span class='ocrx_word' id='word_1_406' title='bbox 343 2819 445 2846; x_wconf 83' lang='lat' dir='ltr'><strong>corpus</strong></span> <span class='ocrx_word' id='word_1_407' title='bbox 468 2813 570 2840; x_wconf 83' lang='lat' dir='ltr'><strong>creavit</strong></span> <span class='ocrx_word' id='word_1_408' title='bbox 593 2813 726 2848; x_wconf 69' lang='lat' dir='ltr'><strong>sapientia</strong></span> <span class='ocrx_word' id='word_1_409' title='bbox 751 2817 777 2840; x_wconf 89' lang='lat' dir='ltr'><strong>et</strong></span> <span class='ocrx_word' id='word_1_410' title='bbox 797 2811 968 2847; x_wconf 86' lang='lat' dir='ltr'><strong>providentia</strong></span> 
     </span>
    </p>
   </div>
   <div class='ocr_carea' id='block_1_59' title="bbox 218 2856 495 2893">
    <p class='ocr_par' dir='ltr' id='par_1_59' title="bbox 218 2856 495 2893">
     <span class='ocr_line' id='line_1_59' title="bbox 218 2856 495 2893; baseline 0.004 -10"><span class='ocrx_word' id='word_1_411' title='bbox 218 2856 244 2891; x_wconf 79' lang='grc' dir='ltr'><strong>(Ι</strong></span> <span class='ocrx_word' id='word_1_412' title='bbox 250 2856 278 2891; x_wconf 88' lang='grc'>0)</span> <span class='ocrx_word' id='word_1_413' title='bbox 298 2857 364 2885; x_wconf 82' lang='lat' dir='ltr'><strong>Cod.</strong></span> <span class='ocrx_word' id='word_1_414' title='bbox 380 2858 495 2893; x_wconf 76' lang='grc' dir='ltr'>δυνάμη.</span> 
     </span>
    </p>
   </div>
   <div class='ocr_carea' id='block_1_60' title="bbox 830 113 1109 142">
    <p class='ocr_par' dir='ltr' id='par_1_60' title="bbox 830 113 1109 142">
     <span class='ocr_line' id='line_1_60' title="bbox 830 113 1109 142; baseline -0.004 0"><span class='ocrx_word' id='word_1_415' title='bbox 830 113 978 142; x_wconf 77' lang='lat' dir='ltr'><strong>NICETAS</strong></span> <span class='ocrx_word' id='word_1_416' title='bbox 1005 113 1109 142; x_wconf 76' lang='lat' dir='ltr'>DAVID</span> 
     </span>
    </p>
   </div>
   <div class='ocr_carea' id='block_1_61' title="bbox 1741 109 1792 138">
    <p class='ocr_par' dir='ltr' id='par_1_61' title="bbox 1741 109 1792 138">
     <span class='ocr_line' id='line_1_61' title="bbox 1741 109 1792 138; baseline 0.02 -1"><span class='ocrx_word' id='word_1_417' title='bbox 1741 109 1792 138; x_wconf 73' lang='lat'><strong>89.5</strong></span> 
     </span>
    </p>
   </div>
   <div class='ocr_carea' id='block_1_62' title="bbox 1006 165 1792 208">
    <p class='ocr_par' dir='ltr' id='par_1_62' title="bbox 1006 165 1792 208">
     <span class='ocr_line' id='line_1_62' title="bbox 1006 165 1792 208; baseline -0.008 -9"><span class='ocrx_word' id='word_1_418' title='bbox 1006 173 1087 208; x_wconf 79' lang='grc' dir='ltr'>ἱεροῖς</span> <span class='ocrx_word' id='word_1_419' title='bbox 1101 171 1237 206; x_wconf 81' lang='grc' dir='ltr'>θεολόγοις</span> <span class='ocrx_word' id='word_1_420' title='bbox 1254 171 1323 198; x_wconf 81' lang='grc' dir='ltr'><strong>κατά</strong></span> <span class='ocrx_word' id='word_1_421' title='bbox 1340 171 1421 206; x_wconf 83' lang='grc' dir='ltr'>μέρος</span> <span class='ocrx_word' id='word_1_422' title='bbox 1442 167 1685 205; x_wconf 78' lang='grc' dir='ltr'>ὑπαγορευόμενοι,</span> <span class='ocrx_word' id='word_1_423' title='bbox 1701 165 1792 194; x_wconf 73' lang='grc' dir='ltr'>πολλοι</span> 
     </span>
    </p>
   </div>
   <div class='ocr_carea' id='block_1_63' title="bbox 1001 212 1792 253">
    <p class='ocr_par' dir='ltr' id='par_1_63' title="bbox 1001 212 1792 253">
     <span class='ocr_line' id='line_1_63' title="bbox 1001 212 1792 253; baseline -0.009 -8"><span class='ocrx_word' id='word_1_424' title='bbox 1001 227 1031 245; x_wconf 80' lang='grc' dir='ltr'><strong>τε</strong></span> <span class='ocrx_word' id='word_1_425' title='bbox 1048 218 1231 253; x_wconf 73' lang='grc' dir='ltr'><strong>καθεστήκασι</strong></span> <span class='ocrx_word' id='word_1_426' title='bbox 1248 218 1295 245; x_wconf 74' lang='grc' dir='ltr'>καὶ</span> <span class='ocrx_word' id='word_1_427' title='bbox 1308 217 1376 253; x_wconf 65' lang='grc' dir='ltr'>ὑπὲρ</span> <span class='ocrx_word' id='word_1_428' title='bbox 1389 216 1504 252; x_wconf 85' lang='grc' dir='ltr'>ἀριθμόν</span> <span class='ocrx_word' id='word_1_429' title='bbox 1513 224 1519 230; x_wconf 94' lang='grc'><strong>·</strong></span> <span class='ocrx_word' id='word_1_430' title='bbox 1537 213 1689 250; x_wconf 78' lang='grc' dir='ltr'><strong>ὁλοσχερῶς</strong></span> <span class='ocrx_word' id='word_1_431' title='bbox 1700 213 1728 239; x_wconf 81' lang='grc' dir='ltr'>δὲ</span> <span class='ocrx_word' id='word_1_432' title='bbox 1739 212 1792 247; x_wconf 79' lang='grc' dir='ltr'><strong>φά-</strong></span> 
     </span>
    </p>
   </div>
   <div class='ocr_carea' id='block_1_64' title="bbox 1003 258 1793 300">
    <p class='ocr_par' dir='ltr' id='par_1_64' title="bbox 1003 258 1793 300">
     <span class='ocr_line' id='line_1_64' title="bbox 1003 258 1793 300; baseline -0.009 -9"><span class='ocrx_word' id='word_1_433' title='bbox 1003 273 1046 292; x_wconf 87' lang='grc' dir='ltr'><strong>ναι</strong></span> <span class='ocrx_word' id='word_1_434' title='bbox 1065 265 1125 300; x_wconf 80' lang='grc' dir='ltr'>ἥτοι</span> <span class='ocrx_word' id='word_1_435' title='bbox 1143 263 1336 298; x_wconf 75' lang='grc' dir='ltr'><strong>κεφαλαιωδῶς</strong></span> <span class='ocrx_word' id='word_1_436' title='bbox 1357 263 1421 298; x_wconf 77' lang='grc' dir='ltr'>περὶ</span> <span class='ocrx_word' id='word_1_437' title='bbox 1443 261 1625 297; x_wconf 79' lang='grc' dir='ltr'><strong>χρηστότητος</strong></span> <span class='ocrx_word' id='word_1_438' title='bbox 1644 258 1793 291; x_wconf 72' lang='grc' dir='ltr'>διαλαϐεῖν,</span> 
     </span>
    </p>
   </div>
   <div class='ocr_carea' id='block_1_65' title="bbox 1002 305 1794 344">
    <p class='ocr_par' dir='ltr' id='par_1_65' title="bbox 1002 305 1794 344">
     <span class='ocr_line' id='line_1_65' title="bbox 1002 305 1794 344; baseline -0.005 -7"><span class='ocrx_word' id='word_1_439' title='bbox 1002 310 1080 337; x_wconf 84' lang='grc' dir='ltr'>τοῦτό</span> <span class='ocrx_word' id='word_1_440' title='bbox 1096 311 1153 336; x_wconf 74' lang='grc' dir='ltr'>ἐστι</span> <span class='ocrx_word' id='word_1_441' title='bbox 1169 309 1255 344; x_wconf 84' lang='grc' dir='ltr'><strong>δόγμα</strong></span> <span class='ocrx_word' id='word_1_442' title='bbox 1272 307 1632 343; x_wconf 80' lang='grc' dir='ltr'>συντομώτατον.Ἰ“οιοῦτος,</span> <span class='ocrx_word' id='word_1_443' title='bbox 1644 305 1708 340; x_wconf 75' lang='grc' dir='ltr'>ἔφη,</span> <span class='ocrx_word' id='word_1_444' title='bbox 1716 305 1794 339; x_wconf 78' lang='grc' dir='ltr'>γίνου</span> 
     </span>
    </p>
   </div>
   <div class='ocr_carea' id='block_1_66' title="bbox 1003 350 1795 389">
    <p class='ocr_par' dir='ltr' id='par_1_66' title="bbox 1003 350 1795 389">
     <span class='ocr_line' id='line_1_66' title="bbox 1003 350 1795 389; baseline -0.008 -7"><span class='ocrx_word' id='word_1_445' title='bbox 1003 357 1059 386; x_wconf 85' lang='grc' dir='ltr'>τοῖς</span> <span class='ocrx_word' id='word_1_446' title='bbox 1078 354 1165 389; x_wconf 83' lang='grc' dir='ltr'>φίλοις</span> <span class='ocrx_word' id='word_1_447' title='bbox 1189 363 1235 381; x_wconf 79' lang='grc' dir='ltr'><strong>σου</strong></span> <span class='ocrx_word' id='word_1_448' title='bbox 1253 354 1299 381; x_wconf 80' lang='grc' dir='ltr'>καὶ</span> <span class='ocrx_word' id='word_1_449' title='bbox 1328 355 1465 388; x_wconf 74' lang='grc' dir='ltr'><strong>γείτοσιν,</strong></span> <span class='ocrx_word' id='word_1_450' title='bbox 1485 353 1557 384; x_wconf 82' lang='grc' dir='ltr'>οἴους</span> <span class='ocrx_word' id='word_1_451' title='bbox 1583 352 1681 383; x_wconf 76' lang='grc' dir='ltr'>αὐτοὺς</span> <span class='ocrx_word' id='word_1_452' title='bbox 1707 350 1795 380; x_wconf 76' lang='grc' dir='ltr'>θέλεις</span> 
     </span>
    </p>
   </div>
   <div class='ocr_carea' id='block_1_67' title="bbox 1003 396 1795 436">
    <p class='ocr_par' dir='ltr' id='par_1_67' title="bbox 1003 396 1795 436">
     <span class='ocr_line' id='line_1_67' title="bbox 1003 396 1795 436; baseline -0.006 -9"><span class='ocrx_word' id='word_1_453' title='bbox 1003 401 1126 435; x_wconf 85' lang='grc' dir='ltr'>γίνεσθαι</span> <span class='ocrx_word' id='word_1_454' title='bbox 1141 401 1209 436; x_wconf 85' lang='grc' dir='ltr'>πρὸς</span> <span class='ocrx_word' id='word_1_455' title='bbox 1225 401 1255 427; x_wconf 84' lang='grc' dir='ltr'><strong>σέ</strong></span> <span class='ocrx_word' id='word_1_456' title='bbox 1266 409 1272 416; x_wconf 83' lang='grc'>·</span> <span class='ocrx_word' id='word_1_457' title='bbox 1287 402 1343 426; x_wconf 83' lang='grc' dir='ltr'>ίσον</span> <span class='ocrx_word' id='word_1_458' title='bbox 1359 400 1386 426; x_wconf 79' lang='grc' dir='ltr'><strong>δὲ</strong></span> <span class='ocrx_word' id='word_1_459' title='bbox 1399 399 1479 426; x_wconf 72' lang='grc' dir='ltr'>τοῦτο</span> <span class='ocrx_word' id='word_1_460' title='bbox 1491 399 1530 433; x_wconf 86' lang='grc' dir='ltr'>τῷ</span> <span class='ocrx_word' id='word_1_461' title='bbox 1542 396 1712 433; x_wconf 83' lang='grc' dir='ltr'>εὐαγγελικῷ</span> <span class='ocrx_word' id='word_1_462' title='bbox 1723 405 1795 431; x_wconf 81' lang='grc' dir='ltr'>παρ-</span> 
     </span>
    </p>
   </div>
   <div class='ocr_carea' id='block_1_68' title="bbox 1003 442 1795 481">
    <p class='ocr_par' dir='ltr' id='par_1_68' title="bbox 1003 442 1795 481">
     <span class='ocr_line' id='line_1_68' title="bbox 1003 442 1795 481; baseline -0.005 -9"><span class='ocrx_word' id='word_1_463' title='bbox 1003 446 1157 481; x_wconf 85' lang='grc' dir='ltr'>αγγέλματι</span> <span class='ocrx_word' id='word_1_464' title='bbox 1174 445 1328 480; x_wconf 83' lang='grc' dir='ltr'>καθέστηκε</span> <span class='ocrx_word' id='word_1_465' title='bbox 1340 467 1347 478; x_wconf 84' lang='grc'><em>,</em></span> <span class='ocrx_word' id='word_1_466' title='bbox 1365 444 1483 476; x_wconf 79' lang='grc' dir='ltr'>Πάντα.</span> <span class='ocrx_word' id='word_1_467' title='bbox 1495 443 1553 471; x_wconf 83' lang='grc' dir='ltr'>ὅσα</span> <span class='ocrx_word' id='word_1_468' title='bbox 1569 443 1608 470; x_wconf 81' lang='grc' dir='ltr'><strong>ἂν</strong></span> <span class='ocrx_word' id='word_1_469' title='bbox 1628 442 1729 470; x_wconf 78' lang='grc' dir='ltr'>θέλετε</span> <span class='ocrx_word' id='word_1_470' title='bbox 1744 442 1795 468; x_wconf 79' lang='grc' dir='ltr'><strong>ἵνα</strong></span> 
     </span>
    </p>
   </div>
   <div class='ocr_carea' id='block_1_69' title="bbox 1005 487 1795 527">
    <p class='ocr_par' dir='ltr' id='par_1_69' title="bbox 1005 487 1795 527">
     <span class='ocr_line' id='line_1_69' title="bbox 1005 487 1795 527; baseline -0.006 -8"><span class='ocrx_word' id='word_1_471' title='bbox 1005 492 1131 519; x_wconf 79' lang='grc' dir='ltr'><em>ποιῶσιν</em></span> <span class='ocrx_word' id='word_1_472' title='bbox 1145 492 1217 527; x_wconf 78' lang='grc' dir='ltr'>ὑμῖν</span> <span class='ocrx_word' id='word_1_473' title='bbox 1237 493 1263 519; x_wconf 81' lang='grc' dir='ltr'>οὶ</span> <span class='ocrx_word' id='word_1_474' title='bbox 1291 491 1448 526; x_wconf 75' lang='grc' dir='ltr'>ἄνθρωποι,</span> <span class='ocrx_word' id='word_1_475' title='bbox 1467 490 1613 522; x_wconf 84' lang='grc' dir='ltr'>κελεύοντι,</span> <span class='ocrx_word' id='word_1_476' title='bbox 1636 488 1685 516; x_wconf 74' lang='grc' dir='ltr'>καὶ</span> <span class='ocrx_word' id='word_1_477' title='bbox 1708 487 1795 522; x_wconf 80' lang='grc' dir='ltr'>ὑμεῖς</span> 
     </span>
    </p>
   </div>
   <div class='ocr_carea' id='block_1_70' title="bbox 1005 534 1794 572">
    <p class='ocr_par' dir='ltr' id='par_1_70' title="bbox 1005 534 1794 572">
     <span class='ocr_line' id='line_1_70' title="bbox 1005 534 1794 572; baseline -0.005 -8"><span class='ocrx_word' id='word_1_478' title='bbox 1005 539 1115 566; x_wconf 78' lang='grc' dir='ltr'><strong>ποιεῖτε</strong></span> <span class='ocrx_word' id='word_1_479' title='bbox 1142 538 1245 572; x_wconf 79' lang='grc' dir='ltr'>αὐτοῖς</span> <span class='ocrx_word' id='word_1_480' title='bbox 1271 538 1387 572; x_wconf 79' lang='grc' dir='ltr'>ὁμοίως.</span> <span class='ocrx_word' id='word_1_481' title='bbox 1413 536 1569 564; x_wconf 84' lang='grc' dir='ltr'>Ἀκόλουθον</span> <span class='ocrx_word' id='word_1_482' title='bbox 1588 536 1616 562; x_wconf 84' lang='grc' dir='ltr'><strong>δὲ</strong></span> <span class='ocrx_word' id='word_1_483' title='bbox 1640 535 1688 562; x_wconf 73' lang='grc' dir='ltr'><strong>καὶ</strong></span> <span class='ocrx_word' id='word_1_484' title='bbox 1714 534 1794 561; x_wconf 72' lang='grc' dir='ltr'>τοῦτο</span> 
     </span>
    </p>
   </div>
   <div class='ocr_carea' id='block_1_71' title="bbox 1006 581 1794 620">
    <p class='ocr_par' dir='ltr' id='par_1_71' title="bbox 1006 581 1794 620">
     <span class='ocr_line' id='line_1_71' title="bbox 1006 581 1794 620; baseline -0.005 -10"><span class='ocrx_word' id='word_1_485' title='bbox 1006 584 1164 620; x_wconf 84' lang='grc' dir='ltr'>προσθεῖναι</span> <span class='ocrx_word' id='word_1_486' title='bbox 1190 585 1222 620; x_wconf 81' lang='grc' dir='ltr'>τῇ</span> <span class='ocrx_word' id='word_1_487' title='bbox 1249 585 1400 618; x_wconf 82' lang='grc' dir='ltr'>Δεσποτικῇ</span> <span class='ocrx_word' id='word_1_488' title='bbox 1427 582 1662 618; x_wconf 80' lang='grc' dir='ltr'>παραγγελία,ὅτι</span> <span class='ocrx_word' id='word_1_489' title='bbox 1689 581 1794 613; x_wconf 76' lang='grc' dir='ltr'>Πάντα,</span> 
     </span>
    </p>
   </div>
   <div class='ocr_carea' id='block_1_72' title="bbox 1005 626 1795 664">
    <p class='ocr_par' dir='ltr' id='par_1_72' title="bbox 1005 626 1795 664">
     <span class='ocr_line' id='line_1_72' title="bbox 1005 626 1795 664; baseline -0.004 -9"><span class='ocrx_word' id='word_1_490' title='bbox 1005 629 1056 656; x_wconf 79' lang='grc' dir='ltr'>ὅσα</span> <span class='ocrx_word' id='word_1_491' title='bbox 1075 629 1105 655; x_wconf 79' lang='grc' dir='ltr'>οὺ</span> <span class='ocrx_word' id='word_1_492' title='bbox 1130 629 1222 656; x_wconf 85' lang='grc' dir='ltr'>θέλετε</span> <span class='ocrx_word' id='word_1_493' title='bbox 1239 628 1315 664; x_wconf 82' lang='grc' dir='ltr'><strong>παρά</strong></span> <span class='ocrx_word' id='word_1_494' title='bbox 1333 629 1388 655; x_wconf 87' lang='grc' dir='ltr'><strong>τῶν</strong></span> <span class='ocrx_word' id='word_1_495' title='bbox 1403 628 1487 660; x_wconf 80' lang='grc' dir='ltr'>πέλας</span> <span class='ocrx_word' id='word_1_496' title='bbox 1500 628 1622 662; x_wconf 79' lang='grc' dir='ltr'>γίνεσθαι</span> <span class='ocrx_word' id='word_1_497' title='bbox 1635 628 1710 662; x_wconf 81' lang='grc' dir='ltr'>ὑμῖν,</span> <span class='ocrx_word' id='word_1_498' title='bbox 1727 626 1795 662; x_wconf 76' lang='grc' dir='ltr'>μηδὲ</span> 
     </span>
    </p>
   </div>
   <div class='ocr_carea' id='block_1_73' title="bbox 1007 672 1797 709">
    <p class='ocr_par' dir='ltr' id='par_1_73' title="bbox 1007 672 1797 709">
     <span class='ocr_line' id='line_1_73' title="bbox 1007 672 1797 709; baseline -0.003 -9"><span class='ocrx_word' id='word_1_499' title='bbox 1007 675 1085 709; x_wconf 84' lang='grc' dir='ltr'>ὑμεῖς</span> <span class='ocrx_word' id='word_1_500' title='bbox 1098 676 1200 701; x_wconf 82' lang='grc' dir='ltr'>ποιεῖτε</span> <span class='ocrx_word' id='word_1_501' title='bbox 1219 675 1319 706; x_wconf 77' lang='grc' dir='ltr'>αὐτοῖς.</span> <span class='ocrx_word' id='word_1_502' title='bbox 1331 674 1391 701; x_wconf 85' lang='grc' dir='ltr'><strong>Ἔτι</strong></span> <span class='ocrx_word' id='word_1_503' title='bbox 1412 674 1439 700; x_wconf 80' lang='grc' dir='ltr'>δὲ</span> <span class='ocrx_word' id='word_1_504' title='bbox 1453 673 1547 700; x_wconf 80' lang='grc' dir='ltr'>τούτου</span> <span class='ocrx_word' id='word_1_505' title='bbox 1558 673 1743 709; x_wconf 74' lang='grc' dir='ltr'>χρηστότητος</span> <span class='ocrx_word' id='word_1_506' title='bbox 1756 672 1797 698; x_wconf 76' lang='grc' dir='ltr'><strong>δό-</strong></span> 
     </span>
    </p>
   </div>
   <div class='ocr_carea' id='block_1_74' title="bbox 1006 717 1796 754">
    <p class='ocr_par' dir='ltr' id='par_1_74' title="bbox 1006 717 1796 754">
     <span class='ocr_line' id='line_1_74' title="bbox 1006 717 1796 754; baseline -0.003 -9"><span class='ocrx_word' id='word_1_507' title='bbox 1006 726 1064 753; x_wconf 84' lang='grc' dir='ltr'><strong>γμα</strong></span> <span class='ocrx_word' id='word_1_508' title='bbox 1093 718 1297 754; x_wconf 78' lang='grc' dir='ltr'><strong>συντομώτερον</strong></span> <span class='ocrx_word' id='word_1_509' title='bbox 1324 719 1393 745; x_wconf 79' lang='grc' dir='ltr'>αὐτὰ</span> <span class='ocrx_word' id='word_1_510' title='bbox 1409 719 1455 745; x_wconf 86' lang='grc' dir='ltr'>τοῦ</span> <span class='ocrx_word' id='word_1_511' title='bbox 1478 718 1597 753; x_wconf 82' lang='grc' dir='ltr'>Χριστοῦ</span> <span class='ocrx_word' id='word_1_512' title='bbox 1620 718 1654 744; x_wconf 77' lang='grc' dir='ltr'>τὰ</span> <span class='ocrx_word' id='word_1_513' title='bbox 1677 717 1762 752; x_wconf 79' lang='grc' dir='ltr'>πάθη,</span> <span class='ocrx_word' id='word_1_514' title='bbox 1776 717 1796 743; x_wconf 67' lang='grc' dir='ltr'>ἃ</span> 
     </span>
    </p>
   </div>
   <div class='ocr_carea' id='block_1_75' title="bbox 1006 763 1793 800">
    <p class='ocr_par' dir='ltr' id='par_1_75' title="bbox 1006 763 1793 800">
     <span class='ocr_line' id='line_1_75' title="bbox 1006 763 1793 800; baseline 0 -11"><span class='ocrx_word' id='word_1_515' title='bbox 1006 764 1076 800; x_wconf 82' lang='grc' dir='ltr'>ὑπὲρ</span> <span class='ocrx_word' id='word_1_516' title='bbox 1092 764 1170 800; x_wconf 81' lang='grc' dir='ltr'>ἡμῶν</span> <span class='ocrx_word' id='word_1_517' title='bbox 1185 765 1225 791; x_wconf 76' lang='grc' dir='ltr'>ἐτι</span> <span class='ocrx_word' id='word_1_518' title='bbox 1239 765 1322 791; x_wconf 78' lang='grc' dir='ltr'>ὄντων</span> <span class='ocrx_word' id='word_1_519' title='bbox 1333 764 1438 791; x_wconf 78' lang='grc' dir='ltr'>ἀσεϐῶν</span> <span class='ocrx_word' id='word_1_520' title='bbox 1455 765 1564 800; x_wconf 80' lang='grc' dir='ltr'><strong>ἀνέτλη,</strong></span> <span class='ocrx_word' id='word_1_521' title='bbox 1584 765 1630 790; x_wconf 77' lang='grc' dir='ltr'><strong>καὶ</strong></span> <span class='ocrx_word' id='word_1_522' title='bbox 1644 765 1694 790; x_wconf 81' lang='grc' dir='ltr'>ὅσα</span> <span class='ocrx_word' id='word_1_523' title='bbox 1706 763 1793 798; x_wconf 76' lang='grc' dir='ltr'>ὀνείδη</span> 
     </span>
    </p>
   </div>
   <div class='ocr_carea' id='block_1_76' title="bbox 1007 810 1793 847">
    <p class='ocr_par' dir='ltr' id='par_1_76' title="bbox 1007 810 1793 847">
     <span class='ocr_line' id='line_1_76' title="bbox 1007 810 1793 847; baseline -0.003 -10"><span class='ocrx_word' id='word_1_524' title='bbox 1007 811 1054 837; x_wconf 79' lang='grc' dir='ltr'>καὶ</span> <span class='ocrx_word' id='word_1_525' title='bbox 1077 811 1223 847; x_wconf 83' lang='grc' dir='ltr'>τραύματα</span> <span class='ocrx_word' id='word_1_526' title='bbox 1241 811 1309 847; x_wconf 87' lang='grc' dir='ltr'>πρὸς</span> <span class='ocrx_word' id='word_1_527' title='bbox 1324 811 1364 847; x_wconf 86' lang='grc' dir='ltr'><strong>τῷ</strong></span> <span class='ocrx_word' id='word_1_528' title='bbox 1384 811 1493 847; x_wconf 83' lang='grc' dir='ltr'>σταυρῷ</span> <span class='ocrx_word' id='word_1_529' title='bbox 1506 812 1652 847; x_wconf 85' lang='grc' dir='ltr'>γενόμενος</span> <span class='ocrx_word' id='word_1_530' title='bbox 1664 810 1793 844; x_wconf 80' lang='grc' dir='ltr'>ὑπέσχεν.</span> 
     </span>
    </p>
   </div>
   <div class='ocr_carea' id='block_1_77' title="bbox 1008 856 1797 894">
    <p class='ocr_par' dir='ltr' id='par_1_77' title="bbox 1008 856 1797 894">
     <span class='ocr_line' id='line_1_77' title="bbox 1008 856 1797 894; baseline -0.003 -10"><span class='ocrx_word' id='word_1_531' title='bbox 1008 859 1022 884; x_wconf 87' lang='grc' dir='ltr'>ὁ</span> <span class='ocrx_word' id='word_1_532' title='bbox 1035 857 1080 884; x_wconf 73' lang='grc' dir='ltr'><strong>ἐπὶ</strong></span> <span class='ocrx_word' id='word_1_533' title='bbox 1097 858 1207 894; x_wconf 83' lang='grc' dir='ltr'>μνήμης</span> <span class='ocrx_word' id='word_1_534' title='bbox 1223 858 1292 894; x_wconf 86' lang='grc' dir='ltr'>ἔχων</span> <span class='ocrx_word' id='word_1_535' title='bbox 1304 858 1347 885; x_wconf 83' lang='grc' dir='ltr'><strong>ἀεὶ</strong></span> <span class='ocrx_word' id='word_1_536' title='bbox 1364 859 1411 885; x_wconf 80' lang='grc' dir='ltr'>καὶ</span> <span class='ocrx_word' id='word_1_537' title='bbox 1425 859 1478 894; x_wconf 79' lang='grc' dir='ltr'><strong>πρὸ</strong></span> <span class='ocrx_word' id='word_1_538' title='bbox 1498 858 1552 884; x_wconf 82' lang='grc' dir='ltr'><strong>τῶν</strong></span> <span class='ocrx_word' id='word_1_539' title='bbox 1564 857 1712 892; x_wconf 78' lang='grc' dir='ltr'><strong>ὀφθαλμῶν</strong></span> <span class='ocrx_word' id='word_1_540' title='bbox 1727 856 1797 890; x_wconf 87' lang='grc' dir='ltr'>λαμ-</span> 
     </span>
    </p>
   </div>
   <div class='ocr_carea' id='block_1_78' title="bbox 1007 902 1795 940">
    <p class='ocr_par' dir='ltr' id='par_1_78' title="bbox 1007 902 1795 940">
     <span class='ocr_line' id='line_1_78' title="bbox 1007 902 1795 940; baseline -0.003 -10"><span class='ocrx_word' id='word_1_541' title='bbox 1007 904 1096 931; x_wconf 84' lang='grc' dir='ltr'>6άνων</span> <span class='ocrx_word' id='word_1_542' title='bbox 1111 905 1299 940; x_wconf 83' lang='grc' dir='ltr'>πραϋνόμενος</span> <span class='ocrx_word' id='word_1_543' title='bbox 1310 905 1358 932; x_wconf 78' lang='grc' dir='ltr'>καὶ</span> <span class='ocrx_word' id='word_1_544' title='bbox 1373 904 1542 938; x_wconf 82' lang='grc' dir='ltr'>ἀνεξικακῶν</span> <span class='ocrx_word' id='word_1_545' title='bbox 1552 905 1590 940; x_wconf 84' lang='grc' dir='ltr'>τῷ</span> <span class='ocrx_word' id='word_1_546' title='bbox 1605 903 1720 938; x_wconf 77' lang='grc' dir='ltr'>πλησίον</span> <span class='ocrx_word' id='word_1_547' title='bbox 1728 902 1795 939; x_wconf 58' lang='grc' dir='ltr'>προς</span> 
     </span>
    </p>
   </div>
   <div class='ocr_carea' id='block_1_79' title="bbox 1008 948 1743 987">
    <p class='ocr_par' dir='ltr' id='par_1_79' title="bbox 1008 948 1743 987">
     <span class='ocr_line' id='line_1_79' title="bbox 1008 948 1743 987; baseline -0.003 -11"><span class='ocrx_word' id='word_1_548' title='bbox 1008 950 1213 987; x_wconf 82' lang='grc' dir='ltr'>φιλανθρωπίαν</span> <span class='ocrx_word' id='word_1_549' title='bbox 1230 950 1297 986; x_wconf 81' lang='grc' dir='ltr'>ὁμοῦ</span> <span class='ocrx_word' id='word_1_550' title='bbox 1316 952 1363 977; x_wconf 66' lang='grc' dir='ltr'><strong>καὶ</strong></span> <span class='ocrx_word' id='word_1_551' title='bbox 1382 950 1557 985; x_wconf 77' lang='grc' dir='ltr'>φιλαδελφίαν</span> <span class='ocrx_word' id='word_1_552' title='bbox 1572 948 1743 976; x_wconf 85' lang='grc' dir='ltr'>συνωθεῖται.</span> 
     </span>
    </p>
   </div>
   <div class='ocr_carea' id='block_1_80' title="bbox 1007 995 1654 1031">
    <p class='ocr_par' dir='ltr' id='par_1_80' title="bbox 1007 995 1654 1031">
     <span class='ocr_line' id='line_1_80' title="bbox 1007 995 1654 1031; baseline -0.002 -8"><span class='ocrx_word' id='word_1_553' title='bbox 1007 997 1057 1024; x_wconf 79' lang='grc'>177</span> <span class='ocrx_word' id='word_1_554' title='bbox 1075 997 1188 1023; x_wconf 85' lang='grc' dir='ltr'>Πιστοῦ</span> <span class='ocrx_word' id='word_1_555' title='bbox 1211 998 1303 1031; x_wconf 72' lang='grc' dir='ltr'>φίλου</span> <span class='ocrx_word' id='word_1_556' title='bbox 1323 996 1420 1031; x_wconf 80' lang='grc' dir='ltr'>νόμιζε</span> <span class='ocrx_word' id='word_1_557' title='bbox 1441 995 1538 1031; x_wconf 82' lang='grc' dir='ltr'>μηδὲν</span> <span class='ocrx_word' id='word_1_558' title='bbox 1557 995 1654 1028; x_wconf 78' lang='grc' dir='ltr'>ἄξιον.</span> 
     </span>
    </p>
   </div>
   <div class='ocr_carea' id='block_1_81' title="bbox 1045 1036 1796 1078">
    <p class='ocr_par' dir='ltr' id='par_1_81' title="bbox 1045 1036 1796 1078">
     <span class='ocr_line' id='line_1_81' title="bbox 1045 1036 1796 1078; baseline -0.004 -9"><span class='ocrx_word' id='word_1_559' title='bbox 1045 1042 1122 1069; x_wconf 86' lang='grc' dir='ltr'>Ἔστι</span> <span class='ocrx_word' id='word_1_560' title='bbox 1148 1042 1225 1077; x_wconf 81' lang='grc' dir='ltr'>φίλος</span> <span class='ocrx_word' id='word_1_561' title='bbox 1237 1042 1375 1078; x_wconf 76' lang='grc' dir='ltr'>τραπέζης</span> <span class='ocrx_word' id='word_1_562' title='bbox 1387 1043 1465 1074; x_wconf 80' lang='grc' dir='ltr'>ὤνιος</span> <span class='ocrx_word' id='word_1_563' title='bbox 1484 1042 1530 1068; x_wconf 74' lang='grc' dir='ltr'>καὶ</span> <span class='ocrx_word' id='word_1_564' title='bbox 1544 1040 1650 1077; x_wconf 78' lang='grc' dir='ltr'><strong>ἡδονῆς,</strong></span> <span class='ocrx_word' id='word_1_565' title='bbox 1662 1040 1711 1067; x_wconf 77' lang='grc' dir='ltr'><strong>καὶ</strong></span> <span class='ocrx_word' id='word_1_566' title='bbox 1721 1036 1796 1070; x_wconf 71' lang='grc' dir='ltr'>οὗτος</span> 
     </span>
    </p>
   </div>
   <div class='ocr_carea' id='block_1_82' title="bbox 1007 1085 1798 1123">
    <p class='ocr_par' dir='ltr' id='par_1_82' title="bbox 1007 1085 1798 1123">
     <span class='ocr_line' id='line_1_82' title="bbox 1007 1085 1798 1123; baseline -0.004 -9"><span class='ocrx_word' id='word_1_567' title='bbox 1007 1088 1121 1120; x_wconf 79' lang='grc' dir='ltr'>ἄπιστος</span> <span class='ocrx_word' id='word_1_568' title='bbox 1131 1097 1137 1103; x_wconf 91' lang='grc'>·</span> <span class='ocrx_word' id='word_1_569' title='bbox 1149 1088 1342 1123; x_wconf 77' lang='grc' dir='ltr'>ἐπιλειπούσης</span> <span class='ocrx_word' id='word_1_570' title='bbox 1357 1088 1412 1123; x_wconf 77' lang='grc' dir='ltr'>γὰρ</span> <span class='ocrx_word' id='word_1_571' title='bbox 1422 1088 1472 1123; x_wconf 84' lang='grc' dir='ltr'>τῆς</span> <span class='ocrx_word' id='word_1_572' title='bbox 1484 1088 1538 1114; x_wconf 91' lang='grc' dir='ltr'><strong>τῶν</strong></span> <span class='ocrx_word' id='word_1_573' title='bbox 1551 1086 1711 1122; x_wconf 84' lang='grc' dir='ltr'>συμποσίων</span> <span class='ocrx_word' id='word_1_574' title='bbox 1721 1085 1798 1123; x_wconf 74' lang='grc' dir='ltr'>χάρι-</span> 
     </span>
    </p>
   </div>
   <div class='ocr_carea' id='block_1_83' title="bbox 1008 1131 1798 1171">
    <p class='ocr_par' dir='ltr' id='par_1_83' title="bbox 1008 1131 1798 1171">
     <span class='ocr_line' id='line_1_83' title="bbox 1008 1131 1798 1171; baseline -0.003 -10"><span class='ocrx_word' id='word_1_575' title='bbox 1008 1143 1053 1166; x_wconf 86' lang='grc' dir='ltr'><strong>τος</strong></span> <span class='ocrx_word' id='word_1_576' title='bbox 1068 1135 1115 1161; x_wconf 75' lang='grc' dir='ltr'>καὶ</span> <span class='ocrx_word' id='word_1_577' title='bbox 1130 1135 1252 1171; x_wconf 67' lang='grc' dir='ltr'>τέρψεως</span> <span class='ocrx_word' id='word_1_578' title='bbox 1265 1135 1428 1171; x_wconf 76' lang='grc' dir='ltr'>ἡδυπαθοῦς,</span> <span class='ocrx_word' id='word_1_579' title='bbox 1438 1135 1486 1161; x_wconf 78' lang='grc' dir='ltr'>καὶ</span> <span class='ocrx_word' id='word_1_580' title='bbox 1498 1133 1580 1165; x_wconf 81' lang='grc' dir='ltr'>αὐτὸς</span> <span class='ocrx_word' id='word_1_581' title='bbox 1591 1132 1708 1167; x_wconf 77' lang='grc' dir='ltr'>ἀπέστη.</span> <span class='ocrx_word' id='word_1_582' title='bbox 1719 1131 1798 1157; x_wconf 73' lang='grc' dir='ltr'>Ἔστι</span> 
     </span>
    </p>
   </div>
   <div class='ocr_carea' id='block_1_84' title="bbox 1009 1176 1799 1216">
    <p class='ocr_par' dir='ltr' id='par_1_84' title="bbox 1009 1176 1799 1216">
     <span class='ocr_line' id='line_1_84' title="bbox 1009 1176 1799 1216; baseline -0.005 -10"><span class='ocrx_word' id='word_1_583' title='bbox 1009 1180 1083 1215; x_wconf 80' lang='grc' dir='ltr'>φίλος</span> <span class='ocrx_word' id='word_1_584' title='bbox 1098 1181 1147 1215; x_wconf 81' lang='grc' dir='ltr'>τῆς</span> <span class='ocrx_word' id='word_1_585' title='bbox 1164 1182 1259 1216; x_wconf 84' lang='grc' dir='ltr'>χρείας</span> <span class='ocrx_word' id='word_1_586' title='bbox 1272 1181 1354 1207; x_wconf 77' lang='grc' dir='ltr'>αὐτὸν</span> <span class='ocrx_word' id='word_1_587' title='bbox 1364 1180 1548 1216; x_wconf 82' lang='grc' dir='ltr'>ὲφελκομένης</span> <span class='ocrx_word' id='word_1_588' title='bbox 1562 1179 1609 1206; x_wconf 80' lang='grc' dir='ltr'><strong>καὶ</strong></span> <span class='ocrx_word' id='word_1_589' title='bbox 1621 1176 1799 1214; x_wconf 78' lang='grc' dir='ltr'>παρεδρεύειν</span> 
     </span>
    </p>
   </div>
   <div class='ocr_carea' id='block_1_85' title="bbox 1010 1223 1799 1262">
    <p class='ocr_par' dir='ltr' id='par_1_85' title="bbox 1010 1223 1799 1262">
     <span class='ocr_line' id='line_1_85' title="bbox 1010 1223 1799 1262; baseline -0.003 -10"><span class='ocrx_word' id='word_1_590' title='bbox 1010 1226 1233 1262; x_wconf 82' lang='grc' dir='ltr'>προτρεπούσης,</span> <span class='ocrx_word' id='word_1_591' title='bbox 1257 1226 1368 1258; x_wconf 79' lang='grc' dir='ltr'>ἄπιστος</span> <span class='ocrx_word' id='word_1_592' title='bbox 1384 1226 1412 1253; x_wconf 81' lang='grc' dir='ltr'>δὲ</span> <span class='ocrx_word' id='word_1_593' title='bbox 1433 1226 1482 1253; x_wconf 75' lang='grc' dir='ltr'>καὶ</span> <span class='ocrx_word' id='word_1_594' title='bbox 1503 1225 1584 1257; x_wconf 83' lang='grc' dir='ltr'>αὑτός</span> <span class='ocrx_word' id='word_1_595' title='bbox 1600 1233 1607 1240; x_wconf 88' lang='grc'><strong>·</strong></span> <span class='ocrx_word' id='word_1_596' title='bbox 1627 1225 1685 1260; x_wconf 72' lang='grc' dir='ltr'>ἅμα</span> <span class='ocrx_word' id='word_1_597' title='bbox 1709 1223 1764 1259; x_wconf 83' lang='grc' dir='ltr'>γὰρ</span> <span class='ocrx_word' id='word_1_598' title='bbox 1780 1223 1799 1258; x_wconf 77' lang='grc' dir='ltr'><strong>ἠ</strong></span> 
     </span>
    </p>
   </div>
   <div class='ocr_carea' id='block_1_86' title="bbox 1009 1271 1800 1311">
    <p class='ocr_par' dir='ltr' id='par_1_86' title="bbox 1009 1271 1800 1311">
     <span class='ocr_line' id='line_1_86' title="bbox 1009 1271 1800 1311; baseline -0.005 -13"><span class='ocrx_word' id='word_1_599' title='bbox 1009 1273 1088 1307; x_wconf 87' lang='grc' dir='ltr'>χρεία</span> <span class='ocrx_word' id='word_1_600' title='bbox 1111 1272 1232 1308; x_wconf 87' lang='grc' dir='ltr'>παρῆλθε</span> <span class='ocrx_word' id='word_1_601' title='bbox 1249 1272 1297 1298; x_wconf 83' lang='grc' dir='ltr'><strong>καὶ</strong></span> <span class='ocrx_word' id='word_1_602' title='bbox 1319 1272 1401 1304; x_wconf 81' lang='grc' dir='ltr'>αὐτὸς</span> <span class='ocrx_word' id='word_1_603' title='bbox 1422 1273 1491 1311; x_wconf 79' lang='grc' dir='ltr'>αὐτῇ</span> <span class='ocrx_word' id='word_1_604' title='bbox 1510 1271 1666 1307; x_wconf 75' lang='grc' dir='ltr'>παραυτίκα</span> <span class='ocrx_word' id='word_1_605' title='bbox 1695 1278 1800 1296; x_wconf 82' lang='grc' dir='ltr'>συναπ-</span> 
     </span>
    </p>
   </div>
   <div class='ocr_carea' id='block_1_87' title="bbox 1009 1314 1800 1353">
    <p class='ocr_par' dir='ltr' id='par_1_87' title="bbox 1009 1314 1800 1353">
     <span class='ocr_line' id='line_1_87' title="bbox 1009 1314 1800 1353; baseline -0.004 -10"><span class='ocrx_word' id='word_1_606' title='bbox 1009 1317 1106 1352; x_wconf 85' lang='grc' dir='ltr'>ᾠχετο.</span> <span class='ocrx_word' id='word_1_607' title='bbox 1126 1318 1204 1344; x_wconf 87' lang='grc' dir='ltr'>Ἔστι</span> <span class='ocrx_word' id='word_1_608' title='bbox 1222 1317 1290 1353; x_wconf 80' lang='grc' dir='ltr'>πρὸς</span> <span class='ocrx_word' id='word_1_609' title='bbox 1303 1319 1358 1349; x_wconf 87' lang='grc' dir='ltr'>τοῖς</span> <span class='ocrx_word' id='word_1_610' title='bbox 1380 1318 1536 1353; x_wconf 72' lang='grc' dir='ltr'>εἰρημένοις</span> <span class='ocrx_word' id='word_1_611' title='bbox 1560 1316 1636 1350; x_wconf 86' lang='grc' dir='ltr'>φίλος</span> <span class='ocrx_word' id='word_1_612' title='bbox 1649 1316 1682 1342; x_wconf 78' lang='grc' dir='ltr'>δι’</span> <span class='ocrx_word' id='word_1_613' title='bbox 1698 1314 1800 1351; x_wconf 80' lang='grc' dir='ltr'>ἀρετὴν</span> 
     </span>
    </p>
   </div>
   <div class='ocr_carea' id='block_1_88' title="bbox 1010 1358 1800 1398">
    <p class='ocr_par' dir='ltr' id='par_1_88' title="bbox 1010 1358 1800 1398">
     <span class='ocr_line' id='line_1_88' title="bbox 1010 1358 1800 1398; baseline -0.004 -11"><span class='ocrx_word' id='word_1_614' title='bbox 1010 1362 1057 1388; x_wconf 76' lang='grc' dir='ltr'>καὶ</span> <span class='ocrx_word' id='word_1_615' title='bbox 1080 1361 1148 1388; x_wconf 75' lang='grc' dir='ltr'>Θεοῦ</span> <span class='ocrx_word' id='word_1_616' title='bbox 1172 1362 1250 1396; x_wconf 82' lang='grc' dir='ltr'>λόγον</span> <span class='ocrx_word' id='word_1_617' title='bbox 1274 1362 1479 1398; x_wconf 83' lang='grc' dir='ltr'>εὑρισκόμενος.</span> <span class='ocrx_word' id='word_1_618' title='bbox 1495 1358 1578 1392; x_wconf 70' lang='grc' dir='ltr'>Οὗτος</span> <span class='ocrx_word' id='word_1_619' title='bbox 1599 1359 1711 1391; x_wconf 72' lang='grc' dir='ltr'>πιστὸς,</span> <span class='ocrx_word' id='word_1_620' title='bbox 1725 1358 1755 1385; x_wconf 81' lang='grc' dir='ltr'>ὃν</span> <span class='ocrx_word' id='word_1_621' title='bbox 1769 1358 1800 1384; x_wconf 80' lang='grc' dir='ltr'><strong>οὐ</strong></span> 
     </span>
    </p>
   </div>
   <div class='ocr_carea' id='block_1_89' title="bbox 1010 1404 1801 1444">
    <p class='ocr_par' dir='ltr' id='par_1_89' title="bbox 1010 1404 1801 1444">
     <span class='ocr_line' id='line_1_89' title="bbox 1010 1404 1801 1444; baseline -0.003 -11"><span class='ocrx_word' id='word_1_622' title='bbox 1010 1406 1136 1443; x_wconf 78' lang='grc' dir='ltr'>τράπεζα</span> <span class='ocrx_word' id='word_1_623' title='bbox 1150 1408 1165 1442; x_wconf 84' lang='grc' dir='ltr'>ἢ</span> <span class='ocrx_word' id='word_1_624' title='bbox 1181 1408 1341 1443; x_wconf 79' lang='grc' dir='ltr'>συμποσίων</span> <span class='ocrx_word' id='word_1_625' title='bbox 1355 1409 1435 1444; x_wconf 81' lang='grc' dir='ltr'>χάρις</span> <span class='ocrx_word' id='word_1_626' title='bbox 1451 1408 1636 1434; x_wconf 82' lang='grc' dir='ltr'>ἀναδείκνυσιν</span> <span class='ocrx_word' id='word_1_627' title='bbox 1647 1405 1738 1441; x_wconf 79' lang='grc' dir='ltr'>(τοῦτο</span> <span class='ocrx_word' id='word_1_628' title='bbox 1747 1404 1801 1440; x_wconf 78' lang='grc' dir='ltr'>γὰρ</span> 
     </span>
    </p>
   </div>
   <div class='ocr_carea' id='block_1_90' title="bbox 1011 1451 1802 1491">
    <p class='ocr_par' dir='ltr' id='par_1_90' title="bbox 1011 1451 1802 1491">
     <span class='ocr_line' id='line_1_90' title="bbox 1011 1451 1802 1491; baseline -0.004 -11"><span class='ocrx_word' id='word_1_629' title='bbox 1011 1455 1024 1480; x_wconf 84' lang='grc' dir='ltr'>ὁ</span> <span class='ocrx_word' id='word_1_630' title='bbox 1041 1454 1203 1490; x_wconf 77' lang='grc' dir='ltr'>κρατὴρ),δς</span> <span class='ocrx_word' id='word_1_631' title='bbox 1216 1456 1246 1482; x_wconf 79' lang='grc' dir='ltr'>οὺ</span> <span class='ocrx_word' id='word_1_632' title='bbox 1258 1455 1352 1491; x_wconf 78' lang='grc' dir='ltr'>χρείας</span> <span class='ocrx_word' id='word_1_633' title='bbox 1364 1455 1456 1481; x_wconf 82' lang='grc' dir='ltr'>εἵνεκα</span> <span class='ocrx_word' id='word_1_634' title='bbox 1469 1453 1643 1490; x_wconf 84' lang='grc' dir='ltr'>παρεδρεύων</span> <span class='ocrx_word' id='word_1_635' title='bbox 1653 1451 1702 1479; x_wconf 75' lang='grc' dir='ltr'>καὶ</span> <span class='ocrx_word' id='word_1_636' title='bbox 1714 1460 1802 1487; x_wconf 77' lang='grc' dir='ltr'>παρα-</span> 
     </span>
    </p>
   </div>
   <div class='ocr_carea' id='block_1_91' title="bbox 1013 1495 1802 1536">
    <p class='ocr_par' dir='ltr' id='par_1_91' title="bbox 1013 1495 1802 1536">
     <span class='ocr_line' id='line_1_91' title="bbox 1013 1495 1802 1536; baseline -0.005 -12"><span class='ocrx_word' id='word_1_637' title='bbox 1013 1499 1112 1531; x_wconf 86' lang='grc' dir='ltr'>σιτῶν,</span> <span class='ocrx_word' id='word_1_638' title='bbox 1133 1500 1184 1526; x_wconf 86' lang='grc' dir='ltr'>ὅσα</span> <span class='ocrx_word' id='word_1_639' title='bbox 1205 1500 1272 1535; x_wconf 81' lang='grc' dir='ltr'>πρὸς</span> <span class='ocrx_word' id='word_1_640' title='bbox 1293 1500 1373 1536; x_wconf 83' lang='grc' dir='ltr'>χάριν</span> <span class='ocrx_word' id='word_1_641' title='bbox 1398 1499 1446 1526; x_wconf 80' lang='grc' dir='ltr'>καὶ</span> <span class='ocrx_word' id='word_1_642' title='bbox 1465 1498 1549 1533; x_wconf 81' lang='grc' dir='ltr'>ἀκοῆς</span> <span class='ocrx_word' id='word_1_643' title='bbox 1565 1496 1662 1533; x_wconf 68' lang='grc' dir='ltr'>τέρψιν</span> <span class='ocrx_word' id='word_1_644' title='bbox 1684 1495 1802 1532; x_wconf 80' lang='grc' dir='ltr'>ματαίαν</span> 
     </span>
    </p>
   </div>
   <div class='ocr_carea' id='block_1_92' title="bbox 1014 1541 1801 1581">
    <p class='ocr_par' dir='ltr' id='par_1_92' title="bbox 1014 1541 1801 1581">
     <span class='ocr_line' id='line_1_92' title="bbox 1014 1541 1801 1581; baseline -0.008 -9"><span class='ocrx_word' id='word_1_645' title='bbox 1014 1547 1069 1577; x_wconf 80' lang='grc' dir='ltr'>τοῖς</span> <span class='ocrx_word' id='word_1_646' title='bbox 1083 1546 1163 1572; x_wconf 81' lang='grc' dir='ltr'>αὐτὸν</span> <span class='ocrx_word' id='word_1_647' title='bbox 1178 1545 1300 1581; x_wconf 79' lang='grc' dir='ltr'>φιλοῦσιν</span> <span class='ocrx_word' id='word_1_648' title='bbox 1311 1543 1589 1580; x_wconf 76' lang='grc' dir='ltr'>ἀποφθέγγεται,ἀλλ’</span> <span class='ocrx_word' id='word_1_649' title='bbox 1603 1543 1654 1569; x_wconf 84' lang='grc' dir='ltr'>ὅσα</span> <span class='ocrx_word' id='word_1_650' title='bbox 1663 1541 1801 1575; x_wconf 81' lang='grc' dir='ltr'>λυσιτελῆ.</span> 
     </span>
    </p>
   </div>
   <div class='ocr_carea' id='block_1_93' title="bbox 1013 1585 1802 1626">
    <p class='ocr_par' dir='ltr' id='par_1_93' title="bbox 1013 1585 1802 1626">
     <span class='ocr_line' id='line_1_93' title="bbox 1013 1585 1802 1626; baseline -0.008 -9"><span class='ocrx_word' id='word_1_651' title='bbox 1013 1591 1062 1617; x_wconf 85' lang='grc' dir='ltr'>ὃσα</span> <span class='ocrx_word' id='word_1_652' title='bbox 1081 1591 1207 1626; x_wconf 78' lang='grc' dir='ltr'>σύμφορα</span> <span class='ocrx_word' id='word_1_653' title='bbox 1218 1592 1265 1617; x_wconf 68' lang='grc' dir='ltr'><strong>καὶ</strong></span> <span class='ocrx_word' id='word_1_654' title='bbox 1278 1591 1348 1617; x_wconf 83' lang='grc' dir='ltr'>κατὰ</span> <span class='ocrx_word' id='word_1_655' title='bbox 1364 1590 1429 1617; x_wconf 81' lang='grc' dir='ltr'>Θεὸν</span> <span class='ocrx_word' id='word_1_656' title='bbox 1444 1588 1600 1624; x_wconf 78' lang='grc' dir='ltr'>ὠφελοῦντα</span> <span class='ocrx_word' id='word_1_657' title='bbox 1612 1585 1802 1622; x_wconf 77' lang='grc' dir='ltr'>συμϐουλεύει·</span> 
     </span>
    </p>
   </div>
   <div class='ocr_carea' id='block_1_94' title="bbox 1013 1632 1804 1673">
    <p class='ocr_par' dir='ltr' id='par_1_94' title="bbox 1013 1632 1804 1673">
     <span class='ocr_line' id='line_1_94' title="bbox 1013 1632 1804 1673; baseline -0.008 -10"><span class='ocrx_word' id='word_1_658' title='bbox 1013 1634 1089 1668; x_wconf 70' lang='grc' dir='ltr'>οὗτος</span> <span class='ocrx_word' id='word_1_659' title='bbox 1106 1637 1191 1673; x_wconf 79' lang='grc' dir='ltr'>φίλος</span> <span class='ocrx_word' id='word_1_660' title='bbox 1203 1637 1306 1669; x_wconf 78' lang='grc' dir='ltr'>πιστὸς,</span> <span class='ocrx_word' id='word_1_661' title='bbox 1326 1637 1354 1664; x_wconf 82' lang='grc' dir='ltr'>ὃν</span> <span class='ocrx_word' id='word_1_662' title='bbox 1377 1636 1445 1672; x_wconf 83' lang='grc' dir='ltr'>ζάλη</span> <span class='ocrx_word' id='word_1_663' title='bbox 1466 1636 1513 1662; x_wconf 76' lang='grc' dir='ltr'><strong>καὶ</strong></span> <span class='ocrx_word' id='word_1_664' title='bbox 1530 1633 1682 1669; x_wconf 83' lang='grc' dir='ltr'>πειρασμὸς</span> <span class='ocrx_word' id='word_1_665' title='bbox 1700 1633 1717 1667; x_wconf 88' lang='grc' dir='ltr'>ἦ</span> <span class='ocrx_word' id='word_1_666' title='bbox 1734 1632 1804 1666; x_wconf 70' lang='grc' dir='ltr'>ὑπὲρ</span> 
     </span>
    </p>
   </div>
   <div class='ocr_carea' id='block_1_95' title="bbox 1014 1677 1805 1717">
    <p class='ocr_par' dir='ltr' id='par_1_95' title="bbox 1014 1677 1805 1717">
     <span class='ocr_line' id='line_1_95' title="bbox 1014 1677 1805 1717; baseline -0.009 -8"><span class='ocrx_word' id='word_1_667' title='bbox 1014 1683 1155 1715; x_wconf 78' lang='grc' dir='ltr'>εὐσεὸείας</span> <span class='ocrx_word' id='word_1_668' title='bbox 1176 1683 1345 1711; x_wconf 84' lang='grc' dir='ltr'>ἀναδεικνύει</span> <span class='ocrx_word' id='word_1_669' title='bbox 1368 1682 1504 1717; x_wconf 85' lang='grc' dir='ltr'>διωγμός·</span> <span class='ocrx_word' id='word_1_670' title='bbox 1516 1680 1562 1708; x_wconf 82' lang='grc' dir='ltr'>τοῦ</span> <span class='ocrx_word' id='word_1_671' title='bbox 1582 1679 1704 1706; x_wconf 75' lang='grc' dir='ltr'>τοιούτου</span> <span class='ocrx_word' id='word_1_672' title='bbox 1723 1677 1805 1712; x_wconf 74' lang='grc' dir='ltr'>μηδὲν</span> 
     </span>
    </p>
   </div>
   <div class='ocr_carea' id='block_1_96' title="bbox 1015 1724 1804 1764">
    <p class='ocr_par' dir='ltr' id='par_1_96' title="bbox 1015 1724 1804 1764">
     <span class='ocr_line' id='line_1_96' title="bbox 1015 1724 1804 1764; baseline -0.008 -9"><span class='ocrx_word' id='word_1_673' title='bbox 1015 1727 1084 1755; x_wconf 75' lang='grc' dir='ltr'>εἶναι</span> <span class='ocrx_word' id='word_1_674' title='bbox 1108 1729 1287 1764; x_wconf 83' lang='grc' dir='ltr'>ἀντάλλαγμα</span> <span class='ocrx_word' id='word_1_675' title='bbox 1301 1728 1355 1755; x_wconf 88' lang='grc' dir='ltr'><strong>τῶν</strong></span> <span class='ocrx_word' id='word_1_676' title='bbox 1371 1728 1425 1755; x_wconf 80' lang='grc' dir='ltr'><strong>ἀπὸ</strong></span> <span class='ocrx_word' id='word_1_677' title='bbox 1441 1728 1503 1764; x_wconf 85' lang='grc' dir='ltr'>γῆς,</span> <span class='ocrx_word' id='word_1_678' title='bbox 1526 1726 1608 1762; x_wconf 81' lang='grc' dir='ltr'>μηδὲν</span> <span class='ocrx_word' id='word_1_679' title='bbox 1628 1725 1682 1752; x_wconf 86' lang='grc' dir='ltr'><strong>τῶν</strong></span> <span class='ocrx_word' id='word_1_680' title='bbox 1707 1724 1804 1759; x_wconf 85' lang='grc' dir='ltr'>τιμίων</span> 
     </span>
    </p>
   </div>
   <div class='ocr_carea' id='block_1_97' title="bbox 1014 1769 1806 1810">
    <p class='ocr_par' dir='ltr' id='par_1_97' title="bbox 1014 1769 1806 1810">
     <span class='ocr_line' id='line_1_97' title="bbox 1014 1769 1806 1810; baseline -0.005 -10"><span class='ocrx_word' id='word_1_681' title='bbox 1014 1775 1187 1810; x_wconf 76' lang='grc' dir='ltr'>τιμιώτερον,</span> <span class='ocrx_word' id='word_1_682' title='bbox 1198 1775 1265 1810; x_wconf 79' lang='grc' dir='ltr'>μηδὲ</span> <span class='ocrx_word' id='word_1_683' title='bbox 1276 1774 1329 1800; x_wconf 87' lang='grc' dir='ltr'><strong>τῶν</strong></span> <span class='ocrx_word' id='word_1_684' title='bbox 1341 1774 1479 1809; x_wconf 83' lang='grc' dir='ltr'>ἐρασμίων</span> <span class='ocrx_word' id='word_1_685' title='bbox 1490 1771 1692 1808; x_wconf 79' lang='grc' dir='ltr'>ἐρασμιώτερον</span> <span class='ocrx_word' id='word_1_686' title='bbox 1704 1771 1719 1797; x_wconf 82' lang='grc' dir='ltr'>ὁ</span> <span class='ocrx_word' id='word_1_687' title='bbox 1733 1769 1806 1804; x_wconf 80' lang='grc' dir='ltr'>ἱερὸς</span> 
     </span>
    </p>
   </div>
   <div class='ocr_carea' id='block_1_98' title="bbox 1015 1817 1806 1857">
    <p class='ocr_par' dir='ltr' id='par_1_98' title="bbox 1015 1817 1806 1857">
     <span class='ocr_line' id='line_1_98' title="bbox 1015 1817 1806 1857; baseline -0.006 -10"><span class='ocrx_word' id='word_1_688' title='bbox 1015 1820 1094 1856; x_wconf 89' lang='grc' dir='ltr'>λόγος</span> <span class='ocrx_word' id='word_1_689' title='bbox 1111 1821 1194 1854; x_wconf 78' lang='grc' dir='ltr'>ἀξίως</span> <span class='ocrx_word' id='word_1_690' title='bbox 1218 1823 1360 1857; x_wconf 83' lang='grc' dir='ltr'>μαρτυρεῖ.</span> <span class='ocrx_word' id='word_1_691' title='bbox 1380 1819 1500 1856; x_wconf 85' lang='grc' dir='ltr'>’Ἑχθρας</span> <span class='ocrx_word' id='word_1_692' title='bbox 1525 1819 1575 1854; x_wconf 80' lang='grc' dir='ltr'>μὲν</span> <span class='ocrx_word' id='word_1_693' title='bbox 1600 1817 1647 1845; x_wconf 81' lang='grc' dir='ltr'><strong>οὖν</strong></span> <span class='ocrx_word' id='word_1_694' title='bbox 1676 1817 1806 1848; x_wconf 78' lang='grc' dir='ltr'>πολλάκις</span> 
     </span>
    </p>
   </div>
   <div class='ocr_carea' id='block_1_99' title="bbox 1016 1863 1806 1902">
    <p class='ocr_par' dir='ltr' id='par_1_99' title="bbox 1016 1863 1806 1902">
     <span class='ocr_line' id='line_1_99' title="bbox 1016 1863 1806 1902; baseline 0.003 -8"><span class='ocrx_word' id='word_1_695' title='bbox 1016 1868 1049 1894; x_wconf 79' lang='grc' dir='ltr'><strong>ὲκ</strong></span> <span class='ocrx_word' id='word_1_696' title='bbox 1067 1867 1277 1902; x_wconf 83' lang='grc' dir='ltr'>συμπτωμάτων</span> <span class='ocrx_word' id='word_1_697' title='bbox 1293 1866 1423 1893; x_wconf 80' lang='grc' dir='ltr'>ποικίλων</span> <span class='ocrx_word' id='word_1_698' title='bbox 1448 1863 1696 1901; x_wconf 81' lang='grc' dir='ltr'>παρεμπιπτούσης</span> <span class='ocrx_word' id='word_1_699' title='bbox 1713 1864 1747 1898; x_wconf 74' lang='grc' dir='ltr'>τῇ</span> <span class='ocrx_word' id='word_1_700' title='bbox 1763 1871 1806 1897; x_wconf 69' lang='grc' dir='ltr'><strong>φι-</strong></span> 
     </span>
    </p>
   </div>
   <div class='ocr_carea' id='block_1_100' title="bbox 1016 1910 1807 1952">
    <p class='ocr_par' dir='ltr' id='par_1_100' title="bbox 1016 1910 1807 1952">
     <span class='ocr_line' id='line_1_100' title="bbox 1016 1910 1807 1952; baseline -0.005 -10"><span class='ocrx_word' id='word_1_701' title='bbox 1016 1916 1072 1952; x_wconf 75' lang='grc' dir='ltr'>λίᾳ,</span> <span class='ocrx_word' id='word_1_702' title='bbox 1090 1915 1165 1948; x_wconf 79' lang='grc' dir='ltr'>ἄξιον</span> <span class='ocrx_word' id='word_1_703' title='bbox 1180 1916 1259 1951; x_wconf 84' lang='grc' dir='ltr'>ὄρους</span> <span class='ocrx_word' id='word_1_704' title='bbox 1274 1915 1384 1946; x_wconf 76' lang='grc' dir='ltr'>εἰδέναι,</span> <span class='ocrx_word' id='word_1_705' title='bbox 1409 1914 1456 1941; x_wconf 73' lang='grc' dir='ltr'>καὶ</span> <span class='ocrx_word' id='word_1_706' title='bbox 1479 1913 1572 1949; x_wconf 84' lang='grc' dir='ltr'>μέτρῳ</span> <span class='ocrx_word' id='word_1_707' title='bbox 1592 1912 1641 1939; x_wconf 76' lang='grc' dir='ltr'>καὶ</span> <span class='ocrx_word' id='word_1_708' title='bbox 1653 1910 1742 1946; x_wconf 81' lang='grc' dir='ltr'>καιρῷ</span> <span class='ocrx_word' id='word_1_709' title='bbox 1767 1910 1807 1945; x_wconf 78' lang='grc' dir='ltr'>τῷ</span> 
     </span>
    </p>
   </div>
   <div class='ocr_carea' id='block_1_101' title="bbox 1016 1955 1808 1996">
    <p class='ocr_par' dir='ltr' id='par_1_101' title="bbox 1016 1955 1808 1996">
     <span class='ocr_line' id='line_1_101' title="bbox 1016 1955 1808 1996; baseline -0.009 -9"><span class='ocrx_word' id='word_1_710' title='bbox 1016 1961 1084 1996; x_wconf 78' lang='grc' dir='ltr'>ἀξίῳ</span> <span class='ocrx_word' id='word_1_711' title='bbox 1108 1961 1158 1992; x_wconf 85' lang='grc' dir='ltr'>τὰς</span> <span class='ocrx_word' id='word_1_712' title='bbox 1189 1960 1343 1992; x_wconf 73' lang='grc' dir='ltr'>διαστάσεις</span> <span class='ocrx_word' id='word_1_713' title='bbox 1370 1960 1490 1995; x_wconf 81' lang='grc' dir='ltr'>κρίνειν·</span> <span class='ocrx_word' id='word_1_714' title='bbox 1507 1958 1598 1992; x_wconf 87' lang='grc' dir='ltr'>φιλίας</span> <span class='ocrx_word' id='word_1_715' title='bbox 1624 1956 1652 1983; x_wconf 74' lang='grc' dir='ltr'>δὲ</span> <span class='ocrx_word' id='word_1_716' title='bbox 1677 1955 1808 1991; x_wconf 73' lang='grc' dir='ltr'>ἀληθινῆς</span> 
     </span>
    </p>
   </div>
   <div class='ocr_carea' id='block_1_102' title="bbox 1017 2003 1807 2043">
    <p class='ocr_par' dir='ltr' id='par_1_102' title="bbox 1017 2003 1807 2043">
     <span class='ocr_line' id='line_1_102' title="bbox 1017 2003 1807 2043; baseline -0.008 -10"><span class='ocrx_word' id='word_1_717' title='bbox 1017 2008 1096 2043; x_wconf 83' lang='grc' dir='ltr'>ὅρους</span> <span class='ocrx_word' id='word_1_718' title='bbox 1108 2008 1208 2042; x_wconf 70' lang='grc' dir='ltr'>ἥκιστα</span> <span class='ocrx_word' id='word_1_719' title='bbox 1225 2006 1370 2041; x_wconf 82' lang='grc' dir='ltr'>γινώσκειν</span> <span class='ocrx_word' id='word_1_720' title='bbox 1386 2006 1439 2041; x_wconf 86' lang='grc' dir='ltr'>χρή</span> <span class='ocrx_word' id='word_1_721' title='bbox 1501 2005 1570 2040; x_wconf 85' lang='grc' dir='ltr'>αὐτὴ</span> <span class='ocrx_word' id='word_1_722' title='bbox 1584 2003 1639 2039; x_wconf 79' lang='grc' dir='ltr'>γὰρ</span> <span class='ocrx_word' id='word_1_723' title='bbox 1654 2003 1714 2029; x_wconf 77' lang='grc' dir='ltr'>ἐστι</span> <span class='ocrx_word' id='word_1_724' title='bbox 1728 2003 1762 2038; x_wconf 79' lang='grc' dir='ltr'>τῇ</span> <span class='ocrx_word' id='word_1_725' title='bbox 1778 2003 1807 2028; x_wconf 78' lang='grc' dir='ltr'>ἐν</span> 
     </span>
    </p>
   </div>
   <div class='ocr_carea' id='block_1_103' title="bbox 1017 2052 1616 2090">
    <p class='ocr_par' dir='ltr' id='par_1_103' title="bbox 1017 2052 1616 2090">
     <span class='ocr_line' id='line_1_103' title="bbox 1017 2052 1616 2090; baseline -0.003 -10"><span class='ocrx_word' id='word_1_726' title='bbox 1017 2054 1128 2090; x_wconf 81' lang='grc' dir='ltr'>Χριστῷ</span> <span class='ocrx_word' id='word_1_727' title='bbox 1139 2054 1243 2090; x_wconf 80' lang='grc' dir='ltr'>ἀγάπῃ,</span> <span class='ocrx_word' id='word_1_728' title='bbox 1258 2054 1320 2089; x_wconf 82' lang='grc' dir='ltr'>ἥτις</span> <span class='ocrx_word' id='word_1_729' title='bbox 1335 2053 1463 2079; x_wconf 75' lang='grc' dir='ltr'>οὐδέποτε</span> <span class='ocrx_word' id='word_1_730' title='bbox 1476 2052 1616 2079; x_wconf 78' lang='grc' dir='ltr'>ἐκπίπτει.</span> 
     </span>
    </p>
   </div>
   <div class='ocr_carea' id='block_1_104' title="bbox 1020 2106 1807 2145">
    <p class='ocr_par' dir='ltr' id='par_1_104' title="bbox 1020 2106 1807 2145">
     <span class='ocr_line' id='line_1_104' title="bbox 1020 2106 1807 2145; baseline -0.008 -7"><span class='ocrx_word' id='word_1_731' title='bbox 1020 2112 1065 2138; x_wconf 86' lang='lat' dir='ltr'><strong>lSl</strong></span> <span class='ocrx_word' id='word_1_732' title='bbox 1092 2111 1190 2138; x_wconf 73' lang='grc' dir='ltr'>Τᾶλλιι</span> <span class='ocrx_word' id='word_1_733' title='bbox 1203 2111 1328 2143; x_wconf 77' lang='grc' dir='ltr'>,βλέπων</span> <span class='ocrx_word' id='word_1_734' title='bbox 1349 2109 1501 2145; x_wconf 60' lang='grc' dir='ltr'>ὀφθαλμὸς</span> <span class='ocrx_word' id='word_1_735' title='bbox 1515 2108 1609 2136; x_wconf 88' lang='grc' dir='ltr'>αὑτὸν</span> <span class='ocrx_word' id='word_1_736' title='bbox 1630 2108 1666 2135; x_wconf 88' lang='grc' dir='ltr'>οὐ</span> <span class='ocrx_word' id='word_1_737' title='bbox 1685 2106 1807 2139; x_wconf 73' lang='grc' dir='ltr'>βλέπει.</span> 
     </span>
    </p>
   </div>
   <div class='ocr_carea' id='block_1_105' title="bbox 1062 2163 1808 2203">
    <p class='ocr_par' dir='ltr' id='par_1_105' title="bbox 1062 2163 1808 2203">
     <span class='ocr_line' id='line_1_105' title="bbox 1062 2163 1808 2203; baseline -0.008 -8"><span class='ocrx_word' id='word_1_738' title='bbox 1062 2169 1091 2195; x_wconf 82' lang='grc' dir='ltr'>Ὀ</span> <span class='ocrx_word' id='word_1_739' title='bbox 1115 2169 1165 2203; x_wconf 85' lang='grc' dir='ltr'><strong>μὲν</strong></span> <span class='ocrx_word' id='word_1_740' title='bbox 1184 2168 1321 2202; x_wconf 84' lang='grc' dir='ltr'>ὀφθαλμὸς</span> <span class='ocrx_word' id='word_1_741' title='bbox 1343 2167 1390 2194; x_wconf 81' lang='grc' dir='ltr'>τοῦ</span> <span class='ocrx_word' id='word_1_742' title='bbox 1407 2167 1532 2202; x_wconf 84' lang='grc' dir='ltr'>σώματος</span> <span class='ocrx_word' id='word_1_743' title='bbox 1546 2165 1641 2193; x_wconf 76' lang='grc' dir='ltr'>ἑαυτὸν</span> <span class='ocrx_word' id='word_1_744' title='bbox 1662 2165 1711 2200; x_wconf 82' lang='grc' dir='ltr'><strong>μὲν</strong></span> <span class='ocrx_word' id='word_1_745' title='bbox 1737 2163 1808 2190; x_wconf 77' lang='grc' dir='ltr'>κατὰ</span> 
     </span>
    </p>
   </div>
   <div class='ocr_carea' id='block_1_106' title="bbox 1022 2211 1810 2249">
    <p class='ocr_par' dir='ltr' id='par_1_106' title="bbox 1022 2211 1810 2249">
     <span class='ocr_line' id='line_1_106' title="bbox 1022 2211 1810 2249; baseline -0.005 -9"><span class='ocrx_word' id='word_1_746' title='bbox 1022 2214 1102 2249; x_wconf 80' lang='grc' dir='ltr'>φύσιν</span> <span class='ocrx_word' id='word_1_747' title='bbox 1119 2215 1255 2245; x_wconf 83' lang='grc' dir='ltr'>ἀδυνάτως</span> <span class='ocrx_word' id='word_1_748' title='bbox 1273 2214 1329 2249; x_wconf 81' lang='grc' dir='ltr'>ἔχει</span> <span class='ocrx_word' id='word_1_749' title='bbox 1355 2214 1490 2249; x_wconf 80' lang='grc' dir='ltr'>καθορᾷν,</span> <span class='ocrx_word' id='word_1_750' title='bbox 1505 2213 1540 2239; x_wconf 81' lang='grc' dir='ltr'>τὰ</span> <span class='ocrx_word' id='word_1_751' title='bbox 1559 2212 1610 2245; x_wconf 75' lang='grc' dir='ltr'>ἔξω</span> <span class='ocrx_word' id='word_1_752' title='bbox 1627 2212 1654 2238; x_wconf 86' lang='grc' dir='ltr'>δὲ</span> <span class='ocrx_word' id='word_1_753' title='bbox 1675 2212 1723 2238; x_wconf 79' lang='grc' dir='ltr'><strong>καὶ</strong></span> <span class='ocrx_word' id='word_1_754' title='bbox 1745 2211 1810 2247; x_wconf 77' lang='grc' dir='ltr'><strong>περὶ</strong></span> 
     </span>
    </p>
   </div>
   <div class='ocr_carea' id='block_1_107' title="bbox 1021 2257 1810 2296">
    <p class='ocr_par' dir='ltr' id='par_1_107' title="bbox 1021 2257 1810 2296">
     <span class='ocr_line' id='line_1_107' title="bbox 1021 2257 1810 2296; baseline -0.006 -8"><span class='ocrx_word' id='word_1_755' title='bbox 1021 2262 1111 2292; x_wconf 77' lang='grc' dir='ltr'>αὐτὸν,</span> <span class='ocrx_word' id='word_1_756' title='bbox 1125 2262 1175 2288; x_wconf 81' lang='grc' dir='ltr'>ὅσα</span> <span class='ocrx_word' id='word_1_757' title='bbox 1190 2261 1307 2288; x_wconf 80' lang='grc' dir='ltr'>κατευθὺ</span> <span class='ocrx_word' id='word_1_758' title='bbox 1325 2262 1476 2296; x_wconf 82' lang='grc' dir='ltr'>πρόκειται,</span> <span class='ocrx_word' id='word_1_759' title='bbox 1495 2261 1527 2295; x_wconf 81' lang='grc' dir='ltr'>τῇ</span> <span class='ocrx_word' id='word_1_760' title='bbox 1540 2260 1653 2296; x_wconf 85' lang='grc' dir='ltr'>ὀρατικῇ</span> <span class='ocrx_word' id='word_1_761' title='bbox 1674 2257 1810 2293; x_wconf 77' lang='grc' dir='ltr'>περιλαμ-</span> 
     </span>
    </p>
   </div>
   <div class='ocr_carea' id='block_1_108' title="bbox 1024 2303 1811 2343">
    <p class='ocr_par' dir='ltr' id='par_1_108' title="bbox 1024 2303 1811 2343">
     <span class='ocr_line' id='line_1_108' title="bbox 1024 2303 1811 2343; baseline -0.006 -9"><span class='ocrx_word' id='word_1_762' title='bbox 1024 2308 1098 2334; x_wconf 79' lang='grc' dir='ltr'>ϐἀνει</span> <span class='ocrx_word' id='word_1_763' title='bbox 1109 2307 1220 2343; x_wconf 81' lang='grc' dir='ltr'>δυνάμει</span> <span class='ocrx_word' id='word_1_764' title='bbox 1229 2307 1286 2343; x_wconf 82' lang='grc'><strong>(10)</strong></span> <span class='ocrx_word' id='word_1_765' title='bbox 1302 2307 1400 2342; x_wconf 86' lang='grc' dir='ltr'>δηλαδή</span> <span class='ocrx_word' id='word_1_766' title='bbox 1411 2316 1418 2322; x_wconf 73' lang='grc'><strong><em>⁸</em></strong></span> <span class='ocrx_word' id='word_1_767' title='bbox 1428 2307 1475 2333; x_wconf 78' lang='grc' dir='ltr'><strong>ἐὰν</strong></span> <span class='ocrx_word' id='word_1_768' title='bbox 1483 2306 1511 2332; x_wconf 86' lang='grc' dir='ltr'><strong>δέ</strong></span> <span class='ocrx_word' id='word_1_769' title='bbox 1521 2314 1562 2337; x_wconf 87' lang='grc' dir='ltr'><strong>τις</strong></span> <span class='ocrx_word' id='word_1_770' title='bbox 1577 2305 1651 2340; x_wconf 77' lang='grc' dir='ltr'>αὑτῷ</span> <span class='ocrx_word' id='word_1_771' title='bbox 1660 2304 1736 2339; x_wconf 85' lang='grc' dir='ltr'>λήμη</span> <span class='ocrx_word' id='word_1_772' title='bbox 1745 2303 1761 2338; x_wconf 75' lang='grc' dir='ltr'>ἦ</span> <span class='ocrx_word' id='word_1_773' title='bbox 1771 2303 1811 2329; x_wconf 77' lang='grc' dir='ltr'><strong>θό-</strong></span> 
     </span>
    </p>
   </div>
   <div class='ocr_carea' id='block_1_109' title="bbox 1024 2349 1810 2388">
    <p class='ocr_par' dir='ltr' id='par_1_109' title="bbox 1024 2349 1810 2388">
     <span class='ocr_line' id='line_1_109' title="bbox 1024 2349 1810 2388; baseline -0.008 -8"><span class='ocrx_word' id='word_1_774' title='bbox 1024 2354 1105 2385; x_wconf 85' lang='grc' dir='ltr'>λωσις</span> <span class='ocrx_word' id='word_1_775' title='bbox 1123 2354 1250 2388; x_wconf 80' lang='grc' dir='ltr'>ὲπιχυθῇ,</span> <span class='ocrx_word' id='word_1_776' title='bbox 1266 2353 1313 2380; x_wconf 81' lang='grc' dir='ltr'><strong>καὶ</strong></span> <span class='ocrx_word' id='word_1_777' title='bbox 1332 2352 1419 2388; x_wconf 82' lang='grc' dir='ltr'>πάθῃ,</span> <span class='ocrx_word' id='word_1_778' title='bbox 1433 2352 1493 2378; x_wconf 80' lang='grc' dir='ltr'>οὐδὲ</span> <span class='ocrx_word' id='word_1_779' title='bbox 1515 2351 1598 2377; x_wconf 81' lang='grc' dir='ltr'>τᾶλλα</span> <span class='ocrx_word' id='word_1_780' title='bbox 1620 2349 1741 2380; x_wconf 80' lang='grc' dir='ltr'>δυνατῶς</span> <span class='ocrx_word' id='word_1_781' title='bbox 1754 2349 1810 2383; x_wconf 75' lang='grc' dir='ltr'>ἔχει</span> 
     </span>
    </p>
   </div>
   <div class='ocr_carea' id='block_1_110' title="bbox 1021 2395 1809 2436">
    <p class='ocr_par' dir='ltr' id='par_1_110' title="bbox 1021 2395 1809 2436">
     <span class='ocr_line' id='line_1_110' title="bbox 1021 2395 1809 2436; baseline -0.008 -9"><span class='ocrx_word' id='word_1_782' title='bbox 1021 2400 1168 2436; x_wconf 84' lang='grc' dir='ltr'>καταθρεϊν</span> <span class='ocrx_word' id='word_1_783' title='bbox 1184 2400 1222 2431; x_wconf 86' lang='grc' dir='ltr'>ὡς</span> <span class='ocrx_word' id='word_1_784' title='bbox 1242 2400 1304 2435; x_wconf 87' lang='grc' dir='ltr'>χρή.</span> <span class='ocrx_word' id='word_1_785' title='bbox 1323 2399 1374 2425; x_wconf 80' lang='grc' dir='ltr'><strong>Τὺν</strong></span> <span class='ocrx_word' id='word_1_786' title='bbox 1386 2399 1478 2433; x_wconf 84' lang='grc' dir='ltr'>ὅμοιον</span> <span class='ocrx_word' id='word_1_787' title='bbox 1491 2397 1590 2433; x_wconf 82' lang='grc' dir='ltr'>τρόπον</span> <span class='ocrx_word' id='word_1_788' title='bbox 1601 2396 1649 2423; x_wconf 76' lang='grc' dir='ltr'>καὶ</span> <span class='ocrx_word' id='word_1_789' title='bbox 1663 2395 1809 2430; x_wconf 82' lang='grc' dir='ltr'>ἀνθρώπου</span> 
     </span>
    </p>
   </div>
   <div class='ocr_carea' id='block_1_111' title="bbox 1021 2442 1811 2480">
    <p class='ocr_par' dir='ltr' id='par_1_111' title="bbox 1021 2442 1811 2480">
     <span class='ocr_line' id='line_1_111' title="bbox 1021 2442 1811 2480; baseline -0.006 -7"><span class='ocrx_word' id='word_1_790' title='bbox 1021 2447 1082 2478; x_wconf 81' lang='grc' dir='ltr'>νοῦς</span> <span class='ocrx_word' id='word_1_791' title='bbox 1096 2447 1199 2478; x_wconf 84' lang='grc' dir='ltr'>ἀτελῶς</span> <span class='ocrx_word' id='word_1_792' title='bbox 1215 2445 1262 2472; x_wconf 75' lang='grc' dir='ltr'><strong>καὶ</strong></span> <span class='ocrx_word' id='word_1_793' title='bbox 1283 2445 1391 2480; x_wconf 85' lang='grc' dir='ltr'>φαύλως</span> <span class='ocrx_word' id='word_1_794' title='bbox 1410 2445 1444 2472; x_wconf 79' lang='grc' dir='ltr'>τὰ</span> <span class='ocrx_word' id='word_1_795' title='bbox 1465 2445 1534 2480; x_wconf 79' lang='grc' dir='ltr'>πρὸς</span> <span class='ocrx_word' id='word_1_796' title='bbox 1554 2444 1604 2479; x_wconf 85' lang='grc' dir='ltr'><strong>τὴν</strong></span> <span class='ocrx_word' id='word_1_797' title='bbox 1617 2443 1666 2478; x_wconf 87' lang='grc' dir='ltr'>τῆς</span> <span class='ocrx_word' id='word_1_798' title='bbox 1681 2442 1811 2478; x_wconf 84' lang='grc' dir='ltr'>ἀληθείας</span> 
     </span>
    </p>
   </div>
   <div class='ocr_carea' id='block_1_112' title="bbox 1020 2487 1810 2528">
    <p class='ocr_par' dir='ltr' id='par_1_112' title="bbox 1020 2487 1810 2528">
     <span class='ocr_line' id='line_1_112' title="bbox 1020 2487 1810 2528; baseline -0.006 -9"><span class='ocrx_word' id='word_1_799' title='bbox 1020 2492 1191 2528; x_wconf 79' lang='grc' dir='ltr'>διακειμένου</span> <span class='ocrx_word' id='word_1_800' title='bbox 1206 2491 1334 2527; x_wconf 79' lang='grc' dir='ltr'>θεωρίαν,</span> <span class='ocrx_word' id='word_1_801' title='bbox 1348 2491 1382 2518; x_wconf 75' lang='grc' dir='ltr'>τὰ</span> <span class='ocrx_word' id='word_1_802' title='bbox 1406 2490 1460 2517; x_wconf 85' lang='grc' dir='ltr'><strong>τῶν</strong></span> <span class='ocrx_word' id='word_1_803' title='bbox 1484 2490 1596 2526; x_wconf 85' lang='grc' dir='ltr'>πλησίον</span> <span class='ocrx_word' id='word_1_804' title='bbox 1619 2489 1670 2524; x_wconf 82' lang='grc' dir='ltr'>μὲν</span> <span class='ocrx_word' id='word_1_805' title='bbox 1693 2487 1810 2515; x_wconf 74' lang='grc' dir='ltr'>ἐλαττώ-</span> 
     </span>
    </p>
   </div>
   <div class='ocr_carea' id='block_1_113' title="bbox 1023 2533 1807 2574">
    <p class='ocr_par' dir='ltr' id='par_1_113' title="bbox 1023 2533 1807 2574">
     <span class='ocr_line' id='line_1_113' title="bbox 1023 2533 1807 2574; baseline -0.008 -8"><span class='ocrx_word' id='word_1_806' title='bbox 1023 2548 1094 2574; x_wconf 85' lang='grc' dir='ltr'>ματα</span> <span class='ocrx_word' id='word_1_807' title='bbox 1105 2539 1122 2574; x_wconf 83' lang='grc' dir='ltr'>ἢ</span> <span class='ocrx_word' id='word_1_808' title='bbox 1134 2539 1320 2574; x_wconf 86' lang='grc' dir='ltr'>ἁμαρτήματα</span> <span class='ocrx_word' id='word_1_809' title='bbox 1339 2536 1542 2572; x_wconf 82' lang='grc' dir='ltr'>καταμανθάνει</span> <span class='ocrx_word' id='word_1_810' title='bbox 1557 2535 1574 2571; x_wconf 86' lang='grc' dir='ltr'>ἦ</span> <span class='ocrx_word' id='word_1_811' title='bbox 1586 2533 1807 2570; x_wconf 75' lang='grc' dir='ltr'>περιεργάζεται,</span> 
     </span>
    </p>
   </div>
   <div class='ocr_carea' id='block_1_114' title="bbox 1024 2580 1810 2620">
    <p class='ocr_par' dir='ltr' id='par_1_114' title="bbox 1024 2580 1810 2620">
     <span class='ocr_line' id='line_1_114' title="bbox 1024 2580 1810 2620; baseline -0.01 -7"><span class='ocrx_word' id='word_1_812' title='bbox 1024 2586 1069 2613; x_wconf 70' lang='grc' dir='ltr'>καὶ</span> <span class='ocrx_word' id='word_1_813' title='bbox 1080 2585 1140 2612; x_wconf 81' lang='grc' dir='ltr'>οὐδὲ</span> <span class='ocrx_word' id='word_1_814' title='bbox 1153 2585 1240 2612; x_wconf 77' lang='grc' dir='ltr'>ταῦτα</span> <span class='ocrx_word' id='word_1_815' title='bbox 1257 2584 1387 2616; x_wconf 83' lang='grc' dir='ltr'>πολλάκις</span> <span class='ocrx_word' id='word_1_816' title='bbox 1403 2583 1524 2620; x_wconf 75' lang='grc' dir='ltr'>ἀκριϐῶς</span> <span class='ocrx_word' id='word_1_817' title='bbox 1539 2581 1591 2608; x_wconf 82' lang='grc' dir='ltr'><strong>ὑπὸ</strong></span> <span class='ocrx_word' id='word_1_818' title='bbox 1607 2580 1661 2607; x_wconf 87' lang='grc' dir='ltr'><strong>τῶν</strong></span> <span class='ocrx_word' id='word_1_819' title='bbox 1681 2580 1810 2616; x_wconf 75' lang='grc' dir='ltr'>ἐμφύτων</span> 
     </span>
    </p>
   </div>
   <div class='ocr_carea' id='block_1_115' title="bbox 1023 2626 1808 2666">
    <p class='ocr_par' dir='ltr' id='par_1_115' title="bbox 1023 2626 1808 2666">
     <span class='ocr_line' id='line_1_115' title="bbox 1023 2626 1808 2666; baseline -0.01 -8"><span class='ocrx_word' id='word_1_820' title='bbox 1023 2631 1189 2666; x_wconf 76' lang='grc' dir='ltr'>ζοφούμενος</span> <span class='ocrx_word' id='word_1_821' title='bbox 1209 2630 1303 2658; x_wconf 82' lang='grc' dir='ltr'>παθῶν</span> <span class='ocrx_word' id='word_1_822' title='bbox 1320 2638 1326 2644; x_wconf 90' lang='grc'><strong><em>“</em></strong></span> <span class='ocrx_word' id='word_1_823' title='bbox 1344 2630 1377 2656; x_wconf 85' lang='grc' dir='ltr'>τὰ</span> <span class='ocrx_word' id='word_1_824' title='bbox 1393 2629 1490 2656; x_wconf 75' lang='grc' dir='ltr'>ἑαυτοῦ</span> <span class='ocrx_word' id='word_1_825' title='bbox 1510 2628 1538 2654; x_wconf 77' lang='grc' dir='ltr'>δὲ</span> <span class='ocrx_word' id='word_1_826' title='bbox 1557 2626 1687 2654; x_wconf 78' lang='grc' dir='ltr'>τοσοῦτον</span> <span class='ocrx_word' id='word_1_827' title='bbox 1707 2626 1808 2660; x_wconf 79' lang='grc' dir='ltr'>ἀγνοεῖ,</span> 
     </span>
    </p>
   </div>
   <div class='ocr_carea' id='block_1_116' title="bbox 1021 2673 1810 2713">
    <p class='ocr_par' dir='ltr' id='par_1_116' title="bbox 1021 2673 1810 2713">
     <span class='ocr_line' id='line_1_116' title="bbox 1021 2673 1810 2713; baseline -0.009 -9"><span class='ocrx_word' id='word_1_828' title='bbox 1021 2678 1075 2713; x_wconf 78' lang='grc' dir='ltr'><strong>ὅσῳ</strong></span> <span class='ocrx_word' id='word_1_829' title='bbox 1097 2678 1144 2704; x_wconf 79' lang='grc' dir='ltr'><strong>καὶ</strong></span> <span class='ocrx_word' id='word_1_830' title='bbox 1172 2677 1272 2712; x_wconf 82' lang='grc' dir='ltr'>μᾶλλον</span> <span class='ocrx_word' id='word_1_831' title='bbox 1289 2677 1345 2707; x_wconf 83' lang='grc' dir='ltr'>τοῖς</span> <span class='ocrx_word' id='word_1_832' title='bbox 1370 2675 1481 2705; x_wconf 79' lang='grc' dir='ltr'>οἰκείοις</span> <span class='ocrx_word' id='word_1_833' title='bbox 1502 2673 1600 2700; x_wconf 76' lang='grc' dir='ltr'>πάθεσι</span> <span class='ocrx_word' id='word_1_834' title='bbox 1624 2673 1810 2708; x_wconf 76' lang='grc' dir='ltr'>παχυνόμενος</span> 
     </span>
    </p>
   </div>
   <div class='ocr_carea' id='block_1_117' title="bbox 1021 2718 1810 2759">
    <p class='ocr_par' dir='ltr' id='par_1_117' title="bbox 1021 2718 1810 2759">
     <span class='ocr_line' id='line_1_117' title="bbox 1021 2718 1810 2759; baseline -0.01 -8"><span class='ocrx_word' id='word_1_835' title='bbox 1021 2724 1194 2759; x_wconf 80' lang='grc' dir='ltr'>ἁμὸλυωπεῖ·</span> <span class='ocrx_word' id='word_1_836' title='bbox 1220 2723 1253 2750; x_wconf 75' lang='grc' dir='ltr'>δι’</span> <span class='ocrx_word' id='word_1_837' title='bbox 1274 2723 1288 2749; x_wconf 79' lang='grc' dir='ltr'><strong>ὃ</strong></span> <span class='ocrx_word' id='word_1_838' title='bbox 1308 2723 1340 2758; x_wconf 76' lang='grc' dir='ltr'>δὴ</span> <span class='ocrx_word' id='word_1_839' title='bbox 1357 2722 1404 2749; x_wconf 55' lang='grc' dir='ltr'><strong>καὶ⁵</strong></span> <span class='ocrx_word' id='word_1_840' title='bbox 1428 2719 1579 2756; x_wconf 78' lang='grc' dir='ltr'>συμϐούλου</span> <span class='ocrx_word' id='word_1_841' title='bbox 1604 2719 1673 2754; x_wconf 81' lang='grc' dir='ltr'>πρὸς</span> <span class='ocrx_word' id='word_1_842' title='bbox 1704 2718 1810 2744; x_wconf 77' lang='grc' dir='ltr'>ἅπαντα</span> 
     </span>
    </p>
   </div>
   <div class='ocr_carea' id='block_1_118' title="bbox 1022 2762 1808 2806">
    <p class='ocr_par' dir='ltr' id='par_1_118' title="bbox 1022 2762 1808 2806">
     <span class='ocr_line' id='line_1_118' title="bbox 1022 2762 1808 2806; baseline -0.011 -9"><span class='ocrx_word' id='word_1_843' title='bbox 1022 2770 1109 2806; x_wconf 87' lang='grc' dir='ltr'>χρεὼν</span> <span class='ocrx_word' id='word_1_844' title='bbox 1131 2770 1201 2796; x_wconf 76' lang='grc' dir='ltr'>εἶναι</span> <span class='ocrx_word' id='word_1_845' title='bbox 1221 2769 1260 2804; x_wconf 89' lang='grc' dir='ltr'>τῷ</span> <span class='ocrx_word' id='word_1_846' title='bbox 1276 2769 1405 2803; x_wconf 83' lang='grc' dir='ltr'>τοιούτῳ,</span> <span class='ocrx_word' id='word_1_847' title='bbox 1421 2767 1451 2793; x_wconf 83' lang='grc' dir='ltr'>τὸ</span> <span class='ocrx_word' id='word_1_848' title='bbox 1465 2767 1587 2793; x_wconf 81' lang='grc' dir='ltr'>συνοῖσον</span> <span class='ocrx_word' id='word_1_849' title='bbox 1601 2762 1808 2798; x_wconf 79' lang='grc' dir='ltr'>ὺποτιθεμένου,</span> 
     </span>
    </p>
   </div>
   <div class='ocr_carea' id='block_1_119' title="bbox 1022 2807 1808 2851">
    <p class='ocr_par' dir='ltr' id='par_1_119' title="bbox 1022 2807 1808 2851">
     <span class='ocr_line' id='line_1_119' title="bbox 1022 2807 1808 2851; baseline -0.011 -8"><span class='ocrx_word' id='word_1_850' title='bbox 1022 2817 1068 2843; x_wconf 68' lang='grc' dir='ltr'><strong>καὶ</strong></span> <span class='ocrx_word' id='word_1_851' title='bbox 1083 2816 1121 2849; x_wconf 81' lang='grc' dir='ltr'>εἰς</span> <span class='ocrx_word' id='word_1_852' title='bbox 1135 2816 1288 2851; x_wconf 73' lang='grc' dir='ltr'>ὑπόμνησιν</span> <span class='ocrx_word' id='word_1_853' title='bbox 1308 2815 1361 2843; x_wconf 83' lang='grc' dir='ltr'><strong>τῶν</strong></span> <span class='ocrx_word' id='word_1_854' title='bbox 1384 2812 1526 2850; x_wconf 83' lang='grc' dir='ltr'>πρακτέων</span> <span class='ocrx_word' id='word_1_855' title='bbox 1548 2810 1741 2845; x_wconf 77' lang='grc' dir='ltr'>ἐπανάγοντος,</span> <span class='ocrx_word' id='word_1_856' title='bbox 1756 2807 1808 2837; x_wconf 69' lang='grc' dir='ltr'>Καὶ</span> 
     </span>
    </p>
   </div>
  </div>
