1920 3046
81 136 145 164 839

83 197 148 231 γὰρ
165 197 213 223 καὶ
226 196 243 232 ἡ
258 197 321 231 περὶ
337 197 366 224 τὸ
387 198 466 234 σῶμα
482 199 646 236 δημιουργὸς
662 201 742 236 σοφία
759 203 806 229 καὶ
821 212 887 238 προ-

85 240 194 275 μήθεια
209 242 241 276 τῇ
257 242 328 276 χειρὶ
339 244 416 278 χεῖρα
426 263 432 273 .
441 243 488 269 καὶ
504 244 543 279 τῷ
555 244 616 270 ποδὶ
631 246 708 278 πόδα,
725 246 772 273 καὶ
785 247 886 281 ὀφθαλ-

85 286 144 321 μὸν
165 286 203 321 τῷ
227 287 358 323 ὀφθαλμῷ
369 309 375 319 ,
391 289 437 316 καὶ
462 289 546 317 τᾶλλα
569 290 685 326 ὁμοίως,
701 291 747 318 δύο
771 292 817 319 δύο
835 313 841 324 ,
858 293 886 320 ἓν

83 330 238 357 κατέναντι
268 332 314 358 τοῦ
341 333 416 365 ἐνὸς,
429 334 500 360 κατὰ
521 334 552 361 τὸ
573 335 663 369 λόγιον
684 336 751 372 (ll),
765 338 806 369 είς
826 338 887 374 βοήο

85 373 172 401 οειαν
186 375 285 403 δέδωκε
297 377 344 403 καὶ
360 380 515 413 συνεργίαν.

220 419 282 459 τοῖς
299 421 403 459 καλοῖς
419 423 502 450 ἕποιο
519 425 762 459 νουθετούμενος,

87 454 146 480 186
167 455 229 481 Οὐκ
245 455 421 491 ἐντριιπιξσῃ
433 458 494 491 τοῖς
513 461 617 493 κακοῖς
635 454 813 496 γέλώμέκος.

127 498 205 524 Πάνυ
222 498 308 528 καλὴν
326 501 373 526 καὶ
393 501 608 539 ὠφελιμωτάτην
623 504 671 530 καὶ
681 505 783 540 ταύτην
799 507 813 531 ὁ
830 505 887 532 0εό-

87 553 178 578 σοφος
201 546 351 580 εἰσηγεῖται
373 548 547 583 συμΰουλίαν,
566 551 661 586 Εἴπερ,
673 551 776 586 λέγων,
792 549 814 579 ὦ
829 552 887 588 βέλ-

87 597 187 623 τιστε,
204 592 260 623 τοῖς
283 592 374 624 καλοῖς
395 601 425 619 τε
446 594 576 627 κάγαθοῖς
603 595 773 629 διδασκάλοις
797 599 887 624 νουθε-

87 635 170 662 τοῦσι
187 636 218 662 τὸ
245 634 291 668 οὖς
318 636 444 672 ὑποσχὼν
463 639 690 675 ἀκολουθήσειας,
706 641 756 667 οὐκ
785 641 818 668 ἂν
839 641 886 668 τοῦ

89 683 282 716 προσήκοντος
296 683 474 718 ἀποσφαλεὶς,
493 685 540 711 xui.
563 685 610 711 τοῦ
622 685 701 721 ὀρθοῦ
718 687 886 722 παραῤῥυεὶς

89 727 186 761 λόγου,
200 728 254 754 ὑπὸ
267 728 322 754 τῶν
345 729 438 756 κακῶν
463 731 534 765 μετὰ
553 732 639 758 ταῦτα
655 732 809 767 γελώμενος
829 733 887 759 δια-

88 773 242 809 τραπείης.
265 774 297 800 Τί
315 773 371 806 οὖν,
387 776 471 811 φαίης
485 776 518 802 ἂν
535 777 609 808 ἴσως,
625 776 647 803 ὦ
661 778 813 809 διδάσκαλε,
828 779 886 805 δια-

89 820 268 855 πραξαίμην,
285 821 322 853 ὡς
346 821 379 848 ἂν
396 821 434 857 μὴ
454 822 554 857 ἐπέλθῃ
569 823 612 849 ἐπ’
629 824 679 858 ἐμὲ
694 823 775 858 μηδὲν
793 820 830 850 ὧν
847 824 887 850 εἴ.

91 873 202 901 ρηκαςς
220 867 303 893 Ὅταν
330 867 389 893 ποτ’
403 868 515 903 αἰσχρὸν
534 869 638 904 ὲννοῇς,
655 869 702 895 καί
724 878 749 895 τι
766 869 820 895 τῶν
835 870 887 896 ἀπ-

89 912 249 946 ειρημένων
271 912 311 947 τῷ
331 913 408 948 νόμῳ
429 913 476 939 τοῦ
505 913 662 948 πνεύματος
688 914 886 950 διαπράξασθαι

88 954 201 991 λογίζῃ,
221 956 258 991 μὴ
278 957 372 993 εἴπῃς·
398 957 454 990 Νύξ
481 958 558 990 ἐστι,
577 959 623 985 και¹
643 958 684 990 τίς
706 968 738 994 με
759 960 809 995 ὁρᾷ
824 969 831 993 ;
845 961 888 987 ἐπ’

89 1001 214 1036 ἐρημίας
231 1002 278 1028 καὶ
293 1004 451 1038 καταμόνας
467 1003 523 1038 ἐγὼ
534 1025 540 1036 ,
556 1005 626 1031 καὶὸ
641 1004 759 1040 ἐλέγχων
772 1007 802 1032 οὺ
819 1007 888 1042 πάρ-

89 1055 151 1072 εστι
168 1047 224 1082 (12)
235 1048 289 1082 ’μὴ
308 1047 379 1074 οὕτω
395 1048 556 1084 διανοηθεὶς,
581 1049 630 1085 τῆς
647 1050 747 1076 ἀτόπου
761 1051 887 1087 πράξεως

90 1092 282 1128 ἑπιτολμήσῃς
292 1101 298 1108 ’
313 1093 428 1125 πολλοὺς
442 1094 470 1120 δέ
496 1103 537 1121 σοι
552 1094 742 1129 παρεστῶτας.
760 1096 814 1123 Καὶ
833 1096 887 1132 γὰρ

91 1139 264 1173 παρεστᾶσιν
281 1138 391 1173 ἄγγελοί
403 1148 432 1166 τε
453 1140 554 1171 πάντες
568 1140 615 1174 καὶ
624 1140 705 1172 αὐτὸς
717 1141 730 1166 ὁ
746 1141 886 1177 Δεσπότης

90 1183 149 1209 τῶν
164 1184 297 1218 ἀγγέλων·
314 1186 361 1211 καὶ
371 1185 456 1217 οὕτως
483 1187 714 1221 ὑπολογισάμενος
731 1187 770 1222 τῷ
788 1188 826 1223 νῷ
838 1197 886 1224 με-

603 139 637 167 lN
657 140 810 170 CARMINA
827 142 965 172 ARCANA
984 144 1013 173 S.
1034 144 1205 173 GBEGOBII.

1676 146 1728 173 83"

942 205 1033 231 manui
1054 212 1164 232 manum
1184 209 1211 233 et
1226 205 1285 240 pedi
1313 205 1406 241 pedem
1432 209 1460 234 et
1476 204 1585 234 oculum
1603 204 1686 233 oculo
1703 205 1731 232 el

938 248 989 274 alia
1013 248 1138 276 similiter
1159 249 1213 276 duo
1235 253 1262 277 et
1279 249 1345 281 duo,
1358 258 1447 277 unum
1466 257 1500 278 ex
1528 249 1644 277 adverso
1662 249 1731 276 alte-

938 293 996 320 rius
1023 293 1175 321 secundum
1206 294 1372 329 scripturam
1391 295 1420 322 in
1442 295 1609 330 adiutorium
1633 299 1660 322 et
1684 301 1733 321 co-

936 340 1124 375 operationem
1144 340 1229 368 dedit.

938 425 988 451 183i
1005 425 1034 451 Si
1053 427 1134 453 bonos
1152 427 1270 461 sequaris
1286 426 1452 459 admonitus,

939 460 989 487 186
1009 461 1111 487 Pallori
1131 460 1249 488 libirnon
1265 463 1313 487 erit
1329 471 1344 489 ιι
1362 462 1439 488 malis
1456 461 1573 488 irrideri.

974 503 1058 532 Valde
1073 506 1171 531 bonum
1189 510 1215 532 et
1232 506 1407 533 utilissimum
1423 511 1449 533 et
1466 507 1537 533 istud
1554 506 1728 533 commendat

938 550 1029 578 divine
1052 553 1161 586 sapiens
1177 552 1337 584 consilium,
1364 553 1492 587 inquiens
1508 562 1514 580 :
1531 552 1553 580 Ο
1575 552 1687 586 optime,
1703 552 1727 579 si

937 596 1018 624 bonis
1034 601 1060 624 ct
1081 598 1162 625 rectis
1179 599 1320 632 magistris
1335 598 1498 626 docentibus
1520 605 1613 625 aurem
1634 597 1728 624 admo-

938 650 1004 670 vens
1020 643 1265 678 obtemperaveris,
1283 652 1424 678 nunquam
1436 644 1469 671 ab
1481 643 1568 671 oﬂicio
1584 644 1728 671 declinans

937 692 965 715 et
989 696 1003 714 a
1030 693 1104 715 recta
1128 689 1170 716 via
1187 697 1295 721 errans,
1317 695 1449 724 praeterea
1470 697 1485 717 a
1512 690 1606 718 multis
1629 690 1729 717 irrisus

938 735 1074 762 deviabis.
1093 736 1164 768 Quid
1189 745 1264 771 ergo.
1286 736 1412 764 similiter
1437 736 1523 770 dices,
1545 744 1562 763 0
1587 736 1726 771 magister.

939 781 1075 808 l'aciamne
1099 783 1163 815 quid
1191 784 1257 810 mihi
1281 783 1388 810 accidat
1412 783 1505 810 dehis
1531 790 1592 818 qua
1615 781 1731 809 dixisti?

938 827 1053 860 Quando
1072 828 1165 856 forsan
1189 834 1270 864 turpe
1284 831 1349 865 quid
1376 831 1481 864 cogitas
1497 834 1524 857 et
1545 829 1692 856 vetitorum
1713 836 1729 855 a

939 874 997 909 lege
1021 875 1135 908 spiritus
1151 875 1254 910 aliquid
1272 876 1443 903 committere
1463 875 1615 905 meditaris,
1637 882 1670 902 ne
1688 873 1730 900 di-

939 926 998 951 cas,
1013 919 1071 946 Nox
1088 924 1140 949 est,
1158 925 1184 947 et
1201 921 1263 956 quis
1279 929 1322 948 me
1340 922 1433 948 videt?
1450 920 1478 947 ln
1494 921 1602 947 deserto
1619 924 1646 947 et
1669 919 1730 946 sine

940 964 1055 992 arbitris
1078 966 1162 994 sedeo
1176 971 1203 994 et
1221 968 1402 1001 cxprobrator
1421 967 1509 994 abest.
1529 967 1569 993 Ne
1592 966 1633 992 sic
1647 973 1730 1000 repu-

938 1013 1001 1036 tans
1022 1010 1155 1045 insipiens
1175 1012 1311 1046 quoddam
1328 1012 1450 1045 audeas;
1474 1014 1539 1038 sunt
1561 1010 1633 1038 enim
1652 1009 1730 1036 multi

939 1054 1113 1087 assistentes,
1133 1055 1314 1083 circumstant
1329 1056 1419 1090 angeli
1437 1063 1534 1082 omnes
1551 1059 1579 1082 et
1599 1054 1655 1088 ipse
1672 1052 1730 1080 Rex

939 1100 1109 1135 angelorum,
1132 1106 1159 1128 et
1174 1102 1215 1129 sic
1232 1110 1295 1128 eum
1311 1101 1363 1129 ﬁde
1380 1101 1527 1128 conferens
1545 1100 1571 1127 in
1593 1099 1684 1126 animo
1703 1103 1731 1125 et

940 1146 1058 1180 teipsum
1069 1155 1083 1174 a
1096 1148 1244 1181 propositis
1256 1155 1377 1175 avocans
1386 1145 1639 1175 eohibebis:deinde
1651 1144 1730 1180 quasi

939 1190 1080 1219 beneﬁciis
1097 1192 1192 1220 [ruens
1208 1194 1312 1228 gratias
1329 1201 1405 1228 ages.

91 1230 128 1255 τὰ
153 1230 286 1263 ’πίστεως1
313 1232 360 1258 καὶ
387 1232 497 1258 σεαυτὸν
522 1233 677 1267 ὲντραπεὶς,
703 1233 751 1259 τοῦ
782 1234 981 1270 ἐγχειρήματος
1006 1238 1183 1274 ἁνακοπήσῃ,
1205 1239 1253 1265 καὶ
1278 1238 1347 1274 μετὰ
1370 1237 1457 1265 ταῦτα
1479 1237 1517 1270 ὡς
1542 1235 1731 1272 εὐεργετηθεὶς

92 1278 317 1314 εὐχαριστήσεις.

94 1327 148 1354 189
173 1327 226 1354 Ἀεὶ
239 1328 365 1362 προτίμίῑ
376 1327 447 1361 τοὺς
463 1328 577 1362 καλοὺς
594 1328 653 1356 τῶν
664 1329 706 1363 μὴ
722 1329 833 1358 καλῶν.

138 1383 195 1409 Ἀεὶ
211 1383 224 1408 ὁ
247 1383 303 1417 βίος
329 1383 427 1415 καλοὺς
453 1383 510 1418 ἔχει
536 1384 583 1410 καὶ
604 1385 715 1415 κακοὺς,
739 1384 783 1410 ἀεὶ
807 1393 890 1411 σπου-

93 1428 186 1460 δαίους
201 1430 248 1455 καὶ
265 1430 480 1465 καταφρονητὶις,
490 1430 602 1461 πιστοὺς
615 1429 673 1464 Θεῷ
684 1430 730 1456 καὶ
746 1430 889 1464 ἀπίστους,

95 1475 220 1506 δικαίους
239 1477 286 1502 καὶ
302 1476 420 1508 ἀδίκους,
435 1476 579 1511 ἀληθινούς
601 1485 630 1502 τε
651 1477 698 1503 xui.
717 1476 834 1511 ψευδεῖς.
852 1478 888 1504 Σὺ

96 1519 144 1548 οῖιν
153 1521 223 1548 κατὰ
233 1522 283 1556 τὴν
293 1521 389 1555 γενεάν
405 1530 451 1548 σου
464 1522 527 1553 τοὺς
543 1521 686 1553 ἐκλεκτοὺς
701 1522 822 1557 προτίμα
835 1521 889 1548 τῶν

99 1567 247 1603 στρεϐλῶν,
260 1568 323 1599 τοὺς
343 1568 465 1600 εὐσεόεἷς
487 1567 541 1594 τῶν
553 1568 660 1594 ἀσεϐῶν
681 1569 727 1594 xui
746 1568 809 1599 τοὺς
823 1568 889 1604 ἁλη-

97 1615 188 1646 θινοὺς
203 1613 256 1640 τῶν
274 1613 429 1650 ὑποκριτῶν
438 1623 445 1630 ·
457 1616 552 1646 κακοῖς
566 1615 594 1641 δὲ
611 1614 712 1650 ὁμιλῶν
727 1615 773 1641 καὶ
786 1623 891 1650 συμπο-

99 1662 259 1696 σιαζὸμενος
277 1662 323 1688 καὶ
341 1661 634 1696 ουναναστρεφὸμενος,
651 1661 688 1692 ὡς
704 1661 718 1687 ὀ
739 1661 891 1696 ἁπτόμενος

99 1706 201 1741 πίσσης
223 1705 435 1740 μολυνθήσεται,
459 1706 506 1732 καὶ
529 1707 543 1732 ὁ
562 1705 698 1732 κοινωνῶν
725 1705 891 1741 ὑπερηφάνῳ

100 1752 299 1787 ὁμοιωθήσεται
315 1752 400 1786 αὐτῷ,
421 1752 494 1778 κατὰ
509 1751 558 1787 τὴν
578 1751 698 1787 Γραφὴν,
715 1751 786 1778 οὕτω
798 1752 844 1778 καὶ
859 1752 891 1778 σὺ

99 1799 156 1828 τοῖς
169 1799 263 1829 κακοῖς
278 1797 458 1832 κολλώμενος.
471 1798 554 1829 κακδς
566 1797 624 1834 ἔσῃ.
635 1797 704 1824 Ἀλλ’
717 1798 789 1832 ἐρεῖς
799 1798 890 1832 τυχόνο

101 1842 253 1877 Εὐεργέτης
277 1840 352 1874 οὗτός
379 1844 451 1868 ἐστιν
469 1843 544 1878 ἐμὸς,
564 1843 611 1869 καὶ
637 1841 666 1869 εὗ
685 1851 730 1878 μοι
757 1843 892 1877 πεποίηκε

101 1887 240 1918 πολλάκις,
262 1887 381 1918 καὶπῶς
405 1887 500 1914 τούτου
518 1887 567 1922 τὴν
583 1888 723 1914 κοινωνίαν
749 1887 892 1914 ἀποσείσο-

103 1941 168 1968 μαις
189 1934 286 1960 Ἄκουε
299 1934 326 1959 δὲ
343 1933 414 1959 θείου
430 1933 509 1967 λόγου
526 1933 652 1969 βροντῆς.

102 1979 201 2006 Ιίιικοῦ
217 1979 284 2013 παρ’
299 1979 409 2013 ἀνδρὸς
422 1979 539 2013 μήποτε
559 1979 695 2013 χρηστόν
709 1980 818 2014 πάθῃς.

135 2025 203 2060 Παρ’
213 2024 306 2059 ἀνδρὸς
319 2025 359 2054 εἰς
373 2024 438 2050 θεὸν
454 2025 683 2060 ἐμπαροινοῦντος
697 2025 780 2060 μηδὲν
792 2024 892 2059 ἀγαθον

102 2070 273 2106 ἐπιθυμήσῃς
286 2069 392 2102 παθεῖν,
406 2070 470 2105 παρ’
483 2069 626 2106 ἀνθρώπου
639 2070 803 2105 ψευδομένου
815 2070 890 2102 Θεὸν,

103 2118 147 2144 καὶ
159 2117 302 2152 ὑποκρίσει
321 2117 399 2152 μόνῃ,
417 2116 464 2142 xui.
482 2116 531 2142 οὐκ
546 2116 659 2152 ἀληθείᾳ
677 2116 836 2151 σεϐομένου,
854 2117 892 2152 μὴ

103 2163 269 2198 ἒπιποθήσῃς
290 2163 410 2198 δωρεᾱςο
424 2162 472 2188 τοῦ
488 2161 597 2197 γλώσσῃ
617 2162 684 2197 μόνῃ
705 2163 752 2189 καὶ
774 2163 892 2197 χείλεσιν

103 2209 275 2244 εὐλογοῦντος
292 2209 336 2236 τὸν
349 2209 414 2235 Θεὸν
430 2207 468 2243 μὴ
484 2209 604 2244 ζητήσῃς
615 2208 749 2242 εὐλογίας.
766 2209 821 2235 Καὶ
835 2208 888 2244 γὰρ

104 2257 132 2283 .δῦ
156 2256 361 2292 λυσιτελήσουσί
387 2264 446 2283 σοι·
473 2256 514 2282 ὅτι
531 2255 608 2291 ζητεῖ
630 2255 793 2290 συγγνώμην
819 2254 892 2289 αὐτῷ

105 2302 221 2330 δίδοσθαι
248 2302 289 2336 ἐφ’
305 2299 346 2333 οἷς
373 2303 526 2337 παρανομεῖ
541 2310 548 2316 '
569 2300 739 2328 ἐπαινεῖσθαι
763 2301 839 2336 ζητεῖ
865 2301 894 2328 ὲν

106 2351 162 2380 ταῖς
182 2348 341 2384 ἐπιθυμίαις
356 2348 406 2383 τῆς
426 2348 515 2383 ψυχῆς
533 2347 634 2380 αὑτοῦ,
655 2347 751 2374 ἑαυτόν
773 2355 802 2373 τε
829 2355 895 2382 προ-

108 2395 261 2432 ηγουμένως
279 2396 325 2422 καὶ
344 2395 451 2426 πλείους
468 2395 562 2426 ἄλλους
577 2393 895 2428 ἀδικῶν,ὲνευλογεῖσθαι

107 2443 152 2469 καὶ
167 2441 371 2476 συνηγορεῖσθαι
385 2443 440 2472 τοῖς
457 2442 506 2476 τῆς
514 2442 620 2472 ἀδικίας
636 2441 716 2467 αὑτοῦ
731 2440 822 2476 ἔργοις
832 2441 894 2472 τοὺς

108 2487 179 2522 αὐτῴ
194 2489 357 2522 προσιόντας
372 2488 418 2513 καὶ
435 2488 479 2513 ὑπ’
496 2487 579 2513 αὐτοῦ
596 2487 675 2521 δῆθεν
696 2485 894 2522 εὐεργετουμέ-

109 2541 166 2564 νους
190 2532 237 2558 xui.
261 2531 446 2566 ξενιζομένους
463 2531 497 2557 τὰ
525 2531 620 2567 ῥέοντα
641 2531 687 2556 καὶ
709 2529 893 2564 ἀπολλύμενα,

109 2578 143 2611 ὡς
166 2578 351 2613 ἀπαραίτητον
371 2577 520 2612 πράττεται
536 2577 585 2603 καὶ
600 2576 750 2610 ἀναγκαίαν
764 2575 876 2610 ὀφειλὴν
886 2583 892 2590 ·

111 2624 271 2659 συγγνώμην
291 2624 361 2649 αἰτεῖ
375 2622 482 2650 πολλῶν
497 2622 544 2649 καὶ
562 2621 768 2657 βαρυταλάντων
783 2621 871 2656 χρεῶν
885 2627 893 2635 ⁶

92 2688 96 2692 .
110 2668 306 2695 εὐτελεστάτων
325 2669 424 2695 δόσεων
438 2668 484 2694 καὶ
500 2668 648 2702 ἐλαχίστων
663 2667 710 2694 καὶ
723 2666 829 2702 μικρῶν
845 2666 894 2702 τὴν

111 2715 220 2750 ἄπειρον
234 2714 280 2740 τοῦ
297 2714 365 2740 Θεοῦ
388 2714 560 2749 χρηστότητα
573 2714 620 2740 καὶ
638 2714 687 2748 τὴν
702 2712 894 2746 ἀκατάληπτον

111 2761 277 2796 εικαιοσύνην
289 2761 470 2796 ἐκπειράζων,
479 2761 526 2787 καὶ
539 2761 594 2791 τοῖς
613 2759 735 2795 ματαίοις
753 2759 766 2784 ὁ
781 2759 894 2793 μάταιος

146 2817 199 2849 (lli
220 2815 318 2842 Nescio
350 2824 384 2843 an
412 2816 545 2851 intelligat
574 2815 640 2843 illud
663 2814 817 2850 Epicharmi

114 2851 384 2889 PizllnlluAIl'OCIl.np.
402 2851 476 2882 566),
500 2852 517 2878 ά
541 2851 569 2889 δὲ
588 2851 717 2889 χεὶρ-τὰν
733 2850 894 2889 ⁶χεῖραινιζει

113 2893 148 2922 (ε.
161 2886 257 2922 κνίζει)
276 2891 323 2914 aut
343 2887 414 2914 illam
436 2885 609 2921 sententiam,
623 2885 683 2921 χεὶρ
702 2885 782 2921 χεῖρα
803 2885 895 2912 vix-.2;

944 1330 995 1358 189
1014 1331 1101 1358 Bonos
1119 1339 1220 1366 semper
1234 1339 1356 1366 pra’pane
1370 1339 1422 1358 non
1439 1330 1522 1357 bonis.

979 1385 1093 1422 Semper
1116 1387 1198 1414 habet
1216 1387 1268 1413 vita
1289 1387 1376 1414 bonos
1391 1389 1419 1413 et
1439 1385 1538 1417 malos,
1563 1389 1672 1418 semper
1690 1382 1732 1408 di-

942 1432 1058 1467 ligentes
1075 1437 1102 1460 et
1119 1437 1335 1467 contemptores,
1357 1431 1412 1459 Deo
1436 1431 1532 1458 ﬁdeles
1548 1434 1575 1457 et
1596 1428 1730 1458 inﬁdeles.

940 1479 1032 1514 justos
1047 1484 1074 1506 et
1097 1479 1229 1513 injustos,
1246 1487 1359 1506 veraces
1373 1482 1400 1515 et
1423 1477 1581 1505 mendaces.
1603 1475 1643 1502 Tu
1667 1482 1732 1509 ergo

945 1526 1095 1552 secundum
1115 1525 1300 1553 conditionem
1317 1529 1391 1552 tuam
1407 1532 1463 1559 pra:
1475 1523 1612 1558 perversis
1628 1522 1731 1549 honora

942 1573 1057 1604 electos,
1073 1572 1133 1607 pios
1155 1580 1210 1607 prae
1225 1572 1318 1607 impiis
1334 1575 1361 1599 et
1377 1570 1513 1598 veridicos
1529 1577 1584 1604 prae
1601 1567 1732 1603 hypocri-

942 1617 994 1649 tis;
1016 1617 1088 1644 inter
1101 1617 1190 1644 malos
1204 1617 1375 1644 consortium
1391 1619 1418 1643 et
1434 1614 1591 1642 convivium
1606 1617 1633 1640 et
1654 1611 1733 1638 l'ami-

942 1663 1090 1690 liaritatem
1108 1663 1224 1693 habens,
1239 1662 1312 1689 sicut
1334 1667 1449 1697 tangens
1466 1661 1554 1696 picem
1575 1657 1733 1692 inquinabi-

943 1713 998 1741 tur,
1023 1713 1050 1736 et
1077 1709 1286 1736 communicatis
1311 1707 1432 1743 superbo
1456 1706 1556 1735 sitnilis
1581 1705 1632 1740 ipsi
1655 1703 1732 1737 juxta

944 1753 1114 1788 Scripturam
1146 1754 1206 1785 ﬁet,
1230 1757 1257 1780 et
1282 1758 1309 1780 tu
1335 1753 1414 1779 malis
1433 1751 1619 1787 agglutinatus
1642 1748 1734 1776 malus

943 1801 1008 1829 eris.
1028 1799 1081 1827 Sed
1101 1800 1173 1828 forte
1188 1800 1283 1827 dices:
1309 1798 1472 1826 Bencfactor
1494 1797 1545 1824 iste
1561 1803 1637 1823 meus
1652 1798 1694 1821 est
1705 1797 1735 1820 et

944 1855 1015 1882 δαιρο
1026 1847 1096 1874 bene
1110 1846 1176 1872 mihi
1194 1845 1257 1872 l'ecit
1273 1848 1299 1872 et
1317 1843 1454 1879 quomodo
1469 1843 1558 1877 ipsius
1572 1841 1732 1868 societatem

943 1892 1087 1927 rejiciam?
1101 1892 1170 1918 Audi
1186 1891 1271 1918 divini
1288 1891 1362 1917 verbi
1384 1890 1486 1916 tonitru
1503 1898 1508 1915 :
1530 1898 1538 1914 (
1554 1887 1625 1914 Malo
1645 1894 1660 1913 a
1674 1886 1733 1912 viro

944 1947 978 1966 ne
1003 1946 1123 1973 unquam
1143 1937 1306 1965 beneﬁcium
1328 1936 1459 1970 accipias.
1480 1944 1489 1960 ι
1502 1934 1524 1960 Α
1541 1934 1600 1960 viro
1610 1932 1656 1967 qui
1678 1939 1733 1967 pne

943 1984 1074 2011 ebrietate
1090 1984 1116 2010 in
1134 1983 1216 2010 Deum
1234 1983 1354 2017 assurgit
1365 1990 1399 2008 ne
1414 1979 1577 2008 beneﬁcium
1592 1977 1732 2005 desideres

944 2031 1076 2064 accipere,
1099 2029 1132 2055 ab
1156 2028 1268 2055 homine
1291 2028 1318 2054 in
1341 2027 1425 2054 Deum
1450 2024 1592 2052 tnentienti
1619 2027 1646 2050 et
1673 2022 1731 2049 sola

933 2075 1081 2110 'hypocrisi
1104 2082 1159 2101 non
1182 2073 1295 2100 veritate
1318 2072 1401 2100 Deum
1422 2071 1556 2098 reverenti
1582 2077 1616 2096 ne
1634 2068 1732 2102 cupias

943 2122 1056 2154 donum,
1071 2121 1106 2148 ab
1120 2121 1167 2147 illo
1184 2120 1231 2154 qui
1243 2119 1334 2154 lingua
1347 2122 1453 2145 tantum
1465 2121 1492 2144 et
1501 2116 1580 2143 labiis
1594 2114 1732 2142 benedicit

945 2167 1039 2199 Demn,
1054 2174 1088 2194 ne
1102 2173 1210 2201 qumras
1221 2165 1437 2197 benedictioncs;
1450 2171 1503 2191 non
1519 2162 1592 2190 enim
1606 2160 1733 2196 expediet

943 2214 990 2241 tibi
1008 2213 1072 2248 quia
1088 2213 1196 2240 veniam
1213 2212 1311 2247 quaerit
1330 2211 1390 2238 dari
1406 2214 1518 2245 propter
1540 2209 1586 2235 illa
1604 2215 1651 2242 per
1671 2213 1733 2241 quia

939 2265 1046 2295 peccat.
1068 2259 1188 2286 Laudari
1209 2258 1308 2293 quaerit
1327 2258 1354 2284 in
1378 2255 1523 2284 desideriis
1544 2255 1640 2282 anima:
1663 2260 1730 2284 sua',

941 2307 993 2333 sibi
1012 2306 1129 2341 primunt
1146 2309 1172 2332 et
1190 2304 1285 2332 multis
1302 2303 1363 2330 aliis
1379 2302 1482 2337 injuste
1504 2307 1615 2330 nocens,
1637 2306 1671 2325 ex
1689 2297 1731 2324 in-

940 2352 1054 2386 justitize
1071 2358 1127 2378 sua:
1144 2349 1274 2385 operibus
1288 2349 1338 2376 sibi
1354 2348 1439 2382 exigit
1450 2345 1666 2374 benedictionem
1681 2343 1732 2369 tri-

944 2399 991 2425 bui
1015 2403 1042 2425 et
1064 2397 1263 2432 protectioncm
1287 2402 1301 2421 a
1324 2392 1559 2421 eircumdantibus
1581 2394 1608 2417 et
1636 2388 1670 2416 ab
1688 2388 1730 2415 his

944 2443 1045 2477 quibus
1061 2443 1151 2477 palam
1168 2440 1300 2468 beneﬁcia
1316 2438 1433 2466 contulit
1449 2441 1475 2464 et
1491 2434 1663 2470 hospitaliter
1675 2432 1731 2467 egit

943 2489 976 2515 de
990 2488 1070 2515 [luxis
1081 2492 1108 2514 et
1123 2486 1302 2522 pereuntibus
1315 2484 1442 2526 negotiis,
1457 2486 1484 2510 et
1498 2481 1584 2515 exigit
1600 2484 1729 2513 tanquam

943 2534 1065 2561 debitum
1086 2531 1273 2560 necessarium
1289 2523 1407 2557 et'nullo
1428 2527 1509 2554 modo
1525 2523 1730 2553 dimittendum.

944 2579 1056 2607 Veniam
1074 2579 1141 2614 petit
1157 2578 1305 2605 multorum
1323 2581 1349 2603 et
1368 2575 1490 2610 gravium
1506 2573 1671 2604 debitorum,
1690 2570 1731 2596 vi-

947 2627 1061 2654 lissimis
1076 2625 1156 2653 donis
1174 2629 1201 2651 et
1219 2623 1341 2650 minimis
1354 2627 1382 2649 et
1401 2621 1493 2657 parvis
1510 2621 1669 2646 immensam
1683 2616 1730 2643 Dei

947 2673 1096 2700 bonitatem
1123 2675 1150 2698 et
1177 2667 1480 2704 incompreltensibilem
1502 2665 1638 2700 justitiam
1670 2666 1730 2690 ten«

947 2725 1019 2751 tans.
1038 2722 1065 2745 et
1078 2718 1156 2745 vanis
1171 2725 1258 2744 vanus
1274 2715 1406 2742 cmlorum
1422 2719 1536 2748 regnum
1555 2718 1645 2738 emere
1659 2708 1728 2735 arbi-

947 2769 1034 2798 trans,
1053 2768 1081 2791 et
1093 2763 1159 2790 nihil
1176 2762 1283 2789 illorum
1299 2768 1359 2796 qnze
1376 2759 1552 2794 requiruntur
1566 2755 1693 2786 oﬂercns,
1704 2756 1734 2781 et

947 2820 1076 2851 δάκτυλός
1094 2828 1123 2845 τε
1139 2818 1278 2849 δάκτυλον,
1295 2815 1435 2845 Menandri
1452 2814 1526 2842 Scal.
1549 2813 1614 2849 tiug,
1632 2809 1696 2838 545.

985 2857 1039 2892 (l2)
1055 2855 1122 2883 Cod.
1138 2853 1281 2890 παρέσται.
