1920 3046
195 125 243 152 851

196 184 272 212 nullo
297 185 379 212 modo
393 185 474 220 digna
491 194 573 221 opera
599 195 691 216 coram
711 190 765 217 Deo
786 191 986 226 jactat,lamen

194 234 222 256 νι
241 229 285 257 his
300 230 463 258 benevolum
479 240 551 265 enm.
568 234 616 268 qui
628 234 674 263 dat
683 237 788 269 omnia.
804 238 905 265 lucrari
920 246 988 267 con-

195 275 323 308 tendens,
346 276 431 304 Deum
455 285 509 306 non
534 279 665 312 oblectat,
691 281 738 309 sed
765 290 782 311 ο
809 289 905 311 contra
925 285 987 313 aliis

196 327 338 354 peccatum
354 331 435 350 suum
451 331 598 353 commune
616 325 706 355 reddit

197 464 248 491 Ιθῦ
263 464 320 500 Ego
337 465 404 492 lucri
420 466 522 501 aliquid
543 467 578 493 ab
593 468 747 495 aduersario
762 469 870 504 colligo.

231 509 279 536 Est
294 514 321 537 et
338 511 411 544 apud
429 511 520 538 hostes
534 512 633 546 gratia,
653 513 690 539 ait
707 514 892 549 proverbium.
917 513 987 543 lluic

196 555 332 590 theologia
349 556 439 583 simile
461 557 547 584 dicit:
567 557 621 592 Ego
637 563 663 585 et
684 559 719 585 ab
741 559 820 586 hoste
840 560 985 587 utilitatem

196 599 316 635 percipio
326 604 353 628 et
367 601 476 628 lucrum
489 602 568 630 vobis
579 604 766 631 communico.
780 604 850 637 Quid
863 605 987 632 lucrum?

195 645 414 680 liedargutiones
429 655 524 674 eorum
543 649 589 683 qni
615 657 658 677 me
680 650 799 677 oderunt
819 656 846 678 et
861 651 986 679 convicia

193 692 347 719 observans
365 696 392 719 et
407 694 528 728 ipsorum
543 694 750 729 objurgationes
766 696 854 723 vitans
871 697 928 731 ipse
940 704 986 723 ac-

193 737 318 765 curatius
333 739 417 765 vitam
436 739 553 774 dispono
578 749 665 768 meam
690 746 717 769 et
734 742 812 770 vobis
831 743 897 770 illud
921 751 985 770 sua-

193 783 245 811 deo
265 793 273 812 :
294 783 330 811 Ut
354 785 480 813 securius
498 786 608 818 vivatis.
633 792 660 814 et
679 795 713 815 ne
733 789 919 816 contemnatis
943 789 984 815 vel

193 830 362 858 levissimam
379 839 394 858 a
408 832 479 859 bono
493 833 715 866 declinationem,
731 843 786 862 non
802 839 907 862 tantum
920 843 984 870 pro-

194 882 254 910 pter
266 877 438 910 mandatum,
458 878 505 905 sed
517 883 544 906 et
558 884 670 914 propter
685 879 881 907 maledicorum
898 880 982 907 auda-

192 925 274 954 ciam,
291 924 445 951 cavendum
461 925 540 952 nobis
555 930 598 952 est
613 926 688 952 omni
706 925 857 961 diligentia.
881 926 981 953 Reme-

192 969 267 996 dium
283 973 327 996 est
347 970 449 1003 injuria
466 970 600 1004 hostium,
620 972 772 999 remedium
788 972 904 999 allectus
918 979 982 1007 pra-

191 1023 240 1042 vos
253 1016 347 1044 cordis
365 1016 520 1051 detergens,
537 1024 661 1044 amarum
677 1019 788 1053 quidem
801 1019 870 1046 sicut
885 1024 911 1046 et
922 1026 984 1045 cor-

192 1069 289 1096 porum
311 1062 454 1097 purgativa
474 1071 481 1089 :
506 1062 600 1098 itaque
626 1064 692 1091 illud
709 1066 811 1092 veritus
834 1065 982 1100 prohibeor

192 1116 226 1135 ne
250 1109 278 1135 in
310 1109 403 1136 multis
428 1109 597 1145 delinquam,
627 1115 655 1138 et
688 1111 786 1138 iterum
813 1112 981 1146 voluptatem

191 1159 322 1189 tanquam
359 1163 471 1183 causam
500 1159 528 1183 et
557 1156 744 1185 adductricem
779 1157 982 1192 obiurgationis

191 1207 291 1227 amarae
307 1201 442 1235 redarguo
459 1206 486 1229 et
502 1203 609 1238 rejicio.

870 131 1017 161 NICETAS
1035 133 1138 161 οΑνιῡ

1774 135 1829 162 832

1040 195 1090 230 τὴν
1104 194 1158 221 τῶν
1171 194 1294 230 οὐρανῶν
1308 194 1443 230 βασιλείαν
1464 193 1676 230 ὲξαγορὰζεσθαι
1693 194 1828 229 οἰόμενος,

1040 241 1087 267 καὶ
1101 240 1184 275 μηδὲν
1197 237 1235 268 ὧν
1247 242 1349 272 ἐκεῖνος
1363 241 1440 276 ζητεῖ
1457 241 1654 276 παρεχόμενος,
1668 241 1715 267 καὶ
1735 241 1770 266 τὰ
1783 240 1828 267 οὺ-

1037 286 1112 317 δενὸς
1133 286 1195 319 ἄξια
1213 287 1278 322 παρ’
1292 286 1365 322 αὐτῷ
1387 286 1636 322 πλειπηριάξεται,
1653 287 1700 313 καὶ
1721 286 1827 318 τούτοις

1037 332 1082 359 τὸν
1094 332 1198 359 διδόντα
1208 333 1243 359 τὰ
1254 333 1342 360 πάντα
1357 333 1688 367 καταπραγματευόμενος
1699 332 1768 358 Θεδν
1778 333 1827 358 οὐκ

1037 378 1172 412 ἀρκεῖται,
1181 378 1248 405 ἀλλὰ
1261 379 1306 405 καὶ
1317 379 1412 410 ἄλλους
1424 378 1568 410 κοινωνοὺς
1582 378 1630 413 τῆς
1641 377 1723 404 αὑτοῦ
1737 379 1828 413 ἁμαρ-

1036 424 1096 456 τίας
1111 425 1313 459 συνεφέλκεται.

1038 469 1088 496 195
1114 468 1183 505 Ἐγώ
1207 477 1235 496 τι
1254 469 1360 503 κέρδος
1373 469 1486 504 ἐκλέγω
1502 469 1552 495 καὶ
1567 468 1755 503 δυσμενοῦς.

1074 514 1152 541 Ἔστι
1175 514 1222 540 καὶ
1236 516 1301 551 παρ’
1318 513 1423 549 ἐχθρῶν
1439 514 1527 549 χάρις,
1539 515 1556 549 ἡ
1573 513 1707 548 παροιμία
1722 512 1804 548 φησιν
1816 521 1825 529 ·

1035 560 1127 595 ὅμοιον
1147 560 1233 595 ταύτῃ
1246 560 1293 587 καὶ
1309 561 1326 595 ὴ
1347 559 1470 594 θεολογία
1490 560 1581 594 λέγει,
1595 561 1666 596 Ἐγὼ
1676 561 1724 588 καὶ
1734 560 1766 586 ὲκ
1777 558 1825 585 τοῦ

1036 605 1184 641 δυσμενοῦς
1199 605 1332 640 ὠφέλειαν
1348 605 1506 641 καρποῦμαι
1519 605 1566 632 καὶ
1581 606 1612 631 τὸ
1626 605 1721 640 κέρδος
1738 613 1826 630 κοινο-

1036 651 1166 686 noto-3pm
1191 651 1258 687 πρὸς
1275 651 1357 686 ὑμᾶς.
1385 652 1491 677 Ὀποῖον
1513 651 1541 678 δὲ
1565 651 1638 677 τουτὶ
1661 651 1692 676 τὸ
1710 650 1824 685 κέρδοςς

1036 697 1092 729 Τὰς
1107 697 1161 731 γὰρ
1177 697 1252 732 παρά
1265 698 1319 724 τῶν
1330 697 1524 733 ἑχθραινόντων
1539 696 1676 733 μοιλαὸὰς
1690 697 1737 723 καὶ
1755 697 1827 731 μέμ-

1034 744 1095 780 ψεις
1112 744 1283 776 ὑποπτεύων,
1304 745 1350 770 καὶ
1368 743 1418 775 τὰς
1439 743 1528 770 αὐτῶν
1543 743 1686 778 ἐπιλήψεις
1704 741 1826 775 ἀποφεὺ-

1035 799 1092 824 γων
1104 811 1111 823 ,
1129 791 1210 822 αὐτός
1226 799 1256 817 τε
1273 790 1468 825 ἀκριϐέστερον
1483 790 1527 816 τὸν
1553 788 1670 824 ἐμαυτοῦ
1696 787 1826 814 διευθετῶ

1038 836 1093 871 βίον
1109 837 1156 863 καὶ
1178 835 1242 871 ὑμῖν
1266 835 1331 862 αὐτὸ
1354 834 1432 862 τοῦτο
1455 835 1599 870 παραινῶ,
1615 834 1826 869 ἀσφαλεστέρως

1038 879 1112 916 βιοῦν
1131 880 1178 906 καὶ
1199 880 1236 915 μὴ
1261 881 1440 915 καταφρονεῖν
1463 880 1528 915 μηδὲ
1548 880 1596 915 τῆς
1615 879 1760 913 ἐλαχίστης
1783 879 1824 904 δι-

1036 927 1173 963 αμαρτίας
1187 926 1233 954 τοῦ
1246 925 1339 957 καλοῦ,
1347 921 1371 952 εἶ
1382 926 1429 952 καὶ
1445 925 1482 961 μὴ
1492 925 1535 952 διὰ
1547 926 1597 960 τὴν
1607 924 1717 960 ἐντολὴν
1728 924 1825 951 τοσοῦ-

1035 983 1091 1006 τον,
1106 973 1175 1000 ἀλλά
1196 982 1227 1008 γε
1243 973 1287 1000 διὰ
1309 972 1359 1008 τὴν
1374 972 1428 998 τῶν
1448 971 1591 1007 βασκάνων
1602 971 1733 1006 λοιδορίαν
1749 971 1825 1006 πάσῃ

1035 1019 1167 1055 τηρητέον
1194 1019 1307 1049 ἑαυτοὺς
1331 1018 1449 1053 φυλακῇ.
1466 1017 1611 1052 Φάρμακόν
1628 1018 1702 1043 ἐστιν
1718 1017 1732 1042 ὁ
1757 1016 1826 1051 πρὸς

1034 1065 1088 1092 τῶν
1105 1064 1210 1100 ἐχθρῶν
1231 1063 1390 1098 ὀνειδισμὸς,
1413 1063 1556 1098 φάρμακον
1576 1063 1630 1089 τῶν
1644 1062 1693 1097 τῆς
1710 1062 1824 1097 καρδίας

1036 1111 1145 1138 παθέων
1169 1110 1366 1146 καθαρτήριον,
1384 1109 1481 1144 πικρὸν
1495 1109 1524 1135 δὲ
1549 1109 1623 1144 ὅμως
1634 1128 1642 1140 ,
1657 1108 1753 1144 ὥσπερ
1776 1107 1825 1133 καὶ

1034 1157 1069 1184 τὰ
1087 1157 1141 1183 τῶν
1167 1156 1299 1191 σωμάτων
1326 1155 1445 1191 ῥυπτικά
1465 1154 1522 1181 ’.δι’
1535 1154 1549 1181 ὂ
1565 1154 1612 1181 καὶ
1626 1153 1721 1185 δεδιὼς
1744 1152 1826 1179 τοῦτο

1037 1201 1215 1236 συστέλλομαι
1229 1200 1263 1227 τὰ
1275 1199 1359 1226 πολλά
1373 1200 1551 1235 παρανομεῖν,
1565 1199 1612 1225 καὶ
1622 1195 1655 1225 αὖ
1672 1197 1754 1224 πάλιν
1773 1196 1824 1232 τὴν

190 1246 287 1282 ⁴Ιῑδονὴν
312 1247 349 1279 ὡς
369 1248 458 1275 αἰτίαν
486 1257 531 1283 μοι
560 1250 607 1276 καὶ
630 1249 758 1285 πρόξενον
783 1250 833 1286 τῆς
857 1250 912 1276 τῶν
936 1248 1096 1284 ὀνειδισμῶν
1116 1247 1227 1283 πικρίας
1248 1246 1393 1282 γινομένην
1418 1245 1608 1281 ἐπιμέμφομαι
1631 1244 1678 1271 καὶ
1695 1243 1823 1271 ἀποσείο-

213 1301 252 1320 αι.

213 1301 252 1320 αι.

191 1301 242 1366 ῗ97
259 1339 346 1366 Bonas
364 1347 513 1371 remunera,
531 1339 616 1366 malos
629 1339 743 1374 despice.

229 1384 324 1412 Simile
333 1391 397 1420 puto
407 1386 580 1414 tetrasticum
593 1386 666 1412 istud
674 1385 826 1421 apostolico
832 1385 962 1412 mandato
972 1394 979 1412 :

190 1430 221 1458 Si
230 1431 288 1465 ﬁeri
295 1435 390 1465 potest,
402 1431 471 1465 quod
480 1439 513 1458 ea:
521 1431 592 1458 vobis
601 1437 651 1465 est,
662 1440 722 1459 cum
734 1431 853 1459 omnibus
867 1432 980 1458 homini-

190 1477 238 1503 bus
248 1484 338 1510 pacem
348 1478 472 1504 habentes
483 1477 578 1512 (Rom.
595 1486 643 1508 xn.
659 1478 704 1513 18)
718 1486 724 1504 :
737 1485 800 1504 cum
814 1477 894 1505 bonis
904 1485 981 1512 ergo.

190 1524 342 1552 mansuetis
355 1528 382 1552 et
392 1524 532 1553 benevolis
544 1532 608 1560 erga
619 1532 670 1552 nos
681 1525 877 1552 convenienter
893 1524 979 1551 vicem

190 1570 293 1598 referre
309 1571 415 1605 justum
430 1574 484 1604 est,
507 1570 565 1598 sive
580 1578 628 1605 per
643 1571 737 1602 verba,
758 1570 816 1597 sive
834 1578 882 1605 per
897 1570 980 1600 dona.

190 1617 248 1643 sive
257 1624 305 1651 per
316 1621 416 1644 rectam
428 1617 639 1649 conscientiam,
651 1616 731 1643 aliter
739 1617 850 1651 dignam
868 1615 982 1644 reddere

190 1663 306 1697 gratiam
317 1666 442 1697 oportet;
457 1663 544 1690 malos
560 1670 627 1690 vero
643 1668 670 1690 et
689 1671 817 1697 perverse
834 1667 945 1698 agentes
955 1666 982 1689 et

189 1710 394 1737 calumniantes
415 1717 467 1737 nos
489 1709 642 1745 despicere,
663 1710 741 1737 nihili
766 1710 873 1741 lacere.‘
892 1709 918 1736 id
939 1713 982 1737 est

191 1756 331 1790 negligere
349 1759 474 1790 oportet;
491 1755 539 1782 sed
556 1757 638 1783 etiam
658 1756 726 1791 ipsis
742 1757 857 1789 gratiam
876 1755 982 1783 tribue-

190 1809 231 1833 re.
245 1808 278 1828 eo
291 1801 364 1835 quod
386 1801 453 1827 nihil
469 1802 534 1828 mali
551 1802 585 1829 ab
597 1801 665 1836 ipsis
677 1803 824 1836 patiamur,
837 1802 900 1830 licet
915 1802 983 1828 allii-

189 1856 255 1882 gere
271 1847 394 1875 meditati
418 1848 491 1880 sint;
508 1848 610 1876 idcirco
635 1848 779 1883 pacilicnm
796 1853 822 1876 et
844 1849 982 1883 placidum

190 1901 254 1921 esse
270 1901 332 1920 cum
349 1894 416 1928 ipsis
432 1897 556 1929 oportet;
574 1894 637 1921 inde
652 1898 783 1928 sequetur
802 1893 982 1921 diuturnitate

192 1939 325 1975 temporis
343 1944 370 1966 et
397 1940 604 1975 longanimitate
627 1940 698 1975 quod
722 1947 771 1967 eos
793 1939 910 1967 suadeas
934 1939 981 1974 qui

192 1986 258 2016 boni
275 1985 342 2012 ﬁant
360 1989 407 2012 tua
424 1985 562 2020 probitate
573 1985 652 2018 victi;
669 1985 772 2013 nemini
790 1985 864 2011 enim
880 1984 982 2011 malum

193 2038 244 2066 pro
266 2031 338 2058 malo
365 2031 494 2063 reddens,
519 2031 667 2058 bonitatem
692 2035 718 2058 et
743 2031 982 2058 mansuetudinem

191 2080 325 2111 tanquam
345 2078 477 2111 optimum
494 2078 549 2105 illis
563 2078 724 2112 impertiens
735 2076 849 2108 donum,
865 2078 905 2106 sic
917 2085 983 2112 pau-

193 2122 278 2149 lulum
290 2123 456 2156 meliorabis,
465 2127 493 2151 et
501 2123 587 2152 malos
596 2128 623 2152 et
633 2124 765 2152 molestos
783 2123 871 2151 bonos
891 2123 938 2151 tibi
955 2127 982 2151 et

194 2168 296 2203 probos
310 2167 446 2203 perﬁcies.

192 2257 242 2289 201
264 2257 400 2293 Benignus
416 2263 473 2286 calo
488 2259 621 2292 omnibus,
636 2260 659 2286 εἰ
673 2265 755 2293 potes.

230 2314 258 2342 Si
269 2318 346 2342 tanta
359 2315 407 2343 tibi
418 2317 506 2351 gratia
524 2317 558 2344 ab
568 2317 710 2344 Altissimo
722 2317 823 2346 tributa
839 2322 919 2345 estet
931 2318 983 2352 vis,

191 2361 238 2397 qni
258 2361 343 2389 Deum
360 2362 478 2390 imiteris
495 2371 575 2398 quem
588 2363 716 2390 omnibus
730 2364 899 2391 celebramus
912 2365 985 2399 opti-

192 2415 279 2439 mum,
291 2411 319 2435 et
331 2407 389 2442 ipse
398 2407 447 2435 [ias
456 2409 584 2436 omnibus
595 2409 684 2436 bonus
696 2414 723 2437 et
732 2409 807 2436 utilis
817 2418 823 2436 :
835 2411 900 2445 quid
909 2411 982 2437 enim

191 2461 260 2481 sane
272 2453 425 2481 imitatione
439 2453 486 2481 Dei
496 2454 613 2482 melius?
627 2455 679 2482 Sed
691 2455 773 2482 homo
782 2463 844 2482 cum
863 2455 985 2491 sis,quo-

193 2498 277 2526 modo
291 2499 394 2534 poteris
411 2500 526 2529 bonitati
541 2500 592 2535 ipsi
609 2501 773 2528 similislieri
788 2505 814 2528 et
828 2501 862 2529 ad
875 2509 984 2529 onmem

193 2545 299 2579 pariter
314 2553 425 2573 carnem
442 2546 661 2574 misericordiam
676 2547 824 2575 extendere
838 2552 866 2575 et
876 2547 985 2575 bonita-

194 2591 270 2618 tem?
285 2591 410 2627 Simplici
423 2592 505 2620 corde
520 2593 737 2620 misericordiam
754 2599 781 2621 et
796 2601 919 2621 amorem
935 2593 985 2620 ha-

194 2637 259 2665 bere
272 2641 300 2665 et
315 2638 349 2666 de
363 2638 453 2666 salute
462 2638 584 2666 omnium
594 2639 736 2667 hominum
750 2639 870 2667 studium
883 2640 985 2667 sentire

194 2691 243 2718 per
259 2683 364 2712 Christi
386 2684 560 2713 dilectionem
584 2693 649 2721 erga
678 2693 729 2714 nos
754 2693 920 2722 possumus;
937 2685 984 2713 sed

196 2729 358 2759 benefacere
372 2731 501 2759 omnibus
518 2731 677 2760 hominibus
691 2732 796 2760 homini
813 2731 986 2767 impossibile

195 2776 310 2803 omnino
322 2780 382 2809 est;
400 2776 462 2805 ideo
476 2777 550 2806 dicet
568 2778 698 2806 omnibus
709 2777 769 2805 ﬁeri
792 2777 876 2806 utiles
893 2778 986 2806 animo

196 2821 298 2848 volenti
320 2821 447 2850 homines
462 2822 628 2858 diligentes;
641 2829 667 2851 et
685 2824 838 2859 pmsertim
854 2823 986 2859 proximis

197 2867 313 2902 nostris,
329 2868 411 2896 corde
426 2869 500 2897 bono
513 2870 729 2899 ct‘sermonibus
746 2874 774 2898 et
793 2869 923 2906 operibus
939 2869 983 2897 be-

1028 1337 1077 1365 197
1098 1336 1216 1369 Καλοὺς
1229 1335 1363 1370 ἀμείϐου,
1380 1335 1452 1367 τοὺς
1475 1334 1585 1367 κακοὺς
1609 1334 1788 1368 περιφρόνει.

1065 1383 1177 1417 Ὅμοιον
1191 1379 1268 1416 οἶμαι
1285 1381 1363 1407 τοῦτο
1383 1381 1414 1407 τὸ
1433 1381 1608 1415 τετρὰστιχον
1627 1379 1664 1414 τῷ
1683 1379 1826 1406 ἀποστολι-

1030 1429 1071 1464 κῷ
1085 1428 1182 1462 ἐκείνῳ
1201 1427 1422 1464 παραγγέλματι,
1440 1427 1475 1453 Εὶ
1490 1425 1632 1456 δυνατὸν,
1643 1424 1675 1452 τὸ
1692 1425 1727 1457 ἐξ
1739 1425 1826 1460 ὑμῶν

1028 1475 1104 1510 μετὰ
1124 1473 1244 1501 πάντων
1267 1472 1430 1507 ἀνθρώπων
1446 1472 1664 1506 εἰρηνεύοντες.
1678 1471 1752 1506 Πρὸς
1774 1471 1826 1506 μὲν

1035 1519 1080 1548 οὖν
1094 1522 1157 1553 τοὺς
1173 1519 1273 1551 καλοὺς
1285 1519 1334 1546 καὶ
1350 1519 1481 1550 ἐπιεικεῖς
1493 1519 1540 1545 καὶ
1554 1518 1647 1549 εὔνους
1662 1518 1730 1553 ἡμῖν
1743 1525 1827 1552 προσ-

1034 1567 1155 1603 ηκόντως
1177 1566 1314 1593 ποιεῖσθαι
1329 1565 1433 1592 δίκαιον
1447 1564 1497 1596 τὰς
1512 1563 1638 1600 ἀμοιδὰς,
1653 1564 1708 1589 εἴτε
1723 1563 1767 1590 διὰ
1780 1563 1826 1589 λό-

1032 1622 1099 1648 γων,
1116 1613 1170 1639 εἴτε
1180 1612 1225 1639 διὰ
1241 1611 1345 1646 δώρων,
1358 1611 1446 1637 εῖτουν
1463 1609 1549 1642 ἄλλως
1563 1610 1597 1636 δι’
1613 1608 1719 1645 ἀγαθῆς
1736 1618 1825 1636 συνει-

1032 1660 1136 1695 δήσεως
1158 1658 1208 1694 τὴν
1235 1657 1313 1690 ἀξίαν
1337 1656 1510 1684 ἀποτιννύναι
1534 1657 1613 1691 χάριν
1636 1654 1725 1691 χρεών
1739 1663 1747 1670 ·
1761 1655 1826 1687 τοὺς

1033 1707 1135 1736 κακοὺς
1149 1705 1178 1731 δὲ
1190 1704 1236 1731 καὶ
1248 1702 1480 1738 πονηρευομένους
1489 1702 1535 1728 καὶ
1548 1702 1744 1737 βασκαίνοντας
1758 1702 1825 1736 ἡμῖν

1033 1751 1208 1786 περιφρονεῖν
1231 1750 1279 1777 καὶ¹
1293 1748 1458 1782 ὲξουδενοῦν,
1473 1749 1486 1775 ὃ
1500 1748 1573 1774 ἔστιν
1592 1748 1741 1783 ὖπερορᾷν,
1757 1749 1822 1783 χρή·

1033 1797 1101 1823 ἀλλά
1125 1797 1173 1823 καὶ
1197 1795 1302 1827 τούτοις
1330 1796 1410 1831 χάριν
1435 1795 1534 1821 εἰδέναι
1557 1793 1596 1829 τῷ
1621 1793 1704 1828 μηδὲν
1727 1793 1826 1820 παθεῖν

1035 1843 1099 1878 παρ’
1114 1841 1204 1869 αὐτῶν
1220 1841 1318 1872 κακὸν,
1338 1841 1362 1867 εἰ
1389 1841 1435 1867 καὶ
1451 1840 1543 1879 ἔδοξαν
1563 1839 1657 1866 λυπεῖν
1670 1847 1678 1853 ·
1692 1839 1726 1866 δι’
1743 1839 1758 1866 ὃ
1776 1839 1825 1865 καὶ

1033 1887 1178 1923 εἰρηνικῶς
1192 1888 1238 1914 καὶ
1252 1887 1364 1922 ἀμάχως
1381 1886 1440 1912 δέον
1460 1885 1612 1912 διακεῖσθαι
1628 1884 1697 1920 πρὸς
1713 1885 1823 1918 αὐτοὺς,

1032 1934 1070 1966 ὼς
1092 1934 1125 1961 ἂν
1141 1934 1179 1970 τῷ
1198 1933 1287 1968 πολλῷ
1311 1933 1400 1968 χρόνῳ
1416 1933 1464 1959 καὶ
1477 1933 1511 1967 τῇ
1530 1930 1705 1967 μακροθυμίᾳ
1725 1930 1825 1965 πείσῃς

1033 1980 1080 2006 καὶ
1093 1980 1191 2011 αὐτοὺς
1213 1979 1340 2013 γενέσθαι
1362 1979 1506 2014 χρηστοὺς,
1517 1978 1566 2013 τῆς
1583 1977 1634 2012 σῆς
1654 1977 1824 2012 ἡττημένους

1033 2024 1244 2058 καλοκάγαθίας.
1269 2025 1371 2059 Μηδενὶ
1394 2024 1449 2060 γὰρ
1471 2023 1554 2050 κακὸν
1570 2023 1630 2050 ἀντὶ
1651 2022 1737 2050 κακοῦ
1755 2023 1823 2049 ἀπο-

1033 2071 1129 2102 διδοὺς,
1148 2071 1320 2106 χρηστότητα
1339 2071 1368 2097 δὲ
1387 2071 1434 2097 καὶ
1450 2069 1599 2096 ἐπιείκειαν
1619 2069 1657 2100 ὡς
1675 2068 1824 2104 καλλίστην

1033 2117 1123 2148 αὐτοῖς
1138 2116 1327 2151 ἐπιὸραδεύων
1341 2116 1455 2152 δωρεὰν,
1470 2115 1541 2142 οὕτω
1558 2115 1629 2141 κατὰ
1645 2114 1744 2150 μικρὸν
1753 2115 1824 2148 ἀγα-

1034 2163 1188 2195 θυνεῖς,καὶ
1201 2164 1264 2195 τοὺς
1275 2164 1377 2194 κακοὺς
1392 2162 1439 2188 καὶ
1456 2162 1590 2197 πονηροὺς
1601 2161 1700 2193 καλοὺς
1717 2161 1824 2196 σεαυτῷ

1037 2209 1084 2234 καὶ
1101 2209 1235 2244 χρηστοὺς
1251 2208 1435 2239 ἀποτελέσεις.

1031 2265 1081 2292 201
1104 2263 1183 2292 [Idm
1205 2264 1264 2300 μὲν
1295 2265 1358 2292 ἴσθι
1377 2265 1525 2300 χρηστὸς,
1543 2267 1569 2292 εὶ
1589 2265 1676 2292 τοῦτο
1701 2265 1822 2299 σθένος.

1068 2322 1099 2348 Εἰ
1117 2322 1166 2357 μὲν
1188 2322 1306 2358 τοσαύτη
1337 2331 1377 2349 σοι
1404 2322 1482 2358 χάρις
1510 2321 1611 2349 ἄνωθεν
1632 2322 1822 2358 ἐπεΰραὸεύθη

1033 2368 1080 2395 καὶ
1097 2368 1183 2402 ἰσχὺς,
1203 2367 1273 2394 ὥστε
1297 2368 1364 2396 Θεὸν
1389 2368 1530 2404 μιμεῖσθαι
1545 2367 1590 2394 τὸν
1611 2369 1666 2399 τοῖς
1683 2367 1823 2403 σύμπασιν

1034 2413 1236 2449 ὰνυμνούμενον
1252 2413 1380 2451 χρηστὸν,
1395 2413 1440 2439 καὶ
1455 2412 1536 2444 αὐτὸς
1547 2412 1622 2446 γίνου
1638 2413 1707 2447 πρὸς
1720 2414 1822 2444 πάντας

1033 2460 1134 2494 ἀγαθὸς
1152 2460 1198 2486 καὶ
1220 2459 1337 2495 χρηστός
1347 2467 1355 2475 υ
1369 2459 1395 2485 τί
1409 2459 1464 2495 γὰρ
1482 2459 1531 2493 τῆς
1546 2458 1630 2489 ὅντως
1641 2457 1822 2494 θεομιμησίας

1033 2505 1208 2540 ἀγαθώτερον
1234 2505 1266 2532 ἂν
1281 2505 1342 2539 ein;
1365 2504 1435 2530 Ἀλλ’
1452 2503 1593 2538 ἄνθρωπον
1616 2503 1681 2529 ὄντα
1695 2503 1754 2535 πῶς
1769 2502 1822 2531 οἷόν

1033 2560 1062 2578 τε
1090 2552 1123 2587 τῇ
1146 2550 1343 2586 αὐταγαθὸτητι
1369 2549 1573 2586 ἐξομοιοῦσθαι,
1588 2549 1635 2575 καὶ
1652 2549 1722 2584 πρὸς
1735 2551 1821 2577 πᾶσαν

1033 2597 1077 2623 ἐπ’
1092 2596 1153 2631 ἴσης
1169 2597 1256 2627 σάρκα
1275 2596 1321 2623 τὸν
1339 2595 1413 2622 ἔλεον
1438 2595 1613 2630 ἐπιχορηγεῖν
1626 2595 1673 2620 καὶ⁵
1688 2595 1739 2630 τὴν
1759 2603 1817 2630 χρη-

1035 2642 1170 2678 στότητα;
1191 2643 1227 2669 Τὸ
1251 2642 1301 2677 μὲν
1317 2639 1363 2668 οὖν
1380 2641 1472 2672 ἅπλῶς
1486 2640 1580 2672 ἐλεεῖν.
1594 2640 1641 2667 καὶ
1663 2639 1762 2674 φιλεῖν,
1777 2641 1820 2668 καὶ

1035 2689 1143 2715 πάντων
1166 2688 1317 2725 ἀνθρώπων
1338 2689 1448 2723 ἀγαπᾷν
1475 2687 1525 2723 τὴν
1552 2686 1688 2722 σωτηρίαν
1704 2686 1748 2714 διὰ
1774 2687 1818 2722 τῆς

1033 2733 1153 2769 Χριστοῦ
1177 2734 1245 2769 πρὸς
1270 2733 1345 2769 ἡμᾶς
1375 2732 1513 2767 δυνάμεθα
1536 2730 1742 2766 φιλανθρωπίας
1761 2740 1768 2745 ·
1784 2730 1818 2765 τῷ

1035 2779 1189 2814 εὐεργετεῖν
1216 2779 1266 2814 μὲν
1283 2780 1387 2810 πάντας
1409 2777 1570 2813 ἀνθρώπους
1592 2776 1728 2812 ἀνθρώπῳ
1754 2785 1814 2803 παν-

1035 2825 1153 2852 τάπασιν
1169 2826 1321 2861 ἀμήχανον,
1332 2825 1364 2852 δι’
1372 2825 1386 2852 ὃ
1397 2824 1470 2858 λέγει
1484 2824 1550 2851 πᾶσι
1564 2823 1614 2859 μὲν
1623 2822 1746 2858 γίνεσθαι
1755 2831 1805 2858 χρη

1037 2871 1116 2903 «min;
1133 2873 1166 2908 τῇ
1184 2871 1303 2899 διαθέσει
1329 2870 1634 2907 φιλανθρωπευομένους
1653 2870 1702 2906 τῆς
1718 2869 1817 2905 ψυχῆς,
