1920 3046
111 130 169 158 8'53

106 189 232 225 μάλιστα
247 188 276 214 δὲ
294 187 350 220 τοῖς
369 187 523 222 ἐγγίζουσιν
540 188 606 224 ἡμῖν
620 209 628 221 ,
643 188 681 220 ὼς
707 189 754 216 καὶ
773 189 901 225 προθέσει

104 236 227 272 καρδίας
242 235 290 262 καὶ
301 234 390 270 λόγοις
404 234 452 261 καὶ
466 234 625 270 πράγμασιν
637 235 791 270 εὐεργετεῖν
805 234 904 262 πολλά-

106 289 156 312 κις
186 279 351 315 δυναμένους
363 280 378 306 6
393 280 468 316 ἱερὸς
490 280 569 314 λόγος
588 282 733 316 παραινεῖ·
749 281 863 315 ἔγγιστα
875 281 904 308 δὲ

104 327 176 358 τοὺς
192 326 238 352 τὸν
249 326 349 361 τρόπον
363 326 410 352 τοῦ
427 326 499 353 κατὰ
512 326 579 353 Θεὸν
595 326 664 361 βίου,
683 327 700 363 ἢ
715 327 747 353 τὸ
760 327 831 354 κατὰ
855 326 904 361 φύ-

108 381 154 398 σιν
166 372 255 407 γένος,
271 372 287 407 ἣ
300 372 347 398 καὶ
365 373 409 399 τὸν
424 373 508 399 τόπον
519 373 695 407 γειτνιῶντας
704 373 754 409 τῆς
770 373 904 408 οἰκήσεως

106 418 276 454 διαγορεύει.
289 418 360 454 Πρὸς
374 419 438 451 τοὺς
453 419 592 451 τοιούτους
609 418 655 445 οὖν
666 418 715 455 τὴν
732 419 904 454 χρηστότητα

107 464 213 499 χρῆναι
240 463 340 500 μᾶλλον
363 464 575 492 ἐπιδείκνυσθαι.
605 465 684 497 Τίνος
706 465 822 498 ἓνεκενς
849 465 905 492 Καὶ

108 510 172 541 πῶς
187 510 242 546 γὰρ
264 510 298 537 ἂν
318 511 492 547 πιστευθείης
509 513 565 544 τοῖς
584 511 681 544 ξένοις,
704 513 781 548 φησὶ,
794 512 841 539 καὶ
858 512 905 538 ἁλ-

108 556 229 592 λοτριως
253 557 322 593 πρὸς
344 557 374 583 σὲ
397 557 580 593 διακειμένοις
598 559 699 593 ἀγαθὸς
722 557 792 586 εἶναι
811 561 828 596 ἢ
844 560 904 595 φιλ-

109 603 269 637 άνθρωπος,
283 604 340 634 τοῖς
362 603 472 635 οίκείοις
494 604 585 636 ἄδικος
607 604 796 641 δεικνύμενος;
817 606 904 633 Ἑκεί-

108 656 168 679 νοις
186 648 236 682 μὲν
255 647 309 684 γὰρ
335 647 421 681 ξένοις
447 647 522 676 οὖσιν
543 651 608 682 ῐσως
630 650 684 676 οὐδ’
699 651 816 685 ὀφείλειν
831 653 905 688 ἐρεῖς

109 694 195 726 καλὸς
209 693 289 726 εἷναι,
300 696 357 727 τοῖς
372 695 508 730 ἐγγίζουσι
517 696 545 722 δὲ
560 696 622 723 καθ’
636 697 775 724 ὁποιονοῦν
790 699 843 725 τῶν
864 700 904 725 εἱ-

110 741 243 778 ρημένων
265 743 365 778 τρόπον
387 743 495 775 πάντως
517 742 635 778 ὀφείλεις
648 742 718 771 εῐναι
740 745 902 781 περιδέξιος.

110 788 201 824 Εἴπερ
220 786 267 815 οὖν
282 789 387 821 τούτοις
402 789 433 816 οὑ
452 789 555 822 δίκαιος
569 790 775 828 καταλαμϐάνῃ,
787 792 844 823 τοῖς
860 791 905 818 ἀλ-

109 834 230 870 λοτρίοις
244 835 292 861 καὶ
310 834 418 870 μακρὰν
433 834 533 868 πόσον;

239 879 337 906 πάντα
357 880 410 906 τὸν
433 880 586 915 δύστηνον
605 882 760 917 αἰτιώμεθα

107 915 165 942 9.06
194 916 325 949 'Ezlipér;

149 960 211 987 Ὅτι
237 961 267 987 οὐ
283 960 335 997 χρὴ
353 961 441 988 πάντα
456 962 557 997 τρόπον
574 963 621 989 τὸν
645 963 802 999 δυσώνυμον
816 966 905 992 αἰτιᾶ-

110 1003 177 1030 σθαι
188 1004 318 1038 Σατανᾶν,
332 1005 369 1036 ὡς
381 1005 431 1040 τῆς
439 1007 468 1032 ὲν
477 1007 544 1042 ἡμῖν
554 1007 692 1043 ἁμαρτίας
707 1008 737 1034 τὸ
749 1009 809 1036 ὅλον
824 1010 905 1037 αὑτὸν

110 1049 200 1076 αἴτιον
217 1050 372 1085 ὑπάρχοντα
381 1060 388 1066 ·
397 1051 484 1086 τούτῳ
498 1052 553 1088 γὰρ
565 1052 603 1088 τῷ
615 1054 708 1089 τρόπῳ
719 1054 758 1086 ὡς
767 1055 905 1087 ἀναιτίους

109 1096 227 1127 ἑαυτοὺς
243 1097 465 1132 ὑπολογιζόμενοι
477 1098 605 1134 ἀκρατῶς
617 1108 646 1126 τε
657 1100 703 1126 καὶ
716 1101 851 1136 ἀχαλίνως
865 1101 904 1136 τῷ

111 1140 262 1175 φιληδόνως
278 1140 363 1175 βιοῦν,
380 1142 430 1176 τὴν
447 1141 570 1174 ἐξουσίαν
585 1143 717 1178 ἐφιέντες,
732 1145 800 1181 πρὸς
814 1147 904 1174 πᾶσαν

111 1186 340 1221 ὑποχαυνούμεθα
364 1188 546 1223 παρανομίαν,
565 1189 598 1215 Τί
620 1187 668 1217 οὖν
691 1191 816 1226 ποιητέον
838 1193 904 1227 ήμίν

111 1233 129 1267 ἢ
156 1232 216 1264 πῶς
232 1233 418 1269 ὑποληπτέονς
432 1234 596 1270 Μέμφεσθαι
612 1235 662 1271 μὲν
679 1236 696 1271 ἥ
709 1237 740 1263 τὸ
763 1239 818 1264 πᾶν
835 1238 852 1273 ἢ
873 1238 903 1264 τὸ

112 1278 195 1305 πλέον
218 1279 264 1305 καὶ
285 1280 462 1315 κατακρίνειν
487 1281 625 1316 προσῆκεν
648 1282 743 1308 ἑαυτὸν
756 1301 764 1315 ,
786 1283 824 1315 ὡς
851 1284 903 1320 ἰδίᾳ

111 1324 202 1359 ψυχῆς
214 1325 384 1360 προαιρέσει,
399 1326 456 1352 ἀλλ’
474 1326 587 1362 οὐδεμιᾷ
597 1335 650 1354 τινι
666 1327 766 1360 ἔξωθεν
779 1328 824 1365 βίᾳ
835 1331 904 1365 πρὸς

112 1370 164 1405 τὴν
180 1370 281 1397 κακίαν
299 1370 500 1406 συνωθούμεθα,
517 1373 564 1398 καὶ
589 1372 660 1400 οὕτω
678 1374 766 1409 πάντη
789 1375 904 1407 ἑαυτοὺς

112 1416 307 1448 ταπεινοῦντες
320 1417 366 1443 καὶ
380 1415 584 1449 ἑξουθεγοῦντες
609 1419 720 1454 σφόδρα,
735 1420 901 1455 ἐλεούμεθα-

111 1462 144 1488 τὸ
156 1461 237 1489 πλέον
252 1462 281 1489 δὲ
305 1463 427 1495 ἑαυτοὺς,
446 1463 502 1490 ἀλλ’
513 1464 542 1490 οὺ
558 1465 588 1490 τὸ
603 1464 663 1491 ὅλον
678 1466 845 1501 αἰτιώμενοι.
855 1467 903 1493 καὶ

112 1507 201 1539 οὕτως
226 1505 308 1543 ἦττον
332 1508 381 1543 μὲν
396 1509 608 1544 ταπεινούμεθα,
625 1510 790 1546 συγγνώμης
814 1511 836 1537 δ’
855 1509 902 1538 οὖν

113 1555 189 1589 ὅμως
207 1554 253 1580 καὶ
277 1553 352 1580 ἐλέου
377 1554 534 1590 ἁξιούμεθα.
552 1555 660 1582 Είδέναι
674 1556 702 1582 δὲ
716 1557 802 1589 ἄξιον,
819 1557 858 1588 ὡς
873 1557 904 1584 τὸ

113 1600 171 1634 πῦρ
191 1599 240 1633 μὲν
253 1599 300 1625 τοῦ
311 1599 398 1634 θυμοῦ
409 1600 456 1626 καὶ
466 1600 517 1634 τῆς
528 1600 676 1636 ἐπιθυμίας
692 1603 758 1637 παρ’
768 1602 847 1638 ἡμῶν
857 1603 905 1629 καὶ

111 1645 164 1678 τῆς
181 1643 319 1679 ἡμετέρας
336 1643 452 1678 φύσεως,
469 1644 540 1680 ἅπερ
558 1646 586 1672 ἐν
599 1645 639 1680 τῷ
652 1646 832 1683 αὐτοκράτορι
847 1648 904 1674 κεῖ-

111 1697 160 1715 ται
183 1688 323 1724 λογισμῷ,
338 1689 405 1725 πρὸς
424 1689 438 1715 ὅ
453 1689 575 1724 βούλεται
603 1691 703 1726 ἀρετήν
718 1692 748 1718 τέ
769 1700 839 1727 φημι
856 1692 903 1718 καὶ

113 1735 225 1767 κακίαν,
240 1734 371 1767 οἰακίζειν
392 1744 422 1762 τε
439 1736 485 1762 καὶ
507 1735 647 1770 διιθὺνειν,
663 1738 708 1764 καὶ
733 1737 903 1764 ὑπανιέντων

115 1782 165 1816 μὲν
179 1781 311 1816 θελήματι
341 1781 389 1808 καὶ
413 1782 543 1816 ἐφιέντων
560 1783 730 1817 ὑφάπτεσθαι
752 1784 782 1810 τὸ
800 1784 868 1820 πῦρ.
888 1785 902 1811 6

118 1826 231 1862 Ἐχθρὸς
249 1827 359 1862 ὲμφυσᾷ
375 1827 537 1863 παρὼν,καὶ
556 1829 595 1860 είς
607 1829 728 1864 μεγάλην
744 1829 822 1856 τοῦτο
835 1830 902 1857 πολ-

112 1872 192 1903 λάκις
216 1871 388 1908 ἁναῤῥιπίζει
415 1873 502 1908 φλόγα
515 1883 523 1890 ·
536 1875 687 1910 ἐπεχόντων
711 1876 739 1902 δὲ
759 1876 902 1914 φιλοσοφίᾳ

113 1917 160 1943 καὶ
175 1916 329 1952 φιλοπονίᾳ,
344 1917 390 1943 καὶ
406 1919 439 1953 τῇ
456 1920 592 1952 προσφυεῖ
603 1919 658 1946 τῶν
677 1919 801 1955 δακρύων
817 1929 902 1948 κατα-

113 1963 280 1989 σεενιιύντων
297 1964 422 2000 ὲπιρῤοῇ,
434 1965 480 1991 καί
497 1974 528 1999 γε
542 1965 622 1991 τοῦτο
637 1966 821 2001 μαραινόντων
840 1968 901 2000 ταῖς

112 2007 181 2042 πρὸς
196 2008 226 2034 τὸ
238 2008 361 2044 οὐράνιον
378 2010 433 2045 πῦρ
442 2009 487 2036 τοῦ
497 2010 544 2036 νοῦ
560 2011 737 2046 ἀναγωγίαις,
748 2013 828 2044 αὑτός
841 2022 871 2040 τε
886 2014 900 2040 6

111 2053 270 2085 ὲξανάπτων
286 2055 434 2082 ἀπόλλυται
452 2057 591 2093 Δυσμενὴς
601 2078 608 2089 ,
623 2058 670 2084 καὶ
693 2059 774 2094 ἡμεῖς
794 2059 900 2086 ἐλευθε-

114 2100 243 2135 ρούμεθα.

111 2190 164 2217 209
183 2189 231 2224 Μὴ
254 2190 360 2224 σφόδρ’
372 2191 496 2218 ἕπεσθαι
519 2193 666 2226 παιγνίοις
685 2194 844 2222 ἐνυπνίων.

146 2236 234 2271 Πολλὴ
249 2237 296 2263 καὶ
311 2236 449 2272 ἀμύθητος
462 2238 479 2273 ἡ
506 2237 560 2264 τῶν
584 2238 718 2266 ἐνυπνίων
743 2240 897 2276 καθέστηκε

111 2282 236 2318 διαφορά.
255 2282 332 2309 Ἔστι
344 2282 393 2318 μὲν
403 2282 527 2310 ἐνύπνιον
541 2283 584 2310 διὰ
598 2284 757 2320 ῐῐνεύματος
767 2286 896 2322 ἀληθείας

111 2328 307 2363 ἑνεργούμενον
319 2349 326 2361 ,
349 2329 399 2355 οὐκ
420 2329 449 2355 ὲν
473 2331 626 2365 προφήταις
639 2332 686 2358 καὶ
700 2331 788 2366 ἁγίοις
804 2333 895 2368 μόνον,

110 2374 166 2401 ἀλλ’
189 2374 261 2401 ἔστιν
282 2375 326 2401 ὅτε
349 2375 395 2401 καὶ
417 2375 446 2401 ὲν
469 2375 607 2410 βασιλεῦσι
630 2378 677 2404 καὶ
698 2378 810 2414 ἄρχουσι
832 2379 894 2414 γῆς,

110 2420 203 2455 ὃρασίν
230 2429 290 2447 τινα
313 2420 348 2447 δι’
371 2421 530 2456 αἰνίγματος
557 2423 732 2454 ὑποτυποῦν,
759 2426 806 2452 καὶ
831 2434 895 2452 συν-

110 2467 295 2501 εσκιασμένως
307 2467 338 2493 τὺ
357 2467 452 2502 μέλλον
467 2468 506 2504 τῷ
520 2468 616 2505 ὁρῶντι
631 2471 794 2506 πρώηλοῦν·
816 2472 895 2499 τοῦτο

109 2512 137 2538 δὲ
152 2512 183 2538 οὺ
198 2512 265 2539 πολὺ
280 2512 339 2539 οὐδὲ
354 2513 484 2545 πολλάκις
506 2515 565 2541 οὐδὲ
581 2516 637 2547 τοῖς
657 2516 784 2551 τυχοῦσιν
796 2538 803 2549 ,
826 2518 895 2545 ἀλλὰ

110 2559 162 2589 τοῖς
179 2556 264 2590 ἀξίοις
287 2559 434 2594 συμϐαῖνον
454 2560 612 2596 καθορᾶται.
633 2563 710 2589 Ἔστι
726 2563 754 2590 δὲ
768 2563 892 2596 ἐνύπνια,

110 2603 208 2638 μᾶλλον
220 2603 248 2630 δὲ
266 2603 345 2638 βυθὸς
363 2605 495 2632 ἐνυπνίων
510 2606 638 2642 ἆρῤητος,
654 2608 777 2645 ἄπειρος,
792 2609 892 2642 ἁδιεξί-

110 2656 196 2684 τητος,
209 2649 277 2685 ὄναρ
288 2651 343 2681 τοῖς
364 2650 518 2686 ἀνθρώποις
532 2653 661 2680 ὑπνοῦσιν
676 2655 849 2688 ὑποπίπτων,
863 2657 892 2684 ὃν

109 2694 276 2729 ματαιότητα
295 2697 482 2732 ματαιοτήτων
498 2698 600 2733 κυρίως
623 2699 656 2726 ἄν
675 2708 718 2732 τις
740 2701 890 2736 ὀνομάσαι’

111 2740 193 2767 πάντα
213 2742 262 2776 μὲν
283 2742 338 2778 γὰρ
355 2743 393 2779 τῷ
410 2744 467 2771 ὄντι
482 2745 630 2782 ματαιότης
645 2747 762 2784 ὑπάρχει
782 2750 818 2777 τὰ
843 2751 890 2777 ἀν-

109 2785 244 2821 θρώπινα·
271 2788 305 2815 τὰ
319 2789 346 2816 δὲ
368 2790 471 2816 τούτων
487 2791 615 2827 ὀνείρατα
641 2793 658 2828 ἢ
681 2795 734 2821 ἀπὸ
756 2795 802 2822 τοῦ
827 2795 890 2832 θρε-

109 2832 202 2859 πτικοῦ
220 2833 319 2869 μέρους
334 2835 383 2870 τῆς
398 2836 487 2872 ψυχῆς
499 2837 669 2873 λαμϐάνοντα
686 2840 734 2876 τὴν
751 2841 889 2878 ἀφορμὴν,

110 2877 124 2913 ἢ
139 2878 191 2905 ἀπὸ
209 2878 255 2905 τοῦ
279 2879 433 2916 αἰσθητικοῦ
458 2883 503 2909 καὶ
521 2883 569 2918 τῆς
582 2885 636 2911 τῶν
654 2886 788 2922 αἰσθητῶν
803 2897 891 2916 ποικι-

649 128 682 155 lN
701 128 855 156 (ZARMINA
874 128 1014 157 ARCANA
1031 128 1060 157 S.
1075 128 1251 157 GREGOR".

1693 125 1745 152 83d

954 188 1083 216 nefacere
1098 196 1170 223 saape
1184 188 1318 220 valentes,
1336 195 1387 215 nos
1407 191 1533 216 sanctum
1554 186 1668 213 verbum
1679 187 1746 214 hor-

955 238 1046 268 tatur;
1066 234 1206 269 proximos
1220 242 1284 262 vere
1299 238 1326 261 et
1352 233 1400 268 qui
1421 233 1544 260 moribus
1562 232 1626 259 vitae
1645 239 1746 260 sectiu-

954 281 1020 307 dum
1037 279 1133 311 Deum,
1147 283 1175 307 et
1195 281 1240 314 qui
1259 284 1356 306 natura
1371 283 1398 307 et
1414 279 1527 312 familia,
1545 283 1574 307 et
1593 278 1640 314 qui
1662 278 1744 306 domo

955 326 1040 353 vicini
1054 330 1120 353 sunt
1134 325 1322 359 habitationis,
1339 329 1480 360 supputat.
1496 324 1566 360 Erga
1587 323 1743 359 hujusmodi

956 372 1099 407 proximos
1115 372 1203 406 magis
1218 372 1368 399 bonitatem
1383 371 1529 399 ostendere
1543 375 1660 406 oportet,
1676 371 1747 399 cur?

957 417 988 444 Et
1012 417 1150 453 quomodo
1174 417 1254 445 (idem
1279 417 1418 446 obtinebis
1441 418 1476 445 ab
1499 418 1572 451 aliis,
1594 417 1693 452 inquit,
1718 422 1746 445 et

957 464 1038 499 longe
1050 472 1065 491 a
1080 469 1105 492 te
1117 465 1285 497 viventibus,
1303 464 1375 500 quod
1391 465 1481 492 bonus
1497 465 1547 497 sis,
1564 470 1612 491 aut
1625 463 1746 491 charita-

955 514 1010 538 tem
1030 511 1132 538 habeas
1155 519 1220 547 erga
1244 511 1385 542 homines.
1403 511 1450 546 qui
1472 510 1605 546 proximis
1624 510 1744 544 injustas

957 556 1127 591 apparares?
1142 555 1204 583 istis
1222 556 1332 590 quidem
1354 555 1450 582 alienis
1468 554 1537 582 nihil
1552 554 1654 581 referre
1670 553 1745 580 dit-es

955 605 983 629 te
1013 609 1075 630 esse
1106 602 1220 632 bonum,
1249 609 1311 637 erga
1333 601 1473 636 proximos
1507 608 1571 628 vero
1594 601 1669 628 omni
1690 607 1745 634 qua

955 647 1088 679 diximus,
1115 648 1221 674 ratione
1248 647 1358 675 omnino
1388 648 1471 674 debes
1494 647 1660 674 benevolens
1672 653 1744 673 esse.

956 693 984 720 Si
1008 693 1091 729 igitur
1108 702 1162 721 non
1184 694 1278 728 justus
1293 693 1364 728 apud
1381 694 1456 728 ipsos
1473 693 1633 726 invenieris,
1649 692 1747 720 alienis

955 743 979 767 et
998 739 1040 768 his
1054 740 1101 775 qui
1119 748 1134 766 a
1153 740 1233 776 longe
1248 744 1313 768 sunt
1328 740 1467 775 quomodo
1481 740 1556 768 eris?

958 879 1011 906 205
1026 878 1080 906 Cur
1097 879 1125 906 in
1140 880 1260 907 omnibus
1276 880 1401 907 miserum
1418 888 1556 907 cantemus

956 915 1010 942 206
1026 914 1187 942 Inimicum?

991 961 1062 994 Quia
1077 968 1132 988 non
1147 965 1255 996 oportet
1266 962 1340 989 omni
1356 962 1437 990 modo
1457 962 1601 990 sinistrum
1621 963 1746 991 accusari

957 1005 1086 1034 Satanam
1099 1007 1178 1042 quasi
1195 1008 1283 1036 omnis
1305 1009 1409 1043 peccati
1426 1009 1453 1036 in
1470 1010 1551 1038 nobis
1566 1017 1649 1037 causa
1671 1011 1747 1037 inve-

955 1052 1064 1086 niatur;
1078 1053 1129 1080 hoc
1151 1054 1232 1081 modo
1247 1055 1318 1081 enim
1333 1056 1409 1089 quasi
1424 1056 1551 1084 innoxios
1564 1058 1747 1092 nosmetipsos

955 1098 1140 1132 absolventes,
1160 1099 1187 1126 in
1212 1099 1397 1134 voluptatibus
1412 1109 1463 1128 nec
1483 1101 1614 1129 domitam
1635 1110 1686 1130 nec
1703 1111 1747 1130 re-

956 1143 1088 1171 frenatant
1111 1146 1193 1172 vitam
1212 1145 1355 1180 degentes,
1382 1147 1462 1175 nobis
1486 1148 1600 1175 nimium
1625 1149 1747 1185 indulge-

956 1199 1018 1218 mus
1038 1194 1065 1218 et
1083 1191 1234 1219 secundtun
1250 1200 1358 1219 omnem
1376 1194 1571 1228 pra-sumimus
1594 1198 1748 1230 transgres-

955 1236 1071 1264 sionem.
1089 1236 1159 1269 Quid
1174 1245 1240 1272 ergo
1256 1238 1337 1266 nobis
1355 1238 1524 1273 faciendum,
1547 1244 1596 1268 aut
1609 1241 1747 1275 quomodo

954 1281 1146 1317 cogitandum?
1158 1288 1283 1311 nostrum
1297 1289 1339 1311 est
1366 1286 1554 1322 nosmetipsos
1568 1286 1626 1314 sive
1641 1286 1675 1314 de
1691 1292 1748 1315 toto

954 1326 1011 1354 sive
1030 1327 1064 1354 de
1088 1327 1185 1362 majori
1209 1335 1287 1363 parte
1311 1337 1427 1365 arguere
1443 1334 1471 1358 et
1493 1331 1677 1360 condemnare
1698 1333 1745 1368 qui

953 1372 1064 1407 propria
1079 1372 1164 1400 animi
1187 1375 1344 1407 voluntate,
1371 1376 1418 1403 sed
1443 1377 1518 1404 nulla
1536 1385 1666 1406 extranea
1689 1382 1747 1406 vio—

955 1418 1037 1446 lentia
1065 1418 1098 1446 ad
1119 1419 1221 1447 malum
1244 1422 1428 1454 concitamur,
1449 1427 1477 1450 et
1496 1424 1538 1451 sic
1562 1426 1746 1460 nosmetipsos

953 1464 1072 1492 humiles
1084 1469 1111 1492 et
1121 1467 1342 1502 contemptibiles
1356 1470 1533 1503 agnoscimus
1547 1472 1677 1506 omnique.
1693 1474 1745 1500 ini-

957 1511 1106 1538 sericordia
1124 1512 1222 1546 dignos
1235 1513 1386 1542 reddimus.
1400 1515 1451 1548 Qui
1466 1524 1532 1543 vero
1545 1517 1641 1551 majori
1656 1525 1744 1552 parte.

957 1557 1004 1584 sed
1019 1565 1073 1584 non
1088 1560 1209 1586 totaliter
1237 1561 1425 1596 nosmetipsos
1447 1569 1621 1596 accusamus,
1638 1564 1678 1591 sic
1692 1565 1745 1591 mi-

955 1612 1008 1632 nus
1024 1604 1214 1638 humiliantur,
1233 1607 1341 1634 veniam
1362 1612 1452 1635 tamen
1475 1614 1502 1636 et
1526 1609 1744 1637 misericordiam

954 1650 1055 1685 pariter
1078 1658 1290 1685 consequentur.
1318 1651 1405 1680 Porro
1430 1653 1572 1681 sciendum
1600 1655 1679 1682 nobis
1702 1660 1745 1683 est

954 1697 1091 1731 quomodo
1108 1697 1154 1724 iraa
1170 1697 1253 1724 ardor
1265 1701 1292 1725 et
1306 1699 1536 1734 concupiscentiae
1558 1701 1586 1727 in
1601 1701 1681 1729 nobis
1695 1709 1745 1728 na-

952 1743 1079 1770 turaliter
1095 1744 1194 1773 insitae.
1207 1745 1239 1771 ad
1254 1751 1285 1771 ea
1299 1752 1361 1779 qua:
1375 1745 1404 1772 in
1415 1745 1595 1781 intelligentia
1606 1747 1691 1775 lihera
1703 1756 1743 1775 re.-

952 1793 1155 1824 prwsentantur
1172 1794 1253 1824 prout
1268 1790 1397 1818 virtutem
1414 1792 1492 1827 eligit
1512 1798 1559 1820 aut
1580 1795 1742 1829 nequitiam,

953 1834 1149 1869 gubernandus
1163 1840 1206 1863 est
1223 1841 1250 1863 et
1266 1836 1436 1872 dirigendus.
1449 1837 1488 1865 De
1504 1838 1627 1874 diligenti
1647 1842 1743 1868 volun-

952 1883 1008 1907 tate
1022 1881 1225 1909 remittentibus
1240 1886 1267 1910 et
1288 1882 1505 1912 desciscentibus
1520 1890 1592 1912 astat
1614 1887 1744 1915 inimicus

952 1925 1040 1961 ignem
1059 1927 1187 1954 ardenter
1206 1929 1342 1960 excitans,
1360 1937 1488 1965 saepeque
1516 1931 1543 1958 in
1561 1939 1687 1967 magnum
1701 1934 1742 1960 in-

951 1971 1076 1998 cendium
1102 1979 1281 2007 prorumpere
1311 1973 1399 2007 facit;
1431 1982 1446 2002 a
1471 1976 1663 2006 resistentibus
1687 1987 1743 2013 pra:

951 2017 1122 2052 philosophia
1143 2022 1171 2046 et
1184 2019 1339 2054 diligentia,
1362 2021 1546 2056 lacrymarum
1569 2025 1673 2059 copiam
1696 2026 1743 2052 ad-

948 2063 1128 2098 jungentilms
1140 2068 1167 2091 et
1180 2073 1235 2099 pra:
1250 2067 1350 2094 mentis
1367 2067 1399 2094 ad
1419 2068 1507 2102 ignem
1525 2070 1664 2097 caelestem
1687 2073 1743 2098 ela-

950 2109 1025 2136 tione
1040 2110 1259 2144 tahescentibus,
1275 2111 1333 2146 ipse
1346 2113 1419 2147 perit
1432 2114 1521 2143 hostis
1532 2116 1578 2150 qui
1596 2116 1742 2145 incendere

950 2155 1111 2187 conabatur,
1125 2160 1153 2183 et
1167 2156 1218 2190 ipsi
1235 2157 1393 2189 liberannu'.

952 2200 1006 2229 209
1022 2200 1078 2228 Nec
1095 2202 1172 2230 valde
1185 2205 1291 2231 secteris
1306 2204 1422 2232 ludibria
1433 2208 1606 2235 somniorum.

983 2247 1066 2274 Multa
1079 2253 1106 2275 et
1117 2249 1222 2276 infinita
1236 2251 1405 2278 somniorum
1417 2254 1524 2287 species
1537 2259 1595 2282 :est
1604 2257 1742 2285 somnium

947 2295 1019 2329 quod
1037 2299 1167 2330 operatus
1188 2301 1230 2331 est
1245 2298 1370 2325 Veritatis
1391 2298 1521 2334 Spiritus.
1538 2310 1592 2329 non
1606 2304 1695 2332 solum
1712 2306 1741 2335 in

948 2341 1089 2375 prophetis
1104 2345 1131 2368 et
1149 2342 1265 2375 sanctis,
1281 2343 1329 2371 sed
1343 2344 1424 2371 etiam
1447 2345 1475 2372 in
1493 2347 1602 2382 regibus
1624 2353 1650 2375 et
1666 2350 1740 2385 priu-

946 2384 1055 2419 cipibus
1072 2389 1160 2417 teme,
1178 2394 1240 2413 cum
1255 2388 1282 2414 in
1297 2391 1443 2424 aenigmate
1457 2395 1485 2418 et
1499 2393 1616 2421 confuse
1636 2396 1739 2423 videnti

946 2429 1067 2461 futurum
1088 2430 1233 2465 panditur;
1264 2432 1336 2460 istud
1362 2439 1452 2461 autem
1478 2444 1531 2463 non
1548 2438 1664 2465 multum
1689 2448 1739 2468 nec

945 2484 1019 2510 saepe
1045 2484 1095 2504 nec
1113 2477 1140 2503 in
1162 2477 1307 2513 cujusque,
1325 2479 1373 2506 sed
1393 2480 1420 2507 in
1444 2480 1565 2509 favorem
1592 2484 1738 2519 dignorum

945 2523 1077 2558 contingit
1090 2523 1187 2550 videri.
1199 2526 1269 2552 Sunt
1281 2525 1398 2559 Somnia,
1412 2527 1452 2554 vel
1464 2528 1554 2563 potius
1567 2532 1738 2559 somniorum

945 2566 1006 2594 fons
1022 2572 1064 2595 est
1079 2567 1235 2601 ineil‘abilis,
1249 2569 1411 2603 immensus,
1427 2572 1656 2610 incommeabilis,
1673 2578 1740 2606 dor-

944 2613 1090 2642 mientibus
1099 2614 1170 2642 visio
1179 2615 1335 2644 hominibus
1343 2619 1538 2654 advenitquam
1547 2621 1654 2650 Domini
1661 2632 1740 2653 more

943 2660 1090 2688 vanitatem
1117 2661 1265 2689 vanitatum
1284 2668 1394 2691 vocaret
1418 2666 1521 2700 quivis.
1533 2667 1638 2696 Cuncta
1662 2671 1736 2699 enim

941 2706 1050 2734 vanitas
1061 2707 1152 2742 reipsa
1167 2707 1287 2735 humana
1303 2713 1384 2741 sunt,
1399 2711 1457 2738 sive
1473 2719 1507 2739 ex
1520 2713 1618 2741 alenda
1635 2717 1736 2744 animae

941 2756 1019 2786 parte
1047 2754 1221 2781 occasionem
1252 2755 1437 2791 accipientes,
1469 2760 1527 2787 sive
1551 2769 1584 2788 ex
1612 2765 1737 2792 sensibili

941 2802 1018 2833 parte
1039 2803 1066 2826 et
1093 2800 1267 2828 sensibilium
1298 2803 1430 2831 varietate
1458 2806 1610 2840 procedunt
1637 2809 1736 2838 horum

944 2845 1068 2873 ﬁctiones
1082 2854 1151 2880 quas
1168 2854 1274 2881 semper
1293 2848 1426 2884 evigilans
1449 2853 1625 2883 multifariam
1647 2858 1737 2885 sensi-

945 2891 1049 2921 bilitate
1066 2892 1117 2921 sibi
1138 2893 1188 2928 ipsi
1215 2893 1302 2930 eflingi
1327 2896 1399 2924 videt
1415 2898 1515 2926 anima.
1532 2900 1617 2930 Porro
1631 2910 1735 2938 specus-
