1920 3046
156 108 209 136 855

155 166 230 200 rum;
247 168 317 203 qu'as
328 167 399 194 intra
415 173 445 194 se
461 165 513 193 sibi
530 164 700 193 informavit.
713 164 834 198 reliquas
850 164 877 190 in
895 171 954 190 me-

158 214 246 242 moria
269 212 400 240 turbatim
415 216 442 239 et
455 211 570 238 confuse
595 218 688 238 secum
707 210 735 237 in
753 209 859 237 somnis
871 217 956 244 repu-

157 267 230 292 tans,
244 264 271 287 et
286 259 404 286 obscura
418 258 525 285 somnia
543 258 644 292 lingere
659 257 784 284 illuditnr
799 261 826 284 et
841 261 957 291 vagatur

156 310 253 341 patens
270 305 420 332 vanitatum
442 303 623 331 vanitatibus.
643 302 680 330 De
697 303 798 337 quibus
815 310 890 337 ergo,
908 303 950 329 vel

157 351 191 378 de
209 350 378 386 quotidianis
403 349 534 384 operibus
557 352 584 376 et
610 348 752 375 laboribus
776 353 803 375 et
817 348 956 375 sollicitu-

158 396 270 422 dinibus
284 395 399 430 vestigia
420 394 544 429 quaedam
561 401 609 428 per
634 401 765 421 sensuum
789 394 957 421 sedationem

160 441 327 476 imaginandi
340 444 368 468 et
384 440 552 474 intelligendi
569 440 609 466 vis
625 440 756 466 inanima
780 446 887 474 semper
901 447 959 466 mo-

160 486 223 513 bilis
245 490 271 512 et
296 485 406 512 tabulas
430 484 590 521 ell'ormans.
610 484 787 511 multifariam
813 485 840 511 in
867 484 960 518 requie

160 539 230 559 vane
243 536 270 558 et
285 530 400 558 [utiliter
425 531 564 563 somniat;
583 530 695 561 similia.
713 531 795 557 etiam
819 530 960 557 hominum

162 577 260 614 agendi
284 577 440 604 rationibus
455 580 481 604 et
498 584 546 611 per
570 576 652 602 vitam
678 576 776 603 studiis
802 576 891 609 angeli
915 581 962 609 per

163 627 285 658 ipsorum
306 623 365 650 dies
388 623 564 652 comitantes.
590 622 654 649 boui
675 626 721 648 aut
738 621 814 653 mali,
839 620 962 648 veritatis

162 674 210 697 aut
227 670 363 697 mendacii
388 673 532 701 aniautes,
555 668 726 695 diversarum
757 667 910 702 specierum
935 670 963 693 et

162 717 312 743 formarum
329 719 528 750 repraesentant
549 714 668 744 somnia.
686 713 766 740 aliter
784 713 845 739 aliis
860 723 866 739 :
884 713 964 740 aliter

163 762 218 790 illis
248 762 294 797 qui
320 762 347 788 in
376 762 507 788 e0rdihus
534 768 594 787 Sese
621 760 705 786 verbo
729 763 756 786 et
780 759 963 788 instructione

163 812 293 835 exercent
310 808 410 842 eﬂigies
431 807 570 841 prmbent;
598 806 678 832 aliter
704 805 766 832 istis
792 806 839 840 qui
864 805 892 832 in
915 805 964 832 de-

164 861 240 883 serto
255 855 404 882 asceticum
415 859 443 880 et
456 853 611 880 solitarium
625 856 780 886 sequuntur
794 859 908 878 morem.
924 851 962 878 De

165 901 248 927 rebus
275 899 378 934 quibus
406 898 571 925 incumbunt
599 898 760 924 occasiones
786 901 812 923 et
840 900 963 928 sumunt,

165 951 272 973 tentant
301 950 328 973 et
359 945 443 971 variis
469 943 557 971 modis
586 943 613 970 in
640 943 766 977 corporis
800 943 966 970 dormitione

167 993 286 1019 animam
309 991 401 1026 vagari
422 990 545 1017 faciunt:
564 997 617 1016 uno
632 991 724 1021 verbo,
742 989 895 1023 analogiam
920 989 964 1015 in-

167 1038 317 1073 spiciamus
336 1044 430 1063 earum
453 1043 514 1070 qua:
535 1036 561 1061 in
582 1036 656 1061 omni
676 1035 736 1062 loco
755 1035 789 1061 ab
810 1035 966 1061 hominibus

168 1085 377 1118 frequentantur
403 1082 581 1109 scientiarum
600 1085 627 1108 et
643 1081 743 1108 artium
762 1089 777 1107 a
795 1081 966 1115 sapientibus

167 1133 195 1156 et
216 1129 423 1164 insipientibus,
439 1127 661 1155 dominatnribus
681 1132 709 1154 et
730 1127 854 1158 domitis,
872 1127 965 1153 diviti-

171 1175 224 1203 bus
251 1179 278 1202 et
308 1175 494 1210 pauperibus,
522 1168 688 1200 diemonium
713 1175 864 1202 comitans.
894 1174 967 1208 quod

173 1221 366 1254 unusquisque
381 1220 416 1247 ab
430 1219 546 1247 infantia
566 1227 654 1254 usque
669 1219 703 1246 ad
719 1226 833 1247 mortem
855 1221 967 1248 sortitus

170 1269 226 1297 est,
245 1273 295 1292 nec
315 1273 364 1300 per
382 1273 508 1292 somnum
525 1264 572 1291 illo
591 1264 673 1291 modo
699 1264 825 1298 relaxari,
844 1272 894 1292 nec
912 1266 967 1292 otio

173 1316 221 1338 aut
229 1311 383 1346 disciplina:
395 1310 572 1338 minorationi
583 1309 726 1344 indulgere
739 1309 806 1336 sinit
817 1310 969 1345 intelligen-

171 1357 367 1388 temanimam,
382 1356 429 1384 sed
442 1360 498 1383 tum
515 1356 652 1384 illecebris
668 1356 969 1391 naturalibus,ineptiis

171 1403 298 1430 miriﬁcis
314 1407 341 1430 et
361 1402 459 1430 formis
475 1403 625 1430 levioribus
642 1410 725 1438 quam
741 1402 819 1429 nives
834 1408 861 1429 et
874 1403 970 1429 elatio-

171 1449 254 1476 nihus
267 1449 361 1483 vagari
380 1449 483 1480 trahit;
500 1453 556 1475 tum
572 1448 718 1480 molestiis,
731 1449 896 1480 terroribus,
912 1453 970 1476 tur—

172 1493 330 1520 bationibus
349 1493 492 1522 nefandis,
505 1493 669 1520 tremoribus
686 1496 713 1520 et
733 1493 968 1521 Inimiliationibus

179 1541 335 1564 commovet
349 1541 376 1563 et
392 1537 526 1570 percellit.
539 1537 643 1563 Idcirco
656 1544 689 1563 ne
705 1537 787 1563 nimis
801 1537 968 1564 somniorum

173 1587 253 1614 nugm
267 1584 294 1606 te
307 1583 437 1612 terreant,
460 1579 635 1606 commendat
662 1581 788 1607 sublimis
815 1580 969 1619 theologus.

173 1631 263 1658 neque
292 1631 421 1658 magnum
448 1623 512 1658 quid
534 1623 636 1650 malum
665 1623 800 1651 bonumve
821 1625 970 1652 revelanlia

174 1674 296 1697 metuere
313 1674 360 1695 aut
384 1673 505 1703 stupere.
531 1676 581 1696 nec
608 1670 690 1696 etiam
716 1670 820 1699 extolli.
845 1678 971 1705 vanaque

179 1722 228 1748 spe
244 1716 270 1740 in
289 1714 388 1747 spiritu
411 1713 555 1747 superbire
571 1718 687 1748 oportet.
702 1714 810 1741 Insidiae
828 1715 884 1742 haec
899 1716 971 1743 mul-

181 1759 217 1785 tis
231 1765 301 1792 ξιξερο
311 1759 344 1784 ab
360 1758 441 1786 Hoste
457 1763 558 1792 paratm
577 1763 651 1786 sunt.

840 101 988 130 NICETAS
1009 101 1111 129 UAV’ID

1748 96 1801 124 83’}

1009 162 1078 195 λίας,
1097 161 1171 197 άπερ
1191 161 1356 196 ὲγρηγορυῖα
1375 160 1408 187 δι’
1422 159 1574 195 αἰσθήσεως
1594 157 1685 193 πάσης
1706 165 1798 184 ποικι-

1008 207 1147 243 λοτρόπως
1170 206 1371 241 ἐφαντασιώθη.
1388 205 1481 232 Ταῦτα
1500 205 1532 240 δὴ
1554 204 1588 231 τὰ
1609 204 1664 230 τῶν
1689 203 1764 239 ὕπαρ
1781 205 1798 238 ἠ

1007 252 1081 288 ψυχὴ
1098 252 1316 288 ἑμφανισθέντων
1338 252 1404 287 αὐτῇ
1419 251 1662 285 ὲγκαταλείμματα
1675 249 1715 284 τῷ
1733 257 1802 284 μνη-

1011 299 1112 335 μονικῷ
1130 298 1339 334 συγκεχυμένως
1363 298 1410 324 καὶ
1435 297 1547 330 ἀσαφῶς
1563 296 1802 331 άναπεμπὰζουσα

1009 345 1070 372 καθ’
1085 345 1194 377 ὕπνους,
1208 346 1256 371 καὶ
1272 345 1413 379 ἀμαυροὺς
1437 343 1558 378 ὀνείρους
1579 342 1800 370 ἀναπλάττουσα..

1009 391 1182 423 διαπαίςεται
1205 391 1253 417 καὶ
1276 390 1421 419 πλανᾶται,
1445 388 1640 423 περιχαίνουσα
1662 388 1723 418 ταῖς
1746 388 1803 413 τῶν

1012 438 1200 473 ματαιοτήτων
1219 437 1406 471 ματαιότησιν.
1428 435 1463 461 Ἦ
1478 432 1524 460 οὖν
1539 435 1571 460 ἐκ
1586 433 1698 465 τούτων,
1718 432 1735 468 ἦ
1753 433 1803 459 καὶ

1011 482 1041 515 ἐξ
1058 482 1146 518 ἔργων
1157 482 1294 517 ἠμερινῶν
1309 481 1355 508 καὶ
1370 480 1459 507 πόνων
1477 480 1524 506 καὶ
1538 479 1684 515 φροντίδων
1697 478 1804 513 ἀπηχή-

1014 529 1089 564 ματά
1108 537 1170 555 τινα
1186 530 1220 563 τῇ
1239 528 1291 554 τῶν
1309 527 1460 562 αἰσθήσεων
1482 526 1584 562 ἠρεμίᾳ
1600 527 1617 560 ἠ
1633 525 1803 559 φανταστικὴ

1012 575 1060 600 καὶ
1074 574 1169 608 λογικὴ
1183 574 1232 609 τῆς
1245 573 1334 608 ψυχῆς
1347 572 1461 607 δύναμις
1471 592 1480 604 ,
1503 571 1654 605 ἀεικίνητος
1670 567 1738 597 οὖσα
1755 570 1804 596 καὶ

1012 619 1221 655 ὀνειρώσσουσα,
1239 618 1414 654 πολυτρόπως
1435 618 1464 644 ὲν
1487 617 1580 648 ὕπνοις
1599 616 1740 651 ἀδολεσχεί
1755 615 1804 642 καὶ

1015 665 1159 700 ματαιάζει
1174 673 1180 680 ’
1207 664 1348 698 ἀναλόγως
1362 663 1390 689 δὲ
1411 664 1469 694 ταῖς
1490 663 1544 689 τῶν
1561 661 1711 697 ἀνθρώπων
1726 661 1803 687 πολι-

1013 711 1099 742 τείαις
1112 711 1159 737 καὶ
1173 711 1228 741 τοῖς
1246 709 1317 736 κατὰ
1329 709 1374 735 τὸν
1389 708 1444 744 βίον
1461 707 1659 742 ἐπιτηδεύμασι
1675 706 1757 732 καὶοὶ
1769 707 1803 740 τῇ

1014 756 1104 784 αὐτῶν
1120 756 1175 790 ζωῇ
1192 755 1378 791 παρεπόμενοι
1392 753 1513 788 ἄγγελοι,
1536 753 1632 787 ἀγαθοὶ
1646 753 1662 787 ἢ
1678 752 1803 786 qupoi.

1016 801 1173 836 φιλαλήθεις
1207 801 1223 836 ἢ
1259 799 1448 835 φιλοψευδεῖς,
1475 798 1619 829 πολυειδῶς
1646 797 1693 824 καὶ
1723 797 1806 823 πολυη

1018 849 1128 883 μόρφως
1142 845 1308 873 ἁνατυποῦσι
1322 845 1355 872 τὰ
1371 845 1493 876 ἐνύπνια,
1511 845 1596 875 ἄλλως
1608 844 1656 878 μὲν
1668 845 1723 874 τοῖς
1734 842 1806 869 κατὰ

1015 895 1105 926 πόλεις
1120 893 1185 929 περὶ
1195 893 1289 927 λόγους
1302 901 1331 918 τε
1346 892 1392 918 καὶ
1405 891 1552 926 μαθήματα
1568 890 1746 916 ἐσπουδακόσι
1756 889 1806 920 τὰς

1015 939 1164 974 φαντασίας
1184 936 1415 973 σχηματίζοντες,
1438 936 1524 966 ἄλλως
1545 935 1572 961 δὲ
1589 936 1644 965 τοῖς
1663 936 1734 970 κατὰ
1757 934 1807 964 τὰς

1015 987 1134 1021 ἐρήμους
1146 984 1192 1011 τὸν
1215 983 1362 1019 ἀσκητικὸν
1377 983 1423 1009 καὶ
1440 982 1581 1017 μοναύλιον
1597 980 1806 1016 μετερχομένοίς

1016 1031 1124 1066 τρόπον.
1157 1030 1205 1056 Ἐκ
1230 1029 1284 1056 τῶν
1311 1030 1375 1064 παρ’
1397 1029 1488 1060 αὐτοῖς
1513 1027 1737 1062 σπουδαζομένων
1759 1026 1806 1057 τὰς

1016 1076 1142 1111 ἀφορμὰς
1157 1075 1297 1111 εἰληφότες
1309 1095 1316 1108 ,
1340 1073 1533 1108 ὲκπειράζουσι
1549 1074 1595 1100 καὶ
1607 1072 1807 1103 πολυποικίλοις

1016 1122 1128 1158 τρόποις
1144 1120 1327 1148 διαπλανῶσιν
1348 1120 1376 1146 ἐν
1397 1121 1429 1155 τῇ
1446 1119 1492 1145 τοῦ
1514 1119 1638 1154 σώματος
1653 1117 1808 1144 ἀναπαύσει

1015 1169 1066 1204 τὴν
1081 1169 1186 1203 ψυχήν*
1212 1168 1259 1193 καὶ
1272 1167 1389 1198 συνόλως
1405 1166 1497 1200 φάναι,
1513 1166 1572 1192 κατ’
1591 1164 1738 1198 ἀναλογίαν
1755 1164 1809 1190 τῶν

1017 1216 1046 1241 ὲν
1057 1217 1138 1241 παντὶ
1148 1214 1225 1248 τόπῳ
1239 1211 1471 1248 ἐπιτηδευομένων
1487 1210 1638 1246 ἀνθρώποις
1650 1210 1809 1245 ἐπιστημῶν

1017 1260 1065 1286 καὶ
1078 1258 1190 1293 τεχνῶν,
1210 1258 1239 1284 έν
1260 1266 1289 1283 τε
1311 1258 1402 1291 σοφοῖς
1422 1257 1468 1283 καὶ
1488 1256 1614 1287 ἰδιώταις,
1631 1255 1746 1290 ἄρχουσι
1763 1255 1808 1281 καὶ

1018 1305 1189 1340 ἀρχομένοις,
1201 1303 1338 1334 πλουσίοις
1350 1303 1396 1329 καὶ
1407 1301 1514 1336 πένησι,
1526 1301 1556 1328 τδ
1566 1302 1672 1336 ἑκάστῳ
1681 1301 1809 1337 νηπιόθεν

1019 1349 1281 1385 συγκεκληρωμένον
1302 1349 1366 1384 ἄχρι
1386 1348 1480 1379 τέλους
1495 1348 1630 1382 δαιμόνιον
1651 1347 1810 1382 παρεπόμε-

1019 1405 1084 1427 νον,
1109 1396 1169 1422 οὺδὲ
1191 1395 1250 1421 καθ’
1275 1394 1376 1426 ὕπνους
1401 1393 1630 1421 ἀναπεπτωκέναι
1653 1393 1810 1419 παντάπασι

1022 1442 1172 1478 ρᾳστώναις
1190 1450 1223 1468 τε
1246 1442 1293 1467 καὶ
1313 1440 1437 1467 ἁνέσεσιν
1464 1439 1623 1466 ἐκλελύσθαι
1642 1439 1764 1473 διαφίησι
1781 1438 1811 1464 τὸ

1022 1486 1128 1520 λογικὸν
1144 1486 1193 1521 τῆς
1205 1486 1293 1521 ψυχῆς
1306 1494 1312 1501 ·
1334 1485 1400 1511 ἀλλὰ
1415 1484 1480 1510 ποτὲ
1497 1485 1545 1520 μὲν
1558 1484 1670 1519 ἡδὺτησι
1684 1486 1811 1518 φυσικαῖς

1024 1533 1069 1558 καὶ
1095 1532 1262 1568 ρεμεασμοῖς
1285 1531 1438 1562 ἀλλοκότοις
1459 1531 1505 1557 καὶ
1529 1530 1706 1565 ψυχροτέροις
1723 1530 1810 1564 χιόνος

1024 1579 1148 1614 φάσμασι
1165 1578 1211 1604 καὶ
1228 1577 1355 1612 ὑψώμασι
1367 1577 1511 1612 διαπλανᾷ,
1526 1576 1591 1602 ποτὲ
1605 1576 1633 1602 δὲ
1645 1576 1753 1611 ἀηδίαις
1765 1577 1811 1602 καὶ

1024 1625 1115 1659 φόϐοις
1134 1624 1180 1650 καὶ
1198 1625 1332 1659 ταραχαῖς
1345 1623 1493 1653 ἀπευκταῖς
1511 1622 1557 1649 καὶ
1570 1623 1680 1658 τρόμοις
1702 1624 1749 1649 καὶ
1764 1631 1812 1649 τα-

1024 1670 1193 1705 πεινώμασιν
1206 1670 1298 1705 ὲξιστᾷ
1313 1669 1360 1696 καὶ
1374 1670 1531 1695 καταπτοεῖ.
1545 1668 1595 1694 Διά
1610 1669 1689 1695 τοῦτο
1704 1669 1741 1704 μὴ
1753 1669 1812 1696 λίαν

1026 1718 1083 1747 τοῖς
1097 1716 1150 1742 τῶν
1163 1716 1295 1742 ἐνυπνίων
1310 1716 1445 1750 παιγνίοις
1461 1715 1597 1751 θροεῖσθαι
1608 1716 1622 1741 ό
1641 1715 1742 1751 ὑψηλὸς
1755 1715 1811 1741 θεοη

1027 1762 1106 1795 λόγος
1128 1761 1325 1796 παραγγέλλει,
1344 1761 1405 1796 μήτ’
1426 1758 1472 1787 οὖν
1498 1760 1535 1792 ὡς
1557 1760 1628 1795 μέγα
1648 1769 1675 1787 τι
1694 1761 1778 1787 κακον
1794 1759 1811 1794 ῆ

178 1806 280 1840 ἀγαθὸν
296 1805 480 1840 παραδηλοῦσι
494 1806 634 1832 πτοεῖσθαι
649 1815 679 1832 τε
694 1807 741 1833 καὶ
753 1807 864 1842 δειλιᾷν,
878 1808 894 1842 ἢ
914 1809 1125 1845 μετεωρίζεσθαι
1140 1809 1186 1834 καὶ
1203 1809 1330 1843 ματαίαις
1341 1808 1430 1834 ἐλπίσι
1445 1807 1636 1842 φενακίζεσθαι
1652 1807 1699 1838 τὰς
1714 1807 1811 1842 φρένας

177 1854 246 1889 λρὴ’
270 1852 375 1888 ἔνεδρον
394 1853 449 1888 γὰρ
467 1852 552 1880 ταῦτα
568 1853 675 1884 πολλοῖς
697 1854 826 1885 πολλάκις
849 1855 901 1882 ὑπὸ
923 1856 969 1882 τοῦ
979 1855 1092 1891 Ἐχθροῦ
1110 1855 1331 1890 παρεσκευάσθη.

178 1911 231 1938 215
247 1910 395 1938 Ρι-ιειιιεεαι
409 1918 465 1945 spes
480 1910 612 1937 laudabili
627 1910 699 1937 omni
707 1911 801 1937 eximi.

216 1968 313 1995 Omnis
325 1968 398 1995 actio
414 1972 441 1994 et
462 1967 570 2002 cuergia
595 1971 622 1994 et
637 1975 728 1995 omnis
745 1971 836 1995 motus
853 1968 973 1996 hominis

180 2022 293 2041 sensum
308 2013 434 2040 habentis
453 2013 533 2040 linem
550 2014 691 2047 proprium
706 2013 787 2041 habet
802 2018 883 2048 atque
897 2023 972 2049 spem

180 2059 346 2094 adjacentem
362 2059 394 2085 ad
407 2067 487 2094 quam
505 2059 724 2095 tendensagens
741 2061 831 2094 quivis
847 2061 911 2095 agit.
929 2060 974 2088 Sic

181 2107 214 2133 de
230 2106 419 2142 corporalibus
441 2111 469 2133 et
493 2106 650 2137 mundanis,
665 2106 705 2133 sic
725 2110 752 2133 et
768 2107 802 2133 de
821 2106 974 2141 spirituali-

182 2153 233 2179 hus
249 2151 480 2179 consideramluin
497 2151 569 2178 etde
585 2151 827 2178 intellectualibus.
845 2151 873 2177 Si
891 2151 974 2186 igitur

181 2199 208 2225 in
221 2197 316 2224 mundi
332 2201 359 2224 et
380 2199 441 2224 vita:
462 2197 544 2232 hujus
563 2197 692 2231 operibus
709 2204 822 2224 necesse
845 2197 881 2224 sit
896 2205 971 2231 spem

180 2246 206 2269 et
225 2242 303 2268 linem
320 2242 468 2276 praevenire
484 2242 652 2276 propositam
669 2249 793 2276 operam,
811 2242 896 2269 multo
915 2249 972 2268 ma-

181 2288 222 2322 gis
237 2295 306 2315 sane
318 2287 352 2314 de
363 2287 553 2322 spiritualibus
570 2293 597 2313 et
611 2287 693 2314 rectis
711 2286 822 2314 virtutis
842 2286 972 2321 operibus

181 2341 244 2369 spes
259 2333 413 2367 praecedere
428 2334 510 2360 debet
538 2337 565 2360 et
595 2341 687 2360 rerum
710 2333 772 2360 ﬁnis
799 2337 970 2366 operalarum

181 2380 324 2414 prmvideri
348 2379 381 2406 ad
401 2387 482 2414 quem
506 2387 589 2414 agens
611 2379 698 2405 tendit
717 2383 743 2406 et
762 2378 901 2413 dirigitur.
926 2377 972 2404 Sic

182 2426 298 2459 apostoli
319 2433 417 2452 cursus
440 2429 537 2451 metam
561 2425 758 2457 praevidenles,
777 2432 876 2458 nempe
901 2424 971 2450 inter

182 2471 297 2506 populos
313 2471 487 2505 magniﬁcare
503 2469 643 2497 Christum
659 2470 807 2496 currebant
823 2474 850 2496 et
867 2469 970 2504 dirige-

183 2517 297 2549 bantur;
326 2516 366 2543 sic
387 2516 512 2543 bravium
536 2516 712 2550 aspicientes.
730 2515 917 2543 testimonium
939 2517 972 2542 de

183 2562 298 2589 veritate
314 2561 391 2593 Jesu,
406 2565 433 2589 et
451 2569 502 2596 pro
520 2562 579 2596 ipsa
596 2562 782 2592 moriendum.
810 2562 890 2588 linem
907 2569 972 2596 pro-

184 2613 316 2643 ponentes
329 2612 355 2636 et
375 2609 518 2636 victoriam
539 2603 691 2636 referentes
712 2614 893 2635 coroiiantur.
925 2607 974 2634 Ac-

183 2654 284 2680 cedunt
297 2658 324 2680 et
341 2658 497 2681 ascetarum
521 2654 598 2681 chori
611 2662 719 2682 omnes.
747 2656 883 2688 quotquot
906 2651 974 2686 legiv

183 2698 248 2726 time
264 2699 403 2726 Christum
425 2698 660 2734 desideraverunt,
671 2707 718 2733 per
729 2697 826 2733 agendi
840 2697 972 2724 rationem

185 2745 369 2777 humiliorem,
398 2753 411 2770 a
428 2745 625 2780 cupiditatibus
639 2744 722 2771 eximi
739 2744 882 2778 cupientes
898 2747 925 2770 et
939 2741 973 2768 ad

185 2789 259 2816 ilium
276 2789 477 2824 assequendum
505 2794 658 2824 currentes,
680 2790 726 2825 qui
749 2789 782 2816 ad
804 2789 971 2816 destinatum

185 2839 276 2869 linem,
292 2836 364 2863 sitim
379 2837 480 2871 sperati
500 2837 714 2866 contendebant.
737 2837 764 2863 Si
780 2837 852 2864 enim
874 2843 970 2863 carna-

1025 1913 1079 1938 913
1103 1911 1205 1943 Ἐλπὶς
1221 1911 1388 1944 προκείσθω
1403 1911 1502 1943 δεξιοῦ
1519 1910 1630 1943 παντὸς
1643 1910 1759 1944 τέλους.

1062 1969 1139 1995 Πᾶσα
1160 1969 1257 2003 πρᾶξις
1275 1968 1322 1994 καὶ
1338 1968 1471 2004 ἐνέργεια,
1491 1968 1536 1995 καὶ
1555 1969 1628 1994 πᾶσα
1645 1968 1752 2000 κίνησις
1766 1968 1812 1994 ἀν-

1027 2014 1135 2049 θρώπου
1157 2014 1218 2040 νοῦν
1241 2014 1359 2049 ἔχοντος,
1383 2015 1482 2040 σκοπὸν
1501 2014 1564 2040 ἴδιον
1577 2014 1632 2048 ἔχει
1649 2014 1696 2040 καὶ
1717 2013 1812 2040 ἐλπίδα

1027 2060 1220 2095 προκειμένην,
1238 2060 1305 2095 πρὸς
1327 2060 1360 2095 ἣν
1381 2060 1489 2095 ἀφορῶν
1501 2061 1515 2086 ό
1534 2061 1717 2096 ἐργαζόμενος
1731 2061 1818 2096 ἐργάσ.

1027 2105 1102 2137 ζεται
1113 2115 1119 2121 ι
1135 2105 1220 2137 οὕτως
1233 2106 1278 2132 ἐπὶ
1294 2107 1350 2138 τοῖς
1366 2107 1530 2141 σωματικοῖς
1547 2107 1594 2133 καὶ
1607 2108 1759 2141 κοσμικοῖς,
1768 2106 1811 2133 οὕ-

1025 2159 1078 2182 τως
1089 2152 1136 2177 ἐπὶ
1151 2152 1206 2183 τοῖς
1220 2153 1412 2187 πνευματικοῖς
1425 2151 1576 2187 θεωρητέον
1590 2153 1701 2184 καὶτοῖς
1713 2154 1812 2185 νοεροῖς

1025 2197 1072 2223 καὶ
1095 2197 1223 2230 λογικοῖς.
1246 2198 1276 2223 Εἰ
1300 2196 1347 2224 οὖν
1367 2198 1413 2224 ἐπὶ
1426 2197 1480 2224 τῶν
1502 2199 1641 2233 κοσμικῶν
1655 2198 1745 2232 ἔργων
1769 2199 1814 2226 καὶ

1026 2241 1158 2276 βιωτικῶν
1175 2242 1280 2277 ἀνάγκη
1304 2243 1354 2277 τὴν
1370 2243 1465 2269 ἐλπίδα
1488 2243 1535 2270 καὶ
1556 2245 1602 2270 τὸν
1627 2244 1727 2270 σκοπὸν
1749 2253 1813 2280 πρί-

1026 2286 1150 2321 ηγεῖσθαι
1176 2288 1225 2322 τῆς
1252 2288 1306 2314 τῶν
1333 2289 1522 2324 προκειμένων
1546 2289 1698 2324 ἐργασίας,
1725 2291 1812 2325 πολλῷ

1025 2332 1112 2367 δήπου
1128 2333 1226 2368 μᾶλλον
1250 2334 1296 2360 ἐπὶ
1317 2334 1375 2360 τῶν
1387 2335 1578 2368 πνευματικῶν
1594 2336 1642 2362 καὶ
1656 2335 1751 2367 δεξιῶν
1766 2337 1813 2371 τῆς

1025 2378 1125 2413 ἀρετῆς
1140 2378 1229 2413 ἔργων
1243 2380 1259 2413 ἡ
1275 2379 1353 2411 ὲλπὶς
1368 2380 1470 2413 ὀφείλει
1490 2381 1660 2416 προκεῖσθαι,
1676 2383 1723 2409 καὶ
1736 2385 1751 2409 ό
1762 2383 1813 2408 τῶν

1027 2424 1198 2459 πονουμένων
1230 2425 1330 2457 σκοπὸς
1367 2426 1602 2462 προθεωρεῖσθαι,
1625 2428 1694 2463 πρὸς
1716 2429 1745 2454 ὂν
1770 2429 1813 2454 τὸν

1026 2471 1145 2506 ἐργάτην
1166 2471 1374 2498 ἀποσκοποῦν-τα
1394 2473 1616 2500 κατευθύνεσθαι.
1639 2474 1732 2506 Οὕτως
1748 2475 1813 2502 ἀπό-

1026 2518 1113 2544 στολοι
1126 2517 1173 2544 τοῦ
1191 2519 1250 2544 κατ’
1265 2518 1363 2550 αὐτοὺς
1378 2519 1480 2554 δρόμου
1495 2520 1525 2546 τὸ
1539 2520 1615 2552 τέλος
1632 2521 1811 2556 προορῶντες,

1025 2563 1054 2589 τὸ
1067 2563 1095 2589 ἐν
1108 2565 1164 2594 τοῖς
1175 2563 1263 2590 ἔθνεσι
1278 2564 1425 2599 μεγαλῦναι
1442 2565 1487 2591 τὸν
1504 2566 1754 2601 Χριστὸν,Ξδραμον
1770 2567 1813 2593 καὶ

1026 2608 1219 2644 κατηύουνανο
1243 2609 1329 2640 οὕτως
1360 2610 1384 2636 οἱ
1411 2610 1554 2646 ἀθλοφόροι
1581 2613 1756 2648 μαρτυρῆσαι
1781 2615 1810 2646 τῇ

1026 2655 1138 2691 ἀληθείᾳ
1166 2655 1252 2691 Ἰησοῦ
1275 2656 1321 2682 καὶ
1349 2656 1418 2690 ὑπὲρ
1445 2657 1530 2691 αὐτῆς
1552 2658 1696 2684 ἀποθανεῖν
1718 2659 1814 2686 σκοπὶν

1028 2700 1226 2735 προτιθέμενοι,
1243 2701 1290 2727 καὶ
1308 2700 1446 2733 νικῶντες,
1465 2702 1673 2735 στεφανοῦνται·
1688 2702 1813 2734 ὡσαύτως

1027 2745 1074 2771 καὶ
1096 2745 1223 2780 ἀσκητῶν
1243 2746 1318 2780 χοροὶ
1338 2746 1447 2778 πάντες,
1465 2747 1522 2772 ὅσοι
1544 2747 1661 2782 γνησίως
1678 2748 1813 2781 ἐπόθησαν

1025 2789 1152 2825 Χριστὸν,
1168 2791 1211 2818 διὰ
1223 2791 1271 2826 τῆς
1286 2792 1479 2827 ταπεινοτέρας
1494 2793 1607 2827 ⁸ιᾶιγωγῇς
1619 2793 1669 2828 τῆς
1684 2794 1813 2824 ἀπαθείας

1025 2837 1157 2872 ἐρῶντες,
1173 2838 1220 2864 καὶ
1244 2838 1311 2874 πρὸς
1333 2837 1416 2873 αὐτὴν
1430 2837 1577 2874 δραμοντες
1593 2839 1622 2864 ὲν
1642 2839 1723 2873 δίψει,
1751 2847 1812 2867 κατ-
