1920 3046
99 122 150 150 831

99 179 258 215 ευστοχοῦσι
279 178 325 206 τοῦ
344 179 531 215 ἐλπιζομένου.
547 181 578 206 Εἰ
592 181 646 217 γὰρ
662 181 696 207 τὰ
712 182 827 217 σάρκινα
843 183 890 209 καὶ

98 225 217 261 φθαρτὰ,
231 225 354 256 πλοῦτος,
371 226 452 260 φημὶ,
475 225 521 251 καὶ
535 226 615 261 ἡδονὴ
633 228 680 253 καὶ
694 227 766 260 δόξα,
783 228 839 259 τοῖς
855 228 888 254 τὰ

97 271 210 305 ἐπίγεια
220 269 364 305 φρονοῦσιν
376 271 415 301 είς
426 270 519 297 ἐλπίδα
539 271 720 306 προτιθέμενα
735 273 790 304 τοῖς
801 272 890 300 αὐτῶν

98 315 274 352 συνεργοῦσιν
290 317 418 353 ἐρασταῖς
433 317 478 343 καὶ
494 317 697 349 κατευθύνουσι,
713 318 769 350 πῶς
785 318 814 344 οὐ
832 317 890 344 πολ-

98 362 138 398 λῷ
166 362 332 398 δικαιότερον
356 363 402 388 καὶ
423 364 478 394 τοῖς
493 363 539 389 τοῦ
557 363 637 389 καλοῦ
655 365 700 390 καὶ
722 364 772 398 τῆς
791 364 890 399 ἀρετῆς

98 408 230 444 ἐργάταις
251 410 300 444 τὴν
315 409 384 435 κατὰ
398 408 463 435 Θεὸν
477 409 571 435 ἐλπίδα
585 410 739 445 συνεργεῖν,
759 410 804 436 καὶ
823 411 890 446 πρὸς

98 454 131 481 τὸ
147 454 271 489 βραϐεῖον
293 455 342 490 τῆς
365 454 420 481 ἄνω
438 454 558 490 κλήσεως
580 455 725 482 συντείνειν
750 456 820 482 κατὰ
845 456 890 482 τὸν

100 501 218 532 σκοπόν;
237 500 373 536 ἀφόρητον
387 500 441 536 γὰρ
454 500 535 534 ἄλγος
549 500 642 536 ἔμοιγε
655 501 702 527 xal.
716 501 826 536 ἀνιαρὸν
843 502 891 536 οὐχ

99 546 200 581 ἣκιστα
214 546 379 580 παρίσταται
394 546 536 581 νικωμένῳ
556 546 608 572 ὑπὸ
621 545 668 572 τοῦ
685 546 776 573 καλοῦ.
794 547 824 573 Et
837 548 891 582 γὰρ

98 593 134 619 τὰ
158 592 277 628 μωμητὰ
300 592 353 618 τῶν
384 592 553 627 ἁμαρτωλῶν
567 591 635 627 ἔργα
663 593 710 619 καὶ
732 593 805 619 κακὰ
831 601 892 619 συν-

99 637 245 674 εργοῦνται
264 637 311 664 καὶ
330 637 547 670 κατευοδοῦνται,
564 637 597 664 τὰ
614 637 689 671 δεξιὰ
700 638 728 664 δὲ
741 639 787 664 καὶ
804 638 892 672 ἀγαθὰ

99 683 276 709 διαπίπτουσι
300 683 356 712 τοῖς
381 681 573 717 ἐργαζομένοις
588 682 657 709 αὐτὰ
676 683 724 708 καὶ
737 683 891 718 ἀστοχοῦσι,

101 729 160 761 πῶς
174 729 287 761 ὑποίσω,
302 729 378 764 φησὶ,
392 728 440 763 τὴν
457 726 540 763 ἧτταν
553 729 600 754 τοῦ
614 728 714 759 καλοῦ;

99 775 154 802 ΞΠ
189 775 277 809 Ἡγοῦ
294 775 388 808 τύχης
401 775 550 808 φρόνησιν
564 774 808 808 ἀσφαλεστέραν.

137 821 213 856 Τύχη
230 821 280 856 μὲν
304 820 332 846 τὸ
352 820 512 855 αὐτομάτως
532 820 630 846 οὑτωσὶ
645 820 692 846 καὶ
713 820 793 854 λόγου
809 819 892 855 χωρὶς

101 867 251 902 συμϐαῖνον
265 865 415 901 ἐπεκλήθη,
430 867 559 901 φρόνησις
572 866 599 893 δὲ
620 866 650 892 τὸ
666 866 734 902 μετὰ
747 866 826 900 λόγου
847 866 892 900 ὀρ-

101 914 149 941 θοῦ
166 913 213 940 καὶ
230 913 364 944 συνέσεως
375 912 527 948 γινόμενον,
546 913 574 938 ἐν
623 912 748 947 καθάπερ
763 912 852 938 πλοῖον
865 912 894 938 ὲν

101 960 224 996 θαλάσσῃ
238 960 276 995 τῷ
288 960 359 986 οἴακι
373 959 592 995 πηδαλιουχεῖται
606 960 651 986 καὶ
664 959 702 995 τῷ
714 959 802 994 λιμένι
815 967 895 994 προσ-

101 1006 257 1042 ορμίζεται,
275 1005 361 1037 οὕτως
372 1007 386 1032 ὁ
399 1005 462 1036 νοῦς
478 1006 508 1032 ὲν
525 1007 558 1041 τῇ
575 1006 703 1041 φρονήσει
718 1005 751 1032 τὰ
766 1006 817 1040 ἤθη
837 1005 894 1031 δια-

101 1051 243 1087 κυὸερνών
266 1052 315 1086 τῆς
337 1051 426 1086 ψυχῆς
448 1052 494 1077 καὶ
518 1051 661 1083 οἰακίζων,
686 1051 754 1087 πρὸς
774 1051 820 1078 τὸν
839 1051 895 1077 ἄνω

101 1098 202 1134 λιμένα
213 1097 382 1124 κατευθύνει.
405 1097 512 1132 Ἐπειδὴ
528 1097 615 1123 τοίνυν
625 1097 669 1124 διὰ
680 1097 728 1132 τῆς
740 1097 895 1133 φρονήσεως

102 1145 120 1181 ἡ
133 1144 237 1180 ἀληθὴς
253 1144 373 1179 σωτηρία.
388 1145 444 1175 τοῖς
458 1143 620 1178 σωζομένοις
634 1144 795 1178 ἐνεργεῖται,
809 1143 846 1178 μὴ
861 1145 894 1179 τῇ

102 1189 194 1224 ἀλόγῳ
216 1188 333 1224 πρόσεχε
354 1188 431 1225 τύχῃ.
448 1188 495 1214 καὶ
511 1189 543 1223 τῇ
565 1187 653 1224 κούφῃ
667 1188 713 1214 καὶ
725 1188 828 1224 ἀκρίτῳ
841 1188 895 1214 τῶν

102 1235 190 1270 λόγων
211 1235 259 1262 καὶ
276 1235 329 1262 τῶν
348 1234 487 1270 λογισμῶν
504 1235 662 1269 ματαιότητι
685 1234 895 1269 περιφερόμενος

104 1281 170 1317 φέρε
181 1281 227 1308 καὶ
236 1281 330 1316 φέρου,
337 1282 370 1316 τῇ
380 1280 432 1306 τῶν
443 1280 592 1315 ἀνθρώπων
601 1280 697 1314 κυϐείᾳ
705 1280 896 1314 συνελκόμενος

105 1328 151 1354 καὶ
159 1327 360 1362 δελεαζόμενος·
374 1326 506 1361 σφαλερὸν
517 1325 580 1360 γάρ·
593 1325 661 1352 ἀλλὰ
671 1325 721 1359 τῆς
730 1325 897 1356 παιδεύσεως

105 1373 154 1408 τῆς
166 1374 196 1399 ὲν
212 1374 268 1404 τοίς
294 1372 392 1406 λόγοις,
419 1371 519 1406 μᾶλλον
544 1371 572 1397 δὲ
586 1371 635 1406 τῆς
656 1370 777 1402 παιδείας
794 1371 896 1406 Κυρίου

102 1419 154 1454 τῆς
172 1418 218 1445 διὰ
230 1419 284 1444 τῶν
298 1417 412 1444 ἐντολῶν
433 1417 480 1443 καὶ
498 1417 597 1452 ἀρετῆς
616 1416 697 1452 μηδὲν
717 1413 786 1442 εἶναι
802 1417 896 1450 κρεῖσ-

106 1473 151 1491 σον
169 1464 290 1497 ὑπονόει,
305 1463 338 1490 δι’
353 1460 390 1491 ὧν
407 1464 423 1498 ἡ
437 1462 538 1498 ἀληθὴς
557 1462 685 1497 φρόνησις
705 1462 752 1488 καὶ
774 1461 897 1497 ἀσφαλὴς

105 1510 229 1546 σωτηρία
238 1511 294 1541 τοῖς
308 1509 470 1544 σωζομένοις
481 1507 659 1544 περιγίνεται.
672 1507 760 1535 Τᾶλλα
772 1507 819 1543 μὲν
829 1506 894 1542 γὰρ,

104 1557 156 1583 ὃσα
176 1564 219 1587 τις
241 1555 274 1582 ἂν
289 1556 335 1581 καὶ
353 1554 434 1580 οἴοιτο
457 1553 623 1589 κεκτῆσθαι,
647 1553 698 1580 κᾶν
715 1553 808 1589 κτῆμα
820 1574 827 1585 ,
845 1554 897 1580 κᾶν

105 1602 222 1637 χρῆμα,
248 1601 299 1627 κᾶν
326 1600 474 1636 ἱματισμὸν
500 1600 579 1635 εἴπῃς
597 1599 746 1634 πολυτελῆ,
774 1599 846 1626 ναῶν
867 1608 896 1625 τε

105 1647 250 1683 οἰκοδομὰς
262 1647 309 1673 καὶ
325 1646 454 1682 κειμήλια
464 1646 511 1673 καὶ
527 1646 704 1681 μοναστήρια,
716 1645 762 1672 καὶ
773 1645 897 1678 καθάπαξ

105 1694 205 1724 εἰπεῖν,
219 1693 269 1719 ὅσα
280 1692 333 1719 ἀπὸ
347 1693 399 1727 γῆς
419 1691 512 1719 ἄλλοτε
529 1691 628 1722 ἄλλοις,
647 1690 693 1717 καὶ
709 1690 738 1716 οὑ
754 1691 810 1721 τοῖς
826 1689 897 1724 ἔχειν

104 1737 232 1765 δοκοῦσιν
242 1736 427 1772 ἐτοιμάζεται·
447 1736 513 1771 μόνη
526 1736 580 1770 δὲὴ
594 1735 732 1766 παίδευσις
747 1734 833 1761 οἰκεία
845 1734 897 1760 τῶν

105 1783 285 1819 κεκτημένων
302 1783 388 1818 μόνων
403 1783 461 1809 ἐστὶ
493 1783 540 1809 καὶ
566 1782 668 1817 βιοῦσιν
696 1780 812 1808 ἐνταῦθα
834 1781 898 1816 ἄχρι

104 1829 200 1860 τέλους
248 1828 455 1864 συνυπάρχουσα
500 1829 547 1855 καὶ
596 1827 796 1855 ἀποϐιώσκουσι
837 1836 898 1853 συν-

105 1875 240 1911 επομένη.

105 1945 156 1973 221
182 1944 218 1972 Τὸ
232 1944 395 1977 δραστικὸν
408 1943 528 1969 δείκνυε
539 1941 581 1976 μὴ
593 1941 634 1974 τῷ
650 1940 725 1976 δρᾷν
736 1940 844 1973 κακῶς,

106 1981 163 2007 ‘22!
186 1979 229 2012 Τῷ
241 1980 266 2006 δ’
282 1977 317 2006 εὖ
331 1987 360 2006 τι
374 1978 479 2006 ποιεῖν.

145 2036 222 2062 Εἰσὶν
237 2035 376 2071 ἄνθρωποι
390 2034 553 2069 θερμότατοι
578 2033 608 2059 ὲν
633 2032 723 2068 ἔργοις
747 2032 835 2059 αὐτῶν
851 2033 898 2059 καὶ

107 2083 268 2119 δραστήριοι
302 2081 349 2108 καὶ
375 2080 582 2116 ὲνεργέστατοι·
608 2079 717 2112 ὀξύτητι
742 2079 770 2105 δὲ
793 2078 898 2113 φύσεως

107 2128 246 2164 χρώμενοι
263 2127 310 2154 καὶ
328 2127 507 2162 μεγα).οφυῖᾳ,
527 2125 730 2161 χρησιμώτατοι
745 2125 898 2159 κληΐζονται

109 2174 220 2205 πολλοῖς
231 2181 238 2189 ·
255 2174 279 2200 οἳ
295 2173 341 2200 καὶ
357 2172 504 2207 βασιλείας,
521 2171 568 2198 καὶ
581 2171 837 2207 στρατοπεδαρχίας.
852 2171 898 2197 καὶ

107 2218 260 2256 ἡγεμονίας
285 2219 314 2244 ὲν
332 2217 427 2252 κόσμῳ
441 2217 612 2252 διαφέροντες
637 2216 761 2248 ἐπιπολὺ,
782 2217 820 2248 ὼς
845 2215 900 2242 θεοὶ

107 2264 242 2300 τιμᾶσθαι
255 2263 322 2298 πρὸς
340 2262 395 2288 τῶν
417 2261 579 2297 ὑποχειρίων
594 2261 725 2293 ἀξιοῦσιν.
748 2262 819 2297 Πρὸς
838 2262 900 2293 τοὺς

107 2309 247 2340 τοιούτους
264 2309 278 2335 ὸ
295 2308 470 2339 θεόπνευστος
490 2307 552 2339 νοῦς
566 2307 782 2343 ἀποτεινόμενος,
800 2308 845 2343 Μὴ
862 2307 900 2342 τῷ

107 2356 187 2392 δρᾷν,
204 2354 267 2389 ἔφη,
283 2353 375 2385 κακῶς
390 2353 437 2380 καὶ
456 2353 512 2379 τῶν
528 2352 648 2379 ἀσθενῶν
662 2352 839 2388 κατατρέχειν
855 2353 901 2379 καὶ

108 2401 228 2436 πτωχῶν
239 2400 269 2427 τὸ
281 2399 465 2435 μεγαλουργὸν
480 2399 647 2426 ὲπιδείκνυσο
658 2399 688 2425 τὸ
700 2399 844 2434 δραστικὸν
855 2400 901 2425 καὶ

108 2446 232 2482 ἐνεργὲς.
249 2445 287 2480 τῷ
307 2445 460 2480 εὐεργετεῖν
477 2444 505 2470 δὲ
518 2444 564 2471 καὶ
576 2444 647 2471 κατὰ
661 2444 773 2480 μίμησιν
785 2445 831 2471 τοῦ
847 2445 900 2471 τῶν

108 2493 180 2520 ὅλων
202 2491 269 2518 Θεοῦ
289 2491 320 2518 τὺ
341 2491 422 2518 καλὸν
447 2492 534 2517 ποιεῖν
551 2490 597 2517 καὶ
612 2490 722 2524 ἀγαθόν.
748 2491 834 2517 Τοῦτο
854 2489 901 2516 καὶ

111 2539 175 2566 θεὸν
190 2538 237 2564 καὶ
251 2537 309 2564 υἱόν
326 2546 355 2564 σε
369 2536 437 2563 Θεοῦ
452 2537 572 2563 δείκνυσι
586 2537 620 2563 δι’
636 2536 804 2571 ὁμοιώσεως·
823 2535 901 2562 τοῦτό

110 2587 170 2612 ἐστι
188 2585 235 2611 καί
250 2584 345 2619 ἀνδρὸς
355 2583 455 2614 είδότος
465 2583 495 2609 τὸ
507 2583 634 2616 συγγενὲς
648 2582 791 2618 ἀνθρώπου
801 2590 808 2596 ·
823 2581 902 2608 τοῦτο

110 2632 192 2666 ἔργον
206 2630 265 2657 ἐστὶ
277 2631 328 2665 τὴν
343 2629 516 2664 ἀνθρωπίνην
540 2628 727 2663 ταλαιπωρίαν
740 2627 900 2661 ἐγνωκότος,

110 2679 160 2705 καὶ
173 2677 223 2712 οὺχ
236 2675 452 2712 ὑπεραιρομένου
468 2674 539 2702 κατὰ
552 2674 615 2706 τοὺς
632 2674 761 2710 ὑϐριστὰς
775 2674 822 2700 καὶ
838 2673 903 2700 ἀλα-

110 2725 204 2757 ζόνας,
216 2722 285 2750 ἀλλὰ
297 2723 527 2758 Χριστομιμήτως
541 2722 631 2753 αὐτοῖς
643 2720 903 2756 συγκαταϐαίνοντος

112 2770 162 2796 καὶ
175 2770 225 2800 τὰς
238 2768 327 2795 αὐτῶν
339 2767 479 2800 ἀσθενείας
492 2768 659 2802 διανέχοντος
669 2775 676 2782 '
692 2767 721 2794 τὸ
734 2768 903 2794 ἀποκτείνειν

113 2815 143 2841 δὲ
157 2815 204 2841 καὶ
218 2813 363 2849 πτωχίζειν
376 2813 423 2840 καὶ
433 2814 624 2849 ταλαιπωρεῖν,
633 2813 699 2839 Θεοῦ
710 2814 758 2848 μὲν
768 2813 818 2840 οὐκ
830 2813 903 2845 ἄξιον

116 2860 339 2897 φιλανθρωπίας,
363 2859 464 2894 Θηρίων
486 2859 514 2886 δὲ
539 2859 650 2886 ίοὸόλων
669 2860 766 2886 οἰκεῖον
782 2859 812 2886 τὸ
835 2860 902 2887 ἀπο-

607 121 640 149 ΙΝ
658 121 814 150 CARMINA
835 122 974 151 ARCANA
995 123 1023 150 S.
1046 123 1220 151 GREGORII.

1681 126 1734 155 838

945 183 980 210 lia
994 187 1021 210 et
1035 182 1235 218 corruptibilia,
1250 182 1361 214 divitiae,
1378 182 1500 218 inquam,
1521 187 1548 210 et
1563 184 1693 220 voluptas
1707 191 1735 213 et

940 228 1037 264 gloria,
1060 228 1094 256 iis
1111 229 1157 264 qni
1177 228 1318 256 terrestria
1334 229 1457 263 cogitant
1479 229 1506 256 in
1529 238 1605 265 spem
1631 239 1734 266 propo-

943 273 1007 306 sita,
1020 274 1207 308 operationem
1225 275 1365 301 concitant
1382 280 1537 302 amatorum
1554 276 1678 311 ipsisque
1689 277 1733 304 di-

940 320 1089 347 rectionem
1107 319 1275 355 imprimunt,
1293 320 1431 355 quomodo
1449 329 1504 348 non
1522 324 1608 349 multo
1631 322 1736 357 justius

940 370 967 392 et
984 366 1048 394 boni
1064 367 1228 401 virtutisque
1243 367 1592 401 opcrariisincitamentum
1605 369 1659 396 erit
1673 378 1736 404 spes

941 411 969 438 in
992 411 1128 445 Deum.et
1140 412 1206 440 eniti
1234 412 1267 439 ad
1289 413 1414 440 bravium
1441 422 1566 449 superna
1585 415 1732 443 electionis

939 456 1018 491 juxta
1031 464 1143 492 scopum
1161 457 1260 485 faciet?
1271 457 1394 493 Namque
1411 459 1591 488 intolerabilis
1607 460 1688 488 dolor
1704 466 1731 489 et

943 504 1102 537 impatihilis
1115 504 1178 531 mihi
1195 512 1248 531 non
1265 505 1375 532 minime
1390 506 1605 535 incumbitvicto
1618 516 1632 534 a
1651 509 1732 536 bono.

944 548 972 575 Si
990 549 1062 575 enim
1081 550 1162 576 noxia
1179 554 1354 585 peccatorum
1370 558 1451 586 opera
1465 556 1492 579 et
1507 553 1578 580 mala
1600 554 1667 589 ipsis
1682 555 1736 580 uti-

942 596 977 622 lia
994 600 1059 622 sunt
1076 600 1103 623 et
1116 597 1185 623 bene
1211 602 1417 632 prosperantur,
1434 603 1507 626 recta
1520 603 1610 626 autem
1627 604 1654 628 et
1664 601 1735 628 bona

943 642 1014 668 male
1030 642 1182 670 succedunt
1194 642 1373 677 operantibus
1387 647 1415 671 et
1438 643 1584 671 infeliciter
1599 654 1736 681 peragun-

944 688 1142 722 tur.quomodo
1156 689 1220 716 boni
1239 689 1386 717 adversum
1409 697 1502 716 casum
1522 690 1592 718 ferre
1623 693 1736 726 potero!

948 777 1001 804 ΞΠ
1022 777 1143 805 Fortuna
1156 779 1324 812 prudentiam
1347 780 1471 807 existima
1484 781 1616 807 tutiorem.

979 823 1045 850 Sors
1057 824 1167 858 quidem
1185 825 1256 859 quod
1274 830 1371 860 sponte
1385 832 1411 853 et
1432 827 1613 854 indeliberate
1637 829 1736 855 arcidi'

945 873 1069 901 vocatur,
1085 870 1230 904 prudentia
1246 879 1312 898 vero
1328 872 1401 906 quod
1418 880 1479 898 cum
1492 873 1690 901 deliberatione
1706 876 1734 901 lit

945 918 972 940 (ιι
987 915 1166 942 conscientia.
1181 915 1267 943 Porro
1282 917 1512 951 quemadmodum
1534 919 1612 945 navis
1626 919 1652 945 in
1667 921 1736 946 mari

945 967 994 993 per
1018 960 1234 994 gubernaculum
1252 961 1357 995 regitur
1374 966 1400 988 et
1419 961 1453 988 ad
1476 967 1582 996 portum
1605 963 1736 991 subduci-

945 1011 999 1034 tur.
1012 1005 1052 1031 sie
1068 1005 1182 1039 spiritus
1203 1006 1346 1040 prudentia
1364 1006 1450 1033 fretus
1463 1015 1553 1034 mores
1576 1008 1675 1034 animae
1687 1017 1738 1043 gu-

945 1051 1041 1078 bernat
1057 1054 1084 1077 et
1099 1051 1206 1077 clavum
1230 1056 1326 1079 tenens
1345 1052 1377 1078 ad
1400 1060 1548 1087 supernum
1568 1058 1674 1088 portum
1695 1054 1739 1082 di-

947 1097 1022 1127 rigit.
1039 1097 1106 1124 Cum
1122 1105 1188 1132 ergo
1211 1105 1259 1132 per
1274 1098 1448 1132 prudentiam
1469 1099 1583 1126 salvatis
1603 1107 1733 1134 coepere-

947 1148 990 1169 tur
1005 1143 1080 1170 salus
1093 1151 1167 1174 vera,
1185 1151 1218 1170 ne
1245 1144 1397 1170 irrationnli
1416 1144 1498 1172 cedas
1517 1145 1584 1172 sorti
1598 1153 1648 1172 nec
1667 1146 1738 1173 futili

946 1192 973 1215 et
987 1188 1196 1215 inconsideratae
1210 1189 1354 1216 verborum
1371 1193 1398 1217 et
1415 1189 1552 1216 rationum
1568 1191 1682 1218 vanitati
1695 1192 1739 1226 ja-

947 1238 1038 1261 ctatus
1054 1238 1079 1261 te
1098 1234 1181 1263 feras.
1196 1242 1246 1261 nec
1270 1234 1334 1261 ferri
1353 1236 1468 1269 patiaris
1486 1236 1628 1263 hominum
1657 1238 1740 1266 vicis-

947 1279 1114 1307 situdinibus
1133 1285 1228 1314 raptus
1249 1285 1276 1307 et
1293 1281 1420 1312 illectus;
1447 1281 1633 1315 periculosum
1652 1284 1737 1314 enim,

947 1325 993 1353 sed
1007 1326 1179 1353 documentis
1191 1326 1217 1352 in
1232 1327 1341 1357 litteris.
1359 1329 1500 1363 magisque
1512 1329 1668 1364 disciplinis
1685 1330 1739 1358 Do-

948 1372 1014 1399 mini
1029 1372 1180 1399 secundum
1202 1373 1329 1400 mandata
1354 1377 1381 1400 et
1399 1375 1526 1401 virtutem
1550 1375 1618 1402 nihil
1639 1377 1739 1405 melius

947 1425 1009 1445 esse
1023 1422 1128 1452 reputa.
1147 1426 1195 1452 per
1212 1426 1272 1452 qua:
1285 1426 1347 1445 vera
1366 1419 1511 1453 prudentia
1536 1424 1563 1448 et
1581 1426 1639 1448 tnta
1663 1423 1739 1450 salus

949 1463 1059 1490 salvatis
1074 1463 1112 1490 tit.
1140 1463 1177 1490 De
1192 1464 1253 1491 aliis
1279 1472 1345 1491 vero
1369 1465 1462 1497 rebus,
1487 1471 1622 1501 quotquot
1645 1469 1737 1502 possi-

957 1508 1021 1535 dere
1036 1509 1126 1543 quivis
1146 1509 1339 1540 arbitraretur,
1355 1510 1413 1537 sive
1429 1511 1572 1539 facultates
1594 1512 1653 1540 sive
1668 1514 1738 1540 bona

949 1552 1006 1579 sive
1018 1553 1211 1587 opulentorum
1237 1555 1463 1582 vestimentorum
1490 1564 1636 1591 apparatus
1660 1559 1740 1586 dixe-

949 1598 997 1630 ris,
1016 1599 1179 1633 templorum
1196 1604 1352 1627 structurzis
1375 1604 1402 1627 et
1425 1601 1573 1629 thesauros
1591 1607 1618 1630 et
1643 1612 1739 1631 mona-

952 1644 1044 1675 sleria,
1060 1648 1086 1671 et
1101 1652 1155 1672 uno
1174 1646 1258 1672 verbo
1282 1654 1398 1680 quazque
1426 1655 1510 1682 super
1527 1654 1639 1682 terram,
1672 1651 1739 1678 alias

948 1687 1009 1714 aliis
1024 1692 1051 1715 et
1065 1689 1099 1716 iis
1112 1689 1159 1724 qui
1176 1698 1230 1716 non
1243 1691 1372 1718 videntur
1388 1699 1419 1718 ea
1438 1692 1540 1720 habere
1562 1694 1587 1720 in
1610 1702 1737 1731 promptu

949 1740 1029 1768 sunt;
1047 1736 1105 1762 sola
1131 1737 1277 1771 disciplina
1303 1738 1414 1772 propria
1430 1743 1473 1766 est
1488 1739 1598 1767 illorum
1618 1743 1739 1770 solorum

948 1782 992 1817 qui
1014 1790 1073 1809 eam
1102 1783 1255 1817 possident,
1279 1787 1306 1810 et
1333 1784 1490 1812 viventibus
1520 1786 1545 1812 in
1564 1787 1614 1813 hoe
1638 1789 1739 1815 nmmlo

949 1835 1065 1855 consors
1091 1836 1180 1863 usque
1207 1828 1240 1856 ad
1271 1828 1352 1857 finem
1376 1834 1429 1863 est,
1455 1830 1676 1868 deccdentcsque
1695 1842 1740 1862 sc-

948 1873 1053 1908 quitur.

1021 1941 1400 1981 Eotentinnrmum_oste)tde,
1418 1953 1470 1972 non
1487 1947 1556 1974 male
1570 1947 1702 1981 faciendo,

949 1976 1003 2003 2:).‘2
1024 1976 1075 2004 Sed
1089 1979 1150 2004 bene
1168 1978 1303 2012 facienda.

987 2032 1057 2059 Sunt
1080 2032 1205 2060 homines
1236 2033 1422 2061 ardentissimi
1449 2034 1476 2061 in
1499 2036 1607 2064 actibus
1631 2038 1689 2066 suis
1711 2044 1739 2066 et

949 2079 1069 2114 operarii
1081 2083 1108 2106 et
1125 2078 1204 2105 valde
1221 2078 1388 2111 laborantes,
1403 2080 1503 2116 ingenii
1520 2083 1646 2110 acumine
1662 2088 1738 2111 uten-

950 2129 991 2152 tes
1017 2128 1044 2151 et
1073 2123 1297 2158 magnanimitate
1320 2124 1477 2157 superiores
1503 2133 1518 2152 a
1547 2127 1642 2154 multis
1668 2128 1740 2154 cele—

952 2169 1078 2200 brantur,
1094 2167 1140 2202 qui
1155 2167 1228 2202 regia
1244 2171 1382 2202 potestate
1400 2173 1426 2196 et
1444 2170 1614 2198 exercituum
1625 2171 1741 2206 imperio

952 2219 978 2242 et
989 2214 1177 2242 dominatione
1190 2214 1216 2240 in
1232 2214 1333 2241 mundo
1354 2215 1468 2242 multum
1486 2221 1657 2250 prmstantes,
1677 2222 1739 2244 tan~

952 2268 1033 2295 quam
1056 2260 1094 2286 dii
1116 2268 1130 2286 a
1154 2259 1271 2287 subditis
1297 2260 1427 2288 honorari
1454 2262 1582 2289 affectant
1599 2272 1605 2289 :
1624 2263 1651 2289 in
1670 2272 1740 2298 quos

953 2307 1020 2334 tales
1033 2306 1185 2342 procedens
1204 2307 1318 2341 spiritus
1332 2314 1346 2333 a
1360 2306 1414 2334 Deo
1427 2307 1578 2341 inspiratus
1593 2308 1662 2335 dixit
1678 2318 1684 2335 :
1700 2308 1738 2335 Ne

953 2355 979 2381 in
1008 2354 1077 2380 male
1102 2352 1227 2379 faciendo
1252 2357 1279 2379 et
1301 2353 1407 2379 debiles
1434 2361 1623 2387 paupercsque
1648 2354 1741 2388 oppri-

953 2397 1052 2425 mendo
1068 2398 1197 2425 ostendas
1211 2402 1236 2424 te
1252 2397 1286 2423 ad
1310 2406 1406 2432 magna
1431 2403 1585 2433 promptum
1608 2403 1635 2425 et
1660 2399 1739 2425 fortia

952 2452 1046 2479 opera.
1064 2444 1111 2471 sed
1136 2445 1163 2471 in
1193 2444 1398 2476 benefaciendo,
1424 2448 1450 2470 et
1471 2444 1504 2470 ad
1527 2443 1572 2470 Dei
1595 2444 1739 2471 universo-

952 2498 1011 2517 rum
1029 2490 1209 2521 imitationem
1225 2489 1326 2516 bonum
1349 2493 1376 2516 et
1398 2494 1502 2516 rectum
1519 2489 1624 2522 agendo
1643 2499 1649 2516 :
1668 2491 1739 2523 quod

952 2539 980 2563 ct
1001 2536 1081 2564 deum
1097 2538 1124 2562 et
1156 2534 1240 2561 filium
1257 2534 1303 2562 Dei
1320 2539 1346 2561 te
1363 2542 1411 2568 per
1426 2534 1633 2561 similitudinem
1649 2540 1742 2562 osten-

953 2581 1010 2613 dit;
1027 2579 1078 2606 hoc
1097 2583 1140 2607 est
1156 2579 1207 2606 viri
1223 2580 1335 2607 scientis
1348 2579 1413 2614 quid
1432 2580 1533 2606 homini
1551 2580 1673 2606 innatum
1689 2585 1741 2610 est,

954 2627 1004 2653 hoc
1017 2633 1086 2660 opus
1108 2625 1182 2652 illius
1197 2626 1244 2660 qui
1267 2625 1414 2652 humanam
1437 2625 1575 2652 miseriam
1597 2625 1673 2651 novit
1691 2633 1741 2651 nec

953 2672 1094 2700 extollitur
1123 2679 1200 2699 more
1225 2672 1411 2706 arrogantium
1437 2676 1463 2699 et
1491 2671 1678 2702 insolentium,
1696 2670 1744 2698 sed

954 2719 988 2746 ad
1003 2717 1105 2745 Christi
1122 2717 1262 2752 exemplar
1281 2717 1432 2745 humilibus
1454 2725 1484 2744 se
1508 2717 1743 2744 accommodanlis

954 2771 1105 2799 eorumque
1128 2763 1331 2790 imbecillitates
1352 2763 1469 2798 benigne
1491 2762 1659 2790 sull‘crentis.
1688 2761 1743 2788 Ma-

955 2815 1031 2839 ctare
1042 2817 1107 2837 vero
1122 2814 1148 2837 et
1164 2810 1282 2844 spoliare
1298 2813 1324 2836 et
1338 2809 1371 2836 ad
1389 2809 1528 2837 miseriam
1543 2807 1676 2841 redigere,
1696 2807 1742 2834 llri

956 2857 1144 2885 benevolentia
1168 2855 1280 2889 dignum
1305 2864 1359 2883 non
1385 2860 1436 2885 est.
1477 2857 1670 2881 venenatarum
1693 2853 1741 2881 be-
