1920 3046
199 136 251 163 839

202 194 318 223 stiarum
328 192 466 228 proprium
476 195 517 219 est
528 191 670 223 Occidere;
687 190 745 216 raia
757 194 890 216 venenata
907 188 992 215 maris

202 247 230 268 ct
248 240 391 275 scorpione
401 240 470 266 clam
486 246 560 266 Vll‘lls
574 237 775 267 evmncntibus,
798 235 877 263 facile
891 235 990 262 morsis

204 288 293 312 adstat
310 286 406 312 latum.

203 332 257 358 2‘25
277 331 362 363 Turpe
373 336 411 357 eu
423 330 543 364 juvenem
560 338 620 356 sene
635 329 807 363 iri/initiare":

202 367 256 392 226
280 367 352 397 Esse.
370 374 507 400 uitantque
519 366 614 400 juvene
625 365 845 399 insipientiarem.

239 410 472 444 Quemadmodum
489 410 600 445 juventa
627 414 653 437 et
681 410 770 437 .etatis
790 408 929 436 viriditate
952 408 992 434 vi-

203 462 321 492 gentem,
331 465 396 485 sene
409 457 547 492 decrepito
560 456 718 483 debiliorem
729 464 790 484 esse
802 460 880 490 turpe
890 455 991 483 videre~

204 507 249 530 tur
259 507 284 530 et
302 504 492 538 incongruum,
501 502 552 533 sic,
562 502 660 536 inquit.
672 505 700 529 et
711 502 738 529 in
748 502 841 529 ultima
849 506 992 529 senectute

206 549 408 584 pervenientem
436 549 680 584 imprudentiorem
707 548 818 583 iuniore
848 555 990 583 apparere.

206 596 386 629 incongruum
401 603 514 630 prorsus
539 600 566 622 et
591 595 732 622 indecens.
762 594 894 622 Similiter
907 603 991 622 senex

203 642 259 668 rita
276 646 302 669 et
318 646 398 669 aetate
414 647 540 677 provecta
565 641 653 669 factus
671 641 705 668 sit
724 641 799 668 omni
814 641 948 675 sapientia
965 645 992 668 et

205 689 350 723 prudentia
375 689 483 723 plenus,
508 689 641 723 optimum
669 692 697 715 et
723 687 891 715 conveniens
913 687 990 718 illud.

204 736 342 771 juniorem
359 743 423 763 vero
446 739 473 762 et
493 739 557 762 ante
576 735 774 765 maturitatem,
791 735 818 760 in
832 734 920 761 aetatis
936 741 990 760 non

206 785 341 817 provectae
358 780 475 807 decursu
495 780 645 814 sapientem
667 786 696 806 se
717 779 837 813 prmbere
853 782 880 805 et
900 778 992 804 senio-

207 835 266 853 rum
285 825 457 861 prudentiam
474 826 583 856 habere,
599 824 858 852 excellentissimum
874 827 949 851 esset
964 827 991 850 et

206 873 327 900 nnminm
349 872 466 899 maxime
480 872 656 899 conveniens.

205 958 258 985 2'29
277 957 385 991 Semper
400 958 504 992 quidem
526 957 640 984 salutem
664 964 783 991 operare.

242 1005 323 1031 Omni
340 1008 462 1038 tempore
478 1009 506 1030 et
520 1003 594 1030 omni
608 1003 726 1031 hominis
741 1007 820 1030 actate
833 1003 935 1030 bonum
950 1007 993 1030 est

207 1051 267 1077 \‘iro
281 1051 394 1077 salutem
407 1049 526 1084 operari,
542 1057 602 1083 qua:
617 1053 669 1082 est,
691 1056 705 1075 a
725 1049 797 1076 malo
813 1049 952 1076 declinare
966 1053 993 1076 et

208 1097 308 1124 bonum
323 1097 428 1128 facere;
442 1096 591 1130 praesertim
604 1095 840 1130 appropinquante
857 1095 993 1122 solutione

209 1151 223 1169 a
240 1143 304 1170 vita.
329 1141 400 1174 Quid
426 1141 498 1168 aliud
524 1141 621 1176 majori
646 1141 823 1168 sollicitudini
848 1145 921 1168 esset
949 1141 993 1175 pio

208 1189 268 1215 viro
281 1192 308 1215 et
323 1195 434 1216 sensum
451 1187 659 1222 habenti.quam
682 1188 833 1221 praeteritas
851 1187 947 1221 culpas
967 1191 993 1213 et

208 1235 329 1262 maculas
348 1234 475 1269 lacrymis
501 1238 527 1261 et
553 1232 772 1261 confessionibus
795 1232 937 1264 mundare,
966 1237 994 1259 et

208 1287 269 1313 qua:
288 1287 321 1306 ex
349 1278 482 1313 iniustitia
508 1278 681 1313 proveniunt,
703 1278 736 1304 iis
756 1277 803 1312 qui
830 1277 992 1310 injustitiam

209 1324 282 1359 passi
298 1329 372 1355 sunt,
385 1331 446 1358 quae
464 1331 528 1351 vero
542 1330 558 1350 a
574 1323 650 1358 justo
667 1323 742 1349 lucro
765 1330 826 1349 cum
845 1326 918 1348 recta
933 1329 993 1349 mo-

209 1370 351 1396 deratione
365 1368 474 1396 Christo
491 1371 567 1402 prius
580 1368 696 1399 mittere,
713 1372 740 1395 et
756 1368 795 1395 sic
811 1366 950 1394 fructuosa
967 1370 994 1394 et

210 1415 327 1442 sollicita
341 1415 499 1449 poenitentia
515 1415 635 1449 judicem
651 1414 771 1449 placare.
791 1413 894 1440 Merces
908 1421 992 1448 appa-

211 1465 259 1490 ret.
277 1467 365 1494 praeco
381 1463 478 1486 metam
500 1460 617 1486 clamat:
636 1459 759 1494 Apostoli
773 1462 800 1486 et
817 1457 955 1494 prophetae
967 1461 994 1485 et

208 1505 298 1532 omnis
313 1505 420 1532 divinus
431 1505 559 1540 magister
570 1524 577 1536 ,
597 1505 785 1539 ptenitentiam
799 1505 881 1539 agite,
894 1510 993 1539 magna

211 1551 338 1584 praedicnt
358 1559 434 1578 voce.
451 1551 613 1585 Quicunque
637 1559 719 1578 aures
741 1550 871 1577 audiendi
896 1550 991 1582 babes,

210 1605 274 1630 para
286 1597 319 1623 ad
336 1601 433 1623 metam
449 1604 531 1631 opera
554 1602 616 1630 tua;
641 1596 775 1631 judicium
802 1604 887 1632 prope
904 1600 947 1624 est
966 1601 995 1623 et

210 1643 239 1670 in
257 1643 362 1670 foribus
375 1644 453 1670 adest
466 1643 559 1677 judex.

211 1735 265 1762 953
287 1734 362 1760 Finis
377 1734 515 1760 sermonis.

246 1780 337 1806 Multis
349 1780 427 1807 bonis
441 1784 467 1806 ct
489 1779 657 1814 sapientibus
673 1780 763 1807 verbis
785 1780 811 1806 in
827 1779 916 1806 anima
929 1779 995 1806 :edi-

211 1826 364 1852 licationem
381 1829 408 1852 et
424 1825 538 1852 salutem
553 1832 567 1852 a
581 1829 675 1852 smtcta
692 1829 719 1852 et
734 1825 887 1860 theologica
903 1826 994 1860 lingua

213 1871 336 1906 prolatis,
355 1871 428 1897 hunc
445 1870 572 1905 loquendi
598 1870 676 1897 linem
703 1871 859 1897 summatim
891 1875 994 1898 rectum

212 1922 239 1944 et
251 1918 393 1944 concisum
413 1917 554 1944 sententiis
568 1921 594 1943 et
605 1917 770 1944 testimoniis
785 1918 842 1944 suis
857 1917 995 1951 apposuit,

211 1963 316 1993 dicens,
329 1961 463 1996 duplicem
480 1969 542 1989 esse
559 1961 731 1996 apostatandi
758 1969 771 1988 a
799 1961 854 1988 Deo
881 1969 995 1994 morem,

212 2008 327 2034 alterunt
340 2014 430 2041 opere.
445 2007 558 2034 alterum
574 2008 668 2034 verbo.
683 2007 771 2042 Opere
786 2008 896 2042 quidem
913 2008 997 2043 igitur

196 2055 402 2087 ,apostatantur
421 2059 436 2078 a
460 2051 561 2079 divinis
583 2053 629 2086 qui
655 2053 806 2079 secundum
821 2052 996 2087 insipientem

212 2099 294 2124 istum
321 2097 478 2133 hypocrita,
496 2098 524 2125 in
548 2098 630 2125 corde
655 2106 704 2125 suo
731 2099 753 2126 si
772 2107 826 2126 non
853 2099 944 2134 lingua
957 2099 998 2126 di—

213 2147 279 2169 cunt
297 2151 303 2169 :
317 2142 376 2169 NOII
389 2147 430 2170 est
446 2141 532 2176 Deus;
545 2148 686 2178 propterea
701 2144 824 2178 corrupti
842 2149 916 2177 sunt,
933 2151 959 2172 et
970 2145 996 2172 in

213 2188 403 2223 iniquitatibus
415 2189 610 2216 abominabiles
623 2189 686 2216 facti
699 2194 762 2217 sunt
775 2200 781 2216 :
796 2191 846 2217 hoc
858 2195 900 2218 est
914 2199 997 2226 opere

213 2238 370 2269 apostatare
391 2241 406 2260 a
433 2233 496 2260 Deo.
515 2233 605 2261 Verbo
627 2241 715 2262 autem
742 2236 920 2270 apostolicam
948 2237 997 2262 do-

212 2281 329 2307 ctrinam
340 2284 366 2306 et
375 2279 528 2306 divinorum
542 2279 650 2306 Patrum
661 2280 823 2315 theologiam
833 2286 931 2316 negant
940 2282 998 2308 sive

212 2326 260 2361 qui
273 2325 411 2353 Iudaicam
429 2325 457 2352 in
481 2325 699 2353 incredulitatem
721 2326 857 2360 feruntur,
877 2329 934 2355 sive
948 2328 995 2362 qui

213 2372 246 2398 ad
261 2371 386 2406 gentilem
402 2372 611 2406 polytheismum
624 2377 651 2399 et
670 2373 833 2407 impietatem
853 2374 995 2407 inclinant,

213 2419 271 2446 sive
285 2417 332 2453 qni
354 2418 386 2445 ad
409 2417 562 2445 haareticam
575 2418 722 2452 pemiciem
738 2418 903 2453 impiumque
917 2420 996 2447 aber-

213 2465 346 2491 ratinnent
373 2464 506 2491 incidunt.
521 2462 562 2490 Tu
587 2471 651 2499 ergo
675 2464 856 2499 undequaqu
872 2466 993 2493 circum-

213 2510 332 2545 spiciens
349 2509 382 2537 de
397 2510 493 2544 teipso,
511 2518 544 2537 ne
558 2509 702 2545 decipiaris
724 2509 759 2536 ab
776 2510 854 2538 hoste
871 2511 993 2540 invisibi-

213 2558 275 2583 liter
291 2556 390 2584 astanti
405 2560 432 2583 et
445 2556 547 2591 jugiter
561 2556 668 2584 furtivis
692 2558 798 2586 insidiis
816 2559 951 2586 obsidenti
970 2563 997 2587 et

212 2600 386 2636 persequenti
419 2605 445 2627 et
474 2601 500 2627 in
535 2603 736 2636 apostasiarum
774 2605 995 2639 supra-Jictarum

213 2646 373 2672 barathrum
391 2646 483 2673 venari
499 2650 524 2673 te
540 2651 566 2673 et
589 2648 702 2681 perdere
716 2650 790 2676 omni
806 2657 857 2684 ope
871 2655 897 2678 et
914 2659 997 2685 opera

211 2691 323 2718 conanti
337 2701 344 2718 :
360 2691 417 2718 haec
441 2695 531 2719 monet
552 2693 670 2727 "optimus
687 2694 775 2722 Pater.
799 2696 870 2723 Cave
885 2705 949 2732 ergo
964 2706 997 2725 ne

214 2737 269 2763 ullo
279 2736 359 2764 modo
374 2737 401 2764 in
423 2737 554 2765 ambabus
565 2740 711 2773 apostasiis
728 2740 885 2770 distinearis
903 2747 930 2770 et
946 2744 997 2771 ἰηι-

214 2782 333 2818 pliccris,
351 2790 400 2810 nec
427 2783 575 2812 immundis
599 2789 624 2813 te
647 2786 809 2819 immisccas,
828 2794 863 2814 ne
880 2789 947 2817 forte
963 2799 996 2818 cx

249 2867 307 2902 (15)
327 2867 434 2895 Litterae
444 2874 561 2903 quatuor
572 2875 617 2898 aut
630 2872 748 2907 quinque
761 2872 959 2901 desiderantur.

835 129 985 159 NICETAS
1004 129 1106 156 ΒΑΝ*Ιῦ

1781 132 1838 158 860

1045 187 1184 215 κτιννύναι
1195 194 1202 201 ·
1219 186 1268 222 τῆς
1280 194 1309 212 τε
1325 185 1470 218 θαλαττίας
1484 186 1612 222 τρυγόνος
1625 186 1672 213 καὶ
1682 187 1729 214 τοῦ
1749 196 1835 216 σκορ-

1043 234 1105 260 πίου
1129 232 1266 267 λαθραίως
1292 233 1338 258 τὸν
1366 232 1403 258 ὶδν
1430 233 1648 267 ἐναπεμοῦντος,
1663 235 1750 270 ῥᾷστα
1765 243 1837 270 τειρ-

1045 279 1112 314 ἐστη
1123 280 1179 310 τοῖς
1193 278 1329 314 δηχθεῖσιν
1345 279 1359 304 ὁ
1378 279 1469 312 μόρος.

1042 324 1096 351 295
1123 323 1255 359 Αίσχρόν
1269 325 1339 350 νέον
1356 323 1494 358 γέροντος
1506 324 1726 359 ἀσθενέστερον

1042 360 1096 386 2-26
1122 358 1216 391 Εἶναι,
1235 359 1359 394 γέροντα
1374 359 1399 385 δ’
1415 359 1635 393 ἀφρονέστερον
1653 358 1736 388 νέέου.

1081 406 1184 441 Ὠσπερ
1199 405 1244 432 τὸν
1263 405 1368 440 νεότητι
1381 405 1428 431 καὶ
1447 405 1522 440 ἀκμῇ
1538 406 1695 441 σφριγῶντα
1711 407 1833 443 ἡλικίας,

1043 451 1149 486 σαπροῦ
1174 451 1301 485 γέροντος
1327 450 1523 486 ἀδρανέστερον
1549 449 1639 484 εἶναι,
1663 454 1777 488 αἰσχρὸν
1800 455 1834 481 ay

1043 497 1131 532 ὁρῷτο
1141 497 1189 523 καὶ
1197 497 1330 523 ἀνοίκειον
1341 505 1348 511 ·
1365 497 1446 527 οὕτω,
1459 498 1534 531 φησὶ,
1550 498 1597 524 καὶ
1609 498 1655 524 τδν
1669 500 1708 530 είς
1719 499 1834 535 ἔσχατον

1043 542 1193 578 ὲληλακότα
1218 543 1322 578 γήρους
1333 563 1340 573 ,
1364 543 1562 578 ἀφρονέστερον
1583 543 1630 570 τοῦ
1644 546 1778 581 νεωτέρου
1794 547 1835 581 τῷ

1043 589 1131 624 χρόνῳ
1145 589 1381 621 καταδείκνυσοαι,
1397 590 1531 616 ἀνοίκειον
1546 591 1633 626 πάντη
1653 593 1699 618 καὶ
1715 593 1835 628 ἀνάρμο-

1044 642 1116 661 στον.
1135 634 1229 669 ὐμως
1250 634 1264 660 ὁ
1283 635 1373 670 γέρων
1391 635 1440 669 μὲν
1456 635 1516 662 καθ’
1535 636 1609 671 ὥραν
1626 639 1672 664 καὶ
1688 639 1759 666 κατὰ
1784 641 1834 674 τὴν

1043 679 1226 716 πρεσϐυτικὴν
1241 681 1316 714 ἥκων
1331 681 1449 715 ἠλικίαν.
1464 681 1533 708 ἔστω
1550 683 1686 716 πάνσοᾳος
1705 685 1753 711 καὶ
1772 694 1834 712 συν-

1044 726 1127 757 έσεως
1140 726 1256 761 πλήρης·
1277 726 1410 753 καὶτοῦτο
1419 727 1520 760 ἀγαθόν
1534 736 1561 754 τε
1570 730 1616 754 καὶ
1626 730 1776 765 εὐπρεπές
1789 732 1834 758 τὸν

1046 771 1179 807 νεώτερον
1204 772 1233 798 δὲ
1261 772 1300 807 τῷ
1323 772 1411 808 χρόνῳ
1431 774 1479 800 καὶ
1502 774 1554 809 πρὸ
1575 773 1649 810 ὥρας
1669 776 1699 801 ἐν
1723 777 1763 812 τῷ
1786 779 1835 812 τῆς

1045 817 1153 853 ἡλικίας
1176 818 1267 844 ἀτελεῖ
1284 821 1433 854 σωφρονεῖν
1448 819 1495 846 καὶ
1519 821 1704 857 πρεσϐυτικὴν
1728 823 1834 850 σύνεσιν

1044 863 1234 899 ἀνειληφέναι,
1259 864 1338 891 τοῦτο
1361 865 1506 901 κράτιστον
1530 866 1563 893 ἂν
1587 866 1630 902 εἴη
1657 868 1704 894 καὶ
1726 871 1835 896 πάντων

1043 910 1274 946 εὐπρεπέστατον.

1043 956 1096 984 229
1128 956 1187 984 Ἀεὶ
1195 957 1253 992 μὲν
1263 956 1392 992 ἐργάζοιο
1406 957 1464 991 τὴν
1477 959 1637 993 σωτηρίαν.
1787 979 1793 983 .

1079 1002 1158 1029 Κατὰ
1173 1002 1264 1030 πάντα
1279 1003 1328 1038 μὲν
1344 1003 1439 1038 χρόνον
1454 1004 1501 1030 καὶ
1515 1005 1605 1031 πᾶσαν
1620 1005 1769 1040 ἀνθρώπου
1780 1007 1835 1041 ἡλι-

1044 1047 1115 1080 κίαν,
1132 1048 1235 1083 ἀγαθὸν
1259 1049 1337 1085 ἀνδρὶ
1357 1049 1405 1084 τὴν
1427 1049 1509 1076 αὐτοῦ
1537 1051 1674 1086 σωτηρίαν
1699 1055 1836 1088 κατεργά-

1044 1096 1148 1130 ζεσθαι,
1163 1098 1225 1133 ἥτις
1241 1098 1324 1130 ἐστὶν,
1346 1098 1481 1125 ἐκκλίνειν
1500 1099 1548 1134 μὲν
1570 1100 1624 1126 ἀπὸ
1637 1101 1734 1131 κακοῦ,
1750 1104 1834 1128 ποιεῖν

1043 1142 1072 1169 δὲ
1095 1143 1125 1169 τὸ
1147 1144 1258 1177 ἀγαθὸν,
1278 1143 1394 1179 μάλιστα
1415 1144 1444 1170 δὲ
1465 1144 1496 1179 δὴ
1512 1145 1562 1180 τῆς
1584 1143 1631 1172 τοῦ
1655 1146 1715 1181 βίου
1733 1147 1835 1178 λύσεως

1044 1189 1272 1225 προσηγγικυίας.
1294 1190 1326 1216 Τί
1347 1189 1381 1216 ἀν
1393 1189 1458 1216 ἄλλο
1472 1190 1516 1224 ετη
1537 1193 1835 1228 περισπουδαστὸτερον

1044 1236 1082 1271 τῷ
1098 1236 1206 1263 εὐσεΰεῖ
1230 1237 1278 1264 καὶ
1304 1237 1367 1264 νοῦν
1391 1237 1490 1272 ἔχοντι,
1517 1238 1532 1273 ἢ
1557 1238 1592 1264 τὰ
1615 1240 1835 1274 προῦπηργμένα

1046 1282 1119 1317 eam
1143 1283 1191 1309 καὶ
1216 1282 1377 1318 μολύσματα
1401 1284 1517 1318 δάκρυσι
1538 1285 1587 1310 καὶ
1610 1285 1836 1320 ἐξομολογήσεσιν

1045 1327 1251 1362 ἀνακαθαίρειν,
1270 1329 1316 1354 καὶ
1329 1329 1363 1354 τὰ
1379 1328 1408 1361 ὲξ
1425 1328 1535 1361 ἀδικίας
1559 1330 1610 1364 μὲν
1627 1332 1685 1362 τοῖς
1703 1331 1836 1367 ἠδικημέ-

1044 1381 1110 1405 νοις,
1123 1373 1158 1400 τά
1173 1375 1205 1400 ὲκ
1223 1374 1334 1401 δικαίων
1347 1374 1376 1400 δὲ
1395 1375 1487 1409 πόρων
1504 1376 1707 1411 προσγινόμενα
1724 1377 1771 1404 διὰ
1784 1378 1836 1404 nini

1047 1419 1164 1454 μετρίων
1179 1419 1340 1454 προπέμψαι
1355 1420 1394 1455 τῷ
1407 1420 1528 1456 Χριστῷ,
1544 1422 1591 1448 καὶ
1603 1421 1690 1454 οὕτως
1705 1424 1835 1459 ἐγκάρπῳ

1045 1465 1092 1492 καὶ
1108 1465 1334 1502 μεμεριμνημένῃ
1350 1466 1479 1501 μετανοίᾳ
1490 1466 1656 1498 ἐξιλεοῦσθαι
1669 1467 1717 1494 τὸν
1727 1470 1832 1504 κριτήν.

1047 1511 1085 1537 Τὸ
1111 1511 1198 1545 γῆρας
1216 1511 1366 1546 πάρεστιν,
1392 1512 1406 1537 ό
1429 1511 1518 1546 κήρυξ
1533 1512 1582 1547 τὴν
1605 1512 1694 1545 ἔξοδον
1719 1514 1833 1549 tat-160;”-

1055 1555 1209 1582 Ἀπόστολοι
1226 1557 1272 1582 καὶ
1296 1557 1434 1592 προφῆται
1453 1558 1500 1583 καὶ
1515 1558 1569 1588 πᾶς
1582 1557 1653 1589 θεῖος
1666 1558 1832 1590 διδάσκαλος,

1048 1603 1215 1638 μετανοεῖτε,
1231 1602 1337 1639 μεγάλῃ
1354 1603 1538 1638 παραγγέλλει
1555 1605 1642 1639 φωνῇ.
1663 1605 1721 1636 Πᾶς
1739 1606 1755 1631 ό
1768 1606 1834 1640 ἔχων

1045 1647 1092 1680 οὖς
1104 1640 1223 1681 ἀκούειν,
1235 1648 1379 1684 εὐτρέπιζε
1391 1649 1458 1684 πρὸς
1475 1649 1524 1684 τὴν
1539 1649 1627 1682 ἔξοδον
1640 1650 1673 1676 τὰ
1685 1651 1756 1685 ἔργα
1772 1660 1832 1677 σου·

1046 1695 1062 1729 ὴ
1079 1694 1134 1730 γὰρ
1150 1695 1241 1730 κρίσις
1254 1695 1337 1729 ἐγγὺς
1349 1695 1396 1722 καὶ
1410 1695 1456 1722 ἐπὶ
1472 1695 1568 1730 θύραις
1585 1695 1638 1722 ἰδοὺ
1653 1697 1667 1722 ό
1682 1697 1787 1732 κριτής.

1045 1740 1099 1766 255
1134 1739 1231 1774 Πέρας
1248 1741 1350 1775 λόγυυ.

1082 1786 1191 1813 Πολλῶν
1208 1788 1254 1813 καὶ
1269 1787 1378 1820 ἀγαθῶν
1395 1787 1442 1813 καὶ
1461 1787 1551 1822 σοφῶν
1565 1787 1651 1822 λόγων
1664 1788 1718 1815 τῶν
1742 1791 1782 1820 εἰς
1799 1791 1834 1815 οξ-

1046 1833 1162 1869 κοδομὴν
1177 1833 1266 1869 ψυχῆς
1281 1834 1330 1860 καὶ
1345 1834 1483 1869 σωτηρίαν
1496 1835 1549 1860 ὑπὸ
1563 1835 1612 1870 τῆς
1627 1836 1702 1870 ἱερᾶς
1716 1838 1763 1863 καὶ
1778 1837 1832 1863 θεο-

1046 1879 1127 1914 λόγου
1139 1879 1264 1914 γλώσσης
1281 1879 1444 1914 εἰρημένων,
1461 1879 1542 1906 τοῦτο
1562 1879 1650 1915 πέρας
1672 1881 1753 1914 λόγου
1774 1890 1833 1915 σητ-

1047 1924 1277 1960 κεφαλαιοὺμενος
1303 1926 1364 1956 ταῖς
1379 1924 1461 1952 αὑτοῦ
1479 1925 1601 1960 γνώμαις
1618 1927 1664 1952 καὶ
1684 1926 1832 1962 διαμαρτυ-

1049 1971 1120 2005 piat;
1135 1969 1219 2002 δεξιὸν
1236 1971 1282 1997 καὶ
1296 1970 1428 2005 σύντομον
1444 1971 1573 2006 ἐπέθηκε,
1595 1971 1686 2007 διττὴν
1704 1970 1774 1999 εἶναι
1793 1972 1834 1999 λέ-

1047 2025 1103 2051 γων
1118 2017 1167 2052 τὴν
1187 2017 1301 2052 ἄρνησιν
1317 2017 1395 2049 Θεοῦ,
1411 2017 1466 2052 τὴν
1483 2018 1531 2052 μὲν
1552 2019 1581 2044 ὲν
1601 2017 1684 2052 ἔργῳ,
1701 2019 1752 2054 τὴν
1767 2019 1835 2045 δὲέν

1047 2062 1128 2097 λόγῳ.
1148 2062 1241 2097 Ἔργῳ
1262 2063 1311 2097 μὲν
1332 2060 1378 2089 οὖν
1392 2062 1538 2098 ἐξὴρνηται
1559 2063 1589 2090 τὸ
1609 2064 1685 2090 Θεῖον
1705 2064 1799 2100 ὥσπερ
1812 2066 1834 2091 οἱ

1048 2107 1119 2134 κατὰ
1130 2107 1176 2134 τὸν
1189 2107 1294 2143 ἄφρονα
1307 2109 1411 2135 ἐκεῖνον
1432 2110 1587 2144 ὑποκριταὶ.
1605 2110 1704 2142 οἵτινες
1720 2109 1795 2138 εἶπον
1809 2113 1835 2137 ὲν

1048 2153 1158 2188 καρδία,
1172 2154 1197 2179 εἰ
1210 2154 1255 2180 καὶ
1272 2153 1310 2189 μὴ
1324 2156 1356 2190 τῇ
1376 2154 1486 2191 γλώσσῃ
1500 2156 1615 2187 ἑαυτῶν,
1630 2157 1666 2191 μὴ
1681 2155 1751 2184 εἶναι
1761 2157 1834 2187 Θεὸν,

1050 2199 1083 2225 δι’
1096 2199 1110 2225 ὃ
1125 2200 1172 2226 καὶ
1184 2199 1367 2236 διεφθάρησαν
1381 2201 1428 2228 καὶ
1441 2202 1469 2227 ἐν
1482 2203 1606 2237 ἀνομίαις
1620 2203 1817 2239 ἐϐδελύχθησαν
1827 2211 1833 2217 ·

1050 2245 1123 2280 ἔργῳ
1149 2245 1198 2280 μὲν
1221 2245 1308 2277 οὕτως
1334 2247 1350 2281 ὴ
1376 2247 1490 2282 ἄρνησις
1511 2248 1685 2274 ἐπιτελεῖται.
1713 2250 1792 2283 Λόγῳ
1810 2249 1835 2274 δὲ

1051 2290 1132 2318 πάλιν
1155 2291 1194 2326 τῷ
1215 2292 1265 2326 τὴν
1278 2293 1460 2329 ἀποστολικὴν
1480 2294 1590 2329 διδαχὴν
1616 2294 1662 2320 καὶ
1682 2295 1737 2321 τῶν
1761 2295 1835 2322 θείων

1051 2335 1179 2372 Πατέρων
1201 2337 1250 2373 τὴν
1270 2337 1409 2372 θεολογίαν
1432 2340 1639 2371 ἀπαναίνεσθαι,
1657 2341 1674 2375 ἦ
1690 2340 1759 2374 πρὸς
1777 2341 1836 2367 Ἰον-

1051 2381 1146 2417 δαῖκὴν
1162 2382 1290 2410 ἀπιστίαν
1304 2385 1536 2420 ὑποφερομένους,
1554 2386 1571 2422 ἢ
1594 2387 1662 2423 πρὸς
1679 2386 1835 2422 Ἑλληνικὴν

1052 2427 1232 2460 ἀπονεύοντας
1259 2430 1401 2457 πολυθεῖαν
1423 2431 1471 2457 καὶ
1497 2432 1640 2463 ἀσέϐειαν,
1664 2433 1680 2468 ἦ
1704 2432 1772 2468 πρὸς
1796 2433 1835 2458 αἱ·

1053 2474 1164 2508 ρετικὴν
1187 2475 1324 2502 ἀπώλειαν
1344 2477 1391 2503 καὶ
1413 2477 1572 2505 δυσσέϐειαν
1597 2478 1834 2510 ὲξολισθαίνοντας.

1052 2519 1088 2545 Σὺ
1105 2517 1152 2546 οὖν
1171 2521 1337 2556 πανταχόθεν
1351 2523 1462 2549 σεαυτὸν
1478 2524 1663 2559 περισκοπῶν,
1681 2525 1720 2560 μὴ
1735 2525 1837 2559 κλαπῇς

1052 2563 1104 2590 ὑπὸ
1132 2564 1179 2591 τοῦ
1205 2566 1358 2600 Δυσμενοῦς
1384 2567 1525 2602 ἀοράτως,
1548 2569 1596 2595 καὶ
1625 2569 1669 2595 ἀεὶ
1695 2569 1836 2604 λαθριδίοις

1051 2610 1238 2645 παλαίσμασιν
1260 2611 1459 2648 ἐνεδρεύοντας,
1481 2614 1528 2641 καὶ
1551 2613 1704 2646 διώκοντος,
1730 2615 1778 2641 καὶ
1802 2615 1837 2644 εἰς

1053 2656 1162 2691 βόθυνον
1178 2657 1233 2683 τῶν
1252 2657 1404 2692 εἰρημένων
1427 2660 1568 2694 ἁρνήσεων
1589 2659 1721 2696 Θηρεῦσαί
1746 2668 1775 2686 σε
1794 2659 1835 2686 καὶ

1051 2702 1105 2728 ἀπο
1129 2701 1243 2738 [λέσαι]
1268 2703 1323 2738 (15)
1349 2704 1423 2739 πάσῃ
1452 2705 1646 2740 μηχανωμένου
1677 2706 1778 2741 σπουδῇ
1792 2726 1800 2737 ,
1823 2705 1835 2730 ὁ

1051 2748 1225 2783 ἁγαθώτατος
1238 2750 1332 2786 Πατὴρ
1345 2751 1474 2779 νουθετεῖ.
1487 2752 1606 2788 Πρόσεχε
1616 2751 1663 2780 οὖν
1674 2755 1776 2789 ἀμφοῖν
1787 2753 1835 2778 τῶν

1050 2795 1224 2822 ἀποστασιῶν
1240 2797 1396 2824 παντάπασι
1411 2798 1666 2826 ἁποδιαστέλλεσθαι
1685 2800 1732 2826 καὶ
1745 2799 1835 2835 dp?!-
