1920 3046
181 220 1809 246 W

558 335 666 441 S.
743 332 1446 441 C/ESABIU-S

308 513 630 560 GERMANUS
667 514 896 558 FRATER
934 515 985 557 B.

1024 512 1314 558 GREGORH
1352 510 1683 558 THEOLOGL

838 699 1160 759 NOTITIA.

556 825 707 857 (Gutum,
721 825 837 851 Veterum
850 827 952 850 Patrum
972 824 1095 855 Bibliotlt.,
1108 828 1167 850 tom.
1180 825 1222 854 Vl,
1234 824 1336 856 Proleg.
1354 831 1378 856 p.
1394 823 1450 855 lli.)

224 971 242 1000 I.
264 971 409 1006 Caesarius,
427 973 510 1004 trium
524 973 641 1006 filiorum
661 974 829 1002 novissimus
847 975 885 1009 (ιι)
904 983 975 1010 quos

188 1022 251 1045 ante
276 1018 465 1053 cpiscOpalum
485 1017 501 1045 ε
522 1019 638 1054 conjuge
658 1015 753 1047 Nonua
772 1021 923 1047 lectissima
939 1021 977 1048 fc-

187 1065 261 1091 mina
285 1068 445 1099 susceperat
459 1063 609 1099 Gregorius
632 1065 760 1092 Nazianzi
785 1067 912 1097 antistes,
935 1066 978 1093 in-

188 1111 269 1146 genio
284 1114 365 1145 atque
383 1110 541 1145 integritate
560 1111 708 1145 plurimum
735 1112 873 1147 praestitit.
893 1112 979 1139 Domo

188 1163 317 1191 egressus
346 1156 524 1191 discendique
551 1157 650 1185 ardore
676 1165 828 1185 succensus
856 1158 979 1185 Alexan-

188 1202 276 1228 driam
297 1210 327 1230 se
343 1202 469 1234 contulit,
485 1210 518 1230 eo
532 1202 623 1230 adhuc
643 1206 768 1237 tempore
791 1204 979 1231 doctrinarum

189 1248 310 1274 omnium
321 1247 493 1282 gymnasium
506 1247 578 1274 haud
588 1247 726 1275 immerito
736 1249 921 1276 existimatam
932 1249 979 1284 (ιι).

188 1292 255 1320 Inde
271 1297 361 1320 autem
388 1293 540 1329 digressus,
559 1293 661 1321 litteris
678 1293 736 1328 jam
759 1294 979 1327 humanioribus,

190 1339 326 1374 praecipue
339 1347 403 1366 vero
422 1339 620 1375 philosophicis
634 1339 790 1375 disciplinis
812 1342 922 1376 egregie
937 1349 982 1368 sa-

190 1387 227 1414 tis
249 1386 387 1417 excultus,
415 1387 538 1420 artisque
559 1386 700 1414 medicinae
725 1387 849 1422 apprime
867 1394 981 1423 gnarus.

190 1432 457 1467 Constantinopolim
475 1432 608 1466 perrexit,
633 1439 688 1467 quo
713 1433 814 1468 pariter
834 1433 982 1468 Gregorius

191 1478 347 1513 Theologus
380 1485 529 1514 germanus
559 1478 621 1513 ejus
646 1479 731 1505 frater
755 1479 870 1505 Athenis
895 1479 1012 1520 redux?”

192 1526 398 1560 commigraret.
414 1524 452 1552 Ea
466 1531 548 1559 porro
563 1524 590 1551 in
603 1524 671 1551 urbe
686 1524 760 1559 regia
774 1531 898 1558 magnam
915 1523 985 1551 adeo

192 1571 314 1599 nominis
330 1571 518 1598 celebritatem
536 1570 610 1597 brevi
628 1574 670 1597 est
683 1574 851 1597 consecutus
866 1570 913 1605 (c),
929 1579 938 1595 ι
954 1573 983 1596 ιιι

193 1616 297 1651 publici
313 1616 433 1644 honores
448 1616 592 1650 nobileque
608 1615 812 1642 matrimonium
830 1623 862 1642 ac
877 1619 983 1643 serrato-

194 1662 235 1689 ria
259 1661 378 1697 dignitas
403 1661 491 1689 eidem
518 1661 600 1688 fuerit
623 1661 714 1688 oblata
739 1661 831 1696 :quin
857 1667 883 1688 et
908 1668 984 1688 com-

195 1708 272 1734 muni
296 1707 407 1734 decreto
429 1707 462 1733 ab
487 1707 653 1741 imperatore
668 1706 840 1739 Constantio,
855 1706 902 1741 qui
918 1710 984 1733 tunc

195 1753 226 1781 in
237 1752 315 1780 Italia
327 1753 453 1788 degebat,
470 1760 518 1787 per
540 1753 644 1787 legatos
660 1753 774 1787 petitum
794 1753 840 1785 sit,
857 1756 886 1780 ut
909 1753 986 1788 prin-

197 1800 286 1835 cipem
312 1799 406 1826 urbem
424 1799 482 1826 viro
508 1799 678 1826 eruditorum
702 1798 826 1834 principe
846 1798 985 1826 honestari

197 1845 288 1879 vellet,
313 1849 396 1880 atque
413 1844 447 1872 ad
470 1849 584 1873 exteras
601 1845 688 1880 ipsius
703 1844 799 1872 laudes
819 1844 890 1872 hanc
907 1852 986 1872 acce-

198 1892 273 1923 dere,
289 1895 318 1918 ut
333 1890 452 1919 Caesarie
469 1895 495 1919 et
507 1891 612 1918 medico
627 1894 654 1919 et
668 1891 727 1918 cive
740 1895 896 1922 ornaretur.
913 1900 924 1917 ι
940 1891 987 1917 καὶ

197 1938 277 1965 τοῦτο
291 1937 472 1974 προστεθῆναι
497 1938 564 1964 πᾶσι
587 1937 642 1968 τοῖς
666 1937 735 1971 ὑπὲρ
754 1936 839 1970 αὐτῆς
862 1935 986 1971 (πόλεως)

198 1985 351 2019 διηγήμασι
362 2004 369 2014 ,
384 1983 424 2018 τῷ
436 1982 581 2018 Καιᾳαρίῳ
600 1981 819 2013 καλλωπίζεσθαι
841 1981 888 2008 καὶ
903 1980 988 2016 ἰατρῷ

200 2032 248 2058 καὶ
261 2031 393 2066 οἰκήτορι.
410 2028 510 2056 Verum
527 2028 583 2060 ille.
606 2028 649 2056 his
665 2027 793 2055 omnibus
811 2027 987 2062 posthabitis,

203 2081 235 2104 ac
251 2076 344 2111 pietati
366 2082 430 2110 erga
445 2079 574 2110 parentes
590 2082 644 2109 pra:
665 2074 772 2102 ceteris
788 2074 923 2101 rationem
939 2073 989 2100 ha-

202 2124 281 2153 bens,
298 2122 326 2149 in
341 2121 457 2156 patriam
478 2120 637 2148 redeuntem
655 2120 769 2148 fratrem
790 2127 870 2147 suum
885 2118 989 2153 Grego-

202 2169 274 2196 rium
290 2167 368 2202 sequi
383 2167 488 2194 maluit.

239 2214 272 2243 tl.
293 2214 426 2249 Deinceps
441 2221 507 2241 vero
517 2221 579 2240 cum
596 2212 652 2247 jam
669 2211 801 2240 doctrinae
824 2218 880 2238 suae
896 2210 990 2245 prini-

202 2260 256 2288 tias
278 2260 374 2295 patriae
396 2259 458 2286 urbi
484 2263 684 2290 consecrasset,
709 2262 766 2284 tum
786 2257 896 2284 demum
922 2255 991 2282 aula!

204 2314 265 2334 sese
281 2306 395 2337 addixit,
418 2305 570 2340 domusque
587 2308 709 2339 augustae
725 2303 862 2330 archiater
881 2306 991 2330 creatus

204 2357 257 2385 est,
275 2360 329 2388 quo
343 2356 465 2387 tempore
478 2351 604 2379 Julianus
616 2351 631 2377 ὁ
646 2350 807 2386 παραϐάτης
830 2358 920 2377 rerum
940 2357 990 2384 po-

205 2399 324 2426 tiebatur
342 2407 349 2425 :
367 2398 461 2425 invitis
476 2398 555 2432 plane
570 2397 657 2432 ipsius
680 2396 852 2430 parentibus,
874 2396 992 2422 maxime

203 2452 269 2473 vero
282 2445 364 2472 fratre
381 2444 522 2480 Gregorio,
540 2444 586 2478 qui
607 2447 750 2478 propterea
764 2441 943 2477 gravissimas
958 2441 992 2468 ad

205 2491 330 2519 eumdem
353 2491 459 2518 litteras
476 2489 551 2517 dedit
564 2489 614 2523 (ά).
632 2488 734 2516 Morem
757 2488 844 2523 gessit
863 2495 993 2523 germano

205 2538 328 2565 monenti
361 2537 512 2569 Caesarius;
545 2536 661 2572 ejusque
687 2535 820 2568 consilio,
846 2538 991 2569 postquam

241 2636 280 2672 (a)
299 2635 382 2672 Greg:
403 2635 468 2662 ΝΜ.
493 2638 599 2672 οιζιιιηι
617 2633 701 2672 [nunc
721 2633 780 2669 vn],
802 2641 862 2668 pag.
881 2633 944 2665 198,
967 2637 993 2659 et

207 2669 294 2700 carni.
312 2669 458 2706 uv'[nunc
471 2669 532 2706 vui]
544 2669 722 2706 δαίμ-Μυκη.

254 2706 280 2742 b)
298 2707 340 2742 id.
355 2704 426 2742 orat.
442 2713 489 2736 vn,
509 2704 570 2739 p'ag.
587 2704 648 2732 198.

254 2740 279 2775 c)
298 2740 338 2769 Id.
354 2741 420 2768 ibid.

244 2773 284 2811 (α’)
304 2777 343 2804 ld.
358 2776 438 2811 epist.
452 2783 507 2811 xyu
524 2773 686 2811 [nuncgvu].

353 2808 424 2872 pgia‘t.
439 2818 455 2837 x
470 2808 555 2846 [nunc
571 2809 633 2845 vn],
650 2808 711 2844 pag.
728 2808 789 2836 198.

299 2846 338 2874 Id.
353 2845 419 2872 ibid.

245 2846 284 2922 ὃς
439 2879 498 2907 Act.
509 2878 559 2906 SS.
570 2877 647 2906 Febr.
660 2882 724 2905 tom.
734 2877 764 2911 11,
778 2885 836 2913 pag.
847 2876 912 2911 496,
924 2885 950 2904 ιι.
961 2878 988 2904 6.

1029 975 1165 1011 egregium
1186 975 1246 1002 ﬁdei
1270 974 1435 1001 Christiana:
1459 973 1595 1008 specimen
1619 981 1713 1000 coram
1734 973 1818 1008 impe-

1029 1026 1120 1048 ratore
1143 1024 1268 1054 apostata
1291 1019 1414 1046 exhibuit
1429 1018 1475 1053 (e),
1499 1027 1530 1046 ex
1554 1019 1613 1054 ejus
1638 1019 1699 1045 aula
1723 1019 1818 1053 pedem

1030 1066 1165 1099 referens,
1184 1066 1218 1093 ad
1240 1073 1305 1092 suos
1322 1065 1478 1092 revertitur.
1504 1063 1590 1091 Porro
1604 1065 1711 1092 subluto
1731 1072 1747 1092 e
1764 1072 1820 1091 me-

1030 1113 1076 1139 dio
1086 1111 1206 1143 Juliano,
1222 1111 1273 1138 sub
1288 1110 1401 1138 Valente
1426 1111 1573 1144 quazstoris
1587 1117 1703 1138 munere
1725 1111 1753 1138 in
1776 1110 1820 1137 Bi-

1030 1159 1124 1194 thynia
1141 1158 1304 1192 perfunctus
1319 1164 1381 1184 esse
1403 1161 1500 1183 auctor
1515 1160 1607 1184 noster
1631 1157 1819 1191 comperitur:

1031 1204 1078 1240 qui
1096 1203 1211 1238 proinde
1233 1203 1265 1230 ad
1292 1203 1335 1230 sui
1358 1202 1438 1229 olIicii
1463 1206 1555 1237 partes
1583 1202 1734 1236 explendas
1756 1202 1820 1228 dum

1031 1250 1128 1277 Nicaea:
1151 1254 1252 1284 ageret,
1274 1256 1346 1275 anno
1365 1248 1469 1275 Christi
1494 1247 1546 1275 568
1572 1247 1726 1279 desinente,
1742 1252 1822 1274 terra

1032 1299 1108 1322 motu
1123 1295 1202 1330 longe
1215 1299 1277 1329 post
1292 1294 1434 1320 hominum
1451 1292 1610 1320 memoriam
1623 1293 1744 1320 maximo
1755 1293 1823 1320 urbe

1031 1342 1078 1368 illa
1096 1341 1218 1368 ftmditus
1242 1349 1349 1372 eversa,
1364 1348 1397 1368 ex
1419 1343 1495 1367 tanto
1512 1339 1634 1374 periculo
1656 1339 1732 1367 solus
1751 1339 1822 1366 idem

1032 1395 1067 1414 ex
1079 1386 1232 1413 illustribus
1246 1387 1314 1414 viris
1331 1391 1378 1413 aut
1395 1389 1470 1414 certe
1485 1392 1547 1411 cum
1565 1384 1711 1412 admodum
1728 1384 1822 1419 paucis

1033 1432 1165 1460 divinitus
1188 1436 1314 1459 servatus
1339 1431 1400 1463 fuit,
1426 1431 1494 1466 ipsis
1519 1432 1607 1458 ruinis
1621 1435 1762 1465 prolectus
1776 1431 1820 1465 (ι’).

1034 1478 1067 1506 Et
1082 1483 1162 1506 terrae
1182 1478 1291 1514 quidem
1315 1481 1391 1504 motu
1415 1478 1542 1512 superior
1567 1477 1628 1509 fuit,
1647 1476 1744 1503 morbo
1759 1483 1823 1503 vero

1034 1532 1089 1552 non
1105 1525 1169 1552 item
1185 1532 1256 1559 :quo
1272 1529 1429 1559 correptus,
1445 1531 1524 1551 sacro
1538 1527 1594 1550 tum
1606 1523 1716 1550 demum
1731 1529 1823 1550 susce-

1035 1575 1082 1605 pto
1094 1570 1272 1604 baptismate,
1289 1569 1467 1604 omniumque
1479 1569 1613 1596 bonorum
1632 1575 1746 1596 suorum
1757 1574 1823 1602 pau-

1036 1617 1146 1652 peribus
1165 1617 1271 1643 relictis
1294 1616 1460 1648 hzeredibus,
1487 1616 1582 1643 eadem
1605 1614 1633 1642 in
1654 1614 1723 1648 urbe
1744 1613 1822 1649 paulo

1037 1667 1099 1699 post
1130 1670 1287 1697 supremum
1318 1662 1390 1690 diem
1417 1662 1520 1690 obiisse
1548 1661 1666 1688 videtur.
1693 1659 1822 1693 Quamvis

1037 1709 1110 1737 enim
1125 1710 1200 1736 varia
1215 1709 1250 1736 sit
1265 1709 1389 1736 virorum
1405 1707 1625 1736 doctissimorum
1640 1706 1778 1734 sententia
1791 1706 1823 1732 de

1037 1755 1098 1782 loco
1113 1763 1168 1790 quo
1191 1755 1328 1783 Casarius
1348 1762 1364 1782 θ
1384 1754 1454 1782 vivis
1477 1754 1612 1786 excessit;
1634 1752 1696 1780 aliis
1713 1752 1822 1787 quidem

1037 1801 1082 1829 ubi
1102 1805 1226 1828 mortuus
1248 1801 1292 1829 ille
1313 1801 1396 1828 fuerit
1416 1808 1553 1836 nusquam
1573 1799 1714 1826 memoriae
1732 1798 1823 1834 prodi-

1037 1852 1094 1874 tum
1120 1846 1375 1881 asserentibus(g);
1394 1846 1456 1874 aliis
1481 1853 1544 1873 vero
1564 1845 1592 1872 in
1617 1844 1706 1879 patria
1733 1844 1821 1879 ipsum

1037 1892 1192 1920 decessisse
1218 1892 1289 1927 apud
1311 1896 1421 1920 sanctos
1438 1895 1564 1926 parentes
1582 1890 1745 1925 Gregorium
1767 1889 1823 1924 epi-

1039 1945 1152 1973 scopum
1175 1942 1202 1965 et
1226 1937 1349 1964 Nonnam
1378 1936 1597 1964 existimantibus
1616 1932 1652 1970 (ἢ)
1675 1945 1682 1962 :
1705 1939 1823 1962 attamen

1038 1991 1072 2011 ex
1101 1982 1241 2019 Theologo
1265 1983 1325 2019 ejus
1354 1982 1438 2009 fratre
1466 1985 1574 2009 constat
1595 1978 1647 2016 (ii,
1674 1979 1823 2007 Casarium

1039 2035 1116 2057 extra
1146 2030 1274 2064 patriam.
1306 2030 1334 2056 in
1353 2028 1439 2056 medio
1461 2036 1578 2059 munere,
1604 2027 1633 2053 ἐν
1656 2026 1729 2062 ἀρχῇ
1757 2026 1824 2060 μέσῃ

1040 2076 1162 2112 θνήσκει,
1184 2075 1217 2103 ad
1233 2083 1347 2111 superos
1370 2075 1509 2107 evolasse;
1529 2074 1645 2109 ejusque
1664 2073 1773 2100 cineres
1792 2078 1824 2098 ex

1040 2121 1167 2157 Bithynia
1179 2120 1345 2148 Nazianzum
1363 2120 1448 2148 fuisse
1460 2119 1565 2147 delatos
1579 2118 1622 2154 (j).

1113 2166 1228 2193 ...Κόνιν
1246 2166 1278 2192 ὲκ
1294 2165 1415 2192 Βιθυνῶν
1433 2164 1558 2199 δεξάμεθ’
1571 2162 1604 2191 αὖ
1620 2171 1649 2190 σε
1665 2163 1757 2190 πέδου.

1076 2211 1195 2238 Cinaram
1206 2219 1219 2237 ε
1230 2210 1363 2246 Bithynia:
1374 2210 1430 2238 solo
1447 2214 1470 2237 te
1482 2217 1590 2236 rursum
1603 2209 1779 2243 suscepimus.

1077 2256 1120 2284 IIl.
1142 2256 1260 2283 Maxima
1280 2256 1380 2291 ingenii
1407 2256 1432 2282 vi
1452 2259 1626 2290 praestantem
1638 2254 1725 2282 fuisse
1738 2253 1824 2282 Caesa.

1042 2303 1124 2334 rium,
1141 2310 1276 2337 omneque
1287 2302 1419 2329 doctrinae
1429 2309 1514 2336 genus
1527 2304 1600 2327 tanta
1615 2299 1698 2326 animi
1717 2304 1825 2326 conten-

1043 2349 1118 2376 tione
1144 2351 1337 2383 pertractasse,
1362 2351 1391 2374 ut
1413 2347 1494 2382 longo
1518 2345 1662 2373 intervallo
1684 2344 1826 2380 plerosque

1045 2399 1107 2431 post
1129 2402 1158 2422 se
1176 2393 1330 2429 reliquerit,
1351 2393 1430 2421 testis
1445 2396 1487 2420 est
1502 2392 1626 2428 locuples
1642 2391 1714 2419 idem
1729 2390 1826 2425 Grego-

1043 2441 1103 2468 rius
1128 2440 1166 2475 (ιι)
1183 2448 1190 2466 :
1208 2449 1218 2466 ι
1233 2439 1341 2472 Omnia,
1366 2439 1466 2475 inquit,
1500 2443 1529 2466 ut
1554 2446 1637 2465 unum
1661 2437 1825 2467 excoluerat,

1044 2491 1072 2515 et
1093 2486 1199 2522 singula
1215 2493 1325 2513 rursum
1348 2489 1378 2513 ut
1394 2486 1496 2513 omnia.
1511 2486 1598 2520 Atque
1613 2487 1644 2511 ut
1666 2483 1772 2510 volucri
1787 2483 1826 2509 in—

1044 2533 1125 2568 genio
1139 2532 1276 2568 przeditos,
1300 2531 1392 2559 studio
1412 2535 1440 2559 et
1461 2529 1616 2566 diligentia,
1638 2530 1676 2556 ita
1692 2529 1826 2557 studiosos

1042 2633 1150 2661 Tillem.
1168 2631 1248 2659 Mém.
1264 2631 1328 2658 eccl.
1347 2634 1415 2657 tom.
1432 2628 1478 2659 IX.
1494 2636 1556 2663 pag.
1575 2627 1637 2655 596.

1080 2669 1118 2702 (In)
1137 2667 1284 2702 Baronigad
1299 2674 1363 2692 ann.
1379 2665 1441 2702 3681
1460 2664 1472 2699 §
1489 2671 1525 2702 ιι.

1077 2691 1117 2739 ᾆδ’
1130 2691 1401 2765 ggg'i‘ivaifaami.
1418 2691 1529 2727 beuuita
1549 2706 1609 2726 sua.
1624 2695 1694 2732 Opp.
1711 2699 1778 2723 tom.
1793 2691 1824 2726 ll,

1078 2747 1113 2765 I's.
1186 2757 1192 2763 .

1043 2747 1113 2766 vers.
1130 2739 1192 2766 570.

1077 2774 1110 2808 (j)
1132 2773 1171 2800 Id.
1185 2779 1269 2799 carm.
1289 2779 1322 2798 1.x
1340 2769 1425 2806 [nunc
1438 2767 1496 2808 xlv]
1512 2768 1577 2796 edit.
1596 2767 1696 2808 sitmst.

1083 2801 1119 2844 ῖΙξ)
1135 2809 1180 2844 γΙύ.
1207 2811 1281 2844 orat1
1303 2801 1424 2844 xjnqqc
1447 2801 1507 2839 vui,
1529 2811 1590 2839 pag.
1615 2801 1678 2836 198,
1697 2805 1726 2829 et
1746 2805 1824 2829 carm-

1045 2840 1115 2872 Lviu'
1129 2843 1215 2880 [nunc
1232 2841 1282 2877 xu]
1299 2841 1364 2870 edit.
1381 2840 1479 2868 Murat.
