1920 3046
109 161 172 190 διδ

113 226 258 263 πηδαλίων
280 226 331 262 τήν
355 226 456 254 ὁλκάδα
480 227 610 262 ίθύνουσι,
637 230 719 257 παντὶ
741 230 835 266 τρόπῳ
856 231 907 266 τὴν

113 271 256 308 σωτηρίαν
274 272 380 305 ἑαυτοῖς
396 274 663 310 πραγματευόμενοι.
681 274 776 311 ταύτῃ
795 275 824 302 δὲ
839 275 908 310 πλη-

115 319 278 349 σιάσαντες,
301 317 349 344 καὶ
370 317 424 344 ὑπο
444 317 494 354 τὴν
521 318 627 355 σκέπην
648 320 703 346 τῶν
728 320 908 356 ἀκρωτηρίων

113 362 307 398 ὖποφυγόντες
329 363 467 391 ἀπεύκτου
489 363 604 392 θανάτου
623 365 838 401 περισωθέντες,
866 366 910 393 εὐ-

115 409 317 445 χαριστηρίους
335 409 529 446 ἀναπέμπουσι
547 411 640 445 φωνὰς
657 411 698 447 τῷ
717 412 819 449 σωτῆρι
840 413 909 440 πάν-

113 463 175 481 των
189 454 260 490 Θεῷ.
276 454 332 481 Καὶ
344 456 426 490 ἡμεῖς
439 455 538 489 τοίνυν,
552 452 576 483 ὧ
592 456 734 492 φιλότεκνε
749 457 851 494 Πάτερ,
861 458 912 494 τὴν

118 499 274 532 πολύζαλον
286 500 333 527 τοῦ
359 500 416 535 βίου
434 500 606 534 διαπλέοντες
625 502 773 535 Θάλασσαν,
787 504 835 531 καὶ
855 505 913 536 τοῖς

120 543 229 579 κύμασι
242 543 296 571 τῶν
308 545 441 580 αἱρέσεων
454 545 589 582 διαφόρως
604 547 853 583 περιαντλούμενοι.
867 549 914 575 καὶ

123 590 253 626 μηδαμοῦ
267 590 364 626 λιμένα
384 590 493 625 λογικὸν
509 591 693 628 εὑρίσκοντες,
713 593 781 628 πρὸς
796 593 846 629 τὴν
866 593 914 628 σὴν

121 638 234 672 ἥκαμεν
247 636 368 672 ἀγάπην,
384 636 505 672 δεόμενοι
525 638 560 664 τὰ
575 638 639 674 περὶ
657 639 707 674 τῆς
723 639 916 675 προσκυνητῆς

124 682 174 708 καὶ
191 682 273 716 ἁγίας
288 682 411 717 Τριάδος,
427 683 475 710 καὶ
488 682 589 719 ἑτέρων
604 684 759 719 κεφαλαίων
769 685 820 720 τῆς
837 685 918 719 ἁγίας

125 728 241 764 Γραῳῆς
265 728 464 765 ἀκοῦσαιὴμᾶς
473 738 480 745 ’
491 729 566 762 ὅπως
579 730 616 766 μὴ
627 730 792 767 πλανώμεθα
806 732 854 759 σὺν
861 731 918 762 τοῖς

127 774 335 810 ματαιόφροσιν,
350 774 407 801 ἀλλ’
417 775 603 810 ἐνισχυόμενοι
616 777 648 811 τῇ
663 775 741 811 ὑμῶν
755 776 916 812 κατηχήσει,

125 820 175 847 τοῦ
193 820 326 855 κωμικοῦ
336 820 471 853 κλύδωνος
485 821 555 848 κατὰ
565 821 663 858 μικρὸν
674 821 793 857 ἀψοφητὶ
807 821 919 854 ἑαυτοὺς

125 865 329 901 ἀπαγάγωμεν,
353 866 401 893 καὶ
421 867 461 899 εἰς
476 867 522 894 τὸν
536 867 661 902 ἀκύμονα
682 867 801 903 Χριστοῦ
817 867 916 902 λιμένα

126 911 159 939 τὸ
175 912 290 948 ψυχικὸν
315 912 417 948 σκάφος
441 913 522 949 ἡμῶν
544 914 682 942 εἰσελάσαι
709 914 914 950 σπουδάσωμεν,

125 958 163 993 τῇ
181 959 215 994 σῇ
233 958 389 996 μλιρῤύτῳ
406 959 532 996 νουθεσίᾳ
548 960 687 997 ἑπόμενοι.

435 1097 614 1133 ⁹Δπόκρισις.

167 1141 239 1168 Πολὺ
266 1141 316 1177 μὶν
339 1142 564 1179 ὑπερανασέσηκε
589 1144 636 1171 καὶ
664 1143 846 1180 ὗπερφὲρεται
870 1143 920 1180 τὴν

127 1188 203 1223 δμὴν
222 1187 325 1215 Εννοιαν
338 1189 355 1224 ἡ
376 1188 430 1215 τῶν
445 1189 526 1216 θείων
548 1188 665 1225 Γραφῶν
683 1190 867 1226 ἁκριὸεστάτη
882 1190 920 1217 δι-

128 1234 242 1269 ήγησις,
261 1234 344 1269 μήπω
358 1233 551 1271 καθαρθεῖσαν,
569 1234 636 1271 μηδὲ
654 1235 686 1261 τὸ
700 1235 853 1267 πολυπαθὲς
870 1235 921 1271 τῆς

130 1279 201 1314 ὕλης
213 1279 384 1315 ἀποθεμένην
401 1279 530 1315 ιμάτιονο
547 1279 610 1307 οὔτε
626 1280 681 1316 γὰρ
706 1281 736 1307 οὑ
761 1281 864 1313 δίκαιος
881 1281 922 1308 δι-

130 1324 204 1359 καίῳ
214 1324 360 1360 ἀνάκειμαι
370 1325 409 1359 τῷ
419 1325 488 1362 Θεῷ,
501 1326 623 1363 ῥᾳθυμίᾳ
634 1327 830 1363 κατακείμενος
839 1335 845 1342 ·
860 1327 922 1354 οὔτε

130 1370 172 1402 ὡς
185 1370 348 1406 Δημιουργῷ
361 1372 409 1398 καὶ
420 1372 528 1399 πάντων
538 1372 680 1409 καθηγητῇ
697 1373 827 1409 πρυτάνει
838 1373 923 1410 πρόσ-

131 1425 192 1452 ειμι
212 1417 388 1453 παιδευθῆναι
411 1417 508 1453 λόγους
528 1419 661 1454 σωμάτων
675 1419 723 1446 καὶ
739 1419 856 1455 κρίσεως
875 1418 924 1446 καὶ

132 1462 283 1498 Προνοίας·
297 1462 360 1491 οὔτε
380 1463 402 1490 δ’
412 1463 451 1496 ὡς
467 1463 577 1491 Βασιλεῖ
597 1465 646 1491 καὶ
666 1464 790 1502 Δεσπότῃ
805 1466 820 1492 ὁ
839 1464 924 1497 τάλας

133 1507 322 1544 παρίσταμαι·
341 1510 432 1546 γυμνῇ
449 1509 505 1545 γὰρ
521 1510 626 1546 κεφαλῇ
648 1510 728 1546 μέχρι
747 1510 795 1537 καὶ
815 1510 862 1537 νῦν
876 1511 925 1537 ὲκ-

133 1552 262 1589 λιιπαρεῖν
275 1554 357 1581 αὐτὸν
370 1555 421 1581 οὐκ
435 1555 529 1590 ίσχύω,
542 1555 577 1582 τὰ
588 1555 635 1582 τοῦ
650 1556 754 1591 κόσμου
770 1555 926 1591 περιφέρων

133 1599 243 1632 εἴδωλα,
256 1600 304 1627 καὶ
317 1601 351 1635 τῇ
367 1599 471 1627 ἐκείνου
489 1600 611 1637 σφαλερᾴ
621 1600 659 1636 (1)
673 1600 924 1636 καρηϐαρούμενος,

135 1645 187 1672 καὶ
210 1645 275 1681 περὶ
297 1645 350 1681 γῆν
373 1645 566 1682 άραττόμενος.
589 1646 645 1673 Καὶ
665 1646 801 1673 συνελόντι
824 1646 925 1681 φάναι,

133 1691 202 1718 ὅταν
218 1691 286 1726 πρὸς
298 1690 348 1727 τὴν
363 1691 417 1718 τῶν
433 1691 514 1719 θείων
532 1692 581 1719 ῐδω
596 1692 744 1728 ὑπεροχὴν,
763 1690 841 1724 αὖθις
858 1692 928 1726 ἰλιγ-

135 1736 202 1770 γιῶ,
230 1736 278 1763 καὶ
298 1736 488 1772 κραδαίνομαι,
511 1737 606 1774 ὥσπερ
629 1737 654 1764 oi
675 1737 708 1764 ἐκ
729 1745 801 1770 τινος
823 1738 928 1776 ὑψηλῆς

135 1782 296 1818 ἀκρωρείας
315 1783 355 1814 είς
376 1783 476 1818 ἀχανὲς
495 1782 714 1815 κατακύπτοντες
738 1783 872 1819 πέλαγος,
897 1786 927 1821 ἢ,

135 1823 174 1855 αὖ
196 1827 289 1861 πάλιν,
305 1829 329 1854 οί
348 1827 396 1860 τὰς
410 1828 487 1863 ὄψεις
503 1827 684 1864 πεπληγότες,
698 1827 727 1854 ιν
741 1827 864 1864 σταθηρᾷ
881 1837 930 1864 με-

138 1873 265 1909 σημϐρίᾳ
279 1873 326 1901 τοῦ
340 1873 417 1910 ἡλίου
436 1874 482 1901 τὸν
494 1873 609 1909 οὐρανὸν
623 1873 821 1906 διῖππεύοντος,
835 1874 929 1907 ἀτενὲς

137 1919 223 1946 αὑτὸν
242 1919 361 1955 ἀθρῆσαι
386 1919 569 1956 πειρώμενοι,
589 1918 726 1956 ὑπερϐολῇ
742 1919 796 1946 τῶν
818 1929 929 1957 μαρμα-

139 1963 233 1999 ῳγῶν
246 1964 292 1991 καὶ
304 1963 457 2000 τῇηὲκεῖθεν
475 1963 646 2000 λαμπρότητι
662 1962 865 1999 ἀμαυρούμενοι
880 1964 930 2000 τὴν

139 2011 248 2045 ὅρασιν.
262 2010 323 2037 Δεῖν
336 2010 425 2037 τοίνυν
435 2009 529 2046 ᾠήθην
542 2010 575 2045 τῇ
587 2010 652 2045 σιγῇ
665 2008 755 2044 βοηθῷ
765 2009 929 2045 χρήσασθαι.

147 2056 218 2083 Ἀλλ’
234 2056 278 2083 ίνα
303 2055 341 2092 μὴ
359 2057 393 2092 τῇ
415 2055 543 2083 παντελεῖ
557 2054 685 2090 κωφώσει
700 2055 849 2090 βασκανίας
865 2055 932 2083 ὕπο-

140 2111 209 2134 πτος
221 2102 285 2138 ὑμῖν
296 2102 408 2134 εἰκότως
420 2101 552 2137 γένωμαι,
564 2101 595 2129 τὸ
611 2101 730 2134 εὐπαθὲς
745 2102 793 2128 καὶ
810 2101 931 2138 ὑπήκοον

139 2150 175 2184 τῇ
190 2149 280 2184 ιίκαίᾳ
298 2149 387 2184 σιωπῇ
403 2147 614 2184 διακρουόμενος
624 2155 631 2162 ⁸
644 2163 680 2168 —
698 2147 746 2174 τοῦ
763 2147 813 2183 μὲν
832 2147 932 2174 θεσπε-

142 2194 202 2221 σίου
219 2194 300 2221 Δασὶδ
315 2193 510 2230 μελῳδοῦντοςο
526 2193 630 2221 Πολλὰ
643 2193 789 2228 ἐποίησας
806 2193 858 2227 σὺ,
874 2193 932 2221 Κύ-

137 2249 187 2275 ριε
201 2242 218 2268 ὀ
234 2240 307 2274 Θεός
318 2249 389 2275 μου,
404 2239 442 2267 τὰ
454 2238 609 2275 θαυμάσιά
625 2247 683 2267 σου
693 2248 700 2255 ·
723 2239 773 2267 καὶ
787 2240 850 2273 τοῖς
869 2239 932 2268 δια-

141 2287 300 2322 λογισμοῖς
314 2293 373 2313 σου
394 2286 450 2313 οὐκ
464 2285 508 2312 ἔτι
523 2293 570 2319 τις
588 2285 800 2320 ὁμοιωθήσεται
810 2293 817 2301 ·
836 2284 933 2320 ἀπήγ-

142 2334 227 2367 γειλα
237 2332 286 2359 καί
297 2332 447 2367 ἐλάλησα,
458 2331 695 2366 ἐπληθύνθησαν
706 2330 782 2365 ὑπὲρ
792 2331 929 2366 ἀριθμόν.

142 2377 200 2405 Καὶ
217 2377 315 2404 πάλινυ
335 2377 587 2413 Εὺηγτελισάμην
609 2377 806 2411 δικαιοσύνην
825 2377 860 2404 ἐν
882 2377 933 2404 ὲκ-

142 2425 258 2458 κλησίᾳ
278 2423 413 2459 μεγάλῃ·
438 2423 503 2452 Mai;
526 2423 563 2451 τὰ
577 2423 664 2458 χειλη
678 2432 738 2458 μου
759 2423 796 2450 οὐ
808 2422 852 2458 μὴ
875 2432 932 2450 κω-

140 2470 246 2503 λύσω,
269 2470 372 2504 Κύριε·
400 2469 441 2497 σὺ
455 2470 559 2504 ἔγνως.
580 2469 641 2504 Τὴν
654 2469 852 2504 δικαιοσύνην
873 2477 932 2498 σου

140 2515 199 2542 οὐκ
209 2515 328 2550 ἔκρυψα
339 2515 375 2542 ἐν
388 2515 427 2550 τῇ
439 2515 548 2550 καρδίᾳ
557 2523 634 2550 μου·
647 2515 705 2549 τὴν
716 2515 861 2549 ἀλήθειάν
874 2524 932 2544 σου

141 2563 193 2590 καί
210 2563 244 2590 τὸ
259 2563 408 2598 σωτήριόν
426 2570 485 2590 σου
500 2561 572 2590 εἶπα
580 2571 588 2579 ο
600 2563 657 2590 οὐκ
667 2562 787 2597 ἔκρυψα
799 2563 833 2589 τὸ
846 2563 933 2596 ἔλεός

140 2617 203 2637 σου
219 2609 269 2636 καί
282 2609 340 2644 τὴν
354 2608 500 2642 ἀλήθειάν
512 2617 572 2636 σου
588 2609 648 2637 ἀπὸ
662 2608 843 2644 συναγωγῆς
858 2611 934 2636 πολ-

140 2654 203 2689 λῆς
211 2662 219 2670 ο
235 2654 277 2681 σὺ
291 2654 335 2687 δὲ,
346 2655 445 2689 Κύριε,
457 2654 501 2689 μὴ
511 2655 669 2690 mpii-nc
682 2654 753 2688 τοὺς
765 2654 933 2689 οὶκτιρμούς

141 2709 204 2728 σου
228 2701 280 2735 ἀφ’
300 2700 397 2735 ἡμῶν.
411 2700 465 2728 Τοῦ
484 2700 514 2728 δὲ
535 2700 686 2737 κορυφαίου
704 2700 759 2728 τῶν
776 2700 933 2728 ἀποστόλων

140 2747 176 2773 δι’
185 2747 327 2782 ἐγγράφου
338 2747 487 2783 καθολικῆς
501 2747 711 2783 παρεγγυῶντος
722 2747 830 2783 ῑτοιμον
842 2747 931 2783 ὑπάρ-

183 2828 190 2844 ¹
209 2826 281 2855 Psal.
306 2835 399 2860 xxxix,
416 2828 443 2855 6.

178 2897 219 2934 (t)
232 2896 323 2925 Locus
337 2897 458 2926 mutilus.
473 2897 551 2926 Eon.

824 165 997 194 DlALOGUS
1006 166 1027 194 l.

1697 164 1750 192 8Σί

956 229 1013 257 lere
1027 236 1057 257 se
1074 235 1155 264 posse
1170 226 1278 261 vident;
1294 226 1366 262 quod
1382 233 1467 254 unum
1489 228 1586 256 restat.
1603 224 1674 252 forte
1686 231 1750 258 pro-

957 275 1058 303 ximam
1081 274 1200 308 aliquam
1221 273 1255 301 ad
1276 272 1393 301 insulam
1416 271 1487 299 clavi
1507 271 1666 305 adjumento
1682 269 1750 296 diri-

958 325 1026 357 gunt
1039 328 1147 352 navem.
1163 327 1196 346 ac
1214 318 1289 346 nulla
1311 326 1367 345 non
1386 318 1494 344 ratione
1510 316 1592 345 saluti
1611 322 1670 343 sua:
1684 322 1751 341 con—

960 367 1065 395 sulunt.
1078 365 1119 394 Ad
1133 373 1193 394 eam
1209 365 1290 393 delati
1304 363 1429 400 propius.
1445 363 1491 390 ubi
1507 361 1645 389 horrendo
1655 360 1753 387 mortis

960 420 976 439 e
995 411 1118 447 periculo
1142 410 1259 442 servati,
1285 417 1316 437 sc
1338 409 1364 435 iu
1385 412 1474 435 tutum
1498 407 1549 435 sub
1565 405 1752 442 promontoria

961 460 1143 492 receperunt;
1161 459 1247 483 testes
1266 454 1337 490 grati
1357 453 1442 481 animi
1467 460 1550 480 voces
1572 451 1606 479 ad
1628 451 1752 479 omnium

963 506 1131 530 servatorem
1150 500 1235 528 Deum
1252 501 1391 527 emittunt.
1417 499 1456 526 lla
1479 506 1531 525 nos
1552 497 1652 530 etiam,
1672 496 1754 523 Pater

964 548 1076 584 optime,
1086 548 1132 583 qui
1146 546 1329 581 procellosum
1338 545 1400 573 vita!
1408 544 1490 579 hujus
1503 551 1578 571 mare
1589 542 1754 576 trajicimus,

964 594 1203 628 absurdarumque
1229 591 1391 627 opinionum
1417 590 1545 618 (luctibus
1568 587 1756 624 multipliciter

964 638 1109 671 exhausti.
1128 639 1233 665 nullum
1248 645 1364 673 usquam
1382 636 1500 665 rationis
1517 635 1677 671 participem
1692 641 1757 669 por-

967 692 1024 714 tum
1042 685 1211 716 invenimus.
1230 684 1264 711 ad
1287 683 1483 718 benignitatem
1500 686 1575 710 tuam
1594 689 1646 709 nos
1661 681 1758 708 conie-

968 733 1066 765 rimus;
1084 735 1168 766 utque
1183 738 1233 758 nos
1246 738 1308 758 cum
1322 729 1356 757 de
1370 728 1510 757 adoranda
1527 731 1758 761 sacrosanctaque

970 778 1123 810 Trinitate,
1137 781 1196 803 tum
1213 776 1275 804 aliis
1293 782 1434 803 sacrarum
1451 774 1604 802 litterarum
1621 772 1758 808 capitibus

971 825 1077 856 audias,
1093 823 1292 850 obsecramus:
1306 829 1341 848 ne
1357 829 1418 849 cum
1433 819 1625 856 insipientibus
1640 819 1759 847 circum-

968 870 1128 902 veniamur.
1144 868 1191 897 sed
1211 867 1367 896 conﬁrmati
1381 867 1523 899 doctrina.
1539 870 1566 894 et
1578 864 1758 893 admonitioni

969 915 1141 944 suavissimae
1160 919 1213 941 tute
1231 912 1371 945 obsecuti,
1389 920 1405 940 e
1435 911 1532 939 mundi
1551 911 1634 945 bujus
1657 910 1769 945 tempe-'

969 965 1039 990 state
1059 961 1189 996 paulatim
1215 963 1323 988 nosmet
1348 959 1486 994 taciteque
1512 956 1713 990 subducamus.
1732 959 1760 984 et

970 1006 1130 1042 participem
1148 1005 1232 1032 animi
1256 1004 1411 1032 naviculam
1431 1006 1554 1031 nostram
1576 1003 1604 1029 in
1625 1006 1760 1030 secretum

970 1052 1005 1080 ab
1019 1051 1094 1082 omni
1109 1051 1194 1079 ﬂuctu
1208 1050 1313 1079 Christi
1329 1053 1440 1085 portum
1456 1057 1538 1085 agere
1554 1048 1724 1077 studeamus.

1308 1096 1463 1131 Responsio.

1006 1144 1095 1172 Meam
1105 1151 1172 1172 vero
1180 1143 1386 1179 intelligentiam
1399 1145 1526 1169 accurata
1538 1147 1678 1169 sacrarum
1692 1139 1764 1168 illlb

970 1198 1064 1218 rarum
1075 1190 1221 1226 explicatio
1240 1190 1321 1226 longe
1336 1188 1445 1217 excedit
1462 1194 1495 1215 ac
1512 1190 1641 1222 superat:
1660 1185 1764 1221 quippe

972 1245 1032 1273 qua:
1040 1241 1155 1273 purgata
1165 1236 1283 1265 necdum
1292 1236 1339 1270 sit,
1349 1242 1504 1269 crassaque
1512 1234 1540 1261 in
1549 1233 1629 1261 nobis
1639 1231 1764 1260 malerici

973 1284 1068 1312 multis
1076 1283 1180 1311 morbis
1191 1282 1339 1310 obnoxiam
1351 1286 1455 1309 vestem
1464 1280 1584 1308 nondum
1596 1279 1765 1315 deposuerit;

973 1338 1036 1358 nam
1057 1329 1184 1358 socordia
1201 1329 1349 1364 depressus
1361 1348 1369 1361 ,
1385 1327 1417 1355 ad
1439 1325 1524 1354 Deum
1543 1326 1589 1361 qui
1602 1325 1696 1360 justus
1710 1328 1764 1356 est.

973 1378 1033 1413 ipse
1058 1384 1113 1404 non
1135 1376 1229 1412 justus
1248 1374 1316 1409 erigi
1336 1381 1465 1409 nequeo:
1491 1380 1547 1401 non
1575 1373 1664 1408 ipsum
1687 1379 1766 1400 acce-

975 1424 1040 1452 dere
1055 1423 1122 1451 mihi
1136 1423 1179 1451 t'as
1200 1426 1260 1456 est,
1281 1425 1312 1449 ut
1329 1421 1364 1449 de
1380 1428 1577 1456 corporeorum
1596 1424 1624 1447 et
1641 1420 1767 1456 corporis

976 1468 1141 1504 expertium,
1160 1467 1195 1494 de
1210 1466 1321 1502 iudicii.
1344 1465 1379 1493 de
1401 1464 1585 1492 Providentiae
1611 1464 1767 1494 rationibus

975 1514 1106 1542 erudiar:
1123 1521 1187 1540 cum
1206 1515 1235 1540 ct
1259 1511 1362 1547 opifex,
1378 1514 1406 1538 et
1423 1510 1490 1541 dux,
1507 1514 1536 1538 et
1550 1509 1717 1546 gubernator
1731 1510 1768 1537 sit

976 1560 1112 1592 omnium,
1130 1565 1186 1586 non
1203 1561 1234 1585 ut
1248 1564 1312 1585 eum
1332 1555 1405 1592 Rege
1425 1563 1457 1583 ac
1473 1555 1590 1583 Domino
1609 1555 1694 1582 miser
1709 1555 1767 1590 ipse

975 1605 1081 1633 versari
1094 1611 1225 1641 possum:
1247 1603 1350 1639 quippe
1365 1602 1414 1638 qui
1435 1601 1525 1637 capite
1544 1601 1619 1628 nudo
1633 1600 1769 1628 hactenus

976 1658 1038 1678 eum
1052 1650 1218 1686 compellare
1225 1650 1356 1678 audacter
1367 1656 1484 1684 nequeo,
1494 1656 1556 1675 cum
1571 1647 1666 1675 mundi
1677 1646 1769 1674 adhuc

977 1696 1126 1724 simulacra
1141 1695 1346 1727 circumferam.
1362 1697 1390 1722 et
1406 1697 1535 1729 corrupta
1554 1693 1672 1728 imagine
1688 1692 1767 1728 quasi

977 1743 1090 1779 crapula
1106 1747 1246 1779 gravatus,
1267 1742 1302 1769 ad
1318 1745 1420 1769 terram
1435 1740 1545 1767 allidar.
1564 1739 1606 1767 Ad
1620 1746 1767 1771 summam,

978 1791 1087 1827 quoties
1109 1790 1264 1818 divinarum
1293 1796 1386 1817 rerum
1412 1788 1610 1818 sublimitatem
1640 1788 1767 1820 intueor,

978 1845 1042 1865 mox
1058 1837 1189 1873 vertigine
1202 1841 1348 1872 correptus
1363 1840 1452 1863 tremo
1462 1855 1469 1867 .
1489 1834 1599 1861 illorum
1620 1833 1708 1861 instar
1720 1832 1767 1868 qui

979 1883 1014 1911 de
1028 1883 1138 1911 excelso
1155 1883 1257 1910 montis
1270 1881 1373 1910 vertice
1390 1881 1417 1909 in
1433 1881 1597 1909 immensum
1612 1888 1688 1908 mare
1704 1887 1769 1915 pro-

979 1933 1115 1965 spectant;
1127 1928 1170 1956 vel
1180 1928 1251 1956 idem
1263 1927 1366 1956 accidit
1383 1927 1460 1960 mihi,
1474 1926 1548 1962 quod
1562 1926 1595 1954 iis
1606 1926 1652 1962 qui
1666 1925 1730 1953 dum
1742 1929 1770 1953 et

980 1975 1054 2004 Iasi:
1068 1976 1156 2004 oculis
1170 1979 1198 2003 et
1218 1982 1288 2010 puro
1309 1973 1434 2004 meridie.
1451 1974 1509 2001 sole
1524 1973 1624 2000 coelum
1644 1973 1770 2007 perequi-

979 2025 1066 2054 tante,
1080 2020 1195 2049 immoto
1212 2020 1286 2047 hunc
1302 2019 1381 2046 vultu
1397 2018 1495 2046 intueri
1510 2020 1658 2048 conantur,
1674 2017 1737 2044 victi
1753 2024 1770 2043 a

980 2067 1066 2095 nimia
1085 2066 1226 2094 radiorum
1245 2065 1326 2101 copia
1345 2068 1374 2093 et
1395 2068 1458 2093 orto
1486 2063 1522 2091 ab
1548 2064 1583 2091 iis
1611 2063 1769 2098 splendore.

981 2112 1092 2140 videndi
1112 2111 1271 2140 facultatem
1289 2110 1428 2138 amittunt.
1454 2110 1625 2145 Quapropter
1643 2108 1769 2144 equidem

981 2158 1136 2187 existimavi
1148 2157 1250 2185 silentii
1261 2164 1314 2192 ope
1323 2156 1389 2184 mihi
1399 2155 1529 2184 utendum
1536 2163 1606 2183 esse.
1614 2153 1714 2182 Verum
1723 2161 1770 2185 ne.

982 2205 1006 2232 si
1021 2212 1135 2240 prorsus
1149 2204 1201 2232 sim
1216 2207 1321 2236 mutus,
1337 2201 1447 2230 invidiae
1463 2201 1561 2229 merito
1571 2207 1631 2228 meo
1645 2207 1689 2227 me
1703 2199 1772 2226 insi-

982 2249 1104 2284 muletis,
1131 2248 1210 2284 quasi
1237 2248 1284 2284 qui
1308 2247 1468 2276 facilitatem
1500 2245 1670 2282 obsequendi
1699 2252 1771 2272 vana

982 2295 1170 2323 taciturnitate
1186 2293 1334 2329 repellam.
1346 2307 1384 2313 ——
1403 2300 1466 2320 cum
1484 2292 1594 2319 divinus
1617 2290 1663 2319 ille
1689 2289 1771 2317 Davi-

981 2342 1030 2370 des
1045 2344 1144 2368 canat:
1161 2339 1250 2367 Multa
1260 2345 1301 2372 tu.
1316 2339 1438 2369 Domine.
1453 2338 1497 2374 qui
1508 2337 1578 2365 Deus
1587 2345 1614 2364 ιε
1625 2344 1707 2369 meus.
1720 2336 1771 2363 ad-

982 2386 1107 2414 miranda
1121 2385 1207 2421 feci-ti
1217 2393 1227 2417 ;
1238 2392 1314 2412 nemo
1334 2384 1381 2411 tibi
1391 2391 1441 2418 par
1450 2392 1506 2412 em
1521 2382 1661 2419 cogitando
1674 2386 1770 2417 potest;

981 2430 1101 2465 equidem
1120 2429 1176 2457 lucc
1201 2429 1356 2456 annuntiavi
1374 2428 1538 2463 ac;protuli,
1563 2435 1646 2462 supra
1668 2435 1771 2454 omnem

981 2484 1120 2504 numerum
1142 2475 1307 2510 ampliﬁcata
1331 2475 1423 2502 sunt‘.
1439 2473 1515 2508 Item,
1533 2474 1630 2509 Magno
1654 2474 1680 2501 in
1703 2479 1771 2500 eam

977 2521 1115 2556 justitiam
1133 2519 1289 2547 annuntiaei
1298 2527 1308 2551 ;
1321 2527 1379 2546 ecca
1398 2517 1470 2545 labia
1484 2526 1542 2545 mea
1552 2538 1560 2550 ,
1581 2517 1704 2549 Domine.
1718 2525 1771 2544 non

981 2565 1167 2599 comprimam.
1184 2565 1254 2592 sicut
1269 2564 1325 2599 ipse
1340 2563 1422 2591 noui.
1432 2562 1575 2590 Justitiam
1584 2567 1658 2590 tuam
1674 2570 1730 2589 meo
1744 2562 1771 2588 in

982 2612 1060 2639 corde
1074 2621 1125 2640 non
1139 2611 1281 2642 occultavi;
1296 2611 1432 2638 veritatem
1447 2619 1479 2637 ac
1499 2610 1652 2645 beneﬁcium
1671 2611 1699 2637 in
1713 2609 1772 2637 mlo

981 2658 1067 2686 nando
1081 2666 1122 2685 me
1141 2662 1215 2685 tuum
1226 2658 1348 2693 exposui;
1366 2657 1578 2685 misericordiam
1594 2662 1620 2684 et
1634 2656 1771 2685 veritatem

982 2708 1056 2731 tuam
1078 2704 1211 2740 frequente
1229 2705 1256 2732 in
1272 2704 1385 2732 concilio
1404 2711 1456 2731 non
1477 2703 1560 2730 celaui
1572 2710 1581 2729 :
1603 2707 1631 2730 tu
1653 2701 1770 2738 quidem.

983 2747 1105 2781 Domine,
1126 2748 1323 2776 miserationem
1344 2752 1418 2775 luam
1440 2747 1613 2783 multiplicem
1635 2745 1708 2773 nobis
1724 2745 1771 2772 diu
