1920 3046
197 160 200 164 '
221 152 274 180 855

218 228 249 248 ιιι
263 218 368 254 differta
382 217 515 246 '.-ltiuem
532 225 594 245 cum
612 225 739 253 princeps
763 219 905 254 apostolus
928 227 997 255 prae-

216 264 299 298 cipiat
312 284 319 295 ,
348 268 379 291 ut
391 263 426 291 ad
440 263 609 291 reddendum
625 264 759 292 rationem
772 271 804 291 ea
814 265 849 292 de
857 273 907 300 spe
916 273 997 300 quam

217 310 350 342 fovemus,
366 309 400 337 ad
413 309 538 345 quemvis
553 309 587 337 de
600 309 652 337 hac
666 317 696 338 re
711 310 896 338 sciscitantem
912 311 998 346 parati

216 354 302 381 simus
310 353 321 368 ³
331 362 338 380 :
349 353 449 381 Paulus
457 353 539 381 etiam
549 354 701 382 clarissime
711 355 810 383 clamet
818 355 840 388 ⁸,
849 363 911 383 esse
921 355 1000 383 nobis

215 398 302 432 ipsius
324 398 444 433 vestigiis
465 399 662 430 inhaerendum.
686 399 902 434 imitandumque
917 400 999 427 Chri-

214 447 286 470 stum
300 451 309 470 ι
326 444 371 478 qui
392 444 515 479 profecto
532 450 559 472 et
573 445 630 479 ipse
644 445 777 472 divinitus
792 446 920 480 praecepit
933 445 954 477 ⁸,
967 451 997 472 ιιι

214 496 274 523 qua
293 489 378 524 gratis
395 491 593 526 acceperimus.
613 498 675 518 cum
690 491 752 518 aliis
768 491 890 519 vicissim
911 492 996 526 gratis

214 536 462 569 communicemus;
485 545 635 572 omnesque
665 538 734 565 vires
756 537 783 564 in
808 537 860 565 hoc
881 542 996 565 conten-

214 581 322 613 damus,
340 586 367 608 ut
383 582 474 609 divina
497 583 575 611 nobis
592 583 618 610 in
632 590 694 610 eum
715 583 794 610 linem
810 583 844 610 ab
862 583 921 619 ipso
935 591 996 611 cre-

214 624 271 652 dita
295 626 411 658 talenta,
440 635 494 661 quo
517 631 683 662 augeantur,
708 627 889 662 dupliceinus,
914 636 949 655 ne
972 628 996 656 si

214 676 284 697 ratio
302 670 360 698 haec
382 672 491 699 silentio
507 676 636 707 tanquam
656 673 684 699 in
707 677 779 700 terra
801 673 995 705 defodcrimus,

215 722 268 743 uua
279 724 340 744 cum
357 725 440 752 pravo
455 719 503 746 illo
515 719 663 754 desideque
678 728 758 747 servo
774 720 807 747 de
824 729 878 755 quo
893 721 1031 756 proditum

213 776 247 781 ——
262 763 434 791 metuendum
454 764 520 791 mihi
538 766 639 800 potius,
655 773 735 800 quam
753 766 887 794 silendum
903 767 1034 795 arbitror.

248 809 296 837 Est
323 810 394 837 enim
420 811 555 846 sapientia:
572 812 738 846 principium,
752 812 858 840 Damim’
879 814 995 841 timor":

212 856 442 890 quemadmodum
454 863 528 885 vates
542 858 586 885 ille
599 866 690 885 rerum
705 858 859 886 divinarum
877 860 996 894 prudens

214 902 329 930 lJavides
354 903 484 938 loquitur.
503 902 667 930 Praeclarum
691 912 770 935 sane.
790 909 866 932 certo
892 905 996 940 judicio

213 947 439 983 considerateque
454 949 545 980 silere,
556 957 588 976 ac
603 950 707 977 mundo
718 951 827 985 quidem
841 952 919 985 quasi
937 959 996 979 mu-

213 999 269 1020 tum
282 1002 313 1021 ac
327 995 487 1022 cruciﬁxum
496 1014 504 1027 ,
520 995 546 1022 in
560 996 752 1030 praedicatione
762 1004 826 1024 vero
840 997 995 1024 divinorum

213 1047 325 1074 operum
345 1041 379 1068 ad
401 1048 496 1068 omnes
519 1042 652 1070 illustrem
678 1050 710 1070 ac
730 1048 860 1078 perpetuo
875 1044 995 1071 vocalem

213 1093 283 1113 esse.
298 1084 431 1112 Nimirum
447 1089 474 1112 et
485 1092 591 1112 summa
607 1093 670 1113 cum
688 1087 827 1121 voluptate
844 1087 912 1113 muti
927 1086 996 1113 divi-

213 1132 256 1159 nis
276 1133 303 1158 in
331 1131 413 1158 rebus
433 1132 555 1164 erimus,
575 1136 602 1160 et
619 1132 800 1161 nihilominus
821 1141 868 1160 eas
893 1134 995 1167 absque

212 1177 322 1205 silentio
340 1178 529 1210 tractabimus,
543 1184 688 1206 exorantes
704 1179 826 1206 divinum
845 1178 950 1206 Numen
967 1179 995 1206 in

212 1225 247 1252 iis
262 1231 329 1251 sane
343 1231 402 1259 qua:
417 1224 507 1252 animo
517 1225 665 1259 perniciem
681 1225 807 1257 aberunt,
824 1225 867 1252 his
883 1225 993 1252 verbis:

211 1270 356 1302 Adltibeto,
381 1269 500 1303 Domine,
524 1271 671 1298 custodiant
693 1272 733 1298 ori
752 1279 825 1303 mea,
846 1276 870 1298 et
896 1272 995 1298 circum

213 1316 284 1342 labia
302 1324 360 1342 mea
381 1316 512 1351 quoddam
533 1318 640 1348 ostium.
662 1325 712 1352 quo
734 1323 921 1344 coerceantur:
935 1326 995 1344 nere

212 1369 258 1388 cur
272 1370 355 1389 meum
376 1361 410 1388 ad
427 1370 559 1390 sermones
575 1371 669 1398 pravos
692 1363 829 1398 deﬂectere
847 1365 959 1399 patiaris
970 1365 994 1390 ⁸.

212 1407 243 1434 In
257 1407 311 1435 illis
326 1416 401 1440 vero,
417 1408 508 1435 divina
531 1417 592 1444 quae
614 1413 689 1441 sunt,
712 1415 738 1437 et
755 1410 782 1436 in
805 1410 907 1444 quibus
929 1410 995 1437 vivit

211 1454 343 1481 animus:
362 1453 468 1487 Aperito
491 1454 562 1480 labia
584 1463 659 1486 mea,
685 1455 811 1487 Domine,
835 1463 866 1482 ac
889 1454 994 1481 laudem

211 1504 284 1526 tuam
300 1507 328 1526 οι
340 1507 423 1526 meum
434 1499 602 1526 atmuuliabit
618 1501 639 1526 '.
653 1499 834 1532 Quamobrem
851 1500 948 1527 merito
960 1499 994 1526 ad

211 1545 438 1580 interrogationes
454 1549 559 1572 vestras
570 1546 668 1572 iterum
683 1546 820 1580 accingar,
836 1546 876 1573 sic
891 1550 992 1577 tamen.

211 1593 280 1615 utet
296 1588 382 1616 Deum
400 1589 533 1616 orationis
550 1593 651 1616 nostrae
664 1589 760 1617 ducem
776 1590 952 1622 constituam,
965 1595 994 1618 et

210 1634 310 1662 vestris
340 1634 374 1661 ad
398 1630 471 1661 hunc
498 1635 745 1670 supplicationibus
775 1636 888 1663 innitar.
915 1635 994 1663 Libet

210 1681 283 1708 enim
299 1681 361 1708 illos
373 1681 482 1713 imitari,
497 1682 543 1716 qui
563 1682 641 1710 ludos
658 1687 800 1718 equestres
819 1683 993 1718 perlubenter

211 1731 345 1761 spectant.
359 1727 452 1754 Solent
463 1729 488 1754 hi
501 1736 631 1756 cursuum
646 1729 673 1755 in
685 1729 883 1756 certaminibus
897 1729 931 1756 ad
945 1737 992 1757 eos

210 1779 280 1806 quos
290 1771 380 1799 favore
388 1780 438 1800 suo
448 1773 677 1808 complectuntur,
694 1774 801 1801 tametsi
813 1775 845 1801 ad
858 1783 992 1802 summam

212 1817 250 1844 illi
262 1817 426 1846 celeritatem
439 1818 506 1845 nihil
523 1819 619 1853 reliqui
637 1818 748 1851 faciant,
764 1819 885 1847 victoriae
901 1824 992 1848 tamen

211 1863 302 1891 studio
329 1864 363 1892 de
388 1865 463 1892 Sellis
487 1865 671 1900 gradibusque
695 1867 884 1900 superioribus
913 1868 992 1902 quasi

211 1913 268 1936 toto
277 1917 339 1936 cum
355 1910 488 1938 viscerum
501 1915 588 1943 motu,
599 1912 839 1940 acclamationibus
855 1913 890 1940 uti
904 1922 911 1946 ;
927 1921 992 1940 ocu-

210 1955 299 1990 lisque
318 1964 371 1983 una
391 1964 453 1991 cum
474 1964 556 1984 cursu
580 1958 774 1990 circumactis,
795 1958 916 1993 aurigam
941 1959 992 1994 (uti

210 2001 318 2035 quidem
345 2002 514 2029 arbitrantur
541 2002 610 2038 ipsi)
640 2003 769 2037 majorem
797 2004 831 2030 ad
861 2005 991 2039 impetum

209 2046 338 2073 excitant.
363 2046 434 2078 Quin
451 2051 478 2073 ct
495 2054 581 2081 equos
603 2047 782 2074 acclaniando
799 2048 990 2079 cohortantur,

209 2099 312 2126 proque
327 2091 432 2126 ﬂagello
442 2100 553 2119 manum
565 2092 598 2119 ad
615 2100 663 2120 eos
677 2093 853 2128 protendunt,
863 2098 891 2121 et
903 2094 993 2121 indice

209 2137 295 2172 digito
316 2138 455 2172 proximos
477 2138 529 2165 sibi
548 2138 658 2171 feriunt;
677 2146 764 2173 neque
780 2139 867 2166 malas
884 2143 990 2167 tantum

209 2182 320 2215 fricant,
343 2183 389 2210 sed
409 2191 604 2218 nonnunquam
624 2187 651 2211 et
672 2184 780 2211 dentem
803 2189 949 2218 exacuunt,
964 2190 992 2212 ct

209 2228 285 2254 vultu
301 2228 451 2261 minantur,
467 2232 495 2256 et
511 2233 583 2256 totos
599 2236 629 2256 se
645 2229 678 2256 ad
697 2230 778 2257 stadii
795 2237 923 2258 cursores
938 2231 992 2258 eri-

207 2277 285 2308 gunt,
309 2273 456 2309 digitisque
477 2274 668 2309 gesticulando
691 2283 752 2310 qua:
771 2275 861 2303 facere
884 2276 936 2304 sibi
958 2277 991 2303 ad

207 2318 429 2353 consequendum
442 2318 581 2353 praemium
595 2319 750 2352 videantur,
764 2319 991 2354 indicant.Atque
1021 2344 1024 2348 .

209 2362 265 2389 haec
281 2370 335 2389 non
353 2370 385 2390 eo
402 2362 515 2395 faciunt,
535 2363 607 2398 quod
627 2364 660 2390 ad
680 2363 822 2391 victoriam
841 2364 990 2399 quidquam

207 2409 336 2436 momenti
354 2408 477 2442 aiTerant,
489 2409 536 2437 sed
552 2417 629 2437 suam
646 2410 782 2446 ergaillos
790 2411 835 2445 qui
850 2411 992 2439 decertant

207 2455 423 2483 benevolentiam
445 2463 619 2491 amoremque
640 2461 693 2483 tam
715 2464 782 2484 voce
804 2465 886 2492 quam
911 2463 990 2493 gestu

205 2499 374 2534 exprimunt.
398 2499 470 2528 ldem
487 2504 516 2526 ut
532 2504 560 2527 et
578 2501 637 2534 ipse
655 2499 765 2531 faciam,
782 2502 862 2527 amici
880 2508 913 2527 ac
937 2501 990 2528 fra-

207 2550 273 2578 tres,
290 2553 359 2580 quos
381 2545 509 2580 equidem
534 2546 651 2572 maxime
677 2546 810 2580 suspicio,
836 2553 924 2572 nicum
948 2554 991 2573 me

206 2591 327 2618 studium
343 2599 407 2626 erga
427 2599 475 2618 vos
491 2591 574 2626 cogit.
591 2592 657 2618 Nam
674 2591 745 2626 apud
762 2599 810 2618 vos
824 2591 869 2626 qui
883 2592 990 2626 agiliter

205 2638 315 2665 virtutis
338 2638 455 2665 stadium
474 2638 645 2673 percurritis,
664 2642 690 2664 et
714 2638 746 2664 ad
768 2645 893 2672 superna:
910 2646 989 2664 voca-

206 2684 290 2711 tionis
307 2684 446 2718 prmmium
464 2684 570 2712 crebris
591 2689 619 2711 et
635 2683 768 2718 expeditis
791 2683 906 2710 saltibus
924 2692 989 2711 con-

206 2729 330 2760 teuditis,
356 2737 410 2756 non
431 2730 554 2764 quaedam
579 2730 688 2764 proprie
705 2735 763 2755 mea
780 2728 902 2764 lcviaque
926 2737 986 2764 pro-

242 2853 252 2867 '
274 2851 344 2878 Psal.
364 2856 457 2883 xxxix,
478 2853 568 2878 1012.
607 2852 616 2866 ³
634 2851 640 2875 Ι
658 2851 713 2877 Pct.
736 2860 775 2883 Ill,
800 2853 840 2878 Η.

881 2853 891 2868 δ
907 2852 1021 2888 l‘hilipp.

205 2893 250 2916 ex.
265 2886 291 2913 9.
330 2887 338 2899 ¹¹
355 2886 426 2913 Psal.
441 2895 501 2917 cu,
521 2887 546 2918 ὗ,
564 2887 590 2912 ι.
630 2887 639 2898 ⁴’
657 2886 725 2913 ιάιιι.
748 2895 766 2919 l,
787 2887 827 2914 l7.

763 160 791 187 S.
809 159 957 188 CAESARI!
973 159 1139 188 GREGORII
1153 159 1300 188 FRATRIS

1051 228 1109 254 χειν
1125 218 1193 254 πρὸς
1216 218 1362 253 ἀπολογίαν
1382 218 1463 244 παντὶ
1486 217 1525 253 τῷ
1540 216 1685 253 πυθομινῳ
1707 217 1772 253 περὶ
1792 217 1844 253 τῆς

1052 265 1081 291 ἐν
1095 265 1161 299 ἡμῖν
1183 264 1302 296 ἐλπίδος·
1318 263 1366 291 καὶ
1383 264 1488 291 Παύλου
1503 264 1531 290 δὲ
1547 263 1594 290 τοῦ
1609 263 1713 299 ὑψηλοῦ
1725 263 1842 298 διαρρή-

1052 309 1101 344 δην
1115 309 1240 344 βοῶντος,
1256 310 1316 336 κατ’
1338 311 1411 345 ἴχνος
1424 310 1506 337 αὐτοῦ
1526 309 1641 345 βαίνειν,
1654 311 1702 337 καὶ
1722 310 1842 346 Χριστὸν

1056 354 1212 390 μιμεῖσθαι·
1227 355 1258 382 οὐ
1276 355 1330 390 μὴν
1352 355 1420 382 ἀλλὰ
1440 356 1486 381 καὶ
1500 354 1618 390 Χριστοῦ
1633 355 1840 391 θεηγοροῦντος,

1054 401 1158 437 δωρεὰν
1171 402 1315 437 εἰληφότας
1329 403 1430 438 ὁμοίως
1443 402 1582 438 παρέχειν,
1594 402 1642 429 καὶ
1656 403 1738 429 παντὶ
1753 402 1842 429 σθένει

1049 446 1233 478 διπλασιάζειν
1248 447 1283 474 τὰ
1299 447 1365 483 παρ’
1379 446 1461 474 αὑτοῦ
1474 447 1540 483 ἡμῖν
1557 447 1604 473 ἐπὶ
1617 446 1696 473 τοῦτο
1712 446 1840 472 πιστευὸ-

1052 501 1120 527 μενα
1138 492 1198 520 Θεία
1210 493 1338 525 τάλαντα,
1357 493 1394 528 μὴ
1411 493 1502 519 ὲκείνα
1515 493 1549 528 τῇ
1567 492 1658 528 εἰκαίᾳ
1676 493 1742 527 σιγῇ
1757 491 1840 518 οἱονεὶ

1050 538 1080 564 ὲν
1103 539 1192 574 χέρσῳ
1217 538 1442 574 κατορύττοντες,
1470 538 1528 573 ἃμα
1554 537 1592 572 τῷ
1618 538 1646 564 ὲν
1662 537 1839 571 nmmum;

1050 584 1160 620 πονηρῷ
1174 585 1221 612 καὶ
1235 584 1343 620 ὀκνηρῷ
1358 585 1450 620 οἰκέτῃ
1463 585 1502 616 εἰς
1512 583 1542 610 τὸ
1553 584 1647 615 σκότος
1660 583 1838 618 ὲκϐληθῶμεν

1048 630 1079 656 τὸ
1104 630 1251 666 ἐξώτερον·
1266 647 1299 651 -
1316 629 1433 656 ἐνταῦθα
1456 628 1502 657 οὖν
1519 629 1629 665 ἄμεινον
1640 629 1678 664 τῷ
1692 629 1759 661 δέει,
1772 629 1789 663 ἢ
1806 630 1837 665 τῇ

1051 677 1112 710 σιγῇ
1125 675 1212 711 βοηοῷ
1228 676 1390 712 χρήσασθαι.

1047 727 1089 750 est
1105 724 1131 750 in
1145 723 1329 759 Evangeliis‘,
1340 724 1373 752 ad
1386 723 1514 751 tenebras
1525 723 1640 752 extimas
1656 722 1835 757 abjiciamur:

1094 815 1182 849 Ἀρχὴ
1197 815 1253 851 γὰρ
1273 815 1383 849 σοφίας
1396 815 1489 849 φόϐος
1504 814 1624 848 Κυρίου,
1641 814 1709 850 φησὶ
1726 814 1809 841 Δαϐὶδ
1824 815 1837 841 ό

1049 860 1103 887 τῶν
1118 861 1198 887 θείων
1211 860 1337 896 μελῳδὸς.
1353 861 1442 888 Καλὸν
1459 860 1510 896 γὰρ
1525 860 1556 886 τδ
1572 861 1676 895 σιωπᾷν
1689 860 1834 895 διακρίσει,

1050 907 1097 934 καί
1111 907 1233 942 λογισμῷ
1245 907 1390 942 κρείττονι,
1409 906 1455 933 καὶ
1471 906 1552 932 οἱονεὶ
1571 905 1661 939 κωφὸν
1676 906 1725 932 καὶ
1740 906 1836 931 ἐσταυ-

1052 953 1171 988 ρωμένον
1194 953 1327 988 ὑπάρχειν
1337 952 1376 987 τῷ
1401 952 1506 987 κόσμῳ,
1527 951 1629 986 ἐναργῆ
1658 950 1686 976 δὲ
1711 952 1761 977 καὶ
1781 950 1835 978 ἀεί-

1050 999 1166 1034 φθογγον
1178 998 1232 1024 τῶν
1248 998 1326 1024 θείων
1341 998 1472 1033 ὁργάνων.
1488 996 1580 1028 Οὕτως
1594 996 1648 1032 γὰρ
1665 996 1834 1032 συμϐήσεται

1050 1045 1114 1079 ἡμῖν
1129 1045 1145 1079 ἡ
1163 1043 1217 1069 τῶν
1238 1043 1389 1069 θεσπεσίων
1409 1043 1538 1077 ἐράσμιος
1558 1041 1695 1075 κώφευσις
1714 1042 1762 1067 καὶ
1779 1041 1834 1067 ἀσί-

1049 1098 1130 1124 γητος
1145 1089 1247 1124 ὁμιλία,
1263 1089 1326 1115 ὅταν
1341 1087 1543 1124 ὲκλιπαροῦμεν
1559 1088 1590 1113 τὸ
1610 1087 1686 1114 Θείον
1698 1096 1704 1102 ·
1724 1087 1771 1113 ἐπὶ
1788 1087 1834 1122 μὲν

1048 1135 1102 1160 τῶν
1117 1133 1297 1169 ψυχοφθόρων
1317 1133 1447 1168 βοῶντες’
1478 1133 1547 1165 Θοῦ,
1570 1133 1668 1167 Κύριε,
1692 1133 1834 1167 φυλακὴν

1049 1178 1088 1210 τῷ
1111 1179 1236 1213 στόματί
1258 1187 1344 1212 μου,,
1358 1178 1407 1205 καὶ
1429 1179 1524 1212 θύραν
1549 1178 1691 1212 περιοχῆς
1710 1179 1777 1212 περὶ
1799 1180 1834 1204 τὰ

1049 1225 1134 1259 χείλη
1145 1233 1214 1259 μου,
1228 1225 1275 1251 καὶ
1288 1224 1331 1259 μὴ
1342 1225 1488 1258 ἐκκλίνῃς
1504 1223 1562 1258 τὴν
1577 1223 1703 1257 καρδίαν
1712 1232 1773 1258 μου
1793 1223 1834 1255 εις

1048 1271 1159 1304 λόγους
1173 1270 1319 1303 πονηρίας
1329 1277 1336 1285 '
1353 1269 1399 1296 ἐπὶ
1410 1269 1438 1296 δὲ
1453 1269 1509 1296 τῶν
1523 1269 1602 1300 θείων
1618 1269 1666 1296 καὶ
1679 1269 1831 1300 ζωοποιιῖη·

1047 1316 1136 1349 Κύριε
1146 1337 1152 1347 ,
1165 1315 1201 1341 τὰ
1217 1316 1304 1349 χειλη
1316 1323 1377 1348 μου
1392 1314 1534 1347 ἀνοίξεις,
1553 1315 1603 1341 καὶ
1616 1314 1649 1341 τὸ
1664 1315 1763 1348 στόμα
1774 1323 1832 1348 μου

1048 1360 1208 1395 ἀναγγελεῖ
1226 1361 1283 1394 τὴν
1303 1361 1423 1388 αἵνεσίν
1449 1363 1518 1388 σοῖν.
1544 1360 1664 1391 Εἰκότως
1685 1358 1734 1386 οὖν
1757 1357 1832 1390 αὖθις

1048 1407 1215 1441 ἀποδύσομαι
1232 1407 1299 1442 πρὸς
1314 1406 1363 1438 τὰς
1384 1407 1461 1441 ὑμῶν
1478 1406 1606 1438 πεύσεις,
1623 1405 1690 1432 Θεὸν
1712 1405 1832 1440 καθηγε-

1049 1453 1117 1486 μόνα
1128 1452 1174 1478 τοῦ
1185 1452 1263 1486 λόγου
1279 1452 1448 1488 ποιούμενος,
1461 1452 1508 1479 καὶ
1522 1451 1571 1484 τὰς
1584 1452 1660 1487 ὑμῶν
1672 1452 1740 1487 πρὸς
1754 1451 1833 1477 αὐτὸν

1023 1518 1026 1520 .
1049 1497 1165 1529 ἱκετείας
1179 1498 1393 1532 ἐπερειδόμενος.
1403 1499 1437 1524 Ἥ
1449 1498 1486 1529 ὡς
1501 1499 1556 1529 τοῖς
1569 1498 1633 1532 παρ’
1647 1496 1739 1523 αὐτῶν
1753 1505 1833 1522 σπου-

1047 1543 1204 1578 δαζομένοις
1231 1544 1260 1570 ἐν
1277 1546 1336 1576 ταῖς
1364 1544 1492 1579 ἁμίλλαις
1513 1543 1567 1570 τῶν
1591 1543 1714 1579 δρόμων,
1731 1542 1765 1569 ἂν
1787 1543 1832 1568 καὶ

1048 1589 1130 1623 μηδὲν
1146 1589 1298 1624 προθυμίας
1315 1590 1355 1621 εὶς
1379 1589 1410 1616 τὸ
1427 1590 1508 1624 τάχος
1531 1589 1686 1620 smmum,
1706 1589 1781 1623 ὅμως
1798 1589 1830 1622 τῇ

1046 1634 1110 1669 περὶ
1123 1634 1172 1669 τὴν
1188 1634 1266 1669 νίκην
1282 1635 1384 1670 σπουδῇ
1398 1634 1501 1661 ἄνωθεν
1522 1634 1576 1661 τῶν
1596 1633 1771 1669 καθισμᾶτων
1786 1634 1831 1660 καὶ

1047 1680 1154 1716 βάθρων
1171 1681 1315 1708 ἐπιϐοῶσιν
1333 1681 1363 1714 ἐξ
1383 1681 1582 1716 εὐσπλαγχνίας
1605 1680 1705 1715 αὐτῆς·
1723 1679 1771 1706 καὶ
1786 1678 1831 1705 τὸν

1045 1725 1184 1760 ὀφθαλμὸν
1208 1726 1246 1761 τῷ
1262 1726 1354 1762 δρόμῳ
1375 1726 1618 1762 συμπεριάγοντες,
1643 1725 1829 1759 διεγείρουσι-ι,

1045 1771 1084 1802 ὼς
1093 1771 1206 1803 οῖονται,
1219 1772 1258 1803 εἰς
1269 1772 1401 1807 ὀξυτέραν
1410 1772 1498 1807 ὁρμὴν
1514 1771 1559 1797 τὸν
1573 1771 1690 1806 ἡνίοχον,
1701 1770 1831 1803 ὲπικλαγ-

1045 1817 1174 1851 γάζοντες
1197 1817 1254 1852 ἅμα
1276 1818 1330 1848 τοῖς
1352 1817 1461 1848 ἵπποις·
1489 1817 1536 1843 καὶ
1550 1816 1610 1842 ἀντὶ
1635 1815 1767 1850 μάστιγος
1782 1814 1830 1849 τὴν

1045 1863 1124 1898 χεῖρα
1148 1862 1206 1889 κατ’
1233 1862 1320 1889 αὐτῶν
1345 1861 1573 1898 παρατείνοντες,
1598 1861 1645 1888 καὶ
1661 1860 1703 1896 τῷ
1731 1859 1830 1894 λιχανῷ

1044 1907 1167 1944 δακτύλῳ
1182 1909 1237 1939 τοῖς
1258 1907 1396 1943 ἐχομένοις
1413 1908 1555 1939 παίοντες,
1576 1907 1623 1934 καὶ
1641 1907 1693 1940 τὴν
1714 1905 1829 1941 παρειὰν

1045 1953 1266 1989 παρακνώμενοι·
1284 1953 1414 1985 πολλάκις
1433 1954 1461 1980 δὲ
1477 1953 1525 1980 καὶ
1544 1953 1598 1980 τῶν
1613 1952 1725 1979 ὀδόντων
1740 1960 1828 1986 παρα-

1045 2001 1167 2036 Θήγουσι,
1183 2001 1230 2027 καὶ
1245 1999 1398 2032 ἀπειλοῦσι,
1411 1999 1450 2035 τῷ
1470 1999 1605 2034 βλέμματι
1625 1997 1769 2032 αὔτανδροι
1784 1996 1829 2023 ἐπὶ

1044 2046 1107 2077 τοὺς
1121 2045 1378 2081 σταδιοδρομοῦντας
1391 2045 1599 2079 διανιστάμενοι,
1609 2042 1828 2078 χειρονομοῦντες

1043 2091 1134 2122 αὐτοῖς
1148 2090 1183 2117 τὰ
1199 2090 1328 2117 δοκοῦντα
1349 2090 1418 2126 πρὸς
1436 2090 1466 2117 τὸ
1486 2089 1616 2116 ἔπαθλον·
1638 2088 1687 2123 οὐχ
1705 2088 1747 2114 δτι
1767 2095 1827 2113 συν-

1043 2138 1116 2163 τελεῖ
1131 2137 1197 2172 πρὸς
1219 2137 1268 2171 τὴν
1284 2136 1362 2172 νίκην
1383 2135 1417 2163 τὰ
1431 2135 1558 2171 δρώμενα
1570 2154 1577 2166 ,
1602 2133 1660 2161 ἀλλ’
1675 2133 1769 2167 εὐνοίᾳ
1795 2133 1826 2167 τῇ

1018 2199 1020 2201 ›
1044 2182 1113 2217 πρὸς
1127 2182 1190 2213 τοὺς
1205 2181 1431 2217 ἀγωνιζομένους,
1444 2181 1520 2216 φωνῇ
1534 2189 1563 2206 τε
1581 2180 1629 2206 καὶ
1649 2179 1768 2214 σχήματι
1784 2177 1826 2204 τὸν

1044 2228 1112 2263 πρὸς
1128 2228 1247 2260 ἐκείνους
1260 2228 1348 2264 ἔρωτα
1367 2227 1571 2263 διαγράφοντες.
1585 2226 1674 2259 Ὅπερ
1685 2225 1733 2252 καὶ
1749 2223 1826 2254 αὐτὸς

1043 2274 1083 2308 τῷ
1096 2273 1165 2310 πρὸς
1178 2275 1250 2308 ὑμᾶς
1264 2274 1339 2309 πόθῳ
1352 2275 1438 2301 ποιεῖν
1450 2271 1651 2307 ἀναγκάζομαι,
1664 2271 1749 2305 φίλων
1767 2270 1826 2305 ἐμοὶ

1044 2320 1091 2346 καὶ
1115 2320 1236 2354 ἀδελφῶν
1258 2319 1434 2355 τιμιώτατοι,
1450 2318 1597 2349 «suum;
1623 2317 1750 2352 ἐνάρετον
1771 2316 1826 2342 δια-

1043 2365 1133 2391 θέουσι
1149 2365 1264 2397 στάδιον,
1283 2366 1329 2392 καὶ
1345 2365 1412 2400 πρὸς
1432 2364 1463 2390 τὸ
1479 2362 1604 2398 βραϐεῖον
1623 2362 1671 2397 τῆς
1689 2361 1745 2388 ἀνω
1763 2360 1826 2394 κλή-

1044 2418 1112 2442 σεως
1129 2412 1240 2442 πυκνοῖς
1265 2419 1294 2437 τε
1319 2410 1366 2437 καὶ
1393 2410 1504 2443 κούφοις
1529 2407 1742 2442 συντιινομένοις
1771 2406 1824 2435 τοῖς

1041 2455 1161 2491 ἆλμασι·
1178 2456 1229 2483 οὐκ
1245 2456 1333 2484 οἰκεῖά
1350 2464 1410 2482 τινα
1427 2455 1444 2490 ἢ
1461 2454 1619 2489 αὐτοσχέδια
1633 2452 1756 2496 φράζων,
1768 2450 1824 2477 ἀλλ’

1040 2501 1090 2528 ὅσα
1108 2501 1162 2528 τῶν
1179 2501 1306 2536 ἀοιδίμων
1327 2501 1375 2528 καὶ⁹
1400 2501 1541 2536 μακαρίων
1557 2499 1672 2534 Πατρῶν
1694 2498 1758 2529 τοὺς
1773 2496 1825 2522 λεια

1043 2547 1136 2582 μῶνας
1158 2546 1279 2573 ἐπελθὼν
1296 2547 1346 2582 τῆς
1369 2547 1480 2574 ἐκείνων
1504 2545 1633 2582 eramus;
1656 2544 1823 2578 συνήγαγον

1041 2590 1078 2620 ὧν
1097 2592 1132 2620 τὰ
1146 2593 1210 2628 ῥόδα
1222 2592 1260 2628 τῷ
1271 2593 1304 2619 ἐκ
1318 2593 1436 2628 πλευρᾶς
1447 2592 1523 2618 ὕδατι
1535 2591 1582 2617 τοῦ
1594 2589 1660 2616 Θεοῦ
1681 2590 1728 2616 καὶ
1740 2588 1822 2621 Λόγου

1041 2639 1228 2675 σαρκωθέντος
1252 2639 1380 2674 ἄρδεται,
1407 2639 1454 2666 καὶ
1475 2638 1514 2672 τῷ
1532 2637 1579 2670 ξὺν
1607 2635 1712 2663 ἐκεῖθεν
1732 2635 1822 2668 αἵματι

1040 2686 1244 2722 ὲρυθραίνεται’
1256 2685 1280 2711 οἳ
1293 2685 1392 2720 κόσμον
1402 2685 1461 2712 ὅλον
1474 2683 1662 2715 εὺωδιὰζονται
1673 2680 1822 2716 λάμποντες

1042 2732 1090 2758 καὶ
1104 2731 1293 2766 δᾳδουχοῦντες
1313 2731 1383 2767 ὑπὲρ
1403 2731 1466 2762 τοὺς
1482 2729 1628 2764 φωστῆρας
1647 2726 1695 2754 τοῦ
1710 2723 1822 2761 στερεώ-

1038 2861 1078 2886 m,
1097 2855 1137 2881 l7.
1178 2857 1188 2871 ³
1206 2855 1298 2881 Matth.
1320 2863 1343 2885 ι,
1361 2854 1387 2881 8.
1427 2853 1436 2867 ⁵
1454 2853 1546 2880 Matth.
1566 2859 1627 2883 ur,
1642 2851 1686 2878 30.
1724 2850 1733 2866 '
1747 2847 1816 2876 Pnl.
