1920 3046
121 146 186 181 857

126 216 228 243 ματος.
240 206 319 242 λόγον
334 206 407 242 ζωῆς
427 206 584 242 ἑπέχοντες’
607 203 645 236 ὧν
663 209 791 236 οὐδέποτε
812 211 828 246 ἠ
853 210 919 246 Θρυ-

124 254 207 286 am;
229 254 333 288 πίπτει,
359 254 420 280 οὐδὲ
437 255 451 280 ὸ
472 253 567 289 λύχνος
584 255 767 291 συντρίϐεται,
787 257 817 283 οὑ
838 257 925 284 δαπα-

127 300 210 326 νᾶται
235 298 264 326 τὸ
282 298 381 330 ἔλαιον,
399 300 416 334 ἡ
438 298 535 334 λυχνία
562 300 592 326 οὐ
609 301 721 333 σείεται,
741 302 756 327 ὁ
774 303 876 338 πυρσὸς
892 303 923 329 οὐ

126 345 313 381 μαραίνεται·
337 345 435 381 ρἀδον
457 346 485 372 δὲ
508 346 626 382 σταυρὸν
649 347 845 383 περιφέρουσι,
876 348 924 375 καὶ

125 391 225 427 πήραν
234 391 270 418 τὰ
284 391 449 425 Εὑαγγέλια,
468 392 515 418 καὶ
530 393 579 428 τὴν
594 392 705 427 ἀγάπην
716 392 878 429 καλαύροπά
894 402 924 420 τε

103 430 106 431 ν
125 437 178 464 καὶ
194 437 321 473 σύριγγα,
338 438 367 464 ὲν
381 438 472 469 αὺτοῖς
484 437 515 464 τὸ
529 437 635 472 λογικὸν
652 439 776 475 ποίμνιον
788 439 834 466 τοῦ
853 440 922 476 Χρι-

127 483 197 510 στοῦ
223 483 361 519 νέμοντες.
386 483 509 511 Πύθεσθε
532 482 590 517 οὖν,
612 484 782 520 ἀξιάγαστοι,
801 487 864 522 περὶ
887 483 925 514 ὧν

125 530 228 565 ῆκατε,
250 529 284 557 τὰ
306 529 366 556 θεῖα
384 531 498 557 ἐκείνων
515 531 660 566 σπέρματα
685 531 761 567 παρὰ
782 532 831 568 τῆς
855 532 925 568 ὲμῆς

125 576 274 608 ἀσθενείας
288 576 443 612 ἀμώμενοι.

832 150 1006 181 DlALOGUS
1018 153 1042 181 Ι.

1715 151 1767 180 858

974 211 1070 246 feram,
1084 213 1132 241 sed
1144 221 1314 249 quaicunque
1327 213 1464 240 clarorum
1475 212 1587 241 Patrum
1598 215 1676 248 prata
1686 219 1768 248 pera-

973 268 1065 295 grans,
1083 260 1117 288 de
1128 260 1235 288 illorum
1250 265 1341 289 resuto
1353 260 1449 294 collegi
1463 270 1470 287 :
1485 267 1600 294 quorum
1614 267 1684 287 rosae
1694 267 1766 294 aqua

973 306 1056 334 latere
1068 306 1114 333 Dei
1128 313 1160 334 ac
1173 306 1264 339 Verbi,
1281 307 1326 341 qui
1342 313 1451 333 carnem
1467 306 1626 340 assumpsit,
1639 310 1766 333 manante

971 351 1096 386 rigantur
1119 354 1146 378 et
1172 351 1206 379 ab
1225 351 1284 386 jugi
1311 351 1454 386 sanguinis
1476 350 1596 379 indidem
1615 350 1670 378 orti
1696 351 1765 381 rivo.

974 397 1057 424 rubro
1078 396 1169 427 colore
1190 396 1343 431 tinguntur,
1367 401 1510 431 totumque
1530 396 1662 423 mundum
1687 396 1767 424 suavi

973 442 1066 470 odoris
1082 442 1230 478 fragrantia
1246 443 1369 477 replent:
1384 443 1430 477 qui
1445 446 1474 477 et
1487 442 1633 477 splendore
1649 449 1701 470 suo
1718 442 1767 470 tir-

973 487 1103 514 mamenti
1117 487 1263 514 luminaria
1279 487 1402 519 vincunt,
1418 491 1444 515 et
1455 487 1516 514 vitae
1530 495 1683 515 sermonem
1700 495 1767 515 con-

974 531 1079 564 tinent,
1101 539 1217 567 quoruni
1240 531 1407 567 ellyehnium
1430 540 1571 567 nunquam
1599 532 1719 566 decidit,
1739 535 1767 560 et

976 579 1087 605 lucerna
1103 586 1158 605 non
1172 578 1378 611 comminuitur,
1393 583 1420 606 et
1433 579 1522 606 oleum
1534 587 1587 606 non
1602 574 1770 611 absumitur,

126 627 155 650 et
173 623 277 658 lampas
299 630 354 650 non
377 627 542 657 quassatur,
574 627 603 650 et
623 624 732 651 llamma
757 632 811 651 non
838 625 1039 660 exstinguitur;
1064 632 1127 651 nam
1160 631 1269 651 crucem
1304 628 1411 659 gestant
1436 633 1485 660 pro
1504 625 1590 660 virga,
1619 624 1767 660 Evangelia

125 677 180 704 pro
197 677 270 704 pera,
297 670 459 698 charitatem
485 678 534 706 pro
561 671 632 706 pedo
658 679 690 699 ac
715 672 822 704 ﬁstula,
839 672 938 707 quibus
953 673 1081 700 omnibus
1096 671 1199 699 Christi
1215 679 1324 708 gregem
1338 671 1454 699 rationis
1464 671 1623 706 participem
1640 675 1764 706 pascunt.

126 716 325 750 Quamobrem,
347 717 399 745 viri
417 718 525 753 optimi,
544 719 584 746 sic
599 727 631 746 ea
647 720 803 755 proponite,
822 720 856 747 de
871 720 971 755 quibus
994 725 1202 756 percunctatum
1219 720 1390 752 accessistis,
1421 725 1450 747 ut
1473 720 1520 755 qui
1544 720 1636 747 divina
1667 719 1765 746 horum

126 764 236 793 semina
251 764 370 792 messuri
383 772 417 791 ex
432 773 491 797 me,
517 765 628 793 homine
648 767 794 802 caeteroqui
812 767 870 799 vili,
887 767 959 795 sitis.

435 824 561 851 ΠΕΥΣΙΣ
580 824 618 851 B'.

172 868 250 896 Ἐπεὶ
267 869 298 905 δὴ
325 870 402 902 τινάς
425 870 538 904 ἀλόγους
563 871 610 897 καὶ
635 871 814 907 βλασφήμους
829 872 921 907 φωνὰς

128 916 198 952 παρ’
214 915 292 942 ἐνίων
307 916 441 951 ἀκούομεν
451 937 459 950 ,
478 917 541 952 περὶ
558 916 605 943 τοῦ
618 917 777 952 μονογενοῦς
794 918 859 944 Υίοῦ
874 918 921 945 τοῦ

128 960 200 987 Θεοῦ
229 962 275 988 καὶ
302 962 349 988 τοῦ
366 963 525 998 Πνεῦματος
539 983 545 994 ,
573 962 722 997 λεγόντων,
742 965 851 991 κτιττὸν
871 965 922 1000 μὲν

127 1005 201 1035 εἶναι
218 1008 264 1034 τὸν
280 1008 343 1035 Υἱὺν
360 1009 406 1035 καὶ
415 1009 454 1044 τῷ
468 1010 555 1046 Πατρὶ
570 1010 695 1045 ἀνόμοιον
708 1018 714 1025 ”
726 1011 756 1037 τὸ
770 1011 798 1037 δὲ
810 1011 922 1047 Πνεῦμα

128 1053 160 1078 ὲν
177 1053 315 1088 ὑπηρέτου
332 1055 378 1080 καὶ
394 1055 543 1082 ἀποστόλου
560 1055 635 1089 τάξει
652 1055 796 1090 τετάχθαι,
818 1057 864 1083 καὶ
881 1057 921 1083 ὅτι

128 1097 306 1133 ἁλογωτέρας
321 1099 367 1125 καὶ
384 1100 577 1135 ταπεινοτέρας
596 1100 644 1131 τὰς
662 1101 724 1136 περὶ
738 1101 827 1127 αὐτῶν
844 1102 922 1135 δόξας

127 1144 385 1180 διαλαιμὸανύνίιων⁷
403 1145 533 1181 ἀξιοῦμέν
554 1155 600 1173 σου
616 1147 665 1182 τὴν
682 1147 838 1182 φιλότεκνον
853 1148 922 1182 ἀγά-

129 1199 187 1225 πην
202 1190 234 1217 δι’
251 1191 381 1227 ὲπιτόμου
398 1191 512 1227 ῥηθῆναι
530 1193 596 1228 ἡμῖν
613 1193 649 1225 ὡς
666 1192 722 1228 ἔχει
738 1193 773 1220 τὰ
788 1195 853 1230 περὶ
873 1195 922 1230 τῆς

129 1235 208 1268 θείας
221 1237 267 1264 καὶ
280 1238 469 1274 προτκυνητῆς
485 1238 610 1274 Τριάὸος.

434 1329 615 1364 Ἀπόκρισις.

169 1372 258 1400 Πᾶσα
272 1373 358 1407 δόσις
382 1374 495 1409 ἀγαθὴ,
511 1375 561 1402 καὶ
585 1376 647 1403 πᾶν
670 1376 790 1412 δάιοημα
808 1376 924 1404 τέλειον

130 1419 249 1446 ἄνωθέν
268 1421 350 1453 ἐστι,
372 1422 552 1449 καταϐαῖνον
576 1423 634 1450 ἀπὸ
658 1424 711 1450 τοῦ
731 1424 846 1458 Πατρὸς
864 1424 924 1451 τῶν

131 1464 255 1499 φώτων.
281 1466 363 1500 φησὶν
384 1467 398 1492 ὁ
422 1466 492 1498 θεῖος
513 1467 650 1500 Ἰάκωϐος.
671 1469 742 1496 Ἀλλ’
758 1471 830 1505 ἐρεῖς
853 1470 926 1497 εἰκό-

130 1520 207 1543 τως,
233 1511 320 1538 Ποίων
343 1512 395 1547 ἄρα
420 1512 533 1547 φὼτων;
551 1514 660 1548 Κυρίως
682 1515 731 1550 μὲν
747 1515 795 1542 καὶ
810 1516 926 1551 πρώτως

131 1557 260 1592 ἀληθινὸν
284 1557 341 1591 φῶς
366 1560 380 1584 ὁ
395 1558 491 1594 Πατὴρ
507 1579 514 1590 ,
541 1559 631 1591 καθώς
655 1570 737 1596 φησιν
771 1562 896 1598 Ἰωάννης
912 1564 926 1589 ό

132 1602 274 1636 Θεολόγος·
289 1603 343 1629 Καὶ
356 1603 433 1632 αὓτη
448 1604 534 1631 ἐστὶν
554 1606 573 1639 ἢ
593 1605 756 1640 ἐπαγγελία
776 1606 815 1640 ἣν
834 1607 926 1640 ἠκού-

132 1656 233 1682 σαμεν
244 1648 295 1675 ἀπ’
308 1649 412 1680 αὑτοῦ,
437 1649 558 1685 δηλονότι
573 1650 619 1676 τοῦ
630 1650 708 1682 Υἱοῦ,
720 1651 769 1678 καὶ
781 1652 925 1687 ἀναγγέλ-

131 1696 230 1729 λομεν
242 1695 328 1730 ὑμῖν,
348 1695 392 1722 ὅτι
411 1697 427 1722 ό
449 1696 521 1728 Θεὸς
536 1696 599 1730 φῶς
625 1697 729 1729 ἐστιν,
746 1698 795 1724 καὶ
816 1699 924 1726 σκοτία

132 1741 192 1766 οὐκ
212 1741 297 1767 ἔστιν
313 1741 347 1767 ἐν
367 1740 447 1773 αὐτῷ
467 1741 599 1776 οὐδεμία.
618 1742 677 1774 Φῶς
696 1742 724 1768 δὲ
745 1743 791 1769 καὶ
814 1744 827 1769 ὁ
847 1743 925 1776 Υίὺς,

133 1785 228 1818 καοὼς
243 1788 256 1812 ὁ
270 1787 349 1818 αὑτός
362 1795 444 1822 φησιν
454 1795 461 1802 ·
477 1785 532 1814 Ἦν
546 1787 601 1822 γὰρ
616 1787 648 1814 τὸ
662 1787 725 1822 φῶς
738 1789 769 1815 τὸ
781 1788 927 1823 ἀληθινὸν

134 1832 152 1859 ὃ
173 1832 287 1866 φωτίζει
314 1832 413 1859 πάντα
438 1832 595 1866 ἄνθρωπον
617 1833 781 1868 ἐρχόμενον
807 1836 851 1868 εἰς
873 1835 927 1862 τὸν

133 1879 264 1912 κόσμον.
278 1879 349 1905 Αὐτὸ
375 1878 403 1905 δὲ
427 1878 457 1904 τὸ
471 1879 552 1905 sum
572 1879 618 1905 καὶ
633 1879 780 1916 ἀνύκτερον
804 1880 876 1914 φῶς,
896 1881 927 1907 τὸ

135 1925 229 1959 πάτης
244 1925 340 1960 νοερᾶς
353 1933 383 1951 τε
398 1925 446 1951 καὶ
465 1925 576 1960 λογικῆς
595 1925 701 1960 φύσεως
719 1927 882 1960 cpio-rintbe
898 1927 927 1953 ἐν

135 1970 315 2004 Εὑαγγελίοις
329 1971 426 2006 φησιν·
448 1970 519 2006 Ἐγὼ
529 1972 587 2006 εἰμι
601 1971 634 1997 τὸ
649 1971 712 2006 φῶς
727 1972 781 1999 τοῦ
798 1973 926 2007 κόσμου.

134 2017 197 2048 Φῶς
212 2017 234 2042 δ’
246 2016 378 2052 ὑπάρχειν
395 2017 442 2044 καὶ
455 2017 484 2043 τὸ
496 2017 567 2043 Θεῖον
582 2017 694 2052 Πνεῦμά
709 2027 791 2054 φημι,
809 2019 928 2054 συνᾴδων

135 2062 177 2098 τῷ
196 2062 331 2098 θεσπεσίῳ
357 2063 457 2089 Δαϐίδ·
488 2063 535 2088 Ἐν
559 2063 598 2096 τῷ
618 2064 692 2098 φωτί
713 2072 770 2091 σου
794 2065 928 2100 ὀψόμεθα

135 2109 211 2144 φῶς.
240 2109 284 2135 Ἑν
299 2109 353 2144 γάρ
366 2109 405 2144 τῷ
420 2109 480 2144 Θεῷ
495 2110 541 2136 καὶ
556 2111 643 2146 Harp!
673 2110 782 2146 ὁρῶμεν
802 2111 847 2138 τὸν
865 2111 929 2138 Υἱὺν

136 2157 184 2184 καὶ
203 2156 285 2182 Θεὸν·
305 2156 334 2182 ὲν
355 2155 382 2182 δὲ
401 2155 441 2191 τῷ
470 2155 524 2191 Υἱῷ
537 2176 543 2188 ,
561 2157 606 2183 τὸν
626 2157 750 2193 Πατέρα·
773 2159 803 2184 ἐν
826 2158 928 2193 ἀμφοῖν

136 2203 166 2229 δὲ
177 2222 184 2233 ,
202 2202 233 2228 τὸ
247 2201 359 2237 Πνεῦμα
371 2222 377 2232 ,
393 2201 484 2233 καθώς
500 2210 582 2237 φησιν
596 2203 610 2229 ὁ
626 2202 689 2234 Υἱὸς
702 2223 710 2234 ,
730 2203 762 2229 '0
778 2203 879 2237 Πατὴρ
892 2204 927 2230 ἐν

136 2247 218 2283 ἐμοὶ,
231 2247 312 2282 κάγὼ
322 2248 357 2274 ἐν
373 2247 413 2280 τῷ
426 2249 519 2282 Harp!
530 2256 536 2262 '
560 2248 608 2275 καὶ
621 2269 627 2280 ,
655 2249 681 2275 ’0
705 2249 840 2283 ἑωρακὼς
863 2250 926 2284 ἐμὲ,

137 2295 249 2329 ἑώρακε
262 2295 316 2321 τὸν
334 2295 459 2328 Πατέρα.
481 2294 548 2330 Περὶ
569 2295 597 2321 δὲ
612 2295 659 2321 τοῦ
676 2295 834 2330 Πνεύματός
849 2304 926 2330 φησι,

141 2342 177 2369 Τὸ
192 2340 313 2376 Πνεῦμα
332 2341 387 2375 τῆς
407 2341 567 2374 ἀληθείας,
587 2340 620 2367 τὸ
645 2341 678 2367 ἐκ
702 2341 817 2375 Πατρός
836 2341 928 2367 ἐκπο-

101 2391 104 2394 ⁴
134 2389 311 2423 ρευόμενον.
334 2387 378 2413 Ἐν
393 2387 463 2421 φωτὶ
472 2385 519 2413 οὖν
535 2386 572 2422 τῷ
590 2387 677 2423 Πατρὶ
689 2407 696 2418 ,
712 2387 770 2421 φῶς
784 2387 830 2412 τὸν
843 2386 927 2413 αὑτοῦ

137 2433 225 2460 Παῖδα
239 2433 286 2460 καὶ
302 2433 388 2468 Λόγον
401 2433 509 2469 ὁρῶμεν
519 2441 526 2448 ·
540 2433 586 2459 καὶ
599 2433 627 2459 ἐν
645 2433 714 2468 φωτὶ
727 2433 766 2468 τῷ
780 2433 837 2468 Υἱῷ
847 2452 854 2463 ,
870 2432 928 2467 φῶς

137 2479 169 2505 τδ
192 2477 304 2514 Πνεῦμα
326 2478 444 2513 ὁρῶμεν.
467 2478 586 2510 Εἰκότως
610 2476 657 2505 οὖν
673 2478 785 2505 νοείσθω
798 2499 805 2511 ,
820 2478 882 2514 τρία
899 2479 928 2504 ἐν

139 2524 266 2559 ἀλλήλοις
286 2524 363 2558 φῶτα
374 2545 381 2557 ,
397 2523 602 2555 ἁσυναλειπτως
618 2524 664 2550 καὶ
680 2524 840 2559 ἀχωρίστως
859 2525 930 2559 ἡνω-

141 2572 219 2607 μένα.
243 2570 313 2597 Ἀλλ’
338 2571 352 2597 ὁ
369 2571 418 2605 μὲν
441 2570 486 2597 ἐπὶ
505 2570 614 2596 πάντων
631 2569 696 2601 θεὸς
708 2590 715 2602 ,
735 2570 781 2596 καὶ
807 2570 901 2605 Πατὴρ
914 2571 929 2597 ὁ

139 2617 338 2651 παντοκράτωρ
354 2616 384 2642 οὐ
401 2615 530 2650 γεννητὸς
541 2636 548 2647 ,
574 2615 624 2641 οὐκ
651 2615 770 2646 αἰτιατὺς
789 2615 907 2649 ὑπάρχει
920 2623 927 2629 ·

139 2663 280 2698 γεννήτωρ
297 2662 325 2688 δὲ
353 2662 399 2688 καὶ
413 2662 498 2693 αἴτιος
516 2661 563 2687 τοῦ
588 2661 653 2688 Υἰοῦ
671 2661 767 2692 αὐτοῦ,
789 2661 826 2692 ὼς
854 2660 928 2696 πηγὴ

140 2708 282 2743 ποταμοῦ,
310 2708 348 2740 ὡς
371 2709 479 2740 ἀκτῖνος
499 2708 575 2743 ἥλιος
590 2728 596 2739 ,
621 2708 659 2740 ὡς
681 2707 780 2743 φλογὸς
797 2708 828 2734 τὸ
853 2707 927 2743 πῦρ·

139 2753 216 2780 αἰτία
229 2753 293 2788 μὲν,
311 2753 343 2780 οὐ
362 2754 563 2789 προγενεστέρα
581 2754 619 2780 δέ.
645 2754 762 2789 Ὁμοίως
784 2753 831 2780 καὶ
842 2753 876 2780 τά
899 2752 930 2786 ἐξ

139 2799 233 2826 αὐτῶν
245 2799 320 2826 αἴτια
336 2799 397 2835 μὶν,
416 2799 446 2826 οὐ
469 2800 687 2835 μεταγενέστερα
705 2799 751 2826 δέ·
781 2798 868 2831 οὕτως
881 2799 929 2826 καὶ

1217 821 1476 850 lNTERROGATlO
1496 822 1528 850 ll.

1010 868 1124 902 Quando
1140 869 1223 904 igitur
1242 877 1277 896 ex
1298 870 1438 897 nonnullis
1459 877 1542 896 voces
1559 869 1691 904 quasdam
1716 869 1765 896 ab-

975 914 1119 942 horrentes
1145 922 1159 940 a
1179 915 1284 942 ratione
1306 918 1333 942 et
1354 915 1537 943 exsecrandas
1559 914 1696 947 audimus,
1718 923 1766 950 qm

975 963 1001 985 et
1012 958 1045 985 de
1057 958 1172 993 unigena
1184 958 1231 985 Dei
1242 957 1311 986 Filio
1322 958 1389 986 etde
1404 958 1507 994 Spiritu
1520 963 1616 987 sancto
1627 963 1766 992 asserunt,

976 1003 1051 1030 illiilli
1069 1004 1177 1038 quidem
1199 1008 1332 1038 creatum,
1349 1004 1477 1040 Patrique
1495 1005 1670 1033 dissimilem:
1693 1006 1766 1033 hunc

975 1058 1039 1076 vero
1063 1049 1182 1076 ministri
1208 1050 1268 1077 loco
1294 1058 1326 1077 ac
1350 1051 1508 1079 conditione
1524 1059 1601 1083 esse,
1619 1051 1766 1079 nonnullas

975 1095 1057 1124 etiam
1084 1096 1126 1123 his
1149 1096 1326 1124 absurdiores
1351 1097 1568 1132 alnjeclioresque
1589 1098 1623 1125 de
1649 1102 1766 1134 utroque

976 1142 1123 1168 commenti
1145 1141 1308 1177 opiniones:
1326 1150 1372 1177 per
1387 1151 1446 1170 eain
1464 1148 1490 1171 te
1505 1144 1666 1172 charitatem
1691 1145 1767 1172 obse-

975 1195 1095 1220 cramus,
1114 1195 1167 1222 qua
1190 1195 1240 1215 nos
1261 1192 1290 1215 ut
1314 1189 1416 1216 liberos
1440 1194 1500 1217 tuos
1517 1190 1718 1225 complecteris,
1736 1194 1767 1217 ut

975 1234 1040 1269 quid
1066 1235 1099 1261 de
1123 1234 1215 1265 divina
1232 1239 1259 1262 et
1280 1235 1418 1262 adoranda
1435 1235 1567 1264 Trinitate
1588 1237 1625 1264 sit
1644 1241 1770 1272 statuens

976 1279 1053 1313 dum,
1070 1280 1189 1308 breviter
1205 1280 1286 1308 nobis
1302 1288 1434 1315 exponas.

1296 1327 1450 1362 Responsio.

1013 1372 1096 1400 Omne
1120 1373 1215 1400 bonum
1234 1373 1343 1406 donum,
1359 1381 1454 1400 munus
1477 1381 1551 1400 omne
1571 1373 1713 1408 perfectum
1734 1373 1766 1400 de

977 1419 1096 1452 supernis
1112 1420 1207 1451 oritur,
1219 1424 1244 1445 et
1259 1428 1275 1446 ιι
1288 1419 1415 1446 luminum
1426 1418 1508 1445 Patre
1515 1419 1658 1451 descendit,
1670 1428 1767 1454 quent-

978 1464 1122 1492 admodum
1149 1465 1258 1493 divinus
1282 1465 1324 1492 vir
1344 1464 1464 1492 Jacobus
1493 1466 1582 1501 inquit
1598 1465 1630 1492 ιο.
1646 1466 1679 1493 At
1698 1474 1772 1501 quav

978 1509 1130 1541 liumnam,
1161 1518 1214 1537 non
1244 1509 1380 1538 immerito
1407 1510 1584 1546 quaesiveris,
1616 1511 1768 1538 luminum?

976 1554 1111 1582 Nimirum
1128 1560 1154 1583 et
1168 1557 1317 1591 proprium,
1335 1561 1362 1584 ct
1374 1557 1511 1592 princeps.
1525 1562 1551 1584 et
1565 1565 1657 1585 verum
1675 1559 1765 1585 lumen

976 1605 1017 1628 est
1036 1601 1093 1636 ipse
1108 1601 1197 1633 Pater,
1210 1602 1281 1629 sicut
1292 1601 1411 1629 Joannes
1426 1603 1471 1629 ille
1482 1608 1663 1637 cognomento
1679 1603 1768 1630 Theo-

977 1648 1054 1682 logus
1066 1647 1108 1675 his
1120 1647 1207 1675 verbis
1221 1648 1347 1683 scripsit:
1368 1648 1433 1674 ΙΙιιέ
1449 1654 1488 1675 est
1512 1649 1560 1675 illa
1578 1650 1765 1681 anmmtiatio.

976 1696 1057 1728 quam
1066 1699 1166 1720 nosmet
1179 1702 1210 1721 ea:
1222 1695 1290 1729 ipso,
1306 1694 1373 1720 Filio
1386 1694 1501 1726 scilicet,
1511 1695 1669 1728 audivimus,
1682 1695 1767 1722 Deum

976 1748 1030 1767 esse
1045 1739 1142 1771 lumen,
1155 1740 1328 1774 etcaliginem
1341 1740 1366 1765 in
1376 1739 1541 1773 ipsonullam
1557 1740 1648 1767 esse“.
1665 1739 1768 1767 Deinde

979 1785 1062 1813 Filius
1083 1794 1192 1821 quoque
1214 1786 1305 1813 lumen
1317 1790 1369 1816 est,
1387 1786 1458 1813 sicut
1473 1787 1543 1813 idem
1565 1786 1684 1814 Joannes
1706 1787 1765 1813 ait:

979 1831 1044 1858 Erat
1059 1831 1080 1858 is
1099 1831 1186 1858 lumen
1202 1840 1302 1863 verum,
1321 1831 1390 1866 quod
1407 1833 1548 1859 venientem
1563 1833 1590 1859 in
1605 1833 1673 1859 hunc
1689 1841 1767 1860 mun—

977 1876 1040 1903 dum
1051 1886 1153 1903 onmem
1165 1877 1295 1904 hominem
1307 1877 1441 1904 illuminat
1450 1877 1481 1904 ".
1492 1877 1562 1910 Quin
1576 1883 1603 1905 et
1614 1878 1702 1912 ipsum
1716 1878 1768 1905 hoc

979 1923 1012 1949 ab
1023 1923 1096 1949 omni
1109 1931 1202 1950 crassa
1217 1923 1330 1950 malerie
1338 1923 1506 1958 caligineque
1517 1927 1650 1950 secretum
1664 1924 1766 1955 lumen,

978 1969 1049 2002 quod
1078 1976 1185 1995 omnem
1214 1975 1339 1995 naturam
1366 1969 1541 2003 intelligentia
1571 1969 1712 2004 prmditam
1735 1977 1769 1996 ac

980 2016 1093 2043 rationis
1105 2016 1262 2050 participem
1275 2017 1423 2048 illuminat,
1447 2016 1474 2042 in
1487 2015 1638 2050 Evangeliis
1664 2016 1765 2050 inquit:

981 2060 1034 2096 Ego
1054 2069 1112 2087 sum
1132 2062 1223 2091 nuuidi
1242 2061 1366 2088 lumen”.
1383 2060 1513 2088 Sanctum
1527 2062 1608 2088 etiam
1636 2062 1768 2096 Spiritum

981 2108 1073 2134 lumen
1097 2115 1174 2138 esse,
1204 2107 1297 2134 divino
1322 2107 1415 2134 Davidi
1442 2108 1595 2135 assentiens
1627 2108 1670 2143 ajo
1694 2116 1700 2134 :
1734 2107 1768 2135 In

979 2153 1086 2185 lumine,
1101 2153 1149 2185 ait,
1172 2160 1216 2180 tuo
1230 2154 1317 2181 lumen
1334 2154 1516 2181 videbimus“.
1541 2154 1608 2180 Nam
1625 2156 1650 2181 in
1671 2154 1723 2181 Deo
1736 2161 1769 2181 ac

979 2199 1058 2226 Patre
1071 2198 1168 2226 Filium
1185 2203 1211 2227 et
1228 2200 1316 2235 ipsum
1327 2201 1422 2232 Deum,
1435 2208 1514 2234 atque
1529 2202 1555 2228 in
1567 2201 1634 2228 Filio
1647 2201 1767 2234 Patrem,

979 2246 1109 2281 Spiritum
1138 2251 1229 2273 autem
1257 2246 1284 2273 in
1317 2252 1434 2281 utroque
1462 2247 1610 2279 cernimus.
1637 2246 1768 2282 quemad-

979 2292 1087 2318 modum
1100 2291 1184 2319 Filius
1198 2292 1235 2318 ait
1248 2301 1254 2319 :
1273 2292 1353 2319 Pater
1365 2293 1390 2318 in
1401 2301 1439 2319 me
1451 2298 1499 2324 est,
1510 2298 1533 2319 et
1545 2301 1591 2328 ego
1603 2293 1630 2319 in
1642 2292 1723 2320 Patre
1733 2292 1766 2319 ¹⁸.

979 2338 1031 2370 Qui
1063 2338 1126 2364 vidit
1149 2347 1206 2370 me,
1224 2337 1333 2365 Patrem
1347 2338 1421 2365 vidit.
1449 2339 1486 2366 De
1519 2339 1621 2374 Spiritu
1641 2347 1706 2366 vero
1728 2339 1768 2366 in-

978 2385 1038 2419 quit
1055 2394 1061 2411 :
1076 2384 1191 2419 Spiritus
1219 2385 1348 2417 veritatis,
1371 2386 1416 2419 qui
1441 2385 1473 2412 de
1497 2385 1577 2412 Patre
1602 2386 1766 2420 procedit".

978 2430 1072 2465 Itaque
1103 2431 1128 2457 in
1153 2431 1264 2462 lumine,
1289 2431 1361 2465 quod
1387 2434 1429 2458 est
1447 2430 1535 2464 Pater,
1565 2432 1655 2459 lumen
1681 2431 1767 2463 aliud,

978 2476 1107 2503 nimirum
1123 2477 1207 2510 ipsius
1226 2476 1343 2503 Verbum
1365 2484 1397 2503 ac
1411 2476 1510 2504 Filium
1526 2478 1677 2508 cernimus.
1691 2482 1717 2506 et
1739 2479 1767 2506 in

979 2522 1082 2549 lumine
1097 2522 1170 2557 quod
1190 2527 1231 2549 est
1246 2522 1341 2555 Filius,
1360 2523 1450 2550 lmneu
1475 2523 1606 2558 Spiritum
1632 2524 1766 2551 ridemus.

980 2568 1161 2602 Quamobrem
1198 2570 1304 2597 ratione
1326 2574 1510 2598 consentanea
1540 2571 1591 2597 tria
1618 2571 1644 2598 in
1669 2571 1768 2606 seipsis

980 2615 1082 2642 lumina
1110 2616 1306 2650 intelligantur,
1338 2617 1412 2643 omni
1439 2616 1499 2644 sine
1525 2621 1580 2643 tani
1607 2617 1770 2645 confusione

979 2668 1060 2696 quant
1081 2663 1253 2696 separatione
1268 2662 1354 2689 unita.
1385 2662 1466 2689 Extra
1487 2671 1568 2698 quam
1588 2663 1660 2698 quod
1678 2664 1770 2691 omni-

980 2711 1077 2742 potens
1091 2707 1135 2734 ille
1158 2706 1228 2734 Deus
1246 2714 1277 2734 ac
1293 2706 1382 2739 Pater,
1399 2709 1445 2743 qui
1470 2717 1553 2744 supra
1571 2709 1699 2737 universa
1713 2714 1768 2743 est,

963 2785 965 2787 ι
980 2761 1034 2780 non
1048 2756 1090 2780 est
1103 2753 1220 2788 genitus,
1233 2760 1286 2780 nou
1299 2758 1377 2781 ortus
1389 2755 1422 2781 ab
1436 2755 1499 2786 alio,
1517 2760 1645 2791 tanquam
1660 2763 1744 2784 causa
1758 2765 1766 2784 τ

984 2799 1089 2833 genitor
1107 2802 1196 2826 autem
1212 2803 1239 2826 et
1257 2807 1339 2826 causa
1354 2799 1440 2835 ipsius
1459 2800 1519 2828 Filii
1539 2801 1610 2830 sicut
1634 2801 1695 2830 fons
1720 2801 1769 2829 nu.

178 2865 199 2901 '_'
216 2863 272 2891 Jac.
288 2848 366 2893 1.1-7.
405 2865 425 2881 ¹¹
443 2866 452 2892 Ι
468 2865 545 2893 Joan.
562 2866 621 2900 1,5.
662 2867 683 2882 ”
700 2864 779 2892 Joan.
795 2873 813 2897 ι,
830 2865 856 2892 9.
897 2865 917 2880 ”
932 2864 1008 2892 Joan.
1024 2872 1081 2896 \‘lll.
1101 2864 1142 2891 1‘2.
1184 2864 1204 2880 "
1222 2863 1293 2892 Psal.
1309 2874 1390 2899 uxr,
1410 2866 1440 2892 l0
1492 2866 1512 2882 ”
1527 2865 1603 2895 Joan.
1622 2874 1676 2901 xlv,
1690 2848 1765 2899 9J0.

141 2899 164 2916 “
176 2898 258 2927 Joan.
275 2908 317 2933 xv,
334 2901 379 2927 “lli.
