1920 3046
172 128 225 158 859

690 131 719 160 S.
735 131 886 160 CAESARI!
903 131 1073 162 GREGORII
1090 130 1243 161 FBATRIS

1763 132 1834 163 880

173 189 267 221 minis.
280 189 352 218 sicut
364 190 405 218 sol
429 190 510 223 radii,
529 189 602 219 sicut
625 190 697 226 ignis
716 190 843 219 ﬂamma.
858 190 963 219 ﬂorum

1046 190 1127 223 Υἱός·
1141 189 1172 223 ὲξ
1186 190 1274 217 αἰτίου
1290 188 1337 216 καὶ
1350 189 1512 225 γεννήτορος
1529 184 1577 215 τοῦ
1594 187 1702 224 Πατρὺς
1717 188 1833 221 sua»;

174 242 241 270 ergo
253 235 326 262 sicut
340 239 405 263 sunt
419 235 464 262 illa
476 235 586 271 quidem
604 243 706 268 causae,
725 243 780 263 non
799 240 889 264 tamen
907 236 965 265 haec

1039 237 1163 273 φράσεως
1181 235 1338 271 γεννηθεὶς,
1358 235 1388 262 οὐ
1408 234 1636 276 μεταγενέστερος
1660 234 1691 268 δὲ
1708 235 1830 271 χρόνῳ,

175 284 238 308 ortu
253 281 410 316 precedunt
424 290 430 308 :
446 281 486 310 sic
501 280 588 309 Filius
605 284 649 309 est
670 281 780 316 quidem
801 281 826 309 is
841 289 856 309 a
873 281 965 316 Patre,

176 330 307 362 tanquam
327 334 342 354 a
362 334 446 355 causa
463 331 491 355 et
508 327 644 363 genitore,
665 327 700 354 ab
722 331 826 354 interno
843 326 968 354 ineffabi-

177 372 240 400 liter
255 373 385 408 genitus:
406 381 462 401 non
482 377 574 401 tamen
603 377 726 409 tempore
746 374 893 409 posterior,
912 382 968 402 non

178 417 293 446 inferior
308 422 454 453 potestate,
474 426 529 445 non
553 418 696 453 inaequalis
715 419 867 453 majestate.
883 418 970 446 Nimi-

1017 283 1069 310 οὐκ
1084 283 1206 310 ἑλάσσων
1220 282 1344 318 δυνάμει,
1363 282 1414 309 οὐκ
1430 282 1554 319 ἀνόμοιος
1570 281 1634 319 δόξῃ
1645 290 1653 297 ·
1665 281 1710 308 ἀεὶ
1726 282 1764 309 ὲν
1781 281 1832 317 τῷ

1019 329 1126 366 Πατρὶ,
1150 329 1197 356 καὶ
1217 329 1251 355 ἑκ
1271 328 1319 355 τοῦ
1337 328 1459 364 Πατρὺς,
1475 328 1524 355 καὶ
1538 328 1588 355 σὺν
1604 327 1644 364 τῷ
1660 328 1756 364 Πατρὶ
1771 327 1831 359 ὢν,

1021 374 1229 407 ἀσυναλείπτως
1240 394 1249 408 ,
1267 374 1443 411 ἁχωρίστως,
1457 374 1653 410 ἀμεταϐλήτως
1673 373 1771 407 ξυνὼν
1784 373 1833 409 τῷ

1023 422 1176 458 γεννήτορι.

178 471 239 492 rum
257 473 364 500 semper
379 470 407 494 et
422 466 450 493 in
463 465 555 499 Patre.
569 470 597 493 et
617 474 651 493 ex
667 465 758 499 Patre,
776 470 804 494 et
817 474 880 494 cum
893 466 974 496 Patre
986 469 1105 503 exsistit,
1129 470 1211 508 eique
1220 469 1279 498 sine
1294 469 1468 502 confusione.
1480 469 1540 497 sine
1555 468 1742 507 separatione,
1761 466 1834 495 sine

180 511 372 539 immutatione
387 511 475 540 adest.

416 567 677 597 INTERROGATIO
697 567 740 597 ΙΙΙ.

216 625 250 653 Et
275 626 323 660 qui
344 629 433 662 potest
456 626 480 653 is
504 627 551 662 qui
574 634 606 654 ex
628 625 709 655 Patre
730 626 840 663 genitus
859 632 920 660 est,
945 631 974 656 et

181 672 258 704 exiit,
274 680 337 700 cum
352 671 433 699 Patre
453 677 481 700 et
504 673 530 700 in
555 671 635 701 Patre
652 673 800 703 exsistere?
818 672 885 700 Nam
900 673 973 708 quod

182 717 267 747 semel
281 722 323 745 est
335 719 470 753 genitum,
493 722 575 754 atque
597 718 632 745 ab
648 726 681 746 eo
697 727 753 754 quo
769 719 973 753 continebatur,

181 765 260 797 exiit.
273 773 328 800 quo
340 769 420 800 pacto
437 772 547 792 rursum
560 765 612 792 erit
628 765 656 792 in
674 765 820 801 gignente?

503 810 659 845 Responsio.

220 856 353 884 Nimirum
368 856 455 884 Filius
476 864 508 884 ac
533 855 652 892 Spiritus
670 865 724 884 non
742 856 884 884 hominum
898 864 977 885 more

185 910 233 938 per
254 903 402 930 tluxionem
426 903 620 935 sectionemve,
644 907 692 929 aut
720 903 919 931 dimensionem
942 910 976 930 ex

184 948 265 976 Patre
280 948 448 984 prodierunt,
461 949 509 976 sed
523 953 551 975 ut
565 956 598 977 ex
611 948 684 976 fonte
698 948 820 981 ﬂumina,
836 948 976 984 quasiqui-

184 995 246 1022 dem
263 1003 295 1022 ex
310 1003 343 1022 eo
359 995 424 1022 etin
437 1002 471 1022 eo
485 1000 512 1022 et
532 1002 594 1021 cum
611 1002 644 1022 eo
666 999 749 1023 sunt:
769 1000 796 1023 ut
811 1003 843 1022 ex
863 995 920 1023 sole
932 1002 978 1022 ra-

185 1040 223 1068 dii
238 1041 285 1076 qui
298 1041 324 1070 in
339 1048 382 1072 eo.
395 1044 423 1068 ct
434 1048 497 1068 cum
514 1049 557 1073 eo,
579 1045 606 1069 et
620 1049 652 1070 ex
670 1049 702 1068 eo
718 1045 783 1070 sunt
802 1051 809 1069 τ
824 1045 854 1069 ιιι
868 1041 977 1069 ﬂamma

185 1091 213 1115 et
229 1088 274 1118 lux
296 1087 330 1114 de
353 1087 425 1124 igne,
447 1094 510 1114 cum
539 1087 613 1123 igne,
638 1087 666 1114 in
690 1087 752 1123 igne
763 1088 910 1117 exsistunt.
928 1086 977 1115 His

185 1134 259 1160 enim
279 1133 361 1162 rebus
378 1133 504 1171 equidem
523 1140 591 1161 usus
613 1133 671 1161 haec
694 1132 842 1167 declaravi,
860 1134 978 1163 obscure

187 1187 254 1207 sane
269 1187 325 1208 rem
340 1179 552 1214 explicantibus,
569 1180 617 1208 sed
634 1181 668 1208 ab
682 1180 802 1215 imagine
812 1184 903 1209 tamen
922 1188 979 1208 non

187 1234 304 1261 prorsus
315 1225 540 1254 abhorrentibus.
553 1224 640 1254 Filius
655 1233 721 1261 ergo
734 1226 779 1262 qui
795 1230 838 1253 est
849 1226 877 1254 in
887 1225 979 1259 Patre,

187 1272 222 1300 de
237 1271 333 1300 eodem
352 1271 464 1307 prodiit,
476 1275 577 1299 etcum
593 1270 673 1299 Patre
691 1271 811 1304 exsistit,
825 1275 853 1300 et
866 1270 980 1299 inllnitis

188 1318 298 1346 saeculis
316 1318 379 1350 erit,
397 1317 628 1354 quemadmodum
650 1318 708 1354 ipse
730 1318 819 1353 inquit
838 1327 846 1346 :
872 1317 928 1354 Ego
951 1318 981 1344 in

188 1365 271 1393 Patre
283 1372 353 1397 sum,
369 1369 393 1391 et
413 1363 494 1391 Pater
508 1369 548 1392 est
565 1365 594 1392 in
612 1372 653 1392 me
676 1365 707 1392 ".
725 1363 830 1399 Quibus
848 1364 940 1392 verbis
953 1367 981 1392 et

188 1412 313 1441 eamdem
324 1412 470 1448 utriusque
481 1416 607 1439 naturam
622 1412 680 1440 sive
691 1412 852 1444 essentiam,
867 1417 895 1439 et
905 1411 981 1439 nulla

187 1466 220 1486 ex
239 1462 316 1494 parte
329 1458 466 1485 diversam
481 1458 627 1494 utriusque
647 1458 827 1492 divinitatem,
844 1462 871 1486 et
886 1465 980 1493 parem

188 1505 307 1541 denique
315 1509 474 1540 potestatem
482 1512 543 1533 esse
554 1504 699 1541 signiﬁcat.
711 1504 818 1532 Rursus
841 1512 903 1532 cum
920 1504 958 1531 ait
972 1513 979 1532 :

189 1549 245 1585 Ego
260 1551 292 1577 de
307 1549 388 1577 Patre
401 1558 459 1577 sum
469 1558 601 1585 egressus,
611 1555 689 1586 atque
704 1551 730 1577 in
745 1549 872 1577 mundum
884 1550 940 1577 vati
948 1550 980 1577 “:

189 1596 375 1624 diversitatem
392 1596 644 1632 proprietatemque
659 1603 785 1631 persona:
801 1596 980 1623 demonstrat.

189 1641 275 1670 Porro
300 1642 410 1670 divinus
435 1643 682 1677 sanctissimusque
708 1641 828 1678 Spiritus
852 1650 906 1670 non
937 1642 983 1670 ille

190 1688 302 1722 quidem
329 1693 372 1716 est
395 1688 514 1723 genitus,
539 1687 589 1716 sed
605 1687 736 1723 procedit,
761 1692 843 1724 atque
865 1696 898 1716 eo
922 1687 983 1723 ipso

190 1734 267 1770 quod
283 1734 317 1762 de
340 1733 422 1762 Patre
444 1734 580 1770 procedit,
603 1742 619 1762 a
642 1735 722 1762 Patre
743 1738 872 1770 tanquam
898 1743 983 1763 causa

190 1779 292 1808 oritur.
325 1778 442 1807 Davides
471 1779 594 1815 quidem,
624 1784 808 1808 sacrosanctae
839 1780 983 1808 Trinitatis

191 1832 346 1860 enarrator,
374 1826 457 1854 Verbo
480 1827 599 1859 Domini,
618 1826 718 1862 inquit,
745 1826 982 1854 constabilitisunt

192 1874 262 1905 cwli,
273 1879 298 1901 et
311 1873 413 1908 Spiritu
427 1876 481 1900 oris
493 1873 575 1907 ipsius
587 1873 672 1900 omnis
685 1873 798 1900 ctelestis
808 1874 939 1901 exercitus
949 1874 980 1902 υ.

192 1920 300 1953 Quibus
311 1925 338 1948 et
357 1920 403 1948 illa
422 1920 562 1947 Zachariae
581 1919 662 1947 verba
686 1924 752 1947 sunt
774 1924 957 1948 consentanea
973 1926 981 1948 :

193 1966 319 1995 Robustaz
339 1967 392 1994 sint
415 1965 574 1993 Zorobabeli
593 1971 618 1993 et
640 1965 762 1993 Jasedcci
786 1966 943 1999 sacerdotis,
958 1972 983 1993 et

194 2014 284 2049 populi
297 2022 391 2041 manus
400 2022 410 2046 ,'
425 2014 550 2048 quoniam
574 2021 620 2048 ego
645 2011 777 2039 vobiscum
791 2020 860 2044 sum,
875 2017 899 2040 et
922 2011 984 2039 Ver-

194 2061 256 2092 bum
274 2068 371 2093 meum,
391 2064 416 2086 et
437 2058 554 2095 Spiritus
576 2067 660 2086 meus.
688 2057 754 2085 Herc
770 2058 878 2087 Domini
896 2059 983 2086 omni-

193 2108 308 2142 potentis
321 2106 398 2134 verba
409 2111 472 2134 sunt
486 2107 520 2134 '°.
537 2105 618 2134 Pater
637 2106 721 2141 igitur
738 2113 793 2133 non
807 2110 849 2133 est
862 2105 983 2140 genitus,

194 2151 281 2180 Filius
302 2152 421 2188 genitus.
448 2149 568 2187 Spiritus
593 2150 732 2186 procedit;
759 2158 821 2186 quae
845 2151 897 2178 tria
920 2155 985 2178 sunt

195 2200 222 2228 in
248 2200 349 2235 seipsis
377 2198 497 2232 lumina;
515 2205 570 2226 non
592 2197 810 2230 confunduntur,
829 2197 922 2225 lucent
938 2205 986 2225 eo-

194 2245 256 2273 dem
273 2245 387 2278 lumine,
405 2245 497 2273 lucent
523 2248 667 2278 aeternum,
691 2243 809 2272 indivise
833 2251 880 2279 per
903 2243 987 2279 hypo-

195 2297 285 2321 stases
308 2292 366 2321 sive
391 2299 523 2328 personas
543 2291 761 2327 distinguuntur,
785 2295 813 2318 et
839 2290 898 2318 sine
916 2298 984 2318 con-

196 2338 304 2366 fusione
340 2341 406 2366 sunt
436 2344 520 2364 unum
561 2337 681 2364 essentia
715 2335 928 2371 supernaturali,
959 2340 986 2364 et

195 2384 390 2421 conjunctione
417 2383 517 2411 mentis
537 2382 593 2411 vim
618 2387 777 2418 superante.
802 2387 830 2410 et
854 2382 986 2410 distantia

195 2432 297 2459 nullam
311 2431 511 2459 dimensionem
532 2430 703 2458 admittente.
723 2430 812 2465 Atque
831 2433 887 2457 tres
902 2430 986 2465 hypo-

195 2482 284 2505 stases
298 2476 409 2504 deitatis
425 2484 507 2504 unam
529 2475 679 2504 essentiam
701 2475 728 2502 in
743 2474 856 2502 totidem
875 2480 988 2503 naturas

196 2529 251 2550 non
266 2521 393 2550 dividunt
407 2531 414 2549 :
430 2523 468 2550 ita
482 2522 575 2550 unitas
589 2522 716 2550 essentia:
726 2520 829 2550 fontem
843 2521 920 2549 illum
931 2521 989 2549 dei-

197 2568 261 2596 tatis
275 2568 363 2597 tribus
380 2569 460 2597 ostiis
478 2572 611 2596 aeternum
625 2568 766 2600 ﬂuentem,
784 2568 811 2594 in
833 2575 915 2595 unam
932 2567 990 2595 sive

197 2622 343 2650 personam
359 2615 417 2643 sive
431 2614 592 2650 hypostasin
617 2622 705 2650 neque
726 2614 887 2642 commiscet
900 2621 990 2649 neque

197 2660 346 2688 contrahit.
375 2660 449 2696 Ergo
480 2664 507 2688 et
540 2659 621 2688 Pater
649 2661 742 2688 lumen
769 2663 822 2691 est.
844 2664 872 2687 et
903 2659 990 2687 Filius

197 2711 240 2735 est
257 2707 361 2740 lumen,
383 2711 411 2735 et
435 2707 555 2743 Spiritus
577 2707 671 2735 itidem
697 2713 832 2735 sanctus:
855 2711 883 2734 et
904 2706 990 2734 nihilo

199 2757 291 2780 tamen
307 2754 398 2782 minus
420 2753 447 2780 hi
468 2757 524 2781 tres
539 2761 624 2780 unum
644 2753 736 2780 lumen
752 2752 901 2785 exsistunt,
916 2751 990 2787 quod

198 2804 241 2826 cst
259 2807 340 2833 supra
365 2807 445 2827 omne
470 2803 588 2834 tempus,
611 2803 638 2826 et
665 2803 728 2826 ante
756 2799 865 2830 smcula,
889 2803 916 2826 et
942 2806 988 2826 ex—

1332 569 1457 600 ΠΕΥΣΙΣ
1472 570 1510 598 Γ.

1060 627 1118 655 Καὶ
1141 628 1200 661 πῶς
1225 629 1258 658 ὲκ
1272 628 1320 656 τοῦ
1335 629 1442 665 Πατρδς
1455 628 1595 665 γεννηθεὶς
1616 629 1664 656 καὶ
1687 629 1832 663 ἐξελθὼν,

1025 675 1076 702 σὺν
1094 675 1134 710 τῷ
1149 675 1238 711 Πατρὶ
1259 675 1306 704 καὶ
1327 676 1356 703 ὲν
1376 675 1416 711 τῷ
1438 675 1525 712 Πατρὶ
1544 675 1655 704 δύναται
1675 674 1772 709 sint;
1791 677 1833 703 Τδ

1027 719 1101 755 ἅπαξ
1113 718 1243 755 γεννηθὲν
1255 720 1303 746 καὶ
1318 720 1449 756 προελθὸν
1461 720 1507 747 τοῦ
1522 720 1644 756 ἔχοντος,
1660 721 1721 753 πῶς
1736 721 1833 749 πάλιν

1025 766 1056 792 ὲν
1071 766 1110 801 τῷ
1121 766 1281 802 γεννήσαντι
1298 765 1390 800 serat;

1332 813 1360 840 ‘A
1365 814 1514 848 πόκρισις.

1073 858 1142 886 Ἀλλ’
1158 859 1209 887 οὐκ
1224 856 1272 886 ἴσα
1294 858 1399 895 βροτοῖς
1421 859 1493 886 κατὰ
1519 859 1612 896 ρεὖσιν
1637 860 1654 895 ἢ
1681 859 1793 895 τομὴν.
1809 860 1829 895 ἢ

1026 904 1169 933 διάστασιν
1181 925 1189 939 ,
1218 906 1233 932 ὁ
1252 905 1316 937 Υἱὸς
1342 905 1389 932 καὶ
1413 905 1443 932 τὸ
1456 905 1570 941 Πνεῦμα
1594 906 1627 933 ὲκ
1647 905 1695 932 τοῦ
1711 905 1831 941 Πατρδς

1027 950 1164 987 προῆλθον
1174 971 1182 983 ,
1199 951 1256 978 ἀλλ’
1273 950 1312 983 ὡς
1323 951 1356 977 ὲκ
1368 951 1472 986 κρήνης
1485 951 1613 986 ποταμοὶ,
1632 951 1661 985 ἑξ
1673 951 1765 986 αὐτῆς
1779 951 1832 978 καὶ

1028 997 1058 1023 ὲν
1080 996 1149 1033 αὐτῇ
1179 997 1227 1024 καὶ
1244 996 1293 1024 σὺν
1307 997 1377 1032 αὐτῇ
1392 997 1483 1029 ὅντες·
1502 997 1550 1024 καὶ
1568 996 1605 1029 ὡς
1627 998 1659 1024 ὲκ
1672 997 1721 1023 τοῦ
1746 996 1831 1032 ἡλίου

1028 1043 1056 1071 αἱ
1080 1043 1281 1079 μαρμαρυγαὶ,
1296 1043 1326 1070 ὲν
1340 1042 1415 1079 αὐτῷ
1437 1043 1485 1070 καὶ
1501 1044 1549 1070 σὺν
1563 1042 1638 1078 αὐτῷ
1657 1042 1705 1070 καὶ
1726 1042 1759 1075 ἐξ
1778 1043 1832 1070 αὒ-

1027 1088 1075 1115 τοῦ
1086 1097 1092 1103 ·
1108 1089 1156 1116 καὶ
1175 1089 1213 1121 ὡς
1227 1090 1244 1125 ἡ
1268 1088 1333 1125 φλὸξ
1345 1089 1393 1116 καὶ
1408 1089 1439 1116 τὸ
1456 1088 1514 1124 φῶς
1526 1109 1534 1121 ,
1548 1090 1580 1116 ὲκ
1600 1087 1647 1115 τοῦ
1670 1088 1760 1124 πυρὸς
1781 1089 1832 1118 καὶ

1030 1135 1079 1162 σὺν
1095 1134 1170 1170 αὐτῷ
1186 1134 1235 1161 καὶ
1250 1134 1280 1168 ἐξ
1295 1133 1389 1162 αὑτοῦ.
1412 1134 1555 1170 ’Δμυδροϊς
1574 1133 1641 1170 μὲν,
1664 1133 1772 1161 ἐοικόσι
1787 1133 1830 1165 δὶ,

1028 1182 1062 1217 τῇ
1079 1181 1163 1208 εικόνι
1183 1181 1356 1217 χρησάμενος
1371 1180 1450 1216 ἔφην.
1468 1180 1564 1207 Τοίνυν
1584 1181 1613 1207 ὲν
1623 1179 1663 1215 τῷ
1679 1180 1775 1216 Πατρὶ
1789 1179 1830 1207 ὢν

1029 1227 1142 1263 ἐξῆλθεν
1152 1247 1159 1259 ,
1175 1228 1223 1254 καὶ
1238 1227 1287 1254 σὺν
1304 1227 1344 1262 τῷ
1358 1227 1446 1263 Πατρὶ
1462 1226 1580 1262 ὑπάρχει
1590 1247 1597 1257 ,
1621 1226 1670 1253 καὶ
1685 1225 1767 1252 ἔσται
1787 1226 1830 1256 είς

1028 1273 1094 1306 τοὺς
1103 1273 1204 1305 αἰῶνας
1218 1281 1225 1288 ·
1247 1272 1339 1305 καθὼς
1352 1272 1434 1306 αὐτός
1446 1281 1528 1308 φησιν
1538 1281 1546 1289 ·
1569 1272 1643 1307 Ἐγὼ
1657 1272 1693 1299 ἐν
1709 1271 1753 1305 τῷ
1766 1274 1831 1300 Πα-

1029 1319 1093 1353 tpl,
1106 1319 1156 1346 καὶ
1175 1320 1191 1345 d
1205 1318 1307 1353 Πατὴρ
1320 1318 1356 1345 ἐν
1379 1318 1464 1353 ἐμοί·
1485 1318 1516 1345 τὺ
1539 1318 1638 1345 ταὺτδν
1654 1317 1706 1353 τῆς
1730 1317 1830 1347 οὐσίας

1031 1364 1119 1392 καὶτὸ
1135 1365 1344 1401 ἀπαράλλακτον
1360 1366 1410 1400 τῆς
1424 1364 1550 1400 θεότητος
1565 1364 1611 1390 καὶ
1637 1363 1776 1395 ίαοσθενὲς
1795 1363 1830 1391 ix

1030 1411 1134 1438 τούτων
1151 1410 1249 1447 δηλῶν,
1270 1410 1325 1437 Καὶ
1350 1410 1448 1437 πάλιν·
1482 1410 1557 1445 Ἐγὼ
1582 1410 1618 1437 ἐκ
1639 1410 1692 1438 τοῦ
1710 1409 1830 1444 Πατρός

1031 1456 1164 1492 ἐξῆλθον
1180 1457 1229 1484 καὶ
1238 1455 1376 1490 ἐλήλυθα
1389 1457 1433 1490 είς
1441 1457 1495 1484 τὸν
1509 1457 1626 1492 κόσμον
1635 1464 1642 1471 ·
1659 1455 1691 1483 τὸ
1706 1456 1830 1491 ἑτεροῖον

1031 1502 1080 1531 καὶ
1100 1504 1200 1537 ἰδιάζον
1212 1504 1260 1530 τοῦ
1276 1503 1424 1541 προσώπου
1438 1503 1588 1540 παριστῶν.
1601 1503 1638 1529 Τὸ
1648 1503 1677 1529 δὲ
1693 1502 1766 1529 θεῖον
1780 1502 1828 1530 καὶ

1032 1549 1165 1584 πανάγιον
1177 1549 1290 1585 Πνεῦμα
1299 1569 1306 1582 ,
1326 1550 1357 1576 οὺ
1370 1549 1500 1584 γεννητὸν
1518 1548 1568 1584 μὲν
1579 1569 1588 1582 ,
1603 1548 1772 1585 ὲκπορευτδν
1785 1549 1826 1580 δὲ,

1032 1595 1080 1622 καὶ
1095 1595 1216 1622 αίτιατὸν
1237 1595 1267 1629 ἐξ
1291 1595 1378 1622 αἰτίου
1394 1594 1443 1622 τοῦ
1463 1594 1570 1630 Πατρὸς
1596 1594 1827 1630 ἐκπορευόμενον.

1039 1640 1119 1668 ’Δλλὰ
1138 1642 1185 1668 καὶ
1209 1641 1309 1674 Δαόὶδ,
1329 1642 1344 1669 ὸ
1369 1641 1420 1678 τῆς
1444 1640 1520 1672 θείας
1537 1640 1651 1676 Τριάδος
1678 1639 1827 1676 ἐξηγητὴς,

1035 1686 1077 1720 Τῷ
1091 1687 1176 1722 Λόγῳ
1191 1687 1321 1721 Kvplw,
1339 1687 1421 1723 φησιν
1434 1706 1441 1719 ,
1457 1687 1486 1714 οι
1506 1685 1628 1720 οὐρανοὶ
1643 1685 1826 1720 ἐστερεώθη-

1032 1741 1104 1766 σαν,
1120 1734 1169 1761 καὶ
1183 1733 1223 1766 τῷ
1236 1734 1386 1768 Πνεύματι
1399 1733 1454 1760 τοῦ
1467 1734 1616 1768 στόματος
1633 1732 1729 1760 αὐτοῦ
1742 1732 1827 1760 πᾶσα

1034 1780 1052 1815 ἡ
1076 1780 1204 1815 δύναμις
1215 1780 1325 1808 αὐτῶν.
1340 1780 1476 1816 Ζαχαρίας
1490 1779 1519 1807 δὲ
1533 1779 1638 1811 τούτοις
1655 1779 1807 1814 συμφωνῶν
1817 1788 1824 1795 ·

1040 1827 1239 1862 Ἰσχυέτωσαν
1250 1847 1258 1861 ,
1278 1827 1360 1862 φησὶν
1371 1846 1378 1858 .
1396 1828 1426 1855 al
1445 1826 1543 1861 χεῖρες
1563 1825 1731 1861 Ζοροϐάϐελ
1743 1845 1752 1858 ,
1777 1825 1826 1852 καὶ

1032 1871 1063 1897 αὶ
1075 1869 1174 1905 χεῖρες
1194 1870 1330 1897 Ἰωσεδὲκ
1344 1870 1397 1898 τοῦ
1412 1870 1511 1904 ἱερέως
1520 1889 1529 1902 ,
1545 1870 1594 1897 καὶ
1613 1871 1644 1897 aI
1655 1870 1753 1905 χεῖρες
1773 1870 1826 1897 τοῦ

1032 1915 1111 1942 λαοῦ
1121 1923 1129 1931 ·
1145 1914 1219 1942 διότι
1230 1914 1287 1950 ἐγὼ
1295 1915 1360 1949 μεθ’
1373 1914 1459 1950 ὑμῶν
1471 1917 1541 1950 εἰμι,
1558 1915 1606 1942 καὶ
1619 1916 1635 1942 ὁ
1651 1916 1748 1950 Λόγος
1756 1925 1824 1950 μου,

1034 1960 1083 1987 καὶ
1097 1960 1129 1987 τὸ
1142 1959 1264 1995 Πνεῦμά
1275 1969 1350 1996 μου,
1370 1961 1451 1996 λέγει
1474 1962 1581 1996 Κύριος
1604 1961 1822 1995 παντοκράτωρ.

1040 2007 1200 2043 ’Λγέννητος
1216 2005 1263 2035 οὗν
1277 2008 1291 2034 ὁ
1305 2007 1400 2043 Πατὴρ
1411 2028 1419 2041 ,
1431 2008 1560 2044 γεννητὸς
1576 2007 1662 2040 ὁΥἱδς
1672 2027 1681 2041 ,
1697 2009 1824 2044 ἐκπορευ-

1033 2052 1080 2082 τδν
1093 2053 1124 2079 τὺ
1143 2052 1257 2089 Πνεῦμα
1268 2073 1276 2085 ,
1291 2054 1321 2080 ὲν
1335 2053 1461 2090 ἀλλήλοις
1490 2053 1584 2089 φῶτα·
1604 2055 1674 2090 μήτε
1703 2055 1823 2081 συναλειη

1034 2099 1148 2135 φόμενοι
1159 2119 1168 2133 ,
1178 2099 1315 2135 ὁμόφωτοι
1330 2120 1337 2133 ,
1361 2100 1490 2135 ἁείφωτοι
1501 2121 1509 2134 ,
1525 2100 1687 2137 ἀδιαιρέτως
1713 2101 1823 2136 χωριξὸι

1037 2154 1113 2182 μενοι
1126 2147 1187 2181 ταῖς
1201 2145 1383 2174 ὑποστάσεσιν
1398 2147 1446 2182 ἦτε
1472 2146 1632 2183 προσώποις
1644 2165 1653 2180 ,
1677 2147 1727 2174 καὶ
1747 2148 1823 2174 ὰσυν-

1035 2192 1173 2224 αλείπτως
1188 2193 1327 2229 ἐνούμενοι
1340 2194 1375 2230 τῇ
1393 2193 1548 2230 ὑπερουσίῳ
1563 2193 1658 2229 οὐσία,
1686 2193 1735 2221 καὶ
1758 2193 1822 2229 ὑπὲρ

1035 2237 1099 2265 νοῦν
1129 2238 1262 2275 συναφείᾳ
1278 2259 1286 2273 ,
1319 2239 1367 2267 καὶ
1398 2239 1536 2267 διαστάσει
1565 2239 1745 2274 ἀδιαστάτως.
1772 2240 1822 2266 Καὶ

1036 2284 1098 2314 οὗτε
1122 2285 1152 2312 αἱ
1175 2286 1250 2324 τρεῖς
1266 2285 1431 2318 ὑποστάσεις
1457 2287 1497 2318 εις
1516 2286 1651 2318 τοσαύτας
1666 2286 1762 2320 φύσεις
1773 2285 1820 2312 τέ-

1038 2340 1133 2367 μνουσι
1149 2331 1199 2367 τὴν
1216 2332 1281 2368 μίαν
1304 2332 1355 2368 τῆς
1381 2331 1508 2368 Θεότητος
1529 2332 1641 2364 οὐσίαν,
1662 2331 1725 2359 οὔτε
1746 2333 1820 2368 ήμία

1036 2377 1116 2405 οὐσία
1132 2379 1173 2410 εἰς
1194 2377 1224 2406 ἓν
1248 2378 1395 2414 πρόσωπον
1420 2379 1467 2405 καὶ
1493 2378 1559 2414 μίαν
1592 2378 1741 2406 ὑπόστασιν
1766 2387 1822 2406 συν-

1038 2425 1149 2460 ελείφθη
1158 2445 1166 2457 ,
1180 2425 1228 2453 καὶ
1242 2426 1411 2461 συναιρεῖται
1425 2425 1475 2461 τὴν
1484 2424 1629 2461 τρίστομον
1647 2425 1694 2452 καὶ
1707 2425 1821 2461 τρισαέν-

1040 2480 1105 2499 ναον
1119 2471 1224 2507 κρήνην
1233 2471 1282 2507 τῆς
1297 2471 1432 2506 θεότητος.
1449 2470 1509 2503 Φῶς
1522 2470 1611 2498 τοίνυν
1624 2471 1639 2498 ὁ
1653 2471 1760 2507 Πατὴρ,
1770 2471 1820 2505 φῶς

1041 2518 1056 2544 ὸ
1078 2516 1157 2549 Υἱὸς,
1176 2515 1235 2551 φῶς
1257 2515 1288 2543 τὸ
1314 2515 1386 2543 θεῖον
1408 2515 1540 2552 Πνεῦμα·
1561 2515 1619 2543 ἀλλ’
1644 2517 1669 2543 ot
1691 2518 1778 2552 τρεῖς,
1794 2516 1820 2543 ἰν

1042 2562 1213 2598 ὑπάρχουσιν
1239 2562 1314 2597 φῶς,
1339 2562 1409 2598 ὑπὲρ
1431 2562 1527 2598 χρόνον
1549 2561 1728 2598 προαιώνιον,
1749 2562 1820 2598 ἀναρ-

1041 2621 1100 2648 χον,
1120 2612 1323 2648 τριπρόσωπον,
1339 2611 1565 2646 τρισυπόστατον,
1580 2610 1819 2648 τριδέστωτον,τρί-

1042 2661 1158 2695 θρονον,
1187 2658 1359 2695 τριλαμπὲς,
1387 2657 1536 2694 τριαυγὲς,
1565 2658 1733 2694 ισολαμπὲς,
1751 2657 1820 2685 ἀναλ-

1041 2705 1170 2738 λοίωτον,
1197 2704 1352 2740 ἁμείωτον,
1376 2704 1526 2740 ἅνύκτερον
1543 2724 1551 2738 ,
1570 2704 1737 2740 ἀχείρωτον,
1757 2702 1819 2730 ἁλώ-

1043 2751 1124 2787 δητον
1143 2770 1151 2783 ,
1173 2750 1222 2786 μία
1245 2750 1325 2778 οὐσία
1339 2770 1347 2783 ,
1371 2751 1420 2786 μία
1449 2750 1593 2778 αυσθένεια
1608 2771 1617 2784 ,
1642 2750 1692 2786 μία
1712 2749 1818 2782 εὔκλεια,

1043 2797 1092 2832 μία
1124 2797 1270 2833 βασιλεία,
1301 2797 1349 2833 μία
1380 2797 1499 2834 Θεότης,
1528 2797 1558 2824 ἒν
1588 2797 1717 2833 θέλημα,
1741 2797 1820 2833 δρᾶμα

1459 2849 1469 2862 1

242 2879 261 2896 ¹⁷
279 2879 355 2907 toan.
377 2887 421 2915 xv,
442 2879 484 2908 ίυ.
524 2879 545 2896 ’⁸
559 2879 637 2908 Joau.
656 2879 770 2914 “1,28.
812 2881 831 2896 “
844 2879 917 2908 Psal.
933 2887 1017 2913 xxxn,
1033 2878 1060 2906 6.
1099 2878 1120 2895 "
1135 2877 1218 2906 Zach.
1237 2887 1274 2913 μ’,
1287 2878 1354 2911 6,9.
