1920 3046
70 210 127 247 gul.
158 208 324 246 πρόσταγμα
338 215 348 226 ο
387 208 464 236 πᾶσα
495 207 589 244 ίνάτης
625 209 675 237 καὶ
708 208 800 245 ἰσότης
827 208 876 236 καὶ

71 255 215 290 ταὺτότης
228 254 259 282 ἐν
271 253 384 290 Τριάδι,
398 253 469 290 πλὴν
482 253 648 289 άγεννησίας
658 254 706 281 καὶ
719 255 875 290 γεννήσεως

73 301 126 336 καὶ
136 300 339 337 ἐκπορεύσεως,
351 300 469 337 ἑκάστης
477 300 652 333 ὑποστάσεως
665 301 819 334 ἰδιαζόντως
829 301 876 329 οὖ-

74 357 131 384 σης
146 348 196 374 καὶ
211 347 355 383 ἐσομένης,
377 347 428 374 οὐκ
445 345 613 384 ἀρξαμένης,
637 347 668 374 ού
682 348 874 385 παυσαμένης,

73 393 136 420 ἀλλ’
145 393 190 420 ἀεὶ
201 392 332 425 ὡσαύτως
342 392 459 428 ἐχούσης
469 393 517 420 καὶ
527 393 719 429 ἀμεταϐλήτου
728 393 873 430 μενούσης.

80 439 143 465 Ἀεὶ
157 439 212 476 γὰρ
232 439 356 475 ὑπῆρχεν
369 439 384 465 6
396 438 462 470 Θεὸς
475 438 524 466 καὶ
538 439 647 474 Πατήρ·
668 439 713 466 ἀεὶ
726 439 765 466 ὢν
779 439 875 476 Πατὴρ

72 485 180 517 Παιδδς
202 484 373 520 μονογενοῦς,
392 484 478 520 αὐδῆς
494 485 688 519 ινυποπάτου,
701 485 790 512 πάντα
803 485 873 522 δρώ-

73 540 141 567 σης,
161 532 206 559 ἀεὶ
227 531 352 565 ξυνόντος
379 531 471 563 αὑτοῖς
485 531 534 558 τοῦ
549 531 621 558 θείου
641 531 811 567 Πνεύματος,
826 532 874 560 καὶ

74 577 378 613 συμπροσκυνουμένου
395 577 472 614 παρὰ
488 577 579 614 πάσης
598 579 695 614 νοερᾶς
715 586 745 605 τε
768 579 815 606 καὶ
829 579 874 606 λον

73 626 162 660 γικῆς
177 624 295 659 φύσεως.
322 625 360 652 Οὑ
379 625 511 661 πρόγονός
524 634 566 658 τις
581 625 612 659 ἐξ
634 625 723 653 αὐτῶν
741 626 796 653 οὐδ’
810 625 873 654 ὲπί-

73 679 170 705 γονος,
189 670 241 698 οὑκ
257 670 357 703 αὔξων,
378 671 409 699 οὑ
423 671 516 707 λήγων
531 671 602 699 κατὰ
614 672 645 699 τὺ
661 672 790 708 αἰσθητὸν
803 672 871 707 φῶς,

72 717 93 753 ἢ
107 716 162 749 τὰς
172 717 374 753 ὕπερκοσμίους
392 717 538 752 δυνάμειςν
557 718 586 744 αἰ
603 717 699 744 ταύτὸν
716 718 765 754 μὲν
777 719 810 754 τῇ
825 719 872 745 οὺ-

72 763 126 800 σίᾳ
144 764 232 790 πᾶσαι
254 763 426 799 ὑπάρχουσαι
442 763 553 799 (ὁμοίως
575 764 623 791 καὶ
642 765 670 791 αἱ
683 764 791 799 λογικαὶ
810 765 874 800 βρο.

74 810 133 838 τῶν
146 810 244 846 ψυχαὶ,
267 810 366 836 ταύτὸν
385 809 557 845 ὑπάρχουσαι
572 812 606 846 τῇ
622 810 701 847 οὐσίᾳ
716 811 824 846 πᾶσαι),
843 811 872 837 αἰ

76 855 132 891 μιν
147 855 314 890 τυγχάνουσι
324 854 410 888 τάξει,
428 856 457 882 αἱ
473 855 501 882 δὲ
517 855 622 888 στάσει,
636 855 728 891 ἕτεραι
741 856 769 883 δὲ
783 864 874 892 παρα-

76 901 176 928 στάσει
204 902 252 928 uel.
275 900 451 937 λειτουργίᾳ,
476 901 617 934 ἐπιϐολαῖς
638 901 687 928 καὶ
711 902 874 937 μεταϐολαῖς

74 949 126 975 καὶ
140 949 336 984 μετατροπαῖς,
353 947 522 983 αὐθαιρέτως
534 948 603 985 πρὸς
612 948 643 975 τὸ
652 949 741 984 χεῖρον
754 949 771 984 ἢ
787 950 875 985 κρεῖτ-

73 1002 125 1021 τον
151 993 294 1031 ρἑσυσαι,
312 994 364 1021 οὑκ
383 993 493 1031 ἀνάγκῃ
513 993 541 1020 δὲ
563 995 667 1030 φυσικῇ
691 993 874 1021 ἐκπίπτουσαι

74 1040 153 1068 κατὰ
171 1040 203 1067 τδ
227 1040 319 1076 μεῖζον
336 1041 383 1067 καὶ
399 1037 497 1077 ἦττον·
516 1040 545 1067 ἐν
564 1039 670 1072 τούτοις
693 1040 724 1068 τδ
745 1040 874 1077 διάφορον

74 1085 192 1120 ἔχουσαι
207 1085 258 1120 τῆς
288 1085 437 1121 ὑπεροχῆς.
467 1085 528 1118 Φῶς
546 1084 575 1112 δὲ
596 1085 642 1115 καὶ
653 1087 667 1113 6
680 1085 775 1122 βροτὸς
791 1095 875 1122 προσ-

73 1131 242 1167 αγορεύεται
250 1151 258 1164 ,
283 1132 341 1167 φῶς
354 1132 400 1159 καὶ
411 1132 426 1158 6
437 1131 513 1167 ήλιος
525 1132 572 1159 καὶ
585 1133 602 1168 ἡ
618 1131 717 1169 σελήνη
735 1133 871 1160 καλεῖται·

75 1178 140 1212 φῶς
164 1178 212 1205 καὶ
231 1179 248 1214 ἡ
269 1178 379 1214 ποικίλη
404 1178 460 1205 τῶν
473 1178 581 1214 άστρων
599 1179 695 1216 χορεία
711 1179 874 1216 κατωνόμα-

75 1221 155 1250 σται.
178 1223 260 1250 Ἀλλὰ
268 1223 324 1250 τῶν
334 1223 487 1259 εἰρημένων
498 1224 632 1251 πλείστων
642 1224 743 1251 ὑλικῶν
757 1224 803 1251 καὶ
817 1224 875 1252 διακ-

76 1269 174 1305 φόρων
189 1269 297 1303 φώτων,
320 1269 484 1306 πολυμερῶς
504 1271 552 1298 καὶ
564 1270 743 1306 πολυτρόπως
759 1270 874 1307 ποιητὴς

75 1315 128 1342 ml.
142 1315 310 1351 δημιουργὸς
328 1316 446 1352 ὑπάρχει
461 1316 493 1343 τὸ
509 1316 636 1352 ἀληθινὸν
649 1317 696 1344 καὶ
709 1316 791 1345 άῦλον
805 1317 873 1352 φῶς,

74 1362 94 1389 6
117 1362 167 1389 ἰπὶ
189 1362 299 1389 πάντων
316 1361 383 1394 Θεὺς
404 1362 452 1390 καὶ
473 1362 580 1399 Πατὴρ,
604 1363 655 1390 σὺν
673 1361 712 1399 τῷ
734 1363 875 1399 μονογενεϊ

76 1407 166 1436 αὑτοῦ
179 1408 258 1435 nam
267 1408 314 1436 καὶ
327 1408 393 1444 θείῳ
402 1408 555 1444 Πνεύματι·
569 1409 584 1435 6
594 1408 750 1444 ἀσώματος,
765 1409 780 1436 6
789 1408 874 1444 ἀόρα-

76 1463 137 1486 τος,
158 1455 172 1481 6
185 1453 348 1490 ὑπερούσιος
360 1454 408 1481 καὶ
418 1454 640 1490 ὁπεράγνωστος,
655 1455 671 1482 ό
681 1453 729 1481 τοῦ
746 1454 795 1490 μὲν
805 1452 873 1482 Υἱοῦ

76 1501 233 1536 γεννήτωρ,
250 1500 298 1527 τοῦ
313 1500 342 1527 δὲ
352 1500 511 1536 Πνεύματος
525 1500 686 1537 προσολεὺς,
705 1500 777 1528 κατὰ
792 1500 874 1536 φύσιν

75 1546 203 1580 ἁφάτως,
216 1546 350 1582 ἀχρόνως,
365 1545 419 1581 πρὸ
431 1545 485 1572 τῶν
497 1545 619 1573 αἰώνων·
634 1547 664 1573 οὺ
675 1546 730 1582 γὰρ
741 1546 874 1582 πρόγονον

76 1593 97 1628 ἢ
121 1592 258 1627 ὲπίγονον,
276 1593 307 1619 οὑ
330 1593 509 1629 προϋπάρχον
528 1593 546 1628 ἦ
567 1592 730 1620 ἑπείσακτὸν
749 1601 777 1619 τι
799 1592 873 1628 ἐντῇ

77 1638 143 1674 θείᾳ
156 1637 262 1674 Τριάδι,
279 1637 310 1664 οὑ
332 1637 507 1674 προαιώνιον,
527 1638 558 1665 οὑ
574 1637 713 1673 τήμρον,
735 1638 786 1665 οὑκ
806 1637 875 1665 ἐπέ-

78 1693 179 1712 κεινα.
199 1685 270 1719 Τρία
290 1684 345 1721 γὰρ
363 1684 481 1720 ὑπάρχει
501 1684 555 1716 ἀεὶ,
577 1684 642 1721 τρία
662 1684 787 1718 συνάγια,
810 1683 874 1719 τρία

78 1729 249 1766 ξυνάναρχα,
270 1730 334 1766 τρία
352 1729 511 1766 ἑμπρακτα,
532 1729 597 1766 τρία
611 1730 788 1766 σύμπρακτα,
810 1729 874 1765 τρία

78 1778 224 1812 ξμμορφα,
232 1776 297 1813 τρία
307 1776 468 1812 σύμμορφα,
475 1776 539 1812 τρία
549 1776 658 1812 ἐνεργά,
668 1776 731 1812 τρία
744 1776 872 1812 συνεργὰ,

75 1821 146 1857 ςρία
162 1821 344 1853 ινυπόστατα,
363 1821 427 1857 τρία
448 1821 648 1855 συνυπόστατα,
659 1821 690 1848 οὑ
707 1821 874 1857 μεταϐαλλό-

81 1876 154 1904 μενα
176 1868 226 1896 καὶ
244 1867 465 1904 μεταχωροῦντα,
488 1868 505 1904 ἢ
529 1868 682 1905 μιγνύμενα
700 1869 740 1900 εἰς
760 1868 871 1904 ἄλληλα.

83 1912 146 1943 "Aet
161 1915 216 1951 γὰρ
229 1916 244 1942 6
257 1916 362 1952 Πατὴρ,
380 1916 426 1944 καὶ
441 1915 520 1952 μόνον
532 1916 638 1952 Πατὴρ,
651 1915 711 1951 οὑχὶ
727 1917 775 1943 καὶ
788 1916 853 1948 Υἱός
863 1923 873 1932 ⁸

79 1962 126 2002 ᾲεὶ
138 1962 202 1994 Υἱὸς
212 1963 227 1989 6
237 1961 311 1995 Υἱὸς,
324 1962 372 1989 καὶ
385 1962 465 1998 μόνον
472 1962 537 1994 Υἱός
545 1970 553 1977 ⁸
565 1962 626 1998 οὐχὶ
637 1962 665 1989 δὲ
680 1963 727 1989 καὶ
740 1964 755 1989 6
766 1963 871 1998 Πατήρ.

86 2007 206 2044 ὀμοίως
219 2007 248 2035 δὲ
267 2008 315 2035 καὶ
327 2008 358 2035 τὺ
372 2008 443 2035 θεῖον
457 2008 581 2044 Πνεῦμα,
600 2007 662 2035 οὔτε
676 2009 772 2045 Πατήρ
788 2009 872 2041 ἐστιν,

79 2054 146 2086 οὒτε
160 2054 241 2086 Υἰόςσ
268 2053 324 2080 ἀλλ’
349 2054 513 2090 ἑκπορευτδν
535 2053 732 2086 άναλλοιώτως.
762 2055 874 2090 ’Δμετα-

81 2102 190 2138 βλήτως
207 2101 313 2138 ἔχουσιν
334 2101 378 2128 ἀεὶ
393 2101 424 2128 τὺ
440 2100 526 2133 ἑστὼς
549 2101 597 2128 καὶ
610 2101 710 2134 ἰδιάζον
733 2101 779 2128 καὶ
794 2102 874 2138 ὑπερ-

81 2148 195 2180 τέλειον,
208 2147 278 2175 κατὰ
294 2147 342 2183 τὴν
354 2147 457 2175 οἰκείαν
471 2146 586 2179 ἕκαστος
603 2147 760 2174 ὑπόστασινο
775 2147 871 2184 Πατὴρ

81 2193 130 2231 οιαὶ
147 2193 210 2224 Υἱὸς
223 2193 270 2220 καὶ
284 2192 363 2227 ἃγιον
376 2191 500 2228 Πνεῦμα,
515 2192 602 2228 Τριάς
619 2193 649 2219 ὲν
666 2192 761 2228 μονάδι
773 2192 831 2219 ἔστι
842 2201 872 2220 τε

82 2239 132 2267 καὶ
145 2239 256 2271 νοεῖται,
272 2238 319 2265 καὶ
334 2238 505 2274 ὁμολογεῖται
516 2238 564 2264 καὶ
575 2239 780 2274 προσκυνεῖται,
795 2238 874 2274 παρὰ

81 2286 138 2313 τῶν
149 2285 179 2312 tv
194 2284 308 2320 ἀληθείᾳ
317 2283 365 2311 καὶ
379 2284 410 2310 οὑ
422 2283 542 2320 σχήματι
555 2278 603 2312 καῖ
617 2283 777 2321 βλασφημίᾳ
786 2292 871 2320 προσ-

82 2332 236 2361 κυνούντων
249 2339 257 2348 '
280 2329 319 2363 ὥς
338 2325 458 2366 Ἄρειος,
479 2330 592 2366 διαιρῶν
615 2330 664 2358 καὶ
686 2330 871 2365 ζυγοπατῶν,

84 2378 177 2415 μεῖζον
197 2377 246 2405 καὶ
259 2374 341 2413 ἧττον
364 2378 394 2405 ὲν
409 2378 443 2413 τῇ
467 2376 527 2413 θείᾳ.
540 2376 636 2412 Τριάδι
652 2376 870 2412 φανταζόμενος·

81 2427 100 2462 ἢ
112 2425 148 2457 ὡς
156 2423 299 2455 Σαϐέλλιος
310 2422 477 2457 συναλείφων
488 2423 534 2449 καὶ
549 2415 682 2458 συγχέων,
694 2422 871 2457 υίοπατορίαν

85 2471 244 2508 μεμηνότως
254 2469 401 2498 παιδεύων.
418 2469 569 2506 ’ἰσοσθενὴς
579 2469 669 2497 τοίνυν
679 2471 696 2506 ἡ
707 2469 768 2497 θεία
774 2469 871 2505 Τριὰς,

88 2517 223 2552 ισοκλεης,
244 2516 417 2552 ἰσομεγέθης,
436 2515 536 2551 μᾶλλον
554 2516 583 2543 δὲ
598 2515 760 2553 ὑπερκλεὴς,
783 2516 871 2551 ὑπερ-

85 2564 214 2600 μεγέθης,
233 2564 281 2590 καὶ
294 2563 383 2599 πάσης
405 2562 583 2598 καταλήψεως
601 2562 751 2598 ὑπερτέρα,
770 2563 799 2589 ὲν
821 2562 871 2597 μιᾷ

84 2611 189 2645 θεότητι
203 2610 251 2638 καὶ
267 2609 400 2646 βασιλείᾳ,
418 2609 465 2636 καὶ
479 2608 558 2644 ῥώμῃ
572 2609 620 2636 καὶ
632 2609 770 2645 αὺθεντία,
783 2609 872 2636 πάντα

83 2659 115 2684 ἐκ
135 2656 246 2692 μηδενὸς
265 2655 447 2691 ὑποκειμένου
464 2646 698 2691 φυσιουργήσέσα,
711 2656 741 2682 τὸ
752 2655 775 2682 δ’
786 2656 872 2688 ὅπως,

84 2703 190 2737 εκείνην
211 2703 261 2737 τὴν
279 2701 423 2738 ἀκρίϐειαν
446 2700 671 2736 καταλείψωμενι
690 2701 796 2734 οὺδρὶς
819 2702 874 2735 γάρ

84 2748 145 2776 ιηίδε
156 2749 211 2776 τὸν
226 2748 352 2782 Πατέρα,
368 2750 395 2775 εὶ
407 2749 450 2783 μὴ
467 2749 484 2775 ὀ
504 2748 582 2781 Υἱὸς,
594 2747 665 2774 οὐδὲ
678 2748 733 2775 τὸν
749 2749 818 2775 Υιόν
827 2757 871 2781 τις

82 2795 252 2825 interfatur,
265 2795 291 2821 si
301 2794 344 2829 μὴ
354 2796 371 2822 ὁ
383 2794 494 2829 Πατήρ.
519 2793 718 2822 ’Λποκαλύπτει
728 2794 757 2821 δὲ
766 2794 872 2830 βροτοῖς

85 2841 204 2872 ἐκείνους
224 2840 254 2868 τὸ
269 2841 341 2867 θετον
358 2841 478 2876 Πνεῦμα.
499 2840 606 2867 οὐκοῦν
620 2839 706 2867 ταῦτα
717 2840 779 2875 τρία
794 2839 869 2871 ὄντα,

84 2888 132 2915 clx
146 2886 272 2920 αὔξοντα,
285 2887 314 2913 οὐ
325 2886 452 2922 λήγοντα,
466 2887 496 2914 οὐ
506 2887 706 2923 χορυφούμενα,
718 2887 748 2913 οὔ
761 2887 872 2921 συναγό-

785 149 961 180 DIALOGUS
979 150 1000 180 Ι.

1665 152 1723 183 869

927 215 990 244 pera
1018 206 1159 244 principii,
1183 211 1211 236 et
1234 215 1368 244 personas
1396 212 1454 236 tres
1482 207 1575 242 habet,
1607 211 1636 236 et
1664 211 1724 238 tres

926 255 1102 292 hypostases,
1129 259 1157 283 et
1184 258 1243 283 tres
1265 254 1416 288 Dominos,
1444 258 1473 283 et
1503 254 1618 283 thronos
1646 257 1723 288 tres,

925 305 953 329 et
991 305 1092 329 trinam
1124 301 1234 334 lucem,
1270 305 1300 329 et
1335 301 1438 328 trinum
1475 301 1647 336 splendorem
1688 305 1718 329 et

925 349 997 377 lucis
1025 349 1227 385 :equalitatem;
1260 348 1442 381 immutabile,
1472 348 1541 376 nulli
1568 347 1720 376 obnoxium

925 395 1099 424 diminutioni
1114 414 1124 428 ,
1160 394 1287 431 caliginis
1309 402 1410 430 expers
1423 415 1432 427 .
1458 394 1591 423 invictum
1607 414 1615 427 ,
1638 393 1724 423 inter-

925 443 977 471 itui
1006 443 1121 471 minime
1151 443 1328 478 subjectum;
1360 450 1416 469 una
1441 443 1574 475 essentia,
1599 446 1722 478 potestas

923 497 992 521 una.
1003 496 1058 516 una
1084 489 1182 525 gloria,
1195 496 1280 516 unum
1296 496 1424 524 regnum.
1437 495 1492 516 una
1510 488 1652 522 divinitas,
1666 495 1722 516 una

923 536 1064 569 voluntas,
1079 541 1170 567 actus,
1188 535 1346 571 imperium.
1375 534 1499 570 Denique
1516 535 1628 563 nonnisi
1655 534 1720 562 uni-

924 586 977 615 tas,
992 582 1146 617 aequalitas,
1163 582 1293 610 identitas
1301 585 1344 609 est
1358 581 1386 609 in
1404 580 1550 614 Trinitate,
1561 585 1639 610 extra
1649 588 1714 617 pro-

924 629 1069 664 prietatem
1085 628 1210 663 ingeniti,
1235 631 1263 655 et
1277 627 1374 663 geniti,
1393 631 1420 655 et
1432 626 1608 662 procedentis
1627 635 1634 654 :
1649 633 1720 653 una-

925 682 1036 710 quaque
1049 674 1190 710 hypostasi
1203 673 1363 710 singillatim
1375 676 1403 701 et
1419 672 1580 705 exsistente,
1596 676 1624 699 et
1634 672 1722 700 exstio

924 724 1003 753 tura;
1022 728 1077 748 non
1095 720 1245 756 aliquando
1258 725 1328 753 orta,
1357 727 1413 747 non
1429 719 1584 752 desinente,
1609 719 1658 747 sed
1678 726 1712 746 eo

922 766 985 794 dem
1006 774 1037 794 se
1065 766 1148 793 modo
1162 773 1271 802 semper
1295 765 1424 798 habente,
1447 773 1480 793 ac
1504 770 1632 793 manente
1650 765 1721 792 citra

923 812 1101 840 mulationem
1123 819 1244 840 omnem.
1268 810 1380 847 Semper
1395 811 1468 839 enim
1482 811 1589 839 exstitit
1598 810 1670 838 Deus
1686 818 1720 838 ac

924 857 1016 890 Pater,
1028 858 1076 893 qui
1091 858 1201 893 quidem
1215 865 1324 892 semper
1337 862 1380 886 est
1393 856 1474 885 Pater
1493 857 1618 892 unigena:
1641 855 1717 889 Filii,

924 902 1007 931 Verbi
1022 903 1212 935 subsistenlis,
1227 909 1243 929 a
1257 910 1312 938 quo
1330 902 1403 930 facta
1425 906 1490 930 sunt
1505 902 1647 934 universa,
1657 901 1721 937 qui-

924 949 977 976 bus
999 952 1028 976 et
1051 948 1133 976 divus
1155 948 1201 975 ille
1219 947 1342 983 Spiritus
1362 955 1470 982 semper
1496 947 1585 981 adest,
1610 953 1721 981 unaque

922 1001 986 1022 cum
999 994 1066 1029 ipsis
1079 994 1114 1022 ab
1128 994 1257 1021 omnibus
1279 993 1457 1029 intelligentia
1476 993 1638 1028 rationeque
1653 999 1722 1028 prae-

923 1039 990 1068 ditis
1005 1039 1108 1068 creatis
1119 1039 1262 1067 adoratur.
1287 1037 1374 1068 Nemo
1397 1038 1426 1066 in
1448 1038 1492 1067 his
1516 1039 1558 1066 vel
1583 1038 1659 1074 prior
1677 1041 1722 1066 est

922 1091 998 1119 natu,
1013 1086 1056 1113 vel
1073 1085 1226 1121 posterior;
1244 1091 1299 1112 non
1323 1083 1470 1116 accrescit,
1497 1091 1553 1111 non
1577 1083 1720 1112 imminui-

923 1137 968 1160 tur
983 1132 1070 1160 instar
1088 1131 1213 1164 luminis,
1229 1130 1302 1167 quod
1314 1130 1366 1158 sub
1380 1137 1494 1158 sensum
1505 1129 1590 1163 cadit,
1611 1130 1655 1158 vel
1673 1129 1714 1158 in-

922 1182 983 1206 star
997 1185 1091 1206 earum
1114 1185 1175 1213 qua:
1198 1185 1283 1213 supra
1301 1176 1435 1205 mundum
1461 1180 1526 1204 sunt
1550 1177 1693 1212 copiarum
1709 1185 1719 1205 :

923 1232 985 1260 qua:
997 1232 1060 1252 cum
1071 1224 1205 1252 universae
1216 1227 1315 1251 natura
1324 1231 1374 1251 sua
1383 1223 1454 1252 idem
1463 1223 1601 1251 exsistant
1613 1222 1723 1259 (quem-

924 1270 1072 1298 admodum
1100 1274 1128 1299 et
1152 1270 1238 1298 animi
1267 1270 1411 1298 hominum
1437 1271 1554 1299 rationis
1573 1270 1721 1307 participes

924 1317 996 1345 idem
1013 1322 1112 1345 natura
1137 1325 1188 1346 sua
1206 1321 1271 1346 sunt
1287 1318 1408 1350 omnes),
1434 1318 1535 1353 partim
1566 1321 1658 1345 tamen
1670 1325 1718 1345 or-

923 1363 998 1396 dine,
1010 1364 1110 1399 partim
1130 1363 1259 1396 statione,
1278 1363 1377 1399 partim
1397 1362 1545 1391 assistendi
1561 1363 1721 1391 ministran-

923 1408 1007 1444 dique
1022 1416 1136 1436 munere
1150 1408 1290 1441 dill‘erunt,
1310 1415 1344 1436 ac
1363 1416 1412 1444 per
1427 1408 1597 1436 incrementa
1613 1412 1641 1436 et
1654 1416 1717 1436 Inu-

922 1455 1042 1482 tationes
1053 1457 1080 1482 et
1096 1454 1303 1487 conversiones,
1331 1454 1419 1482 libero
1434 1455 1520 1482 animi
1539 1453 1657 1483 consilio
1673 1454 1718 1483 vel

927 1500 954 1528 in
967 1500 1063 1528 melius
1078 1499 1119 1528 vel
1132 1499 1252 1529 deterius
1267 1499 1478 1535 propendentes,
1497 1508 1552 1528 non
1567 1500 1660 1535 aliqua
1670 1507 1718 1528 na-

926 1543 1009 1576 turali
1025 1547 1193 1575 necessitate
1205 1546 1294 1583 magis
1316 1546 1443 1575 minusve
1469 1547 1649 1582 degenerant,
1668 1553 1720 1574 ex-

925 1595 1089 1624 cellentibus
1104 1594 1168 1622 aliis
1188 1594 1257 1622 alias
1273 1594 1425 1622 secundum
1447 1601 1490 1626 ea,
1509 1601 1571 1629 quae
1584 1592 1720 1621 indicavi-

926 1650 999 1674 mus,
1015 1641 1187 1670 discrimina.
1205 1639 1277 1673 Quin
1289 1643 1316 1668 et
1326 1639 1432 1668 homini
1446 1639 1558 1667 luminis
1570 1639 1717 1675 appellatio

926 1687 1066 1720 tribuitur,
1086 1691 1114 1714 et
1127 1686 1190 1719 soli,
1206 1690 1234 1714 et
1248 1686 1331 1718 lunae,
1358 1689 1386 1714 et
1402 1685 1479 1713 vario
1491 1685 1660 1721 reliquorum
1677 1685 1718 1713 si-

926 1735 1022 1763 derum
1039 1733 1124 1761 ehoro
1140 1742 1148 1761 :
1165 1740 1283 1768 quantm
1297 1737 1390 1760 tamen
1408 1731 1529 1760 maximo
1544 1739 1659 1759 numero
1673 1731 1719 1758 lu-

927 1781 1044 1813 minum,
1072 1779 1106 1808 de
1123 1779 1240 1807 materie
1256 1778 1453 1811 constantium,
1467 1777 1615 1814 multisque
1630 1777 1719 1813 parti-

927 1827 979 1855 bus
1001 1834 1034 1855 ac
1051 1826 1140 1854 modis
1165 1826 1238 1854 inter
1264 1833 1295 1854 se
1317 1825 1492 1853 diversorum
1517 1829 1615 1852 auctor
1630 1827 1672 1851 est
1690 1828 1719 1852 et

926 1873 1017 1909 opifex
1038 1881 1133 1900 verum
1151 1872 1218 1900 illud
1233 1876 1261 1900 et
1283 1879 1382 1907 expers
1397 1870 1520 1899 materiei
1548 1870 1651 1903 lumen,
1675 1870 1718 1897 ni-

927 1919 1027 1946 mirum
1046 1917 1117 1946 Deus
1130 1922 1157 1945 et
1172 1917 1264 1949 Pater,
1293 1917 1341 1953 qui
1356 1920 1399 1944 est
1421 1923 1505 1951 supra
1521 1915 1625 1947 omnia,
1652 1922 1717 1942 cum

927 1964 1044 2000 unigena
1061 1962 1130 1991 Fllio
1145 1970 1206 1996 suo,
1219 1962 1369 1998 divinaque
1382 1961 1499 1997 Spiritu,
1526 1961 1716 1996 incorporeus,

927 2010 979 2037 sub
1006 2014 1149 2044 aspectum
1163 2016 1217 2036 non
1232 2008 1346 2040 cadens,
1367 2008 1443 2035 omni
1462 2010 1489 2035 et
1510 2011 1608 2034 natura
1628 2011 1655 2034 et
1670 2013 1718 2034 co-

926 2055 1049 2091 gnitione
1063 2054 1187 2090 superior
1202 2064 1209 2081 :
1229 2054 1277 2089 qui
1294 2053 1392 2081 Filium
1414 2053 1518 2089 genuit,
1536 2057 1563 2080 et
1578 2052 1714 2088 Spiritum

927 2100 1057 2136 produxit
1075 2100 1181 2128 ratione
1195 2098 1348 2127 secundum
1361 2101 1486 2125 naturam
1502 2097 1644 2130 ineffabili,
1656 2097 1717 2125 sine

926 2148 983 2175 ullo
994 2152 1127 2184 tempore,
1140 2150 1204 2175 ante
1219 2147 1319 2175 mula
1337 2154 1345 2173 :
1360 2152 1416 2173 non
1426 2145 1499 2173 enim
1511 2144 1660 2180 quidquam
1673 2143 1717 2172 vel

925 2194 1015 2229 majus
1030 2193 1073 2222 vel
1089 2193 1181 2221 minus
1192 2196 1269 2227 natu,
1294 2199 1349 2220 non
1363 2190 1515 2226 quidquam
1539 2190 1615 2225 prius
1637 2189 1714 2218 exsi-

923 2244 1000 2269 stens
1015 2239 1227 2268 adventitiumve
1244 2238 1336 2267 divina
1365 2238 1394 2266 in
1414 2237 1551 2265 Trinitate
1573 2236 1616 2265 vel
1638 2240 1716 2263 ants-

923 2287 980 2314 ra'us
1001 2290 1054 2319 est,
1068 2286 1110 2314 vel
1125 2289 1169 2314 est
1191 2285 1278 2319 hodie,
1295 2285 1337 2313 vel
1352 2283 1474 2319 deinceps
1492 2283 1554 2311 erit.
1577 2282 1714 2310 Nimirum

923 2333 977 2360 tria
990 2340 1098 2368 semper
1109 2333 1258 2364 exsistunt,
1280 2326 1334 2359 tria
1349 2334 1416 2359 sunt
1431 2329 1556 2365 ejusdem
1581 2329 1717 2357 sanctita-

925 2379 972 2412 tis,
985 2379 1037 2407 tria
1053 2378 1135 2407 simul
1147 2378 1270 2414 expertia
1279 2378 1418 2413 principii,
1445 2378 1499 2405 tria
1513 2375 1634 2412 agentia,
1659 2375 1715 2402 tria

924 2425 1007 2453 simul
1035 2424 1154 2460 agentia,
1185 2424 1213 2452 in
1230 2423 1327 2452 eadem
1350 2423 1448 2455 forma,
1473 2423 1526 2451 tria
1546 2421 1714 2453 coniormia,

923 2473 977 2500 tria
994 2471 1124 2505 eﬂicacia,
1141 2471 1195 2499 tria
1211 2470 1400 2499 eﬂectionibus
1417 2469 1577 2505 conjuncta,
1587 2468 1639 2496 tria
1648 2468 1715 2496 sub-

923 2518 1060 2550 sistentia,
1082 2518 1135 2545 tria
1156 2517 1242 2545 simul
1265 2516 1457 2549 subsistentia,
1479 2523 1541 2551 qua:
1565 2522 1619 2542 non
1650 2522 1714 2541 mu-

925 2569 1028 2597 tantur,
1058 2572 1149 2600 neque
1172 2567 1330 2595 transeunt,
1360 2570 1450 2598 neque
1469 2562 1621 2590 miscentur
1643 2560 1714 2587 inter

923 2619 963 2639 se.
983 2610 1050 2638 Nam
1071 2617 1180 2646 semper
1209 2609 1320 2638 exsistit
1350 2608 1444 2641 Pater,
1470 2613 1497 2636 et
1519 2607 1629 2642 quidem
1665 2613 1712 2635 so-

925 2655 1065 2684 lummodo
1105 2655 1186 2684 Pater
1216 2659 1269 2688 est,
1300 2663 1356 2683 non
1390 2655 1473 2682 etiam
1502 2653 1600 2687 Filius;
1623 2648 1713 2680 scm-

923 2710 972 2738 per
997 2701 1108 2730 exsistit
1134 2700 1232 2734 Filius,
1266 2706 1295 2729 et
1322 2699 1434 2736 quidem
1462 2698 1636 2728 solummodo
1667 2696 1714 2725 1ιί-

926 2748 980 2776 lius
1016 2751 1069 2780 est,
1108 2755 1163 2775 non
1191 2747 1274 2775 etiam
1305 2746 1403 2780 Pater;
1429 2745 1613 2779 similiterque
1643 2743 1714 2771 divi-

925 2803 979 2823 nus
1003 2794 1050 2822 ille
1063 2794 1182 2830 Spiritus
1204 2801 1256 2822 nec
1269 2793 1351 2822 Pater
1370 2796 1423 2825 est.
1450 2799 1501 2820 nec
1532 2791 1638 2823 Filius;
1664 2789 1711 2817 sed

924 2839 998 2867 omni
1012 2839 1071 2867 sine
1089 2840 1241 2867 mutatione
1267 2838 1389 2874 procedit
1407 2847 1414 2865 ;
1433 2844 1543 2872 semper
1563 2836 1664 2863 habent
1685 2835 1711 2862 id

925 2884 999 2922 quod
1019 2885 1136 2922 singulis
1162 2888 1205 2914 cst
1223 2884 1371 2921 peculiare,
1399 2883 1567 2919 perfectione
1591 2888 1709 2913 summa,
