1920 3046
215 131 268 159 805

217 201 268 226 p-o
297 200 346 219 sua
375 193 567 228 unusquisque
587 194 750 229 hypostasi:
767 196 897 223 nimirum
917 196 1011 230 Pater,

204 237 313 267 ,Filius.
332 237 453 273 Spiritus
467 243 593 270 sanctus,
609 241 637 267 in
650 241 756 268 unitate
772 240 896 269 Trinitas
913 247 941 269 et
957 247 1009 276 est,

214 289 243 312 et
257 283 430 318 intelligitur,
459 288 487 310 et
503 284 658 320 proﬁtendo
679 285 849 320 perhibetur,
865 290 893 313 et
910 287 1008 314 adora—

215 333 262 357 tur
274 329 309 357 ab
318 329 352 357 iis
363 329 410 364 qui
423 336 497 362 vere,
508 337 562 357 non
571 330 672 365 speciei
686 338 782 363 causa.
791 332 834 359 vel
850 332 1011 368 blaspheme

217 375 332 405 “erant
353 378 382 402 ut
399 375 483 403 Arius
500 375 548 410 qui
562 380 590 403 et
611 375 657 404 Dei
673 381 800 405 naturam
813 377 955 411 distrahit,
984 382 1012 406 et

765 133 794 160 S.
807 133 960 164 CESARII
979 131 1146 163 GREGORH
1163 132 1311 161 FHATRIS

1803 131 1860 160 8“

1066 205 1145 231 μενα,
1166 195 1197 228 ἐξ
1211 195 1296 223 αὐτοῦ
1315 194 1331 230 ἦ
1353 195 1419 229 παρ’
1433 191 1517 221 αὐτοῦ
1533 191 1550 227 ἢ
1570 191 1638 227 πρὸς
1659 189 1742 218 αΰτδν
1756 190 1862 217 ἕκαστα

1063 242 1147 275 ἀξίως
1156 241 1300 277 νοούμενα,
1309 241 1356 267 καὶ
1363 240 1452 276 ὀρθῶς
1462 238 1646 274 πιστευόμενα
1654 246 1661 252 ·
1673 237 1765 269 καθὼς
1775 237 1862 264 ἑαυτὰ

1062 289 1250 316 ἀποκαλύπτει
1264 288 1332 323 φῶς,
1346 288 1412 324 πῦρ,
1428 287 1548 322 πνεῦμα,
1570 285 1618 312 καὶ
1629 284 1749 319 ἑτέραις,
1770 281 1860 318 οἶμαι,

1063 335 1185 371 ὁράσεων
1197 335 1365 370 παραϐολαῖς
1378 334 1426 361 καὶ
1442 331 1600 369 ὁμοιώσεσι,
1616 330 1708 362 καθὼς
1721 329 1798 362 ἄξιος
1810 339 1861 364 φα-

1064 379 1123 414 νείη
1140 381 1197 412 τοῖς
1218 380 1300 411 θείοις
1312 379 1530 414 διακονούμενος.

217 422 251 450 ad
264 423 397 450 trutinam
406 427 528 454 revocat,
543 427 571 450 et
587 423 678 458 majus
698 432 731 451 ac
748 425 841 454 minus
863 425 957 455 divina
982 426 1009 456 in
1026 425 1161 454 Trinitate
1176 427 1362 462 imaginatur:
1380 426 1423 454 vel
1447 430 1476 453 ut
1496 425 1650 458 Sabellius,
1673 424 1719 459 qui
1735 422 1861 450 eamdem

217 468 380 497 cmumiscet
398 475 430 496 ac
447 467 594 496 confundit
610 489 617 501 ,
643 475 670 499 et
692 471 878 506 υἱοπατορίαν,
902 471 953 499 hoc
967 475 1020 504 est.
1048 471 1139 500 Patris
1159 472 1278 508 Filiique
1293 473 1484 501 confusionem
1501 470 1636 505 singulari
1656 470 1750 498 furore
1767 467 1860 495 docet.

218 517 390 552 Quapropter
410 518 564 544 statuamus
579 515 741 544 Trinitatem
763 524 855 551 parem
874 517 1012 551 potentia.
1034 517 1121 553 gloria
1137 539 1144 551 ,
1166 518 1360 554 amplitudine,
1376 518 1419 545 vel
1434 518 1525 553 potius
1541 524 1651 545 summa
1678 522 1740 542 cum
1765 514 1855 548 gloria

215 567 244 591 et
259 563 458 598 amplitudine,
477 571 586 591 omnem
607 563 692 590 animi
719 563 924 598 perceptionem
948 568 1142 598 superantem;
1169 564 1252 599 idque
1274 565 1302 591 in
1332 572 1386 592 una
1405 564 1499 592 divina
1523 567 1635 595 natura,
1668 569 1754 597 regno
1769 582 1777 594 ,
1813 569 1859 588 ro-

219 612 296 643 bore.
315 612 401 639 libera
422 616 568 646 potestate,
592 619 653 646 qua:
671 612 829 639 universam
847 619 938 639 rerum
959 616 1086 640 naturam
1114 612 1148 640 de
1175 613 1251 640 nulla
1271 614 1386 641 materie
1403 612 1528 647 subjecta
1549 611 1682 640 fabricata
1709 610 1756 638 sit.
1785 610 1861 643 Quo-

217 658 299 686 modo
311 662 401 686 aulem
417 659 475 686 haec
490 666 550 686 sese
562 658 689 690 habeant,
707 659 732 685 id
744 666 809 686 vero
823 663 953 686 accurate
969 660 1153 695 pervestigare
1165 661 1404 696 supersedeamus.
1421 660 1489 688 Nam
1501 668 1576 687 nemo
1596 660 1668 687 novit
1680 659 1790 686 Patrem
1810 659 1862 686 nisi

219 704 319 737 Filius,
328 713 409 740 neque
419 703 520 732 Filium
535 705 591 740 quis
608 704 677 731 novit
689 704 742 730 nisi
750 703 872 731 Pater“.
883 703 1045 733 Mortalibus
1054 710 1146 733 autem
1163 714 1212 734 eos
1225 706 1306 734 divus
1318 707 1364 734 ille
1372 706 1490 741 Spiritus
1497 705 1733 741 patefacit.Atque
1746 705 1775 732 in
1788 704 1863 732 hunc

218 753 330 780 modum
345 753 403 780 haec
417 753 469 780 tria
484 753 523 780 sic
535 753 674 780 exsistunt
685 773 693 784 ,
711 757 741 779 ut
761 760 812 780 nec
828 757 998 784 accrescant,
1016 761 1067 780 nec
1089 754 1261 787 minuantur,
1274 763 1327 782 nec
1341 755 1425 782 altius
1450 755 1594 788 insurgant
1605 774 1612 785 ,
1632 761 1682 781 nec
1696 753 1863 781 contrahan-

219 804 273 830 tur,
299 803 327 826 et
346 799 451 834 singula
471 806 504 826 ex
519 806 566 829 se,
582 798 654 825 vela
669 806 715 829 se,
735 797 779 825 vel
799 797 834 824 ad
851 806 891 830 se,
905 799 1013 825 ratione
1038 798 1107 833 ipsis
1128 804 1326 833 consentanea,
1351 805 1407 827 tam
1431 799 1620 834 intelligantur
1637 806 1720 833 quam
1745 797 1864 825 credan-

218 850 280 871 tur:
294 844 520 878 quemadmodum
536 843 626 877 seipsa
640 841 807 877 patefaciunt
824 844 925 873 lumen,
942 843 1022 878 ignis,
1032 841 1240 877 spiritusg‘Quin
1261 847 1287 871 et
1303 851 1351 878 per
1370 843 1447 875 alias,
1463 847 1492 871 ut
1502 843 1629 879 equidem
1637 842 1860 877 arbitror,visio-

219 897 284 916 num
294 889 511 924 comparationes
526 893 553 915 et
572 887 764 915 similitudines
776 887 916 922 pateﬁunt,
934 891 1013 922 prout
1026 887 1126 923 dignus
1144 889 1167 916 is
1183 889 1293 916 habitus
1308 889 1457 924 fuerit.qui
1475 889 1583 917 divinas
1599 897 1645 918 res
1662 893 1771 916 tractat.

452 934 713 963 INTERROGATIO
734 934 781 962 IV.

255 981 290 1008 Δι
317 981 390 1008 enim
422 981 469 1016 qui
495 981 602 1016 Moyses
620 980 737 1011 scribit,
763 979 834 1007 Deus
859 979 904 1006 ille
932 985 1010 1013 tuus,

167 1024 170 1027 ’
219 1035 288 1053 unus
305 1031 344 1053 est
361 1026 488 1052 Dominus
507 1026 544 1058 ¹¹;
565 1030 591 1052 et
608 1026 634 1052 in
651 1026 737 1052 Annae
754 1025 854 1060 hymno
878 1025 979 1052 dicitur
1001 1034 1008 1052 :

222 1072 283 1098 Non
305 1077 345 1098 est
360 1073 498 1107 quisquam
523 1077 642 1103 sanctus,
672 1077 702 1099 ut
721 1071 868 1104 Dominus;
891 1081 943 1099 non
974 1076 1013 1099 est

220 1119 358 1152 quisquam
366 1118 467 1151 justus,
486 1123 515 1144 ut
534 1117 601 1144 Deus
619 1123 726 1150 noster;
744 1126 796 1144 non
811 1123 849 1145 est
871 1118 1012 1153 quisquam

220 1168 330 1190 Juncqu
357 1169 434 1190 extra
464 1164 535 1195 te";
567 1163 634 1198 quin
661 1167 688 1190 et
717 1163 775 1198 ipse
791 1163 917 1190 Christus
942 1163 979 1190 ait
1005 1173 1011 1190 :

223 1208 258 1235 Ut
274 1213 432 1243 cognoscant
443 1213 466 1235 te
482 1209 569 1236 solum
577 1217 667 1236 uerum
682 1209 775 1240 Deum,
788 1213 812 1236 et
828 1217 904 1243 quem
916 1210 1013 1237 misisti

201 1274 205 1278 .
220 1253 312 1281 letum
331 1253 481 1285 Christum;
499 1262 555 1282 non
574 1255 671 1289 inquit.
689 1254 802 1289 (Iesum)
819 1254 950 1281 Deum“?

543 1300 697 1335 Responsio.

257 1345 404 1374 Enimvero
421 1346 549 1374 Christus
568 1346 610 1373 his
624 1347 717 1373 verbis
734 1354 749 1374 a
771 1347 873 1374 deitate
893 1346 1013 1381 seipsqu

221 1399 277 1418 non
297 1392 406 1425 eximit,
431 1392 479 1420 sed
496 1393 589 1427 potius
615 1392 648 1419 ad
664 1393 747 1420 unius
771 1400 862 1421 rerum
882 1393 1014 1427 principis

222 1446 254 1466 ac
271 1438 320 1466 Dei
340 1439 508 1474 agnitionem
524 1447 574 1466 nos
591 1439 618 1466 in
633 1440 752 1467 sublime
763 1439 849 1470 ducit,
871 1448 904 1467 ne
919 1439 1013 1466 mundi

203 1484 367 1511 -elementis
396 1484 513 1519 amplius
532 1485 696 1519 suppliciter
723 1484 826 1511 addicti
850 1485 949 1515 simus,
981 1492 1013 1511 ac

202 1547 206 1550 -
223 1531 271 1558 Dei
287 1531 350 1557 loco
373 1530 477 1557 nostris
493 1530 635 1558 conservis
660 1530 766 1557 cultum
794 1530 916 1557 divinum
936 1530 1015 1558 eishi-

201 1593 203 1595 -
222 1577 332 1609 luentes,
346 1575 379 1603 ad
395 1575 509 1603 deorum
527 1577 731 1604 multitudinem
753 1577 954 1604 exorbitemus.
971 1576 1014 1604 ld-

202 1641 205 1645 -
222 1622 299 1649 circo
306 1629 368 1648 cum
376 1621 423 1653 ait,
435 1625 458 1648 et
467 1629 542 1655 quem
557 1621 653 1648 misisti
664 1621 756 1648 Jesum
769 1621 913 1652 Christum,
924 1629 1020 1656 quem-

223 1675 288 1695 nam
318 1667 391 1694 hunc
412 1675 474 1695 esse
489 1667 567 1700 dicit,
584 1668 640 1695 nisi
656 1667 760 1694 Deum?
777 1668 880 1695 sicutct
901 1667 1020 1696 Joannes

226 1714 338 1748 inquit:
357 1713 511 1747 Unigenilus
541 1713 629 1740 Filius
652 1713 697 1748 qui
725 1718 763 1740 est
783 1714 810 1740 in
836 1714 896 1740 sinu
915 1713 1017 1745 Patris,

225 1762 280 1794 ipse
306 1759 482 1787 enarravit".
511 1759 616 1791 Quibus
650 1763 714 1787 sunt
739 1764 924 1787 consentanea
951 1768 1012 1794 quae

226 1805 328 1832 Paulus
345 1805 379 1832 de
397 1804 508 1832 Christo
524 1804 638 1838 scripsit
653 1812 660 1829 :
677 1804 796 1836 Quorum
823 1809 924 1838 patres.
944 1810 969 1832 et
988 1813 1020 1832 ex

225 1849 319 1885 quibus
328 1849 450 1876 Christus
466 1848 611 1876 secundum
633 1857 751 1881 carnem,
767 1850 813 1885 qui
827 1855 866 1877 est
890 1850 959 1878 Deus
975 1860 1020 1877 su-

227 1904 273 1930 per
287 1896 417 1923 omnia".

466 1939 725 1967 INTERROGATIO
749 1940 781 1967 V.

263 1985 293 2013 Si
311 1994 377 2021 ergo
392 1985 466 2012 Patri
484 1987 598 2020 mqualis
618 1991 660 2014 est
676 1986 775 2017 Filius.
799 1995 850 2014 cur
865 1987 891 2014 in
907 1986 1019 2015 Joannis

228 2038 255 2060 et
273 2033 349 2060 Pauli
374 2033 561 2060 monumentis
595 2033 750 2059 litterarum
768 2041 821 2059 non
847 2033 1019 2060 adorationis

227 2087 262 2106 eo
276 2079 352 2106 cultu
363 2077 481 2104 allicitur
505 2086 559 2112 quo
576 2077 668 2110 Pater,
699 2078 742 2105 cui
760 2079 815 2105 veri
837 2078 883 2105 Dei
899 2079 1020 2113 appella—

230 2126 332 2152 tionem
348 2123 389 2150 illi
402 2122 547 2149 tribuunt?

550 2168 704 2203 Responsio.

266 2217 373 2252 Ergone
385 2218 530 2253 quisquam
546 2216 646 2251 poterit
670 2215 797 2243 universe
814 2218 950 2249 receptam
970 2213 1018 2242 Jo-

231 2264 311 2291 annis
328 2263 471 2298 epistolam
495 2263 666 2293 subvertere,
689 2268 750 2296 quae
777 2260 804 2287 in
819 2264 940 2288 extremo
963 2260 1019 2287 cla-

230 2315 306 2337 mat:
330 2308 410 2337 Jesus
426 2309 566 2340 Christus,
584 2309 631 2334 'hic
659 2315 733 2334 verus
757 2306 829 2334 Deus
850 2310 902 2339 est,
920 2311 945 2333 et
963 2306 1018 2333 vita

231 2362 332 2383 (eterna
342 2357 435 2384 "?Et
449 2356 504 2383 alio
533 2355 654 2391 quodam
676 2355 737 2381 loco
766 2353 799 2381 de
827 2353 908 2381 Patre
936 2353 1019 2386 dicit,

232 2403 301 2430 Deus
327 2407 366 2430 est
392 2402 525 2434 lumen“,
555 2409 643 2436 neque
659 2400 754 2435 adjicit
770 2407 882 2432 vocent,
918 2407 1017 2427 verum.

231 2448 338 2484 Ergone
365 2447 458 2476 dicere
487 2448 636 2482 audeamus
655 2446 766 2474 Patrem
782 2453 836 2474 non
850 2453 912 2474 esse
924 2453 1019 2474 verum

231 2494 344 2521 lumen?

467 2536 739 2565 INTERROGATiO.
759 2536 804 2563 Vl.

268 2583 342 2612 Satis
356 2584 406 2611 abs
421 2588 448 2612 te
474 2584 563 2613 Patris
578 2588 605 2611 et
622 2583 683 2610 Filii
708 2582 894 2610 demonstrata
914 2586 958 2609 est
985 2589 1023 2609 ze-

232 2632 361 2664 qunlitas.
375 2630 558 2663 Quamobrem
572 2629 645 2664 quod
662 2628 798 2663 reliquum
818 2632 871 2658 est.
896 2627 1023 2662 cupimus

231 2675 314 2702 etiam
341 2675 376 2702 de
396 2675 501 2710 Spiritu
520 2679 616 2702 sancto
637 2672 716 2700 fateri
735 2680 818 2708 opera
841 2677 900 2704 tua,
926 2679 1020 2700 verum

232 2720 308 2747 hunc
322 2720 407 2747 Deum
425 2719 491 2747 dici.

1364 937 1489 964 ΠΕΥΣΙΣ
1510 937 1547 964 Δ’.

1098 982 1153 1008 Καὶ
1174 981 1233 1014 πῶς
1254 983 1375 1018 Μωῡσῆς
1392 982 1505 1018 γράφει,
1526 982 1635 1015 Κύριος
1658 982 1675 1008 ό
1695 979 1770 1013 Θεός
1790 987 1860 1010 σου,

1063 1027 1170 1061 Κύριος
1186 1025 1230 1060 εἷς
1244 1028 1329 1054 ἐστιν
1341 1037 1348 1044 ·
1368 1029 1397 1054 ὲν
1411 1028 1440 1054 δὲ
1452 1029 1484 1063 τῇ
1497 1027 1565 1064 ᾠδῇ,
1580 1027 1596 1062 ή
1610 1027 1704 1058 Ἀννα,
1723 1026 1790 1052 Ὀτι
1805 1027 1861 1052 οὐκ

1063 1073 1149 1099 ἔστιν
1166 1073 1249 1107 ἅγιος
1262 1073 1303 1106 ὡς
1314 1075 1330 1100 ό
1343 1073 1461 1107 Κύριος,
1475 1073 1523 1100 καὶ
1535 1073 1590 1099 οὐκ
1604 1072 1671 1099 ἔστι
1685 1072 1803 1104 δίκαιος
1817 1071 1857 1104 ὡς

1064 1120 1080 1145 ὁ
1091 1118 1163 1151 Θεὸς
1171 1118 1265 1153 ἡμῶν,
1275 1119 1323 1145 καὶ
1336 1119 1391 1145 οὐκ
1405 1118 1492 1145 ἔστιν
1503 1118 1586 1152 ἅγιος
1596 1117 1679 1150 πλὴν
1690 1116 1763 1144 σοῦ·
1779 1117 1860 1147 αὐτὸς

1063 1164 1092 1191 δὲ
1105 1165 1119 1190 ὁ
1132 1164 1247 1199 Χριστὸς
1259 1164 1343 1198 λέγει,
1363 1165 1429 1191 Ἵνα
1445 1163 1617 1198 γινώσκωσι
1639 1171 1676 1189 σε
1694 1162 1750 1189 τὸν
1762 1163 1858 1197 μόνον

1063 1210 1164 1244 ἀληθῆ
1179 1209 1262 1243 Θεὸν,
1276 1211 1326 1237 καὶ
1338 1211 1374 1237 ὃν
1385 1209 1566 1242 ἀπέστειλας
1582 1209 1705 1243 Ἰησοῦν
1713 1209 1860 1242 Χριστόν·

1064 1258 1112 1284 καὶ
1126 1258 1177 1284 οὐκ
1193 1254 1264 1288 εἶπε,
1283 1257 1372 1289 Θεόν;

1374 1303 1552 1336 Ἀπόκρισις.

1107 1349 1176 1376 Ἀλλ’
1186 1350 1235 1384 οὐχ
1249 1348 1393 1382 ὑπεξάγων
1404 1348 1500 1374 ἑαυτὸν
1512 1347 1562 1383 τῆς
1576 1347 1703 1382 θεότητος
1717 1347 1732 1373 ὁ
1741 1346 1859 1382 Χριστὸς

1067 1396 1156 1422 τοῑαὸἐ
1180 1404 1273 1431 φησιν,
1290 1395 1330 1426 εἰς
1346 1394 1496 1429 μοναρχίαν
1511 1394 1540 1419 δὲ
1555 1394 1602 1420 καὶ
1613 1392 1782 1426 θεογνωσίαν
1796 1392 1861 1419 ἀνά-

1064 1448 1120 1474 γων
1141 1441 1214 1475 ἡμᾶς
1235 1439 1344 1475 μᾶλλον,
1365 1439 1409 1465 ἵνα
1431 1439 1529 1474 μηκέτι
1546 1436 1622 1473 ὦμεν
1641 1439 1697 1470 τοῖς
1716 1437 1862 1472 στοιχείοις

1065 1488 1111 1514 τοῦ
1125 1489 1226 1524 κόσμου
1252 1487 1430 1519 ἱκετεύοντες,
1448 1487 1495 1513 καὶ
1514 1487 1575 1513 ἀντὶ
1594 1486 1662 1513 Θεοῦ
1676 1486 1734 1517 τοῖς
1750 1485 1861 1511 συνδού-

1065 1535 1124 1566 λοις
1138 1535 1326 1571 λατρεύοντες,
1341 1534 1388 1560 καὶ
1403 1534 1443 1564 εἰς
1462 1532 1607 1559 πολυθεῖαν
1627 1531 1744 1558 εἰδώλων
1761 1531 1863 1565 ὑποφε-

1073 1582 1190 1616 ρόμενοι.
1216 1582 1285 1616 Φησὶ
1308 1580 1385 1615 γοῦν,
1401 1580 1455 1607 Καὶ
1480 1579 1517 1605 ὃν
1536 1577 1720 1610 ἀπέστειλας
1744 1571 1864 1611 Ἰησοῦν

1070 1628 1208 1661 Χριστόν.
1237 1627 1303 1654 Τίνα
1318 1626 1422 1658 τοῦτον,
1439 1625 1497 1652 ἀλλ’
1519 1625 1537 1658 ἢ
1553 1624 1640 1657 Θεὸν;
1668 1623 1761 1655 καθὼς
1781 1623 1864 1658 φησιν

1070 1675 1084 1700 ὁ
1105 1674 1247 1709 Ἰωάννης·
1269 1674 1296 1700 '0
1310 1672 1480 1708 μονογενὴς
1491 1671 1568 1704 Υἱὸς,
1584 1673 1600 1698 ὁ
1614 1670 1656 1697 ὢν
1669 1670 1704 1697 ἐν
1714 1669 1778 1702 τοῖς
1794 1669 1864 1695 κόλ-

1071 1726 1137 1752 ποις
1154 1719 1208 1746 τοῦ
1221 1719 1346 1753 Πατρός,
1363 1718 1480 1750 ἐκεῖνος
1495 1716 1679 1751 ἐξηγήσατο.
1703 1715 1863 1749 Συμφώνως

1070 1764 1098 1791 δὲ
1112 1764 1216 1796 τούτοις
1228 1764 1334 1795 Παῦλος
1346 1764 1459 1800 γράφων
1471 1763 1536 1797 περὶ
1549 1761 1680 1797 Χριστοῦ,
1696 1757 1755 1787 Ὧν
1769 1761 1796 1786 οἱ
1808 1766 1865 1785 πα-

1070 1810 1162 1844 τέρες,
1178 1811 1226 1837 καὶ
1238 1810 1272 1841 ἐξ
1286 1806 1330 1836 ὧν
1345 1811 1362 1836 ό
1376 1809 1505 1844 Χριστὸς
1517 1808 1551 1836 τὸ
1569 1807 1644 1835 κατὰ
1658 1807 1772 1841 σάρκα,
1790 1807 1806 1833 ὀ
1821 1804 1866 1830 ὢν

1070 1856 1119 1883 ἐπὶ
1133 1856 1253 1883 πάντων
1267 1857 1348 1889 Θεός.

1373 1945 1497 1972 ΠΕΥΣΙΣ
1512 1945 1539 1972 Ε¹

1105 1992 1137 2018 Εἰ
1151 1989 1197 2021 οὖν
1213 1989 1272 2023 ἶσος
1285 1991 1324 2026 τῷ
1335 1992 1421 2027 Πατρὶ
1435 1991 1450 2018 ό
1465 1991 1542 2024 Υἱὸς,
1559 1990 1630 2017 διατὶ
1648 1989 1686 2025 μὴ
1700 1990 1865 2025 προσκυνεῖ-

1069 2047 1113 2065 ται
1127 2040 1183 2070 τοῖς
1201 2038 1324 2065 Ἰωάννου
1336 2038 1383 2064 καὶ
1396 2037 1502 2064 Παύλου
1514 2037 1687 2072 γράμμασιν,
1705 2035 1746 2067 ὡς
1757 2036 1805 2062 ἐπὶ
1813 2034 1862 2062 τοῦ

1071 2084 1176 2120 Πατρὺς
1189 2084 1219 2111 τὸ
1231 2084 1289 2119 φῶς
1299 2084 1330 2110 τὸ
1342 2083 1469 2119 ἀληθινόν
1481 2092 1487 2116 ;
1509 2083 1579 2119 (εἰς.)

1377 2172 1558 2206 Ἀπόκρισις.

1106 2216 1168 2254 Ἆρ’
1186 2216 1233 2246 οὖν
1253 2217 1308 2250 οἶος
1328 2218 1462 2253 ὑπάρχεις
1481 2217 1690 2245 ὑποσπάσασθαι
1710 2216 1762 2253 τὴν
1779 2217 1862 2244 καθο-

1068 2264 1148 2300 λικὴν
1168 2265 1291 2291 Ἰωάννου
1312 2265 1482 2300 Ἐπιστολὴν.
1508 2263 1577 2299 πρὸς
1597 2263 1635 2298 τῷ
1651 2263 1723 2290 τέλει
1746 2263 1863 2298 βοῶσαν,

1068 2311 1110 2337 ὅτι
1127 2310 1231 2346 Ἰησοῦς
1244 2311 1259 2336 ό
1273 2311 1389 2346 Χριστὸς
1403 2308 1494 2342 οὗτός
1504 2310 1590 2337 ἐστιν
1601 2311 1618 2336 ό
1631 2309 1777 2343 ἀληθινὸς
1792 2309 1864 2340 Θεὸς

1069 2357 1119 2383 καὶ
1136 2356 1193 2391 ζωὴ
1211 2355 1330 2388 alibi-ioc
1342 2365 1352 2388 ;
1371 2356 1427 2382 Καὶ
1441 2355 1585 2391 ἑτέρωθεν,
1603 2355 1668 2389 περὶ
1684 2355 1735 2390 μὲν
1749 2354 1797 2381 τοῦ
1809 2356 1865 2382 Πα-

1066 2402 1130 2438 τρός
1145 2411 1236 2438 φησιν,
1257 2403 1297 2429 ὃτι
1315 2401 1377 2437 φῶς
1399 2404 1415 2430 ό
1432 2390 1515 2435 Θεὸξ,
1530 2402 1578 2429 καὶ
1600 2402 1631 2428 οὐ
1655 2402 1816 2438 πρόσκειται
1830 2401 1864 2428 τὸ
1881 2390 1896 2410 θ

1068 2450 1224 2483 ἀληθινόν.
1244 2449 1399 2484 Τολμητέον
1411 2447 1467 2484 ἄρα
1476 2449 1572 2485 φῆσαι,
1592 2448 1629 2485 μὴ
1641 2446 1711 2475 εἶναι
1722 2448 1782 2483 φῶς
1798 2448 1865 2483 ἁλη-

1070 2495 1145 2523 Θινὸν
1160 2496 1206 2523 τὸν
1221 2495 1331 2532 Πατέρα
1344 2504 1351 2529 ;

1373 2542 1497 2569 uersu:
1514 2540 1561 2575 ς’.

1110 2589 1179 2624 Περὶ
1188 2588 1237 2624 μὲν
1246 2588 1292 2615 τοῦ
1301 2588 1407 2624 Πατρὺς
1416 2588 1464 2616 καὶ
1470 2587 1534 2614 Υἱοῦ
1545 2586 1646 2618 ἱκανῶς
1658 2585 1804 2619 ἀπέδειξας
1814 2583 1864 2620 τὴν

1075 2633 1195 2668 ἰσότητα.
1210 2634 1310 2661 Λούιὸν
1324 2634 1362 2666 δὲ,
1374 2635 1420 2660 ἐπὶ
1433 2633 1481 2660 τοῦ
1498 2633 1576 2667 ἁγίου
1591 2632 1661 2659 Πνεύ
1666 2640 1751 2667 ματος
1766 2630 1864 2666 ζητοῦ-

1075 2687 1124 2713 μεν
1138 2679 1185 2706 τοῦ
1201 2679 1329 2715 ἀληθινοῦ
1346 2679 1502 2716 συμφωνῶν
1515 2679 1565 2715 (2).

268 2779 291 2794 ἰ
311 2778 406 2806 Matth.
423 2785 462 2808 xi.
478 2777 524 2804 27.
561 2777 584 2793 ¹¹
598 2776 682 2812 Deut._
693 2783 730 2812 \’_I.
745 2775 774 2802 4.
811 2775 863 2812 ιζι
878 2774 944 2811 Reg.
959 2783 988 2808 ιι,
1003 2775 1020 2801 2
1032 2779 1103 2811 apud
1121 2778 1201 2807 LXX.
1241 2781 1263 2796 “
1277 2779 1355 2808 Joan.
1374 2780 1480 2812 “11,5.
1518 2779 1541 2795 ’⁵
1554 2776 1634 2806 Joan.
1647 2777 1719 2811 t,l8.
1746 2777 1770 2793 "
1784 2775 1863 2804 Rom.

234 2820 273 2845 ιι,
354 2814 375 2829 ’⁷
389 2814 399 2839 l
412 2812 491 2839 Joan.
510 2820 536 2843 ν,
552 2812 597 2839 ‘20.
635 2812 657 2827 ’⁸
674 2810 682 2837 l
698 2810 777 2838 Joan.
794 2818 812 2842 ι,
828 2810 854 2837 5.

272 2870 310 2903 (2)
325 2869 510 2905 Συμεοωνίοιι.
525 2869 565 2896 An
580 2868 720 2904 legendum
733 2868 930 2904 συμφωνίανν
941 2868 1018 2896 linit.
