1920 3046
74 147 132 176 865

393 203 573 238 Ἀπόκρισις.

122 250 229 283 Ἱκανὸς
248 250 342 278 τούτου
365 249 512 284 παιδευτὴς
529 249 610 281 αὐτὸς
624 249 638 275 ό
653 249 728 280 Υἱός.
738 247 809 275 Ἐὰν
828 247 882 284 γὰρ

78 295 281 330 monetam,
293 295 388 331 φησιν,
399 294 515 328 ἐκεῖνος
525 294 641 329 ἔρχεται
653 293 685 320 τὸ
693 293 816 328 Πνεῦμα
827 292 882 327 τῆς

77 342 243 376 ἀληθείας.

60 383 64 402 '.
138 375 142 376 ⁷
222 375 226 376 ⁷
391 375 517 402 ΠΕΥΣΙΣ
532 375 570 402 Ζ’.

117 433 177 459 Καὶ
186 433 204 467 ἡ
211 432 307 468 Γραφὴ
324 433 434 459 κτιστὺν
450 432 570 458 δείκνυσι
578 431 608 458 τὸ
616 430 738 467 Πνεῦμα,
748 430 878 465 λέγουσα·

84 477 197 512 Κίφιος
213 477 344 512 στερεῶν
356 477 504 511 βροντὴν,
522 477 571 503 καὶ
587 475 693 506 κτίζων
707 476 836 511 πνεῦμα.

395 552 576 587 Ἀπόκρισις.

125 610 198 636 Ἀλλ’
212 609 244 636 οὑ
262 610 326 645 περὶ
343 608 390 635 τοῦ
411 609 483 636 Θείου
500 609 617 635 ἐνταῦοα
636 609 795 644 Πνεύματος
814 608 880 643 φησὶ

83 654 115 681 τὸ
134 654 264 690 γράμμα.
293 654 330 680 Οὐ
343 645 509 689 ’πρόσκειται
535 654 588 689 γὰρ
608 654 647 689 τῷ
672 653 826 688 κτιζομένῳ
849 653 880 680 τὺ

83 701 189 735 ἄτιον
213 700 280 727 ἀλλὰ
299 700 384 734 ψιλῶς
407 700 484 735 φησὶ,
502 700 613 730 [femur
634 700 760 734 πνεῦμα.
785 699 817 726 τὸ
834 699 880 725 ἐπὶ

83 747 220 782 κινήσεως
235 747 324 781 νεφῶν
339 746 384 772 καὶ
399 747 539 782 ἐνέργειαν
550 746 586 781 (5)
603 746 681 773 ὑετοῦ
699 745 790 777 πνέον,
802 745 835 771 δι’
850 742 883 772 οὗ

83 793 133 819 καὶ
147 793 162 819 ὁ
176 793 226 828 τῆς
241 792 354 828 βροντῆς
370 792 483 823 εἰκότως
498 792 669 819 ἀποτελεῖται
683 789 760 827 ἦχος,
777 792 805 818 ὲν
820 793 880 824 ταῖς

84 839 224 875 κοιλότησι
244 839 299 865 τῶν
317 838 406 873 νεφῶν
427 838 716 873 ὲναπολαμῦανομένου
732 838 779 865 τοῦ
799 839 879 865 πνεύ-

86 893 184 920 ματος,
207 885 255 911 καὶ
275 886 308 920 τῇ
326 884 462 920 διαρραγῇ
486 885 534 911 καὶ
548 885 628 919 moth
647 884 880 920 κατακροτοῦντος

83 931 120 958 τὰ
138 931 324 966 ι’)-ιιοκείμενα⁵
351 930 423 957 κατὰ
443 931 492 967 τὴν
510 931 602 957 εἰκόνα
622 930 668 957 τοῦ
687 931 716 956 ἐν
732 930 845 966 ὄρνισιν,
860 930 878 966 ἢ

84 978 200 1012 κτήνεσι
227 977 380 1011 πεφυκότος
400 977 499 1011 ὑμένος
521 976 644 1012 ἐξιτήλου
668 977 715 1002 καὶ
736 977 879 1011 διαφανοῦς

85 1024 277 1059 πομφόλυγος·
299 1024 389 1050 ὅντινα
399 1023 433 1050 τὰ
446 1023 549 1059 σοῆαρὰ
563 1023 610 1049 καὶ
621 1022 771 1049 ἀπαίδευτα
785 1024 881 1058 μειρά-

85 1078 134 1097 κια
145 1069 323 1106 κομιζόμενα,
334 1070 381 1096 καὶ
394 1069 434 1105 τῷ
445 1070 503 1105 ἀέρι
517 1068 745 1104 ἀναξηραίνοντα,
758 1068 796 1104 τῷ
807 1069 881 1103 σφῶν

85 1115 223 1151 πνεύματι
232 1116 420 1149 διατείνουσιν,
431 1111 490 1142 εἶτα
503 1115 625 1150 κρύϐδην
639 1113 808 1147 πατάξαντες
821 1123 882 1141 τινα

86 1162 125 1197 τῷ
148 1163 208 1197 imp
228 1162 278 1199 τῆς
298 1162 469 1198 περιρῤαγῆς
491 1161 554 1193 τοὺς
573 1161 761 1197 περιεστῶτας
783 1162 815 1188 ὲκ
836 1161 882 1195 ξυ-

87 1208 231 1241 σπλενδίας
244 1210 304 1244 (sic)
325 1209 410 1244 αὐτῆς
428 1209 474 1235 καὶ
492 1207 590 1242 βάθους
603 1208 719 1244 καρδίας
736 1207 880 1244 ὲθρόησαν.

390 1255 515 1281 ΠΕΥΣΙΣ
538 1255 580 1282 ιιι.

122 1304 179 1330 Καὶ
191 1303 251 1334 πῶς
269 1303 403 1338 χειμῶνος
426 1303 480 1330 τῶν
499 1303 588 1329 αὐτῶν
604 1302 689 1329 όντων
708 1303 880 1338 πνευμάτων,

87 1349 135 1375 καὶ
147 1348 334 1384 σφοδροτέρων
353 1348 465 1384 μᾶλλον,
481 1349 512 1375 οὐ
525 1346 647 1383 γίνονται
661 1348 685 1374 οἱ
701 1348 750 1383 τῆς
767 1347 882 1384 βροντῆς

87 1393 186 1420 κτύποι
197 1401 205 1425 ;

397 1439 579 1474 Ἀπόκρισις.

129 1485 375 1521 Ἑπινοτιζομένων
388 1486 443 1512 τῶν
456 1486 544 1520 νεφῶν
559 1486 605 1512 καὶ
616 1485 831 1521 μαλακουμένων
846 1486 880 1521 τῇ

88 1531 136 1558 τοῦ
156 1532 236 1567 ἀέρος
254 1531 400 1568 παχύτητι,
418 1532 465 1558 καὶ
480 1532 647 1567 ὁμιχλώδους
665 1533 711 1559 καὶ
728 1532 816 1567 ὑγρᾶς
827 1532 881 1558 τῶν

89 1577 303 1613 ὲγκεκραμένων
342 1579 375 1613 τῇ
397 1578 488 1613 χέρσῳ
513 1577 651 1613 κρηναίων
674 1585 703 1603 τε
725 1578 773 1604 καὶ
796 1585 881 1604 ποτα-

91 1623 160 1659 μίων
174 1623 289 1655 ὑδάτων,
303 1623 353 1649 οὐκ
371 1622 543 1649 ἀποτελεῖται
558 1623 572 1649 ό
584 1622 632 1657 τῆς
642 1622 794 1658 διαρῤαγῆς
803 1619 879 1657 ἦχος·

88 1669 120 1696 οὗ
132 1668 193 1696 καθ’
206 1668 271 1704 ὅλης
294 1669 385 1703 μέντοι
407 1668 523 1703 ἠπείρου
541 1667 628 1695 ταῦτα
653 1667 809 1703 συμϐαίνει,
825 1667 882 1694 ἀλλ’

89 1717 119 1744 ὲν
140 1717 197 1748 τοῖς
218 1715 369 1751 χειμερίοις
382 1715 469 1750 αὐτῆς
490 1714 605 1750 κλίματι
624 1714 725 1749 μόνοις,
749 1714 819 1740 κατὰ
833 1713 882 1749 τὴν

89 1762 183 1789 εἰκόνα
201 1761 366 1797 σκυτάληςῆ
383 1761 558 1796 μεμϐράνης·
576 1761 643 1796 ἡλίῳ
661 1761 710 1796 μὲν
729 1761 884 1794 διαφυσσω-

92 1809 191 1844 μένων,
211 1807 277 1843 μηδὲ
289 1807 338 1843 τὴν
354 1807 426 1842 ἁφὴν
436 1807 539 1842 ᾶψοφον
554 1806 637 1842 ἔχειν,
652 1806 831 1842 νοτιζομένων
843 1806 881 1837 δὲ,

92 1854 160 1889 μηδὲ
177 1853 225 1889 τὴν
247 1853 399 1889 διαρῤαγὴν
425 1853 569 1888 σημαίνειν
589 1851 759 1888 ἥσυστολήν.
778 1853 883 1887 Πηλου-

93 1899 175 1934 μένου
197 1898 287 1925 τοίνυν
309 1899 357 1925 καὶ
377 1898 566 1933 παχυνομένου
580 1897 628 1925 τοῦ
646 1898 710 1933 περὶ
725 1898 777 1933 γῆν
792 1897 882 1934 ἀέρος,

91 1945 161 1972 δοκῶ
189 1944 226 1980 μὴ
257 1944 434 1977 ἐξακούεσθαι
464 1944 510 1971 τὸν
540 1944 656 1980 ίκμαρον
683 1944 733 1979 τῆς
765 1941 881 1979 βροντῆς

91 1989 167 2026 ἦχον.
181 1991 301 2023 Εἰκότως
325 1991 439 2018 νοείσθω
457 1991 488 2017 τὸ
512 1990 559 2017 τοῦ
576 1990 677 2025 ἀνέμου
701 1989 808 2025 πνεῦμα
824 1987 883 2016 κτίὲ

92 2035 186 2067 (scatat
199 2035 314 2070 φάσκειν
326 2036 377 2072 τ’ὴν
393 2036 525 2071 Γραφήν,·
539 2035 579 2062 διὸ
595 2035 644 2062 καὶ
657 2036 689 2071 τῇ
704 2034 800 2070 βροντῇ
822 2043 884 2061 συν-

91 2082 230 2109 τέτακται.

797 141 969 171 DIALOGUS
988 142 1009 170 1.

1677 145 1730 175 866

1254 202 1408 239 Responsio.

971 245 997 273 Id
1012 254 1077 274 vero
1095 246 1182 275 Filius
1201 248 1259 283 ipse
1278 258 1331 278 nos
1345 250 1455 278 abunde
1468 250 1558 284 docet,
1580 258 1642 279 cum
1663 251 1700 278 ait
1719 258 1727 278 :

933 291 989 327 Ego
1001 293 1025 319 si
1039 293 1140 326 abiero,
1158 296 1239 321 veniet
1252 295 1305 329 ille,
1320 297 1365 331 qui
1381 295 1497 331 Spiritus
1505 301 1545 324 est
1561 297 1683 324 ueritatis
1691 297 1726 323 ¹⁹.

1164 371 1429 402 INTERROGATIO
1446 374 1504 402 VII.

947 431 949 433 ’
968 428 1051 464 Atqui
1072 429 1182 458 Littera:
1199 438 1286 459 sacra:
1305 432 1439 468 Spiritum
1459 439 1582 461 creatum
1606 441 1668 461 esse
1691 433 1727 461 si-

932 474 1078 509 gniﬁcant,
1099 483 1160 502 cum
1184 477 1261 504 aiunt
1284 487 1290 504 :
1316 478 1368 511 Qui
1386 477 1501 506 solidum
1519 479 1595 514 efﬁcit
1612 479 1724 511 tonitru,

932 526 958 547 et
976 521 1098 555 spiritum
1115 529 1185 550 treat
1201 523 1233 551 ³⁸.

947 574 951 578 ε
1249 558 1405 592 Responsio.

967 611 1001 639 At
1017 621 1068 640 non
1085 611 1130 639 bic
1144 611 1177 639 de
1189 613 1282 641 divino
1296 615 1397 649 Spiritu
1409 623 1500 643 sermo
1515 621 1567 644 est.
1580 615 1648 642 Nam
1666 615 1723 650 spi-
1739 618 1741 621 ‘

935 655 1000 682 ritui
1024 661 1118 683 creato
1146 659 1234 684 sancti
1260 659 1410 694 appellatio
1433 668 1488 688 non
1515 661 1656 695 adjicitur,
1677 660 1724 687 sed

932 701 1004 728 unde
1017 701 1117 729 dicitur
1133 712 1141 730 ε
1156 704 1201 738 qui
1213 705 1336 738 spiritum
1351 710 1424 732 creat
1442 713 1451 732 :
1467 707 1598 734 nimirum
1615 706 1661 742 qui
1672 710 1727 734 stat

931 746 959 773 in
975 746 1035 780 hoc,
1050 751 1080 774 ut
1095 748 1182 775 nubes
1198 754 1368 777 commoveat
1383 755 1410 778 et
1430 750 1529 778 alliciat
1545 751 1658 784 imbres,
1676 757 1726 785 per

931 800 1012 827 quem
1031 798 1057 820 ct
1079 794 1200 822 tonitrus
1219 803 1318 823 sonum
1343 796 1403 823 ﬁeri
1432 800 1650 824 consentaneum
1671 800 1725 829 est,

932 839 1030 874 spiritu
1060 840 1088 867 in
1116 843 1336 870 coneavitatibus
1358 843 1474 870 nubium
1504 843 1668 876 intercepto,
1698 847 1726 870 et

930 886 1107 920 perruptione
1130 886 1249 921 ﬂatuque
1280 889 1403 923 subjecta
1428 888 1607 924 supplodente
1622 897 1629 916 :
1647 896 1727 924 pror-

931 939 978 959 sus
999 932 1038 958 uti
1066 932 1123 959 ﬂeri
1146 933 1271 962 videmus
1305 934 1333 962 in
1354 935 1446 962 avium
1476 936 1518 963 vel
1533 936 1723 970 jumentorum

931 978 1021 1005 vesica
1058 986 1119 1013 quae
1147 979 1223 1006 tenui
1251 981 1446 1017 pelluciquue
1457 981 1538 1010 bullae
1567 982 1725 1010 consimilis

931 1027 982 1050 est.
1008 1023 1085 1051 lianc
1107 1025 1181 1052 enim
1205 1027 1362 1060 petulantes
1380 1027 1506 1063 maleque
1529 1028 1628 1055 morati
1647 1027 1741 1063 pueri,~

931 1072 1081 1103 sumptam,
1103 1074 1131 1097 et
1146 1077 1209 1098 acre
1226 1072 1369 1104 siccatam,
1380 1081 1430 1100 suo
1443 1074 1541 1108 spiritu
1560 1074 1724 1106 extendunt,

932 1122 964 1141 ac
982 1114 1082 1142 deinde
1100 1116 1256 1144 clanculum
1278 1125 1337 1146 eam
1354 1117 1498 1153 ferientes,
1513 1119 1632 1156 fragoris
1658 1128 1726 1148 sono

931 1161 1141 1190 circumstantes
1153 1167 1209 1191 toto
1225 1171 1286 1191 eum
1294 1165 1432 1193 viscerum
1446 1170 1522 1194 motu
1535 1171 1563 1194 et
1575 1168 1630 1195 imo
1643 1166 1727 1195 corde

932 1208 1176 1243 perterrefaciuut.
1738 1209 1741 1214 λ

1153 1255 1418 1284 INTERROGATIO
1438 1256 1508 1285 VIII.

967 1298 1000 1326 Et
1026 1299 1127 1334 quiﬁt,
1147 1305 1177 1327 ut
1202 1308 1265 1328 eum
1291 1301 1407 1329 hiberno
1421 1305 1544 1337 tempore
1569 1301 1625 1330 sint
1645 1302 1727 1330 iidem

933 1345 1058 1380 spiritus,
1076 1346 1132 1373 imo
1148 1346 1229 1374 etiam
1256 1348 1487 1381 vehementiores,
1516 1348 1668 1376 tonitruum
1687 1353 1728 1376 ta-

933 1398 994 1418 men
1006 1391 1131 1427 fragores
1149 1392 1188 1419 illi
1203 1400 1258 1419 non
1275 1393 1424 1420 accidant?

1250 1438 1405 1473 Responsio.

965 1482 1034 1509 Cum
1051 1483 1140 1510 nubes
1157 1483 1274 1511 madida:
1286 1488 1363 1516 sunt,
1390 1492 1421 1512 ac
1440 1483 1518 1512 facta
1534 1485 1673 1513 molliores
1690 1485 1728 1512 ob

932 1529 1084 1556 crassitiem
1099 1529 1181 1561 aeris,
1193 1533 1220 1557 et
1235 1531 1413 1566 caliginosum
1426 1531 1622 1566 humidamque
1639 1532 1739 1566 aqua-‘

932 1582 992 1601 rum
1011 1575 1244 1610 evaporationem,
1261 1581 1315 1603 tam
1334 1584 1394 1611 quin
1409 1577 1541 1611 l'outibus,
1566 1585 1648 1613 quam
1664 1572 1735 1612 quas

933 1620 1023 1648 ﬂuviis
1043 1622 1230 1654 continentur,
1249 1626 1275 1650 et
1296 1627 1377 1651 terrae
1394 1624 1481 1651 mis-tte
1494 1627 1567 1657 sunt,
1597 1624 1728 1658 strepitus

933 1666 979 1693 ille
996 1665 1113 1701 fragoris
1130 1667 1182 1693 orti
1201 1668 1234 1694 de
1251 1668 1429 1702 perruptione
1447 1669 1561 1696 nubium
1576 1676 1631 1696 nou
1646 1668 1729 1696 cﬂioi-

933 1715 998 1738 tur:
1017 1712 1090 1746 quod
1105 1713 1216 1747 quidem
1241 1720 1296 1740 non
1323 1714 1414 1741 ubivis
1436 1718 1574 1742 terrarum
1599 1708 1734 1741 accidere:

933 1757 1012 1789 solet,
1029 1758 1076 1785 sed
1093 1762 1199 1785 tantum
1215 1759 1242 1786 in
1254 1759 1413 1788 climatihus
1429 1762 1490 1795 ejus
1513 1761 1599 1788 hiemi
1615 1761 1676 1796 plus
1692 1764 1735 1788 θεέ

935 1811 990 1838 quo
1006 1804 1149 1838 subjectis.
1174 1804 1212 1832 Ac
1237 1806 1301 1833 licet
1325 1806 1369 1833 bic
1388 1806 1534 1841 imaginem
1562 1807 1596 1834 de
1624 1810 1729 1835 scutica

933 1850 1126 1878 membranave
1141 1855 1244 1886 petere,
1269 1859 1329 1887 qua
1344 1853 1367 1880 si
1384 1860 1398 1879 a
1417 1853 1474 1881 sole
1498 1856 1564 1880 sunt
1584 1853 1736 1883 arefactm.‘

933 1903 968 1922 ne
984 1897 1104 1932 contingi
1118 1898 1227 1931 quidem
1246 1899 1316 1925 citra
1331 1899 1474 1934 strepitum
1492 1904 1617 1934 possunt.
1627 1898 1728 1927 Verum

933 1941 980 1969 ubi
999 1942 1173 1977 maduerunt,
1199 1951 1297 1971 sonum
1319 1945 1400 1980 piune
1420 1945 1526 1972 nullum
1550 1944 1646 1979 edunt,
1671 1945 1730 1972 sive

934 1987 1003 2015 adeo
1017 1993 1192 2023 rumpantur,
1218 1990 1277 2017 sive
1293 1990 1503 2024 complicentur.
1526 1989 1627 2017 Eodem
1645 1989 1735 2017 modo

935 2035 958 2062 si
983 2035 1063 2070 quasi
1084 2035 1175 2063 luteus
1200 2035 1241 2065 ﬁt.
1267 2043 1435 2071 crassusque
1451 2036 1523 2064 circa
1544 2039 1645 2063 terram
1669 2037 1736 2069 aer,‘

935 2082 1062 2109 exaudiri
1075 2089 1128 2109 non
1144 2089 1225 2117 posse
1239 2081 1354 2109 ﬂuidum
1368 2082 1516 2117 laxumque
1531 2089 1630 2110 sonum
1649 2077 1735 2109 illum~

92 2129 212 2157 tonitrus
228 2129 357 2157 arbitror.
367 2128 477 2157 Debctis
489 2129 573 2164 igitur
585 2128 755 2161 existimare,
767 2128 887 2156 Litteras
904 2136 1000 2157 sacras
1012 2129 1116 2163 dicere,
1131 2130 1258 2165 spiritum
1273 2130 1350 2157 illum
1365 2134 1511 2158 ventosum
1524 2137 1539 2157 a
1551 2127 1608 2158 Deo
1619 2129 1706 2158 creari
1719 2138 1735 2157 :-

91 2183 145 2211 qua
161 2175 220 2211 ipSa
238 2175 273 2203 de
286 2183 371 2203 causa
386 2184 438 2203 vox
454 2176 512 2203 haec
524 2176 640 2203 tonitrui
655 2176 802 2211 conjuncta
817 2181 870 2203 est.

398 2221 523 2248 ΠΕΥΣΙΣ
538 2221 577 2249 8’.

127 2268 225 2300 Καλῶς
247 2268 311 2303 περ).
334 2267 381 2294 τοῦ
399 2268 559 2303 Πνεύματος
572 2268 750 2303 διδαχθέντες,
769 2267 803 2294 τὰ
819 2267 883 2304 περὶ

91 2314 138 2342 τοῦ
163 2313 229 2340 Υιοῦ
259 2314 442 2350 προστεθῆναι
466 2314 691 2350 παρακαλοῦμεν.
706 2314 743 2340 Τὸ
759 2313 814 2349 γὰρ
830 2314 883 2340 ὑπὸ

91 2359 140 2394 τῆς
164 2359 277 2396 Γραφῆς
299 2359 459 2395 λεγόμενονξ
481 2361 589 2395 Κύριος
609 2359 710 2387 ἔκτισέ
726 2368 766 2395 με
785 2359 884 2394 ἀρχὴν

93 2404 170 2432 ὁδῶν
191 2404 285 2432 αὐτοῦ
305 2406 348 2438 εὶς
366 2404 439 2440 ἔργα
459 2405 564 2439 αὑτοῦ,
582 2405 647 2441 περὶ
660 2404 742 2432 αὐτοῦ
758 2405 884 2440 εἰρῆσθαι

93 2450 162 2483 τινὲς
175 2450 404 2484 διδάσκουσιν,ὅτι
412 2451 521 2483 κτιστδς
532 2450 631 2478 καὶτοῦ
642 2451 748 2486 [ἰατρὸς
760 2450 881 2486 ὕστερος.

398 2542 581 2576 Ἀπόκρισις.

87 2601 89 2604 ι
127 2587 194 2622 Περὶ
213 2586 264 2622 μὲν
278 2587 325 2614 τοῦ
340 2585 405 2614 Υἱοῦ
422 2588 493 2624 φημὶ
506 2586 583 2622 κάγὼ
596 2588 627 2614 τὸ
642 2588 729 2623 ῥῆμα,
744 2587 776 2614 οὺ
789 2587 882 2622 μέντοι

93 2633 156 2668 περὶ
171 2634 222 2668 τῆς
237 2633 321 2659 αὑτοῦ
333 2632 469 2669 θεότητος,
486 2633 554 2660 ἀλλὰ
572 2634 622 2669 τῆς
635 2633 668 2659 ἐκ
680 2633 788 2669 Μαρίας
799 2633 882 2660 αὐτοῦ

95 2677 203 2713 σαρκός.
230 2678 374 2709 ’Δκτιστος
392 2678 447 2713 γὰρ
460 2677 579 2713 Θεότητι,
605 2677 727 2710 κτίζεται
741 2677 780 2713 τῷ
798 2687 884 2714 προσ-

94 2722 228 2758 λήμματι.
242 2723 280 2750 υύ
294 2723 348 2759 γὰρ
363 2724 473 2760 φησὶνή
488 2723 548 2751 θεία
562 2723 658 2759 Γραφὴ
678 2723 743 2759 περὶ
761 2723 808 2751 τοῦ
826 2724 883 2751 Πα-

94 2768 167 2804 τρὸς,
176 2769 285 2801 Κτίζων
291 2770 331 2800 εἰς
342 2768 501 2804 ἀνθρώπους
515 2769 561 2796 τὸν
570 2769 688 2806 Χριστὸν
701 2769 784 2797 αὑτοῦ
794 2779 801 2785 ·
815 2770 883 2803 ἀλλ’,

1165 2222 1426 2252 INTERROGATIO
1452 2223 1499 2252 IX.

975 2267 1090 2301 Quando
1109 2273 1184 2297 recte
1204 2278 1256 2298 nos
1284 2269 1318 2298 de
1335 2270 1440 2306 Spiritu
1459 2270 1587 2304 erudisti,
1608 2271 1728 2306 petimus

938 2314 978 2340 uti
995 2314 1028 2342 de
1040 2314 1110 2343 Filio
1125 2316 1249 2351 quaedam
1265 2316 1390 2351 adjicias.
1407 2316 1486 2350 Quod
1503 2317 1578 2349 enim
1598 2318 1686 2346 sacris
1699 2318 1728 2346 in

933 2358 1047 2388 Litteris
1074 2362 1256 2397 perscriptum
1283 2362 1399 2397 legimus
1421 2371 1428 2390 :
1447 2362 1576 2390 Dominus
1593 2371 1633 2390 me
1656 2371 1729 2390 crea-
1761 2384 1770 2394 .

934 2406 980 2439 uit,
993 2406 1098 2434 initium
1109 2408 1213 2435 uiarum
1229 2416 1339 2435 suarum
1348 2408 1382 2435 ad
1399 2416 1478 2442 opera
1492 2417 1543 2435 suo
1553 2409 1586 2436 ἰς
1603 2408 1630 2435 id
1641 2409 1675 2436 de
1685 2409 1729 2436 Fi-

936 2451 974 2478 lio
997 2451 1123 2487 plerique
1154 2453 1257 2480 dictum
1284 2453 1397 2486 volunt,
1423 2460 1487 2481 esse
1504 2453 1634 2482 videlicet
1653 2454 1728 2481 hunc

936 2501 1070 2531 creatum,
1086 2505 1118 2525 ac
1135 2497 1217 2526 Patre
1233 2499 1426 2534 posteriorem.

1248 2544 1404 2579 Responsio.

969 2588 1057 2616 Etiam
1074 2589 1134 2625 ipse
1149 2590 1183 2618 de
1206 2590 1279 2618 Filio
1299 2591 1403 2618 dictum
1430 2590 1499 2619 illud
1526 2591 1644 2627 accipio,
1671 2599 1726 2620 non

931 2639 1022 2664 tamen
1032 2635 1066 2663 de
1080 2635 1167 2670 ipsius
1179 2635 1338 2670 divinitate,
1360 2637 1409 2664 sed
1424 2636 1458 2664 de
1475 2643 1568 2670 carne,
1593 2644 1676 2672 quam
1692 2645 1726 2665 ex

932 2681 1018 2711 Maria
1029 2683 1158 2719 sumpsit.
1175 2682 1317 2712 Increatus
1330 2684 1404 2712 enim
1418 2688 1548 2720 respectu
1561 2684 1724 2716 divinitatis,

932 2728 993 2762 ejus
1007 2729 1114 2757 ratione
1126 2733 1237 2757 creatur
1244 2730 1318 2765 quod
1335 2730 1499 2766 assumpsit.
1509 2729 1566 2758 Nec
1580 2730 1652 2758 enim
1670 2728 1734 2757 Lito-

932 2776 1000 2801 terae
1020 2780 1106 2802 sacrae
1119 2774 1155 2803 de
1176 2774 1258 2804 Patre
1275 2774 1316 2804 sic
1331 2775 1498 2811 loquuntur,
1509 2774 1563 2809 Qui
1578 2778 1656 2803 creat
1671 2774 1723 2802 bo-

128 2828 149 2844 "
162 2826 243 2855 Joan.
261 2835 317 2860 xvt,
333 2827 358 2859 7,
376 2827 419 2855 l5.
458 2828 480 2844 ³ο
494 2828 577 2856 Amos
590 2835 627 2860 iv,
643 2828 687 2855 t3.
724 2827 746 2843 “
766 2827 848 2857 Prov.
863 2837 923 2865 vui,
939 2830 984 2860 22.

129 2894 168 2931 (3)
186 2894 364 2930 ‘Erémetar.
382 2895 464 2925 Forte
479 2897 530 2934 leg.
547 2898 696 2933 ὲνεργείας.
714 2896 792 2925 Εωτ.
