1920 3046
172 97 224 127 867

176 155 300 185 minibus
313 153 432 183 Unctum
452 160 533 181 suum
553 153 630 183 :sed.
645 151 698 186 Qui
712 152 862 180 annuntiat
881 151 970 179 homi-

173 202 258 230 nibus
275 200 396 239 Unctum
419 207 513 233 suum,
540 191 626 227 Deum
645 198 754 226 scilicet
765 198 843 226 illum
861 205 970 230 verum,

173 239 383 279 immutabilem,
411 253 465 274 non
487 249 624 277 creatum,
641 247 809 272 coasternum
833 243 918 276 Patri,
943 247 973 271 et

173 300 237 321 cum
258 300 292 321 eo
307 291 504 320 subsistentem
531 295 596 318 ante
616 290 716 318 saecula
733 299 740 317 :
755 289 790 318 de
815 297 871 326 quo
884 289 971 317 Joan-

174 346 224 366 nes
243 338 354 370 clamat,
368 336 422 370 Qui
435 337 516 364 estin
531 336 592 363 sinit
606 335 729 362 Patris"
742 343 750 368 ;
766 339 794 362 et
806 334 853 370 qui
869 333 971 363 Mosem

174 382 312 410 Pharaoni
339 381 433 410 dieere
447 381 526 417 jubet
543 390 550 408 :
567 388 634 414 non,
656 379 683 408 ls
703 379 751 415 qui
770 379 902 408 conditus
919 379 974 407 ali-

175 428 287 465 quando
304 432 347 457 est
363 428 372 463 (
386 428 420 456 de
443 427 580 456 sententia
606 426 772 454 stolidorum
789 425 972 461 quorumdam

175 480 204 504 et
216 474 428 512 insipientium),
439 474 499 507 sed,
516 473 569 507 Qui
584 477 634 506 est,
649 473 684 499 ad
700 476 724 499 te
740 479 781 499 me
797 465 928 507 ablegavit
938 471 972 500 ³³.

176 520 236 557 Ipse
259 519 378 556 denique
400 520 435 548 de
455 527 485 547 se
507 527 556 555 per
574 517 688 546 Paulum
707 517 746 544 ait
762 526 769 545 :
785 516 909 545 Christus
928 515 974 553 qui

175 573 216 595 est
227 567 298 595 Deus
315 575 394 602 super
406 565 571 593 uniuersa".

417 615 681 650 iNTEﬂROGATIO
702 622 735 651 Χ.

215 681 274 709 lmo
286 680 321 708 de
334 679 416 708 Patre
431 679 546 714 scripsit
565 679 619 707 hoc
637 678 740 713 Moses,
760 680 814 714 Qui
832 681 884 714 est,
903 678 939 706 ad
951 684 976 707 te

180 735 224 756 me
236 727 377 763 ablegavit,
395 734 450 754 non
465 726 500 754 de
521 725 644 755 Christo.

495 780 640 816 Responsio
645 800 652 807 .

215 834 349 875 Equidem
368 841 485 866 avestra
501 838 639 866 charitate
666 842 741 874 peto,
765 845 801 866 ne
825 845 969 866 sacrorum

180 880 390 921 Evangeliorum
411 883 519 912 falsarii
539 884 612 917 sitis,
628 884 655 911 in
676 884 779 919 quibus
798 884 857 919 ipse
881 883 975 911 Domi-

180 941 236 960 nus
255 932 307 960 hoc
329 931 464 960 divinitus
485 930 600 967 protulit
618 930 727 959 :Moses
740 932 774 959 de
794 940 835 960 me
856 933 974 967 scripsit,

179 983 206 1007 et
222 975 286 1006 mihi
304 972 456 1005 testimonio
471 982 510 1005 ut
529 978 564 1005 ³⁸.
582 977 669 1014 Igitur
682 981 710 1006 et
733 977 816 1006 Pater
841 982 886 1006 est
905 979 978 1007 exsi-

181 1031 259 1054 stens
283 1024 341 1057 ille,
369 1028 397 1052 et
409 1023 495 1052 Filius
515 1023 625 1052 exsistit
649 1023 822 1056 cum.Patre,
843 1024 878 1052 de
895 1024 976 1053 Patre

180 1070 303 1107 genitus.
318 1078 374 1098 non
398 1069 533 1098 confusus
557 1077 620 1097 cum
637 1069 730 1103 Patre,
747 1078 803 1098 non
822 1070 974 1099 exsistendi

181 1117 347 1153 principium
361 1116 479 1149 habens,
499 1115 548 1144 sed
563 1116 704 1144 exsisteus
720 1123 784 1144 cum
806 1115 898 1150 Patre,
914 1120 977 1144 tan-

181 1171 266 1200 quam
282 1163 392 1192 nativus
405 1162 504 1190 Filius.
514 1161 571 1190 Nec
590 1163 665 1190 enim
681 1170 803 1199 unquam
817 1171 907 1191 aevum
922 1163 976 1191 ali-

181 1210 257 1245 quod
273 1210 317 1238 vel
334 1213 444 1245 tempus
457 1209 500 1237 vel
520 1209 653 1244 temporis
676 1209 811 1237 articulus
836 1209 899 1242 fuit,
921 1217 976 1246 quo

182 1255 270 1284 Filius
283 1262 339 1283 non
353 1255 511 1283 exsisteret.
535 1253 692 1289 Ceteroqui
711 1262 778 1282 num
804 1257 832 1282 ct
849 1254 907 1290 ipse
923 1254 975 1282 Pa-

182 1305 227 1329 l!
243 1306 302 1329 erat
316 1300 430 1328 alterius
443 1308 473 1328 se
490 1299 593 1335 prioris
605 1299 719 1328 Patris?
733 1299 910 1336 Quapropter
936 1301 978 1328 si-

183 1348 242 1376 nul
257 1347 370 1375 Patren
383 1345 569 1382 proﬁteberis,
597 1349 625 1374 et
648 1353 712 1373 mox
727 1353 791 1374 cum
806 1346 890 1375 Patre
914 1348 976 1375 uni-

184 1401 281 1431 genam
298 1393 565 1428 dilectissimumque
581 1391 695 1420 Filium.
727 1392 796 1420 Nam
811 1393 860 1429 qui
877 1400 908 1422 se
922 1393 976 1421 Pa-

184 1445 257 1469 trem
271 1440 376 1468 honore
398 1443 496 1475 putant
520 1437 641 1472 allicere,
663 1438 687 1467 si
699 1438 799 1467 dicant
817 1447 881 1468 eum
900 1440 979 1475 prius

184 1486 336 1518 exstitisse.
348 1492 463 1522 prorsus
479 1485 556 1520 impii
567 1488 714 1521 propterea
731 1489 806 1518 sunt,
821 1486 894 1521 quod
909 1489 980 1514 tem-

186 1541 240 1570 pus
253 1536 317 1560 ante
337 1531 503 1560 saeculorum
529 1530 655 1566 opificem
680 1529 822 1559 Christum
841 1536 978 1560 statuunt.

186 1579 294 1608 Etenim
311 1578 382 1614 apud
401 1577 487 1606 Deum
499 1585 550 1606 nec
563 1584 621 1605 aevo
632 1576 711 1605 locus
722 1581 776 1609 est,
786 1584 837 1605 nec
850 1577 981 1613 tempori,

188 1633 241 1655 nec
252 1625 360 1653 dierum
372 1623 616 1656 conversionibus,
627 1628 679 1652 nec
695 1627 810 1659 puncto,
826 1630 878 1651 nec
894 1624 982 1651 minu-

188 1672 301 1704 tis,nec
323 1670 396 1698 oculi
409 1673 565 1702 momento,
591 1668 674 1697 sicuti
696 1676 749 1697 nec
765 1668 918 1697 informare
938 1676 982 1697 se-

189 1724 254 1745 cum
277 1723 356 1744 mens
372 1715 429 1743 ulla
456 1714 603 1742 Trinitatis
629 1713 778 1742 ineﬂabilis
799 1714 982 1743 aeternitatem

190 1766 281 1799 potest
295 1771 302 1790 :
317 1761 419 1797 quippe
433 1761 458 1789 si
488 1760 578 1794 dicas,
598 1759 686 1788 fuisse
697 1759 808 1788 Patrem
820 1760 982 1796 aliquando,

190 1815 254 1836 eum
265 1807 352 1836 Filius
366 1815 422 1835 non
436 1805 685 1840 exsisteretzcujus
701 1809 773 1837 erat,
788 1805 918 1838 obsecro,
928 1804 983 1833 Pa-

190 1859 246 1888 ter,
258 1862 322 1883 cum
331 1854 431 1882 Filium
445 1861 500 1882 non
517 1853 632 1881 haberet
643 1850 656 1879 i
669 1850 748 1885 Quod
772 1851 796 1879 si
815 1858 900 1887 negas
918 1859 982 1880 eum

191 1901 301 1931 Patrem
315 1908 387 1934 esse,
403 1900 486 1930 simul
501 1900 590 1936 ipsam
603 1899 665 1934 ejus
680 1902 810 1926 naturam
824 1898 853 1926 iu
873 1898 983 1927 univer-

191 1957 256 1978 sum
282 1948 384 1976 tollito.
402 1947 579 1982 Quapropter
597 1944 776 1979 credendum,
800 1952 864 1973 esse
881 1943 982 1973 Filium

191 1994 314 2031 ejusdem
329 1993 457 2022 essentiae
471 1999 533 2020 cum
549 1991 641 2024 Patre,
653 1998 709 2019 non
725 1998 790 2018 cum
800 1991 921 2019 essentia
933 1991 986 2019 Pa-

176 2042 244 2069 -tris
255 2040 413 2073 confusum,
427 2037 663 2075 quemadmodum
685 2036 825 2066 Sabellins
835 2037 982 2068 delirabat.

721 91 752 120 S.
771 90 922 121 CESARII
935 85 1104 120 GREGONII
1115 88 1266 119 FRATRlS

1028 151 1221 186 ’Δπαγγέλλων
1238 150 1279 183 είς
1291 149 1451 190 ἀνθρώπους
1467 149 1513 178 τὸν
1529 149 1647 187 Χριστὸν
1661 149 1757 183 αὑτοῦ,
1769 151 1817 178 τὸν

1021 197 1148 236 ἀληθινὴν
1170 197 1219 224 καὶ
1246 197 1382 233 ἄτρεπτον
1399 196 1477 230 Θεὸν,
1497 196 1544 235 τὸν
1560 196 1749 229 ἀναλλοίωτον,
1769 197 1816 224 τὸν

1022 243 1150 271 ἄκτιστόν
1175 251 1207 270 τε
1233 243 1281 270 καὶ
1301 243 1435 270 συνατδιον
1449 242 1496 280 ’τῷ
1518 241 1618 279 Πατρὶ,
1638 243 1692 279 πρὸ
1707 242 1815 271 αἰώνων

1023 289 1248 326 ξυνυπάρχονταο
1275 289 1399 317 Ἰωάννου
1424 289 1474 325 μὲν
1499 288 1624 325 βοῶντος,
1653 289 1681 317 '0
1708 289 1752 317 ὢν
1780 289 1818 316 ἐν

1023 335 1087 370 τοῖς
1101 336 1227 369 κόλποις
1241 335 1296 363 τοῦ
1305 336 1419 371 Πατρός
1431 343 1439 351 ’
1455 335 1536 368 αὐτᾶς
1553 336 1648 373 Musei
1661 335 1817 363 ἐντέλλεται

1023 381 1096 418 ὲρεϊν
1107 381 1147 417 τῷ
1172 380 1283 418 Φαραὼ,
1299 381 1361 416 οὑχ,
1381 381 1416 408 Ὅ
1431 389 1497 408 ποτε
1515 381 1636 413 κτισθεκς
1655 380 1737 416 (κατὰ
1750 380 1818 412 τοὺς

1024 427 1226 460 εἰκαιοσούλους
1233 427 1281 455 καὶ
1287 427 1407 463 ματαιόφ
1411 427 1513 463 pavus).
1526 427 1595 460 ἀλλ’,
1604 427 1708 462 Ἐρεῖς,
1720 427 1821 463 φησὶν.

1028 481 1039 500 ι
1060 472 1088 499 '0
1106 472 1149 500 ὢν
1162 471 1338 500 ἀπέσταλκά
1348 480 1398 507 με.
1415 481 1424 498 ι
1450 471 1536 503 aurs;
1550 471 1579 498 δὲ
1598 472 1662 507 περὶ
1672 469 1771 497 ἑαυτοῦ
1785 470 1814 497 ὲν

1025 517 1125 554 Παύλῳ
1138 517 1219 554 φησι,
1231 516 1358 552 Χριστὸς
1373 516 1445 544 ό-ὢν
1461 516 1510 543 ἐπὶ
1526 515 1646 543 πάντων
1658 516 1741 548 Θεός.

1335 621 1460 648 ΠΕΥΣΙΣ
1474 619 1504 648 ι’.

1067 677 1149 708 Ἀλλὰ
1159 673 1280 716 Μωῧσῆς
1293 679 1359 715 περὶ
1376 677 1423 706 τοῦ
1439 677 1546 714 Πατρὺς
1557 676 1660 713 ἔγραψε
1675 676 1716 709 τὸ,
1737 675 1766 702 '0
1775 674 1821 703 ὦσέ

1025 726 1202 756 ἀπέσταλκέ
1214 734 1262 762 με,
1277 725 1308 752 οὑ
1320 725 1376 760 γὰρ
1391 725 1456 761 περὶ
1474 723 1604 760 Χριστοῦ.

1336 782 1515 817 Ἀπόκρισις.

1069 835 1149 873 ἎΕιῶ
1172 839 1250 876 ὑμῶν
1271 839 1323 876 τὴν
1342 839 1465 875 ἀγάπην,
1480 838 1519 875 μὴ
1541 837 1766 875 παραχαράττειν
1783 839 1823 866 τὰ

1027 887 1191 922 Εὑαγγέλια,
1202 886 1249 913 τοῦ
1262 886 1365 922 Κυρίου
1383 886 1412 912 ὲν
1429 886 1520 918 αὐτοῖς
1537 885 1741 922 θεηγοροῦντος,
1753 884 1822 912 Μω-

1027 933 1088 968 σῆς
1097 933 1211 968 ἔγραψε
1223 932 1291 967 περὶ
1315 931 1400 968 ἐμοῦ,
1413 932 1463 960 καὶ
1480 931 1572 966 αὐτὸς
1582 931 1730 967 papa-we?
1751 932 1820 966 περὶ

1027 977 1111 1013 ἐμοῦ.
1128 978 1177 1004 Ὧν
1198 977 1289 1004 τοίνυν
1305 977 1320 1003 ὸ
1339 976 1445 1013 Πατὴρ,
1459 977 1506 1004 καὶ
1520 976 1558 1004 ὢν
1576 977 1591 1003 ὸ
1605 977 1668 1009 Υιδς
1684 976 1753 1013 πρὸς
1774 976 1823 1003 τὸν

1028 1024 1150 1060 Πατέρα,
1171 1024 1218 1051 καὶ
1244 1023 1274 1058 ἐξ
1291 1023 1374 1050 αὑτοῦ
1396 1016 1547 1059 γεννηθεὶς,
1570 1023 1600 1050 οὺ
1620 1023 1768 1059 συναλοιφὴ
1783 1023 1822 1049 ὢν

1027 1069 1067 1105 τῷ
1083 1069 1180 1106 Harp},
1205 1068 1255 1096 οὐκ
1280 1068 1435 1105 ἀρξάμενος
1452 1068 1483 1096 τὸ
1495 1065 1578 1101 εἶναι,
1596 1067 1666 1096 ἀλλὰ
1680 1067 1768 1095 συνὼν
1781 1068 1823 1103 τῷ

1028 1115 1118 1151 Πατρὶ
1131 1115 1169 1147 ὼς
1185 1115 1296 1150 γνήσιος
1321 1114 1396 1147 Υἱός.
1419 1114 1476 1142 Οὐκ
1488 1112 1525 1151 ἦν
1539 1114 1594 1151 γάρ
1614 1122 1679 1141 ποτε
1699 1114 1778 1147 αἰὼν,
1803 1115 1825 1150 ἢ

1028 1161 1135 1197 χρόνος,
1161 1161 1179 1198 ἢ
1199 1160 1310 1198 καιρὸς,
1328 1161 1372 1188 ὅτε
1399 1161 1450 1188 οὐκ
1478 1158 1513 1197 ἦν
1536 1161 1552 1188 ὁ
1578 1161 1652 1193 Υίὸς.
1675 1158 1751 1197 ’Δρα
1773 1163 1824 1189 καὶ

1028 1206 1111 1239 αὐτὸς
1128 1207 1144 1233 ὁ
1159 1206 1256 1243 Πατὴρ
1270 1202 1305 1243 ἦν
1320 1206 1415 1243 ἐτέρου
1441 1207 1549 1244 Πατρδς
1571 1207 1618 1235 τοῦ
1640 1208 1695 1244 πρὸ
1718 1209 1822 1242 αὐτοῦς

1031 1254 1108 1290 Ἅμα
1133 1251 1181 1281 οὖν
1208 1254 1321 1290 Πατέρα
1349 1254 1544 1291 ὁμολογήσεις,
1571 1254 1759 1290 ξυνομολογεϊς
1783 1257 1824 1292 (ι)

1029 1298 1108 1332 αὖθις
1135 1300 1182 1329 τὸν
1205 1301 1336 1336 μονογενῆ
1364 1301 1412 1328 καὶ
1442 1301 1569 1336 φίλτατον
1594 1302 1691 1329 Παῖδα.
1715 1302 1748 1329 0i
1767 1302 1825 1338 γὰρ

1029 1346 1171 1379 δοκοῦντες
1192 1346 1238 1374 διὰ
1262 1347 1313 1382 τῆς
1341 1347 1539 1384 προῦπάρξεως
1567 1348 1614 1375 τὸν
1643 1348 1752 1384 Πατέρα
1782 1357 1824 1376 τι·

1031 1394 1096 1429 μᾷν,
1107 1393 1198 1420 τέλεον
1210 1392 1339 1420 ἀσεϐοῦσι
1349 1414 1356 1426 ,
1370 1393 1467 1429 χρόνον
1481 1393 1499 1429 ἢ
1514 1393 1611 1430 καιρὸν
1625 1394 1824 1430 προτάττοντες

1031 1439 1078 1466 τοῦ
1093 1439 1207 1475 ποιητοῦ
1221 1439 1275 1466 τῶν
1291 1439 1398 1467 αίώνων
1420 1439 1551 1476 Χριστοῦ.
1576 1440 1657 1477 Παρὰ
1684 1441 1744 1477 Θεῷ
1768 1442 1825 1478 γὰρ

1030 1487 1164 1520 οὑκαῑὼν,
1173 1487 1203 1514 οὐ
1217 1487 1323 1523 χρόνος,
1335 1487 1385 1523 οὐχ
1393 1486 1505 1524 ἡμερῶν
1513 1487 1644 1523 περίοδοι,
1655 1488 1687 1515 οὑ
1696 1490 1826 1525 στιγμαὶ;

1030 1534 1082 1560 οὐκ
1106 1534 1214 1569 ἄτομοι,
1237 1534 1267 1561 οὑ
1293 1533 1359 1570 ῥιπὴ
1383 1532 1535 1570 ὀφθαλμοῦ,
1552 1534 1583 1561 οὑ
1599 1534 1704 1570 διανοίᾳ
1722 1543 1825 1569 φαντα-

1032 1580 1128 1616 σθῆναι
1144 1577 1200 1607 οἷόν
1216 1588 1246 1606 τε
1257 1580 1307 1616 τῆς
1319 1579 1458 1616 άφράστου
1474 1580 1590 1617 Τριάδος
1603 1580 1635 1607 τὸ
1649 1581 1776 1617 ἄχρονον.
1793 1582 1824 1609 Et

1031 1626 1086 1663 γὰρ
1101 1627 1156 1663 φῂς
1177 1626 1219 1653 ὅτι
1228 1622 1264 1662 ἦν
1274 1626 1370 1664 Πατήρ
1380 1634 1457 1663 ποτε,
1469 1627 1514 1655 ὅτε
1524 1627 1575 1654 οὑκ
1585 1625 1620 1664 ἦν
1634 1628 1649 1655 6
1663 1627 1738 1660 Υἱὸς,
1750 1628 1826 1661 τινος

1033 1672 1087 1708 ἄρα
1107 1672 1216 1709 ὑπῆρχε
1239 1672 1335 1709 Πατὴρ
1357 1673 1394 1709 μὴ
1412 1674 1489 1706 (ivro;
1504 1673 1590 1706 Υίοῦ;
1607 1673 1640 1700 Et
1655 1671 1720 1701 δἀὗ
1741 1674 1827 1702 πάλιν

1032 1718 1078 1746 τὸν
1090 1719 1201 1755 Πατέρα
1213 1719 1294 1746 αὑτὸν
1310 1719 1347 1756 μὴ
1364 1720 1497 1756 ὑπάρχειν
1509 1719 1629 1752 ὑποστὰς
1647 1717 1689 1754 εἴ,
1706 1720 1826 1755 ξυναφε-

1032 1765 1080 1792 λου
1090 1765 1172 1793 αὑτὸν
1183 1765 1298 1793 καθόλου
1308 1765 1340 1793 τὸ
1353 1764 1434 1795 εἶναι.
1445 1766 1561 1794 Πίστευε
1574 1764 1620 1794 οὖν
1631 1766 1773 1802 ὁμοούσιον
1786 1767 1830 1803 τῷ

1033 1811 1122 1846 Πατρὶ
1135 1811 1181 1839 τὸν
1203 1811 1278 1845 Υἱδν,
1305 1812 1343 1848 μὴ
1362 1813 1541 1845 συνούσιον,
1555 1813 1627 1840 κατὰ
1645 1813 1694 1849 τὴν
1708 1813 1757 1840 τοῦ
1773 1814 1829 1840 Sed

1034 1856 1138 1883 ϐελλιου
1159 1857 1316 1893 παροινίαν.
1328 1858 1366 1885 Τὸ
1384 1858 1435 1894 μὲν
1446 1858 1501 1895 γὰρ
1513 1858 1632 1895 ὑπάρχει
1650 1859 1827 1892 ὑποστάσεως

1033 1902 1190 1937 δηλωτικὸν,
1211 1905 1242 1930 τὸ
1255 1903 1295 1938 δὲ,
1311 1903 1486 1941 βλασφημίας
1506 1905 1547 1938 είς
1567 1905 1677 1941 Πατέρα
1693 1905 1743 1932 τοῦ
1758 1905 1827 1933 Υίοῦ

1033 1948 1140 1976 καὶτοῦ
1156 1949 1315 1985 Πνεύματος
1337 1950 1572 1988 άνακιρναμένων,
1594 1951 1642 1979 καὶ
1662 1952 1704 1984 εἰς
1723 1952 1826 1987 μονάδα

1034 1994 1085 2030 τὴν
1115 1995 1218 2031 Τριάδα
1243 1996 1424 2033 άναλυούσης,
1439 1997 1509 2033 ὅπερ
1525 1997 1666 2034 ἀλλότριον
1685 1997 1825 2029 παντελῶς

1034 2041 1090 2068 τῶν
1103 2041 1184 2070 θείων
1200 2043 1318 2081 ὑπάρχει
1332 2044 1433 2081 νόμων.

191 2087 262 2117 Nam
275 2087 374 2115 horum
389 2086 504 2114 alterum
515 2083 747 2120 signiﬁcationem
765 2090 892 2119 personae
903 2091 937 2112 ac
950 2085 1114 2116 substantia
1127 2088 1220 2123 habet,
1230 2089 1349 2118 alterum
1363 2090 1445 2126 plane
1454 2089 1646 2126 blasphemum
1661 2095 1704 2120 est
1717 2100 1724 2119 :
1737 2098 1829 2127 quana

192 2136 230 2164 do
239 2142 272 2163 ea
283 2134 388 2162 ratione
396 2133 413 2160 ια
420 2132 485 2161 ilius
498 2136 526 2160 et
533 2131 653 2167 Spiritus
670 2137 735 2158 cum
742 2129 826 2159 Patre
836 2131 1064 2168 commiscentur,
1079 2141 1112 2163 ac
1125 2134 1249 2166 Trinitas
1264 2136 1292 2165 in
1308 2137 1441 2166 unitatem
1451 2136 1599 2166 resolvitur
1612 2137 1701 2173 :quod
1712 2140 1828 2168 omnino

193 2182 295 2212 divinis
307 2189 323 2209 a
336 2180 442 2217 legibus
457 2183 501 2208 est
515 2179 648 2207 alienum.

423 2235 682 2267 INTERROGATIO
705 2234 752 2264 XI.

229 2299 370 2333 Quantum
394 2303 447 2324 nos
472 2294 584 2331 quidem
611 2291 855 2330 deprehendimus,
871 2294 987 2319 venera-

162 2357 170 2365 ο
195 2345 271 2373 tione
281 2341 444 2379 dignissime
451 2340 544 2375 Pater,
559 2343 619 2368 tres
637 2345 700 2367 esse
716 2337 784 2366 deos
795 2336 894 2365 statuis
907 2345 914 2364 :
933 2343 988 2372 quo

196 2391 221 2418 si
238 2388 464 2420 exorbitabimus,
481 2387 510 2414 in
523 2384 732 2414 multitudinem
749 2381 916 2411 incidemus.
934 2382 990 2410 Ea-

195 2444 251 2473 que
262 2436 368 2464 ratione
376 2434 433 2467 liet,
440 2437 471 2462 ut
477 2440 528 2462 nos
537 2432 638 2461 doceas
647 2431 736 2460 colere
747 2438 802 2458 non
815 2437 899 2458 unum
911 2430 987 2465 prin-

195 2483 285 2519 cipem
300 2481 398 2515 Deum,
411 2480 461 2509 sed
477 2479 591 2508 multos.

519 2534 671 2571 Responsio.

233 2597 290 2634 Ego
306 2604 372 2625 vero
383 2603 446 2624 cum
462 2599 519 2623 tres
534 2599 669 2630 personas
680 2595 785 2624 statuo,
796 2598 852 2618 non
865 2589 987 2618 divinam

199 2648 325 2673 naturam
340 2641 445 2675 divido,
457 2640 504 2670 sed
523 2639 656 2668 unitatem
671 2638 732 2673 ejus
750 2634 989 2668 conﬁtendo,Tri-

198 2690 311 2720 nitatem
323 2688 438 2725 supplex
453 2686 581 2723 imptum.

1329 2238 1454 2266 nam:
1471 2239 1523 2267 lA'.

1077 2295 1123 2328 Ἐξ
1137 2293 1176 2323 ὧν
1196 2294 1371 2333 εὑρίσκομεν,
1393 2297 1514 2333 τριθειαν
1536 2295 1656 2333 φρονεῖς,
1678 2300 1827 2334 τιμιώτατα

1036 2341 1129 2378 Πάτερ
1141 2349 1151 2357 ν
1167 2342 1207 2375 εις
1217 2343 1251 2379 ἢν
1264 2343 1453 2379 ἐκφερόμενοι,
1464 2344 1504 2376 είς
1516 2343 1604 2371 πολλὰ
1623 2343 1828 2382 ἐπιπεσούμεθα.

1037 2387 1086 2465 sciat
1096 2387 1126 2414 οὐ
1137 2385 1281 2425 μοναρχίᾳ,
1289 2387 1358 2416 ἀλλὰ
1368 2387 1497 2425 minem;
1504 2387 1648 2426 λατρεύειν
1656 2393 1828 2427 παρασκευά-

1056 2440 1095 2465 εις
1107 2433 1192 2469 ἡμᾶς.

1352 2524 1535 2560 Ἀπόκρισις.

1073 2580 1110 2610 οι
1126 2581 1175 2618 τὴν
1187 2581 1263 2609 θείαν
1284 2581 1366 2618 φύσιν
1379 2581 1501 2620 διαιρῶν,
1515 2583 1591 2620 τρεῖς
1605 2583 1692 2619 αὐτῆς
1708 2583 1828 2612 ὑποστά-

1040 2637 1098 2661 σεις
1113 2627 1193 2665 φημὶ,
1204 2627 1263 2655 ἀλλ’
1273 2628 1382 2665 ἐκείνης
1394 2629 1444 2665 τὴν
1459 2629 1557 2657 ἒνωσιν
1567 2628 1717 2666 ὁμολογῶν,
1727 2630 1829 2667 Τριάδα

1040 2674 1193 2711 ποτνιιῖψαι
1200 2673 1338 2711 δεόμενος.

236 2769 259 2786 ³⁸
276 2769 355 2797 Joan.
369 2776 390 2802 ι,
408 2767 451 2795 l8.
491 2766 514 2783 “
527 2763 613 2793 Exod.
629 2761 731 2806 111,-”.
769 2762 793 2778 "'
807 2759 885 2789 Rom.
904 2767 942 2792 Ix,
960 2758 986 2787 5.
1024 2757 1047 2774 ”
1065 2755 1144 2785 Joan.
1159 2764 1186 2790 ν,
1200 2755 1235 2783 46

235 2851 274 2886 (4)
288 2848 513 2886 Europam-sic.
522 2848 561 2876 An
575 2843 780 2882 ξυνομολογῶνῗ
795 2842 872 2871 Eutr.
