1920 3046
183 119 233 149 871

162 169 257 211 itatcs
273 174 320 204 Dei
338 178 505 207 scrutentur,
520 174 554 202 de
579 173 701 202 faciliore
725 181 757 202 ac
779 175 860 202 obvia
885 174 973 202 cuivis

167 214 170 220 ’
188 223 351 250 Litterarum
370 228 510 249 sacrarunt
529 220 704 255 indagatione
719 220 874 247 subvehens
898 220 974 254 ipsos

186 268 221 294 ad
238 274 349 295 sensum
375 265 520 301 quemdam
547 263 754 296 sublimiorem,
777 264 842 291 dum
867 264 893 290 in
917 271 983 298 per-.

186 311 357 342 scrutatione
384 319 477 339 rerum
495 310 663 338 diviniorum
697 310 775 346 quasi
803 310 837 337 ad
864 309 978 337 fundum

187 369 264 389 mens
288 363 429 395 penetrat,
447 365 549 393 perque
571 358 686 393 spiritus
711 358 821 384 hamum
845 357 879 384 de
897 357 978 391 hujus

187 406 249 433 vitae
273 404 379 440 gurgite
398 423 406 435 .
429 404 532 438 piscem
556 402 641 430 animi
661 402 768 435 educit,
791 402 978 430 continentem

187 459 235 479 ore
253 455 380 478 statercm
401 450 477 476 illum
497 450 608 477 maximi
627 449 706 484 pretii
720 467 727 481 ,
752 449 876 484 adeoque
899 449 982 476 Chri-

188 502 260 525 stum
279 496 451 525 Servatorem
467 495 599 523 omnium.
625 495 671 522 Sic
693 495 766 522 enim
789 499 817 523 et
839 495 980 530 apostolus

188 543 232 570 ille
249 543 377 578 princeps
395 549 444 576 pro
460 541 552 576 seipso
571 545 598 568 et
619 541 730 568 Christo
754 542 852 568 anima:
876 542 980 576 piscem

188 588 223 616 iis
243 587 290 622 qui
311 587 474 621 exigebant,
496 586 562 613 dare
583 586 696 621 jubetur
712 586 744 618 ‘°,
762 586 905 613 habentem
923 590 980 612 sta-

190 637 276 660 terem
294 632 436 660 Christum
454 636 480 658 et.
497 632 559 658 ﬁdei
578 632 732 659 doctrinam
751 632 777 658 in
795 639 860 663 ore,
885 631 978 666 profe-

188 685 314 714 ctamque
338 679 371 706 de
396 678 581 713 prot'umlitate
605 678 698 705 cordis
724 677 929 705 subvectionem
953 680 980 704 et

188 725 307 752 laudem.
335 724 377 751 Ea:
401 723 541 759 profundis
567 725 659 757 enim,
686 724 790 758 inquit,
809 723 922 750 clamavi
946 723 980 749 ad

189 777 229 805 te,
247 770 373 802 Domine;
400 770 528 803 Domine,
543 770 641 796 exaudi
664 778 750 796 vocent
772 777 857 796 meam
874 769 906 796 “.
927 768 980 796 Sed

188 821 216 844 et
240 816 356 844 eximius
381 816 426 843 ille
453 815 621 850 Apostolus:
639 813 714 848 Nos,
738 815 840 850 inquit,
856 815 980 849 spiritum

189 863 239 889 Dei
254 862 419 896 accepimus,
440 866 469 888 ut
484 862 601 888 sciamus
624 870 683 896 qua:
704 869 720 887 a
743 861 797 888 Deo
811 861 913 887 donata
926 861 980 887 sint

189 908 263 936 nobis
273 908 306 935 δ’.
330 908 420 942 Atque
436 907 535 934 iterum
561 908 651 942 inquit
673 907 743 935 idem
762 917 768 935 :
789 907 874 935 Nobis
890 912 978 934 autem

189 955 260 982 Deus
284 954 406 981 reuelauit
427 961 472 988 per
485 953 616 988 Spiritum
640 962 717 981 suum
728 954 760 981 ".
778 953 812 980 Et
828 962 924 982 rursus
939 954 982 981 di-

189 1002 316 1028 vinorum
339 1001 493 1028 carminum
523 1005 620 1028 auctor
651 1000 765 1028 Davich
785 1010 791 1027 :
816 1000 853 1028 οε
877 1009 980 1033 meum,

190 1048 294 1083 inquit,
312 1048 419 1082 aperui,
433 1052 457 1074 et
469 1047 592 1082 spiritum
606 1047 750 1079 attraxi“,
760 1055 858 1083 nempe
867 1056 922 1074 non
937 1055 984 1074 ae-

190 1095 262 1121 rium
276 1115 284 1127 ,
299 1095 346 1122 sed
362 1094 501 1126 divinum,
520 1101 567 1129 per
585 1101 666 1129 quem
693 1094 855 1122 abscondita
877 1094 913 1122 de
935 1094 984 1120 ad-

734 116 762 144 S.
778 112 931 145 CESARII
945 111 1109 144 GREGOBII
1126 115 1279 143 FRATRIS

1774 114 1837 144 873'

1033 183 1110 207 σεως,
1121 175 1166 201 ἐπὶ
1179 174 1229 210 τὴν
1241 173 1411 210 ὑψηλοτέραν
1424 173 1523 207 αὐτοὺς
1535 175 1630 209 ἀνάγει
1646 175 1768 202 διάνοιαν
1776 195 1785 208 ,
1795 177 1832 212 τῇ

1032 219 1129 255 ἐρεύνῃ
1142 219 1196 246 τῶν
1210 219 1469 255 οειοτέρων,ὥσπερ
1488 220 1518 246 ἐν
1538 220 1610 256 βυθῷ
1632 229 1685 247 τινι
1707 221 1833 256 γενομέ-

1031 273 1080 300 νης
1093 264 1141 300 τῆς
1154 263 1281 296 διανοίας,
1300 265 1346 291 καὶ
1370 264 1410 300 τῷ
1430 265 1572 300 ἀγκίστρῳ
1594 265 1641 292 τοῦ
1669 265 1834 302 πνεύματος

1031 311 1064 336 ὲκ
1080 310 1126 337 τοῦ
1141 310 1267 345 βιωτικοῦ
1290 310 1371 346 βυθοῦ
1389 310 1435 337 τὸν
1451 310 1526 346 ἰχθὺν
1539 311 1587 346 τῆς
1600 311 1690 346 ψυχῆς
1710 312 1834 346 ἀνάγον-

1032 365 1087 388 τος,
1102 356 1197 392 ἔχοντα
1211 357 1239 383 ὲν
1252 356 1290 391 τῷ
1307 357 1421 392 στόματι
1434 357 1482 383 τδν
1497 357 1678 393 πολυτίμητον
1692 358 1831 394 στατῆρα,

1033 402 1080 428 καὶ
1099 401 1146 428 τοῦ
1167 401 1267 433 παντὸς
1291 402 1405 437 Σωτῆρα
1424 401 1551 437 Χριστόν.
1568 401 1661 434 οὓτως
1679 402 1735 437 γὰρ
1748 403 1799 429 καὶ
1816 404 1832 430 6

1032 448 1086 475 τῶν
1100 448 1256 475 ἀποστόλων
1272 449 1436 483 κορυφαῖος,
1458 447 1516 474 ἀνθ’
1530 448 1626 475 ἑαυτοῦ
1643 449 1690 475 καὶ
1706 449 1833 484 Χριστοῦ

1032 495 1078 521 τὸν
1101 495 1151 530 τῆς
1174 495 1261 530 ψυχῆς
1287 494 1362 530 ἰχθὺν
1390 495 1481 522 δοῦναι
1503 496 1560 526 τοῖς
1578 495 1724 522 ἀπαιτοῦσι
1740 504 1832 531 προσ,

1032 541 1169 574 τάττεται,
1185 541 1281 576 ἔχοντα
1300 541 1347 567 τὸν
1366 541 1489 576 στατῆρα
1502 540 1627 576 Χριστὸν,
1642 542 1690 568 καὶ
1709 541 1760 576 τῆς
1783 542 1832 568 πί-

1035 596 1118 619 στεως
1140 587 1185 614 τὸν
1208 587 1285 621 λόγον
1300 589 1330 614 ὲν
1349 587 1387 622 τῷ
1401 588 1524 623 στόματι,
1539 588 1586 614 καὶ
1605 588 1654 622 τὴν
1676 588 1709 613 ὲκ
1727 587 1832 622 βάθους

1034 634 1148 670 καρδίας
1163 634 1309 669 ἀναγωγὴν
1329 634 1376 661 καὶ⁸
1396 635 1509 661 αἴνεσιν.
1531 633 1611 660 Ἀλλὰ
1627 634 1674 660 καὶ
1692 634 1707 659 ὁ
1725 634 1831 668 ὑψηλὸς

1041 679 1210 711 Ἀπόστολος,
1232 679 1331 714 Ἡμεῖς
1343 679 1388 711 δὲ,
1403 680 1481 714 φησὶ,
1498 679 1532 706 τὸ
1547 679 1668 714 Πνεῦμα
1685 679 1739 706 τοῦ
1752 680 1830 707 Θεοῦ

1034 725 1190 760 ἐλάϐομεν,
1212 727 1262 753 ἵνα
1284 725 1393 760 ἴδωμεν
1418 726 1455 753 τὰ
1477 726 1537 752 ὑπὸ
1562 726 1616 753 τοῦ
1648 726 1721 753 Θεοῦ
1746 735 1830 760 χαρμ

1034 771 1146 799 σθέντα
1162 771 1244 806 ἡμῖν.
1264 771 1316 798 Καὶ
1330 771 1410 798 πάλιν
1426 772 1440 798 ὁ
1452 771 1533 802 αὑτός
1551 779 1643 806 φησιν·
1662 771 1748 805 Ἡμῖν
1761 771 1798 798 δὲ
1811 773 1830 798 ὁ

1036 817 1108 850 Θεὸς
1121 817 1299 851 ἀπεκάλυψε
1315 817 1364 844 διὰ
1383 817 1434 844 τοῦ
1457 817 1629 851 Πνεύματος
1646 817 1750 844 αὑτοῦ.
1772 817 1829 844 Καὶ

1034 864 1114 890 πάλιν
1128 863 1212 890 Δαόὶδ
1225 864 1239 889 ὁ
1252 863 1306 889 τῶν
1321 862 1401 889 θείων
1421 862 1553 897 μελῳδός·
1572 862 1608 889 Τὸ
1633 863 1733 897 στόμα
1752 871 1827 897 μου,

1032 910 1123 945 φησὶν,
1144 909 1266 944 ἢνοιξα,
1289 908 1338 935 καὶ
1360 909 1489 935 εἵλκιπσα
1511 909 1643 943 πνεῦμαο
1662 911 1712 935 οὐκ
1734 909 1829 944 ἀέριον

1030 957 1069 987 δὲ,
1091 955 1159 983 ἀλλὰ
1173 957 1203 982 τὸ
1217 955 1297 988 θεῖον,
1318 955 1351 982 δι’
1373 952 1403 982 οὗ
1427 955 1462 982 τὰ
1473 956 1621 991 ἀπόκρυφα
1636 955 1685 990 τῆς
1703 954 1828 989 οεανδρι-

1032 1002 1084 1037 κῆς
1102 1001 1148 1028 τοῦ
1163 1001 1231 1028 Θεοῦ
1245 1001 1407 1036 παρουσίας,
1428 1001 1482 1037 πρὸ
1496 1001 1588 1036 χιλίων
1609 1001 1658 1036 ἥδη
1673 1000 1742 1027 ὲτῶν
1758 1008 1827 1035 προ-

1032 1049 1201 1083 απεφήνατο,
1214 1047 1360 1083 διαρρήδην
1374 1047 1522 1082 τραγῳδῶν
1535 1046 1573 1082 τῷ
1587 1046 1657 1081 Θεῷ·
1673 1047 1711 1073 Τὰ
1727 1045 1827 1079 ἄδηλα

1034 1093 1082 1120 καὶ
1098 1093 1134 1119 τὰ
1152 1093 1262 1126 κρύφια
1277 1091 1332 1125 τῆς
1347 1092 1457 1126 σοφίας
1473 1099 1531 1119 σου
1544 1091 1702 1124 ἐδιῇλωσάς
1723 1100 1786 1125 μοι.

190 1145 274 1168 ventu
288 1141 357 1168 uniti
371 1149 434 1168 cum
444 1140 499 1169 Deo
513 1142 633 1169 hominis
644 1142 719 1169 mille
731 1142 788 1178 jam
799 1146 862 1169 ante
879 1149 967 1169 annos
985 1142 1123 1168 luculente
1138 1141 1271 1172 declarat,
1287 1147 1389 1168 canens
1404 1140 1460 1167 Deo
1473 1151 1480 1168 :
1498 1140 1618 1167 Obscura
1631 1145 1656 1167 et
1669 1138 1825 1166 abscondita

191 1187 328 1222 sapientiae
345 1192 397 1214 tua:
411 1192 474 1214 nota
489 1187 575 1222 fecisti
591 1188 696 1214 mihi“.

415 1245 677 1273 INTERROGATIO
698 1246 755 1273 XV.

228 1301 256 1328 Si
282 1301 368 1329 Filius
388 1305 430 1329 est
454 1301 526 1329 Deus
546 1308 572 1329 et
596 1303 710 1337 :equalis
732 1303 820 1335 Patri,
843 1303 981 1338 quomodo

191 1347 300 1382 ignorat
322 1355 354 1375 ea
377 1355 438 1383 quae
453 1348 527 1376 norit
541 1348 638 1376 Pater?
649 1350 683 1376 At
695 1358 759 1378 vero
773 1349 831 1384 ipse
844 1349 871 1376 in
894 1349 982 1377 Evan-

192 1393 262 1428 gelio
286 1394 399 1429 inquit:
430 1393 515 1421 Nemo
547 1395 619 1421 novit
653 1395 737 1426 diem,
773 1404 854 1430 neque
887 1396 980 1422 harant

191 1441 444 1474 consummationis,
469 1449 550 1476 neque
569 1441 656 1476 angeli
675 1442 792 1468 caelestes
804 1461 810 1473 ,
831 1450 913 1477 neque
933 1442 982 1469 Fi-

192 1486 261 1520 lius,
278 1487 330 1514 nisi
344 1487 416 1514 solus
432 1486 514 1514 Pater
523 1486 556 1514 “.

509 1543 666 1578 Responsio.

227 1595 304 1625 Solet
318 1597 445 1625 humanis
460 1599 500 1626 uti
515 1600 742 1628 similitudinibus
760 1609 841 1629 sacra
858 1601 982 1636 Scriptu-

190 1649 240 1674 ra,
260 1646 288 1670 et
304 1641 337 1669 de
357 1643 440 1670 rebus
459 1645 632 1673 naturalibus
651 1653 839 1680 saepenumero
857 1647 981 1682 quadam

192 1689 274 1724 petit,
293 1692 322 1714 ut
336 1696 398 1716 cum
415 1689 442 1716 in
457 1689 604 1726 Evangeiio
619 1691 707 1726 inquit
720 1692 851 1720 Dominus
865 1703 870 1720 :
889 1693 983 1720 Simile

191 1738 230 1761 est
245 1742 352 1768 regnum
366 1735 490 1762 caelorum
506 1736 634 1770 fermento
647 1737 682 1769 ⁸⁷,
694 1743 721 1765 ct
734 1747 819 1773 grano
834 1739 935 1773 sinapis
948 1739 980 1766 "‘.

191 1777 294 1807 Paulus
311 1780 374 1807 item
393 1781 439 1809 ille
470 1782 615 1815 sublimis,
635 1783 773 1818 Corpora,
795 1785 905 1819 inquit,
931 1793 983 1812 cae-

193 1826 270 1853 lestia
286 1831 347 1852 sunt
360 1847 367 1859 ,
387 1831 412 1853 et
423 1831 534 1861 Corpora
551 1829 723 1856 terrestria”.
738 1829 771 1856 Et
784 1831 818 1857 de
834 1831 916 1858 rebus
933 1839 983 1858 na-

193 1871 329 1899 turalibus
352 1877 491 1907 sumptum
513 1873 595 1900 etiam
619 1873 704 1907 illud,
732 1875 805 1910 quod
825 1876 859 1903 ad
880 1875 980 1904 Corin-

192 1918 266 1946 thios
289 1918 432 1951 scribens,
458 1918 530 1946 tibia:
549 1921 715 1956 citharaeque
739 1921 864 1949 meminit
882 1923 917 1950 '°.
939 1922 982 1950 ld-

192 1963 268 1991 circo
295 1967 322 1991 et
349 1963 406 1999 ipse
431 1973 504 1992 nunc
527 1973 542 1992 a
569 1966 652 1994 rebus
677 1967 782 1995 nostris
807 1968 893 2003 petita
916 1968 982 1996 exili

192 2008 312 2044 quadam
345 2009 525 2038 similitudine
547 2014 622 2038 utar.
653 2010 724 2039 Num
754 2012 891 2047 ignoraret
920 2021 981 2042 mea

192 2055 263 2082 ratio
288 2055 404 2083 consilia
433 2056 516 2084 mea?
540 2057 633 2085 nullus
655 2057 707 2085 hoc
731 2065 843 2090 eorum.
869 2059 915 2094 qui
938 2060 980 2087 vel

192 2101 412 2136 qualemcunque
429 2101 602 2138 disciplinam
624 2104 766 2131 consecuti
787 2110 870 2138 sunt,
896 2105 979 2133 dicet.

193 2145 337 2178 Quomodo
360 2146 443 2182 igitur
467 2146 516 2175 Dei
538 2152 565 2176 et
590 2147 678 2177 Patris
700 2148 820 2178 Verbum
844 2150 980 2186 ignorabit

192 2190 253 2225 ejus
277 2191 415 2219 consilia?
441 2199 503 2219 cum
527 2192 601 2220 dicat
622 2194 692 2229 ipse,
709 2194 808 2223 Omnia
819 2205 979 2232 quwcunque

191 2236 270 2263 liabet
285 2235 376 2270 Pater,
393 2245 451 2264 mea
465 2243 526 2266 sunt
536 2239 559 2255 ⁸¹
572 2247 686 2275 :netnpc
697 2241 770 2276 quod
781 2241 853 2269 Deus
861 2247 903 2270 est
911 2243 978 2276 vita,

192 2281 266 2317 quod
288 2287 330 2310 est
352 2282 415 2315 lux,
439 2283 581 2325 quodest
605 2285 814 2321 immortalitas,
839 2288 912 2323 quod
936 2293 980 2316 est.

191 2327 489 2363 incomprehensibilis.
508 2330 541 2357 Et
562 2331 627 2359 alibi
654 2332 693 2358 ait
710 2341 718 2359 :
746 2332 844 2361 Omnia
859 2343 917 2362 meo
931 2339 978 2362 tua

191 2378 264 2406 sunt,
280 2373 372 2407 Pater,
380 2379 406 2402 et
420 2380 467 2402 tua
483 2384 541 2403 mea
556 2378 659 2405 sunt".
673 2377 701 2404 Si
712 2379 793 2414 igitur
810 2381 903 2407 omnia
917 2388 978 2416 quae

191 2418 281 2448 Patris
299 2424 381 2452 sunt,
399 2421 487 2456 ipsius
506 2426 590 2450 sunt:
609 2423 691 2451 etiam
711 2425 830 2460 cognitio
849 2434 910 2461 qua:
926 2426 978 2454 Pa-

191 2466 242 2494 tris
257 2471 315 2497 eSI,
332 2466 444 2494 omnino
460 2467 547 2502 ipsius
566 2472 629 2502 est;
650 2469 770 2505 itemque
789 2470 908 2506 Spiritus
919 2492 927 2506 ,
948 2475 978 2500 ut

191 2511 274 2547 paulo
287 2515 349 2547 post
363 2511 445 2540 latius
459 2512 575 2541 dicetur.

411 2567 671 2599 INTERROGATIO
688 2571 758 2601 XVI.

226 2613 296 2642 Num
313 2614 407 2650 igitur,
425 2615 449 2643 si
464 2615 576 2649 dixero,
594 2616 692 2646 Omnia
715 2627 875 2656 quacunque
897 2621 977 2649 habet

141 2692 146 2701 Ι
191 2659 284 2701 Pater,
298 2669 357 2688 meo
371 2666 446 2694 sunt,
463 2661 545 2690 etiam
562 2664 745 2699 cognitionem
762 2665 850 2694 habeo
864 2666 955 2696 Patris
967 2688 974 2702 ,

190 2712 219 2739 et
231 2706 377 2734 consilium
393 2707 454 2742 ejus
467 2708 532 2735 novi
545 2708 557 2735 2

229 2793 252 2810 ⁸⁸
266 2794 360 2824 Matth.
384 2804 451 2829 xvn,
470 2796 516 2824 26.

1334 1253 1457 1280 ΠΕΥΣΙΣ
1471 1253 1520 1280 IE’.

1071 1311 1125 1337 Καὶ
1139 1311 1161 1337 εί
1178 1310 1243 1342 Θεὸς
1258 1311 1271 1336 ὁ
1286 1309 1349 1341 Υἱὸς
1364 1310 1411 1336 καὶ
1426 1309 1482 1341 leo;
1495 1308 1533 1344 τῷ
1547 1309 1646 1345 "arpi,
1662 1308 1722 1340 πῶς
1735 1309 1827 1344 ἀγνοεῖ

1032 1356 1050 1385 ἃ
1064 1358 1078 1383 ὁ
1093 1357 1186 1392 Πατὴρ
1203 1355 1346 1390 γινώσκει;
1368 1355 1452 1387 Αὐτὸς
1472 1356 1526 1391 γὰρ
1540 1355 1568 1381 ὲν
1591 1355 1769 1389 Εὑαγγελίοις
1782 1355 1826 1381 λέ-

1033 1411 1087 1437 γει,
1107 1403 1147 1428 ὃτι
1170 1402 1275 1434 Οὐδείς
1297 1399 1358 1428 οἶδε
1378 1401 1435 1435 τὴν
1449 1401 1563 1436 ἡμέραν
1581 1401 1653 1428 οὐδὲ
1671 1401 1730 1435 τὴν
1745 1401 1827 1435 ὦρον

1033 1448 1086 1482 τῆς
1114 1448 1302 1480 συντελείας,
1326 1448 1395 1474 οὔτε
1413 1451 1439 1474 οι
1458 1447 1578 1482 ἄγγελοι
1600 1447 1660 1474 τῶν
1677 1447 1823 1482 οίερανῶν,

1034 1495 1102 1521 οὔτε
1119 1495 1134 1520 ὀ
1155 1494 1232 1527 Υἱὸς,
1253 1495 1278 1521 εί
1292 1493 1334 1529 μὴ
1351 1496 1366 1520 ὁ
1381 1494 1486 1528 Πατὴρ
1498 1495 1601 1529 μόνος.

1354 1551 1531 1585 Ἀπόκρισις.

1074 1610 1151 1636 Ἐπεὶ
1165 1607 1211 1636 οὖν
1228 1609 1431 1645 παραδείγμασι
1449 1609 1551 1645 βροτῶν
1569 1608 1718 1644 κεχρῆσθαι
1735 1608 1825 1644 πέφυ-

1033 1656 1108 1690 κενὴ
1128 1655 1188 1682 θεία
1207 1655 1313 1691 Γραῳὴ.
1331 1655 1378 1682 καὶ
1400 1655 1583 1690 φυσιολογίαις
1609 1653 1748 1686 πολλάκις,
1771 1663 1823 1681 κα-

1033 1700 1097 1733 Θὼς,
1123 1701 1152 1727 ὲν
1180 1700 1357 1735 Εὑαγγελίοις
1383 1699 1536 1736 θεηγορῶν,
1563 1699 1645 1735 φησὶν
1667 1700 1682 1726 ὁ
1709 1699 1822 1735 Κύριος,

1039 1746 1140 1781 Ὁμοία
1152 1746 1238 1773 ἐστὶν
1251 1747 1270 1780 ἠ
1283 1746 1429 1778 ,βασιλεία
1445 1745 1505 1773 τῶν
1519 1744 1656 1779 οὐρανῶν
1674 1744 1759 1780 ζύμῃ.
1776 1745 1824 1772 καὶ

1033 1793 1130 1824 κόκκῳ
1150 1791 1299 1825 σινάπεως
1308 1800 1314 1807 ·
1331 1792 1379 1818 καὶ
1395 1791 1501 1824 Παῦλος
1514 1792 1543 1818 δὲ
1557 1791 1571 1817 ό
1584 1791 1685 1826 ὑψηλὸς
1699 1791 1750 1825 τὴν
1764 1791 1823 1817 διά-

1033 1847 1117 1869 νοιαν,
1139 1838 1278 1873 Σώματα,
1305 1838 1403 1874 φησὶν,
1426 1836 1599 1872 ἐπουράνια,
1626 1837 1674 1863 καὶ
1700 1836 1825 1871 σώματα

1032 1884 1162 1918 ἐπίγεια·
1178 1884 1332 1919 φυσιολογεί
1355 1884 1385 1911 δὲ
1405 1884 1453 1911 καὶ
1477 1883 1631 1919 Κορινθίοις
1646 1883 1822 1915 ἐπιστέλλων,

1032 1929 1086 1956 ἀπὸ
1100 1929 1353 1964 σά).πιγγος,αὑλοῦ
1365 1932 1416 1958 καὶ*
1432 1929 1558 1965 κιθάρας.
1576 1928 1662 1963 Κάγὼ
1683 1929 1775 1955 τοίνυν
1789 1929 1823 1956 ἐκ

1031 1975 1086 2002 τῶν
1109 1976 1169 2002 καθ’
1190 1976 1264 2010 ἡμᾶς
1287 1975 1394 2010 ἀμυδρᾷ
1412 1975 1496 2002 εικόνι
1520 1975 1666 2011 χρήσομαι.
1693 1973 1758 2011 *Δρ*
1774 1973 1821 2002 οὖν

1031 2022 1124 2056 ἀγνοεῖ
1135 2023 1149 2048 6
1168 2022 1233 2056 ἐμὸς
1243 2021 1321 2055 λόγος
1335 2020 1369 2047 τὰ
1380 2020 1435 2056 ὲμὰ
1446 2020 1634 2056 βουλεύμαται
1648 2020 1719 2047 ’Δλλ’
1735 2021 1820 2053 οὐδεὶς

1030 2068 1084 2095 τῶν
1099 2067 1222 2094 ὁπωσοῦν
1235 2066 1357 2098 παιδείας
1373 2066 1571 2102 μετειληφότων
1583 2065 1669 2093 ταῦτα
1678 2067 1745 2102 ἐρεῖ.
1760 2067 1820 2098 Πῶς

1029 2112 1076 2141 οὖν
1090 2114 1104 2140 ὁ
1115 2113 1161 2140 τοῦ
1175 2113 1242 2140 Θεοῦ
1255 2112 1301 2139 καὶ
1312 2112 1418 2148 Πατρδς
1440 2112 1528 2146 Λόγος
1542 2111 1669 2147 ἀγνοήσει
1686 2112 1737 2144 τὰς
1748 2112 1820 2139 ἐκεί·-

1029 2168 1075 2186 νου
1093 2159 1206 2194 βουλὰς,
1229 2159 1357 2194 φάσκων,
1380 2157 1482 2185 Πάντα
1501 2157 1560 2184 ὅσα
1582 2158 1644 2192 ἔχει
1666 2158 1683 2184 ὁ
1707 2158 1819 2192 Πατὴρ,

1029 2204 1086 2240 ἐμά
1101 2205 1184 2237 eam;
1202 2204 1243 2238 τὸ,
1255 2205 1347 2240 Θεδςή
1363 2204 1430 2240 ζωὴ,
1448 2204 1478 2231 τὸ
1502 2204 1569 2239 φῶς,
1581 2203 1612 2230 τὸ
1628 2203 1774 2237 ἀθάνατον,
1789 2205 1820 2231 τὸ

1029 2251 1231 2286 ἀκατάληπτον.
1252 2251 1307 2278 Καὶ
1329 2250 1420 2282 πάλιν,
1448 2250 1504 2278 Καὶ
1523 2250 1622 2277 πάντα
1641 2250 1679 2277 τὰ
1701 2250 1759 2285 ἐμὰ
1779 2250 1820 2278 σά

1030 2298 1105 2329 ἐστι,
1119 2298 1220 2333 Πάτερ,
1245 2297 1294 2324 καὶ
1312 2297 1348 2324 τὰ
1362 2297 1404 2324 σὰ
1418 2296 1487 2331 ἐμά.
1508 2297 1540 2324 El
1561 2297 1651 2323 τοίνυν
1671 2297 1761 2324 πάντα
1773 2297 1818 2324 τοῦ

1033 2343 1140 2380 lla-:96;
1154 2343 1236 2370 αὐτοῦ
1246 2345 1314 2374 ἐστι,
1328 2343 1375 2370 καὶ
1385 2343 1402 2378 ἡ
1419 2342 1519 2377 γνῶσις
1530 2343 1547 2378 ἡ
1561 2342 1609 2368 τοῦ
1624 2342 1742 2378 Πατρὸς.
1753 2342 1820 2369 πάν-

1029 2398 1084 2422 τως
1098 2389 1180 2417 αὑτοῦ
1202 2391 1260 2416 ἐστι
1280 2389 1328 2416 καὶ
1348 2388 1396 2416 τοῦ
1412 2389 1581 2424 Πνεύματος,
1596 2389 1634 2420 ὡς
1657 2389 1716 2423 μετ’
1732 2388 1820 2422 ὀλίγον

1030 2435 1205 2471 πλατυτέρως
1220 2434 1377 2470 ῥηθήσεται.

1321 2571 1446 2598 nam:
1470 2571 1529 2605 ις’.

1066 2620 1100 2647 Τί
1114 2617 1172 2651 οὖν,
1186 2617 1279 2654 ἐπειδὴ
1290 2617 1344 2653 ἐγὼ
1357 2617 1439 2652 λέγω,
1453 2616 1556 2644 Πάντα
1575 2617 1633 2644 ὅσα
1649 2615 1713 2651 ἔχει
1730 2617 1748 2644 δ
1763 2618 1817 2644 Πα-

1029 2666 1097 2701 τὴρ.
1111 2665 1169 2701 ἐμά
1191 2664 1287 2697 ἐστιν,
1304 2660 1361 2700 ἆρα
1379 2664 1427 2691 καὶ
1447 2663 1496 2699 τὴν
1509 2663 1610 2698 γνῶσιν
1629 2662 1686 2698 ἔχω
1702 2663 1750 2690 τοῦ
1764 2663 1815 2690 nu-

1029 2712 1102 2750 τρδς,
1116 2712 1163 2738 καὶ
1176 2711 1225 2746 τὴν
1241 2710 1338 2746 βουλὴν
1351 2709 1434 2738 αὐτοῦ
1448 2707 1525 2742 olea;

571 2797 682 2834 “VPsal.
699 2806 792 2832 ειυς.
806 2801 833 2828 1.
871 2801 895 2818 ⁴¹
908 2801 929 2831 ιι
942 2801 980 2829 Ca

1035 2809 1052 2834 ι,
1071 2801 1115 2830 l2.
1155 2803 1179 2819 “
1193 2802 1271 2834 ibid..
1289 2801 1333 2830 lo.
1371 2799 1481 2829 “Psal.
1494 2807 1590 2833 cum,
1605 2800 1671 2828 151.
1706 2799 1730 2817 ⁸⁸
1741 2799 1810 2834 Ρειι.

190 2829 322 2876 ξομε-,ξ’
338 2831 621 2876 ῃέεῗίξηὶνὴὲἳο.ηη
639 2834 734 2863 Matth.
750 2829 810 2871 sui,
827 2836 871 2866 33.
900 2829 933 2876 »λ’
953 2836 980 2865 ib

1045 2829 1092 2865 3L
1109 2829 1114 2830 7
1130 2838 1153 2855 δ’
1168 2839 1178 2867 1
1193 2829 1386 2873 ίν,40.
1424 2836 1448 2854 ⁸⁸
1463 2836 1473 2865 1
1490 2835 1555 2864 Cor.
1571 2829 1628 2869 xiv,
1638 2835 1666 2863 7.
1699 2835 1722 2852 “
1735 2833 1810 2864 Joan.

190 2871 248 2896 In.
267 2864 312 2895 15.
347 2867 371 2884 ⁸¹
384 2865 463 2894 Joan.
478 2874 544 2913 uti,
560 2867 603 2897 10.
