1920 3046
76 105 134 135 873

398 166 578 200 Ἀπόκρισις.

117 211 231 246 Ἔροιμι
257 210 335 245 κάγὼ
359 212 441 247 ὑμᾶς,
462 211 631 247 ἀξιάγαστοι,
655 214 702 246 Τίς
727 215 838 250 μείζων,
858 217 875 252 ἡ

79 257 174 292 ἡμέρα
189 257 240 284 καὶ
250 258 267 292 ἡ
282 257 341 293 ὥρα
355 259 457 295 εκείνη,
474 260 490 295 ἢ
509 261 523 286 6
537 260 647 296 Πατήρ;

389 305 514 332 ΠΕΥΣΙΣ
532 307 581 333 1Ζ¹.

123 338 152 364 Ὁ
164 339 261 375 Πατὴρ
272 339 403 375 δηλονότι.
417 341 454 372 ὼς
469 341 586 376 ἄναρχος
597 343 644 368 καὶ
656 343 818 380 προαιώνιος
829 344 876 371 καὶ

80 384 274 420 ἁκατάληπτός
289 394 318 413 τε
336 387 383 413 καὶ
400 387 508 414 πάντων
524 389 647 423 ποιητής.

398 454 578 488 Ἀπόκρισις.

115 498 149 524 EI
160 497 252 524 τοίνυν
268 497 368 533 μείζων
384 499 398 525 6
420 500 514 535 Πατὴρ
529 500 578 536 τῆς
592 500 666 537 ὥρας
680 503 726 528 καὶ
742 503 792 538 τῆς
806 503 875 538 ὴμέ-

81 551 132 579 ρας
150 545 198 570 καὶ
210 545 329 576 πάντων,
350 546 418 577 πῶς,
435 547 466 573 τὸ
477 547 569 582 μεῖζον
584 548 764 583 ἐπιστάμενος
775 551 789 576 6
800 549 874 582 Υἱὸς,

81 590 113 616 τὺ
129 590 243 617 ἔλασσον
258 592 367 625 ἀγνοεῖς
392 592 439 619 καὶ
461 593 507 619 τὸν
531 594 645 629 ποιητὴν
657 594 808 628 γινώσκων,
829 596 875 622 καὶ

82 635 222 672 συνεργῶν
234 635 309 671 αὑτῷ
328 637 356 663 ὲν
370 638 446 671 πᾶσι,
461 637 519 669 πῶς
532 639 658 674 ἀγνοήσει
679 640 713 666 τὰ
734 641 779 667 ὑπ’
792 641 875 667 αὐτοῦ

81 680 249 716 ποιηθέντα;
266 681 369 715 Καθὼς
395 683 460 718 γὰρ,
478 685 554 719 φησὶ,
574 685 713 719 γινώσκει
725 695 763 721 με
784 688 801 713 ὁ
817 689 876 713 Ila-

80 726 149 760 τῂρ,
161 727 244 761 κάγὼ
257 728 392 762 γινώσκω
410 729 466 755 τὸν
486 731 615 764 Πατέρα,
631 730 694 763 Πῶς
708 730 755 759 οὖν
777 733 875 770 ἀγνοή-

80 780 123 798 σει
136 772 167 799 τὸ
181 771 273 809 ἦττον,
289 774 303 800 6
317 774 348 801 τὸ
361 775 452 810 μεῖζον
466 776 662 812 ὲπιστάμενος;

381 861 507 888 ΠΕΥΣΙΣ
525 863 579 891 ΙΗ¹.

122 913 193 940 Ἀλλ’
208 915 289 950 ἡμεῖς
309 916 467 952 νομίζομεν,
481 918 588 946 καὶτοῦ
605 919 672 946 Υἱοῦ
691 920 792 956 μείζον’
804 919 874 948 εῖναι

79 959 125 987 τὸν
151 961 277 996 Πατέρα,
305 963 395 995 καθὼς
423 965 504 997 αὐτὸς
523 974 619 1001 φησιν·
642 967 669 994 Ὁ
695 967 796 1003 Πατήρ
826 976 879 1002 μου

77 1007 187 1041 μείζων
197 1009 258 1042 μού
274 1008 369 1036 ἐστιν.

392 1056 568 1091 Ἀπόκρισις.

115 1098 173 1133 οὐχ
190 1099 262 1126 ὅσιον
275 1100 375 1132 οἴεσθε,
393 1101 504 1135 μείζονα
527 1103 659 1138 ὑπάρχειν
676 1104 724 1132 τοῦ
743 1105 808 1132 Υἱοῦ
828 1106 874 1132 τὸν

80 1144 230 1181 Πιτὲρα,ἢ
254 1147 428 1183 περιφερείᾳ,
449 1148 465 1184 ἢ
488 1148 601 1184 ὅγκῳ,ῆ
618 1150 716 1185 χρόνῳ,
734 1150 750 1185 ἤ
774 1151 872 1187 καιρῷ,

79 1191 96 1225 ἤ
115 1190 189 1226 ἀξίᾳ,
204 1191 220 1226 ἢ
233 1191 356 1228 ῥώμῃ,ἢ
380 1193 496 1228 θεότητι,
516 1194 533 1230 ἢ
558 1195 677 1230 μεγέθει,
697 1196 713 1232 ἢ
734 1196 803 1231 ὕψει.
823 1198 874 1224 Οὐ-

79 1237 124 1263 δὲν
138 1237 192 1273 γὰρ
207 1238 310 1264 τούτων
329 1240 357 1266 ἐν
375 1242 408 1275 τῇ
433 1240 492 1277 θείᾳ
509 1242 613 1277 Τριάδι.
634 1243 715 1270 Ἀλλὰ
735 1244 803 1271 καθὸ
816 1246 874 1271 [Ia—

80 1282 131 1318 τήρ
148 1284 162 1309 6
174 1283 250 1319 Πατὴ
255 1293 270 1318 ρ
284 1286 368 1315 ἐστιν,
390 1285 460 1313 οὕτω
479 1288 635 1324 γνησιότητι
648 1289 662 1314 6
682 1289 745 1321 Υἱὸς
756 1290 801 1316 τὸν
815 1291 873 1318 Πα-

79 1330 147 1364 τέρα
158 1330 236 1364 τιμᾷ.
250 1331 288 1356 Ub
303 1331 356 1366 γὰρ
371 1331 447 1367 ὃγκῳ
465 1332 576 1368 φέρεται
591 1333 620 1360 1:6
630 1334 716 1366 Θεῖον,
729 1335 783 1362 οὐδ’
794 1336 875 1372 ὑπέρ-

78 1382 159 1407 ογκος
171 1372 240 1409 εἷ(6)
260 1376 309 1403 τσῦ
317 1377 417 1409 Παιδὸς
426 1379 439 1404 6
448 1379 552 1416 Πατήρ
561 1380 591 1406 οὐ
604 1381 710 1415 χρόνοις
719 1381 871 1413 ὑπόκειται.

81 1420 124 1446 ἵνα
143 1419 340 1458 οπέρχρονοςῇ
364 1423 378 1448 6
396 1424 536 1460 γεννήτωρ
552 1424 599 1451 τοῦ
613 1426 804 1461 γεννηθέντος·
820 1428 873 1454 οὐδ’

80 1463 113 1492 αὖ
127 1467 207 1493 πάλιν
219 1467 258 1502 τῷ
272 1467 335 1503 ὕψει
349 1469 470 1505 μερικῶς
481 1470 608 1498 τάττεται
631 1472 646 1497 ὁ
658 1473 764 1509 Πατὴρ,
786 1474 875 1500 πάντα

81 1513 225 1548 περιέχων,
254 1515 300 1540 ὑπ’
320 1515 426 1547 οὐδενὸς
450 1516 478 1542 δὲ
505 1518 713 1553 περιεχόμενος,
735 1520 874 1555 ἀμεγέθης

81 1558 210 1594 ὑπάρχων
228 1560 276 1587 καὶ
288 1561 399 1592 ἅποσος.

391 1697 514 1724 ΗΕΥΣΙΣ
526 1698 576 1726 ΙΘ¹.

114 1743 147 1770 Εἰ
161 1741 209 1770 οὖν
221 1740 281 1773 ἴσος
294 1742 333 1778 τῷ
349 1743 408 1778 Θεῷ
419 1743 465 1770 καὶ
479 1744 566 1780 [Ιατρλ⁸
578 1745 592 1770 ὁ
608 1745 682 1777 Υἱὸς,
697 1747 744 1773 καὶ
755 1746 793 1779 ὡς
803 1748 874 1773 ἐκεῖ·

79 1798 124 1820 νος
140 1789 254 1824 ἀγαθὸς,
271 1789 331 1821 πῶς
347 1790 427 1822 αὐτὸς
444 1789 528 1824 λέγει,
547 1791 653 1825 Οὐδεὶς
666 1793 777 1828 ἀγαθὸς
793 1794 819 1820 εί
829 1793 873 1828 μὴ

80 1833 124 1870 εἷς
137 1838 152 1863 ἑ
170 1835 261 1868 Θεός;
387 1871 567 1905 Ἀπόκρισις.

121 1917 191 1944 Ἀλλ’
208 1917 260 1943 οὐκ
274 1917 440 1952 ἀρνούμενος
456 1917 552 1945 ἑαυτὸν
566 1918 613 1954 τῆς
625 1919 803 1956 ἀγαθότητος,
819 1922 873 1948 οὐδ’

80 1963 303 1998 ὑπεκφερόμενος
327 1962 378 1996 τῆς
405 1963 530 1999 θεότητος
555 1963 636 1999 μόνον
662 1965 743 2000 φησὶν
773 1967 874 2000 ἀγαθὸν

79 2008 214 2043 ὑπάρχειν
230 2007 276 2034 τὸν
288 2007 354 2034 Θεὸν
369 2009 416 2034 καὶ
432 2009 553 2044 Πατέρα.
575 2009 741 2046 Ἀκροτάτης
756 2010 783 2037 δὲ
797 2019 875 2047 στορ-

80 2053 134 2088 γῆς
153 2054 201 2080 καὶ
211 2053 378 2089 ἀγαθὰτητος
388 2054 505 2090 ἐναργὴς
519 2055 667 2088 ἀπόδειξις,
679 2056 710 2082 τὸ
725 2056 762 2091 μὴ
773 2057 872 2092 ἐαυτῷ,

80 2100 148 2126 ἀλλὰ
166 2100 206 2134 τῷ
224 2100 313 2136 Πατρὶ
334 2100 480 2136 ἀναφέρειν
501 2101 550 2136 τὴν
571 2102 664 2136 τιμὴν,
690 2103 874 2139 φιλοπάτορας

78 2146 154 2180 ἡμᾶς
167 2144 302 2172 παιδεύων
316 2145 458 2180 ὑπάρχειν.
473 2145 646 2181 Αὐθαιρέτως
659 2146 712 2182 γὰρ
722 2146 874 2183 μετριάζων

79 2191 110 2218 εὖ
137 2189 278 2225 φιλοδοξεί,
305 2190 366 2217 οὐδὲ
391 2190 430 2226 τῷ
457 2190 594 2226 ἀξιώματι
615 2191 780 2227 κορυφοῦται
803 2193 874 2220 κατὰ

78 2238 142 2269 τοὺς
157 2236 291 2272 σοϐαροὺς
305 2236 353 2263 καὶ
363 2236 495 2269 ἀλαζόνας
505 2236 629 2272 ἀμυδρᾶς
640 2237 873 2273 ὲπιλελημμένους

78 2283 178 2319 ἀρχῆς,
199 2283 243 2309 διὰ
262 2282 312 2318 τῆς
327 2282 441 2318 πρὺςττὸ
457 2283 566 2318 ἀμειδὲς
579 2283 625 2310 καὶ
644 2283 822 2319 δυσπρόσιτον
838 2285 871 2320 ’τῇ

78 2328 125 2355 τοῦ
142 2329 265 2364 κήρυκος
275 2330 350 2364 φωνῇ
366 2328 568 2364 ἐξογκούμενοι,
588 2329 634 2356 καὶ
645 2328 713 2364 πρὸς
728 2329 872 2356 ὰτίθασσον

79 2374 150 2411 θῆρα
169 2374 419 2411 μετατυποὺμενοις
438 2375 486 2409 οὐχ
500 2375 648 2410 ήμερότητι
663 2375 709 2402 καὶ
722 2375 870 2411 φιλανθρωι

80 2421 130 2455 πίῃ
137 2420 186 2455 τὴν
200 2420 324 2451 ἐξουσίαν
334 2420 471 2455 κρίνοντες
479 2420 528 2455 τῆς
538 2420 654 2456 ἀλήκτου
664 2420 752 2456 δόξης,
762 2421 874 2452 εἰκότως

81 2466 293 2501 ὲπαχθήσονται.
318 2466 348 2492 EI
372 2466 400 2492 δὲ
420 2466 574 2502 προχείρως
600 2467 654 2493 πᾶν
679 2467 780 2501 ἀγαθὸν
806 2467 873 2499 ζωο-

80 2513 183 2538 ποιεῖτε
194 2531 201 2543 ,
217 2511 359 2543 πλείστους
370 2513 399 2538 ὲν
411 2511 450 2547 τῷ
466 2512 544 2547 μέρει
558 2512 645 2548 τούτῳ
657 2512 734 2544 θεοὺς
758 2513 854 2548 ἕξομεν
863 2533 871 2544 ,

81 2558 216 2593 πολλαχοῦ
233 2558 284 2593 τῆς
295 2558 370 2590 θείας
378 2559 398 2584 Γ
400 2558 491 2594 ραφῆς
507 2559 575 2594 μετὰ
591 2559 656 2585 Θεὸν
671 2559 776 2594 βοὼσης
785 2560 872 2595 ὑπάρ-

80 2613 136 2639 χειν
160 2605 208 2630 καὶ
229 2604 310 2639 ἕτερα
334 2605 442 2639 ἀγαθά·
471 2605 509 2640 πὴ
536 2606 586 2640 μὲν
607 2606 749 2640 φάσκουσα
771 2606 872 2640 ἀγαθὸν

81 2651 163 2677 παῖδα
178 2650 285 2686 πτωχὸν
296 2651 342 2677 καὶ
354 2650 434 2685 σοφὸν
450 2650 495 2678 τὸν
513 2651 650 2686 Σαμουὴλ,
715 2652 753 2683 δὲ,
774 2652 874 2686 ἀγαθὸς

80 2695 168 2721 Σαοὺλ
185 2695 243 2726 υἱὸς
255 2695 348 2727 Κίσου,
361 2696 375 2721 6
391 2695 499 2730 πρῶτος
509 2695 555 2722 τοῦ
571 2697 678 2732 Ἰσραὴλ
691 2697 768 2730 ἅναξ.
778 2697 833 2723 Καὶ
841 2698 873 2732 τῇ

84 2741 165 2778 Ἀννῃ
173 2741 286 2776 ἀπαιδίᾳ
297 2742 343 2768 καὶ
350 2741 491 2777 στειρὼσει
501 2743 671 2780 ποτνιωμένῃ
678 2744 759 2779 φησὶν
767 2744 781 2769 6
788 2744 879 2770 Ἐλκα-

758 110 932 141 DIALOGUS
949 113 971 140 I.

1665 118 1718 145 874

1243 171 1398 206 Responsio.

963 215 1059 245 Merito
1074 218 1239 253 interrogem
1259 223 1287 245 et
1306 225 1356 253 ego
1375 226 1425 245 vos
1436 238 1444 251 ,
1463 227 1480 245 ο
1495 218 1613 254 ριεεείοιιί
1625 240 1632 253 ,
1648 220 1718 254 Quis

925 264 1014 299 major
1026 264 1037 290 ?
1050 272 1114 292 num
1130 264 1190 292 dies
1203 268 1231 291 et
1245 264 1312 291 hora
1327 265 1388 296 illa.
1406 273 1440 293 an
1453 265 1559 293 Pater?

1144 310 1404 338 INTERROGATIO
1422 311 1504 339 XVII.

961 345 1043 372 Pater
1062 346 1172 381 utique,
1192 346 1239 380 qui
1258 351 1301 373 est
1321 347 1425 382 absque
1446 348 1599 382 principio,
1619 351 1648 376 et
1665 355 1718 377 saa-

927 390 996 418 culis
1025 390 1152 418 omnibus
1180 391 1267 426 prior,
1297 394 1324 418 et
1353 391 1657 427 incomprehensibilis,
1690 396 1720 421 et

927 436 1050 463 omnium
1067 437 1202 463 conditor.

1243 471 1397 508 Responsio.

961 515 991 542 Si
1005 523 1069 551 ergo
1093 516 1180 552 major
1201 515 1292 549 Pater,
1315 525 1397 552 quam
1412 517 1480 545 hora
1495 522 1522 546 et
1536 519 1595 547 dies
1611 519 1657 547 ille
1667 539 1673 551 ,
1690 523 1718 547 et

926 562 1034 596 quidem
1055 561 1140 596 major
1163 563 1312 590 omnibus:
1339 564 1476 598 quomodo
1499 565 1590 600 majus
1614 572 1716 602 cogno-

926 615 1006 634 scens
1024 607 1125 641 Filius,
1143 608 1280 644 ignorabit
1300 609 1413 637 minus?
1431 610 1477 643 qui
1497 614 1524 638 et
1544 611 1717 639 conditorem

926 654 1087 688 cognoscit,
1117 658 1145 681 et
1174 659 1302 689 operatur
1330 662 1393 682 cum
1421 655 1482 691 ipso
1509 657 1538 683 in
1564 658 1715 692 omnibus,

925 699 1062 734 quomodo
1090 699 1228 734 ignorabit
1256 707 1272 727 a
1296 708 1326 727 se
1349 700 1443 728 facta?
1469 702 1715 735 Quemadmodum.

925 745 1024 779 inquit,
1039 745 1110 772 nouit
1128 754 1168 773 me
1189 745 1281 778 Pater,
1302 747 1384 773 etiam
1404 747 1460 781 ipse
1477 749 1538 775 noui
1553 748 1663 776 Patrem
1679 749 1714 776 ⁸³.

926 791 1068 823 Quomodo
1099 792 1182 827 igitur
1210 792 1346 826 ignorabit
1373 793 1482 826 minus,
1507 795 1555 829 qui
1585 796 1661 822 novit
1687 796 1715 823 id

926 835 998 871 quod
1025 836 1115 871 majus
1144 837 1210 864 est?

1135 882 1395 912 INTERROGATIO
1414 884 1509 912 XVIII.

960 927 1041 963 Atqui
1057 936 1108 956 nos
1124 929 1293 957 arbitramur
1307 931 1389 958 etiam
1411 931 1481 959 Filio
1500 933 1634 967 majorem
1654 941 1716 962 esse

924 971 1049 1005 Patrem,
1067 974 1298 1008 quemadmodum
1328 975 1418 1010 inquit
1444 976 1503 1010 ipse
1519 986 1526 1004 :
1541 977 1623 1004 Pater
1637 985 1716 1007 meus

925 1018 1013 1053 major
1030 1028 1069 1047 me
1084 1024 1124 1047 est
1139 1020 1172 1048 “.

1242 1066 1395 1101 Responsio.

959 1109 1019 1138 Non
1042 1111 1111 1139 satis
1136 1112 1179 1146 pie
1203 1113 1305 1146 putatis
1330 1114 1462 1148 majorem
1487 1123 1549 1144 esse
1571 1117 1641 1145 Filio
1662 1118 1715 1146 Pa-

926 1163 1000 1188 rem,
1026 1156 1069 1184 vel
1094 1157 1214 1185 ambitus
1239 1159 1362 1192 ratione,
1389 1161 1433 1187 vel
1455 1162 1555 1194 molis,
1579 1164 1622 1191 vel
1647 1168 1714 1191 tem.

925 1202 1001 1236 poris
1011 1222 1018 1235 ,
1033 1203 1075 1230 vel
1099 1203 1242 1238 dignitatis
1252 1226 1260 1238 ,
1279 1206 1322 1232 vel
1341 1206 1450 1234 roboris
1460 1227 1468 1239 ,
1483 1209 1526 1235 vel
1545 1209 1697 1238 divinitatis
1708 1232 1715 1241 .

925 1248 966 1274 vel
997 1249 1221 1283 magnitudinis,
1253 1251 1295 1277 vel
1324 1252 1502 1281 excellentiae.
1537 1253 1610 1282 Nihil
1641 1257 1714 1283 enim

925 1292 1060 1326 ejusmodi
1085 1293 1114 1321 in
1139 1299 1234 1322 sancta
1258 1295 1392 1324 Trinitate
1422 1297 1511 1325 locum
1539 1299 1629 1328 habet.
1661 1300 1714 1328 Sed

925 1342 1060 1372 quatenus
1081 1338 1173 1371 Pater,
1199 1339 1280 1368 Pater
1303 1346 1360 1374 est,
1379 1342 1501 1378 legitimo
1523 1346 1641 1379 quodam
1666 1346 1715 1373 ho-

927 1392 995 1411 nore
1020 1384 1106 1414 Filius
1133 1386 1241 1414 Patrem
1264 1387 1358 1415 allicit.
1380 1388 1440 1415 Non
1465 1390 1536 1416 enim
1558 1392 1628 1419 mole
1648 1400 1715 1427 qua-

925 1429 988 1456 dam
1007 1433 1131 1464 gestatur
1149 1430 1302 1464 Diviuitas,
1330 1437 1360 1460 ut
1385 1433 1457 1460 mole
1482 1440 1592 1470 superet
1616 1436 1714 1465 Filium

926 1474 1028 1502 Pater:
1044 1483 1135 1509 neque
1147 1476 1263 1511 tempori
1282 1477 1422 1513 subjacet,
1446 1482 1476 1506 ut
1497 1480 1573 1515 prior
1594 1486 1716 1517 tempore

926 1519 962 1546 sit
977 1519 1086 1554 genitor
1100 1520 1213 1555 genito:
1232 1529 1322 1556 neque
1339 1522 1404 1550 item
1422 1523 1602 1553 sublimitatis
1623 1526 1714 1555 habita

925 1563 1032 1591 ratione
1048 1566 1197 1600 separatim
1214 1566 1327 1601 punitur
1343 1566 1434 1601 Pater,
1456 1569 1502 1604 qui
1525 1572 1618 1599 omnia
1637 1580 1714 1600 com-

925 1610 1077 1644 plectatur,
1109 1612 1168 1647 ipse
1196 1619 1212 1639 a
1239 1614 1316 1641 nullo
1349 1615 1587 1651 comprehensus,
1615 1626 1715 1655 expers

925 1656 1122 1691 magnitudinis
1137 1661 1165 1685 et
1182 1659 1360 1693 quantitatis.

1144 1702 1407 1733 INTERROGATIO
1427 1707 1497 1734 XIX.

961 1745 990 1772 Si
1008 1746 1091 1781 igitur
1106 1749 1221 1783 aequalis
1235 1749 1291 1787 Deo
1306 1758 1338 1778 ac
1350 1751 1427 1780 Patri
1443 1752 1530 1781 Filius
1548 1760 1600 1787 est,
1619 1761 1643 1782 et
1668 1757 1715 1783 lm-

924 1797 977 1818 nus
1007 1791 1240 1826 quemadmodum
1277 1786 1332 1828 iIle,
1371 1798 1511 1831 quomodo
1539 1786 1630 1836 inquit
1646 1803 1714 1838 IpS!,

924 1837 1006 1864 Nemo
1022 1837 1104 1864 bonus
1121 1843 1170 1871 est,
1182 1844 1278 1874 prwler
1294 1849 1374 1868 unum
1387 1842 1470 1870 Deum
1479 1844 1525 1871 ³⁸2

1242 1885 1395 1920 Responsio.

960 1933 1018 1956 Non
1036 1930 1108 1964 quod
1122 1936 1203 1966 neget
1221 1932 1248 1958 in
1264 1934 1414 1969 semetipso
1437 1936 1604 1971 bonitatem,
1627 1948 1715 1976 neque

925 1973 959 2001 de
975 1974 1120 2003 divinitate
1135 1984 1165 2003 se
1183 1977 1317 2011 eximens,
1333 1981 1422 2007 solum
1438 1982 1528 2018 inquit
1539 1984 1640 2011 bonum
1653 1973 1716 2014 esse

925 2018 1010 2047 Deum
1028 2024 1055 2047 et
1069 2020 1190 2049 Patrem.
1204 2022 1310 2050 Summi
1327 2025 1457 2054 nimirum
1469 2029 1572 2057 amoris
1587 2035 1614 2057 et
1631 2030 1713 2059 boni-

927 2065 992 2092 tatis
1016 2066 1129 2093 evidens
1146 2073 1339 2102 argumentum
1357 2076 1411 2103 est,
1429 2080 1483 2100 non
1503 2074 1566 2108 sibi,
1580 2075 1627 2103 sed
1640 2075 1715 2105 Patri

926 2110 1035 2139 deferre
1044 2111 1187 2146 honorem.
1198 2121 1254 2149 quo
1267 2115 1328 2150 ipso
1338 2124 1390 2144 nos
1402 2125 1496 2146 amore
1509 2125 1637 2154 parentes
1651 2130 1716 2157 pro-

928 2158 1005 2192 sequi
1030 2157 1130 2186 debere
1155 2159 1244 2187 docet.
1267 2161 1337 2189 Nam
1358 2168 1457 2198 sponte
1478 2164 1512 2192 de
1538 2174 1568 2194 se
1592 2168 1715 2196 modeste

927 2204 1054 2238 loquens,
1070 2213 1124 2232 non
1142 2206 1250 2235 inanem
1266 2213 1359 2244 captat
1369 2210 1494 2245 gloriam,
1511 2221 1600 2248 neque
1623 2214 1714 2250 digni-

926 2249 992 2276 tatis
1014 2250 1219 2279 existimatione
1242 2253 1365 2286 eﬂ‘ertur,
1390 2259 1420 2282 ut
1445 2257 1535 2284 solent
1555 2249 1668 2293 superbi
1688 2266 1716 2288 et

926 2299 1100 2330 arrogantes,
1116 2297 1161 2331 qui
1178 2301 1259 2325 tenue
1267 2306 1299 2326 ac
1311 2299 1462 2328 obscurum
1482 2302 1625 2337 imperium
1641 2306 1714 2332 nacti

926 2349 959 2368 eo
974 2341 1034 2376 ipso
1052 2341 1085 2369 ad
1104 2342 1269 2371 inamabiles
1289 2352 1393 2376 mores,
1415 2351 1442 2373 et
1455 2349 1529 2374 omni
1551 2357 1565 2375 a
1586 2351 1716 2378 comitate

927 2387 955 2413 in
971 2386 1167 2422 congressibus
1185 2389 1289 2417 alienos
1301 2399 1350 2426 per
1368 2400 1463 2421 vocem
1483 2396 1618 2429 praeconis
1637 2397 1713 2429 elati,

927 2433 1075 2461 immanem
1099 2435 1246 2469 quamdam
1266 2436 1295 2464 in
1318 2437 1404 2465 feram
1426 2443 1580 2474 mutantur,
1599 2441 1715 2477 ideoque

927 2487 980 2505 non
989 2487 1022 2506 ex
1031 2480 1245 2509 mansuetudine
1255 2489 1287 2509 ac
1298 2483 1468 2512 humanitate
1478 2492 1614 2521 perpetuae
1622 2488 1715 2523 gloria:

925 2529 1090 2559 potestatem
1118 2527 1278 2565 metientes,
1301 2529 1393 2556 odium
1416 2530 1444 2557 in
1468 2539 1529 2558 sese
1544 2540 1598 2559 non
1621 2533 1670 2561 ahs
1685 2542 1714 2562 re

928 2571 1118 2599 concitabunt.
1140 2572 1217 2606 Quod
1236 2574 1259 2601 si
1282 2578 1385 2602 temere
1404 2576 1521 2610 quodvis
1534 2578 1636 2605 bonum
1658 2579 1713 2606 dci-

928 2617 1054 2649 Ilcabilis,
1085 2619 1218 2653 plurimos
1235 2621 1261 2648 in
1278 2621 1328 2648 hac
1347 2626 1424 2657 parte
1438 2622 1505 2650 deos
1519 2624 1639 2652 habituri
1665 2633 1712 2653 su-

928 2671 1000 2694 mus.
1022 2665 1114 2692 multis
1129 2665 1156 2693 in
1172 2667 1242 2694 locis
1257 2667 1394 2695 clamante
1411 2669 1554 2704 Scriptura
1567 2678 1655 2703 sacra,
1669 2680 1710 2698 se-

930 2710 1049 2736 cundum
1083 2710 1166 2738 Deum
1193 2716 1220 2738 et
1246 2713 1297 2739 alia
1317 2713 1440 2748 quaedam
1457 2723 1519 2742 esse
1534 2708 1720 2748 bona,'verb|‘

932 2756 1029 2790 gratia,
1044 2764 1125 2791 quum
1146 2759 1264 2792 quodam
1279 2761 1317 2787 ait
1331 2760 1358 2788 in
1377 2760 1437 2788 loco
1452 2760 1486 2794 “,
1511 2761 1611 2789 bonum
1630 2748 1720 2790 fuisset

117 2817 140 2834 "
154 2817 237 2846 Joan.
256 2827 285 2850 ι,
305 2820 346 2848 l5.
387 2820 500 2848 "Joan.
519 2830 574 2855 xw,
589 2822 634 2850 28.
674 2823 696 2839 ⁸⁵
711 2822 793 2851 Marc.
809 2832 834 2857 ς,
853 2824 873 2850 1:

935 2825 957 2840 "
974 2824 981 2851 Ι
995 2825 1059 2861 Heg.
1075 2834 1104 2860 II,
1118 2827 1163 2855 ‘26.

118 2875 154 2909 {6)
171 2874 218 2903 Εἴ.
238 2874 306 2909 Lege
321 2877 390 2908 ἐστι,
404 2878 456 2909 vel,
471 2878 522 2910 εἴη.
538 2878 618 2906 Ebur.

184 2923 324 2952 ιἈτιιοι..
341 2925 398 2955 (iu.
418 2925 594 2956 XXXVIII.

1521 2929 1558 2961 ιε
