1920 3046
203 82 255 108 875

201 151 314 179 puerum
326 150 353 171 et
364 145 515 180 sapientem
531 145 703 173 Samuelem:
721 146 785 174 alibi
802 155 867 174 vero
877 147 898 162 ⁸⁷
913 166 920 178 ,
936 147 985 174 bo-

200 198 253 218 nus
267 196 326 219 erat
337 190 413 222 Saul,
427 191 497 219 I'ilius
510 191 689 226 Cisi,primus
705 200 750 219 rex
760 193 986 219 lsraeliticorum.

202 239 234 266 Et
252 240 336 266 Annae
352 242 461 273 propter
476 238 622 264 orbitatem
638 245 670 265 ac
684 238 858 265 sterilitatem
872 238 986 273 ingemi-

201 286 288 313 scenti
299 284 408 311 dicebat
419 283 520 310 Elcana
533 293 538 310 :
552 283 728 316 Quamobrem
741 289 831 311 maesto
842 292 869 311 es
878 285 966 311 animo
977 285 988 311 ?

205 331 296 358 Nonne
313 323 398 357 Bonus
415 330 529 357 tibisum
545 337 590 364 ego
608 336 663 362 pro:
680 329 767 357 decem
786 329 925 356 liberis"?
938 329 989 357 Sa-

203 376 282 411 piens
301 380 391 402 autem
415 376 441 401 in
465 374 566 401 divinis
582 373 733 402 Solomon:
755 374 856 401 Bonum
875 379 924 407 est,
948 375 989 401 iu-

200 420 270 455 quit,
290 421 317 446 in
333 420 439 446 dornum
457 419 542 446 luctus
562 418 663 454 ingredi
680 419 714 446 ".
732 418 765 446 Et
781 419 846 446 alibi
868 419 987 446 dicitur:

201 468 278 500 Aperi
291 466 394 498 uelum,
413 465 566 492 thesaurum
588 471 661 492 tuum
681 465 777 492 bonum
793 465 826 492 °°.
842 464 919 497 Item.
934 466 988 491 Bo-

205 521 253 539 nus
267 521 353 539 sermo
367 516 477 546 prtestat
491 511 637 538 munere“.
661 511 738 544 Item,
755 511 844 538 Bonus
859 512 932 538 canis
945 511 990 546 qui

735 82 762 109 S.
784 81 932 109 CAESAR"
950 80 1116 110 GREGOBII
1130 80 1278 109 FRATRIS

1771 80 1836 108 87$

1039 142 1082 171 νᾶ,
1099 144 1119 168 Τ
1118 142 1128 167 ί
1136 141 1233 174 .tmﬁ;
1242 142 1296 167 οὐκ
1305 140 1415 175 ἁγαθός
1423 147 1471 166 σοι
1482 140 1511 173 ἐγ
1517 138 1540 165 ὼ
1552 139 1625 172 ὑπὲρ
1635 138 1708 166 δέκα
1719 139 1821 167 τέκνα
1828 147 1841 174 ;

1045 189 1074 214 '0
1091 187 1122 214 δὲ
1140 187 1194 214 τῶν
1216 187 1294 213 θείων
1314 186 1394 221 σοφὸς
1411 185 1536 221 Σολομῶν
1548 193 1555 200 ·
1586 185 1726 219 Ἀγαθὸν,
1748 186 1837 221 φησὶ,

1041 235 1218 269 πορεύεσθαι
1230 235 1274 266 εὶς
1286 231 1371 259 οἷκον
1385 232 1524 264 πένθους.
1544 231 1608 263 Καὶ,
1623 231 1760 264 "Ar-aufer
1776 232 1840 259 τὸν

1040 280 1180 314 οὐρανὸν,
1207 279 1260 306 τὸν
1281 279 1435 312 θησαυρόν
1459 284 1517 304 σου
1542 276 1595 304 τὸν
1615 277 1736 312 ἀγαθόν.
1763 278 1837 308 Καὶ,

1048 327 1166 362 Ἀγαθός
1174 327 1274 362 λόγος,
1282 326 1358 360 ὑπὲρ
1369 325 1460 360 δῶμα·
1474 325 1530 356 καὶ.
1544 325 1660 359 Ἀγαθός
1670 325 1753 352 κύων·
1763 325 1837 359 ζῶν,

1041 373 1118 407 ὑπὲρ
1134 372 1242 400 λέοντα
1257 373 1419 404 τεθνηκότα
1430 380 1437 386 ·
1455 371 1516 398 εἰδὲ
1528 371 1575 397 καὶ
1591 371 1650 406 ἔζη,
1665 371 1714 398 οὐκ
1728 371 1764 398 ἂν
1786 372 1838 407 εἴη

1042 418 1214 454 Θεὸς,ὥσπερ
1221 417 1275 444 οὐδ’
1286 418 1300 443 6
1308 417 1362 449 ζῶν
1370 417 1453 448 κύων,
1462 418 1486 443 εί
1499 416 1535 451 μὴ
1546 416 1610 451 παρ’
1623 416 1752 452 Ἕλλησιν
1761 417 1837 448 ῑσον.

1042 465 1107 500 παρ’
1122 464 1163 497 οἷς
1179 464 1289 500 κρῆναι,
1302 465 1347 491 καὶ
1361 464 1500 500 κρόμμυα,
1513 463 1561 490 καὶ
1573 463 1690 498 γαστρὸς
1703 464 1820 500 πνεύμα
1830 480 1838 485 -

1041 519 1075 537 τα
1092 510 1250 546 μεμηνότως
1263 508 1457 541 ὲκθειάζονται.

201 559 272 589 ririt,
290 558 376 590 potior
405 561 443 583 est
467 556 538 582 leone
570 562 673 583 mortuo
692 557 724 582 “.
744 556 822 588 Quod
853 556 876 583 si
894 557 935 582 leo
954 556 1071 584 maxime
1102 557 1185 587 vivat.
1210 564 1264 583 non
1290 561 1379 584 tamen
1401 555 1472 583 Deus
1489 557 1554 586 erit.
1586 557 1666 583 sicuti
1680 563 1731 583 nec
1751 556 1838 583 ran's

200 603 310 639 quidem
335 603 423 635 vivus,
441 602 495 629 nisi
524 602 593 629 forte
614 601 646 629 de
671 602 789 629 ethnicis
819 602 983 637 loquamur.
999 603 1071 638 apud
1098 610 1167 637 quos
1185 606 1213 629 et
1238 601 1336 634 fontes,
1365 607 1392 629 et
1406 609 1490 637 cepas,
1505 605 1531 630 et
1555 601 1635 630 ﬂatus
1651 602 1755 629 ventris
1773 609 1837 629 non

202 650 260 677 sine
283 649 375 676 furore
407 648 524 682 quodam
551 648 624 674 inter
644 647 710 674 deos
735 647 901 675 referuntur.

423 701 683 729 INTERROGATIO
706 701 767 728 XX.

236 749 305 782 Quia
323 756 406 783 supra
417 747 558 782 pollicitus
573 755 613 778 es,
627 752 652 774 te
664 748 745 774 latius
758 747 898 775 dicturum
912 747 946 776 de
958 756 991 776 eo

201 796 274 830 quod
291 794 419 821 Christus
439 794 512 820 norit
526 793 597 819 diem
610 793 698 825 illum,
714 797 741 820 et
754 792 848 819 horam
863 801 992 820 consum-

201 841 348 870 mationis.
369 840 502 866 rationem
522 839 582 872 ejus
608 838 688 865 nobis
705 837 829 870 reddito,
846 839 991 873 nequando

200 886 407 922 disputantibus
433 884 513 911 nobis
530 883 585 910 alio
601 883 720 918 quodam
745 883 826 911 modo
841 891 892 911 nos
909 891 991 919 supe-

200 940 260 960 rare
274 936 387 968 queant,
405 931 452 966 qui
469 938 498 957 se
510 930 589 956 nobis
607 935 759 964 opponunt.

516 976 660 1010 Responsio

235 1024 285 1052 Est
305 1024 414 1059 quidem
429 1023 485 1057 jam
510 1023 544 1049 de
568 1022 619 1048 hoc
646 1022 768 1049 breviter
795 1022 918 1054 dictum;
941 1023 988 1050 sed

200 1071 381 1097 nihilominus
403 1069 493 1104 magni
520 1068 591 1095 facio
608 1073 727 1096 vestram
753 1069 931 1103 multiplicem
955 1069 989 1096 de

199 1126 232 1145 eo
251 1117 443 1152 quaestionem.
461 1115 593 1141 Sanctum
609 1114 675 1141 illud
706 1113 838 1146 Verbum,
856 1115 949 1141 virens
962 1120 989 1142 et

200 1172 248 1198 per
268 1171 297 1190 se
315 1162 479 1192 subsistens,
502 1159 558 1186 Rex
579 1161 714 1187 universa:
731 1164 874 1192 creaturae,
899 1159 988 1187 Patris

202 1209 288 1236 Filius
311 1207 458 1242 genuinus,
475 1204 597 1239 splendor
610 1205 712 1239 glorirr.
725 1209 750 1231 et
761 1212 883 1238 expressa
901 1205 987 1240 imago

199 1254 356 1282 substantia:
368 1254 402 1285 ⁸³,
416 1257 580 1283 cna-ternus,
598 1256 625 1278 et
640 1253 668 1277 in
690 1251 784 1278 eodem
807 1251 905 1279 sedens
918 1252 987 1278 solio

200 1308 262 1327 cum
285 1299 378 1329 Patre,
402 1299 578 1331 incorruptus
595 1295 679 1331 judex
700 1295 847 1322 viventium
864 1300 891 1322 et
913 1304 986 1322 mor-

201 1352 320 1375 tuorum.
336 1345 389 1370 vita
411 1343 445 1369 de
461 1343 527 1374 vita,
553 1342 644 1369 lumen
669 1342 702 1368 de
716 1342 828 1372 lumine,
854 1341 986 1376 sapientia

199 1392 234 1418 de
255 1389 399 1424 sapientia,
417 1396 449 1415 ex
465 1388 558 1414 divina
582 1387 750 1422 scaturigine
766 1386 827 1414 fons
848 1387 987 1422 perennis,

200 1437 297 1470 ﬂumen
315 1436 387 1470 quod
412 1435 514 1469 absque
535 1433 644 1461 defectu
666 1438 757 1460 manat
776 1433 877 1461 divinis
892 1434 988 1468 gratia:

200 1483 294 1513 (tuuis,
310 1482 379 1516 quod
396 1481 491 1514 impetu
507 1488 555 1507 suo
571 1480 691 1513 la’ti/icat
715 1479 850 1505 civitatem
870 1477 987 1510 Dei,siC-

201 1533 230 1555 ut
249 1532 290 1554 cst
304 1528 332 1553 in
344 1528 465 1554 carmine
479 1526 525 1552 illo
536 1525 629 1552 divino
655 1525 838 1559 perscriptum
851 1525 890 1551 “2
910 1524 989 1550 radix

199 1573 284 1603 Jessay
296 1594 302 1605 ,
320 1577 457 1607 sceptrum
473 1571 592 1601 Davidis,
610 1571 693 1605 virga,
709 1575 733 1596 et
744 1575 817 1597 ortus
830 1578 861 1597 ex
872 1579 904 1596 ea
918 1570 988 1597 divi-

200 1627 253 1647 nus
273 1620 318 1646 ille
340 1619 400 1653 ﬂos,
426 1617 578 1644 secundum
598 1621 686 1643 vatem
703 1623 813 1643 sacrum
831 1616 928 1643 Isaiam
947 1616 986 1649 ης

201 1665 254 1694 leo.
281 1671 328 1690 rex
351 1663 384 1690 de
399 1663 472 1689 tribu
497 1661 591 1691 .Iud:e,
616 1660 766 1688 secundant
794 1661 987 1695 mysteriorum

201 1711 340 1736 doctorem
350 1707 450 1735 Mosem
460 1708 498 1738 “;
523 1706 674 1738 rationalis,
686 1707 838 1732 secundum
850 1705 986 1736 Isaiam",

201 1757 279 1788 ovis;
307 1756 439 1782 innocens
466 1761 563 1788 agnus,
589 1753 737 1780 secundum
757 1751 901 1779 .leremiam
912 1752 934 1767 “
960 1753 986 1778 iu

202 1802 295 1828 multis
308 1801 502 1836 periclitatum,
520 1806 569 1833 pro
589 1799 678 1825 salute
696 1798 789 1824 mundi
811 1797 987 1828 immolatus;

202 1847 272 1881 lapis
293 1845 464 1880 improbatus
477 1852 491 1870 a
504 1843 617 1874 Iudaeis.
632 1842 678 1877 qui
693 1843 720 1869 in
735 1848 817 1877 caput
832 1842 922 1877 anguli
936 1841 988 1869 Ec-

203 1894 295 1920 elesiaa
319 1892 439 1927 gentium
456 1895 498 1917 est
529 1890 644 1924 positus,
669 1893 696 1915 et
720 1893 804 1915 totam
825 1893 913 1915 cattus
928 1888 988 1922 ejus

201 1944 368 1968 structuram
391 1942 545 1967 conservat.
566 1937 715 1964 secundum
734 1935 863 1962 Davidem
881 1934 988 1961 (ίίνὶηο-

202 1995 261 2014 rum
284 1986 436 2013 carminum
452 1988 590 2011 auctorem
601 1984 641 2010 ⁶⁹ε
666 1982 776 2008 maximi
791 1981 896 2008 consilii
919 1989 986 2008 nun-

203 2035 266 2066 ‘ius,
285 2033 355 2059 Deus
373 2032 461 2066 fortis,
479 2035 508 2057 ut
525 2030 613 2065 inquit
642 2028 774 2061 Isaias";
790 2027 915 2055 mortalis
943 2028 983 2053 la-

201 2082 274 2108 ctus,
285 2083 397 2103 manens
408 2075 489 2106 Deus,
503 2082 558 2102 non
577 2074 738 2100 immutatus
754 2072 859 2099 ratione
872 2076 985 2103 naturae,

202 2131 291 2157 neque
309 2122 395 2148 factus
411 2121 481 2148 alius
497 2120 646 2148 secundum
664 2119 844 2151 divinitatem,
865 2117 985 2145 Verbum

202 2169 269 2196 illud
288 2169 472 2199 iucarnatmn,
486 2171 513 2193 et
533 2173 615 2193 carne
633 2164 764 2200 genitum,
783 2164 904 2191 Verbum
922 2170 986 2190 caro

203 2214 314 2245 factum,
332 2213 403 2247 quod
422 2217 510 2238 tamen.
526 2211 597 2246 qiiod
615 2214 683 2242 crat,
697 2210 809 2242 mansit,
830 2217 882 2235 non
896 2209 922 2236 in
936 2209 986 2235 hoc

203 2260 370 2294 degenerans
394 2258 499 2284 ratione
518 2262 621 2283 natura:
638 2260 801 2290 (postquam
823 2256 894 2282 enim
913 2256 985 2282 into-

204 2308 308 2332 nuisset
320 2304 452 2331 Joannes:
474 2303 506 2330 In
523 2303 652 2337 principio
673 2308 731 2329 erat
754 2301 908 2332 Verbum“,
925 2309 985 2327 om-

203 2358 321 2384 nemque
341 2350 530 2385 personuissct
558 2353 723 2381 creaturam,
743 2347 841 2374 infert:
871 2346 902 2373 Et
923 2346 986 2373 Ver-

204 2402 263 2422 bunt
290 2404 352 2422 caro
376 2395 475 2429 factum
501 2399 538 2420 est
555 2394 595 2427 7’;
625 2393 723 2428 quibus
749 2392 839 2419 verbis
870 2391 986 2418 Verbum

204 2443 289 2468 fuisse
312 2445 374 2467 ante
397 2440 585 2468 teter-nitatem.
605 2444 632 2465 et
656 2438 774 2472 positum
802 2445 883 2471 supra
907 2445 987 2464 omne

203 2492 310 2522 tempus
331 2486 432 2517 Deum,
457 2486 483 2511 in
509 2485 601 2512 eadem
625 2485 685 2511 solii
709 2485 794 2518 gloria
815 2492 877 2510 cum
906 2483 986 2510 Patre

203 2531 340 2558 ostendit'
362 2535 388 2557 ct
407 2530 637 2564 subsaqucntibus
662 2529 734 2559 aliis,
757 2536 819 2555 eum
841 2529 888 2559 ait,
913 2527 983 2554 Coro

203 2578 301 2610 factum
323 2581 371 2606 est,
397 2575 530 2607 signiﬁcat
553 2574 622 2600 nniti
644 2581 704 2601 cum
733 2573 786 2600 Deo
815 2573 931 2600 hominis
949 2581 980 2600 ex

203 2623 286 2649 Maria
304 2629 410 2656 semper
429 2620 538 2655 Virgine
554 2619 765 2654 progressum):
785 2619 878 2645 virens
899 2619 982 2653 igitur

237 2729 258 2744 "
273 2728 287 2754 .l
305 2729 367 2761 Reg.
386 2727 487 2758 xui,1.

204 2765 226 2779 ⁸³
240 2763 304 2790 Hei).
320 2771 338 2792 ι,
355 2763 380 2787 Ti.
419 2762 442 2777 δί’
456 2761 526 2788 Psal.
547 2769 606 2790 xw,
623 2761 649 2786 5.

202 2806 283 2829 cn",
297 2797 341 2824 “22.
378 2797 401 2812 "°
418 2796 469 2824 lsa.
492 2804 528 2828 ιιι,
545 2797 570 2823 ti.
608 2796 628 2810 ⁷¹
644 2794 721 2821 Joan.
740 2802 758 2827 I,
776 2795 798 2821 l.

527 2726 547 2741 "3
561 2726 569 2751 ι
584 2725 648 2751 Rea.
663 2734 681 2751 ι.
694 2724 720 2750 8.
759 2724 781 2740 ”
800 2723 888 2751 Eccie.
903 2732 953 2751 vu.
971 2725 997 2750 ὖ.

608 2734 648 2759 eg.
663 2734 681 2756 ι,
694 2731 720 2750 ὅ.
759 2731 781 2740 ’ν
801 2731 888 2751 tacete.
903 2732 953 2754 vn,
971 2735 986 2750 δ

623 2761 649 2786 5.
688 2761 709 2776 ⁵ο
723 2759 774 2786 lsa.
792 2767 829 2790 xu,
845 2759 869 2785 ιι.
908 2759 930 2773 θ’*
943 2759 986 2785 ϐιτι

608 2796 628 2810 ⁷¹
644 2794 721 2820 Joan.
740 2802 758 2820 I.
776 2795 798 2820 ί.
839 2794 938 2820 "ibid.
964 2794 986 2820 ll

1040 2731 1057 2740 "’
1077 2731 1157 2751 num.
1174 2731 1220 2754 xx.
1234 2731 1262 2750 υ.
1307 2731 1327 2738 “·
1345 2731 1424 2749 l'rov.
1444 2731 1489 2751 xv.
1508 2731 1553 2749 zu.
1593 2731 1615 2736 ν·
1629 2731 1649 2746 n

1044 2766 1098 2791 ιιι,
1116 2759 1142 2786 9.
1180 2759 1201 2774 ⁶⁷
1219 2759 1270 2786 lsa.
1288 2766 1348 2787 ιιιι.
1366 2757 1391 2783 7.
1440 2757 1462 2772 θ’
1480 2756 1538 2784 Jer.
1554 2763 1591 2782 xl.
1608 2755 1649 2782 19.

873 2802 938 2820 ΙυΙιΙ.
964 2802 1002 2820 Ηι.

1342 703 1465 730 ΠΕΥΣΙΣ
1484 703 1524 731 K'.

1083 748 1245 784 Ἑπειδήπερ
1256 749 1383 785 ἀνωτέρω
1392 749 1545 784 ὲπηγγείλω
1555 750 1728 786 πλατυτέρως
1737 749 1835 785 λέγειν

1041 794 1105 829 περὶ
1118 794 1164 821 τοῦ
1183 794 1326 828 γινώσκειν
1343 795 1387 822 τὸν
1403 795 1518 831 Χριστὸν
1534 796 1584 832 τὴν
1598 795 1705 831 ἡμέραν
1721 797 1771 823 καὶ
1780 797 1835 832 τὴν

1041 841 1115 877 ὥραν
1129 842 1179 876 τῆς
1192 841 1355 873 συντελείας.
1370 842 1468 873 ἀπόδος
1483 843 1548 877 ἡμῖν
1560 842 1605 868 τὸν
1616 841 1704 876 λόγον,
1720 842 1833 878 μήποτε

1041 887 1227 922 συζητούντων
1242 887 1330 922 ἡμῶν,
1341 887 1491 922 δυνηθῶσιν
1505 889 1529 914 οί
1541 887 1574 914 δι’
1588 887 1711 919 ἐναντίας
1725 887 1833 924 ἑτέρως

1040 931 1118 967 ἡμῶν
1133 932 1330 968 περιγενέσθαι.

1351 979 1525 1013 Ἀπόκρισις.

1078 1023 1147 1059 Ἤδη
1167 1025 1197 1051 ὲν
1210 1024 1332 1060 ὲπιτόμῳ
1347 1025 1454 1060 εἴρηται
1471 1024 1532 1060 περὶ
1550 1024 1662 1052 τούτοιν
1676 1024 1782 1059 ἄγαμαι
1800 1025 1831 1052 δι

1040 1069 1116 1105 ὑμῶν
1135 1069 1184 1105 τὴν
1207 1070 1332 1105 ποικίλην
1348 1071 1411 1106 περὶ
1428 1070 1522 1097 τούτου
1541 1072 1662 1106 ζήτησιν.
1691 1071 1720 1097 '0
1735 1071 1830 1097 τοίνυν

1040 1115 1117 1150 ἂγιος
1129 1116 1223 1149 Λόγος,
1237 1118 1251 1143 6
1264 1116 1328 1149 ζῶν,
1341 1118 1387 1144 καὶ
1402 1117 1591 1149 ὲνυπόστατος,
1602 1118 1616 1143 6
1630 1116 1762 1149 Βασιλεὺς
1772 1118 1829 1144 πά·

1040 1169 1088 1195 σης
1111 1161 1170 1196 ἅμα
1195 1161 1319 1193 κτίσεως,
1346 1162 1360 1188 6
1381 1161 1427 1188 τοῦ
1452 1161 1557 1196 Πατρὸς
1571 1162 1681 1196 γνήσιος
1698 1161 1773 1194 Υἱὸς,
1797 1162 1828 1188 τὸ

1038 1206 1220 1240 ἀπαύγασμα
1240 1205 1293 1239 τῆς
1314 1206 1414 1240 δόξης,
1437 1207 1486 1234 καὶ
1508 1207 1661 1242 χαρακτὴρ
1678 1206 1733 1241 τῆς
1752 1209 1828 1235 ὑπο-

1039 1251 1184 1285 στάσεως,
1203 1253 1216 1278 6
1234 1252 1366 1283 συνατδιος
1387 1253 1433 1279 καὶ
1449 1253 1590 1288 σύνθρονος
1611 1253 1657 1279 τοῦ
1676 1252 1794 1288 Πατρδς,
1812 1253 1829 1281 ὁ

1039 1299 1187 1330 ἀδέκαστος
1208 1298 1304 1334 κριτὴς
1328 1299 1435 1331 ζώντων
1461 1300 1508 1325 καὶ
1529 1299 1643 1334 νεκρὼν,
1667 1300 1682 1325 6
1702 1300 1734 1325 ἐκ
1753 1299 1826 1333 ζωῆς

1038 1344 1105 1380 ζωὴ,
1124 1346 1138 1371 ὁ
1155 1346 1186 1371 ἐκ
1199 1344 1245 1371 τοῦ
1264 1345 1352 1379 φωτὸς
1366 1344 1434 1379 φῶς,
1451 1345 1464 1370 6
1479 1345 1511 1371 ὲκ
1525 1346 1575 1379 τῆς
1589 1344 1684 1378 σοφίας
1702 1344 1793 1378 σοφία.
1811 1344 1827 1370 6

1038 1393 1070 1418 ὲκ
1082 1391 1132 1425 τῆς
1147 1391 1221 1422 θείας
1229 1391 1332 1426 κρήνης
1346 1392 1421 1427 πηγὴ
1433 1391 1554 1421 ἀὲνναος,
1566 1391 1580 1416 6
1589 1390 1741 1426 ποταμὸςό
1755 1391 1827 1417 ἁπα-

1039 1436 1092 1467 οὦς
1103 1436 1172 1470 ῥέων
1183 1436 1216 1462 τὰ
1225 1436 1283 1462 θεῖα
1294 1436 1375 1462 αὑτοῦ
1386 1436 1550 1471 χαρίσματα,
1561 1438 1575 1463 6
1586 1435 1647 1468 τοῖς
1655 1435 1828 1470 ὁρμήμασιν

1039 1481 1208 1515 εὐφραίνων
1226 1481 1284 1514 τὴν
1303 1481 1394 1508 πόλιν
1414 1481 1465 1508 τοῦ
1488 1481 1571 1512 Θεοῦ,
1589 1480 1660 1507 κατὰ
1685 1479 1733 1515 τὴν
1749 1479 1825 1507 θείαν

1040 1526 1183 1561 μελῳδίαν,
1209 1527 1226 1559 ἡ
1247 1525 1312 1560 ρίζα
1333 1527 1386 1553 τοῦ
1413 1527 1536 1558 Ἰεσσαὶ,
1560 1526 1589 1552 τὸ
1611 1526 1749 1560 σκῆπτρον
1776 1525 1824 1551 τοῦ

1038 1573 1132 1605 Δαῦὶδ,
1145 1573 1162 1606 ἡ
1172 1573 1293 1607 ῥάϐδος,
1310 1574 1357 1600 καὶ
1369 1574 1400 1599 16
1410 1573 1444 1604 ἐξ
1459 1573 1554 1606 αὐτῆς
1569 1572 1640 1599 θεῖον
1653 1572 1743 1605 ἄνθος
1755 1572 1825 1598 κατὰ

1043 1618 1156 1645 Ἡσαΐαν
1172 1619 1217 1645 τὸν
1228 1619 1380 1650 θεσπέσιον,
1390 1620 1404 1645 6
1416 1619 1492 1650 λέων,
1508 1619 1521 1644 ό
1531 1618 1658 1654 βασιλεὺς
1670 1619 1684 1644 6
1695 1619 1727 1644 ὲκ
1738 1618 1823 1653 φυλῆς

1045 1664 1139 1697 Ἰούδα,
1156 1665 1226 1691 κατὰ
1240 1665 1341 1692 Μωσέα
1350 1665 1394 1691 16v
1404 1665 1574 1700 ἱεροφάντην,
1590 1664 1619 1690 τὸ
1632 1663 1740 1697 λογικὸν
1753 1663 1823 1690 κατὰ

1045 1712 1158 1738 Ἡσαΐαν
1172 1711 1317 1746 πρόϐατον,
1329 1711 1359 1737 τὸ
1375 1711 1475 1737 ἄκακον
1488 1711 1590 1746 ἀρνίον,
1603 1710 1672 1736 κατά
1688 1709 1822 1745 Ἰερεμίαν

1037 1758 1083 1784 τὸν
1101 1757 1298 1789 πολυκίνδυνον,
1318 1757 1388 1792 ὑπὲρ
1409 1757 1512 1791 κόσμου
1529 1755 1665 1791 σωτηρίας
1680 1755 1820 1790 Θυόμενον,

1037 1804 1051 1830 6
1070 1803 1142 1834 λίθος
1163 1804 1177 1829 ὁ
1199 1802 1328 1837 ἀδόκιμος
1348 1802 1423 1837 παρὰ
1445 1801 1592 1833 Ἰουδαίοις,
1612 1802 1626 1827 6
1643 1801 1684 1832 είς
1701 1800 1821 1836 κεφαλὴν

1037 1849 1139 1882 γωνίας
1150 1848 1198 1883 τῆς
1209 1848 1262 1875 τῶν
1278 1848 1361 1875 ὲθνῶν
1385 1847 1548 1883 Ἐκκλησίας
1562 1847 1660 1878 τεθεὶς,
1675 1847 1723 1873 καὶ
1732 1847 1821 1873 πᾶσαν

1038 1894 1084 1920 τοῦ
1101 1894 1193 1920 θιάσου
1207 1893 1256 1929 τὴν
1272 1893 1416 1928 οἰκοδομὴν
1431 1884 1580 1928 συντηρῶν,
1597 1892 1666 1919 κατὰ
1682 1892 1763 1918 Δασὶδ
1777 1892 1821 1918 τὸν

1042 1939 1169 1975 μελῳδὸν,
1194 1940 1209 1966 6
1230 1939 1285 1974 τῆς
1300 1939 1446 1973 μεγίστης
1466 1937 1586 1971 βουλῆς
1608 1937 1751 1971 ἄγγελος,
1775 1937 1820 1963 καὶ

1041 1987 1112 2020 Θεὸς
1121 1986 1257 2021 ισχυρὸς,
1267 1985 1304 2016 ὡς
1316 1985 1397 2019 φησὶν
1408 1983 1530 2015 Ἡσαΐας,
1539 1985 1553 2010 6
1563 1983 1657 2019 βροτὸς
1665 1983 1818 2018 γενόμενος,

1040 2033 1127 2068 μένων
1147 2032 1222 2064 Θεὸς,
1245 2032 1282 2067 μὴ
1301 2032 1415 2067 τραπεὶς
1435 2031 1484 2066 τὴν
1501 2030 1590 2065 φύσιν,
1609 2030 1646 2066 μὴ
1666 2029 1819 2061 ἀλλοιωθεὶς

1038 2077 1087 2112 τὴν
1103 2076 1226 2111 θεότητα,
1249 2077 1263 2102 6
1290 2075 1440 2111 σαρκωθεὶς
1457 2075 1542 2109 Λόγος
1561 2075 1607 2102 καὶ
1630 2074 1769 2110 γεννηθεὶς
1792 2075 1818 2100 ὲν

1040 2122 1131 2157 σαρκὶ,
1147 2123 1161 2147 6
1177 2121 1262 2154 Λόγος
1280 2121 1347 2156 σὰρξ
1362 2120 1516 2155 γενόμενος,
1533 2120 1641 2146 κάκεῖνο
1657 2120 1761 2154 μείνας,
1771 2121 1818 2147 οὐκ

1038 2168 1078 2199 εἰς
1092 2167 1169 2194 τοῦτο
1181 2165 1339 2202 μεταπεσὼν
1357 2168 1390 2202 τῇ
1406 2166 1485 2200 φύσει
1497 2165 1578 2200 (μετὰ
1593 2165 1646 2200 γὰρ
1661 2165 1692 2191 16
1710 2164 1818 2200 βροντῆ-

1039 2225 1084 2243 σαι
1102 2217 1226 2252 Ἰωάννην
1235 2215 1276 2245 τὸ,
1299 2215 1350 2240 Ἕν
1365 2212 1442 2248 ἀρχῇ
1457 2210 1497 2247 ἦν
1513 2213 1530 2238 ὁ
1545 2212 1650 2246 Λόγος,
1666 2212 1714 2238 καὶ
1731 2213 1817 2238 πᾶσαν

1038 2263 1247 2297 κατακτυπῆσαι
1262 2261 1311 2296 τὴν
1323 2259 1421 2291 κτίσιν,
1432 2259 1491 2285 τότε
1507 2258 1614 2292 ἐπάγει,
1630 2257 1684 2284 Καὶ
1698 2258 1715 2284 ό
1726 2258 1816 2290 Λόῖος

1034 2307 1111 2341 σὰρξ
1124 2306 1251 2341 ἐγένετο,
1268 2305 1428 2341 προαιὼνιον
1445 2304 1493 2338 μὲν
1505 2304 1550 2330 καὶ
1565 2303 1731 2338 ὑπέρχρονον
1743 2302 1814 2333 θεὸν,

1035 2352 1176 2387 σύνθρονον
1192 2351 1231 2386 τῷ
1252 2351 1338 2386 Πατρὶ
1355 2350 1401 2377 τὸν
1419 2350 1503 2383 Λόγον
1519 2348 1640 2379 δεικνύς·
1660 2347 1690 2374 τὸ
1703 2347 1741 2379 δὲ,
1755 2347 1815 2381 ἐγέ-

1034 2406 1112 2429 νετο,
1135 2397 1245 2431 ὓστερον
1263 2395 1350 2431 δηλῶν
1372 2397 1422 2431 τὴν
1442 2393 1600 2429 Θεανδρικὴν
1622 2392 1703 2420 αὐτοῦ
1722 2394 1754 2419 ὲκ
1769 2393 1814 2428 τῆς

1035 2442 1175 2472 ἀείπαιδος
1196 2441 1304 2476 Μαρίας
1323 2441 1502 2476 προέλευσιν)·
1526 2440 1539 2466 6
1560 2439 1649 2465 τοίνυν
1668 2438 1721 2470 ζῶν
1742 2438 1814 2473 ἅγιος

1038 2488 1085 2512 καὶ
1100 2486 1279 2517 ὲνυπόστατος
1293 2485 1387 2519 Λόγος,
1402 2484 1490 2510 λαλῶν
1505 2484 1553 2510 καὶ
1567 2483 1683 2512 ἀκούων,
1700 2479 1775 2514 οὗτος
1787 2483 1813 2508 ὲν

1037 2530 1208 2565 Εὐαγγελίοις
1227 2530 1365 2565 οεηγορῶν
1376 2538 1467 2564 φησιν,
1481 2528 1587 2561 οὐδεὶς
1605 2526 1666 2554 οἶδε
1678 2527 1736 2561 τὴν
1749 2527 1807 2562 ’ἠμέν

1031 2584 1089 2610 ραν
1101 2576 1120 2610 ἢ
1132 2575 1188 2608 τὴν
1200 2575 1278 2609 ὤραν
1293 2575 1423 2608 ἐκείνην,
1436 2574 1504 2600 οὔτε
1520 2573 1640 2608 ἄγγελοι
1656 2572 1715 2599 τῶν
1730 2574 1800 2606 oivpa

1035 2621 1105 2653 νῶν,
1128 2621 1196 2647 οὔτε
1218 2622 1234 2647 ὀ
1252 2621 1336 2652 Υἱός·
1359 2619 1427 2654 ὅπερ
1445 2617 1622 2653 οἰκονομικῶς
1641 2626 1724 2652 φησι·
1747 2616 1810 2644 καθό

1307 2723 1327 2738 ⁸¹
1345 2721 1424 2749 Prov.
1444 2729 1489 2751 xv.
1508 2720 1553 2749 26.
1592 2720 1615 2736 "
1629 2718 1721 2747 Eccle.
1738 2727 1773 2750 Ix.
1785 2719 1807 2746 ι.

1035 2724 1057 2740 ⁸ο
1077 2723 1157 2751 Num.
1174 2731 1220 2754 xx.
1234 2723 1262 2750 6.
1307 2723 1327 2738 ⁸¹
1345 2723 1424 2749 Prov.
1444 2729 1489 2751 xv.
1508 2723 1553 2749 26.
1592 2723 1615 2736 "
1629 2723 1721 2747 Eccle.
1738 2727 1773 2750 ιι,
1785 2723 1799 2745 ι

1035 2766 1085 2780 rrn
1116 2759 1141 2780 9,
1180 2759 1201 2774 ⁶⁷
1220 2759 1270 2780 lca.
1289 2766 1347 2780 rm.
1366 2757 1391 2780 7.
1440 2757 1462 2772 ⁵⁵
1480 2756 1538 2780 JM‘.
1554 2763 1591 2780 xl.
1608 2755 1649 2780 19.
1703 2755 1724 2770 ⁵³
1743 2753 1799 2780 Psal

1716 2763 1724 2770 “
1743 2763 1808 2781 I'S‘M.
