1920 3046
56 117 107 144 8ἳῖ

52 178 109 214 γὰρ
122 176 297 213 παρῳχηκὼς
313 176 392 212 ἔφην,
405 177 429 202 εἰ
443 177 542 208 παντὸς
557 176 687 212 μεγέοους
705 177 751 203 καὶ
762 186 846 204 κατα-

52 224 161 259 λήψεως
172 222 321 258 ὑπέρτερον
333 222 489 258 ὑπάρχοντα
506 222 551 249 τὸν
571 222 680 258 Πατέρα
692 222 844 256 γινώσκων,

53 270 113 301 πῶς
125 270 176 305 τὴν
195 269 302 304 ἡμέραν
318 268 365 295 καὶ
382 268 431 303 τὴν
445 268 519 303 ὤραν
538 268 656 303 ἐκείνην,
672 268 772 303 ἀτμίδα
786 268 846 303 ἢτοι

52 315 129 350 χοῦν,
143 316 190 341 καὶ
211 315 253 341 ἐτι
272 314 374 349 ἀδρανῆ
388 315 436 340 καὶ
450 313 624 349 ἀμυδρότερα
640 314 707 349 πρὸς
724 314 754 340 τὺ
769 313 846 340 Θεῖον

53 360 266 396 συγκρινόμενα,
285 359 395 393 ἀγνοεῖς
410 358 556 394 διαρρήδην
578 358 725 394 θεηγορῶν,
740 357 846 391 οὐδεὶς

53 405 193 441 γινώσκει
202 405 255 432 τὸν
267 404 381 438 Πατέρα
389 404 462 439 εἰμὴ
472 406 487 431 ό
500 404 653 437 nemeae
663 403 716 430 τὸν
727 405 794 430 Υιόν
801 413 846 437 τις

51 450 254 486 ἐπιγινώσκει,
264 450 341 485 εἰμὴ
350 452 366 477 ὀ
375 449 474 483 Πατήρ
483 471 489 476 .
505 450 547 481 Ὠς
567 450 622 485 γὰρ
635 450 719 484 μέγας
730 451 744 476 6
752 450 845 485 Πατὴρ

52 496 184 531 γινώσκει
206 495 251 522 τὸν
271 495 344 526 Υἱὸν,
360 495 398 526 ὼς
411 495 439 521 δὲ
458 495 583 530 μέγιστος
602 495 616 520 6
633 495 702 527 Παῖς
718 495 845 529 γινώσκει

52 543 98 568 τὸν
112 542 277 577 Γεννήτορα,
289 541 336 568 καὶ
348 541 504 576 ἰσομέγεθες
513 542 542 568 τὸ
553 541 624 568 θεῖον
637 541 748 577 Πνεῦμα
759 542 846 578 ὑπάρ-

53 596 100 623 χον
125 587 254 622 γινώσκει
275 587 320 613 τὸν
342 587 467 622 Πατέρα,
488 588 535 613 καὶ
568 587 614 613 τὸν
634 588 707 618 Υίὺν,
725 588 770 614 ὑπ’
793 589 846 623 ἀμ-

53 635 115 667 φοῖν
133 633 343 667 γινωσκόμενον.
362 632 414 659 Δύο
428 633 456 659 δὲ
467 632 592 667 γνώσεις,
608 634 700 669 διττὴν
718 634 765 660 καὶ
775 634 847 669 εἴδη-

53 687 96 705 σιν
109 679 163 705 imo
176 679 227 714 τῆς
241 678 315 710 θείας
326 679 437 714 Γραφῆς
449 679 632 714 παιδευόμεθα
643 688 649 694 ·
667 680 716 714 τὴν
729 681 777 715 μὲν
786 681 845 706 κατ’

53 725 206 760 ἐνέργειαν,
222 724 270 760 τὴν
291 724 319 750 δὲ
339 725 400 751 κατ’
419 724 490 758 ὄψιν,
506 724 597 756 καθὼς
612 725 741 760 ἀμυδροῖς
757 733 846 761 παρα-

52 771 182 806 δείγμασι
204 770 375 806 χρησάμενος
395 769 544 805 ἀπορρήξω
565 770 610 796 τὸν
635 770 734 798 κάλων.
759 770 785 797 εἴ
803 779 844 802 τις

53 818 156 850 ἀγνοεῖ,
174 816 228 842 τῶν
250 815 604 850 αἰρέσεων,ἀντισπώμενος
623 816 694 850 ὑμᾶς
712 816 762 850 τῆς
780 815 843 850 βλα-

55 862 166 897 σφήμου
195 861 342 896 φάλαγγος.
373 859 465 892 Οὕτως
495 860 550 895 γὰρ
581 861 846 895 αἰχμαλωτισθέντας

56 907 169 943 βροτοὺς
190 907 243 934 ὑπὸ
261 906 308 933 τοῦ
332 906 454 932 ποικίλου
474 906 581 942 Βελιάρ,
602 907 846 942 ἀνταιχμαλωτίζει

55 953 174 990 Χριστὸς
186 953 232 979 ἐπὶ
249 951 357 988 σταυρῷ
367 952 528 987 ὑψοὺμενος,
543 953 614 979 κατὰ
626 953 708 979 Δαδὶδ
720 953 766 979 τὸν
776 953 846 979 θεῖον

57 999 187 1034 μελφδόν.
205 997 314 1034 [Ῑροεῖδε
328 998 382 1033 γὰρ
396 999 410 1024 6
423 998 565 1030 θεσπέσιος
577 998 607 1024 τὸ
621 999 751 1034 σωτήριον
762 999 846 1031 πάθος

56 1046 103 1072 καὶ
125 1047 174 1081 τὴν
194 1045 273 1081 ἡμῶν
293 1045 490 1080 αἰχμαλωσίαν,
505 1045 539 1071 δι’
552 1042 589 1071 ὧν
604 1053 685 1080 φησιν
698 1053 704 1059 ·
728 1045 847 1078 Ἀναϐὰς

56 1093 99 1124 εις
108 1092 189 1126 ὕψος
211 1092 447 1126 ᾐχμαλώτευσας
454 1091 671 1126 αὶχμαλωσίαν,
679 1091 791 1124 ἔδωκας
799 1092 848 1118 δό-

57 1146 135 1172 ματα
145 1138 180 1164 ἐν
189 1137 364 1171 ἀνθρώποις.
376 1138 442 1164 Τίνα
451 1137 537 1164 ταῦτα
549 1146 556 1170 ;
569 1138 624 1172 Τὴν
639 1139 678 1170 εἰς
689 1137 790 1173 Τριάδα
805 1138 848 1164 πί-

59 1192 130 1214 στιν,
147 1184 195 1210 καὶ
209 1183 263 1210 τῶν
274 1183 411 1219 μυστικῶν
425 1183 546 1218 τελετὴν,
561 1183 607 1209 καὶ
619 1183 712 1209 ἐλπίδα
726 1184 774 1218 τῆς
785 1184 849 1209 ἀνα-

58 1230 191 1262 στάσεως.
212 1229 324 1264 Ἐπάγει
334 1230 356 1256 δ’
374 1228 452 1261 αὖθις
462 1231 478 1264 ἡ
495 1229 549 1256 τῶν
562 1229 641 1255 θείων
654 1230 784 1265 μελῳδία·
795 1229 849 1256 Καὶ

57 1274 113 1309 τὰρ
123 1275 322 1307 ἀπειθοῦντας
334 1274 386 1301 τοῦ
398 1273 642 1307 κατασκηνῶσαι.
657 1274 724 1301 Τινα
735 1276 789 1310 ἄρα
801 1275 849 1301 καὶ

58 1320 126 1353 tto-3;
148 1321 218 1352 Τοὺς
241 1320 271 1352 ἐξ
296 1319 430 1346 Ἰουδαίων
453 1320 500 1346 καὶ
527 1320 660 1355 Ἐλλήνων
682 1320 710 1346 ὲν
733 1321 765 1355 τῇ
790 1319 849 1355 Θείᾳ

59 1367 144 1401 σκηνῇ
168 1366 219 1401 τῆς
246 1366 419 1401 Ἐκκλησίας.
449 1365 580 1392 ’Λπειοῶν
602 1365 667 1401 γὰρ,
689 1365 786 1397 παίων,
804 1366 849 1391 καὶ

60 1413 223 1448 σπαράττων
244 1411 324 1443 λύκος
348 1411 542 1448 Χριστιανοὺς,
562 1411 679 1443 Παῦλος.
698 1413 712 1438 ὁ
733 1411 780 1438 νῦν
799 1411 848 1446 τῆς

65 1458 230 1493 Ἐκκλησίας
246 1458 350 1489 στύλος,
365 1458 382 1493 ἡ
395 1457 569 1493 ὑψηλόφωνος
586 1457 635 1492 τῆς
650 1458 768 1489 πίστεως
784 1457 849 1483 σάλ-

60 1505 134 1538 πιγξ,
150 1505 165 1530 6
185 1503 269 1530 πάλαι
285 1503 390 1530 διώκων
407 1503 509 1535 κακῶς,
530 1503 620 1534 καλῶς
639 1503 753 1538 τραπεὶς
771 1503 850 1530 ἐκου-

60 1550 125 1581 σίως
133 1549 206 1585 ὑπὲρ
216 1549 270 1575 τῶν
280 1549 446 1584 διωχθέντων
455 1550 624 1584 μαστίζεται,
634 1550 648 1575 ὁ
659 1550 747 1575 παίων
758 1549 851 1584 ῥαϐδί-

61 1592 148 1626 Cant,
172 1595 186 1620 6
208 1594 327 1629 ἀναιρῶν
349 1594 419 1629 ὑπὲρ
435 1594 490 1620 τῶν
508 1594 665 1629 σφαγέντων
685 1593 853 1630 αὐθαιρέτως

60 1640 269 1675 καρατομεῖται,
295 1640 328 1674 τῇ
350 1638 496 1674 οὐρανόθεν
514 1640 588 1674 φωνῇ
616 1638 663 1664 καὶ
686 1638 776 1674 πληγῇ
799 1639 853 1665 τῶν

60 1685 150 1718 δψεων
174 1685 243 1720 πρὸς
269 1684 354 1710 ταῦτα
368 1684 540 1720 μεταπεσὼν,
557 1684 618 1711 ἀντὶ
633 1684 734 1711 Σαύλου
749 1685 854 1716 Παῦλος

60 1731 113 1757 ὑπὸ
123 1731 172 1757 τοῦ
188 1730 364 1766 ὠνησαμένου
383 1729 500 1766 Χριστοῦ
527 1731 747 1766 μετονομασθεὶς,
763 1731 806 1757 ἵνα
819 1731 853 1757 τὰ

60 1778 124 1812 ἔθνη
143 1778 324 1812 Χριστιανοὺς
340 1777 556 1813 προσαγορεύσῃ.

766 115 940 145 DIALOGUS
958 115 978 143 1.

1630 112 1682 141 878

897 177 962 204 illud
979 181 1104 204 sanctum
1127 181 1154 204 et
1175 185 1222 212 per
1249 185 1281 205 se
1301 176 1456 204 subsistens
1482 174 1612 207 Verbum,
1640 175 1681 202 lo-

897 231 984 258 quens
999 227 1026 250 et
1040 223 1165 255 audiens,
1182 224 1210 250 in
1224 223 1372 258 Evangelio
1390 222 1522 250 divinitus
1541 222 1587 249 illa
1598 222 1681 249 verba

896 269 1027 304 protulit:
1055 269 1138 296 Nemo
1159 270 1229 296 novit
1250 269 1318 296 diem
1342 274 1389 296 aut
1411 269 1503 296 horam
1528 269 1614 300 illam,
1636 277 1682 296 nec

897 316 983 350 angeli
1002 315 1127 347 caelestes,
1144 323 1223 349 neque
1247 314 1334 342 Filius
1346 315 1368 330 "
1387 319 1431 342 :et
1453 315 1561 350 quidem
1579 315 1682 350 ratione

897 360 1145 389 administrationis
1173 368 1244 392 suat.
1272 367 1304 387 ac
1333 361 1484 388 secundum
1511 361 1680 396 peculiarem

897 414 1007 433 sensum
1022 414 1054 433 ea
1074 407 1198 441 protulit.
1218 405 1251 433 Ut
1268 406 1341 433 cnim
1358 407 1485 441 superius
1500 414 1514 432 a
1540 407 1619 433 nobis
1638 407 1682 433 di-

895 457 970 480 ctum
986 457 1037 484 est,
1057 455 1079 480 si
1097 453 1172 479 omni
1189 453 1377 488 magnitudine
1391 456 1417 480 et
1438 453 1682 487 comprehensione

896 497 1127 532 perceptioneque
1143 498 1312 532 superiorem
1329 496 1435 524 Patrem
1447 497 1598 531 cognoscit.
1613 505 1682 531 quo—

896 543 977 570 modo
990 543 1061 570 diem
1078 548 1105 570 ct
1123 543 1218 569 horam
1237 544 1311 570 illam
1326 543 1455 572 nesciret.
1472 550 1532 577 qua;
1560 547 1624 569 sunt
1639 543 1682 569 in-

896 593 954 616 star
971 596 1043 616 aurae
1059 589 1231 623 pulverisquc
1242 589 1397 622 cujusdam,
1413 593 1460 615 aut
1474 589 1557 615 etiam
1572 588 1681 615 levioris

895 639 922 662 et
939 635 1072 662 tenuioris
1084 635 1134 663 rei.
1152 635 1174 662 si
1189 642 1251 661 cum
1267 638 1364 661 natura
1378 634 1500 661 numinis
1511 635 1584 661 illius
1596 635 1681 662 divini

895 681 1106 716 comparemur?
1123 681 1271 715 praisertim
1291 688 1374 716 quum
1389 681 1489 708 diserte
1513 681 1586 708 dicat
1603 690 1610 708 :
1628 679 1683 708 Ne-

895 736 937 754 mo
952 727 1021 754 nouit
1032 725 1142 753 Patrem
1154 728 1205 754 nisi
1220 726 1317 758 Filius,
1331 735 1411 761 neque
1427 726 1527 753 Filium
1544 727 1683 762 quisquam

895 774 1039 809 cognoscit,
1056 774 1108 800 nisi
1123 773 1248 800 Pater“.
1266 772 1300 800 Ut
1313 773 1386 800 enim
1407 781 1520 808 magnus
1541 773 1586 800 ille
1601 772 1684 800 Pater

896 821 971 848 novit
984 819 1093 850 Filium,
1107 824 1190 854 utque
1207 820 1341 845 maximus
1358 819 1403 846 ille
1416 818 1501 846 Filius
1514 817 1589 845 novit
1597 816 1682 846 Geni-

897 869 1008 892 torem:
1034 865 1071 891 ita
1096 869 1124 890 et
1147 863 1260 898 aequalis
1282 863 1471 898 magnitudine.
1491 862 1610 898 Spiritus
1637 863 1683 890 ille

897 916 1009 940 sanctus
1020 910 1094 937 novit
1106 909 1214 936 Patrem
1230 913 1257 936 et
1271 909 1381 941 Filium,
1400 909 1434 936 ab
1448 909 1571 944 utrisque
1585 909 1683 944 cogni-

898 963 954 987 tus.
970 957 1007 984 De
1020 957 1126 984 duabus
1139 960 1229 982 autem
1243 955 1445 990 cognitionibus
1459 954 1614 990 duplicique
1631 963 1681 982 no-

898 1004 956 1031 titia
986 1003 1072 1030 sacris
1099 1002 1125 1028 in
1153 1001 1264 1028 Litteris
1297 1002 1447 1034 docemur;
1479 1008 1596 1036 quarum
1629 1002 1683 1028 alia

898 1049 1008 1084 quidem
1038 1046 1188 1075 secundum
1233 1050 1335 1078 actum,
1363 1046 1415 1073 alia
1439 1053 1504 1073 vero
1533 1046 1683 1074 secundum

900 1095 998 1122 faciem
1023 1094 1142 1125 exsistit,
1160 1092 1388 1127 quemadmodum
1410 1092 1536 1120 obscuris
1552 1093 1684 1128 exemplis

899 1145 981 1167 utens
1002 1139 1094 1166 funem
1120 1138 1300 1174 ignorationis
1315 1138 1486 1173 abrumpam,
1497 1146 1528 1165 ac
1543 1146 1592 1166 vos
1604 1146 1619 1166 a
1639 1146 1684 1166 se—

899 1189 1004 1212 ctarum
1015 1184 1173 1218 blaspheme
1183 1183 1291 1218 agmine
1298 1183 1440 1210 revocabo.
1451 1183 1496 1210 Sic
1507 1184 1577 1211 enim
1590 1187 1684 1218 captos

900 1238 913 1256 ο
937 1236 1049 1258 versuto
1074 1231 1173 1258 Beliale
1191 1231 1330 1262 mortales,
1352 1231 1474 1258 vicissim
1492 1231 1613 1266 captivos
1632 1231 1684 1258 sibi

901 1277 989 1303 reddit
1000 1277 1137 1306 Christus.
1147 1278 1282 1304 exaltalus
1296 1277 1323 1304 in
1341 1284 1432 1309 cruce,
1440 1278 1591 1304 secundum
1601 1277 1684 1305 Davi-

900 1323 960 1350 dcm
982 1328 1070 1351 vatem
1084 1324 1217 1351 divinum.
1239 1322 1409 1350 Praevidebat
1423 1324 1496 1350 enim
1511 1329 1624 1351 sanctus
1639 1324 1686 1350 ille

901 1369 943 1395 vir
957 1369 1104 1396 salutarem
1125 1370 1280 1403 passionem
1294 1374 1322 1397 et
1339 1370 1524 1404 captivitatem
1543 1374 1663 1397 nostram
1677 1380 1684 1396 :

903 1420 929 1441 «ιι
951 1415 1053 1442 idcirco
1068 1415 1157 1450 inquit
1177 1424 1185 1442 -.
1206 1415 1355 1441 Ascendisti
1380 1415 1407 1441 in
1428 1415 1530 1446 altum,
1554 1415 1685 1448 captivam

903 1460 1003 1487 duxisti
1020 1461 1216 1494 captivitatem;
1235 1460 1332 1486 dedisti
1347 1460 1418 1486 dona
1440 1460 1509 1486 inter
1525 1459 1684 1487 homines".

904 1506 1035 1538 Qumnam
1056 1506 1122 1532 illa?
1137 1504 1214 1532 tidem
1228 1505 1255 1531 in
1269 1504 1443 1536 Trinitatem,
1460 1508 1487 1532 et
1504 1512 1594 1532 rerum
1621 1511 1688 1540 my-

904 1551 1036 1577 sticarum
1052 1558 1158 1578 sacram
1176 1550 1453 1581 administrationem,
1466 1554 1493 1577 et
1506 1557 1580 1584 spem
1593 1557 1687 1577 resur-

902 1595 1041 1622 rectionis.
1055 1594 1171 1629 Subjicit
1183 1598 1272 1622 autem
1289 1602 1384 1622 rursus
1399 1595 1535 1621 canticum
1546 1595 1667 1621 divinum
1677 1605 1686 1622 :

901 1640 956 1667 Sed
971 1645 996 1667 et
1013 1641 1188 1668 iuobedicntes
1202 1640 1236 1666 ad
1253 1640 1427 1667 habitandum
1439 1641 1471 1666 ⁷⁸.
1493 1639 1642 1673 Quemnam
1660 1646 1688 1667 et

901 1686 966 1713 ubi?
983 1686 1036 1713 Eos
1050 1687 1097 1721 qui
1116 1690 1180 1714 sunt
1193 1693 1226 1713 ex
1240 1685 1342 1713 Jutlacis
1355 1690 1381 1712 et
1393 1685 1531 1720 gentibus.
1549 1686 1577 1712 in
1590 1690 1688 1713 sancto

902 1733 1059 1760 habitaculo
1072 1731 1210 1759 Ecclesiae.
1228 1731 1390 1758 luobediens
1402 1731 1473 1758 enim
1485 1732 1539 1762 ille,
1552 1731 1689 1758 terriﬁcas

907 1783 934 1806 et
959 1779 1118 1812 diseerpcus
1141 1778 1312 1805 Christianos
1334 1777 1415 1812 lupus
1430 1781 1489 1804 erat
1506 1776 1617 1809 Paulus,
1639 1778 1688 1812 qui

62 1835 135 1854 nunc
158 1826 289 1854 Ecclesiae
313 1826 442 1853 columna
467 1829 519 1857 est,
545 1825 662 1853 altisona
680 1825 741 1852 ﬁdei
761 1825 845 1858 tuba;
871 1827 917 1861 qui
934 1826 1081 1861 aliquando
1101 1826 1172 1852 male
1191 1826 1414 1860 persequebatur,
1438 1829 1513 1852 recte
1527 1833 1687 1858 conversus,

62 1879 216 1908 spontanea
244 1873 383 1900 voluntate
416 1879 464 1907 pro
495 1871 529 1898 iis
556 1871 602 1906 qui
630 1871 846 1905 persecutionem
872 1872 1023 1906 patiuntur,
1050 1871 1217 1906 ﬂagellatur;
1254 1870 1419 1905 percutiens,
1445 1870 1526 1904 virgis
1558 1870 1688 1904 caeditur;

63 1921 244 1952 interfector,
269 1928 318 1955 pro
347 1919 446 1947 occisis
475 1918 572 1945 lubens
596 1918 685 1952 capite
709 1923 878 1945 truncatur:
899 1926 946 1954 per
972 1919 1092 1946 auditam
1117 1918 1225 1945 cmlitus
1246 1926 1340 1946 vocem
1366 1922 1393 1946 et
1416 1918 1556 1946 oculorum
1581 1919 1688 1955 plagam

62 1975 227 1998 conversus.
241 1974 291 2002 pro
307 1967 390 1993 Saulo
407 1966 509 1994 Paulus
543 1974 558 1993 a
577 1967 749 2002 redemptore
771 1967 882 1994 Christo
907 1966 1037 2002 deinceps
1061 1966 1230 1998 nominatur,
1263 1971 1292 1993 ut
1318 1967 1446 2001 gentibus
1469 1966 1688 1994 Christianorum

63 2023 165 2042 nomen
184 2014 300 2042 inderet.

105 2069 178 2096 Ἀλλ’
184 2069 231 2095 ἐπὶ
237 2068 369 2104 1‘6;1:poxs!
372 2076 452 2104 μενον
459 2067 498 2104 τῷ
504 2068 576 2104 λόγῳ
582 2068 748 2104 παλινδρομή
752 2077 853 2103 σωμεν,

63 2114 182 2150 ὀξυτέρα
205 2114 238 2148 τῇ
255 2113 315 2147 ὕψει
339 2113 388 2147 τῆς
406 2113 526 2144 διανοίας
546 2113 696 2148 χρώμενοι,
717 2113 784 2148 πρὸς
806 2113 855 2147 τὴν

65 2160 230 2194 κατανόησιν
245 2159 294 2194 τῆς
311 2158 403 2193 διττῆς
425 2159 551 2192 γνώσεως
568 2159 614 2184 καὶ
635 2159 772 2194 είδήσεως.
787 2159 855 2194 Φησὶ

65 2206 129 2240 γοῦν
149 2207 167 2240 ἡ
190 2205 250 2232 ὓεία
267 2205 361 2241 Γραφὴ
384 2205 447 2240 περὶ
468 2205 515 2231 τοῦ
538 2205 623 2240 Ἀδὰμ
647 2205 756 2239 καὶτῆς
772 2204 854 2236 Εὔας,

67 2252 135 2280 μετά
157 2251 189 2277 τὸ
213 2251 405 2286 ὲξορμισθῆναι
427 2251 525 2282 αὐτοὺς
547 2251 595 2277 τοῦ
613 2250 792 2286 παραδείσου,
810 2251 849 2275 αἱ·

65 2297 214 2332 δηυμένους
236 2295 289 2322 τοῦ
301 2296 538 2332 ἀπηγορευμένον,
556 2296 649 2330 Ἔγνω
666 2294 756 2329 Ἀδὰμ
773 2295 855 2321 Εὕαν

66 2343 123 2376 τὴν
139 2342 269 2377 γυναῖκα
288 2342 396 2373 αὑτοῦ,
419 2342 465 2368 καὶ
487 2341 687 2368 συλλαϐοῦσα
705 2340 798 2366 ἔτεκε.
823 2339 855 2365 Τί

67 2388 112 2416 οὖν
127 2389 262 2424 ὲροῦμενς
275 2388 315 2414 ὅτι
335 2388 363 2413 ἐν
384 2387 540 2423 παραδείσῳ
564 2387 656 2421 ἠγνόει
673 2387 757 2422 αὐτὴν
773 2387 787 2412 6
805 2385 856 2419 φά-

68 2444 140 2462 σκων
159 2435 224 2469 περὶ
237 2434 331 2468 αὐτῆς,
342 2433 431 2460 Τοῦτο
443 2431 502 2460 νῦν
518 2432 630 2459 ὀστοῦν
639 2433 673 2459 ἐκ
686 2432 744 2458 τῶν
758 2431 856 2458 ὀστῶν

65 2491 140 2516 μου,
159 2481 209 2507 καὶ
230 2479 308 2514 σὰρξ
322 2480 356 2506 ἐκ
376 2479 431 2513 τῆς
452 2481 565 2512 σαρκός
580 2487 656 2514 μου;
676 2478 745 2504 Ἀλλ’
762 2478 856 2512 ὲγίνω-

70 2536 133 2553 σκεν
150 2526 247 2561 αὐτὴν,
271 2526 330 2552 ἐκεῖ
349 2525 397 2560 μὲν
415 2527 448 2561 τῇ
471 2526 530 2560 ὄψει
547 2526 625 2562 μόνῃ,
649 2525 764 2552 ἐνταῦθα
777 2524 804 2551 δὲ
822 2526 855 2559 τῇ

68 2573 127 2607 ὕψει
154 2572 203 2598 καὶ
225 2571 351 2606 ἐνεργείᾳ
373 2573 527 2606 σωματικῇ.
548 2572 602 2598 Καὶ
632 2571 757 2606 Ἀϐραὰμ
787 2571 858 2604 ἔγνω

70 2619 178 2654 Σαρραν
190 2618 239 2652 τὴν
253 2618 370 2651 γυναῖκα.
381 2617 474 2648 αὑτοῦ,
485 2617 534 2643 οὺχ
547 2616 732 2652 ἀγνοουμένην
746 2616 799 2652 πρὸ
808 2616 857 2651 τῆς

71 2665 181 2699 μίξεως.
198 2663 254 2690 Καὶ
268 2663 332 2698 περὶ
349 2663 396 2689 τοῦ
411 2663 492 2689 Δαϐὶδ
507 2663 590 2698 φησὶν
612 2664 628 2698 ὴ
644 2663 698 2689 τῶν
710 2662 857 2689 Βασιλειῶν

71 2710 168 2741 πυκτίς
178 2718 185 2725 ο
206 2709 349 2744 Ἐγνιὶρασε
362 2709 460 2741 Δαόὶδ,
476 2710 523 2735 καὶ
540 2709 671 2736 ἔσκεπον
685 2708 777 2735 αὐτὸν
789 2710 854 2744 lya-

71 2756 153 2789 πίοις,
169 2755 218 2782 καὶ
233 2755 288 2782 οὐκ
303 2755 500 2790 ἐθερμαίνετο,
514 2755 563 2781 καὶ
576 2753 698 2788 ἐζήτουν
707 2754 856 2789 παρθένον

104 2853 130 2871 ’³
143 2854 228 2882 Marc.
250 2861 311 2886 xui,
327 2853 372 2881 52.
411 2853 434 2870 ⁷³
451 2853 544 2881 Matth.
562 2860 601 2886 xl,
618 2852 663 2881 ‘27.
701 2853 722 2870 "
737 2852 809 2881 Psal.
833 2859 918 2886 um,
941 2852 983 2880 i9.
1022 2854 1046 2869 ⁷⁶
1061 2853 1128 2882 ibid.
1165 2855 1188 2872 ’⁷
1205 2854 1272 2882 Gen.
1292 2862 1329 2888 iv,
1349 2855 1372 2882 Ι.

940 2065 993 2093 Sed
1005 2066 1076 2093 enim
1092 2065 1123 2091 ad
1138 2066 1308 2100 propositum
1330 2074 1482 2093 sermonem
1502 2074 1689 2100 reeurramus,

904 2112 1009 2138 acriore
1023 2112 1124 2138 mentis
1141 2117 1250 2146 aspectu
1269 2116 1375 2139 utentes
1391 2112 1423 2139 ad
1437 2113 1687 2141 considerationem

904 2158 1021 2192 duplicis
1045 2157 1208 2192 cognitionis
1232 2163 1258 2184 et
1275 2158 1386 2185 notitirc.
1409 2157 1498 2194 lnquit
1511 2160 1593 2194 igitur
1617 2159 1690 2187 Scri-

904 2210 983 2240 ptura
992 2211 1069 2232 sacra
1084 2204 1117 2231 de
1128 2204 1232 2230 Atlamo
1247 2208 1273 2231 et
1293 2204 1357 2236 Eva,
1371 2206 1442 2239 quod
1455 2210 1598 2240 postquam
1611 2207 1689 2241 ejecti

907 2255 999 2278 essent
1021 2259 1035 2278 e
1051 2250 1190 2285 paradiso,
1208 2250 1352 2285 degustato
1367 2250 1456 2278 fructu
1474 2252 1629 2284 interdicto,
1645 2261 1691 2279 co-

903 2296 1028 2330 gnoverit
1052 2296 1174 2323 Adamus
1198 2296 1279 2322 Evam
1305 2303 1415 2323 uxorem
1439 2304 1528 2329 suam,
1547 2305 1617 2332 quae.
1635 2297 1691 2325 fetu

903 2346 1045 2377 concepto,
1071 2343 1203 2377 pepererit
1220 2343 1253 2368 ⁷⁷.
1284 2341 1355 2375 Quid
1382 2343 1464 2377 igitur
1485 2344 1631 2371 dicemus?
1656 2352 1689 2372 an

903 2386 975 2421 quod
997 2387 1023 2413 in
1045 2387 1171 2420 paradiso
1187 2394 1241 2412 non
1256 2387 1413 2420 cognoverit
1427 2394 1498 2417 eam.
1514 2389 1561 2422 qui
1582 2388 1616 2414 de
1632 2388 1690 2422 ipsa

904 2433 1011 2459 dicebat
1025 2432 1100 2460 :Hoc
1122 2441 1189 2459 nunc
1211 2441 1239 2459 os
1257 2439 1290 2458 ea:
1314 2433 1415 2459 ossibus
1438 2434 1518 2464 meis,
1542 2438 1567 2460 et
1588 2442 1650 2460 caro
1659 2435 1692 2461 de

905 2487 984 2505 carne
1001 2487 1058 2506 mea
1078 2479 1118 2505 7‘?
1143 2478 1262 2506 Omnino
1278 2480 1405 2514 cognovit
1419 2487 1489 2512 eam,
1511 2480 1566 2507 illic
1581 2480 1690 2514 quidem

905 2525 964 2552 solo
980 2529 1104 2560 aspectu,
1128 2526 1171 2552 hic
1189 2531 1278 2553 autem
1301 2532 1328 2554 et
1349 2531 1460 2560 aspectu
1476 2531 1502 2553 et
1517 2531 1577 2554 actu
1595 2535 1691 2562 corpo-

906 2571 966 2597 rali.
982 2570 1028 2598 Sic
1043 2571 1124 2598 etiam
1142 2571 1314 2599 Abrahamus
1325 2572 1452 2607 cognovit
1469 2572 1562 2599 Sarain
1577 2581 1690 2600 uxorem

906 2624 996 2647 suam,
1012 2624 1066 2643 non
1084 2616 1248 2652 incognitam
1266 2621 1328 2644 ante
1344 2617 1572 2644 commistionem.
1586 2617 1624 2645 De
1639 2616 1691 2643 Da-

906 2661 967 2688 vide
982 2663 1162 2697 perscriptum
1178 2667 1219 2690 est
1236 2664 1262 2690 in
1278 2663 1349 2690 libro
1364 2663 1397 2690 de
1415 2662 1533 2698 Reginis:
1549 2663 1692 2691 Consenuit

909 2707 1235 2741 Davides,-¢toperuerunt
1247 2717 1305 2736 eum
1315 2709 1438 2740 vestibus.
1456 2717 1501 2736 nec
1517 2710 1693 2738 tantamtota-

909 2753 998 2788 ﬁebat.
1023 2752 1110 2788 Igitur
1137 2754 1288 2790 qumrebant
1316 2755 1451 2791 virginem,
1477 2763 1535 2789 qme
1553 2764 1612 2782 cum
1636 2756 1693 2791 ipso

1411 2855 1434 2872 ⁷·
1456 2854 1524 2882 Gcn.
1545 2862 1576 2889 it,
1595 2854 1640 2884 25.
1670 2881 1678 2887 .
1710 2879 1713 2883 .
