1920 3046
228 90 280 116 871)

190 175 192 178 .
229 152 366 181 dormiret,
380 154 403 176 et
419 149 514 184 foveret
529 156 596 174 eum.
616 147 648 174 Et
663 148 765 173 int-culo
779 152 817 173 est
832 146 914 172 Abisa
929 146 1017 173 Sunu-

192 211 199 235 γ·
230 199 322 229 milis,
357 204 436 231 quam
468 203 519 226 nun
550 194 669 228 cognovit
702 193 816 219 Davides
844 191 1017 219 dormientem

230 244 362 272 secum".
384 242 453 269 Num
477 241 560 276 igitur
579 243 690 275 propter
713 239 765 266 hoc
789 238 925 269 dicemus,
943 238 1017 272 quod

231 298 319 324 nvque
333 291 444 322 aspectu
460 294 549 320 neque
561 284 754 312 attrectatione
767 283 926 318 cognoverit
937 282 1017 310 eam?

229 338 404 370 Saepe-autent
423 341 473 360 nos
489 340 597 367 quoque
617 331 735 358 dicimus
754 331 787 357 ad
800 338 847 358 eos
857 349 864 361 ,
878 330 924 365 qui
938 329 1017 356 nobis

231 385 341 416 propter
357 379 484 405 mulieres
498 378 600 404 crimen
616 378 760 407 intentant,
775 375 939 402 dcvovcnles
951 382 1017 400 nos-

231 430 296 455 met,
315 433 346 452 ac
360 423 542 458 jurejurando
565 427 726 457 purgantes,
751 428 803 447 non
823 420 932 447 novisse
953 427 1015 449 nos.

230 472 302 497 sitne
325 470 422 496 mulier
449 469 504 500 illa,
529 467 570 494 vel
591 468 641 494 vir.
667 467 695 493 ld
718 466 790 501 quod
808 469 886 492 actus
908 464 1016 499 quidem

229 518 335 543 ratione
355 516 445 543 dicere
462 522 525 541 vere
541 521 621 548 posse
639 513 773 543 videmur,
791 519 824 538 ex
843 517 910 538 voce
924 513 1015 536 tamen

229 567 256 591 et
273 566 387 596 aspectu
413 560 485 587 haud
501 559 647 586 obscuram
667 557 798 584 habemus
816 555 900 583 maris
914 555 956 582 vel
976 553 1016 581 fe-

229 609 310 636 mina:
325 607 519 642 cognitionem.
534 604 592 632 Non
611 605 718 639 ignorat
737 604 820 638 igitur
838 602 923 630 Filius
942 602 1014 629 diem

228 661 255 682 et
271 655 364 681 horam
383 653 468 683 illam,
483 659 545 678 cum
563 650 653 678 omnia
670 650 730 684 ejus
746 649 821 684 signa
840 647 1016 683 prodigiaque

229 700 360 728 terribilia
373 698 515 734 praedicat,
530 701 557 724 et
568 697 648 732 quasi
661 700 821 731 praesentem
836 694 895 722 suis
908 695 1015 721 indiciis

229 747 382 774 describat:
409 753 505 772 verum
533 745 620 771 noluit
648 743 752 771 clarius
787 743 954 778 respondere
981 742 1015 768 ad

228 801 324 820 vanam
344 793 417 819 illam
434 790 626 826 quaestionem,
646 789 769 821 adeoque
787 788 935 824 prudenter
956 795 1016 815 om-

228 840 310 867 nibus
323 843 352 866 ut
365 839 455 872 ignota
468 841 552 867 esset,
567 836 703 869 instituit;
717 843 772 870 quo
782 835 912 862 nimirum
923 842 1018 868 quam-

229 886 293 912 libet
310 885 382 912 diem
399 889 426 910 et
438 883 533 910 horam
552 882 626 909 illam
640 889 701 909 esse
718 881 894 911 arbitrantes,
909 881 942 907 ad
956 888 1015 907 eam

229 938 424 966 p:~:eparemur,
440 933 467 956 et
481 928 573 956 sobrie
589 931 782 962 exspectemus
798 927 883 962 ipsam
899 926 1014 954 venien-

228 983 294 1007 tem,
317 976 350 1003 ad
377 975 628 1010 compensationem
659 978 743 1008 atque
767 974 1014 1001 remunerationem

229 1023 408 1050 certaminum
442 1021 524 1054 hujus
555 1021 626 1047 vitae.
652 1020 733 1047 Absit
759 1020 842 1055 igitur
865 1019 959 1055 procul
983 1026 1014 1045 ea

227 1069 373 1098 dementia,
395 1075 456 1102 quae
477 1067 674 1101 ignorationem
700 1066 782 1094 unius
803 1066 856 1092 diei
887 1069 915 1093 et
941 1065 1015 1092 horae

226 1115 345 1149 quodam
370 1122 431 1141 cum
455 1113 551 1140 delirio
567 1114 662 1140 tribuit
683 1113 819 1141 conditori
840 1113 1014 1142 saeculorum.

227 1161 254 1187 ix
286 1168 336 1196 qua
359 1164 419 1186 sunt
442 1167 530 1186 omnes
554 1160 670 1186 thesauri
696 1160 832 1194 rapientia:
858 1159 892 1191 ⁸ο,

445 1225 703 1253 [NTERROGATIO
723 1225 795 1253 XXI.

260 1283 330 1316 Quid
346 1283 445 1318 igitur?
459 1291 524 1310 num
543 1283 621 1310 aliter
635 1283 709 1310 illam
727 1282 869 1318 cognoscit
884 1281 975 1315 Pater,
986 1285 1014 1309 et

226 1330 306 1358 aliter
317 1329 424 1356 Filius?

543 1385 695 1421 Responsio.

260 1444 318 1471 Non
336 1445 416 1471 aliam
439 1444 550 1479 quidem
570 1444 688 1471 dicimus
704 1442 888 1478 cognitionem
910 1442 1013 1474 Patris,

230 1491 312 1518 aliam
329 1498 393 1517 vero
407 1489 468 1517 Filii
484 1496 510 1517 et
525 1489 656 1525 Spiritus,
673 1489 720 1518 sed
735 1489 809 1516 aliud
825 1488 934 1524 quidem
949 1493 1012 1516 actu

223 1537 402 1572 praeteritum,
417 1536 491 1563 aliud
503 1544 568 1564 vero
584 1536 611 1563 in
626 1536 748 1562 futurum
760 1541 942 1563 reservatum.
959 1536 1012 1562 Co-

223 1583 329 1616 gnoscit
343 1583 415 1609 enim
436 1582 518 1610 Pater
530 1583 604 1609 illam
621 1582 716 1609 horam
732 1581 834 1617 duplici
852 1582 1012 1617 cognitione

221 1635 250 1656 t-L
263 1633 343 1660 actu;
359 1628 414 1654 alia
429 1628 539 1663 quidem
555 1627 628 1663 quod
646 1632 775 1662 tanquam
793 1627 885 1662 opifex
899 1627 1011 1658 crearit,

223 1675 276 1701 alia
298 1681 360 1701 vero
383 1674 456 1708 quod
473 1673 627 1700 decreverit
648 1681 695 1709 per
721 1673 891 1708 unigenitum
911 1672 1012 1699 Filium

220 1720 348 1755 judicare
365 1728 472 1748 omnes.
489 1720 639 1755 Cognoscit
655 1725 747 1748 autem
773 1720 860 1754 ipsam
876 1723 904 1747 et
924 1718 1012 1746 Filius

221 1768 364 1803 zrqualiter
387 1775 450 1795 cum
476 1766 624 1800 Genitore,
650 1767 800 1794 secundum
823 1767 967 1794 scientiam
985 1771 1011 1795 et

221 1819 314 1841 uelum
331 1814 491 1845 ereationis,
509 1821 563 1840 non
575 1818 665 1840 tamen
677 1813 786 1847 judicii.
800 1812 925 1840 Nondum
937 1813 1010 1840 enim

219 1859 354 1894 judicium
379 1860 514 1892 exercuit,
535 1860 649 1886 secretis
670 1859 703 1886 iis
726 1859 773 1894 qui
787 1859 828 1886 vel
846 1859 1012 1886 inexstincto

221 1906 289 1939 igni,
310 1907 352 1933 vel
370 1906 502 1940 voluptati
524 1911 633 1933 aeterna:
651 1905 781 1933 destinati
794 1909 878 1932 sunt:
895 1905 921 1932 id
937 1905 1010 1940 quod

222 1959 228 1976 ι
242 1958 276 1977 on
292 1951 461 1986 ignorantiae,
474 1949 522 1977 sed
536 1950 752 1984 longanimitatis
764 1954 817 1982 est,
831 1950 1010 1977 correctionis

221 2001 330 2031 tempus
346 1996 491 2031 ﬂagitiosis
509 1995 664 2030 praebentis.
684 1995 744 2028 Quo
761 1995 870 2030 quidem
889 2001 1010 2030 tempore

220 2044 354 2075 quotquot
369 2047 384 2066 a
399 2039 569 2074 turpitudine
588 2047 641 2066 non
658 2043 811 2074 purgantur
827 2042 856 2066 et
866 2039 1008 2073 evigilant,

221 2095 316 2114 eorum
341 2087 478 2114 miseriam
498 2086 648 2113 decantans
671 2090 698 2113 et
722 2085 870 2121 deplorans
892 2084 1009 2113 Davides

221 2134 326 2168 inquit:
342 2132 464 2160 Mutilum
473 2133 566 2167 accipit
581 2137 714 2166 peccator.
726 2138 749 2158 et
763 2141 873 2159 usuram
887 2141 938 2159 mm
951 2140 1010 2166 per-

220 2181 300 2207 soli-et
311 2180 344 2206 ⁸¹.
359 2178 478 2213 Tempus
498 2178 541 2205 hic
557 2178 663 2205 scilicet
677 2178 778 2205 divina:
795 2178 1009 2213 longanimitatis

220 2226 387 2262 signiﬁcans.
405 2232 437 2252 ac
454 2224 649 2260 persolutionis
664 2231 731 2251 voce
747 2224 904 2259 intelligens
921 2225 1007 2260 pumi-

220 2272 344 2298 tl-ntiam.
370 2270 526 2305 lterumque
549 2269 705 2297 divinorqu
731 2270 884 2296 carminum
913 2273 1008 2297 auctor

220 2318 361 2353 subiungit
372 2317 481 2345 :Justus
495 2322 583 2344 autem
596 2317 743 2348 miseretur,
757 2321 782 2343 et
799 2317 888 2344 dat“.
901 2317 1008 2350 Quibus

221 2365 248 2392 in
265 2364 355 2392 verbis
370 2363 441 2391 Deus
463 2367 504 2390 est
526 2364 572 2398 qui
589 2364 654 2395 dat;
677 2368 786 2398 tempus
810 2367 901 2390 autem
917 2363 1007 2397 poeni-

220 2411 310 2436 tentia:
326 2413 368 2437 est
380 2409 406 2436 id
422 2408 494 2443 quod
510 2408 602 2436 datur.
621 2407 747 2435 Mutuum
763 2408 835 2435 enim
849 2408 919 2435 dans
933 2407 1007 2436 Deus

220 2456 387 2488 hominibus,
401 2456 443 2482 vel
459 2462 531 2488 raro,
548 2455 590 2482 vel
611 2454 665 2486 vix,
682 2454 721 2480 vel
738 2461 878 2488 nunquam
894 2454 1004 2489 recipit,

219 2510 306 2537 usque
320 2501 354 2529 ad
367 2501 446 2528 linem
457 2500 587 2528 debitoris
598 2504 760 2535 exspectans
776 2500 1006 2534 pet-solutionem.

219 2548 341 2575 Mutuum
357 2552 447 2575 autem
460 2547 606 2581 accipiens,
617 2552 727 2581 propter
739 2546 879 2580 proximos
893 2546 1003 2573 miseri-

218 2595 341 2623 cordiam
369 2602 466 2622 rursus
495 2593 678 2628 multiplicans
705 2593 843 2624 retribuit,
859 2600 920 2620 cum
951 2593 1006 2619 cito

255 2687 277 2702 "
293 2686 323 2714 lll
342 2686 407 2722 Reg.
423 2695 442 2718 ι,
458 2687 484 2719 1,
497 2687 528 2724 ᾗ,
541 2686 568 2714 ι.
606 2685 630 2701 ⁸ο
645 2685 750 2713 Coloss.
770 2693 801 2717 n,
813 2685 841 2712 5.

251 2768 292 2802 (7)
308 2768 489 2801 Πνεύματος.
513 2767 559 2794 Sic
591 2767 784 2801 rescripsimus
815 2775 864 2801 pro
897 2767 1002 2802 Πατρός

218 2803 290 2835 quod
310 2803 439 2829 exhibent
457 2804 532 2830 editi.
550 2803 640 2837 Atque
666 2804 701 2828 ita
728 2803 834 2836 legebat
858 2803 1005 2836 interpres.

219 2836 285 2865 Nam
304 2837 459 2872 Πνεὺματος
470 2854 479 2857 -
490 2836 604 2873 [ἰατρὸςγ
626 2839 763 2872 Πνεύματι
775 2853 784 2858 -
794 2838 880 2873 [largi
899 2838 1007 2872 aliaque

772 85 800 112 S.
823 84 970 112 CAESAR"
992 83 1154 112 GREGORII
1171 83 1319 115 FRATBIS

882 2684 903 2700 "
922 2684 993 2711 Psal.
1012 2684 1163 2716 nuntii.

1809 83 1864 111 830

1072 145 1287 181 συγκαθεύδειν
1299 143 1379 176 αὐτῷ
1392 145 1439 171 καὶ
1455 144 1659 172 συνθάλπων.
1673 143 1728 171 Καὶ
1739 144 1862 178 εὑρέθη,

1071 192 1163 228 φησιν,
1181 190 1305 218 Ἀϐισσὰ
1322 191 1342 224 ἢ
1360 190 1531 225 Σωναμῖτις,
1544 191 1592 218 καὶ
1606 191 1661 218 οὐκ
1675 190 1752 226 Erro)
1761 190 1864 223 αὐτὴν

1070 236 1168 267 Δαϐὶδ,
1178 236 1446 271 συγκαθεύδουσαν
1456 235 1546 269 αὐτῷ.
1554 234 1615 272 'Ap‘
1626 234 1672 262 οὖν
1686 235 1760 271 παρὰ
1772 235 1863 271 τούτῳ

1070 282 1186 318 ἐροῦμεν
1209 282 1277 318 μηδὲ
1304 284 1338 318 τῇ
1362 282 1422 317 ὕψει
1444 283 1490 308 καὶ
1514 283 1569 318 ἁφῇ
1584 282 1728 316 γινώσκειν
1753 283 1861 318 accipi;

1071 329 1204 359 Πολλάκις
1223 328 1262 360 δὲ,
1281 329 1328 354 καὶ
1348 329 1429 364 ἡμεῖς
1447 328 1536 363 φαμὲν
1557 329 1624 363 πρὸς
1641 329 1703 360 τοὺς
1728 329 1793 363 περ).
1812 337 1862 362 γυ-

1072 374 1173 401 ναικῶν
1185 375 1379 408 ἐγκαλοῦντας,
1388 373 1560 409 ἑπαρὼμενοι
1574 375 1675 406 αὐτοῖς,
1688 375 1735 400 καὶ
1748 374 1863 409 ἐξομνύ-

1071 429 1147 455 μενοι
1177 420 1214 455 μὴ
1251 421 1401 454 ἐγνωκέναι
1432 420 1516 455 αὐτὴν
1541 422 1657 454 γυναῖκα
1680 421 1813 455 ὑπάρχειν
1844 421 1861 455 ἧ

1070 465 1164 501 ἄνδρα.
1180 466 1270 500 "Amp
1284 466 1330 492 ἐπὶ
1350 466 1399 500 μὲν
1417 466 1466 501 τῆς
1486 467 1625 502 ἐνεργείας
1646 466 1788 501 ἀληθεύειν
1808 475 1861 500 φα-

1069 511 1177 546 νῶμεν,
1190 513 1222 538 ὲκ
1246 511 1274 538 δὲ
1297 511 1345 546 τῆς
1365 513 1457 547 φωνῆς
1482 513 1529 538 καὶ
1546 513 1632 547 ὅψεως
1654 512 1789 548 πρόδηλον
1811 513 1862 548 τὴν

1069 557 1170 592 γνῶσιν
1181 557 1228 584 τοῦ
1236 566 1265 584 τε
1280 558 1394 594 ἄρρενος
1406 559 1452 584 καὶ
1467 557 1559 594 θήλεος
1573 559 1687 593 ἔχοντες.
1698 558 1755 585 Οὐκ
1767 558 1862 593 ἅγνοεί

1069 604 1158 631 τοίνυν
1182 605 1196 630 ὁ
1223 603 1286 636 Υἱὸς
1305 605 1355 640 τὴν
1379 604 1486 640 ἡμέραν
1501 605 1548 631 καὶ
1567 604 1617 640 τὴν
1639 604 1714 640 ὥραν
1739 605 1860 639 ἐκείνην.

1069 649 1158 676 πάντα
1172 649 1257 684 αὐτῆς
1268 649 1302 676 τὰ
1318 651 1418 685 σημεῖα
1434 651 1481 676 καὶ
1494 650 1617 686 φόϐητρα
1628 650 1797 686 προφαίνων,
1814 651 1861 678 καὶ

1068 693 1150 720 οἱονεὶ
1166 693 1306 729 παροῦσαν
1325 694 1409 730 αὐτὴν
1426 696 1481 726 τοῖς
1497 695 1668 730 γνωρίσμασι
1681 695 1858 731 διαγράφων

1069 739 1126 766 ἀλλ’
1140 741 1191 766 οὐκ
1205 740 1330 767 ἐϐούλετο
1345 741 1503 776 σαφηνίζειν
1523 742 1572 777 τὴν
1586 742 1692 768 εἰκαίαν
1712 741 1858 777 ἐρώτησιν,

1070 786 1224 819 ἀγνοεῖσθαι
1253 786 1275 813 δ’
1299 787 1382 822 αὐτὴν
1404 789 1487 814 πᾶσιν
1510 788 1623 820 εἰκότως
1644 789 1858 824 προμηθεύεται,

1070 831 1139 857 ὥστε
1155 833 1246 858 πᾶσαν
1266 833 1371 868 ἡμέραν
1395 834 1441 860 καὶ
1459 834 1548 869 ὥραν,
1574 834 1681 870 ἐκείνην
1701 835 1858 869 οἰομένους,

1069 879 1328 914 παρασκευάζεσθαι
1348 879 1414 915 πρὸς
1438 879 1533 915 αὐτὴν,
1550 880 1597 906 καὶ
1618 880 1758 915 νηφόντως
1777 889 1860 916 καρα-

1068 924 1155 950 δοκεῖν
1170 924 1250 950 αὺτὸν
1265 925 1366 960 ἥκοντα
1380 926 1448 962 πρὸς
1461 926 1564 953 ἔκτισιν
1575 926 1629 953 τῶν
1643 926 1770 953 ἐπάθλων
1782 926 1859 953 τοῦδε

1068 969 1114 996 τοῦ
1140 970 1208 1006 βίον.
1223 971 1331 1005 Ἀπαγε
1351 973 1441 998 τοίνυν
1466 973 1515 1008 τῆς
1537 973 1646 1004 ἀνοίας,
1663 973 1775 1006 ἄγνοιαν
1796 975 1860 1008 μιᾶς

1069 1016 1174 1052 ἡμέρας
1190 1017 1237 1043 καὶ
1256 1017 1331 1053 ὥρας
1349 1018 1510 1054 καταληρῶν
1527 1019 1574 1046 τοῦ
1587 1019 1699 1054 ποιητοῦ
1717 1019 1771 1046 τῶν
1795 1019 1859 1046 αἰώ-

1069 1072 1132 1094 νων,
1148 1063 1183 1090 ἐν
1197 1062 1220 1095 ᾧ
1235 1063 1347 1097 πάντες
1363 1066 1390 1091 οί
1405 1066 1550 1100 θησαυροὶ
1570 1065 1626 1099 τῆς
1635 1066 1747 1100 σοφίας
1766 1065 1859 1099 ὑπάρ-

1069 1118 1169 1144 χουσί,
1187 1110 1278 1142 καθὼς
1292 1112 1373 1146 φησὶν
1392 1112 1406 1138 ὁ
1422 1111 1492 1144 ἰεοὸς
1513 1112 1683 1144 Ἀπόστολος.

923 1156 1151 1193 quemadmodum
1185 1161 1297 1184 sanctus
1324 1157 1368 1184 ille
1399 1158 1544 1193 Apostolus
1569 1158 1698 1194 loquitur.

1361 1226 1485 1253 ΠΕΥΣΙΣ
1504 1225 1572 1253 KA'.

1104 1282 1136 1308 Τί
1153 1280 1216 1314 οὖνς
1235 1281 1322 1314 ἄλλως
1337 1283 1387 1318 μὲν
1401 1283 1531 1317 γινώσκει
1546 1284 1561 1310 ὁ
1573 1283 1668 1320 Πατὴρ
1678 1285 1798 1320 εκείνην,
1813 1285 1859 1312 καὶ

1067 1328 1155 1359 ἄλλως
1170 1329 1184 1354 δ
1200 1329 1262 1360 Υἱός
1272 1336 1280 1361 ;

1374 1385 1556 1418 Ἀπόκρισις.

1101 1442 1157 1477 Οὐχ
1170 1442 1267 1477 ἑτέραν
1282 1443 1383 1475 γνῶσιν
1398 1443 1488 1478 φαμὲν
1504 1443 1552 1470 τοῦ
1567 1443 1683 1479 [ἰατρὸς.
1699 1443 1816 1479 θατέραν
1829 1443 1858 1470 δὲ

1064 1487 1112 1514 τοῦ
1139 1488 1237 1520 Παιδὸς
1259 1488 1372 1515 καὶτοῦ
1397 1489 1556 1524 Πνεύματος
1575 1490 1630 1524 (7),
1655 1489 1723 1516 ἀλλὰ
1749 1489 1781 1515 τὸ
1808 1489 1858 1524 μὲν

1065 1534 1198 1569 πραχθὲν,
1215 1535 1245 1561 τὸ
1255 1534 1283 1561 δὲ
1297 1535 1504 1570 ταμιευόμενον.
1520 1535 1651 1562 Γινώσκει
1666 1535 1720 1570 γὰρ
1734 1536 1749 1562 ὁ
1763 1535 1857 1571 Πατὴρ

1065 1580 1172 1615 ἐκείνην
1182 1581 1214 1615 τῇ
1230 1580 1305 1616 διττῇ
1323 1580 1423 1614 γνώσει
1439 1582 1486 1608 καὶ
1496 1581 1605 1616 πράξει,
1618 1583 1650 1617 τῇ
1665 1582 1714 1617 μὲν
1727 1582 1857 1618 δημιουρ-

1063 1627 1162 1661 γήσας,
1178 1628 1211 1662 τῇ
1227 1626 1255 1653 δὲ
1273 1628 1368 1663 κρίνας
1385 1628 1430 1655 διὰ
1446 1628 1493 1654 τοῦ
1516 1628 1627 1664 γνησίου
1648 1629 1747 1661 Παιδὸς
1764 1631 1856 1665 κρῖναι

1065 1673 1178 1706 πάντας,
1198 1673 1328 1700 Γινώσκει
1343 1675 1364 1701 δ’
1379 1674 1463 1710 αὐτὴν
1477 1675 1524 1701 καὶ
1539 1677 1554 1702 ὁ
1566 1675 1630 1707 Υἱὸς
1641 1673 1688 1701 ἶσα
1703 1676 1742 1711 τῷ
1757 1677 1857 1711 Γεννη-

1062 1726 1122 1753 τορι
1135 1718 1194 1744 κατ’
1207 1718 1308 1753 εἴδησιν
1323 1719 1370 1745 καὶ
1385 1719 1484 1755 πρᾶξιν
1497 1720 1706 1756 δημιουργικὴν,
1717 1721 1747 1746 οὐ
1763 1721 1856 1756 μέντοι

1063 1764 1204 1799 κριτικήν·
1217 1764 1294 1791 οὔπω
1307 1765 1360 1800 γὰρ
1373 1765 1489 1801 ἔκρινεν,
1502 1767 1566 1798 τοὺς
1579 1767 1627 1802 μὲν
1642 1766 1708 1802 πυρὶ
1718 1767 1854 1802 ἀσϐέστῳ,

1061 1810 1125 1841 τοὺς
1146 1810 1174 1836 δὲ
1192 1812 1280 1846 τρυφῇ
1301 1811 1412 1846 ἀλήκτῳ
1429 1812 1591 1848 ἀποκρίνας.
1610 1813 1666 1839 Οὐκ
1691 1813 1804 1847 ἀγνοίας
1826 1814 1856 1840 δὲ

1061 1856 1153 1887 τοῦτο,
1175 1856 1244 1883 ἀλλὰ
1271 1857 1471 1893 μακροθυμίας,
1489 1859 1586 1895 καιρὸν
1606 1859 1775 1895 διορθώσεως
1795 1862 1856 1891 τοῖς

1064 1903 1211 1938 μοχθηροῖς
1228 1903 1428 1939 παρεχομένης,
1441 1905 1470 1930 ὲν
1513 1905 1576 1936 τοὺς
1588 1905 1624 1940 μὴ
1640 1905 1857 1940 καθαιρομένους

1061 1950 1091 1976 τὸ
1105 1947 1200 1985 αἶσχος
1214 1950 1261 1976 καὶ
1276 1950 1444 1985 ἐκνήφοντας
1460 1950 1640 1986 ὲκτραγῳδών
1657 1951 1826 1983 καταυλίζων
1841 1954 1857 1979 ὁ

1061 1995 1144 2022 Δαὸίδ
1165 2003 1264 2031 φησιν·
1288 1996 1452 2026 Δανείζεται
1472 1998 1489 2023 ὁ
1514 1997 1697 2031 ἁμαρτωλὸς,
1721 1998 1771 2024 καὶ
1797 2000 1855 2026 οὐκ

1060 2041 1198 2069 ἀποτίσει
1208 2052 1214 2058 ι
1227 2043 1305 2074 δάνος
1325 2043 1371 2069 τὸν
1386 2044 1480 2080 καιρὸν
1496 2045 1545 2079 τῆς
1567 2045 1642 2076 θείας
1663 2046 1856 2082 μακροθυμίας

1060 2085 1160 2122 δηλῶν,
1172 2086 1277 2114 ἔκτισιν
1292 2087 1322 2114 δὲ
1336 2088 1385 2124 τὴν
1401 2089 1583 2123 μετάγνωσιν.
1599 2090 1654 2116 Καὶ
1665 2088 1742 2122 αὖθις
1755 2093 1769 2118 6
1784 2091 1856 2124 θεῖος

1061 2134 1159 2169 ἐπάγει
1179 2134 1307 2170 μελῳδὸς,
1324 2135 1351 2161 '0
1365 2135 1399 2161 δὲ
1413 2135 1530 2168 δίκαιος
1543 2136 1679 2170 οὶκτειλοει
1698 2137 1747 2163 καὶ
1766 2137 1855 2164 δίδω-

1061 2188 1122 2206 σιν.
1142 2180 1171 2206 ’0
1183 2179 1270 2212 διδοὺς
1281 2201 1288 2212 ,
1301 2179 1367 2212 Θεὸς
1376 2200 1383 2212 ,
1394 2180 1425 2207 τὸ
1438 2180 1585 2216 διδόμενον,
1600 2181 1781 2216 μεταμελείας
1795 2191 1856 2209 και-

1063 2225 1124 2260 ρός·
1140 2225 1270 2257 δανείζων
1286 2225 1340 2261 γὰρ
1356 2225 1423 2258 Θεὸς
1445 2226 1560 2261 βροτοῖς,
1580 2227 1701 2258 σπανίως
1721 2228 1737 2263 ῆ
1762 2228 1853 2261 μόγις,

1062 2272 1078 2306 ἢ
1096 2271 1149 2298 οὐδ’
1171 2271 1240 2303 ὅλως
1266 2272 1465 2307 ἀπολαμϐάνει,
1489 2273 1569 2308 μέχρι
1587 2273 1680 2304 τέλους
1702 2273 1750 2300 τοῦ
1778 2275 1854 2308 δεθεί-

1061 2317 1153 2349 λοντος
1176 2318 1318 2353 ἀναμένων
1343 2318 1392 2354 τὴν
1415 2318 1535 2345 ἔκτισιν·
1557 2319 1745 2354 δανειζόμενος
1768 2319 1796 2346 δὲ
1811 2319 1856 2346 διὰ

1061 2364 1124 2395 τοὺς
1140 2363 1223 2396 πέλας
1249 2364 1294 2390 τὸν
1319 2364 1409 2396 ἔλεον,
1432 2363 1510 2396 αὖθις
1526 2365 1725 2392 πολλαπλάσιον
1750 2366 1854 2393 ἀντιδί-

1061 2409 1153 2440 ὂωσιν,
1170 2409 1253 2442 ὀξέως
1274 2411 1438 2446 εὐεργετεῖν,
1462 2411 1581 2446 βραδέως
1597 2411 1721 2444 κολάζειν
1737 2413 1852 2444 εἰωθώς.

1061 2455 1122 2481 Ἔτι
1136 2456 1190 2491 γὰρ
1205 2456 1253 2482 καὶ
1272 2456 1318 2483 νῦν
1340 2457 1449 2489 ἀσεϐεῖς
1466 2457 1652 2492 θεοστυγοῦσι,
1670 2459 1717 2484 καὶ
1741 2458 1852 2485 ἄπιστοι

1058 2503 1117 2533 ταῖς
1133 2501 1286 2537 θεουργίαις
1299 2503 1487 2535 ἐπισκάζουσι,
1501 2504 1554 2530 οὐδ’
1569 2505 1654 2539 ἑτέρῳ
1668 2505 1718 2540 τῆς
1730 2504 1853 2536 διανοίας

1058 2547 1107 2578 τὰς
1124 2547 1217 2582 βάσεις
1241 2548 1395 2584 ἐρίζοντες,
1415 2549 1463 2576 καὶ
1485 2551 1501 2584 ὴ
1526 2549 1617 2576 ἀδικία
1642 2553 1748 2585 κρατεῖ,
1771 2551 1820 2578 καὶ
1839 2553 1852 2577 ὁ

1059 2593 1155 2629 κριτὴς
1178 2593 1364 2629 μακροθυμεῖ,
1388 2595 1440 2628 ἓως
1463 2595 1512 2631 τῆς
1537 2596 1665 2631 δευτέρας
1689 2596 1758 2631 πρὸς
1779 2597 1853 2632 ἡμᾶς

1204 2684 1227 2700 ⁸⁸
1243 2685 1308 2712 ibid.

1062 2765 1238 2798 lmjusmodi,
1259 2767 1329 2795 haud
1356 2768 1544 2804 infrequenter
1557 2768 1661 2796 librarii
1681 2769 1852 2796 confundere

1060 2808 1272 2838 cotisueverunt,
1291 2808 1319 2830 ut
1343 2812 1398 2838 pne
1420 2805 1526 2833 caeteris
1549 2805 1676 2833 observat
1696 2805 1850 2834 Cotelerius

1061 2836 1179 2864 Manum.
1195 2837 1266 2866 Eccl.
1283 2839 1328 2866 (Ir.
1343 2836 1410 2867 tom.
1426 2839 1457 2873 Il,
1468 2840 1566 2875 p.609.
