1920 3046
55 181 111 214 831

55 242 224 276 φοιτήσεως,
240 241 303 276 ἥτις
319 242 436 277 ὑπάρχει
452 243 501 278 τῆς
517 244 625 279 ἡμέρας
642 245 689 271 καὶ
711 246 760 280 τῆς
782 245 855 282 ὥρας

55 288 169 322 ἐκείνης
183 288 200 322 ἡ
219 287 359 324 πρακτικὴ
374 289 423 323 τῆς
438 288 555 324 κρίσεως
572 290 672 323 γνῶσις
689 291 782 317 αὑτοῦ,

768 187 944 217 DIALOGUS
967 188 988 216 1.

1646 189 1699 216 83'!

908 246 1019 281 quidem
1037 246 1207 277 benefacere,
1223 246 1301 273 tarde
1318 253 1383 273 vero
1400 254 1496 281 punire
1512 249 1686 275 consueverit

908 293 987 320 Nunc
1002 293 1074 320 enim
1091 292 1180 320 adhuc
1197 292 1272 327 impii
1285 292 1403 319 oderunt
1417 292 1513 325 Deum,
1525 297 1551 320 et
1563 292 1699 326 increduli

56 335 84 359 in
97 334 200 360 divinis
212 334 342 368 operibus
354 336 521 367 claudicant,
533 338 684 371 nequeulla
701 339 752 365 alia
763 347 792 367 re
806 340 904 367 mentis
914 348 1026 376 gressus
1037 341 1158 371 firmant;
1170 339 1292 374 adeoque
1305 340 1436 374 iniquitas
1448 345 1568 374 superat,
1580 344 1606 368 et
1615 341 1699 375 judex

55 379 224 414 longanimis
254 384 306 411 cst.
329 389 415 416 usque
444 382 478 409 ad
495 384 645 411 secundum
665 385 699 412 ad
731 393 782 413 nos
799 386 965 419 adventum,
992 388 1038 423 qui
1063 391 1105 414 est
1129 387 1183 414 diei
1203 390 1231 413 et.
1252 387 1326 413 hora:
1347 386 1422 414 illius
1447 386 1575 414 nimirum
1602 387 1699 421 judicii

55 424 208 452 excreendi
230 427 363 461 cognitio.

352 485 476 513 ΠΕΥΣΙΣ
495 488 560 515 KB’.

93 540 151 566 Καὶ
165 539 227 572 πῶς
241 541 321 574 αὐτὸς
333 541 425 576 λέγει·
449 543 528 577 Πρὸς
549 544 602 571 τὸν
628 545 701 572 Θεὸν
720 555 781 581 μου
803 546 851 574 καί

59 585 136 612 Θεὸν
149 586 244 620 ὑμῶν,
252 589 303 614 καὶ
316 589 432 622 Πατέρα
440 598 500 623 μου
513 590 563 617 καὶ
576 591 693 626 Πατέρα
707 592 806 627 ὐμῶν;
821 594 852 620 ἐκ

58 631 155 658 τούτου
169 632 279 664 δεικνὺς
295 633 333 669 μὴ
349 631 409 666 ἶσος
421 634 553 670 ὑπάρχειν
566 635 613 663 τοῦ
627 637 742 674 Πατρδς,
754 638 850 674 λέγων,

58 676 227 712 Πορεύομαι
242 677 319 712 πρὸς
333 678 387 705 τὸν
399 679 472 706 Θεόν
483 688 560 715 μου;

371 725 553 759 Ἀπόκρισις.

101 768 184 795 Ἀλλὰ.
213 770 252 805 μὴ
275 769 345 806 πρὸς
368 769 408 803 τὸ,
430 771 519 806 ἥττον’
535 772 668 808 ὑπάρχειν
688 774 735 801 τοῦ
752 776 858 811 Πατρὺς

58 814 106 841 τὸν
126 814 231 848 Παῖδα,
251 816 392 852 καταπέσῃ
411 817 488 852 ὑμῶν
511 819 527 854 ἡ
551 819 670 852 διάνοια,
688 820 727 856 τῷ
757 822 859 858 ῥήματι

58 861 110 897 τῆς
123 861 288 898 θεανδρικῆς
308 863 390 890 αὐτοῦ
405 865 562 900 οἰκονομίας
576 867 796 902 προσκόπτουσα.
817 869 854 895 Οὐ

59 906 115 942 γὰρ
132 907 185 942 πρὸ
200 908 303 944 ταύτης
317 911 441 944 φανεῖται
456 912 544 947 φήσας
559 912 589 938 ὲν
599 914 632 948 τῇ
644 913 750 950 Παλαιᾷ
761 915 853 951 Πυκτῇ

58 953 99 979 ἔτι
116 953 265 989 ἀσώματος
285 955 425 992 ὑπάρχων,
444 958 610 992 Πορεύομαι
622 960 697 995 πρὸς
715 961 769 988 τὸν
781 962 855 988 Θεόν

55 1008 118 1033 μου
129 1009 135 1014 ·
149 1000 197 1026 καὶ
214 1001 296 1036 σαρκὶ
308 1001 336 1027 δὲ
353 1002 474 1036 ὲνωθεὶς,
490 1004 539 1039 οὑχ
552 1001 634 1040 ἦττον
650 1005 702 1032 ὑπὸ
718 1005 772 1033 τῶν
789 1016 855 1043 προ-

60 1046 156 1080 φητῶν
180 1045 365 1080 θεολογεῐται·
391 1049 500 1075 Ἠσαίου
521 1050 570 1086 μὲν
591 1051 716 1085 βοῶντος·
731 1053 856 1080 Παιδίον

58 1091 208 1125 ἐγεννήθη
222 1092 294 1127 ἡμῖν
305 1093 353 1119 καὶ
364 1093 463 1128 ἐδόθη.
476 1092 511 1122 οὗ
525 1095 544 1128 ἠ
555 1095 634 1130 ἁρχὴ
646 1096 696 1123 ἐπὶ
709 1097 764 1124 τοῦ
774 1097 855 1132 ὤμου

58 1137 174 1168 αὑτοῦ,
191 1138 240 1164 καὶ
263 1139 398 1167 καλεῖται
423 1139 456 1166 τὸ
478 1140 571 1176 ὄνομα
590 1142 693 1175 αὑτοῦ,
720 1143 855 1178 μεγάλης

56 1180 182 1216 ,ϐουλῆς
206 1183 360 1218 Ἄγγελος,
381 1185 560 1220 Θαυμαστὸς
580 1187 764 1222 σύμϐουλος,
783 1189 855 1222 Θεὸς

59 1227 199 1262 ισχυρὸς,
221 1228 449 1264 Ἐξουσιιιστὴς,
463 1231 581 1266 Ἄρχων
603 1232 737 1267 εἰρήνης,
753 1234 854 1269 Πατὴρ

59 1273 114 1300 τοῦ
130 1274 301 1308 μέλλοντος
313 1275 438 1309 αἰῶνος·
456 1277 503 1303 τοῦ
519 1277 547 1304 δὲ
571 1279 653 1305 Δασὶδ
674 1279 854 1314 μελῳδοῦντος

60 1317 111 1351 τὴν
135 1316 265 1353 δευτέραν
297 1319 380 1346 αὑτοῦ
406 1320 567 1358 Θεανδρικὴν
597 1324 784 1360 ἐπιφοίτησιν,
808 1326 854 1352 ἐπὶ

61 1364 152 1398 γρίσει
164 1364 212 1391 καὶ
225 1365 388 1400 ἀνταμείψει
400 1367 504 1400 πάντας
521 1369 743 1405 συναγείρουσαν,
755 1372 771 1398 ὁ
781 1372 854 1405 Θεὸς

63 1405 148 1439 ἡμῶν
161 1406 301 1441 ἐμφανῶς
324 1408 400 1443 ἣξει,
420 1410 434 1435 ὁ
457 1409 521 1442 Θεὸς
537 1411 626 1446 ἡμῶν,
644 1413 690 1439 καὶ
711 1413 741 1440 οὐ
762 1423 853 1449 παραυ

62 1453 243 1488 σιωπήσεται.
259 1455 322 1488 Πῦρ
338 1455 478 1483 ἐναντίον
492 1458 586 1485 αὑτοῦ
603 1461 849 1493 προπορεύσεται,

61 1496 110 1522 καὶ
128 1497 233 1530 κύκλῳ
254 1499 349 1525 αὑτοῦ
369 1501 503 1534 statam-lg
518 1502 647 1536 σφόδρα,
666 1505 729 1537 τοὺς
746 1505 850 1537 αἰτίους

61 1544 130 1579 πρὸς
161 1548 295 1581 τιμωρίαν
324 1548 539 1582 συνελαύνουσα,
565 1551 611 1577 καὶ
646 1551 686 1586 τῷ
721 1551 849 1587 φρικώὸει

61 1587 109 1613 καὶ
125 1587 231 1614 ἀκλινεί
244 1590 405 1624 παριστῶσα
422 1591 523 1627 βήματι
535 1593 582 1620 τοῦ
603 1594 649 1621 ἐπὶ
666 1596 773 1623 πάντων
787 1597 855 1624 Θεοῦ

62 1632 110 1657 καὶ
123 1632 251 1668 Σωτῆρος
266 1635 345 1669 ἡμῶν
364 1636 451 1671 Ἰησοῦ
467 1638 595 1673 Χριστοῦ.
609 1640 730 1674 Εἰκότως
744 1639 791 1668 οὗν
811 1643 855 1670 διὰ

60 1677 112 1710 τὴν
123 1678 283 1714 σωματικὴν
291 1681 447 1716 οἰκονομίαν
458 1682 535 1717 φησὶ,
545 1685 710 1720 Πορεύομαι
720 1687 795 1722 πρὸς
802 1689 856 1715 τὸν

62 1723 139 1749 Θεόν
151 1732 212 1758 μου
223 1733 230 1740 ⁸
244 1725 288 1752 διὰ
306 1726 334 1753 δὲ
350 1726 400 1762 τὴν
415 1728 486 1755 κατὰ
503 1728 583 1764 φύσιν
594 1730 645 1766 τῆς
666 1731 741 1764 θείας
755 1734 787 1759 ὲκ
806 1734 853 1760 τοῦ

61 1768 169 1804 Πατρὺς
183 1771 348 1806 γεννήσεως,
362 1774 537 1808 Πορεύομαι,
551 1776 628 1811 φησὶ,
640 1777 715 1811 πρὸς
730 1778 784 1805 τὸν
795 1781 854 1806 Πα-

61 1813 133 1847 τέρα
143 1823 215 1849 μου.
226 1816 293 1848 Θεὸς
309 1817 398 1845 τοίνυν
416 1818 470 1845 τῶν
488 1820 618 1856 μαθητῶν
638 1823 684 1850 καὶ
698 1824 793 1860 Πατὴρ
805 1825 851 1852 τοῦ

62 1859 162 1893 Παιδὸς
176 1862 247 1889 κατὰ
269 1862 360 1897 φύσιν,
381 1864 447 1897 Θεὸς
471 1865 500 1892 δὲ
518 1867 564 1893 τοῦ
575 1867 639 1894 Υἱοῦ
662 1869 732 1896 κατὰ
751 1859 851 1906 σάρκα,

61 1906 110 1932 καὶ
120 1906 216 1943 Πατὴρ
232 1907 286 1934 τῶν
305 1909 440 1945 φοιτητῶν
453 1911 523 1938 κατὰ
539 1912 628 1948 χάριν.

355 2011 479 2039 ΠΕΥΣΙΣ
498 2014 560 2040 KI".

98 2055 154 2082 Καὶ
168 2056 226 2087 πῶς
241 2057 362 2092 περὶτοῦ
381 2058 487 2093 Πατρδς
511 2059 675 2095 γέγραπται,
692 2063 734 2089 Οὺ
750 2063 852 2090 πεινά-

60 2110 120 2134 σει,
135 2103 172 2129 οὺ
188 2101 322 2136 διψήσει,
340 2103 414 2130 οὐδέ
431 2105 517 2131 ἐστιν
537 2106 691 2141 ἑξεύρεσις
710 2109 765 2143 τῆς
781 2118 852 2144 φρο-

60 2148 178 2181 νήσεως
193 2149 288 2176 αὐτοῦ
299 2157 305 2163 ⁸
325 2150 388 2185 περὶ
396 2150 424 2176 δὲ
439 2151 485 2178 τοῦ
500 2152 574 2184 Υἱοῦ,
592 2154 632 2179 ὅτι
644 2154 770 2182 ἑπείνασε
782 2157 851 2190 μετὰ

60 2194 267 2230 τεσσαράκοντα
284 2195 401 2231 ἡμέρας,
416 2197 576 2237 πειρασθεὶς
592 2199 621 2225 ὲν
638 2202 670 2236 τῇ
682 2201 788 2237 ἐρήμῳ,
804 2203 851 2229 καὶ

60 2241 178 2277 διψήσας
191 2240 282 2276 ἐζήτει
306 2243 377 2268 πιεῖν
401 2235 476 2276 παρᾶ
491 2243 540 2278 τῆς
557 2235 849 2281 Σαμαρίτιδοςξπάλιν

63 2288 127 2322 περὶ
139 2287 186 2314 τοῦ
198 2287 317 2323 Πατρὸς,
332 2290 373 2315 Οὐ
392 2289 542 2322 κοπιάσει,
555 2291 591 2318 οὺ
607 2294 766 2325 νυστάσει,
781 2296 852 2322 οὐδὲ

61 2332 194 2359 ὑπνώσει
213 2333 229 2358 ό
244 2331 415 2366 φυλάσσων
432 2333 484 2360 τὸν
508 2334 650 2369 Ἰσραήλ·
674 2337 804 2364 ἐκοπίασε
825 2338 852 2365 δὲ

67 2377 171 2413 Ἰησοῦς
185 2378 217 2403 ἐκ
227 2377 275 2412 τῆς
284 2376 449 2413 ὁδοιπορίας,
461 2377 507 2404 καὶ
519 2378 653 2406 ὑπνώττει
666 2382 694 2408 ὲν
706 2381 745 2416 τῷ
757 2381 852 2417 πλοίῳ,

61 2424 133 2459 ἅπερ
146 2423 197 2450 οὐκ
215 2423 272 2449 ἐστι
287 2422 374 2455 Θεοῦ;

367 2482 547 2517 Ἀπόκρισις.

98 2529 208 2562 Ἄπαγε
230 2528 328 2555 σαυτὸν
342 2529 392 2565 τῆς
405 2530 577 2567 νηπιότητος,
593 2531 730 2568 ἄνθρωπε.
745 2534 782 2560 Οὺ
801 2535 849 2569 μό-

60 2583 104 2601 νον
124 2574 179 2609 γὰρ
202 2574 329 2610 πεινῆσαι
346 2575 506 2609 κατεδέξατο
529 2577 614 2604 ἐλθὼν
636 2580 650 2605 ὁ
668 2579 848 2612 ὲνυπόστατος

60 2621 107 2647 καὶ
122 2620 176 2653 ζῶν
193 2616 269 2655 ἅγιος
284 2621 378 2655 Λόγος,
394 2622 462 2649 ἀλλὰ
477 2623 524 2650 καὶ¹
540 2624 657 2651 πέπονθε
672 2625 711 2660 τῷ
727 2625 756 2659 ἐξ
771 2627 848 2661 ἡμῶν

60 2665 266 2715 προσλήμματι,
283 2666 330 2693 καὶ
345 2666 398 2693 ὑπὸ
419 2667 507 2703 ταφὴν
527 2668 622 2696 τούτου
641 2670 746 2705 γέγονε,
771 2671 847 2707 πρῶ-

60 2719 104 2738 τον
120 2711 279 2747 μαστιιχθεὶς
303 2712 348 2739 τὸν
370 2712 472 2744 νῶτον,
498 2714 545 2740 καὶ
565 2714 674 2750 δέσμιος
695 2718 728 2752 τῇ
753 2717 847 2744 ἐνὼσει

61 2757 249 2793 ἀναπεμφθεὶς
271 2757 377 2794 Ἡρώδῃ
389 2758 442 2785 ὑπὸ
456 2759 582 2787 Πιλάτου.
599 2759 656 2788 Εἶθ’
667 2762 752 2794 οὕτως
768 2763 847 2799 ῥαπί-

61 2802 134 2834 ζεται
145 2804 274 2839 παρειαῖς
290 2803 338 2830 καὶ
358 2804 518 2839 ὲμπτύεται.
538 2806 618 2834 Ἀλλὰ
634 2808 680 2834 καὶ
703 2808 845 2844 ἐδάκρυσε,

61 2846 104 2872 καὶ
129 2846 158 2873 ὲν
178 2846 286 2882 ἀγωνίᾳ
311 2847 455 2883 γενόμενος
480 2849 594 2886 ἵδρωσε·
619 2853 667 2879 καὶ
692 2853 809 2888 ἐγένετο
830 2856 847 2882 ὁ

93 2926 113 2941 ⁸³
129 2926 208 2956 Joan.
228 2936 273 2961 xx,
292 2928 331 2955 I7.
372 2928 394 2944 ⁸⁵
411 2928 460 2958 lsa.
485 2937 520 2963 ιχ,
539 2930 563 2957 ti.
605 2931 626 2946 ’⁸⁸
642 2930 712 2960 Psal.
732 2939 803 2966 χιιι,
822 2933 846 2960 5.

1120 485 1381 514 INTERROGATIO
1409 485 1491 513 XXII.

939 543 1081 578 Quomodo
1101 551 1165 570 vero
1179 543 1268 577 inquit
1284 544 1364 578 ipse:
1380 543 1421 568 Ad
1446 543 1528 570 Deum
1557 551 1644 569 meum
1673 548 1698 570 et

903 589 988 616 Deum
1000 593 1124 616 vestrum.
1134 593 1158 614 et
1168 587 1275 614 Patrem
1285 595 1370 613 meum
1382 591 1406 614 et
1421 586 1526 614 Patrem
1539 593 1651 614 restrum
1660 588 1699 613 3"!

901 643 957 670 quo
970 633 1092 662 ostendit
1105 641 1135 660 se
1149 641 1203 660 non
1222 633 1355 668 aequalem
1381 641 1442 660 esse
1464 632 1549 663 Patri,
1571 641 1631 659 cum
1654 633 1696 659 in-

904 679 975 716 quit,
997 678 1072 705 Vada
1090 677 1124 704 ad
1139 677 1222 704 Deum
1234 678 1341 704 meum?

1223 723 1377 758 Responsio.

939 768 1119 804 Nequaquam
1136 768 1241 796 recidat
1253 775 1287 795 eo
1305 775 1382 795 mens
1399 773 1503 799 nostra,
1521 771 1551 794 ut
1569 771 1698 802 putemus

907 815 1042 843 minorem
1073 823 1134 842 esse
1160 814 1240 841 Patre
1267 813 1378 846 Filium,
1396 813 1499 841 oil‘ensa
1527 814 1579 841 hoc
1604 814 1697 847 verbo,

907 862 980 896 quod
998 862 1104 889 ratione
1115 860 1363 888 administrationis
1381 861 1449 888 uniti
1466 868 1528 888 cum
1544 861 1600 888 Deo
1610 861 1698 888 homi—

908 908 951 935 nis
963 907 1074 935 dicitur.
1090 907 1149 934 Non
1164 907 1236 934 enim
1254 912 1316 935 ante
1329 908 1380 935 hoc
1395 912 1502 940 tempus
1513 915 1575 933 eum
1589 911 1699 934 constat

909 954 949 981 sic
970 953 1090 980 locutum
1107 960 1169 980 esse
1191 952 1219 979 in
1240 952 1382 987 Scriptura
1401 951 1503 984 Veteri,
1528 958 1591 978 cum
1607 951 1697 978 adhuc

907 1004 981 1027 esset
1005 999 1202 1033 incorporeus:
1234 997 1309 1024 Vada
1340 997 1374 1024 ad
1399 997 1483 1024 Deum
1511 1005 1607 1023 meum.
1639 997 1696 1023 Imo

907 1046 989 1073 etiam
1006 1045 1084 1072 carni
1104 1045 1181 1072 unito
1201 1044 1332 1072 divinitas
1350 1043 1529 1070 nihilominus
1550 1049 1565 1069 a
1583 1042 1695 1070 vatibus

909 1091 1047 1122 tribuitur,
1065 1090 1135 1117 Isaia
1148 1089 1259 1125 quidem
1280 1091 1438 1116 clamante:
1461 1089 1532 1115 Puer
1553 1093 1633 1116 natus
1655 1093 1696 1116 es!

908 1137 993 1171 nobis,
1009 1142 1034 1164 et
1053 1136 1133 1163 datus
1151 1141 1201 1167 est,
1217 1135 1294 1170 cujus
1311 1136 1450 1169 imperium
1464 1143 1542 1169 super
1559 1134 1694 1161 humerum

907 1184 963 1218 ejus
973 1192 982 1216 ;
992 1188 1016 1210 et
1027 1183 1163 1211 vocabitur
1173 1191 1265 1209 nomen
1276 1182 1343 1217 ejus.
1359 1183 1556 1216 magnironsilii
1568 1182 1695 1214 Nuntius,

906 1228 1084 1257 Admirabilis
1098 1228 1280 1261 consiliarius,
1310 1228 1380 1255 Deus
1402 1229 1491 1262 fartis,
1520 1228 1694 1260 Dominator,

908 1274 1033 1309 Princeps
1048 1275 1132 1309 pacis,
1154 1275 1237 1302 Pater
1257 1274 1340 1309 futuri
1362 1274 1452 1302 wvi”.
1472 1274 1587 1302 Davich
1605 1280 1693 1302 autem

907 1321 1058 1349 secundum
1076 1321 1218 1349 uniticum
1231 1321 1286 1348 Deo
1304 1321 1422 1348 hominis
1439 1320 1587 1348 adventum
1609 1323 1693 1353 canit,

906 1375 961 1402 quo
974 1367 1008 1394 ad
1019 1367 1154 1402 judicium
1167 1371 1194 1394 et
1205 1367 1413 1394 retributionem
1425 1374 1521 1394 omnes
1532 1367 1680 1394 excitabun
1689 1383 1695 1388 -

907 1418 967 1440 tur:
981 1412 1051 1440 Deus
1066 1418 1155 1440 noster
1170 1413 1311 1447 manifesto
1325 1413 1450 1445 veniet“;
1468 1412 1551 1445 Deus,
1569 1413 1692 1448 inquam.

906 1462 1011 1491 noster.
1038 1467 1089 1486 nec
1105 1459 1188 1486 tacite
1213 1459 1239 1486 id
1261 1459 1325 1486 ﬁet:
1346 1459 1417 1494 Ignis
1435 1459 1563 1494 praecedet
1579 1466 1639 1486 ante
1652 1461 1694 1493 ip-

906 1513 976 1536 sum,
992 1510 1016 1532 et
1029 1505 1056 1531 in
1077 1505 1191 1531 circuitu
1206 1505 1288 1539 ipsius
1309 1505 1444 1532 vehemens
1465 1505 1582 1539 procella
1590 1504 1623 1537 ⁸⁸,
1641 1505 1692 1532 itu-

905 1551 1008 1586 pellens
1025 1551 1058 1578 ad
1074 1552 1236 1586 supplicium
1253 1559 1326 1583 reos,
1340 1560 1409 1586 quos
1424 1551 1541 1578 terribili
1557 1555 1584 1579 et
1600 1552 1691 1578 incor-

903 1601 986 1632 rupto
999 1597 1076 1625 sistet
1089 1597 1218 1624 tribunali
1233 1597 1293 1631 ejus
1306 1597 1351 1632 qui
1364 1604 1447 1632 supra
1465 1597 1558 1623 omnia
1571 1597 1692 1627 exsistit,

902 1639 948 1668 Dei
975 1641 1079 1669 scilicet
1103 1649 1136 1668 ac
1165 1640 1319 1669 Servatoris
1359 1642 1447 1668 nostri
1475 1641 1539 1669 Jesu
1577 1642 1690 1669 Christi.

901 1685 1000 1714 Merito
1015 1686 1099 1722 igitur
1115 1691 1227 1722 propter
1243 1686 1509 1714 administrationem
1529 1687 1556 1713 in
1576 1693 1694 1721 corpore

903 1740 990 1763 suam,
1015 1733 1114 1768 inquit,
1136 1733 1209 1760 Vada
1222 1733 1256 1759 ad
1278 1732 1360 1759 Deum
1385 1741 1480 1760 meum.
1502 1732 1615 1767 I’roptcr
1632 1740 1690 1759 eam

903 1786 969 1806 vero
1001 1786 1061 1813 qua:
1087 1779 1238 1805 set-utulum
1270 1783 1395 1805 naturain
1425 1778 1523 1805 divina:
1551 1787 1582 1805 ex
1611 1779 1692 1806 Patre

904 1823 1089 1857 generationis
1107 1828 1159 1857 est,
1181 1824 1264 1855 Vada,
1283 1825 1381 1858 inquit,
1407 1825 1440 1850 ad
1465 1824 1571 1851 Patrem
1594 1833 1690 1852 meum.

905 1869 977 1897 Deus
1001 1869 1084 1905 igitur
1108 1869 1154 1897 ille
1177 1870 1375 1904 discipulorum
1396 1875 1447 1902 est,
1475 1874 1502 1896 (ιι
1525 1870 1605 1897 Pater
1630 1870 1691 1898 Filii

905 1915 1053 1941 secundum
1074 1920 1210 1947 naturam,
1224 1919 1250 1942 et
1276 1915 1346 1942 Deus
1371 1915 1441 1942 idem
1466 1915 1525 1942 Filii
1541 1916 1690 1943 secundum

904 1961 1028 1994 gratiam.

1105 2016 1362 2046 INTERROGATIO
1386 2018 1480 2045 XXIII.

936 2062 969 2090 Et
985 2063 1031 2098 qui
1050 2063 1092 2095 lit,
1110 2068 1141 2090 ut
1154 2063 1187 2090 de
1200 2063 1281 2091 Patre
1292 2063 1327 2091 sit
1341 2064 1491 2099 scriptum:
1509 2063 1570 2092 Non
1580 2066 1688 2095 esuriel.

900 2117 951 2136 non
965 2109 1045 2141 sitiet,
1054 2117 1133 2144 neque
1143 2113 1180 2135 est
1190 2108 1464 2143 inveniresapientiom
1479 2109 1609 2144 ejus“;de
1618 2109 1690 2137 Filio

904 2158 1006 2185 autent,
1022 2154 1094 2190 quod
1118 2155 1247 2182 esurierjt
1270 2159 1330 2189 post
1347 2155 1527 2191 quadraginta
1541 2155 1610 2188 dies,
1627 2159 1688 2182 ten-

905 2203 977 2227 tatus
998 2199 1024 2226 in
1047 2199 1165 2231 deserto,
1189 2203 1215 2226 et
1236 2199 1309 2234 quod
1330 2200 1439 2231 sitierit,
1463 2201 1525 2227 dum
1544 2205 1647 2236 peteret
1673 2208 1689 2227 a

904 2245 1075 2272 Samaritana
1088 2245 1201 2280 potum?
1219 2244 1372 2279 iterumque
1383 2245 1417 2272 de
1433 2245 1529 2272 Patre:
1550 2245 1612 2272 Non
1634 2246 1690 2272 las-

901 2291 1016 2324 sabitur,
1027 2299 1079 2317 non
1090 2289 1254 2321 dormitabit,
1269 2298 1348 2324 neque
1359 2289 1470 2317 dormiet
1487 2295 1574 2317 custos
1598 2290 1688 2317 Israe—

902 2335 934 2361 lis
944 2335 983 2362 ":
1008 2339 1036 2362 at
1057 2335 1137 2363 Jcsus
1159 2334 1324 2370 defatigatus
1346 2338 1388 2362 est
1408 2342 1441 2362 ex
1459 2335 1639 2371 profectione,
1661 2341 1689 2363 et

903 2382 1033 2410 dormivit
1046 2383 1073 2410 in
1089 2382 1152 2409 navi
1167 2392 1172 2410 :
1190 2390 1250 2418 quae
1266 2382 1359 2416 utique
1372 2381 1428 2409 Deo
1438 2390 1493 2409 non
1508 2383 1688 2416 competunt?

1217 2485 1369 2519 Responsio.

938 2531 1029 2567 Apage
1047 2533 1085 2559 sis
1097 2539 1158 2558 cutn
1175 2531 1225 2558 hac
1241 2535 1287 2557 tua
1305 2530 1451 2562 dementia,
1467 2531 1503 2557 mi
1518 2531 1607 2557 homo.
1625 2530 1684 2557 Non

901 2577 974 2604 cnim
998 2578 1107 2605 esurire
1132 2577 1212 2604 modo
1234 2576 1381 2608 sustinuit,
1408 2584 1455 2611 per
1479 2585 1508 2604 se
1532 2577 1686 2604 subsistens

901 2623 968 2650 illud
983 2623 1074 2650 vivum
1087 2627 1266 2657 sanctumque
1283 2621 1467 2653 Verbum,sed
1481 2627 1507 2649 et
1522 2630 1632 2657 passum
1644 2628 1687 2650 est

902 2674 1043 2705 assumpta
1054 2675 1147 2698 nostra
1156 2675 1262 2702 natura,
1276 2669 1363 2703 inqua
1374 2674 1400 2696 et
1411 2668 1578 2704 sepulturam
1589 2669 1684 2697 subiit.

901 2715 1023 2743 Primum
1043 2715 1156 2751 ﬂagellis
1178 2724 1248 2744 caeso
1268 2717 1351 2744 dorso
1371 2715 1550 2743 constrictum
1566 2715 1684 2742 vinculis

901 2762 936 2789 ad
950 2762 1084 2789 Herodem
1099 2765 1213 2790 missum
1231 2767 1274 2789 est
1288 2770 1303 2789 a
1320 2762 1417 2789 Pilato.
1440 2760 1542 2788 Deinde
1561 2760 1685 2795 colaphis

900 2808 928 2835 in
949 2808 1073 2836 maxillas
1093 2809 1217 2839 caeditur.
1238 2814 1265 2836 et
1285 2808 1457 2843 conspuitur.
1475 2805 1529 2834 Sed
1553 2810 1580 2834 et
1599 2805 1683 2837 ﬂevit,

899 2859 926 2882 et
952 2854 978 2881 in
1003 2862 1104 2890 angore
1129 2854 1306 2882 constitutum
1333 2853 1451 2886 sudavit,
1478 2853 1579 2888 fuitque
1604 2854 1685 2881 sudor

887 2934 908 2948 "
925 2932 989 2960 ibid.
1028 2933 1049 2949 ⁸⁷
1067 2931 1150 2961 Eccli.
1173 2941 1247 2967 xvttt,
1269 2935 1294 2962 5.
1333 2935 1354 2949 ""
1369 2934 1442 2968 I‘sal,
1459 2942 1521 2967 cxx,
1547 2934 1574 2964 ι.
