1920 3046
114 121 170 150 885

109 177 141 205 δὲ
156 177 202 205 καὶ
217 177 296 213 δίψαν
311 178 406 211 ὓδατος
421 180 571 216 προσίεται,
584 181 617 208 τὰ
631 180 678 208 τοῦ
693 181 817 218 σώματος
832 184 905 211 ἀδιά-

109 224 202 260 ϐλητα
215 224 289 260 πάθη
300 233 307 239 “
329 225 489 260 Μανιχαίων
511 226 583 253 λύων
598 227 647 263 τὴν
669 228 845 264 ματαιότητα,
863 229 906 256 δό-

111 278 194 305 κησιν
210 271 257 297 καὶ
272 271 424 306 φαντασίαν
440 273 618 309 ποιουμένους
631 273 680 309 τὴν
696 275 863 311 οἰκονομίαν.

825 127 998 156 DIALOGUS
1013 129 1034 155 I.

1692 131 1746 160 895

962 190 1037 213 vates
1054 185 1142 221 ipsum
1159 186 1326 222 exprimens,
1346 185 1455 221 inquit:
1479 185 1564 213 Homo
1581 191 1631 219 est,
1647 191 1673 214 et
1688 190 1747 222 quis

961 236 1097 265 cognoscet
1109 233 1190 259 eum?
1213 231 1348 264 Quoniam
1366 239 1429 258 eum
1448 231 1520 259 Deus
1537 235 1620 262 esset,
1639 231 1691 259 hoc
1707 236 1748 259 ta-

961 283 1022 302 men
1049 275 1107 304 fieri
1128 276 1223 308 voluit,
1245 275 1344 303 famem
1367 280 1394 303 et.
1416 276 1490 304 sitim
1517 284 1594 310 aeque
1619 277 1748 308 admittit,

961 329 1022 355 quae
1036 325 1101 350 sunt
1117 322 1241 357 corporis
1256 322 1425 354 aﬂ‘ectiones,
1444 326 1570 357 expertes
1585 322 1642 349 vitii
1658 330 1690 349 ac
1704 330 1750 349 re-

111 359 322 394 prehensionis;
347 361 560 390 Manichaeorum
590 364 643 391 hoc
668 363 729 399 ipso
756 364 904 393 vanitatem
932 366 1074 400 refutans,
1101 368 1148 403 qui
1168 368 1324 404 opinionem
1349 372 1376 396 et
1397 376 1455 396 rem
1482 368 1669 403 imaginariam
1688 376 1751 396 esse

112 409 239 433 statuunt
251 406 339 442 ipsius
355 408 383 435 in
397 416 481 437 carne
501 410 780 439 administrationem.

407 477 532 504 ΠΕΥΣΙΣ
553 479 617 506 KE'.

148 531 245 566 Ψυχὴν
271 531 362 567 λέγεις
387 533 459 569 ἔχειν
474 535 504 560 τὺ
530 535 610 568 σῶμα
627 536 674 562 τοῦ
699 537 796 571 Λόγου.
819 537 910 572 ἢὰντὶ

112 573 203 609 ψυχῆς
217 575 266 610 τὴν
278 576 392 612 θεότητα
419 578 556 614 ἐνεργείν;
575 580 671 607 Πολλοὶ
690 580 745 616 γὰρ
766 582 846 609 τοῦτο
866 582 910 609 λέ-

113 627 204 653 γουσι,
215 622 263 648 καὶ
276 622 389 649 πιθανὸν
406 623 490 651 δοκεῖ.

426 680 606 715 Ἀπόκρισις.

150 728 285 763 Εὗηθείας
312 730 361 757 καὶ
380 731 553 768 νηπιότητος,
579 733 681 769 ἄψυχον
699 734 802 761 οἴεσθαι
820 736 850 761 τὸ
864 735 910 762 τοῦ

114 773 182 800 θεοῦ
207 775 254 801 καὶ
283 776 371 810 Λόγου
397 777 486 812 σῶμα.
512 779 690 816 Ἀμφοτέροις
713 781 767 817 γὰρ
787 781 816 814 ἐξ
837 778 874 809 ὧν
894 783 911 818 ἡ

115 819 220 855 βροτῶν
234 821 314 855 φύσις
326 823 493 855 συνίσταται,
505 826 519 851 ὁ
532 826 618 860 Λόγος
627 826 785 862 ὑπερλόγως
797 828 910 863 ἥνωται,

113 866 189 902 ψυχῇ
207 869 279 904 φημὶ
294 869 340 896 καὶ
354 869 470 905 σώματι,
483 871 606 907 ἑκατέρῳ
621 873 747 908 τμήματι
760 873 911 909 εὐρωστίαν

113 913 295 950 δωρούμενος.
316 916 436 953 Θατέρου
463 917 518 952 γὰρ
537 918 619 945 αὑτοῦ
643 919 792 953 λείποντος,
814 920 912 956 ἀτελὴς

114 957 196 993 ἡμῶν
213 960 229 995 ἡ
250 961 381 996 σωτηρία,
397 961 412 996 ἢ
426 961 473 987 τοῦ
489 961 615 997 σώματος
629 964 658 990 ὲν
669 963 757 1000 φθορᾷ
774 965 911 1000 μένοντος,

113 1004 134 1039 ἢ
151 1004 202 1040 τῆς
214 1005 304 1042 ψυχῆς
323 1008 351 1033 ὲν
367 1007 417 1043 ᾄδῃ
434 1007 633 1044 κατεχομένης.

407 1111 533 1137 ΠΕΥΣΙΣ
556 1111 628 1145 KG’.

152 1166 208 1192 Kal.
221 1166 265 1193 διὰ
278 1166 304 1193 τί
318 1168 332 1193 ὁ
356 1167 481 1203 Ἰωάννης
494 1168 524 1194 οὐ
539 1168 615 1202 λέγει
629 1168 725 1200 τοῦτο;
743 1169 833 1195 Εἰπὼν
845 1171 910 1205 γὰρ,

122 1212 171 1239 Ἐν
187 1211 267 1246 ἀρχῇ
283 1210 322 1247 ἦν
330 1214 347 1239 ὁ
360 1213 467 1247 Λόγος,
478 1214 535 1247 καὶ,
545 1215 573 1241 ὐ
584 1214 679 1248 Λόγος
689 1214 768 1249 σάρξ
782 1215 911 1250 ἐγένετο,

115 1257 348 1294 οὐπροστίοησιν,
374 1259 415 1285 ὅτι
435 1258 572 1294 καὶψυχὴ
594 1259 712 1294 ἐγένετο,
733 1260 750 1295 ἢ
772 1261 812 1287 ὅτι
832 1261 913 1288 ἔλαϐε

115 1303 216 1340 Ψυχὴν·

424 1362 607 1396 Ἀπόκρισις.

153 1419 186 1445 Εἰ
206 1418 309 1454 ἄψυχον
323 1417 459 1454 οἰηθῶμεν
483 1419 514 1445 τὺ
538 1419 676 1454 Κυριακὸν
706 1419 796 1455 σῶμα,
818 1420 912 1455 ἕψεται

117 1465 242 1497 πάντως,
269 1464 392 1500 παθητὴν
417 1464 578 1500 ἀποφαίνειν
602 1465 652 1501 τὴν
673 1465 797 1501 θεότητα,
821 1466 911 1502 ψυχῆς

117 1511 196 1546 δίκην
217 1511 247 1537 ὲν
272 1512 305 1546 τῇ
326 1510 408 1546 σαρκὶ
433 1511 590 1546 διήκουσαν,
612 1511 690 1546 πείνῃ
707 1520 736 1537 τε
758 1511 804 1538 καὶ
828 1511 912 1546 δίψει,

119 1558 197 1593 ὕπνῳ
209 1566 238 1584 τε
254 1558 301 1584 καὶ
314 1557 455 1593 δάκρυσιν,
470 1557 574 1593 ἀγωνίᾳ
582 1566 612 1583 τε
628 1557 675 1584 καὶ
685 1557 777 1593 ίδρῶτι
791 1558 913 1592 φυσικῶς

118 1603 341 1631 ὑποκύτι-τουσαν.
372 1603 531 1630 ’Δκουστέον
552 1603 581 1630 δὲ
598 1603 645 1630 τοῦ
666 1603 809 1631 θεσπεσίου
834 1603 915 1631 Δαϐὶδ

118 1649 185 1688 περ).
204 1649 255 1684 τῆς
274 1648 434 1685 θεανδρικῆς
462 1648 644 1684 μελῳδοῦντος
662 1649 762 1684 ψυχῆς,
778 1649 811 1676 ὲκ
829 1657 914 1686 προσ-

118 1696 194 1723 ώπου
211 1695 296 1723 αὐτοῦ
320 1695 436 1727 ἐκείνου,
458 1695 518 1721 ’Ὁτι
539 1696 595 1722 οὐκ
608 1695 836 1730 ἐγκαταλείψεις
859 1694 916 1729 τὴν

118 1742 227 1777 ψυχήν
245 1750 305 1777 μου
324 1742 368 1775 είς
385 1741 470 1775 ᾅδου,
481 1740 552 1768 οὐδὲ
563 1741 670 1774 δώσεις
687 1742 741 1769 τὸν
753 1741 841 1768 ὅσιόν
856 1750 915 1769 σου

121 1789 197 1816 ἰδεῖν
218 1788 392 1823 διαφθοράν.
410 1788 496 1820 Αὺτὺς
512 1788 540 1814 δὲ
557 1790 571 1815 ὁ
586 1789 682 1825 Σωτὴρ
698 1789 727 1815 ὲν
740 1788 915 1823 Εὐαγγελίοις

120 1837 214 1872 φησίν
239 1836 401 1868 Ἐξουσιάν
413 1835 472 1869 ἔχω
487 1835 581 1862 θεῖναι
598 1835 655 1870 τὴν
666 1835 772 1870 ψυχήν
781 1845 851 1870 μου,
866 1835 916 1863 καὶ

120 1881 215 1909 πάλιν
232 1881 337 1909 λαϐεῖν
359 1881 473 1914 αὐτὴν·
494 1881 551 1913 καὶ,
574 1881 648 1916 Ἐγώ
664 1883 724 1916 εἰμι
738 1883 754 1909 ό
767 1881 880 1916 ποιμὴν
899 1883 916 1909 ὀ

119 1929 225 1962 καλὸς,
243 1930 259 1955 ό
278 1928 366 1962 τιθεὶς
384 1928 442 1963 τὴν
460 1928 566 1963 ψυχὴν
579 1928 674 1956 αὑτοῦ
686 1927 762 1962 ὑπὲρ
771 1926 831 1954 τῶν
843 1935 916 1962 προ-

121 1973 229 2000 ϐάτων.

410 2031 534 2057 ΠΕΥΣΙΣ
561 2031 624 2057 KZ'.

156 2087 264 2114 οὐκοῦν
278 2088 324 2114 καὶ
340 2088 354 2114 ὀ
374 2088 468 2124 Πατὴρ
487 2087 576 2123 ψυχὴν
589 2087 663 2122 ἔχεις
685 2086 797 2118 Ἡσαΐας
811 2086 864 2121 γὰρ
884 2087 916 2113 ἐκ

121 2133 270 2169 προσώπου
288 2134 381 2166 αὐτοῦ,
394 2135 456 2169 περὶ
467 2133 585 2168 Χριστοῦ
600 2142 682 2169 φησιν
693 2141 701 2148 ο
726 2132 798 2159 Ἰδοὺ
812 2134 828 2159 ὁ
845 2132 915 2165 παῖς

118 2192 178 2218 μου
196 2182 234 2209 ὃν
249 2182 445 2217 ῂρετισάμην.
464 2184 480 2209 ό
492 2182 646 2217 ἀγαπητός
659 2191 718 2216 μου
729 2183 772 2214 εὶς
785 2181 821 2208 ὃν
830 2181 915 2208 εὐδό-

120 2236 218 2263 κησεν
230 2229 249 2263 ἡ
263 2228 347 2263 ψυχή
366 2237 436 2263 μου.
454 2229 484 2254 Εἰ
495 2226 547 2255 ὀὖν
560 2227 591 2260 ἐξ
607 2225 644 2255 ὧν
658 2227 734 2254 εἶπεν
746 2228 760 2253 ὸ
776 2227 850 2260 Υἱὸς,
863 2227 914 2261 ψυ-

121 2274 170 2310 {by
181 2275 263 2301 αὑτὸν
277 2274 398 2309 νομίζεις
407 2274 489 2309 ἔχειν,
507 2275 616 2306 πάντως
634 2274 680 2301 καὶ
695 2274 741 2308 ἀφ’
760 2269 797 2300 ὧν
812 2271 888 2299 εἶπεν
900 2274 915 2299 ὁ

122 2321 228 2356 Πατὴρ⁷
246 2320 334 2356 ψυχὴν
356 2320 436 2347 αὑτὸν
459 2320 582 2354 λέγωμεν
600 2319 682 2354 ἔχειν.
708 2318 777 2345 Ἀλλ’
789 2319 803 2345 ὁ
820 2318 915 2354 Πατὴρ

122 2367 171 2393 οὒκ
188 2367 256 2402 ἔχει,
276 2366 384 2398 πάντως
401 2366 461 2392 οὐδὲ
476 2366 490 2392 ὁ
504 2366 583 2396 Υἱός·
610 2366 633 2391 εί
655 2365 684 2392 δὲ
705 2364 773 2400 ἔχει,
791 2363 914 2391 ἐντεῦθεν

121 2411 260 2439 δείκνυται
273 2412 399 2448 ἀνόμοιος
411 2412 545 2447 ὑπάρχειν
557 2411 596 2446 τῷ
610 2410 707 2447 Πατρί.

430 2511 612 2544 Ἀπόκρισις.

163 2570 234 2597 Ἀλλ’
249 2570 300 2596 οὐκ
325 2569 381 2604 ἔχει
407 2560 645 2604 ψυχὴνδιῑατὴρ,
661 2566 722 2592 ἐπεὶ
741 2566 801 2592 οὐδὲ
826 2566 915 2600 σάρκα

125 2615 226 2651 βροτῶν
243 2614 362 2649 ὑπῆλθεν
378 2612 424 2640 ἶσα
440 2613 479 2648 τῷ
494 2612 572 2639 Παιδί
582 2621 588 2627 ·
605 2612 666 2639 οὐδὲ
682 2612 727 2638 ἐπὶ
743 2610 858 2646 σταυρὸν
868 2611 915 2638 καὶ

124 2662 238 2689 θάνατον
251 2658 329 2696 ἧκεν,
343 2660 376 2686 δι’
393 2656 431 2686 ὧν
444 2659 491 2685 καὶ
506 2657 583 2694 χρεία
597 2657 698 2693 σαρκὸς
712 2657 751 2692 τῷ
765 2657 855 2692 Λόγῳ,
868 2657 914 2683 ὑπ’

124 2707 215 2743 ἐκείνῃ
232 2706 409 2742 κρατουμένῳ
433 2705 480 2732 καὶ
498 2704 639 2739 πάσχοντι,
657 2703 705 2730 καὶ
719 2704 779 2730 ἀντὶ
798 2702 913 2738 θνητῶν,

124 2754 273 2785 ἀθανάτους
293 2753 340 2780 καὶ
355 2753 480 2788 μάκαρας
494 2752 537 2778 ἀεὶ
549 2750 694 2786 ἐσομένους
705 2750 816 2786 βροτοὺς
827 2750 914 2785 ἀπερ-

124 2800 278 2835 γαζομένῳ.

1173 482 1432 511 INTERROGATIO
1453 482 1536 510 XXV.

998 540 1067 567 Nunt
1090 540 1210 567 animam
1234 540 1321 567 tradis
1348 540 1448 567 habere
1471 547 1572 574 corpus
1590 538 1683 570 Verbi,
1708 539 1750 566 vol

963 595 1013 622 pro
1026 588 1115 614 anima
1131 588 1190 622 ipsa
1206 592 1337 622 operatur
1350 586 1496 613 divinitas?
1512 585 1569 613 Hoc
1584 585 1657 612 enim
1673 586 1750 613 multi

963 638 1102 666 asserunt,
1116 638 1143 662 et
1163 633 1311 661 verisimile
1326 632 1443 660 videtur.

1279 691 1432 726 Responsio.

1000 743 1163 772 Stoiiditatis
1183 748 1210 771 et
1227 743 1372 771 dementiae
1385 748 1437 776 est,
1456 743 1636 771 inanimattun
1655 748 1752 777 puiare

961 790 1008 817 Dei
1025 789 1106 817 Verbi
1130 797 1240 824 corpus.
1259 789 1391 824 Utrisque
1415 788 1488 815 enim
1509 789 1610 823 quibus
1633 788 1752 815 humana

962 839 1060 862 natura
1079 839 1198 866 constat,
1216 834 1332 862 Verbum
1353 835 1460 861 unitum
1475 838 1517 862 est
1537 842 1619 870 supra
1642 838 1751 869 captum

962 881 1078 909 rationis
1094 885 1204 912 nostrte,
1226 881 1323 908 anima:
1339 880 1451 915 inquam
1466 884 1492 907 et
1507 880 1627 916 c0rpori,
1644 880 1753 914 utrique

962 928 1033 963 parti
1054 928 1138 955 robur
1152 927 1342 963 suppeditans.
1360 927 1500 954 Alterutro
1518 927 1591 953 enim
1609 926 1632 954 si
1648 931 1752 956 careat.

963 974 1059 1001 inutile
1072 973 1125 1001 erit
1139 977 1166 1001 et
1183 974 1310 1006 alterum,
1327 977 1355 1000 et
1372 973 1532 1008 imperfecta
1548 967 1624 1000 salus
1646 977 1751 1005 nostra,

962 1019 1026 1046 dum
1050 1019 1091 1046 vel
1116 1023 1244 1046 manente
1264 1019 1290 1046 in
1312 1019 1424 1046 interitu
1444 1026 1571 1053 corpore,
1595 1018 1636 1046 vel
1661 1019 1752 1045 anima

963 1065 1073 1092 detenta
1089 1064 1114 1091 in
1129 1072 1204 1091 orco.

1167 1121 1428 1150 INTERROGATIO
1450 1121 1547 1150 XXVI.

998 1175 1181 1209 Quamobrem
1218 1184 1283 1212 ergo
1316 1175 1436 1206 Joannes
1470 1177 1497 1205 id
1534 1184 1588 1204 non
1632 1175 1754 1202 iudicat?

962 1220 1111 1255 Postquam
1124 1220 1195 1248 enim
1207 1220 1332 1254 dixisset,
1346 1219 1379 1247 In
1387 1220 1516 1254 principio
1526 1224 1584 1247 erat
1599 1219 1709 1247 Verbum
1719 1220 1753 1253 ".

963 1271 1000 1295 et,
1008 1265 1121 1293 Verbum
1132 1274 1196 1293 caro
1209 1265 1309 1301 factum
1325 1271 1364 1293 est
1376 1266 1395 1299 ‘,
1411 1273 1466 1294 non
1479 1266 1565 1298 addit,
1586 1266 1658 1301 quod
1669 1266 1752 1294 etiam

964 1312 1054 1339 anima
1069 1312 1171 1339 factum
1188 1312 1235 1344 sit,
1252 1316 1299 1338 aut
1313 1311 1386 1346 quod
1400 1311 1520 1339 animam
1541 1313 1699 1347 sumpserit.

1281 1367 1437 1403 Responsio.

1001 1424 1029 1452 Si
1047 1425 1229 1452 inanimatam
1245 1433 1308 1453 esse
1322 1425 1503 1460 cogitabimus
1519 1424 1626 1452 Domini
1641 1432 1753 1460 corpus.

965 1475 1096 1506 sequetur
1114 1479 1238 1506 prorsus,
1257 1471 1379 1506 passioni
1403 1478 1454 1499 nos
1468 1471 1614 1498 obnoxiam
1630 1478 1754 1506 pronun-

965 1518 1034 1545 tiare
1048 1517 1234 1550 Divinitatem,
1249 1518 1347 1544 animae
1365 1518 1453 1545 instar
1465 1517 1493 1545 in
1507 1525 1591 1545 carne
1611 1525 1640 1545 se
1655 1517 1754 1545 diden-

965 1567 1031 1595 tem,
1047 1562 1158 1596 famem,
1174 1563 1260 1595 sitim,
1281 1571 1419 1595 somnum.
1443 1563 1591 1599 lacrymas,
1611 1570 1753 1599 angorem,

965 1611 1152 1645 sudoremque
1166 1611 1330 1637 naturaliter
1349 1609 1542 1645 perferentem.
1558 1609 1692 1637 Audiatur
1705 1617 1756 1635 an-

966 1661 1020 1683 tem
1038 1654 1154 1683 Davides
1176 1654 1289 1682 divinus
1309 1654 1354 1681 ille
1370 1660 1456 1687 vales,
1473 1655 1507 1682 de
1522 1655 1611 1682 anima
1631 1662 1755 1690 personae

965 1709 997 1728 ex
1014 1701 1124 1728 homine
1145 1699 1255 1735 Deoque
1274 1700 1439 1732 constantis,
1457 1707 1560 1728 canens
1578 1700 1652 1727 illius
1668 1700 1755 1735 ipsius

965 1747 1057 1774 verbis
1071 1756 1077 1774 :
1095 1746 1227 1780 Quoniam
1241 1754 1292 1774 non
1307 1746 1469 1781 derelinquas
1489 1747 1606 1773 animum
1630 1754 1714 1773 meum
1727 1747 1755 1772 in

966 1801 1037 1826 orco,
1063 1801 1145 1828 neque
1169 1793 1307 1828 permities
1325 1796 1354 1818 ut
1379 1797 1487 1819 sanctus
1506 1796 1565 1819 tuus
1591 1791 1678 1819 videat
1697 1800 1755 1819 cor-

966 1839 1112 1872 ruptionem
1126 1839 1146 1866 ¹.
1161 1838 1220 1873 Ipse
1231 1845 1296 1865 vero
1307 1837 1436 1865 Servator
1448 1838 1535 1872 inquit
1548 1837 1575 1864 in
1587 1837 1734 1872 Evangeiio
1746 1847 1753 1865 :

966 1884 1129 1911 Poteslatem
1146 1883 1228 1910 habeo
1242 1882 1355 1917 ponendi
1380 1883 1496 1909 animam
1513 1891 1607 1916 meam,
1623 1888 1647 1909 et
1662 1892 1756 1910 rursus

965 1931 1086 1958 sumendi
1102 1939 1160 1957 eam
1173 1931 1192 1956 ³.
1208 1931 1286 1961 Item,
1302 1929 1357 1964 Ego
1373 1938 1429 1956 sum
1443 1934 1535 1963 pastor
1549 1929 1593 1956 ille
1606 1929 1698 1961 bonus,
1711 1930 1756 1965 qui

965 1978 1038 2012 pom't
1052 1978 1170 2004 animant
1185 1985 1262 2004 suam
1274 1984 1321 2010 pro
1333 1976 1422 2003 aribus
1432 1976 1452 2002 ⁸.
1500 1983 1501 1986 ‘

1166 2032 1426 2060 INTERROGATIO
1446 2032 1553 2060 XXVII.

1000 2089 1070 2117 Num
1087 2089 1170 2125 igitur
1190 2095 1216 2117 et
1230 2089 1310 2117 Pater
1329 2089 1448 2116 animam
1466 2088 1568 2116 habet?
1581 2088 1665 2116 Isaias
1682 2088 1755 2115 enim

965 2137 994 2164 in
1010 2137 1099 2172 ipsius
1115 2144 1244 2172 persona,
1263 2135 1297 2163 de
1319 2135 1429 2163 Christo
1446 2135 1534 2170 inquit
1550 2145 1556 2163 :
1584 2135 1649 2162 Ecce
1665 2143 1755 2161 servus

965 2191 1038 2211 meus
1049 2191 1124 2218 quem
1134 2183 1209 2217 elegi,
1224 2181 1334 2209 dilectus
1348 2189 1420 2208 meus
1433 2182 1477 2216 qui
1492 2185 1583 2216 gratus
1594 2186 1619 2208 et
1633 2186 1754 2215 acceptus

964 2235 1003 2257 est
1020 2230 1116 2256 anima:
1129 2236 1193 2256 mea:
1204 2229 1226 2256 ⁸.
1242 2227 1271 2255 Si
1287 2229 1369 2263 igitur
1381 2236 1416 2254 ex
1435 2227 1468 2254 iis
1483 2235 1543 2261 qua:
1556 2226 1641 2254 Filius
1665 2227 1756 2262 loqui-

966 2280 1020 2309 tur,
1050 2277 1170 2303 animam
1195 2277 1284 2310 ipsum
1311 2275 1411 2301 habere
1429 2278 1520 2307 putas,
1541 2274 1654 2301 omnino
1672 2274 1755 2300 etiam

965 2330 997 2350 ex
1015 2322 1048 2350 iis
1062 2329 1123 2357 qua:
1137 2322 1245 2348 loeutus
1256 2325 1298 2348 est
1310 2319 1401 2349 Pater.
1414 2319 1535 2346 animam
1549 2319 1650 2346 habere
1666 2320 1754 2353 ipsum

966 2367 1129 2394 dixerimus.
1143 2366 1221 2399 Quod
1236 2366 1259 2393 si
1276 2365 1355 2393 Pater
1370 2371 1425 2391 non
1438 2364 1530 2395 habet,
1543 2371 1594 2390 nec
1609 2363 1695 2391 Filius
1708 2364 1755 2390 ha-

966 2413 1050 2440 bebit.
1071 2412 1120 2439 Sin
1137 2416 1227 2438 autem
1244 2411 1336 2443 habet,
1355 2410 1388 2438 de
1412 2410 1465 2437 hoc
1488 2410 1547 2444 ipso
1567 2410 1661 2444 liquet,
1682 2409 1754 2444 quod

966 2459 1039 2486 Patri
1057 2459 1094 2487 sit
1108 2457 1261 2494 inaequalis.

1283 2514 1435 2550 Responsio.

1003 2563 1036 2590 At
1050 2571 1105 2590 non
1117 2562 1198 2590 habet
1211 2562 1331 2589 animam
1347 2561 1437 2594 Pater,
1453 2560 1526 2596 quod
1542 2568 1630 2595 neque
1642 2567 1753 2587 carnem

966 2609 1113 2636 humanam
1131 2608 1215 2635 subiit
1228 2615 1291 2635 eum
1307 2606 1386 2639 Filio,
1405 2614 1492 2641 neque
1511 2614 1621 2633 erucem
1637 2611 1663 2633 et
1678 2613 1753 2633 mor-

965 2660 1032 2687 tem,
1051 2659 1162 2690 propter
1186 2661 1246 2689 qua:
1262 2653 1380 2681 Verbum
1403 2660 1484 2679 carne
1503 2660 1573 2687 opus
1596 2651 1701 2683 habuit,
1725 2655 1754 2678 ut

966 2701 1012 2728 illa
1027 2706 1166 2735 assumpta
1180 2703 1330 2735 pateretur,
1350 2706 1381 2726 ac
1397 2706 1446 2733 pro
1461 2698 1624 2726 mortalibus
1639 2699 1753 2726 immo?-

965 2747 1034 2775 tales
1048 2751 1074 2773 et
1087 2749 1218 2773 aeternum
1234 2745 1329 2772 beatos
1344 2744 1467 2772 homines
1484 2743 1611 2772 ofﬁceret.

158 2888 182 2906 ⁹⁹
196 2887 275 2916 Joan.
295 2895 314 2920 I,
329 2886 352 2914 Ι.
392 2886 479 2915 'ihid.
498 2887 538 2914 II.
577 2888 587 2902 '
600 2886 721 2922 Psal.xv,
738 2887 779 2914 It).
818 2887 827 2902 ³
843 2885 911 2914 Joan

983 2885 1024 2913 I8.
1064 2886 1072 2900 ⁸
1085 2891 1163 2912 aoan.
1180 2891 1218 2918 ιι,
1238 2883 1278 2911 Η.
1318 2884 1327 2899 ⁵
1347 2882 1398 2911 Isa.
1415 2890 1478 2916 uti,
1496 2882 1521 2910 I.
