1920 3046
179 130 230 158 881

374 185 633 214 INTERROGATIO
652 185 770 213 XXVIII.

219 232 272 260 Sed
286 239 370 267 quare
384 239 438 260 non
453 235 547 267 aperte
560 231 681 260 Joannes
695 236 722 259 et
739 233 772 259 de
785 232 875 259 anima
885 232 963 264 dixit,

182 281 254 316 quod
270 279 450 314 assumpserit
463 285 534 311 eam,
551 278 623 305 sicut
638 279 704 306 dicit
723 278 756 306 de
774 278 878 305 carne?

497 323 649 358 Responsio.

218 371 288 398 Num
300 378 376 406 ergo,
388 371 451 405 quia
461 370 528 397 dicit
539 369 691 405 Scriptura,
702 368 776 404 quod
791 368 886 396 iecerit
895 367 966 395 Deus

185 417 334 447 hominem,
350 420 464 451 accepto
480 415 514 443 de
537 419 610 442 terra
631 415 754 450 pulvere,
776 422 826 442 nec
850 413 966 445 addidit,

185 462 258 496 quod
274 461 370 489 fecerit
390 464 483 496 caput,
502 465 548 488 aut
563 461 717 494 cerebrum,
737 464 785 487 aut
806 460 900 495 bepar,
922 464 968 487 aut

184 509 316 543 splenem,
339 511 386 534 aut
403 508 558 542 pulmonem
578 517 585 534 :
606 514 659 534 non
682 507 754 541 quod
772 510 869 533 caetera
889 506 967 533 deni-

185 560 239 588 que
254 552 390 580 naturalia
416 552 444 578 in
460 551 542 579 nobis
558 559 659 578 arcana
674 551 778 582 iecerit,
797 551 858 578 ideo
877 551 968 585 priva-

185 603 229 627 tos
245 606 317 629 esse,
335 603 364 626 et
385 598 440 625 illis
457 605 552 625 carere
571 605 620 625 nos
638 597 806 632 putabimus,
827 597 891 631 quia
913 603 967 623 non

185 645 289 680 quasvis
299 645 403 671 minuta
415 648 515 671 nostra!
531 647 635 670 naturae
646 649 746 678 organa
762 642 869 670 Litterae
885 649 970 670 sacrae

185 688 350 716 recensent?
372 687 406 715 Ut
428 686 513 722 igitur
535 687 562 714 in
585 687 807 715 consideratione
829 687 915 714 nostri
936 694 969 714 ex

186 738 262 768 parte
275 737 361 760 totum
374 733 561 768 cognoscitur,
572 734 612 761 sic
622 737 648 760 et
664 736 788 759 sanctum
805 731 889 759 Deum
903 731 971 759 Ver-

187 779 252 806 bum
270 782 325 806 tam
348 779 445 805 animae
462 786 543 813 quam
566 778 676 813 corpori
699 778 805 805 unitum
825 785 887 805 esse
909 785 971 805 cre-

186 823 300 856 damus,
319 832 353 851 ne
376 824 554 851 inanimatam
573 824 696 851 divinum
718 823 785 851 illud
806 831 906 859 corpus
925 831 971 850 ar-

187 870 334 903 bitrantes,
356 870 413 897 Deo
429 870 562 905 quasdam
584 869 742 897 affectiones
762 870 902 898 naturales
921 869 972 896 tri-

186 916 312 943 buamus.

396 958 653 986 INTERROGATIO
671 958 767 986 XXIX.

223 1004 275 1034 Sed
290 1005 427 1041 quomodo
454 1005 568 1040 aequalis
587 1004 661 1032 Patri
679 1005 830 1033 secundum
846 1005 972 1032 divinita-

187 1056 243 1080 tem
256 1057 300 1080 est
313 1052 452 1083 Christus.
470 1052 565 1089 angori
579 1057 606 1079 et
621 1051 716 1088 sudori
735 1052 882 1083 obnoxius,
898 1056 925 1079 et
939 1054 973 1079 ab

187 1098 284 1134 angelo
297 1098 486 1131 conﬁrmatus,
505 1097 736 1132 quemadmodum
753 1098 787 1125 de
805 1098 864 1132 ipso
885 1097 973 1124 Lucas

189 1144 279 1178 inquit
295 1143 317 1175 ⁸,
339 1142 373 1170 de
386 1143 487 1177 quibus
505 1150 587 1178 supra
609 1143 762 1178 quaestione
781 1147 855 1171 mota
878 1150 972 1170 eorum

188 1189 401 1216 declarationem
415 1189 593 1224 praeteriisti?

503 1233 657 1269 Responsio.

224 1287 277 1316 Per
304 1287 362 1315 haec
385 1287 532 1316 manifesto
555 1289 696 1322 docemur,
723 1296 778 1315 non
802 1288 974 1323 imaginarie,

191 1342 241 1363 nec
262 1335 401 1362 hominum
416 1335 558 1370 opinione,
577 1335 624 1362 sed
648 1342 678 1362 re
696 1335 755 1370 ipsa
773 1336 866 1370 potius
882 1335 976 1362 nobis-

189 1388 252 1408 cum
270 1381 377 1407 unitum
393 1388 455 1407 esse
471 1380 564 1407 vivum
583 1380 651 1407 illud
669 1384 697 1408 et
714 1389 761 1415 per
777 1389 806 1408 se
822 1381 976 1408 subsistens

190 1430 317 1454 sanctum
329 1425 413 1453 Deum
426 1425 557 1458 Verbum,
573 1430 688 1461 excepto
699 1427 758 1453 solo
772 1432 884 1461 peccato
894 1432 976 1461 atque

191 1472 268 1504 vitio,
289 1479 351 1507 quae
364 1472 463 1499 cadere
483 1471 603 1499 divinam
627 1472 655 1499 in
672 1476 797 1499 naturam
820 1479 975 1507 nequeunt;

191 1525 254 1544 nam
267 1517 329 1553 angi
349 1518 462 1550 animae,
480 1517 580 1545 sudare
602 1525 666 1544 vero
687 1518 811 1552 corporis
831 1525 891 1545 esse
907 1518 976 1545 dici-

192 1572 271 1597 mus;
296 1564 461 1598 sanguineas
485 1569 575 1591 autem
599 1567 691 1599 guttas
710 1571 726 1591 e
757 1571 840 1591 carne
865 1564 976 1592 eﬁ‘erve-

192 1614 311 1641 scentes,
330 1613 407 1644 puto,
431 1617 480 1644 per
500 1613 671 1636 emanantem
690 1609 835 1644 liquorem,
856 1609 976 1637 infusum

192 1655 272 1683 nobis
291 1663 339 1690 per
359 1662 440 1682 aures
457 1662 591 1682 venenum
611 1656 748 1689 serpentis
773 1655 800 1682 in
819 1659 976 1690 transgres-

193 1704 271 1730 sione
286 1701 370 1729 divini
386 1701 414 1727 in
429 1701 556 1736 paradiso
571 1700 710 1735 praecepti,
726 1708 773 1735 per
790 1701 916 1728 unionem
930 1700 978 1727 Dei

192 1752 220 1776 et
235 1747 316 1775 Verbi
336 1754 351 1773 a
372 1750 466 1774 nostra
487 1751 584 1773 natura
610 1746 779 1781 abstergere,
803 1755 838 1774 ne
862 1747 979 1782 amplius

193 1793 392 1822 sacriﬁciorum
408 1792 504 1819 nidore
517 1796 544 1819 et
563 1793 706 1827 sanguine,
725 1792 898 1827 ﬁliorumque
920 1800 979 1819 ma-

193 1839 360 1867 ctationibus
382 1847 397 1865 a
421 1838 499 1865 nobis
521 1838 626 1865 colatur
650 1842 747 1865 auctor
771 1839 816 1866 ille
843 1839 976 1866 malorum

194 1886 311 1914 daemon.
321 1885 415 1919 Neque
425 1885 538 1919 angelus
552 1884 741 1916 corroborare.
758 1893 892 1921 suumque
903 1893 979 1913 crea-

195 1935 282 1958 torem
299 1930 464 1958 conﬁrmare
481 1929 547 1956 mihi
564 1929 681 1957 videtur.
698 1930 840 1963 Quomodo
849 1931 922 1958 enim
940 1930 980 1957 la-

196 1977 286 2004 mulus
309 1975 449 2002 dominum
470 1975 654 2007 conﬁrmaret,
680 1980 728 2003 aut
747 1976 860 2011 spiritus
875 1980 979 2011 petram

194 2022 402 2050 corroboraret‘l
416 2020 482 2048 Nam
496 2025 569 2055 petra
581 2026 637 2048 erat
649 2021 780 2053 Christus,
796 2022 884 2056 inquit
901 2021 980 2049 dirus

195 2069 242 2095 ille
261 2068 408 2102 Apostolus
418 2067 439 2093 ⁷.
457 2067 489 2093 Et
503 2075 611 2098 rursus,
628 2067 681 2100 Qui
700 2067 765 2102 facit
790 2068 896 2102 angelos
919 2076 979 2094 suos

195 2115 304 2148 spiritus
317 2114 338 2140 ‘.
352 2113 430 2145 Item,
445 2113 549 2148 Absque
569 2114 640 2140 omni
660 2115 848 2145 controversia,
866 2115 952 2141 minus
964 2123 981 2141 α

196 2160 296 2194 majore
302 2159 461 2186 benedicitur
474 2164 498 2185 et
510 2160 684 2193 conﬁrmatur
695 2161 715 2186 '.
728 2161 766 2186 Ex
773 2161 872 2194 quibus
883 2161 981 2187 merito

197 2206 373 2241 intelligatur,
400 2209 511 2240 propter
526 2213 626 2232 novum
643 2210 670 2233 et
692 2205 843 2233 inauditum
862 2207 981 2233 miracu-

197 2251 253 2279 lum
271 2251 392 2279 victoriae
415 2251 519 2279 Christi
541 2252 613 2286 quod
632 2255 790 2279 secuturum
809 2256 878 2284 erat,
896 2253 982 2278 victo-

197 2297 291 2325 rialem
307 2297 453 2332 quamdam
472 2297 590 2332 speciem
608 2297 733 2331 angelum
749 2298 887 2331 exhibere,
900 2297 982 2326 Mosis

196 2343 361 2380 Iegislatoris
385 2343 468 2370 verba
493 2343 584 2378 reipsa
617 2343 812 2376 declarantem,
839 2344 886 2379 qui
919 2349 982 2372 ante

198 2390 272 2417 mille
283 2393 311 2417 et
327 2390 418 2424 plures
437 2397 524 2417 annos
541 2390 675 2417 exclamat
691 2390 713 2405 "
726 2399 731 2416 :
746 2389 896 2421 Exsultate,
914 2391 982 2423 coeli,

198 2445 257 2463 eum
270 2444 309 2467 eo,
323 2435 452 2470 quoniam
468 2436 494 2462 id
508 2436 581 2470 quod
597 2435 733 2470 dejectum
747 2441 806 2463 erat
818 2437 851 2463 ad
864 2445 982 2471 superna

199 2482 325 2513 reduxit;
347 2487 371 2508 et
391 2481 502 2508 adorent
524 2482 608 2515 ipsum
624 2489 712 2508 omnes
733 2481 819 2517 angeli
843 2481 904 2514 Dei,
920 2491 983 2510 cum

199 2536 248 2556 sna
284 2528 343 2554 loca
375 2527 515 2554 hominum
549 2529 709 2555 accessione
736 2535 828 2563 augeri
854 2532 982 2561 cernant;

198 2574 340 2605 exsultare,
359 2579 456 2608 gentes,
473 2581 532 2599 cum
554 2573 649 2608 populo
665 2573 733 2607 ejus,
755 2578 781 2600 et
798 2578 932 2608 quotquot
950 2582 984 2601 ex

199 2620 328 2655 gentibus
344 2618 467 2649 Enocho,
481 2618 549 2651 Noe,
567 2619 732 2650 Abrahamo,
746 2619 851 2651 Isaaco,
869 2619 983 2652 Iacobo,

199 2665 328 2700 Josepho,
353 2664 458 2696 Davidi,
482 2663 591 2692 Christo
608 2669 636 2693 et
658 2665 789 2693 Ecclesia:
804 2670 868 2693 sunt
888 2665 983 2699 additi,

200 2711 326 2746 quoniam
347 2711 454 2746 sanguis
471 2711 587 2744 ﬁliorum
609 2711 676 2745 ejus.
702 2711 800 2745 inquit,
825 2711 984 2743 vindicatur,

200 2757 225 2779 et
237 2753 390 2784 vindicabit,
406 2758 430 2780 et
447 2754 570 2780 retribuet
595 2755 720 2781 ultionem
735 2755 860 2788 inimicis,
882 2761 907 2782 et
925 2756 984 2783 odio

237 2832 248 2847 '
261 2831 412 2870 I:u_'c_._xxu,
433 2833 478 2866 44,
494 2834 537 2860 45.
575 2834 586 2850 ⁷
605 2833 689 2862 ICor.
708 2842 735 2867 κ,
753 2834 781 2861 ι,
826 2833 922 2862 'Psal.
943 2843 976 2862 εἰ

1043 2843 1051 2869 ι
1068 2833 1150 2862 Hebr.
1171 2841 1190 2867 t,
1207 2833 1232 2861 7.

202 2874 257 2895 Inc.
272 2865 353 2893 LXX,

707 129 735 156 S.
754 129 903 157 CASSARII
923 130 1087 159 GREGORII
1106 129 1255 159 FRATRIS

1751 132 1824 162 888

1304 188 1426 216 ΠΕΥΣΙΣ
1441 189 1506 215 κη’.

1053 235 1108 262 Καὶ
1137 235 1179 261 διὰ
1200 235 1225 261 τί
1243 234 1280 270 μὴ
1294 234 1417 270 φανερῶς
1434 232 1509 260 εἶπεν
1535 234 1670 269 Ἰωάννης,
1695 234 1738 261 ὅτι
1761 234 1821 261 καὶ

1017 281 1105 316 ψυχὴν
1118 280 1222 313 ἔλασεν,
1234 280 1272 312 ὡς
1285 281 1348 316 περὶ
1363 281 1410 316 τῆς
1424 280 1522 316 σαρκὸς
1533 280 1620 315 λέγει;

1321 327 1497 360 Ἀπόκρισις.

1051 369 1114 407 Ἀρ*
1129 370 1185 405 οὖν,
1201 372 1263 399 ἐπεί
1281 380 1361 406 φησιν
1372 373 1388 407 ἡ
1400 372 1506 406 Γραφὴ,
1518 372 1558 397 ὃτι
1572 370 1698 405 ἐποίησεν
1708 371 1723 396 ὁ
1739 369 1819 402 Θεὸς

1018 418 1063 444 τὸν
1088 417 1240 454 ἄνθρωπον,
1270 418 1335 453 χοῦν
1365 417 1419 444 ἀπὸ
1446 417 1495 452 τῆς
1519 417 1572 451 γῆς
1587 415 1688 446 λαῦὼν,
1710 416 1761 442 καὶ
1781 415 1818 442 οὐ

1019 463 1195 499 προσέθηκεν,
1211 464 1252 489 ὅτι
1272 463 1381 497 ἐποίησε
1397 462 1517 497 κεφαλὴν
1541 461 1557 496 ἢ
1575 461 1736 495 ἐγκέφαλον,
1759 461 1819 495 οὐχ

1018 505 1104 543 ἧπαρ,
1132 508 1148 542 ἢ
1171 507 1277 543 σπλῆνα
1293 508 1340 535 καὶ
1360 507 1507 542 πνεύμονα,
1527 506 1577 540 οὺχ
1596 504 1690 539 ἕτερόν
1707 513 1737 530 τι
1753 503 1817 529 τῶν

1019 553 1140 589 φυσικῶν
1157 553 1324 589 μυστηρίων,
1343 553 1418 588 παρὰ
1435 551 1514 578 τοῦτο
1530 551 1648 587 ἐρήμους
1661 550 1708 576 καὶ
1723 549 1818 583 ἀκτή-

1021 609 1104 636 μονας
1115 600 1226 626 ἐκείνων
1242 600 1353 631 ἑαυτοὺς
1368 598 1516 634 οἰηθῶμεν,
1533 597 1570 633 μὴ
1585 594 1818 631 λεπτηγορούσης

1019 647 1068 680 τῆς
1081 645 1191 681 Γραφῆς
1214 644 1248 671 τὰ
1274 643 1376 678 φυσικὰ
1395 643 1473 678 ἡμῶν
1487 643 1606 679 ὅργανα;
1626 641 1670 671 Ὠς
1685 640 1755 674 γοῦν
1768 640 1816 673 ἐφ’

1020 692 1098 727 ἡμῶν
1112 691 1166 718 ἀπὸ
1184 690 1283 726 μέρους
1305 690 1335 716 τὸ
1350 690 1403 716 πᾶν
1417 688 1635 723 διαγινώσκεται,
1654 685 1743 717 οὕτως
1765 684 1817 710 καὶ

1019 737 1065 763 τὸν
1088 737 1164 770 ἅγιον
1186 736 1252 762 Θεὸν
1267 735 1352 769 Λόγον
1394 735 1467 770 ψυχῇ
1488 734 1535 761 καὶ
1557 733 1662 768 σώματι
1686 730 1817 766 ἡνῶσθαι

1021 782 1223 816 πιστεύσωμεν·
1237 781 1280 808 ἴνα
1290 781 1327 816 μὴ
1338 780 1475 816 ἇψυχοντὺ
1488 780 1558 806 θεῖον
1570 779 1647 814 σῶμα
1655 776 1817 808 δοκοῦντες,

1023 828 1059 863 τῷ
1075 827 1134 863 Θεῷ
1147 826 1218 854 κατὰ
1234 827 1314 862 φύσιν
1326 826 1399 862 πάθη
1412 825 1608 862 προσάψωμεν.

1315 973 1439 1000 ΠΕΥΣΙΣ
1458 972 1523 999 KB’.

1058 1021 1110 1049 Καὶ
1123 1021 1181 1053 πῶς
1197 1018 1256 1051 ἶσος
1273 1019 1311 1054 τῷ
1333 1019 1420 1054 Πατρὶ
1442 1017 1512 1045 κατὰ
1525 1017 1638 1052 θεότητα
1659 1017 1674 1042 ὁ
1694 1014 1815 1050 Χριστὸς

1023 1067 1127 1103 ἀγωνίᾳ
1152 1066 1200 1093 καὶ
1225 1065 1317 1101 ἱδρῶτι
1334 1063 1523 1099 συνεχόμενος,
1546 1063 1593 1089 καὶ
1619 1061 1671 1088 ὑπὸ
1693 1060 1814 1094 ἀγγέλου

1024 1113 1222 1148 ὲνισχυόμενος,
1232 1111 1321 1142 καθὼς
1336 1110 1350 1136 ὁ
1366 1109 1473 1140 Λουκᾶς
1487 1108 1551 1144 περὶ
1565 1106 1646 1134 αὑτοῦ
1659 1106 1750 1140 λέγεις
1765 1104 1814 1131 καὶ

1024 1158 1152 1194 ἀνωτέρω
1175 1157 1229 1192 γὰρ
1253 1156 1355 1182 τούτων
1374 1153 1538 1190 κινηθέντων
1561 1151 1740 1188 παρέδραμες
1762 1151 1816 1185 τὴν

1024 1206 1199 1239 διασάφησιν;

1333 1248 1512 1281 Ἀπόκρισις.

1061 1295 1157 1330 Σαφῶς
1173 1296 1206 1321 ὲκ
1222 1295 1324 1321 τούτων
1348 1291 1540 1327 παιδευόμεθα,
1562 1290 1592 1317 οὐ
1617 1288 1751 1324 φαντασίᾳ
1765 1286 1814 1313 καὶ

1025 1343 1143 1377 δοκήσει,
1159 1340 1274 1375 ἀληθείᾳ
1288 1339 1316 1365 δὲ
1332 1338 1432 1374 μᾶλλον
1445 1337 1480 1363 τὰ
1499 1336 1620 1372 ἡμέτερα
1633 1333 1754 1367 ἡνῶσθαι
1768 1333 1813 1358 τὸν

1026 1389 1114 1421 ζῶντα
1130 1387 1177 1414 καὶ
1192 1386 1372 1413 ὲνυπόστατον
1389 1384 1466 1417 ἆγιον
1483 1382 1548 1409 Θεὸν
1561 1382 1656 1416 Λόγον,
1675 1380 1745 1415 πλὴν
1766 1379 1813 1414 μό-

1026 1443 1075 1470 νης
1095 1434 1144 1469 τῆς
1160 1431 1266 1459 ἀνοσίου
1289 1430 1402 1462 κακίας·
1422 1428 1595 1455 ἀνεπίδεκτον
1611 1427 1666 1462 γὰρ
1681 1426 1765 1460 αὐτῆς
1784 1425 1814 1451 τὸ

1026 1481 1112 1508 Θείον.
1138 1479 1174 1505 Τὸ
1196 1479 1250 1513 γὰρ
1275 1477 1393 1511 ἀγωνιᾷν
1413 1475 1463 1510 τῆς
1490 1474 1589 1509 ψυχῆς,
1606 1473 1636 1500 τὸ
1659 1473 1688 1499 δὲ
1711 1472 1812 1507 ἱδροῦν,

1027 1527 1073 1553 τοῦ
1088 1525 1212 1561 σώματός
1225 1532 1315 1558 φαμεν
1325 1531 1331 1538 ·
1347 1523 1409 1553 τοὺς
1427 1521 1455 1547 δὲ
1471 1520 1598 1555 αἱμώδεις
1615 1518 1751 1554 θρόμϐους
1764 1517 1813 1551 τῆς

1029 1572 1130 1607 σαρκὸς
1146 1569 1386 1606 ἐκϐραττομένους,
1403 1567 1484 1599 δοκῶ,
1508 1565 1553 1592 διὰ
1570 1566 1618 1600 τῆς
1642 1564 1812 1599 ὲκδιδομένης

1026 1618 1136 1650 νοτίδος,
1152 1616 1197 1642 τὸν
1213 1614 1358 1650 ὲγχεθέντα
1378 1613 1444 1649 ἡμῖν
1460 1612 1493 1638 δι’
1508 1611 1593 1646 ἀκοῆς
1608 1611 1646 1637 ίδν
1657 1609 1704 1636 τοῦ
1715 1609 1813 1643 ὅψεως,

1029 1664 1075 1690 ἐπὶ
1092 1665 1125 1699 τῇ
1142 1662 1297 1698 παραϐάσει
1311 1661 1361 1696 τῆς
1375 1660 1450 1690 θείας
1471 1659 1499 1685 ὲν
1515 1656 1671 1693 παραδείσῳ
1694 1655 1811 1689 ἐντολῆς,

1027 1710 1060 1744 τῇ
1078 1708 1172 1734 ὲνώσει
1190 1707 1235 1733 τοῦ
1252 1705 1331 1738 Θεοῦ,
1350 1705 1396 1732 καὶ
1416 1704 1514 1737 Λόγου.
1541 1702 1590 1737 τῆς
1612 1701 1718 1736 φύσεως
1738 1699 1814 1734 ήμῶν

1028 1753 1210 1789 ὲκμύςεσθαι·
1228 1752 1299 1778 ὥστε
1323 1751 1422 1786 μηκέτι
1445 1749 1569 1778 κνίσσαις
1585 1747 1632 1773 καὶ
1647 1747 1745 1780 αῐμασι
1768 1744 1813 1770 καὶ

1030 1798 1232 1829 παιδοκτονίαις
1246 1798 1291 1832 ὑφ’
1303 1796 1381 1832 ἡμῶν
1395 1793 1593 1830 θρησκεύεσθαι
1606 1793 1652 1818 τὸν
1663 1791 1812 1826 ἀρχέκακον

1029 1844 1152 1880 δαίμονα,
1169 1843 1235 1869 Οὐδὲ
1252 1840 1365 1876 ἄγγελος
1391 1839 1594 1875 ὲπιρῤωννύειν,
1617 1838 1664 1864 καὶ
1688 1836 1812 1871 σθεναρὸν

1030 1888 1169 1916 ἀποτελῶν
1192 1888 1237 1914 τὸν
1259 1886 1354 1913 ἑαυτοῦ
1381 1884 1493 1920 ποιητὴν
1510 1885 1641 1919 ἐνισχύειν
1667 1891 1711 1918 μοι
1734 1882 1810 1908 δοκεῖ.

1031 1935 1094 1967 Πῶς
1118 1934 1173 1969 γὰρ
1191 1933 1300 1968 οἰκέτης
1318 1931 1452 1965 δεσπότην
1473 1929 1648 1965 ὲνισχύσειεν,
1667 1928 1684 1963 ἢ
1709 1928 1811 1962 πνεῦμα

1032 1982 1134 2016 πέτραν
1148 1978 1392 2014 ὺποστερηνήσειεν
1415 1976 1494 2011 (sic);
1514 1974 1548 2001 ’Π
1559 1975 1613 2010 γὰρ
1646 1973 1740 2008 πέτρα
1749 1972 1784 2007 ἦν·
1795 1973 1810 1998 ὁ

1026 2026 1167 2061 Χριστὸς,
1177 2026 1258 2061 φησιν
1280 2026 1294 2050 ὁ
1319 2023 1390 2055 θεῖος
1413 2022 1581 2053 Ἀπόστολος.
1600 2021 1658 2048 Καὶ
1675 2020 1763 2051 πάλιν,
1784 2020 1809 2044 ’0

1031 2072 1125 2100 ποιῶν
1138 2072 1208 2104 τοὺς
1222 2071 1368 2105 ἀγγέλους
1391 2068 1483 2096 αὑτοῦ
1504 2067 1674 2101 πνεύματα·
1691 2067 1738 2093 καὶ
1760 2068 1809 2094 πά-

1032 2119 1083 2151 λιν,
1100 2117 1193 2151 Χωρὶς
1205 2115 1307 2148 πάσης
1319 2114 1490 2148 ἀντιλογίης
1503 2113 1536 2139 τὸ
1551 2113 1677 2139 ἔλαττον
1692 2111 1751 2138 ὑπὸ
1761 2112 1810 2138 τοῦ

1033 2164 1202 2198 κρείττονος
1227 2159 1392 2194 εὐλογεῖται
1417 2158 1466 2184 καὶ
1492 2157 1672 2192 ἐνισχύεται.
1711 2155 1754 2188 Ἐξ
1776 2152 1810 2182 ὧν

1035 2210 1147 2240 εἰκότως
1163 2207 1274 2235 νοείσθω
1290 2206 1358 2240 ὑπὲρ
1377 2204 1425 2231 τοῦ
1443 2204 1584 2239 μέλλοντος
1603 2203 1754 2238 παραδόξου
1764 2202 1810 2236 τῆς

1034 2256 1112 2291 νίκης
1123 2252 1241 2290 Χριστοῦ
1253 2251 1384 2278 ἐπινίκιόν
1394 2259 1420 2277 τι
1436 2249 1530 2285 σχῆμα
1539 2249 1585 2275 τὸν
1596 2248 1709 2283 ἄγγελον
1721 2249 1808 2279 ποιεῖν,

1035 2301 1107 2336 ἔργῳ
1118 2300 1153 2326 ’τὰ
1164 2299 1285 2329 Μωσέως
1298 2296 1344 2323 τοῦ
1357 2295 1501 2331 νομοθέτου
1514 2294 1686 2330 παριστῶντσ.
1698 2295 1808 2330 ματα,

1034 2347 1087 2383 πρὸ
1103 2346 1196 2381 χιλίων
1214 2344 1261 2371 καὶ
1277 2343 1332 2370 ἄνω
1346 2342 1449 2378 χρόνων
1464 2340 1611 2377 διαρρήδην
1627 2339 1750 2374 βοῶντος·
1762 2341 1810 2365 Εὐ-

1034 2391 1193 2427 φράνθητε,
1210 2388 1342 2423 οὐρανοὶ,
1368 2387 1428 2422 ἅμα
1450 2385 1538 2418 αὐτῷ,
1555 2386 1595 2412 ὅτι
1610 2385 1645 2411 τὰ
1666 2385 1740 2412 κάτω
1760 2385 1810 2412 ἄνω

1035 2438 1174 2472 ἀνήγαγε,
1203 2435 1251 2461 καί
1279 2432 1579 2468 προσκυνησάτωσαν
1601 2431 1681 2464 αὐτῷ
1708 2431 1809 2462 πάντες

1036 2483 1155 2517 ἄγγελοι
1172 2481 1257 2512 Θεοῦ,
1281 2480 1330 2511 τὰς
1350 2479 1425 2514 σφῶν
1450 2478 1540 2513 χώρας
1556 2477 1698 2513 προσθήκῃ
1717 2477 1808 2512 βροτῶν

1037 2528 1188 2563 αὐξομένοις
1201 2526 1318 2562 ὁρῶντες
1328 2533 1334 2540 ο
1354 2525 1557 2559 Εὐφράνθητε.
1574 2523 1657 2557 ἔθνη,
1670 2523 1744 2557 μετὰ
1762 2523 1808 2549 τοῦ

1037 2573 1113 2601 λαοῦ
1128 2572 1231 2602 αὐτοῦ,
1251 2573 1276 2598 οἱ
1297 2571 1326 2604 ἐξ
1341 2570 1436 2602 ἐθνῶν,
1451 2570 1488 2605 τῷ
1511 2569 1606 2604 Ἑνὼχ,
1624 2569 1663 2603 τῷ
1684 2569 1806 2604 Ἀϐραὰμ,

1037 2620 1077 2654 τῷ
1096 2618 1197 2650 Ἰσαὰκ,
1210 2617 1249 2652 τῷ
1277 2617 1386 2650 Ἰωσὴφ,
1407 2615 1445 2650 τῷ
1470 2615 1562 2646 Δαϐὶδ,
1585 2614 1625 2649 τῷ
1644 2614 1759 2649 Χριστῷ,
1780 2616 1807 2646 τῇ

1044 2665 1191 2700 Ἐκκλησία
1216 2663 1432 2699 προστιθέμενοι,
1457 2661 1502 2688 ὅτι
1515 2662 1550 2688 τὸ
1571 2660 1641 2695 aha:
1665 2659 1725 2687 τῶν
1747 2660 1808 2687 υἱῶν

1038 2710 1141 2741 αὐτοῦ,
1159 2710 1252 2744 φησὶν,
1269 2707 1437 2740 ὲκδικεῒται,
1456 2705 1507 2733 καὶ
1522 2705 1688 2739 ἐκδικήσει,
1704 2705 1752 2732 καὶ
1764 2705 1807 2732 ἀν-

1038 2754 1203 2782 ταποδὼσει
1220 2754 1308 2788 δίκην
1322 2754 1385 2787 τοῖς
1400 2752 1527 2788 ἐχθροῖς,
1539 2753 1587 2779 καί
1604 2752 1666 2785 τοῖς
1677 2751 1807 2787 μισοῦσιν

1287 2833 1298 2849 ’
1311 2832 1393 2861 Hebr.
1410 2840 1456 2866 vn,
1475 2832 1500 2859 7.
1552 2831 1575 2847 ὀ
1589 2831 1669 2859 Deut.
1684 2838 1764 2864 mu,
1777 2829 1805 2858 ὦ
