1920 3046
152 194 207 224 839

151 253 246 280 αὐτὸν
264 253 480 286 ἀνταποδώσω,
501 254 549 280 καὶ
572 253 740 288 ἐικκαθαριεῖ
757 252 865 287 Κύριος
880 251 938 285 τὴν

152 297 212 334 τῆν
234 298 286 325 τοῦ
310 298 388 324 λαοῦ
408 298 510 325 αὑτοῦ.
535 298 613 325 Ἀλλὰ
631 299 677 326 καὶ
702 300 716 325 ὁ
738 298 837 333 ὑψηλὸς
856 297 937 323 Ἀπό-

153 344 257 376 στολος,
276 345 414 376 ἐπινικίως
433 345 563 381 ἐνισχύων
579 345 617 380 τῷ
633 345 753 381 Χριστῷ,
776 346 855 380 φησι,
873 345 940 378 Χρι-

153 389 227 421 στὸς
247 390 322 416 Θεοῦ
345 389 479 425 δύναμις,
502 391 551 417 καὶ
568 391 641 418 Θεοῦ
657 391 760 425 σοφία.
777 390 832 416 Καὶ
846 389 938 421 πάλιν,

152 433 190 465 ὡς
203 436 300 470 νικητῇ
318 436 408 462 πᾶσαν
423 435 511 462 κτίσιν
530 436 690 463 ποτνιᾶσθαι
705 435 779 470 αὐτῷ
793 435 937 468 παιδεύων,

154 479 248 514 φησιν,
274 480 324 507 Ἐν
336 480 376 513 τῷ
391 481 513 515 ὀνόματι
536 481 634 515 Ἰησοῦ
648 481 776 516 Χριστοῦ
790 481 851 508 πᾶν
864 481 939 515 γόνυ

154 523 265 558 κάμψει
296 525 498 560 ἐπουρανίων,
527 527 576 554 καὶ
601 527 748 562 ἐπιγείων,
780 527 828 553 καὶ
855 525 939 553 πᾶσα

153 568 281 602 γλῶσσα
313 570 566 606 ἐξομολογήσεται
600 571 689 604 αὐτῷ.
723 571 879 607 Συμφώνως
909 571 939 597 δὲ

153 614 240 650 τούτῳ
257 615 418 650 βροντόπαις
439 618 572 653 Ἰωάννης,
591 618 731 650 ὲπινικίως
747 617 878 651 θεολογῶν
894 616 939 644 τὸν

153 658 280 694 Χριστὸν,
299 662 365 697 φησι
373 670 379 677 ·
396 663 453 690 Kal
465 663 650 698 ἐθεασάμεθα
660 663 717 698 τὴν
728 663 822 695 δόξαν
833 662 938 696 αὑτοῦ,

153 705 248 737 δόξαν
262 707 303 739 ὡς
313 708 502 743 Μονοτενοῦς
514 710 594 744 παρὰ
609 711 725 744 Πατρός
735 719 741 726 ι
754 710 870 744 πλήρης
886 709 939 744 χά-

149 759 233 785 ριτος
249 752 300 780 καὶ
320 754 482 787 ἀληθείας.
503 755 548 790 Τῷ
561 755 590 781 δὲ
618 756 725 791 ἀγγέλῳ
743 757 869 791 ἑπόμενοι
891 756 941 783 καὶ

153 798 244 832 ἡμεῖς,
261 797 317 826 οἷον
333 800 492 837 ὲνισχύομεν
506 802 646 834 ὲπινικίως
665 803 710 829 τὸν
724 803 839 838 Χριστὸν
853 804 881 829 ἐν
899 802 939 838 τῷ

154 845 242 880 καιρῷ
265 845 314 880 τῆς
340 846 416 878 θείας
435 848 490 874 τῶν
516 848 654 883 μυστικῶν
678 849 789 884 τελετῆς
813 849 939 884 βοῶντες,

153 890 215 918 ὀτι
229 891 290 918 σόν
303 892 337 919 τὸ
358 893 467 927 κράτος
483 895 531 922 καὶ
549 896 568 929 ἡ
587 896 732 927 ,βασιλεία
749 897 798 923 καὶ
817 897 836 930 ἡ
850 896 940 923 δύνα-

151 945 202 971 μις
224 938 273 964 καὶ
289 939 308 973 ἡ
329 939 412 972 δόξα.
439 941 504 968 Ἰδοὺ
519 941 550 968 τὸ
566 942 654 969 ἑνικὸν
672 943 721 978 τῆς
744 942 818 974 θείας
833 943 940 978 φύσεως

153 981 201 1008 τοῦ
218 983 325 1019 Πατρὸς
339 985 386 1011 καὶ
400 985 447 1012 τοῦ
458 985 534 1020 Υίοῢ,
551 987 598 1013 καὶ
618 987 665 1015 τοῦ
678 988 756 1022 ἁγίου
769 989 938 1024 Πνεὺματος.

190 1073 278 1109 ὀπερ
288 1074 370 1110 νόμος
377 1076 424 1102 καὶ
437 1077 493 1109 τοῖς
507 1079 649 1112 γυμνικοῖς
662 1078 776 1112 ἀγῶσιν,
785 1079 834 1106 εἴτ’
842 1079 871 1106 ὲν
886 1088 940 1106 σω-

155 1120 297 1154 μασκίαις,
303 1122 510 1158 τοὺςάνδρείους
517 1123 565 1150 καὶ
576 1124 732 1160 ῥωμαλέους
740 1125 794 1152 τῶν
804 1125 939 1160 ἀθλητῶν,

154 1163 213 1199 ἦτοι
225 1168 433 1202 παγκρατείαις,
444 1169 507 1201 τοὺς
519 1170 556 1205 (8)
574 1171 625 1197 ὑπὸ
639 1169 789 1207 μειρακίων
802 1172 881 1199 τινῶν
893 1172 940 1200 καὶ⁸

156 1211 252 1247 κομιδῆ
264 1213 342 1245 νέων,
360 1214 471 1249 μηδέπω
489 1215 585 1248 ἰούλοις
601 1217 650 1247 τὰς
663 1217 779 1253 παρειὰς
795 1217 941 1254 πιαζομέο

155 1265 224 1287 νων,
253 1257 453 1293 ὐποφωνεῖσθαι
476 1261 523 1287 καὶ
550 1261 718 1296 ἀλείφεσθαι,
747 1262 817 1288 ὥστε
843 1264 941 1296 αὐτοὺς

155 1302 328 1338 σφριγῶντας
346 1306 532 1341 στερροτέρως
555 1307 625 1334 κατὰ
646 1307 701 1334 τῶν
717 1308 872 1335 ἀντιπάλων
886 1318 941 1344 χω-

155 1348 227 1382 ρεῖν·
243 1348 292 1383 οὐχ
313 1349 354 1376 ὅτι
371 1350 466 1386 ῥώμης
490 1352 537 1378 καὶ
557 1352 712 1385 εὐσθενεῑας
730 1355 787 1385 τοῖς
809 1354 940 1390 ἀνδρείοις

154 1392 230 1428 παρὰ
253 1394 308 1420 τῶν
335 1395 535 1432 ἀσθενεστέρων
563 1398 746 1434 ὲντιθεμένης,
772 1398 839 1425 ἀλλὰ
865 1399 940 1435 νόμῳ

153 1439 201 1466 καὶ
218 1439 378 1473 ἀκολουθίας
397 1442 504 1478 ἑκάστῳ
520 1443 636 1478 δράματι
651 1445 874 1479 προηγουμένων.
893 1446 941 1471 Δε-

154 1485 281 1518 σποτείας
296 1487 405 1520 πάντως
418 1487 500 1524 νόμος
515 1489 566 1515 ὑπὸ
580 1489 634 1516 τῶν
648 1490 760 1517 οἰκετῶν
770 1490 938 1526 ἀλείφεσθαι,

154 1529 201 1556 καὶ
229 1530 416 1559 θωπεύεσθαι·
444 1533 580 1572 πλήρωμα
605 1534 634 1560 δὲ
656 1535 739 1570 νόμου
766 1536 900 1571 Χριστὸς,
925 1537 940 1563 ὁ

153 1575 264 1603 πάντων
278 1576 346 1612 ὁμοῦ
366 1578 516 1613 Azanos-nr
540 1579 621 1613 νόμος
639 1579 667 1606 δὲ
683 1580 817 1614 ἀγγέλοις,
835 1581 879 1607 τὸν
897 1590 941 1608 σο-

154 1622 203 1655 φὸν
218 1623 332 1658 ποιητὴν
356 1623 402 1650 καὶ
423 1622 555 1659 δεσπότην
570 1625 703 1651 θωπεύειν
718 1626 766 1652 καὶ
783 1626 940 1653 ὑποσαίνειν

155 1668 370 1703 βοηθουμένους,
398 1670 429 1696 οὐ
455 1670 627 1706 βοηθοῦντας.
659 1672 691 1698 El
717 1671 771 1707 γὰρ
794 1672 845 1707 τῆς
875 1673 940 1708 παρ’

153 1713 267 1741 ἐκείνων
282 1714 372 1750 ἰσχύος
385 1715 480 1747 ἐδεῖτο,
503 1715 592 1751 πολλῷ
619 1716 718 1751 μᾶλλον
736 1717 765 1743 ἐν
786 1718 818 1752 τῇ
844 1717 940 1752 ἐρήμῳ

153 1760 358 1796 τεσσαράκοντα
384 1761 495 1797 ἡμερῶν
518 1762 571 1789 ὑπὸ
596 1763 644 1790 τοῦ
670 1762 793 1790 διαϐόλου
813 1762 940 1798 πειραζό-

156 1813 236 1840 μενος
253 1805 361 1841 ἐκείνης
387 1806 494 1842 ἐδεήθη.
525 1807 594 1834 Ἀλλ’
621 1808 682 1835 οὐδέ
711 1817 762 1835 που
786 1810 817 1844 τῇ
845 1809 938 1844 Γραφῇ

153 1851 234 1878 τοῦτο
247 1851 365 1888 εἴρηται·
385 1848 522 1887 Ἀγγελοι
537 1854 602 1890 γὰρ,
618 1855 696 1889 φησὶ,
720 1855 940 1888 προσελθόντες

153 1896 204 1923 οὐκ
219 1897 358 1933 ἐϐοήθουν,
375 1898 443 1925 ἀλλὰ
456 1898 618 1932 διηκόνουν
635 1899 731 1932 αὐτῷ·
748 1900 815 1935 ὅπερ
838 1900 940 1936 ἐναργῆ

155 1943 202 1969 τοῦ
224 1943 275 1978 μὲν
298 1943 347 1979 τὴν
373 1944 542 1978 δεσποτείαν,
564 1945 618 1972 τῶν
632 1945 660 1972 δὲ
674 1945 723 1981 τὴν
738 1946 858 1973 οἰκετιαν
867 1955 940 1982 παρ-

156 1989 256 2025 ιστησι.
272 1990 350 2017 Κατὰ
370 1988 416 2018 οὖν
429 1991 475 2018 τὸν
490 1991 654 2019 ἀποδοθέντα
679 1991 756 2026 λόγον
772 1992 883 2019 νοείσθω
905 1993 939 2020 τὰ

155 2035 221 2071 περὶ
246 2035 293 2062 τοῦ
320 2036 446 2071 ἀγγέλου.
479 2037 548 2064 Οὔτε
572 2038 626 2073 γὰρ
652 2038 687 2065 τὰ
711 2038 775 2072 ἂγια
801 2038 941 2074 Χερουϐὶμ

157 2080 294 2116 ἀγιασμοῦ
317 2081 503 2116 προσδίδονται
525 2083 554 2109 ὲν
577 2083 683 2119 οὐρανῷ
704 2085 737 2119 τῇ
763 2083 823 2119 θείᾳ
847 2084 941 2119 Τριάδι

156 2127 295 2162 ἀοιγήτως
302 2128 332 2154 τὺ
342 2129 451 2163 Ἀτιος,
461 2129 554 2163 ἅγιος,
562 2129 654 2164 ἅγιος,
662 2130 726 2157 ὅταν
739 2130 923 2165 ἀναφωνοῦσιν
930 2139 938 2147 ο

156 2173 211 2200 οὐδ’
231 2171 265 2201 αὖ
290 2174 381 2204 πάλιν.
399 2175 477 2210 ἡμῶν
498 2177 527 2202 ὲν
551 2176 694 2211 τρισαγίῳ,
705 2173 805 2209 ’Ἄγιος
818 2179 834 2204 ὁ
857 2178 939 2211 Θεὸς,

156 2218 239 2253 ἅγιος
253 2219 389 2255 ἰσχυρὸς,
407 2220 490 2256 ἅγιος
503 2221 659 2254 ἀθάνατος,
681 2222 846 2255 ὲκόοώπων,
861 2224 939 2258 ἁγια-

157 2265 225 2300 σμὸν
241 2265 258 2301 ἢ
277 2267 353 2302 ἰσχὺν
369 2267 385 2302 ἢ
402 2267 549 2294 ἀθανασίαν
564 2267 594 2293 τὸ
613 2268 689 2294 Θεῖον
707 2269 815 2295 ἐνίεται.

458 2465 582 2492 ΠΕΥΣΙΣ
605 2465 644 2492 Λ’.

198 2521 309 2553 Ἰηνῶς
331 2521 395 2557 περὶ
409 2521 464 2548 τῶν
482 2521 561 2548 θείων
578 2521 802 2557 προσταχθέντων
820 2531 860 2549 σοι
876 2525 942 2559 παρ’

156 2567 172 2602 ἡ
177 2566 234 2602 μῶν
256 2567 437 2602 διδαχθέντες,
452 2567 501 2599 τὰς
513 2567 569 2594 τῶν
589 2568 710 2603 ἀνοήτων
723 2567 837 2602 δεόμεθα
850 2568 942 2595 λοιπὸν

157 2612 345 2648 ἀνατραπῆναι
364 2613 467 2647 φωνάς.
488 2613 602 2647 Λέγουσι
624 2613 678 2647 γὰρ
700 2613 807 2646 ἀγνοεῖν
828 2614 872 2639 τὸν
888 2614 944 2640 Σω-

156 2658 229 2693 τῆρα
254 2658 284 2685 τὸ
311 2658 359 2685 τοῦ
384 2658 510 2694 Λαζάρου
529 2659 633 2693 μνῆμα,
658 2658 705 2685 καὶ
726 2659 776 2693 τὴν
800 2658 942 2694 ἁψαμένην

156 2703 203 2730 τοῦ
220 2703 373 2739 κρασπέδου
392 2703 616 2740 αῐμορῤ[ο]οὖσαν
629 2704 756 2737 γυναῖκα,
770 2704 816 2730 καὶ
828 2704 868 2730 ὅτι
883 2705 943 2731 οὐδὲ

195 2786 216 2802 ¹¹
233 2785 319 2814 lCor.
337 2793 356 2817 I.
375 2784 420 2812 Ἡ.

490 2781 511 2800 ⁹¹
528 2783 645 2819 Philipp.
668 2791 697 2814 ll,
726 2783 769 2814 10,
796 2784 838 2811 Η.

160 2820 183 2838 ⁸⁸
199 2821 251 2849 lsa.
269 2829 307 2854 vi,
322 2822 349 2849 '5.

193 2890 231 2925 (8)
249 2890 329 2917 Ἤτοι
344 2888 562 2925 παγκρατείαις,
578 2887 657 2919 τούς.
672 2885 736 2925 Hoc
746 2893 871 2925 εοιιιιιιιιἰ
881 2887 939 2922 ἦτοι

161 2921 367 2961 παγίιρατείαις,
380 2921 597 2951 transferendum
617 2924 680 2949 ante
700 2922 760 2954 τοὺς
782 2921 934 2958 ἀνδρείους,

823 193 998 222 DIALOGUS
1008 194 1027 221 Ι.

904 2785 926 2801 ¹¹
941 2784 1018 2815 Joan.
1039 2796 1058 2821 ι,
1076 2789 1119 2815 14.

1721 192 1776 220 890

989 253 1203 287 prosequentibus
1218 254 1302 288 ipsum
1318 252 1440 280 retribuet
1450 273 1456 284 ,
1472 257 1496 279 et
1510 252 1667 287 expurgabi!
1683 251 1776 279 Domi-

990 307 1039 324 nus
1067 303 1164 325 terram
1181 299 1271 333 populi
1285 299 1338 326 sui.
1360 298 1413 326 Sed
1440 302 1467 326 et
1485 298 1603 326 eximius
1626 297 1775 330 Apostolus

989 345 1136 371 victoriose
1152 345 1179 371 in
1192 345 1302 372 Christo
1312 352 1342 372 se
1355 345 1519 371 conﬁrmans
1531 344 1636 378 inquit:
1652 342 1775 370 Christus

988 395 1027 417 est
1042 391 1090 417 Dei
1106 391 1219 424 polentia
1239 396 1264 418 et
1282 391 1328 418 Dei
1346 391 1474 426 sapientia
1487 391 1520 417 “.
1544 389 1578 416 Et
1597 397 1694 417 rursus
1715 395 1775 416 tan-

990 444 1070 471 quam
1092 437 1144 471 ipsi
1161 437 1258 464 victori
1273 444 1381 464 omnem
1397 440 1552 464 creaturam
1575 443 1604 462 se
1617 435 1776 469 supplicilet‘

990 483 1152 510 submittere
1168 483 1281 514 docens,
1297 483 1386 517 inquit
1401 493 1407 510 :
1427 482 1460 510 In
1476 482 1579 509 nomine
1593 481 1657 507 Iesu
1674 480 1775 508 Christi

990 536 1066 554 omne
1079 536 1145 563 qenu
1166 536 1193 554 se
1211 528 1306 562 ﬂectet,
1327 527 1470 554 caelestium
1491 531 1516 553 et
1540 526 1723 556 terrestrium;
1751 528 1775 551 et

990 575 1075 601 omnis
1091 575 1181 608 lingua
1197 573 1365 608 conﬁtebitur
1375 574 1399 599 ei
1413 573 1444 600 ”.
1459 573 1527 599 Cum
1542 572 1593 598 hoc
1605 575 1694 598 autem
1709 578 1776 597 cou—

990 621 1114 648 sentiens
1132 620 1205 647 ﬁlius
1220 620 1265 647 ille
1285 619 1398 646 tonitrui
1413 618 1544 649 Joannes,
1558 617 1592 645 de
1605 617 1716 644 Christo
1733 617 1775 643 vi-

989 666 1109 694 ctoriose
1123 666 1313 697 concionatur,
1326 666 1354 692 in
1364 665 1421 692 haec
1435 663 1535 691 verba:
1550 662 1584 689 Et
1595 662 1775 697 conspeximus

988 712 1100 748 gloriam
1123 712 1191 746 ejus.
1210 712 1323 746 gloriam
1346 711 1416 738 velut
1437 709 1569 744 Unigeniti
1590 717 1607 734 a
1623 708 1714 739 Patre,
1732 707 1780 741 qui‘

988 759 1080 794 plenus
1099 764 1138 785 est
1151 758 1240 793 gratia
1258 762 1282 785 et
1300 758 1410 785 ueritate
1430 757 1462 784 “.
1482 755 1618 791 Angelum
1642 758 1732 781 autem
1749 756 1778 780 et

989 812 1040 832 nos
1054 804 1205 835 imitemur,
1223 803 1302 838 quasi
1318 803 1514 830 conﬁrmantes
1528 801 1675 829 victoriose
1694 800 1776 827 Chri-

990 854 1075 882 stum,
1101 854 1223 884 tempore
1248 848 1346 876 divinae
1375 848 1450 876 illius
1476 855 1569 875 rerum
1596 846 1774 883 mysticarum

989 894 1248 925 administrationis,
1266 894 1417 921 clamantes
1431 902 1439 920 :
1456 892 1526 926 Quia
1542 897 1588 919 tua
1600 896 1638 919 est
1649 891 1774 926 potentia,

990 945 1015 968 et
1033 945 1106 967 tuum
1121 945 1160 968 est
1186 948 1304 975 regnum,
1324 945 1348 966 et
1361 943 1488 974 potestas,
1510 943 1535 965 et
1552 937 1637 973 gloria
1660 937 1692 963 “.
1707 936 1779 963 Ecce

990 987 1121 1014 unitatem
1139 985 1239 1013 divinat
1255 989 1369 1018 naturae,
1387 992 1485 1019 nempe
1498 984 1599 1016 Patris,
1614 987 1641 1010 et
1660 981 1732 1014 Filii,
1748 986 1778 1009 tt

990 1032 1109 1068 Spiritus
1123 1032 1223 1060 sancti.

1024 1078 1182 1107 Consimilis
1205 1082 1232 1106 et
1252 1078 1280 1105 in
1299 1077 1433 1113 gymnicis
1450 1075 1648 1104 certaminibus
1663 1081 1778 1102 consuc-

990 1125 1056 1152 tudo
1073 1128 1126 1156 est,
1145 1126 1202 1151 sive
1226 1123 1254 1150 in
1277 1122 1416 1151 exercitiis
1431 1129 1577 1157 corporum
1595 1129 1627 1147 ac
1649 1120 1778 1148 certami-

989 1171 1081 1203 nibus,
1094 1173 1123 1197 ut
1136 1170 1244 1197 athletae
1259 1168 1344 1196 fortes
1362 1172 1443 1203 atque
1458 1168 1565 1195 robusti
1586 1167 1777 1194 adolescentu-

989 1217 1077 1245 lorum
1100 1220 1127 1243 et
1149 1215 1296 1243 admodum
1317 1215 1458 1249 juvenum,
1472 1213 1572 1248 quibus
1593 1212 1683 1240 adhuc
1703 1211 1779 1238 nulla

990 1263 1080 1290 barbae
1093 1262 1221 1297 lanugine
1234 1268 1310 1296 gena:
1325 1263 1518 1295 conteguntur,
1531 1258 1778 1286 acclamationibus

989 1308 1145 1336 excitentur
1159 1311 1186 1335 et
1202 1311 1353 1342 uagantur,
1375 1313 1431 1340 quo
1452 1306 1547 1339 vigore
1569 1305 1686 1339 quodam
1704 1302 1778 1330 aucti

991 1354 1090 1382 fortius
1106 1354 1132 1381 in
1147 1352 1321 1381 adversarios
1337 1352 1458 1378 tendant.
1479 1350 1538 1377 Non
1553 1350 1627 1385 quod
1646 1350 1730 1377 robur
1751 1353 1780 1376 et

991 1399 1122 1426 fortitudo
1147 1399 1180 1426 ab
1200 1397 1426 1426 imbecillioribus
1444 1395 1778 1431 suppediteturfortibus,

990 1446 1039 1474 sed
1059 1445 1132 1481 quod
1150 1449 1226 1472 certa
1253 1445 1312 1480 lege
1332 1447 1359 1471 et
1381 1443 1477 1470 ordine
1501 1441 1696 1469 consueverint
1721 1441 1779 1470 haec

991 1492 1153 1528 praecedere.
1169 1490 1287 1518 Dominii
1303 1489 1413 1525 quidem
1431 1492 1506 1516 certe
1520 1488 1563 1515 lex
1579 1491 1632 1520 est,
1654 1490 1683 1513 ut
1699 1494 1713 1513 a
1736 1486 1779 1513 fa-

991 1538 1072 1565 mulis
1087 1537 1145 1565 heri
1166 1539 1304 1571 ungantur
1319 1539 1402 1570 atque
1428 1533 1572 1565 colantur;
1598 1533 1667 1568 legis
1688 1536 1777 1559 autem

990 1583 1131 1619 plenitudo
1152 1587 1195 1611 est
1209 1581 1348 1613 Christus,
1371 1579 1418 1615 qui
1434 1579 1555 1606 omniurn
1575 1579 1601 1606 in
1619 1579 1777 1606 universum

989 1629 1121 1657 Dominus
1136 1633 1193 1661 est;
1212 1626 1316 1662 angelis
1332 1633 1396 1653 vero
1409 1625 1549 1660 proposita
1563 1624 1606 1652 lex
1620 1628 1672 1656 est,
1690 1628 1719 1650 ut
1732 1630 1778 1650 sa-

990 1675 1107 1710 pientem
1126 1675 1204 1701 illum
1223 1672 1394 1701 conditorem
1407 1676 1434 1699 et
1448 1672 1545 1699 herum
1559 1677 1639 1698 suum
1655 1669 1780 1697 studiOse

990 1722 1082 1749 colant
1107 1726 1188 1755 atque
1203 1719 1387 1750 demulceam,
1409 1722 1436 1745 et
1455 1718 1490 1745 ab
1509 1724 1543 1744 eo
1563 1717 1703 1751 juventur,
1723 1723 1779 1742 non

989 1775 1052 1795 eum
1066 1767 1117 1802 ipsi
1131 1767 1237 1800 juveut.
1254 1764 1322 1791 Nam
1341 1764 1364 1792 si
1382 1764 1492 1791 illorum
1510 1762 1610 1790 robore
1633 1761 1778 1796 indigeret,

990 1813 1077 1840 multo
1101 1812 1189 1847 magis
1210 1812 1237 1838 in
1256 1811 1376 1842 deserto,
1400 1810 1466 1837 dum
1493 1808 1674 1844 quadraginta
1689 1807 1748 1834 dics
1764 1813 1779 1833 ε

990 1858 1101 1885 diabolo
1115 1861 1277 1888 tentaretur,
1298 1855 1472 1890 indiguisset.
1487 1853 1588 1881 Verum
1604 1853 1630 1880 id
1647 1852 1735 1879 sacris
1751 1851 1780 1878 in.

990 1904 1101 1931 Litteris
1118 1910 1254 1938 nusquam
1270 1901 1397 1928 traditur.
1417 1900 1509 1936 Angeli
1524 1899 1599 1927 enim
1617 1897 1779 1926 accedentes.

991 1959 1046 1978 non
1067 1950 1280 1982 auxiliabantur,
1297 1948 1345 1975 sed
1362 1946 1550 1974 ministrabant
1572 1946 1596 1972 ei
1612 1944 1646 1972 "‘.
1661 1944 1691 1971 ld
1707 1943 1781 1978 quod

990 1997 1130 2024 evidenter
1146 1995 1220 2022 illius
1247 1993 1357 2029 quidem
1380 1992 1549 2022 dominium.
1571 1991 1667 2018 horum
1689 1995 1781 2016 autem

990 2041 1188 2075 subiectionem
1209 2039 1389 2066 demonstrat.
1417 2037 1573 2065 Secundum
1595 2036 1667 2062 hanc
1698 2034 1781 2069 igitur

991 2086 1127 2114 rationem
1147 2085 1299 2120 expositam
1325 2083 1515 2118 intelligantur
1535 2082 1588 2109 ista
1615 2081 1648 2108 de
1673 2080 1779 2115 angelo.

992 2132 1086 2168 Neque
1105 2132 1177 2159 enim
1191 2130 1279 2158 sancti
1296 2130 1335 2157 illi
1353 2129 1501 2157 Cherubim
1522 2127 1662 2162 quidpiam
1678 2125 1780 2154 sancti-

993 2179 1058 2206 tatis
1072 2178 1202 2205 addentes
1217 2177 1245 2204 in
1266 2177 1336 2204 cmlo
1351 2179 1453 2204 sanctae
1468 2174 1606 2206 Trinitati,
1622 2173 1682 2200 sine
1696 2173 1781 2199 inter—

993 2225 1137 2255 missione,
1152 2223 1277 2255 Sanctus,
1290 2227 1408 2253 sanctus,
1426 2226 1546 2248 sanctus.
1565 2220 1720 2248 exclamant
1736 2219 1758 2234 ¹⁶
1772 2226 1778 2244 :

994 2277 1083 2304 neque
1097 2268 1191 2295 itidem
1205 2268 1268 2295 dum
1288 2275 1338 2295 nos
1353 2267 1381 2293 in
1398 2267 1498 2301 hymno
1517 2264 1690 2293 sanctissimo
1705 2262 1781 2291 cani-

994 2324 1066 2347 mus.
1081 2315 1193 2342 Sanctus
1208 2314 1290 2345 Deus,
1302 2317 1409 2340 sanctus
1422 2312 1510 2346 fortis,
1521 2315 1627 2338 sanctus
1641 2310 1781 2336 immorta-

995 2362 1039 2393 Iis,
1055 2361 1097 2388 vel
1115 2360 1286 2388 sanctitatem
1307 2359 1438 2394 aliquam,
1456 2359 1495 2386 vel
1519 2355 1718 2389 fortitudinem,
1737 2355 1781 2382 vel

996 2406 1227 2434 immortalitatem
1241 2405 1371 2432 divinitas
1386 2404 1495 2439 recipit.

1207 2466 1466 2495 INTERROGATIO
1485 2465 1569 2493 XXX.

1030 2524 1103 2553 Satis
1119 2525 1152 2552 de
1170 2525 1204 2552 iis
1227 2531 1287 2559 quae
1310 2531 1325 2550 a
1343 2524 1422 2551 nobis
1441 2523 1576 2558 explicare
1595 2521 1689 2556 jussus
1706 2527 1781 2552 eras,

993 2571 1082 2598 edocti
1099 2578 1194 2598 sumus
1208 2579 1215 2597 :
1230 2570 1302 2605 quod
1318 2569 1452 2604 reliquum
1465 2572 1518 2601 cst,
1531 2574 1657 2602 rogamus
1670 2571 1700 2593 ut
1711 2567 1780 2594 iusi-

995 2616 1126 2650 pientium
1139 2615 1319 2651 quorumdam
1343 2622 1424 2642 voces
1451 2614 1655 2642 subvertantur.
1681 2611 1780 2639 Dicunt

994 2661 1066 2688 enim
1090 2661 1262 2689 Servatorem
1287 2661 1414 2696 ignorare
1443 2660 1540 2687 Lazari
1560 2659 1728 2694 sepulcrum,
1753 2661 1780 2684 et

999 2707 1139 2735 mulierem
1156 2706 1287 2741 proﬂuvio
1310 2706 1452 2741 sanguinis
1465 2705 1622 2735 obnoxiam.
1637 2711 1700 2731 cum
1720 2703 1780 2730 tim-

1189 2788 1210 2804 “
1227 2788 1311 2823 Apoc.
1332 2796 1381 2820 xu,
1405 2787 1448 2815 10.
1516 2786 1537 2802 ¹⁸
1554 2767 1647 2813 Matth.
1666 2792 1704 2818 ιν,
1734 2784 1778 2812 Η.

994 2891 1177 2949 ρτωῖοτοεὲιιο
1193 2886 1324 2914 delendus
1337 2887 1469 2914 articulus
1484 2885 1555 2918 τούς,
1570 2891 1632 2915 ante
1646 2885 1703 2914 ὑπὸ
1716 2895 1774 2922 μει-

994 2931 1043 2949 οακ
1056 2932 1101 2949 ων.
1142 2929 1198 2948 ttIT.

991 2929 1101 2958 ρακιων.
1121 2929 1198 2948 non.
