  <div class='ocr_page' id='page_1' title='image "/cluster/home/n/w/nwhite01/storage/ocr_20150623/38/njp.32101077772570/455.png"; bbox 0 0 1920 3046; ppageno 0'>
   <div class='ocr_carea' id='block_1_1' title="bbox 155 181 205 211">
    <p class='ocr_par' dir='ltr' id='par_1_1' title="bbox 155 181 205 211">
     <span class='ocr_line' id='line_1_1' title="bbox 155 181 205 211; baseline 0.02 -1"><span class='ocrx_word' id='word_1_1' title='bbox 155 181 205 211; x_wconf 71' lang='grc' dir='ltr'><strong>δῐῖὶ</strong></span> 
     </span>
    </p>
   </div>
   <div class='ocr_carea' id='block_1_2' title="bbox 155 240 948 283">
    <p class='ocr_par' dir='ltr' id='par_1_2' title="bbox 155 240 948 283">
     <span class='ocr_line' id='line_1_2' title="bbox 155 240 948 283; baseline 0.013 -17"><span class='ocrx_word' id='word_1_2' title='bbox 155 240 243 268; x_wconf 82' lang='lat' dir='ltr'><strong>briam</strong></span> <span class='ocrx_word' id='word_1_3' title='bbox 256 244 389 277; x_wconf 72' lang='lat' dir='ltr'><strong>tangeret,</strong></span> <span class='ocrx_word' id='word_1_4' title='bbox 405 251 460 271; x_wconf 92' lang='lat' dir='ltr'><strong>nou</strong></span> <span class='ocrx_word' id='word_1_5' title='bbox 475 243 612 277; x_wconf 86' lang='lat' dir='ltr'><strong>sensisse;</strong></span> <span class='ocrx_word' id='word_1_6' title='bbox 630 249 761 280; x_wconf 79' lang='lat' dir='ltr'><strong>praeterea</strong></span> <span class='ocrx_word' id='word_1_7' title='bbox 772 247 845 282; x_wconf 89' lang='lat' dir='ltr'><strong>quod</strong></span> <span class='ocrx_word' id='word_1_8' title='bbox 859 255 948 283; x_wconf 88' lang='lat' dir='ltr'><strong>neque</strong></span> 
     </span>
    </p>
   </div>
   <div class='ocr_carea' id='block_1_3' title="bbox 155 286 949 326">
    <p class='ocr_par' dir='ltr' id='par_1_3' title="bbox 155 286 949 326">
     <span class='ocr_line' id='line_1_3' title="bbox 155 286 949 326; baseline 0.013 -14"><span class='ocrx_word' id='word_1_9' title='bbox 155 286 293 322; x_wconf 48' lang='lat' dir='ltr'><strong>perfectus</strong></span> <span class='ocrx_word' id='word_1_10' title='bbox 312 287 395 316; x_wconf 87' lang='lat' dir='ltr'><strong>fuerit</strong></span> <span class='ocrx_word' id='word_1_11' title='bbox 416 289 488 318; x_wconf 85' lang='lat' dir='ltr'><strong>Deus</strong></span> <span class='ocrx_word' id='word_1_12' title='bbox 506 300 513 316; x_wconf 93' lang='lat'><strong><em>:</em></strong></span> <span class='ocrx_word' id='word_1_13' title='bbox 531 290 692 325; x_wconf 81' lang='lat' dir='ltr'><strong>Proﬁciebat</strong></span> <span class='ocrx_word' id='word_1_14' title='bbox 722 293 807 326; x_wconf 87' lang='lat' dir='ltr'><strong>enim,</strong></span> <span class='ocrx_word' id='word_1_15' title='bbox 835 299 860 320; x_wconf 86' lang='lat' dir='ltr'><strong>et</strong></span> <span class='ocrx_word' id='word_1_16' title='bbox 886 303 949 322; x_wconf 79' lang='lat' dir='ltr'><strong>can-</strong></span> 
     </span>
    </p>
   </div>
   <div class='ocr_carea' id='block_1_4' title="bbox 155 333 949 376">
    <p class='ocr_par' dir='ltr' id='par_1_4' title="bbox 155 333 949 376">
     <span class='ocr_line' id='line_1_4' title="bbox 155 333 949 376; baseline 0.013 -18"><span class='ocrx_word' id='word_1_17' title='bbox 155 333 315 376; x_wconf 65' lang='lat' dir='ltr'><strong>[irmabatur</strong></span> <span class='ocrx_word' id='word_1_18' title='bbox 340 335 482 370; x_wconf 75' lang='lat' dir='ltr'><strong>sapientia,</strong></span> <span class='ocrx_word' id='word_1_19' title='bbox 505 341 530 363; x_wconf 82' lang='lat' dir='ltr'><strong>cl</strong></span> <span class='ocrx_word' id='word_1_20' title='bbox 555 342 643 371; x_wconf 73' lang='lat' dir='ltr'><strong>wtale,</strong></span> <span class='ocrx_word' id='word_1_21' title='bbox 658 345 683 365; x_wconf 82' lang='lat' dir='ltr'><strong>et</strong></span> <span class='ocrx_word' id='word_1_22' title='bbox 700 340 798 374; x_wconf 85' lang='lat' dir='ltr'><strong>gratia,</strong></span> <span class='ocrx_word' id='word_1_23' title='bbox 816 344 846 367; x_wconf 87' lang='lat' dir='ltr'><strong>ut</strong></span> <span class='ocrx_word' id='word_1_24' title='bbox 861 341 949 376; x_wconf 86' lang='lat' dir='ltr'><strong>inquit</strong></span> 
     </span>
    </p>
   </div>
   <div class='ocr_carea' id='block_1_5' title="bbox 156 375 378 413">
    <p class='ocr_par' dir='ltr' id='par_1_5' title="bbox 156 375 378 413">
     <span class='ocr_line' id='line_1_5' title="bbox 156 375 378 413; baseline 0.023 -11"><span class='ocrx_word' id='word_1_25' title='bbox 156 375 333 413; x_wconf 78' lang='lat' dir='ltr'><strong>Evangelium</strong></span> <span class='ocrx_word' id='word_1_26' title='bbox 347 380 378 407; x_wconf 87' lang='lat'><strong>&quot;.</strong></span> 
     </span>
    </p>
   </div>
   <div class='ocr_carea' id='block_1_6' title="bbox 477 427 633 462">
    <p class='ocr_par' dir='ltr' id='par_1_6' title="bbox 477 427 633 462">
     <span class='ocr_line' id='line_1_6' title="bbox 477 427 633 462; baseline 0.013 -8"><span class='ocrx_word' id='word_1_27' title='bbox 477 427 633 462; x_wconf 76' lang='lat' dir='ltr'><strong>Responsio.</strong></span> 
     </span>
    </p>
   </div>
   <div class='ocr_carea' id='block_1_7' title="bbox 191 467 951 508">
    <p class='ocr_par' dir='ltr' id='par_1_7' title="bbox 191 467 951 508">
     <span class='ocr_line' id='line_1_7' title="bbox 191 467 951 508; baseline 0.013 -13"><span class='ocrx_word' id='word_1_28' title='bbox 191 467 282 497; x_wconf 78' lang='lat' dir='ltr'><strong>Nolite</strong></span> <span class='ocrx_word' id='word_1_29' title='bbox 296 471 470 500; x_wconf 88' lang='lat' dir='ltr'><strong>committere</strong></span> <span class='ocrx_word' id='word_1_30' title='bbox 487 478 516 500; x_wconf 88' lang='lat' dir='ltr'><strong>ut</strong></span> <span class='ocrx_word' id='word_1_31' title='bbox 537 482 597 508; x_wconf 63' lang='lat' dir='ltr'><strong>quae</strong></span> <span class='ocrx_word' id='word_1_32' title='bbox 613 475 720 503; x_wconf 88' lang='lat' dir='ltr'><strong>ratione</strong></span> <span class='ocrx_word' id='word_1_33' title='bbox 735 476 951 505; x_wconf 87' lang='lat' dir='ltr'><strong>administratio-</strong></span> 
     </span>
    </p>
   </div>
   <div class='ocr_carea' id='block_1_8' title="bbox 157 514 950 553">
    <p class='ocr_par' dir='ltr' id='par_1_8' title="bbox 157 514 950 553">
     <span class='ocr_line' id='line_1_8' title="bbox 157 514 950 553; baseline 0.013 -12"><span class='ocrx_word' id='word_1_34' title='bbox 157 514 201 542; x_wconf 85' lang='lat' dir='ltr'><strong>nis</strong></span> <span class='ocrx_word' id='word_1_35' title='bbox 216 515 242 542; x_wconf 91' lang='lat' dir='ltr'><strong>iu</strong></span> <span class='ocrx_word' id='word_1_36' title='bbox 257 523 342 544; x_wconf 80' lang='lat' dir='ltr'><strong>carne</strong></span> <span class='ocrx_word' id='word_1_37' title='bbox 358 517 392 544; x_wconf 85' lang='lat' dir='ltr'><strong>ab</strong></span> <span class='ocrx_word' id='word_1_38' title='bbox 412 519 473 553; x_wconf 88' lang='lat' dir='ltr'><strong>ipso</strong></span> <span class='ocrx_word' id='word_1_39' title='bbox 487 519 561 546; x_wconf 86' lang='lat' dir='ltr'><strong>dicta</strong></span> <span class='ocrx_word' id='word_1_40' title='bbox 577 525 654 552; x_wconf 89' lang='lat' dir='ltr'><strong>sunt,</strong></span> <span class='ocrx_word' id='word_1_41' title='bbox 678 522 755 549; x_wconf 85' lang='lat' dir='ltr'><strong>vobis</strong></span> <span class='ocrx_word' id='word_1_42' title='bbox 777 523 950 550; x_wconf 87' lang='lat' dir='ltr'><strong>occasionem</strong></span> 
     </span>
    </p>
   </div>
   <div class='ocr_carea' id='block_1_9' title="bbox 157 559 953 602">
    <p class='ocr_par' dir='ltr' id='par_1_9' title="bbox 157 559 953 602">
     <span class='ocr_line' id='line_1_9' title="bbox 157 559 953 602; baseline 0.011 -16"><span class='ocrx_word' id='word_1_43' title='bbox 157 559 333 595; x_wconf 61' lang='lat' dir='ltr'><strong>blasphemia:</strong></span> <span class='ocrx_word' id='word_1_44' title='bbox 340 563 478 597; x_wconf 66' lang='lat' dir='ltr'><strong>praebeant</strong></span> <span class='ocrx_word' id='word_1_45' title='bbox 489 573 495 591; x_wconf 92' lang='lat'>:</span> <span class='ocrx_word' id='word_1_46' title='bbox 507 573 614 600; x_wconf 82' lang='lat' dir='ltr'><strong>nempe,</strong></span> <span class='ocrx_word' id='word_1_47' title='bbox 623 565 675 593; x_wconf 97' lang='lat' dir='ltr'><strong>Ubi</strong></span> <span class='ocrx_word' id='word_1_48' title='bbox 683 567 810 601; x_wconf 71' lang='lat' dir='ltr'><strong>posuistis</strong></span> <span class='ocrx_word' id='word_1_49' title='bbox 819 568 904 602; x_wconf 85' lang='lat' dir='ltr'><strong>ipsum</strong></span> <span class='ocrx_word' id='word_1_50' title='bbox 914 568 953 602; x_wconf 66' lang='lat'><strong>&quot;1</strong></span> 
     </span>
    </p>
   </div>
   <div class='ocr_carea' id='block_1_10' title="bbox 156 607 951 648">
    <p class='ocr_par' dir='ltr' id='par_1_10' title="bbox 156 607 951 648">
     <span class='ocr_line' id='line_1_10' title="bbox 156 607 951 648; baseline 0.011 -15"><span class='ocrx_word' id='word_1_51' title='bbox 156 607 291 640; x_wconf 49' lang='lat' dir='ltr'><strong>annonis</strong></span> <span class='ocrx_word' id='word_1_52' title='bbox 307 617 348 636; x_wconf 84' lang='lat' dir='ltr'><strong>me</strong></span> <span class='ocrx_word' id='word_1_53' title='bbox 363 610 447 645; x_wconf 75' lang='lat' dir='ltr'><strong>tetigit</strong></span> <span class='ocrx_word' id='word_1_54' title='bbox 462 611 503 637; x_wconf 67' lang='lat'><strong>&quot;17</strong></span> <span class='ocrx_word' id='word_1_55' title='bbox 519 616 575 644; x_wconf 87' lang='lat' dir='ltr'><strong>aut,</strong></span> <span class='ocrx_word' id='word_1_56' title='bbox 593 612 677 645; x_wconf 83' lang='lat' dir='ltr'><strong>Quem</strong></span> <span class='ocrx_word' id='word_1_57' title='bbox 693 614 813 647; x_wconf 72' lang='lat' dir='ltr'><strong>quwrilia</strong></span> <span class='ocrx_word' id='word_1_58' title='bbox 828 615 872 641; x_wconf 71' lang='grc' dir='ltr'><strong>ὀἳ</strong></span> <span class='ocrx_word' id='word_1_59' title='bbox 894 619 951 648; x_wconf 84' lang='lat' dir='ltr'><strong>aut,</strong></span> 
     </span>
    </p>
   </div>
   <div class='ocr_carea' id='block_1_11' title="bbox 157 655 954 692">
    <p class='ocr_par' dir='ltr' id='par_1_11' title="bbox 157 655 954 692">
     <span class='ocr_line' id='line_1_11' title="bbox 157 655 954 692; baseline 0.011 -13"><span class='ocrx_word' id='word_1_60' title='bbox 157 655 241 686; x_wconf 75' lang='lat' dir='ltr'><strong>Quem</strong></span> <span class='ocrx_word' id='word_1_61' title='bbox 254 663 294 682; x_wconf 85' lang='lat' dir='ltr'><strong>me</strong></span> <span class='ocrx_word' id='word_1_62' title='bbox 303 655 393 683; x_wconf 81' lang='lat' dir='ltr'><strong>dicunt</strong></span> <span class='ocrx_word' id='word_1_63' title='bbox 403 658 415 684; x_wconf 74' lang='lat'><em>7</em></span> <span class='ocrx_word' id='word_1_64' title='bbox 427 661 483 689; x_wconf 91' lang='lat' dir='ltr'><strong>aut,</strong></span> <span class='ocrx_word' id='word_1_65' title='bbox 498 658 573 692; x_wconf 91' lang='lat' dir='ltr'><strong>quod</strong></span> <span class='ocrx_word' id='word_1_66' title='bbox 598 657 668 686; x_wconf 87' lang='lat' dir='ltr'><strong><em>Puer</em></strong></span> <span class='ocrx_word' id='word_1_67' title='bbox 682 660 774 692; x_wconf 76' lang='lat' dir='ltr'><strong>crevit,</strong></span> <span class='ocrx_word' id='word_1_68' title='bbox 791 665 815 687; x_wconf 84' lang='lat' dir='ltr'><strong>et</strong></span> <span class='ocrx_word' id='word_1_69' title='bbox 831 661 954 688; x_wconf 86' lang='lat' dir='ltr'><strong>corrobo-</strong></span> 
     </span>
    </p>
   </div>
   <div class='ocr_carea' id='block_1_12' title="bbox 157 703 953 739">
    <p class='ocr_par' dir='ltr' id='par_1_12' title="bbox 157 703 953 739">
     <span class='ocr_line' id='line_1_12' title="bbox 157 703 953 739; baseline 0.011 -13"><span class='ocrx_word' id='word_1_70' title='bbox 157 705 233 727; x_wconf 75' lang='lat' dir='ltr'><strong>ratus</strong></span> <span class='ocrx_word' id='word_1_71' title='bbox 241 705 318 733; x_wconf 74' lang='lat' dir='ltr'><strong>est,et</strong></span> <span class='ocrx_word' id='word_1_72' title='bbox 327 703 482 737; x_wconf 79' lang='lat' dir='ltr'><strong>proﬁciebat</strong></span> <span class='ocrx_word' id='word_1_73' title='bbox 493 705 625 739; x_wconf 70' lang='lat' dir='ltr'><strong>sapientia</strong></span> <span class='ocrx_word' id='word_1_74' title='bbox 633 710 658 732; x_wconf 85' lang='lat' dir='ltr'><strong>et</strong></span> <span class='ocrx_word' id='word_1_75' title='bbox 666 711 744 733; x_wconf 73' lang='lat' dir='ltr'><strong>wtate</strong></span> <span class='ocrx_word' id='word_1_76' title='bbox 755 707 789 733; x_wconf 85' lang='grc'><strong>’¹.</strong></span> <span class='ocrx_word' id='word_1_77' title='bbox 799 706 872 734; x_wconf 85' lang='lat' dir='ltr'><strong>Nihil</strong></span> <span class='ocrx_word' id='word_1_78' title='bbox 881 708 953 735; x_wconf 88' lang='lat' dir='ltr'><strong>enim</strong></span> 
     </span>
    </p>
   </div>
   <div class='ocr_carea' id='block_1_13' title="bbox 157 745 954 788">
    <p class='ocr_par' dir='ltr' id='par_1_13' title="bbox 157 745 954 788">
     <span class='ocr_line' id='line_1_13' title="bbox 157 745 954 788; baseline 0.011 -16"><span class='ocrx_word' id='word_1_79' title='bbox 157 745 257 773; x_wconf 80' lang='lat' dir='ltr'><strong>borum</strong></span> <span class='ocrx_word' id='word_1_80' title='bbox 277 747 459 782; x_wconf 76' lang='lat' dir='ltr'><strong>ignorationis</strong></span> <span class='ocrx_word' id='word_1_81' title='bbox 473 749 576 777; x_wconf 88' lang='lat' dir='ltr'><strong>crimen</strong></span> <span class='ocrx_word' id='word_1_82' title='bbox 587 751 713 786; x_wconf 78' lang='lat' dir='ltr'><strong>impingit</strong></span> <span class='ocrx_word' id='word_1_83' title='bbox 729 752 766 784; x_wconf 81' lang='lat' dir='ltr'><strong>ei,</strong></span> <span class='ocrx_word' id='word_1_84' title='bbox 778 753 825 787; x_wconf 91' lang='lat' dir='ltr'><strong>qui</strong></span> <span class='ocrx_word' id='word_1_85' title='bbox 843 759 954 788; x_wconf 77' lang='lat' dir='ltr'><strong>propter</strong></span> 
     </span>
    </p>
   </div>
   <div class='ocr_carea' id='block_1_14' title="bbox 157 791 954 826">
    <p class='ocr_par' dir='ltr' id='par_1_14' title="bbox 157 791 954 826">
     <span class='ocr_line' id='line_1_14' title="bbox 157 791 954 826; baseline 0.011 -9"><span class='ocrx_word' id='word_1_86' title='bbox 157 798 209 818; x_wconf 75' lang='lat' dir='ltr'><strong>nos</strong></span> <span class='ocrx_word' id='word_1_87' title='bbox 231 791 329 820; x_wconf 84' lang='lat' dir='ltr'><strong>similis</strong></span> <span class='ocrx_word' id='word_1_88' title='bbox 349 793 436 820; x_wconf 89' lang='lat' dir='ltr'><strong>nostri</strong></span> <span class='ocrx_word' id='word_1_89' title='bbox 461 794 551 822; x_wconf 86' lang='lat' dir='ltr'><strong>factus</strong></span> <span class='ocrx_word' id='word_1_90' title='bbox 569 799 612 822; x_wconf 83' lang='lat' dir='ltr'><strong>est</strong></span> <span class='ocrx_word' id='word_1_91' title='bbox 634 795 707 824; x_wconf 82' lang='lat' dir='ltr'><strong>Deus</strong></span> <span class='ocrx_word' id='word_1_92' title='bbox 724 796 853 825; x_wconf 80' lang='lat' dir='ltr'><strong>Verbum.</strong></span> <span class='ocrx_word' id='word_1_93' title='bbox 871 798 954 826; x_wconf 78' lang='lat' dir='ltr'><strong>Pater</strong></span> 
     </span>
    </p>
   </div>
   <div class='ocr_carea' id='block_1_15' title="bbox 157 837 954 877">
    <p class='ocr_par' dir='ltr' id='par_1_15' title="bbox 157 837 954 877">
     <span class='ocr_line' id='line_1_15' title="bbox 157 837 954 877; baseline 0.01 -14"><span class='ocrx_word' id='word_1_94' title='bbox 157 837 229 863; x_wconf 85' lang='lat' dir='ltr'><strong>enim</strong></span> <span class='ocrx_word' id='word_1_95' title='bbox 242 846 325 870; x_wconf 66' lang='lat' dir='ltr'><strong>meus,</strong></span> <span class='ocrx_word' id='word_1_96' title='bbox 341 839 441 873; x_wconf 86' lang='lat' dir='ltr'><strong>inquit,</strong></span> <span class='ocrx_word' id='word_1_97' title='bbox 455 848 535 875; x_wconf 77' lang='lat' dir='ltr'><strong>usque</strong></span> <span class='ocrx_word' id='word_1_98' title='bbox 547 841 582 867; x_wconf 86' lang='lat' dir='ltr'><strong>ad</strong></span> <span class='ocrx_word' id='word_1_99' title='bbox 598 841 644 868; x_wconf 81' lang='lat' dir='ltr'><strong>hoc</strong></span> <span class='ocrx_word' id='word_1_100' title='bbox 661 847 763 876; x_wconf 80' lang='lat' dir='ltr'><strong>tempus</strong></span> <span class='ocrx_word' id='word_1_101' title='bbox 780 849 918 877; x_wconf 83' lang='lat' dir='ltr'><strong>operatur.</strong></span> <span class='ocrx_word' id='word_1_102' title='bbox 929 849 954 871; x_wconf 79' lang='lat' dir='ltr'><strong>et</strong></span> 
     </span>
    </p>
   </div>
   <div class='ocr_carea' id='block_1_16' title="bbox 158 885 953 925">
    <p class='ocr_par' dir='ltr' id='par_1_16' title="bbox 158 885 953 925">
     <span class='ocr_line' id='line_1_16' title="bbox 158 885 953 925; baseline 0.009 -14"><span class='ocrx_word' id='word_1_103' title='bbox 158 892 205 918; x_wconf 78' lang='lat' dir='ltr'><strong>ego</strong></span> <span class='ocrx_word' id='word_1_104' title='bbox 220 893 313 919; x_wconf 82' lang='lat' dir='ltr'><strong>operor</strong></span> <span class='ocrx_word' id='word_1_105' title='bbox 324 887 358 913; x_wconf 81' lang='lat'><strong>“.</strong></span> <span class='ocrx_word' id='word_1_106' title='bbox 370 885 429 913; x_wconf 88' lang='lat' dir='ltr'><strong>Non</strong></span> <span class='ocrx_word' id='word_1_107' title='bbox 441 888 512 922; x_wconf 89' lang='lat' dir='ltr'><strong>quod</strong></span> <span class='ocrx_word' id='word_1_108' title='bbox 526 887 634 915; x_wconf 88' lang='lat' dir='ltr'><strong>deﬁciat</strong></span> <span class='ocrx_word' id='word_1_109' title='bbox 643 889 833 925; x_wconf 33' lang='lat' dir='ltr'><strong>quidquamnin</strong></span> <span class='ocrx_word' id='word_1_110' title='bbox 842 891 953 918; x_wconf 88' lang='lat' dir='ltr'><strong>condito</strong></span> 
     </span>
    </p>
   </div>
   <div class='ocr_carea' id='block_1_17' title="bbox 157 931 952 971">
    <p class='ocr_par' dir='ltr' id='par_1_17' title="bbox 157 931 952 971">
     <span class='ocr_line' id='line_1_17' title="bbox 157 931 952 971; baseline 0.009 -14"><span class='ocrx_word' id='word_1_111' title='bbox 157 938 172 956; x_wconf 89' lang='lat' dir='ltr'><strong>a</strong></span> <span class='ocrx_word' id='word_1_112' title='bbox 186 931 266 959; x_wconf 87' lang='lat' dir='ltr'><strong>nobis</strong></span> <span class='ocrx_word' id='word_1_113' title='bbox 280 932 469 961; x_wconf 82' lang='lat' dir='ltr'><strong>universitatis</strong></span> <span class='ocrx_word' id='word_1_114' title='bbox 481 934 563 968; x_wconf 84' lang='lat' dir='ltr'><strong>hujus</strong></span> <span class='ocrx_word' id='word_1_115' title='bbox 573 935 693 970; x_wconf 80' lang='lat' dir='ltr'><strong>opiﬁcio,</strong></span> <span class='ocrx_word' id='word_1_116' title='bbox 703 936 782 971; x_wconf 89' lang='lat' dir='ltr'><strong>quasi</strong></span> <span class='ocrx_word' id='word_1_117' title='bbox 792 936 952 971; x_wconf 86' lang='lat' dir='ltr'><strong>imperfecta</strong></span> 
     </span>
    </p>
   </div>
   <div class='ocr_carea' id='block_1_18' title="bbox 160 977 951 1016">
    <p class='ocr_par' dir='ltr' id='par_1_18' title="bbox 160 977 951 1016">
     <span class='ocr_line' id='line_1_18' title="bbox 160 977 951 1016; baseline 0.009 -13"><span class='ocrx_word' id='word_1_118' title='bbox 160 977 216 1003; x_wconf 78' lang='lat' dir='ltr'><strong>sint</strong></span> <span class='ocrx_word' id='word_1_119' title='bbox 228 981 319 1004; x_wconf 87' lang='lat' dir='ltr'><strong>creata</strong></span> <span class='ocrx_word' id='word_1_120' title='bbox 329 979 381 1006; x_wconf 93' lang='lat' dir='ltr'><strong>sub</strong></span> <span class='ocrx_word' id='word_1_121' title='bbox 390 984 529 1014; x_wconf 85' lang='lat' dir='ltr'><strong>aspectum</strong></span> <span class='ocrx_word' id='word_1_122' title='bbox 539 980 726 1014; x_wconf 75' lang='lat' dir='ltr'><strong>cadentia,sed</strong></span> <span class='ocrx_word' id='word_1_123' title='bbox 733 990 951 1016; x_wconf 75' lang='lat' dir='ltr'><strong>operantur,eam</strong></span> 
     </span>
    </p>
   </div>
   <div class='ocr_carea' id='block_1_19' title="bbox 159 1025 952 1064">
    <p class='ocr_par' dir='ltr' id='par_1_19' title="bbox 159 1025 952 1064">
     <span class='ocr_line' id='line_1_19' title="bbox 159 1025 952 1064; baseline 0.009 -16"><span class='ocrx_word' id='word_1_124' title='bbox 159 1029 221 1056; x_wconf 72' lang='lat' dir='ltr'><strong>qum</strong></span> <span class='ocrx_word' id='word_1_125' title='bbox 232 1029 418 1051; x_wconf 77' lang='lat' dir='ltr'><strong>consentanea</strong></span> <span class='ocrx_word' id='word_1_126' title='bbox 435 1025 528 1052; x_wconf 81' lang='lat' dir='ltr'><strong>virtuti</strong></span> <span class='ocrx_word' id='word_1_127' title='bbox 539 1030 580 1053; x_wconf 88' lang='lat' dir='ltr'><strong>est</strong></span> <span class='ocrx_word' id='word_1_128' title='bbox 590 1026 672 1053; x_wconf 85' lang='lat' dir='ltr'><strong>vitam</strong></span> <span class='ocrx_word' id='word_1_129' title='bbox 686 1027 843 1055; x_wconf 89' lang='lat' dir='ltr'><strong>hominibus</strong></span> <span class='ocrx_word' id='word_1_130' title='bbox 855 1035 952 1064; x_wconf 80' lang='lat' dir='ltr'><strong>sugge-</strong></span> 
     </span>
    </p>
   </div>
   <div class='ocr_carea' id='block_1_20' title="bbox 157 1069 952 1108">
    <p class='ocr_par' dir='ltr' id='par_1_20' title="bbox 157 1069 952 1108">
     <span class='ocr_line' id='line_1_20' title="bbox 157 1069 952 1108; baseline 0.008 -13"><span class='ocrx_word' id='word_1_131' title='bbox 157 1073 252 1096; x_wconf 79' lang='lat' dir='ltr'><strong>rentes</strong></span> <span class='ocrx_word' id='word_1_132' title='bbox 267 1077 329 1096; x_wconf 88' lang='lat' dir='ltr'><strong>cum</strong></span> <span class='ocrx_word' id='word_1_133' title='bbox 340 1069 396 1097; x_wconf 83' lang='lat' dir='ltr'><strong>Deo</strong></span> <span class='ocrx_word' id='word_1_134' title='bbox 419 1070 500 1098; x_wconf 82' lang='lat' dir='ltr'><strong>Patre</strong></span> <span class='ocrx_word' id='word_1_135' title='bbox 515 1073 713 1107; x_wconf 83' lang='lat' dir='ltr'><strong>uostro,idque</strong></span> <span class='ocrx_word' id='word_1_136' title='bbox 729 1081 777 1108; x_wconf 87' lang='lat' dir='ltr'><strong>per</strong></span> <span class='ocrx_word' id='word_1_137' title='bbox 785 1081 843 1105; x_wconf 85' lang='lat' dir='ltr'><strong>eos,</strong></span> <span class='ocrx_word' id='word_1_138' title='bbox 853 1075 899 1108; x_wconf 89' lang='lat' dir='ltr'><strong>qui</strong></span> <span class='ocrx_word' id='word_1_139' title='bbox 918 1074 952 1101; x_wconf 89' lang='lat' dir='ltr'><strong>ab</strong></span> 
     </span>
    </p>
   </div>
   <div class='ocr_carea' id='block_1_21' title="bbox 157 1112 952 1148">
    <p class='ocr_par' dir='ltr' id='par_1_21' title="bbox 157 1112 952 1148">
     <span class='ocr_line' id='line_1_21' title="bbox 157 1112 952 1148; baseline 0.009 -8"><span class='ocrx_word' id='word_1_140' title='bbox 157 1112 219 1147; x_wconf 80' lang='lat' dir='ltr'><strong>ipso</strong></span> <span class='ocrx_word' id='word_1_141' title='bbox 230 1114 286 1148; x_wconf 85' lang='lat' dir='ltr'><strong>jam</strong></span> <span class='ocrx_word' id='word_1_142' title='bbox 301 1122 335 1142; x_wconf 82' lang='lat' dir='ltr'><strong>ex</strong></span> <span class='ocrx_word' id='word_1_143' title='bbox 352 1115 508 1144; x_wconf 87' lang='lat' dir='ltr'><strong>conditione</strong></span> <span class='ocrx_word' id='word_1_144' title='bbox 524 1117 661 1145; x_wconf 85' lang='lat' dir='ltr'><strong>deteriore</strong></span> <span class='ocrx_word' id='word_1_145' title='bbox 678 1119 833 1146; x_wconf 89' lang='lat' dir='ltr'><strong>conﬁrmati</strong></span> <span class='ocrx_word' id='word_1_146' title='bbox 849 1121 952 1148; x_wconf 85' lang='lat' dir='ltr'><strong>suntin</strong></span> 
     </span>
    </p>
   </div>
   <div class='ocr_carea' id='block_1_22' title="bbox 158 1160 953 1201">
    <p class='ocr_par' dir='ltr' id='par_1_22' title="bbox 158 1160 953 1201">
     <span class='ocr_line' id='line_1_22' title="bbox 158 1160 953 1201; baseline 0.008 -14"><span class='ocrx_word' id='word_1_147' title='bbox 158 1160 312 1188; x_wconf 85' lang='lat' dir='ltr'><strong>meliorem.</strong></span> <span class='ocrx_word' id='word_1_148' title='bbox 329 1160 411 1189; x_wconf 87' lang='lat' dir='ltr'><strong>Pater</strong></span> <span class='ocrx_word' id='word_1_149' title='bbox 424 1162 496 1190; x_wconf 87' lang='lat' dir='ltr'><strong>idem</strong></span> <span class='ocrx_word' id='word_1_150' title='bbox 519 1163 706 1199; x_wconf 72' lang='lat' dir='ltr'><strong>interrogabat</strong></span> <span class='ocrx_word' id='word_1_151' title='bbox 720 1166 839 1201; x_wconf 87' lang='lat' dir='ltr'><strong>primum</strong></span> <span class='ocrx_word' id='word_1_152' title='bbox 854 1174 953 1201; x_wconf 85' lang='lat' dir='ltr'><strong>paren-</strong></span> 
     </span>
    </p>
   </div>
   <div class='ocr_carea' id='block_1_23' title="bbox 156 1207 953 1247">
    <p class='ocr_par' dir='ltr' id='par_1_23' title="bbox 156 1207 953 1247">
     <span class='ocr_line' id='line_1_23' title="bbox 156 1207 953 1247; baseline 0.009 -14"><span class='ocrx_word' id='word_1_153' title='bbox 156 1210 214 1233; x_wconf 72' lang='lat' dir='ltr'><strong>tein</strong></span> <span class='ocrx_word' id='word_1_154' title='bbox 238 1212 361 1234; x_wconf 86' lang='lat' dir='ltr'><strong>nostrum</strong></span> <span class='ocrx_word' id='word_1_155' title='bbox 378 1207 526 1242; x_wconf 86' lang='lat' dir='ltr'><strong>Adamum,</strong></span> <span class='ocrx_word' id='word_1_156' title='bbox 541 1215 686 1246; x_wconf 74' lang='lat' dir='ltr'><strong>postquam</strong></span> <span class='ocrx_word' id='word_1_157' title='bbox 705 1212 878 1247; x_wconf 83' lang='lat' dir='ltr'><strong>deliquisset,</strong></span> <span class='ocrx_word' id='word_1_158' title='bbox 904 1211 953 1239; x_wconf 88' lang='lat' dir='ltr'><strong>Ubi</strong></span> 
     </span>
    </p>
   </div>
   <div class='ocr_carea' id='block_1_24' title="bbox 157 1253 954 1293">
    <p class='ocr_par' dir='ltr' id='par_1_24' title="bbox 157 1253 954 1293">
     <span class='ocr_line' id='line_1_24' title="bbox 157 1253 954 1293; baseline 0.006 -13"><span class='ocrx_word' id='word_1_159' title='bbox 157 1261 185 1280; x_wconf 76' lang='lat' dir='ltr'><strong>es</strong></span> <span class='ocrx_word' id='word_1_160' title='bbox 202 1253 245 1281; x_wconf 76' lang='lat' dir='ltr'><strong>&quot;‘I</strong></span> <span class='ocrx_word' id='word_1_161' title='bbox 258 1253 319 1281; x_wconf 87' lang='lat' dir='ltr'><strong>Non</strong></span> <span class='ocrx_word' id='word_1_162' title='bbox 335 1254 465 1290; x_wconf 75' lang='lat' dir='ltr'><strong>ignorans</strong></span> <span class='ocrx_word' id='word_1_163' title='bbox 487 1255 576 1289; x_wconf 85' lang='lat' dir='ltr'><strong>ipsum</strong></span> <span class='ocrx_word' id='word_1_164' title='bbox 591 1257 712 1285; x_wconf 83' lang='lat' dir='ltr'><strong>latebras</strong></span> <span class='ocrx_word' id='word_1_165' title='bbox 727 1262 856 1284; x_wconf 89' lang='lat' dir='ltr'><strong>conatum</strong></span> <span class='ocrx_word' id='word_1_166' title='bbox 879 1266 954 1293; x_wconf 62' lang='lat' dir='ltr'><strong>quaa-</strong></span> 
     </span>
    </p>
   </div>
   <div class='ocr_carea' id='block_1_25' title="bbox 157 1301 953 1339">
    <p class='ocr_par' dir='ltr' id='par_1_25' title="bbox 157 1301 953 1339">
     <span class='ocr_line' id='line_1_25' title="bbox 157 1301 953 1339; baseline 0.008 -13"><span class='ocrx_word' id='word_1_167' title='bbox 157 1307 230 1331; x_wconf 83' lang='lat' dir='ltr'><strong>rere,</strong></span> <span class='ocrx_word' id='word_1_168' title='bbox 244 1301 286 1328; x_wconf 85' lang='lat' dir='ltr'><strong>vel</strong></span> <span class='ocrx_word' id='word_1_169' title='bbox 302 1301 376 1334; x_wconf 86' lang='lat' dir='ltr'><strong>quod</strong></span> <span class='ocrx_word' id='word_1_170' title='bbox 392 1305 530 1336; x_wconf 86' lang='lat' dir='ltr'><strong>oporteret</strong></span> <span class='ocrx_word' id='word_1_171' title='bbox 549 1307 655 1330; x_wconf 90' lang='lat' dir='ltr'><strong>terrore</strong></span> <span class='ocrx_word' id='word_1_172' title='bbox 669 1304 780 1338; x_wconf 89' lang='lat' dir='ltr'><strong>percelli</strong></span> <span class='ocrx_word' id='word_1_173' title='bbox 798 1308 953 1339; x_wconf 84' lang='lat' dir='ltr'><strong>transgres-</strong></span> 
     </span>
    </p>
   </div>
   <div class='ocr_carea' id='block_1_26' title="bbox 158 1347 953 1383">
    <p class='ocr_par' dir='ltr' id='par_1_26' title="bbox 158 1347 953 1383">
     <span class='ocr_line' id='line_1_26' title="bbox 158 1347 953 1383; baseline 0.005 -9"><span class='ocrx_word' id='word_1_174' title='bbox 158 1354 261 1380; x_wconf 80' lang='lat' dir='ltr'><strong>sorem,</strong></span> <span class='ocrx_word' id='word_1_175' title='bbox 283 1347 330 1375; x_wconf 90' lang='lat' dir='ltr'><strong>sed</strong></span> <span class='ocrx_word' id='word_1_176' title='bbox 351 1349 431 1383; x_wconf 88' lang='lat' dir='ltr'><strong>quasi</strong></span> <span class='ocrx_word' id='word_1_177' title='bbox 453 1349 547 1377; x_wconf 85' lang='lat' dir='ltr'><strong>ridens</strong></span> <span class='ocrx_word' id='word_1_178' title='bbox 561 1357 593 1377; x_wconf 82' lang='lat' dir='ltr'><strong>ac</strong></span> <span class='ocrx_word' id='word_1_179' title='bbox 616 1351 793 1378; x_wconf 88' lang='lat' dir='ltr'><strong>subsannans</strong></span> <span class='ocrx_word' id='word_1_180' title='bbox 803 1351 953 1379; x_wconf 78' lang='lat' dir='ltr'><strong>clandesti-</strong></span> 
     </span>
    </p>
   </div>
   <div class='ocr_carea' id='block_1_27' title="bbox 159 1394 953 1429">
    <p class='ocr_par' dir='ltr' id='par_1_27' title="bbox 159 1394 953 1429">
     <span class='ocr_line' id='line_1_27' title="bbox 159 1394 953 1429; baseline 0.005 -9"><span class='ocrx_word' id='word_1_181' title='bbox 159 1400 222 1420; x_wconf 87' lang='lat' dir='ltr'><strong>nam</strong></span> <span class='ocrx_word' id='word_1_182' title='bbox 248 1394 336 1428; x_wconf 73' lang='lat' dir='ltr'><strong>ipsius</strong></span> <span class='ocrx_word' id='word_1_183' title='bbox 362 1395 594 1429; x_wconf 84' lang='lat' dir='ltr'><strong>subductionem,</strong></span> <span class='ocrx_word' id='word_1_184' title='bbox 626 1401 653 1424; x_wconf 87' lang='lat' dir='ltr'><strong>et</strong></span> <span class='ocrx_word' id='word_1_185' title='bbox 675 1398 815 1424; x_wconf 85' lang='lat' dir='ltr'><strong>temerarii</strong></span> <span class='ocrx_word' id='word_1_186' title='bbox 845 1398 953 1425; x_wconf 85' lang='lat' dir='ltr'><strong>consilii</strong></span> 
     </span>
    </p>
   </div>
   <div class='ocr_carea' id='block_1_28' title="bbox 159 1440 953 1479">
    <p class='ocr_par' dir='ltr' id='par_1_28' title="bbox 159 1440 953 1479">
     <span class='ocr_line' id='line_1_28' title="bbox 159 1440 953 1479; baseline 0.004 -12"><span class='ocrx_word' id='word_1_187' title='bbox 159 1440 347 1473; x_wconf 84' lang='lat' dir='ltr'><strong>stoliditatem,</strong></span> <span class='ocrx_word' id='word_1_188' title='bbox 371 1442 443 1477; x_wconf 92' lang='lat' dir='ltr'><strong>quod</strong></span> <span class='ocrx_word' id='word_1_189' title='bbox 469 1451 532 1470; x_wconf 69' lang='lat' dir='ltr'><strong>mox</strong></span> <span class='ocrx_word' id='word_1_190' title='bbox 556 1448 617 1478; x_wconf 90' lang='lat' dir='ltr'><strong>post</strong></span> <span class='ocrx_word' id='word_1_191' title='bbox 638 1443 746 1472; x_wconf 89' lang='lat' dir='ltr'><strong>fructus</strong></span> <span class='ocrx_word' id='word_1_192' title='bbox 773 1444 850 1471; x_wconf 82' lang='lat' dir='ltr'><strong>vetiti</strong></span> <span class='ocrx_word' id='word_1_193' title='bbox 869 1444 953 1479; x_wconf 82' lang='lat' dir='ltr'><strong>degu-</strong></span> 
     </span>
    </p>
   </div>
   <div class='ocr_carea' id='block_1_29' title="bbox 159 1488 953 1525">
    <p class='ocr_par' dir='ltr' id='par_1_29' title="bbox 159 1488 953 1525">
     <span class='ocr_line' id='line_1_29' title="bbox 159 1488 953 1525; baseline 0.004 -12"><span class='ocrx_word' id='word_1_194' title='bbox 159 1488 307 1515; x_wconf 88' lang='lat' dir='ltr'><strong>statiouem</strong></span> <span class='ocrx_word' id='word_1_195' title='bbox 334 1489 474 1517; x_wconf 84' lang='lat' dir='ltr'><strong>occultare</strong></span> <span class='ocrx_word' id='word_1_196' title='bbox 503 1498 533 1518; x_wconf 87' lang='lat' dir='ltr'><strong>se</strong></span> <span class='ocrx_word' id='word_1_197' title='bbox 564 1491 655 1517; x_wconf 85' lang='lat' dir='ltr'><strong>vellet.</strong></span> <span class='ocrx_word' id='word_1_198' title='bbox 686 1490 781 1524; x_wconf 87' lang='lat' dir='ltr'><strong>Itaque</strong></span> <span class='ocrx_word' id='word_1_199' title='bbox 807 1491 953 1525; x_wconf 82' lang='lat' dir='ltr'><strong>compellat</strong></span> 
     </span>
    </p>
   </div>
   <div class='ocr_carea' id='block_1_30' title="bbox 157 1534 952 1571">
    <p class='ocr_par' dir='ltr' id='par_1_30' title="bbox 157 1534 952 1571">
     <span class='ocr_line' id='line_1_30' title="bbox 157 1534 952 1571; baseline 0.003 -10"><span class='ocrx_word' id='word_1_200' title='bbox 157 1534 248 1569; x_wconf 91' lang='lat' dir='ltr'><strong>ipsum</strong></span> <span class='ocrx_word' id='word_1_201' title='bbox 271 1535 311 1566; x_wconf 82' lang='lat' dir='ltr'><strong>is,</strong></span> <span class='ocrx_word' id='word_1_202' title='bbox 333 1543 416 1569; x_wconf 92' lang='lat' dir='ltr'><strong>quem</strong></span> <span class='ocrx_word' id='word_1_203' title='bbox 437 1536 506 1563; x_wconf 89' lang='lat' dir='ltr'><strong>nihil</strong></span> <span class='ocrx_word' id='word_1_204' title='bbox 531 1537 616 1564; x_wconf 87' lang='lat' dir='ltr'><strong>latere</strong></span> <span class='ocrx_word' id='word_1_205' title='bbox 640 1541 749 1571; x_wconf 79' lang='lat' dir='ltr'><strong>potest:</strong></span> <span class='ocrx_word' id='word_1_206' title='bbox 778 1536 827 1563; x_wconf 82' lang='lat' dir='ltr'><strong>Ubi</strong></span> <span class='ocrx_word' id='word_1_207' title='bbox 851 1545 895 1567; x_wconf 78' lang='lat' dir='ltr'><strong>es.</strong></span> <span class='ocrx_word' id='word_1_208' title='bbox 923 1540 952 1563; x_wconf 90' lang='lat' dir='ltr'><strong>tu</strong></span> 
     </span>
    </p>
   </div>
   <div class='ocr_carea' id='block_1_31' title="bbox 158 1581 952 1617">
    <p class='ocr_par' dir='ltr' id='par_1_31' title="bbox 158 1581 952 1617">
     <span class='ocr_line' id='line_1_31' title="bbox 158 1581 952 1617; baseline 0.003 -10"><span class='ocrx_word' id='word_1_209' title='bbox 158 1581 205 1615; x_wconf 87' lang='lat' dir='ltr'><strong>qui</strong></span> <span class='ocrx_word' id='word_1_210' title='bbox 235 1581 335 1615; x_wconf 88' lang='lat' dir='ltr'><strong>putasti</strong></span> <span class='ocrx_word' id='word_1_211' title='bbox 360 1581 501 1615; x_wconf 85' lang='lat' dir='ltr'><strong>futurum,</strong></span> <span class='ocrx_word' id='word_1_212' title='bbox 525 1587 554 1609; x_wconf 91' lang='lat' dir='ltr'><strong>ut</strong></span> <span class='ocrx_word' id='word_1_213' title='bbox 577 1583 693 1610; x_wconf 88' lang='lat' dir='ltr'><strong>consilio</strong></span> <span class='ocrx_word' id='word_1_214' title='bbox 720 1582 856 1617; x_wconf 81' lang='lat' dir='ltr'><strong>serpentis</strong></span> <span class='ocrx_word' id='word_1_215' title='bbox 881 1581 952 1609; x_wconf 87' lang='lat' dir='ltr'><strong>deus</strong></span> 
     </span>
    </p>
   </div>
   <div class='ocr_carea' id='block_1_32' title="bbox 158 1625 951 1660">
    <p class='ocr_par' dir='ltr' id='par_1_32' title="bbox 158 1625 951 1660">
     <span class='ocr_line' id='line_1_32' title="bbox 158 1625 951 1660; baseline 0.001 -9"><span class='ocrx_word' id='word_1_216' title='bbox 158 1625 301 1657; x_wconf 78' lang='lat' dir='ltr'><strong>eradcres,</strong></span> <span class='ocrx_word' id='word_1_217' title='bbox 319 1625 430 1652; x_wconf 86' lang='lat' dir='ltr'><strong>ubinam</strong></span> <span class='ocrx_word' id='word_1_218' title='bbox 444 1627 493 1653; x_wconf 89' lang='lat' dir='ltr'><strong>es?</strong></span> <span class='ocrx_word' id='word_1_219' title='bbox 510 1625 560 1652; x_wconf 86' lang='lat' dir='ltr'><strong>Ubi</strong></span> <span class='ocrx_word' id='word_1_220' title='bbox 575 1634 613 1657; x_wconf 78' lang='lat' dir='ltr'><strong>es,</strong></span> <span class='ocrx_word' id='word_1_221' title='bbox 631 1627 678 1660; x_wconf 93' lang='lat' dir='ltr'><strong>qui</strong></span> <span class='ocrx_word' id='word_1_222' title='bbox 696 1626 854 1654; x_wconf 87' lang='lat' dir='ltr'><strong>incredulus</strong></span> <span class='ocrx_word' id='word_1_223' title='bbox 876 1625 951 1653; x_wconf 82' lang='lat' dir='ltr'><strong>fuisti</strong></span> 
     </span>
    </p>
   </div>
   <div class='ocr_carea' id='block_1_33' title="bbox 159 1669 952 1703">
    <p class='ocr_par' dir='ltr' id='par_1_33' title="bbox 159 1669 952 1703">
     <span class='ocr_line' id='line_1_33' title="bbox 159 1669 952 1703; baseline 0.005 -8"><span class='ocrx_word' id='word_1_224' title='bbox 159 1669 226 1702; x_wconf 78' lang='lat' dir='ltr'><strong>Duo,</strong></span> <span class='ocrx_word' id='word_1_225' title='bbox 249 1675 276 1697; x_wconf 87' lang='lat' dir='ltr'><strong>et</strong></span> <span class='ocrx_word' id='word_1_226' title='bbox 295 1670 437 1698; x_wconf 88' lang='lat' dir='ltr'><strong>credidisti</strong></span> <span class='ocrx_word' id='word_1_227' title='bbox 461 1671 595 1698; x_wconf 88' lang='lat' dir='ltr'><strong>inimico?</strong></span> <span class='ocrx_word' id='word_1_228' title='bbox 615 1671 654 1699; x_wconf 81' lang='lat' dir='ltr'><strong>Ne</strong></span> <span class='ocrx_word' id='word_1_229' title='bbox 676 1675 703 1699; x_wconf 88' lang='lat' dir='ltr'><strong>te</strong></span> <span class='ocrx_word' id='word_1_230' title='bbox 721 1672 884 1703; x_wconf 84' lang='lat' dir='ltr'><strong>abscondas,</strong></span> <span class='ocrx_word' id='word_1_231' title='bbox 909 1672 952 1699; x_wconf 94' lang='lat' dir='ltr'><strong>in-</strong></span> 
     </span>
    </p>
   </div>
   <div class='ocr_carea' id='block_1_34' title="bbox 159 1717 954 1752">
    <p class='ocr_par' dir='ltr' id='par_1_34' title="bbox 159 1717 954 1752">
     <span class='ocr_line' id='line_1_34' title="bbox 159 1717 954 1752; baseline 0.001 -9"><span class='ocrx_word' id='word_1_232' title='bbox 159 1717 240 1751; x_wconf 88' lang='lat' dir='ltr'><strong>quit:</strong></span> <span class='ocrx_word' id='word_1_233' title='bbox 262 1724 318 1744; x_wconf 90' lang='lat' dir='ltr'><strong>non</strong></span> <span class='ocrx_word' id='word_1_234' title='bbox 338 1717 412 1744; x_wconf 92' lang='lat' dir='ltr'><strong>enim</strong></span> <span class='ocrx_word' id='word_1_235' title='bbox 438 1717 557 1752; x_wconf 80' lang='lat' dir='ltr'><strong>ignorat,</strong></span> <span class='ocrx_word' id='word_1_236' title='bbox 583 1722 609 1745; x_wconf 88' lang='lat' dir='ltr'><strong>te</strong></span> <span class='ocrx_word' id='word_1_237' title='bbox 634 1718 813 1745; x_wconf 86' lang='lat' dir='ltr'><strong>immortalem</strong></span> <span class='ocrx_word' id='word_1_238' title='bbox 840 1722 867 1745; x_wconf 86' lang='lat' dir='ltr'><strong>et</strong></span> <span class='ocrx_word' id='word_1_239' title='bbox 889 1718 954 1745; x_wconf 85' lang='lat' dir='ltr'><strong>bea-</strong></span> 
     </span>
    </p>
   </div>
   <div class='ocr_carea' id='block_1_35' title="bbox 159 1763 952 1799">
    <p class='ocr_par' dir='ltr' id='par_1_35' title="bbox 159 1763 952 1799">
     <span class='ocr_line' id='line_1_35' title="bbox 159 1763 952 1799; baseline 0.003 -10"><span class='ocrx_word' id='word_1_240' title='bbox 159 1768 216 1790; x_wconf 88' lang='lat' dir='ltr'><strong>tam</strong></span> <span class='ocrx_word' id='word_1_241' title='bbox 235 1763 318 1790; x_wconf 88' lang='lat' dir='ltr'><strong>vitam</strong></span> <span class='ocrx_word' id='word_1_242' title='bbox 336 1763 459 1791; x_wconf 79' lang='lat' dir='ltr'><strong>exuisse.</strong></span> <span class='ocrx_word' id='word_1_243' title='bbox 486 1764 619 1791; x_wconf 87' lang='lat' dir='ltr'><strong>Similiter</strong></span> <span class='ocrx_word' id='word_1_244' title='bbox 643 1765 726 1799; x_wconf 79' lang='lat' dir='ltr'><strong>igitur</strong></span> <span class='ocrx_word' id='word_1_245' title='bbox 746 1768 772 1791; x_wconf 84' lang='lat' dir='ltr'><strong>et</strong></span> <span class='ocrx_word' id='word_1_246' title='bbox 790 1765 885 1797; x_wconf 81' lang='lat' dir='ltr'><strong>Filius,</strong></span> <span class='ocrx_word' id='word_1_247' title='bbox 908 1765 952 1791; x_wconf 94' lang='lat' dir='ltr'><strong>ubi</strong></span> 
     </span>
    </p>
   </div>
   <div class='ocr_carea' id='block_1_36' title="bbox 160 1809 954 1845">
    <p class='ocr_par' dir='ltr' id='par_1_36' title="bbox 160 1809 954 1845">
     <span class='ocr_line' id='line_1_36' title="bbox 160 1809 954 1845; baseline 0.003 -9"><span class='ocrx_word' id='word_1_248' title='bbox 160 1811 272 1837; x_wconf 80' lang='lat' dir='ltr'><strong>clausus</strong></span> <span class='ocrx_word' id='word_1_249' title='bbox 292 1810 396 1845; x_wconf 73' lang='lat' dir='ltr'><strong>jam-ret</strong></span> <span class='ocrx_word' id='word_1_250' title='bbox 420 1809 553 1842; x_wconf 84' lang='lat' dir='ltr'><strong>Lazarus,</strong></span> <span class='ocrx_word' id='word_1_251' title='bbox 578 1818 631 1837; x_wconf 92' lang='lat' dir='ltr'><strong>non</strong></span> <span class='ocrx_word' id='word_1_252' title='bbox 658 1811 813 1845; x_wconf 81' lang='lat' dir='ltr'><strong>ignorabat.</strong></span> <span class='ocrx_word' id='word_1_253' title='bbox 833 1810 899 1837; x_wconf 82' lang='lat' dir='ltr'><strong>Nam</strong></span> <span class='ocrx_word' id='word_1_254' title='bbox 921 1819 954 1838; x_wconf 86' lang='lat' dir='ltr'><strong>ea</strong></span> 
     </span>
    </p>
   </div>
   <div class='ocr_carea' id='block_1_37' title="bbox 160 1854 952 1890">
    <p class='ocr_par' dir='ltr' id='par_1_37' title="bbox 160 1854 952 1890">
     <span class='ocr_line' id='line_1_37' title="bbox 160 1854 952 1890; baseline -0.001 -8"><span class='ocrx_word' id='word_1_255' title='bbox 160 1854 195 1882; x_wconf 88' lang='lat' dir='ltr'><strong>de</strong></span> <span class='ocrx_word' id='word_1_256' title='bbox 222 1862 305 1882; x_wconf 86' lang='lat' dir='ltr'><strong>causa</strong></span> <span class='ocrx_word' id='word_1_257' title='bbox 331 1855 387 1889; x_wconf 84' lang='lat' dir='ltr'><strong>jam</strong></span> <span class='ocrx_word' id='word_1_258' title='bbox 417 1858 505 1882; x_wconf 87' lang='lat' dir='ltr'><strong>totum</strong></span> <span class='ocrx_word' id='word_1_259' title='bbox 536 1859 599 1882; x_wconf 87' lang='lat' dir='ltr'><strong>ante</strong></span> <span class='ocrx_word' id='word_1_260' title='bbox 632 1855 766 1887; x_wconf 88' lang='lat' dir='ltr'><strong>biduum,</strong></span> <span class='ocrx_word' id='word_1_261' title='bbox 793 1855 952 1890; x_wconf 85' lang='lat' dir='ltr'><strong>priusquam</strong></span> 
     </span>
    </p>
   </div>
   <div class='ocr_carea' id='block_1_38' title="bbox 160 1898 954 1934">
    <p class='ocr_par' dir='ltr' id='par_1_38' title="bbox 160 1898 954 1934">
     <span class='ocr_line' id='line_1_38' title="bbox 160 1898 954 1934; baseline 0 -8"><span class='ocrx_word' id='word_1_262' title='bbox 160 1899 189 1926; x_wconf 90' lang='lat' dir='ltr'><strong>in</strong></span> <span class='ocrx_word' id='word_1_263' title='bbox 212 1898 309 1926; x_wconf 80' lang='lat' dir='ltr'><strong>Lazari</strong></span> <span class='ocrx_word' id='word_1_264' title='bbox 336 1899 453 1934; x_wconf 88' lang='lat' dir='ltr'><strong>patriam</strong></span> <span class='ocrx_word' id='word_1_265' title='bbox 481 1899 640 1926; x_wconf 87' lang='lat' dir='ltr'><strong>Bethaniam</strong></span> <span class='ocrx_word' id='word_1_266' title='bbox 669 1900 839 1934; x_wconf 84' lang='lat' dir='ltr'><strong>perveniret,</strong></span> <span class='ocrx_word' id='word_1_267' title='bbox 866 1900 954 1926; x_wconf 79' lang='lat' dir='ltr'><strong>Laza-</strong></span> 
     </span>
    </p>
   </div>
   <div class='ocr_carea' id='block_1_39' title="bbox 161 1945 955 1980">
    <p class='ocr_par' dir='ltr' id='par_1_39' title="bbox 161 1945 955 1980">
     <span class='ocr_line' id='line_1_39' title="bbox 161 1945 955 1980; baseline 0 -8"><span class='ocrx_word' id='word_1_268' title='bbox 161 1954 228 1978; x_wconf 79' lang='lat' dir='ltr'><strong>rus,</strong></span> <span class='ocrx_word' id='word_1_269' title='bbox 260 1946 349 1980; x_wconf 86' lang='lat' dir='ltr'><strong>inquit</strong></span> <span class='ocrx_word' id='word_1_270' title='bbox 386 1945 420 1972; x_wconf 91' lang='lat' dir='ltr'><strong>ad</strong></span> <span class='ocrx_word' id='word_1_271' title='bbox 452 1945 568 1972; x_wconf 87' lang='lat' dir='ltr'><strong>comites</strong></span> <span class='ocrx_word' id='word_1_272' title='bbox 602 1945 733 1978; x_wconf 84' lang='lat' dir='ltr'><strong>itineris,</strong></span> <span class='ocrx_word' id='word_1_273' title='bbox 769 1946 871 1972; x_wconf 83' lang='lat' dir='ltr'><strong>amicus</strong></span> <span class='ocrx_word' id='word_1_274' title='bbox 907 1954 955 1972; x_wconf 83' lang='lat' dir='ltr'><strong>no-</strong></span> 
     </span>
    </p>
   </div>
   <div class='ocr_carea' id='block_1_40' title="bbox 161 1992 955 2027">
    <p class='ocr_par' dir='ltr' id='par_1_40' title="bbox 161 1992 955 2027">
     <span class='ocr_line' id='line_1_40' title="bbox 161 1992 955 2027; baseline -0.001 -8"><span class='ocrx_word' id='word_1_275' title='bbox 161 1997 216 2020; x_wconf 76' lang='lat' dir='ltr'><strong>ster</strong></span> <span class='ocrx_word' id='word_1_276' title='bbox 242 1993 350 2026; x_wconf 80' lang='lat' dir='ltr'><strong>dormit,</strong></span> <span class='ocrx_word' id='word_1_277' title='bbox 375 1997 400 2019; x_wconf 80' lang='lat' dir='ltr'><strong>et</strong></span> <span class='ocrx_word' id='word_1_278' title='bbox 427 1992 493 2018; x_wconf 87' lang='lat' dir='ltr'><strong>vado</strong></span> <span class='ocrx_word' id='word_1_279' title='bbox 519 1997 546 2018; x_wconf 84' lang='lat' dir='ltr'><strong>ut</strong></span> <span class='ocrx_word' id='word_1_280' title='bbox 562 1992 671 2018; x_wconf 69' lang='lat' dir='ltr'><strong>excitem</strong></span> <span class='ocrx_word' id='word_1_281' title='bbox 692 2000 751 2019; x_wconf 88' lang='lat' dir='ltr'><strong>eum</strong></span> <span class='ocrx_word' id='word_1_282' title='bbox 766 1993 801 2025; x_wconf 67' lang='lat'><strong>“,</strong></span> <span class='ocrx_word' id='word_1_283' title='bbox 827 1992 874 2027; x_wconf 90' lang='lat' dir='ltr'><strong>qui</strong></span> <span class='ocrx_word' id='word_1_284' title='bbox 892 1996 955 2019; x_wconf 88' lang='lat' dir='ltr'><strong>ante</strong></span> 
     </span>
    </p>
   </div>
   <div class='ocr_carea' id='block_1_41' title="bbox 162 2037 956 2074">
    <p class='ocr_par' dir='ltr' id='par_1_41' title="bbox 162 2037 956 2074">
     <span class='ocr_line' id='line_1_41' title="bbox 162 2037 956 2074; baseline 0 -10"><span class='ocrx_word' id='word_1_285' title='bbox 162 2041 235 2066; x_wconf 90' lang='lat' dir='ltr'><strong>totos</strong></span> <span class='ocrx_word' id='word_1_286' title='bbox 262 2043 381 2074; x_wconf 84' lang='lat' dir='ltr'><strong>quatuor</strong></span> <span class='ocrx_word' id='word_1_287' title='bbox 403 2038 462 2066; x_wconf 85' lang='lat' dir='ltr'><strong>dies</strong></span> <span class='ocrx_word' id='word_1_288' title='bbox 486 2042 611 2065; x_wconf 90' lang='lat' dir='ltr'><strong>mortuus</strong></span> <span class='ocrx_word' id='word_1_289' title='bbox 637 2038 712 2065; x_wconf 80' lang='lat' dir='ltr'><strong>fetet.</strong></span> <span class='ocrx_word' id='word_1_290' title='bbox 743 2037 886 2070; x_wconf 87' lang='lat' dir='ltr'><strong>Quomodo</strong></span> <span class='ocrx_word' id='word_1_291' title='bbox 910 2037 956 2072; x_wconf 80' lang='lat' dir='ltr'><strong>igi-</strong></span> 
     </span>
    </p>
   </div>
   <div class='ocr_carea' id='block_1_42' title="bbox 162 2084 955 2120">
    <p class='ocr_par' dir='ltr' id='par_1_42' title="bbox 162 2084 955 2120">
     <span class='ocr_line' id='line_1_42' title="bbox 162 2084 955 2120; baseline -0.001 -9"><span class='ocrx_word' id='word_1_292' title='bbox 162 2089 207 2111; x_wconf 90' lang='lat' dir='ltr'><strong>tur</strong></span> <span class='ocrx_word' id='word_1_293' title='bbox 231 2084 254 2111; x_wconf 89' lang='lat' dir='ltr'><strong>is</strong></span> <span class='ocrx_word' id='word_1_294' title='bbox 279 2085 326 2120; x_wconf 93' lang='lat' dir='ltr'><strong>qui</strong></span> <span class='ocrx_word' id='word_1_295' title='bbox 354 2087 417 2111; x_wconf 83' lang='lat' dir='ltr'><strong>ante</strong></span> <span class='ocrx_word' id='word_1_296' title='bbox 436 2091 577 2112; x_wconf 85' lang='lat' dir='ltr'><strong>accessum</strong></span> <span class='ocrx_word' id='word_1_297' title='bbox 601 2085 724 2111; x_wconf 89' lang='lat' dir='ltr'><strong>locorum</strong></span> <span class='ocrx_word' id='word_1_298' title='bbox 743 2092 774 2111; x_wconf 83' lang='lat' dir='ltr'><strong>ea</strong></span> <span class='ocrx_word' id='word_1_299' title='bbox 797 2092 858 2119; x_wconf 69' lang='lat' dir='ltr'><strong>qua:</strong></span> <span class='ocrx_word' id='word_1_300' title='bbox 879 2085 906 2110; x_wconf 91' lang='lat' dir='ltr'><strong>iu</strong></span> <span class='ocrx_word' id='word_1_301' title='bbox 921 2084 955 2110; x_wconf 88' lang='lat' dir='ltr'><strong>iis</strong></span> 
     </span>
    </p>
   </div>
   <div class='ocr_carea' id='block_1_43' title="bbox 163 2130 954 2165">
    <p class='ocr_par' dir='ltr' id='par_1_43' title="bbox 163 2130 954 2165">
     <span class='ocr_line' id='line_1_43' title="bbox 163 2130 954 2165; baseline -0.001 -8"><span class='ocrx_word' id='word_1_302' title='bbox 163 2130 233 2158; x_wconf 89' lang='lat' dir='ltr'><strong>locis</strong></span> <span class='ocrx_word' id='word_1_303' title='bbox 258 2130 416 2157; x_wconf 85' lang='lat' dir='ltr'><strong>acciderant</strong></span> <span class='ocrx_word' id='word_1_304' title='bbox 439 2135 529 2162; x_wconf 85' lang='lat' dir='ltr'><strong>norat,</strong></span> <span class='ocrx_word' id='word_1_305' title='bbox 549 2134 694 2165; x_wconf 87' lang='lat' dir='ltr'><strong>postquam</strong></span> <span class='ocrx_word' id='word_1_306' title='bbox 715 2137 831 2165; x_wconf 91' lang='lat' dir='ltr'><strong>corpore</strong></span> <span class='ocrx_word' id='word_1_307' title='bbox 854 2131 887 2156; x_wconf 85' lang='lat' dir='ltr'><strong>ad</strong></span> <span class='ocrx_word' id='word_1_308' title='bbox 909 2130 954 2156; x_wconf 82' lang='lat' dir='ltr'><strong>illa</strong></span> 
     </span>
    </p>
   </div>
   <div class='ocr_carea' id='block_1_44' title="bbox 163 2176 954 2212">
    <p class='ocr_par' dir='ltr' id='par_1_44' title="bbox 163 2176 954 2212">
     <span class='ocr_line' id='line_1_44' title="bbox 163 2176 954 2212; baseline -0.003 -8"><span class='ocrx_word' id='word_1_309' title='bbox 163 2177 298 2212; x_wconf 80' lang='lat' dir='ltr'><strong>pervenit,</strong></span> <span class='ocrx_word' id='word_1_310' title='bbox 313 2177 456 2212; x_wconf 77' lang='lat' dir='ltr'><strong>ignorabat</strong></span> <span class='ocrx_word' id='word_1_311' title='bbox 471 2184 532 2211; x_wconf 67' lang='lat' dir='ltr'><strong>quae</strong></span> <span class='ocrx_word' id='word_1_312' title='bbox 548 2181 738 2212; x_wconf 67' lang='lat' dir='ltr'><strong>praecognoral</strong></span> <span class='ocrx_word' id='word_1_313' title='bbox 750 2177 838 2211; x_wconf 83' lang='lat' dir='ltr'><strong>ipsius</strong></span> <span class='ocrx_word' id='word_1_314' title='bbox 853 2176 954 2203; x_wconf 84' lang='lat' dir='ltr'><strong>divini-</strong></span> 
     </span>
    </p>
   </div>
   <div class='ocr_carea' id='block_1_45' title="bbox 163 2221 955 2258">
    <p class='ocr_par' dir='ltr' id='par_1_45' title="bbox 163 2221 955 2258">
     <span class='ocr_line' id='line_1_45' title="bbox 163 2221 955 2258; baseline -0.003 -8"><span class='ocrx_word' id='word_1_315' title='bbox 163 2227 218 2254; x_wconf 86' lang='lat' dir='ltr'><strong>tas,</strong></span> <span class='ocrx_word' id='word_1_316' title='bbox 241 2223 393 2251; x_wconf 87' lang='lat' dir='ltr'><strong>secuudum</strong></span> <span class='ocrx_word' id='word_1_317' title='bbox 411 2230 492 2258; x_wconf 85' lang='lat' dir='ltr'><strong>quam</strong></span> <span class='ocrx_word' id='word_1_318' title='bbox 510 2223 639 2258; x_wconf 88' lang='lat' dir='ltr'><strong>implebat</strong></span> <span class='ocrx_word' id='word_1_319' title='bbox 661 2223 804 2250; x_wconf 86' lang='lat' dir='ltr'><strong>universa?</strong></span> <span class='ocrx_word' id='word_1_320' title='bbox 819 2221 955 2248; x_wconf 86' lang='lat' dir='ltr'><strong>Nimirum</strong></span> 
     </span>
    </p>
   </div>
   <div class='ocr_carea' id='block_1_46' title="bbox 164 2268 955 2305">
    <p class='ocr_par' dir='ltr' id='par_1_46' title="bbox 164 2268 955 2305">
     <span class='ocr_line' id='line_1_46' title="bbox 164 2268 955 2305; baseline -0.001 -9"><span class='ocrx_word' id='word_1_321' title='bbox 164 2275 241 2298; x_wconf 81' lang='lat' dir='ltr'><strong>certo</strong></span> <span class='ocrx_word' id='word_1_322' title='bbox 262 2270 381 2305; x_wconf 85' lang='lat' dir='ltr'><strong>quodam</strong></span> <span class='ocrx_word' id='word_1_323' title='bbox 398 2269 514 2296; x_wconf 87' lang='lat' dir='ltr'><strong>consilio</strong></span> <span class='ocrx_word' id='word_1_324' title='bbox 529 2269 680 2303; x_wconf 56' lang='lat' dir='ltr'><strong>quatrebat,</strong></span> <span class='ocrx_word' id='word_1_325' title='bbox 703 2273 732 2295; x_wconf 90' lang='lat' dir='ltr'><strong>ut</strong></span> <span class='ocrx_word' id='word_1_326' title='bbox 752 2276 784 2296; x_wconf 87' lang='lat' dir='ltr'><strong>ea</strong></span> <span class='ocrx_word' id='word_1_327' title='bbox 810 2268 955 2295; x_wconf 85' lang='lat' dir='ltr'><strong>occasione</strong></span> 
     </span>
    </p>
   </div>
   <div class='ocr_carea' id='block_1_47' title="bbox 164 2315 957 2352">
    <p class='ocr_par' dir='ltr' id='par_1_47' title="bbox 164 2315 957 2352">
     <span class='ocr_line' id='line_1_47' title="bbox 164 2315 957 2352; baseline -0.003 -8"><span class='ocrx_word' id='word_1_328' title='bbox 164 2317 254 2352; x_wconf 84' lang='lat' dir='ltr'><strong>ipsum</strong></span> <span class='ocrx_word' id='word_1_329' title='bbox 274 2317 498 2345; x_wconf 86' lang='lat' dir='ltr'><strong>demonstrarent</strong></span> <span class='ocrx_word' id='word_1_330' title='bbox 514 2315 600 2343; x_wconf 69' lang='lat' dir='ltr'><strong>Judaai</strong></span> <span class='ocrx_word' id='word_1_331' title='bbox 615 2316 648 2343; x_wconf 90' lang='lat' dir='ltr'><strong>ad</strong></span> <span class='ocrx_word' id='word_1_332' title='bbox 670 2317 826 2351; x_wconf 87' lang='lat' dir='ltr'><strong>sepulcrum</strong></span> <span class='ocrx_word' id='word_1_333' title='bbox 842 2323 957 2350; x_wconf 82' lang='lat' dir='ltr'><strong>congre—</strong></span> 
     </span>
    </p>
   </div>
   <div class='ocr_carea' id='block_1_48' title="bbox 164 2362 955 2399">
    <p class='ocr_par' dir='ltr' id='par_1_48' title="bbox 164 2362 955 2399">
     <span class='ocr_line' id='line_1_48' title="bbox 164 2362 955 2399; baseline -0.003 -9"><span class='ocrx_word' id='word_1_334' title='bbox 164 2363 231 2399; x_wconf 80' lang='lat' dir='ltr'><strong>gati,</strong></span> <span class='ocrx_word' id='word_1_335' title='bbox 250 2363 387 2398; x_wconf 88' lang='lat' dir='ltr'><strong>iidemque</strong></span> <span class='ocrx_word' id='word_1_336' title='bbox 403 2367 486 2390; x_wconf 87' lang='lat' dir='ltr'><strong>testes</strong></span> <span class='ocrx_word' id='word_1_337' title='bbox 504 2363 598 2390; x_wconf 86' lang='lat' dir='ltr'><strong>ﬁerent</strong></span> <span class='ocrx_word' id='word_1_338' title='bbox 609 2362 819 2390; x_wconf 83' lang='lat' dir='ltr'><strong>resurrectionis</strong></span> <span class='ocrx_word' id='word_1_339' title='bbox 833 2362 894 2396; x_wconf 83' lang='lat' dir='ltr'><strong>ejus</strong></span> <span class='ocrx_word' id='word_1_340' title='bbox 908 2362 955 2395; x_wconf 86' lang='lat' dir='ltr'><strong>qui</strong></span> 
     </span>
    </p>
   </div>
   <div class='ocr_carea' id='block_1_49' title="bbox 164 2409 953 2444">
    <p class='ocr_par' dir='ltr' id='par_1_49' title="bbox 164 2409 953 2444">
     <span class='ocr_line' id='line_1_49' title="bbox 164 2409 953 2444; baseline -0.001 -7"><span class='ocrx_word' id='word_1_341' title='bbox 164 2410 256 2438; x_wconf 78' lang='lat' dir='ltr'><strong>fuerat</strong></span> <span class='ocrx_word' id='word_1_342' title='bbox 285 2414 410 2437; x_wconf 91' lang='lat' dir='ltr'><strong>mortuus</strong></span> <span class='ocrx_word' id='word_1_343' title='bbox 426 2420 432 2437; x_wconf 90' lang='lat'>:</span> <span class='ocrx_word' id='word_1_344' title='bbox 448 2417 501 2444; x_wconf 88' lang='lat' dir='ltr'><strong>quo</strong></span> <span class='ocrx_word' id='word_1_345' title='bbox 527 2415 606 2444; x_wconf 85' lang='lat' dir='ltr'><strong>pacto</strong></span> <span class='ocrx_word' id='word_1_346' title='bbox 629 2409 713 2439; x_wconf 82' lang='lat' dir='ltr'><strong>illius.</strong></span> <span class='ocrx_word' id='word_1_347' title='bbox 740 2409 820 2442; x_wconf 88' lang='lat' dir='ltr'><strong>cujus</strong></span> <span class='ocrx_word' id='word_1_348' title='bbox 841 2409 953 2436; x_wconf 87' lang='lat' dir='ltr'><strong>sudario</strong></span> 
     </span>
    </p>
   </div>
   <div class='ocr_carea' id='block_1_50' title="bbox 164 2455 949 2492">
    <p class='ocr_par' dir='ltr' id='par_1_50' title="bbox 164 2455 949 2492">
     <span class='ocr_line' id='line_1_50' title="bbox 164 2455 949 2492; baseline -0.005 -8"><span class='ocrx_word' id='word_1_349' title='bbox 164 2461 248 2492; x_wconf 88' lang='lat' dir='ltr'><strong>caput</strong></span> <span class='ocrx_word' id='word_1_350' title='bbox 272 2460 331 2484; x_wconf 90' lang='lat' dir='ltr'><strong>erat</strong></span> <span class='ocrx_word' id='word_1_351' title='bbox 353 2456 514 2491; x_wconf 81' lang='lat' dir='ltr'><strong>obligatum,</strong></span> <span class='ocrx_word' id='word_1_352' title='bbox 537 2456 621 2486; x_wconf 82' lang='lat' dir='ltr'><strong>facies</strong></span> <span class='ocrx_word' id='word_1_353' title='bbox 643 2455 745 2481; x_wconf 87' lang='lat' dir='ltr'><strong>amictu</strong></span> <span class='ocrx_word' id='word_1_354' title='bbox 765 2455 841 2482; x_wconf 86' lang='lat' dir='ltr'><strong>lintei</strong></span> <span class='ocrx_word' id='word_1_355' title='bbox 867 2459 949 2486; x_wconf 78' lang='lat' dir='ltr'><strong>tecta,</strong></span> 
     </span>
    </p>
   </div>
   <div class='ocr_carea' id='block_1_51' title="bbox 163 2500 957 2538">
    <p class='ocr_par' dir='ltr' id='par_1_51' title="bbox 163 2500 957 2538">
     <span class='ocr_line' id='line_1_51' title="bbox 163 2500 957 2538; baseline -0.004 -8"><span class='ocrx_word' id='word_1_356' title='bbox 163 2503 247 2538; x_wconf 88' lang='lat' dir='ltr'><strong>pedes</strong></span> <span class='ocrx_word' id='word_1_357' title='bbox 272 2502 390 2529; x_wconf 89' lang='lat' dir='ltr'><strong>vinculis</strong></span> <span class='ocrx_word' id='word_1_358' title='bbox 417 2502 617 2537; x_wconf 88' lang='lat' dir='ltr'><strong>sepulcralibus</strong></span> <span class='ocrx_word' id='word_1_359' title='bbox 643 2500 800 2532; x_wconf 86' lang='lat' dir='ltr'><strong>constricti,</strong></span> <span class='ocrx_word' id='word_1_360' title='bbox 825 2501 882 2535; x_wconf 87' lang='lat' dir='ltr'><strong>jam</strong></span> <span class='ocrx_word' id='word_1_361' title='bbox 908 2508 957 2536; x_wconf 84' lang='lat' dir='ltr'><strong>per</strong></span> 
     </span>
    </p>
   </div>
   <div class='ocr_carea' id='block_1_52' title="bbox 163 2547 956 2582">
    <p class='ocr_par' dir='ltr' id='par_1_52' title="bbox 163 2547 956 2582">
     <span class='ocr_line' id='line_1_52' title="bbox 163 2547 956 2582; baseline -0.004 -6"><span class='ocrx_word' id='word_1_362' title='bbox 163 2549 311 2577; x_wconf 85' lang='lat' dir='ltr'><strong>calvariam</strong></span> <span class='ocrx_word' id='word_1_363' title='bbox 334 2548 484 2580; x_wconf 82' lang='lat' dir='ltr'><strong>cernentis,</strong></span> <span class='ocrx_word' id='word_1_364' title='bbox 500 2555 548 2575; x_wconf 87' lang='lat' dir='ltr'><strong>ore</strong></span> <span class='ocrx_word' id='word_1_365' title='bbox 571 2547 684 2574; x_wconf 89' lang='lat' dir='ltr'><strong>diducto</strong></span> <span class='ocrx_word' id='word_1_366' title='bbox 706 2547 838 2581; x_wconf 85' lang='lat' dir='ltr'><strong>corrupti,</strong></span> <span class='ocrx_word' id='word_1_367' title='bbox 863 2547 956 2582; x_wconf 78' lang='lat' dir='ltr'><strong>lingua</strong></span> 
     </span>
    </p>
   </div>
   <div class='ocr_carea' id='block_1_53' title="bbox 163 2592 957 2630">
    <p class='ocr_par' dir='ltr' id='par_1_53' title="bbox 163 2592 957 2630">
     <span class='ocr_line' id='line_1_53' title="bbox 163 2592 957 2630; baseline -0.004 -7"><span class='ocrx_word' id='word_1_368' title='bbox 163 2595 308 2630; x_wconf 89' lang='lat' dir='ltr'><strong>oculisque</strong></span> <span class='ocrx_word' id='word_1_369' title='bbox 318 2595 489 2622; x_wconf 84' lang='lat' dir='ltr'><strong>&#39;dillluentis:</strong></span> <span class='ocrx_word' id='word_1_370' title='bbox 507 2602 561 2629; x_wconf 92' lang='lat' dir='ltr'><strong>quo</strong></span> <span class='ocrx_word' id='word_1_371' title='bbox 577 2595 660 2629; x_wconf 75' lang='lat' dir='ltr'><strong>igitur</strong></span> <span class='ocrx_word' id='word_1_372' title='bbox 675 2597 753 2628; x_wconf 86' lang='lat' dir='ltr'><strong>pacto</strong></span> <span class='ocrx_word' id='word_1_373' title='bbox 770 2593 851 2627; x_wconf 82' lang='lat' dir='ltr'><strong>hujus</strong></span> <span class='ocrx_word' id='word_1_374' title='bbox 866 2592 957 2620; x_wconf 86' lang='lat' dir='ltr'><strong>anima</strong></span> 
     </span>
    </p>
   </div>
   <div class='ocr_carea' id='block_1_54' title="bbox 166 2638 957 2678">
    <p class='ocr_par' dir='ltr' id='par_1_54' title="bbox 166 2638 957 2678">
     <span class='ocr_line' id='line_1_54' title="bbox 166 2638 957 2678; baseline -0.005 -9"><span class='ocrx_word' id='word_1_375' title='bbox 166 2651 216 2678; x_wconf 87' lang='lat' dir='ltr'><strong>per</strong></span> <span class='ocrx_word' id='word_1_376' title='bbox 230 2650 325 2670; x_wconf 90' lang='lat' dir='ltr'><strong>vocem</strong></span> <span class='ocrx_word' id='word_1_377' title='bbox 344 2642 451 2676; x_wconf 86' lang='lat' dir='ltr'><strong>opiﬁcis</strong></span> <span class='ocrx_word' id='word_1_378' title='bbox 466 2641 574 2668; x_wconf 89' lang='lat' dir='ltr'><strong>eminus</strong></span> <span class='ocrx_word' id='word_1_379' title='bbox 594 2644 710 2668; x_wconf 88' lang='lat' dir='ltr'><strong>attracta</strong></span> <span class='ocrx_word' id='word_1_380' title='bbox 724 2639 752 2666; x_wconf 91' lang='lat' dir='ltr'><strong>in</strong></span> <span class='ocrx_word' id='word_1_381' title='bbox 774 2647 873 2674; x_wconf 82' lang='lat' dir='ltr'><strong>corpus</strong></span> <span class='ocrx_word' id='word_1_382' title='bbox 890 2638 957 2665; x_wconf 93' lang='lat' dir='ltr'><strong>illud</strong></span> 
     </span>
    </p>
   </div>
   <div class='ocr_carea' id='block_1_55' title="bbox 164 2685 954 2723">
    <p class='ocr_par' dir='ltr' id='par_1_55' title="bbox 164 2685 954 2723">
     <span class='ocr_line' id='line_1_55' title="bbox 164 2685 954 2723; baseline -0.005 -8"><span class='ocrx_word' id='word_1_383' title='bbox 164 2687 238 2723; x_wconf 90' lang='lat' dir='ltr'><strong>quod</strong></span> <span class='ocrx_word' id='word_1_384' title='bbox 266 2688 426 2723; x_wconf 89' lang='lat' dir='ltr'><strong>reliquerat,</strong></span> <span class='ocrx_word' id='word_1_385' title='bbox 455 2695 552 2714; x_wconf 84' lang='lat' dir='ltr'><strong>rursus</strong></span> <span class='ocrx_word' id='word_1_386' title='bbox 577 2686 784 2721; x_wconf 75' lang='lat' dir='ltr'><strong>immigrasset?</strong></span> <span class='ocrx_word' id='word_1_387' title='bbox 811 2685 954 2718; x_wconf 82' lang='lat' dir='ltr'><strong>Quomodo</strong></span> 
     </span>
    </p>
   </div>
   <div class='ocr_carea' id='block_1_56' title="bbox 707 186 1262 219">
    <p class='ocr_par' dir='ltr' id='par_1_56' title="bbox 707 186 1262 219">
     <span class='ocr_line' id='line_1_56' title="bbox 707 186 1262 219; baseline 0.011 -6"><span class='ocrx_word' id='word_1_388' title='bbox 707 186 736 214; x_wconf 87' lang='lat' dir='ltr'><strong>S.</strong></span> <span class='ocrx_word' id='word_1_389' title='bbox 757 186 906 215; x_wconf 61' lang='lat' dir='ltr'><strong>CIISARII</strong></span> <span class='ocrx_word' id='word_1_390' title='bbox 927 187 1092 217; x_wconf 78' lang='lat' dir='ltr'><strong>GREGORII</strong></span> <span class='ocrx_word' id='word_1_391' title='bbox 1113 190 1262 219; x_wconf 83' lang='lat' dir='ltr'><strong>FRATRIS</strong></span> 
     </span>
    </p>
   </div>
   <div class='ocr_carea' id='block_1_57' title="bbox 1744 193 1798 221">
    <p class='ocr_par' dir='ltr' id='par_1_57' title="bbox 1744 193 1798 221">
     <span class='ocr_line' id='line_1_57' title="bbox 1744 193 1798 221; baseline 0.019 -1"><span class='ocrx_word' id='word_1_392' title='bbox 1744 193 1798 221; x_wconf 67' lang='lat'><strong>892</strong></span> 
     </span>
    </p>
   </div>
   <div class='ocr_carea' id='block_1_58' title="bbox 1003 249 1801 288">
    <p class='ocr_par' dir='ltr' id='par_1_58' title="bbox 1003 249 1801 288">
     <span class='ocr_line' id='line_1_58' title="bbox 1003 249 1801 288; baseline 0.003 -12"><span class='ocrx_word' id='word_1_393' title='bbox 1003 250 1104 282; x_wconf 74' lang='grc' dir='ltr'>τέλειος</span> <span class='ocrx_word' id='word_1_394' title='bbox 1120 249 1154 286; x_wconf 80' lang='grc' dir='ltr'>ἦν</span> <span class='ocrx_word' id='word_1_395' title='bbox 1179 251 1262 284; x_wconf 74' lang='grc' dir='ltr'>Θεὸς·</span> <span class='ocrx_word' id='word_1_396' title='bbox 1280 250 1446 284; x_wconf 72' lang='grc' dir='ltr'>προέκοπτε</span> <span class='ocrx_word' id='word_1_397' title='bbox 1469 251 1521 288; x_wconf 73' lang='grc' dir='ltr'><strong>γὰρ</strong></span> <span class='ocrx_word' id='word_1_398' title='bbox 1547 254 1594 281; x_wconf 77' lang='grc' dir='ltr'><strong>καὶ</strong></span> <span class='ocrx_word' id='word_1_399' title='bbox 1607 252 1801 287; x_wconf 71' lang='grc' dir='ltr'><strong>ἐκραταιοῦτο</strong></span> 
     </span>
    </p>
   </div>
   <div class='ocr_carea' id='block_1_59' title="bbox 1001 293 1799 334">
    <p class='ocr_par' dir='ltr' id='par_1_59' title="bbox 1001 293 1799 334">
     <span class='ocr_line' id='line_1_59' title="bbox 1001 293 1799 334; baseline 0.005 -12"><span class='ocrx_word' id='word_1_400' title='bbox 1001 295 1105 329; x_wconf 69' lang='grc' dir='ltr'>σοςτίᾳ,</span> <span class='ocrx_word' id='word_1_401' title='bbox 1116 293 1164 321; x_wconf 77' lang='grc' dir='ltr'><strong>καὶ</strong></span> <span class='ocrx_word' id='word_1_402' title='bbox 1178 295 1284 329; x_wconf 79' lang='grc' dir='ltr'>ἡλικίᾳ</span> <span class='ocrx_word' id='word_1_403' title='bbox 1293 296 1343 324; x_wconf 80' lang='grc' dir='ltr'><strong>καὶ</strong></span> <span class='ocrx_word' id='word_1_404' title='bbox 1349 297 1456 332; x_wconf 77' lang='grc' dir='ltr'>χάριτι,</span> <span class='ocrx_word' id='word_1_405' title='bbox 1485 299 1525 331; x_wconf 83' lang='grc' dir='ltr'>ὡς</span> <span class='ocrx_word' id='word_1_406' title='bbox 1539 298 1611 333; x_wconf 81' lang='grc' dir='ltr'>λέγει</span> <span class='ocrx_word' id='word_1_407' title='bbox 1631 299 1661 326; x_wconf 81' lang='grc' dir='ltr'><strong>τὸ</strong></span> <span class='ocrx_word' id='word_1_408' title='bbox 1676 299 1799 334; x_wconf 80' lang='grc' dir='ltr'>Εὐαγγέ-</span> 
     </span>
    </p>
   </div>
   <div class='ocr_carea' id='block_1_60' title="bbox 999 341 1065 368">
    <p class='ocr_par' dir='ltr' id='par_1_60' title="bbox 999 341 1065 368">
     <span class='ocr_line' id='line_1_60' title="bbox 999 341 1065 368; baseline 0 0"><span class='ocrx_word' id='word_1_409' title='bbox 999 341 1065 368; x_wconf 85' lang='grc' dir='ltr'>λιον.</span> 
     </span>
    </p>
   </div>
   <div class='ocr_carea' id='block_1_61' title="bbox 1307 431 1521 468">
    <p class='ocr_par' dir='ltr' id='par_1_61' title="bbox 1307 431 1521 468">
     <span class='ocr_line' id='line_1_61' title="bbox 1307 431 1521 468; baseline 0.009 -10"><span class='ocrx_word' id='word_1_410' title='bbox 1307 431 1488 466; x_wconf 71' lang='grc' dir='ltr'><strong>Ἀπόκρισις.</strong></span> <span class='ocrx_word' id='word_1_411' title='bbox 1515 462 1521 468; x_wconf 85' lang='lat'><em>_</em></span> 
     </span>
    </p>
   </div>
   <div class='ocr_carea' id='block_1_62' title="bbox 1047 476 1798 515">
    <p class='ocr_par' dir='ltr' id='par_1_62' title="bbox 1047 476 1798 515">
     <span class='ocr_line' id='line_1_62' title="bbox 1047 476 1798 515; baseline 0.005 -13"><span class='ocrx_word' id='word_1_412' title='bbox 1047 476 1127 503; x_wconf 81' lang='grc' dir='ltr'>Ἀλλὰ</span> <span class='ocrx_word' id='word_1_413' title='bbox 1154 477 1192 512; x_wconf 83' lang='grc' dir='ltr'>μὴ</span> <span class='ocrx_word' id='word_1_414' title='bbox 1212 476 1247 503; x_wconf 81' lang='grc' dir='ltr'><strong>τὰ</strong></span> <span class='ocrx_word' id='word_1_415' title='bbox 1271 478 1448 513; x_wconf 76' lang='grc' dir='ltr'><strong>οἰκονομικῶς</strong></span> <span class='ocrx_word' id='word_1_416' title='bbox 1468 479 1533 515; x_wconf 78' lang='grc' dir='ltr'>παρ’</span> <span class='ocrx_word' id='word_1_417' title='bbox 1547 479 1629 506; x_wconf 73' lang='grc' dir='ltr'>αὑτοῦ</span> <span class='ocrx_word' id='word_1_418' title='bbox 1654 479 1798 515; x_wconf 73' lang='grc' dir='ltr'>εἰρημένα,</span> 
     </span>
    </p>
   </div>
   <div class='ocr_carea' id='block_1_63' title="bbox 1005 521 1796 558">
    <p class='ocr_par' dir='ltr' id='par_1_63' title="bbox 1005 521 1796 558">
     <span class='ocr_line' id='line_1_63' title="bbox 1005 521 1796 558; baseline 0.005 -11"><span class='ocrx_word' id='word_1_419' title='bbox 1005 522 1143 556; x_wconf 82' lang='grc' dir='ltr'>πρόφασις</span> <span class='ocrx_word' id='word_1_420' title='bbox 1164 521 1338 557; x_wconf 79' lang='grc' dir='ltr'><strong>βλασφημίας</strong></span> <span class='ocrx_word' id='word_1_421' title='bbox 1357 523 1422 558; x_wconf 80' lang='grc' dir='ltr'><strong>ὑμῖν</strong></span> <span class='ocrx_word' id='word_1_422' title='bbox 1436 523 1559 558; x_wconf 80' lang='grc' dir='ltr'><strong>γένηται,</strong></span> <span class='ocrx_word' id='word_1_423' title='bbox 1574 525 1612 555; x_wconf 86' lang='grc' dir='ltr'>τὸ,</span> <span class='ocrx_word' id='word_1_424' title='bbox 1628 524 1690 551; x_wconf 86' lang='grc' dir='ltr'><strong>Ποῦ</strong></span> <span class='ocrx_word' id='word_1_425' title='bbox 1704 526 1796 551; x_wconf 85' lang='grc' dir='ltr'>τεθεί-</span> 
     </span>
    </p>
   </div>
   <div class='ocr_carea' id='block_1_64' title="bbox 1003 568 1798 605">
    <p class='ocr_par' dir='ltr' id='par_1_64' title="bbox 1003 568 1798 605">
     <span class='ocr_line' id='line_1_64' title="bbox 1003 568 1798 605; baseline 0.004 -12"><span class='ocrx_word' id='word_1_426' title='bbox 1003 575 1074 594; x_wconf 83' lang='grc' dir='ltr'><strong>κατε</strong></span> <span class='ocrx_word' id='word_1_427' title='bbox 1091 568 1200 600; x_wconf 83' lang='grc' dir='ltr'><strong>αῠτόν;</strong></span> <span class='ocrx_word' id='word_1_428' title='bbox 1218 568 1246 604; x_wconf 78' lang='grc' dir='ltr'><strong>ἦ,</strong></span> <span class='ocrx_word' id='word_1_429' title='bbox 1268 568 1316 600; x_wconf 84' lang='grc' dir='ltr'>Τίς</span> <span class='ocrx_word' id='word_1_430' title='bbox 1325 577 1385 602; x_wconf 84' lang='grc' dir='ltr'><strong>μου</strong></span> <span class='ocrx_word' id='word_1_431' title='bbox 1411 568 1529 602; x_wconf 39' lang='lat' dir='ltr'><strong>ﬁebam;</strong></span> <span class='ocrx_word' id='word_1_432' title='bbox 1543 569 1570 605; x_wconf 77' lang='grc' dir='ltr'><strong>ἢ.</strong></span> <span class='ocrx_word' id='word_1_433' title='bbox 1585 570 1655 596; x_wconf 80' lang='grc' dir='ltr'>Τίνα</span> <span class='ocrx_word' id='word_1_434' title='bbox 1671 569 1798 604; x_wconf 63' lang='lat' dir='ltr'><strong>(inefre;</strong></span> 
     </span>
    </p>
   </div>
   <div class='ocr_carea' id='block_1_65' title="bbox 1003 612 1795 650">
    <p class='ocr_par' dir='ltr' id='par_1_65' title="bbox 1003 612 1795 650">
     <span class='ocr_line' id='line_1_65' title="bbox 1003 612 1795 650; baseline 0.006 -12"><span class='ocrx_word' id='word_1_435' title='bbox 1003 612 1032 647; x_wconf 87' lang='grc' dir='ltr'><strong>ἣ,</strong></span> <span class='ocrx_word' id='word_1_436' title='bbox 1049 613 1116 639; x_wconf 78' lang='grc' dir='ltr'>Τίνα</span> <span class='ocrx_word' id='word_1_437' title='bbox 1129 621 1167 647; x_wconf 83' lang='grc' dir='ltr'><strong>με</strong></span> <span class='ocrx_word' id='word_1_438' title='bbox 1180 612 1346 647; x_wconf 79' lang='grc' dir='ltr'>,λέγουσιν;</span> <span class='ocrx_word' id='word_1_439' title='bbox 1376 613 1405 649; x_wconf 76' lang='grc' dir='ltr'><strong>ἢ,</strong></span> <span class='ocrx_word' id='word_1_440' title='bbox 1416 615 1458 643; x_wconf 82' lang='grc' dir='ltr'>ὅτι</span> <span class='ocrx_word' id='word_1_441' title='bbox 1482 614 1516 642; x_wconf 86' lang='grc' dir='ltr'><strong>Τὸ</strong></span> <span class='ocrx_word' id='word_1_442' title='bbox 1538 614 1658 642; x_wconf 76' lang='grc' dir='ltr'><strong>παιδίον</strong></span> <span class='ocrx_word' id='word_1_443' title='bbox 1677 616 1795 650; x_wconf 79' lang='grc' dir='ltr'><strong>ηὔξετο,</strong></span> 
     </span>
    </p>
   </div>
   <div class='ocr_carea' id='block_1_66' title="bbox 1004 658 1797 695">
    <p class='ocr_par' dir='ltr' id='par_1_66' title="bbox 1004 658 1797 695">
     <span class='ocr_line' id='line_1_66' title="bbox 1004 658 1797 695; baseline 0.006 -11"><span class='ocrx_word' id='word_1_444' title='bbox 1004 658 1053 685; x_wconf 78' lang='grc' dir='ltr'><strong>καὶ</strong></span> <span class='ocrx_word' id='word_1_445' title='bbox 1067 658 1272 692; x_wconf 77' lang='grc' dir='ltr'>ἐκραταιοῦτο,</span> <span class='ocrx_word' id='word_1_446' title='bbox 1290 659 1339 685; x_wconf 77' lang='grc' dir='ltr'><strong>καὶ</strong></span> <span class='ocrx_word' id='word_1_447' title='bbox 1359 660 1524 694; x_wconf 78' lang='grc' dir='ltr'>προέκοπτε</span> <span class='ocrx_word' id='word_1_448' title='bbox 1541 661 1633 695; x_wconf 59' lang='grc' dir='ltr'>σοφίᾳ</span> <span class='ocrx_word' id='word_1_449' title='bbox 1658 661 1709 688; x_wconf 79' lang='grc' dir='ltr'><strong>καὶ</strong></span> <span class='ocrx_word' id='word_1_450' title='bbox 1731 662 1797 695; x_wconf 72' lang='grc' dir='ltr'><strong>ἠλι-</strong></span> 
     </span>
    </p>
   </div>
   <div class='ocr_carea' id='block_1_67' title="bbox 1005 704 1798 744">
    <p class='ocr_par' dir='ltr' id='par_1_67' title="bbox 1005 704 1798 744">
     <span class='ocr_line' id='line_1_67' title="bbox 1005 704 1798 744; baseline 0.006 -14"><span class='ocrx_word' id='word_1_451' title='bbox 1005 704 1066 738; x_wconf 54' lang='lat'><strong>2191.</strong></span> <span class='ocrx_word' id='word_1_452' title='bbox 1084 705 1169 731; x_wconf 80' lang='grc' dir='ltr'>Οὐδὲν</span> <span class='ocrx_word' id='word_1_453' title='bbox 1189 704 1243 741; x_wconf 84' lang='grc' dir='ltr'>γὰρ</span> <span class='ocrx_word' id='word_1_454' title='bbox 1267 705 1369 733; x_wconf 87' lang='grc' dir='ltr'>τούτων</span> <span class='ocrx_word' id='word_1_455' title='bbox 1393 706 1505 741; x_wconf 83' lang='grc' dir='ltr'><strong>ἀγνοίας</strong></span> <span class='ocrx_word' id='word_1_456' title='bbox 1522 709 1682 743; x_wconf 83' lang='grc' dir='ltr'>κατηγορεῖ,</span> <span class='ocrx_word' id='word_1_457' title='bbox 1701 709 1741 744; x_wconf 86' lang='grc' dir='ltr'>τῷ</span> <span class='ocrx_word' id='word_1_458' title='bbox 1763 710 1798 736; x_wconf 81' lang='grc' dir='ltr'>δι’</span> 
     </span>
    </p>
   </div>
   <div class='ocr_carea' id='block_1_68' title="bbox 1005 746 1796 788">
    <p class='ocr_par' dir='ltr' id='par_1_68' title="bbox 1005 746 1796 788">
     <span class='ocr_line' id='line_1_68' title="bbox 1005 746 1796 788; baseline 0.008 -13"><span class='ocrx_word' id='word_1_459' title='bbox 1005 750 1078 785; x_wconf 79' lang='grc' dir='ltr'>ἡμᾶς</span> <span class='ocrx_word' id='word_1_460' title='bbox 1096 749 1158 776; x_wconf 81' lang='grc' dir='ltr'>καθ’</span> <span class='ocrx_word' id='word_1_461' title='bbox 1176 746 1250 785; x_wconf 71' lang='grc' dir='ltr'>ἡμᾶς</span> <span class='ocrx_word' id='word_1_462' title='bbox 1264 751 1403 787; x_wconf 82' lang='grc' dir='ltr'>γενομένῳ</span> <span class='ocrx_word' id='word_1_463' title='bbox 1423 752 1502 788; x_wconf 81' lang='grc' dir='ltr'>Λόγῳ</span> <span class='ocrx_word' id='word_1_464' title='bbox 1516 752 1575 788; x_wconf 82' lang='grc' dir='ltr'><strong>Θεῷ</strong></span> <span class='ocrx_word' id='word_1_465' title='bbox 1585 761 1592 767; x_wconf 71' lang='grc'><strong><em>⁸</em></strong></span> <span class='ocrx_word' id='word_1_466' title='bbox 1608 754 1640 780; x_wconf 83' lang='grc' dir='ltr'><strong>ἐκ</strong></span> <span class='ocrx_word' id='word_1_467' title='bbox 1654 754 1756 780; x_wconf 79' lang='grc' dir='ltr'>τούτων</span> <span class='ocrx_word' id='word_1_468' title='bbox 1770 754 1796 780; x_wconf 59' lang='grc' dir='ltr'>ἃ</span> 
     </span>
    </p>
   </div>
   <div class='ocr_carea' id='block_1_69' title="bbox 1007 793 1796 836">
    <p class='ocr_par' dir='ltr' id='par_1_69' title="bbox 1007 793 1796 836">
     <span class='ocr_line' id='line_1_69' title="bbox 1007 793 1796 836; baseline 0.008 -15"><span class='ocrx_word' id='word_1_469' title='bbox 1007 796 1107 831; x_wconf 58' lang='grc' dir='ltr'>μῶλον</span> <span class='ocrx_word' id='word_1_470' title='bbox 1121 793 1179 822; x_wconf 72' lang='grc' dir='ltr'>ἴσον</span> <span class='ocrx_word' id='word_1_471' title='bbox 1193 795 1231 831; x_wconf 83' lang='grc' dir='ltr'><strong>τῷ</strong></span> <span class='ocrx_word' id='word_1_472' title='bbox 1247 797 1335 833; x_wconf 63' lang='lat' dir='ltr'><strong>Harp!</strong></span> <span class='ocrx_word' id='word_1_473' title='bbox 1359 798 1542 834; x_wconf 84' lang='grc' dir='ltr'>δεικνυμὲνῳ·</span> <span class='ocrx_word' id='word_1_474' title='bbox 1565 799 1596 825; x_wconf 72' lang='grc'><strong>’0</strong></span> <span class='ocrx_word' id='word_1_475' title='bbox 1620 800 1720 835; x_wconf 83' lang='grc' dir='ltr'>Πατὴρ</span> <span class='ocrx_word' id='word_1_476' title='bbox 1742 801 1796 836; x_wconf 79' lang='grc' dir='ltr'><strong>γάρ</strong></span> 
     </span>
    </p>
   </div>
   <div class='ocr_carea' id='block_1_70' title="bbox 1004 842 1792 881">
    <p class='ocr_par' dir='ltr' id='par_1_70' title="bbox 1004 842 1792 881">
     <span class='ocr_line' id='line_1_70' title="bbox 1004 842 1792 881; baseline 0.006 -14"><span class='ocrx_word' id='word_1_477' title='bbox 1004 850 1074 876; x_wconf 82' lang='grc' dir='ltr'>μου,</span> <span class='ocrx_word' id='word_1_478' title='bbox 1093 842 1184 876; x_wconf 62' lang='grc' dir='ltr'>φησιν,</span> <span class='ocrx_word' id='word_1_479' title='bbox 1209 842 1265 876; x_wconf 77' lang='grc' dir='ltr'>ἕως</span> <span class='ocrx_word' id='word_1_480' title='bbox 1280 843 1345 877; x_wconf 79' lang='grc' dir='ltr'>ἄρτι</span> <span class='ocrx_word' id='word_1_481' title='bbox 1362 843 1521 878; x_wconf 72' lang='grc' dir='ltr'><strong>ἐργάζεται,</strong></span> <span class='ocrx_word' id='word_1_482' title='bbox 1545 844 1792 881; x_wconf 71' lang='grc' dir='ltr'><strong>κάγὼὲρτάζομαι·</strong></span> 
     </span>
    </p>
   </div>
   <div class='ocr_carea' id='block_1_71' title="bbox 1004 888 1796 926">
    <p class='ocr_par' dir='ltr' id='par_1_71' title="bbox 1004 888 1796 926">
     <span class='ocr_line' id='line_1_71' title="bbox 1004 888 1796 926; baseline 0.004 -12"><span class='ocrx_word' id='word_1_483' title='bbox 1004 888 1055 915; x_wconf 81' lang='grc' dir='ltr'>οὐκ</span> <span class='ocrx_word' id='word_1_484' title='bbox 1068 888 1239 920; x_wconf 75' lang='grc' dir='ltr'>ἐκλείποντος</span> <span class='ocrx_word' id='word_1_485' title='bbox 1253 897 1327 920; x_wconf 84' lang='grc' dir='ltr'>τινος</span> <span class='ocrx_word' id='word_1_486' title='bbox 1349 891 1382 925; x_wconf 84' lang='grc' dir='ltr'>τῇ</span> <span class='ocrx_word' id='word_1_487' title='bbox 1397 890 1463 925; x_wconf 78' lang='grc' dir='ltr'>παρ’</span> <span class='ocrx_word' id='word_1_488' title='bbox 1477 890 1555 925; x_wconf 86' lang='grc' dir='ltr'>ήμῶν</span> <span class='ocrx_word' id='word_1_489' title='bbox 1572 889 1620 916; x_wconf 80' lang='grc' dir='ltr'><strong>τοῦ</strong></span> <span class='ocrx_word' id='word_1_490' title='bbox 1635 891 1734 922; x_wconf 81' lang='grc' dir='ltr'>παντὸς</span> <span class='ocrx_word' id='word_1_491' title='bbox 1748 891 1796 926; x_wconf 81' lang='grc' dir='ltr'><strong>δη-</strong></span> 
     </span>
    </p>
   </div>
   <div class='ocr_carea' id='block_1_72' title="bbox 1006 933 1797 970">
    <p class='ocr_par' dir='ltr' id='par_1_72' title="bbox 1006 933 1797 970">
     <span class='ocr_line' id='line_1_72' title="bbox 1006 933 1797 970; baseline 0.003 -11"><span class='ocrx_word' id='word_1_492' title='bbox 1006 934 1143 969; x_wconf 79' lang='grc' dir='ltr'>μιουργίᾳ,</span> <span class='ocrx_word' id='word_1_493' title='bbox 1160 933 1274 966; x_wconf 79' lang='grc' dir='ltr'><strong>ἀτελοῦς</strong></span> <span class='ocrx_word' id='word_1_494' title='bbox 1291 935 1340 970; x_wconf 83' lang='grc' dir='ltr'><strong>τῆς</strong></span> <span class='ocrx_word' id='word_1_495' title='bbox 1356 935 1472 967; x_wconf 81' lang='grc' dir='ltr'>κτίσεως</span> <span class='ocrx_word' id='word_1_496' title='bbox 1495 935 1652 970; x_wconf 78' lang='grc' dir='ltr'>ὁρωμένης·</span> <span class='ocrx_word' id='word_1_497' title='bbox 1676 935 1734 961; x_wconf 82' lang='grc' dir='ltr'><strong>ἀλλ’</strong></span> <span class='ocrx_word' id='word_1_498' title='bbox 1752 936 1797 970; x_wconf 82' lang='grc' dir='ltr'><strong>ἐρ-</strong></span> 
     </span>
    </p>
   </div>
   <div class='ocr_carea' id='block_1_73' title="bbox 1003 979 1796 1016">
    <p class='ocr_par' dir='ltr' id='par_1_73' title="bbox 1003 979 1796 1016">
     <span class='ocr_line' id='line_1_73' title="bbox 1003 979 1796 1016; baseline 0 -10"><span class='ocrx_word' id='word_1_499' title='bbox 1003 979 1144 1013; x_wconf 78' lang='grc' dir='ltr'>γαζόμεθα</span> <span class='ocrx_word' id='word_1_500' title='bbox 1155 979 1200 1006; x_wconf 77' lang='grc' dir='ltr'><strong>τὴν</strong></span> <span class='ocrx_word' id='word_1_501' title='bbox 1217 980 1276 1006; x_wconf 78' lang='grc' dir='ltr'>κατ’</span> <span class='ocrx_word' id='word_1_502' title='bbox 1287 980 1387 1016; x_wconf 82' lang='grc' dir='ltr'>ἀρετὴν</span> <span class='ocrx_word' id='word_1_503' title='bbox 1408 980 1474 1015; x_wconf 82' lang='grc' dir='ltr'>βίον,</span> <span class='ocrx_word' id='word_1_504' title='bbox 1490 980 1594 1015; x_wconf 81' lang='grc' dir='ltr'><strong>βροτοῖς</strong></span> <span class='ocrx_word' id='word_1_505' title='bbox 1608 980 1796 1016; x_wconf 77' lang='grc' dir='ltr'><strong>ὑποτιθέμενοι</strong></span> 
     </span>
    </p>
   </div>
   <div class='ocr_carea' id='block_1_74' title="bbox 1003 1025 1796 1062">
    <p class='ocr_par' dir='ltr' id='par_1_74' title="bbox 1003 1025 1796 1062">
     <span class='ocr_line' id='line_1_74' title="bbox 1003 1025 1796 1062; baseline 0.003 -11"><span class='ocrx_word' id='word_1_506' title='bbox 1003 1025 1049 1052; x_wconf 74' lang='grc' dir='ltr'><strong>τὸν</strong></span> <span class='ocrx_word' id='word_1_507' title='bbox 1065 1025 1112 1058; x_wconf 79' lang='grc' dir='ltr'><strong>ξὺν</strong></span> <span class='ocrx_word' id='word_1_508' title='bbox 1127 1025 1187 1060; x_wconf 85' lang='grc' dir='ltr'><strong>Θεῷ</strong></span> <span class='ocrx_word' id='word_1_509' title='bbox 1207 1025 1286 1061; x_wconf 76' lang='grc' dir='ltr'>ἡμῶν</span> <span class='ocrx_word' id='word_1_510' title='bbox 1309 1026 1406 1062; x_wconf 62' lang='grc' dir='ltr'><strong>Πατρὶ,</strong></span> <span class='ocrx_word' id='word_1_511' title='bbox 1422 1025 1467 1052; x_wconf 87' lang='grc' dir='ltr'><strong>διὰ</strong></span> <span class='ocrx_word' id='word_1_512' title='bbox 1484 1026 1539 1052; x_wconf 85' lang='grc' dir='ltr'>τῶν</span> <span class='ocrx_word' id='word_1_513' title='bbox 1561 1027 1606 1053; x_wconf 82' lang='grc' dir='ltr'>ὑπ’</span> <span class='ocrx_word' id='word_1_514' title='bbox 1622 1027 1725 1053; x_wconf 82' lang='grc' dir='ltr'>ἐκείνου</span> <span class='ocrx_word' id='word_1_515' title='bbox 1748 1027 1796 1062; x_wconf 74' lang='grc' dir='ltr'><strong>ἠδη</strong></span> 
     </span>
    </p>
   </div>
   <div class='ocr_carea' id='block_1_75' title="bbox 1004 1071 1795 1109">
    <p class='ocr_par' dir='ltr' id='par_1_75' title="bbox 1004 1071 1795 1109">
     <span class='ocr_line' id='line_1_75' title="bbox 1004 1071 1795 1109; baseline 0.003 -11"><span class='ocrx_word' id='word_1_516' title='bbox 1004 1072 1035 1098; x_wconf 81' lang='grc' dir='ltr'>ἐκ</span> <span class='ocrx_word' id='word_1_517' title='bbox 1057 1071 1104 1098; x_wconf 81' lang='grc' dir='ltr'><strong>τοῦ</strong></span> <span class='ocrx_word' id='word_1_518' title='bbox 1127 1072 1246 1107; x_wconf 82' lang='grc' dir='ltr'>χείρονος</span> <span class='ocrx_word' id='word_1_519' title='bbox 1273 1073 1320 1099; x_wconf 76' lang='grc' dir='ltr'>ἐπὶ</span> <span class='ocrx_word' id='word_1_520' title='bbox 1340 1073 1370 1098; x_wconf 78' lang='grc' dir='ltr'>τὸ</span> <span class='ocrx_word' id='word_1_521' title='bbox 1393 1074 1515 1108; x_wconf 84' lang='grc' dir='ltr'>κρεῖττον</span> <span class='ocrx_word' id='word_1_522' title='bbox 1537 1073 1795 1109; x_wconf 73' lang='grc' dir='ltr'>μεταρρωσῦἐντων.</span> 
     </span>
    </p>
   </div>
   <div class='ocr_carea' id='block_1_76' title="bbox 1009 1118 1797 1155">
    <p class='ocr_par' dir='ltr' id='par_1_76' title="bbox 1009 1118 1797 1155">
     <span class='ocr_line' id='line_1_76' title="bbox 1009 1118 1797 1155; baseline 0.004 -11"><span class='ocrx_word' id='word_1_523' title='bbox 1009 1119 1039 1144; x_wconf 86' lang='grc' dir='ltr'>Ὀ</span> <span class='ocrx_word' id='word_1_524' title='bbox 1064 1118 1160 1153; x_wconf 78' lang='grc' dir='ltr'>Πατὴρ</span> <span class='ocrx_word' id='word_1_525' title='bbox 1181 1118 1297 1145; x_wconf 79' lang='grc' dir='ltr'>ἐπύθετο</span> <span class='ocrx_word' id='word_1_526' title='bbox 1324 1119 1497 1154; x_wconf 80' lang='grc' dir='ltr'>προπάτορος</span> <span class='ocrx_word' id='word_1_527' title='bbox 1521 1119 1600 1154; x_wconf 73' lang='grc' dir='ltr'>ἡμῶν</span> <span class='ocrx_word' id='word_1_528' title='bbox 1624 1120 1797 1155; x_wconf 75' lang='grc' dir='ltr'>παραϐάντος</span> 
     </span>
    </p>
   </div>
   <div class='ocr_carea' id='block_1_77' title="bbox 1010 1161 1796 1201">
    <p class='ocr_par' dir='ltr' id='par_1_77' title="bbox 1010 1161 1796 1201">
     <span class='ocr_line' id='line_1_77' title="bbox 1010 1161 1796 1201; baseline 0.001 -12"><span class='ocrx_word' id='word_1_529' title='bbox 1010 1163 1104 1198; x_wconf 80' lang='grc' dir='ltr'>Ἀδὰμ,</span> <span class='ocrx_word' id='word_1_530' title='bbox 1122 1163 1184 1190; x_wconf 89' lang='grc' dir='ltr'><strong>Ποῦ</strong></span> <span class='ocrx_word' id='word_1_531' title='bbox 1203 1161 1251 1195; x_wconf 73' lang='lat' dir='ltr'><strong>el;</strong></span> <span class='ocrx_word' id='word_1_532' title='bbox 1271 1164 1321 1190; x_wconf 83' lang='grc' dir='ltr'><strong>οὐκ</strong></span> <span class='ocrx_word' id='word_1_533' title='bbox 1348 1164 1452 1199; x_wconf 77' lang='grc' dir='ltr'>ἀγνοῶν</span> <span class='ocrx_word' id='word_1_534' title='bbox 1474 1164 1616 1191; x_wconf 80' lang='grc' dir='ltr'>λανθάνειν</span> <span class='ocrx_word' id='word_1_535' title='bbox 1639 1165 1796 1201; x_wconf 80' lang='grc' dir='ltr'>πειρᾶσθαι,</span> 
     </span>
    </p>
   </div>
   <div class='ocr_carea' id='block_1_78' title="bbox 1004 1209 1798 1246">
    <p class='ocr_par' dir='ltr' id='par_1_78' title="bbox 1004 1209 1798 1246">
     <span class='ocr_line' id='line_1_78' title="bbox 1004 1209 1798 1246; baseline 0.004 -11"><span class='ocrx_word' id='word_1_536' title='bbox 1004 1210 1095 1236; x_wconf 79' lang='grc' dir='ltr'>καὶτὸ</span> <span class='ocrx_word' id='word_1_537' title='bbox 1114 1209 1169 1235; x_wconf 87' lang='grc' dir='ltr'>δεῖν</span> <span class='ocrx_word' id='word_1_538' title='bbox 1186 1209 1380 1244; x_wconf 64' lang='grc' dir='ltr'>κραδαίνεσθαι</span> <span class='ocrx_word' id='word_1_539' title='bbox 1399 1210 1445 1236; x_wconf 77' lang='grc' dir='ltr'><strong>τὸν</strong></span> <span class='ocrx_word' id='word_1_540' title='bbox 1461 1211 1632 1246; x_wconf 77' lang='grc' dir='ltr'>παραϐάτην,</span> <span class='ocrx_word' id='word_1_541' title='bbox 1656 1211 1713 1238; x_wconf 82' lang='grc' dir='ltr'><strong>ἀλλ’</strong></span> <span class='ocrx_word' id='word_1_542' title='bbox 1732 1211 1798 1238; x_wconf 73' lang='grc' dir='ltr'>ὡσεὶ</span> 
     </span>
    </p>
   </div>
   <div class='ocr_carea' id='block_1_79' title="bbox 1003 1255 1797 1293">
    <p class='ocr_par' dir='ltr' id='par_1_79' title="bbox 1003 1255 1797 1293">
     <span class='ocr_line' id='line_1_79' title="bbox 1003 1255 1797 1293; baseline 0.004 -12"><span class='ocrx_word' id='word_1_543' title='bbox 1003 1255 1090 1290; x_wconf 84' lang='grc' dir='ltr'>γελῶν</span> <span class='ocrx_word' id='word_1_544' title='bbox 1105 1256 1151 1282; x_wconf 80' lang='grc' dir='ltr'>καὶ</span> <span class='ocrx_word' id='word_1_545' title='bbox 1170 1255 1310 1290; x_wconf 78' lang='grc' dir='ltr'><strong>χλευάζων</strong></span> <span class='ocrx_word' id='word_1_546' title='bbox 1330 1257 1414 1283; x_wconf 75' lang='grc' dir='ltr'>αὑτοῦ</span> <span class='ocrx_word' id='word_1_547' title='bbox 1434 1257 1484 1292; x_wconf 83' lang='grc' dir='ltr'>τὴν</span> <span class='ocrx_word' id='word_1_548' title='bbox 1498 1257 1649 1292; x_wconf 78' lang='grc' dir='ltr'><strong>ὑπαγωγὴν</strong></span> <span class='ocrx_word' id='word_1_549' title='bbox 1671 1258 1719 1284; x_wconf 78' lang='grc' dir='ltr'>καὶ</span> <span class='ocrx_word' id='word_1_550' title='bbox 1733 1258 1797 1293; x_wconf 79' lang='grc' dir='ltr'><strong>εὐή-</strong></span> 
     </span>
    </p>
   </div>
   <div class='ocr_carea' id='block_1_80' title="bbox 1004 1299 1797 1337">
    <p class='ocr_par' dir='ltr' id='par_1_80' title="bbox 1004 1299 1797 1337">
     <span class='ocr_line' id='line_1_80' title="bbox 1004 1299 1797 1337; baseline 0.001 -10"><span class='ocrx_word' id='word_1_551' title='bbox 1004 1300 1080 1327; x_wconf 85' lang='grc' dir='ltr'>θειαν</span> <span class='ocrx_word' id='word_1_552' title='bbox 1093 1301 1142 1336; x_wconf 78' lang='grc' dir='ltr'><strong>τῆς</strong></span> <span class='ocrx_word' id='word_1_553' title='bbox 1164 1300 1303 1332; x_wconf 76' lang='grc' dir='ltr'>ἀϐουλίας,</span> <span class='ocrx_word' id='word_1_554' title='bbox 1322 1299 1400 1333; x_wconf 85' lang='grc' dir='ltr'>αὖθις</span> <span class='ocrx_word' id='word_1_555' title='bbox 1420 1303 1453 1337; x_wconf 84' lang='grc' dir='ltr'>τῇ</span> <span class='ocrx_word' id='word_1_556' title='bbox 1472 1302 1614 1337; x_wconf 77' lang='grc' dir='ltr'>ἁγορεὺσει</span> <span class='ocrx_word' id='word_1_557' title='bbox 1628 1301 1675 1328; x_wconf 80' lang='grc' dir='ltr'><strong>τοῦ</strong></span> <span class='ocrx_word' id='word_1_558' title='bbox 1690 1302 1797 1337; x_wconf 77' lang='grc' dir='ltr'><strong>ἀπηγο-</strong></span> 
     </span>
    </p>
   </div>
   <div class='ocr_carea' id='block_1_81' title="bbox 1007 1346 1798 1383">
    <p class='ocr_par' dir='ltr' id='par_1_81' title="bbox 1007 1346 1798 1383">
     <span class='ocr_line' id='line_1_81' title="bbox 1007 1346 1798 1383; baseline 0.001 -10"><span class='ocrx_word' id='word_1_559' title='bbox 1007 1346 1137 1383; x_wconf 70' lang='grc' dir='ltr'>ρευμένον</span> <span class='ocrx_word' id='word_1_560' title='bbox 1153 1347 1322 1382; x_wconf 77' lang='grc' dir='ltr'>κρύπτεσθαι</span> <span class='ocrx_word' id='word_1_561' title='bbox 1340 1348 1521 1383; x_wconf 78' lang='grc' dir='ltr'>πειρωμένου.</span> <span class='ocrx_word' id='word_1_562' title='bbox 1540 1349 1612 1383; x_wconf 82' lang='grc' dir='ltr'>Πρὸς</span> <span class='ocrx_word' id='word_1_563' title='bbox 1636 1349 1665 1375; x_wconf 78' lang='grc' dir='ltr'>ὄν</span> <span class='ocrx_word' id='word_1_564' title='bbox 1686 1357 1768 1383; x_wconf 81' lang='grc' dir='ltr'>φησιν</span> <span class='ocrx_word' id='word_1_565' title='bbox 1783 1349 1798 1374; x_wconf 75' lang='grc' dir='ltr'>ἁ</span> 
     </span>
    </p>
   </div>
   <div class='ocr_carea' id='block_1_82' title="bbox 1004 1391 1795 1429">
    <p class='ocr_par' dir='ltr' id='par_1_82' title="bbox 1004 1391 1795 1429">
     <span class='ocr_line' id='line_1_82' title="bbox 1004 1391 1795 1429; baseline 0.001 -10"><span class='ocrx_word' id='word_1_566' title='bbox 1004 1393 1129 1428; x_wconf 80' lang='grc' dir='ltr'>ἄληστος,</span> <span class='ocrx_word' id='word_1_567' title='bbox 1157 1393 1220 1420; x_wconf 89' lang='grc' dir='ltr'><strong>Ιιοῦ</strong></span> <span class='ocrx_word' id='word_1_568' title='bbox 1242 1391 1278 1424; x_wconf 83' lang='grc' dir='ltr'><strong>εἷ,</strong></span> <span class='ocrx_word' id='word_1_569' title='bbox 1305 1394 1319 1419; x_wconf 86' lang='grc' dir='ltr'>ὁ</span> <span class='ocrx_word' id='word_1_570' title='bbox 1343 1393 1430 1420; x_wconf 84' lang='grc' dir='ltr'>δοκῶν</span> <span class='ocrx_word' id='word_1_571' title='bbox 1457 1393 1644 1426; x_wconf 75' lang='grc' dir='ltr'><strong>ὲκθειάζεσθαι</strong></span> <span class='ocrx_word' id='word_1_572' title='bbox 1668 1395 1702 1428; x_wconf 82' lang='grc' dir='ltr'>τῇ</span> <span class='ocrx_word' id='word_1_573' title='bbox 1727 1402 1795 1429; x_wconf 82' lang='grc' dir='ltr'>συμ-</span> 
     </span>
    </p>
   </div>
   <div class='ocr_carea' id='block_1_83' title="bbox 1005 1438 1796 1475">
    <p class='ocr_par' dir='ltr' id='par_1_83' title="bbox 1005 1438 1796 1475">
     <span class='ocr_line' id='line_1_83' title="bbox 1005 1438 1796 1475; baseline 0 -10"><span class='ocrx_word' id='word_1_574' title='bbox 1005 1439 1100 1474; x_wconf 80' lang='grc' dir='ltr'>ϐουλίᾳ</span> <span class='ocrx_word' id='word_1_575' title='bbox 1125 1438 1172 1465; x_wconf 81' lang='grc' dir='ltr'>τοῦ</span> <span class='ocrx_word' id='word_1_576' title='bbox 1195 1439 1358 1474; x_wconf 79' lang='grc' dir='ltr'>δράκοντος;</span> <span class='ocrx_word' id='word_1_577' title='bbox 1381 1440 1443 1467; x_wconf 87' lang='grc' dir='ltr'><strong>Ποῦ</strong></span> <span class='ocrx_word' id='word_1_578' title='bbox 1464 1438 1505 1472; x_wconf 75' lang='grc' dir='ltr'><strong>εἷ,</strong></span> <span class='ocrx_word' id='word_1_579' title='bbox 1525 1441 1539 1466; x_wconf 84' lang='grc' dir='ltr'>ὁ</span> <span class='ocrx_word' id='word_1_580' title='bbox 1563 1440 1717 1475; x_wconf 74' lang='grc' dir='ltr'><strong>ἀπειθήσας</strong></span> <span class='ocrx_word' id='word_1_581' title='bbox 1738 1438 1796 1475; x_wconf 86' lang='grc' dir='ltr'><strong>Θεῷ</strong></span> 
     </span>
    </p>
   </div>
   <div class='ocr_carea' id='block_1_84' title="bbox 1005 1485 1796 1522">
    <p class='ocr_par' dir='ltr' id='par_1_84' title="bbox 1005 1485 1796 1522">
     <span class='ocr_line' id='line_1_84' title="bbox 1005 1485 1796 1522; baseline 0 -10"><span class='ocrx_word' id='word_1_582' title='bbox 1005 1486 1053 1512; x_wconf 73' lang='grc' dir='ltr'>καὶ</span> <span class='ocrx_word' id='word_1_583' title='bbox 1070 1485 1217 1517; x_wconf 79' lang='grc' dir='ltr'><strong>πιστεύσας</strong></span> <span class='ocrx_word' id='word_1_584' title='bbox 1244 1485 1349 1521; x_wconf 80' lang='grc' dir='ltr'><strong>ὲχθρῷ;</strong></span> <span class='ocrx_word' id='word_1_585' title='bbox 1365 1486 1410 1521; x_wconf 82' lang='grc' dir='ltr'><strong>Μὴ</strong></span> <span class='ocrx_word' id='word_1_586' title='bbox 1439 1486 1571 1522; x_wconf 58' lang='grc' dir='ltr'>κρύπτοι),</span> <span class='ocrx_word' id='word_1_587' title='bbox 1588 1486 1679 1521; x_wconf 75' lang='grc' dir='ltr'>φησὶν,</span> <span class='ocrx_word' id='word_1_588' title='bbox 1695 1487 1725 1512; x_wconf 78' lang='grc' dir='ltr'>οὐ</span> <span class='ocrx_word' id='word_1_589' title='bbox 1744 1485 1796 1521; x_wconf 78' lang='grc' dir='ltr'><strong>γὰρ</strong></span> 
     </span>
    </p>
   </div>
   <div class='ocr_carea' id='block_1_85' title="bbox 1003 1531 1793 1567">
    <p class='ocr_par' dir='ltr' id='par_1_85' title="bbox 1003 1531 1793 1567">
     <span class='ocr_line' id='line_1_85' title="bbox 1003 1531 1793 1567; baseline 0.001 -10"><span class='ocrx_word' id='word_1_590' title='bbox 1003 1531 1073 1567; x_wconf 76' lang='grc' dir='ltr'><strong>λήσῃ</strong></span> <span class='ocrx_word' id='word_1_591' title='bbox 1088 1531 1137 1566; x_wconf 74' lang='grc' dir='ltr'><strong>τὴν</strong></span> <span class='ocrx_word' id='word_1_592' title='bbox 1153 1532 1291 1567; x_wconf 78' lang='grc' dir='ltr'><strong>ἀκήρατον</strong></span> <span class='ocrx_word' id='word_1_593' title='bbox 1303 1533 1350 1558; x_wconf 79' lang='grc' dir='ltr'><strong>καὶ</strong></span> <span class='ocrx_word' id='word_1_594' title='bbox 1367 1533 1504 1567; x_wconf 80' lang='grc' dir='ltr'><strong>μακαρίαν</strong></span> <span class='ocrx_word' id='word_1_595' title='bbox 1516 1533 1588 1567; x_wconf 75' lang='grc' dir='ltr'>ζωὴν</span> <span class='ocrx_word' id='word_1_596' title='bbox 1604 1533 1793 1567; x_wconf 75' lang='grc' dir='ltr'>ἐκδυσάμενος.</span> 
     </span>
    </p>
   </div>
   <div class='ocr_carea' id='block_1_86' title="bbox 1010 1576 1798 1614">
    <p class='ocr_par' dir='ltr' id='par_1_86' title="bbox 1010 1576 1798 1614">
     <span class='ocr_line' id='line_1_86' title="bbox 1010 1576 1798 1614; baseline 0 -9"><span class='ocrx_word' id='word_1_597' title='bbox 1010 1577 1125 1613; x_wconf 81' lang='grc' dir='ltr'><strong>Ὁμοίως</strong></span> <span class='ocrx_word' id='word_1_598' title='bbox 1156 1576 1203 1605; x_wconf 82' lang='grc' dir='ltr'>οὖν</span> <span class='ocrx_word' id='word_1_599' title='bbox 1232 1579 1245 1604; x_wconf 79' lang='grc' dir='ltr'>ὁ</span> <span class='ocrx_word' id='word_1_600' title='bbox 1277 1578 1356 1610; x_wconf 85' lang='grc' dir='ltr'>Υἱὸς,</span> <span class='ocrx_word' id='word_1_601' title='bbox 1400 1579 1451 1605; x_wconf 78' lang='grc' dir='ltr'><strong>ποῦ</strong></span> <span class='ocrx_word' id='word_1_602' title='bbox 1493 1579 1638 1614; x_wconf 74' lang='grc' dir='ltr'>καθεῖρκτο</span> <span class='ocrx_word' id='word_1_603' title='bbox 1672 1578 1798 1614; x_wconf 80' lang='grc' dir='ltr'><strong>Λάζαρος</strong></span> 
     </span>
    </p>
   </div>
   <div class='ocr_carea' id='block_1_87' title="bbox 1003 1624 1799 1661">
    <p class='ocr_par' dir='ltr' id='par_1_87' title="bbox 1003 1624 1799 1661">
     <span class='ocr_line' id='line_1_87' title="bbox 1003 1624 1799 1661; baseline -0.001 -10"><span class='ocrx_word' id='word_1_604' title='bbox 1003 1625 1053 1652; x_wconf 81' lang='grc' dir='ltr'>οὐκ</span> <span class='ocrx_word' id='word_1_605' title='bbox 1076 1624 1194 1659; x_wconf 85' lang='grc' dir='ltr'>ἀγνοῶν·</span> <span class='ocrx_word' id='word_1_606' title='bbox 1224 1625 1275 1661; x_wconf 79' lang='grc' dir='ltr'><strong>πρὸ</strong></span> <span class='ocrx_word' id='word_1_607' title='bbox 1300 1625 1346 1651; x_wconf 77' lang='grc' dir='ltr'>δύο</span> <span class='ocrx_word' id='word_1_608' title='bbox 1361 1624 1415 1661; x_wconf 79' lang='grc' dir='ltr'><strong>γὰρ</strong></span> <span class='ocrx_word' id='word_1_609' title='bbox 1440 1625 1551 1661; x_wconf 80' lang='grc' dir='ltr'>ἡμερῶν</span> <span class='ocrx_word' id='word_1_610' title='bbox 1577 1624 1625 1651; x_wconf 71' lang='grc' dir='ltr'><strong>τοῦ</strong></span> <span class='ocrx_word' id='word_1_611' title='bbox 1647 1624 1747 1658; x_wconf 59' lang='grc' dir='ltr'>ᾳθάσαι</span> <span class='ocrx_word' id='word_1_612' title='bbox 1769 1625 1799 1650; x_wconf 81' lang='grc' dir='ltr'><strong>ὲν</strong></span> 
     </span>
    </p>
   </div>
   <div class='ocr_carea' id='block_1_88' title="bbox 1004 1671 1797 1707">
    <p class='ocr_par' dir='ltr' id='par_1_88' title="bbox 1004 1671 1797 1707">
     <span class='ocr_line' id='line_1_88' title="bbox 1004 1671 1797 1707; baseline 0 -10"><span class='ocrx_word' id='word_1_613' title='bbox 1004 1671 1124 1707; x_wconf 73' lang='grc' dir='ltr'>Βηθανίᾳ</span> <span class='ocrx_word' id='word_1_614' title='bbox 1148 1673 1180 1707; x_wconf 84' lang='grc' dir='ltr'>τῇ</span> <span class='ocrx_word' id='word_1_615' title='bbox 1207 1671 1377 1706; x_wconf 73' lang='grc' dir='ltr'>ἐνεγκαμένῃ</span> <span class='ocrx_word' id='word_1_616' title='bbox 1403 1671 1537 1706; x_wconf 81' lang='grc' dir='ltr'><strong>Λάζαρον,</strong></span> <span class='ocrx_word' id='word_1_617' title='bbox 1563 1671 1630 1706; x_wconf 79' lang='grc' dir='ltr'>φησὶ</span> <span class='ocrx_word' id='word_1_618' title='bbox 1657 1672 1714 1702; x_wconf 85' lang='grc' dir='ltr'>τοῖς</span> <span class='ocrx_word' id='word_1_619' title='bbox 1736 1671 1797 1697; x_wconf 77' lang='grc' dir='ltr'><strong>ἑπο-</strong></span> 
     </span>
    </p>
   </div>
   <div class='ocr_carea' id='block_1_89' title="bbox 1006 1716 1797 1752">
    <p class='ocr_par' dir='ltr' id='par_1_89' title="bbox 1006 1716 1797 1752">
     <span class='ocr_line' id='line_1_89' title="bbox 1006 1716 1797 1752; baseline 0 -10"><span class='ocrx_word' id='word_1_620' title='bbox 1006 1717 1107 1752; x_wconf 83' lang='grc' dir='ltr'><strong>μένοις,</strong></span> <span class='ocrx_word' id='word_1_621' title='bbox 1136 1716 1267 1750; x_wconf 77' lang='grc' dir='ltr'><strong>Λάζαρος</strong></span> <span class='ocrx_word' id='word_1_622' title='bbox 1294 1718 1311 1743; x_wconf 85' lang='grc' dir='ltr'><em>ὀ</em></span> <span class='ocrx_word' id='word_1_623' title='bbox 1334 1717 1424 1751; x_wconf 63' lang='grc' dir='ltr'>φίλος</span> <span class='ocrx_word' id='word_1_624' title='bbox 1440 1716 1524 1751; x_wconf 77' lang='grc' dir='ltr'><strong>ἡμῶν</strong></span> <span class='ocrx_word' id='word_1_625' title='bbox 1542 1717 1726 1752; x_wconf 80' lang='grc' dir='ltr'><strong>κεκοίμηται.</strong></span> <span class='ocrx_word' id='word_1_626' title='bbox 1748 1716 1797 1743; x_wconf 77' lang='grc' dir='ltr'>καί</span> 
     </span>
    </p>
   </div>
   <div class='ocr_carea' id='block_1_90' title="bbox 1005 1763 1797 1799">
    <p class='ocr_par' dir='ltr' id='par_1_90' title="bbox 1005 1763 1797 1799">
     <span class='ocr_line' id='line_1_90' title="bbox 1005 1763 1797 1799; baseline 0 -10"><span class='ocrx_word' id='word_1_627' title='bbox 1005 1764 1166 1797; x_wconf 81' lang='grc' dir='ltr'><strong>πορεύομαι</strong></span> <span class='ocrx_word' id='word_1_628' title='bbox 1203 1763 1377 1798; x_wconf 73' lang='grc' dir='ltr'><strong>ὲξυπνῆσαι</strong></span> <span class='ocrx_word' id='word_1_629' title='bbox 1411 1763 1518 1795; x_wconf 73' lang='grc' dir='ltr'><strong>αὑτὸν,</strong></span> <span class='ocrx_word' id='word_1_630' title='bbox 1545 1764 1595 1799; x_wconf 77' lang='grc' dir='ltr'><strong>ἤδη</strong></span> <span class='ocrx_word' id='word_1_631' title='bbox 1630 1765 1797 1799; x_wconf 78' lang='grc' dir='ltr'><strong>τετρήμερον</strong></span> 
     </span>
    </p>
   </div>
   <div class='ocr_carea' id='block_1_91' title="bbox 1005 1807 1796 1846">
    <p class='ocr_par' dir='ltr' id='par_1_91' title="bbox 1005 1807 1796 1846">
     <span class='ocr_line' id='line_1_91' title="bbox 1005 1807 1796 1846; baseline 0 -10"><span class='ocrx_word' id='word_1_632' title='bbox 1005 1809 1130 1842; x_wconf 78' lang='grc' dir='ltr'><strong>ὀδωδότα,</strong></span> <span class='ocrx_word' id='word_1_633' title='bbox 1142 1810 1237 1846; x_wconf 78' lang='grc' dir='ltr'>νεκρὸν</span> <span class='ocrx_word' id='word_1_634' title='bbox 1251 1809 1418 1845; x_wconf 82' lang='grc' dir='ltr'>ὑπάρχοντα.</span> <span class='ocrx_word' id='word_1_635' title='bbox 1435 1810 1497 1841; x_wconf 82' lang='grc' dir='ltr'><strong>Πῶς</strong></span> <span class='ocrx_word' id='word_1_636' title='bbox 1513 1807 1559 1836; x_wconf 81' lang='grc' dir='ltr'>οὖν</span> <span class='ocrx_word' id='word_1_637' title='bbox 1575 1810 1627 1846; x_wconf 80' lang='grc' dir='ltr'>πρὸ</span> <span class='ocrx_word' id='word_1_638' title='bbox 1639 1810 1694 1836; x_wconf 80' lang='grc' dir='ltr'>τῶν</span> <span class='ocrx_word' id='word_1_639' title='bbox 1708 1811 1796 1836; x_wconf 84' lang='grc' dir='ltr'>τόπων</span> 
     </span>
    </p>
   </div>
   <div class='ocr_carea' id='block_1_92' title="bbox 1005 1854 1796 1890">
    <p class='ocr_par' dir='ltr' id='par_1_92' title="bbox 1005 1854 1796 1890">
     <span class='ocr_line' id='line_1_92' title="bbox 1005 1854 1796 1890; baseline -0.001 -9"><span class='ocrx_word' id='word_1_640' title='bbox 1005 1855 1040 1881; x_wconf 74' lang='grc' dir='ltr'>τὰ</span> <span class='ocrx_word' id='word_1_641' title='bbox 1069 1856 1099 1881; x_wconf 83' lang='grc' dir='ltr'>ἐν</span> <span class='ocrx_word' id='word_1_642' title='bbox 1134 1856 1226 1887; x_wconf 81' lang='grc' dir='ltr'><strong>τόποις</strong></span> <span class='ocrx_word' id='word_1_643' title='bbox 1257 1855 1440 1890; x_wconf 75' lang='grc' dir='ltr'>συμϐαίνοντα</span> <span class='ocrx_word' id='word_1_644' title='bbox 1473 1855 1673 1890; x_wconf 75' lang='grc' dir='ltr'>ἐπιστάμενος,</span> <span class='ocrx_word' id='word_1_645' title='bbox 1701 1854 1796 1886; x_wconf 72' lang='grc' dir='ltr'>ἐπιϐάς</span> 
     </span>
    </p>
   </div>
   <div class='ocr_carea' id='block_1_93' title="bbox 1006 1900 1797 1938">
    <p class='ocr_par' dir='ltr' id='par_1_93' title="bbox 1006 1900 1797 1938">
     <span class='ocr_line' id='line_1_93' title="bbox 1006 1900 1797 1938; baseline 0 -11"><span class='ocrx_word' id='word_1_646' title='bbox 1006 1902 1119 1933; x_wconf 69' lang='grc' dir='ltr'>ἐκείνοις</span> <span class='ocrx_word' id='word_1_647' title='bbox 1137 1901 1253 1936; x_wconf 81' lang='grc' dir='ltr'>σώματι,</span> <span class='ocrx_word' id='word_1_648' title='bbox 1278 1902 1400 1938; x_wconf 77' lang='grc' dir='ltr'>ἀγνοήσῃ</span> <span class='ocrx_word' id='word_1_649' title='bbox 1423 1901 1441 1927; x_wconf 81' lang='grc' dir='ltr'><strong>ἃ</strong></span> <span class='ocrx_word' id='word_1_650' title='bbox 1464 1901 1590 1937; x_wconf 69' lang='grc' dir='ltr'>προέγνω</span> <span class='ocrx_word' id='word_1_651' title='bbox 1613 1901 1720 1935; x_wconf 77' lang='grc' dir='ltr'>θεότητι</span> <span class='ocrx_word' id='word_1_652' title='bbox 1738 1900 1797 1927; x_wconf 85' lang='grc' dir='ltr'>καθ’</span> 
     </span>
    </p>
   </div>
   <div class='ocr_carea' id='block_1_94' title="bbox 1005 1947 1796 1983">
    <p class='ocr_par' dir='ltr' id='par_1_94' title="bbox 1005 1947 1796 1983">
     <span class='ocr_line' id='line_1_94' title="bbox 1005 1947 1796 1983; baseline -0.001 -9"><span class='ocrx_word' id='word_1_653' title='bbox 1005 1948 1038 1982; x_wconf 78' lang='grc' dir='ltr'><strong>ἣν</strong></span> <span class='ocrx_word' id='word_1_654' title='bbox 1050 1947 1198 1983; x_wconf 81' lang='grc' dir='ltr'>ἑπιπληροῖ</span> <span class='ocrx_word' id='word_1_655' title='bbox 1208 1948 1240 1974; x_wconf 79' lang='grc' dir='ltr'><strong>τὰ</strong></span> <span class='ocrx_word' id='word_1_656' title='bbox 1253 1947 1397 1983; x_wconf 79' lang='grc' dir='ltr'>σύμπαντα</span> <span class='ocrx_word' id='word_1_657' title='bbox 1408 1957 1415 1980; x_wconf 77' lang='grc' dir='ltr'><strong>ς</strong></span> <span class='ocrx_word' id='word_1_658' title='bbox 1432 1948 1501 1974; x_wconf 75' lang='grc' dir='ltr'><strong>Ἀλλ’</strong></span> <span class='ocrx_word' id='word_1_659' title='bbox 1514 1947 1692 1982; x_wconf 79' lang='grc' dir='ltr'><strong>οἰκονομικῶς</strong></span> <span class='ocrx_word' id='word_1_660' title='bbox 1705 1948 1796 1983; x_wconf 76' lang='grc' dir='ltr'>ἤρετο,</span> 
     </span>
    </p>
   </div>
   <div class='ocr_carea' id='block_1_95' title="bbox 1006 1993 1797 2030">
    <p class='ocr_par' dir='ltr' id='par_1_95' title="bbox 1006 1993 1797 2030">
     <span class='ocr_line' id='line_1_95' title="bbox 1006 1993 1797 2030; baseline -0.001 -10"><span class='ocrx_word' id='word_1_661' title='bbox 1006 1994 1076 2020; x_wconf 82' lang='grc' dir='ltr'>ὥστε</span> <span class='ocrx_word' id='word_1_662' title='bbox 1091 1994 1226 2030; x_wconf 79' lang='grc' dir='ltr'><strong>προφάσει</strong></span> <span class='ocrx_word' id='word_1_663' title='bbox 1237 1993 1282 2020; x_wconf 79' lang='grc' dir='ltr'>τοῦ</span> <span class='ocrx_word' id='word_1_664' title='bbox 1303 1994 1440 2025; x_wconf 79' lang='grc' dir='ltr'>ὑποδεῖξαι</span> <span class='ocrx_word' id='word_1_665' title='bbox 1459 1994 1579 2020; x_wconf 79' lang='grc' dir='ltr'>Ἰουδαῖοι</span> <span class='ocrx_word' id='word_1_666' title='bbox 1593 1994 1639 2020; x_wconf 69' lang='grc' dir='ltr'><strong>ἐπὶ</strong></span> <span class='ocrx_word' id='word_1_667' title='bbox 1652 1993 1696 2019; x_wconf 71' lang='grc' dir='ltr'>τὸν</span> <span class='ocrx_word' id='word_1_668' title='bbox 1714 1994 1797 2027; x_wconf 70' lang='grc' dir='ltr'>τάφον</span> 
     </span>
    </p>
   </div>
   <div class='ocr_carea' id='block_1_96' title="bbox 1008 2038 1798 2074">
    <p class='ocr_par' dir='ltr' id='par_1_96' title="bbox 1008 2038 1798 2074">
     <span class='ocr_line' id='line_1_96' title="bbox 1008 2038 1798 2074; baseline 0 -10"><span class='ocrx_word' id='word_1_669' title='bbox 1008 2039 1249 2074; x_wconf 79' lang='grc' dir='ltr'><strong>συναγειρόμενοι,</strong></span> <span class='ocrx_word' id='word_1_670' title='bbox 1278 2039 1416 2074; x_wconf 79' lang='grc' dir='ltr'>μάρτυρες</span> <span class='ocrx_word' id='word_1_671' title='bbox 1446 2039 1523 2065; x_wconf 79' lang='grc' dir='ltr'><strong>αὑτοὶ</strong></span> <span class='ocrx_word' id='word_1_672' title='bbox 1546 2039 1594 2073; x_wconf 82' lang='grc' dir='ltr'>τῆς</span> <span class='ocrx_word' id='word_1_673' title='bbox 1623 2038 1798 2068; x_wconf 73' lang='grc' dir='ltr'><strong>ἀναστάσεως</strong></span> 
     </span>
    </p>
   </div>
   <div class='ocr_carea' id='block_1_97' title="bbox 1006 2084 1798 2120">
    <p class='ocr_par' dir='ltr' id='par_1_97' title="bbox 1006 2084 1798 2120">
     <span class='ocr_line' id='line_1_97' title="bbox 1006 2084 1798 2120; baseline -0.001 -9"><span class='ocrx_word' id='word_1_674' title='bbox 1006 2085 1052 2111; x_wconf 81' lang='grc' dir='ltr'>τοῦ</span> <span class='ocrx_word' id='word_1_675' title='bbox 1077 2085 1239 2120; x_wconf 74' lang='grc' dir='ltr'>τεθνηκότος</span> <span class='ocrx_word' id='word_1_676' title='bbox 1264 2086 1413 2119; x_wconf 74' lang='grc' dir='ltr'>γένωνται·</span> <span class='ocrx_word' id='word_1_677' title='bbox 1433 2084 1492 2116; x_wconf 81' lang='grc' dir='ltr'>πῶς</span> <span class='ocrx_word' id='word_1_678' title='bbox 1517 2084 1652 2120; x_wconf 81' lang='grc' dir='ltr'>σουδαρίῳ</span> <span class='ocrx_word' id='word_1_679' title='bbox 1673 2084 1723 2119; x_wconf 79' lang='grc' dir='ltr'><strong>μὲν</strong></span> <span class='ocrx_word' id='word_1_680' title='bbox 1750 2085 1798 2120; x_wconf 75' lang='grc' dir='ltr'><strong>τὴν</strong></span> 
     </span>
    </p>
   </div>
   <div class='ocr_carea' id='block_1_98' title="bbox 1007 2129 1798 2166">
    <p class='ocr_par' dir='ltr' id='par_1_98' title="bbox 1007 2129 1798 2166">
     <span class='ocr_line' id='line_1_98' title="bbox 1007 2129 1798 2166; baseline -0.003 -8"><span class='ocrx_word' id='word_1_681' title='bbox 1007 2131 1129 2166; x_wconf 81' lang='grc' dir='ltr'>κεφαλὴν</span> <span class='ocrx_word' id='word_1_682' title='bbox 1144 2131 1294 2166; x_wconf 79' lang='grc' dir='ltr'>δεδεμένος,</span> <span class='ocrx_word' id='word_1_683' title='bbox 1308 2131 1356 2158; x_wconf 80' lang='grc' dir='ltr'><strong>καὶ</strong></span> <span class='ocrx_word' id='word_1_684' title='bbox 1371 2131 1404 2166; x_wconf 85' lang='grc' dir='ltr'>τῇ</span> <span class='ocrx_word' id='word_1_685' title='bbox 1423 2129 1552 2166; x_wconf 75' lang='grc' dir='ltr'>περιϐολῇ</span> <span class='ocrx_word' id='word_1_686' title='bbox 1567 2130 1617 2165; x_wconf 81' lang='grc' dir='ltr'><strong>τῆς</strong></span> <span class='ocrx_word' id='word_1_687' title='bbox 1636 2129 1732 2163; x_wconf 80' lang='grc' dir='ltr'>ὀθόνης</span> <span class='ocrx_word' id='word_1_688' title='bbox 1751 2130 1798 2161; x_wconf 76' lang='grc' dir='ltr'><strong>τὰς</strong></span> 
     </span>
    </p>
   </div>
   <div class='ocr_carea' id='block_1_99' title="bbox 1007 2175 1798 2212">
    <p class='ocr_par' dir='ltr' id='par_1_99' title="bbox 1007 2175 1798 2212">
     <span class='ocr_line' id='line_1_99' title="bbox 1007 2175 1798 2212; baseline -0.001 -9"><span class='ocrx_word' id='word_1_689' title='bbox 1007 2177 1082 2211; x_wconf 72' lang='grc' dir='ltr'>ὄψεις</span> <span class='ocrx_word' id='word_1_690' title='bbox 1097 2177 1314 2212; x_wconf 74' lang='grc' dir='ltr'>κεκαλυμμένος,</span> <span class='ocrx_word' id='word_1_691' title='bbox 1331 2176 1448 2212; x_wconf 80' lang='grc' dir='ltr'>κειρίαις</span> <span class='ocrx_word' id='word_1_692' title='bbox 1462 2176 1512 2207; x_wconf 76' lang='grc' dir='ltr'><strong>τὰς</strong></span> <span class='ocrx_word' id='word_1_693' title='bbox 1530 2176 1622 2211; x_wconf 80' lang='grc' dir='ltr'>βάσεις</span> <span class='ocrx_word' id='word_1_694' title='bbox 1642 2175 1798 2210; x_wconf 82' lang='grc' dir='ltr'>πεπεδημέ-</span> 
     </span>
    </p>
   </div>
   <div class='ocr_carea' id='block_1_100' title="bbox 1007 2222 1799 2258">
    <p class='ocr_par' dir='ltr' id='par_1_100' title="bbox 1007 2222 1799 2258">
     <span class='ocr_line' id='line_1_100' title="bbox 1007 2222 1799 2258; baseline -0.001 -9"><span class='ocrx_word' id='word_1_695' title='bbox 1007 2232 1061 2255; x_wconf 83' lang='grc' dir='ltr'>νος,</span> <span class='ocrx_word' id='word_1_696' title='bbox 1075 2223 1124 2258; x_wconf 76' lang='grc' dir='ltr'><strong>ἤδη</strong></span> <span class='ocrx_word' id='word_1_697' title='bbox 1140 2225 1175 2258; x_wconf 81' lang='grc' dir='ltr'>τῇ</span> <span class='ocrx_word' id='word_1_698' title='bbox 1197 2223 1284 2258; x_wconf 84' lang='grc' dir='ltr'>κράνῃ</span> <span class='ocrx_word' id='word_1_699' title='bbox 1302 2222 1446 2258; x_wconf 80' lang='grc' dir='ltr'>δεδορκὼς,</span> <span class='ocrx_word' id='word_1_700' title='bbox 1462 2222 1509 2249; x_wconf 71' lang='grc' dir='ltr'>καὶ</span> <span class='ocrx_word' id='word_1_701' title='bbox 1521 2222 1560 2256; x_wconf 83' lang='grc' dir='ltr'><strong>τῷ</strong></span> <span class='ocrx_word' id='word_1_702' title='bbox 1585 2222 1700 2257; x_wconf 83' lang='grc' dir='ltr'>στόματι</span> <span class='ocrx_word' id='word_1_703' title='bbox 1720 2231 1799 2256; x_wconf 79' lang='grc' dir='ltr'>σεση-</span> 
     </span>
    </p>
   </div>
   <div class='ocr_carea' id='block_1_101' title="bbox 1009 2268 1798 2306">
    <p class='ocr_par' dir='ltr' id='par_1_101' title="bbox 1009 2268 1798 2306">
     <span class='ocr_line' id='line_1_101' title="bbox 1009 2268 1798 2306; baseline -0.001 -11"><span class='ocrx_word' id='word_1_704' title='bbox 1009 2269 1048 2306; x_wconf 85' lang='grc' dir='ltr'>ρῷ</span> <span class='ocrx_word' id='word_1_705' title='bbox 1060 2269 1099 2304; x_wconf 75' lang='grc'><strong>(9)</strong></span> <span class='ocrx_word' id='word_1_706' title='bbox 1115 2269 1274 2304; x_wconf 85' lang='grc' dir='ltr'>διεφθορὼς,</span> <span class='ocrx_word' id='word_1_707' title='bbox 1289 2269 1337 2304; x_wconf 86' lang='grc' dir='ltr'><strong>τὴν</strong></span> <span class='ocrx_word' id='word_1_708' title='bbox 1359 2268 1482 2302; x_wconf 84' lang='grc' dir='ltr'>γλῶτταν</span> <span class='ocrx_word' id='word_1_709' title='bbox 1502 2268 1548 2294; x_wconf 72' lang='grc' dir='ltr'>καὶ</span> <span class='ocrx_word' id='word_1_710' title='bbox 1569 2268 1619 2300; x_wconf 83' lang='grc' dir='ltr'>τὰς</span> <span class='ocrx_word' id='word_1_711' title='bbox 1631 2268 1706 2303; x_wconf 71' lang='grc' dir='ltr'>ὄψεις</span> <span class='ocrx_word' id='word_1_712' title='bbox 1725 2269 1798 2303; x_wconf 84' lang='grc' dir='ltr'>διεῤ-</span> 
     </span>
    </p>
   </div>
   <div class='ocr_carea' id='block_1_102' title="bbox 1009 2314 1797 2351">
    <p class='ocr_par' dir='ltr' id='par_1_102' title="bbox 1009 2314 1797 2351">
     <span class='ocr_line' id='line_1_102' title="bbox 1009 2314 1797 2351; baseline -0.003 -9"><span class='ocrx_word' id='word_1_713' title='bbox 1009 2315 1128 2351; x_wconf 83' lang='grc' dir='ltr'>ρευκώς·</span> <span class='ocrx_word' id='word_1_714' title='bbox 1147 2315 1206 2347; x_wconf 84' lang='grc' dir='ltr'>πῶς</span> <span class='ocrx_word' id='word_1_715' title='bbox 1225 2317 1257 2351; x_wconf 88' lang='grc' dir='ltr'>τῇ</span> <span class='ocrx_word' id='word_1_716' title='bbox 1275 2317 1350 2351; x_wconf 75' lang='grc' dir='ltr'>φωνῇ</span> <span class='ocrx_word' id='word_1_717' title='bbox 1367 2315 1414 2341; x_wconf 72' lang='grc' dir='ltr'>τοῦ</span> <span class='ocrx_word' id='word_1_718' title='bbox 1430 2314 1601 2350; x_wconf 83' lang='grc' dir='ltr'>Δημιουργοῦ</span> <span class='ocrx_word' id='word_1_719' title='bbox 1626 2315 1797 2350; x_wconf 50' lang='lat' dir='ltr'><strong>eammeam</strong></span> 
     </span>
    </p>
   </div>
   <div class='ocr_carea' id='block_1_103' title="bbox 1007 2360 1796 2397">
    <p class='ocr_par' dir='ltr' id='par_1_103' title="bbox 1007 2360 1796 2397">
     <span class='ocr_line' id='line_1_103' title="bbox 1007 2360 1796 2397; baseline -0.001 -9"><span class='ocrx_word' id='word_1_720' title='bbox 1007 2362 1081 2397; x_wconf 79' lang='grc' dir='ltr'>ψυχὴ</span> <span class='ocrx_word' id='word_1_721' title='bbox 1099 2362 1217 2394; x_wconf 73' lang='grc' dir='ltr'>ἕλκεται,</span> <span class='ocrx_word' id='word_1_722' title='bbox 1233 2361 1280 2388; x_wconf 76' lang='grc' dir='ltr'>καὶ</span> <span class='ocrx_word' id='word_1_723' title='bbox 1297 2361 1336 2397; x_wconf 85' lang='grc' dir='ltr'>τῷ</span> <span class='ocrx_word' id='word_1_724' title='bbox 1352 2361 1542 2395; x_wconf 73' lang='grc' dir='ltr'>ἀπολειφθέντι</span> <span class='ocrx_word' id='word_1_725' title='bbox 1556 2360 1655 2388; x_wconf 80' lang='grc' dir='ltr'>ἐνίεται</span> <span class='ocrx_word' id='word_1_726' title='bbox 1674 2361 1796 2396; x_wconf 84' lang='grc' dir='ltr'>σώματι;</span> 
     </span>
    </p>
   </div>
   <div class='ocr_carea' id='block_1_104' title="bbox 1008 2406 1797 2443">
    <p class='ocr_par' dir='ltr' id='par_1_104' title="bbox 1008 2406 1797 2443">
     <span class='ocr_line' id='line_1_104' title="bbox 1008 2406 1797 2443; baseline -0.001 -9"><span class='ocrx_word' id='word_1_727' title='bbox 1008 2408 1067 2439; x_wconf 84' lang='grc' dir='ltr'><strong>πῶς</strong></span> <span class='ocrx_word' id='word_1_728' title='bbox 1085 2407 1308 2443; x_wconf 81' lang='grc' dir='ltr'>συνειλημμένων</span> <span class='ocrx_word' id='word_1_729' title='bbox 1323 2407 1378 2434; x_wconf 83' lang='grc' dir='ltr'>τῶν</span> <span class='ocrx_word' id='word_1_730' title='bbox 1396 2406 1510 2442; x_wconf 81' lang='grc' dir='ltr'>βάσεων,</span> <span class='ocrx_word' id='word_1_731' title='bbox 1525 2407 1617 2442; x_wconf 84' lang='grc' dir='ltr'>πηδῶν</span> <span class='ocrx_word' id='word_1_732' title='bbox 1637 2406 1685 2433; x_wconf 83' lang='grc' dir='ltr'>τοῦ</span> <span class='ocrx_word' id='word_1_733' title='bbox 1702 2407 1797 2440; x_wconf 75' lang='grc' dir='ltr'>τάφου.</span> 
     </span>
    </p>
   </div>
   <div class='ocr_carea' id='block_1_105' title="bbox 1008 2453 1798 2490">
    <p class='ocr_par' dir='ltr' id='par_1_105' title="bbox 1008 2453 1798 2490">
     <span class='ocr_line' id='line_1_105' title="bbox 1008 2453 1798 2490; baseline -0.003 -10"><span class='ocrx_word' id='word_1_734' title='bbox 1008 2454 1167 2490; x_wconf 77' lang='grc' dir='ltr'>ὲξεκρούετο</span> <span class='ocrx_word' id='word_1_735' title='bbox 1193 2453 1334 2488; x_wconf 76' lang='grc' dir='ltr'><strong>ἀλώῦητος</strong></span> <span class='ocrx_word' id='word_1_736' title='bbox 1358 2453 1405 2479; x_wconf 74' lang='grc' dir='ltr'><strong>καὶ</strong></span> <span class='ocrx_word' id='word_1_737' title='bbox 1424 2453 1569 2489; x_wconf 82' lang='grc' dir='ltr'>ἀνελλιπὴς</span> <span class='ocrx_word' id='word_1_738' title='bbox 1594 2453 1742 2488; x_wconf 79' lang='grc' dir='ltr'>ὁρώμενος,</span> <span class='ocrx_word' id='word_1_739' title='bbox 1766 2454 1798 2488; x_wconf 84' lang='grc' dir='ltr'>τῇ</span> 
     </span>
    </p>
   </div>
   <div class='ocr_carea' id='block_1_106' title="bbox 1007 2499 1800 2536">
    <p class='ocr_par' dir='ltr' id='par_1_106' title="bbox 1007 2499 1800 2536">
     <span class='ocr_line' id='line_1_106' title="bbox 1007 2499 1800 2536; baseline -0.001 -9"><span class='ocrx_word' id='word_1_740' title='bbox 1007 2503 1081 2536; x_wconf 78' lang='grc' dir='ltr'>φωνῇ</span> <span class='ocrx_word' id='word_1_741' title='bbox 1103 2500 1151 2527; x_wconf 80' lang='grc' dir='ltr'><strong>τοῦ</strong></span> <span class='ocrx_word' id='word_1_742' title='bbox 1174 2500 1261 2534; x_wconf 84' lang='grc' dir='ltr'><strong>Λόγου</strong></span> <span class='ocrx_word' id='word_1_743' title='bbox 1284 2500 1536 2535; x_wconf 72' lang='grc' dir='ltr'>ἐπιρῤωννύμενος,</span> <span class='ocrx_word' id='word_1_744' title='bbox 1554 2500 1600 2526; x_wconf 71' lang='grc' dir='ltr'><strong>καὶ</strong></span> <span class='ocrx_word' id='word_1_745' title='bbox 1618 2499 1708 2535; x_wconf 79' lang='grc' dir='ltr'>βοηθῴ</span> <span class='ocrx_word' id='word_1_746' title='bbox 1732 2500 1800 2535; x_wconf 83' lang='grc' dir='ltr'>πρδς</span> 
     </span>
    </p>
   </div>
   <div class='ocr_carea' id='block_1_107' title="bbox 1007 2545 1800 2582">
    <p class='ocr_par' dir='ltr' id='par_1_107' title="bbox 1007 2545 1800 2582">
     <span class='ocr_line' id='line_1_107' title="bbox 1007 2545 1800 2582; baseline -0.003 -9"><span class='ocrx_word' id='word_1_747' title='bbox 1007 2547 1057 2582; x_wconf 77' lang='grc' dir='ltr'><strong>τὴν</strong></span> <span class='ocrx_word' id='word_1_748' title='bbox 1086 2546 1175 2580; x_wconf 69' lang='grc' dir='ltr'>ἔξοδον</span> <span class='ocrx_word' id='word_1_749' title='bbox 1201 2545 1429 2582; x_wconf 67' lang='grc' dir='ltr'>χρώμενοςμθὶς</span> <span class='ocrx_word' id='word_1_750' title='bbox 1459 2546 1538 2571; x_wconf 85' lang='grc' dir='ltr'>Δοκεῖ</span> <span class='ocrx_word' id='word_1_751' title='bbox 1566 2545 1595 2571; x_wconf 79' lang='grc' dir='ltr'><em>δέ</em></span> <span class='ocrx_word' id='word_1_752' title='bbox 1624 2554 1669 2580; x_wconf 90' lang='grc' dir='ltr'>μοι</span> <span class='ocrx_word' id='word_1_753' title='bbox 1692 2546 1739 2572; x_wconf 75' lang='grc' dir='ltr'><strong>καὶ</strong></span> <span class='ocrx_word' id='word_1_754' title='bbox 1761 2545 1800 2580; x_wconf 78' lang='grc' dir='ltr'>τῷ</span> 
     </span>
    </p>
   </div>
   <div class='ocr_carea' id='block_1_108' title="bbox 1009 2590 1797 2626">
    <p class='ocr_par' dir='ltr' id='par_1_108' title="bbox 1009 2590 1797 2626">
     <span class='ocr_line' id='line_1_108' title="bbox 1009 2590 1797 2626; baseline -0.003 -8"><span class='ocrx_word' id='word_1_755' title='bbox 1009 2591 1117 2626; x_wconf 80' lang='grc' dir='ltr'>θανάτῳ</span> <span class='ocrx_word' id='word_1_756' title='bbox 1133 2591 1330 2617; x_wconf 62' lang='grc' dir='ltr'>ὑπο-νύττεσθαι</span> <span class='ocrx_word' id='word_1_757' title='bbox 1348 2591 1415 2625; x_wconf 79' lang='grc' dir='ltr'>πρὸς</span> <span class='ocrx_word' id='word_1_758' title='bbox 1439 2590 1488 2625; x_wconf 81' lang='grc' dir='ltr'><strong>τὴν</strong></span> <span class='ocrx_word' id='word_1_759' title='bbox 1503 2590 1647 2626; x_wconf 81' lang='grc' dir='ltr'><strong>ὠκυτάτην</strong></span> <span class='ocrx_word' id='word_1_760' title='bbox 1675 2590 1797 2626; x_wconf 74' lang='grc' dir='ltr'>ἔγερσιν,</span> 
     </span>
    </p>
   </div>
   <div class='ocr_carea' id='block_1_109' title="bbox 1010 2635 1798 2672">
    <p class='ocr_par' dir='ltr' id='par_1_109' title="bbox 1010 2635 1798 2672">
     <span class='ocr_line' id='line_1_109' title="bbox 1010 2635 1798 2672; baseline -0.001 -10"><span class='ocrx_word' id='word_1_761' title='bbox 1010 2637 1108 2672; x_wconf 84' lang='grc' dir='ltr'>μήπως</span> <span class='ocrx_word' id='word_1_762' title='bbox 1119 2638 1152 2672; x_wconf 83' lang='grc' dir='ltr'><strong>τῇ</strong></span> <span class='ocrx_word' id='word_1_763' title='bbox 1169 2636 1295 2672; x_wconf 86' lang='grc' dir='ltr'>μελλήσει</span> <span class='ocrx_word' id='word_1_764' title='bbox 1304 2636 1434 2671; x_wconf 78' lang='grc' dir='ltr'>δευτέρας</span> <span class='ocrx_word' id='word_1_765' title='bbox 1448 2636 1596 2670; x_wconf 80' lang='grc' dir='ltr'>γενομένης</span> <span class='ocrx_word' id='word_1_766' title='bbox 1608 2637 1640 2661; x_wconf 82' lang='grc' dir='ltr'>ἐκ</span> <span class='ocrx_word' id='word_1_767' title='bbox 1650 2635 1699 2662; x_wconf 85' lang='grc' dir='ltr'>τοῦ</span> <span class='ocrx_word' id='word_1_768' title='bbox 1713 2635 1798 2669; x_wconf 78' lang='grc' dir='ltr'>Λόγου</span> 
     </span>
    </p>
   </div>
   <div class='ocr_carea' id='block_1_110' title="bbox 1009 2682 1798 2720">
    <p class='ocr_par' dir='ltr' id='par_1_110' title="bbox 1009 2682 1798 2720">
     <span class='ocr_line' id='line_1_110' title="bbox 1009 2682 1798 2720; baseline -0.003 -10"><span class='ocrx_word' id='word_1_769' title='bbox 1009 2684 1112 2719; x_wconf 82' lang='grc' dir='ltr'>φωνῆς,</span> <span class='ocrx_word' id='word_1_770' title='bbox 1122 2684 1225 2715; x_wconf 81' lang='grc' dir='ltr'>πάντας</span> <span class='ocrx_word' id='word_1_771' title='bbox 1238 2683 1270 2710; x_wconf 79' lang='grc' dir='ltr'><strong>ὰθ</strong></span> <span class='ocrx_word' id='word_1_772' title='bbox 1276 2684 1343 2719; x_wconf 86' lang='grc' dir='ltr'>ρόως</span> <span class='ocrx_word' id='word_1_773' title='bbox 1355 2683 1478 2720; x_wconf 78' lang='grc' dir='ltr'>ἀπολύσῃ</span> <span class='ocrx_word' id='word_1_774' title='bbox 1488 2683 1547 2709; x_wconf 78' lang='grc' dir='ltr'>ἐκεῖ</span> <span class='ocrx_word' id='word_1_775' title='bbox 1557 2682 1703 2714; x_wconf 83' lang='grc' dir='ltr'>τελοῦντας</span> <span class='ocrx_word' id='word_1_776' title='bbox 1712 2691 1719 2698; x_wconf 87' lang='grc'><strong>·</strong></span> <span class='ocrx_word' id='word_1_777' title='bbox 1733 2683 1798 2718; x_wconf 81' lang='grc' dir='ltr'>ὅπερ</span> 
     </span>
    </p>
   </div>
   <div class='ocr_carea' id='block_1_111' title="bbox 202 2750 953 2789">
    <p class='ocr_par' dir='ltr' id='par_1_111' title="bbox 202 2755 949 2789">
     <span class='ocr_line' id='line_1_111' title="bbox 202 2755 949 2789; baseline -0.001 -5"><span class='ocrx_word' id='word_1_778' title='bbox 202 2759 220 2774; x_wconf 61' lang='grc' dir='ltr'>ιε</span> <span class='ocrx_word' id='word_1_779' title='bbox 242 2760 307 2785; x_wconf 87' lang='lat' dir='ltr'><strong>Luc.</strong></span> <span class='ocrx_word' id='word_1_780' title='bbox 326 2766 356 2787; x_wconf 73' lang='grc' dir='ltr'><strong>ιι,</strong></span> <span class='ocrx_word' id='word_1_781' title='bbox 376 2757 421 2789; x_wconf 69' lang='grc'><strong>40,</strong></span> <span class='ocrx_word' id='word_1_782' title='bbox 438 2758 482 2785; x_wconf 72' lang='grc'><strong>59.</strong></span> <span class='ocrx_word' id='word_1_783' title='bbox 521 2757 543 2773; x_wconf 77' lang='grc' dir='ltr'><strong>ι·</strong></span> <span class='ocrx_word' id='word_1_784' title='bbox 558 2756 636 2784; x_wconf 87' lang='lat' dir='ltr'><strong>Joan.</strong></span> <span class='ocrx_word' id='word_1_785' title='bbox 656 2765 694 2789; x_wconf 76' lang='grc' dir='ltr'>ιιι,</span> <span class='ocrx_word' id='word_1_786' title='bbox 710 2757 752 2784; x_wconf 75' lang='grc' dir='ltr'><strong>δι.</strong></span> <span class='ocrx_word' id='word_1_787' title='bbox 794 2757 814 2772; x_wconf 84' lang='grc'><strong>¹³</strong></span> <span class='ocrx_word' id='word_1_788' title='bbox 830 2755 896 2783; x_wconf 87' lang='lat' dir='ltr'><strong>Luc.</strong></span> <span class='ocrx_word' id='word_1_789' title='bbox 915 2763 949 2783; x_wconf 90' lang='lat' dir='ltr'><strong>vu</strong></span> 
     </span>
    </p>
   </div>
   <div class='ocr_carea' id='block_1_112' title="bbox 1006 2750 1795 2789">
    <p class='ocr_par' dir='ltr' id='par_1_112' title="bbox 1006 2750 1795 2785">
     <span class='ocr_line' id='line_1_112' title="bbox 1006 2750 1795 2785; baseline -0.005 -4"><span class='ocrx_word' id='word_1_790' title='bbox 1006 2754 1036 2781; x_wconf 78' lang='grc'><strong>5.</strong></span> <span class='ocrx_word' id='word_1_791' title='bbox 1075 2754 1097 2769; x_wconf 78' lang='grc'><strong><em>³⁸³</em></strong></span> <span class='ocrx_word' id='word_1_792' title='bbox 1111 2753 1190 2781; x_wconf 84' lang='lat' dir='ltr'><strong>Joan.</strong></span> <span class='ocrx_word' id='word_1_793' title='bbox 1209 2761 1287 2785; x_wconf 76' lang='grc' dir='ltr'>ινιιι,</span> <span class='ocrx_word' id='word_1_794' title='bbox 1302 2753 1328 2780; x_wconf 73' lang='grc'><strong>4.</strong></span> <span class='ocrx_word' id='word_1_795' title='bbox 1368 2753 1389 2768; x_wconf 83' lang='grc'><strong>²¹</strong></span> <span class='ocrx_word' id='word_1_796' title='bbox 1407 2752 1474 2779; x_wconf 87' lang='lat' dir='ltr'><strong>Luc.</strong></span> <span class='ocrx_word' id='word_1_797' title='bbox 1491 2760 1521 2784; x_wconf 87' lang='grc' dir='ltr'>ιι,</span> <span class='ocrx_word' id='word_1_798' title='bbox 1536 2752 1581 2784; x_wconf 74' lang='grc'><strong>40,</strong></span> <span class='ocrx_word' id='word_1_799' title='bbox 1596 2751 1640 2779; x_wconf 73' lang='lat'><strong>52.</strong></span> <span class='ocrx_word' id='word_1_800' title='bbox 1681 2752 1704 2768; x_wconf 83' lang='lat'>“</span> <span class='ocrx_word' id='word_1_801' title='bbox 1718 2750 1795 2778; x_wconf 77' lang='lat' dir='ltr'><strong>Joan.</strong></span> 
     </span>
    </p>
   </div>
   <div class='ocr_carea' id='block_1_113' title="bbox 167 2792 755 2827">
    <p class='ocr_par' dir='ltr' id='par_1_113' title="bbox 167 2792 755 2827">
     <span class='ocr_line' id='line_1_113' title="bbox 167 2792 755 2827; baseline -0.003 -7"><span class='ocrx_word' id='word_1_802' title='bbox 167 2801 193 2827; x_wconf 71' lang='grc' dir='ltr'><strong>ν,</strong></span> <span class='ocrx_word' id='word_1_803' title='bbox 211 2794 254 2821; x_wconf 77' lang='lat' dir='ltr'><strong>t7.</strong></span> <span class='ocrx_word' id='word_1_804' title='bbox 292 2794 314 2809; x_wconf 81' lang='lat'>“</span> <span class='ocrx_word' id='word_1_805' title='bbox 329 2793 397 2821; x_wconf 87' lang='lat' dir='ltr'><strong>Gen.</strong></span> <span class='ocrx_word' id='word_1_806' title='bbox 413 2801 455 2827; x_wconf 82' lang='grc' dir='ltr'>ιιι,</span> <span class='ocrx_word' id='word_1_807' title='bbox 470 2793 487 2820; x_wconf 86' lang='lat'>9</span> <span class='ocrx_word' id='word_1_808' title='bbox 523 2793 547 2811; x_wconf 70' lang='grc'>’⁸</span> <span class='ocrx_word' id='word_1_809' title='bbox 561 2792 639 2819; x_wconf 80' lang='lat' dir='ltr'><strong>Joan.</strong></span> <span class='ocrx_word' id='word_1_810' title='bbox 659 2800 696 2824; x_wconf 74' lang='grc' dir='ltr'><strong>ιι,</strong></span> <span class='ocrx_word' id='word_1_811' title='bbox 713 2792 755 2819; x_wconf 84' lang='lat' dir='ltr'><strong>H.</strong></span> 
     </span>
    </p>
   </div>
   <div class='ocr_carea' id='block_1_114' title="bbox 204 2858 726 2897">
    <p class='ocr_par' dir='ltr' id='par_1_114' title="bbox 204 2858 726 2897">
     <span class='ocr_line' id='line_1_114' title="bbox 204 2858 726 2897; baseline -0.002 -11"><span class='ocrx_word' id='word_1_812' title='bbox 204 2859 388 2897; x_wconf 54' lang='lat' dir='ltr'><strong>(91:3qu</strong></span> <span class='ocrx_word' id='word_1_813' title='bbox 407 2859 626 2897; x_wconf 46' lang='lat' dir='ltr'><strong>lsegeazanpégt.</strong></span> <span class='ocrx_word' id='word_1_814' title='bbox 647 2858 726 2897; x_wconf 66' lang='grc' dir='ltr'>Εριτ.</span> 
     </span>
    </p>
   </div>
   <div class='ocr_carea' id='block_1_115' title="bbox 204 2891 958 2929">
    <p class='ocr_par' dir='ltr' id='par_1_115' title="bbox 204 2891 958 2929">
     <span class='ocr_line' id='line_1_115' title="bbox 204 2891 958 2929; baseline -0.003 -8"><span class='ocrx_word' id='word_1_815' title='bbox 204 2894 260 2929; x_wconf 75' lang='grc'><strong>(10)</strong></span> <span class='ocrx_word' id='word_1_816' title='bbox 275 2891 343 2926; x_wconf 74' lang='grc' dir='ltr'><strong>Ιιῶξ</strong></span> <span class='ocrx_word' id='word_1_817' title='bbox 355 2891 520 2928; x_wconf 49' lang='lat' dir='ltr'><strong>crevsa-pio).</strong></span> <span class='ocrx_word' id='word_1_818' title='bbox 530 2913 538 2922; x_wconf 91' lang='lat'><strong>.</strong></span> <span class='ocrx_word' id='word_1_819' title='bbox 551 2891 634 2927; x_wconf 60' lang='lat' dir='ltr'><strong>&quot;enim</strong></span> <span class='ocrx_word' id='word_1_820' title='bbox 648 2893 686 2927; x_wconf 79' lang='grc' dir='ltr'>τῇ</span> <span class='ocrx_word' id='word_1_821' title='bbox 698 2893 784 2928; x_wconf 68' lang='grc' dir='ltr'>φωνῇ</span> <span class='ocrx_word' id='word_1_822' title='bbox 826 2913 832 2919; x_wconf 96' lang='grc'><em>.</em></span> <span class='ocrx_word' id='word_1_823' title='bbox 849 2891 958 2927; x_wconf 77' lang='grc' dir='ltr'><strong>χρώμε-</strong></span> 
     </span>
    </p>
   </div>
   <div class='ocr_carea' id='block_1_116' title="bbox 169 2927 959 2965">
    <p class='ocr_par' dir='ltr' id='par_1_116' title="bbox 169 2927 959 2965">
     <span class='ocr_line' id='line_1_116' title="bbox 169 2927 959 2965; baseline -0.004 -7"><span class='ocrx_word' id='word_1_824' title='bbox 169 2927 239 2963; x_wconf 57' lang='lat' dir='ltr'><strong>rae;</strong></span> <span class='ocrx_word' id='word_1_825' title='bbox 251 2927 352 2964; x_wconf 74' lang='lat' dir='ltr'><strong>chcrc</strong></span> <span class='ocrx_word' id='word_1_826' title='bbox 363 2927 470 2957; x_wconf 82' lang='lat' dir='ltr'><strong>mallem</strong></span> <span class='ocrx_word' id='word_1_827' title='bbox 485 2930 544 2958; x_wconf 86' lang='lat' dir='ltr'><strong>sine</strong></span> <span class='ocrx_word' id='word_1_828' title='bbox 557 2929 780 2965; x_wconf 79' lang='lat' dir='ltr'><strong>interrogatione.</strong></span> <span class='ocrx_word' id='word_1_829' title='bbox 790 2928 959 2956; x_wconf 82' lang='lat' dir='ltr'><strong>Enumeran-</strong></span> 
     </span>
    </p>
   </div>
   <div class='ocr_carea' id='block_1_117' title="bbox 1012 2855 1796 2891">
    <p class='ocr_par' dir='ltr' id='par_1_117' title="bbox 1012 2855 1796 2891">
     <span class='ocr_line' id='line_1_117' title="bbox 1012 2855 1796 2891; baseline -0.004 -8"><span class='ocrx_word' id='word_1_830' title='bbox 1012 2861 1057 2884; x_wconf 89' lang='lat' dir='ltr'><strong>tur</strong></span> <span class='ocrx_word' id='word_1_831' title='bbox 1077 2856 1166 2887; x_wconf 89' lang='lat' dir='ltr'><strong>enim,</strong></span> <span class='ocrx_word' id='word_1_832' title='bbox 1182 2856 1266 2883; x_wconf 91' lang='lat' dir='ltr'><strong>modo</strong></span> <span class='ocrx_word' id='word_1_833' title='bbox 1282 2855 1460 2891; x_wconf 17' lang='lat' dir='ltr'><strong>explicativoﬁ,</strong></span> <span class='ocrx_word' id='word_1_834' title='bbox 1477 2858 1692 2883; x_wconf 61' lang='lat' dir='ltr'><strong>circumstantia</strong></span> <span class='ocrx_word' id='word_1_835' title='bbox 1705 2861 1796 2891; x_wconf 77' lang='lat' dir='ltr'><strong>resur-</strong></span> 
     </span>
    </p>
   </div>
   <div class='ocr_carea' id='block_1_118' title="bbox 1012 2889 1795 2927">
    <p class='ocr_par' dir='ltr' id='par_1_118' title="bbox 1012 2889 1795 2927">
     <span class='ocr_line' id='line_1_118' title="bbox 1012 2889 1795 2927; baseline -0.004 -9"><span class='ocrx_word' id='word_1_836' title='bbox 1012 2892 1142 2919; x_wconf 86' lang='lat' dir='ltr'><strong>rectionis</strong></span> <span class='ocrx_word' id='word_1_837' title='bbox 1166 2890 1273 2922; x_wconf 82' lang='lat' dir='ltr'><strong>Lazari.</strong></span> <span class='ocrx_word' id='word_1_838' title='bbox 1299 2889 1415 2926; x_wconf 83' lang='lat' dir='ltr'><strong>quarum</strong></span> <span class='ocrx_word' id='word_1_839' title='bbox 1439 2890 1548 2920; x_wconf 68' lang='lat' dir='ltr'><strong>Iudaeos</strong></span> <span class='ocrx_word' id='word_1_840' title='bbox 1565 2890 1708 2927; x_wconf 81' lang='grc' dir='ltr'>μάρτυρας</span> <span class='ocrx_word' id='word_1_841' title='bbox 1722 2889 1795 2924; x_wconf 77' lang='grc' dir='ltr'>γενέ-</span> 
     </span>
    </p>
   </div>
   <div class='ocr_carea' id='block_1_119' title="bbox 1014 2927 1387 2956">
    <p class='ocr_par' dir='ltr' id='par_1_119' title="bbox 1014 2927 1387 2956">
     <span class='ocr_line' id='line_1_119' title="bbox 1014 2927 1387 2956; baseline 0.003 -3"><span class='ocrx_word' id='word_1_842' title='bbox 1014 2927 1076 2955; x_wconf 81' lang='grc' dir='ltr'>σθαι</span> <span class='ocrx_word' id='word_1_843' title='bbox 1090 2927 1174 2955; x_wconf 86' lang='lat' dir='ltr'><strong>voluit</strong></span> <span class='ocrx_word' id='word_1_844' title='bbox 1189 2927 1326 2956; x_wconf 81' lang='lat' dir='ltr'><strong>Christus.</strong></span> <span class='ocrx_word' id='word_1_845' title='bbox 1348 2927 1387 2955; x_wconf 77' lang='lat' dir='ltr'><strong>lo.</strong></span> 
     </span>
    </p>
   </div>
  </div>
