1920 3046
181 201 234 230 393

181 260 228 287 καὶ
247 258 316 294 μετὰ
336 257 366 291 ἒξ
389 257 495 293 ἡμέρας
517 256 649 283 πέπονθεν
668 256 682 282 ὁ
705 254 828 287 δείλαιος.
843 255 889 282 τοῦ
913 264 969 290 φω-

180 304 290 336 νοῦντος
305 304 374 339 πρὸς
397 301 564 334 παλινζωῒαν
580 303 641 333 τοὺς
662 302 785 336 νεκροὺς,
800 301 868 336 πρὸς
889 301 970 328 αὐτὸν

181 349 372 384 φοιτήσαντος,
384 347 456 374 κατὰ
466 346 514 381 τὴν
527 346 695 380 προφητείαν
710 345 778 378 Ἰὼϐ,
792 346 837 372 καὶ
849 346 969 376 Ἡσαΐου,

181 394 234 420 τῶν
259 393 419 424 θεσπεσίων,
439 392 493 428 πρὸ
510 391 601 426 χιλίων
625 391 675 425 ἤδη
701 391 803 426 χρόνων
823 391 970 426 διαρρήδην

184 439 318 474 βοώντων,
333 438 380 464 τοῦ
399 438 463 472 μέν·
483 435 594 468 Ἶιλθες
612 435 660 462 ἐπὶ
678 435 731 469 τῆς
753 434 921 468 θαλάσσης,
935 435 970 461 ἐν

182 485 208 512 δ’
238 486 357 520 ἴχνεσιν
381 484 519 511 ἀϐύσσου
545 482 782 516 περιεπάτησας.
799 481 970 516 ἀνοίγονται

183 538 232 558 σοι
245 531 325 565 φόϐῳ
339 531 432 556 πύλαι
444 528 588 556 θανάτου·
604 527 736 560 πυλωροὶ
752 527 785 553 δὲ
798 527 871 560 ᾅδου
890 527 970 553 ίδόν-

183 585 233 609 τες
258 583 295 602 σε
320 575 463 608 ἔπτηξαν.
493 572 648 608 Συμφώνως
676 572 703 598 δὲ
728 572 832 603 τούτοις
857 573 870 598 ὁ
899 572 969 604 Θεῖος

184 621 275 652 Δαειδ,
287 621 301 647 ὀ
319 620 373 647 τῶν
390 620 468 646 θείων
483 618 615 654 μελῳδός·
638 619 750 653 ’ᾼσιιτε
770 617 810 650 τῷ
823 617 893 650 Θεῷ,
913 617 968 652 ψά-

183 669 256 694 ,Ιατε
274 665 315 699 τῷ
331 666 452 700 ὀνόματι
474 664 583 692 αὑτοῦ·
602 663 802 696 ὸδοποιήσατε
820 663 859 696 τῷ
873 663 969 690 ἐπιϐε-

185 713 287 746 σηκότι
301 711 349 738 ἐπὶ
369 709 506 744 δυσμῶν·
521 710 627 744 Κύριος
660 709 754 743 ὄνομα
773 709 877 736 αὑτοῦ.
896 709 968 736 Ὀδο-

185 759 271 785 ποιεϊν
285 757 312 784 δὲ
332 757 442 788 ἑαυτοὺς
455 755 495 791 τῷ
509 755 604 791 Κυρίῳ
626 755 818 790 παιδευόμεθα,
836 756 883 781 καὶ
898 756 969 782 οἰκο-

184 804 271 829 ποιεϊν
289 802 322 829 δι’
337 802 464 837 ἐναρέτου
479 801 626 832 πολιτείας,
645 800 675 826 τὸ
692 800 767 827 Θεῐον
782 800 967 835 ὲπιδρύμενοι,

185 847 253 883 μονὴ
267 848 315 874 καὶ
330 848 393 879 ναὸς
415 846 496 873 αὑτοῦ
516 846 662 881 γινόμενοι,
685 845 775 877 καθὼς
794 846 823 871 ἑν
846 846 968 880 Εὐαγγε-

183 893 261 925 λίοις,
283 893 329 920 καὶ
352 894 380 918 ὲν
401 891 499 927 Παύλῳ
519 891 673 926 θεηγορῶν,
694 891 773 923 αὐτὸς
797 892 965 926 ἀπεφήνατ’).

183 941 279 974 Δυσμῇ
295 939 323 966 δὲ
337 940 438 965 νοεῖται
450 939 467 973 ὴ
487 937 607 973 ἡμετέρα
625 936 715 971 φύσις,
733 937 780 963 καὶ
795 937 825 963 τὸ
839 936 966 963 ἐπίπονον

183 984 231 1011 τοῦ
245 984 346 1019 κόσμου
360 983 460 1018 χωρίον
474 983 534 1013 ταῖς
546 981 651 1016 ἡδοναῖς
673 981 726 1008 τῶν
746 981 839 1008 παθῶν
859 980 967 1013 σκιαζό-

185 1039 276 1066 μενον.
295 1030 405 1056 Νοεϊται
419 1029 446 1055 δὲ
471 1029 518 1054 καὶ
532 1029 546 1054 ὀ
561 1028 636 1063 ᾅδης.
654 1027 698 1053 Ἐν
711 1024 751 1058 οἷς
771 1027 802 1053 τὺ
821 1027 901 1054 ἀῦλον
920 1027 967 1052 καὶ

183 1077 279 1104 ἄσκιον
297 1066 362 1111 φῶςλ
380 1075 567 1110 ὲναστράψαν,
585 1074 673 1101 πάντα
700 1073 768 1109 πρὸς
789 1073 818 1100 τὺ
845 1075 967 1109 κρεῖττον

185 1121 420 1158 μετεστοιχείωσε,
437 1121 487 1156 τὴν
506 1120 586 1154 φύσιν
607 1119 776 1151 ἀνεκαίνισε,
797 1119 842 1145 τὸν
868 1119 968 1154 κόσμον

184 1167 344 1203 φαιδρύνας,
361 1167 406 1193 τὸν
418 1166 484 1202 ᾅδην
496 1164 645 1197 σκυλεύσας
660 1164 727 1200 πρὸς
740 1164 905 1200 ἡμερότητα,
922 1164 969 1190 καὶ

182 1213 236 1239 τῶν
251 1211 417 1246 ἐνεχομένων
432 1210 574 1237 ἀπόλυσιν.
589 1209 646 1236 Καὶ
661 1208 696 1234 τὰ
717 1208 765 1243 μὲν
777 1208 809 1234 ὲκ
822 1208 868 1234 τοῦ
888 1207 969 1234 Δαὸὶδ

183 1257 313 1293 ἀμυδρῶς
341 1265 385 1292 μοι
411 1255 500 1288 ἔδοξε·
526 1255 560 1282 τὰ
578 1255 607 1281 δὲ
627 1253 674 1281 τοῦ
693 1253 763 1285 Ἰὼϐ,
782 1254 829 1280 καὶ
859 1253 968 1279 Ἡσαΐου

185 1304 246 1339 μετ’
259 1303 289 1329 οὐ
314 1300 588 1335 πολὺτάποδώσομεν,
603 1299 646 1326 διὰ
661 1299 693 1326 τὸ
717 1299 803 1334 βραχὺ
824 1300 873 1334 τῆς
895 1298 970 1334 ὥρας

183 1347 232 1374 νῦν
255 1346 472 1382 ὑπερτιθέμενοι.
498 1345 600 1380 ’Ἄμφω
625 1344 654 1370 δὲ
681 1343 711 1370 τὺ
733 1343 837 1378 μέλλον,
854 1343 891 1375 ὡς
918 1343 968 1378 ἤδη

183 1393 316 1428 πραχθὲν,
328 1392 472 1426 ἐξεϐόησαν
487 1391 638 1426 ἀραρότως,
648 1390 697 1425 τὴν
709 1389 820 1416 ἔκϐασιν
830 1389 880 1424 τῆς
895 1388 970 1423 σφῶν

183 1439 362 1474 προρρήσεως
372 1437 560 1471 ἐπιστάμενοι.
569 1435 753 1470 Οἰκονομικῶς
766 1435 853 1461 τοίνυν
865 1435 971 1468 ἀγνοεῖν

184 1483 348 1519 ὑπεκρίνετο
359 1483 454 1518 πάσης
466 1482 524 1517 ἅμα
537 1481 652 1513 κτίσεως
666 1479 806 1514 γινώσκων
817 1479 969 1514 ἀπόρρητα,

182 1530 227 1558 διὰ
239 1530 288 1565 τῆς
303 1528 424 1560 πεύσεως
440 1527 540 1562 πλῆθος
552 1526 745 1562 συνεγερθῆναι
758 1526 826 1561 πρὸς
838 1525 886 1561 τὴν
901 1525 968 1551 ὑπό-

186 1576 283 1608 δειξιν,
295 1575 342 1602 καὶ
357 1574 433 1609 παρά
452 1573 505 1600 τῶν
521 1573 625 1608 ἐχθρῶν
647 1573 850 1608 μαρτυρηθῖψαι
869 1571 968 1606 μᾶλλον

183 1622 213 1648 τὸ
230 1619 391 1657 παράδοξον.

895 194 1067 224 DIALOGUS
1084 195 1103 222 I.

1752 194 1804 222 89$

1022 255 1086 281 item
1101 252 1256 280 convolutis
1277 252 1391 287 pedibus
1407 252 1535 280 exsiliens
1551 252 1687 287 sepulcro,
1711 260 1805 288 egros-

1020 306 1068 326 sus
1079 302 1162 330 esset,
1184 298 1248 324 dum
1269 298 1369 325 illaesus
1383 303 1410 324 ct
1426 298 1499 324 nulla
1514 298 1637 332 corporis
1651 302 1726 333 parte
1743 306 1804 325 mu-

1020 345 1116 371 tilatus
1137 344 1271 375 cernitur,
1295 351 1344 378 per
1371 351 1465 371 vocem
1491 343 1573 371 Verbi
1592 344 1801 377 corroboratus,

1019 398 1106 425 eoque
1124 389 1157 416 ad
1172 397 1312 424 egressum
1329 389 1490 416 auxiliatore
1507 397 1573 417 usus
1585 389 1598 415 ἲ
1621 388 1734 417 Videtur
1753 398 1803 416 au-

1019 441 1072 462 tem
1104 435 1182 467 mihi,
1215 435 1301 470 ipsam
1327 442 1435 469 quoque
1461 438 1575 461 mortem
1602 434 1804 469 quodammodo

1022 481 1188 508 commoveri
1199 480 1232 507 ad
1248 481 1446 508 velocissimam
1458 480 1538 508 istam
1552 481 1754 514 excitationem,
1769 488 1804 508 ne

1023 527 1133 561 quando
1149 534 1197 561 per
1210 526 1409 553 cunctationem
1424 526 1508 553 altera
1524 533 1589 553 voce
1605 525 1685 553 Verbi
1698 526 1802 558 audita,

1021 580 1085 599 mox
1101 573 1245 599 universos
1257 572 1328 607 apud
1341 580 1370 599 se
1383 572 1511 607 degentes
1524 573 1629 599 solvere
1639 576 1800 607 cogeretur:

1022 618 1101 652 quale
1117 617 1246 652 quiddam
1262 622 1324 652 post
1341 625 1386 645 sex
1405 618 1463 645 dies
1486 618 1587 645 accidit
1608 617 1721 651 infelici,
1739 625 1800 645 cum

1019 664 1042 692 is
1057 664 1104 699 qui
1120 665 1153 691 ad
1164 664 1381 692 reviviscendum
1393 669 1472 692 vocat
1487 671 1619 697 mortuos,
1636 665 1670 692 ad
1685 670 1801 693 mortem

1019 710 1170 741 accederet,
1183 711 1332 737 secundum
1344 710 1499 738 divinorum
1513 715 1602 738 vatum
1615 710 1675 738 Jobi
1686 715 1714 738 et
1725 711 1802 738 Isaiae

1020 756 1201 790 prophetiam,
1230 760 1292 783 ante
1313 756 1388 784 mille
1410 764 1496 783 annos
1523 757 1659 784 luculente
1681 757 1804 784 claman-

1019 801 1084 828 tium
1101 810 1107 828 ε
1123 800 1260 835 Ingressus
1283 810 1309 828 es
1333 809 1414 832 mare,
1427 806 1451 828 et
1475 801 1617 828 ambulain
1641 802 1667 828 in
1687 802 1801 836 vestigiis

1018 845 1125 880 abyssi;
1150 847 1304 880 aperiuntur
1329 845 1375 872 tibi
1395 854 1454 872 cum
1476 850 1572 872 terrore
1592 851 1674 878 νοτίαν
1696 847 1799 874 mortis.

1019 890 1146 917 Custodes
1167 891 1260 926 janua:
1289 891 1344 917 orci
1373 898 1397 917 te
1427 890 1540 918 videntes
1565 893 1755 918 exhorruerunt
1766 892 1799 919 “.

1019 935 1067 962 llis
1085 940 1175 963 autem
1188 937 1361 964 consentiens
1373 936 1526 963 divinorum
1542 937 1693 963 carminum
1706 940 1802 964 auctor

1020 981 1134 1009 bavides
1163 982 1251 1016 inquit
1267 992 1273 1009 :
1290 981 1401 1009 Caritate
1429 981 1494 1015 Deo,
1524 982 1628 1015 psallite
1650 983 1732 1015 ipsius
1753 991 1802 1010 uo-

1019 1029 1093 1058 mini.
1115 1028 1185 1054 viam
1208 1033 1300 1061 parate
1315 1029 1349 1061 ei,
1369 1029 1414 1063 qui
1435 1029 1580 1063 ingreditur
1602 1029 1636 1055 ad
1655 1037 1776 1056 occasum
1791 1036 1803 1056 :

1019 1073 1147 1100 Dominus
1175 1081 1268 1100 nomen
1291 1074 1315 1100 ei
1327 1074 1359 1101 ’⁸.
1374 1073 1451 1100 Viam
1468 1079 1557 1101 autem
1582 1082 1633 1102 nos
1658 1075 1732 1109 ipsos
1754 1074 1803 1101 Do-

1020 1119 1095 1146 mino
1108 1128 1206 1154 parare
1222 1119 1364 1153 docemur,
1385 1120 1550 1156 domumque
1567 1121 1655 1148 facere
1678 1129 1726 1156 per
1739 1130 1804 1150 san-

1019 1169 1090 1191 ctam
1115 1165 1223 1192 vivendi
1249 1164 1396 1197 rationem,
1419 1165 1524 1192 Numen
1545 1165 1578 1192 ad
1604 1173 1653 1193 nos
1671 1166 1745 1193 velut
1769 1167 1797 1194 in

1020 1210 1170 1238 sacrarium
1196 1210 1371 1244 recipientes,
1395 1211 1501 1238 mansio
1516 1216 1543 1239 et
1564 1212 1693 1246 templum
1712 1212 1799 1246 ipsius

1021 1256 1095 1289 lacti,
1113 1261 1142 1284 ut
1166 1257 1194 1283 in
1217 1257 1363 1292 Evangelio
1377 1258 1398 1273 ¹⁷
1418 1261 1446 1285 et
1464 1256 1549 1284 Paulo
1560 1257 1583 1273 ’⁸
1597 1257 1727 1285 divinitus
1742 1259 1802 1293 ipse

1020 1302 1121 1330 docuit.
1142 1302 1174 1328 Et
1188 1303 1302 1338 intelligi
1322 1311 1371 1338 per
1387 1310 1515 1330 occasum
1532 1308 1618 1338 potest
1639 1308 1737 1330 natura
1753 1311 1804 1331 no-

1021 1352 1088 1379 stra,
1106 1351 1133 1375 et
1151 1356 1306 1376 aerumnosa
1326 1349 1407 1383 bujus
1422 1348 1514 1375 mundi
1537 1348 1623 1383 regio,
1641 1356 1702 1383 qua:
1726 1349 1804 1375 vitio-

1021 1400 1080 1419 rum
1101 1392 1285 1427 voluptatibus
1304 1391 1492 1419 obumbratur.
1517 1391 1632 1426 Intelligi
1653 1391 1734 1418 etiam
1751 1399 1800 1426 po-

1021 1442 1073 1466 test
1097 1445 1190 1466 orcus.
1217 1439 1306 1472 Atque
1328 1438 1355 1464 in
1375 1438 1417 1464 his
1442 1437 1630 1464 immaterialis
1654 1441 1681 1463 et
1703 1438 1801 1464 umbra

1021 1490 1118 1510 carens
1142 1483 1187 1510 illa
1204 1483 1249 1510 lux
1270 1482 1414 1514 irradians,
1439 1482 1530 1508 omnia
1546 1481 1685 1509 meliorem
1701 1482 1729 1508 in
1747 1486 1804 1508 sta-

1022 1531 1078 1554 tum
1098 1528 1202 1563 redegit
1221 1531 1248 1555 et
1270 1527 1486 1555 transformavit.
1512 1526 1642 1553 Naturam
1668 1527 1804 1561 reparavi:

1023 1575 1126 1601 mundo
1144 1575 1290 1606 illustrato,
1301 1578 1327 1601 et
1341 1582 1406 1601 orco
1420 1573 1546 1608 spoliato,
1558 1581 1612 1607 quo
1627 1573 1761 1605 mitescat,
1777 1577 1805 1600 et

1020 1618 1144 1646 detentos
1157 1619 1227 1654 apud
1243 1627 1273 1646 se
1295 1619 1421 1645 dimittat.
1444 1619 1532 1653 Atque
1553 1618 1603 1644 hoc
1619 1618 1727 1652 quidem
1751 1618 1803 1645 ali-

183 1675 238 1702 quo
268 1666 348 1694 modo
374 1669 444 1693 tecte
470 1664 535 1692 mibi
568 1664 673 1692 Videtur
703 1664 778 1691 innui
807 1671 822 1690 a
846 1662 955 1690 Davide.
983 1663 1070 1691 Verba
1099 1669 1187 1692 autem
1212 1664 1273 1691 Jobi
1292 1668 1319 1692 et
1341 1663 1416 1692 Isaia:
1434 1665 1506 1693 haud
1534 1665 1618 1692 multo
1643 1669 1703 1700 post
1719 1665 1806 1700 expli-

183 1715 318 1745 cabimus,
340 1721 413 1740 nunc
440 1716 550 1747 propter
577 1710 730 1744 angustiam
749 1708 878 1744 temporis
907 1716 939 1736 ea
971 1709 1136 1737 diﬂ‘erentes.
1164 1709 1282 1745 Uterque
1310 1714 1400 1737 autent
1431 1710 1457 1737 id
1480 1711 1550 1746 quod
1580 1711 1700 1738 futurum
1728 1715 1801 1743 erat,

183 1761 260 1796 quasi
287 1761 344 1795 jam
364 1760 463 1787 factum
483 1758 732 1794 pronuntiaverunt
747 1756 852 1783 ratione
877 1757 1074 1790 conveniente,
1096 1762 1224 1792 tauquam
1246 1758 1312 1785 certi
1344 1758 1379 1785 de
1403 1757 1524 1785 vaticinii
1552 1757 1594 1798 sui
1619 1762 1726 1784 eventu.
1753 1757 1805 1784 Sc-

183 1807 303 1835 cundum
329 1806 558 1842 dispensationem
589 1805 671 1840 igitur
702 1805 826 1839 ignorare
850 1812 880 1832 se
903 1805 1059 1838 simulavit,

1098 1807 1144 1841 qui
1168 1808 1258 1834 omnis
1289 1807 1316 1834 in
1339 1808 1496 1834 universum
1516 1812 1645 1834 creatura:
1667 1806 1806 1841 cognoscit

183 1861 293 1886 arcana,
311 1857 340 1880 ut
361 1860 409 1888 per
431 1852 670 1887 interrogationem
694 1852 772 1879 turba
806 1852 971 1879 excitaretur
988 1852 1021 1879 ad
1041 1853 1250 1880 monstrandum
1285 1853 1428 1886 Lazarum,
1445 1860 1471 1882 et
1490 1859 1519 1882 ut
1551 1855 1586 1882 ab
1600 1855 1667 1890 ipsis
1685 1854 1805 1882 inimicis

184 1903 260 1926 tanto
273 1898 358 1934 magis
385 1898 568 1925 testimonium
589 1897 751 1933 prodigiosae
770 1898 807 1925 rei
836 1897 1035 1932 perhiberetur.

472 1977 594 2003 ΠΕΥΣΙΣ
613 1978 674 2003 AA'.

218 2045 316 2078 Καλῶς
332 2045 377 2072 τὸν
398 2046 461 2081 περὶ
476 2045 600 2080 Λαζάρου
620 2045 785 2076 ἀκούσαντες
806 2043 896 2079 λόγον,
911 2045 968 2072 δεό-

185 2092 256 2128 μεθα
276 2092 346 2127 ὑπὲρ
362 2092 412 2126 τῆς
433 2091 631 2127 αἰμορῤοούσης
651 2091 778 2125 γυναικὸς
791 2110 798 2122 ,
817 2092 849 2117 ὲκ
867 2091 967 2126 ταύτης

183 2138 406 2174 τεκμαιρομένων
422 2138 486 2173 περὶ
506 2137 560 2164 τῶν
574 2137 675 2164 λοιπῶν
691 2137 737 2163 τοῦ
758 2137 884 2173 Σωτῆρος
904 2139 965 2164 ἐπε-

186 2183 339 2218 ρωτήσεων.

492 2249 666 2284 Ἀπόκρισις.

219 2304 274 2331 Καὶ
286 2305 318 2330 ἐκ
330 2304 431 2339 ταύτης
444 2304 637 2340 παιδευόμεθα,
654 2302 712 2330 ἴσον
725 2304 770 2331 τὸν
784 2305 867 2331 Παῑδα
881 2305 968 2341 ὑπάρ-

184 2359 242 2386 χειν
259 2350 298 2385 τῷ
312 2349 371 2385 Θεῷ
392 2350 439 2377 καὶ
459 2350 556 2385 Πατρὶ.
571 2350 618 2376 καὶ
633 2350 684 2376 οὐκ
701 2350 807 2385 ἀγνοίᾳ,
822 2350 878 2376 ἀλλ’
895 2352 968 2377 οἰχο-

184 2397 274 2432 νομίᾳ,
289 2397 348 2423 κατ’
375 2398 489 2428 ἐκεῖνον,
505 2396 666 2431 πυθόμενον.
688 2396 757 2431 Φησὶ
776 2397 829 2432 γὰρ
844 2396 881 2431 τῷ
895 2405 968 2432 πρω-

183 2442 286 2476 τοφόνῳ
299 2440 380 2472 Καίν,
397 2441 531 2476 βασκανίᾳ
544 2441 588 2467 τὸν
601 2441 713 2476 ἀδελφὸν
724 2441 859 2468 κτείναντι
877 2442 922 2468 ἐπὶ
934 2443 967 2478 τῇ

185 2486 348 2521 προτιμήσει
369 2486 423 2512 τῶν
445 2485 549 2521 δώρων,
566 2485 775 2521 ὲνδομυχοῦντος
793 2486 838 2513 τοῦ
858 2487 966 2521 φθόνου,

185 2533 230 2558 καὶ
246 2531 376 2566 θήγοντος
389 2531 436 2558 τοῦ
448 2531 528 2565 φόνου
546 2531 576 2557 τὸ
596 2531 732 2566 φάσγανον
742 2540 748 2546 ·
765 2531 828 2558 Ποῦ
843 2531 935 2559 ’Ἅϐελ
951 2534 968 2560 ὁ

184 2578 315 2612 ἀδελφός
334 2584 411 2609 σου;
439 2577 488 2603 οὐκ
503 2577 616 2610 ἀγνοῶν,
636 2577 702 2604 ἀλλὰ
718 2577 811 2612 καιρὸν
825 2579 968 2612 μετανοίας

186 2623 321 2659 μιαιφόνῳ
338 2622 486 2658 μνώμενος.
499 2622 528 2649 '0
536 2622 574 2654 δὲ,
583 2624 622 2654 εἰς
632 2623 760 2650 ἀπόνοιαν
773 2624 966 2660 χωρήσας,Μὴ

183 2668 286 2702 φύλαξ
301 2668 353 2695 τοῦ
367 2667 500 2702 ἀδελφοῦ
517 2677 576 2702 μου
589 2668 647 2702 εἰμὶ
661 2668 716 2703 ἐγώ
726 2676 734 2700 ;
744 2670 834 2703 φησίν.
845 2667 926 2701 Αὖθις
939 2670 967 2696 δὲ

185 2714 252 2749 πρὸς
269 2713 349 2740 αὑτὸν
366 2714 383 2749 ἡ
400 2714 459 2740 θεία
475 2713 550 2749 φωνὴ
566 2714 725 2749 ἐλέγχουσα,
742 2715 828 2748 Φωνὴ
843 2716 968 2750 αἵματος

184 2758 237 2785 τοῦ
249 2758 383 2792 ἀδελφοῦ
396 2765 454 2785 σου
464 2757 525 2791 βοᾷ
538 2760 612 2792 πρός
621 2767 658 2793 με
666 2767 673 2773 ·
685 2759 716 2791 ὲξ
728 2756 765 2786 ὧν
779 2760 905 2795 δηλοῦται
919 2762 968 2788 οὐκ

185 2803 290 2839 ἀγνοίᾳ,
307 2803 375 2830 ἀλλὰ
390 2804 578 2840 φιλανθρωπίᾳ
594 2804 643 2840 τὴν
659 2805 754 2832 πεῦσιν
769 2806 821 2832 ὑπὸ
836 2806 882 2833 τοῦ
900 2807 966 2835 Θεοῦ

221 2902 243 2918 ’⁵
265 2900 317 2928 Job
338 2910 451 2932 xxxvm.
469 2904 510 2934 l6.
527 2904 573 2936 l7;
592 2905 642 2931 lsa.
663 2913 715 2934 τιν,
729 2905 756 2933 9.

187 2936 288 2964 "Gen.
313 2945 348 2970 ιν,
364 2937 390 2965 9.
429 2939 529 2967 "ibid.
568 2940 588 2955 "
607 2939 671 2967 ibid.
691 2941 731 2968 10.

806 2909 828 2924 ¹⁶
844 2907 916 2936 Psal.
939 2917 1022 2943 um,
1042 2911 1068 2938 5.

1227 1979 1485 2007 INTERROGATIO
1503 1980 1598 2007 XXXI.

1055 2046 1126 2074 Satis
1139 2047 1207 2074 bene
1224 2047 1275 2074 hac
1298 2046 1331 2074 de
1353 2047 1457 2074 Lazaro
1472 2048 1578 2075 ratione
1602 2051 1738 2083 percepta,
1756 2055 1802 2074 ro-

1018 2099 1114 2127 gamus
1132 2092 1166 2120 de
1181 2093 1294 2120 muliere
1307 2093 1450 2128 sanguinis
1466 2093 1597 2129 proﬂuvio
1610 2093 1751 2120 laborante
1769 2098 1798 2119 ut

1026 2137 1156 2170 disseras,
1172 2143 1201 2165 ut
1219 2146 1250 2165 ex
1269 2137 1319 2165 hac
1329 2138 1512 2172 conjecturam
1530 2139 1662 2166 faciamus
1677 2139 1757 2165 etiam
1770 2138 1804 2165 de

1020 2184 1126 2212 caeteris
1138 2185 1394 2219 interrogationibus
1410 2185 1574 2213 Servatoris.

1337 2250 1487 2284 Responsio.

1055 2307 1107 2335 Per
1120 2308 1190 2335 hanc
1202 2316 1308 2343 quoque
1322 2308 1463 2339 docemur,
1476 2307 1607 2342 :cqualem
1625 2306 1723 2334 Filium
1739 2315 1800 2335 esse

1021 2353 1075 2381 Deo
1089 2358 1116 2381 et
1135 2353 1219 2386 Patri,
1236 2362 1285 2381 nec
1300 2354 1335 2381 ob
1352 2354 1562 2388 ignorationem,
1577 2353 1624 2381 sed
1640 2361 1673 2380 ex
1687 2354 1799 2388 dispert-

1020 2400 1126 2427 satione
1148 2404 1278 2434 certoque
1294 2400 1420 2431 consilio,
1440 2398 1545 2425 Patrem
1569 2399 1711 2431 imitando,
1729 2407 1802 2433 qua:-

1015 2453 1085 2472 rere.
1111 2444 1202 2480 lnquit
1217 2446 1289 2472 enim
1307 2445 1330 2471 is
1352 2444 1385 2471 ad
1412 2445 1528 2479 primum
1554 2444 1717 2471 homicidam
1736 2444 1798 2472 Cai-

1015 2499 1091 2521 num,
1107 2490 1153 2524 qui
1173 2498 1219 2524 per
1238 2490 1366 2517 invidiam
1382 2490 1518 2517 interemit
1534 2489 1656 2522 fratrem,
1678 2495 1800 2524 propter-

1014 2543 1045 2562 ea
1067 2535 1138 2570 quod
1160 2536 1232 2563 illius
1249 2535 1319 2562 dona
1340 2536 1449 2570 praelata
1464 2540 1572 2566 essent,
1591 2535 1647 2570 jam
1666 2536 1740 2562 intus
1760 2537 1799 2561 la-

1016 2586 1089 2608 tente
1104 2581 1217 2612 invidia.
1237 2586 1262 2608 et
1278 2581 1396 2616 gladium
1409 2581 1490 2608 cazdis
1506 2586 1654 2608 cxacuente
1668 2591 1673 2608 :
1693 2581 1741 2608 Ubi
1759 2587 1798 2608 est

1016 2626 1111 2653 Abelux
1127 2626 1210 2660 frater
1232 2631 1292 2652 tuus
1305 2627 1346 2653 ”?
1369 2625 1428 2652 Non
1446 2626 1585 2659 ignorans,
1611 2626 1658 2653 scd
1686 2631 1800 2653 cruento

1016 2671 1161 2698 homicida:
1179 2671 1350 2698 occasionem
1368 2671 1533 2706 paenitentiae
1559 2679 1717 2706 suggerens.
1740 2673 1800 2707 Ipse

1016 2724 1080 2743 vero
1094 2716 1120 2742 iu
1139 2717 1284 2743 amentiam
1303 2724 1399 2743 versus
1414 2726 1419 2743 :
1439 2716 1508 2742 Num
1523 2722 1611 2743 custos
1625 2725 1681 2751 ego,
1698 2717 1797 2752 inquit.

1017 2763 1110 2797 fratris
1134 2763 1183 2788 mei
1208 2762 1318 2789 sum"?
1337 2762 1494 2796 Rursusque
1517 2763 1605 2797 ipsum
1632 2763 1724 2790 divina
1747 2772 1798 2791 vox

1017 2807 1183 2843 redarguens
1214 2808 1302 2842 inquit
1315 2807 1357 2835 "1
1400 2807 1455 2834 Vox
1479 2808 1616 2842 sanguinis
1640 2808 1733 2842 fratris
1760 2809 1798 2834 tui

1122 2912 1142 2926 ’τ
1154 2909 1232 2938 Joan.
1254 2918 1307 2943 ιιν,
1326 2910 1372 2938 25.
1426 2909 1449 2926 ’⁸
1468 2907 1478 2936 Ι
1495 2908 1558 2937 Cor.
1574 2915 1614 2942 tu,
1631 2908 1678 2942 l6,
1695 2915 1731 2940 νι,
1749 2906 1792 2933 l6.
