1920 3046
132 177 185 205 895

131 238 229 264 clamat
247 237 282 264 ad
301 247 349 266 me.
371 240 409 268 Ex
429 242 527 277 quibus
548 245 721 274 ruaniiestum
742 248 780 280 fit,
795 257 859 277 non
884 259 917 278 ex

132 282 299 317 ignorantia,
317 285 364 312 scd
382 294 413 314 ex
432 295 525 316 amore
542 297 567 317 et
587 291 706 319 bonitate
719 302 772 328 qua
787 302 850 330 erga
866 297 916 323 ho-

132 328 232 355 minem
249 330 377 364 przeditus
390 337 443 365 est,
462 334 702 371 interrogationem
718 347 733 365 a
748 338 803 366 Deo
822 345 850 368 et
869 341 921 369 Pa-

130 375 174 399 tre
187 373 220 400 ad
243 375 380 403 crudelem
407 378 573 408 homicidam
595 382 748 411 institutam
767 384 863 413 fuisse.
879 387 919 414 Ad

130 419 255 446 eumdem
272 420 355 456 igitur
370 424 480 452 modum
497 427 627 461 etFilius,
648 437 701 456 non
716 431 788 466 quod
812 432 920 467 ignora-

130 468 181 495 ret,
200 466 247 492 sed
274 466 335 494 ideo
350 469 538 505 interrogavit,
562 481 596 500 ne
619 474 641 501 si
657 475 714 510 ipse
729 485 776 511 per
791 486 821 505 se
839 480 920 506 mira-

125 510 221 537 culum
249 511 416 547 indicasset,
445 519 629 546 crassioribus
660 521 798 549 videretur
824 532 920 559 super-

127 557 187 585 bire
203 567 210 585 :
228 567 315 595 neque
340 563 404 590 item
426 564 486 599 ipso
514 570 630 600 tacente,
651 569 786 604 iacturam
812 572 918 601 facere-

128 611 190 631 mus
211 606 347 640 miraculi,
370 615 445 637 certo
468 613 587 640 consilio
615 615 830 651 interrogatione
852 628 919 648 usus

124 654 178 682 est,
196 656 226 678 ut
241 653 300 687 ipsa
320 656 508 692 progrediens,
525 660 689 694 praedicaret
707 663 768 698 ejus
784 672 872 700 paena!
886 675 918 694 ac

127 697 190 724 mali
209 698 408 735 liberationem,
424 711 485 739 qua
503 713 551 740 per
566 706 679 736 fimbrim
693 697 914 740 attrectationem

125 742 198 770 facta
213 748 281 772 erat.
297 744 388 781 lnquit
407 749 480 777 enirn
503 754 670 788 evangelista
683 755 705 771 "
722 766 728 783 :
748 756 846 786 Viden:
863 768 918 786 mu-

124 789 175 816 lier
188 791 257 825 quod
271 792 353 821 latere
364 803 414 821 non
428 803 525 831 posset,
542 804 654 828 tremens
667 803 745 834 venit,
761 809 786 830 et
800 804 917 833 adorans

124 839 326 872 congenulabal.
341 840 412 875 Quin
434 845 515 872 etiam
540 853 602 875 ante
619 849 765 877 adventum
791 860 871 879 sumn
889 853 916 881 iu

124 887 208 908 carne
221 882 405 917 ignorantiam
422 895 477 922 prze
498 897 528 917 se
542 890 644 925 ferens,
668 894 756 930 inquit
777 897 812 924 ad
827 898 915 925 Abra-

123 924 252 955 hamum:
266 928 316 956 Ubi
328 936 367 957 est
379 932 449 959 Sara
466 942 534 961 uxor
545 942 590 964 tua
603 937 645 965 "?
659 939 736 972 Quod
751 941 773 968 si
790 942 913 976 ignoras-

123 974 176 1000 set.
196 979 250 1000 non
273 981 339 1002 sane
365 979 586 1011 reprehendisset
606 991 678 1016 eam,
696 994 757 1020 qua:
773 987 800 1014 in
824 989 915 1016 taber-

697 188 725 216 S.
746 190 895 219 CAESARI!
915 194 1084 224 GREGORH
1108 197 1260 227 FRATRIS

1713 204 1768 230 ενδ

973 255 1019 281 καὶ
1031 256 1136 290 [ἰατρὸς
1148 256 1186 292 τῷ
1200 256 1336 293 μιαιφόνῳ
1349 258 1544 293 προσάγεσθαι.
1561 259 1764 295 Παραπλησίως

974 298 1020 327 οὖν
1030 302 1076 328 καὶ
1091 302 1105 327 ό
1118 302 1182 334 Υἱὸς
1195 303 1246 330 οὐκ
1261 303 1366 337 ἀγνοῶν
1383 305 1475 339 ἤρετο,
1487 304 1544 331 ἀλλ’
1557 305 1600 332 ἴνα
1617 305 1653 341 μὴ
1667 306 1701 331 δι’
1714 306 1764 332 αὑ-

971 347 1018 373 τοῦ
1031 348 1120 383 φήσας
1131 348 1162 375 τὸ
1176 348 1279 384 θαῦμα,
1290 349 1353 385 δόξῃ
1366 350 1515 384 τυφοῦσθαι
1532 352 1587 382 τοῖς
1602 353 1769 387 παχυτέρθις

970 393 1020 427 τὴν
1032 393 1166 420 διάνοιαν·
1183 395 1220 430 μὴ
1239 395 1263 422 δ’
1279 393 1313 422 αὖ
1331 395 1422 427 πάλιν,
1440 397 1604 429 σιωπῶντος,
1620 398 1766 433 ζημιωθῶ-

972 447 1022 474 μεν
1038 440 1068 466 τὸ
1083 441 1245 476 παράδοξον,
1262 443 1442 478 οἰκονομικῶς
1460 445 1492 479 τῇ
1511 443 1607 470 πεύσει
1621 445 1764 480 κέχρηται,

970 485 1044 518 ὅπως
1055 487 1146 522 ἐκείνη
1165 487 1334 523 προελθοῦσα
1350 489 1457 526 κηρύξῃ
1465 490 1514 525 τὴν
1530 491 1562 517 ἐκ
1576 491 1626 525 τῆς
1637 491 1764 525 ψαύσεως

969 531 1017 558 τοῦ
1029 533 1182 568 κρασπέδου
1199 534 1348 570 γενομένην
1369 535 1438 571 αὐτῇ
1458 535 1535 562 λύσιν
1551 536 1600 571 τῆς
1621 537 1761 571 μάστιγος.

969 578 1038 613 Φησὶ
1062 578 1116 614 γὰρ
1138 580 1152 606 ὁ
1174 579 1245 612 Gaio;
1269 580 1479 617 εὐαγγελιστὴς,
1499 582 1621 610 Ἰδοῦσα
1645 583 1762 618 ’θῇ-γυνὴ

969 623 1014 651 ὅτι
1028 626 1065 652 οὐ
1079 625 1220 660 λέληθεν,
1233 627 1384 661 τρέμουσα
1395 626 1499 663 ἦλθεν,
1514 629 1563 656 καὶ
1582 631 1763 663 προσεκύνει

968 669 1058 703 αὐτῷ,
1078 671 1126 697 καὶ
1141 671 1175 698 τὰ
1185 671 1259 707 ἑξῆς.
1276 672 1355 699 Ἀλλὰ
1369 673 1417 700 καὶ
1434 673 1484 708 τῆς
1499 674 1610 710 πρώτης
1628 675 1764 711 ὲνσάρκοιι

969 716 1037 750 πρὸς
1053 717 1128 752 ἡμᾶς
1143 718 1294 752 φοιτήσεως
1308 718 1419 752 ἄγνοιαν
1437 720 1680 755 προσποιούμενοεν
1695 722 1761 756 φησι

968 761 1007 797 τῷ
1025 761 1161 797 Ἀϐραὰμ.
1175 763 1236 790 Ποῦ
1248 762 1347 797 Σὰρῤα
1362 763 1380 797 ή
1396 764 1473 799 γυνή
1487 773 1545 791 σου
1555 773 1563 797 ;
1575 765 1606 791 Εἰ
1617 766 1645 792 δὲ
1657 766 1761 800 ἠγνόει,

968 807 1018 834 οὐκ
1045 807 1079 834 ἇν
1105 808 1218 843 ἤλεγξεν
1242 809 1315 836 ἔνδον
1342 810 1475 845 ὑπάρχειν
1499 811 1549 846 τῆς
1574 812 1685 847 σκηνῆς,
1715 813 1762 839 καὶ

970 853 1084 888 μειδιᾷν.
1109 854 1145 880 Τὸ
1183 854 1254 891 γὰρ,
1278 854 1442 891 Ἐγέλιισεν
1465 857 1499 883 ἐν
1522 857 1615 891 ἑαυτῇ
1644 858 1762 893 Σάρῤα,

969 899 1115 934 μειδιῶσαν
1141 901 1224 937 αὐτὴν
1242 901 1326 937 δηλοῖ.
1349 903 1404 929 Καὶ
1427 903 1533 939 ἀθρόως
1559 903 1680 940 ἔντριτος
1698 906 1760 932 ἐπι-

968 945 1092 978 ξενωθεὶς
1104 947 1143 982 τῷ
1156 948 1323 985 πατριάρχῃ,
1337 950 1370 975 ἐκ
1384 950 1572 986 προσηγορίας
1584 951 1633 986 τὴν
1648 951 1762 987 ξεναγὸν

965 993 1105 1028 ἐπεζήτει,
1126 995 1236 1031 στεῖραν
1256 995 1432 1031 ὑπάρχουσαν
1450 997 1617 1024 παιδοποιεῖν
1640 1000 1759 1033 ἐπαγγε-

121 1017 223 1045 uaculo
248 1019 363 1048 ridebat.
384 1021 452 1051 Nam
476 1026 549 1060 quod
575 1017 794 1061 habetur,-i|itra
822 1039 910 1062 semet

121 1060 211 1080 incum
226 1064 322 1080 τέρπου.
337 1066 430 1080 ολ--.»
460 1079 501 1080 ﬁ,
515 1072 531 1080 ..
584 1074 589 1079 .
703 1077 708 1080 .
729 1078 734 1080 _

970 1017 974 1018 ,
1005 1017 1031 1025 κ,
1059 1017 1105 1023 α..
1129 1017 1183 1020 η-.
1205 1017 1233 1020 ἡ.
1258 1017 1313 1021 ,η-
1333 1017 1430 1030 ,σ--.η
1454 1017 1616 1024 ..-πων-η
1640 1017 1758 1033 ...σηε-

970 1017 1086 1072 κόμενος,
1097 1017 1233 1075 ΠέραςΓδὲ
1247 1042 1295 1077 τῆς
1311 1017 1486 1076 ἐπαγγελίας,
1503 1044 1594 1070 Ἰσαὰκ
1610 1045 1642 1071 ὲκ
1658 1045 1759 1080 ταύτης

121 1060 211 1095 ipsam
226 1064 322 1093 risisse
337 1066 443 1101 Saram,
460 1072 566 1100 modice
583 1074 670 1109 ipsam
686 1077 783 1106 risisse
799 1080 911 1108 indicat.

120 1108 328 1147 Confestimque
339 1116 428 1143 trinus
443 1117 543 1153 hospes
558 1128 572 1147 a
588 1122 743 1156 patriarcha
756 1131 911 1161 susceptus.

121 1155 283 1184 nominatim
310 1159 397 1194 ipsam
421 1155 614 1198 compellabat,
640 1175 700 1195 eam
727 1177 787 1205 qum
809 1172 913 1200 sterilis

118 1204 189 1233 erat,
205 1201 348 1231 fecundam
368 1206 425 1235 fore
441 1211 614 1243 promittens.
637 1212 712 1242 Finis
732 1220 822 1244 autem
843 1219 962 1253 promiss

119 1252 252 1279 mentum,
273 1257 327 1277 non
352 1257 489 1287 creatura,
506 1264 561 1283 non
579 1259 726 1293 praeterita,
745 1269 800 1289 non

117 1297 218 1326 potest,
232 1293 370 1323 Christum
389 1298 463 1326 latet.

323 1364 586 1398 INTERROGATIO
605 1371 712 1400 XXXII.

154 1416 189 1443 Λι
204 1420 342 1452 quomodo
358 1422 416 1456 ipse
433 1423 462 1450 in
480 1425 604 1454 ministri
621 1427 718 1456 ordine
728 1434 755 1457 et
771 1431 797 1458 in
815 1431 910 1460 famuli

118 1469 234 1491 numero
252 1471 335 1494 semel
355 1467 445 1502 ipsum
460 1477 567 1504 ponens
580 1472 647 1500 dicit
664 1483 671 1502 :
690 1474 776 1503 Nemo
792 1478 860 1505 venit
875 1479 910 1505 ad

118 1509 237 1543 l‘atrem,
252 1512 306 1539 nisi
322 1520 369 1547 per
382 1523 423 1542 me
433 1515 476 1543 "?

436 1572 591 1609 Responsio.

153 1623 256 1653 Verum
278 1633 386 1662 oportet
400 1634 427 1657 et
443 1638 503 1658 eam
528 1640 635 1667 vocem,
659 1643 721 1670 quae
738 1636 802 1664 huic
827 1645 911 1673 oppo-

117 1670 170 1696 sita
186 1676 239 1703 est,
255 1680 270 1699 a
296 1674 405 1702 Christo
425 1677 540 1706 audire:
557 1678 652 1714 Nemo,
670 1682 769 1717 inquit,
788 1685 855 1711 venit
875 1685 910 1712 ad

117 1724 168 1749 me,
186 1719 238 1745 nisi
257 1718 340 1747 Pater
367 1730 439 1750 meus
463 1725 574 1753 caelestis
594 1729 704 1754 traxerit
718 1738 777 1756 eum
789 1731 822 1758 ³⁸.

309 1787 568 1820 INTERROGATIO
588 1793 706 1822 XXXIII.

154 1849 206 1877 Sed
229 1859 284 1879 non
301 1858 344 1881 est
363 1855 445 1890 idem,
459 1865 505 1891 per
522 1867 572 1891 me,
589 1865 625 1894 et,
653 1863 765 1891 trahere.
783 1864 848 1892 Nam
863 1874 910 1900 per

118 1903 169 1927 me,
181 1897 242 1930 ejus
261 1903 303 1926 est
324 1901 372 1934 qui
395 1902 538 1937 subjectus
559 1910 601 1933 est
618 1915 624 1934 :
639 1908 743 1936 trahere
770 1918 844 1944 vero,
860 1913 908 1948 qui

116 1942 227 1976 propria
244 1949 380 1978 potestate
394 1949 476 1984 cogit.

433 2016 589 2053 Responsio.

151 2065 221 2098 Quid
238 2067 320 2104 igitur
339 2075 392 2104 est,
406 2073 479 2107 quod
495 2075 530 2102 ad
552 2077 685 2106 Adamum
705 2079 776 2108 Deus
799 2081 907 2110 adducit

116 2111 255 2145 animalia,
272 2120 302 2142 ut
315 2116 411 2144 videret
426 2120 489 2154 quid
505 2128 609 2150 vocaret
622 2132 664 2157 ea,
680 2126 752 2154 sicut
770 2127 858 2163 inquit
874 2130 908 2156 li-

115 2156 163 2184 ber
179 2157 212 2186 de
229 2161 368 2190 creatione
381 2171 471 2192 rerum
481 2166 526 2194 "?
541 2166 611 2200 Num
629 2176 772 2206 propterea
791 2156 907 2203 audebis

115 2203 272 2234 ministrum
288 2211 315 2234 et
330 2207 461 2238 famulum
477 2215 622 2243 nominare
636 2216 741 2245 Deum?

309 2273 570 2308 INTERROGATIO
589 2281 709 2311 XXXIV.

150 2327 222 2364 Ergo
237 2330 260 2357 si
283 2331 420 2366 perfectus
441 2335 513 2365 Deus
529 2342 589 2366 erat
610 2339 748 2374 Christus,
767 2346 905 2378 quomodo

114 2375 245 2407 sapientia
271 2383 295 2404 et
319 2384 397 2408 (atate
418 2382 503 2416 ipsum
532 2386 659 2420 proﬁcere
687 2388 754 2416 dicit
775 2375 905 2428 IEvange-

113 2420 180 2448 lium
190 2423 232 2449 '7?

430 2475 583 2511 Responsio.

147 2539 207 2567 Non
225 2540 357 2571 debemus
373 2544 418 2571 illa
430 2546 568 2581 applicare
582 2547 729 2578 divinitati.
746 2551 904 2582 Secundum

111 2585 185 2613 illam
203 2587 276 2615 enim
292 2596 381 2624 neque
402 2593 514 2625 crescit,
535 2602 625 2630 neque
640 2595 751 2631 deﬁcit;
777 2607 832 2626 non
849 2601 902 2627 mi-
924 2593 940 2625 .’

111 2632 216 2665 nuitur,
235 2642 288 2662 non
304 2635 334 2662 fit
346 2636 502 2672 gloriosior,
519 2648 575 2668 non
590 2642 697 2677 major;
716 2652 771 2672 non
787 2645 900 2681 insistit,

111 2683 167 2704 non
179 2681 362 2709 contrahitur.
377 2682 488 2712 Proﬁcit
501 2694 566 2714 vero
577 2687 723 2716 roboratus
735 2694 761 2718 et
772 2697 901 2721 crescens

113 2724 263 2753 secundum
285 2731 411 2756 naturam
435 2735 558 2758 nostram
575 2733 602 2759 in
620 2734 711 2762 servili
727 2735 825 2764 forma.
841 2737 901 2765 Non

113 2769 187 2797 enim
203 2771 347 2806 plenitudo
361 2774 513 2804 divinitatis
531 2779 675 2806 imminuta
691 2785 743 2813 est,
760 2789 849 2817 neque
864 2791 906 2812 se-

114 2817 235 2844 cundum
249 2819 402 2853 profectum
418 2821 567 2851 humanum
585 2823 657 2853 Deus
671 2830 724 2854 est.

153 2895 255 2938 Ἰρις.
269 2905 330 2932 vni,
350 2900 394 2927 47.
441 2902 463 2918 ³³
479 2903 546 2931 Gcn.
560 2912 637 2938 xvm,
660 2905 686 2932 9.

118 2935 148 2961 Il,
164 2930 208 2957 52.

741 2906 762 2923 ³⁸
774 2907 841 2935 Joan
868 2917 923 2944 xw,
939 2911 966 2940 6.

961 1083 1138 1119 ὲκφυόμενος.
1161 1086 1198 1113 Οὐ
1218 1087 1273 1122 γὰρ
1297 1088 1426 1123 πλάσμα,
1448 1089 1478 1115 οὐ
1501 1089 1613 1124 κλῆσις,
1630 1090 1661 1116 οὐ
1686 1099 1758 1126 παρ-

961 1130 1154 1165 ῳχηκότα,οὺκ
1162 1133 1308 1165 ἐνεστῶτα,
1323 1135 1353 1160 οὺ
1368 1134 1565 1174 μέλλοντα,οὐχ
1583 1136 1671 1162 ὁτιοῦν
1688 1145 1757 1172 φρα-

967 1175 1079 1210 ζόμενον
1095 1177 1111 1213 ἢ
1127 1178 1271 1214 νοούμενον
1286 1180 1395 1216 Χριστῷ
1411 1179 1517 1216 λέληθε.

965 1220 1036 1249 iouis
1059 1227 1125 1254 erat,
1147 1230 1227 1253 natus
1251 1234 1284 1254 ex
1308 1227 1359 1253 hac
1383 1226 1504 1256 lsaacus.
1530 1228 1590 1256 Non
1610 1230 1683 1257 enim
1708 1230 1758 1265 lig-

826 1266 983 1299 pracsentia,
1009 1275 1063 1295 non
1086 1269 1187 1302 futura,
1209 1279 1264 1298 non
1281 1272 1414 1308 quidquid
1428 1275 1564 1302 nominari
1588 1276 1630 1303 vel
1641 1277 1757 1312 cogitari

1262 1385 1386 1412 ΠΕΥΣΙΣ
1404 1386 1465 1413 AB’.

1001 1437 1056 1464 Καὶ
1076 1438 1135 1470 πῶς
1149 1439 1231 1472 αὐτὸς
1248 1441 1277 1467 ὲν
1301 1441 1425 1469 διακόνου
1445 1443 1520 1476 τάξει
1542 1445 1589 1471 καὶ
1615 1445 1755 1481 ὑπηρέτου

965 1483 1060 1510 ἑαυτὸν
1080 1484 1235 1521 ὲναριθμῶν
1256 1487 1340 1522 λέγει,
1354 1489 1459 1523 Οὐδεὶς
1473 1489 1591 1525 ἔρχεται
1606 1491 1681 1526 πρὸς
1703 1493 1757 1520 τὸν

964 1529 1089 1565 Πατέρα,
1109 1533 1136 1558 εἰ
1150 1532 1194 1567 μὴ
1215 1533 1252 1560 δι’
1270 1535 1362 1570 ἐμοῦ;

1271 1592 1454 1627 Ἀπόκρισις.

1005 1645 1084 1673 Ἀλλὰ
1104 1647 1157 1683 χρὴ
1184 1647 1231 1674 καὶ
1252 1649 1391 1677 ἀντίθετον
1414 1653 1516 1687 ταύτης
1538 1654 1614 1690 παρὰ
1635 1654 1755 1690 Χριστοῦ

963 1691 1078 1718 ἀκοῦσαι
1093 1693 1199 1729 φωνήν·
1224 1694 1337 1728 Οὐδεὶς,
1357 1698 1450 1732 φησὶν,
1473 1698 1592 1734 ἔρχεται
1614 1702 1689 1734 πρός
1704 1711 1752 1736 με,

962 1739 988 1765 εὶ
998 1738 1041 1773 μὴ
1055 1741 1071 1766 ὁ
1082 1741 1183 1775 Πατήρ
1190 1745 1251 1775 μου
1263 1742 1403 1776 οὐράνιος
1416 1744 1540 1772 ἐλκύσει
1551 1747 1654 1775 αὐτόν.

1254 1812 1378 1839 ΠΕΥΣΙΣ
1397 1813 1458 1840 AI".

1004 1876 1072 1902 Ἀλλ’
1087 1877 1118 1903 οὐ
1134 1878 1232 1905 ταύτόν
1247 1879 1315 1912 ἐστι,
1329 1880 1369 1913 τὸ,
1390 1880 1428 1907 δι’
1443 1881 1527 1916 ἐμοῦ,
1544 1883 1591 1909 καὶ
1608 1883 1650 1915 τὺ,
1661 1884 1752 1911 ἐλκύο

962 1929 1018 1949 σει.
1036 1924 1072 1949 Τὸ
1092 1923 1156 1960 γὰρ,
1174 1924 1210 1951 δι’
1224 1925 1308 1960 ἐμοῦ,
1330 1927 1470 1959 πείθοντός
1490 1929 1564 1955 ἐστι·
1587 1929 1618 1956 τὸ
1640 1930 1679 1962 δὲ,
1700 1932 1751 1958 ἐλ-

961 1968 1057 2000 κύειν,
1067 1969 1266 2003 ἀναγκάζοντος
1280 1971 1328 1998 τοῦ
1339 1972 1542 2006 αὑθεντοῦντος.

1269 2038 1297 2065 Ἀ
1302 2040 1448 2074 πόκρισις.

997 2091 1030 2117 Τί
1039 2088 1150 2126 οὗν,ὲπὶ
1159 2095 1212 2123 τοῦ
1225 2095 1337 2131 Ἄδὰμό
1348 2097 1420 2130 Θεὸς
1434 2098 1579 2134 προσάγει
1592 2099 1628 2126 τὰ
1641 2100 1748 2134 κτήνη,

958 2136 1036 2163 ἰδεῖν
1053 2138 1082 2164 τί
1097 2138 1221 2166 καλέσει
1245 2141 1339 2173 αὐτὰ,
1361 2143 1443 2177 φησὶν
1461 2144 1476 2170 ὁ
1498 2144 1550 2179 τῆς
1567 2145 1749 2181 δημιουργίας

958 2182 1050 2217 λόγος;
1063 2184 1215 2220 Τολμὴσεις
1229 2187 1306 2222 παρὰ
1319 2188 1398 2215 τοῦτο
1410 2189 1534 2217 διάκονον
1548 2191 1595 2218 καὶ
1608 2192 1748 2228 ὑπηρέτην

957 2229 1002 2256 τὸν
1018 2230 1085 2257 Θεὸν
1101 2231 1239 2267 ἀποφῆναι
1248 2241 1254 2265 ;

1251 2301 1375 2328 ΠΕΥΣΙΣ
1393 2303 1452 2331 ΛΔ¹.

992 2354 1048 2381 Καὶ
1063 2355 1088 2382 εξ
1103 2355 1205 2389 τέλειος
1218 2354 1253 2393 ἦν
1267 2358 1334 2390 Θεὸς
1351 2360 1365 2385 ὁ
1382 2360 1510 2396 Χριστὸς,
1528 2361 1587 2394 πῶς
1605 2362 1688 2399 σοφίᾳ.
1701 2362 1747 2390 καὶ

955 2399 1048 2435 ἡλικίᾳ
1060 2402 1225 2430 ποοκόπτειν
1239 2403 1319 2431 αὐτὸν
1333 2405 1406 2436 λέγει
1420 2406 1449 2432 τὺ
1464 2407 1646 2442 Εὐαγγέλιον,

1259 2495 1442 2530 Ἀπόκρισις.

988 2556 1033 2592 Μὴ
1051 2558 1084 2592 τῇ
1102 2557 1208 2593 ϐεότητι
1225 2560 1316 2587 ἐκεῖνα
1331 2562 1526 2599 προσάψωμεν.
1543 2564 1579 2590 Οὐ
1598 2565 1653 2599 γὰρ
1669 2565 1744 2598 αὔξει

956 2602 1014 2628 κατ’
1029 2603 1148 2639 ἐκείνην,
1159 2605 1220 2632 οὐδὲ
1237 2606 1326 2642 λήγει,
1344 2609 1373 2634 οὐ
1393 2610 1526 2644 μειοῦται,
1544 2611 1574 2637 οὺ
1590 2611 1742 2645 δοξάζεται,

954 2648 984 2674 οὐ
999 2649 1180 2684 κορυφοῦται,
1198 2652 1247 2687 οὐχ
1262 2654 1422 2688 ὑφίσταται,
1440 2656 1470 2682 οὺ
1493 2657 1650 2691 συνάγεται.
1672 2659 1742 2694 Προη

954 2693 1039 2721 ϐαίνει
1058 2695 1087 2721 δὲ
1110 2698 1333 2734 κραταιούμενος,
1352 2701 1399 2727 καὶ
1416 2701 1505 2734 αὔξων
1524 2705 1556 2739 τῇ
1584 2704 1647 2731 καθ’
1669 2706 1744 2740 ἡμᾶς

953 2740 1062 2777 δουλικῇ
1089 2745 1191 2779 μορφῇ.
1216 2746 1254 2771 Οὐ
1280 2746 1335 2782 γὰρ
1362 2747 1497 2783 πλήρωμα
1520 2749 1664 2786 ἠλαττώθη
1694 2751 1743 2786 τῆς

950 2786 1091 2823 Θεότητος,
1108 2789 1169 2816 οὐδὲ
1189 2790 1260 2818 κατὰ
1276 2794 1418 2829 προκοπὴν
1432 2793 1462 2827 ὲξ
1480 2795 1634 2830 ἀνθρώπιον
1647 2797 1741 2831 γέγονε

949 2831 1024 2864 Θεός.

1019 2913 1041 2930 ³⁸
1053 2913 1131 2942 Joan.
1147 2923 1184 2949 Vt,
1200 2915 1244 2950 44,
1260 2916 1303 2945 G6.
1355 2919 1378 2960 ’_‘
1393 2919 1459 2948 Gcn.
1485 2927 1514 2953 II,
1534 2919 1576 2950 i9.
1631 2919 1653 2934 ³⁷
1673 2919 1736 2947 Luc.
