1920 3046
165 118 201 145 8')
206 116 220 143 7

454 175 578 202 ΠΕΥΣΙΣ
597 176 657 202 AE'.

204 232 259 259 Καὶ
275 232 333 264 πῶς
352 233 389 268 μὴ
404 232 511 260 κτιστδν
528 234 640 268 εἴπομεν
654 233 700 260 τὸν
720 233 795 265 Υἱὸν,
811 233 857 261 τοῦ
877 234 955 260 Ἀπο-

166 280 260 306 στόλου
275 279 425 314 γράφοντος
436 279 500 315 περὶ
511 279 605 311 αὑτοῦ,
618 279 750 312 Δέξασθε
758 279 811 306 τὸν
819 280 957 314 ἀρχιερέα

166 325 221 360 τῆς
230 326 361 358 πίστεως
368 325 465 361 ὑμῶν,
474 326 584 353 πιστὸν
592 326 665 352 ὄντα
678 325 718 358 τῷ
729 325 889 360 ποιήσαντι
903 327 957 353 αὺ-

166 373 221 399 τόν
229 381 238 404 ;
263 372 328 404 Καὶ,
341 372 486 399 Γνωστὸν
499 372 580 407 ὑμῖν,
595 371 655 406 πᾶς
666 372 748 405 οἶκος
765 371 899 406 Ἰσραὴλ,
912 372 958 399 ὅτι

164 418 273 445 τοῦτον
287 418 340 445 τὸν
356 418 475 452 Ἰησοῦν
500 417 536 444 ὃν
554 418 638 452 ὑμεῖς
652 418 873 452 ἐσταυρώσατε,
895 417 957 445 Κύ-

161 473 230 496 ριον
244 465 293 491 καὶ
308 464 435 498 Χριστὸν
456 465 550 492 αὑτὸν
561 466 577 491 ὀ
601 465 673 498 Θεὸς
691 465 825 499 ἐποίησε.
841 466 896 492 Καὶ
910 466 957 491 Σο-

165 509 257 545 λομὼν
270 510 298 537 δέ
314 519 407 545 φησιν,
423 512 454 537 ἐκ
475 510 621 546 προσώπου
637 511 685 538 τοῦ
701 511 819 546 Χριστοῦ
833 512 900 547 πρὸς
910 511 956 538 τὸν

165 555 233 581 Θεὸν
246 555 293 582 καὶ
309 555 419 590 Πατέρα
430 564 436 570 '
454 556 563 590 Κύριος
583 555 685 583 ἔκτισέ
706 565 744 590 με
758 556 858 591 ἀρχὴν
879 556 958 584 ὁδῶν

163 603 259 629 αὑτοῦ
278 603 322 635 είς
341 602 414 638 ἔργα
429 602 534 630 αὐτοῦ.

475 669 657 704 Ἀπόκρισις.

202 749 257 775 Καὶ
272 748 403 784 ἀνωτέρω
425 749 490 784 περὶ
506 749 609 776 τούτων
625 750 769 783 διαλαϐὼν,
788 751 843 782 τοῖς
864 751 956 783 αὐτοῖς

166 795 249 821 πάλιν
271 794 451 821 κυλινδεῖσθαι
469 795 582 828 ἀτοπίας
604 796 637 823 ἂν
660 797 713 832 εἴη,
734 798 750 832 ἢ
772 797 951 831 φιλοπαιδίας.

164 842 203 868 Τὸ
217 841 282 877 γὰρ,
299 842 445 872 ἐποίησεν
456 842 558 875 αὐτὸν,
577 843 634 875 καὶ,
650 843 751 871 ἕκτισέ
760 853 808 878 με,
823 846 856 880 τῇ
874 845 955 880 σαρκὶ

164 888 283 914 νοεῖσθαι
298 887 370 914 δοκῶ
389 887 486 915 ταῦτα.
510 889 632 925 Ὀρῶμεν
651 890 680 916 δὲ
697 890 745 917 καὶ
765 890 814 922 τὰς
834 891 956 926 παραϐο-

165 935 214 966 λὰς
232 934 269 969 μὴ
284 934 383 961 ταύτὸν
400 935 533 970 ὑπάρχειν
547 936 605 967 τοῖς
627 936 886 972 παραϐαλλομένοις.
911 937 955 964 Ἑν

164 981 220 1016 γὰρ
234 980 274 1015 τῷ
288 981 338 1015 τῆς
353 980 503 1016 Παροιμίας
515 981 606 1016 τεύχει
624 981 723 1017 ταχθὲν
740 983 818 1018 ἴσμεν
833 984 873 1015 τὺ,
895 983 953 1011 Κύ-

160 1035 227 1061 ριος
244 1026 347 1053 ἔκτισέ
357 1035 404 1060 με.
428 1027 576 1062 Παροιμίαι
590 1028 618 1054 δὲ
635 1028 751 1064 παρόδιά
763 1038 822 1055 τινα
837 1030 953 1066 ὑπάρχει

165 1073 285 1107 ῥήματα,
297 1073 382 1107 οἶμος
398 1073 453 1109 γὰρ
466 1073 523 1106 ὁδὸς
541 1076 574 1109 τῇ
591 1074 642 1106 ἔξω
655 1075 762 1111 παιδείᾳ
772 1077 872 1103 νοεῖται
884 1077 953 1103 ὥστε

164 1118 276 1154 πάροδοι
298 1119 345 1145 καὶ
370 1119 473 1152 εἰκόνες
490 1120 545 1146 τῶν
559 1120 730 1156 πραγμάτων
751 1122 779 1147 al
801 1122 954 1158 παραϐολαὶ

163 1165 352 1198 τυγχάνουσιν.
390 1165 501 1200 ὈμοΙα,
528 1166 592 1202 γὰρ,
622 1167 709 1194 ἐστὶν
729 1168 874 1199 βασιλεία
895 1169 954 1196 τῶν

162 1210 300 1244 οὐρανῶν
320 1211 421 1244 κόκκῳ
444 1211 603 1245 σινάπεως,
624 1213 705 1248 φησὶν
729 1214 743 1239 ὁ
766 1214 875 1250 Κύριος.
891 1215 953 1247 Πῶς

164 1256 254 1282 τοίνυν
280 1257 309 1282 ἐν
334 1257 426 1291 κόκκῳ
453 1257 562 1284 πάντων
586 1258 751 1293 σπερμάτων
779 1259 953 1296 ἀμυδροτέρῳ

163 1303 265 1338 ἄπειρα
287 1302 387 1338 πλήθη,
405 1303 452 1329 καὶ
468 1303 547 1339 δῆμοι
570 1304 692 1338 ἀγγέλων
714 1305 761 1331 καὶ
776 1305 953 1340 ἀρχαγγέλων

163 1350 342 1385 χωρήσωσιν;
364 1349 445 1376 Ἀλλὰ
457 1351 566 1382 πάντως
578 1353 611 1386 τῇ
628 1351 711 1378 εἰκόνι
722 1352 806 1387 ταύτῃ
821 1353 952 1388 κέχρηται

161 1397 177 1421 ὀ
195 1395 334 1430 πάνσοφος
350 1397 462 1432 Κύριος,
486 1397 502 1432 ῆ
525 1397 569 1423 διὰ
583 1398 632 1432 τὴν
647 1397 741 1434 εὐτελῆ
764 1398 813 1434 τῆς
829 1399 952 1425 ἑκουσίου

163 1442 312 1476 πτωχείας,
335 1443 382 1469 καὶ
397 1443 464 1479 πρὸς
479 1443 528 1478 τὴν
545 1444 682 1480 ἡμετέραν
704 1444 870 1480 βραχύτητα,
888 1454 952 1479 συγ-

162 1487 326 1519 κατάϐασιν,
343 1488 376 1514 δι’
390 1485 424 1524 ἦς
444 1490 509 1524 ἡμῖν
531 1489 604 1521 σκιὰ,
627 1490 672 1516 καὶ
686 1489 817 1524 ἀνάφυξις
833 1491 887 1517 τῶν
907 1491 955 1517 ἀλ-

161 1535 261 1568 γεινῶν
278 1535 328 1570 τῆς
350 1535 490 1571 παρούσης
511 1535 584 1572 ζωῆς
605 1537 724 1570 γίνεται·
747 1537 763 1572 ἢ
787 1536 831 1563 διὰ
853 1537 902 1572 τὴν
925 1538 954 1564 ὲν

160 1581 233 1616 ἀρχῇ
257 1581 305 1608 τοῦ
330 1581 641 1618 εὐαγγελικοῡποιμνίου
668 1583 842 1619 μετριότητα,
868 1583 885 1619 ἢ
910 1583 955 1610 διὰ

161 1627 212 1662 τὴν
226 1627 276 1662 τῆς
302 1627 428 1662 θεότητος
452 1626 499 1654 τοῦ
522 1628 609 1662 Λόγου
626 1629 788 1664 δριμύτητα.
809 1630 842 1656 δι’
857 1627 891 1665 ἦς
913 1639 954 1657 νι-

163 1674 246 1707 ῳάδες
261 1673 398 1700 κινοῦνται
423 1673 548 1709 δακρύων
564 1676 620 1706 τοῖς
635 1675 720 1710 ἡδέως
741 1675 788 1701 καὶ
804 1675 895 1710 ἁδρῶς
920 1675 953 1702 δι’

160 1720 264 1755 ἀρετῆς
283 1719 427 1754 μετέχουσι
452 1719 501 1746 τοῦ
518 1719 615 1755 νοητοῦ
636 1720 686 1755 τῆς
712 1721 854 1756 μετανοίας
879 1722 954 1748 σινά-

162 1774 234 1797 rem;
242 1774 249 1780 ·
267 1762 297 1792 οὗ
309 1766 356 1792 καὶ
367 1766 381 1792 ὁ
391 1765 534 1797 θεσπέσιος
546 1766 627 1794 Δαὸὶδ
642 1766 847 1802 ἐμφορούμενος
863 1767 952 1802 μελῳ-

159 1808 211 1838 δεῖ.
231 1809 336 1835 Λούσω
350 1811 413 1837 καθ’
431 1810 565 1844 ἑκάστην
581 1811 675 1838 νύκτα
688 1811 746 1844 τὴν
759 1812 870 1846 κλίνην
881 1821 951 1846 μου,

159 1854 195 1880 ἐν
208 1854 340 1888 δάκρυσί
348 1863 408 1888 μου
422 1854 480 1889 τὴν
507 1855 667 1890 στρωμνήν
680 1865 739 1890 μου
765 1857 874 1890 βρέξω.
899 1857 953 1884 Καὶ

161 1901 254 1931 πάλιν,
270 1903 310 1928 Δι’
326 1902 451 1935 ἐξόδους
470 1903 587 1930 ὑδάτων
604 1903 776 1930 κατέδυσαν
793 1905 820 1931 ol
841 1905 952 1938 ὀφθαλ-

157 1949 210 1982 μοί
231 1956 311 1982 μουθ
335 1949 351 1984 ἦ
378 1949 422 1976 διὰ
440 1950 497 1990 τὴν,
517 1949 666 1984 μέλλουσαν
692 1949 767 1977 θείαν
787 1950 878 1985 κρίσιν
896 1950 953 1986 δρι-

162 1996 241 2028 μεῖαν
258 1995 409 2029 ἐπάγεσθαι
428 1997 486 2027 τοῖς
502 1996 665 2031 ἡττημένοις
679 1996 718 2031 τῷ
733 1996 844 2031 χείρονι,
861 1996 952 2028 καθὼς

161 2042 250 2076 πάντη
279 2041 296 2075 ἡ
322 2041 381 2067 θεία
404 2041 497 2077 Πυκτὴ
520 2042 751 2078 διαμαρτύρεται,
779 2044 824 2070 καὶ
852 2044 868 2079 ή
897 2043 952 2071 τῶν

160 2086 212 2117 lim
229 2085 369 2117 παίδευσις
383 2086 426 2113 διὰ
442 2086 585 2118 Πλάτωνος
600 2088 662 2119 τοὺς
679 2088 707 2113 ἐν
723 2083 789 2124 πυρὶ
810 2089 950 2121 κωκυτοὺς

160 2131 278 2158 ἀπειλεῖ.
300 2132 334 2157 Ἢ
350 2131 394 2158 διὰ
410 2132 458 2167 τὴν
474 2133 593 2167 ἄτμητον
609 2133 658 2159 καὶ
672 2132 824 2169 ἀδιαίρετον
838 2133 883 2160 τοῦ
899 2134 950 2161 Λό-

160 2186 209 2210 γου
225 2178 274 2204 καὶ
289 2177 339 2212 τῆς
359 2179 459 2213 σαρκὸς
473 2178 568 2205 ἕνωσιν
587 2179 634 2205 καὶ⁸
649 2179 714 2215 μίαν
729 2180 887 2212 ὑπόστασιν,
902 2180 948 2206 οὺ-

160 2223 216 2250 δενὶ
233 2223 304 2258 λόγῳ
328 2223 344 2258 ἦ
361 2224 467 2260 ἐπινοίᾳ
487 2224 688 2260 ὄιαιρουμένην.
715 2226 873 2252 Διεκπίτιτει
895 2226 949 2262 γὰρ

161 2266 240 2300 αὖθις
254 2268 308 2294 τῶν
323 2268 463 2295 δακτύλων
482 2270 532 2304 τῆς
549 2269 668 2301 διανοίας
682 2270 735 2296 τῶν
750 2271 924 2305 διαιρούντων
937 2273 951 2298 ὁ

161 2314 232 2345 θεῖος
247 2314 298 2349 τῆς
325 2314 462 2349 βασιλείας
486 2316 598 2348 κόκκος,
621 2315 787 2352 βλασφήμων
811 2317 952 2352 παλάμαις

160 2359 332 2394 ἐγγλείεσοαι
359 2361 425 2396 μηδὲ
450 2361 518 2393 ὅλως
540 2362 712 2397 ἀνεχόμενος.
737 2363 806 2390 Ἀλλ’
823 2364 883 2390 οὐδὲ
904 2373 953 2391 σαι

160 2407 219 2440 φῶς
237 2407 282 2432 τὸν
300 2408 501 2442 παροιμιαστὴν
516 2408 678 2443 Σολομῶντά
697 2418 738 2440 τις
759 2410 912 2443 ἐπίσταται,
927 2411 952 2437 ει

161 2453 225 2489 περὶ
239 2453 285 2479 τοῦ
301 2453 368 2479 Θεοῦ
390 2454 528 2488 φησὶν-τὸ,
553 2455 660 2489 Κύριος
678 2454 780 2482 ἕκτισέ
797 2465 845 2490 με.
870 2455 901 2482 Εἰ
922 2456 950 2483 δὲ

160 2500 207 2526 καὶ
221 2499 308 2531 οὕτως
329 2500 395 2535 ἡμῖν
411 2500 544 2536 ὲξελήφοη
562 2502 578 2536 ἡ
596 2501 641 2527 τοῦ
661 2501 748 2536 Σοφοῦ
771 2503 860 2538 ῥῆσις,
877 2502 951 2529 δοκεῖ

161 2554 205 2579 μοι
222 2545 272 2580 τὴν
287 2545 445 2581 θεανδρικὴν
467 2546 514 2572 τοῦ
531 2547 631 2582 Κυρίου
652 2548 792 2583 σημαίνειν
809 2549 950 2584 ἐπιφοίτη-

161 2601 212 2623 σιν,
237 2592 365 2626 φάσκων⁸
382 2593 489 2626 Κύριος
508 2593 609 2620 ἐκτισέ
629 2603 665 2626 με
680 2594 778 2628 ἀρχὴν
797 2595 876 2622 ὁδῶν
895 2597 949 2622 αὐ-

159 2638 222 2669 τοῦ,
233 2640 276 2671 εις
292 2639 364 2673 ἔργα
382 2638 485 2671 αὑτοῦ,
502 2639 559 2673 πρὸ
574 2639 627 2666 τοῦ
644 2639 752 2673 αἰῶνος
770 2641 949 2675 ἐθεμελίωσέ

156 2691 204 2716 με,
221 2684 278 2717 πρὸ
293 2683 327 2710 δὲ
341 2683 461 2710 πάντων
471 2685 595 2716 βουνῶν
609 2685 700 2719 γεννᾷ
711 2695 759 2720 με.
782 2686 843 2719 Πῶς
859 2684 904 2713 οὖν
919 2687 949 2713 τὸ

159 2729 328 2765 γεννώμενον
343 2729 522 2764 θεμελιοῦται,
539 2731 598 2762 πῶς
617 2732 645 2758 δὲ
667 2732 698 2758 τὺ
714 2732 871 2768 κτιζὸμενον
886 2742 948 2768 γεν-

194 2831 216 2870 ff
231 2831 313 2861 llebr.
330 2840 371 2866 In,
389 2833 414 2864 1,
429 2834 456 2860 2.
495 2834 517 2850 ³⁸
528 2834 589 2863 Act.
606 2842 635 2866 ιι,
651 2835 695 2862 56.
734 2835 755 2853 ⁸ο
769 2836 846 2865 Prov,
862 2845 921 2870 vni,
937 2837 952 2864 ‘2

1019 2837 1039 2852 “
1059 2836 1152 2864 Matth.
1168 2843 1229 2868 xm,
1245 2835 1289 2862 5|.

160 2867 221 2895 136.

897 118 1071 148 DIALOGUS
1085 119 1104 147 l.

1745 122 1798 152 892

1213 177 1472 206 INTERROGATIO
1495 177 1600 207 XXXV.

1046 235 1189 269 Quomodo
1203 243 1270 263 vero
1290 244 1345 263 non
1369 235 1494 264 dicemus
1516 240 1639 264 creatum
1665 243 1727 265 esse
1751 236 1799 264 Fi-

1009 283 1087 315 lium,
1104 282 1138 310 de
1158 283 1218 317 ipso
1235 283 1263 310 in
1286 282 1409 318 Epistola
1427 283 1536 311 dicente
1551 282 1685 317 Apostolo
1704 292 1711 310 :
1732 283 1799 311 Sus-

1009 329 1086 364 cipite
1099 329 1249 362 pontiﬁcem
1272 328 1333 363 ﬁdei
1351 334 1444 356 vestra:
1456 349 1464 362 ,
1484 329 1528 364 qui
1549 328 1637 362 ﬁdelis
1654 333 1693 356 ut
1713 329 1737 356 ei
1752 329 1798 364 qui

1009 375 1145 401 constituit
1163 375 1248 408 ipsum
1256 375 1299 403 ’3?
1315 375 1358 405 Et,
1375 374 1476 402 Nolunt
1493 375 1528 401 sit
1543 375 1627 406 vobis,
1643 375 1730 402 omni:
1749 375 1798 402 do—

1009 429 1067 448 mus
1078 420 1174 452 Israel,
1192 420 1261 456 quod
1274 421 1343 447 hunc
1354 420 1446 448 Iesum
1458 430 1533 456 quem
1553 429 1597 448 vos
1613 421 1796 456 cruci/imisue,

1008 467 1153 494 Dominum
1165 472 1190 494 et
1207 466 1341 494 Christum
1353 467 1423 494 Deus
1436 467 1497 502 fecit
1505 468 1527 485 ”
1558 467 1610 495 Sed
1624 471 1651 496 et
1667 468 1796 496 Salomon

1009 513 1098 548 inquit
1113 513 1140 540 in
1151 521 1267 548 persona
1282 513 1384 541 Christi
1400 514 1432 541 ad
1449 513 1533 541 Deum
1549 518 1576 540 et
1589 513 1698 542 Patrem
1716 523 1725 542 :
1741 513 1797 541 Do-

1008 560 1094 586 minus
1112 559 1209 586 creavit
1228 567 1279 592 me,
1299 560 1405 587 inilium
1421 562 1523 587 viarum
1539 568 1650 587 suarum
1664 561 1700 587 ad
1716 568 1796 596 opera

1007 613 1058 631 sua
1067 605 1099 632 ⁸ο.

1325 671 1477 705 Rcsponrio.

1043 749 1111 777 Cum
1127 750 1210 777 etiam
1225 751 1251 777 in
1265 751 1485 785 praecedentibus
1498 751 1532 780 de
1548 752 1644 780 iisdem
1659 756 1797 780 tractave-

1009 796 1072 829 rim,
1088 796 1185 824 iisdem
1201 804 1297 824 rursus
1312 797 1448 832 implicari
1464 798 1643 826 absurditatis
1657 798 1739 826 fuerit
1749 803 1797 826 aut

1009 842 1088 869 lusus
1109 843 1233 878 puerilis.
1259 842 1326 870 Nam
1349 844 1422 878 quod
1441 844 1539 880 inquit.
1561 844 1622 878 fecit
1642 845 1739 879 ipsum,
1757 850 1795 878 et,

1008 890 1105 915 creavit
1122 897 1173 921 me,
1190 889 1223 917 de
1235 897 1318 917 carne
1335 890 1449 925 intelligi
1464 895 1541 925 puto.
1559 890 1689 918 Videmus
1705 894 1796 918 autem

1008 939 1035 962 ct
1048 934 1243 962 similitudines
1257 943 1311 962 non
1325 934 1395 962 idem
1412 943 1473 963 esse
1487 943 1549 962 cum
1566 936 1647 964 rebus
1660 936 1796 964 assimila-

1008 981 1055 1008 tis.
1073 980 1141 1008 Nam
1158 981 1184 1008 in
1201 980 1344 1008 Parmmiae
1363 981 1503 1009 volumine
1521 982 1642 1017 positum
1663 990 1725 1010 esse
1741 982 1797 1009 scio

1008 1035 1069 1055 mus
1096 1027 1174 1060 illud,
1193 1027 1323 1054 Dominus
1342 1028 1440 1054 creavit
1461 1036 1511 1054 me.
1537 1027 1679 1054 Partemia:
1701 1032 1794 1054 autem

1007 1073 1158 1101 allusiones
1185 1073 1308 1108 quaedam
1334 1077 1416 1104 sunt,
1440 1073 1468 1100 in
1493 1073 1585 1101 verbis
1610 1073 1686 1106 sitat;
1718 1070 1796 1108 οἶμος

1007 1120 1079 1147 enim
1108 1119 1178 1146 viam
1207 1119 1234 1146 in
1260 1123 1374 1146 externa
1398 1119 1524 1146 doctrina
1552 1118 1698 1154 signiﬁcat.
1721 1118 1796 1151 Qua-

1008 1169 1118 1200 propter
1135 1169 1162 1192 et
1177 1165 1325 1192 allusiones
1349 1169 1376 1193 et
1392 1165 1525 1200 imagines
1548 1172 1640 1192 rerum
1663 1169 1729 1193 sunt
1747 1173 1796 1200 pa-

1007 1212 1117 1239 rabolae.
1142 1210 1233 1238 Simile
1249 1215 1288 1238 est
1304 1219 1412 1245 regnum
1432 1210 1557 1237 cmlorum
1574 1218 1657 1245 grano
1681 1210 1794 1244 sinapis.

1008 1258 1096 1293 inquit
1113 1257 1283 1285 Dominus“.
1302 1257 1445 1290 Quomodo
1458 1264 1523 1284 vero
1541 1256 1568 1283 in
1585 1264 1670 1292 grano
1690 1257 1795 1291 sinapis

1006 1305 1130 1332 omnium
1144 1304 1281 1330 seminum
1298 1303 1485 1330 minutissimo
1503 1302 1644 1329 immensa:
1668 1302 1795 1329 multitu-

1006 1350 1085 1377 dines
1101 1354 1128 1376 ct
1147 1349 1274 1376 nationes
1289 1349 1449 1384 angelorum
1464 1351 1492 1374 et
1506 1348 1735 1383 archangelorum
1755 1348 1795 1375 lo-

1006 1404 1067 1423 cum
1083 1395 1232 1427 habebunt,
1249 1394 1303 1421 nisi
1319 1394 1443 1421 dicamus
1453 1393 1632 1420 similitudine
1644 1400 1721 1420 usum
1734 1400 1795 1420 esse

1007 1441 1239 1477 sapientissimum
1260 1439 1405 1467 Dominum
1419 1459 1426 1471 ,
1451 1439 1534 1474 idque
1548 1439 1591 1466 vel
1610 1442 1722 1474 propter
1742 1439 1795 1465 hu-

1005 1489 1096 1515 milem
1115 1487 1276 1514 voluntaria:
1299 1486 1471 1522 paupertatis
1495 1489 1523 1513 et
1544 1485 1577 1512 ad
1606 1490 1728 1512 nostram
1751 1489 1794 1512 te-

1005 1535 1137 1562 nuitatem
1152 1533 1359 1564 demissionem,
1378 1539 1424 1566 per
1446 1539 1528 1565 quam
1551 1530 1630 1558 nobis
1653 1531 1751 1556 umbra
1766 1536 1794 1557 et

1004 1579 1180 1615 refrigerium
1197 1579 1226 1606 ﬁt
1239 1578 1364 1606 dolorum
1379 1578 1522 1611 praesentis
1536 1577 1613 1608 vitae;
1629 1577 1670 1603 vel
1684 1581 1794 1611 propter

1004 1626 1224 1654 mediocritatem
1238 1625 1388 1660 evangelici
1404 1624 1505 1660 gregis,
1517 1624 1563 1659 qui
1578 1627 1636 1650 erat
1647 1623 1681 1650 ab
1697 1623 1792 1655 initio;

1003 1674 1047 1701 vel
1070 1677 1184 1708 propter
1205 1672 1359 1699 divinitatis
1379 1671 1406 1698 in
1423 1670 1514 1698 Verbo
1538 1669 1716 1700 acredincm‘.
1745 1676 1794 1703 per

1004 1727 1086 1754 quam
1104 1719 1214 1745 cientur
1232 1718 1307 1745 nives
1330 1717 1513 1752 lacrymarum
1536 1715 1663 1743 delicatis
1679 1719 1707 1741 et
1724 1714 1794 1740 mol’

1004 1766 1076 1793 libus
1098 1772 1147 1799 per
1164 1764 1295 1790 virtutem
1319 1762 1497 1790 intellectuali
1520 1761 1687 1796 pmnitentite
1703 1760 1792 1795 sinapi

1004 1811 1235 1847 participantibus
1252 1818 1259 1835 :
1283 1817 1339 1844 quo
1355 1813 1381 1836 et
1397 1809 1507 1836 divinus
1527 1812 1602 1834 vates
1622 1806 1739 1834 Davides
1763 1814 1793 1833 se

1004 1859 1132 1886 satiatum
1164 1858 1239 1885 canit
1260 1866 1266 1884 ι
1291 1856 1396 1883 Lavabo
1417 1855 1529 1889 singulis
1557 1853 1677 1881 noctibus
1697 1854 1792 1879 lectum

1003 1913 1100 1935 meum,
1125 1904 1252 1939 Lacrymis
1274 1903 1338 1929 meis
1353 1906 1468 1929 stratum
1490 1908 1575 1927 meum
1597 1899 1688 1934 rigabo
1697 1899 1730 1925 δ’.
1759 1898 1792 1925 Ει

1003 1959 1124 1979 rursus:
1152 1949 1312 1976 Decursibus
1335 1955 1465 1983 aquarum
1487 1946 1615 1974 submersi
1639 1950 1700 1972 sunt
1723 1945 1792 1972 oculi

1003 1997 1098 2024 mei“.
1129 1995 1178 2023 Vel
1204 1999 1316 2030 propter
1345 1993 1466 2020 futurum
1493 1992 1615 2018 divinum
1638 1991 1790 2025 judicium,

1003 2042 1074 2078 quod
1089 2041 1217 2068 acerbum
1234 2038 1407 2074 superveniet
1422 2038 1456 2064 iis
1474 2037 1521 2072 qui
1547 2035 1667 2071 superati
1690 2039 1754 2062 sunt
1775 2042 1791 2061 a

1004 2088 1076 2115 vitiis
1095 2095 1102 2114 :
1121 2084 1350 2121 quemadmodum
1378 2083 1479 2117 ubique
1499 2082 1592 2110 divina
1612 2081 1710 2116 pagina
1728 2087 1791 2115 per-

1004 2134 1089 2164 hibet,
1107 2138 1134 2160 et
1156 2136 1276 2159 externae
1297 2129 1430 2157 doctrina:
1444 2136 1492 2163 per
1512 2127 1652 2155 Platonem
1670 2127 1791 2154 ululatus

1003 2179 1133 2214 lugubres
1149 2179 1175 2204 in
1195 2177 1249 2212 igni
1265 2176 1374 2203 futuros
1388 2177 1536 2201 minantur.
1557 2173 1605 2200 Vel
1621 2177 1732 2207 propter
1748 2173 1790 2199 in-

1003 2225 1118 2252 divisam
1132 2228 1159 2251 et
1176 2222 1385 2257 inseparabilem
1403 2220 1482 2248 Verbi
1500 2224 1527 2247 et
1543 2220 1637 2246 carnis
1649 2220 1789 2250 unionem,

1003 2275 1029 2298 et
1045 2279 1127 2298 unam
1152 2269 1312 2305 ltypostasin
1325 2289 1332 2300 .
1357 2268 1433 2296 nullo
1454 2268 1537 2294 verbo
1556 2270 1603 2294 aut
1625 2266 1791 2300 cogitatione

1004 2317 1193 2352 separabilem.
1211 2315 1278 2343 Nam
1291 2316 1366 2342 illico
1380 2314 1483 2342 excidit
1498 2313 1619 2341 divinum
1635 2312 1710 2347 regni
1727 2319 1790 2347 gra-

1004 2372 1068 2390 num
1087 2371 1137 2398 per
1152 2363 1251 2398 digitos
1273 2362 1372 2389 mentis
1393 2368 1487 2388 eorum
1509 2360 1555 2395 qui
1573 2359 1709 2388 dividunt.
1729 2358 1790 2384 bla—

1004 2410 1182 2444 sphemorum
1196 2408 1322 2435 manibus
1333 2406 1434 2434 includi
1451 2412 1624 2440 nequaquam
1640 2404 1789 2431 sustinens.

1006 2455 1059 2482 Sed
1076 2462 1166 2490 neque
1183 2454 1331 2482 manifesto
1353 2453 1499 2487 quisquam
1520 2451 1591 2478 scire
1606 2453 1706 2485 potest,
1724 2457 1791 2476 num

1005 2501 1203 2529 Parmmiarum
1222 2501 1341 2534 scriptor
1358 2500 1487 2526 Salomon
1504 2498 1537 2525 de
1551 2496 1619 2523 Filio
1634 2495 1682 2523 Dei
1698 2495 1792 2530 loqua-

1004 2552 1060 2580 tur,
1077 2555 1139 2574 cum
1157 2547 1207 2581 ait,
1223 2547 1352 2573 Dominus
1366 2546 1464 2573 creavit
1481 2553 1521 2571 me
1535 2553 1544 2571 :
1564 2543 1607 2571 vel
1622 2541 1729 2570 etiamsi
1751 2541 1793 2569 sic

1004 2594 1155 2628 accipiatur
1173 2593 1305 2628 sapientis
1319 2593 1395 2619 illius
1412 2591 1462 2618 viri
1473 2591 1587 2621 dictum,
1601 2589 1710 2616 videtur
1725 2588 1790 2614 mihi

1003 2641 1159 2675 signiﬁcare
1174 2640 1320 2666 adventum
1336 2638 1406 2665 uniti
1426 2645 1488 2664 cum
1505 2636 1558 2664 Deo
1583 2634 1713 2666 hominis,
1728 2641 1790 2660 cum

1003 2688 1041 2713 ait
1055 2697 1061 2714 :
1080 2686 1207 2714 Dominus
1221 2686 1319 2713 creavit
1332 2694 1381 2717 me,
1394 2685 1501 2712 initium
1515 2684 1618 2711 viarum
1634 2689 1744 2709 suarum
1757 2680 1791 2707 ad

1002 2741 1081 2767 opera
1100 2740 1159 2759 sua.
1183 2731 1250 2759 Ante
1270 2739 1351 2758 wvum
1374 2738 1413 2757 me
1428 2729 1561 2764 fundavit,
1586 2732 1610 2754 et
1627 2731 1687 2754 ante
1702 2733 1792 2754 omnes

1329 2835 1351 2850 “
1366 2833 1438 2861 Psal.
1452 2841 1490 2867 νι,
1505 2832 1534 2860 7.
1572 2830 1595 2847 ⁸⁸
1609 2829 1682 2859 Psal.
1693 2836 1789 2860 cxvut,
