1920 3046
137 132 190 160 €39

137 189 217 216 colles
233 187 314 223 gignit
329 195 368 213 me
375 187 409 214 “.
431 185 574 219 Quomodo
589 186 672 220 igitur
687 186 807 221 genitum
823 185 922 212 funda-

136 233 202 260 tur?
216 237 262 259 aut
277 231 414 266 quomodo
424 234 546 258 creatum
561 231 701 266 gignitur?
716 229 784 257 Nam
800 235 922 257 creatum

137 281 259 315 genitum
282 287 335 306 non
363 282 415 309 est.
440 281 468 305 et
494 278 616 312 genitum
642 282 764 304 creatum
791 285 846 304 non
870 281 920 304 est.

137 326 218 354 Aliud
230 325 301 353 enim
325 328 367 352 est
387 324 463 356 illud,
486 328 512 351 et
530 323 603 351 aliud
629 323 691 350 hoc.
716 322 837 357 Utraque
860 329 924 350 vero

137 371 263 398 videmus
272 377 333 398 esse
347 369 445 396 Filium
461 378 467 395 :
484 369 635 396 increatum
647 369 756 403 quidem
771 367 923 400 divinitate,

138 422 262 444 creatum
278 423 344 444 vero
359 415 539 442 humanitate.
559 414 606 442 Est
618 419 708 442 autem
727 414 854 448 frequens
866 421 924 441 mos

139 471 225 490 sacrae
239 462 398 497 Scriptum,
411 469 442 488 ea
456 468 517 496 qua:
534 461 613 488 nobis
629 460 739 495 propria
753 464 827 492 sunt,
850 459 923 486 indi-

139 514 203 534 care
216 507 346 541 primum.
362 509 389 533 et
408 505 537 540 deinceps
554 505 718 539 antiquiora.
736 503 782 531 Sic
797 504 869 531 enim
886 504 926 530 l'a-

139 553 177 577 cit
199 555 226 578 et
244 551 353 578 divinus
375 549 529 581 Matthmus.
552 558 586 578 ex
612 549 858 585 propinquioribus
880 557 926 576 0r-

139 597 217 625 diens
242 597 406 624 annuntiare
435 597 515 624 nobis
545 596 720 631 Evangelium
747 596 782 623 de
805 595 925 623 Christo.

139 642 226 674 Liber,
257 642 428 678 inquiens“,
450 643 627 677 generationis
655 641 720 669 Jesu
745 642 856 674 Christi,
876 642 928 676 lilii

139 689 261 720 Daoidis,
281 689 332 723 ﬁlii
347 688 493 715 Abralmmi
508 696 516 714 :
533 688 632 724 partim
645 688 754 723 quidem
767 687 875 714 Iudaeos
889 687 928 714 al-

141 734 246 764 liciens,
265 732 334 760 ﬁlios
354 733 502 760 Abrahami
527 740 588 760 sese
607 732 677 760 falso
697 732 885 767 praedicantes,
901 736 928 759 et

140 787 209 806 vane
228 787 257 806 se
271 779 407 813 jactantes
430 783 541 814 propter
556 779 630 806 viros
651 784 780 809 sanctos,
805 785 925 813 quorum

139 825 203 852 vitae
217 825 350 851 rationem
376 831 430 851 non
456 823 657 851 imitabantur:
680 823 778 858 partim
796 830 860 850 vero
882 830 927 849 ru-

140 871 232 898 diores
256 879 303 906 per
330 871 522 906 propinquiora
547 871 574 898 in
599 871 719 897 divinam
745 870 926 904 cognitionem

141 917 255 948 ducens,
270 922 297 944 et
319 916 346 943 in
368 916 515 951 Evangelia
530 916 628 943 deinde
649 916 834 950 progrediens,
850 915 926 942 ordi-

142 969 187 990 tur
201 963 291 990 divina
309 963 458 997 priedicare
482 962 516 989 de
535 962 655 994 Christo,
671 962 748 995 quasi
764 969 811 996 per
826 961 927 988 scalam

143 1007 262 1041 aliquam
286 1006 442 1034 subducens
457 1006 490 1033 ad
512 1006 646 1033 diviniora
672 1009 796 1033 nostrum
822 1005 928 1032 intelle—

142 1056 229 1079 ctum.
255 1052 346 1088 lnquit
369 1054 452 1088 igitur
471 1061 562 1080 rerutn
583 1053 736 1080 divinarum
756 1053 860 1087 peritus
884 1052 929 1079 ille

143 1098 276 1126 Salomon
294 1107 300 1125 :
318 1098 447 1126 Dominus
461 1099 557 1126 crearit
572 1107 622 1130 me,
633 1099 738 1125 initium
750 1099 851 1125 viarum
864 1107 928 1126 sua-

143 1152 203 1170 rum
217 1152 226 1171 :
241 1144 349 1171 initium
366 1144 473 1171 scilicet
488 1144 537 1171 via:
556 1144 669 1178 justitia:
686 1143 835 1179 Evangelii,
856 1144 929 1178 quoi

142 1194 186 1217 est
198 1189 348 1217 secundum
365 1197 474 1217 carnem
493 1189 572 1217 nobis
587 1198 620 1216 ex
636 1194 772 1224 perpeture
785 1190 930 1225 virginita-

143 1236 179 1264 tis
201 1240 287 1262 matre
309 1235 394 1262 Maria
426 1236 554 1263 nativitas
578 1235 625 1262 Dei
655 1235 748 1268 Verbi,
774 1236 847 1270 quod
871 1241 931 1263 ante

143 1291 226 1309 (cuum
239 1291 278 1309 me
287 1282 418 1316 fundavit.
430 1281 582 1318 Antequam
596 1282 740 1310 circularis
750 1286 823 1310 esset
835 1282 933 1310 hebdo-

143 1328 225 1355 niada
237 1328 329 1355 saeculi
344 1329 496 1363 pra-sentis,
511 1332 588 1356 sexta
613 1328 657 1355 die
673 1328 765 1355 anima
784 1328 812 1355 in
828 1328 932 1356 Adamo

145 1374 258 1401 fundata
282 1379 324 1402 est
347 1375 381 1402 ab
407 1374 504 1410 opifice
520 1378 625 1401 naturae
640 1379 752 1402 nostrre.
780 1374 870 1408 Atque
891 1375 932 1402 sic

145 1425 207 1457 post
221 1426 326 1449 sextam
341 1423 457 1457 septima
468 1423 550 1457 huius
567 1423 658 1450 saeculi
673 1422 851 1450 constituitur
862 1421 932 1454 dies,

145 1469 245 1503 septies
262 1469 289 1495 in
306 1469 479 1504 semetipsam
502 1470 623 1497 revoluta
639 1476 687 1504 per
703 1472 790 1495 totum
809 1475 930 1503 praesens

145 1525 284 1552 szeculnm.
298 1525 337 1552 Ad
348 1525 485 1553 diviniora
499 1530 589 1553 autem
607 1530 633 1552 et
649 1526 803 1560 antiquiora
819 1533 931 1560 progre-

145 1571 235 1601 diens.
259 1571 370 1606 inquit:
393 1572 460 1598 Ante
478 1580 567 1598 omnes
588 1572 669 1598 colles
693 1572 774 1606 gignit
799 1579 839 1598 me
849 1571 860 1597 ‘:
884 1579 932 1605 per

146 1617 248 1647 colles,
274 1617 326 1644 hoc
351 1617 410 1644 loco
421 1638 428 1650 ,
448 1619 534 1645 caelos
550 1618 592 1645 vel
615 1621 689 1644 certe
703 1625 750 1644 cas
766 1624 827 1652 qua:
849 1623 932 1650 supra

146 1661 231 1688 cmlos
253 1665 317 1688 sunt
339 1666 486 1696 potestates
510 1662 680 1697 signiﬁcans.
697 1661 756 1689 Non
771 1662 843 1689 enim
858 1662 932 1692 cmli,

146 1715 202 1734 non
220 1707 318 1741 angeli,
339 1715 393 1734 non
408 1708 575 1742 archangeli,
593 1716 646 1734 non
667 1709 798 1742 temporis
813 1707 935 1742 qualitas

148 1757 195 1779 aut
209 1753 359 1787 quantitas.
385 1760 437 1779 non
457 1754 600 1784 saeculum.
617 1761 671 1780 non
687 1754 760 1780 aliud
785 1753 932 1787 quidquam

148 1798 221 1832 quod
239 1797 353 1832 cogitari
376 1798 416 1825 vel
436 1798 613 1832 dici-potest,
632 1799 774 1833 antiquius
794 1803 835 1826 est
853 1798 933 1825 Filio.

149 1843 215 1870 Nam
231 1843 290 1878 ipse
306 1844 469 1870 saeculorum
486 1845 611 1871 conditor
626 1849 681 1876 est,
698 1845 874 1879 omniumque
891 1853 934 1871 re-

148 1899 209 1918 rum
236 1891 264 1917 in
289 1891 461 1923 universum,
481 1895 574 1926 aperte
591 1891 724 1918 clamante
744 1891 828 1918 Paulo
851 1899 857 1917 :
884 1891 936 1918 Per

149 1945 223 1971 quem
245 1941 270 1964 et
291 1937 388 1964 amula
409 1937 578 1971 condidit“;
599 1941 636 1968 et,
654 1937 686 1964 In
704 1938 759 1972 ipso
770 1943 859 1965 creata
878 1944 940 1964 sunt

150 1984 272 2010 universa
288 1987 342 2010 tam
358 1983 530 2017 aspectabilia
549 1992 628 2018 quam
644 1984 855 2018 inaspectabilia,
874 1992 938 2018 quu-

150 2029 222 2055 niam
242 2029 330 2055 omnia
343 2037 388 2062 per
403 2030 488 2060 ipsum
510 2029 582 2063 facta
597 2030 699 2056 sunt".
727 2030 841 2056 Creatur
857 2029 939 2064 igitur

150 2083 183 2102 ex
208 2074 291 2102 Maria
311 2076 416 2102 ratione
437 2076 527 2102 carnis
549 2081 705 2110 assuntptrc,
729 2076 859 2102 fundatur
873 2082 939 2102 vero

150 2121 242 2147 anima
266 2120 293 2146 in
309 2126 402 2147 creato
417 2128 548 2154 corpore;
578 2121 704 2157 utrisque
727 2127 818 2149 autem
845 2122 939 2148 unitus

647 127 676 156 S.
692 127 842 156 CAESAR“
859 127 1021 156 GREGORII
1039 127 1191 156 FBATRIS

1703 127 1755 155 900

973 186 1067 217 νᾶταις
1085 185 1120 211 Τδ
1134 184 1188 220 γὰρ
1205 183 1312 210 mam
1327 184 1356 210 οὐ
1371 184 1508 219 γεννητὸν,
1524 183 1554 210 τὸ
1565 183 1593 210 δὲ
1616 183 1756 218 γεννητὸν,

973 233 1003 259 οὺ
1025 232 1152 258 κτιστύν·
1180 231 1272 265 ἕτερον
1295 230 1349 266 γὰρ
1369 232 1465 263 ἐκεῖνο,
1487 230 1599 266 θάτερον
1620 229 1648 256 δὲ
1669 229 1756 257 τοῦτο.

984 278 1136 313 Ἀμφότερα
1153 277 1181 303 δὲ
1199 278 1306 313 ὁρῶμεν
1325 277 1388 303 ὄντα
1410 276 1456 303 τὸν
1470 276 1550 302 Υἱόν·
1568 276 1693 302 ἄκτιστον
1709 275 1758 311 μὲν

974 324 1092 358 θεότητι.
1110 323 1216 350 κτιστὸν
1237 324 1265 350 δὲ
1293 322 1490 358 ἀνθρωπότητι.
1516 321 1584 348 Ἀλλ’
1607 321 1668 352 ἔθος
1693 320 1757 346 πολ-

973 370 1053 404 λαχοῦ
1071 371 1103 405 τῇ
1120 369 1180 405 θείᾳ
1198 370 1292 405 Γραφῇ
1307 370 1341 396 τὰ
1355 369 1492 403 ἐγγύτατα
1511 369 1576 403 ἡμῖν
1595 367 1692 403 πρῶτα
1707 375 1757 402 ση-

977 416 1092 452 μαίνειν,
1116 416 1162 442 καὶ
1177 416 1211 442 τὰ
1235 416 1345 451 ἀρχαῖα,
1369 415 1493 449 δεύτερα,
1511 414 1589 441 Οὕτω
1602 414 1657 450 γὰρ
1681 414 1728 440 καὶ
1744 415 1759 441 ὁ

975 462 1047 493 θεῖος
1060 461 1197 493 Ματθαῖος
1221 463 1303 492 ποιεῖ,
1320 461 1352 486 ἐκ
1368 459 1422 486 τῶν
1445 459 1600 495 ὲγγυτέρων
1620 459 1666 486 καὶ
1681 459 1760 494 εὐλη-

976 508 1116 543 πτοτέρων
1131 508 1279 543 ἀρχόμενος
1299 508 1364 542 ἡμῖν
1385 507 1430 533 τὸν
1454 506 1570 541 Χριστὸν
1586 505 1759 540 εὐαγγελίζε-

975 563 1020 580 ται
1033 563 1038 568 ·
1055 554 1163 586 Βίῦλος
1179 553 1324 588 γενέσεως
1352 552 1453 586 Ἰησοῦ
1472 552 1610 586 Χριστοῦ,
1625 552 1691 579 υἱοῦ
1706 553 1759 578 Δα-

977 600 1033 632 ϐὶδ,
1047 600 1114 627 υἱοῦ
1136 599 1274 634 Ἀϐραάμ·
1291 599 1369 625 τοῦτο
1385 598 1433 634 μὲν
1451 598 1591 628 Ἰουδαίους
1605 597 1761 632 ἐπισπώμε-

976 655 1031 679 νος,
1047 647 1130 673 τέκνα
1143 646 1190 672 τοῦ
1220 645 1344 681 Ἀϐραὰμ
1368 645 1500 680 ὑπάρχειν
1519 643 1760 679 ψευδηγοροῦντας,

977 693 1025 720 καὶ
1039 692 1252 728 σεμνυνομένους
1269 691 1329 726 εικῆ
1352 692 1409 722 τοῖς
1432 690 1594 722 Θεσπεσίοις,
1609 687 1648 716 ὦν
1669 699 1698 716 τε
1711 690 1761 724 τὴν

978 738 1114 765 πολιτείαν
1138 739 1187 764 οὐκ
1222 737 1407 772 ἑμιμήσαντο”
1430 735 1508 762 τοῦτο
1533 735 1562 762 δὲ
1586 735 1762 770 νηπιάζοντος

978 785 1018 811 ἔτι
1035 784 1081 810 τοῦ
1100 784 1193 810 οιάαου
1213 785 1244 810 ὲκ
1258 783 1311 810 τῶν
1325 783 1479 819 ἐγγυτέρων
1500 783 1573 818 ἡμᾶς
1590 783 1629 814 εις
1649 782 1762 816 θεογνω-

979 831 1038 857 σίαν
1060 831 1180 865 ποδηγεῐ,
1201 830 1248 856 καὶ
1270 829 1372 866 προῖὼν
1385 829 1424 864 τῷ
1457 828 1611 864 Εὐαγγελίῳ
1631 829 1763 862 θεολογεῖν

978 877 1023 904 τὸν
1039 877 1156 912 Χριστὸν
1168 877 1290 911 ἄρχεται,
1304 876 1398 911 ὥσπερ
1411 875 1454 902 διὰ
1466 875 1600 910 κλίμακάς
1614 883 1684 906 τινος
1699 874 1764 901 ἀνά-

978 932 1034 958 γων
1057 922 1135 958 ἡμῶν
1163 923 1230 957 πρὸς
1259 921 1294 948 τὰ
1319 921 1442 956 θειότερα
1468 921 1518 956 τὴν
1540 920 1668 947 διάνοιαν.
1696 921 1764 956 Φησὶ

977 969 1042 1003 γοῦν
1066 969 1080 994 ὁ
1099 967 1152 994 τῶν
1172 967 1251 993 Οεὶων
1275 966 1356 1001 σοφὸς
1377 966 1513 1001 Σολομὼν,
1536 965 1645 1000 Κύριος
1663 966 1763 993 ἐκτισέ

978 1023 1016 1049 με
1043 1013 1141 1048 ἀρχὴν
1158 1013 1235 1040 ὁδῶν
1259 1012 1367 1039 αὐτοῦ’
1389 1011 1475 1047 ἀρχὴν
1497 1012 1552 1048 γὰρ
1572 1012 1631 1038 ὀδοῦ
1654 1012 1702 1047 τῆς
1723 1012 1763 1039 δι-

979 1062 1125 1096 καιοσύνης
1141 1060 1189 1087 τοῦ
1204 1059 1380 1093 Εὑαγγελίου,
1397 1059 1428 1085 τὸ
1441 1059 1511 1085 κατὰ
1536 1059 1624 1094 σάρκα
1650 1059 1717 1094 ἡμῖν
1733 1059 1765 1084 ἐκ

980 1107 1030 1141 τῆς
1047 1106 1185 1137 ἁείπαιδος
1208 1106 1315 1140 Μαρίας
1330 1105 1455 1139 γενέσθαι
1475 1105 1520 1131 τὸν
1541 1104 1606 1131 Θεὸν
1627 1105 1723 1139 Λόγον,
1737 1105 1766 1135 ὃς

980 1154 1036 1188 πρὸ
1059 1153 1113 1180 τοῦ
1126 1152 1233 1185 αἰῶνος
1247 1151 1426 1186 ἐθεμελίωσέ
1442 1160 1489 1186 με.
1509 1151 1565 1187 Πρὸ
1582 1151 1628 1178 τοῦ
1643 1151 1766 1185 γενέσθαι

979 1201 1028 1235 τὴν
1056 1199 1188 1234 κυκλικὴν
1211 1198 1346 1234 ἑϐδομάδα
1369 1197 1417 1224 τοῦ
1444 1197 1575 1233 παρόντος
1600 1197 1709 1229 αἰῶνος,
1733 1198 1766 1231 τῇ

980 1245 1046 1280 ἕκτῃ
1063 1245 1154 1280 ἡμέρᾳ
1169 1245 1186 1279 ἡ
1202 1244 1274 1278 ψυχὴ
1292 1244 1320 1269 ὲν
1335 1240 1376 1276 τῷ
1399 1243 1485 1278 Ἀδὰμ
1505 1242 1672 1278 ὲθεμελιώθη
1694 1242 1767 1277 παρὰ

980 1291 1027 1318 τοῦ
1049 1291 1191 1325 οἰκοδόμου
1215 1291 1263 1325 τῆς
1286 1289 1393 1324 φύσεως
1413 1289 1502 1324 ἡμῶν,
1529 1289 1576 1316 καὶ
1591 1289 1677 1320 οὕτως
1701 1288 1769 1323 μετὰ

984 1337 1034 1371 τὴν
1044 1336 1127 1370 ἓκτην
1140 1337 1156 1371 ἡ
1174 1336 1274 1370 ἐεδόμη
1288 1335 1335 1361 τοῦ
1351 1334 1448 1366 αἰῶνος
1461 1334 1664 1370 δημιουργεῖται
1678 1333 1770 1369 ἡμέρα

983 1381 1098 1412 ἑπτάκις
1114 1380 1338 1415 ἀνακυκλονμὲνη
1358 1381 1398 1411 εἰς
1417 1379 1515 1414 ἑαυτὴν
1538 1378 1582 1405 διὰ
1603 1379 1703 1410 παντὸς
1722 1377 1768 1405 τοῦ

984 1427 1131 1458 ἐνεστῶτος
1148 1427 1256 1458 αἰῶνος.
1278 1426 1341 1452 Ἐπὶ
1354 1426 1382 1452 δὲ
1396 1426 1430 1452 τὰ
1444 1425 1567 1460 θειότερα
1590 1425 1636 1451 καὶ
1651 1424 1770 1460 ἀρχικώ-

983 1481 1050 1508 τερα
1065 1473 1178 1508 προῖὼν,
1196 1472 1262 1507 φησί
1272 1480 1278 1487 ·
1293 1471 1350 1506 Πρὸ
1363 1472 1396 1497 δὲ
1415 1470 1535 1497 πάντων
1546 1469 1668 1502 ,Βουνῶν
1679 1469 1771 1505 γεννᾷ

981 1527 1019 1553 με
1032 1527 1039 1534 ·
1062 1518 1171 1553 βουνοὺς
1189 1516 1306 1543 ἐνταῦθα
1326 1517 1387 1547 τοὺς
1401 1516 1542 1551 οὐρανοὺς,
1563 1516 1622 1550 ἢτοι
1638 1514 1687 1546 τὰς
1702 1515 1770 1550 ὑπὲρ

984 1565 1081 1596 αὐτοὺς
1102 1564 1228 1598 δυνάμεις
1244 1562 1341 1597 δηλῶν.
1363 1563 1419 1588 Οὺκ
1435 1561 1542 1596 οὐρανοὶ
1561 1560 1627 1595 γὰρ,
1651 1560 1702 1586 οὐκ
1723 1561 1771 1594 ἆγ-

983 1609 1069 1644 γελοι,
1092 1609 1141 1635 οὐκ
1161 1608 1337 1644 ἁρχάγγελοι,
1359 1608 1389 1633 οὐ
1413 1607 1518 1641 καιρὸς,
1543 1606 1573 1632 οὺ
1597 1605 1700 1641 χρόνος,
1723 1605 1772 1631 οὐκ

986 1655 1063 1686 αἰὼν,
1081 1655 1130 1690 οὐχ
1150 1654 1242 1689 ἕτερόν
1257 1662 1284 1679 τι
1304 1653 1447 1688 νοούμενον
1471 1653 1487 1688 ἢ
1510 1651 1688 1686 φραζόμενον,
1703 1659 1770 1686 πρε-

985 1701 1115 1736 σϐύτερον
1130 1701 1176 1726 τοῦ
1192 1700 1266 1726 Υἱοῦ.
1286 1699 1370 1731 Αὐτὸς
1386 1698 1440 1734 γὰρ
1455 1698 1571 1733 ὑπάρχει
1584 1697 1698 1732 ποιητὴς
1718 1696 1773 1723 τῶν

987 1747 1093 1774 αἰώνων
1119 1747 1165 1773 καὶ
1192 1747 1300 1773 πάντων
1325 1744 1408 1780 ὁμοῦ·
1425 1743 1529 1770 Παύλου
1558 1744 1606 1779 μὲν
1627 1743 1772 1780 διαρρήδην

989 1794 1104 1829 βοῶντος
1119 1793 1159 1825 τὸ,
1175 1793 1213 1818 Δι’
1233 1790 1269 1819 οὗ
1287 1791 1335 1817 καὶ
1357 1790 1428 1823 τοὺς
1446 1789 1555 1821 αἰῶνας
1574 1789 1710 1822 ἐποίησε,
1725 1789 1771 1814 καὶ

988 1841 1028 1870 τὸ.
1053 1840 1100 1865 Ἐν
1116 1837 1196 1870 αὐτῷ
1207 1838 1328 1870 ἐκτίσθη
1346 1836 1381 1863 τὰ
1396 1835 1503 1867 πάντα,
1518 1834 1555 1860 τά
1567 1843 1598 1861 τε
1621 1835 1712 1869 ὁρατὰ
1724 1834 1774 1862 καὶ

990 1886 1110 1919 ἀόρατα,
1132 1884 1175 1910 ὅτι
1194 1883 1291 1909 πάντα
1315 1882 1351 1908 δι’
1377 1881 1470 1909 αὑτοῦ
1496 1880 1623 1916 ἐγένετο.
1646 1881 1773 1912 κτίζεται

989 1930 1034 1958 οὖν
1047 1932 1078 1957 ὲκ
1093 1929 1200 1965 Μαρίας
1215 1928 1253 1964 τῷ
1266 1928 1469 1964 προσλήμματι,
1481 1926 1650 1962 θεμελιοῦται
1665 1926 1694 1953 δὲ
1703 1927 1772 1962 ψυχὴ

988 1979 1018 2004 ὲν
1036 1976 1075 2012 τῷ
1091 1975 1241 2010 κτιζομένῳ
1257 1974 1373 2009 σώματι,
1389 1974 1491 2008 ἀμφοῖν
1505 1972 1533 2000 δὲ
1547 1973 1561 1999 ὁ
1577 1972 1661 2006 Λόγος
1677 1973 1774 1999 καταλ-

988 2023 1076 2058 λήλως
1092 2021 1212 2052 ἑνωθεὶς,
1232 2020 1338 2051 κτιστὸς
1357 2020 1406 2054 μὲν
1422 2020 1518 2055 ὁρᾶται
1532 2018 1636 2054 βροτὸς,
1651 2019 1774 2049 bonum;

991 2069 1019 2095 δὲ
1043 2069 1142 2094 νοεῖται
1165 2067 1240 2098 Θεὸς,
1263 2066 1292 2098 ἐξ
1317 2066 1445 2093 ἀκτίστου
1471 2064 1576 2100 Ila-Eph;
1606 2064 1713 2099 πατέρα
1739 2063 1774 2098 μὴ

992 2114 1107 2149 ἔχοντος.

151 2166 251 2198 Verbo,
267 2171 374 2194 creatus
399 2167 506 2202 quidem
523 2168 646 2195 cernitur
660 2156 764 2201 homo,
780 2169 921 2195 increatus
947 2170 1036 2193 autem
1063 2160 1223 2196 intelligitur
1234 2158 1306 2186 Deus
1319 2166 1352 2186 ex
1369 2159 1490 2184 increato
1506 2156 1588 2184 Patre
1615 2163 1647 2184 ac
1671 2160 1772 2191 patrem

152 2220 206 2239 non
221 2212 346 2239 habente.

348 2267 606 2296 INTERROGATIO
625 2269 746 2297 XXXVI.

196 2313 231 2340 At
260 2315 397 2349 quomodo
423 2314 481 2348 ipse
509 2315 594 2342 Filius
614 2320 736 2342 creatum
762 2316 936 2350 semetipsum

154 2358 284 2390 ostendit,
299 2359 392 2386 dicens
405 2368 412 2386 :
425 2359 479 2394 Ego
494 2368 551 2386 sum
564 2361 660 2387 ostium
674 2361 760 2387 ovium
768 2361 801 2392 “.
814 2367 841 2388 et
854 2361 939 2388 via“?

155 2406 285 2433 Similiter
298 2410 325 2432 et
340 2413 354 2431 a
370 2406 511 2440 prophetis
533 2410 645 2434 creatth
668 2414 729 2434 esse
747 2407 886 2440 innuitur;
905 2407 940 2433 ab

154 2452 223 2478 Isaia
239 2451 359 2486 quidem.
382 2460 443 2478 CUlll
465 2453 533 2487 lapis
552 2453 703 2487 offensionis
726 2453 837 2485 dicitur,
855 2457 881 2480 et
895 2461 940 2487 pe-

155 2503 197 2523 tra
213 2496 334 2523 scanduli
349 2497 390 2529 ⁵⁰;
407 2505 421 2522 a
444 2497 544 2524 Davide
564 2505 640 2529 vero,
659 2498 786 2524 columna
812 2498 900 2532 ignis;
915 2501 942 2524 et

155 2543 190 2569 ab
206 2541 278 2574 aliis,
295 2543 348 2574 leo,
362 2543 421 2570 ovis
437 2547 464 2570 et
482 2543 534 2570 alia
552 2544 763 2579 quamplurima.

471 2629 628 2664 Responsio.

191 2676 226 2702 At
235 2675 384 2704 cavendum
399 2684 431 2703 ne
444 2676 540 2704 litterae
551 2676 724 2704 dormitando
737 2676 939 2709 incumbentes,

157 2729 207 2749 nos
223 2722 298 2756 ipsos
315 2729 331 2748 a
343 2722 524 2749 divinioribus
541 2723 724 2750 secludamus.
741 2721 819 2755 Nam,
839 2729 940 2749 secun-

158 2768 222 2794 dum
237 2766 365 2794 eximium
388 2767 565 2802 Apostolum,
591 2768 679 2795 littera
700 2767 807 2800 occidit,
828 2768 940 2802 spiritus

194 2833 216 2849 “
231 2833 309 2860 Prov.
327 2841 385 2863 vtu.
398 2833 442 2863 ‘22.
460 2833 506 2862 25,
523 2833 568 2860 23'.
616 2835 638 2851 "
653 2834 746 2862 Matth.
762 2842 780 2866 ι,
803 2834 827 2861 Ι,

159 2875 214 2902 xw,
230 2869 257 2894 6.
303 2869 324 2884 ⁵ο
338 2869 388 2895 lsa.
405 2877 461 2899 Vill,
477 2867 519 2894 14.

878 2833 900 2848 ⁸³
915 2832 997 2860 Hebr.
1017 2840 1035 2865 ι,
1053 2831 1079 2858 2.

1275 2259 1400 2286 ΠΕΥΣΙΣ
1419 2258 1488 2291 Aq’.

1026 2310 1082 2337 Καὶ
1099 2308 1157 2339 πῶς
1174 2306 1254 2337 αὐτὸς
1276 2305 1290 2331 ό
1314 2304 1379 2336 Υἱὸς
1399 2303 1508 2331 κτιστὺν
1529 2303 1626 2330 ἑαυτὸν
1655 2303 1775 2330 δείκνυσι

992 2357 1114 2390 φάσκων,
1145 2352 1214 2386 Ἐγώ
1235 2353 1292 2385 εὶμι
1307 2351 1325 2384 ἡ
1348 2350 1422 2383 θύρα
1440 2348 1498 2375 τῶν
1514 2347 1679 2382 προϐάτων,
1694 2348 1741 2375 καὶ
1759 2349 1774 2381 ἡ

993 2402 1080 2433 ὀδός;
1103 2399 1218 2433 Ὁμοίως
1233 2397 1261 2423 δὲ
1278 2397 1324 2423 καὶ
1341 2395 1394 2430 ὑπο
1408 2395 1462 2421 τῶν
1479 2393 1653 2430 προφητικῶν
1671 2394 1775 2424 κτιστὸς

995 2446 1196 2474 ὑποδείκνυται,
1214 2442 1266 2468 ὑπὸ
1291 2442 1339 2476 μὲν
1358 2441 1468 2467 Ἡσαΐου
1488 2440 1572 2472 λίθος
1587 2439 1776 2474 προσκόμμα-

992 2502 1058 2524 τος,
1081 2492 1129 2517 καὶ
1155 2489 1247 2522 πέτρα
1269 2487 1461 2514 σκανδάλου·
1489 2485 1541 2511 ὑπὸ
1565 2484 1593 2511 δὲ
1615 2485 1662 2511 τοῦ
1685 2485 1774 2515 Δαϐὶδ,

993 2537 1140 2571 στυλοπὺρ,
1156 2535 1202 2569 ὑφ’
1219 2533 1320 2568 ἑτέρων
1337 2532 1365 2558 δὲ
1382 2532 1460 2563 λέων,
1475 2529 1621 2566 πρόὸατον,
1637 2530 1684 2556 καὶ
1697 2530 1776 2565 ἕτερα

993 2583 1106 2609 πλεῖστα
1111 2602 1117 2608 .

1299 2624 1481 2658 Ἀπόκρισις.

1035 2674 1114 2701 Ἀλλὰ
1140 2673 1177 2708 μὴ
1201 2672 1240 2706 τῷ
1263 2671 1406 2706 γράμματι
1429 2669 1681 2704 προσκαθεύδοντας
1711 2669 1777 2702 σφᾶς

994 2721 1046 2747 τῶν
1060 2720 1202 2754 θειοτέρων
1217 2718 1433 2752 ἀποκλείσωμεν.
1450 2716 1526 2742 Κατὰ
1540 2716 1594 2752 γὰρ
1610 2716 1656 2742 τὸν
1681 2715 1778 2751 ὑψηλὸν

1000 2765 1171 2797 ¹Λπόστολον,
1185 2764 1219 2791 Τὸ
1235 2763 1353 2799 γράμμα
1364 2762 1544 2792 ἀποκτείνει,
1560 2761 1594 2788 τὸ
1610 2761 1645 2788 δὲ
1663 2760 1779 2793 πνεῦμα

1130 2831 1150 2846 ³⁷
1167 2830 1272 2858 Coloss.
1288 2838 1305 2862 ι,
1326 2829 1351 2856 7.
1404 2828 1426 2846 δ’
1441 2827 1518 2855 Juan.
1536 2836 1562 2860 κ,
1579 2827 1604 2854 Ἰ.
1665 2827 1687 2843 ⁸¹
1700 2825 1777 2854 Joan.
