1920 3046
113 105 162 132 θοι

116 166 258 196 ζωοποιεῖ.
285 166 430 193 ’Λνάπαλιν
448 167 477 193 δὲ
492 169 577 204 φημί·
597 169 634 194 Οὑ
658 168 687 194 τὸ
702 169 818 204 γράμμα
836 170 905 196 ἀπο-

116 212 219 238 κτείνει
244 213 308 243 τοὺς
328 213 417 248 ὀρθῶς
445 213 677 246 ἀποσκοποῦντας,
700 214 754 241 οὐδ’
771 213 803 241 αὖ
827 215 906 241 πάλιν

118 256 246 287 ζωοποιεῖ
262 257 293 282 τὸ
311 257 420 292 πνεῦμα
437 257 662 292 βλασφημοῦντας
677 259 760 294 αὐτῷ.
780 260 907 294 Τιμήσω-

119 309 169 335 μεν
183 300 229 327 οὖν
245 301 274 327 τὸ
290 303 398 337 πνεῦμα
412 303 485 334 ὅπως
500 304 640 338 νοήσωμεν
655 304 685 330 τὸ
704 305 830 340 γράμμα,
847 314 908 340 τρο-

118 347 206 378 πικῶς
229 348 275 374 τον
296 347 359 374 Υίδν
383 347 468 384 θύραν
490 349 536 375 καὶ
557 349 615 375 ὁδὸν
636 350 682 375 καὶ
706 350 789 381 λίθον,
811 350 908 376 καὶτὰ

118 393 200 420 λοιπὰ
216 393 272 419 τῶν
296 394 408 420 εἰκόνων
426 394 613 429 ἐκδεχόμενοι·
638 395 696 422 ὁδὸν
717 395 840 426 νοοῦντες
861 396 908 421 αὐ-

117 439 176 468 τὸν,
192 438 262 473 προς
273 438 322 473 τὴν
338 439 438 472 γνῶσιν
450 438 496 465 τοῦ
514 439 620 474 Πατρὸς
634 439 681 465 καὶ
697 439 751 465 τῶν
767 439 907 475 θειοτέρων

118 484 254 518 φέρουσαν
263 491 269 497 ·
284 482 368 518 θύραν
394 483 572 518 ἀνοιγομένην
588 483 637 518 μὲν
649 484 706 515 τοῖς
720 484 764 510 διὰ
777 484 831 510 τῶν
845 485 908 519 ἁρε-

117 528 172 555 τῶν
198 528 356 554 σπεύδουσιν
380 529 454 560 ὲντῆς
482 528 629 562 γενέσθαι,
658 531 752 564 πυγμῇ
782 530 907 560 παίοντες

119 574 196 608 σφῶν
209 574 244 600 τὰ
258 574 371 609 στέρνα·
387 573 481 605 στύλος
497 574 525 600 δὲ
541 574 653 601 νοείσθω
668 575 808 610 ἑδραίωμα
822 575 909 610 ὑπάρ-

118 628 178 654 χειν
198 620 247 654 ﬁt,
268 620 385 650 πίστεως
404 619 493 654 ἡμῶν,
511 619 699 655 ὑποστηρίζων
721 620 778 655 ἅμα
800 620 845 647 καὶ
862 620 908 655 φέ-

120 674 176 700 ρων
191 664 226 691 τὰ
251 664 397 699 σύμπαντα
407 673 413 679 ·
434 665 507 696 λίθος
521 665 549 691 δὲ
567 665 778 700 προσκόμματος
792 665 908 701 ὑπάρχει

119 710 256 743 ἀπίστοις,
272 711 319 736 καὶ
342 710 430 746 πέτρα
456 710 604 737 σκανδάλου
627 711 774 742 Ἰουδαίοις,
799 712 863 746 ἡμῖν
880 712 908 737 δὲ

119 757 194 788 λίθος
206 756 255 782 τοῦ
271 756 395 791 θεμελίου
411 757 461 790 τῆς
483 756 655 791 Ἐκκλησίας,
674 757 763 783 πᾶσαν
780 756 828 791 τὴν
840 765 908 792 κρη-

119 803 184 829 πῖδα
202 802 331 837 συνέχων.
354 802 455 838 Πέτρα,
472 802 502 828 τὸ
522 802 630 838 στερεὸν
651 803 697 829 καὶ
713 803 836 830 ἄπτωτον
859 803 908 837 τῆς

119 848 276 884 ὁμολογίας,
327 848 581 883 προσαραττόμεναι
597 849 624 874 αί
639 849 782 884 τρικυμίαι
796 849 849 876 τῶν
863 849 907 875 αἱ-

120 894 232 929 ρέσεων,
251 894 319 929 πρὸς
337 894 422 928 ἀφρὸν
443 891 521 924 αὖθις
536 893 694 920 ἐκλύονται·
718 893 837 929 σκώληξ,
860 902 909 920 κα-

120 939 175 971 θώς
191 947 273 974 φησιν
292 939 306 964 ὁ
327 938 419 969 Δαϐὶδ,
442 939 455 964 ὁ
476 939 530 964 τῶν
554 937 634 964 θείων
664 938 798 973 μελῳδὸς.
825 939 907 971 Ἡμῖν

121 986 172 1020 μὲν
188 986 259 1012 κατὰ
283 985 329 1011 τὸν
354 986 386 1011 ὲκ
409 984 458 1019 τῆς
475 984 573 1019 χέρσου
597 983 724 1019 σκώληκα
746 985 809 1011 ἄνευ
836 985 908 1016 τινος

120 1032 225 1063 πάθους
239 1032 255 1067 ἢ
271 1031 421 1062 συνουσίας,
440 1032 471 1057 ἐκ
487 1031 537 1065 τῆς
549 1031 687 1061 ἀείπαιδος
704 1031 812 1066 Μαρίας
828 1030 908 1057 ἀπει-

122 1078 251 1113 ρογάμως
269 1077 436 1112 τικτόμενος,
449 1078 505 1109 τοῖς
519 1077 540 1102 δ’
556 1077 685 1108 ἐναντίοις
702 1076 808 1113 σκώληξ
821 1086 907 1112 τιμω-

121 1123 193 1159 ρίας,
208 1122 429 1159 ὑπο[τι]τραίνων
444 1123 490 1149 καὶ
506 1122 641 1149 ὑπεσθίων
655 1123 790 1159 ἀλήκτως.

414 1224 538 1250 ΠΕΥΣΙΣ
556 1224 616 1250 ΔΖ’.

162 1271 234 1297 Ἀλλ’
256 1270 303 1296 ἐὰν
325 1270 362 1306 μὴ
391 1269 470 1305 εἴπῃς
485 1269 565 1295 αὑτὸν
587 1269 706 1301 κτίσμα,
727 1268 848 1304 ὐῦρίξεις
865 1269 910 1295 τὺν

121 1317 244 1352 Πατέρα,
261 1316 345 1347 πάθος
355 1315 428 1350 αὑτῷ
439 1315 615 1350 προσάπτων.
631 1315 688 1346 Πᾶς
701 1314 755 1350 γάρ
769 1315 784 1341 ὁ
795 1315 908 1349 γεννῶν,

120 1363 251 1398 ἐμπαθὴς
266 1362 373 1393 πάντως
390 1361 476 1388 ἔσται.
496 1361 532 1387 Ἣ
544 1361 715 1387 συστέλλεται
730 1361 794 1396 γὰρ,
810 1361 827 1396 ἢ
841 1361 909 1387 πλα-

120 1409 242 1440 τύνεται,
259 1407 277 1442 ἢ
291 1408 377 1442 τομὴν
391 1407 407 1442 ἢ
429 1406 520 1442 ρεῦσιν
537 1406 690 1440 ὑφίσταται,
706 1406 721 1440 ἢ
737 1405 876 1439 ὀγκοῦται,
891 1405 908 1439 ἢ

120 1453 310 1486 ταπεινοῦται,
326 1453 343 1488 ἦ
358 1461 384 1479 τι
400 1452 507 1484 πάντως
520 1452 648 1488 ὑπομένει
665 1453 679 1478 6
692 1452 804 1486 γεννῶν.

429 1542 605 1576 Ἀπόκρισις.

159 1590 269 1622 ’Ἄπαγε
281 1589 330 1624 τῆς
337 1587 462 1622 τοιαύτης
473 1587 617 1622 ληρῳδίας,
629 1587 776 1621 άξιάγαστε
787 1587 793 1613 ί
810 1587 846 1614 Οὺ
857 1587 911 1623 γὰρ

122 1637 206 1672 σῶμα
224 1636 255 1662 τὸ
275 1636 351 1661 Θείον
367 1634 483 1669 ὑπάρχει
507 1634 581 1668 ὄγκῳ
598 1633 614 1668 ἢ
631 1633 745 1669 συστολῇ
763 1633 907 1668 ὑποκείμε-

122 1691 178 1713 νον,
192 1683 209 1717 ἦ
226 1681 318 1716 ῥεύσει
329 1682 346 1716 ἢ
361 1682 430 1716 τομῇ
446 1681 540 1716 ἢόλως
559 1680 639 1706 πάθει
653 1681 705 1707 τινὶ
727 1680 911 1716 χειρούμενον.

122 1729 201 1755 Καθὺ
214 1726 261 1754 οὖν
278 1729 291 1753 ὁ
308 1727 402 1762 Πατὴρ
416 1727 523 1760 πνεῦμα
544 1726 689 1761 ὑπάρχων,
703 1726 747 1752 τὸν
767 1725 830 1752 Υῑὸν
847 1726 912 1752 Θεὸν

121 1775 213 1808 Λόγον
243 1773 448 1808 πνευματικῶς,
478 1772 615 1806 ἁχρόνως,
643 1771 789 1807 ἀφράστως
815 1771 912 1805 γεγέν-

120 1828 218 1855 νηκεν.
239 1819 308 1845 Ἀλλ’
323 1818 415 1853 ἐπειδὴ
430 1817 565 1849 πλείστοις
577 1817 651 1844 δοκεῖ
665 1818 681 1853 ἡ
694 1817 755 1852 ὄψις
770 1818 817 1853 τῆς
828 1817 912 1852 ἀκοῆς

121 1865 276 1900 πιστοτέρα
286 1884 294 1896 ,
307 1864 361 1891 δεῖν
375 1863 467 1899 ᾠήθην
484 1863 529 1889 καὶ
543 1862 670 1898 ἀμυδρῶς
688 1863 840 1898 χρήσασθαι
859 1871 911 1890 πα-

122 1911 306 1945 ραδείγμασιν
317 1930 324 1941 ,
339 1910 384 1935 ἐπὶ
396 1909 442 1935 τοῦ
458 1908 570 1939 ἀπαθῶς
589 1907 717 1943 γεννῆσαι
731 1908 761 1934 τὸ
775 1908 851 1934 Θεῖον
860 1928 867 1938 ,
882 1908 911 1934 οὐ

122 1957 237 1992 ρεῦσιν,
253 1956 283 1981 οὐ
304 1955 389 1990 τομὴν
406 1955 598 1989 ὑφιστάμενον.
619 1954 730 1989 Κτίσμα
743 1954 831 1980 τοίνυν
846 1954 912 1980 Θεοῦ

121 2002 246 2037 ὑπάρχει
272 2003 286 2027 ὁ
311 2001 398 2036 ἥλιος,
427 2001 472 2035 ἀφ’
498 1997 528 2026 οῦ
555 2009 626 2031 τινες
642 2001 670 2026 ὲν
692 2001 752 2031 ταῖς
777 2001 914 2035 ἀοικήτοις

121 2048 284 2082 ἐσχατιαῖς,
306 2046 392 2082 πυρὸς
403 2046 558 2081 λειπόμενοι
572 2046 680 2072 πέττειν
698 2045 731 2072 τὰ
745 2048 819 2078 σῖτα,
834 2047 914 2072 ἱππο-

121 2093 223 2128 φορϐοί
241 2101 271 2119 τε
292 2092 338 2119 καὶ
359 2091 498 2126 βουκόλοι,
522 2091 569 2118 καὶ
586 2091 732 2126 συφορϐοὶ,
757 2091 805 2117 καὶ
818 2091 914 2126 ποιμέ-

121 2148 185 2171 νες,
205 2138 306 2164 κύλικα
325 2136 419 2168 ὓδατος
442 2136 563 2172 καθαροῦ
587 2136 796 2172 πληρώσαντες,
818 2137 864 2163 καὶ
880 2137 912 2172 τῇ

121 2187 220 2212 ἀκτῖνι
238 2183 285 2210 τοῦ
303 2183 376 2218 ἡλίου
399 2183 586 2218 ἀντισχόντες,
612 2183 659 2209 καὶ
683 2182 746 2209 ὀνίδι
761 2182 831 2218 ξηρᾷ
845 2183 916 2217 ψαύο

122 2241 225 2263 σαντες
240 2231 273 2265 τῇ
289 2230 421 2265 ὑδροχόῃ,
447 2227 524 2260 αὖθις
548 2229 579 2255 τὸ
603 2228 658 2264 πῦρ
675 2229 786 2255 αὐτόθεν
813 2229 915 2255 ἀπεσύ-

120 2278 226 2312 ληταν,
241 2277 272 2302 οὺ
292 2276 394 2310 τομὴν,
415 2275 445 2301 οὑ
465 2275 572 2309 ρεῦσιν,
597 2275 647 2300 οὐκ
663 2274 757 2308 ὄγκον,
777 2275 807 2300 οὐ
821 2283 916 2301 συστο-

120 2323 172 2357 λὴν
199 2321 250 2348 τοῦ
280 2321 421 2355 φωστῆρος
447 2320 630 2351 ὑποστάντος·
656 2320 702 2346 καὶ
728 2320 772 2346 διὰ
794 2320 917 2355 καθαρᾶς

121 2368 210 2394 ὑάλου
229 2368 259 2392 ἐν
281 2366 379 2396 οἰκίαις
395 2365 509 2398 διήκων,
527 2365 574 2390 καὶ
597 2364 678 2390 οἱονεὶ
697 2363 852 2397 ἀπογεννῶν
867 2363 916 2395 τὰς

122 2415 243 2443 ἀκτῖνας
258 2411 327 2437 κατὰ
342 2411 430 2445 πάσης
450 2410 563 2445 ἠπείρου
576 2409 719 2444 ἀνελλιπὴς
736 2409 782 2435 καὶ
798 2409 917 2444 ἄτμητος

121 2460 170 2486 διὰ.
193 2457 300 2488 παντὸς
325 2456 432 2491 ὁρᾶται.
467 2455 582 2490 Ὀμοίως
607 2454 654 2482 καὶ
681 2455 783 2490 πυροὺς
818 2454 916 2490 μυρίας

122 2505 257 2537 ἐξάπτων
272 2501 431 2536 λαμπάδας,
447 2501 477 2527 οὑ
495 2501 597 2536 ρεῦσιν,
615 2501 644 2526 οὑ
658 2500 745 2536 τομὴν
759 2500 916 2535 ὑπέμεινεν.

122 2550 156 2577 Εἰ
171 2546 224 2575 οὖν
246 2547 316 2578 τέως
340 2545 468 2579 ἀλώόητα
495 2545 611 2580 ὑπάρχει
630 2544 733 2576 ταῦτα,
750 2545 871 2580 ἀπείρως
890 2545 920 2570 τὸ

121 2596 204 2621 Θεῖον
232 2591 395 2627 ὑπερτερεῖν
422 2590 523 2616 τούτων
547 2589 608 2616 καθ’
633 2590 693 2616 ὅλου
721 2590 918 2624 πιστεύσομεν·

121 2642 210 2675 ἀτμὶς
229 2638 287 2673 γάρ
306 2636 375 2672 πρὸς
400 2637 488 2664 ἐκεῖνο
505 2636 572 2671 ὁμοῦ
596 2636 629 2662 τὰ
651 2635 805 2671 σύμπαντα.
824 2636 921 2670 Γεγέν-

86 2715 87 2718 η
121 2694 193 2720 νηκε
213 2683 307 2710 τοίνυν
322 2684 337 2708 ὁ
352 2682 446 2717 Πατὴρ
461 2681 505 2708 τὸν
522 2682 607 2708 Παῖδα
621 2682 652 2707 οὐ
667 2681 711 2708 διὰ
725 2682 811 2717 τομῆς
824 2681 840 2716 ἢ
858 2682 920 2717 ῥεύ-

86 2726 89 2730 ’
121 2737 212 2761 σεως,
241 2728 272 2754 οὐ
295 2728 329 2754 δι’
352 2727 434 2762 ὖγκου
454 2727 500 2753 καὶ
527 2725 672 2761 συστολῆς·
697 2726 754 2753 ἀλλ’
778 2727 921 2762 ἀσώματος

123 2777 177 2808 ὢν,
212 2774 364 2808 ἀσώματον
390 2773 475 2807 Λόγον
507 2772 688 2799 ἐνυπόστατον
711 2772 842 2800 ἀκούοντα
874 2774 921 2800 καὶ

159 2843 183 2859 ⁸¹
195 2841 218 2868 ll
233 2839 297 2866 Cor.
313 2845 355 2869 ιιι,
370 2838 396 2864 6.
443 2839 464 2854 ¹¹
481 2837 551 2864 Psal.
565 2845 620 2871 χιιι,
639 2837 663 2864 7.

825 109 996 138 DIALOGUS
1008 110 1027 136 1.

1689 107 1742 134 903

957 178 1015 196 vero
1034 168 1188 204 uiui/irai".
1215 166 1397 202 Vicissimque
1418 166 1530 201 inquam
1548 173 1598 201 ego
1618 165 1667 193 :Si
1686 173 1741 193 non

957 215 1056 241 occidit
1067 215 1157 241 littera
1173 220 1220 241 eos
1236 213 1281 248 qui
1297 216 1368 240 recte
1383 212 1569 242 considerant,
1580 218 1667 244 neque
1677 210 1741 236 item

957 261 1077 288 viviﬁcat
1092 260 1204 294 spiritus
1217 259 1436 293 blasphemantes
1450 258 1551 292 ipsum.
1571 257 1742 284 llonoremus

958 306 1040 339 igitur
1057 306 1182 339 spiritum
1207 308 1237 332 ut
1261 304 1444 338 inlelligamus
1468 303 1596 330 litteram.
1614 300 1743 337 Figurate

959 350 1066 382 Filium,
1079 351 1190 381 oslium,
1203 353 1231 376 et
1243 349 1325 380 viam,
1340 352 1366 375 et
1382 347 1508 382 lapidem,
1520 351 1547 375 et
1558 346 1580 374 si
1590 347 1654 381 quid
1669 345 1743 373 aliud

957 401 999 423 est
1045 395 1181 430 ejusmodi
1213 393 1418 422 similitudinem
1437 395 1440 424 |
1458 393 1511 420 dici
1539 393 1706 427 accipiamus
1735 400 1742 418 :

957 438 1221 475 viam'intelligentes
1237 439 1337 474 ipsum,
1352 443 1382 466 ut
1393 439 1438 474 qui
1454 446 1503 466 nos
1518 439 1544 465 in
1558 437 1742 473 cognitionem

958 485 1046 514 Patris
1074 487 1282 520 divinarumque
1307 493 1398 513 rerum
1428 485 1533 517 ducat;
1568 484 1670 511 ostium
1701 487 1745 511 est

957 538 1078 568 apertum
1090 533 1123 560 iis
1131 533 1176 567 qui
1189 532 1356 567 pervirtutes
1364 531 1438 558 intus
1449 529 1605 565 rch‘neI'ari
1622 529 1742 561 student,

959 584 1049 611 pugno
1074 577 1230 610 frequenter
1252 576 1436 611 percutientes
1462 578 1592 609 pectora;
1618 574 1745 601 columna

958 631 1022 650 vero
1038 623 1203 657 intelligatur
1226 621 1426 649 ﬁrmamentum
1449 628 1510 648 esse
1535 620 1597 647 ﬁdei
1622 623 1744 651 nostrae,

960 669 1073 696 ﬁrmiter
1089 668 1248 696 suifulciens
1264 672 1290 695 et
1304 667 1394 694 ferens
1414 666 1494 693 simul
1510 666 1654 698 universa;
1675 665 1745 699 lapis

959 719 1050 742 autem
1073 713 1231 741 oﬁ‘ensionis
1248 712 1394 739 incredulis
1410 714 1464 743 est,
1484 715 1510 738 et
1528 714 1603 745 petra
1625 709 1745 737 scandali

963 760 1080 791 Judaeis;
1094 760 1172 787 nobis
1185 763 1275 786 autem
1289 759 1358 792 lapis
1375 757 1543 785 fundamenti
1553 755 1746 784 EcclesiaeJo-

960 812 1013 833 tam
1033 806 1119 832 basim
1136 805 1288 832 continens.
1303 804 1394 834 Petra,
1412 803 1495 830 robur
1505 806 1532 829 et
1547 801 1662 829 ﬁrmitas
1677 809 1745 828 con-

958 851 1105 882 fessionis,
1131 858 1183 884 qua
1207 849 1332 884 procellae
1350 849 1482 875 luerosum
1501 847 1666 882 impugnata;
1681 867 1688 879 ,
1715 846 1745 873 in

959 905 1082 932 spumam
1101 904 1197 923 rursus
1212 895 1417 927 dissolvuntur;
1436 894 1547 926 vermis,
1568 892 1745 928 quemadmo-

958 943 1023 970 dum
1035 942 1151 969 Davides
1161 942 1317 969 divinorum
1331 941 1482 968 carminum
1499 944 1594 966 auctor
1606 939 1692 974 inquit
1700 938 1722 954 "
1735 947 1743 965 :

959 997 991 1016 ac
1000 990 1079 1017 nobis
1088 989 1196 1023 quidem
1205 989 1291 1016 instar
1301 987 1401 1015 vermis
1407 995 1439 1014 ex
1450 989 1532 1017 terra,
1542 986 1645 1020 absque
1654 984 1746 1019 aliquo

957 1035 1055 1062 affectu
1078 1039 1124 1062 aut
1149 1035 1237 1065 coitu,
1259 1042 1292 1061 ex
1314 1037 1451 1068 perpetuae
1472 1031 1637 1066 virginitatis
1660 1035 1746 1057 matre

959 1081 1052 1113 Maria,
1071 1081 1173 1115 absque
1188 1078 1302 1114 nuptiali
1319 1077 1508 1105 commistione
1526 1080 1622 1109 natus;
1647 1075 1744 1102 adver-

962 1126 1042 1154 sariis
1056 1130 1146 1153 autem
1166 1125 1265 1152 vermis
1281 1123 1426 1159 supplicii,
1452 1122 1598 1150 stimulans
1620 1124 1648 1148 et
1662 1121 1745 1155 depa-

962 1180 1041 1199 scens
1055 1172 1157 1206 absque
1173 1171 1235 1198 ﬁne.

1145 1223 1403 1253 INTERROGATIO
1424 1222 1554 1250 XXXV".

997 1273 1079 1308 Atqui
1097 1273 1149 1300 nisi
1165 1272 1254 1307 ipsum
1271 1274 1424 1298 creaturam
1437 1277 1498 1296 esse
1510 1268 1624 1298 dixeris,
1643 1271 1744 1294 contu-

963 1321 1044 1348 melia
1055 1319 1161 1347 Patrem
1178 1318 1272 1349 aﬁicis,
1289 1317 1413 1344 allectum
1437 1316 1461 1342 ei
1487 1315 1621 1341 tribuens.
1650 1312 1746 1340 Omnis

962 1367 1036 1393 enim
1049 1366 1095 1401 qui
1124 1368 1246 1400 generat,
1270 1364 1382 1390 omnino
1399 1362 1451 1390 erit
1471 1361 1606 1388 obnoxius
1626 1359 1746 1387 aﬁ‘cctui.

962 1413 1016 1439 Aut
1027 1413 1098 1439 enim
1111 1411 1293 1442 contrahitur,
1311 1412 1358 1435 aut
1373 1408 1513 1437 dilatatur.
1531 1410 1578 1432 aut
1592 1405 1744 1433 sectionem

966 1458 1195 1485 derivationcmve
1210 1456 1323 1490 patitur,
1343 1457 1389 1481 aut
1408 1453 1530 1484 effertur,
1551 1455 1598 1478 aut
1617 1450 1748 1485 deprimi-

963 1505 1018 1533 tur,
1035 1506 1081 1528 aut
1098 1505 1173 1528 certe
1189 1501 1244 1528 tale
1255 1499 1320 1535 quid
1335 1498 1464 1530 sustinet,
1479 1497 1526 1532 qui
1545 1499 1668 1531 generat.

1278 1545 1431 1579 Responsio.

998 1593 1077 1621 Absit
1093 1593 1189 1628 procul
1201 1592 1255 1619 tale
1271 1591 1409 1621 delirium,
1422 1597 1438 1616 ο
1452 1588 1589 1624 prreclare.
1604 1586 1662 1614 Non
1674 1586 1747 1615 enim

963 1640 1053 1667 divina
1074 1640 1170 1666 natura
1191 1645 1291 1672 corpus
1306 1641 1359 1668 est,
1376 1635 1485 1663 elationi
1501 1638 1548 1661 aut
1565 1632 1748 1661 contractioni

964 1685 1116 1720 subjectum
1134 1704 1141 1715 ,
1163 1687 1210 1710 aut
1230 1682 1325 1714 ﬁuxui,
1347 1685 1393 1708 aut
1415 1679 1541 1711 sectioni,
1562 1683 1609 1705 aut
1634 1685 1748 1712 prorsus

963 1732 1147 1766 qualicunque
1168 1729 1276 1756 affectui
1295 1727 1489 1761 mancipatum.
1511 1725 1650 1758 Quatenus
1666 1724 1750 1759 igitur

963 1779 1043 1805 Pater
1057 1776 1170 1812 spiritus
1184 1779 1237 1806 est,
1255 1774 1352 1801 Filium
1374 1774 1457 1800 Deum
1478 1770 1596 1798 Verbum
1617 1770 1749 1805 spiritua-

964 1823 1025 1850 liter
1039 1823 1142 1856 absque
1154 1825 1277 1856 tempore
1303 1818 1476 1846 ineﬁ'abiliter
1498 1817 1602 1852 genuit.
1624 1815 1659 1841 At
1683 1821 1750 1842 vero

966 1868 1030 1903 quia
1048 1867 1185 1902 plerisque
1205 1865 1312 1892 videtur
1331 1863 1401 1891 visui
1429 1863 1519 1898 potius
1537 1868 1619 1896 quam
1642 1859 1750 1887 auditui

965 1913 1142 1944 credendum,
1158 1913 1239 1940 etiam
1260 1911 1334 1937 facili
1360 1910 1452 1943 aliquo
1470 1907 1596 1942 exelnplo
1615 1907 1747 1933 utendum

963 1968 1025 1988 esse
1043 1963 1117 1986 ratus
1145 1965 1205 1986 sum
1231 1957 1257 1983 in
1288 1963 1320 1984 eo
1348 1955 1522 1986 declarando,
1552 1953 1624 1988 quod
1645 1952 1749 1987 absque

965 2006 1062 2033 aﬁ'ectu
1081 2005 1151 2031 Deus
1169 2006 1288 2038 generet,
1303 2009 1357 2028 non
1374 2001 1474 2028 ﬂuxum
1489 2006 1577 2034 neque
1595 1998 1748 2026 sectionem

965 2052 1081 2088 patiens.
1095 2049 1229 2077 Creatura
1243 2049 1339 2083 utique
1353 2048 1399 2075 Dei
1415 2051 1457 2074 est
1475 2046 1527 2076 sol.
1544 2053 1598 2080 quo
1623 2043 1706 2078 aliqui
1720 2043 1749 2069 in

965 2097 1184 2126 extremitatibus
1197 2095 1422 2122 inhabitabilibus
1431 2095 1492 2129 igne
1501 2096 1626 2120 carentes
1635 2095 1660 2118 ul
1668 2094 1750 2117 untur

966 2144 999 2171 ad
1013 2143 1172 2178 coquendos
1186 2142 1275 2172 cibos,
1291 2147 1479 2176 equorumque
1494 2143 1618 2173 pastores
1628 2156 1635 2169 ,
1651 2144 1678 2164 et
1699 2137 1751 2163 bu-

966 2191 1050 2223 bulci,
1067 2189 1172 2217 subulci
1190 2193 1217 2216 et
1228 2191 1352 2223 pastores
1371 2187 1428 2218 alii.
1449 2186 1560 2213 calicem
1588 2191 1658 2218 aqua
1681 2189 1749 2217 pura

966 2237 1088 2272 implent.
1115 2240 1142 2263 et
1167 2235 1244 2262 radio
1270 2234 1336 2261 solis
1362 2233 1520 2263 obvertunt,
1535 2229 1666 2264 aridaque
1685 2229 1750 2254 limo

967 2281 1078 2309 admoto
1091 2280 1123 2307 ad
1138 2287 1187 2307 vas
1212 2277 1367 2314 aquarium,
1393 2277 1469 2303 illico
1498 2276 1586 2310 ignem
1607 2272 1751 2304 auferunt,

967 2335 1029 2355 cum
1045 2325 1156 2353 interim
1172 2332 1221 2352 nec
1234 2324 1395 2354 sectionem,
1418 2330 1468 2349 nec
1492 2321 1606 2352 (iuxtim,
1629 2326 1679 2346 nec
1706 2322 1751 2345 tu-

967 2380 1082 2402 morem,
1096 2379 1145 2397 nec
1162 2370 1377 2397 contractionem
1391 2368 1526 2394 luminare
1548 2366 1637 2400 ipsum
1662 2364 1751 2399 patia-

967 2423 1022 2446 tur.
1042 2417 1114 2445 ldem
1133 2425 1180 2452 per
1194 2424 1292 2450 purum
1316 2416 1417 2441 vitrum
1443 2414 1471 2440 in
1495 2411 1642 2439 domiciliis
1667 2417 1751 2446 pene-

970 2471 1055 2495 trans,
1074 2463 1207 2498 quasique
1221 2462 1312 2488 radios
1325 2461 1440 2496 gignens
1459 2466 1506 2494 per
1523 2458 1678 2484 universam
1695 2459 1753 2484 ter-

969 2517 1038 2542 ram,
1049 2508 1227 2536 nihilominus
1239 2507 1343 2540 absque
1355 2504 1461 2532 defectu
1479 2509 1505 2530 et
1514 2504 1616 2538 absque
1631 2502 1753 2529 sectione

971 2562 1017 2591 per
1032 2554 1125 2581 omnia
1141 2552 1273 2581 cernitur.
1291 2551 1422 2578 Similiter
1441 2555 1467 2577 et
1481 2550 1536 2579 tax.
1560 2547 1668 2575 etiarnsi
1693 2547 1756 2574 inﬁ-

970 2600 1043 2627 nitas
1060 2599 1205 2633 lampades
1219 2596 1386 2627 accenderit,
1412 2602 1499 2629 neque
1524 2593 1640 2626 ﬂuxum,
1665 2600 1755 2627 neque

971 2646 1119 2674 sectionem
1135 2645 1249 2680 patitur.
1266 2642 1294 2669 Si
1314 2642 1397 2675 igitur
1422 2641 1526 2675 absque
1549 2638 1662 2666 laesione
1685 2637 1755 2665 ﬁunt

969 2693 1033 2725 ista,
1049 2692 1077 2718 in
1093 2691 1232 2718 inﬁnitum
1248 2690 1307 2717 istis
1320 2697 1367 2723 per
1385 2686 1478 2714 omnia
1499 2685 1670 2719 superiorem
1693 2691 1756 2711 esse

969 2741 1096 2765 naturam
1110 2737 1228 2764 divinam
1245 2735 1400 2763 credamuS.
1420 2731 1487 2759 Nam
1504 2730 1587 2758 simul
1598 2724 1625 2757 in
1645 2729 1755 2757 univer-

969 2792 1029 2811 sum
1045 2784 1135 2810 omnia
1150 2784 1176 2810 ιιι
1193 2783 1276 2816 ipsam
1302 2781 1400 2807 collata
1424 2781 1488 2805 sunt
1512 2777 1598 2804 instar
1620 2776 1692 2804 venti
1715 2780 1758 2804 tc-
