1920 3046
171 117 223 145 903

172 173 245 200 nuis.
262 171 332 207 Ergo
342 171 437 207 genuit
455 169 534 197 Pater
550 169 659 202 Filium,
674 177 729 196 non
744 177 793 204 per
809 169 958 197 sectionem

175 223 223 246 aut
240 219 354 249 ﬂuxum,
373 226 426 245 non
444 226 490 253 per
510 222 645 244 tumorem
663 217 705 244 vel
727 217 958 248 contractionem,

171 266 218 292 sed
241 265 420 299 incorporeus
449 264 585 290 exsistens
615 264 807 298 incorporeum
838 262 958 290 Verbum

171 309 295 344 ejusdem
324 309 499 341 substantiae,
523 308 595 343 quod
622 312 649 335 et
672 308 750 335 audit
775 312 803 336 et
826 308 958 343 loquitur.

172 353 241 381 Vani
262 355 343 389 igitur
360 355 398 381 illi
414 358 441 381 et
458 355 631 389 insipientesI
650 354 696 388 qui
722 361 785 381 cum
807 353 959 389 ignominia

172 398 309 425 honorant
322 397 442 432 Patrem,
461 407 495 426 ne
509 398 628 426 audeant
640 402 762 426 creatum
777 399 957 433 pronuntiare

170 442 282 470 Filium.
300 443 328 471 Si
344 445 428 476 enim,
447 449 476 471 ut
495 445 583 476 aiunt,
599 441 677 471 Pater
693 451 829 479 generans
843 444 957 478 patitur,

170 490 250 516 etiam
267 498 318 524 ego
331 495 469 517 creanlcm
491 490 600 524 fatigari
613 489 686 518 dico.
711 489 788 517 Unde
810 490 894 524 igitur
914 497 959 516 or-

171 539 228 561 tum
244 535 368 562 dicemus
383 535 494 566 Filium,
515 543 549 562 ne
566 534 674 562 Patrem
694 539 740 562 aut
761 535 828 570 pati,
852 539 899 562 aut
923 534 961 562 fa-

171 582 250 616 tigari
272 582 429 616 blaspheme
444 582 618 610 statuamus?
634 582 713 608 Absit
734 582 819 617 igitur
836 589 851 608 a
871 585 908 614 te,
931 585 961 608 ut

716 113 745 140 δ.
759 112 909 140 (ἷᾸΞδᾹῐὶιΙ
928 112 1089 141 GREGORII
1110 112 1260 140 FRATIUS

1740 111 1797 138 9οι

1011 171 1204 207 φθεγγόμενον.
1229 172 1260 198 Oi
1277 168 1323 198 οὖν
1336 171 1440 207 ἀτίμως
1456 171 1589 206 τιμῶντες
1604 170 1649 197 τὸν
1664 171 1776 204 Πατέρα
1786 189 1795 201 ,

1010 218 1189 244 εἰκαιόὸουλοι
1213 217 1260 244 καὶ
1277 218 1490 253 ματαιόφρονες,
1513 217 1620 244 κτιστδν
1644 216 1682 251 μὴ
1694 214 1799 250 τολμά-

1010 272 1100 290 τωσαν
1121 264 1282 298 ἀποφαίνειν
1307 264 1352 290 τὸν
1377 264 1451 291 Υἰόν.
1474 264 1507 290 El
1523 264 1589 299 γὰρ,
1613 262 1704 293 καθώς
1719 269 1797 296 φησι,

1010 309 1147 343 γεννῶντα
1159 309 1275 344 πάσχειν
1289 309 1335 335 τὸν
1348 309 1458 344 Πατέρα
1467 328 1474 341 ,
1492 308 1568 342 κὰγὼ
1584 316 1654 342 φημι
1670 306 1798 338 κτίζοντα

1011 355 1124 390 κάμνειν
1135 375 1142 386 ,
1169 355 1249 381 πόθεν
1269 354 1391 389 δώσομεν
1410 354 1454 381 τὸν
1472 354 1547 384 Υἱὺν,
1566 354 1609 380 ἵνα
1627 353 1664 389 μὴ
1677 353 1723 380 τὸν
1737 353 1798 379 Πα-

1009 398 1076 433 τέρα
1090 399 1229 433 πάσχοντα
1241 399 1257 433 ἢ
1270 399 1407 434 κάμνοντα
1419 398 1674 434 βλασφημήσωμεν;
1689 399 1800 430 Ἀπαγε

1011 443 1099 470 τοίνυν
1124 444 1221 470 σαυτὸν
1232 463 1239 475 ,
1265 444 1371 478 ἀτίμως
1392 443 1422 470 τὺ
1437 443 1514 470 Θεῖον
1526 443 1677 479 γεραίρωνί
1698 441 1728 470 Ὀ
1743 441 1800 477 γὰρ

1013 488 1058 514 τὸν
1076 489 1162 514 Παῖδα
1183 488 1367 524 βλασφημῶν,
1384 488 1429 515 τὸν
1443 488 1552 523 Πατέρα
1565 487 1668 519 λιθάζει
1679 506 1686 518 ,
1707 486 1801 517 καθὼς

1011 534 1090 565 αὐτὸς
1101 535 1130 560 ἐν
1141 534 1316 568 Εὑαγγελίοις
1325 534 1460 570 θεηγορεί·
1473 534 1499 560 '0
1505 533 1547 568 μὴ
1558 533 1648 568 τιμῶν
1655 533 1709 560 τὸν
1719 533 1799 563 Υἰὸν,

1020 579 1093 607 οὐδὲ
1104 579 1158 606 τὸν
1176 580 1292 614 Πατέρα
1308 579 1385 615 τιμᾷ.

171 635 234 655 cum
261 629 314 657 hac
344 629 495 664 ignominia
520 629 589 656 velis
628 632 756 655 naturam
792 629 912 657 divinam
934 628 1080 655 honorare.
1095 626 1162 654 Nam
1179 627 1225 662 qui
1241 627 1342 654 Filium
1362 627 1543 662 blasphemat,
1562 626 1668 654 Patrem
1684 625 1798 661 lapidat.

176 675 411 708 Quemadmodum
432 676 492 711 ipse
519 675 546 702 in
565 675 711 709 Evangelio
736 679 830 703 sancte
845 674 975 711 pmdicat
989 682 998 700 z
1015 673 1068 706 Qui
1088 681 1140 700 non
1155 673 1268 700 honorat
1282 672 1394 705 Filium,
1408 681 1487 708 neque
1505 672 1614 699 Patrem
1636 672 1748 700 honorat
1763 672 1800 701 ⁵³.

347 731 605 760 INTERROGATIO
635 731 781 760 XXXVIII.

208 787 263 815 Sed
277 788 416 823 quomodo
431 788 526 816 dicunt
539 789 634 824 aliqui,
653 789 725 824 quod
742 787 892 815 secundum
906 787 960 814 ele-

176 835 294 862 ctionem
312 839 337 862 et
350 835 464 870 gratiam
480 835 607 862 Christus
625 835 661 862 sit
682 835 770 861 lactus
791 833 837 861 Dei
855 832 963 860 Filius?

173 879 233 906 Non
247 880 318 907 enim
337 880 425 914 inquit
450 879 542 912 Pater,
560 879 612 906 llic
630 884 669 906 est
689 878 777 905 Filius
797 886 870 905 meus
893 877 962 905 dile-

172 931 231 953 ctus
245 933 325 960 quem
340 925 431 960 genui,
454 926 500 953 sed
524 933 574 960 qua
597 925 712 952 delector
729 924 763 952 ”.
788 923 821 950 Et
834 923 919 951 Isaias
934 923 961 950 in

173 979 290 1007 persona
306 971 353 999 Dei
367 976 394 998 et
411 971 500 998 Patris
515 971 548 1000 de
558 971 669 998 Christo
685 971 775 1006 inquit
785 980 791 998 :
801 968 961 996 EcceFilius

173 1026 246 1044 meus
265 1026 340 1052 quem
355 1018 432 1052 elegi,
447 1017 559 1044 dilectus
577 1025 649 1044 meus
661 1025 712 1051 quo
737 1016 885 1043 delectatur
902 1015 963 1041 rmi-

174 1072 232 1091 mus
251 1072 321 1090 meus
336 1064 369 1090 ⁸⁵.
383 1064 423 1090 Ad
449 1063 576 1090 eumdem
603 1062 713 1089 modum
738 1067 765 1090 et
789 1062 900 1090 Solonio
917 1061 961 1088 in-

172 1111 243 1145 quit,
261 1109 369 1136 Electus
385 1118 398 1136 ε
417 1109 505 1136 decem
523 1109 640 1136 millibus
653 1109 686 1136 “.

491 1207 643 1242 Responsio.

209 1261 244 1289 Ut
260 1261 376 1293 videtur,
393 1261 495 1289 Ariana
513 1263 621 1290 laboras
645 1262 794 1295 dementia,
813 1266 893 1289 tanto
914 1269 961 1288 co-

175 1313 242 1335 natu
263 1308 396 1334 adversus
414 1309 557 1335 veritatem
580 1308 760 1335 contendens.
782 1307 901 1335 Ostende
912 1309 962 1343 igi-

175 1359 220 1380 tur
246 1353 349 1381 similes
365 1353 488 1386 Christo,
512 1361 581 1388 quos
607 1353 687 1380 Pater
706 1354 907 1388 approbaverit,
931 1357 961 1380 ut

174 1400 314 1428 Christum
331 1400 412 1435 elegit
428 1400 528 1427 solum.
544 1400 611 1426 Nam
627 1401 650 1428 si
667 1399 754 1428 Filius
776 1404 819 1427 est
836 1401 960 1435 unigeni-

175 1451 229 1479 tus,
248 1454 303 1473 non
320 1447 400 1473 habet
420 1446 531 1473 fratrem
544 1450 591 1472 aut
610 1447 754 1481 aequalem,
782 1450 829 1473 aut
853 1446 904 1473 sibi
927 1454 961 1473 ex

175 1493 300 1527 opposito
316 1492 536 1527 respondentem.
551 1491 657 1518 Cecinit
671 1492 742 1518 enim
770 1491 803 1518 de
827 1491 887 1526 ipso
913 1489 964 1516 Da-

174 1539 252 1565 vides
266 1539 311 1565 ille
323 1537 451 1564 divinus:
471 1537 535 1570 Qui:
561 1537 755 1564 assimilabitur
775 1536 900 1568 Domino,
921 1537 963 1562 in-

175 1590 215 1611 ter
233 1584 303 1618 ﬁlios
318 1584 366 1611 Dei
377 1584 398 1599 "’
411 1584 423 1610 ?
443 1584 476 1610 Et
491 1583 620 1618 deinceps
633 1593 640 1610 :
653 1582 765 1617 Magnus
779 1588 802 1609 et
813 1582 962 1609 tremendus

175 1635 226 1662 est,
236 1638 317 1664 supra
334 1638 422 1656 omnes
437 1631 480 1664 qui
498 1634 557 1656 sunt
574 1630 600 1656 in
617 1630 731 1655 circuitu
745 1629 828 1663 ipsius
839 1628 873 1654 ⁸³.
891 1628 962 1654 Tan-

175 1684 257 1711 quam
272 1683 353 1703 nemo
369 1676 455 1709 possit
476 1675 627 1702 secundum
652 1675 768 1709 gratiam
792 1677 840 1701 aut
864 1681 963 1702 secun-

176 1721 241 1748 dum
264 1720 415 1755 proiectum
439 1720 559 1747 conferri
585 1719 640 1746 Deo
663 1718 761 1750 Verbo,
786 1719 833 1753 qui
851 1722 963 1753 propter

176 1767 305 1794 mortales
329 1767 466 1794 hominem
490 1765 658 1799 assumpsit,
684 1769 712 1791 et
735 1765 833 1792 merito
858 1765 963 1791 electus

176 1817 228 1839 est.
241 1811 309 1839 Cum
330 1813 402 1839 enim
428 1812 551 1847 plurima:
580 1815 608 1838 et
639 1810 852 1837 innumerabiles
871 1816 963 1837 essent

176 1858 304 1884 mulieres
317 1858 406 1884 adhuc
420 1858 595 1890 incorruptae,
617 1857 703 1883 solam
718 1860 809 1882 tamen
825 1863 857 1882 ex
873 1855 963 1882 omni-

176 1903 228 1930 bus
241 1903 337 1938 selcgit
351 1902 476 1935 Mariam,
491 1903 517 1929 in
532 1903 590 1937 ipsa
612 1900 785 1929 ineﬂ'abiliter
800 1901 897 1928 uniens
908 1901 962 1929 sibi

177 1952 205 1975 ct
225 1950 358 1983 copulatis
372 1954 497 1975 naturam
514 1952 650 1978 nostram,
669 1946 898 1982 quemadmodum
918 1946 962 1973 di-

177 1994 258 2021 vinus
274 1994 320 2020 ille
339 1998 414 2020 vates
433 1993 523 2028 inquit
542 2002 549 2020 :
579 1992 664 2027 Elegit
693 1992 766 2019 nobis
782 1990 962 2019 [nereditatem

175 2039 226 2065 sibi
236 2039 457 2073 pulchritudinem
471 2037 576 2069 Jacobi,
586 2045 665 2072 quam
678 2036 771 2063 dilexit
781 2036 804 2053 ”
823 2045 829 2062 :
847 2035 960 2063 Mariam

175 2089 306 2118 perpetuo
322 2087 475 2110 manentem
487 2083 619 2118 virginem
637 2082 805 2117 significans,
815 2089 875 2116 qua:
889 2090 960 2108 nun-

176 2138 255 2164 quam
277 2129 310 2156 ad
324 2129 509 2164 generandum
535 2136 680 2164 progressa
699 2128 797 2159 fuerat,
817 2133 863 2155 aut
876 2127 958 2155 fetum

176 2178 204 2203 in
231 2180 308 2203 utero
332 2179 456 2202 materno
484 2180 659 2210 conceperat.
688 2174 838 2210 Amplexus
867 2178 958 2201 autem

175 2223 256 2249 Pater
270 2230 329 2250 eain
345 2230 405 2257 qua:
424 2230 457 2249 ex
473 2222 532 2257 ipsa
546 2225 616 2254 erat,
633 2222 851 2248 incarnationem
864 2219 960 2251 Verbi,

175 2277 190 2294 υ
205 2268 332 2303 superuis
353 2269 486 2295 acclamat
506 2277 512 2294 :
532 2267 601 2294 Ecce
624 2266 713 2294 Filius
739 2274 810 2293 meus
838 2266 960 2297 dilectus.

173 2322 224 2349 quo
240 2313 354 2340 delector
371 2313 405 2340 ‘°.
425 2313 531 2346 Quibus
546 2313 574 2339 in
595 2312 685 2340 verbis
696 2311 823 2346 intelligit
850 2310 962 2338 unicum

175 2361 252 2387 illum
266 2369 299 2388 ex
315 2368 345 2388 se
366 2363 393 2387 et
413 2367 445 2387 ex
469 2363 599 2394 perpetua
630 2358 738 2393 virgine
764 2361 859 2384 natum
881 2356 961 2383 nobis

175 2405 274 2432 Filium
294 2405 388 2436 Deum,
405 2404 458 2432 sibi
470 2410 497 2431 et
512 2404 590 2431 nobis
603 2402 886 2435 consubstantialem,
903 2401 956 2436 ipsi

1302 730 1426 756 ΠΕΥΣΙΣ
1444 731 1510 757 AH’.

1047 787 1102 813 Καὶ
1115 786 1173 818 πῶς
1195 787 1265 818 τινές
1287 796 1367 821 φασι,
1382 787 1442 814 κατ’
1464 787 1578 822 ἐκλογὴν
1596 787 1641 814 καὶ
1657 787 1738 822 χάριν
1751 787 1798 813 τὸν

1012 833 1128 868 Χριστὸν
1150 833 1275 867 γενέσθαι
1298 833 1361 860 Υίὸν
1386 833 1433 860 τοῦ
1453 832 1537 866 Θεοῦ;
1567 832 1605 859 Οὐ
1628 833 1682 868 γὰρ
1697 833 1800 867 λέγειὸ

1012 880 1125 916 Πατήρ·
1151 877 1244 912 οὗτός
1257 880 1343 906 ἐστιν
1356 881 1373 906 ὁ
1393 880 1458 912 Υἱός
1474 888 1534 913 μου
1559 881 1575 906 ὁ
1594 879 1748 914 ἀγαπητὸς
1768 879 1800 906 ὃν

1012 925 1163 961 ἐγέννησα,
1187 925 1255 957 ἀλλ’,
1271 926 1305 952 ὲν
1324 922 1348 958 ᾧ
1363 925 1530 959 ηὑδόκησα.
1557 925 1613 952 Καὶ
1635 925 1748 956 Ἡσαΐας
1766 926 1800 952 ἐκ

1012 971 1158 1005 προσώπου
1181 971 1227 998 τοῦ
1252 971 1320 998 Θεοῦ
1342 971 1388 998 καὶ
1411 971 1531 1007 Πατέρος
1547 970 1620 1004 λέγει
1645 971 1710 1007 περὶ
1732 972 1799 1007 Χρι-

1013 1016 1076 1042 στοῦ
1086 1024 1092 1030 ·
1111 1016 1187 1043 Ἰδοὺ
1204 1018 1220 1043 ὁ
1236 1015 1308 1049 Παῖς
1321 1025 1380 1050 μου
1394 1016 1431 1043 ὃν
1444 1016 1638 1050 ᾐρετισάμην,
1653 1018 1670 1043 d
1683 1016 1799 1051 ἀγαπη-

1011 1063 1063 1095 τός
1074 1071 1149 1096 μου,
1166 1064 1210 1095 εἰς
1231 1062 1266 1089 ὃν
1279 1062 1451 1096 ηὐδόκησεν
1464 1064 1483 1097 ἡ
1497 1062 1582 1097 ψυχή
1591 1071 1661 1097 μου.
1681 1063 1797 1098 Ὁμοίως

1012 1107 1059 1133 καὶ
1088 1107 1213 1142 Σολομὼν
1241 1107 1327 1141 λέγει·
1363 1106 1628 1142 Ἑκλελογισμένος
1654 1107 1714 1134 ἀπὸ
1738 1116 1796 1142 μυ-

1008 1151 1123 1185 ριάὸος.

1324 1207 1499 1240 Ἀπόκρισις.

1054 1261 1097 1293 Ὡς
1113 1261 1184 1288 ἔοικε
1207 1261 1256 1296 τῆς
1287 1262 1391 1298 Ἀρείου
1415 1262 1557 1298 παροινίας
1581 1263 1729 1298 ὑπάρχεις,
1754 1273 1797 1291 το-

1013 1307 1099 1344 σαύτῃ
1126 1307 1277 1343 φιλονεικίᾳ
1306 1309 1376 1335 κατὰ
1403 1309 1452 1344 τῆς
1485 1309 1613 1344 ἁτρεκίας
1646 1309 1794 1345 χρώμενος.

1013 1352 1103 1384 Δεῖξον
1119 1353 1208 1379 τοίνυν
1230 1354 1293 1384 τοὺς
1307 1353 1416 1388 ὁμοίους
1434 1354 1551 1389 Χριστοῦ
1562 1374 1569 1386 ,
1586 1354 1632 1386 οὓς
1647 1355 1797 1390 δοκιμάσας

1012 1399 1027 1424 ὁ
1050 1399 1159 1434 Πατὴρ,
1184 1399 1300 1434 Χριστὸν
1323 1399 1463 1432 ἐξελέξατο
1478 1400 1567 1435 μόνον.
1591 1400 1622 1426 Et
1643 1401 1698 1436 γὰρ
1719 1401 1796 1436 μόνος

1013 1443 1077 1475 Υἱὸς
1092 1444 1207 1479 ὑπάρχει
1233 1445 1395 1480 μονογενὴς,
1418 1445 1467 1472 οὐκ
1489 1445 1545 1481 ἔχει
1560 1446 1672 1480 ἀδελφὸν
1687 1446 1704 1481 ἢ
1725 1447 1798 1473 ἀντι-

1013 1488 1175 1522 παράθετον.
1195 1489 1364 1524 Ἐμελῲδησε
1379 1489 1433 1524 γὰρ
1445 1490 1508 1525 περὶ
1530 1490 1611 1517 αὑτοῦ
1626 1490 1708 1517 Δαόὶδ
1723 1492 1738 1517 ὁ
1758 1491 1797 1517 θε-

1013 1534 1139 1566 σπέσιος·
1172 1535 1219 1567 Τίς
1242 1535 1454 1570 ὁμοιωθήσεται
1476 1535 1517 1568 τῷ
1538 1537 1635 1573 Κυρίῳ
1662 1537 1697 1563 ἐν
1722 1536 1797 1570 υιοῐς

1015 1580 1105 1613 Θεοῦ;
1124 1581 1171 1607 καὶ
1191 1581 1250 1616 μεθ’
1269 1581 1365 1617 ἕτερα·
1382 1582 1483 1617 Μέγας
1496 1583 1546 1609 καὶ
1567 1584 1693 1617 φοϐερός
1713 1584 1796 1610 ἐστιν

1013 1624 1061 1651 ἐπὶ
1089 1625 1205 1660 πάντας
1225 1626 1295 1659 τοὺς
1314 1628 1483 1661 περικύκλῳ
1506 1629 1614 1655 αὑτοῦ·
1632 1629 1669 1661 ὡς
1685 1629 1797 1664 μηδενὸς

1013 1670 1069 1696 οἴου
1083 1679 1113 1697 τε
1132 1671 1208 1703 ὄντος
1223 1672 1271 1699 τοῦ
1294 1673 1364 1700 κατὰ
1379 1674 1458 1709 χάριν
1471 1674 1487 1708 ἢ
1502 1674 1643 1710 προκοπὴν
1657 1675 1797 1710 παραδάλ-

1013 1715 1107 1743 λεσθαι
1120 1717 1160 1752 τῷ
1182 1717 1242 1752 Θεῷ
1261 1718 1357 1754 Λόγῳ,
1376 1719 1420 1746 διὰ
1438 1719 1548 1754 βροτοὺς
1568 1719 1730 1756 ἀνδρωθέντι
1752 1720 1797 1747 καὶ

1013 1762 1125 1794 είκότως
1151 1763 1314 1798 ἑκλεχθέντι.
1337 1765 1472 1792 Πλείστων
1486 1765 1539 1801 γὰρ
1553 1765 1734 1801 ὑπαρχουσῶν
1748 1775 1798 1801 μυ-

1015 1809 1113 1844 ριάδων
1126 1809 1264 1843 γυναικῶν
1283 1810 1322 1836 ἐτι
1338 1811 1473 1846 ἁφθόρων,
1492 1811 1574 1846 μόνην
1588 1812 1621 1838 ἐκ
1632 1812 1727 1838 πασῶν
1739 1812 1797 1839 Μα-

1015 1855 1074 1890 ρίαν
1098 1856 1258 1891 ἀπέκρινεν,
1274 1858 1303 1882 ὲν
1321 1857 1390 1892 αὑτῇ
1415 1857 1561 1892 ἀφράστως
1584 1857 1687 1889 ἑνώσας
1708 1857 1797 1892 ἑαυτῷ

1012 1901 1059 1927 ’καὶ
1084 1900 1240 1935 συμπλέξας
1260 1901 1294 1928 τὰ
1311 1901 1449 1937 ἡμέτερα,
1475 1902 1566 1934 καθώς
1592 1911 1674 1937 φησιν
1688 1903 1703 1928 ό
1726 1902 1796 1934 θεῖος

1012 1946 1168 1981 τραγῳδός·
1207 1946 1382 1979 Ἐξελέξατο
1411 1947 1484 1982 ἡμῖν
1510 1947 1567 1982 τὴν
1596 1949 1797 1982 κληρονομίαν

1012 1991 1134 2023 ἑαυτοῦ,
1155 1991 1213 2026 τὴν
1239 1992 1394 2027 uallarisz-
1425 1994 1532 2025 Ἰακὼϐ,
1553 1993 1593 2028 ἣν
1621 1993 1795 2028 ήγήπησεν·

1011 2037 1060 2072 τὴν
1077 2038 1204 2064 ἀείπαιδα
1227 2039 1337 2074 Μαρίαν
1362 2038 1462 2074 δηλῶν,
1488 2039 1601 2075 μηδέπω
1627 2041 1667 2071 είς
1690 2040 1797 2073 γένεσιν

1013 2083 1211 2119 παρελθοῦσαν.
1224 2084 1253 2110 ὲν
1262 2084 1338 2119 νηδύϊ
1353 2085 1456 2121 μητρὸς
1473 2085 1699 2120 ωταῦληθεῖσαν.
1716 2085 1796 2119 ’Δγά-

1015 2139 1094 2165 μενος
1104 2130 1126 2156 δ’
1137 2131 1151 2157 ὁ
1167 2130 1262 2166 Πατὴρ
1279 2130 1327 2166 τὴν
1342 2131 1371 2164 ἐξ
1384 2132 1469 2167 αὐτῆς
1486 2131 1531 2157 τοῦ
1546 2132 1632 2166 Λόγου
1648 2132 1794 2166 σάρκωσιν,

1012 2176 1115 2202 ἄνωθεν
1137 2176 1245 2211 έπιϐοᾷκ
1267 2176 1339 2203 Ἰδοὺ
1354 2179 1371 2204 ὀ
1388 2178 1454 2210 Υἱός
1464 2186 1524 2212 μου
1543 2178 1559 2204 ό
1580 2177 1747 2212 ἀγαπητὸς,
1762 2178 1798 2204 ἐν

1011 2217 1035 2253 ᾧ
1049 2220 1212 2254 εὐδόκησα·
1223 2221 1270 2247 ἕνα
1283 2222 1328 2248 τὸν
1345 2223 1410 2258 παρ’
1425 2222 1507 2249 αὑτοῦ
1523 2223 1569 2249 καὶ
1583 2223 1632 2258 τῆς
1646 2223 1796 2255 Ἀείπαιδος

1010 2266 1150 2302 γνωρίζων
1157 2268 1222 2302 ἡμῖν
1232 2267 1317 2294 Παῖδα
1324 2267 1476 2303 Gabi/mimi)
1483 2268 1529 2294 καὶ
1541 2269 1606 2303 ἡμῖν
1612 2268 1694 2303 ὀμοού
1698 2269 1797 2300 novae

1011 2314 1071 2347 μὲν,
1080 2312 1209 2349 θειότητι,
1222 2313 1271 2349 τῆς
1282 2313 1309 2340 δὲ
1322 2314 1476 2350 (1142)»ιῷ
1489 2314 1694 2350 προσλήμματι,
1716 2315 1795 2349 Ὀμο-

1010 2357 1110 2394 θέωρος
1123 2359 1177 2394 γὰρ
1191 2359 1298 2394 θνητοῖς
1310 2360 1452 2392 ἀθάνατος,
1470 2360 1638 2396 αὐθαιρέτως
1651 2360 1796 2394 γενόμενος

1011 2401 1116 2436 ἔμεινεν
1131 2403 1145 2429 ὃ
1156 2401 1199 2439 ἦν,
1213 2403 1349 2439 ὁρώμενος
1361 2405 1428 2439 ὅπερ
1442 2405 1510 2439 είμί.

174 2449 283 2485 quidem
299 2450 450 2481 divinitate,
467 2449 544 2477 nobis
564 2457 628 2477 vero
644 2451 752 2476 ratione
766 2449 858 2475 carnis
875 2451 1034 2483 assumptae.
1053 2448 1125 2476 Idem
1142 2450 1214 2476 enim
1231 2451 1303 2477 inter
1319 2449 1450 2477 mortales
1469 2458 1605 2486 apparens
1621 2449 1795 2484 immortalis,

174 2503 323 2534 spontanea
340 2498 478 2525 voluntate
491 2499 592 2525 mansit
606 2497 678 2532 quod
690 2501 758 2530 erat,
774 2504 836 2525 cum
856 2497 1064 2531 conspiceretur
1083 2497 1110 2524 id
1123 2505 1185 2525 esse
1196 2497 1270 2532 quod
1288 2505 1348 2525 sum
1362 2505 1425 2533 ego.

355 2552 612 2581 INTERROGATIO
648 2551 770 2579 XXXIX.

207 2601 349 2634 Quomodo
360 2608 425 2627 vero
438 2599 588 2627 secundum
606 2598 758 2633 profectum
782 2602 807 2625 et
827 2597 954 2625 dilectio-

173 2655 234 2673 nem
260 2645 407 2680 Apostolus
435 2645 525 2680 ipsum
543 2644 692 2672 ostendens
714 2643 813 2670 Filium
839 2642 898 2676 Dei,
923 2643 958 2670 de

1299 2554 1422 2580 ΠΕΥΣΙΣ
1441 2553 1501 2580 ΛΘ.

1047 2599 1102 2624 Καὶ
1118 2599 1175 2631 πῶς
1190 2599 1260 2626 κατὰ
1274 2599 1413 2634 προκοπὴν
1427 2599 1473 2625 καὶ
1488 2599 1626 2633 ἀγάπησιν
1638 2599 1652 2624 ὁ
1669 2599 1796 2625 Ἀπόστο-

1011 2643 1055 2674 λος
1071 2644 1176 2675 δεικνὺς
1190 2644 1270 2672 αὑτὸν
1285 2645 1348 2670 Υἱὸν
1372 2643 1420 2671 τοῦ
1440 2644 1507 2670 Θεοῦ
1517 2664 1525 2677 ,
1548 2644 1612 2679 περὶ
1628 2643 1674 2670 τοῦ
1691 2643 1795 2679 Πατρὸς

207 2724 230 2740 ⁸³
244 2723 322 2751 Joan.
338 2731 363 2754 ν,
378 2724 422 2749 25.
453 2723 477 2739 ⁸⁵
493 2723 587 2750 Matth.
600 2731 640 2756 ιιι,
653 2723 697 2750 l'l.
734 2722 758 2738 "
772 2721 825 2749 Isa.
840 2729 907 2754 mi,
923 2722 949 2749 l.
987 2721 1011 2737 "
1022 2721 1098 2749 Cant.
1115 2730 1140 2755 ν,
1156 2722 1199 2750 l0.
1238 2723 1260 2738 "'
1274 2722 1344 2751 Psal.
1359 2729 1491 2754 uxxvm,
1506 2721 1532 2749 7.
1552 2722 1575 2738 "
1590 2721 1656 2749 ibid.
1684 2722 1707 2738 "
1722 2719 1794 2748 Psal.

173 2767 248 2791 ιινι,
267 2760 292 2785 5.
332 2759 353 2774 ⁶⁰
369 2758 464 2785 Matth.
479 2766 519 2791 ιιι,
537 2759 582 2785 l7.

209 2837 234 2872 (ξ
244 2837 311 2873 1-12)
330 2839 362 2864 Τὸ
374 2837 441 2872 μὲν.
454 2859 460 2865 .
472 2859 478 2866 ,
496 2837 550 2871 τῆς
564 2837 607 2863 δέ.
626 2836 723 2868 Forte,
742 2835 780 2871 τῷ
803 2835 861 2872 μὲν.
875 2853 899 2862 ..
916 2836 960 2862 τοῖς

1014 2855 1020 2861 .
1044 2835 1122 2863 Enn.
