1920 3046
89 157 150 187 905

89 215 188 248 λέγει.
215 217 270 248 ’ος
289 216 436 250 ἐῤῥύσατο
459 218 537 253 ἡμᾶς
554 219 588 246 ἐκ
607 219 661 255 τῆς
676 220 819 254 ἐξουσίας
831 222 885 249 τοῦ

88 264 209 289 σκότου
219 281 226 292 ,
250 262 300 288 καὶ
317 263 506 297 μετέστησεν
519 266 563 297 εις
582 266 639 299 τὴν
654 267 820 298 ,ϐασιλείαν
832 268 884 295 τοῦ

87 308 161 335 Υιυῡ
178 306 233 342 τῆς
245 308 362 342 ἀγάπης
373 309 478 338 αὑτοῦ.

404 366 584 400 Ἀπόκρισις.

130 403 208 433 Ἀλλ’
231 408 282 435 οὐκ
306 410 338 435 ἐκ
354 409 456 436 τούτων
474 411 544 438 κατὰ
561 413 703 448 προκοπὴν
727 412 792 444 Υἱὸς
817 413 884 440 Θεοῦ

86 452 276 488 δειχθήσεται.
300 455 427 490 Ἐτέρωθι
449 456 502 492 γὰρ
515 459 529 484 ὁ
541 458 621 490 αὐτὸς
637 459 708 494 ἱερὸς
725 459 884 491 Ἀπύστολός

88 507 191 533 ψησιν·
209 500 275 526 ’Ὅτι
294 502 311 527 ὁ
330 502 402 534 Θεὸς
426 503 584 537 ἠγάπησεν
600 503 678 539 ἡμᾶς
699 505 735 531 ἐν
752 506 881 539 Χριστῷ“

88 545 235 580 σημαίνων
251 547 361 582 ἀγάπην
375 548 421 574 τοῦ
435 548 501 574 Θεοῦ
514 550 561 576 καὶ
572 550 677 585 Πατρὸς
691 551 823 585 ὑπάρχειν
838 551 883 578 τὸν

87 592 219 627 Χριστὸν.
233 593 271 623 ὡς
284 594 329 620 καὶ
338 595 431 629 σοφίαν
442 596 489 622 καὶ
497 596 620 632 δύναμιν.
631 598 736 633 Ἀγάπη
748 595 793 624 οὖν
805 599 818 624 ὁ
828 599 882 625 Πα-

86 637 151 672 τὴρ,
169 638 272 673 ὁμοίως
288 640 335 666 καὶ
349 641 362 666 ὁ
374 641 453 672 Υἱός·
469 642 506 673 ὡς
526 643 584 677 φῶς
595 643 627 669 ὲκ
642 644 739 677 φωτὸς,
759 645 805 670 καὶ
817 644 883 676 Θεὸς

86 683 119 708 ὲκ
136 683 218 714 Θεοῦ,
236 685 284 710 καὶ
297 685 390 721 ἀγάπη
404 687 433 718 ἐξ
446 688 564 723 ἀγάπης.
584 689 610 714 Ὁ
630 690 701 721 Θεὸς
714 689 768 725 γὰρ
782 689 881 723 ἀγάπη

85 728 168 760 ἐστὶ,
187 729 271 763 φησὶν
286 730 300 756 ό
320 730 457 762 Ἰωάννης.
477 733 679 760 Παυσάσοωσαν
693 735 781 760 τοίνυν
793 735 816 760 οἱ
832 735 882 769 τῆς

93 773 202 807 ’Λρείου
218 774 333 808 μανίας,
359 776 462 811 κτίσμα
483 777 528 803 τὸν
550 778 662 814 κτίστην
678 779 794 814 οἰόμενοι
805 800 812 811 ,
824 779 880 805 οὔθ’

86 817 187 853 ἐτέρας
212 819 267 844 τῶν
288 820 430 855 Διαοηκῶν
455 821 533 848 τοῦτο
557 822 730 858 βουλομένης.
754 823 880 859 Τέσσαρα

87 865 153 899 ἡμῖν
176 865 295 900 ὑπάρχει
320 866 490 900 Εὑαγγὲλια,
510 869 663 902 κεφαλαίων
675 869 766 904 χιλίων
783 870 878 896 ἑκατὸν

86 910 221 945 ἑξήκοντα
232 911 295 938 δύο·
310 912 354 938 καὶ
367 914 414 939 ἀπ’
427 914 509 948 ἄκρου
524 914 603 950 μέχρι
620 915 736 950 πέρατος
751 917 779 942 ὲν
789 917 878 948 αὐτοῖς

87 957 229 993 θεηγορῶν
251 959 266 984 ὁ
290 959 353 990 Tib;
378 961 442 994 περὶ
465 960 512 986 τοῦ
540 961 660 996 Πατρῢς,
681 963 727 988 καὶ
748 963 762 988 ὸ
786 963 879 998 Πατὴρ

87 1003 152 1037 περὶ
175 1003 225 1029 τοῦ
250 1004 364 1036 Παιδὸς,
389 1004 445 1031 οὗθ’
474 1005 566 1041 ἕτερος
595 1006 685 1032 αὐτῶν
713 1016 811 1042 φησιν,
839 1009 879 1035 ὅτι

89 1047 208 1074 Ἔκτισα
231 1049 343 1084 ἐμαυτῷ
366 1049 444 1082 Υἰὸν,
462 1050 478 1084 ἤ
493 1048 526 1076 αὖ
545 1051 639 1084 πάλιν,
659 1052 699 1078 ὅτι
717 1053 825 1078 ’Έκτισέ
846 1062 879 1088 με

86 1095 100 1120 ὸ
115 1095 223 1130 Πατήρ.

391 1142 514 1170 ΠΕΥΣΙΣ
534 1145 579 1171 Μ’.

121 1186 154 1212 Τί
177 1184 226 1213 οὖν
241 1187 362 1222 νομίζεις
377 1189 426 1224 τὴν
442 1189 577 1225 Παρθένον
590 1191 698 1226 Μαρίαν
709 1211 715 1223 ,
737 1191 848 1226 κτιστὴν
861 1192 877 1228 ἢ

87 1233 232 1266 ἄκτιπονς
251 1236 298 1261 καὶ
312 1235 342 1260 τὸ
358 1235 387 1267 ἐξ
406 1236 491 1271 αὐτῆς
508 1235 586 1272 σῶμα
602 1237 648 1263 τοῦ
671 1238 807 1272 Χριστοῦ;
832 1239 879 1265 καὶ

88 1281 143 1313 πῶς
163 1283 329 1315 προσκυνεῖς
343 1281 381 1316 τῷ
398 1282 524 1317 Χριστῷς
542 1283 572 1309 Εἰ
587 1283 641 1319 γὰρ
659 1284 766 1310 κτιστὸν
781 1284 860 1320 εἴπῃς
870 1305 876 1316 ,

86 1327 153 1362 ὅπερ
169 1329 247 1354 πᾶσα
260 1328 369 1360 πάντως
382 1329 499 1363 ἀνάγκη,
513 1329 632 1363 δηλονότι
650 1329 778 1364 κτίσματι
794 1339 878 1366 προσ-

88 1375 192 1404 κυνεῖς·
211 1374 237 1399 εί
260 1373 289 1399 δὲ
313 1373 350 1408 μὴ
375 1376 553 1408 προσκυνεῖς,
581 1375 648 1410 ἀρνῇ
672 1375 716 1401 τὸν
743 1375 807 1402 Υἱὺν
831 1376 877 1402 τοῦ

87 1419 162 1445 Θεοῦ.
188 1419 228 1445 οὐ
253 1419 351 1454 γράφω
373 1420 503 1454 Θεότητος
530 1420 630 1447 τύπον-
654 1421 727 1456 ἁπλῆ
752 1421 806 1457 γὰρ
831 1423 878 1449 καὶ

87 1465 199 1499 ἀόρατος
217 1465 266 1491 καὶ
285 1464 402 1497 ἀνείδεός
419 1466 492 1491 ἐστι·
511 1466 561 1501 τῆς
580 1467 681 1501 σαρκὸς
693 1467 721 1493 δὲ
737 1467 782 1494 τὸν
793 1467 876 1495 τύπον

89 1509 217 1544 ἱστορῶν,
245 1510 391 1545 προσκυνῶ
418 1510 565 1546 θεοπρεπεῖ
588 1512 632 1538 διὰ
657 1512 706 1547 τὴν
731 1513 789 1539 καθ’
809 1513 876 1540 ὑπό-

89 1563 178 1582 στασιν
191 1557 298 1583 ἕνωσιν.

393 1647 574 1681 Ἀπόκρισις.

121 1690 162 1725 Νὴ
178 1691 229 1725 τὴν
246 1691 317 1726 ὲμὴν
337 1690 449 1724 ὑγείαν,
476 1693 525 1727 οὐχ
549 1693 586 1725 ὡς
611 1693 740 1729 κτίσματι
757 1704 876 1730 προσκυ-

89 1737 159 1762 vico)
178 1736 291 1772 Χριστῷ
301 1756 308 1768 ,
331 1737 389 1763 ἀλλ’
404 1738 442 1769 ὡς
457 1738 511 1766 τῶν
526 1741 683 1774 κτισμάτων
703 1742 816 1777 ποιητὴν
831 1743 876 1768 καὶ

88 1781 160 1809 Θεόν.
176 1784 283 1818 Ὥσπερ
296 1783 349 1819 γὰρ
365 1783 411 1810 τὸν
424 1785 534 1819 βασιλέα
547 1787 595 1812 σὺν
609 1788 642 1821 τῇ
654 1786 793 1823 ἁλουργίδι
804 1789 876 1823 τιμῶ

88 1828 136 1862 μιᾷ
150 1830 350 1864 προσκυνήσει,
368 1831 398 1856 οὐ
415 1831 539 1865 χωρίζων
552 1831 633 1858 αὐτὸν
648 1833 765 1868 ἐκείνης.
784 1833 818 1860 "H
834 1843 875 1861 σοι

88 1871 139 1909 ἆρα
154 1875 230 1901 δοκεῖ
243 1876 317 1911 ἐρεῖν
330 1876 369 1911 τῷ
384 1877 514 1913 ἀνάκτορι
524 1886 531 1893 υ
550 1878 694 1914 Ἀνάστηθι
706 1880 750 1906 τοῦ
769 1880 874 1915 θρόνου,

89 1920 129 1947 ἴνα
150 1930 179 1948 σε
200 1924 402 1959 προσκυνήσως
423 1925 457 1960 ἢ,
485 1925 596 1956 Ἔξελθε
619 1919 743 1953 τοῦναοῦ
756 1947 763 1958 ,
786 1927 828 1953 ἵνα
845 1936 874 1954 σε

89 1966 195 2002 ὑμνήσω
218 1968 303 2003 χωρὶς
323 1969 372 2004 τῆς
397 1970 501 2005 ἀψύχου
517 1970 601 2006 ὖλης;
621 1971 651 1998 El
668 1969 714 1998 οὖν
730 1971 765 1998 τὰ
784 1973 874 2008 ἄψυχα

88 2014 124 2047 τῷ
150 2015 265 2050 ἐμψύχῳ
290 2018 539 2050 συμπροσκυνεῖται
565 2018 612 2044 καὶ
640 2017 675 2044 τὰ
701 2019 814 2053 εὐτελῆ,
835 2019 875 2054 τῷ

89 2061 173 2095 πάσης
196 2061 266 2096 ὁμοῦ
283 2062 333 2097 τῆς
358 2063 471 2097 ὑψηλίου
489 2064 628 2100 Aeci-corn,
658 2065 771 2097 εἰκότως
789 2066 836 2091 καὶ
859 2067 874 2092 ὁ

89 2104 170 2138 Λόγος
191 2107 241 2132 σὺν
259 2106 299 2142 τῷ
319 2107 376 2142 ναῷ
390 2108 436 2134 τοῦ
458 2109 600 2144 σώματος.
623 2110 691 2145 ὅπερ
715 2110 798 2136 αὐτοῦ
826 2113 873 2138 καὶ

89 2150 232 2187 ἁλουργίδα
248 2154 320 2188 φημὶ
335 2155 380 2180 καὶ
397 2154 497 2189 χιτῶνα
512 2155 558 2181 καὶ
572 2155 675 2192 θρόνον,
691 2156 740 2191 μιᾷ
756 2165 873 2191 προσκυ-

89 2196 160 2232 νήσει
177 2199 440 2235 προσκυνηθήσεται.

374 2300 498 2327 ΠΕΥΣΙΣ
516 2303 584 2328 MA'.

122 2342 174 2369 Καὶ
186 2345 209 2370 εἰ
224 2343 290 2376 Θεὸς
301 2346 359 2371 ἐστι
377 2347 446 2379 μετὰ
460 2345 584 2381 σώματος
595 2366 602 2378 ,
619 2346 677 2378 πῶς
691 2347 770 2378 αὐτὸς
781 2348 854 2382 λέγει
864 2368 872 2380 ,

91 2388 160 2415 θεὸν
174 2390 274 2422 οὐδεὶς
287 2390 396 2424 emptus
409 2391 544 2423 admota;
561 2393 592 2419 Et
602 2391 648 2419 οὖν
658 2392 724 2425 Θεὸς
736 2391 770 2429 ἦν
783 2413 789 2425 ,
806 2394 874 2421 πάν-

90 2439 131 2464 τες
142 2435 165 2460 οἱ
184 2437 244 2462 κατ’
258 2436 346 2462 ἐκεῖνο
358 2436 454 2472 καιροῦ
471 2435 540 2463 εἶδον
552 2438 642 2464 αὐτόν.

392 2533 569 2568 Ἀπόκρισις.

122 2575 185 2610 Περὶ
207 2578 254 2604 τοῦ
277 2578 383 2614 Πατρός
399 2588 480 2614 φησιν
496 2580 510 2605 ὁ
526 2579 600 2612 Υἱὸς,
623 2582 665 2608 ὅτι
683 2582 757 2609 Θεὸν
771 2583 872 2615 οὐδεὶς

90 2618 192 2654 ἑώρακε
215 2625 342 2652 πώποτε.
369 2626 406 2651 Οὐ
423 2626 477 2661 γὰρ
491 2624 562 2652 εἷπε·
578 2626 627 2653 Τὸν
645 2627 708 2654 Υἰὸν
724 2628 788 2655 Θεὸν
807 2629 872 2656 ὄντα

91 2664 169 2698 Λόγον
188 2668 233 2694 καὶ
247 2669 389 2704 ἄνθρωπον
408 2671 568 2706 γενόμενον,
590 2672 677 2704 οὐδεὶς
691 2673 797 2708 ἑώρακε
815 2674 872 2701 πώ-

92 2717 160 2737 ποτε.
177 2711 252 2740 Εἶδον
265 2714 314 2749 μὲν
328 2717 465 2752 προφῆται
480 2717 526 2744 καὶ
540 2717 683 2745 ἀπόστολοι
695 2720 742 2746 καὶ
757 2719 871 2752 ἕκαστος

91 2754 140 2782 τῶν
155 2757 265 2786 δικαίων
281 2760 357 2793 Θεὸν,
371 2762 428 2789 ἀλλ’
442 2763 529 2796 οὐδεὶς
541 2764 606 2791 καθὸ
619 2764 735 2800 ὑπάρχει
747 2767 779 2801 τῇ
792 2766 871 2801 φύσει

93 2798 151 2826 ίὸξῖν
161 2800 213 2834 οἶος
224 2813 264 2832 τε.
280 2806 346 2832 Οὐδὲ
356 2807 410 2843 γὰρ
422 2808 480 2834 ἐστι
493 2809 573 2843 φύσις
586 2810 712 2845 χωροῦσα
729 2811 777 2846 τὴν
790 2811 851 2846 ὄψιν
862 2821 868 2827 ·

93 2845 191 2883 ἑκάστῳ
211 2850 238 2877 δὲ
257 2851 310 2878 τῶν
330 2852 412 2885 ἀξίων
434 2854 574 2888 φαίνεται,
588 2856 638 2882 οὐκ
654 2855 717 2882 ἄνευ
730 2857 802 2888 τινος
818 2867 870 2884 πα-

807 165 980 195 DIALOGUS
993 165 1012 192 I.

1667 171 1720 200 906

936 221 1016 249 Patre
1034 222 1121 256 inquit
1137 231 1143 249 :
1161 223 1213 256 Qui
1223 225 1319 259 eripuit
1333 234 1380 254 nos
1391 235 1423 254 ea;
1447 231 1576 262 potestate
1601 227 1720 256 tenebra-

936 276 1005 300 rum,
1017 273 1041 295 et
1058 269 1192 296 transtulit
1205 271 1231 297 in
1243 279 1350 306 regnum
1366 272 1430 300 Filii
1451 273 1597 301 dilectionis
1612 282 1668 302 suat
1685 275 1718 301 “.

1250 368 1401 404 Responsio.

972 411 1072 440 Verum
1089 420 1120 440 ex
1137 413 1180 441 his
1195 422 1250 441 non
1263 417 1422 444 ostendetur
1435 425 1497 445 esse
1515 419 1604 453 ipsum
1622 427 1720 447 secun-

935 457 999 484 dum
1013 458 1164 492 proiectum
1179 459 1278 488 Filium
1296 462 1353 489 Dei.
1366 463 1438 490 Alibi
1457 465 1528 491 enim
1545 465 1615 492 idem
1631 466 1720 501 inquit

934 503 1094 538 Apostolus,
1112 505 1245 537 Quoniam
1260 506 1327 533 Deus
1345 508 1437 535 dilexit
1457 517 1503 536 nos
1519 510 1545 536 in
1562 509 1667 538 Christo
1677 511 1698 526 "
1709 531 1718 544 ,

934 548 1093 583 signiﬁcans
1109 550 1282 578 dilectionem
1299 553 1344 580 Dei
1359 558 1384 580 et
1396 553 1483 582 Patris
1496 563 1557 583 esse
1566 557 1716 589 Christum,

933 595 1163 628 quemadmodum
1179 601 1205 624 et
1221 599 1384 633 sapientiam
1404 604 1430 627 et
1448 597 1587 629 Virtutem.
1605 602 1719 630 Dilectio

934 638 1017 673 igitur
1029 646 1070 667 est
1083 640 1174 673 Pater.
1200 643 1327 670 Similiter
1352 649 1379 672 et
1401 645 1497 678 Filius,
1522 651 1550 674 ut
1571 648 1661 675 lumen
1684 655 1718 675 ex

934 684 1046 715 lumine.
1063 691 1089 712 et
1103 686 1174 714 Deus
1188 696 1221 715 ex
1240 688 1311 723 Deo;
1324 694 1350 717 et
1375 691 1485 718 dilectio
1505 700 1537 719 ex
1559 693 1715 721 dilectione.

933 729 1082 758 NamDeus
1095 737 1134 759 est
1156 733 1262 762 dilectio
1281 736 1314 767 ⁸³,
1339 737 1427 771 inquit
1451 736 1579 766 Joannes.
1604 739 1719 767 Cessent

933 777 1016 811 igitur
1039 778 1148 806 Arianm
1172 782 1291 808 vesaniae
1311 787 1472 816 sectatores,
1493 785 1539 820 qui
1562 792 1716 814 creaturam

932 826 1084 849 creatorem
1105 829 1213 858 putant,
1245 830 1343 853 neutro
1363 827 1600 856 'I‘estamentoruui
1627 830 1653 856 id
1675 838 1719 856 vo-

935 867 1016 895 lente.
1029 868 1150 901 Quatuor
1168 871 1246 898 nobis
1265 877 1329 899 sunt
1353 872 1508 908 Evangelia,
1533 875 1622 910 capita
1642 876 1718 903 mille

934 917 1042 940 centum
1060 917 1200 950 sexaginta
1218 917 1286 950 duo;
1301 922 1327 945 et
1341 919 1374 946 ab
1389 920 1467 946 initio
1484 921 1516 947 ad
1532 921 1612 948 linem
1631 930 1717 956 usque

931 958 958 985 in
973 959 1040 993 ipsis
1053 960 1189 990 divinitus
1202 963 1281 990 tradit
1301 964 1454 992 doctrinam
1473 965 1557 994 Filius
1573 967 1607 995 de
1626 967 1715 999 Patre,

931 1009 958 1031 et
972 1004 1053 1032 Pater
1066 1006 1099 1034 de
1115 1008 1194 1040 Filio,
1212 1013 1238 1036 et
1254 1013 1345 1037 tamen
1362 1016 1459 1038 neuter
1480 1011 1602 1046 ipsorum
1619 1014 1714 1049 inquit,

931 1049 1026 1078 Creavi
1044 1052 1109 1080 mihi
1131 1053 1245 1086 Filium,
1267 1060 1314 1082 aut
1340 1056 1400 1084 vice
1431 1065 1521 1090 versa,
1545 1059 1653 1088 Creavit
1674 1069 1717 1089 me

931 1095 1019 1124 Pater.

1153 1145 1413 1177 INTERROGATIO
1432 1149 1488 1177 XL.

966 1188 1036 1222 Quid
1052 1190 1137 1225 igitur
1154 1193 1254 1220 statuis
1264 1193 1297 1221 de
1314 1193 1424 1230 Virgine
1444 1195 1546 1224 Maria?
1560 1205 1624 1225 num
1639 1207 1715 1226 erea-

931 1237 996 1266 tam,
1008 1242 1042 1261 an
1058 1235 1217 1269 increatam,
1235 1241 1262 1265 et
1277 1239 1349 1273 quod
1365 1247 1397 1266 ex
1413 1247 1444 1267 ea
1455 1246 1498 1268 est
1511 1249 1612 1278 corpus
1631 1243 1714 1271 Chri-

930 1280 964 1306 sti
981 1280 992 1306 ?
1009 1280 1041 1307 Et
1058 1283 1195 1316 quomodo
1207 1283 1347 1312 Christum
1364 1285 1484 1314 adoras?
1498 1286 1565 1314 Nam
1580 1288 1601 1315 si
1625 1288 1715 1324 ipsum

930 1331 1052 1354 creatum
1070 1327 1184 1362 dixeris,
1199 1329 1226 1356 id
1256 1331 1328 1365 quod
1356 1333 1469 1359 omnino
1495 1341 1638 1361 necessum
1661 1341 1714 1368 est,

930 1375 1085 1399 creaturam
1100 1373 1226 1402 videlicet
1237 1375 1361 1410 "aliquam
1384 1377 1491 1405 adoras.
1522 1379 1551 1405 Si
1578 1387 1642 1407 vero
1661 1389 1715 1408 non

930 1417 1039 1448 adoras.
1060 1425 1144 1454 negas
1156 1419 1254 1447 Filium
1281 1421 1339 1448 Dei.
1365 1421 1424 1449 Non
1444 1423 1570 1452 describo
1591 1426 1717 1454 divinita-

930 1466 984 1488 tem
998 1463 1148 1490 secundum
1170 1464 1297 1494 formam.
1323 1466 1444 1502 Simplex
1463 1470 1536 1497 enim
1553 1476 1605 1503 est,
1620 1475 1648 1499 et
1672 1473 1716 1500 in-

929 1510 1114 1543 aspectabilis,
1124 1516 1150 1538 et
1159 1510 1245 1538 forma
1259 1520 1367 1540 carens.
1380 1514 1478 1542 Carnis
1494 1520 1584 1543 autem
1600 1518 1715 1546 formam

929 1554 1050 1586 intuens,
1069 1555 1154 1583 adoro
1166 1556 1263 1588 Deum.
1282 1563 1310 1585 ut
1328 1566 1377 1594 par
1395 1565 1446 1593 est,
1464 1566 1574 1596 propter
1585 1571 1715 1599 cumquae

929 1599 1079 1627 secundum
1097 1602 1265 1637 hypostasim
1286 1609 1336 1635 est.
1357 1606 1494 1634 unionem.

1251 1649 1403 1685 Responsio.

963 1691 1015 1719 Per
1047 1700 1134 1720 meam
1162 1698 1235 1722 certe
1261 1696 1388 1730 salutem,
1419 1706 1474 1725 non
1506 1703 1535 1726 ut
1559 1705 1714 1730 creaturam

928 1737 1013 1765 adoro
1037 1739 1187 1771 Christum.
1211 1741 1258 1768 sed
1278 1745 1308 1768 ut
1333 1747 1523 1772 creaturarum
1545 1747 1669 1781 opiﬁcem
1687 1753 1714 1777 et

929 1782 1026 1810 Deum.
1041 1783 1276 1817 Quemadmodum
1292 1796 1382 1824 regem
1400 1797 1462 1816 cum
1478 1799 1597 1826 purpura
1610 1793 1714 1823 honoro

929 1837 981 1856 una
1000 1831 1135 1858 eteadem
1149 1834 1334 1866 veneratione,
1350 1835 1439 1870 ipsum
1456 1837 1490 1864 ab
1506 1837 1551 1864 illa
1565 1846 1618 1866 non
1634 1847 1714 1875 sepa-

927 1881 1002 1901 rans.
1018 1874 1126 1910 Alioqui
1157 1884 1223 1903 num
1252 1878 1300 1905 tibi
1325 1879 1433 1907 videtur
1457 1881 1492 1908 ad
1522 1874 1713 1916 imperatorem

928 1919 1074 1947 dicendum
1089 1929 1150 1948 esse
1169 1942 1175 1948 .
1197 1921 1285 1958 Surge
1307 1923 1341 1951 de
1358 1925 1456 1953 throno
1474 1931 1530 1959 tuo,
1552 1931 1582 1954 ut
1603 1929 1714 1957 adorem

928 1965 969 1992 te?
983 1970 1040 1999 aut,
1053 1967 1189 2002 Egredere
1200 1976 1233 1996 ex
1249 1970 1361 2004 templo,
1375 1977 1405 1998 ut
1421 1977 1447 1999 te
1462 1973 1598 2001 celebrem
1610 1975 1715 2010 absque

926 2013 1041 2039 materia
1060 2013 1225 2042 inanimata?
1242 2014 1270 2042 Si
1286 2023 1351 2051 ergo
1373 2025 1417 2045 res
1434 2018 1561 2047 inanimae
1581 2028 1635 2048 una
1650 2029 1713 2050 cum

926 2057 1057 2086 animatis
1072 2059 1232 2093 adorantur,
1259 2066 1286 2089 et
1308 2069 1352 2090 res
1374 2064 1486 2092 omnino
1507 2066 1599 2100 leves;
1615 2068 1713 2096 merito

928 2103 1022 2136 utique
1032 2103 1123 2137 eteius
1130 2104 1177 2138 qui
1186 2106 1306 2132 omnium
1320 2107 1346 2133 in
1356 2108 1514 2136 universum
1521 2118 1582 2144 qua:
1593 2111 1644 2139 sub
1655 2112 1713 2139 sole

926 2153 1000 2178 sunt,
1015 2148 1147 2177 Dominus
1169 2153 1222 2181 est.
1238 2155 1265 2178 et
1287 2150 1405 2179 Verbum
1427 2153 1505 2186 illud,
1527 2162 1589 2182 cum
1611 2158 1713 2192 templo

927 2194 1063 2228 corporis,
1079 2195 1153 2228 quod
1170 2194 1258 2230 ipsum
1279 2204 1428 2232 purpuram
1449 2199 1510 2234 ejus
1524 2209 1592 2229 voco
1603 2207 1629 2230 et
1640 2204 1712 2230 tuni-

926 2246 988 2266 cam
1002 2243 1029 2267 et
1039 2239 1148 2273 solium,
1162 2248 1215 2267 una
1233 2241 1392 2270 adoratione
1407 2243 1574 2273 adorabitur.

1145 2296 1403 2328 INTERROGATIO
1423 2301 1490 2330 XLI.

959 2342 1043 2377 Atqui
1056 2343 1080 2370 si
1092 2341 1164 2371 Deus
1182 2347 1224 2370 est
1241 2352 1302 2371 cum
1324 2353 1449 2382 corpore,
1471 2348 1610 2383 quomodo
1623 2350 1712 2386 inquit

925 2389 994 2423 ipse,
1008 2388 1093 2416 Deum
1110 2397 1185 2416 nemo
1203 2390 1268 2417 vidit
1291 2400 1405 2427 unquam
1424 2394 1465 2420 ιιι
1485 2394 1623 2430 Siquidem
1640 2397 1711 2425 Deus

925 2438 994 2466 erat,
1009 2442 1103 2462 omnes
1115 2435 1162 2470 qui
1183 2443 1245 2463 cum
1263 2437 1309 2465 illo
1332 2439 1358 2466 id
1383 2441 1512 2475 temporis
1533 2441 1651 2475 fuerunt,
1670 2444 1711 2471 vi-

927 2479 1026 2507 derunt
1041 2481 1140 2515 ipsum.

1243 2538 1396 2573 Responsio.

960 2581 997 2609 De
1013 2581 1092 2609 Patre
1116 2583 1238 2618 loquitur
1271 2584 1366 2617 Filius,
1392 2594 1453 2613 cum
1471 2587 1519 2621 ait,
1538 2588 1620 2615 Deum
1635 2597 1711 2616 nemo

923 2627 988 2654 vidit
1004 2636 1129 2663 unquam.
1147 2629 1205 2657 Non
1227 2631 1299 2657 enim
1325 2632 1426 2668 inquit:
1440 2633 1551 2666 Filium,
1576 2637 1621 2670 qui
1637 2635 1710 2665 Deus

923 2678 965 2700 est
984 2672 1116 2707 Verbum,
1139 2679 1166 2702 et
1184 2675 1264 2703 homo
1282 2676 1381 2711 factus,
1398 2686 1477 2706 nemo
1494 2681 1561 2708 vidit
1578 2690 1708 2717 unquam.

925 2718 1056 2746 Viderunt
1077 2720 1187 2755 quidem
1212 2722 1350 2757 propheta:
1372 2729 1398 2751 et
1425 2726 1541 2760 apostoli
1563 2731 1590 2754 et
1613 2735 1709 2756 omnes

920 2765 987 2799 justi
1004 2765 1107 2800 Deum;
1125 2775 1220 2795 verum
1239 2769 1331 2796 nullus
1347 2771 1420 2805 quod
1438 2775 1479 2798 est
1495 2777 1593 2801 natura
1607 2782 1655 2801 sua
1669 2776 1710 2802 vi-

922 2811 985 2838 dere
999 2816 1097 2847 potest.
1113 2812 1172 2840 Non
1188 2814 1260 2841 enim
1283 2819 1326 2842 est
1347 2816 1400 2843 ulla
1414 2821 1512 2845 natura
1533 2827 1595 2854 qua:
1611 2820 1647 2847 sit
1661 2828 1709 2848 ca-

924 2865 974 2893 pax
991 2859 1051 2893 ejus
1074 2863 1212 2894 aspectus.
1240 2861 1394 2898 Unicuique
1408 2871 1473 2891 vero
1488 2871 1602 2900 apparet
1614 2867 1708 2903 digno,

126 2904 145 2919 ⁶¹
161 2906 264 2934 Lo'oss.
280 2914 300 2938 ι,
317 2909 358 2936 I5.
398 2910 421 2925 ε’
434 2909 454 2936 lI
471 2910 569 2938 Thess.
586 2912 665 2942 il,l6.
705 2913 727 2929 ⁵³
742 2913 821 2942 Joau.
842 2923 876 2949 Iv,

958 2916 979 2932 “
993 2915 1071 2944 Joau.
1088 2917 1164 2949 1,13.

248 2954 381 2986 Ρηιιοι..
397 2955 455 2985 Gn.
477 2957 656 2989 XXXVIII.

1509 2968 1548 2998 29
