1920 3046
209 150 261 178 90'!

206 219 261 239 non
276 211 336 238 sine
351 209 442 243 aliquo
462 209 614 236 vclamenlo
637 216 686 244 pro
708 217 836 236 mensura
860 209 987 244 puritatis

206 258 267 291 ejus
281 257 328 292 qui
340 257 364 284 ci
381 257 528 283 ministrat.
543 255 615 282 Vidit
635 256 750 290 proinde
770 255 867 288 Jobus,
883 255 929 282 sed
947 263 995 290 per

206 303 343 330 turbinem
368 307 395 329 et
419 303 515 329 nubes.
533 302 603 329 Ante
629 302 719 336 ipsum
744 310 808 328 vero
823 302 995 329 Altrahamus

207 356 256 384 per
279 348 404 382 angelum
427 347 594 382 loquentem.
622 346 696 374 Vidit
722 347 840 375 Jacohus
854 353 883 374 ut
906 348 994 374 homi-

206 401 269 421 nem
288 401 382 420 secum
399 393 557 420 luclantem.
583 393 671 420 Moses
695 393 721 419 in
745 392 833 420 medio
856 393 992 427 caliginis.

206 438 340 465 Similiter
355 443 380 465 et
396 443 494 465 caetera
512 443 668 465 sanctorum
683 438 761 465 turba
786 446 834 472 per
850 438 992 472 aenigmata

205 489 234 512 et
260 485 422 511 velamenta.
449 482 582 510 Viderunt
608 489 635 510 et
665 484 781 517 apostoli
810 491 856 518 per
882 491 993 510 carnem

206 530 343 558 hominem
361 530 460 556 factum
479 530 562 556 Deum
587 534 613 556 et
640 528 769 556 Verbum.
797 529 928 556 Eumdem
950 529 994 555 Fi-

206 577 271 603 lium
281 580 306 603 et
321 575 365 602 Dei
376 579 402 603 et
417 575 533 602 hominis
546 575 736 609 unusquisque
752 576 837 601 cernit
856 582 904 609 pro
919 583 994 601 meu-

207 629 269 647 sura
284 621 398 655 propriae
416 620 524 647 virtutis
539 625 565 647 et
581 620 689 647 ruboris
698 620 804 651 animat,
821 620 901 647 sicuti
914 625 994 655 prout

206 667 248 693 vel
262 666 346 693 lucidi
362 666 402 693 vel
415 665 516 692 turbati
534 671 598 693 sunt
619 666 743 700 corporis
761 666 845 696 oculi,
869 667 914 693 alii
932 667 994 701 qui-

205 712 268 740 dem
289 712 334 739 din
353 716 468 747 possunt
489 713 574 739 solem
599 712 704 739 directo
730 712 840 742 intueri.
867 713 912 740 alii
930 721 994 740 vero

205 759 390 790 imbecilliter,
415 758 487 786 haud
517 758 635 786 ferentes
664 758 797 793 fulgorem
826 759 886 794 ejus
913 759 994 786 lumi»

205 807 281 833 naris
295 813 381 839 neque
393 805 533 832 incursum
549 804 700 831 radiorum.

242 851 370 878 Videmus
391 851 463 878 enim
492 858 567 878 mare
591 851 625 877 ab
646 851 740 885 aliquo
765 851 864 878 montis
892 853 993 879 vertice

206 898 247 924 vel
265 898 344 928 colle.
364 901 390 925 et
413 904 476 922 cum
502 897 618 923 veritate
650 895 767 923 dicimus
791 904 840 923 nos
864 905 939 924 mare
955 897 994 924 vi-

201 944 290 973 disse.
326 950 386 970 cum
420 942 595 977 superficiem
632 942 718 976 pelagi
749 943 846 974 solani,
880 951 994 978 eamque

207 993 311 1015 tantum
330 988 530 1023 particulariter
546 995 701 1015 cernamus.
729 987 788 1014 Non
813 988 886 1015 enim
903 989 938 1016 ab
962 996 994 1016 eo

205 1034 278 1069 quod
309 1034 380 1069 apud
410 1042 460 1062 nos
481 1040 532 1065 est,
547 1035 629 1069 plano
645 1039 815 1069 prazruptove
835 1036 936 1067 littore,
967 1036 994 1062 in

203 1088 265 1108 eam
279 1088 339 1115 quae
352 1087 366 1107 e
379 1080 488 1115 regione
503 1080 628 1114 opposita
651 1086 703 1112 est,
722 1082 859 1115 speculam
875 1082 916 1108 vis
932 1089 995 1109 ocu-

206 1125 293 1153 lormn
319 1127 472 1161 pertingere
494 1131 583 1160 potest
605 1133 772 1154 evanescens
798 1127 825 1153 in
852 1134 924 1154 aere.
943 1127 994 1154 Ne-

201 1180 259 1206 que
290 1172 354 1199 item
384 1172 598 1206 profunditatem
625 1173 685 1206 ejus
720 1173 859 1208 imumque
881 1173 993 1200 fundum

205 1227 284 1246 mens
295 1219 417 1247 invenire
428 1224 526 1254 potest.
542 1217 656 1253 Semper
666 1219 739 1246 enim
759 1219 793 1246 ab
811 1227 845 1246 eo
858 1220 930 1254 quod
946 1228 994 1254 pu-

205 1269 289 1297 tatur,
318 1265 391 1292 aliud
413 1265 535 1292 animum
560 1265 643 1298 subit,
665 1265 738 1297 quod
765 1267 905 1293 contineat
934 1267 994 1301 ejus

205 1311 378 1342 eminentias,
394 1319 429 1339 ne
440 1310 609 1338 diffundatur
619 1314 667 1336 aut
677 1309 796 1348 diffluat;
813 1317 949 1347 quatenus
967 1313 994 1339 in

204 1357 370 1386 immensum
384 1358 552 1389 extenditur.
573 1359 730 1386 intellectus
745 1364 848 1391 noster,
864 1364 893 1386 ut
909 1367 994 1395 appa-

206 1408 257 1436 ret,
273 1404 375 1431 deﬁcit.
395 1404 541 1432 Cernimus
551 1409 642 1432 autent
662 1408 689 1431 et
712 1405 811 1432 malum
826 1413 879 1432 non
899 1413 994 1434 omnes

206 1449 344 1482 similiter,
361 1450 409 1478 sed
432 1450 549 1485 quisque
569 1450 720 1478 secundum
741 1451 814 1478 vires
838 1453 992 1479 oculorum.

206 1493 300 1528 Neque
317 1494 391 1522 enim
407 1502 486 1522 mens
511 1494 544 1521 ad
567 1495 768 1522 extremitatem
791 1497 931 1532 pertingit,
947 1505 995 1524 ne-

206 1547 259 1574 que
274 1543 383 1574 propter
397 1539 565 1567 resilientem
583 1547 599 1567 a
619 1541 700 1568 nobis
721 1541 796 1569 illius
814 1541 927 1569 fornicis
945 1550 990 1569 so-

206 1584 338 1611 liditatem
352 1592 464 1619 prorsus
485 1585 614 1613 accedere
629 1589 728 1620 potest.

243 1631 387 1658 Cernimus
400 1631 484 1666 igitur
500 1638 531 1658 ea
543 1639 604 1666 quae
623 1638 688 1659 sunt
704 1633 731 1659 in
747 1634 841 1660 eadem
854 1634 994 1662 servitutis

205 1676 372 1706 conditione.
386 1683 440 1703 non
454 1677 604 1704 secundmn
617 1677 642 1704 id
660 1678 732 1712 quod
750 1684 823 1710 sunt,
833 1679 881 1706 sed
893 1687 992 1707 secun-

205 1723 270 1750 dum
284 1723 308 1749 id
323 1722 395 1757 quod
411 1724 586 1759 percipimus.
612 1725 682 1752 Sunt
698 1726 771 1752 enim
791 1727 870 1754 nobis
895 1735 994 1762 propo-

206 1769 259 1796 sita
281 1773 336 1796 tum
365 1770 541 1804 aspectabilia
565 1775 621 1797 tum
643 1771 868 1806 inaspectabilia;
893 1777 920 1801 et
945 1774 995 1802 lto-

206 1823 266 1842 rum
293 1815 365 1842 aliud
391 1816 499 1850 quidem
529 1825 561 1844 ex
588 1821 676 1852 parte,
703 1818 775 1845 aliud
804 1826 869 1846 vero
894 1824 992 1848 totum.

205 1860 392 1888 Consimiliter
406 1866 432 1888 et
452 1861 524 1890 Deus
547 1867 574 1890 et
592 1864 766 1898 aspectabilis
788 1869 815 1892 ct
835 1865 992 1901 inaspecta-

205 1907 269 1934 bilis
285 1912 326 1935 est
347 1907 506 1936 hominibus
531 1917 538 1935 :
566 1909 632 1936 illud
657 1910 765 1944 quidem
792 1911 898 1939 ratione
922 1913 994 1940 vela-

206 1953 292 1980 menti
311 1953 435 1988 corporis
453 1962 501 1988 per
519 1954 725 1987 demissionem,
752 1956 803 1984 hoc
827 1965 901 1990 vero,
914 1963 994 1985 natu-

206 1999 301 2026 raliter
315 2005 342 2027 et
359 1999 552 2028 immensitatis
573 2001 688 2029 ratione.
703 2001 762 2029 Non
783 2003 855 2030 enim
875 2005 993 2032 sustinet

206 2045 278 2080 ignis
294 2046 525 2080 propinquitatem
538 2047 638 2082 stipula
653 2052 680 2075 et
697 2049 784 2083 palea,
805 2057 867 2076 cum
882 2051 917 2078 ob
941 2051 994 2077 ari-

205 2091 317 2118 ditatem
330 2099 389 2118 mox
403 2093 430 2118 in
448 2097 548 2119 terram
563 2094 746 2122 resolvantur.
761 2094 904 2122 Paululum
919 2097 992 2124 enim

206 2137 234 2164 in
247 2144 276 2164 se
287 2137 456 2164 divinitatem
472 2139 578 2167 nudans
589 2139 729 2172 Christus,
751 2141 778 2168 in
796 2146 888 2169 monte
903 2147 994 2170 trans-

205 2183 378 2212 formationis
399 2185 518 2212 versavit
535 2186 677 2214 columnas
689 2186 827 2215 Ecclesiae.
841 2187 907 2214 Nam
920 2189 993 2216 illico

200 2229 381 2264 tprocidentes
403 2229 501 2258 Petrus
523 2235 551 2258 et
563 2231 681 2259 Iacobus
703 2237 730 2260 et
753 2232 884 2267 Joannes,
901 2234 937 2261 ob
958 2235 989 2261 Ii-

206 2283 309 2303 morem
336 2275 509 2311 palpitantes,
535 2278 732 2312 propemodum
757 2279 992 2314 colliqueSCebant

205 2321 267 2356 igne
286 2322 450 2350 divinitatis.
477 2323 517 2350 Ad
541 2324 568 2350 id
587 2329 676 2351 autem
706 2332 758 2352 nos
782 2325 886 2353 ducens
912 2326 992 2354 divus

205 2369 363 2402 Apostolus.
386 2373 481 2404 aperte
496 2370 615 2396 clamat:
639 2369 676 2396 Ex
703 2371 891 2405 magnitudine
915 2379 992 2399 crea-

204 2418 329 2441 turarum
346 2420 373 2442 et
394 2415 607 2450 pulchritudine,
629 2417 735 2444 ratione
753 2416 870 2452 quadam
890 2425 990 2446 conve-

749 147 777 174 S.
793 146 941 175 CAESAR“
957 146 1120 175 GREGORll
1140 145 1290 173 FR.\TRlS

1784 143 1844 170 938

1043 209 1251 245 ραπετάσματος
1268 207 1336 243 πρὸς
1361 208 1390 233 τό
1415 206 1513 242 μέτρον
1535 205 1586 241 τῆς
1609 203 1770 239 καθάρσεως
1787 203 1842 232 τοῦ

1046 256 1263 291 διακονουμένου.
1281 253 1342 282 Εἷδξ
1365 254 1453 280 τοίνυν
1481 252 1558 283 Ὶὼ6,
1583 251 1651 278 ἀλλὰ
1674 251 1718 277 διὰ
1744 250 1843 277 λαελα-

1046 307 1095 331 πος
1110 299 1156 325 καὶ
1167 299 1268 333 νεφῶν·
1281 297 1335 333 πρὸ
1351 297 1432 324 αὑτοῦ
1446 297 1490 327 δὲ,
1513 296 1647 332 Ἀϐραὰμ,
1660 295 1693 322 δι’
1709 295 1843 329 ἀγγέλων

1046 345 1229 380 φθεγγόμενον
1240 353 1247 359 ·
1262 342 1331 371 εἶδεν
1355 344 1462 375 Ίακὼὸ,
1473 344 1511 375 ὡς
1523 343 1665 378 ἄνθρωπον
1681 343 1739 377 μετ’
1752 342 1805 368 αὐτ
1811 342 1842 368 οὗ

1045 390 1207 416 παλαίοντα·
1226 389 1328 424 Μωσῆς
1347 389 1375 415 ὲν
1393 389 1468 424 μέσῳ
1482 389 1528 415 τοῦ
1543 389 1658 423 γνόφου·
1671 388 1774 423 ὁμοίως
1790 389 1843 414 καὶ

1044 437 1059 462 ὁ
1082 436 1175 467 λοιπὸς
1198 435 1252 462 τῶν
1269 435 1419 462 θεσπεσίων
1441 435 1533 470 ὅμιλος
1553 435 1585 461 δι’
1603 434 1774 469 αἰνιγμάτων
1789 436 1841 460 καὶ

1044 482 1304 518 παραπετασμάτων
1315 490 1322 497 ·
1341 481 1410 509 εἶδον
1427 482 1474 509 καὶ
1490 482 1515 508 οἱ
1535 481 1693 512 ἀπόστολοι,
1709 481 1755 507 διὰ
1768 489 1843 515 σαρ-

1045 530 1092 560 κὸς
1117 529 1287 564 ἀνδρωθέντα
1314 529 1361 554 τὸν
1386 528 1453 554 Θεὸν
1481 528 1528 555 καὶ
1552 529 1653 562 Λόγον,
1682 528 1728 554 τὸν
1754 528 1842 554 αὐτὸν

1044 576 1130 603 Παῖδα
1147 574 1215 602 Θεοῦ
1239 575 1286 602 καὶ
1307 574 1461 609 ἀνθρώπου,
1476 575 1589 606 ἕκαστος
1607 574 1675 609 πρὸς
1685 573 1717 600 τὸ
1736 574 1843 608 μέτρον

1044 622 1093 656 τῆς
1108 622 1207 653 οἰκείας
1230 621 1331 657 ἀρετῆς
1349 621 1396 647 καὶ
1409 621 1517 657 ῥώσεως
1533 622 1666 656 ψυχικῆς·
1682 621 1753 647 κατά
1772 622 1840 651 τοὺς

1043 669 1217 704 ἐρρωμένους
1233 669 1249 704 ἢ
1265 669 1464 704 τεθολωμένους
1477 668 1526 700 τὰς
1542 667 1588 694 τοῦ
1607 667 1731 702 σώματος
1742 667 1840 701 ὄφεις,

1043 715 1098 741 τῶν
1120 716 1169 750 μὲν
1197 716 1242 742 ἐπὶ
1267 716 1334 742 πολὺ
1359 715 1517 750 δυναμένων
1532 714 1569 749 τῷ
1591 715 1660 749 ἡλίῳ
1682 714 1838 745 ἀτενίζων,

1044 761 1096 787 τῶν
1124 760 1153 786 δὲ
1179 760 1308 796 ἀμυδρῶς
1330 760 1366 796 μὴ
1382 761 1518 795 φερόντων
1542 760 1592 794 τὴν
1617 760 1761 794 ἀστραπὴν
1786 759 1839 786 τοῦ

1044 807 1205 842 φωστῆρος,
1222 806 1291 841 μηδὲ
1306 806 1353 841 τὴν
1369 805 1520 841 προσὸολὴν
1529 805 1582 831 τῶν
1597 805 1799 841 μαρμαρυγῶν.

1086 853 1210 889 ὐρῶμεν
1227 853 1280 888 γὰρ
1295 853 1343 887 τὴν
1357 852 1491 879 θάλατταν
1507 853 1553 878 ἀπ’
1567 853 1721 887 ἀκρωρείας
1736 852 1752 887 ἢ
1767 860 1839 885 γεω-

1046 899 1126 933 λόφου
1139 899 1211 930 τινος
1221 920 1228 932 ,
1250 899 1295 926 καὶ
1311 898 1477 933 ἀληθεύομεν
1493 898 1642 932 φάσκοντες
1663 898 1819 933 ἑωρακέναι
1829 907 1837 913 ·

1045 945 1093 980 τὴν
1104 944 1158 980 γὰρ
1177 944 1335 978 ἐπιφάνειαν
1360 943 1407 970 τοῦ
1422 944 1555 977 πελάγους
1568 943 1662 978 μόνον,
1675 943 1721 968 καὶ
1733 943 1838 978 ταύτην

1047 990 1166 1026 μερικῶς
1185 990 1311 1026 ὁρῶντες.
1333 991 1369 1016 Οὐ
1381 989 1434 1025 γὰρ
1452 990 1505 1016 ἀπὸ
1519 990 1568 1024 τῆς
1579 989 1730 1024 ἐντεῦθενῆ
1744 989 1838 1024 ὴῖόνος

1044 1037 1061 1072 ἦ
1077 1036 1159 1072 ὄχθης
1169 1058 1175 1068 ,
1192 1037 1260 1072 πρὸς
1271 1037 1319 1071 τὴν
1334 1037 1447 1071 ἀντικρὺ
1463 1036 1591 1071 κειμένην
1606 1035 1722 1062 οκοπιάν
1737 1037 1753 1071 ἡ
1774 1035 1838 1070 ὄψις

1044 1083 1076 1114 δὴ
1092 1083 1135 1110 οἵα
1154 1092 1183 1110 τε
1193 1104 1200 1115 ,
1219 1083 1424 1118 ὲναπολήγουσα
1439 1083 1479 1118 τῷ
1497 1083 1567 1118 ἀέρι.
1581 1082 1642 1108 Οὐδ’
1655 1080 1688 1109 αὖ
1708 1083 1789 1108 πάλιν
1804 1082 1838 1108 τὸ

1045 1129 1125 1161 κῦτος
1151 1130 1236 1164 αὐτῆς
1249 1129 1266 1164 ἦ
1287 1130 1332 1156 τὸν
1352 1129 1465 1164 ﬁrma-cev
1483 1129 1607 1164 πυθμένα
1628 1130 1642 1155 ὁ
1659 1128 1722 1160 νοῦς
1742 1129 1837 1163 εὑρεῖν

1044 1173 1099 1206 οἷός
1110 1184 1150 1202 τε.
1175 1176 1229 1202 Ἀεὶ
1246 1176 1300 1210 γάρ
1317 1176 1363 1201 τοῦ
1378 1175 1521 1210 νοουμένου
1531 1175 1624 1210 ’ἕτερον
1636 1174 1835 1210 ὑποτιθεμένην

1045 1221 1181 1256 περιέχειν
1203 1221 1286 1255 αὐτῆς
1304 1221 1352 1253 τὰς
1374 1221 1486 1256 ἐξοχὰς,
1506 1221 1574 1256 πρὸς
1587 1221 1616 1247 τὸ
1630 1221 1667 1256 μὴ
1683 1221 1835 1255 διαχεῖσθαι

1044 1268 1060 1302 ἢ
1073 1268 1230 1302 καταρρεῖν,
1243 1267 1311 1301 πρὸς
1321 1267 1350 1293 τὸ
1361 1268 1436 1294 κάτω
1447 1268 1487 1299 εἰς
1498 1267 1636 1302 ἀμήχανον
1653 1267 1765 1299 εἰκότως
1784 1267 1836 1301 τῆς

1043 1313 1165 1344 διανοίας
1181 1313 1259 1348 ἡμῶν
1278 1313 1473 1348 ὲκπιπτούσης.
1498 1313 1620 1348 ὀρῶμεν
1630 1313 1657 1339 δὲ
1675 1313 1722 1339 καὶ
1734 1313 1778 1339 τὸν
1788 1313 1836 1338 οὑ‹

1044 1359 1125 1394 ρανὺν
1153 1359 1184 1385 οὐ
1211 1359 1310 1390 πάντες
1334 1359 1450 1394 ὁμοίως,
1474 1358 1532 1386 ἀλλ’
1553 1359 1667 1390 ἕκαστος
1689 1359 1758 1394 πρὸς
1783 1359 1837 1394 τὴν

1046 1405 1140 1440 ῥώμην
1154 1405 1202 1431 τοῦ
1212 1405 1344 1440 ὃμματος.
1360 1405 1428 1431 οὔτε
1440 1405 1494 1439 γὰρ
1509 1406 1525 1439 ἡ
1537 1405 1639 1431 διάνοια
1656 1404 1702 1431 τοῦ
1716 1405 1838 1440 πέρατος

1043 1451 1287 1485 ἀφικνεῖταιΗΥ),
1304 1451 1365 1478 οὐδὲ
1379 1451 1530 1487 προσϐῆναι
1554 1452 1585 1486 τῇ
1614 1451 1760 1486 ἀντιτυπία
1784 1451 1838 1486 τῆς

1043 1497 1137 1538 ἁψῖδος
1152 1496 1263 1524 δύναται
1280 1497 1409 1533 ἀκριϐῶς.

1084 1637 1207 1672 Ὀρῶμεν
1228 1637 1316 1663 τοίνυν
1336 1636 1370 1663 τὰ
1391 1635 1535 1668 σύνδοολα,
1557 1636 1587 1662 οὐ
1610 1635 1679 1662 καθὸ
1694 1630 1835 1670 πέφὺκεν,

1043 1683 1110 1710 ἀλλὰ
1124 1683 1190 1710 καθὸ
1202 1683 1354 1718 χωροῦμεν.
1373 1683 1474 1717 ὐρατὰ
1484 1682 1538 1716 γὰρ
1550 1683 1617 1716 ἡμῖν
1628 1682 1771 1725 πρόκειται
1785 1682 1836 1708 καὶ

1044 1729 1148 1765 ἀόρατα
1161 1749 1168 1762 ,
1193 1729 1223 1755 τὸ
1249 1729 1298 1763 μὲν
1322 1728 1443 1763 μερικῶς
1453 1748 1461 1760 ,
1475 1728 1506 1754 τὸ
1517 1728 1545 1754 δὲ
1567 1728 1728 1764 ὁλοσχερῶς.
1743 1728 1837 1763 Παρα-

1045 1774 1166 1809 πλησεως
1182 1774 1230 1800 καὶ
1251 1773 1282 1799 τὸ
1303 1773 1380 1799 Θείον
1399 1773 1513 1807 ὁρατὸν,
1529 1772 1575 1798 καὶ
1595 1772 1710 1806 ἀόρατον
1729 1771 1836 1806 βροτοῖς

1045 1819 1177 1854 ὑπάρχει·
1198 1819 1228 1845 τὸ
1242 1818 1306 1852 μὲν,
1325 1818 1555 1853 παραπετάσματι
1570 1816 1696 1852 σώματος
1707 1838 1714 1849 ,
1732 1825 1835 1850 συγκα-

1044 1864 1212 1895 ταὸατικὼς·
1234 1863 1264 1890 τὸ
1284 1863 1313 1890 δὲ
1330 1864 1470 1898 ἀμήχανον
1489 1863 1621 1897 φυσικῶς.
1635 1864 1673 1889 υῦ
1685 1863 1740 1897 γὰρ
1754 1863 1770 1897 ἡ
1783 1871 1834 1889 κα-

1044 1911 1117 1946 λάμη
1138 1911 1185 1937 καὶ
1201 1910 1231 1937 τδ
1245 1910 1345 1944 ἄχυρον
1364 1909 1496 1944 ὑπομένει
1514 1908 1560 1936 τοῦ
1580 1909 1666 1944 πυρὸς
1682 1909 1731 1944 τὴν
1750 1909 1833 1943 k776-

1044 1966 1124 1993 τητα.
1133 1959 1166 1992 τῇ
1177 1956 1278 1992 φρυγίᾳ
1286 1957 1325 1988 εἰς
1333 1956 1384 1991 γῆν
1392 1956 1612 1991 διαφθειρόμενα.
1621 1955 1712 1991 Βραχὺ
1722 1957 1776 1992 γὰρ
1784 1966 1834 1983 πα-

1047 2002 1228 2039 ραγυμνῶσας
1238 2001 1326 2037 ἑαυτῷ
1338 2002 1395 2037 (15)
1404 2002 1452 2037 τὴν
1466 2001 1581 2036 θεότητα
1592 2002 1718 2037 Χριστὸς,
1732 2003 1777 2028 ἐπὶ
1786 2003 1831 2028 τοῦ

1044 2050 1123 2085 ὄρους
1135 2049 1186 2084 τῆς
1210 2048 1447 2084 μεταμορφώσεως
1455 2066 1463 2079 ,
1479 2048 1541 2078 τοὺς
1548 2045 1658 2078 στύλους
1665 2047 1714 2081 τῆς
1724 2047 1832 2081 Ἐκκλη-

1045 2097 1106 2127 cria;
1125 2095 1306 2131 ὲστρόμεησε.
1333 2095 1466 2125 Πεσὸντες
1488 2094 1541 2129 γὰρ
1562 2092 1639 2125 αὖθις
1657 2093 1774 2128 Πέτρος,
1787 2093 1832 2119 καὶ

1051 2141 1191 2173 Ἰάκωϐος,
1212 2141 1258 2167 καὶ
1275 2140 1416 2175 Ἰωάννης,
1438 2139 1476 2174 τῷ
1487 2139 1540 2165 δέει
1555 2139 1761 2174 κραδαινόμενοι
1771 2159 1778 2169 ,
1791 2148 1833 2173 μι-

1045 2187 1111 2224 κροῦ
1133 2187 1188 2214 δεῖν
1206 2186 1370 2222 ὲχωνεύοντο
1385 2185 1423 2220 τῷ
1442 2186 1507 2220 πυρὶ
1528 2185 1578 2220 τῆς
1602 2185 1739 2220 θεότητος.
1764 2184 1832 2219 Πρὸς

1046 2232 1125 2258 τοῦτο
1143 2232 1171 2258 δὲ
1185 2231 1275 2267 φέρων
1295 2230 1341 2257 καὶ
1363 2231 1377 2256 ὁ
1395 2230 1465 2261 θεῖος
1491 2229 1666 2260 Ἀπόστολος,
1686 2228 1832 2264 διαρρήδην

1047 2279 1111 2315 βοᾷ·
1143 2279 1190 2305 Ἐκ
1213 2277 1268 2313 γὰρ
1297 2276 1426 2312 μεγέθους
1451 2276 1607 2311 κτισμάτων
1634 2275 1681 2302 καὶ
1704 2275 1833 2310 καλλονῆς

1045 2324 1184 2358 ἀναλόγως
1196 2323 1348 2358 θεωρεῖται.
1361 2321 1481 2357 Οὐρανοῦ
1490 2321 1543 2356 γὰρ
1555 2321 1601 2347 καὶ
1612 2321 1665 2355 γῆς
1676 2321 1724 2347 καὶ
1735 2320 1831 2347 θαλατ-

1046 2379 1094 2406 της
1113 2370 1177 2406 ἰδεῖν
1186 2368 1324 2403 ὁλομερῶς
1343 2368 1392 2402 τὴν
1407 2367 1487 2401 φύειν
1502 2367 1532 2392 οὺ
1546 2366 1701 2401 δυνάμενοι,
1721 2366 1780 2398 πῶς
1789 2366 1832 2392 τὸν

1044 2416 1158 2452 ποιητὴν
1172 2414 1277 2441 ἑαυτῶν
1294 2414 1356 2440 ἰδεῖν
1370 2415 1402 2449 τῇ
1423 2413 1502 2447 φύσει
1515 2414 1692 2448 χωρήσομενς

205 2462 296 2488 nicnte
310 2462 434 2489 cernitur
449 2463 482 2489 “.
503 2463 570 2490 Cum
587 2463 659 2490 enim
688 2463 786 2490 malum
811 2467 837 2491 et
861 2468 961 2490 terram
985 2468 1012 2491 et
1037 2471 1122 2495 mare,
1140 2467 1169 2490 ut
1192 2461 1342 2490 secundum
1358 2465 1484 2487 naturam
1510 2463 1591 2490 sunt,
1616 2459 1643 2485 in
1671 2462 1758 2485 totum
1780 2465 1834 2486 cer-

205 2515 270 2535 nere
283 2516 463 2543 nequeamus,
487 2509 624 2543 quomodo
644 2509 814 2536 conditorem
829 2515 953 2538 nostrum
970 2511 1062 2538 videre
1077 2509 1228 2538 secundum
1244 2507 1330 2544 ipsius
1345 2512 1470 2533 naturam
1487 2505 1657 2540 poterimus?

418 2553 679 2581 INTERROGATIO
700 2553 778 2582 KLll.

240 2597 388 2633 Postquam
401 2599 436 2626 de
450 2599 559 2627 Christo
572 2600 639 2627 satis
657 2600 784 2627 instructi
797 2609 903 2634 sumus,
915 2602 992 2636 cupi-

207 2651 268 2672 mus
286 2652 371 2680 pauca
391 2645 484 2672 audire
496 2646 529 2673 de
545 2645 650 2680 Spiritu
669 2650 775 2678 sancto,
795 2655 859 2674 num
878 2648 993 2682 aequalis

207 2690 244 2717 sit
257 2689 329 2716 Patri
341 2695 368 2717 ct
383 2689 591 2726 Filio,propri:e
610 2692 753 2726 potestatis
774 2693 939 2720 auctoritate
954 2693 994 2719 fa-

206 2737 283 2764 ciens
295 2740 321 2764 et
336 2737 469 2765 mandans
483 2745 543 2772 qua:
558 2739 615 2765 vult
633 2748 639 2765 :
661 2742 688 2766 et
703 2746 788 2774 quare
803 2747 864 2767 cum
879 2747 950 2774 aqua
966 2742 993 2767 et

206 2782 268 2815 igne
283 2782 309 2808 in
325 2781 467 2817 Scriptura
481 2789 667 2820 comparetur.

245 2845 268 2860 "
284 2846 363 2872 item.
380 2853 398 2876 t.
414 2845 458 2872 20.

241 2902 310 2938 (η)
335 2903 523 2938 Ἀφικνεῐται.
539 2905 622 2934 Forte
638 2905 727 2939 ὲφικν.
745 2903 824 2931 Enn.

1338 2552 1461 2579 ΠΕΥΣΙΣ
1479 2551 1546 2579 MB‘.

1082 2601 1179 2633 Καλῶς
1200 2600 1264 2635 περὶ
1286 2599 1406 2634 Χριστοῦ
1421 2598 1606 2633 διδαχθέντες,
1620 2598 1738 2633 δεόμεθα
1758 2599 1831 2632 ὀλίγα

1047 2647 1110 2683 περὶ
1125 2647 1171 2673 τοῦ
1192 2646 1268 2680 ἁγίου
1285 2644 1442 2679 Πνεύματος
1460 2643 1592 2670 ἀκοῦσαι·
1608 2645 1631 2670 εὶ
1643 2642 1702 2671 ἴσον
1718 2645 1831 2679 ὑπάρχει

1046 2693 1084 2728 τῷ
1099 2693 1197 2728 Πατρὶ,
1208 2691 1254 2718 καὶ
1265 2690 1302 2726 τῷ
1314 2690 1381 2725 Υἱῷ,
1400 2689 1566 2721 αὑθεντικῶς
1580 2689 1674 2716 ποιοῦν
1691 2691 1739 2716 καὶ
1753 2699 1831 2725 προσ-

1047 2740 1146 2766 τάσσον
1168 2738 1185 2764 ἂ
1200 2737 1342 2773 βούλεται³
1360 2737 1406 2763 καὶ
1421 2736 1464 2763 διὰ
1485 2736 1511 2762 τί
1525 2736 1601 2763 ’ύδατι
1623 2737 1670 2763 καὶ
1690 2738 1757 2773 Ampi
1783 2737 1831 2763 ὑπὸ

1048 2785 1096 2821 τῆς
1109 2783 1218 2820 Γραφῆς
1229 2782 1378 2818 ὁμοιοῦται.

1088 2906 1144 2942 (l5)
1166 2905 1285 2939 Ἐαυτῷ.
1303 2905 1384 2935 Fotte
1399 2905 1507 2940 ἑαυτοῦ,
1522 2905 1564 2933 vel
1577 2905 1606 2933 ὲν
1621 2905 1721 2941 ἑαυτῷ,
1738 2905 1774 2933 ιιι.
