1920 3046
91 161 154 192 909

409 223 583 259 Ἀπόκρισις.

137 269 240 296 ’Δκουε
255 269 288 305 δὴ
298 289 306 301 ,
322 269 468 304 ἀξιάγαστε
478 292 485 303 ,
507 271 673 302 αὐθεντικῶς
697 272 742 298 καὶ
758 272 892 308 αὐτοκρα-

91 318 218 353 τορικῶς
232 317 280 344 τοῦ
297 318 454 353 Πνεῦματος
472 319 684 353 προστάττοντος
694 339 701 350 ,
717 319 764 345 καὶ
776 319 892 354 δρῶντος

91 362 150 391 ἶσα
164 363 203 399 τῷ
218 364 306 399 Πατρὶ
325 364 370 390 καὶ
389 364 427 399 τῷ
445 363 515 399 Υἱῷ·
537 365 708 399 Ἀφορίσατε
727 365 765 398 δή
779 373 829 400 μοι
840 365 893 392 τὸν

94 411 262 445 Βαρνάϐαν
283 411 333 437 καὶ
357 411 493 442 Σαῦλον,
511 412 554 444 εὶς
575 411 608 437 τὸ
627 411 716 445 ἔργον
731 411 747 437 ὃ
766 411 894 445 προσκέ-

94 458 216 490 κλημαι
235 457 361 488 αὐτοὺς,
376 456 443 491 φησὶ
468 457 524 489 τοῖς
546 457 713 488 ἀποστόλοις.
737 457 893 492 Συμφώνως

91 502 126 529 δὲ
145 501 235 535 τούτῳ
249 503 263 528 6
277 502 340 533 Υἱὸς
356 502 394 537 τῷ
410 502 509 538 Παύλῳ
525 503 616 537 φησίν·
632 503 760 530 Elea/ws
778 505 821 536 εις
835 503 893 537 τὴν

92 549 194 574 πόλιν
204 567 210 579 ,
225 548 313 574 κάκεῖ
330 548 537 582 λαληθήσεται
552 557 616 580 σοι,
632 549 661 576 τί
671 557 707 576 σε
726 549 770 576 δεῖ
785 549 891 577 ποιεῖν,

101 594 238 629 Έτέρωθι
268 594 297 620 δέ
324 602 405 628 φασιν
429 595 456 620 αι
483 594 599 629 Πράξεις
629 594 683 620 τῶν
716 595 892 621 ἀποστόλων·

95 639 191 668 οὗτοι
216 640 275 675 μὲν
297 640 516 674 ἐκπεμφθέντες
540 641 600 667 ὑπὸ
626 641 679 668 τοῦ
705 642 893 675 Πνεύματος,

94 687 256 720 κατῆλθον
270 688 314 719 εις
329 687 387 720 τὴν
401 687 577 714 Σελευκίαν.
597 687 712 723 Ὁμοίως
724 689 737 714 6
748 687 822 719 Υἱὸς,
840 689 894 714 Πο-

91 733 275 767 ρευθέντες.
302 733 384 768 φησὶ.
407 734 616 767 μαθητεύσατε
634 734 733 760 πάντα
753 734 788 761 τίι
802 735 874 767 ἔθνη
885 743 891 749 ·

92 779 203 814 ὁμοίως
215 779 239 805 ot
251 779 410 810 ἀπόστολοι,
429 779 551 811 Ἔδοξε,
568 780 644 814 φασὶ,
661 779 700 812 τῷ
715 780 789 815 ἁγίῳ
798 781 893 807 Πνεύ-

92 832 169 858 ματι
196 824 244 850 καὶ
271 824 361 858 ἡμῖν,
381 824 477 859 μηδὲν
504 825 580 851 ἄλλο
614 825 799 852 ἐπιτίθεσθαι
822 826 894 860 ὑμῖν

95 870 186 903 πλὴν
214 869 274 896 τῶν
295 869 471 905 ἐπάναγκες.
497 871 611 906 Ὁμοίως
638 873 651 897 ὁ
679 871 890 906 Παῦλόςκφησι⁸

95 917 184 950 Λέγω
205 916 254 948 δὲ,
271 916 320 942 καὶ
341 917 396 942 οὐκ
419 916 492 951 ἐγὼ.
508 917 578 943 ἀλλ’
591 918 607 943 ὀ
620 917 742 950 Κύριος,
764 917 892 952 γυναῖκα

95 962 161 989 ἀπὸ
185 961 297 995 ἀνδρὸς
312 962 354 997 μὴ
375 962 559 996 χωρίζεσθαι.
585 978 618 983 —
632 962 777 996 Διῆλθον.
806 964 891 998 φησι,

94 1009 159 1041 τὴν
180 1009 313 1043 Φρυγίαν
325 1008 374 1035 καὶ
394 1008 566 1042 Γαλατικὴν
585 1009 695 1042 χώραν.
708 1010 893 1043 κωλυθέντες

95 1055 161 1081 ὑπὸ
183 1054 237 1081 τοῦ
259 1055 433 1088 Πνεύματος
452 1055 504 1082 τοῦ
525 1054 660 1087 λαλῆσαι
676 1055 729 1081 τὸν
749 1057 843 1090 λόγον
859 1056 893 1082 ἐν

96 1099 137 1132 τῇ
162 1100 254 1132 Ἀσίᾳ.
284 1100 399 1134 Ὁμοίως
415 1101 429 1126 6
453 1100 516 1131 Υἱὸς
543 1102 599 1131 τοῖς
616 1100 775 1133 ἀποστόλοις
792 1101 891 1136 ιρηςιιῖν⁸

97 1147 154 1178 Εἰς
176 1144 249 1172 ὁδὸν
265 1144 361 1171 ἐθνῶν
374 1145 417 1179 μὴ
434 1145 594 1179 ἀπέλθητε,
612 1146 661 1172 καὶ
673 1147 716 1179 εἰς
732 1146 823 1172 πόλιν
834 1148 892 1172 Σα-

95 1191 249 1227 μαρειτῶν
262 1190 305 1225 μὴ
330 1190 495 1225 εὶσέλθητε.
517 1192 597 1218 Ἀλλὰ
612 1192 659 1218 καὶ
675 1185 757 1218 Δαὸὶδ
770 1192 784 1218 6
795 1191 892 1218 θεσπέ-

97 1245 168 1268 σιος.
190 1237 240 1271 τῆς
257 1236 333 1268 Θείας
348 1237 461 1272 Τριάδος
475 1237 554 1272 ἔργον
566 1237 672 1269 δεικνὺς
685 1237 718 1264 τὰ
736 1237 890 1272 σύμπαντα,

98 1283 217 1318 μελῳδεῖ
239 1283 268 1309 ἐν
286 1283 412 1317 Ψαλμοῖς
423 1292 429 1298 ·
450 1282 491 1315 Τῷ
508 1283 592 1317 Λόγῳ
606 1283 716 1316 Κυρίου
730 1284 756 1310 οἱ
770 1283 891 1317 οὐρανοὶ

95 1329 343 1363 ἐστερεώθησαν,
370 1330 420 1356 καὶ
442 1330 483 1362 τῷ
500 1331 647 1364 πνεύματι
669 1329 722 1357 τοῦ
742 1331 890 1364 στόματος

95 1375 193 1403 αὑτοῦ
206 1374 292 1403 πᾶσα
307 1377 325 1409 ἡ
340 1375 466 1410 δύναμις
480 1375 580 1403 αὐτῶν
590 1384 596 1391 “
611 1376 712 1410 Κύριον
724 1376 769 1402 τὸν
782 1377 890 1412 Πατέρα

93 1421 202 1457 δηλῶν,
220 1422 306 1455 Λόγον
323 1422 351 1447 δὲ
377 1422 422 1448 τὸν
443 1422 545 1453 Παῖδα,
575 1422 686 1457 Πνεῦμα
712 1422 740 1448 δὲ
764 1423 794 1449 τὺ
820 1422 891 1449 Θεῖον

95 1467 224 1503 Πνεῦμα.
241 1468 397 1503 Συμφώνως
405 1469 432 1495 δὲ
446 1469 555 1504 τούτῳὸ
569 1470 617 1504 τῆς
629 1469 675 1496 ὑπ’
683 1470 806 1504 οὐρανῶν
821 1470 889 1505 (ιδ’)

96 1515 170 1546 ⁴ῐἐἷος
195 1515 355 1550 καθηγητὴς
376 1515 494 1548 Παῦλος,
519 1517 600 1551 φησι·
624 1516 788 1550 Διαιρέσεις
805 1526 888 1551 χαρι-

95 1561 222 1596 σμάτων
238 1561 314 1593 εἶσὶ,
331 1559 365 1586 τὸ
375 1560 409 1588 δὲ
419 1561 490 1588 αὐτὸ
509 1562 639 1596 Πνεῦμα’
655 1562 704 1590 καὶ
725 1562 885 1597 διαιρέσεις

94 1606 270 1638 διακονιῶν,
297 1609 314 1633 ὀ
337 1607 371 1634 δὲ
392 1608 483 1642 αὐτὸς
507 1609 631 1642 Κύριος·
657 1609 706 1636 καὶ
729 1609 888 1643 διαιρέσεις

95 1653 270 1689 ἐνεργειῶν,
283 1652 341 1680 ὀδὲ
355 1654 447 1686 αὐτὸς
459 1654 546 1687 Θεὸς,
562 1657 578 1682 ό
595 1655 724 1691 ἐνεργῶν
739 1656 776 1682 τὰ
791 1655 888 1682 πάντα

94 1699 132 1725 ὲν
144 1698 220 1725 πᾶσι
230 1707 236 1714 ·
252 1698 316 1734 τρία
331 1699 380 1734 μὲν
393 1699 533 1734 παριστῶν
547 1700 681 1734 πρόσωπα
691 1721 698 1733 ,
713 1701 778 1736 μίαν
797 1701 825 1727 δὲ
839 1701 888 1736 τὴν

95 1743 214 1778 θεότητα
225 1764 233 1776 ,
247 1743 390 1771 αὐθεντιαν
407 1752 436 1770 τε
449 1744 494 1771 καὶ
511 1744 658 1779 βασιλείαν.

389 1789 513 1815 ΠΕΥΣῙΣ
532 1789 597 1816 Ml".

132 1834 295 1869 Πρω-θεῖναι
312 1835 367 1866 τοῖς
382 1835 537 1871 εἰρημένοις
555 1836 783 1871 παρακαλοῦμεν,
800 1837 842 1864 διὰ
861 1838 887 1864 τί

95 1879 175 1906 ὕδατι
199 1881 246 1907 καὶ
270 1881 336 1916 πυρὶ
356 1881 551 1917 παρεικάζεται
576 1881 629 1908 ὑπὸ
651 1883 701 1917 τῆς
723 1883 833 1919 Γραφῆς
857 1883 887 1910 τὸ

96 1925 175 1960 ἅγιον
188 1925 310 1960 Πνεῦμα.

408 1983 576 2016 Ἀπόκρισις

131 2028 190 2054 Οὑκ
210 2028 272 2063 εικῆ
291 2028 361 2061 (lxi),
384 2028 438 2054 οὐδ’
453 2028 544 2063 ἀργῶς
558 2029 672 2061 ἐκείνοις
685 2030 886 2065 παραϐάλλεται

94 2073 126 2100 τὺ
141 2073 212 2100 θεῖον
227 2073 349 2108 Πνεῦμα.
371 2073 518 2100 Χλοοποιὺν
535 2074 598 2110 γὰρ,
616 2075 663 2101 καὶ
683 2075 822 2107 ζωοποιὺν,
839 2076 886 2102 καὶ

95 2119 244 2154 θρεπτικὸν
260 2119 290 2145 τὸ
307 2119 380 2155 ὕδωρ
399 2120 427 2152 ἐξ
444 2119 568 2156 οὐρανῶν
589 2121 712 2155 ὑόμενον,
731 2121 778 2148 καὶ
796 2121 885 2148 πάντα

95 2167 213 2197 πιαῖνον,
229 2166 277 2192 καὶ
290 2167 356 2192 πᾶσι
369 2165 565 2201 διικνούμενον,
582 2167 718 2201 μονοειδὲς
734 2168 783 2202 μὲν
797 2168 885 2204 ὑπάρ-

94 2220 152 2246 χον,
171 2211 349 2246 πολυτρόπως
364 2211 392 2237 δὲ
415 2211 542 2247 ἐνεργοῦν
554 2220 560 2227 '
588 2214 620 2239 ὲκ
645 2213 708 2248 μιᾶς
727 2213 755 2239 δὲ
779 2214 884 2249 κρήνης

93 2257 212 2292 διάφορα
236 2257 301 2292 γένη
321 2257 413 2290 φυτῶν
436 2257 572 2293 ἄρδονται.
598 2258 627 2284 Ὀ
649 2258 672 2284 δ’
696 2259 777 2290 αὑτὸς
804 2260 881 2291 ὑετὸς

95 2302 236 2337 μονοειδὴς
265 2302 396 2337 ὑπάρχων
422 2301 501 2336 φύσει
531 2303 579 2328 καὶ
609 2303 679 2338 ὕψει,
707 2305 883 2340 πολυτρόπως

93 2348 250 2383 εὐεργετεῖ,
267 2349 295 2374 ὲν
313 2347 362 2382 μὲν
376 2349 461 2383 κρίνῳ
471 2348 575 2381 λευκὸς,
591 2350 620 2375 ὲν
634 2349 660 2375 δὲ
672 2350 740 2385 ῥόδῳ
768 2350 883 2386 ἐρυθρὸς

92 2392 249 2428 ὁρώμενος,
275 2392 415 2428 πόρφυρος
434 2394 462 2419 ὲν
480 2393 546 2426 τοις,
562 2394 657 2430 κιρρὸς
680 2395 702 2421 δ’
726 2396 755 2421 ὲν
778 2396 880 2430 κρόκῳ.

99 2439 161 2465 Ἐπὶ
175 2439 224 2474 τῆς
240 2439 324 2473 συκῆς
341 2439 479 2475 μονοειδὴς
505 2440 627 2475 ὑόμενος,
642 2441 797 2476 ἐτεροειδῶς
812 2442 881 2468 ἀπο-

91 2485 220 2516 τελεῖται,
238 2485 339 2519 γλυκὺς
352 2486 400 2521 μὲν
413 2486 441 2512 ὲν
457 2485 496 2520 τῷ
520 2486 627 2522 καρπῷ,
642 2487 741 2522 στυφὸς
754 2488 782 2514 δὲ
796 2489 825 2514 ὲν
840 2488 879 2523 τῷ

92 2531 273 2566 ἔκμυζομένῳ
282 2531 408 2565 γάλακτι.
431 2532 460 2559 ’0
473 2532 553 2564 αὐτὸς
568 2533 598 2558 ὲν
608 2533 722 2568 ἀμπέλῳ
739 2535 878 2569 μονοειδὴς

92 2577 239 2612 ἐρχόμενος
252 2577 414 2610 πυκάζεται,
439 2579 479 2609 εἰς
493 2578 595 2611 ἕλικας,
613 2580 652 2610 εἰς
677 2580 817 2614 βλαστοὺς,
839 2583 879 2612 εἰς

92 2623 230 2658 Βμφακας,
247 2624 287 2654 εἰς
303 2624 429 2659 βότρυας,
447 2625 485 2656 εἰς
500 2622 581 2657 οἶνον,
594 2626 633 2657 εἰς
648 2626 739 2657 πότον,
755 2626 802 2652 καὶ
815 2627 877 2652 συλ-

92 2667 190 2704 λήεδην
207 2671 304 2702 εἰπεῖν,
322 2671 350 2696 ἐν
371 2671 438 2697 πᾶσι
459 2671 547 2697 πάντα
563 2672 714 2707 γινόμενος.
732 2673 878 2708 Μονοειδὴς

126 2729 148 2745 ⁸·
163 2730 224 2756 Act.
242 2737 302 2760 xm.
318 2730 345 2757 2.
384 2731 405 2746 ⁸⁷
422 2730 481 2758 Act.
498 2739 535 2759 ιχ.
551 2731 578 2758 6.
617 2732 639 2747 ⁸³
653 2731 713 2758 Act.
731 2740 790 2762 ιιιιι,
814 2733 839 2760 4.

92 2764 134 2792 10.
173 2765 196 2780 ⁷⁵
214 2765 274 2792 Act.
290 2773 346 2797 xvt,
362 2765 388 2792 6.
431 2766 453 2781 ⁷³
472 2766 567 2794 Matth.
588 2775 615 2798 ιι,
638 2766 664 2794 5.

124 2833 201 2874 (15⁸),
307 2833 451 2868 οὐρανῶν.
469 2835 550 2864 Forte
573 2838 617 2864 ὑπ’
632 2838 761 2874 οὐρανόν,
777 2839 817 2866 vel
832 2840 877 2866 ὑπ’

92 2868 231 2904 οὖρανούς,
251 2868 330 2895 Enn.

124 2903 180 2939 ιιι)
196 2905 258 2931 Οὐκ
273 2904 352 2939 εἰκῆ,
372 2913 400 2932 κ.
419 2914 444 2934 τ.
467 2906 491 2934 λ.
506 2905 568 2936 Haec
589 2916 656 2944 pettc
673 2909 810 2942 αὑτολεξεὶ
827 2909 874 2938 de-

811 164 984 193 DlALOGUS
1003 165 1024 194 Ι.

704 2767 727 2783 ⁷⁸
742 2767 815 2794 Psal.
832 2777 917 2803 χχχιι,

1682 165 1734 194 illi!

1263 224 1414 259 Responsio.

978 271 1048 298 Audi
1067 271 1191 306 proinde,
1209 278 1225 297 0
1238 272 1379 306 praeclare,
1400 271 1509 307 propria
1529 271 1692 299 auctoritate
1706 277 1734 300 et

945 322 1078 351 potestate
1091 316 1221 352 Spiritum
1234 318 1437 352 prtecipientem
1449 321 1476 344 et
1489 317 1632 344 iacientem
1644 325 1734 352 mqua-

945 365 979 391 lia
997 372 1058 392 cum
1077 364 1157 392 Patre
1176 369 1202 392 et
1225 364 1295 392 Filio
1313 375 1319 392 :
1338 365 1475 400 Segregate
1496 365 1554 400 jam
1578 365 1641 392 mihi
1660 365 1733 392 Bar-

945 411 1042 438 nabam
1054 416 1079 438 et
1099 410 1209 438 Saulum
1237 412 1265 438 in
1280 420 1344 446 opus
1367 412 1400 438 ad
1419 412 1488 446 quod
1506 413 1595 438 vocavi
1615 420 1668 443 eos,
1689 411 1732 438 in-

945 457 1004 491 quit
1025 457 1058 483 ad
1079 457 1217 491 apostolos
1241 457 1273 483 “.
1293 457 1476 484 Consentiens
1494 461 1584 483 autem
1602 465 1663 483 cum
1680 457 1732 484 hoc

946 502 979 528 ad
993 501 1106 529 Paulum
1122 503 1208 538 inquit
1221 502 1306 529 Filius
1323 512 1329 530 :
1347 502 1486 537 Ingredere
1506 503 1534 529 in
1549 504 1691 534 civitatem,
1706 508 1732 530 et

945 548 981 574 ibi
1000 549 1102 575 dicetur
1115 549 1171 580 tibi,
1193 549 1254 584 quid
1271 549 1318 575 ιιὸἰ
1336 549 1485 583 faciendum
1498 550 1532 575 sit
1548 549 1579 575 ⁸⁷.
1597 549 1668 576 Alibi
1682 556 1732 576 au-

945 599 999 622 tem
1013 596 1110 622 dicunt
1132 596 1200 622 Acta
1217 595 1402 630 apostolorum
1427 604 1432 621 :
1460 594 1497 621 Ili
1518 595 1621 630 quidem
1641 595 1732 623 emissi

946 649 962 667 (ι
977 641 1089 675 Spiritu.
1101 641 1220 668 abierunt
1235 641 1380 669 Seleuciam
1391 641 1422 668 ⁸⁸.
1434 641 1472 668 Ad
1484 641 1608 668 euntdctn
1622 641 1731 668 modum

946 686 1031 713 Filius
1047 697 1053 714 :
1069 687 1187 720 Profecti
1199 687 1287 714 docete
1301 695 1389 714 omnes
1401 692 1487 722 gentes
1501 687 1533 712 ".
1547 686 1732 713 Consimiliter

946 733 1061 768 apostoli
1087 743 1093 760 τ
1116 733 1208 760 Visum
1231 737 1280 765 est,
1304 733 1442 768 inquiunt,
1461 732 1573 767 Spiritui
1594 737 1685 759 sancto
1706 736 1730 759 et

946 779 1031 810 nobis,
1050 778 1081 805 de
1102 779 1177 805 nulla
1199 778 1254 804 alia
1275 786 1302 805 re
1323 787 1366 805 vos
1390 777 1579 808 admonendos,
1597 786 1676 812 quam
1699 777 1732 804 de

946 824 1101 851 necessariis
1124 824 1179 850 illis
1195 825 1229 850 7°.
1249 824 1380 852 Similiter
1400 829 1427 851 et
1440 824 1541 851 Paulus
1562 824 1667 859 inquit:
1685 823 1733 849 Di-

946 878 976 896 co
991 875 1078 896 autem
1094 878 1145 896 non
1159 878 1215 905 ego,
1235 871 1280 897 sed
1302 870 1441 903 Dominus,
1462 879 1493 897 ne
1508 878 1577 897 uxor
1595 875 1733 905 separetur

946 925 961 942 a
976 916 1247 951 ciro“.Peragratu,
1276 916 1364 951 inquit
1386 917 1467 947 alius,
1489 915 1603 950 Phrygia
1629 920 1654 942 et
1677 915 1731 941 (ἐτι-

944 961 1028 988 latica
1053 963 1166 997 regione,
1195 962 1319 996 prohibiti
1341 967 1400 988 sunt
1423 971 1438 988 a
1458 961 1569 996 Spiritu,
1590 962 1730 996 quominus

944 1007 1091 1034 doctrinam
1104 1013 1259 1041 erponerem
1268 1010 1295 1034 in
1306 1008 1371 1035 Asia
1382 1008 1415 1034 τ’.
1427 1007 1467 1034 Ad
1480 1008 1604 1035 eumdem
1620 1007 1730 1034 modum

945 1053 1032 1080 Filius
1045 1054 1078 1080 ad
1089 1054 1226 1088 apostolos
1242 1055 1331 1089 inquit
1347 1064 1353 1081 ε
1367 1054 1399 1081 In
1412 1055 1480 1081 niam
1493 1054 1648 1089 gentiuntne
1662 1053 1730 1079 abic-

944 1101 1017 1132 ritis,
1033 1105 1057 1126 et
1084 1100 1112 1126 in
1136 1101 1268 1127 civitatem
1293 1101 1525 1127 Samaritanorum
1544 1108 1575 1126 ne
1597 1099 1731 1134 ingredia-

944 1146 1010 1172 mini
1022 1146 1056 1172 ⁷³.
1070 1145 1122 1173 Sed
1137 1150 1164 1173 et
1177 1146 1286 1174 divinus
1299 1147 1344 1174 ille
1357 1147 1474 1174 Davides
1489 1154 1573 1174 sacra)
1587 1145 1730 1172 Trinitatis

943 1200 1013 1226 opus
1031 1192 1180 1220 ostendens
1202 1193 1260 1220 haec
1280 1193 1420 1225 universa,
1444 1193 1517 1220 canit
1535 1193 1562 1219 in
1586 1191 1702 1219 Psalmis
1721 1200 1728 1218 :

950 1237 1030 1265 Verbo
1047 1238 1154 1265 Domini
1170 1239 1228 1266 cozli
1244 1239 1344 1274 [irritati
1366 1243 1437 1269 sunt,
1451 1243 1476 1265 et
1496 1239 1590 1273 spiritu
1604 1239 1657 1265 oris
1671 1238 1729 1273 ejus

945 1284 1030 1311 omnis
1043 1284 1124 1311 virtus
1138 1293 1227 1312 eorum
1241 1285 1264 1300 ⁷⁸
1277 1294 1283 1312 :
1302 1292 1348 1319 per
1364 1284 1516 1315 Dominum,
1530 1283 1637 1311 Patrem
1650 1284 1730 1319 signi-

944 1329 1039 1362 ﬁcans,
1057 1338 1105 1365 per
1120 1329 1236 1357 Verbum
1257 1329 1371 1362 Filium;
1389 1337 1437 1364 per
1456 1329 1586 1364 Spiritum
1600 1329 1728 1364 denique,

942 1379 1068 1403 sanctum
1089 1376 1163 1402 illum
1183 1375 1324 1411 Spiritum.
1339 1376 1406 1403 Cum
1425 1375 1477 1402 hoc
1492 1380 1582 1403 autem
1608 1383 1727 1404 consen-

942 1421 1012 1448 tiens
1028 1421 1135 1448 divinus
1155 1422 1199 1449 ille
1216 1421 1336 1448 omnium
1348 1429 1409 1456 qua:
1423 1421 1475 1449 sub
1488 1421 1564 1448 caelis
1581 1427 1655 1455 sunt,
1670 1430 1729 1450 ma.

940 1467 1026 1502 gister
1048 1466 1160 1499 Paulus,
1185 1467 1273 1502 inquit
1304 1476 1310 1494 :
1334 1467 1481 1494 Dirisioncs
1504 1467 1633 1494 donorum
1655 1473 1726 1499 sunt,

941 1512 986 1539 sed
998 1513 1066 1538 idem
1086 1511 1202 1545 Spiritus
1218 1520 1226 1538 :
1242 1517 1265 1539 et
1285 1513 1425 1539 divisiones
1445 1513 1663 1543 ministeriorum,
1682 1513 1727 1540 scd

942 1558 1011 1585 idem
1026 1558 1153 1585 Dominus
1164 1568 1173 1584 :
1186 1563 1210 1584 et
1228 1559 1369 1585 divisiones
1384 1559 1574 1592 operationum,
1588 1558 1655 1585 idem
1667 1567 1728 1587 νει-ο

942 1604 1023 1636 Deus,
1041 1605 1085 1638 qui
1100 1609 1224 1638 operatur
1246 1605 1334 1631 omnia
1347 1605 1376 1631 in
1397 1605 1517 1631 omnibus
1532 1605 1571 1637 ‘“’;
1594 1608 1650 1632 tres
1664 1605 1727 1640 qui-

940 1650 1000 1677 dem
1025 1650 1182 1684 exprimens
1203 1657 1346 1684 personas,
1370 1658 1451 1677 unatn
1467 1658 1532 1677 vero
1545 1651 1725 1685 divinitatem,

939 1697 1129 1723 auctoritatem
1144 1700 1170 1723 et
1184 1704 1310 1731 regnum.

1148 1796 1407 1826 INTERROGATIO
1426 1798 1517 1826 XLIII.

974 1840 1137 1874 Quesumus
1151 1847 1181 1869 ut
1196 1843 1229 1871 iis
1244 1851 1304 1878 quae
1316 1844 1448 1873 hactenus
1459 1845 1623 1879 disseruisti,
1639 1845 1725 1875 addas

939 1895 1024 1922 quare
1037 1896 1100 1915 cum
1116 1896 1186 1924 aqua
1211 1894 1238 1918 et
1256 1890 1318 1925 igne
1337 1897 1510 1932 cotnlparetur
1534 1893 1562 1919 in
1584 1891 1725 1928 Scriptura

939 1932 1057 1968 Spiritus
1068 1939 1196 1962 sanctus-

1256 1989 1408 2025 Responsio.

975 2038 1035 2062 L\on
1049 2034 1162 2067 frustra,
1180 2043 1269 2070 neque
1288 2037 1337 2064 abs
1351 2045 1380 2064 re
1400 2037 1454 2066 illis
1466 2043 1640 2074 comparatur
1654 2040 1726 2068 divi-

938 2091 992 2110 nus
1011 2082 1142 2117 Spiritus.
1157 2082 1224 2110 Nam
1244 2083 1344 2112 herbas
1361 2085 1538 2120 producendi,
1561 2091 1588 2115 et
1603 2088 1724 2120 fovendi,

938 2133 965 2156 et
981 2128 1070 2155 alendi
1085 2129 1139 2155 vim
1155 2129 1237 2156 habet
1248 2137 1318 2164 aqua
1332 2131 1365 2158 de
1379 2132 1456 2159 caelis
1471 2133 1579 2167 pluens,
1596 2137 1623 2161 et
1633 2135 1725 2162 omnia

937 2174 1114 2210 pingueiacit,
1138 2175 1266 2202 omnibus
1282 2184 1342 2203 sese
1364 2177 1504 2211 miscens;
1527 2186 1558 2206 ac
1576 2179 1640 2206 licet
1662 2181 1724 2206 tuti-

938 2219 1034 2247 formis
1049 2221 1094 2250 sit.
1112 2220 1205 2247 multis
1219 2223 1309 2248 tamen
1323 2222 1411 2250 tnodis
1423 2229 1562 2258 operatur,
1579 2229 1606 2252 et
1620 2233 1652 2252 ex
1671 2234 1725 2253 una

937 2265 1105 2300 scaturigine
1135 2266 1246 2292 diversa
1275 2274 1375 2301 genera
1406 2269 1559 2303 germinum
1587 2271 1721 2304 rigantur.

937 2310 1037 2338 Eadem
1055 2312 1146 2346 pluvia
1162 2320 1222 2339 cum
1235 2313 1270 2340 sit
1285 2314 1431 2342 uniformis
1448 2320 1544 2342 natura
1559 2320 1586 2343 et
1598 2322 1722 2351 aspectu,

937 2356 1115 2383 multifariam
1132 2365 1193 2384 sese
1216 2358 1338 2386 declarat
1361 2359 1515 2393 eﬂicacem;
1543 2361 1570 2388 in
1589 2362 1646 2389 lilio
1661 2364 1723 2398 qui-

936 2402 997 2429 dem
1014 2404 1085 2434 alba.
1104 2403 1131 2430 in
1149 2411 1212 2431 rosa
1227 2412 1292 2432 vero
1318 2406 1400 2433 rubra
1420 2414 1564 2442 apparens,
1587 2417 1723 2443 purpurea

936 2447 964 2475 in
986 2449 1076 2480 violis,
1101 2448 1174 2476 fulva
1197 2450 1224 2477 in
1244 2458 1336 2478 croco.
1360 2451 1448 2486 Super
1474 2453 1554 2480 licunt
1579 2454 1723 2483 uniformis

934 2495 1042 2529 pluens.
1059 2496 1174 2524 alterius
1193 2496 1288 2524 forma:
1309 2497 1435 2530 edicitur,
1459 2499 1547 2526 dulcis
1564 2500 1673 2534 quidem
1695 2502 1723 2528 in

933 2539 1036 2572 fructu,
1060 2542 1158 2569 acerba
1187 2551 1250 2570 vero
1271 2543 1297 2570 in
1315 2551 1446 2578 expresso
1466 2545 1544 2573 lacte.
1570 2545 1671 2573 Eadem
1694 2548 1723 2574 in

932 2585 1015 2612 vitem
1034 2586 1181 2613 uniformis
1197 2587 1320 2620 veniens,
1337 2588 1469 2615 densatur
1484 2589 1510 2616 in
1523 2590 1675 2624 capreolos,
1693 2591 1723 2618 in

931 2631 1066 2665 germina,
1084 2633 1111 2659 in
1128 2640 1205 2664 uvas,
1227 2634 1255 2660 in
1271 2634 1375 2667 botros,
1397 2634 1424 2661 in
1439 2635 1543 2668 vinum,
1562 2637 1588 2663 in
1607 2641 1721 2671 potum:

931 2680 970 2707 et.
998 2683 1028 2705 ut
1053 2678 1211 2704 summatim
1231 2678 1331 2712 dicant,
1360 2680 1388 2706 in
1410 2681 1538 2710 omnibus
1565 2682 1656 2709 omnia
1681 2682 1721 2710 lit.

938 2734 1135 2776 2iallh._X§\'l!,
1151 2737 1194 2764 l9.
1223 2774 1229 2776 _
1252 2738 1278 2776 ’κζ
1293 2739 1353 2765 Aet.
1369 2747 1413 2771 xv,
1429 2739 1475 2768 28.
1532 2740 1574 2767 ⁷¹Ι
1590 2741 1653 2769 Cor.
1669 2751 1721 2776 νιι,

934 2770 960 2797 6.
1003 2771 1025 2787 "
1042 2770 1051 2797 l
1066 2773 1128 2799 Cor.
1148 2780 1196 2805 Ill,
1216 2774 1243 2807 4,
1264 2773 1290 2800 6.

932 2845 1039 2881 ειιηιριῖι
1054 2847 1208 2881 noscuntur
1220 2843 1363 2881 ex_Cyrilli
1379 2844 1618 2881 Hierosolymitani
1636 2845 1722 2874 Cate-

931 2875 1006 2918 eltesi
1023 2885 1077 2908 xvt,
1094 2877 1169 2918 §__15.
1184 2877 1265 2918 Quod
1290 2875 1401 2914 quidem
1419 2875 1559 2916 perspexit
1575 2882 1610 2910 cl.
1625 2881 1718 2918 Cyril-

930 2911 1068 2940 liattorunt
1081 2911 1170 2942 editor
1184 2911 1329 2943 'l‘outtetis.
