1920 3046
61 138 112 166 913

62 201 175 235 χάνουσι
190 200 330 235 τάγματα,
351 201 442 233 καθὼς
458 201 559 234 Ἰούδας
571 201 684 237 ἔγραψε.
701 203 748 229 καὶ
763 204 776 229 ὁ
787 203 855 239 dqm_-

60 245 107 277 λλς
122 246 312 280 ἐξαριθμεῖται
340 246 499 279 Ἀπόστολος
512 256 517 263 ·
533 244 554 282 ᾧ
568 249 614 274 καὶ
629 249 756 283 ἑπόμενοι
772 250 796 276 οἱ
808 249 857 284 τῆς

62 292 141 324 θεξας
155 293 268 328 τελετῆς
286 294 367 328 ἱερεῖς
378 294 549 328 ἀναφωνοῦσι
565 295 640 330 Θεῷ·
658 295 697 322 Σὲ
709 295 859 330 ὑμνοῦσιν

61 339 199 373 ἄγγελοι,
215 339 410 374 ἀρχάγγελοι,
425 341 525 373 θρόνοι
535 361 542 372 ,
555 342 744 375 κυριότητες,
759 342 859 377 ἀρχαὶ,

62 384 221 416 ἐξουσίαι,
258 383 410 418 δυνάμεις.
441 385 502 411 Ὅτι
528 386 556 412 δὲ
583 387 713 421 τρεπτοὶ,
743 387 860 423 ἐναργὴς

70 429 222 462 επύδειξις·
252 428 313 455 Ἐπὶ
331 430 361 456 τὸ
381 431 471 465 χεῖρον
493 431 608 466 τραπεὶς
631 431 784 467 ἀρχέκακος
801 432 860 459 διάο

72 475 159 506 λολος,
183 477 392 510 συναποστὴσας
407 475 496 511 ἑαυτῷ
517 477 626 508 ἱκανοὺς
648 476 702 503 τῶν
725 477 860 511 ἀγγέλων,

64 520 95 545 οὐ
113 521 195 553 (ξύει-ει
210 540 217 553 ,
234 520 303 547 ἀλλὰ
325 520 421 556 γνώμῃ
437 521 592 556 τραπέντας
607 524 639 557 τῇ
656 523 799 559 ὐποσπορᾷ
815 523 862 550 τοῦ

67 565 146 600 σφῶν
161 567 226 601 ήγου
231 566 325 600 μένου,
338 567 410 602 αὑτῷ
424 567 590 603 κατάλληλον
603 569 649 594 τοῦ
665 569 802 605 δράματος
815 570 864 605 τὴν

65 612 258 647 προσηγορίαν
273 612 431 648 δεξαμένου.
455 613 501 640 Ἐκ
521 614 575 650 γὰρ
599 615 645 641 τοῦ
668 615 820 643 διαϐάλλειν
835 616 865 642 τὸ

67 658 207 693 ὁμόφυλον
225 658 395 694 φερωνύμως
409 659 540 696 κέκληται
562 661 685 692 διάϐολος
696 670 702 676 ·
718 662 806 689 Σατάν
819 662 864 694 δὲ,

67 705 102 731 ὲκ
117 704 164 730 τοῦ
177 705 236 739 Θεῷ
260 706 306 732 καὶ
319 705 473 741 ἀνθρώποις
491 707 661 734 ἀντικεῖσθαι
677 715 683 722 ·
696 707 736 734 διὸ
753 708 866 734 καὶτῶν

69 748 268 785 ὑπερκοσμίων
286 751 490 786 κατήῥρακται·
512 752 559 778 καὶ
581 753 633 779 ὑπὸ
664 753 795 790 Ἰεζεκιὴλ
808 755 866 789 (15)

68 795 120 822 τοῦ
138 795 284 822 Θεσπεσίου
306 797 359 823 τῶν
377 798 518 833 Χερουϐὶμ
533 799 667 834 ἐξηγητοῦ
688 799 861 831 ὀνειδίζεται·

69 839 140 872 Πῶς
155 841 305 875 ἐξέπεσας
326 843 357 869 ἐκ
383 843 436 869 τοῦ
453 844 583 878 οὐρανοῦ
607 846 624 871 ὁ
648 845 802 879 ἑωσφόρος
817 866 824 878 ,
849 847 866 872 ό

69 886 152 920 πρωῒ
174 887 368 919 ἀνατέλλων;
389 888 455 923 ὁμοῦ
481 889 511 915 τὸ
536 889 658 924 πυρῶδες
679 891 725 917 καὶ
750 892 867 926 φωτικὸν

70 932 124 967 τῆς
142 932 265 966 φύσεως,
291 934 338 960 καὶ
355 935 519 969 ἡγεμονικὸν
540 936 590 971 τῆς
612 937 714 969 τάξεως
731 938 764 973 τῇ
784 939 869 966 εἰκόνι

70 978 122 1003 τοῦ
137 978 284 1013 φωστῆρος
301 980 451 1014 παριστῶν.
467 981 623 1016 Συμφώνως
633 982 661 1008 δὲ
672 983 758 1016 τούτῳ
771 985 871 1020 Δανιὴλ

75 1022 128 1058 τὴν
147 1024 301 1059 μοχθηρίαν
317 1025 398 1051 αὐτοῦ
415 1026 577 1060 διαϐάλλων,
593 1028 640 1054 καὶ
658 1028 707 1063 τὴν
723 1029 872 1066 ὑπαγωγὴν

73 1068 135 1095 τῶν
151 1070 293 1105 ἑπομένων
305 1079 340 1106 φη
346 1071 398 1098 σίν.

782 141 952 170 DlALOiIUS
971 143 990 170 I.

1648 139 1701 166 9N

911 211 972 231 rum
1002 203 1169 238 signiﬁcant.
1201 202 1313 238 Septem
1339 207 1405 229 vero
1428 204 1494 229 sunt
1523 199 1646 231 Ordines,
1674 202 1705 227 ut

911 250 1023 285 scripsit
1034 249 1120 277 Judas
1131 250 1167 282 ⁷⁸,
1181 253 1209 276 et
1224 248 1342 276 eximius
1358 251 1502 275 enumerat
1514 245 1661 281 Apostolus
1669 245 1704 276 ³⁸,

911 304 990 331 quem
1020 300 1047 323 et
1075 299 1229 331 sequuntur
1258 295 1329 322 sacri
1353 293 1474 321 ministri
1499 291 1579 319 cilicii
1608 291 1706 324 divini,

910 342 975 369 dum
994 342 1047 368 alta
1062 342 1183 369 clamant
1199 348 1266 368 voce
1288 340 1322 367 ad
1345 339 1431 367 Deum
1450 348 1457 366 :
1475 339 1510 366 Te
1527 337 1651 365 laudibus
1666 345 1709 365 ce-

912 388 1014 415 lebrant
1039 387 1141 422 angeli,
1171 387 1342 422 archangeli,
1362 385 1468 417 throni,
1493 384 1706 416 dominationes,

911 435 1085 468 principatus,
1103 438 1255 468 potestates,
1273 435 1393 460 virtutes.
1409 431 1487 464 Quod
1502 437 1570 458 vero
1588 429 1709 457 mutabi-

914 481 953 508 les
967 481 1033 512 sint,
1048 480 1161 507 evidens
1174 484 1217 507 est
1234 478 1435 506 demonstratio
1450 486 1456 504 :
1478 477 1515 504 ad-
1529 476 1630 503 malum
1646 483 1711 502 ver-

915 535 963 554 sus
988 530 1084 554 auctor
1100 526 1145 553 ille
1169 525 1232 552 mali
1249 524 1388 556 diabolus,
1409 530 1503 551 secum
1530 521 1565 549 ad
1581 521 1713 550 defectio-

916 581 977 599 nem
1001 571 1102 599 multos
1124 571 1285 606 angelorum
1307 571 1432 601 trahens,
1451 576 1505 596 non
1527 573 1636 600 natura,
1660 568 1718 595 sed.

915 620 1056 647 voluntate
1076 623 1197 646 mutatos
1218 626 1266 654 per
1279 618 1360 646 ducis
1371 618 1414 646 sui
1431 617 1646 652 suggestionem,
1663 615 1718 650 qui.

916 668 1111 700 congruentem
1143 671 1194 691 suo
1229 659 1301 690 facto
1332 663 1454 698 suscepit
1488 661 1712 696 appellationem.

916 710 983 738 Nam
1009 711 1043 738 ab
1066 719 1100 738 eo
1126 710 1200 746 quod
1225 710 1294 738 alios
1321 710 1365 737 sui
1382 709 1491 744 generis
1516 707 1712 739 calumniatur,

917 758 1029 794 proprie
1044 757 1203 784 nominatus
1220 760 1262 784 est
1282 756 1431 790 diabolus;
1449 754 1535 782 Satan
1550 761 1615 782 vero
1627 761 1662 780 ex
1680 760 1720 781 eo

918 803 989 839 quod
1015 804 1070 831 Deo
1096 807 1123 831 et
1147 803 1305 830 hominibus
1329 802 1508 834 adversatur;
1542 802 1714 835 quapropter

919 850 1002 877 etiam
1016 849 1050 877 de
1073 849 1142 877 locis
1158 849 1214 877 illis
1233 848 1454 876 ultramundanis
1475 848 1580 883 eiectus
1600 851 1643 875 est
1663 855 1670 873 :
1687 850 1716 874 et

921 895 993 931 apud
1017 895 1190 923 Ezecltielum
1208 894 1334 931 [Isaiam]
1352 894 1475 921 divinum
1500 897 1589 921 vatem
1611 892 1717 921 Cheru-

920 942 1029 973 borum,
1056 941 1166 976 probris
1189 941 1340 969 incessitur
1359 939 1520 973 :Quomodo
1542 938 1666 966 decidisti
1684 937 1720 966 de

921 988 997 1019 cwto,
1017 988 1122 1021 lucifer,
1139 989 1185 1023 qui
1200 995 1276 1014 mane
1291 987 1419 1014 ariebaris
1432 986 1473 1013 "‘2
1485 985 1575 1013 Simul
1588 989 1615 1012 et
1627 985 1717 1019 ignem

923 1034 1115 1068 lucentemque
1140 1037 1268 1060 naturam
1292 1031 1364 1066 ejus,
1385 1034 1413 1058 et
1436 1029 1609 1065 principatus
1629 1027 1719 1062 digni-

925 1082 1021 1111 tatem,
1044 1078 1072 1105 in
1092 1078 1199 1110 ordine,
1223 1085 1271 1112 per
1293 1076 1503 1104 similitudinem
1522 1072 1667 1101 luminaris
1686 1071 1722 1098 il-

73 1115 130 1144 lius
161 1118 331 1152 exprimens.
363 1119 430 1145 Cum
459 1119 509 1146 hoc
534 1124 624 1147 autem
652 1122 831 1151 consentiens
867 1124 1016 1158 Danielus,
1041 1125 1190 1160 nequitiam
1218 1124 1278 1159 ejus
1302 1123 1434 1154 traducit,
1455 1126 1481 1150 et
1508 1119 1728 1150 subductionem:

74 1169 245 1192 sectatorum
266 1167 389 1200 exponit.

121 1211 260 1245 Ἀγνοοῦσι
274 1212 302 1238 δὲ
314 1212 371 1247 ἅμα
386 1211 489 1248 βροτοῖς
502 1214 549 1240 καὶ
560 1214 670 1248 ἄγγελοι
679 1215 714 1242 τὰ
727 1216 875 1251 μέλλοντασ

79 1257 164 1292 μόνης
181 1258 235 1293 γὰρ
250 1258 301 1292 τῆς
326 1258 400 1290 θείας
422 1259 536 1295 Τριάδος
563 1260 709 1294 γινώσκειν
731 1263 765 1290 τά
798 1263 874 1297 ὄντα,

77 1305 125 1330 καὶ
143 1303 344 1339 προγινώσκειν
371 1305 405 1331 τὰ
418 1305 546 1340 ἐσόμενα.
567 1307 725 1334 Διακονοῦσι
744 1309 772 1335 δὲ
790 1309 877 1345 ταύτη

77 1350 125 1376 καὶ
147 1351 214 1384 ἡμῖν
229 1359 235 1364 ·
254 1351 287 1385 τῇ
312 1350 362 1385 μὲν
382 1350 542 1386 θεοπρεπῶς
558 1352 739 1386 δουλεύοντες,
765 1356 821 1386 τοῖς
847 1355 874 1381 δὲ

78 1396 259 1431 οἰκονομικῶς
270 1417 278 1428 ,
297 1396 365 1432 προς
379 1398 514 1433 σωτηρίαν
529 1399 563 1425 τὰ
577 1400 642 1434 παρ’
663 1400 772 1435 ἐκείνης
793 1409 876 1436 προς-

78 1443 249 1477 ταττομενα·
267 1443 332 1473 τοὺς
352 1444 401 1478 μὲν
416 1444 591 1479 ἀναιροῦντες
607 1445 650 1472 διὰ
667 1446 764 1472 κακίαν
784 1446 876 1482 ἀδιόρ-

81 1490 166 1514 θωτον
178 1509 185 1520 ,
197 1489 272 1520 ὅπως
295 1489 331 1524 μὴ
353 1490 404 1524 τῆς
417 1488 507 1525 λύμης
522 1491 704 1526 ἐμφορεῖσθαι
722 1492 786 1524 τοὺς
799 1493 875 1526 ἐγγί-

81 1534 178 1568 (cvm;
191 1543 198 1549 '
223 1535 295 1561 κατὰ
308 1535 372 1566 τοὺς
395 1536 492 1570 σοφοὺς
515 1536 570 1562 τῶν
585 1537 696 1573 ἰατρῶν,
715 1539 738 1564 οἱ
761 1539 814 1573 προ
829 1538 878 1565 τοῦ

81 1581 238 1617 διαχεΘῆναι
252 1581 323 1607 κατὰ
335 1582 434 1613 παντὸς
447 1581 494 1608 τοῦ
509 1582 635 1617 σώματος
652 1583 700 1618 τὴν
714 1583 761 1610 τοῦ
777 1583 879 1616 πάθους

83 1627 183 1663 λώόην,
205 1627 324 1662 καυτῆρι
344 1627 360 1662 ἢ
389 1629 459 1662 τομῇ
486 1628 536 1663 τὴν
559 1628 649 1664 ῥύμην
666 1630 876 1662 ἀνακόπτοντες.

85 1674 175 1708 Ὅπερ
193 1673 240 1699 καὶ
256 1674 388 1708 γεωργοῖς
405 1674 602 1707 σπουδάζεται,
616 1674 674 1708 ἅμα
689 1674 726 1709 τῷ
741 1675 880 1701 ἀνατεῖλαι

83 1716 163 1750 αὖθις
180 1717 307 1752 ὲκριζοῦν
323 1717 357 1743 τὰ
376 1717 493 1750 ζιζάνια,
515 1719 619 1754 μήποτε
637 1719 817 1754 συμφυόμενα
833 1719 881 1746 καὶ

85 1765 228 1799 ὑψούμενα
239 1783 246 1796 ,
262 1764 307 1790 τὸν
323 1765 394 1790 σῖτον
421 1764 596 1799 λυμήνωνται
609 1773 615 1779 ·
632 1765 680 1791 καὶ
694 1765 881 1801 ἀμπελουργοὶ

84 1810 113 1837 δὲ
130 1810 171 1836 ἔτι
187 1809 340 1842 ποάζουσαν
358 1810 423 1844 πρὶν
438 1810 642 1845 περιπλακῆναι
653 1811 686 1846 τῇ
704 1811 820 1846 ἀμπέλῳ
833 1811 881 1846 τὴν

86 1857 244 1892 ἁγχομένην
265 1857 433 1889 ἀνασπῶσιν,
455 1856 471 1891 ἢ
491 1858 524 1892 τῇ
547 1856 667 1892 δρεπάνῃ
683 1857 881 1892 ὑποτέμνουσι,

86 1902 155 1937 πρὸς
178 1901 209 1927 τὸ
235 1899 274 1935 μὴ
288 1901 335 1927 τδν
357 1900 454 1935 βότρυν
479 1900 663 1935 λυμήνασθαι.
688 1901 773 1927 Τοῦτο
798 1903 846 1928 καὶ
868 1904 883 1929 ὁ

87 1946 211 1981 γεωργὸς
227 1946 275 1981 τῆς
294 1946 430 1981 ἡμετέρας
454 1945 562 1980 φύσεως
586 1946 632 1971 καὶ
650 1946 700 1980 τῆς
721 1946 884 1981 Ἐκκλησίας

88 1991 281 2026 ἀμπελουργὺς
296 1992 382 2016 ποιεῖν
399 1991 492 2016 εἴωθεν
505 2000 511 2005 ·
536 1990 732 2026 προγινώσκων
752 1991 798 2018 τοῦ
817 1992 882 2018 ὑπο-

89 2037 181 2064 τίτθου
208 2036 258 2072 τὴν
279 2036 404 2072 ὀλεθρίαν
431 2036 563 2071 αὔξησιν·
590 2038 637 2064 καὶ
660 2037 718 2073 ἅμα
743 2038 782 2073 τῷ
802 2038 884 2073 φῦναι

90 2081 208 2118 ἑκριζῶν
222 2082 269 2108 καὶ
284 2082 414 2108 ἀνασπῶν
431 2082 475 2108 τὸν
486 2082 595 2117 ἐτέρους
610 2083 735 2118 ἀνασπᾷν
753 2083 885 2118 μέλλοντα

90 2129 212 2164 δράματι
223 2127 271 2154 καὶ
283 2127 414 2163 δόγμασιν
425 2128 563 2159 ἀπωλείας
574 2137 580 2142 ·
592 2128 608 2163 ἢ
624 2128 667 2155 διὰ
679 2129 708 2155 τὸ
721 2129 884 2164 κουφότερον

90 2175 218 2210 γενέσθαι
235 2174 273 2209 τῷ
288 2175 479 2209 ἀναιρουμένῳ
500 2174 550 2209 τὴν
569 2175 747 2211 ὀφειλομένην
766 2175 820 2201 τῶν
837 2176 882 2210 βε-

91 2221 235 2256 ϐιωμένων
252 2220 380 2255 μάστιγα.
401 2220 431 2246 Οὶ
451 2220 504 2255 γὰρ
519 2220 634 2247 ἐνταῦθα
647 2220 696 2252 τὰς
709 2220 823 2252 εὐθύνας
834 2221 885 2248 ὐπ-

91 2268 212 2303 έχοντες,
227 2268 273 2293 καὶ
290 2267 339 2302 τὴν
351 2268 408 2293 ἐκεῖ
420 2267 663 2302 προαποτινοῦντες
677 2268 744 2302 (15f)
755 2277 882 2303 ταμιευο-

93 2313 180 2349 μένην
202 2313 290 2348 δίκην,
310 2313 484 2348 ἀμεθὸδευτοι
507 2313 614 2339 δοκοῦσί
632 2322 676 2348 μοι
691 2314 800 2352 ἐσεαθαι
816 2315 886 2350 ὑπὲρ

91 2355 131 2386 ὧν
150 2359 364 2394 ἁπολελόγηνται
376 2367 384 2374 ο
400 2359 449 2394 οὐχ
466 2359 535 2394 ὑπὲρ
550 2355 587 2385 ὧν
601 2359 734 2395 διαφόρως
753 2360 858 2387 ἀνεῖλεν
873 2362 887 2387 ὁ

95 2405 248 2439 μιαιφόνος,
264 2404 321 2431 ἀλλ’
343 2405 413 2440 ὑπὲρ
434 2401 464 2431 οὗ
482 2407 529 2431 καὶ
543 2405 577 2431 δι’
594 2402 624 2432 οὗ
638 2406 688 2441 τὴν
704 2406 752 2432 ἐπὶ
771 2405 886 2433 θανάτου

92 2450 197 2487 ἀρτίως
224 2451 368 2485 ἐπάγεται.
399 2451 552 2485 Ὀφθαλμὸν
572 2451 626 2486 γὰρ
652 2452 713 2478 ἀντὶ
733 2451 886 2487 ὀφθαλμοῦ,

94 2498 142 2523 καὶ
157 2496 251 2523 ὀδόντα
262 2497 323 2523 ἀντὶ
339 2497 454 2528 ὀδόντος,
470 2497 517 2522 καὶ
530 2497 574 2523 τὸν
586 2497 715 2532 ἐκχέοντα
727 2493 798 2532 αἷμα
811 2498 889 2524 ἀναι-

95 2543 203 2579 ρεῖσθαι
216 2544 231 2569 ὁ
245 2542 315 2574 θεῖος
325 2542 511 2569 διακελεύεται
528 2543 619 2578 νόμος.

964 1216 1093 1252 Ignorant
1120 1219 1210 1242 autem
1239 1221 1292 1240 una
1317 1220 1380 1240 cum
1405 1211 1568 1239 hominibus
1587 1216 1614 1238 et
1631 1209 1727 1245 angeli»

928 1271 973 1291 res
1004 1261 1131 1293 futuras;
1165 1260 1252 1288 solius
1274 1259 1348 1287 enim
1372 1262 1475 1286 sanctae
1500 1257 1643 1284 Trinitatis
1666 1260 1721 1287 est,

929 1308 1023 1335 omnia
1039 1307 1141 1334 habere
1164 1305 1286 1340 cognita,
1304 1309 1331 1332 et
1355 1304 1484 1339 praescire
1505 1310 1537 1330 ea
1552 1309 1613 1337 quae
1631 1301 1723 1328 futura

928 1358 1003 1383 sunt.
1017 1352 1174 1380 Ministrant
1189 1355 1280 1378 autem
1297 1355 1323 1377 et
1337 1351 1401 1377 huic
1420 1354 1448 1376 et
1460 1348 1541 1376 nobis
1559 1357 1565 1375 :
1580 1347 1644 1374 huic
1657 1348 1723 1382 qui-

929 1399 1002 1430 dem,
1019 1401 1051 1424 ut
1065 1404 1129 1432 erga
1147 1396 1230 1423 Deum
1245 1402 1294 1430 par
1309 1398 1362 1426 est,
1381 1393 1548 1424 servientes;
1563 1390 1643 1418 nobis
1659 1398 1729 1419 vero

930 1447 1094 1479 praestantes
1115 1449 1147 1468 ea
1162 1449 1223 1476 qua:
1240 1440 1274 1468 ad
1297 1440 1413 1466 salutem
1436 1438 1523 1466 nostri
1540 1442 1617 1465 certo
1630 1437 1724 1464 consi-

931 1491 968 1517 lio
991 1489 1058 1524 ipsis
1074 1489 1109 1515 ab
1123 1495 1155 1515 ea
1177 1486 1355 1514 mandantur.
1375 1484 1468 1520 itaque
1493 1483 1642 1511 nonnullos
1664 1490 1726 1518 pro-

933 1541 992 1572 pter
1005 1534 1137 1563 malitiam
1154 1535 1182 1561 in
1198 1541 1251 1568 qua
1266 1532 1359 1560 nullus
1375 1530 1559 1558 emendationi
1575 1529 1653 1557 locus
1671 1535 1724 1560 est,

934 1583 1082 1618 perimunt,
1095 1589 1128 1608 ne
1141 1581 1257 1615 proximi
1271 1580 1374 1614 quique
1391 1577 1523 1613 perniciei
1540 1577 1725 1612 implicentur,

931 1633 960 1656 ut
977 1628 1127 1664 prudentes
1142 1625 1239 1653 medici
1262 1625 1362 1657 solent,
1379 1624 1438 1659 qui,
1452 1628 1599 1658 antequam
1618 1630 1667 1658 per
1684 1626 1727 1650 lo-

930 1681 988 1703 tuln
1002 1682 1105 1709 corpus
1119 1673 1291 1700 dlll'undatur
1311 1670 1400 1698 morbi
1417 1670 1526 1701 vitium,
1543 1668 1668 1696 cauterio
1681 1673 1728 1696 aut

934 1722 1060 1750 sectione
1075 1721 1207 1755 impetum
1222 1718 1283 1753 ejus
1301 1720 1456 1752 ntnputant.
1470 1716 1499 1742 id
1512 1715 1586 1750 quod
1603 1715 1638 1742 ab
1653 1717 1728 1750 agri—

932 1769 1000 1796 colis
1017 1768 1100 1796 etiam
1117 1766 1241 1794 studiose
1255 1764 1429 1794 observatur,
1447 1766 1477 1789 ut
1504 1770 1567 1790 mox
1583 1763 1610 1789 in
1628 1766 1727 1789 exortu

933 1814 1019 1841 malas
1047 1813 1147 1840 herbas
1174 1811 1326 1841 eradicent,
1344 1817 1379 1837 ne
1406 1808 1477 1836 forte
1501 1809 1583 1835 simul
1607 1812 1679 1836 natae
1701 1813 1729 1835 et

934 1867 1044 1887 smsum
1062 1859 1219 1889 tendentes,
1238 1857 1362 1884 triticum
1382 1855 1550 1890 opprimant.
1567 1855 1621 1882 Sed
1646 1859 1675 1882 et
1690 1855 1730 1881 vi-

934 1906 1038 1932 nitores
1054 1904 1166 1931 herbam
1192 1903 1263 1929 vites
1285 1901 1477 1932 suliocantem,
1491 1900 1555 1926 dum
1581 1898 1671 1926 adhuc
1692 1904 1730 1926 le-

934 1960 1000 1979 nera
1018 1955 1071 1983 est,
1100 1955 1246 1985 antequam
1271 1949 1318 1975 vili
1346 1955 1408 1975 sese
1427 1947 1559 1982 implicet,
1581 1946 1728 1977 revellunt.

936 2002 984 2024 aut
999 1997 1070 2024 falce
1086 2000 1224 2027 resecant,
1236 2003 1271 2023 ne
1289 2002 1341 2021 uva
1359 1993 1485 2021 lzedatur.
1502 1991 1560 2020 Hoc
1571 1996 1597 2019 et
1610 1991 1730 2028 agricola

936 2043 982 2070 illc
1005 2047 1108 2070 nosme
1126 2046 1233 2068 natura:
1256 2044 1284 2068 et
1302 2039 1431 2067 Ecclesia:
1450 2038 1552 2065 vinitor
1569 2037 1661 2064 facere
1684 2045 1730 2064 so-

937 2089 984 2115 let.
1006 2087 1163 2114 Prtevidens
1174 2086 1235 2121 ejus
1251 2085 1298 2120 qui
1317 2085 1408 2111 adhuc
1425 2084 1532 2111 lactens
1551 2083 1585 2110 ab
1598 2081 1730 2110 uberibus

937 2135 1051 2170 pendet,
1079 2133 1264 2169 perniciosum
1287 2132 1506 2162 incrementum,
1531 2129 1642 2157 interim
1665 2129 1730 2156 dum

936 2181 1048 2212 crescit,
1061 2180 1183 2208 eradicat
1199 2183 1226 2207 et
1245 2179 1338 2207 evellit
1351 2185 1414 2205 eum
1434 2177 1482 2212 qui
1498 2176 1567 2204 alios
1581 2176 1730 2203 evulsurus

937 2232 996 2254 erat
1009 2234 1056 2261 per
1067 2233 1150 2261 opera
1166 2230 1193 2253 et
1208 2225 1350 2252 doctrinas
1360 2223 1496 2251 exitiales.
1511 2222 1564 2249 Aut
1576 2226 1731 2256 propterea,

940 2276 970 2299 nt
982 2273 1017 2299 sit
1033 2272 1121 2299 levius
1141 2272 1201 2306 ipso
1215 2271 1326 2298 sublato
1345 2270 1482 2305 ﬂagellum
1499 2268 1561 2295 aliis
1574 2268 1609 2295 ob
1624 2275 1657 2295 ea
1670 2275 1732 2301 qua:

941 2319 967 2345 in
983 2319 1039 2345 vita
1059 2318 1253 2353 designarunt,
1269 2316 1409 2348 debitum;
1426 2322 1488 2342 nam
1505 2314 1552 2349 qui
1576 2313 1621 2341 hic
1636 2320 1732 2348 ptenas

940 2366 1070 2397 subeunt,
1086 2369 1114 2392 et
1140 2371 1249 2399 poenam
1268 2364 1368 2390 futurae
1388 2362 1451 2389 vitae
1468 2361 1671 2396 praevenientes
1685 2358 1732 2387 de-

941 2409 1076 2445 pendunt,
1094 2409 1121 2436 in
1136 2416 1185 2436 eos
1205 2408 1271 2435 Inibi
1287 2408 1395 2435 videtur
1411 2414 1465 2434 non
1485 2405 1603 2440 amplius
1619 2403 1733 2439 inquisi-

943 2462 999 2484 tum
1012 2456 1046 2483 iri
1061 2464 1145 2491 super
1159 2456 1193 2483 iis
1208 2455 1242 2483 de
1256 2455 1357 2490 quibus
1372 2453 1567 2482 satisfecerunt
1582 2461 1589 2479 :
1606 2459 1660 2478 non
1674 2458 1733 2486 pro-

942 2507 1002 2537 pter
1016 2510 1047 2529 ea
1065 2509 1125 2537 quae
1149 2501 1223 2528 varie
1243 2500 1381 2528 commisit
1409 2498 1557 2531 homicida,
1582 2497 1629 2525 sed
1649 2497 1684 2524 ob
1705 2495 1732 2524 id

943 2548 1022 2582 cujus
1036 2555 1120 2575 causa
1136 2555 1232 2575 recens
1255 2547 1403 2574 damnatus
1420 2546 1454 2573 ad
1472 2550 1588 2572 mortem
1610 2543 1730 2575 ducitur,

94 2594 127 2618 ut
148 2590 258 2617 oculum
281 2590 381 2624 pendat
404 2597 452 2624 pro
469 2590 560 2622 Oculo,
582 2590 689 2618 dentem
705 2599 754 2627 pro
772 2591 854 2620 dente
870 2603 877 2620 :
891 2594 954 2622 item
973 2600 1003 2623 ut
1020 2596 1066 2624 ille
1090 2596 1137 2632 qui
1157 2596 1318 2631 sanguinem
1342 2594 1448 2625 etl‘udit,
1473 2592 1673 2626 interﬁciatur,
1688 2592 1732 2620 lex

95 2638 190 2666 divina
208 2637 341 2672 praecipit.

132 2683 188 2710 Καὶ
204 2683 234 2709 τὸ
251 2683 289 2718 μὴ
305 2683 385 2710 πάλιν
399 2683 497 2716 αὐτοὺς
510 2685 720 2720 ὲκτιμωρεῖσθαι
734 2686 803 2722 ὑπὲρ
816 2687 884 2715 ἐκεί-

133 2764 158 2782 ¹⁸
175 2763 254 2792 Iuda:
276 2773 304 2797 v,
321 2765 350 2792 6.
387 2766 410 2782 ⁸⁸
426 2765 525 2794 thcs.
545 2775 565 2800 ι,
580 2767 633 2801 2i;
652 2767 758 2797 Coloss.
774 2778 794 2802 ι,
813 2769 856 2797 16.

137 2845 193 2881 (15)
211 2846 219 2855 '
226 2845 449 2881 Υπὸςιεζεκιήλ.
459 2846 550 2874 Locus
559 2847 592 2874 ab
601 2852 714 2876 auctore
722 2849 822 2877 citatus
833 2859 886 2879 non

103 2880 191 2910 exstat
202 2880 277 2918 apud
293 2880 472 2917 Ezechiclcm,
485 2882 534 2911 sed
547 2883 646 2919 legitur
661 2884 714 2912 lsa.
724 2893 780 2920 xtv,
796 2886 839 2914 12.

976 2687 1009 2714 Et
1027 2694 1062 2714 ne
1081 2694 1177 2714 rursus
1195 2684 1277 2713 iidem
1293 2684 1448 2712 alliciantur
1462 2681 1597 2717 supplicio
1619 2685 1731 2716 propter

896 2769 916 2785 "
938 2769 990 2796 lsa.
1009 2775 1067 2800 nv,
1082 2767 1125 2794 12.

974 2850 1043 2885 (15⁸)
1070 2847 1356 2884 Προαποτινοῦντες,
1372 2845 1454 2875 Forte
1476 2844 1733 2882 προαποτιννυντες.

939 2884 1031 2914 Eutr...
