1920 3046
105 117 156 146 991

105 180 156 201 καὶ
173 173 261 202 πάντα
283 173 391 208 πληροῖ.
420 173 451 199 Ὅ
466 173 521 209 γὰρ
538 175 611 207 Θεὸς
625 174 720 210 ἡμῶν,
742 175 775 201 ἐν
790 174 831 207 τῷ
852 175 903 201 οὺ-

103 219 202 255 ρανῷ,
222 219 272 246 καὶ
291 219 326 246 ἐν
339 219 376 253 τῇ
396 218 445 254 τῇ,
460 220 494 246 ἐν
512 220 577 253 ταῖς
594 221 774 253 θαλάσσαις.
797 221 846 246 καὶ
871 220 907 246 ἐν

107 265 225 298 πάσαις
236 265 302 298 ταῖς
315 266 475 299 ἀϐύσσοις,
493 267 575 302 φησὶν
592 267 606 293 ὁ
621 267 712 298 Δαὸὶδ,
729 268 744 293 ὁ
757 266 811 293 τῶν
827 266 906 292 θείων

109 313 241 348 μελῳδὸς.
275 313 320 345 Ἐξ
343 310 380 340 ὧν
403 313 596 349 παιδευόμεθα,
615 315 656 341 ὅτι
684 313 799 341 ἐνώπιον
823 313 905 339 αὐτοῦ

109 359 276 394 ὑπάρχουσι,
293 359 339 386 καὶ
351 359 465 395 ὁρᾶσθαι
479 360 552 395 αὐτῷ
567 361 596 387 οὐ
612 361 690 395 μόνον
704 360 846 394 ἀγγέλους.
860 359 906 386 ἀλ-

108 405 144 431 λὰ
168 406 215 432 καὶ
236 405 367 436 διάϐολον,
389 406 435 432 καὶ
450 406 590 441 δαίμονας,
609 407 654 434 καὶ
668 405 839 442 ἀνθρώπους,
859 405 907 432 καὶ

112 453 213 486 κτήνη,
232 451 328 478 καὶτὰ
348 451 505 487 σύμπαντα.
527 453 582 480 Καὶ
604 453 658 488 γὰρ
672 453 719 479 ἐπὶ
743 452 794 487 γῆς
819 452 904 483 ὅντες,

110 497 173 532 Θεῷ
186 498 394 533 παριστάμεθα·
411 498 502 531 καθώς
515 508 597 535 φησιν
618 499 709 531 Ἠλίας
721 501 735 525 ὀ
752 499 904 529 θεσπέσιος·

110 543 156 578 Ζῇ
171 545 290 578 Κύριος,
305 542 329 578 ᾧ
339 545 498 580 παρέστην
511 546 640 572 ἐνώπιον
653 545 746 573 αὑτοῦ
762 545 905 579 aii-upper.

111 590 145 617 Et
159 591 215 627 γὰρ
228 591 266 626 τῷ
281 592 343 627 ἀέρι
361 592 449 618 πάντα
472 593 664 628 ἐμπεριέχεται
675 613 682 625 ,
699 592 789 627 πολλῷ
807 591 906 627 μᾶλλον

111 636 152 672 τῷ
175 637 279 664 ἐκείνου
301 640 399 674 ποιητῇ
424 639 621 672 ἐναπείληπται
645 640 662 674 ἡ
682 639 838 675 τετραφυὴς
853 638 907 664 τῶν

111 683 181 709 ὅλων
199 683 375 717 κατάστασις,
391 685 407 721 ἡ
423 685 553 718 ἄσαρκος,
569 685 650 720 νοερά
662 694 691 712 τε
705 685 751 713 καὶ
765 685 871 720 λογικὴ,
889 685 905 720 ή

113 729 230 764 αἰσθητὴ
246 730 292 757 καὶ
317 730 458 766 ἕνσαρκος,
485 731 501 766 ἡ
524 731 664 767 κτηνώδης
689 732 736 758 καὶ
759 731 865 765 ἄλογος,
890 732 906 766 ἡ

113 775 217 810 ἄψυχος
229 777 277 802 καὶ
291 776 460 813 ἀναίσθητος.
481 777 582 804 Πάντα
601 777 657 812 γὰρ
673 778 771 812 γυμνὰ
791 777 841 804 καὶ
861 785 906 803 τερ

113 822 341 858 τραχηλισμένα
367 823 429 857 τοῖς
452 824 616 859 ὀφθαλμοῖς
640 824 753 855 αὑτοῦ.
778 824 826 850 καὶ
849 825 905 850 οὐκ

113 867 179 894 ἐστι
195 869 294 902 κτίσις
311 870 432 904 ἀφανὴς
445 870 575 898 ἐνώπιον
586 870 689 904 αὑτοῦ,
710 871 792 906 φησὶν
809 871 823 897 ὁ
837 870 907 902 οεῖος

119 915 148 940 Ἀ
153 915 290 947 πόστολος.

417 1017 542 1045 ΠΕΥΣΙΣ
563 1017 603 1044 N'.

147 1071 225 1097 Διιτί
242 1073 363 1108 Μωῠσῆς
382 1073 418 1109 μὴ
442 1074 491 1100 ἀπ’
515 1074 639 1108 ἀγγέλων
656 1074 757 1109 ἤρξατο
785 1074 830 1100 καὶ
855 1070 908 1099 τῶν

115 1117 181 1146 ἄνω.
196 1120 246 1153 τῆς
261 1120 438 1155 συγγραφῆς·
454 1120 522 1147 ἀλλὰ
535 1120 721 1156 παραδραμὼν
732 1121 795 1152 τοὺς
806 1121 908 1155 δήμους

116 1164 255 1198 ἀγγέλων.
273 1166 321 1192 καὶ
339 1166 374 1192 τὰ
389 1166 573 1202 ὐπερουράνια
598 1166 685 1193 πάντα
696 1189 704 1199 ,
729 1167 778 1194 ἀπ’
793 1167 908 1203 οὐρανοῦ

116 1210 162 1236 καὶ
177 1210 228 1245 γῆς
242 1211 287 1237 τοῦ
302 1212 491 1248 συντάγματος
505 1212 622 1248 ἤρξατος

430 1301 452 1327 Ἀ
457 1301 606 1335 πόκρισις.

155 1339 357 1380 Ἀρμόττουσαν
381 1348 437 1378 τοῖς
459 1349 580 1382 καιροῖς,
605 1347 652 1373 καὶ
673 1348 730 1379 τοῖς
755 1346 907 1382 ἀνθρώποις

115 1391 309 1426 συμφέρουσαν
332 1391 382 1427 τὴν
406 1393 494 1428 ἀρχὴν
517 1393 564 1419 τοῦ
588 1393 754 1428 γράμματος
781 1392 906 1423 τέθεικε,

115 1434 279 1471 προσςέάτως
303 1437 438 1464 Ἰουδαίων
455 1439 504 1473 τῆς
519 1438 657 1473 Αἰγύπτου
670 1439 845 1474 ἁπαρὰντων,
861 1439 909 1466 καὶ

115 1481 216 1508 ἔναυλα
228 1483 288 1514 ταῖς
302 1484 396 1519 ἀκοαῖς
417 1484 452 1510 τὰ
465 1484 514 1520 τῆς
530 1485 641 1511 ἐκείνων
656 1485 760 1521 πλάνης
780 1485 906 1520 ἐχόντων.

115 1527 147 1552 Οἱ
164 1527 214 1561 μὲν
227 1527 280 1563 γὰρ
295 1528 349 1555 τῶν
370 1529 459 1556 ἀθέων
482 1530 527 1557 τὸν
548 1530 671 1565 οὐρανὸν,
688 1531 712 1557 οἱ
736 1530 765 1557 δὲ
789 1531 838 1566 τὴν
857 1530 908 1565 γῆν

114 1572 305 1609 ἐθεοποίησαν,
318 1574 455 1610 πνεύμασι
471 1576 518 1603 καὶ
532 1576 658 1610 νεφέλαις
672 1576 851 1612 ἀλλοιούμενα
861 1578 908 1604 καὶ

114 1619 283 1655 τρεπόμενα.
311 1621 419 1657 Ἔτεροι
443 1622 470 1648 δὲ
485 1622 560 1658 ἡλίῳ
584 1624 631 1649 καὶ
653 1623 751 1659 σελήνῃ
771 1624 801 1650 τὺ
827 1623 910 1656 σέϐας

115 1665 268 1700 ἀπένεμον·
284 1667 318 1692 ἶν’
332 1668 356 1693 οἰ
374 1667 422 1702 μὲν
436 1668 555 1704 νύκτωρ1
574 1670 597 1695 οἱ
615 1669 644 1695 δὲ
661 1669 768 1705 ἡμέρας
783 1672 817 1706 τῇ
836 1669 910 1697 δύσει

114 1712 170 1739 τῶν
183 1713 334 1748 φωστήρων
348 1713 422 1741 ἄθεοι
437 1715 574 1749 μείνωσιν.
590 1717 621 1742 Οἱ
637 1716 685 1751 μὲν
695 1716 750 1752 γὰρ
764 1717 808 1743 τὸν
821 1716 908 1749 νυκτὶ,

114 1759 164 1785 καὶ
178 1759 288 1795 ὁμίχλῃ,
308 1760 354 1786 καὶ
369 1760 443 1787 κόνει
460 1761 688 1797 ἐπισκοτούμενον
703 1762 890 1794 ἐκθειάζουσιν
901 1771 908 1777 ⁸

113 1806 139 1830 οξ
158 1804 248 1840 δὲτὴν
265 1805 424 1840 φθίνουσαν,
443 1807 489 1834 καὶ
509 1808 550 1839 εἰς
569 1808 598 1834 τὸ
616 1808 702 1844 βραχὺ
720 1809 910 1845 ἀπολήγουσαν

114 1852 327 1886 προσκυνοῦσιν.
359 1854 468 1889 ’Έτεροι
497 1854 525 1881 δὲ
553 1856 656 1890 κρήνας
694 1856 740 1883 καὶ
773 1857 911 1892 ποταμοὺς

114 1896 298 1932 Θεολογοῦσιν,
323 1899 366 1926 ἵνα
381 1901 410 1926 ἐν
431 1900 503 1935 θέρει
525 1901 575 1936 μὲν
589 1901 733 1937 λήγοντας,
755 1903 783 1928 ὲν
805 1902 832 1929 δὲ
854 1912 911 1937 χει-

116 1945 189 1977 μῶνι
200 1945 420 1980 κορυφουμένους
433 1946 478 1972 καὶ
494 1946 688 1980 ἐξοιδαίνοντας
699 1949 732 1983 τῇ
747 1947 909 1984 πλημμύρᾳ.

115 1989 201 2021 Θεοὺς
212 1990 320 2025 ἔχωσιν,
335 1991 449 2029 Θάτεροι
463 1994 491 2020 δὲ
505 1994 535 2020 τὸ
550 1994 606 2029 πῦρ
616 1994 654 2025 ὡς
668 1994 733 2020 Θεὸν
745 1995 910 2030 πεφρίκασι·

115 2035 149 2062 τὺ
159 2035 181 2062 δ’
198 2037 309 2073 ἐπιϐολῇ
328 2038 422 2070 ὕδατος
436 2040 625 2076 σϐεννύμενον,
642 2041 658 2076 ἧ
679 2041 767 2078 ἐνδείᾳ
779 2043 827 2077 τῆς
844 2043 910 2069 ὑπο-

115 2083 271 2119 τρεφούσης
283 2084 349 2120 ὕλης
368 2086 577 2122 μαραινόμενον.
601 2088 633 2114 Ὢ
648 2088 697 2123 τῆς
713 2088 859 2120 ἀϐουλίαςε
878 2089 912 2116 τὰ

117 2129 194 2163 σφῶν
213 2130 391 2167 εὐτελέστερα
413 2132 600 2165 ἐκθειάζουσιν
615 2135 640 2160 οἱ
662 2135 842 2162 εἰκαιόὸουλοι
866 2138 912 2162 καὶ.

118 2177 330 2213 ματαιόιρρονες,
345 2178 430 2211 ὅντως
445 2180 512 2206 Θεοῦ
529 2181 581 2207 ὑπὸ
605 2181 655 2216 τῆς
678 2182 782 2218 πλάνης
807 2183 911 2217 ἀπαγό-

117 2232 206 2258 μενοι.
223 2225 262 2251 Δι’
275 2224 323 2256 οὓς
337 2226 449 2260 Μωσῆς,
468 2228 482 2254 ὁ
495 2227 548 2255 τῶν
562 2227 642 2254 θείων
658 2229 843 2265 συγγραφεὺς.
858 2238 910 2256 κα-

117 2270 241 2296 ταλιπὼν
265 2270 300 2297 τὰ
323 2271 496 2307 ὑπερκόσμια
509 2293 517 2305 ,
541 2275 574 2300 ὲκ
593 2274 647 2301 τῶν
661 2274 849 2310 ὑποκειμένων
863 2276 913 2310 τῆς

118 2315 276 2352 ἐξηγήσεως
294 2317 416 2353 ἄρχεται,
429 2317 473 2345 διὰ
486 2319 540 2346 τῶν
559 2320 695 2356 αἰσθητῶν
710 2322 756 2347 καὶ
767 2321 913 2356 ὁρωμένων

117 2364 247 2399 ποδηγῶν
259 2365 357 2397 αὐτοὺς
369 2365 437 2401 πρὸς
445 2366 480 2393 τὰ
491 2368 581 2402 νοερὰ,
590 2368 637 2394 καὶ
648 2368 693 2394 τὸν
703 2368 817 2403 ἀόρατον
829 2368 913 2400 ὅντως

117 2409 196 2437 Θεόν.
218 2411 420 2446 Παραπλησίως
439 2411 467 2438 δὲ
486 2412 574 2447 τούτῳ
588 2413 634 2439 καὶ
649 2414 673 2439 οἱ
690 2414 752 2449 περὶ
767 2413 812 2440 τὸν
835 2413 913 2440 Ἀνα-

118 2456 180 2483 νίαν
200 2455 338 2483 θεσπέσιοι
352 2457 397 2483 τὸν
413 2457 582 2485 Βαϐυλώνιον
600 2458 676 2492 Θεὸν,
690 2459 768 2494 δίκην
782 2460 868 2494 πυροῦ
883 2459 914 2486 τὺ

119 2503 176 2539 πῦρ
192 2505 425 2535 καταπατοῦντες,
440 2504 471 2530 τὺ
485 2504 585 2541 νάφθῃ,
607 2505 654 2531 καὶ
675 2505 770 2540 πίσσῃ,
787 2505 833 2531 καὶ
849 2505 914 2540 κλη-

121 2549 212 2593 ματίδι
226 2549 439 2585 κορυῳούμενον,
456 2549 533 2577 ὕδατι
548 2551 577 2577 δὲ
593 2550 802 2585 θανατούμενον,
816 2551 914 2578 Εὐλο-

119 2596 210 2630 γεῖτε,
228 2595 326 2623 πάντα
338 2597 374 2624 τὰ
393 2597 466 2632 ἔργα
483 2598 605 2631 Κυρίου,
619 2598 672 2624 τὸν
683 2597 803 2631 Κύριον,
820 2597 913 2632 φασιν,

120 2642 168 2668 ἐπὶ
184 2642 228 2669 τὸν
243 2642 323 2669 ἇῦλὸν
339 2651 369 2670 τε
389 2644 437 2670 καὶ
454 2642 661 2679 ἀχειροποίητον
676 2643 742 2670 Θεὸν
765 2643 914 2675 Χαλδαίους

119 2689 184 2719 τοὺς
204 2687 300 2719 ἀθέους
324 2688 541 2724 καθηγούμενοι,
560 2689 663 2720 πάντας
691 2689 754 2721 τοὺς
780 2688 915 2724 Ἕλληνας

122 2734 201 2766 θεοὺς
215 2736 352 2771 κτίσματα
368 2737 415 2763 καὶ
436 2737 505 2772 ἔργα
520 2737 652 2772 ὑπάρχειν
673 2737 720 2763 τοῦ
742 2737 827 2769 ὅντως
848 2738 914 2772 dtin-

122 2780 196 2809 οινοῦ
210 2782 258 2808 καὶ
272 2783 398 2810 ἀκτιστου
414 2783 482 2810 Θεοῦ
494 2783 651 2819 δηλοῦντες·
669 2785 693 2811 Ε
697 2783 829 2819 ὺλογεῖτε
847 2785 911 2821 γὰρ,

157 2871 180 2887 ³⁸
199 2871 274 2900 Psal.
290 2880 398 2907 cxxxtv,
413 2874 440 2903 (Ξ.
479 2874 502 2891 ’⁷
522 2873 554 2902 lV
573 2874 637 2911 lies.
653 2883 692 2908 ut,
711 2875 751 2902 Η,

834 116 1007 146 DlALOGUS
1026 117 1047 147 i.

791 2877 812 2894 "
833 2877 917 2906 llcbr.
934 2885 969 2911 tv,
989 2878 1032 2905 15.

1696 112 1751 139 9°22

958 180 985 204 et
1002 175 1200 210 magnitudinis
1212 183 1310 210 expers
1324 180 1351 203 et
1371 171 1670 208 incomprehensibilis,
1687 172 1749 198 ubi‘

956 229 1010 256 que
1029 229 1149 257 praesens
1168 223 1221 254 sit,
1237 225 1264 248 et
1279 221 1369 249 omnia
1388 220 1509 254 impleat.
1528 218 1595 246 Nam
1616 217 1687 245 Deus
1702 225 1749 244 no—

956 273 1011 295 ster
1027 268 1053 294 in
1069 267 1133 295 caelo
1149 274 1187 295 est
1204 272 1228 294 et
1243 268 1270 294 in
1291 272 1361 294 terra
1373 286 1380 298 ,
1403 267 1430 292 in
1448 266 1516 292 mdri
1536 270 1560 292 et
1580 265 1608 290 in
1627 263 1748 290 onmilius

957 314 1080 348 abysais,
1107 314 1196 349 inquit
1220 313 1337 340 Davides
1355 313 1388 345 ",
1410 312 1566 339 divinorum
1593 310 1749 338 carminum

957 365 1064 388 auctor.
1081 361 1118 387 Ex
1131 360 1232 395 quibus
1245 360 1375 388 docemur
1390 359 1416 386 in
1429 360 1580 393 c0nspectu
1594 357 1656 393 ejus
1671 363 1746 388 esse,

957 411 984 434 et
997 407 1120 442 conspici
1135 407 1169 433 ab
1184 407 1245 441 ipso
1261 412 1315 432 non
1331 405 1421 432 solum
1437 405 1549 439 angelos
1560 423 1568 435 ,
1587 401 1635 430 sed
1649 405 1676 428 ct
1691 401 1750 428 dia-

957 453 1051 480 bolum
1066 456 1092 480 et
1106 453 1261 484 daamones.
1276 456 1304 479 et
1319 451 1446 479 homines
1456 472 1463 484 ,
1475 455 1501 477 et
1511 451 1636 485 jumenta
1647 468 1654 480 ,
1670 453 1694 475 et
1711 447 1750 474 si-

958 498 1015 524 mul
1030 497 1057 524 in
1073 498 1231 525 universum
1245 498 1348 524 omnia.
1367 496 1601 530 Quemadmodum
1616 495 1690 521 Elias
1704 494 1752 521 ille

959 544 1069 572 divinus
1085 545 1142 571 ait:
1162 544 1230 571 Vivit
1248 543 1394 575 Dominus,
1411 544 1438 570 in
1455 542 1531 574 cuius
1547 546 1686 573 conspectu
1702 549 1749 576 ego

958 595 999 618 ato
1015 590 1091 617 hodie
1106 590 1140 617 "'.
1156 589 1223 616 Nam
1238 590 1260 617 si
1278 597 1341 616 aere
1354 588 1446 615 omnia
1462 588 1648 617 continuentur,
1663 585 1750 612 multo

959 637 1046 671 magis
1062 637 1088 663 in
1106 637 1180 664 illius
1195 635 1336 662 conditore
1349 634 1548 669 comprehensa
1561 637 1602 661 est
1616 633 1674 659 haec
1686 639 1751 666 qua-

960 683 1105 718 dripartila
1124 687 1229 710 naturae
1250 681 1439 709 universitatis
1460 687 1551 707 rerum
1568 678 1749 709 constitutio,

957 738 1074 765 quarum
1089 737 1143 757 una
1157 729 1249 757 carnis
1262 733 1302 756 est
1315 736 1432 763 expers,
1447 725 1613 754 intellectilis
1625 729 1653 752 et
1667 724 1752 751 ratio-

958 777 1029 804 nalis
1039 797 1046 808 ,
1061 776 1146 803 allera
1162 775 1272 803 sensilis
1285 781 1312 802 et
1324 782 1407 802 carne
1420 773 1532 809 pradita
1546 777 1573 800 et
1587 771 1731 798 rationalis
1741 790 1748 800 ,

959 824 1038 851 tertia
1054 823 1172 850 animata
1186 825 1213 850 et
1228 821 1398 848 irrationalis
1409 842 1416 853 ,
1432 824 1530 855 quarta
1551 818 1703 846 inanimata
1720 810 1750 843 et

960 878 1058 898 sensus
1072 877 1181 904 expers.
1202 867 1300 895 Omnia
1313 868 1382 894 enim
1396 866 1468 894 nuda
1484 869 1545 893 sunt
1558 869 1583 892 et
1598 865 1752 898 resupinam

959 924 1049 943 caram
1067 914 1150 942 oculis
1165 913 1240 948 eius,
1257 921 1302 940 nec
1321 917 1360 939 est
1376 917 1499 938 crealura
1517 910 1622 937 occulta
1639 909 1667 935 in
1685 917 1750 935 con-

958 967 1048 997 spectu
1061 962 1118 996 ejus
1129 982 1136 994 ,
1151 961 1239 996 inquit
1256 960 1335 987 divus
1350 959 1499 994 Apostolus
1514 957 1548 984 ’⁸.

1197 1015 1458 1045 INTERROGATIO
1476 1014 1507 1042 L.

994 1075 1084 1108 Quare
1100 1074 1189 1102 Moses
1207 1081 1261 1100 non
1279 1074 1313 1101 ab
1329 1072 1451 1107 angelis.
1466 1076 1493 1099 et
1507 1071 1541 1098 ab
1558 1070 1592 1097 iis
1609 1076 1670 1104 qua
1685 1071 1750 1095 sunt

959 1121 986 1148 in
1006 1121 1150 1155 supernis,
1170 1127 1286 1147 exorsus
1303 1123 1345 1146 est
1362 1117 1574 1153 descriptionem
1587 1135 1595 1148 ,
1613 1116 1661 1144 sed
1681 1122 1751 1150 prae-

959 1167 1050 1195 teritis
1079 1166 1239 1201 angelorum
1268 1164 1446 1196 nationibus,
1475 1163 1660 1197 omnibusque
1690 1168 1753 1196 qua:

960 1222 1041 1248 supra
1072 1213 1158 1241 caelos
1188 1216 1270 1244 sunt,
1294 1220 1309 1238 a
1341 1211 1413 1238 ctelo
1439 1214 1467 1237 et
1488 1214 1562 1238 terra
1589 1212 1748 1236 contextum

958 1268 1039 1288 orsus
1055 1264 1097 1287 est
1109 1260 1120 1286 ?

1279 1305 1432 1340 Responsio.

995 1354 1166 1381 Conveniens
1184 1352 1355 1387 temporibus
1372 1355 1398 1378 et
1415 1349 1574 1377 hominibus
1591 1348 1659 1376 utile
1676 1347 1753 1383 prin-

959 1401 1059 1436 cipium
1077 1399 1172 1434 scripti
1188 1399 1231 1426 sui
1251 1399 1365 1430 statuit,
1387 1396 1499 1431 quando
1521 1395 1547 1422 id
1569 1394 1700 1429 temporis
1719 1401 1752 1420 ex

959 1447 1076 1482 Egypto
1088 1445 1175 1473 Judaei
1190 1445 1315 1472 exierant
1325 1463 1332 1474 .
1346 1448 1372 1470 et
1390 1443 1545 1469 iusinuatos
1562 1441 1678 1467 auribus
1692 1440 1753 1466 illo-

959 1501 1020 1520 rum
1035 1499 1144 1519 errores
1159 1490 1306 1518 habebant.
1322 1489 1389 1515 Nam
1404 1488 1448 1516 alii
1462 1487 1569 1522 quidem
1586 1486 1752 1520 impiorum,

965 1539 1085 1571 cuzlum;
1102 1538 1146 1564 alii
1164 1545 1229 1564 vero
1245 1541 1344 1563 terram
1360 1535 1576 1562 deiﬁcaverunt:
1593 1540 1654 1567 quae
1668 1532 1722 1559 duo
1737 1539 1753 1558 a

961 1585 1050 1613 ventis
1068 1589 1095 1612 et
1111 1583 1232 1611 nubibus
1247 1586 1400 1609 mutantur.
1419 1580 1473 1607 Alii
1492 1583 1583 1606 autem
1600 1578 1650 1606 soli
1666 1581 1693 1604 et
1709 1577 1754 1604 lu-.

961 1640 1003 1658 me
1014 1629 1198 1658 venerationis
1210 1629 1314 1655 cultum
1329 1627 1529 1656 cxhibuerunt,
1543 1629 1574 1651 ut
1586 1624 1632 1651 alii
1644 1623 1753 1658 quidem

961 1681 1058 1708 noctu,
1081 1676 1128 1703 alii
1150 1682 1216 1702 vero
1232 1673 1350 1701 interdiu
1367 1681 1415 1707 per
1429 1679 1559 1699 occasum
1574 1669 1753 1698 luminarium

962 1724 1037 1760 impii
1058 1725 1217 1754 manerent;
1236 1728 1298 1747 nam
1316 1720 1345 1746 hi
1363 1718 1473 1754 quidem
1494 1725 1554 1753 quae
1570 1721 1650 1744 nocte
1665 1720 1693 1743 et
1708 1723 1755 1742 ne-

961 1769 1025 1797 bula
1041 1771 1067 1795 et
1085 1767 1197 1803 pulvere
1214 1766 1411 1795 obscurantur,
1435 1764 1507 1790 inter
1523 1762 1590 1790 deos
1611 1761 1755 1794 referunt;

962 1816 1000 1843 illi
1016 1822 1083 1842 vero
1099 1814 1280 1840 intercuntem
1291 1831 1298 1842 ,
1313 1815 1340 1838 ct
1354 1810 1436 1845 paulo
1452 1813 1514 1844 post
1528 1808 1680 1835 desituram
1695 1807 1757 1834 ado-

962 1865 1035 1890 rant.
1060 1860 1114 1888 Alii
1132 1860 1196 1886 item
1213 1858 1304 1884 fontes
1323 1862 1350 1884 et
1371 1856 1483 1883 [lumina
1503 1855 1570 1882 deos
1595 1861 1657 1881 esse
1681 1861 1758 1880 asse-

963 1913 1037 1939 runt,
1050 1911 1081 1934 ut
1096 1907 1123 1933 in
1136 1909 1231 1933 testate
1243 1903 1353 1938 quidem
1366 1901 1531 1932 desinentia,
1547 1901 1576 1928 in
1591 1900 1680 1927 hieme
1691 1907 1756 1926 vero

963 1959 1043 1983 aucta
1059 1957 1085 1981 et
1101 1951 1267 1980 exundantia
1282 1951 1348 1977 deos
1365 1950 1494 1976 habeant.
1511 1948 1564 1974 Alii
1583 1955 1647 1974 vero
1665 1947 1756 1981 ignem

963 2001 1041 2037 quasi
1054 2000 1135 2027 deum
1148 2001 1290 2029 metuunt,
1303 1996 1349 2032 qui
1363 2001 1456 2023 tamen
1469 1994 1560 2022 infusa
1572 2001 1644 2028 aqua
1655 1993 1758 2020 exstin-

963 2049 1065 2084 guitur,
1079 2051 1127 2073 aut
1139 2045 1246 2072 defectu
1263 2043 1411 2070 nutrientis
1424 2042 1546 2070 materia!
1563 2041 1718 2068 marcescit.
1734 2038 1758 2068 0

962 2094 1128 2122 dementiam
1141 2092 1147 2118 !
1163 2099 1224 2126 quae
1239 2097 1269 2118 se
1285 2090 1353 2126 ipsis
1367 2092 1432 2116 sunt
1446 2088 1597 2123 ahjectiora
1607 2107 1613 2119 ,
1628 2087 1758 2114 deiﬁcant

964 2140 1026 2167 vani
1043 2144 1070 2166 et
1087 2138 1263 2172 insipientes,
1283 2144 1297 2162 a
1311 2143 1378 2163 vero
1395 2135 1450 2162 Deo
1464 2142 1513 2170 per
1526 2141 1650 2162 errorem
1668 2133 1757 2160 abdu-

964 2188 1011 2215 cti.
1026 2187 1141 2222 Propter
1155 2193 1225 2221 quos
1242 2184 1331 2212 Moses
1350 2192 1440 2212 rerum
1456 2183 1614 2211 divinarum
1637 2183 1758 2217 scriptor

964 2234 1068 2261 relictis
1086 2231 1326 2264 ultramundanis,
1348 2231 1382 2258 ab
1407 2231 1441 2258 iis
1464 2239 1525 2265 qu:c
1544 2230 1638 2265 captui
1660 2233 1757 2257 nostro

962 2284 1027 2307 sunt
1041 2279 1178 2314 exposita.
1194 2278 1380 2305 narrationem
1399 2277 1517 2308 orditur,
1535 2283 1583 2311 per
1597 2276 1709 2303 sensilia
1728 2279 1756 2303 ct

962 2325 1138 2359 aspectabilia
1152 2324 1256 2351 ducens
1271 2324 1304 2350 ad
1319 2322 1487 2349 intelleclilia
1503 2326 1530 2349 et
1544 2321 1577 2348 ad
1600 2322 1757 2355 inaspecta-

962 2370 1044 2398 bilem
1060 2370 1134 2396 illum
1149 2376 1301 2403 verumque
1317 2368 1414 2396 Deum.
1438 2367 1479 2394 Ad
1495 2366 1621 2394 eumdem
1644 2367 1756 2392 modum

962 2416 1042 2444 etilli
1067 2415 1135 2443 socii
1164 2415 1278 2442 Anania:
1300 2414 1387 2441 divini
1412 2413 1551 2444 hominis,
1576 2412 1755 2447 Babylonium

966 2463 1059 2494 deum,
1078 2462 1244 2498 supplicium
1264 2461 1385 2488 fornacis
1401 2465 1428 2488 et
1443 2461 1533 2495 ignem
1549 2459 1755 2490 conculcantes,

962 2509 1009 2544 qui
1028 2508 1149 2543 naphtha
1168 2511 1194 2536 et
1212 2508 1273 2543 pice
1290 2511 1317 2534 et
1335 2507 1485 2534 sarmentis
1504 2506 1667 2540 augebatur.
1684 2513 1756 2539 aqua

962 2563 1029 2583 vero
1045 2554 1286 2590 exslinguebatur,
1302 2553 1453 2581 Benedicite
1465 2573 1472 2584 ,
1493 2553 1584 2579 onmiu
1601 2559 1679 2586 opera
1698 2551 1754 2578 Do-

963 2602 1046 2634 mini,
1064 2601 1209 2628 Dominum
1225 2602 1258 2632 ",
1277 2600 1415 2635 inquiunt.
1441 2599 1480 2626 Ad
1505 2598 1712 2626 immaterialeln
1729 2602 1756 2625 et

964 2648 1048 2676 nullis
1064 2648 1192 2676 manibus
1208 2647 1310 2674 factum
1328 2645 1414 2673 Deum
1433 2646 1532 2681 impios
1549 2645 1694 2673 Chaldzcos
1707 2652 1755 2680 per

963 2694 1165 2721 institutionem
1183 2693 1254 2721 hanc
1272 2693 1403 2721 ducentes
1416 2713 1423 2726 ,
1444 2700 1477 2719 ac
1495 2700 1592 2720 omnes
1612 2691 1754 2727 gentilium

963 2740 1031 2768 deos
1044 2744 1186 2768 creaturas
1201 2744 1229 2767 et
1245 2747 1329 2774 opera
1353 2747 1415 2767 esse
1440 2746 1506 2766 vero
1525 2738 1703 2766 subsistentis
1726 2742 1754 2766 et

967 2787 1024 2814 veri
1039 2791 1066 2814 et
1080 2786 1195 2814 incrcati
1207 2785 1254 2814 Dei
1267 2786 1424 2814 iunuentes.
1447 2785 1606 2818 Benedicilc,
1619 2784 1753 2820 inquiunt,

1071 2879 1092 2895 ³³
1108 2878 1175 2906 Dan.
1197 2885 1238 2913 Ill,
1255 2878 1287 2906 57
1308 2885 1384 2914 seqq.
