1920 3046
186 123 242 153 9'23

188 186 278 213 omnia
295 194 374 220 opera
392 186 517 220 Domini,
535 187 699 221 Dominum;
716 194 919 224 consequenter
943 197 976 217 eo

189 231 302 258 cmrtico
326 230 564 264 demonstrantes,
590 232 644 260 Deo
667 233 748 260 simul
771 234 798 260 in
820 234 978 260 universum

190 278 284 304 (itania
309 279 342 305 ad
372 279 547 306 serviendum
580 287 643 307 esse
670 280 800 307 obnoxia.
831 280 979 308 Benedicile

189 326 297 359 ipsum,
312 325 407 357 aiunt,
422 326 528 360 angeli,
542 326 617 358 cmli,
632 335 716 360 aquw,
731 328 789 359 ιοι,
804 327 877 358 Iulia,
893 331 977 358 astra,

188 369 275 403 ignis,
295 374 381 401 terra,
401 375 512 401 montes.
532 371 622 403 colles,
641 371 781 405 jumenta,
806 372 911 404 bestiae,
936 381 979 399 res

188 415 283 449 ptilia,
302 416 420 442 volatilia
433 436 440 446 .
453 420 480 442 et
505 420 606 443 caetera
627 425 798 453 quaecunque
820 418 936 453 gentiles
951 419 979 445 in

189 460 302 487 deorum
317 468 462 488 numerum
478 462 641 489 retulerunt.

427 517 686 546 INTERROGATIO
706 519 747 547 LI.

224 572 367 606 Quomodo
382 574 485 601 creavit
504 574 575 602 Deus
594 575 685 602 omnia
699 596 707 608 ,
725 576 885 612 priusquam
903 578 977 605 exsi-

187 623 273 646 steret
291 619 418 647 materies
434 628 486 654 qua
502 621 644 648 uteretur?

505 665 660 700 Responsio.

224 708 315 736 Primo
337 711 447 745 quidem
470 711 515 738 die
537 719 570 738 ex
597 713 672 739 nullo
699 713 824 747 subjecto
851 715 977 742 materies

188 756 335 790 produxit,
354 757 436 784 simul
457 757 599 792 cogitans,
622 759 713 793 qualis
735 767 904 794 unaqmeque
927 768 977 787 cu-

186 802 285 836 jusque
300 803 410 830 deberet
424 811 485 830 esse
507 804 645 831 materies.
671 804 771 832 Deinde
797 807 887 833 statim
913 815 977 841 pro-

187 849 290 876 ferebat
303 857 333 876 ea
351 857 410 884 quae
423 850 601 884 cogitaverat.
621 851 710 886 Atque
727 852 777 878 hoc
804 852 864 879 loeo
889 854 972 880 nolim

187 898 214 920 te
234 894 300 920 mihi
317 895 408 921 delabi
426 894 458 921 ad
481 895 663 929 cogitationes
676 915 683 926 ,
706 902 735 922 ut
752 895 883 931 'quacrerc
907 898 974 925 velis

189 946 245 972 quo
260 939 284 965 id
302 945 381 974 pacto
396 940 431 966 sit
448 940 549 966 factum
565 949 572 973 ;
588 949 650 967 nam
669 946 695 968 et
712 942 836 975 volebat,
855 947 880 970 et
898 948 974 978 pote-

186 989 230 1011 rat
246 985 335 1012 onmia
353 986 392 1012 vis
408 985 453 1012 illa
478 986 600 1013 effectrix
626 987 759 1015 omnium.
790 987 830 1015 Ex
855 989 889 1016 iis
911 997 975 1016 vero

187 1037 247 1064 quze
262 1030 306 1057 die
321 1030 442 1058 condidit
460 1031 548 1066 primo
559 1052 566 1063 ,
585 1032 684 1059 deinde
700 1033 805 1068 reliqua
823 1040 915 1061 creata
931 1035 973 1062 fe-

187 1075 242 1108 cit,
257 1075 383 1103 videlicet
400 1077 498 1103 caelum
514 1078 632 1112 primmn
645 1098 652 1109 ,
669 1086 723 1105 non
741 1079 808 1106 illud
825 1080 898 1115 quod
912 1089 975 1108 cer-

189 1121 280 1147 nimus
291 1141 298 1153 ,
316 1121 363 1148 sed
378 1129 461 1156 supra
478 1124 598 1157 positmn
609 1143 616 1155 ,
634 1123 668 1151 de
684 1132 737 1159 quo
752 1124 867 1152 Davides
881 1126 955 1152 canit
966 1146 974 1159 ,

187 1167 288 1193 leum
302 1168 360 1193 caeli
376 1167 489 1195 Domino
511 1170 529 1200 ',
546 1169 579 1196 ad
597 1170 706 1197 modum
725 1171 822 1198 domus
839 1171 975 1206 duplicem

186 1210 317 1239 fornicem
347 1213 487 1246 habentis,
516 1215 698 1250 intersepiens
726 1221 752 1244 et
775 1217 935 1246 discernens
960 1228 976 1246 a

187 1258 364 1285 terrestribus
382 1260 592 1288 ultramundana
603 1281 610 1294 ,
625 1266 653 1289 et
667 1263 750 1290 veluti
768 1263 890 1291 tabulato
907 1273 977 1300 quo-

186 1303 248 1329 dam
265 1302 407 1331 dirimens.

415 1362 673 1391 ιΝΤΕιιιιοοΑΤιο
693 1364 747 1391 LII.

221 1415 312 1449 Quare
336 1426 389 1445 non
414 1420 525 1454 scripsit
553 1421 660 1452 Moses,
684 1422 757 1456 quod
783 1422 877 1449 fecerit
905 1422 976 1451 Deus

187 1467 304 1496 aquam,
322 1468 368 1490 aut
386 1464 493 1498 ignem,
511 1470 557 1492 aut
574 1474 636 1492 aera
649 1487 655 1497 .
674 1472 703 1493 ut
718 1468 752 1495 de
773 1471 843 1498 caelo
855 1476 882 1498 et
892 1476 960 1498 terra

187 1509 330 1537 arboribus
348 1514 374 1537 et
389 1512 494 1538 caztcris
507 1511 518 1537 ?

504 1555 655 1587 Responsio.

221 1599 291 1627 Num
312 1608 387 1636 ergo,
406 1602 469 1636 quia
495 1603 520 1629 id
549 1603 631 1630 etiam
658 1604 790 1639 scriptum
820 1611 874 1636 est,
901 1610 975 1641 quod

186 1645 268 1678 Deus,
285 1654 396 1682 accepto
411 1648 522 1683 pulvere
537 1653 616 1676 terra:
645 1650 803 1678 formaverit
824 1652 974 1684 hominem,

187 1701 274 1728 neque
287 1694 407 1720 additum
423 1695 468 1726 sit,
488 1696 561 1730 quod
579 1696 602 1722 ei
621 1695 715 1723 fecerit
733 1699 841 1730 oculos,
862 1704 909 1726 aut
927 1707 976 1726 au-

185 1745 241 1770 res,
259 1744 306 1766 aut
323 1739 414 1773 pedes.
431 1744 478 1766 aut
493 1741 654 1774 brachium;
675 1742 735 1769 ideo
760 1744 911 1778 putandum
932 1749 974 1772 est

187 1792 202 1810 ﬂ
222 1784 275 1811 Deo
292 1792 344 1811 "0"
363 1792 424 1811 esse
437 1789 529 1812 creata
547 1787 638 1812 munia
663 1791 769 1814 natura:
783 1796 896 1824 organa,
916 1795 974 1818 tum

187 1831 293 1856 interna
309 1836 365 1856 tum
386 1832 517 1858 externa?
532 1831 665 1859 Nimirum
684 1833 710 1860 in
728 1834 761 1861 iis
776 1843 837 1869 quae
861 1844 975 1872 compu-

187 1877 252 1908 sita,
269 1879 296 1903 et
311 1876 460 1911 aliquando
479 1877 604 1911 sejuncta
628 1883 704 1910 sunt,
725 1888 759 1906 ex
783 1884 975 1915 prmstantiore

186 1922 275 1956 ipsam
304 1929 360 1949 rem
385 1928 582 1958 repraesentare
612 1932 691 1952 sacra
721 1925 863 1962 Scriptura
892 1930 973 1956 solet.

187 1969 420 2001 Quemadmodum
445 1970 600 1997 divinorum
633 1973 785 1999 carminum
811 1980 907 2001 auctor
931 1977 975 2002 in-

186 2015 256 2049 quit,
274 2014 372 2042 Beatus
397 2015 436 2042 vir
450 2016 495 2050 qui
523 2025 574 2042 non
604 2017 668 2043 abiit
700 2018 727 2044 in
746 2019 857 2046 consilio
878 2021 974 2055 impio-

187 2068 246 2086 rum
259 2061 269 2075 ¹
286 2069 292 2086 :
312 2066 365 2087 non
389 2062 483 2095 utique
500 2069 514 2087 a
532 2062 700 2089 beatitudine
725 2065 855 2093 mulieres
880 2067 975 2093 exclu-

187 2106 273 2139 dcns;
293 2106 339 2133 sed
358 2114 419 2133 cum
436 2107 531 2134 eadem
561 2108 596 2134 sit
628 2114 735 2141 natura,
767 2118 799 2137 cx
831 2113 974 2147 principa-

185 2153 256 2180 liore
270 2160 379 2179 carmen
393 2153 509 2179 orditur.
541 2153 578 2180 Ex
608 2154 642 2181 iis
662 2154 745 2189 igitur
774 2165 834 2191 quae
867 2158 893 2184 in
921 2158 974 2185 isto

186 2197 307 2224 carmine
321 2199 509 2232 praestantiora
526 2203 608 2230 sunt,
632 2200 714 2226 etiam
742 2201 775 2228 de
795 2203 974 2236 sequentibus

184 2243 319 2278 judicium
339 2243 395 2269 liat.
412 2243 478 2270 Nam
496 2250 756 2273 commemoratione
768 2247 831 2273 ρωιί
845 2252 872 2274 et
884 2252 975 2282 terra),

187 2289 344 2316 universum
380 2289 433 2316 hoc
459 2290 719 2324 comprehenditur,
745 2299 803 2325 aer,
843 2295 974 2330 tenebrae,

187 2335 314 2371 abyssus.

406 2391 666 2420 INTERROGATIO
686 2393 752 2422 Llll.

221 2448 277 2475 Cur
291 2453 381 2476 autem
396 2449 476 2484 quasi
492 2449 597 2476 viribus
613 2449 728 2477 inferior
739 2450 839 2484 Moses,
856 2460 912 2480 non
927 2462 974 2489 ag-

186 2504 297 2531 gressus
322 2501 362 2523 est
383 2496 504 2522 scribere
525 2496 700 2523 tenebrarum
723 2501 751 2523 et
779 2498 871 2533 abyssi
894 2507 971 2527 crea-

186 2546 287 2567 tionem
299 2541 310 2566 ?

505 2585 659 2620 Responsio.

221 2631 368 2659 Enimvero
385 2640 445 2667 qua;
460 2632 550 2659 Moses
567 2633 707 2667 praeteriit,
726 2635 876 2668 quominus
900 2636 971 2663 scri-

187 2678 274 2709 beret,
294 2686 348 2705 non
364 2678 470 2705 viribus
483 2678 633 2706 destitutus
651 2679 726 2710 fecit,
743 2681 790 2708 sed
807 2682 968 2710 exercitium

186 2722 266 2748 nobis
283 2723 403 2757 reliquit.
423 2723 553 2750 Solomon
579 2724 691 2758 scripsit
712 2724 740 2752 in
765 2733 884 2760 persona
909 2727 970 2756 Filii

223 2789 231 2804 ‘
253 2789 324 2817 l‘sal.
342 2798 418 2822 exul,
439 2792 482 2819 16.
520 2794 530 2808 ⁸
550 2792 625 2820 Psal.
640 2800 659 2824 ι,
680 2794 704 2820 1.

223 2862 280 2896 (18)
299 2864 515 2898 ’Υπιιρχούσαᾳ
535 2865 615 2894 Forte
628 2865 810 2901 ὑπαρχούσης.
826 2864 905 2892 Eun.

728 129 756 156 S.
778 119 930 157 CAESAR“
950 129 1115 158 GREGORII
1136 129 1286 158 FBATRIS

1767 127 1822 156 92‘

1030 190 1108 224 φασὶ,
1123 189 1221 216 πάντα
1234 189 1269 215 τὰ
1279 188 1351 222 ἔργα
1362 187 1481 221 Kvplov,
1496 187 1549 214 τὸν
1558 188 1684 221 Κύριον-⁵
1704 186 1821 214 ἀκολού-

1031 235 1084 267 θως
1105 237 1138 270 τῇ
1165 235 1293 270 μελῳδίᾳ,
1315 234 1395 261 δοῦλα
1417 234 1476 269 Θεῷ
1492 233 1677 269 παριστῶντες
1695 234 1730 260 τὰ
1748 235 1820 268 σύμ-

1031 289 1129 312 παντα,
1154 281 1322 315 Eulog-sire,
1349 281 1506 314 φάσκοντες,
1534 279 1665 314 ἄγγελοι,
1683 280 1820 313 οἱιρανοὲ,

1029 327 1134 358 ὕδατα,
1151 327 1247 359 ἣλιος,
1261 325 1388 359 σελήνη,
1403 325 1508 359 ἄστρα,
1522 325 1590 359 πῦρ,
1604 325 1652 360 γῆ,
1669 325 1733 360 ὄρη,
1743 327 1821 358 ,βου-

1029 372 1086 403 rol,
1103 372 1209 405 κτήνη,
1230 373 1327 406 θηρία,
1340 371 1456 405 ἑρπετὰ,
1472 371 1601 405 πετεινὰ,
1615 372 1662 398 καὶ
1674 371 1756 398 λοιπὰ
1769 372 1821 399 ὅσα

1031 417 1160 453 Ἕλληνες
1179 417 1365 452 ὲθεοποίησαν.

1322 514 1445 540 ΠΕΥΣΙΣ
1465 514 1528 541 NA'.

1063 571 1125 602 Πῶς
1138 571 1244 597 ἔκτισεν
1262 570 1277 597 ὁ
1291 570 1357 602 Θεὸς
1368 571 1402 597 τὰ
1415 571 1519 604 πάντα;
1542 572 1753 608 προῦπαρχούσῃ
1766 572 1818 609 ὕλῃ

1029 617 1210 652 χρησάμενος,
1229 616 1246 652 ἢ
1262 617 1308 643 καὶ
1331 616 1381 647 τὰς
1395 615 1459 647 ὕλας
1475 616 1556 647 αὐτὸς
1569 618 1745 651 παρήγαγεν;

1340 663 1521 697 Ἀπόκρισις.

1062 710 1101 745 Τῇ
1117 709 1166 745 μὲν
1180 708 1273 744 πρώτῃ
1291 707 1382 743 ἡμέρᾳ.
1401 708 1432 733 ἐκ
1451 707 1562 742 μηδενὸς
1577 707 1755 742 ὑποκειμένου
1768 708 1818 739 τὰς

1029 755 1094 787 ὕλας
1116 756 1285 790 παρήγαγεν,
1308 753 1366 789 ἅμα
1385 754 1423 788 τῷ
1440 754 1545 789 νοῆσαι,
1565 754 1658 780 ὁποίαν
1677 755 1739 781 τινὰ
1761 756 1815 790 χρὴ

1028 802 1160 836 ὑπάρχειν
1184 800 1297 827 ἑκάστου
1322 799 1406 835 ὕλην,
1433 798 1510 831 αὖθις
1533 801 1711 836 παραστήσας
1728 801 1817 836 ἑαυτῷ

1027 847 1057 873 τὸ
1069 846 1173 882 νοηθὲν.
1201 846 1255 872 Καὶ
1270 846 1306 881 μὴ
1324 846 1481 882 καταπέσῃς
1497 846 1566 881 πρὸς
1580 846 1737 881 λογισμοὺς,
1763 857 1816 873 πυ-

1027 892 1138 927 θόμενος
1152 892 1183 917 τὸ
1197 891 1264 923 πῶς.
1296 891 1441 926 Ἐϐουλήθη
1467 891 1520 927 γὰρ
1543 892 1589 918 καὶ
1605 891 1736 927 ἠδυνήθη,
1751 893 1817 928 δρα-

1027 938 1124 970 στικῶς
1135 938 1248 974 δύναμις
1259 939 1365 965 πάντων
1382 938 1551 973 ὑπάρχουσα.
1574 938 1620 964 Ἐκ
1632 938 1661 964 δὲ
1675 938 1729 964 τῶν
1739 940 1769 965 ὲν
1779 941 1813 974 τῇ

1025 982 1120 1018 πρώτῃ
1134 982 1315 1018 μετεσκεύασε
1325 982 1358 1009 τὰ
1369 983 1448 1008 λοιπὰ
1458 983 1506 1018 τῆς
1519 983 1708 1018 δημιουργίας·
1722 985 1815 1019 ἐποίη-

1027 1037 1072 1054 ae;
1088 1029 1200 1063 οὐρανὸν
1214 1029 1328 1064 πρῶτον,
1344 1029 1374 1055 οὺ
1391 1029 1435 1055 τὸν
1448 1029 1595 1064 ὁρώμενον,
1611 1029 1668 1056 ἀλλ’
1686 1030 1815 1066 ὑπερκεί-

1027 1083 1121 1109 μενον,
1146 1075 1209 1110 περὶ
1225 1071 1255 1100 οὗ
1281 1075 1328 1100 καὶ
1348 1074 1430 1100 Δαδὶδ
1448 1074 1575 1109 μελῳδεῖ,
1600 1076 1736 1109 Οὐρανὸν
1763 1076 1816 1104 τοῦ

1026 1120 1155 1155 οὐρανοῦ
1168 1120 1208 1153 τῷ
1224 1121 1332 1154 Κιιρίῳ,
1347 1121 1424 1156 δίκην
1443 1121 1566 1156 διορόφου
1585 1121 1683 1153 οἰκίας,
1698 1121 1814 1156 διαφρά-

1027 1167 1074 1199 ξας
1086 1167 1131 1193 καὶ
1145 1168 1295 1202 ἀποκρίνας
1306 1167 1362 1192 τῶν
1376 1168 1505 1201 ἐπιγείων
1519 1167 1553 1194 τὰ
1569 1167 1751 1203 ὑπερχόσμια,
1769 1170 1814 1195 καὶ

1026 1213 1092 1239 ὡσεὶ
1106 1212 1223 1247 ὑπερῴῳ
1239 1212 1450 1247 ἀπολαϐόμενος.

1317 1353 1441 1380 ΙΙΕΥΣῘΣ
1455 1353 1518 1381 NB'.

1055 1408 1104 1434 Διὰ
1119 1409 1144 1434 τί
1168 1409 1204 1444 μὴ
1226 1409 1327 1445 ἔγραψε
1351 1411 1470 1445 Μωσῆς,
1494 1411 1534 1437 ὅτι
1557 1411 1683 1446 ἐποίησεν
1707 1412 1722 1438 ὁ
1744 1411 1814 1443 Θεὺς

1024 1454 1105 1489 ὕδωρ,
1120 1454 1136 1489 ἢ
1153 1455 1218 1490 πῦρ.
1234 1455 1250 1489 ἢ
1268 1456 1345 1491 ἀέρα,
1359 1457 1396 1488 ὡς
1410 1457 1472 1493 περὶ
1486 1457 1611 1492 οὐρανοῦ,
1630 1459 1675 1484 καὶ
1691 1459 1752 1494 γῆς,
1766 1458 1810 1484 καὶ

1022 1500 1146 1536 δένδρων,
1165 1502 1211 1527 καὶ
1227 1501 1281 1528 τῶν
1296 1502 1410 1534 λοιπῶν;

1329 1592 1506 1624 Ἀπόκρισις.

1057 1639 1089 1666 Τί
1111 1637 1173 1672 οὗνς
1195 1640 1256 1666 ἐπεὶ
1278 1639 1451 1675 γέγραπται,
1475 1639 1516 1665 ὅτι
1532 1638 1621 1666 λαϐὼν
1637 1640 1652 1666 ὁ
1665 1640 1732 1671 Θεὸς
1747 1640 1813 1675 χοῦν

1022 1686 1076 1713 ἀπὸ
1091 1686 1141 1721 τῆς
1160 1687 1212 1721 γῆς
1230 1686 1330 1713 ἔπλασε
1345 1686 1390 1712 τὸν
1406 1686 1560 1722 ἄνθρωπον,
1577 1687 1624 1713 καὶ
1639 1687 1688 1712 οὐκ
1706 1688 1811 1722 ἐπήγα-

1022 1742 1080 1768 γεν,
1098 1734 1139 1760 ὃτι
1153 1733 1280 1768 ἐποίησεν
1298 1732 1372 1768 αὑτῷ
1397 1732 1564 1768 ὀφθαλμοὺς,
1584 1733 1600 1767 ἦ
1619 1729 1676 1759 ὦτα
1689 1753 1696 1763 ,
1723 1733 1740 1768 ἦ
1760 1733 1808 1768 βά-

1024 1780 1124 1814 σεις,ἦ
1149 1779 1288 1815 βραχίονα,
1314 1778 1390 1813 παρὰ
1416 1774 1494 1805 τοῦτο
1518 1778 1623 1805 οἴεσθαι
1647 1779 1716 1814 χρὴ,
1736 1779 1811 1814 παρὰ

1022 1825 1090 1852 Θεοῦ
1107 1826 1143 1860 μὴ
1167 1826 1310 1860 κτισθῆναι
1334 1825 1422 1852 πάντα
1446 1824 1480 1851 τὰ
1497 1826 1546 1859 τῆς
1570 1825 1678 1859 φύσεως
1695 1825 1810 1860 ὖργανα,

1023 1872 1098 1904 ἐντός
1109 1881 1138 1898 τε
1149 1873 1196 1898 καὶ
1209 1872 1285 1903 ἐκτός
1299 1880 1305 1903 ;
1324 1872 1393 1898 Ἀλλ’
1407 1872 1453 1897 ἐπὶ
1466 1871 1521 1897 τῶν
1532 1871 1678 1903 συνθέτων,
1692 1871 1739 1897 καὶ
1751 1871 1811 1896 λυο-

1025 1918 1112 1953 μένων
1129 1919 1203 1950 ποτὲ,
1221 1919 1252 1944 ἐκ
1270 1917 1317 1944 τοῦ
1334 1918 1498 1953 τιμιωτέρου
1516 1917 1546 1943 τὸ
1569 1917 1659 1951 δρᾶμα
1675 1918 1810 1952 παριστᾷν

1023 1966 1039 2000 ἡ
1065 1965 1123 1991 θεία.
1144 1966 1248 1999 πέφυκε
1277 1964 1390 2001 [φύσας]
1415 1964 1526 1999 Γραφή’
1555 1963 1646 1995 καθὼς
1664 1964 1710 1990 καὶ
1728 1965 1742 1990 ὀ
1758 1963 1814 1990 τῶν

1023 2011 1103 2037 θείων
1117 2011 1183 2046 φησὶ
1205 2011 1321 2046 μελῳδός
1333 2019 1340 2025 '
1354 2010 1504 2044 Μακάριος
1522 2009 1603 2045 ,ἀνὴρ
1622 2009 1656 2043 ὃς
1675 2011 1730 2036 οὐκ
1742 2010 1809 2036 ἐπο-

1019 2058 1113 2091 ρεύθη
1127 2057 1162 2083 ἐν
1175 2056 1277 2091 βουλῇ
1292 2056 1418 2083 ἀσεϐῶν.
1435 2056 1491 2082 Οὐκ
1505 2057 1559 2091 ἄρα
1573 2055 1620 2082 τοῦ
1637 2055 1809 2091 μακαρισμοῦ

1023 2103 1072 2134 τὰς
1081 2104 1213 2136 γυναῖκας
1223 2102 1397 2133 ἀποκλείσας,
1411 2101 1478 2128 ἀλλὰ
1492 2102 1556 2136 μιᾶς
1567 2101 1744 2136 ὑπαρχούσας
1755 2101 1808 2135 (l8)

1024 2151 1073 2184 τῆς
1088 2149 1205 2183 φύσεως,
1229 2150 1261 2175 ὲκ
1277 2149 1324 2175 τοῦ
1340 2147 1575 2184 ἡγεμονικωτέρου
1595 2147 1644 2182 τῆς
1667 2147 1808 2182 μελῳδίας,

1024 2195 1059 2221 τὰ
1071 2195 1189 2230 ἑπόμενα
1198 2196 1248 2230 τῆς
1260 2195 1438 2230 δημιουργίας
1453 2193 1574 2220 νοείσθω.
1589 2193 1628 2228 Τῇ
1637 2193 1691 2228 γὰρ
1705 2194 1810 2228 ποιήσει

1026 2240 1072 2266 τοῦ
1090 2240 1204 2276 οὐρανοῦ
1219 2240 1266 2266 καὶ
1281 2240 1327 2275 τῆς
1339 2240 1390 2275 γῆς
1401 2239 1432 2266 τὸ
1443 2239 1497 2265 πᾶν
1509 2238 1732 2274 συμπεριέχεται,
1747 2238 1809 2274 ἀὴρ,

1025 2286 1119 2317 σκότος
1136 2287 1182 2312 καὶ
1199 2286 1323 2317 ἇΰυσσος.

1315 2388 1439 2415 ΙΙΕΥΣΙΣ
1455 2388 1515 2415 NI".

1059 2446 1091 2471 Τί
1107 2443 1152 2472 οὖν
1174 2446 1308 2481 ἁτονήσας
1324 2444 1443 2479 Μωσῆς,
1468 2445 1516 2479 οὺχ
1538 2444 1626 2470 εἵλετο
1641 2443 1746 2479 γράψαι
1763 2444 1809 2470 τὴν

1024 2494 1125 2520 σκὸτων
1143 2493 1189 2519 καὶ
1203 2493 1321 2519 ἀϐύσσου
1336 2492 1440 2523 κτίσιν;

1328 2543 1503 2574 Ἀπόκρισις.

1065 2589 1135 2615 Ἀλλ’
1159 2589 1237 2623 εἴπερ
1261 2587 1363 2622 Μωσῆς
1386 2587 1578 2622 παρέδραμεν,
1603 2587 1653 2613 οὐκ
1665 2588 1808 2623 ἁτονήςας,

1026 2635 1140 2671 γράψαι,
1157 2634 1224 2661 ἀλλὰ
1238 2634 1386 2669 γυμνάσιον
1401 2634 1466 2668 ἡμῖν
1485 2633 1668 2668 καταλείψας·
1687 2634 1809 2666 Σολομὼν

1025 2681 1156 2717 ἔγραψεν,
1173 2681 1204 2707 ἐκ
1225 2679 1370 2715 προσώπου
1392 2678 1438 2705 τοῦ
1459 2678 1524 2705 Υἰοῦ
1548 2679 1616 2714 πρὸς
1636 2679 1681 2705 τὸν
1703 2679 1809 2713 Πατέρα

1026 2726 1148 2761 φάσκων·
1169 2724 1230 2759 Πρὸ
1245 2724 1298 2752 τοῦ
1319 2724 1370 2758 τὰς
1384 2724 1540 2756 ἀϐύσσους
1560 2723 1703 2758 ποιῆσαι,
1730 2723 1807 2759 ήμην
