1920 3046
121 113 183 145 923

126 175 200 210 παρ’
223 177 304 209 cf;th
328 177 497 213 ἁρμόζουσα
517 178 545 214 ἡ]
565 179 693 215 δύναμις
712 180 762 208 καὶ
780 181 799 215 ἠ
824 183 916 216 σοφία

129 222 217 255 θεοῦ,
232 224 369 257 Χριστός.

406 313 530 340 ΠΕΥΣΙΣ
544 315 606 343 ΝΔ’.

173 356 203 384 '0
217 357 271 392 ἀὴρ
289 358 354 384 πότε
369 359 479 393 γέγονες
493 361 538 396 Μὴ
554 362 603 388 καὶ
617 361 711 389 τοῦτον
726 362 798 398 ἔχεις
813 364 900 390 εἰπεῖν
911 383 919 396 ,

129 404 172 430 ὃτι
189 403 314 439 Σολομὼν
327 404 443 440 ἔγραψεν
452 415 459 439 ;

439 452 608 486 Ἀπόκρισις
613 473 619 480 .

171 493 270 519 ⁹Ᾱκουε
285 493 316 528 δὴ
328 495 448 528 Μωσέως
463 497 614 530 φάσκοντος
623 506 630 514 ⁸
643 499 698 526 Καὶ
713 500 835 534 Πνεῦμα
847 501 920 527 Θεοῦ

131 539 293 573 ἐπεφέρετο
306 540 405 568 ἐπάνω
417 542 469 568 τοῦ
488 543 604 577 ὓδατος.
624 545 780 580 Συμφώνως
794 546 822 573 δὲ
834 547 921 581 τούτῳ

132 587 148 613 ὀ
173 587 301 623 ’Ᾱμμώς“
316 588 423 622 Κύριος
444 590 575 624 στερεῶν
592 591 729 626 βροντὴν
745 592 795 619 καὶ
819 592 922 623 κτίζων

134 639 266 667 areum.

427 682 551 708 ΠΕΥΣΙΣ
567 683 632 710 NE'.

176 725 246 751 Ἀλλ’
263 726 293 752 οὐ
310 727 374 762 περλ⁸
389 727 435 754 τοῦ
455 728 535 763 ἀέρος
549 728 635 762 λέγει,
654 729 718 764 περὶ
732 730 760 756 δὲ
775 730 821 756 τοῦ
843 730 922 765 ἁγίου

133 771 293 807 Πνεύματος
308 773 408 808 μᾶλλον
422 774 529 809 εἴρηται
543 775 556 801 ὁ
569 775 656 809 λόγος.
677 775 714 801 Οὐ
733 775 787 811 γὰρ
802 775 864 802 ἄλλο
879 777 923 802 λέ-

133 825 219 851 γομεν
247 815 317 845 εἶναι
339 819 355 854 ἦ
384 820 633 856 προσαγορεύεσθαι
657 822 782 857 πνεῦμα.
801 823 869 859 πλὴν
891 823 921 850 τὺ

134 862 212 897 ἅγιον
229 864 352 899 Πνεῦμα.

440 911 618 946 Ἀπόκρισις.

171 954 237 986 Δέος
259 963 303 990 μοι
319 957 352 991 τῇ
367 956 454 982 κτίσει
471 958 728 994 συγκαταριθμῆσαι
742 959 772 986 τὸ
788 959 922 986 ἀκτιστοψ

136 999 207 1034 πλὴν
228 1000 302 1035 ὅμως
316 1002 366 1027 οὐκ
380 1002 500 1037 ἀναιρῶν
515 1003 546 1029 τὺ
565 1004 719 1039 εἰρημένον,
742 1004 854 1040 δέχομαι
878 1006 925 1032 καὶ

135 1045 226 1078 τοῦτο,
240 1047 352 1079 εἰκότως
370 1049 416 1074 καὶ
437 1048 598 1085 θεοπρεπῶς
618 1050 762 1085 νοούμενον
772 1072 780 1083 ,
793 1051 924 1086 ἐπιφέρε-

138 1091 199 1118 σθαι
212 1094 269 1124 τοῖς
287 1092 367 1119 ὕδασί
380 1094 447 1129 πρὸς
467 1094 624 1129 ζωογονίαν⁹
639 1096 708 1122 αὐτά
729 1096 925 1128 συνθάλποντος

136 1138 216 1173 δίκην
246 1139 423 1176 ὲπωαζούσης
443 1140 567 1176 ὄρνιθος,
589 1141 707 1175 ζωτικήν
729 1150 790 1168 τινα
813 1142 926 1177 δύναμιν

137 1185 259 1216 ἀνιέντος
284 1185 340 1219 (19)
363 1187 420 1217 τοῖς
438 1187 670 1223 ὑποθαλπομένοις
691 1187 785 1221 ὕδασι,
808 1187 876 1224 πρὸς
895 1188 926 1214 τὸ

137 1230 272 1266 ἑκϐράσαι
288 1232 322 1258 τὰ
338 1232 439 1268 ἄπειρα
453 1233 507 1259 τῶν
523 1233 621 1268 ἰχθύων
637 1234 714 1268 γένη.

420 1279 543 1305 nsrm
569 1279 640 1313 Νςι.

174 1322 279 1350 Maesti)
296 1324 363 1359 πρὸς
375 1323 481 1356 τούτοις
496 1325 613 1359 δεόμεθα
628 1326 691 1361 περὶ
710 1326 759 1361 τῆς
779 1326 826 1353 τοῦ
843 1325 927 1361 πυρὸς

137 1368 282 1401 γενέσεως.
301 1369 369 1396 Οὔτε
388 1370 442 1405 γὰρ
462 1371 496 1405 τῇ
512 1370 605 1406 Γραφῇ
627 1372 745 1407 εἴρηται,
768 1372 809 1398 ὃτι
825 1369 900 1397 εἶπεν
914 1370 928 1396 ὁ

138 1413 204 1446 Θεός
217 1422 224 1428 ”
243 1414 386 1450 Γενηθήτω
402 1415 468 1450 πῦρ.

438 1462 616 1495 Ἀπόκρισις.

175 1507 289 1534 Πάντων
306 1507 422 1542 μάλιστα
437 1507 618 1543 ἐνεργεστέρα
635 1509 651 1543 ὴ
672 1508 718 1535 τοῦ
736 1509 821 1544 πυρὸς
836 1507 927 1543 φύσις,

139 1553 332 1579 συνυποστᾶσα
343 1553 389 1579 καὶ
401 1553 596 1588 ἐμφωλεύουσα
606 1556 639 1589 τῇ
652 1555 761 1590 ποιήσει
770 1555 819 1590 τῆς
829 1555 927 1590 χέρσου

138 1599 275 1633 φαίνεται.
299 1599 380 1625 Ὀποι
403 1599 425 1625 δ’
449 1599 482 1625 ἂν
507 1599 639 1631 »κατάξεις
656 1600 739 1632 λίθον,
767 1600 929 1627 ἁποκυεῖται

137 1645 206 1680 πῦρ,
224 1645 270 1671 καὶ
289 1645 406 1679 σιδήρων
421 1645 606 1680 τριϐομένων,
620 1646 720 1680 ὁμοίως
735 1646 858 1680 γίνεσθαι
879 1647 929 1673 πέ-

139 1700 222 1726 φυκε,
239 1692 286 1718 καὶ
302 1691 388 1725 ξύλων
409 1692 623 1726 συνθλιϐομένων
646 1693 845 1728 παραπλησίως
862 1694 930 1720 ἁπο-

138 1736 292 1762 δείκνυται·
314 1736 352 1768 ὡς
366 1738 380 1763 ὁ
394 1737 442 1772 τῆς
456 1737 562 1772 ἀπήνης
575 1737 646 1770 ἄξων
662 1737 746 1772 δηλοῖ,
764 1738 802 1773 τῷ
821 1738 930 1774 πιεσμῷ

138 1782 186 1808 τοῦ
210 1783 310 1817 φόρτου
334 1783 550 1818 διασμυχόμενος
572 1783 612 1818 τῷ
635 1784 830 1819 ὲγκεκραμένῳ
851 1784 928 1820 πυρί,

140 1827 177 1853 Οὐ
193 1827 247 1863 μὴν
266 1828 304 1861 δὲ,
322 1827 390 1854 ἀλλὰ
404 1829 451 1854 καὶ
473 1829 564 1864 μύλων
582 1829 709 1864 διακενῆς
726 1829 928 1865 στρεφομένων,

140 1872 189 1900 θέα
207 1873 239 1900 τὸ
255 1873 310 1909 πῦρ
330 1873 523 1909 ἐξαλλόμενον·
545 1875 605 1901 καθ’
624 1872 662 1902 ὧν
684 1876 733 1911 τὴν
757 1875 864 1907 εἰκόνα.
884 1876 931 1904 καὶ

139 1919 195 1945 τῶν
209 1920 297 1954 νεφῶν
307 1921 483 1956 παρατριϐαὶ,
494 1922 551 1952 τοῖς
564 1920 716 1956 πνεύμασιν
733 1921 929 1956 ἐλαυνομένων,

140 1965 284 2000 ἀστραπὰς
305 1966 446 1993 ἀποτελεῖν
470 1966 591 1992 εἰώθασι.
618 1966 710 1993 Πάντα
731 1966 785 2002 γὰρ
801 1967 867 2002 πυρὶ
884 1966 929 1993 κέ-

141 2019 259 2046 κραται,
278 2011 368 2042 καθὼς
385 2011 487 2046 Πέτρος
504 2011 596 2046 φησὶν,
617 2011 632 2037 ὁ
649 2011 802 2046 κλειδοῦχος
817 2012 866 2047 τῆς
881 2012 931 2046 βα-

143 2056 245 2087 σιλείας
257 2056 310 2082 τῶν
320 2056 452 2092 οὐρανῶν,
466 2056 537 2083 οὕτω
549 2065 617 2088 πως·
630 2059 662 2084 Ol
674 2057 728 2092 γὰρ
741 2058 798 2084 νῦν
809 2058 930 2092 οὐρανοὶ

142 2102 190 2128 καὶ
207 2102 227 2135 ἡ
245 2102 282 2136 γῆ
300 2102 370 2136 πυρὶ
385 2102 651 2137 τεθησαυρισμένοι
665 2103 740 2134 εἰσὶ,
755 2104 932 2137 τηρούμενοι

141 2149 185 2182 εἰς
208 2148 322 2182 ἡμέραν
343 2149 468 2182 κρίσεως
490 2149 538 2175 καὶ
567 2149 717 2181 ἀπωλείας
736 2149 796 2176 τῶν
814 2150 933 2177 ἀσεϐῶν

141 2194 314 2228 ἀνθρώπων.

435 2239 559 2267 ΠΕΥΣΙΣ
579 2239 640 2266 ΝΖ¹.

179 2284 234 2311 Καὶ
251 2284 309 2316 πῶς
331 2285 464 2320 χειμῶνος
474 2306 480 2316 ,
503 2285 558 2312 τῶν
572 2285 662 2312 αὐτῶν
684 2285 768 2312 ὅντων
784 2285 872 2320 νεφῶν
888 2286 936 2313 καὶ

145 2329 263 2365 ἀνέμων,
279 2331 329 2356 οὐκ
343 2330 481 2365 ἀστραπὴ,
502 2331 531 2357 οὐ
548 2329 649 2366 βροντὴ
657 2329 762 2364 γίνεται
774 2339 795 2365 ιλ

449 2376 632 2409 Ἀπόκρισις.

179 2421 221 2448 Τὰ
236 2421 300 2456 περὶ
318 2421 431 2457 βροντῆς
449 2422 576 2457 ἀνωτέρω
595 2421 662 2457 πρὸς
679 2421 708 2448 τὺ
726 2421 820 2448 δοκοῦν
840 2430 884 2456 μοι
898 2421 936 2448 ετ-

145 2475 237 2504 ρηται.
255 2467 291 2493 Τὸ
307 2467 345 2499 δὲ,
367 2467 500 2502 χειμῶνος
520 2466 664 2502 ἀστραπὰς
688 2467 726 2501 μὴ
744 2466 933 2501 ἐκφαίνεσθαι,

144 2513 188 2540 διὰ
201 2514 250 2548 τὴν
263 2512 309 2539 τοῦ
324 2513 404 2549 ἀέρος
419 2512 563 2548 παχύτητα
574 2512 654 2543 δοκῶ,
669 2512 715 2538 καὶ
728 2511 776 2546 τὴν
789 2512 936 2547 διήκουσαν

145 2559 236 2586 νοτίδα
259 2559 312 2585 τῶν
334 2559 432 2593 νεφῶν.
458 2560 494 2585 Οὐ
513 2558 568 2593 γὰρ
591 2559 691 2594 ὁμοίως
709 2557 738 2584 τὸ
754 2558 869 2593 ἇνικμον
889 2558 936 2584 καὶ

147 2605 228 2640 ξηρὸν
244 2604 283 2639 τῷ
298 2604 432 2639 διαϐρόχῳ
449 2604 496 2630 καὶ
520 2603 614 2630 ὑλώδει
633 2604 663 2630 ὲν
677 2604 737 2635 ταῖς
754 2603 937 2639 παρατρίψεσι

147 2650 289 2684 φαίνεσθαι
301 2650 432 2685 πέφυκεν,
445 2650 491 2676 τοῦ
508 2650 556 2684 μὲν
571 2649 813 2684 παραφλεγομένου
824 2669 830 2680 ,
846 2648 892 2675 τοῦ
906 2649 935 2675 δὲ

147 2696 411 2732 παρολισθαίνοντος.

848 120 972 149 DIALOG
978 121 1019 150 US
1037 121 1057 150 Ι.

1709 119 1763 146 θίὶῦ

973 183 1006 209 ad
1027 183 1133 210 Patrem
1154 183 1315 217 loquentis:
1339 181 1488 217 Antequam
1518 181 1626 216 abyslos
1650 181 1759 216 faceret,

973 237 1047 255 nam
1064 229 1134 263 apud
1151 229 1251 263 ipsum,
1272 233 1331 262 apte
1351 229 1440 255 omnia
1459 228 1602 262 disponens
1619 227 1629 243 ⁸
1649 238 1654 254 :
1681 228 1761 255 nimi-

971 281 1042 308 rum,
1059 275 1177 308 potenlia
1190 279 1214 301 et
1226 275 1358 308 sapientia
1376 274 1434 304 Dei,
1449 274 1571 301 Christus
1590 276 1609 301 ⁸.

1190 319 1450 347 INTERROGATIO
1470 319 1535 346 LIV.

1006 366 1058 393 Aer
1070 366 1180 400 quando
1196 366 1286 394 factus
1300 366 1361 393 est?
1375 365 1445 392 Num
1468 365 1541 400 quod
1554 366 1636 392 etiam
1658 363 1692 391 de
1710 363 1762 390 hoc

971 413 1113 447 scripserit
1137 412 1277 444 Solomon,
1296 413 1389 439 dicere
1406 412 1503 446 potes?

1285 458 1442 492 Responsio.

1008 504 1077 530 Audi
1095 503 1196 530 Moscm
1208 503 1342 530 dicentem
1360 512 1366 529 :
1390 502 1423 528 Et
1438 503 1548 536 spiritus
1569 501 1614 528 Dei
1629 501 1763 535 ferebatur

972 557 1053 583 supra
1067 557 1163 584 nquam
1174 549 1194 576 ⁵.
1211 549 1279 575 Cum
1298 549 1350 575 hoc
1363 552 1455 575 autem
1471 547 1610 574 consentit
1629 550 1656 574 et
1678 547 1763 573 Amo-

973 602 1020 622 sus
1034 604 1041 622 :
1056 594 1184 621 Dominus
1198 593 1335 620 intendens
1347 594 1458 624 tonitru,
1473 597 1497 619 et
1513 600 1605 619 creans
1616 591 1759 626 spiritum“.

1198 680 1459 710 lNTEthOGATlO
1478 680 1533 708 LV.

1009 728 1110 756 Verum
1129 735 1184 755 non
1209 728 1243 755 de
1266 728 1318 754 hoc
1347 735 1409 754 aere
1435 727 1512 758 dicit,
1539 725 1586 754 sed
1613 727 1704 761 potius
1729 727 1763 755 de

975 773 1077 809 Spiritu
1091 778 1188 801 sancto
1203 775 1305 800 dictum
1323 777 1365 800 est
1396 773 1422 800 id
1449 774 1574 800 verbum.
1602 772 1661 799 Non
1689 773 1764 799 enim

975 819 1048 846 aliud
1064 820 1182 846 dicimus
1196 827 1257 846 esse
1274 822 1320 845 aut
1338 819 1432 846 vocari
1455 819 1595 853 spiritum,
1618 826 1700 852 quam
1723 819 1764 853 ip-

975 875 1036 894 sum
1058 866 1187 901 Spiritum
1204 870 1423 892 sacrosanctum.

1287 909 1441 944 Responsio.

1010 955 1112 983 Vereor
1126 963 1159 982 ne
1174 963 1235 982 cum
1246 959 1372 982 creatura
1385 961 1581 981 connumerem
1598 954 1764 982 incrcatum.

974 1003 1168 1030 Verumtamen
1183 1009 1239 1028 non
1261 1008 1365 1036 negans
1395 1001 1446 1027 hoc
1477 999 1549 1034 quod
1578 999 1679 1026 dictum
1710 1004 1763 1030 est,

975 1048 1099 1079 admitto,
1115 1052 1142 1073 et
1162 1047 1247 1080 hunc,
1269 1047 1293 1075 si
1309 1051 1338 1073 ut
1363 1054 1413 1081 par
1430 1050 1483 1073 est‘
1498 1050 1525 1073 ct
1543 1045 1598 1073 Deo
1622 1046 1763 1080 competit,

976 1093 1152 1128 intelligatur,
1171 1092 1236 1119 ferri
1256 1100 1338 1127 supra
1364 1099 1461 1127 aquas,
1479 1091 1511 1118 ad
1525 1091 1643 1118 viventia
1663 1092 1765 1126 produ-

976 1139 1063 1165 cenda
1079 1138 1154 1172 ipsas
1168 1138 1314 1170 foventem,
1331 1142 1359 1165 et
1376 1138 1462 1164 instar
1483 1137 1644 1164 incubantis
1657 1137 1766 1170 gallina:

976 1185 1084 1211 vitalem
1102 1184 1246 1219 quamdam
1271 1185 1324 1210 vim
1344 1184 1533 1210 immitlentem
1557 1184 1636 1218 aquis
1661 1183 1712 1210 sub
1735 1191 1767 1210 se

977 1230 1052 1264 fctis,
1065 1230 1097 1258 ad
1114 1231 1294 1266 producenda
1310 1229 1586 1264 innuinera1piscium
1605 1237 1715 1264 genera-

1196 1275 1459 1304 INTERROGATIO
1479 1275 1545 1303 LVI.

1011 1323 1143 1358 Cupimus
1162 1323 1274 1358 insuper
1289 1330 1322 1350 ex
1343 1328 1370 1350 te
1391 1323 1499 1349 discere
1532 1321 1567 1349 de
1590 1325 1653 1348 ortu
1682 1322 1765 1356 ignis.

977 1369 1116 1404 Nusquam
1133 1370 1204 1396 enim
1223 1369 1250 1395 in
1267 1368 1412 1402 Scriptura
1427 1368 1554 1401 legimus,
1572 1367 1644 1401 quod
1665 1366 1770 1393 dixerit

980 1413 1061 1446 Deus,
1074 1413 1133 1440 Fiat
1146 1414 1228 1448 ignis.

1294 1458 1446 1491 Responsio.

1014 1505 1142 1534 Omnium
1160 1505 1277 1533 mnime
1291 1505 1385 1531 cllicax
1398 1507 1440 1530 est
1459 1506 1559 1529 natura
1584 1502 1667 1536 ignis,
1690 1501 1767 1528 vide-

982 1551 1244 1587 turqueionsistere
1261 1553 1287 1577 et
1311 1549 1420 1576 latitare
1448 1548 1475 1575 in
1510 1547 1649 1574 creatione
1674 1551 1766 1574 terra.

980 1598 1095 1632 Quando
1126 1597 1240 1632 lapidem
1270 1596 1453 1631 percusseris,
1484 1602 1518 1622 ex
1551 1601 1584 1620 eo
1611 1593 1768 1627 concipitur

981 1646 1062 1680 ignis,
1075 1650 1102 1672 et
1123 1644 1196 1671 ferro
1210 1643 1307 1670 colliso
1326 1641 1455 1669 similiter
1474 1639 1543 1667 etlici
1561 1639 1641 1666 solet.
1663 1638 1716 1666 Sed
1737 1643 1766 1665 et

980 1691 1062 1727 lignis
1078 1690 1183 1718 collisis
1195 1689 1376 1716 consimiliter
1395 1681 1578 1721 (onspicitur,
1597 1689 1627 1712 ut
1647 1684 1771 1712 ostendit

980 1738 1039 1765 aris
1053 1737 1079 1764 in
1093 1744 1175 1764 curru
1189 1743 1222 1762 ex
1239 1741 1366 1769 pressura
1384 1734 1477 1761 oneris
1502 1733 1601 1759 ardens
1633 1739 1680 1766 per
1712 1731 1761 1757 nd-

981 1783 1091 1810 mistum
1112 1782 1213 1816 ignem.
1228 1779 1321 1815 Neque
1337 1779 1363 1806 id
1378 1783 1494 1810 tantum,
1526 1777 1573 1805 sed
1602 1781 1630 1805 et
1642 1776 1719 1804 molae
1743 1775 1769 1802 si

981 1828 1200 1862 circumaguntur
1215 1826 1330 1856 'inanes,
1348 1828 1459 1859 apparet
1472 1823 1544 1858 ignis
1569 1822 1716 1855 exsiliens;
1734 1820 1770 1848 ad

981 1880 1097 1908 quarum
1113 1872 1320 1899 similitudinem
1336 1874 1362 1898 et
1374 1870 1488 1898 nuhium
1502 1868 1662 1896 eollisioncs
1677 1867 1768 1895 ventis

982 1918 1162 1952 iinpulsarum
1187 1917 1298 1944 efﬁcere
1320 1916 1427 1951 fulgura
1443 1920 1653 1943 consueverunt.
1672 1914 1770 1942 Omnia

981 1963 1052 1989 enim
1070 1962 1124 1997 igni
1144 1963 1225 1989 mista
1240 1965 1315 1994 sunt,
1339 1966 1366 1988 ut
1379 1960 1467 1996 inquit
1487 1960 1585 1988 Petrus
1599 1961 1654 1993 ille,
1677 1960 1769 1987 claves

982 2010 1056 2043 regni
1072 2008 1204 2035 cmlorum
1221 2012 1343 2042 gestans,
1375 2007 1407 2034 ad
1440 2007 1514 2033 hunc
1545 2006 1601 2034 t’ere
1631 2006 1768 2033 modum:

983 2052 1054 2079 Nam
1070 2052 1126 2079 εωιὶ
1142 2053 1187 2087 qui
1200 2059 1268 2078 nunc
1282 2056 1342 2077 sunt
1357 2055 1382 2077 et
1403 2056 1486 2081 terra,
1502 2051 1558 2085 igni
1576 2049 1683 2083 repositi
1699 2053 1768 2079 sunt,

982 2101 1007 2123 et
1022 2101 1159 2123 servantur
1173 2096 1202 2121 in
1221 2095 1290 2121 diem
1303 2094 1400 2129 judicii
1415 2099 1440 2121 et
1454 2094 1613 2128 perditionis
1628 2093 1769 2126 impiorqu

984 2142 1117 2169 hominum
1131 2142 1152 2169 ⁷.

1195 2231 1369 2259 INTERROG
1376 2230 1454 2258 ATIO
1480 2229 1559 2258 LVII.

1018 2281 1053 2306 At
1070 2280 1115 2314 qui
1134 2277 1161 2304 [it
1187 2281 1217 2303 ut
1233 2277 1332 2308 hieme,
1349 2284 1411 2303 cum
1429 2275 1530 2303 eaedem
1557 2278 1623 2302 sunt
1642 2274 1727 2301 nubes
1743 2277 1771 2300 et

984 2325 1068 2358 venti,
1086 2331 1173 2360 neque
1187 2323 1277 2358 fulgur
1292 2330 1380 2357 neque
1397 2322 1500 2349 tonitru
1522 2320 1568 2348 ﬁat
1581 2321 1592 2346 ι

1303 2368 1454 2403 Responsio.

1018 2416 1096 2450 Quod
1115 2417 1217 2443 tonitru
1235 2416 1344 2446 attinet,
1362 2414 1425 2449 quid
1447 2413 1512 2440 milii
1531 2412 1669 2444 videatur,
1686 2419 1770 2446 supra

986 2463 1089 2490 dictum
1105 2467 1157 2490 est.
1167 2461 1245 2495 Quod
1254 2469 1319 2488 vero
1328 2461 1436 2495 fulgura
1454 2467 1507 2486 non
1524 2463 1656 2493 apparent
1673 2458 1771 2488 hieme,

987 2514 1098 2544 propter
1117 2509 1189 2536 aeris
1202 2507 1415 2535 crassitudinem
1439 2506 1495 2533 ﬁeri
1515 2509 1591 2540 puto,
1616 2509 1643 2531 et
1663 2509 1773 2539 propter

987 2559 1173 2590 penetrantem
1191 2554 1333 2580 humorem
1349 2552 1473 2579 nubium.
1484 2551 1543 2578 Non
1553 2551 1624 2578 enim
1638 2549 1772 2585 quemad-

987 2602 1097 2628 modum
1110 2600 1184 2636 quod
1200 2600 1306 2627 siccum
1325 2602 1352 2626 et
1367 2597 1474 2624 aridum
1493 2601 1545 2627 est,
1565 2596 1646 2623 etiam
1665 2595 1772 2622 madida

989 2653 1015 2675 et
1033 2648 1144 2675 multam
1162 2646 1293 2674 habentia
1309 2645 1450 2672 materiem
1469 2643 1495 2670 in
1519 2642 1707 2670 collisionibus
1730 2641 1772 2667 lu‘

988 2699 1051 2718 cere
1067 2691 1170 2721 solent;
1189 2698 1250 2716 cum
1266 2688 1331 2716 illud
1347 2687 1455 2722 quidem
1472 2695 1519 2722 per
1535 2687 1624 2722 ignem
1640 2682 1774 2713 incenda—

990 2740 1045 2769 tur,
1065 2737 1091 2763 in
1109 2737 1160 2764 hoc
1176 2743 1242 2763 Vero
1257 2735 1298 2762 vis
1313 2735 1373 2769 ejus
1390 2733 1543 2760 ﬂaccescat.

183 2797 194 2813 ³
213 2797 293 2824 Prov.
312 2805 371 2829 vui,
384 2797 428 2829 24,
444 2797 487 2824 50.
525 2797 536 2813 δ
557 2796 642 2824 lCor.
659 2804 678 2830 1,
692 2796 736 2824 24.
775 2796 786 2813 ¹
806 2796 872 2825 Gen.
893 2797 927 2830 l,‘

991 2793 1000 2810 ⁸
1019 2794 1101 2822 Amos
1119 2801 1156 2825 iv,
1175 2792 1216 2819 15.
1255 2792 1265 2808 ⁷
1283 2790 1306 2818 Il
1318 2791 1391 2819 Petr.
1409 2798 1450 2823 iu,
1466 2788 1492 2816 7.

185 2857 241 2892 (l9)
275 2857 426 2891 'Artértoc.
442 2856 522 2886 Forte
538 2857 664 2890 ὲνιέντος.
679 2856 717 2884 lo.
