1920 3046
180 119 234 150 911

384 177 644 212 INTERROGATIO
669 185 763 214 LVIII.

219 227 292 255 Satis
305 228 414 263 quidem
434 237 497 256 vera
518 236 582 259 sunt
597 240 659 267 qua:
681 233 773 261 dicis:
801 243 895 264 verum
920 245 970 265 nos

180 271 216 300 de
230 273 336 308 fulgure
349 276 538 309 qumrimusxt
554 278 588 304 de
604 280 782 313 generatione
800 281 882 317 ignis,
909 284 970 311 ubi-

181 323 244 343 nam
262 318 362 345 dixerit
377 318 460 352 Deus,
475 320 533 347 Fiat
551 321 632 356 ignis.

496 366 649 400 Responsio.

216 408 304 436 Moses
321 411 416 438 scribit
433 421 439 438 :
459 412 491 438 Et
502 413 571 440 dixit
588 415 658 442 Deus
676 424 685 443 :
703 417 766 444 Fiat
783 419 846 451 lux;
857 424 881 446 et
895 419 969 454 facta

178 460 217 479 est
233 454 279 481 (tu:
295 455 305 470 ⁸
322 464 328 481 :
345 456 472 483 videlicet
490 458 560 492 ignis
573 466 681 488 natura.
701 461 760 489 Non
776 464 848 490 enim
865 466 967 492 solum-

179 499 260 526 modo
279 499 303 527 is
319 500 389 535 ignis
407 505 459 533 est,
476 503 523 537 qui
541 504 612 538 apud
638 514 689 533 nos
713 513 772 540 est;
794 509 841 536 sed
872 515 899 538 et
924 518 968 538 su-

178 551 269 579 perare
283 546 336 573 illa:
353 551 502 581 potestates
518 549 588 584 ignis
604 559 666 579 esse
682 553 820 587 videntur,
843 561 967 592 cognata:

176 590 202 617 ei
214 591 260 625 qui
273 591 345 626 apud
360 601 411 619 nos
427 599 477 620 est.

395 638 655 670 INTERROGATIO
676 642 742 671 LIX.

212 681 265 709 Sed
280 684 418 717 quomodo
442 693 579 719 supernus
594 689 618 714 ei
635 689 680 722 qui
694 691 766 725 apud
782 700 833 719 nos
842 697 895 726 est,
917 703 964 722 co-

171 733 275 761 gnatus
292 733 345 761 est,
361 737 422 756 cum
450 731 494 758 ille
512 732 625 766 quidem
647 735 894 773 inexstinguibilis,
919 741 964 768 hic

174 777 265 800 autem
281 774 484 810 exstinguibilis
500 778 534 804 sit
548 778 559 804 Ζ)

488 822 641 858 Responsio.

209 864 410 901 Propemodum
426 870 538 904 angelos
554 876 581 898 et
604 879 713 900 nostras
737 875 843 904 animas
860 878 959 906 simili—

171 908 293 936 tudinem
310 913 456 945 quamdam
473 914 534 942 dico
553 915 662 944 habere.
675 917 796 954 Utraque
807 922 880 949 enim
896 928 960 952 sunt

171 955 297 989 spiritus,
315 965 329 983 a
346 958 401 985 Deo
412 967 492 986 suum
509 967 598 988 ortum
623 963 767 994 habentes.
794 966 826 994 ili
850 970 959 1003 quidem

170 1002 199 1028 in
217 1005 381 1038 corporibus
396 1008 502 1035 nostris
518 1009 674 1044 lampadum
688 1011 775 1039 instar
787 1013 921 1047 lucentes,
934 1023 960 1044 et

169 1049 249 1082 quasi
267 1051 394 1078 exstincti
409 1060 457 1087 per
469 1057 680 1089 separalionem,
696 1059 793 1093 agendi
810 1061 960 1089 efficacita-

170 1098 224 1121 tem
240 1096 378 1124 amittunt.
395 1098 462 1125 Nam
480 1104 507 1127 et
527 1108 542 1127 a
567 1103 705 1130 veteribus
723 1106 893 1140 sapientibus
910 1109 959 1135 ho-

169 1141 257 1169 mines
271 1145 443 1178 appellantur
451 1146 518 1181 φῶς,
528 1148 580 1176 hoe.
595 1154 648 1180 est.
665 1151 887 1188 lumen,propter
903 1156 956 1182 vim

168 1188 295 1215 rationis.
315 1189 447 1219 Similiter
459 1198 485 1220 et
501 1195 570 1228 ignis
583 1195 724 1229 dicuntur,
739 1203 768 1224 ut
789 1201 871 1234 patilo
895 1206 957 1235 post

168 1233 373 1267 demonstrabo,
394 1243 538 1274 postquam
555 1243 686 1269 oratioad
703 1249 824 1272 nostratui
841 1254 957 1280 genera-

167 1279 268 1307 tionem
287 1290 433 1317 progressa
452 1285 544 1315 fuerit,
562 1289 682 1322 Angelos
700 1295 789 1317 autem
809 1292 871 1319 dico
900 1295 955 1328 spi-

168 1325 238 1353 ritus
268 1327 522 1364 iuexstinguibilrs,
543 1343 597 1362 non
623 1336 756 1365 habentes
780 1342 952 1374 corporalem

164 1370 378 1405 disjunmionem
392 1381 439 1403 aut
457 1379 670 1412 copulationem.
699 1382 784 1410 Porro
798 1386 951 1414 animorum

164 1421 190 1443 ct
203 1419 361 1452 angelorum
376 1423 583 1452 similitudinem
596 1427 677 1454 etiam
691 1433 748 1457 tres
758 1431 795 1456 illi
806 1433 893 1460 sancti
903 1442 951 1461 ex-

163 1469 327 1495 presserunt
345 1468 421 1500 pueri
443 1477 505 1496 cum
526 1471 602 1498 aiunt
622 1481 628 1498 :
656 1473 815 1507 Berwdicile,
840 1479 951 1512 spiritus

162 1511 187 1533 et
203 1509 299 1536 animm
317 1511 462 1548 iustorum,
482 1515 619 1543 Dominum
633 1520 653 1545 ν.
674 1520 706 1546 Et
724 1528 821 1550 rursus
837 1524 864 1550 in
885 1533 951 1552 can-

162 1555 224 1581 ticis
247 1555 361 1585 Davidcs
380 1559 466 1594 inquit
488 1563 560 1595 :ta1
577 1563 761 1600 [acilangelos
785 1577 847 1596 suos
869 1572 949 1605 spiri-

162 1605 204 1627 tus
226 1602 256 1629 '°.
278 1603 310 1629 Et
329 1605 537 1635 similitudinem
565 1610 686 1644 ipsorum
710 1614 743 1640 ad
770 1616 878 1644 animas
900 1627 950 1645 no-

161 1651 232 1673 stras
248 1648 365 1678 inuuens
380 1651 484 1685 inquit:
508 1654 636 1682 I'elociter
648 1659 746 1686 exaudi
769 1669 818 1692 me,
829 1661 947 1693 Domine.

159 1694 222 1727 quia
238 1694 335 1728 defecit
350 1698 461 1731 spirilus
475 1708 546 1726 meus
559 1701 588 1726 “.

386 1743 645 1776 INTERROGATIO
665 1749 721 1777 LX.

196 1784 340 1817 Quomodo
354 1795 418 1815 vero
437 1790 507 1824 ignis
522 1793 593 1826 apud
614 1802 664 1822 nos
686 1796 766 1824 habet
783 1799 836 1824 vim
852 1801 947 1828 urendi

159 1829 232 1863 ligna
249 1837 276 1857 et
291 1834 440 1866 quamlibet
462 1838 622 1872 materiam;
639 1848 774 1874 supernus
790 1848 880 1871 autem
894 1854 948 1872 non

159 1875 250 1902 adurit
263 1878 353 1905 aridas
368 1880 492 1913 arbores,
515 1887 563 1909 aut
591 1885 682 1911 ovium
707 1888 817 1918 vellera.
840 1891 881 1916 vel
902 1899 948 1918 ca-

159 1920 239 1954 pillos
254 1928 362 1951 nostros
380 1926 430 1952 soli
444 1929 601 1961 expositos?

476 1971 628 2007 Responsio.

195 2012 236 2039 Sit
254 2014 311 2048 ipse
329 2016 379 2043 hac
399 2017 424 2044 in
441 2023 516 2052 parte
537 2022 578 2047 sol
600 2023 777 2059 prmdagogus
796 2032 897 2060 noster,
915 2037 946 2056 ac

158 2058 255 2086 doceat
270 2069 320 2089 nos
344 2066 398 2089 tam
418 2065 471 2096 sui,
489 2075 569 2100 quatit
586 2069 647 2101 ejus
670 2071 715 2104 qui
738 2073 809 2107 apud
831 2081 881 2101 nos
894 2081 946 2109 est,

157 2105 227 2140 ignis
243 2109 446 2141 cognationem.
462 2111 529 2138 Nam
552 2122 739 2148 saepenumero
754 2119 836 2153 aliqui
849 2128 947 2155 capra—

158 2152 202 2181 Ill,
215 2156 261 2178 aut
279 2153 400 2187 bubulci,
419 2161 465 2182 aut
480 2163 603 2191 pastores
618 2169 750 2195 equorum
773 2164 799 2190 in
820 2164 947 2192 taberna—

156 2196 226 2224 culis
251 2199 382 2226 solitariis
402 2205 523 2235 agentes,
544 2211 606 2230 cum
634 2213 752 2240 coquere
773 2215 871 2236 carnes
898 2215 944 2237 aut

157 2243 292 2270 irumenta
307 2245 411 2277 volunt,
427 2248 529 2275 nuindo
545 2249 632 2277 vitreo
651 2259 714 2279 vase
732 2261 802 2288 aqua
820 2254 942 2290 impleto,

155 2288 177 2314 si
195 2296 228 2315 ex
244 2292 369 2324 opposito
384 2293 515 2321 solarium
532 2297 671 2324 radiorum
696 2299 722 2326 id
743 2301 891 2334 tenuerint,
905 2306 944 2330 te-

156 2336 319 2371 Iigerintque
330 2345 392 2365 cum
408 2347 473 2367 vase
487 2343 602 2375 aquario
618 2344 709 2372 limum
729 2346 848 2380 aridum,
867 2356 882 2375 a
895 2357 943 2376 su-

155 2389 239 2415 perno
254 2382 356 2411 lumine
372 2384 460 2419 ignem
477 2383 645 2423 concipiunt.

372 2441 631 2475 INTEIIROGATIO
652 2449 718 2477 LXI.

190 2485 328 2514 Tenebras
343 2489 404 2524 quis
427 2490 509 2518 fecit?
532 2492 602 2520 Num
625 2495 714 2524 Deus?
737 2505 771 2525 an
800 2500 835 2527 ab
863 2501 942 2530 initio

154 2532 285 2560 luerunt?
299 2534 353 2563 Aut
368 2545 433 2563 num
455 2538 582 2568 diabolus
603 2549 650 2569 eas
676 2543 751 2575 fecit,
773 2547 942 2575 utadversa—

154 2578 213 2604 rius
244 2579 330 2607 lucis?
352 2581 529 2612 Arbitrantur
554 2587 626 2613 enim
653 2589 786 2625 plerique,
809 2593 881 2626 quod
907 2595 942 2622 ab

154 2624 231 2651 initio
244 2625 345 2654 fuerint
362 2634 425 2656 ante
447 2631 590 2660 mundutn.
608 2624 748 2670 Nusquam
764 2639 837 2665 enim
853 2639 942 2669 Moses

153 2670 230 2704 dicit,
248 2673 321 2707 quod
335 2674 436 2710 aliquis
452 2679 580 2707 tenebras
597 2679 704 2714 fecerit,
723 2684 771 2711 sed
789 2685 862 2720 quod
880 2686 940 2715 [υθ-

153 2716 218 2744 rint.

187 2807 198 2822 '
217 2807 283 2834 Gen.
306 2816 325 2842 I,
343 2810 369 2836 5.
409 2811 419 2826 °
440 2811 506 2839 Dan.
527 2822 566 2846 Ill,
583 2815 627 2844 86.
667 2817 688 2831 ”
708 2816 780 2844 Psal.
797 2827 855 2854 cut,
875 2820 901 2848 4.

186 2865 254 2902 (19⁸)
269 2868 435 2903 Συγγενεῖς.
453 2869 533 2901 Forte
547 2875 686 2908 συγγενές.
701 2874 779 2903 Enn.

731 127 759 154 S.
779 128 930 158 CAESAR"
949 130 1113 161 GREGORII
1134 134 1284 163 FRATRIS

1761 147 1818 177 928

1311 198 1436 226 [ΙΕΥΣΙΣ
1457 198 1523 228 NH‘.

1057 239 1155 272 Καλῶς
1178 240 1227 275 μὲν
1251 240 1307 276 ἔχει
1328 243 1361 268 τά
1387 244 1538 279 εἰρημένα,
1561 245 1629 273 ἀλλὰ
1655 249 1724 284 ἡμῖν
1748 252 1817 288 περὶ

1022 284 1194 322 ἀστραπῆςὴ
1221 287 1344 323 ζήτησις.
1372 289 1452 316 Ἀλλὰ
1475 291 1539 326 περὶ
1560 293 1694 326 γενέσεως
1713 284 1814 333 πυρὸς,

1022 332 1074 358 ποῦ
1093 330 1169 360 εἶπεν
1185 335 1199 360 ὁ
1213 334 1289 367 Θεὸς,
1306 335 1450 371 Γενηθήτω
1464 337 1534 373 πῦρ;

1334 382 1509 416 Ἀπόκρισις.

1056 424 1159 459 Μωσῆς
1184 426 1294 461 γράψει’
1319 428 1374 454 Καὶ
1391 426 1475 455 εἶπεν
1500 431 1517 456 ὁ
1542 431 1622 464 Θεόςί
1650 433 1813 467 Γενηθήτω

1018 469 1091 503 φῶς,
1108 471 1157 498 καὶ
1177 472 1295 506 ἐγένετο
1307 473 1380 508 φῶς,
1395 475 1410 509 ἡ
1426 475 1473 501 τοῦ
1488 475 1572 510 πυρὸς
1585 476 1706 512 δηλονότι
1717 479 1808 514 φύσις.

1019 517 1056 542 οὺ
1073 517 1127 552 γὰρ
1140 518 1220 552 μόνον
1232 519 1263 545 τὸ
1273 521 1337 554 παρ’
1352 522 1417 556 ἡμῖν
1429 521 1484 557 πῦρ
1499 523 1626 559 ὑπάρχει,
1641 525 1709 553 ἀλλὰ
1722 528 1769 553 καὶ
1780 529 1810 554 αι

1017 562 1074 588 ἀνω
1089 562 1218 598 δυνάμεις
1233 565 1288 601 πῦρ
1304 565 1372 593 εἷναί
1393 576 1438 594 ιιοι
1455 568 1574 602 δοκοῦσι,
1586 574 1727 606 ξωγγενείς
1738 574 1808 611 (19“)

1018 606 1064 632 τοῦ
1083 609 1147 643 παρ’
1164 609 1239 644 ἡμῖν.
1585 613 1587 615 ’

1305 658 1431 685 ΠΕΥΣΙΣ
1449 660 1512 688 ΝΘ.

1051 699 1104 725 Καὶ
1123 700 1179 732 πῶς
1195 701 1225 727 τὺ
1240 702 1296 729 ἀνω
1315 703 1362 729 τοῦ
1377 706 1441 740 παρ’
1456 706 1521 741 ἡμῖν
1534 708 1592 734 ἐστι
1606 710 1748 744 συγγενὲς,
1757 712 1805 738 τοῦ

1016 744 1065 779 μὲν
1081 745 1213 772 ἀσϐέστου
1227 747 1314 781 ὄντος,
1328 749 1374 775 τοῦ
1391 750 1419 776 δὲ
1434 751 1635 788 σῦεννυμένου;

1319 840 1348 867 Ἀ
1353 842 1471 876 πόκρισι
1476 853 1501 876 ς.

1049 883 1250 919 Παραπλησὶως
1266 886 1388 920 ἀγγέλων
1409 889 1456 915 καὶ
1471 889 1526 915 τῶν
1547 891 1689 928 ἡμετέρων
1708 893 1803 929 ψυχῶν

1010 929 1040 956 τὸ
1064 930 1156 964 ὅμοιον
1183 931 1255 966 ἔχειν
1282 933 1362 968 φημί.
1396 935 1550 972 ’Λμφότερα
1576 939 1630 973 γὰρ
1658 940 1802 976 πνεύματα

1011 975 1138 1010 ὑπάρχει,
1156 977 1232 1012 παρὰ
1246 978 1313 1005 Θεοῦ
1330 981 1379 1015 τὴν
1395 981 1501 1014 γένεσιν
1521 983 1627 1018 ἔχοντα,
1651 986 1685 1011 τὰ
1700 987 1750 1021 μὲν
1771 988 1801 1013 ἐν

1009 1022 1065 1052 τοῖς
1083 1021 1205 1057 σώμασιν
1227 1024 1306 1059 ήμῶν
1324 1025 1472 1060 λαμπάδων
1495 1028 1573 1064 δίκην
1597 1031 1738 1064 φαίνοντα,
1754 1034 1802 1060 καὶ

1008 1067 1089 1094 οἱονεὶ
1109 1069 1275 1104 σϐεννύμενα
1289 1072 1322 1106 τῇ
1338 1071 1472 1105 sagaces;
1482 1093 1489 1105 ,
1501 1075 1551 1110 τῆς
1565 1075 1706 1110 ἐνεργείας
1720 1079 1802 1105 παυό-

1009 1121 1087 1147 μενα.
1103 1114 1163 1146 Φῶς
1186 1115 1239 1152 γὰρ
1262 1117 1309 1143 καὶ
1334 1117 1425 1153 βροτοὶ
1445 1121 1520 1156 παρὰ
1534 1123 1588 1153 τοῖς
1603 1122 1688 1149 πάλαι
1708 1125 1800 1158 σοφοῖς

1007 1161 1274 1195 προσαγορεύονται,
1291 1162 1328 1194 ὼς
1346 1165 1444 1200 μικρὸν
1460 1165 1572 1202 ὕστερον
1588 1167 1733 1200 ἀποδείξω,
1752 1170 1799 1196 τοῦ

1007 1203 1084 1238 λόγου
1107 1206 1247 1240 προϊόντος
1266 1208 1312 1233 ἐπὶ
1327 1209 1376 1243 τὴν
1392 1211 1532 1246 ἡμετέραν
1549 1212 1665 1246 γένεσιν.
1690 1213 1761 1246 Τοὺς
1777 1214 1799 1240 δ’

1005 1251 1137 1285 ἀγγέλους
1152 1254 1223 1288 φημὶ
1245 1255 1388 1290 πνεύματα
1405 1257 1523 1284 ἄσϐεστα
1537 1278 1544 1291 ,
1570 1259 1607 1294 μὴ
1625 1259 1720 1295 ἔχοντα
1744 1269 1798 1287 σω-

1007 1298 1122 1332 ματικὴν
1139 1299 1285 1332 συνάφειαν
1302 1302 1349 1327 καὶ
1361 1301 1511 1329 διάστασιν.
1528 1304 1583 1339 Τὴν
1597 1304 1626 1331 δὲ
1639 1305 1733 1340 ψυχῶν
1750 1307 1798 1333 καὶ

1004 1343 1127 1377 ἀγγέλων
1147 1345 1303 1380 ὁμοιότητα,
1318 1347 1363 1373 καὶ
1378 1348 1403 1373 οἱ
1425 1350 1497 1383 τρεῖς
1521 1350 1594 1383 ἆγιοι
1620 1351 1799 1386 παρέστησαν

1003 1390 1106 1421 παῖδες,
1123 1390 1282 1426 Εὑλογεῑτε
1293 1412 1301 1424 ,
1317 1393 1465 1427 φάσκοντες
1477 1415 1483 1427 ,
1499 1397 1653 1430 πνεύματα
1670 1398 1719 1424 καὶ
1736 1400 1798 1432 ψυ-

1002 1435 1051 1469 χαὶ
1069 1435 1202 1469 δικαίων,
1215 1438 1269 1464 τὸν
1282 1439 1399 1473 Κύριον.
1415 1440 1469 1466 Καὶ
1486 1441 1565 1467 πάλιν
1579 1442 1608 1467 ὲν
1626 1442 1771 1477 μελῳδίαις
1781 1445 1797 1470 ὁ

1003 1481 1083 1506 Δαϐἰδ
1098 1490 1191 1516 φησιν·
1213 1483 1242 1509 '0
1255 1484 1348 1510 ποιῶν
1358 1485 1427 1518 τοὺς
1443 1486 1590 1521 ἀγγέλους
1600 1488 1694 1514 αὐτοῦ
1707 1490 1798 1516 πνεύ-

1000 1537 1089 1562 ματα.
1099 1529 1135 1554 Τὸ
1148 1529 1170 1555 δ’
1184 1530 1276 1564 ὅμοιον
1285 1530 1373 1557 αὐτῶν
1387 1532 1453 1566 πρὸς
1467 1532 1516 1564 τὰς
1527 1533 1605 1568 ἡμῶν
1619 1533 1708 1569 ψυχὰς
1721 1543 1795 1570 παρ-

1005 1574 1096 1605 ιστῶν,
1119 1575 1199 1610 φησί*
1229 1576 1308 1610 Ταχὺ
1333 1577 1518 1605 εἰσάκουσόν
1539 1588 1610 1613 μου,
1626 1581 1731 1614 Κύριε,
1747 1580 1796 1614 ἐξ-

1002 1619 1088 1646 έλιπε
1104 1620 1137 1646 τὸ
1153 1622 1271 1656 πνεῦμά
1282 1631 1352 1656 μου.

1318 1760 1439 1787 ΙΙΕΥΣΙΣ
1456 1761 1492 1788 Ξ¹.

1034 1804 1090 1830 Καὶ
1101 1804 1160 1836 πῶς
1169 1805 1198 1831 τὺ
1209 1806 1273 1842 παρ’
1287 1807 1351 1841 ἡμῖν
1368 1807 1433 1842 πῦρ,
1448 1809 1595 1835 καυστικὸν
1611 1809 1728 1846 ὑπάρχει
1737 1810 1792 1837 τῶν

999 1848 1095 1881 ξύλων.
1110 1850 1157 1876 καὶ
1170 1851 1260 1886 πάσης
1273 1851 1338 1886 ὕλης
1350 1860 1356 1866 ·
1369 1853 1399 1878 τὸ
1413 1853 1436 1879 δ’
1450 1853 1505 1880 ἅνω
1515 1855 1546 1880 οὐ
1561 1855 1654 1888 φλέγει
1668 1856 1712 1887 τὰ,
1721 1856 1792 1891 ξηρὰ

999 1895 1052 1922 τῶν
1067 1896 1191 1931 δένδρων,
1210 1897 1226 1931 ἢ
1244 1898 1278 1924 τὰ
1303 1898 1363 1933 ἔρια
1379 1899 1432 1925 τῶν
1453 1899 1608 1935 προϐάτων,
1620 1901 1636 1936 ἢ
1649 1901 1697 1934 τὰς
1711 1902 1789 1938 ἡμῶν

998 1940 1095 1976 τρίχας
1110 1941 1264 1977 ἡλιωμένας
1278 1951 1285 1975 ;
1307 1938 1310 1943 ’

1310 1990 1486 2023 Ἀπόκρισις.

1038 2031 1068 2058 Ὀ
1085 2032 1159 2068 ἥλιος
1174 2033 1224 2068 μὲν
1241 2035 1413 2070 παιδαγωγὸς
1429 2037 1550 2072 γένηται,
1566 2038 1700 2067 διδάσκων
1717 2042 1789 2077 ἡμᾶς

997 2078 1044 2104 τοῦ
1072 2079 1174 2106 οἰκείου
1196 2081 1282 2116 πυρὸς
1304 2083 1350 2108 καὶ
1371 2082 1417 2109 τοῦ
1442 2084 1506 2118 παρ’
1532 2085 1599 2119 ἡμῖν
1617 2085 1667 2121 τὴν
1690 2087 1787 2121 συγγέ-

997 2133 1081 2151 νειαν.
1092 2126 1224 2158 Πολλάκις
1240 2127 1292 2164 γάρ
1307 2137 1380 2160 τινες
1392 2129 1446 2155 τῶν
1459 2131 1576 2157 αἰπόλων
1591 2132 1607 2167 ἦ
1621 2132 1755 2167 βουκόλων
1770 2134 1786 2168 ἢ

998 2172 1185 2208 ἱπποφορϐῶν,
1205 2175 1234 2201 ἐν
1258 2178 1370 2210 σκηναῖς
1386 2177 1429 2202 ἐπ’
1448 2178 1560 2212 ἐρήμων
1574 2179 1725 2213 διάγοντες,
1740 2181 1787 2208 1:5—

998 2218 1047 2251 om
1062 2218 1131 2253 κρέα
1150 2219 1166 2254 ἢ
1187 2221 1249 2247 σῖτα
1265 2221 1431 2257 βουλόμενοι,
1444 2223 1524 2250 ὑάλου
1552 2225 1676 2261 καθαραῖς
1692 2227 1787 2259 σκεῦος

997 2264 1192 2300 πληρώσαντες
1224 2267 1330 2299 ὓδατος,
1352 2269 1399 2295 καὶ
1430 2270 1543 2306 ἀντικρὺ
1581 2272 1636 2298 τῶν
1669 2273 1786 2307 ἡλιακῶν

996 2310 1113 2337 ἀκτίνων
1129 2313 1331 2348 κρατήσαντες,
1349 2315 1373 2340 εἰ
1387 2315 1518 2348 ψαύσειαν
1526 2318 1558 2352 τῇ
1572 2317 1686 2354 ὑδροχόῃ
1703 2318 1787 2350 δνιδος

997 2355 1097 2391 ξηρᾶς,
1113 2358 1145 2384 ὲκ
1166 2359 1214 2394 τῆς
1237 2359 1339 2386 ἄνωθεν
1358 2362 1533 2398 φρυκτωρίας
1549 2363 1581 2389 τὸ
1601 2364 1658 2399 πῦρ
1672 2364 1786 2399 ἐφυτεύ-

999 2411 1088 2430 παντο.

1289 2462 1414 2489 ΠΕΥΣΙΣ
1435 2462 1496 2490 ΞΝ.

1032 2505 1070 2531 Τὸ
1083 2506 1176 2538 σκότος
1195 2506 1240 2538 xi;
1262 2507 1387 2543 ἐποίησε;
1404 2509 1419 2544 ἢ
1440 2509 1582 2544 ἁρχίγονον
1598 2511 1654 2546 (20)
1671 2510 1715 2548 ἦν,
1730 2513 1746 2549 ἢ
1769 2513 1784 2539 ὁ

995 2552 1118 2584 διάϐολος
1137 2553 1202 2579 αὐτὸ
1217 2554 1352 2589 ἐποίησεν,
1374 2555 1411 2587 ὡς
1426 2556 1590 2588 ἀπεναντίας
1609 2557 1656 2584 τοῦ
1680 2559 1781 2593 φωτός;

995 2599 1152 2634 Νομίζομεν
1165 2600 1202 2631 δὲ,
1213 2600 1254 2626 ὅτι
1267 2598 1301 2636 ἦν
1316 2602 1428 2636 ἀρχαῖον
1441 2603 1494 2638 πρὸ
1506 2602 1553 2629 τοῦ
1572 2604 1687 2639 κόσμου.
1700 2605 1783 2633 Οὐδα-

998 2644 1048 2680 μοῦ
1061 2646 1115 2681 γὰρ
1125 2646 1198 2681 λέγει
1208 2647 1365 2683 Μωσῆς,ὅτι
1381 2648 1493 2684 ἐποίησέ
1509 2658 1550 2681 τις
1561 2650 1590 2677 τὸ
1612 2651 1719 2686 σκότος,
1728 2651 1782 2679 ἀλλ’

995 2692 1035 2717 ὅτι
1051 2689 1094 2726 ἦν.

943 2822 961 2838 “
984 2822 1058 2850 Psal.
1077 2830 1160 2856 cun,
1180 2824 1204 2849 7.

1023 2880 1078 2916 (ΞΟ)
1105 2881 1284 2916 Ἀρχίγονον.
1297 2881 1378 2911 Forte
1394 2882 1552 2918 ἀρχέγονον.
1565 2883 1610 2912 Ι».
