1920 3046
122 131 180 160 99.9

441 190 619 225 Ἀπόκρισις.

163 235 233 263 Οὔτε
254 238 268 264 6
287 237 355 270 Θεὸς
376 237 441 264 αὐτὸ
454 238 592 273 ἐποίησεν,
610 236 673 264 οὔτε
686 238 701 264 6
717 236 847 269 διάϐολος,
862 236 924 264 οὔτε

126 282 293 317 προϋπῆρχε
316 281 364 308 τοῦ
387 282 527 317 ὁρωμένου
553 282 658 317 κόσμου
675 289 682 296 ·
706 282 792 308 πᾶσαι
817 281 872 316 γὰρ
894 281 924 306 ἐν

125 327 198 362 φωτὶ
222 327 317 362 διῆγον
332 328 366 362 ia!
383 328 500 363 ἄσαρκοι
525 328 580 354 τῶν
595 327 720 362 ἀγγέλων
738 328 840 363 χορεῖαι
854 346 862 358 ,
878 327 924 353 καί

125 373 182 407 πρὸ
198 373 244 398 τοῦ
260 372 386 406 γενέσθαι
401 373 447 399 τὸν
459 374 576 409 κόσμον·
588 374 646 400 ἀλλ’
668 374 866 408 ὑπερταθέντος
875 375 923 401 τοῦ

123 419 254 454 οὐρανίου
283 419 409 455 σώματος
421 441 429 453 ,
453 420 548 457 ὥσπερ
563 422 595 448 ὲκ
618 422 781 458 φράγματος
797 431 870 454 τινος
884 423 923 458 τῷ

123 466 335 501 ἀποσκιάσματι
349 467 510 502 παρυπέστη
525 467 554 494 τὸ
566 468 671 500 σκότος.
680 469 752 495 κατὰ
765 469 814 505 τὴν
831 470 923 497 εἰκόνα

123 512 174 538 τοῦ
190 513 220 538 ἐν
235 512 358 549 σταθηρᾷ
370 513 541 548 μεσημΰρίᾳ.
557 514 659 550 σκηνὴν
674 516 705 541 ἐκ
731 516 836 550 πυκνῆς
850 524 922 549 τινος

124 560 175 585 καὶ
199 558 333 594 στεγανῆς
356 558 421 593 ὕλης
441 559 531 595 ἑαυτῴ
551 561 784 596 περιπηξὰμενος.
806 562 922 596 Ὁμοίως

124 605 174 631 καὶ
191 606 224 631 ὲκ
248 605 303 631 τῶν
327 605 542 641 ναυτιλλομένων
563 607 762 642 παιδευόμεθα,
779 608 851 634 κατὰ
872 608 922 642 τῆς

123 650 280 686 ἐπομϐρίας
308 651 455 686 ὑπερτάσει
478 652 597 687 δέρῤεων
625 652 843 679 ἐπισκοτοὺντων
873 653 921 689 τὴν

119 695 237 723 ὁλκάδα.
253 697 288 722 "H
304 697 328 723 εἰ
341 696 378 732 μὴ
393 697 565 728 τοῦτο,δοκπί
581 707 635 733 μοι,
645 708 677 726 εκ
689 699 738 734 τῆς
753 699 919 734 ὀμιχλώδους

123 742 337 777 ἀναθυμιάσεως
352 743 402 778 τῆς
420 743 542 770 ᾱὸύσσου
557 745 746 780 παχυνομένης
759 745 809 780 τῆς
822 745 921 780 ἀχλύος

123 789 173 814 καὶ
193 788 248 814 τῶν
265 789 370 824 ἀτμῶν,
381 790 411 815 τὸ
426 790 521 821 σκότος
537 790 713 817 συνίστασθαι
728 791 844 825 πέφυκε.
865 791 920 818 Καὶ

121 833 210 862 εἶπεν
229 837 246 862 ό
263 837 353 869 Θεός·
367 837 526 870 Γενηθήτω
545 836 618 871 φῶς.
639 837 736 873 Πρώτη
755 837 823 864 Θεοῦ
844 838 919 873 φωνὴ

122 882 184 916 φῶς
199 882 428 918 ἐδημιούργησεν,
443 883 511 918 ὅπερ
521 885 568 910 καὶ
584 883 836 920 ήμέρανέκάλεσεν,
846 883 921 920 ἡδείᾳ

123 929 176 954 τινὶ
190 928 363 963 προσηγορίᾳ
372 930 491 964 τιμήσας
501 929 531 956 τὸ
558 932 644 964 πρᾶον
660 931 706 956 καὶ
716 931 828 966 ἥμερον,
840 931 918 957 Ἔστι

124 975 175 1010 μὲν
185 975 240 1010 γὰρ
252 975 297 1000 καὶ
311 974 393 1009 ἕτερα
415 975 556 1010 ἱστορῆσαι
576 975 654 1009 φῶτα
669 978 733 1011 παρ’
744 976 826 1003 αὑτοῦ
843 978 918 1010 γενό-

124 1030 207 1057 μενα’
227 1019 292 1054 οἷον,
312 1021 341 1048 τὸ
353 1021 437 1057 πυρὸς
453 1022 491 1056 τῷ
501 1022 594 1048 Monet
609 1022 821 1057 φανταζόμενον,
838 1023 918 1058 ἡνίκα

120 1069 172 1103 τὴν
192 1067 273 1102 βάτον
295 1067 397 1098 ἔκαιεν,
416 1068 445 1093 οὑ
461 1067 589 1093 κατέκαιε
605 1067 643 1098 δὲ,
657 1067 700 1094 ἵνα
719 1068 763 1094 καὶ
777 1068 825 1103 τὴν
837 1068 918 1102 φύσιν

121 1114 286 1150 παραδείξῃ,
297 1113 344 1140 καὶ
357 1113 477 1149 γνωρίσῃ
491 1114 541 1148 τὴν
556 1112 669 1148 δύναμιν
680 1122 685 1127 ·
699 1113 755 1148 φῶς
766 1115 796 1140 τὸ
807 1115 836 1140 ἐν
854 1113 918 1140 στύ-

119 1161 161 1196 λῳ
181 1161 268 1195 πυρὸς
283 1160 330 1186 τοῦ
348 1160 456 1195 Ἰσραὴλ
474 1159 690 1196 προηγούμενον,
705 1161 751 1186 καὶ
770 1161 917 1195 ἡμερῶσαν

120 1206 171 1241 τὴν
189 1206 292 1240 ἔρημον
305 1213 312 1220 ·
327 1205 386 1239 φῶς
406 1205 437 1230 τὸ
457 1205 520 1236 τοὺς
541 1205 671 1239 ποιμένας
688 1204 895 1240 περιαστράψαν
908 1213 914 1220 ·

120 1252 180 1286 φῶς
206 1251 252 1278 τὸν
271 1251 364 1277 ἸΙλίαν
379 1250 505 1286 ἁρπάσαν
527 1251 556 1276 ἐν
579 1249 616 1285 τῷ
637 1251 721 1286 πυρὸς
743 1251 856 1286 ἅρματι,
870 1251 917 1277 καὶ

121 1298 159 1333 μὴ
179 1297 336 1332 συμφλέξαν
347 1297 393 1323 τὸν
408 1297 596 1332 ἁρπαζόμενον
611 1304 620 1312 ·
636 1297 693 1330 φῶς
705 1297 735 1322 τὸ
747 1297 810 1328 τοὺς
821 1297 916 1331 ποιμέ-

118 1353 169 1375 νας
186 1343 406 1378 περιαστράψαι),
419 1343 500 1378 ἡνίκα
510 1343 541 1368 τὸ
552 1343 666 1378 ἄχρονον
677 1343 734 1377 φῶς
751 1343 788 1378 τῷ
798 1343 916 1378 χρονικῴ

119 1389 297 1423 ὲπεψοίτησε,
315 1388 432 1422 Χριστός
442 1397 448 1402 “
466 1387 524 1421 φῶς
538 1387 568 1413 τὸ
580 1387 625 1413 τοῦ
641 1387 792 1422 δραμόντος
802 1389 916 1424 ἀστέρος

117 1435 148 1461 ἐν
164 1434 300 1470 Βηθλεὲμ,
312 1435 354 1460 ἵνα
366 1435 413 1461 καὶ
432 1434 544 1467 Μάγους
562 1434 692 1470 ὑδηγήσῃ,
705 1435 752 1461 καὶ
765 1435 916 1471 δορυιρορή-

119 1489 155 1518 σῃ
175 1481 206 1507 τὸ
220 1481 290 1516 ὑπὲρ
306 1481 379 1515 ἡμᾶς
397 1480 454 1514 φῶς
472 1480 531 1515 μεθ’
545 1479 624 1515 ἡμῶν
641 1481 801 1515 γενόμενον·
823 1481 881 1515 φῶς
896 1483 912 1517 ἡ

117 1526 331 1562 παμδειχθεῖσα
355 1527 450 1561 θεότης
464 1526 509 1552 ἐπὶ
525 1526 572 1552 τοῦ
596 1526 675 1561 ὄρους
695 1528 750 1558 τοῖς
769 1527 912 1562 μαθηταῖς,

119 1573 220 1608 μικροῦ
242 1572 408 1608 στερροτέρα
428 1573 474 1598 καὶ
489 1572 592 1607 ὂψεως·
612 1573 669 1606 φῶς
686 1573 701 1608 ἡ
715 1573 819 1599 Παῦλον
835 1582 912 1608 περι-

116 1620 284 1655 αστράψασα
301 1619 446 1653 φαντασία,
461 1619 507 1645 καὶ
521 1619 611 1654 πληγῇ
625 1619 674 1654 τῆς
690 1618 778 1654 ὂψεως
790 1620 835 1646 τὸν
851 1620 913 1646 σκό-

115 1674 162 1692 τον
176 1666 226 1701 τῆς
250 1665 340 1700 ψυχῆς
362 1665 569 1699 θεραπεύουσα·
586 1665 644 1699 φῶς
658 1666 704 1691 καὶ
724 1666 829 1692 ἐκεῖθεν
846 1666 914 1701 λαμ-

114 1712 222 1748 πρότης
243 1713 300 1742 τοῖς
322 1711 440 1738 ἐνταῦθα
462 1711 691 1746 κεκαθαρμένοις,
708 1712 789 1746 ἡνίκα
810 1712 913 1747 ἐκλάμ-

113 1759 214 1793 ψουσιν
236 1758 261 1784 οἱ
276 1757 386 1789 δίκαιοι,
407 1757 443 1788 ὼς
463 1758 476 1783 ὁ
492 1758 577 1792 ἣλιος,
593 1754 630 1783 ὧν
644 1757 751 1784 ἵσταται
763 1758 777 1783 6
791 1758 866 1790 Θεὸς.
884 1759 912 1785 ἐν

116 1805 194 1840 μέσῳ
215 1804 284 1830 θεῶν
310 1805 357 1830 καὶ
378 1804 511 1839 βασιλέων
533 1803 707 1835 διαστέλλων,
728 1805 774 1831 καὶ
801 1805 912 1840 διαιρῶν

115 1851 185 1886 πρὸς
201 1850 280 1883 ἀξίαν
295 1851 404 1885 ἑκάστῳ
414 1850 468 1876 τῶν
486 1850 663 1885 βεὸιωμὲνων
677 1851 711 1877 τὰ
735 1851 839 1878 ἔπαθλα
863 1852 912 1887 τῆς

114 1896 220 1922 ἐκεῖθεν
251 1896 453 1931 μακαριότητος
471 1903 479 1910 ”
502 1896 560 1930 φῶς
585 1897 632 1922 καὶ
657 1897 673 1931 ἡ
694 1895 732 1931 τῷ
759 1898 911 1933 προπάτορι

113 1943 194 1978 ἡμῶν
205 1942 315 1969 δοθεῖσα
325 1943 354 1969 ἐν
366 1942 523 1978 παραδείσῳ
533 1942 627 1978 ἐντολή
639 1950 644 1956 ·
654 1943 772 1977 Λύχνος
782 1941 836 1977 γὰρ
850 1944 911 1976 τοῖς

113 1989 189 2014 ποσί
200 1997 260 2022 μου
267 1990 284 2014 ό
292 1987 384 2022 νόμος
392 1996 450 2014 σου
459 1987 577 2022 καὶςεῶς
585 1988 649 2021 ταῖς
663 1989 773 2022 τρίϐοις
780 1989 820 2019 (21
829 1995 910 2024 mou,

115 2034 199 2069 (ρης-ἰν
207 2035 221 2060 6
231 2033 324 2064 Δαῆὶδ,
334 2034 349 2059 ὁ
357 2033 410 2060 τῶν
421 2033 500 2060 θείων
516 2034 643 2069 μελῳόός.
653 2034 791 2066 Φῶςέστιν
803 2035 849 2061 καὶ
859 2037 911 2070 ἡὲν

114 2081 181 2115 ἡμῖν
192 2079 239 2106 τοῦ
249 2080 329 2113 λόγου
340 2079 466 2115 δύναμις,
486 2081 687 2108 κατευθύνουσα
696 2082 774 2116 ἡμῶν
786 2081 820 2108 τὰ
840 2082 910 2109 κατὰ

114 2126 182 2152 Θεὸν
199 2126 358 2161 διαδήματα
370 2134 376 2140 ·
385 2125 442 2160 φῶς
454 2127 498 2153 καὶ
511 2126 540 2152 τὸ
555 2127 625 2162 ὑπὲρ
644 2127 711 2154 Θεοῦ
733 2128 909 2164 μαρτυρῆσαν

116 2172 163 2198 καὶ
171 2171 202 2197 τὸ
217 2171 284 2206 πρὸς
299 2171 381 2198 αὑτὸν
401 2172 497 2207 πυρσῷ
515 2172 565 2207 τῆς
583 2172 709 2207 θεότητος
721 2175 845 2209 πατῆσαν
860 2174 909 2210 τὴν

114 2219 202 2252 ιρλόγα
219 2218 268 2253 τῆς
280 2217 394 2253 πλάνης,
409 2217 446 2249 ὡς
456 2219 480 2243 οἱ
495 2219 560 2253 περὶ
576 2219 699 2246 Ἀνανίαν
712 2220 741 2245 ἐν
758 2221 908 2254 Βαϐυλῶνι,

114 2265 143 2290 ὲν
154 2264 226 2299 μέσῃ
241 2264 356 2298 καμίνου
371 2263 450 2298 φλογὶ
483 2263 652 2299 χορεύοντες,
675 2265 742 2300 μηδὲ
758 2265 812 2291 τῶν
823 2275 908 2302 σαρα-

113 2310 205 2346 ϐἀρων
220 2311 313 2342 αὐτοῖς
326 2309 512 2345 φθειρομένων
524 2319 530 2326 ⁸
545 2310 602 2344 φῶς
617 2311 693 2346 παρὰ
702 2311 789 2338 ταῦτα
801 2312 907 2348 ἰδιοτρό-

112 2364 171 2388 πως
186 2358 200 2382 6
214 2356 260 2382 τοῦ
272 2356 459 2391 βαπτίσματος
477 2356 616 2391 φωτισμός
627 2364 633 2370 “
650 2356 708 2390 φῶς
721 2357 789 2393 ὑπὲρ
807 2358 906 2390 πάντα,

112 2402 169 2436 ἠὲν
187 2402 221 2436 τῇ
233 2401 293 2437 θεία
315 2402 411 2437 Τριάδι
431 2402 554 2437 ἰσοκλεὴς
568 2402 615 2428 καὶ
634 2402 784 2437 ἀμώμητος
805 2404 905 2436 πίστις.

112 2448 167 2475 Καὶ
183 2445 260 2479 εἶπεν
271 2449 284 2474 6
294 2447 359 2479 θεός
369 2447 539 2481 Τενηθήτω
552 2447 625 2482 φῶς,
637 2448 687 2474 καὶ
707 2448 823 2483 ἐγένετο
831 2449 904 2484 φῶς.

111 2494 166 2521 Καὶ
179 2494 327 2521 ἐκάλεσεν
342 2495 359 2520 ὀ
374 2493 446 2526 Θεὸς
459 2493 492 2520 τὸ
503 2493 566 2528 φῶς
582 2494 706 2528 ἡμέραν,
724 2495 773 2520 καὶ
785 2495 817 2521 τὸ
830 2496 904 2522 σκό-

111 2549 161 2574 τος
180 2540 309 2567 ἐκάλεσε
322 2540 428 2568 νύκτα.

408 2631 532 2657 ΠΕΥΣΙΣ
550 2631 608 2656 EB’.

146 2674 179 2702 Τί
190 2673 252 2708 οὖν;
263 2675 327 2703 ἄλλο
337 2676 395 2702 ἐστὶ
406 2676 473 2711 φῶς,
485 2676 531 2703 καὶ
543 2676 606 2703 ἄλλο
619 2676 710 2712 ἡμέρα
721 2677 754 2712 ;ἢ
769 2677 832 2704 ἄλλο
843 2677 901 2711 νὺξ,

110 2722 157 2749 καὶ
168 2722 234 2749 ἄλλο
251 2723 344 2755 σκότος
353 2731 360 2755 ;

147 2786 168 2802 ¹¹
185 2786 253 2819 Gen.
270 2794 290 2817 ι,
305 2786 332 2812 5.
372 2786 393 2801 ¹³
410 2785 483 2814 Psal.
501 2793 585 2813 cxvul
615 2785 678 2817 105,

144 2855 201 2890 (21)
216 2851 283 2884 Ταῖς
299 2855 438 2888 τρίϐοις...
451 2854 514 2889 φῶς
522 2855 618 2882 ἐστιν.
635 2853 698 2881 llaec
711 2855 897 2889 supplevimus

107 2898 140 2919 ex
156 2891 306 2926 interprete
322 2891 438 2918 :desunt
462 2891 534 2918 enim
559 2890 587 2917 in
616 2894 690 2918 textu
709 2891 788 2917 codd.
807 2891 897 2918 edito-

838 133 1014 162 DlALOGUS
1029 135 1050 164 l.

718 2785 739 2800 “
759 2785 816 2814 Gen
844 2794 863 2819 ι,
881 2787 908 2820 5,
923 2788 950 2817 5.

1718 137 1770 166 930

1292 191 1446 227 Responsio.

1012 234 1106 270 Neque
1123 235 1195 265 Deus
1220 237 1294 273 ipsas
1318 238 1393 270 fecit.
1416 246 1504 273 neque
1527 239 1664 272 diabolus,
1680 247 1768 275 neque

978 281 1055 316 prius
1073 282 1194 314 luerunt,
1210 292 1292 318 quam
1307 285 1483 320 aspectabilis
1505 285 1548 313 hic
1563 287 1692 314 mundus.
1707 286 1769 314 0m-

978 335 1027 355 nes
1040 329 1113 356 enim
1126 330 1286 365 angelorum
1305 331 1381 358 chori
1399 332 1492 359 carnis
1514 337 1641 366 expertes
1653 333 1769 368 agebam

977 374 1005 400 in
1031 374 1102 406 luce,
1126 375 1209 402 etiam
1235 381 1380 411 antequam
1400 378 1519 404 mundus
1544 379 1630 411 lieret,
1655 379 1702 406 sed
1720 387 1769 406 su-

977 427 1061 454 perne
1071 425 1187 448 extenso
1201 422 1307 450 cwlesti
1327 431 1451 458 corpore,
1466 423 1544 458 quasi
1560 425 1595 451 ab
1607 429 1686 459 septo
1699 433 1762 460 quo-

977 465 1040 493 dam
1056 474 1105 502 per
1119 467 1355 496 obumbrationem
1369 470 1489 497 tenebrm
1503 470 1656 502 subierunt,
1672 478 1767 506 quem-

977 511 1126 540 admodum
1141 514 1163 540 si
1179 514 1205 540 in
1223 514 1279 540 alto
1295 515 1408 542 meridie
1430 517 1618 543 umbraculum
1633 524 1665 543 ex
1683 517 1767 544 densa

976 558 1068 593 aliqua
1089 559 1232 594 solidaque
1259 562 1371 588 materie
1394 562 1496 589 circmn
1520 571 1549 590 se
1575 563 1673 597 aliquis
1693 563 1762 597 ligat.

976 603 1050 630 Idem
1071 612 1104 631 ex
1120 605 1315 640 navigantibus
1336 606 1479 638 discimus,
1500 608 1546 642 qui
1566 608 1697 635 adversus
1719 609 1768 634 in.-

975 650 1039 677 bres
1064 652 1232 685 expansioue
1260 653 1369 687 pellium
1392 653 1557 681 obumbrant
1583 662 1688 682 navem.
1711 655 1767 682 Aut

975 696 998 724 si
1015 697 1067 725 hoc
1085 706 1138 724 non
1161 703 1214 731 est,
1230 700 1338 726 videtur
1361 700 1427 727 mihi
1449 709 1481 727 ex
1505 701 1636 728 nebulosa
1652 702 1766 728 exhala-

975 744 1048 771 tione
1063 744 1154 779 abyssi
1171 745 1286 772 densata
1304 746 1420 782 caligine
1434 752 1459 774 et
1477 747 1624 782 vaporibus
1638 748 1766 775 tenebras

974 794 1050 818 ortas
1066 799 1136 818 esse.
1155 791 1187 818 Et
1209 793 1278 819 dixit
1297 793 1367 819 Deus
1383 800 1393 819 :
1409 792 1473 820 Fiat
1498 794 1543 820 lux
1559 795 1591 820 η.
1608 793 1699 821 l’rima
1716 793 1765 821 Dei

973 844 1026 864 vox
1044 837 1130 865 lucem
1149 839 1314 872 procreavit,
1331 847 1412 874 quam
1431 845 1458 867 et
1470 840 1541 867 diem
1560 845 1650 872 vocat,
1667 848 1764 868 serena

973 883 1091 918 quadam
1112 885 1294 919 appellatione
1316 893 1454 913 exornans
1478 885 1504 913 id
1530 886 1602 921 quod
1628 886 1763 921 placidum

973 932 1001 955 et
1017 933 1190 957 mansuetum
1205 935 1257 957 est.
1283 929 1402 959 Possunt
1423 931 1531 966 quidem
1554 935 1581 960 et
1597 932 1649 958 alia
1666 940 1763 959 nume-

971 974 1025 1000 rari
1043 975 1145 1002 ltuuina
1161 975 1195 1002 ab
1211 975 1271 1011 ipso
1292 975 1375 1006 facta,
1390 981 1485 1011 utpote
1501 978 1591 1004 lumen
1608 978 1679 1013 ignis
1694 978 1762 1005 Mosi

970 1027 1116 1054 apparens,
1139 1024 1248 1056 quando
1269 1022 1369 1049 rubum
1388 1024 1496 1054 urebat,
1512 1031 1600 1058 neque
1617 1024 1764 1051 combure-

969 1066 1016 1093 bat
1033 1071 1133 1098 tamen,
1156 1072 1185 1094 ut
1208 1073 1234 1095 et
1254 1073 1379 1096 naturam
1400 1078 1478 1097 suam
1503 1070 1716 1102 demonstraret.
1734 1075 1762 1099 et

971 1110 1023 1136 vim
1045 1115 1136 1137 ηοιιιιιι
1154 1111 1272 1146 iaceret;
1293 1113 1385 1140 lumen
1407 1114 1480 1149 quod
1504 1115 1530 1142 in
1549 1115 1675 1143 columna
1692 1108 1763 1150 ignis

969 1153 1137 1183 lsraelitieos
1164 1158 1346 1192 pra-cedebat,
1371 1163 1398 1186 et
1416 1160 1650 1187 mansuefacicbat
1669 1161 1763 1188 descr—

969 1205 1044 1234 tum;
1069 1202 1160 1229 lumen
1187 1204 1258 1237 quod
1290 1204 1474 1232 circumfulsit
1501 1210 1641 1240 pastores;
1670 1207 1761 1233 lumen

967 1248 1041 1281 quod
1061 1247 1147 1275 Eliam
1163 1251 1253 1284 rapuit
1269 1250 1296 1277 in
1311 1251 1391 1285 igneo
1413 1259 1507 1284 curru,
1529 1257 1692 1287 raptumque
1707 1261 1762 1280 nou

967 1294 1134 1328 combussit;
1169 1296 1260 1323 lumen
1298 1298 1370 1331 quod
1407 1303 1532 1332 pastores
1562 1298 1760 1332 circumfulsit,

967 1341 1077 1374 quando
1091 1342 1181 1369 lumen
1196 1350 1294 1377 expers
1306 1344 1438 1378 temporis
1455 1345 1487 1371 ad
1506 1345 1657 1379 temporale
1675 1346 1759 1379 venit,

967 1387 1109 1419 Christus;
1130 1387 1220 1414 lumen
1240 1390 1398 1423 apparentis
1417 1389 1501 1416 stella:
1524 1389 1550 1416 in
1570 1389 1761 1424 Belhlehema,

968 1436 996 1458 ut
1013 1436 1040 1459 et
1053 1434 1148 1468 Magos
1166 1433 1192 1460 in
1211 1434 1308 1461 itinere
1330 1436 1454 1466 duceret,
1479 1441 1505 1462 et
1527 1436 1641 1470 stiparet
1657 1437 1761 1464 satelli-

967 1478 1005 1505 tio
1022 1487 1074 1506 suo
1088 1479 1160 1514 quod
1184 1488 1267 1515 supra
1292 1489 1344 1508 nos
1360 1485 1402 1508 est
1421 1482 1522 1513 lumen,
1542 1482 1614 1516 apud
1640 1490 1691 1509 nos
1711 1489 1761 1509 na-

969 1530 1042 1556 lum;
1061 1525 1163 1556 lumen,
1181 1525 1369 1552 demonstrata
1393 1526 1538 1560 discipulis
1566 1526 1592 1553 in
1613 1532 1705 1554 monte
1717 1528 1760 1554 di—

967 1571 1079 1599 vinitas.
1109 1572 1249 1605 paululum
1281 1577 1394 1606 aspectu
1426 1573 1535 1605 durior;
1565 1573 1655 1600 lumen
1685 1573 1760 1608 quod

965 1616 1078 1643 Palilqu
1109 1617 1310 1650 circuli-fulsit,
1348 1618 1427 1652 plaga
1461 1619 1603 1645 oculorum
1631 1619 1759 1648 tenebras

965 1662 1063 1689 anima:
1080 1670 1191 1689 sanans.
1208 1662 1313 1690 Lumen
1329 1668 1371 1690 est
1388 1669 1415 1690 et
1430 1663 1529 1691 futura:
1541 1664 1604 1692 vitae
1618 1665 1757 1699 splendor,

965 1708 992 1735 in
1005 1708 1058 1735 illis
1074 1709 1120 1743 qui
1141 1709 1183 1735 hic
1202 1709 1308 1744 purgati
1327 1713 1403 1741 sunt.
1418 1709 1528 1744 quando
1544 1711 1676 1738 lucehunl
1689 1711 1758 1746 justi

965 1759 993 1782 ut
1005 1756 1055 1787 sul,
1072 1763 1190 1790 quormn
1208 1756 1279 1783 Deus
1293 1757 1422 1784 consistit
1443 1758 1469 1784 in
1493 1757 1584 1785 medio
1603 1758 1716 1786 deorum
1731 1763 1759 1785 et

964 1809 1070 1836 regum.
1085 1802 1237 1836 disponens
1259 1806 1285 1829 et
1303 1802 1429 1830 dividens
1445 1803 1594 1838 unicuique
1606 1804 1757 1831 secundum

963 1848 1123 1883 dignitatem
1136 1868 1143 1880 ,
1157 1853 1182 1875 et
1198 1857 1247 1883 pro
1268 1850 1375 1876 ratione
1388 1854 1491 1876 exactae
1511 1851 1572 1876 vitae
1591 1851 1699 1885 prmmia
1714 1852 1757 1878 l‘u-

964 1899 1031 1921 lui-te
1050 1895 1203 1927 beatitatis;
1229 1895 1319 1922 lumen
1340 1896 1431 1927 etiam,
1454 1896 1547 1923 datum
1574 1897 1600 1923 iu
1626 1898 1757 1932 paradiso

963 1940 1052 1974 primo
1079 1941 1184 1975 parenti
1213 1945 1308 1968 nostro
1333 1946 1508 1976 praeceptum.
1542 1941 1663 1969 Lucerna
1683 1945 1756 1970 enim

962 1986 1071 2019 pedibus
1088 1987 1151 2013 meis
1174 1987 1216 2014 lex
1236 1992 1292 2019 tua,
1313 1993 1337 2014 et
1358 1987 1447 2015 lznneu
1463 1988 1564 2014 seruilis
1580 1989 1643 2015 meis
1661 1989 1692 2020 ",
1714 1990 1756 2016 iu-

963 2032 1023 2067 quit
1041 2032 1166 2065 Davides,
1187 2034 1344 2060 divinorum
1361 2034 1516 2061 carminum
1529 2039 1634 2062 auctor.
1651 2034 1755 2062 Latium

961 2082 1041 2105 estet
1057 2079 1174 2107 rationis
1191 2079 1232 2107 vis
1247 2087 1308 2114 quae
1325 2081 1353 2106 in
1368 2080 1447 2108 nobis
1463 2082 1580 2111 exsistit.
1602 2083 1754 2108 secundant

963 2123 1049 2151 Deum
1067 2124 1188 2160 dirigens
1203 2133 1316 2160 gressus
1334 2131 1461 2160 nostros;
1485 2127 1576 2155 lumen
1593 2132 1621 2154 et
1642 2127 1667 2154 id
1682 2127 1755 2162 quod

962 2170 995 2197 de
1012 2171 1066 2198 Deo
1082 2172 1270 2199 testimonium
1285 2173 1435 2208 perhibuit,
1461 2179 1488 2201 et
1507 2174 1580 2208 quod
1605 2174 1638 2201 ad
1664 2175 1754 2209 ipsum

963 2225 1012 2244 sua
1027 2217 1085 2244 face
1099 2218 1185 2249 ducit,
1203 2220 1364 2246 conculcata
1384 2220 1493 2246 flamma
1512 2221 1626 2252 erroris,
1641 2225 1669 2247 ut
1682 2221 1755 2247 Ana-

959 2264 1012 2291 niae
1041 2265 1108 2292 socii
1139 2266 1165 2292 in
1185 2265 1324 2300 Babylone
1354 2267 1380 2293 in
1405 2266 1494 2294 media
1520 2267 1627 2294 ﬂamma
1650 2268 1752 2294 camilli

959 2310 1076 2337 choreas
1091 2311 1206 2342 ducunt,
1225 2311 1306 2338 etiam
1330 2312 1422 2339 ilhesis
1443 2312 1564 2346 ipsorum
1587 2311 1676 2346 palliis
1697 2319 1754 2338 ma-

960 2358 1105 2391 nentibus;
1132 2358 1225 2385 lumen
1255 2363 1398 2392 prteterea,
1425 2367 1480 2394 quo
1511 2358 1642 2393 peculiari
1671 2358 1753 2385 modo

960 2403 1089 2438 baptismi
1115 2407 1225 2430 constat
1251 2404 1416 2434 illustratio;
1456 2404 1547 2430 lumen
1584 2408 1649 2431 sunt
1681 2405 1753 2430 ultra

959 2449 1063 2480 omnia,
1080 2448 1179 2483 quibus
1201 2448 1229 2475 in
1252 2454 1350 2476 sancta
1371 2449 1505 2476 Trinitate
1528 2449 1646 2483 gloriosa
1663 2454 1689 2475 et
1711 2449 1753 2475 iu-

958 2495 1067 2529 culpata
1088 2498 1130 2522 est
1143 2495 1219 2522 fides.
1245 2495 1339 2530 Itaque
1359 2496 1427 2523 dixit
1452 2495 1523 2522 Deus
1541 2503 1548 2522 :
1565 2495 1629 2521 Fiat
1645 2495 1691 2521 lux.
1704 2503 1713 2526 ,'
1726 2500 1751 2522 et

959 2542 1031 2576 facta
1046 2548 1084 2569 est
1100 2545 1158 2570 lux.
1174 2542 1207 2569 Et
1222 2543 1323 2570 vocarit
1347 2542 1417 2570 Deus
1437 2543 1520 2569 lucem
1539 2542 1620 2574 diem,
1640 2547 1664 2568 et
1680 2547 1751 2570 tene-

959 2589 1020 2616 bras
1035 2590 1134 2616 vocavit
1147 2595 1248 2615 nocte»;
1268 2589 1299 2614 ιδ.

1171 2632 1390 2662 INTERROGA‘I
1399 2637 1431 2661 ιυ
1457 2633 1535 2661 LXII.

991 2678 1062 2707 Num
1091 2680 1174 2715 igitur
1200 2680 1276 2707 aliud
1298 2684 1341 2707 est
1370 2680 1427 2712 lux,
1449 2683 1476 2707 et
1501 2679 1576 2706 aliud
1604 2678 1683 2712 dies;
1706 2679 1750 2707 vel

953 2725 1028 2753 aliud
1042 2728 1108 2759 uox,
1124 2732 1151 2754 et
1163 2726 1235 2754 aliud
1258 2726 1394 2754 tenebrat?

952 2865 1011 2883 rum
1023 2857 1200 2899 ,ytypnlhetai,
1217 2863 1247 2886 ut
1259 2858 1385 2891 videlur,
1403 2856 1510 2885 mcuria
1527 2856 1563 2885 ob
1576 2863 1672 2889 vocem
1686 2855 1745 2893 φῶς

951 2898 1105 2928 ΠἸΜξιΙῑ-ΙΙΙΙ.
