1920 3046
176 131 226 161 {III

498 191 652 226 Responsio.

215 236 354 273 Quidquid
378 238 470 264 Iartum
492 242 519 263 et
544 238 663 263 hilarum
687 240 741 268 est,
759 237 896 271 placidum
913 244 970 263 nte-

180 284 234 310 rito
248 284 416 318 appellatur;
442 283 484 310 his
500 290 564 309 vero
581 283 729 312 contraria,
749 291 803 310 nox
824 283 970 309 nominan-

180 332 235 356 tur.
254 329 307 356 Sed
320 333 346 356 et
362 329 441 355 aliter
464 328 530 355 mihi
557 328 664 355 videtur
690 336 738 362 per
761 328 970 363 appellationem

180 375 340 402 servitutem
357 375 479 410 ipsorum
494 374 661 409 signiﬁcare,
672 375 797 410 beneque
810 375 970 409 dispositam

179 429 279 449 cursus
301 429 349 455 per
362 421 437 447 vices
456 420 695 447 constitutionem.
719 419 826 446 Domini
844 420 916 447 enim
930 425 972 447 est

179 467 339 494 nominatim
366 474 476 498 vocare.
503 466 668 493 famulorum
698 474 762 493 vero
795 465 916 496 obedire.
944 470 972 493 et

178 515 258 550 quasi
275 522 351 546 voce,
369 514 475 541 ordinis
497 514 567 541 bona
581 514 774 540 obser'ationc
789 513 969 548 respondere.

388 558 650 586 INTERROGATIO
671 559 763 586 LXIII.

215 605 359 639 Quomodo
384 610 443 632 erat
467 609 539 632 terra
566 606 774 640 inaspectabilis
800 609 827 632 et
852 605 973 632 inculta?

179 659 245 680 num
259 653 338 687 quasi
356 651 549 686 semiperfecta
565 658 580 678 a
598 651 653 678 Deo
672 651 756 683 facta,
774 655 821 677 aut
841 659 896 686 quo
911 655 973 678 tan—

179 698 241 726 dem
258 698 356 734 pacto?

500 743 654 778 Responsio.

217 791 424 826 lnaspectabilis
438 794 496 818 erat
516 795 588 818 terra
609 796 634 817 et
657 790 771 821 inculta,
792 797 847 816 non
864 792 973 821 natura,

179 837 229 865 sed
246 838 426 864 exornatione
437 841 464 863 et
482 835 562 867 faeie,
586 835 707 862 nondutu
726 835 876 870 scgregatis
894 834 973 869 aquis

180 885 213 911 ad
229 884 368 919 proprium
386 884 487 913 locum,
507 887 535 909 ut
549 886 709 909 cerneretur
727 881 786 916 ejus
806 881 970 913 substantia,

180 929 282 964 plantis
321 932 522 959 exornaretur,
561 931 588 954 et
631 926 746 953 ﬂoribus
781 930 970 953 coronaretur.

179 974 286 1008 Abysso
299 981 417 1007 namque
444 979 527 1006 super
556 972 642 1006 ipsam
665 970 833 1002 exundante,
850 971 971 998 nondum

179 1024 238 1046 erat
257 1018 372 1045 fontium
399 1022 425 1044 et
445 1017 587 1044 ﬂuminum
608 1016 784 1044 distinctione
806 1017 905 1049 cincta,
929 1024 974 1043 ne-

178 1073 234 1101 que
251 1065 390 1099 variegata
413 1063 446 1090 ad
463 1064 660 1090 euutritiouem
679 1070 773 1090 eorum
794 1070 856 1097 qtae
880 1062 972 1089 divino

181 1115 318 1147 prazcepto
335 1119 367 1138 ex
393 1110 451 1145 ipsa
482 1109 657 1144 producenda
682 1113 770 1141 erant,
797 1108 972 1139 animalium;

179 1157 258 1192 quasi
288 1157 397 1192 lugubri
421 1156 540 1191 quadam
568 1159 644 1182 veste
666 1155 765 1190 abysso
792 1154 971 1186 circumdata,

178 1203 412 1239 quemadmodum
438 1207 535 1229 auctor
563 1202 608 1228 ille
639 1201 793 1227 carminum
817 1201 973 1227 divinorum

182 1250 299 1278 Davides
321 1250 435 1284 inquit:
463 1248 581 1284 Abyssus
605 1247 685 1274 veluti
711 1248 788 1273 vestis
811 1247 974 1281 opertoriqu

181 1297 240 1332 ejus
255 1297 276 1312 ⁸⁸
295 1305 302 1322 :
320 1295 429 1322 Oceano
443 1295 548 1322 scilicet
561 1295 650 1321 instar
665 1293 758 1320 annuli
773 1297 873 1320 terram
884 1293 974 1320 adhuc

183 1341 381 1373 circumdante,
401 1340 473 1368 sicut
487 1341 637 1366 etiamnum
656 1339 736 1365 hodie
749 1342 866 1365 constat.

393 1384 653 1414 INTERROGATIO
673 1384 765 1412 LXIV.

219 1433 310 1466 Quare
332 1438 422 1460 autem
446 1433 581 1468 Propheta
606 1439 661 1458 non
685 1432 754 1458 dixit
782 1431 809 1458 in
842 1432 975 1459 feminino

182 1487 291 1515 genere.
307 1480 475 1515 opertorium
502 1479 563 1515 ejus
581 1488 586 1505 :
606 1478 655 1506 sed
680 1479 751 1513 ejus,
775 1479 801 1505 in
819 1479 975 1507 masculino

179 1526 223 1554 vel
239 1525 357 1553 neutro?

500 1570 652 1605 Responsio.

217 1617 290 1645 Nihil
316 1617 343 1644 in
366 1617 419 1644 hoc
440 1617 616 1646 descrimiuis
629 1623 682 1650 est.
700 1619 723 1647 si
739 1619 907 1647 elementum
925 1625 975 1652 pro

181 1668 256 1690 terra
281 1663 511 1699 subintelligatur.
545 1663 640 1699 Neque
668 1667 732 1692 item
766 1673 828 1692 cum
852 1665 975 1692 omnium

182 1710 280 1736 animae
297 1709 430 1736 feminino
446 1717 546 1744 genere
558 1712 741 1745 appellentur,
760 1711 865 1738 ideirco
877 1711 918 1738 vel
936 1710 975 1738 fe-

183 1755 273 1782 minas
293 1755 336 1782 vel
349 1763 438 1782 mares
452 1763 513 1783 esse
539 1757 723 1784 concedemus
742 1758 860 1784 animas.
880 1756 933 1784 Sed
949 1761 976 1784 et

183 1801 312 1828 Christus
327 1802 461 1836 sapientia
478 1807 506 1829 et
520 1804 643 1837 potentia
664 1809 692 1831 et
714 1808 791 1839 petra
811 1804 975 1839 appellatur,

183 1854 247 1873 cum
257 1848 379 1881 sitDeus,
389 1848 506 1876 Verbum
514 1855 542 1877 et
551 1849 720 1877 homoidem.
735 1850 906 1884 Intelligatur
925 1858 975 1876 au-

185 1899 239 1921 tem
255 1898 282 1920 et
305 1895 360 1921 alio
385 1895 477 1923 modo.
501 1896 649 1923 Invisibilis
665 1901 724 1923 erat
749 1900 834 1923 terra.
850 1895 975 1924 Nondum

184 1940 257 1967 enim
274 1944 334 1967 erat
354 1941 414 1975 ejus
436 1942 638 1977 contemplator
649 1943 740 1975 homo,
762 1951 851 1978 neque
867 1951 899 1970 ea
915 1950 977 1978 quae

183 1987 347 2014 naturaliter
362 1988 394 2014 ad
410 1988 496 2023 ipsam
513 1996 598 2023 prona
614 1997 643 2017 se
654 1990 799 2022 inclinant,
811 1990 977 2025 assidueque

184 2032 270 2067 ipsam
286 2039 422 2069 spectant,
438 2035 561 2062 balatum
571 2037 681 2062 edentia
693 2036 852 2063 animalium
865 2044 975 2071 genera.

402 2079 659 2108 INTERROGATIO
679 2081 758 2109 LXV.

219 2124 290 2158 Quid
309 2130 353 2152 est
369 2126 521 2153 secundum
543 2131 669 2154 naturam
685 2128 886 2156 ﬁrmamentum
902 2129 976 2163 quod

184 2171 377 2199 intermedium
396 2177 506 2207 separat
523 2180 633 2208 aquam,
653 2179 680 2201 et
694 2182 793 2210 aquam
810 2175 976 2203 ultra-cccle-

185 2223 254 2245 stem
266 2222 294 2246 et
308 2219 462 2246 marinam?

503 2262 658 2298 Responsio.

221 2309 315 2336 Primo
331 2309 442 2344 quidem
457 2310 501 2338 die
515 2311 614 2338 coalum
632 2311 790 2343 creabatur,
805 2311 878 2346 quod
894 2311 976 2339 situm

184 2360 226 2383 est
250 2363 334 2390 supra
359 2357 579 2390 ﬁrmamentum;
604 2358 725 2384 secundo
747 2366 813 2385 vero
838 2357 863 2384 id
886 2358 977 2384 lirma-

186 2407 318 2434 mentum,
337 2403 408 2437 qllOLI
422 2411 502 2438 Sllpl‘ﬂ
514 2409 597 2438 caput
611 2408 736 2431 nostrmn
749 2409 888 2437 cermtur;
905 2404 977 2440 quod

185 2449 298 2476 alterius
314 2457 395 2484 quam
415 2450 544 2484 superius
561 2451 629 2477 illud
648 2456 691 2478 est
708 2456 822 2478 naturae.

392 2494 653 2524 lNTLBROGATIO
673 2497 764 2525 LXVI.

221 2537 366 2571 Quomodo
379 2547 445 2566 vero
462 2547 524 2567 cum
541 2541 623 2568 unius
634 2547 660 2568 et
674 2542 798 2576 ejusdem
815 2545 877 2572 sint'
890 2554 977 2573 nomi-

186 2584 240 2618 uis,
259 2585 372 2613 alterius
388 2590 414 2613 et
433 2586 550 2614 diversa!
565 2593 646 2615 erunt
665 2590 789 2617 naturae?

502 2633 656 2668 Responsio.

222 2677 275 2709 Qui
294 2677 417 2705 studiose
440 2682 468 2705 et
484 2687 538 2721 non
556 2681 745 2714 perfunctorie
766 2684 884 2712 litteram
911 2693 977 2712 exa-

186 2724 304 2755 minant,
320 2724 403 2751 etiam
428 2725 455 2751 in
471 2727 654 2761 appellatione
680 2731 795 2757 multum
820 2731 978 2760 diﬂerentia:

187 2770 402 2805 deprehendeut.
427 2772 508 2799 Aliud
533 2775 605 2801 enim
627 2776 739 2809 emlum,
756 2778 829 2804 aliud
851 2786 914 2805 vero
936 2784 978 2806 est.

188 2816 400 2845 ﬁrmamentum.
422 2818 540 2848 Proinde
558 2827 586 2849 et
605 2830 638 2850 ex
656 2823 715 2859 ipsa
733 2825 917 2858 appellatione
932 2826 978 2853 di-

225 2881 248 2897 “
266 2881 339 2908 Psal.
352 2889 411 2917 cui,
425 2883 452 2911 6.

729 132 758 159 S.
771 130 922 160 CESARII
943 129 1108 158 GREGORII
1133 130 1285 158 FRATBIS

1763 133 1821 162 932

1336 190 1511 224 Ἀπόκρισις.

1057 236 1115 262 Πᾶν
1128 236 1159 262 τὸ
1174 236 1286 271 φαιδρὸν
1301 238 1348 263 καὶ
1363 237 1466 271 ἱλαρὸν,
1484 237 1588 272 ἥμερον
1598 237 1711 270 εἰκότως
1728 248 1818 275 προσ-

1022 282 1184 317 αγορεύεται
1200 291 1207 298 ·
1225 283 1260 310 τὰ
1274 282 1301 309 δὲ
1315 283 1424 310 ἐναντία
1449 283 1551 309 τούτων
1578 283 1625 316 νὺξ
1639 285 1817 320 ὀνομάζεται.

1022 328 1077 354 Καὶ
1096 328 1198 362 ἑτέρως
1217 329 1246 354 δέ
1269 337 1314 363 μοι
1331 328 1404 354 δοκεῖ
1418 328 1460 355 διὰ
1482 328 1532 364 τῆς
1551 329 1674 364 κλήσεως
1689 330 1738 365 τὴν
1754 331 1819 357 δου-

1022 373 1096 399 λείαν
1116 373 1205 400 αὑτῶν
1227 373 1418 408 σημαίνεσθαι,
1434 374 1482 399 καὶ
1491 373 1539 409 τὴν
1551 373 1682 401 εὔτακτον
1694 375 1741 400 τοῦ
1753 375 1818 410 δρό-

1024 427 1075 453 μου
1098 418 1224 453 ἀλλήλοις
1246 419 1468 454 ἀντ-παράδοσιν.
1492 419 1627 445 Δεσπότου
1651 422 1706 455 γὰρ
1728 421 1819 448 τὸέκ

1023 465 1208 500 προσηγορίας
1229 464 1331 496 καλεῖν,
1351 466 1463 492 οἰκετῶν
1482 466 1510 492 δὲ
1525 466 1556 493 τὸ
1580 467 1746 500 ὑπακούειν,
1768 469 1822 494 καὶ

1023 508 1078 536 οἷον
1096 512 1171 546 φωνῇ
1185 513 1217 546 τῇ
1235 511 1347 546 εὐταξίᾳ
1357 512 1403 538 τοῦ
1421 513 1521 547 δρόμου
1536 513 1745 549 ἀποκρίνεσθαι.

1331 558 1457 584 ΠΕΥΣΙΣ
1470 558 1528 586 EI".

1059 602 1122 634 Πῶς
1143 600 1177 637 ἦν
1197 604 1213 638 ἡ
1234 603 1270 638 γῆ
1291 604 1407 639 ἀόρατος
1428 605 1476 630 καὶ
1497 605 1755 639 ἀκατασκεὺαστος;
1777 607 1820 638 ὡς

1024 649 1154 684 ἡμιτελὴς
1174 650 1249 684 παρὰ
1265 651 1333 677 Θεοῦ
1349 651 1493 687 γενομένη,
1506 652 1522 687 ἦ
1533 652 1610 685 πῶςς

1335 743 1512 777 Ἀπόκρισις.

1067 787 1194 822 ’Λόρατος
1203 785 1237 823 ἦν
1251 789 1268 823 ἡ
1286 788 1322 823 γῆ
1337 789 1385 815 καὶ
1404 790 1655 823 ἀκατασκεύαστος,
1667 792 1698 818 οὐ
1711 793 1743 827 τῇ
1764 792 1820 825 φύ-

1028 841 1079 866 σει,
1096 833 1164 860 ἀλλὰ
1185 836 1217 870 τῇ
1234 835 1414 871 διακοσμήσει
1433 838 1479 863 καὶ
1497 837 1568 871 ὄψει,
1584 837 1660 864 οὔπω
1679 839 1733 865 τῶν
1755 839 1821 865 ὑδά-

1026 889 1080 906 των
1091 880 1294 916 ἀποκριθέντων
1305 882 1373 917 πρὸς
1387 883 1436 918 τὴν
1445 883 1547 910 οἰκείαν
1559 885 1660 919 χώραν,
1675 885 1723 911 τοῦ
1733 885 1822 920 ὀφθῆ-

1025 935 1068 952 ναι
1088 927 1137 961 τὴν
1158 927 1261 963 ταύτης
1280 929 1384 960 οὐσίαν,
1409 930 1456 955 καὶ
1477 930 1693 967 διακοσμηθῆναι
1719 932 1797 966 φυτῷ
1810 952 1821 965 ,

1026 973 1073 998 καὶ
1087 971 1179 998 ἄνθεσι
1192 973 1407 1008 στεφανωθῆναι.
1424 975 1479 1010 Τῆς
1492 975 1546 1011 γὰρ
1565 976 1684 1003 ἀϐύσσου
1704 978 1820 1005 ἐπικλυ-

1026 1017 1125 1053 ζούσης
1144 1018 1353 1053 αὑτὴν,οὐδέπω
1368 1022 1483 1056 κρήναις
1498 1023 1544 1049 καὶ
1561 1026 1692 1059 ποταμοῖς
1710 1025 1820 1061 ὑπῆρχε

1025 1062 1204 1099 διεζωσμένη,
1216 1065 1285 1100 πρὸς
1294 1066 1441 1103 διατροφὴν
1457 1067 1511 1094 τῶν
1527 1068 1678 1103 μελλόντων
1693 1070 1723 1102 ἐξ
1732 1071 1822 1106 αὐτῆς

1027 1108 1091 1145 θείῳ
1104 1111 1296 1146 προστάγματι
1315 1113 1533 1148 ὰποϐράττεσθαι
1563 1114 1649 1148 ζώων,
1669 1113 1725 1142 οἷον
1752 1126 1820 1142 ’πεν-

1027 1154 1097 1190 θήρη
1114 1156 1175 1182 τινὰ
1202 1157 1298 1192 στολὴν
1319 1157 1367 1193 τὴν
1382 1158 1499 1186 ἄϐυσσον
1515 1161 1705 1197 περικειμένη,
1728 1162 1823 1194 καθὼς

1027 1202 1074 1228 καὶ
1095 1202 1178 1229 Δαῦίδ
1195 1211 1293 1238 φησιν,
1305 1205 1318 1230 ὁ
1336 1204 1391 1230 τῶν
1415 1205 1494 1232 θείων
1519 1206 1650 1242 μελῳδός’
1664 1208 1696 1234 ’Ἀ
1703 1209 1823 1242 ϐινσσος

1026 1250 1067 1282 ὠς
1091 1249 1207 1284 Ιμὰτιον
1226 1250 1259 1276 τὸ
1282 1252 1474 1284 περιϐόλαιον
1497 1253 1608 1279 αὐτοῦ·
1626 1253 1671 1280 τὸν
1691 1254 1823 1281 Ὠκεανὸν

1026 1296 1167 1323 δακτυλίου
1191 1297 1267 1333 δίκην
1288 1299 1461 1334 περικεῖσθαι
1483 1300 1552 1336 αὐτῇ
1573 1299 1651 1336 δῆλον
1669 1302 1751 1337 μέχρι
1764 1301 1823 1337 τή-

1029 1350 1062 1377 με
1067 1351 1121 1377 ρον.

1324 1391 1448 1417 ΠΕΥΣΙΣ
1463 1392 1520 1419 ΞΣ.

1065 1434 1196 1462 Καὶδιατί
1218 1436 1255 1471 μὴ
1280 1434 1357 1464 εἶπεν
1377 1437 1391 1463 ὀ
1411 1439 1569 1474 Προφήτης,
1589 1439 1626 1465 Τὸ
1645 1440 1823 1475 περιδόλαιον

1029 1479 1124 1514 αὐτῆς,
1132 1479 1199 1513 ἀλλ’,
1211 1481 1324 1513 adrui);

1341 1569 1519 1603 Ἀπόκρισις.

1063 1613 1145 1640 Οὐδὲν
1160 1613 1240 1640 τοῦτο
1261 1615 1365 1642 ἐκείνου
1388 1615 1493 1648 διοίσει,
1517 1618 1652 1653 στοιχείου
1675 1620 1823 1655 νοουμένου

1027 1659 1077 1693 τῆς
1086 1660 1147 1695 γῆς.
1160 1661 1221 1687 Οὐδ’
1235 1659 1268 1688 αὖ
1281 1662 1362 1689 πάλιν
1379 1663 1487 1689 πάντων
1497 1663 1582 1699 ψυχαὶ
1593 1664 1718 1700 οηλυκῶς
1735 1675 1823 1702 προσ-

1027 1708 1244 1742 αγορευομένων,
1271 1708 1338 1744 θῆλυ
1364 1710 1410 1736 καὶ
1434 1710 1518 1746 ἄρρεν
1539 1710 1661 1746 δώσομεν
1686 1713 1824 1748 ὑπάρχειν

1026 1751 1124 1786 ψυχάς.
1136 1753 1191 1779 Καὶ
1200 1754 1214 1779 ὁ
1227 1754 1343 1790 Χριστὸς
1364 1755 1457 1789 σοφία,
1468 1757 1514 1782 καὶ
1532 1756 1657 1792 δύναμις,
1670 1759 1717 1784 καὶ
1732 1759 1824 1795 πέτρα

1027 1799 1270 1834 προσαγορεύεται,
1286 1800 1351 1832 Θεὸς
1371 1801 1511 1837 ὑπάρχων,
1525 1803 1570 1829 καὶ
1591 1803 1686 1837 Λόγος,
1705 1804 1752 1830 καὶ
1771 1805 1822 1831 ἆν-

1027 1843 1160 1878 θρωποςὸ
1170 1845 1260 1876 αὐτός.
1271 1846 1393 1873 Νοείσοω
1407 1847 1435 1873 δὲ
1452 1848 1553 1882 ἑτέρως
1564 1857 1571 1864 ·
1588 1849 1714 1885 Ἀὁρατος
1731 1850 1823 1886 ὑπάρο

1027 1898 1069 1925 χει
1088 1891 1104 1925 ἡ
1122 1889 1168 1925 γῆ,
1187 1890 1263 1917 οὔπω
1281 1891 1336 1927 γὰρ
1363 1889 1397 1927 ἦν
1414 1893 1428 1918 ὁ
1448 1892 1547 1928 θεατὴς
1561 1894 1647 1929 αὐτῆς
1663 1894 1821 1930 ἄνθρωπος,

1027 1936 1088 1962 οὐδὲ
1105 1936 1139 1962 τὰ
1164 1937 1209 1963 ὑπ’
1229 1937 1315 1972 αὐτὴν
1340 1937 1421 1972 φύσει
1443 1939 1638 1973 κατανεύοντα,
1660 1941 1707 1967 καὶ
1725 1942 1823 1974 ἀτενὲς

1027 1983 1111 2019 αὐτὴν
1127 1983 1262 2020 ἐνορῶντα
1279 1984 1435 2020 βληχόμενα
1444 1985 1498 2012 τῶν
1509 1985 1586 2018 ζώων
1603 1987 1680 2023 γένη.

1214 2119 1229 2125 ρ
1329 2086 1454 2113 ιιΕΥΣιΣ
1470 2086 1529 2114 εει.

1063 2132 1095 2158 Τί
1108 2133 1158 2168 τὴν
1181 2128 1261 2167 φύσιν
1279 2133 1340 2159 ἐστὶ
1361 2133 1392 2159 τὸ
1416 2133 1578 2169 διαχωρίζον
1603 2135 1750 2171 στερέωμα
1768 2137 1821 2163 ἀνὰ

1033 2178 1114 2213 μέσον
1129 2178 1235 2211 ὓδατος,
1253 2179 1301 2206 καὶ
1317 2179 1412 2213 ὕδατος
1421 2180 1468 2206 τοῦ
1489 2181 1688 2217 ὑπερουρανίου
1703 2183 1750 2210 καὶ
1769 2182 1822 2209 θα-

1031 2224 1142 2259 λασσίου
1160 2233 1167 2257 ;

1340 2273 1517 2306 Ἀπόκρισις.

1065 2316 1104 2352 Τῇ
1120 2316 1168 2352 μὲν
1179 2316 1275 2353 πρώτῃ
1290 2317 1391 2353 ἡμέρᾳ,
1405 2317 1518 2353 οὐρανὸς
1529 2319 1694 2353 παράγεται,
1704 2320 1719 2345 ὁ
1736 2319 1822 2356 ὑπερ-

1028 2365 1155 2399 κείμενος
1166 2363 1213 2390 τοῦ
1234 2373 1277 2391 στε
1283 2364 1423 2400 ρεώματος
1433 2373 1439 2380 ·
1450 2366 1483 2400 τῇ
1493 2365 1607 2400 δευτέρᾳ.
1623 2366 1662 2397 δὲ,
1672 2367 1703 2392 τὸ
1713 2367 1820 2402 ὁρώμε-

1029 2419 1073 2437 νον
1093 2411 1172 2437 τοῦτο
1191 2410 1262 2446 ὑπὲρ
1277 2411 1398 2445 κεφαλῆς
1413 2411 1492 2446 ἡμῶν
1505 2412 1659 2447 στερέωμα,
1672 2413 1771 2448 ἐτέρας
1792 2413 1821 2440 δὲ

1029 2458 1105 2493 παρὰ
1121 2457 1184 2488 τοὺς
1199 2456 1416 2492 ὑπερτεροῦντας
1430 2457 1553 2492 ὑπάρχον
1565 2458 1615 2493 τῆς
1630 2458 1748 2492 φύσεως.

1299 2502 1423 2528 ΠΕΥΣιΣ
1445 2502 1513 2536 scr.

1064 2547 1119 2574 Καὶ
1134 2546 1192 2578 πῶς
1206 2547 1270 2582 μιᾶς
1288 2547 1395 2582 καὶτῆς
1406 2547 1493 2582 αὐτῆς
1505 2548 1581 2580 ὅντες
1598 2549 1757 2584 ὀνομασίας,
1776 2550 1822 2577 ἅλω

1027 2593 1077 2628 λης
1089 2594 1136 2620 καὶ
1147 2593 1230 2628 ἄλλης
1244 2593 1350 2628 φύσεως
1363 2593 1468 2620 ἔσονται
1482 2602 1489 2626 ;

1341 2641 1514 2675 Ἀπόκρισις.

1069 2688 1125 2720 Γοῖς
1150 2687 1306 2722 φιλομαοῶς
1332 2687 1379 2714 καὶ
1402 2688 1439 2724 μὴ
1473 2689 1619 2724 παρέργως
1642 2698 1674 2716 το
1704 2691 1820 2726 γράμμα

1027 2733 1195 2767 ἐξετάζουσι,
1219 2735 1266 2760 καὶ
1282 2735 1311 2761 ὲν
1330 2737 1364 2770 τῇ
1385 2735 1555 2771 προσηγορίᾳ
1577 2736 1645 2763 πολὺ
1667 2737 1698 2763 τὺ
1727 2737 1820 2770 διάει)-

1028 2790 1074 2817 ρον
1088 2781 1196 2816 ἔχοντες
1215 2781 1411 2816 εὑρεθήσονται
1423 2790 1430 2798 ⁸
1443 2782 1536 2817 ἓτερον
1557 2783 1611 2817 γὰρ
1628 2783 1754 2818 οὐρανὸς.
1773 2783 1820 2810 Θά-

1027 2837 1105 2864 τερον
1117 2829 1145 2856 δὲ
1159 2828 1312 2864 στερέωμα.
1325 2829 1380 2855 Καὶ
1393 2828 1423 2861 ἐξ
1436 2828 1521 2864 αὐτῆς
1531 2829 1620 2856 τοίνυν
1635 2829 1686 2866 τῆς
1697 2829 1821 2865 κλήσεως
