1920 3046
125 137 181 165 935

127 196 332 231 παιδευόμεθα,
353 199 536 234 συεῤῥοτέρας
561 199 694 235 ὑπάρχειν
724 200 830 234 φύσεως
864 201 918 228 τῶν

126 243 253 277 ἀοράτων
272 243 303 270 τὸ
323 243 471 279 ὁρώμενον.
484 246 586 281 Μωσῆς
604 247 652 281 μὲν
671 246 725 282 γάρ
740 255 821 282 φησιν
835 255 842 262 ·
866 247 918 274 Ἐν

125 288 209 322 ἀρχῇ
220 289 365 323 ἐποίησεν
377 292 393 317 ὁ
407 291 479 324 Θεὸς
499 292 552 318 τὸν
565 293 705 326 οἰψανὸν,
722 293 769 321 καὶ
780 294 836 327 τὴν
849 292 916 328 γῆν.

132 335 269 362 Ἐνταῦθα
279 336 307 362 δὲ
326 336 356 362 τὸ
374 338 486 372 στερρόν
511 338 657 373 φησι-Καὶ
683 338 767 366 εἶπεν
789 342 804 366 ό
826 341 916 373 Θεός·

127 380 290 413 Γενηθήτω
299 382 458 417 στερέωμα.
467 384 522 410 Καὶ
532 384 646 417 Ἡσαΐας
657 386 796 422 παριστῶν
806 386 859 412 τῶν
869 387 918 422 μὲν

125 425 160 451 ’τὸ
181 425 279 452 λεπτὸν
297 427 344 453 καὶ
365 428 529 462 κουφότερον
544 429 591 464 τῆς
615 430 732 464 φύσεως,
751 431 797 458 τοῦ
815 432 844 457 δὲ
859 441 919 458 στεο

127 470 286 505 γανώτερον
301 472 349 498 καὶ
369 474 442 507 παχὺ
463 474 510 500 τοῦ
539 475 673 510 σώματος,
690 477 786 511 φησίν·
806 477 836 503 '0
854 486 918 504 στε-

125 516 245 550 ρεώσας
258 517 312 544 τὸν
325 519 454 552 οἰιρανὸν
472 520 543 546 ὡσεὶ
560 522 686 554 καπνὸν,
703 523 752 550 καὶ
768 522 917 556 διατείνας

127 562 222 589 αὐτὸν
237 562 277 595 ὡς
290 565 419 598 σκηνήν.
432 567 498 600 Περὶ
513 567 541 592 δὲ
558 567 605 593 τοῦ
624 568 762 602 ὁρωμένου
780 569 870 603 φησίν·
887 570 917 595 Ὁ

127 608 230 642 πήξας
246 609 300 635 τὸν
324 611 454 644 οὐρανὸν
477 612 548 638 ὡσεὶ
566 612 710 647 καμάραν.
731 614 785 640 Καὶ
802 614 855 649 γὰρ
873 614 918 641 τὸν

128 655 214 690 ἄνδρα
237 656 285 681 καὶ
310 656 360 690 τὴν
384 658 518 690 γυναῖκα,
540 658 680 693 ἄνθρωπον
705 659 917 695 προσαγορεύειν

129 700 224 727 εἴωθεν
241 702 257 735 ὴ
274 701 334 727 Θεία
350 702 460 738 Γραφήθ
479 703 525 729 καὶ
541 705 604 738 μιᾶς
618 704 702 739 οὔσης
716 705 764 740 τῆς
780 714 915 741 προσηγο-

130 746 203 782 ρίας,
223 747 237 773 ὁ
254 747 302 781 μὲν
323 748 484 783 καρτερικὸς
495 750 541 776 καὶ
558 749 706 784 ὰχθοφόρος
722 751 849 786 ὑπάρχει,
864 753 878 778 ὁ
889 751 917 778 δὲ

128 792 293 827 χαυνότερος
303 793 363 827 ἥτοι
383 794 556 830 κουφότερος,
575 795 679 831 διανοίᾳ
697 796 743 822 καὶ
762 797 843 832 λόγῳ.
858 797 918 823 Τῶν

129 839 339 873 ὑπερκειμένων
363 840 451 865 τοίνυν
470 841 518 875 τὴν
547 841 642 868 οὑσὶαν
671 843 791 873 σιωπῶν,
818 843 855 874 ὡς
885 843 918 870 ἂν

127 882 240 916 ἐφικτόν
260 892 321 917 μοι,
338 884 383 910 τοῦ
411 885 550 920 ὁρωμένου
574 887 623 921 ’τὴν
649 887 729 920 φύσιν
751 888 917 924 κρύσταλλον

129 927 264 964 ὑπάρχειν
280 929 360 964 φημὶ,
372 929 435 964 Θείῳ
452 931 642 966 προστάγματι
655 933 740 966 παγὲν
753 934 800 959 καὶ
814 934 917 970 ῥωννύ-

130 982 211 1009 μενον
223 975 318 1010 φέρειν
325 975 359 1001 τὰ
372 976 552 1011 ὑπερκόσμια,
560 978 724 1013 κουφότερον
739 979 794 1015 (22)
809 980 855 1006 καὶ
865 980 917 1012 ἔξω

128 1021 178 1056 τῆς
189 1021 326 1057 ἡμετέρας
341 1022 405 1048 ὄντα
420 1023 583 1058 παχύτητος,
601 1026 772 1060 ἀμφοτέρους
782 1026 810 1052 δὲ
823 1027 916 1062 ἀνέχε-

130 1067 192 1093 σθαι
203 1068 256 1094 ὑπὸ
266 1067 317 1103 τῆς
329 1068 417 1095 πάντα
429 1069 627 1105 διακρατούσης
639 1071 686 1096 καὶ
699 1071 834 1107 φερούσης
842 1072 917 1104 θείας

128 1114 281 1149 δυνάμεως.

423 1161 547 1186 ΠΕΥΣΙΣ
566 1160 623 1189 ΞΖ’.

165 1205 220 1231 Καὶ
235 1205 293 1236 πῶς
307 1205 417 1231 δύναται
443 1205 608 1240 κρύσταλλον
630 1207 773 1241 βαστάζειν
795 1209 841 1235 καὶ
858 1209 916 1236 δια-

130 1249 256 1285 χωρίζειν
270 1249 300 1276 τὸ
317 1249 382 1276 πολὺ
402 1250 447 1276 καὶ
469 1250 582 1285 ἄπειρον
599 1252 686 1278 ἐκεῖνο
702 1252 791 1288 ὕδωρς

441 1296 617 1330 Ἀπόκρισις.

165 1340 258 1367 Πίστει
273 1341 452 1376 κρατύνεσθαι
468 1341 501 1368 τὰ
515 1343 686 1378 Χριστιανῶν
699 1344 819 1378 πέφυκεν
830 1353 836 1359 ”
849 1346 916 1372 ὅπου

129 1387 184 1421 γὰρ
215 1388 280 1419 Θεὸς
298 1388 438 1422 βούλεται,
455 1389 568 1423 ἡττᾶται
591 1390 607 1424 ὴ
628 1389 708 1423 φύσις
736 1391 810 1426 παρὰ
838 1391 916 1426 φύσιν

124 1433 302 1461 δουλεύουσα.
322 1434 414 1465 Οὕτως
422 1434 453 1461 τὸ
474 1435 544 1469 ’ὕδωρ
560 1437 600 1466 εἰς
616 1434 686 1462 οἶνον
702 1436 860 1471 μεθίσταται
888 1438 916 1464 ἐν

127 1480 207 1514 Κανᾷ
231 1481 280 1514 τῆς
299 1480 441 1512 Γαλιλαίας
460 1489 467 1495 ·
483 1481 553 1507 οὕτω
577 1482 606 1508 ἐν
631 1482 761 1518 Αἰγύπτῳ
783 1484 797 1509 ὁ
820 1483 916 1516 Νεῖλος

127 1526 292 1559 φοινίττεται
303 1535 310 1540 ·
325 1525 396 1552 οὓτω
406 1526 480 1561 παρὰ
490 1526 571 1560 φύσιν
585 1527 775 1563 διαχερσοῦται
789 1528 819 1554 τὸ
839 1529 916 1563 Ἐρυ-

127 1571 223 1606 Θραίον
235 1571 363 1604 πέλαγος,
373 1573 485 1606 τειχέων
498 1573 576 1607 δίκην
590 1573 643 1599 τῶν
654 1573 794 1608 ἡμιτόμων
813 1582 917 1609 πηγνυ-

129 1617 220 1652 μένων
232 1617 279 1643 τοῦ
293 1617 402 1650 ὓδατος,
426 1618 474 1645 καὶ
495 1619 523 1645 ἐν
545 1618 619 1654 ξηρῷ
640 1620 756 1654 πυθμένι
777 1621 886 1656 ἀϐρόχῳ
904 1624 918 1648 ό

127 1661 193 1694 λαὸς
205 1663 348 1690 διαϐαίνει.
366 1663 457 1691 Ἔστω
474 1665 501 1691 δέ
525 1674 565 1692 σοι
579 1666 628 1700 τῆς
641 1666 769 1698 ἀπιστίας
782 1676 917 1702 σωφρονι-

127 1708 197 1743 sub;
213 1709 227 1734 ὀ
250 1710 397 1745 θεοστυγὴς
413 1711 511 1746 φαραὼ
525 1712 714 1746 ποντούμενος,
733 1713 762 1739 '0
776 1713 829 1749 γὰρ
844 1715 916 1740 ἐκεῖ-

126 1764 173 1783 νον
187 1757 218 1782 ὲν
237 1758 269 1791 τῇ
290 1757 358 1792 αὐτῇ
380 1757 502 1784 διαϐάσει
524 1758 689 1793 ὑποϐρύχιον
706 1759 847 1794 συγχώσας
861 1762 917 1792 τοῖς

126 1801 244 1837 κύμασι,
261 1803 344 1829 πάλαι
364 1803 412 1838 μὲν
434 1803 480 1829 τὸν
494 1803 607 1839 οὐρανὸν
623 1802 667 1830 οἷα
686 1804 776 1840 δέρῤιν
791 1806 852 1832 τινὰ
874 1806 917 1839 ἐξ·

126 1846 233 1879 ετίναξε
244 1868 250 1879 ,
265 1849 298 1882 τῇ
322 1848 370 1882 μὲν
386 1847 475 1883 χέρσῳ
491 1847 682 1882 ἐπικυρτώσας
705 1849 801 1880 αὑτὸν,
819 1850 865 1876 ἐπὶ
888 1851 916 1877 δὲ

126 1893 177 1928 τῆς
193 1893 314 1920 αεύσσου
339 1893 508 1929 θεμελιώσας
531 1895 587 1926 τοῖς
603 1894 724 1929 κύμασι,
741 1895 830 1927 καθὼς
852 1905 915 1923 παι-

126 1939 201 1965 δεύει
218 1940 232 1965 ὁ
243 1939 297 1965 τῶν
312 1939 390 1965 θείων
409 1939 525 1974 μελῳδὸς
537 1939 607 1974 ᾄδων
624 1948 631 1954 ·
654 1941 684 1966 '0
706 1941 846 1968 ἐκτείνων
862 1942 916 1968 τὸν

126 1986 259 2019 οὐρανὸν
282 1986 353 2012 ὡσεί
380 1985 490 2019 δέρῤιν,
503 1987 519 2012 ό
546 1985 694 2020 στεγάζων
714 1986 749 2012 ἐν
772 1986 861 2013 ὕδασι
880 1988 916 2014 τὰ

126 2030 247 2064 ὑπερῷα
271 2031 374 2057 αὐτοῦ.
393 2028 480 2058 Ἦκεν
504 2032 589 2066 ἡμῖν,
608 2032 707 2067 φησιν,
732 2032 774 2058 ἐπ’
794 2033 915 2067 ἐσχάτων

128 2077 240 2112 ἡμερῶν
262 2077 457 2113 σαρκοφορῶν,
473 2078 520 2104 καὶ
544 2077 593 2112 τὴν
612 2077 698 2113 ὑγρὰν
726 2078 774 2105 καὶ
799 2079 914 2106 ἄστατον

127 2123 262 2150 θάλατταν
278 2123 402 2158 ἀνίκμοις
418 2124 496 2150 ποσὶν
509 2124 747 2160 ἐπιπορευόμενος.

418 2169 541 2195 ΠΕΥΣΙΣ
558 2168 620 2196 Ell’.

164 2214 220 2240 Καὶ
232 2213 360 2248 ἀνωτέρω
376 2214 426 2249 ἤδη
449 2214 600 2248 ὲδεήϐημέν
618 2223 664 2240 σου
680 2215 716 2250 μὴ
731 2214 768 2247 ὡς
783 2215 913 2246 ἀπίστους

127 2260 202 2295 ἡμᾶς
222 2261 296 2294 σχεῖν
324 2259 493 2294 ἐρωτῶντας,
515 2259 582 2285 ἀλλὰ
606 2261 664 2291 ταῖς
679 2261 789 2287 ἐκείνων
814 2262 915 2294 φωναῖς

129 2305 285 2341 χρωμένους
304 2303 380 2330 παρὰ
400 2303 447 2330 σοῦ
468 2304 676 2339 οἰκοδομεῖσθαι,

434 2392 615 2425 Ἀπόκρισις.

165 2438 219 2464 Καὶ
235 2437 308 2472 μάλα
327 2437 438 2468 εἰκότως
449 2436 516 2469 ἀξιῶ
532 2437 580 2472 τὴν
596 2437 732 2472 ὑμετέραν
752 2438 914 2472 ἀξιάγαστον

129 2486 276 2521 ἀγχίνοιαν,
295 2485 356 2520 μηδ’
376 2486 444 2516 ὅλως
470 2484 658 2519 ὲπισχάζεινῆ
677 2484 805 2519 χωλεύειν
818 2487 851 2520 τῇ
868 2485 916 2520 βά-

129 2540 170 2558 σει
187 2532 238 2566 τῆς
254 2532 373 2562 διανοίας
390 2531 435 2557 ἐπὶ
451 2530 502 2565 τῆς
515 2531 653 2566 ἁτρεκίας.
665 2532 759 2567 Δὼμεν
774 2533 805 2559 δὲ
825 2533 916 2559 εἰκόνα

127 2577 167 2612 τῷ
179 2577 259 2612 λόγῳ,
267 2578 304 2608 ὡς
315 2577 453 2612 ὑπερφυὲς
461 2577 510 2612 τῆς
517 2577 568 2612 γῆς
575 2578 606 2603 τὸ
614 2577 686 2612 ὕδωρ
699 2579 795 2605 ἑκατὸν
807 2579 913 2614 πήχεις·

129 2625 214 2660 φῆσαι
226 2625 254 2651 δὲ
267 2625 312 2651 τὸν
325 2625 400 2651 Θεόν·
414 2624 571 2658 Γενηθήτω
584 2624 736 2658 στερέωμα
746 2625 803 2652 ἀνὰ
818 2625 915 2659 μέσον

128 2670 181 2696 τοῦ
213 2669 341 2702 ὕδατος,
357 2669 406 2696 καὶ
433 2669 511 2696 ἔστω
532 2668 703 2703 διαχωρίζον
725 2670 783 2696 ἀνὰ
816 2670 914 2704 μέσον

129 2715 238 2748 ὓδατος
254 2715 303 2741 καὶ
327 2715 447 2747 ὕδατος·
462 2715 582 2749 παγῆναι
598 2715 626 2741 δὲ
646 2713 724 2745 αὖθις
738 2715 913 2750 κρύσταλλον,

131 2761 175 2787 καὶ
199 2761 304 2795 ἀνέχειν
328 2761 358 2786 τὸ
385 2761 470 2795 ἥμισυ
492 2761 546 2786 τῶν
573 2760 695 2787 ὑδάτων·
719 2758 774 2787 οἷον
801 2761 848 2786 ἐπὶ
866 2762 914 2797 τῆς

165 2818 185 2832 ⁵⁸
204 2817 274 2845 Gen.
294 2825 312 2849 1.
330 2818 354 2844 I.
394 2819 414 2833 ”
436 2818 501 2845 ibid.
516 2818 542 2845 6.
583 2818 603 2833 ”
624 2818 675 2845 Isa.
690 2826 734 2850 XL,
749 2818 796 2846 2'2.
834 2819 855 2834 "
876 2820 942 2848 ibid.

165 2874 222 2911 (εξ)
242 2876 440 2910 Κουρότερον.
456 2876 536 2904 Forte
551 2877 711 2913 κουφότερα.
725 2876 801 2904 Eon.

828 139 1001 170 DIALOGUS
1021 141 1040 169 l.

1702 140 1753 167 95A

972 200 1085 232 scimus,
1110 200 1135 228 .d
1157 200 1228 235 quod
1252 200 1375 228 cernitur
1400 199 1539 226 solidioris
1555 206 1617 226 esse
1637 202 1752 229 naturae.

968 255 1048 281 quam
1069 247 1124 274 sint
1141 246 1358 281 inaspectabilia.
1384 245 1472 273 Moses
1497 245 1633 280 siquidem
1653 245 1755 280 inquit,

969 291 1002 319 In
1015 293 1142 327 principio
1158 293 1219 327 fecit
1237 292 1306 318 Deus
1319 291 1411 318 cazlum
1426 297 1451 318 et
1467 296 1565 318 (errant
1581 292 1613 318 η.
1629 290 1679 318 llic
1691 299 1756 318 vero

970 339 1077 365 ﬁrmum
1093 338 1159 365 illud
1179 342 1322 369 memorat,
1341 337 1375 363 Et
1391 338 1459 364 dixit
1476 337 1543 364 Deus
1558 345 1567 364 :
1581 337 1643 364 Fiat
1659 338 1754 372 ﬁrma-

969 389 1084 410 mentum
1100 385 1132 410 ”.
1154 383 1186 410 Et
1205 383 1290 411 Isaias
1311 391 1440 411 asserens
1460 384 1568 410 illorum
1583 384 1693 418 quidem
1712 389 1754 410 te-

969 430 1098 456 nuitatem
1116 435 1143 457 et
1158 430 1294 456 levitatem
1316 433 1431 460 naturze,
1447 429 1530 463 hujus
1551 437 1614 456 vero
1632 429 1755 456 solidita-

968 477 1022 500 tem
1038 478 1065 500 et
1079 474 1290 500 crassitudinem
1311 474 1446 508 corporis.
1464 474 1554 508 inquit
1568 482 1574 500 :
1594 473 1647 506 Qui
1663 475 1756 507 ﬁrma-

968 520 1003 546 υἱι
1019 519 1113 546 cwlum
1127 520 1206 546 ueluti
1220 520 1366 553 funtum,'et
1383 519 1497 546 extendit
1517 521 1602 553 ipsum
1618 519 1697 546 veluti
1712 524 1755 546 la-

969 565 1138 592 bernaculum
1157 565 1189 592 ’⁸.
1213 565 1249 592 De
1265 573 1297 592 eo
1311 573 1375 592 vero
1387 565 1458 600 quod
1482 565 1614 597 cernitur,
1641 565 1731 600 inquit
1746 573 1754 591 :

969 609 1022 642 Qui
1043 610 1103 642 ﬁxit
1125 609 1216 636 calum
1232 610 1312 636 veluti
1333 618 1464 636 cameram
1477 610 1507 637 η.
1525 609 1612 636 Etiam
1626 610 1713 637 virum
1728 615 1756 637 et

969 655 1121 687 mulierem,
1140 656 1277 684 hominem
1291 657 1429 690 appellare
1450 656 1591 683 consuevit
1615 655 1756 690 Scriptura

969 708 1066 733 sacra;
1082 709 1200 736 eumque
1213 702 1245 728 sit
1261 702 1355 729 eadem
1369 702 1523 737 appellatio,
1537 706 1626 729 tamen
1640 702 1684 729 illc
1695 702 1756 736 qui-

969 747 1030 773 dem
1053 747 1184 775 robustus
1200 752 1226 775 et
1241 749 1273 775 ad
1295 749 1420 782 graviora
1441 749 1550 776 ferenda
1566 748 1673 776 validus
1696 753 1755 780 est;

969 793 1026 819 hzec
1041 801 1105 820 vero
1120 794 1227 820 mollior
1242 797 1269 820 et
1283 794 1377 825 levior,
1396 798 1450 820 tam
1466 794 1655 828 intelligentia.
1673 801 1755 828 quam

969 838 1102 865 oratione.
1129 838 1306 872 Superiorum
1332 838 1416 873 igitur
1439 838 1618 865 substantiam
1645 839 1756 865 silentio

970 884 1138 918 prmterieus,
1165 889 1296 918 quantum
1322 885 1430 919 assequi
1454 892 1577 919 possunt,
1597 885 1656 918 ejus
1679 884 1754 919 quod

968 927 1090 954 cernitur
1107 931 1232 954 naturam
1248 928 1436 963 erystallinam
1456 929 1566 963 inquam
1587 936 1647 956 esse
1660 930 1753 956 divino

968 978 1102 1007 praecepto
1120 973 1200 1000 ﬁxam
1217 978 1244 1001 et
1261 974 1428 1007 roboratam,
1448 979 1477 1002 ut
1500 975 1605 1002 facilius
1623 975 1691 1002 ferat
1712 976 1755 1002 ul-

968 1019 1160 1052 tramundana,
1183 1021 1309 1055 idemque
1326 1025 1428 1048 nostra:
1447 1022 1638 1050 crassitudinis
1658 1029 1756 1056 expers

967 1072 1038 1092 esse.
1055 1065 1194 1100 Utrosque
1207 1074 1273 1093 vero
1288 1067 1374 1093 cmlos
1389 1067 1518 1093 sustineri
1536 1067 1569 1094 ab
1584 1075 1615 1094 ea
1630 1075 1691 1102 qua:
1702 1075 1757 1095 om-

968 1110 1013 1136 nia
1026 1110 1112 1138 vincit
1127 1116 1153 1138 et
1170 1113 1298 1144 sustinet,
1317 1113 1410 1140 divina
1428 1113 1539 1141 virtute.

1171 1157 1430 1186 INTERROGATIO
1449 1159 1551 1187 LXVII.

1003 1202 1037 1229 At
1057 1203 1195 1237 quomodo
1220 1209 1308 1238 potest
1325 1205 1484 1239 crystallum
1509 1210 1618 1239 portare
1632 1209 1659 1232 et
1675 1211 1754 1240 sepa-

969 1255 1030 1275 rare
1047 1249 1158 1276 multam
1176 1253 1202 1276 et
1219 1249 1353 1276 inlinilam
1373 1250 1446 1276 illam
1463 1251 1580 1285 aquarii?

1285 1295 1437 1330 Responsio.

1002 1339 1054 1367 Per
1084 1340 1160 1367 [idem
1191 1342 1356 1376 apprehendi
1380 1342 1505 1376 dogmata
1537 1342 1757 1370 Christianorum

968 1387 1067 1414 solent.
1085 1387 1152 1413 Nam
1168 1387 1214 1414 ubi
1230 1388 1288 1413 vult
1304 1387 1384 1418 Deus,
1411 1387 1556 1421 subjicitur
1572 1392 1668 1414 natura
1688 1397 1757 1423 pne.

968 1436 1009 1459 ter
1021 1437 1145 1459 naturam
1161 1433 1292 1460 serviens.
1309 1432 1354 1460 Sic
1374 1441 1446 1468 aqtta
1465 1435 1491 1460 in
1508 1434 1598 1460 vinum
1618 1439 1757 1462 converti-

969 1485 1012 1507 tur
1025 1481 1053 1507 in
1068 1480 1143 1508 Cana
1156 1480 1292 1513 Galilatae;
1316 1481 1356 1508 sic
1373 1482 1400 1508 in
1422 1481 1539 1516 Aﬁgypto
1552 1483 1664 1508 rubrum
1679 1482 1756 1509 calo-

969 1533 1026 1553 rem
1050 1526 1149 1561 accipit
1170 1526 1265 1560 Nilus;
1281 1527 1321 1554 sic
1340 1531 1438 1561 praeter
1455 1532 1582 1554 naturam
1600 1528 1686 1555 instar
1701 1533 1755 1555 ter-

969 1580 1006 1599 ra:
1028 1572 1191 1606 permeabile
1205 1572 1234 1598 Iit
1255 1580 1330 1600 mare
1348 1571 1484 1603 Rubrum,
1499 1572 1586 1599 instar
1612 1580 1753 1600 murorum

968 1623 1106 1645 sectorum
1122 1618 1296 1645 constabilita
1311 1626 1393 1652 aqua,
1409 1623 1435 1645 et.
1454 1619 1480 1645 in
1504 1618 1582 1645 arido
1600 1618 1683 1646 fundo
1699 1627 1754 1646 non

967 1663 1093 1691 madente
1109 1664 1258 1698 pertransit
1278 1664 1406 1698 populus.
1424 1663 1466 1690 Sit
1481 1671 1545 1690 vero
1565 1664 1613 1690 tibi
1628 1665 1755 1691 incredu-

968 1709 1053 1736 litatis
1068 1709 1214 1744 castigatio
1228 1717 1330 1737 exosus
1344 1709 1398 1736 Deo
1414 1709 1531 1740 Pharao.
1548 1710 1626 1744 aquis
1641 1711 1755 1738 marinis

967 1755 1131 1787 immersus;
1147 1762 1209 1781 nam
1223 1755 1270 1789 qui
1283 1755 1358 1781 illum
1380 1755 1407 1781 in
1430 1755 1525 1782 eodem
1546 1756 1662 1782 transitu
1687 1756 1754 1783 sub-

967 1808 1086 1827 mersum
1109 1801 1201 1828 obruit
1216 1801 1358 1834 ﬂuctibus,
1385 1801 1457 1828 idem
1481 1801 1545 1828 olim
1565 1803 1639 1829 velut
1656 1804 1752 1837 pellent

967 1846 1085 1880 aliquam
1098 1847 1198 1873 malum
1210 1847 1342 1878 extendit,
1359 1854 1441 1881 supra
1455 1850 1554 1874 terram
1567 1848 1676 1882 quidem
1688 1856 1755 1875 con-

965 1899 1062 1918 vexum
1078 1891 1166 1926 ipsum
1189 1892 1316 1924 elevans;
1337 1900 1418 1927 super
1434 1892 1563 1928 abyssum
1582 1897 1672 1920 autem
1692 1893 1754 1920 I'un—

965 1937 1045 1967 dans,
1061 1937 1290 1971 quemadmodum
1313 1938 1394 1965 docet
1418 1937 1572 1965 divinorum
1599 1938 1751 1966 carminum

965 1986 1079 2009 auctor:
1095 1982 1244 2009 Extendens
1259 1983 1352 2010 caelum
1367 1985 1434 2010 velut
1450 1983 1553 2018 pellent,
1578 1989 1662 2018 legens
1677 1993 1753 2019 aquis

965 2029 1101 2063 superiora
1119 2030 1175 2060 eius
1193 2030 1225 2055 '°.
1253 2030 1338 2064 Atque
1354 2030 1398 2056 hic
1410 2030 1483 2057 venit
1506 2030 1538 2056 ad
1564 2038 1625 2062 nos,
1652 2031 1752 2065 inquit,

964 2076 1132 2110 temporibus
1146 2076 1276 2102 extremis
1291 2083 1401 2102 carnem
1425 2081 1546 2111 gestans,
1563 2081 1589 2103 et
1606 2077 1749 2104 humidum

964 2120 1146 2156 instabileque
1163 2128 1238 2148 mare
1251 2121 1334 2148 siccis
1349 2121 1466 2156 pedibus
1481 2123 1631 2150 transiens.

1158 2166 1418 2194 INTERIKOGATIO
1438 2167 1552 2194 LXVIII.

1005 2213 1087 2248 Atqui
1102 2212 1159 2247 jam
1181 2217 1244 2240 ante
1260 2214 1287 2240 in
1305 2213 1521 2248 prmcedeutibus
1538 2214 1692 2249 rogavimus
1715 2217 1751 2246 te,

967 2259 1014 2294 qui
1042 2267 1092 2286 nos
1110 2259 1222 2290 toleres,
1237 2259 1301 2285 dum
1317 2260 1530 2294 interrogamus,
1548 2267 1601 2286 non
1621 2263 1648 2286 ut
1665 2259 1753 2286 incre—

967 2305 1034 2336 duli,
1052 2305 1099 2332 sed
1111 2305 1187 2339 quasi
1205 2305 1251 2338 qui
1265 2305 1379 2331 aliorum
1394 2305 1505 2333 vocibus
1521 2309 1638 2337 utentes,
1656 2313 1704 2340 per
1725 2310 1752 2333 te

966 2351 1082 2377 velimus
1098 2351 1238 2377 aediﬁcari.

1283 2396 1423 2431 Responsio

1003 2440 1059 2476 Ego
1077 2450 1141 2469 vero
1156 2450 1210 2469 non
1227 2443 1276 2469 abs
1292 2451 1320 2469 re
1337 2449 1454 2470 vestram
1471 2444 1597 2471 eximiam
1613 2443 1751 2471 subtilita-

967 2491 1020 2514 tem
1032 2495 1090 2519 oro.
1105 2496 1137 2516 ne
1149 2488 1308 2515 (-laudicetis
1321 2497 1417 2523 gressu
1433 2490 1533 2517 mentis
1548 2491 1574 2516 in
1589 2497 1753 2525 cognoscen-

966 2534 999 2560 da
1016 2534 1141 2561 veritate.
1167 2534 1299 2562 Dabimus
1316 2539 1406 2562 autem
1428 2535 1501 2562 verbi
1517 2536 1602 2569 gratia
1624 2536 1751 2562 similitu-

966 2579 1067 2611 dinem,
1083 2581 1161 2614 quasi
1180 2584 1288 2607 centum
1306 2580 1405 2607 cubitis
1424 2585 1523 2608 terram
1539 2581 1652 2609 excedat
1668 2590 1749 2617 aqua.

966 2625 1034 2653 Cum
1052 2631 1142 2653 autem
1167 2627 1281 2653 dixisset
1305 2625 1376 2653 Deus
1395 2636 1402 2653 :
1424 2626 1488 2653 Fiat
1511 2628 1705 2661 firmamentum
1724 2629 1750 2655 in

967 2671 1051 2698 medio
1077 2681 1163 2707 aquae,
1184 2678 1208 2699 et
1223 2671 1323 2698 dividat
1349 2672 1417 2699 inter
1441 2681 1536 2707 aquom
1558 2679 1582 2700 et
1598 2682 1691 2709 aquam
1715 2675 1748 2707 ",

968 2718 1172 2744 constabilith
1188 2725 1285 2744 rursus
1298 2717 1383 2744 fuisse
1399 2720 1569 2753 crystallum,
1582 2720 1653 2754 quod
1669 2720 1751 2746 dilui-

968 2763 1041 2789 dium
1064 2771 1195 2798 armarunt
1220 2766 1363 2797 sustineat,
1384 2766 1613 2800 quemadmodum
1631 2767 1657 2794 in
1680 2767 1751 2794 vitm

981 2822 1002 2838 '°
1022 2820 1094 2850 Psal.
1109 2829 1166 2856 cui,
1182 2823 1209 2850 2.
1247 2824 1268 2839 ¹²
1291 2823 1357 2851 Gen.
1375 2833 1393 2857 ι,
1412 2825 1437 2851 6.
