1907 3043
181 132 235 160 935

180 192 276 218 valere
290 193 343 222 est,
354 198 387 217 ex
403 198 458 226 quo
472 191 543 218 alius
558 191 594 218 sit
610 195 752 226 separatus
770 192 840 218 calix
857 191 904 227 qui
917 190 974 217 dis-

181 241 278 264 cernat
304 237 452 272 dupliciter
466 237 540 272 quod
562 237 684 265 infusum
706 241 758 265 est.
773 237 859 273 Major
881 243 972 266 autem

182 283 256 309 omni
273 283 390 309 humana
402 283 570 318 cogitatione
588 287 630 310 est
644 283 849 311 absolutissime
865 284 974 320 sapiens

181 330 321 364 operatrix
338 328 383 355 illa
401 329 442 355 vis
455 328 512 356 Dei.
529 329 723 357 Animadverte
739 337 804 357 vero
819 330 974 358 evidentius

181 375 336 409 exemplum
351 375 385 402 de
400 374 584 406 ﬁrmamento,
600 383 654 401 non
669 380 727 402 arte
741 376 910 407 mortalium,
927 377 975 404 sed

181 421 274 447 divino
288 421 404 448 consilio
419 421 615 453 constitutum,
633 426 660 449 et
675 422 754 456 quasi
770 422 902 450 doctrinae
913 431 975 457 gra-

181 468 218 493 tia
237 467 314 494 nobis
330 467 515 502 propositum,
533 476 616 494 unum
635 475 666 494 ex
683 472 801 502 quatuor
817 467 975 496 ﬂuminibus

181 514 215 540 de
234 514 354 548 paradisi
371 514 446 540 fonte
462 513 622 545 ﬂuentibus,
638 514 710 548 quod
724 513 825 542 Phison
842 522 856 540 a
870 515 974 542 doctri-

182 567 216 585 na
231 563 335 590 nostra,
354 559 424 593 apud
444 558 554 586 Graecos
571 567 636 585 vero
653 559 730 590 Ister,
746 559 817 594 apud
837 559 975 588 Romanos

182 606 341 637 Danubius,
358 611 385 632 et
402 606 472 640 apud
493 606 599 633 Gothos
621 604 743 633 Dunabis
758 607 928 641 appellatur;
951 608 974 635 si

181 651 270 678 hieme
293 651 420 685 congclet
445 655 472 677 ct
499 650 526 676 in
552 651 687 684 lapideam
709 646 835 678 duritiem
855 658 976 679 mutetur

181 697 273 724 mollis
290 697 336 723 illa
354 696 476 723 ﬂuuiinis
490 701 600 727 natura,
619 702 646 722 ut
659 697 730 724 ferre
743 698 830 732 possit
846 698 974 725 inceden-

179 747 223 771 tes
246 744 274 770 iii
294 751 328 770 e0
343 748 477 775 armatos,
495 748 521 770 et
542 744 576 770 ad
600 741 798 776 Romanorum,
821 744 974 780 Illyriorum

182 791 375 825 Thracumque
388 790 456 818 lines
472 790 679 817 transeuntium
699 790 916 818 multitudinem.
936 791 975 818 lta

181 847 247 866 sane
264 839 344 865 etiam
366 837 431 864 illud
457 837 546 871 ipsum
566 845 599 864 ex
618 844 689 871 aqua
711 838 861 864 stabilitum
884 837 975 864 ﬁrma-

181 888 314 910 mentum.
333 882 436 909 Subtus
448 882 558 916 quidem
573 882 687 909 alluitur
703 882 907 910 sublerlabente
922 883 974 910 ﬂu-

182 930 266 959 mitte,
290 927 336 954 sed
355 934 438 961 supra
456 934 485 954 se
507 926 559 953 fert
581 934 682 961 equum
707 931 734 954 et
754 932 902 961 vectorem,
924 928 974 954 ali-

181 975 292 1009 quoties
307 974 347 1007 (ut
363 972 496 1002 cernitur)
512 979 626 998 numero
639 971 730 998 decies
743 971 826 998 mille.
839 970 878 998 Fit
892 972 974 998 etiam

182 1018 341 1054 aliquando,
369 1023 397 1044 ut
422 1018 569 1052 asperitate
597 1016 693 1044 hiemis
725 1017 919 1048 invalesceiite,
948 1021 976 1044 et

183 1068 374 1101 perseverante
393 1063 504 1098 frigore,
519 1063 666 1090 vehemens
683 1069 753 1097 aqua
764 1071 778 1090 e
793 1064 912 1090 nubibus
929 1063 976 1090 de-

182 1114 268 1147 pluat,
283 1116 310 1137 et
325 1119 373 1145 per
388 1111 472 1137 valles
488 1113 534 1136 aut
557 1109 690 1136 montium
708 1111 835 1142 vertices,
854 1114 901 1136 aut
918 1109 976 1136 eol-

182 1160 221 1186 les
247 1165 371 1187 manans,
401 1157 434 1183 ad
464 1155 585 1182 ﬂuminis
615 1155 815 1182 ﬁrmamentum
843 1156 973 1182 feratur:

181 1204 255 1240 quod
269 1204 433 1238 diremptum
456 1207 583 1236 respectu
603 1201 663 1236 cjus
678 1201 751 1236 quod
771 1209 889 1236 superne
905 1201 975 1234 ﬂuit,

181 1250 260 1285 quasi
277 1250 426 1283 inlercepto
442 1255 473 1274 ex
491 1248 570 1282 aquis
586 1247 766 1277 ﬁrmamento,
781 1248 884 1282 absque
901 1255 976 1274 coui-

183 1297 312 1324 mistione
324 1295 542 1329 eonl'usioncque
558 1297 651 1320 manet
664 1302 724 1320 cuni
739 1302 771 1320 eo
787 1294 858 1328 quod
873 1295 975 1321 subest.

182 1341 343 1369 Consitnilia
369 1347 417 1375 per
441 1341 530 1367 nivem
559 1339 701 1371 discimus,
725 1346 785 1374 qua:
809 1339 943 1374 excipitur
962 1347 977 1365 a

182 1386 354 1413 ﬁriiiaiiiciito
370 1385 404 1412 de
419 1393 473 1420 quo
488 1384 617 1416 dicimus,
636 1385 673 1410 ita
692 1389 720 1411 ut
737 1385 773 1412 sit
790 1384 877 1418 ipsum
894 1385 977 1411 inter-

182 1432 301 1459 mediuiii
315 1436 421 1466 septum
437 1431 636 1466 crystallitiuin,
654 1438 784 1464 separatis
797 1431 867 1457 inter
878 1438 976 1465 aquam

181 1481 210 1505 et
228 1485 336 1513 aquam,
354 1478 442 1504 instar
458 1477 578 1504 ccelestis
597 1476 758 1503 ﬁrmamenti
774 1476 808 1503 ab
822 1476 938 1503 infernis
952 1481 978 1504 et

182 1525 362 1552 terrestribus
378 1531 496 1559 superna
519 1527 546 1550 et
563 1522 772 1549 ultraiiiundana
785 1522 976 1549 discernentis.

182 1572 250 1599 Dico
277 1576 369 1599 autem
399 1570 514 1598 inﬁnitis
542 1570 631 1596 modis
652 1568 761 1599 fortius,
783 1576 864 1603 quam
890 1568 978 1595 hiems

182 1619 281 1654 possit,
298 1619 421 1645 divinum
439 1616 505 1643 illud
522 1617 680 1643 iiiainlatuiii
702 1615 867 1642 stabilivisse
889 1614 978 1650 impo-

181 1666 267 1692 situm
284 1664 367 1698 capiti
383 1668 478 1690 nostro
497 1663 708 1689 ﬁrmaiiientum.

394 1754 655 1784 INTERROGATIO
676 1754 769 1782 LXIX.

219 1804 274 1832 Sed
289 1811 375 1839 quare
399 1807 465 1830 sunt
488 1810 565 1836 aquae
582 1802 727 1836 superine?
749 1805 778 1828 ut
793 1801 892 1836 aliquis
908 1801 977 1827 hau-

183 1851 248 1881 riat,
266 1854 313 1876 aut
327 1850 412 1881 bibat,
429 1853 475 1876 aut
493 1849 612 1883 naviget,
630 1854 675 1875 aut
691 1853 783 1882 polum
801 1847 919 1882 pra-beat
940 1847 978 1874 al-

184 1899 247 1929 teri,
263 1901 310 1924 aut
323 1903 470 1932 quemnam
486 1897 597 1930 propter
612 1894 695 1921 aliutn
711 1894 792 1921 talem
809 1894 909 1921 usuui?

504 1940 658 1974 Responsio.

220 1988 290 2021 Quia
301 1987 460 2023 crystallum
475 1994 537 2014 esse
553 1986 608 2013 dixi
625 1987 837 2016 ﬁrmamentum.
855 1990 980 2020 receptu-

185 2042 245 2062 rum
261 2039 320 2061 erat
331 2034 518 2068 subjectormn
538 2033 714 2060 lumiiiariuni
732 2033 918 2068 splendorem,
935 2040 979 2060 so-

185 2082 237 2108 lem
247 2082 357 2116 inquain
369 2084 396 2107 et
408 2081 511 2110 lunam,
527 2084 553 2106 et
568 2080 700 2114 reliquum
714 2084 851 2106 astrorum
865 2083 978 2110 coitum,

184 2135 218 2154 ex
243 2127 303 2162 igne
323 2129 448 2153 naturam
469 2126 624 2153 habentem.
646 2125 685 2152 Ne
704 2126 787 2160 igitur
803 2126 911 2152 illorum
933 2133 979 2151 ar-

183 2173 252 2200 dore
267 2171 448 2199 resolveretur
455 2172 526 2206 quod
541 2171 624 2198 ﬁxum
640 2175 692 2202 est,
705 2179 753 2206 per
768 2171 794 2197 id
809 2171 843 2198 ab
859 2171 905 2197 illo
920 2171 979 2198 dis-

185 2218 275 2245 crevit
292 2217 427 2243 inﬁnitam
452 2217 525 2242 illam
543 2223 651 2251 aquam,
668 2217 749 2243 veluti
764 2217 879 2251 positam
896 2224 980 2251 super

186 2263 316 2290 humeros
330 2263 390 2296 ejus
406 2262 440 2289 ad
457 2261 669 2297 refrigerandam
686 2261 938 2292 inﬂammationem,
953 2266 980 2288 et

185 2310 219 2336 ad
238 2310 409 2344 levigaiidam
428 2309 607 2339 rotationem,
627 2308 711 2335 utilia
730 2308 891 2335 huniiditate
908 2316 981 2336 cras-

186 2358 244 2384 sius
264 2356 400 2384 rcddituiii
415 2356 544 2382 resistere
562 2356 648 2389 possit
663 2356 716 2390 igni
738 2355 926 2383 luiuiiiariuiii.

399 2401 662 2429 ιλΤΕιιιιΟΟΑΤιυ
682 2401 764 2429 LXX.

221 2448 365 2482 Quomodo
374 2455 440 2475 vero
453 2449 510 2475 ﬁeri
523 2452 651 2483 potestut
666 2447 767 2482 glacies
789 2447 899 2475 resistat
913 2447 980 2483 igni,

186 2503 247 2531 qua:
259 2495 335 2522 nullo
355 2495 436 2522 modo
452 2494 505 2521 fert
525 2494 596 2529 ignis
628 2494 876 2528 propinquitatem,
893 2502 981 2529 neque

188 2549 287 2568 manus
304 2541 563 2572 contrectationem,
588 2547 677 2575 neque
691 2547 786 2566 auram
808 2541 980 2573 calidiorem,

187 2595 276 2623 neque
290 2591 318 2614 ut
331 2592 406 2615 veste
420 2592 525 2622 tegatur
542 2587 553 2613 ?

505 2631 664 2667 Responsio.

224 2691 258 2717 At
275 2698 328 2718 non
341 2695 406 2718 sunt
419 2690 463 2716 illa
480 2690 691 2717 ultramundaua
704 2693 820 2717 terrenis
831 2697 880 2725 per
890 2690 982 2717 omnia

190 2747 359 2782 subjicienda
376 2756 383 2780 ;
403 2754 465 2774 nam
493 2747 571 2773 aliter
600 2754 682 2781 quam
709 2754 758 2781 pro
782 2751 876 2774 nostra
904 2747 983 2773 inﬁr-

190 2805 295 2837 mitate,
313 2804 406 2831 divitia
440 2804 528 2831 virtus
555 2804 648 2830 omnia
667 2804 807 2838 dispensat
827 2808 908 2839 atque
933 2811 984 2840 gu-

226 2891 284 2926 (23)
309 2889 478 2926 ’Υπεῤῥέον.
489 2890 570 2918 Forte
584 2891 727 2926 ὑπορρέον.
747 2890 826 2918 Eutr.

718 134 747 162 S.
765 133 917 162 CAESAR"
937 132 1103 161 GREGOBII
1125 132 1275 160 FRATRIS

1771 131 1834 160 936

1027 189 1107 216 ὑάλου
1132 190 1206 216 ἔστιν
1229 189 1358 225 ἀθρῆσαι,
1376 189 1405 222 ἐξ
1429 189 1514 224 αὐτῆς
1534 188 1641 224 ἐκείνην
1664 189 1835 225 διαπεφρα.

1026 235 1130 271 γμένην
1142 237 1192 270 τὴν
1208 236 1371 267 κύλικα,καὶ
1379 235 1579 270 ἁποκρίνουσαν
1591 236 1672 270 διχῶς
1685 237 1716 263 τὸ
1727 237 1834 272 ἐκχεὸ-
1853 241 1859 254 ι

1028 290 1117 317 μενον.
1144 281 1253 312 Μείζων
1279 281 1307 308 δὲ
1328 282 1436 313 πάντως
1465 281 1637 317 ἀνθρωπίνης
1664 282 1793 314 ἐπινοίας
1811 283 1831 318 ή

1026 329 1164 362 πάνσοφος
1185 327 1232 354 τοῦ
1251 327 1319 354 Θεοῦ
1341 328 1473 363 δραστικὴ
1487 328 1612 363 δύναμις.
1637 329 1706 364 Ὀρα
1719 329 1749 355 δέ
1779 337 1833 364 μοι

1025 374 1222 410 ἐναργέστερον
1239 374 1391 409 ὑπόδειγμα
1409 375 1472 409 περὶ
1493 374 1540 400 τοῦ
1567 374 1769 410 στερεώματος,
1796 377 1831 401 οὐ

1025 417 1107 454 τέχνῃ
1135 417 1250 453 βροτῶν,
1266 418 1335 445 ἀλλὰ
1355 418 1416 454 θείᾳ
1437 418 1518 454 βουλῇ
1542 419 1753 454 συνιστάμενον,
1775 420 1832 448 καὶ

1026 466 1107 491 οἱονεὶ
1127 463 1311 492 διδασκαλεῖον
1335 466 1402 501 ἡμῖν
1420 466 1618 502 προκείμενον,
1635 466 1681 492 τὸν
1700 467 1749 492 ἕνα
1768 467 1831 492 τῶν

1025 512 1163 546 τεττάρων
1180 512 1212 537 ἐκ
1226 511 1275 546 τῆς
1293 512 1322 537 ἐν
1345 512 1502 547 παραδείσω
1521 513 1625 548 κρήνης
1640 513 1756 547 ῥεόντων
1772 521 1830 538 πο-

1026 556 1184 591 ταμῶν,τὺν
1196 557 1319 589 Φυσῶνα,
1332 558 1407 592 παρὰ
1424 560 1457 593 τῇ
1471 558 1531 585 καθ’
1546 559 1619 594 ἡμᾶς
1636 559 1742 594 Γραφῇ.
1757 560 1830 594 παρ’

1028 603 1140 639 Ἕλλησι
1165 605 1194 630 δὲ
1212 603 1336 639 Ἵστρον,
1355 605 1430 640 παρᾶ
1453 606 1482 631 δέ
1505 605 1649 640 Ῥωμαίοις
1664 606 1828 637 Λανούϐιον,

1028 651 1102 686 παρὰ
1117 651 1144 677 δὲ
1154 651 1262 683 Γότθοις
1274 650 1404 678 Δούναὸιν
1419 652 1689 687 προσαγορευόμενον
1699 661 1706 667 ·
1717 652 1830 687 χειμῶ-

1026 703 1070 726 νος
1080 695 1264 730 πηγνυμένου,
1280 697 1326 722 καὶ
1340 696 1379 727 εἰς
1393 695 1491 732 λιθώδη
1513 697 1673 723 ἀντιτυπίαν
1691 697 1829 731 μεθιπτα-

1028 741 1111 776 μένης
1127 741 1178 776 τῆς
1195 741 1320 776 μαλακῆς
1333 742 1381 768 τοῦ
1399 743 1507 778 ῥείθρου
1529 742 1647 777 φύσεως,
1666 743 1703 774 ὡς
1721 743 1780 769 οἵαν
1791 752 1827 769 τε

1027 788 1119 824 φέρειν
1133 788 1370 823 ἐπιπορευομένων
1383 789 1534 824 πολεμίων,
1550 790 1597 816 καὶ
1612 791 1680 825 πρὸς
1693 789 1728 816 τὰ
1755 791 1826 816 Ῥω-

1031 835 1129 870 μαίων,
1147 834 1263 871 Ὶλλύριά
1283 843 1313 861 τε
1330 835 1376 861 καὶ
1392 835 1515 870 Θρᾲκεια
1536 836 1607 872 μέρη
1621 836 1826 870 διαφοιτώντων

1029 881 1140 916 πλῆθος.
1159 881 1239 908 Οὕτω
1260 890 1301 907 τοι
1318 882 1365 908 καὶ
1383 882 1413 908 τὸ
1428 882 1493 908 αὐτὸ
1515 883 1546 908 ἐκ
1559 882 1606 908 τοῦ
1625 883 1718 915 ὕδατος
1736 883 1826 916 παγὲν

1030 926 1183 962 στερέωμα,
1196 926 1376 958 ὑποκλύζεται
1395 927 1443 962 μὲν
1460 927 1499 962 τῷ
1519 928 1694 964 ὑποκριθέντι
1710 929 1825 964 ῥείθρῳ,

1030 971 1192 1006 ὑπερστέγει
1214 972 1236 998 δ’
1252 972 1333 997 ῖππον
1348 971 1394 997 καὶ
1413 972 1567 1008 ἀναϐάτην,
1585 974 1613 999 ἐν
1629 973 1732 1008 χιλιάσι
1757 974 1826 1000 δέκα

1030 1017 1160 1049 πολλάκις
1176 1017 1324 1053 ὁρώμενον.
1337 1019 1413 1045 Ἔστι
1425 1019 1452 1045 δὲ
1467 1020 1510 1046 ὅτε
1520 1019 1569 1045 ,καὶ
1581 1019 1630 1054 τῆς
1641 1019 1766 1054 ἀμειδίας
1777 1020 1826 1046 τοῦ

1029 1064 1164 1098 χειμῶνος
1183 1065 1395 1100 ἐπικρατούσης,
1414 1066 1461 1092 καὶ
1487 1065 1532 1092 τοῦ
1557 1066 1657 1101 κρύους
1682 1067 1825 1102 μένοντος,

1029 1110 1129 1146 λάϐρον
1154 1111 1225 1146 ὕδωρ
1247 1111 1300 1137 ἀπὸ
1313 1112 1401 1146 νειςῶν
1414 1113 1538 1147 ὑόμενον,
1554 1113 1600 1139 καὶ
1614 1113 1657 1150 ᾆιά
1669 1113 1724 1139 τῶν
1739 1122 1827 1148 χαρα-

1030 1157 1101 1192 δρῶν
1117 1158 1132 1192 ἢ
1150 1158 1311 1192 ἁκρωρειῶν
1334 1159 1380 1184 καὶ
1407 1159 1553 1192 γεωλόφων
1572 1159 1764 1194 κατὰρρηκτον
1779 1161 1827 1186 ἐπὶ

1029 1201 1077 1227 τοῦ
1107 1203 1240 1237 ποταμίου
1262 1202 1450 1239 στερεὼματος
1468 1204 1608 1239 φέρεσθαι.
1633 1205 1723 1240 Ὅπερ
1740 1205 1827 1241 διειρ-

1030 1247 1147 1282 γόμενον
1158 1249 1226 1283 πρὸς
1237 1248 1267 1275 τὸ
1281 1249 1414 1284 ὑπεῤῥέον
1433 1250 1489 1284 ('33)
1507 1248 1562 1277 οἷον
1583 1251 1772 1286 διαφράγματι
1788 1253 1827 1287 τῷ

1032 1294 1061 1325 ἐξ
1075 1295 1178 1321 ὑδάτων
1192 1294 1365 1330 στερεώματι
1384 1296 1485 1330 ἀμι;ὲ;
1504 1297 1572 1328 τέως
1595 1298 1642 1323 καὶ
1658 1298 1827 1333 ἀσύγκριτον

1034 1342 1109 1376 μένει
1127 1342 1194 1377 πρὸς
1209 1341 1239 1368 τὸ
1260 1343 1449 1378 ὑποκείμενον.
1473 1343 1656 1379 Παραπλήσια
1674 1345 1703 1371 δὲ
1720 1346 1768 1371 καὶ
1782 1346 1826 1371 διὰ

1031 1387 1081 1421 τῆς
1094 1387 1181 1422 χιόνος
1205 1387 1399 1423 παιδευόμεθα,
1420 1389 1621 1424 ἐπιξενωμένης
1632 1389 1670 1424 τῷ
1686 1391 1827 1425 εἰρημένῳ

1033 1433 1221 1469 στερεώματι·
1242 1434 1313 1460 ὥστε
1328 1435 1461 1470 ὑπάρχειν
1490 1436 1554 1461 αὐτὸ
1582 1436 1746 1471 μεταίχμιον
1768 1437 1827 1463 δια-

1033 1487 1148 1514 φραγμα
1178 1478 1354 1514 κρύσταλλον,
1376 1480 1535 1516 διαχωρὶζον
1551 1482 1602 1508 ἀνὰ
1627 1483 1710 1517 μέσον
1731 1482 1828 1514 ὕδατος

1033 1527 1079 1552 καὶ
1105 1526 1210 1558 ὓδατος,
1228 1526 1306 1561 δίκην
1334 1526 1381 1552 τοῦ
1407 1527 1533 1562 οὐρανίου
1555 1527 1757 1562 στερεώματος,
1774 1530 1828 1554 τὼν

1032 1571 1163 1605 ἐπιγείων
1184 1571 1218 1598 τὰ
1234 1572 1407 1608 ὑπερκόσμια
1430 1573 1622 1608 διακρίνοντος.
1646 1573 1828 1609 Ἀπειροπλα-

1033 1617 1098 1648 σίως
1121 1617 1150 1643 δὲ
1172 1617 1218 1643 καὶ
1242 1618 1442 1654 ἀπαραὸλήτως
1465 1618 1598 1654 χειμῶνος
1614 1620 1644 1645 τὸ
1663 1619 1734 1646 θεῖον
1746 1621 1828 1655 πρόσ-

1031 1663 1125 1697 ταγμά
1149 1671 1219 1698 φημι
1241 1664 1424 1699 ἰσχυρότερον,
1447 1665 1535 1700 πῆξαν
1559 1666 1590 1691 τὸ
1614 1666 1683 1702 ὑπὲρ
1707 1666 1828 1702 κεφαλῆς

1032 1711 1048 1745 ἠ
1053 1710 1110 1744 μῶν
1126 1717 1171 1735 στε
1176 1710 1277 1744 ρὲωμα.

1335 1757 1459 1783 ΠΕΥΣΙΣ
1473 1757 1529 1785 EG‘.

1069 1803 1124 1829 Ka‘i
1140 1803 1210 1829 διατί
1230 1803 1281 1839 ἄρα
1295 1808 1330 1829 τα
1349 1803 1405 1830 ἅνω
1422 1803 1522 1835 ὓόατα;
1537 1803 1579 1830 ἵνα
1597 1812 1638 1836 τις
1654 1804 1827 1841 ὑδρεύσηται,

1033 1848 1049 1884 ἢ
1065 1849 1131 1884 πίῃ,
1148 1847 1164 1883 ἢ
1188 1848 1303 1884 πλεύσῃ,
1322 1847 1338 1882 ἢ
1357 1847 1456 1884 ποτίσῃ
1476 1849 1546 1879 τινα,
1563 1848 1579 1884 ἢ
1597 1848 1665 1881 ὂλως
1686 1850 1731 1877 διὰ
1749 1852 1828 1878 ποίαν

1033 1895 1146 1931 χρείαν;

1340 1942 1523 1977 Ἀπόκρισις.

1075 1989 1151 2015 Ἐπεὶ
1166 1988 1332 2024 κρύσταλλον
1347 1989 1481 2024 ὑπάρχειν
1495 1989 1562 2024 ἔφην
1575 1989 1606 2015 τὸ
1618 1990 1772 2025 στερέωμα,
1783 1991 1826 2018 δέ-

1033 2035 1129 2070 χεσθαι
1156 2035 1272 2070 ἤμελλεν
1297 2035 1346 2070 τὴν
1374 2036 1575 2071 ὑπερκειμένην
1596 2036 1649 2062 τῶν
1675 2038 1825 2072 φωοτήρων

1034 2082 1218 2118 φρυκτωρίαν,
1236 2082 1311 2117 ἥλιόν
1335 2090 1427 2116 φημι,
1444 2082 1489 2108 καὶ
1507 2075 1622 2117 ἇελήνην
1636 2083 1683 2109 καὶ
1705 2083 1753 2118 τὴν
1775 2084 1826 2110 λοι-

1033 2127 1087 2162 ἰιὴν
1096 2128 1150 2154 τῶν
1157 2128 1264 2162 ἄστρων
1273 2127 1420 2162 ὁμήγυριν,
1429 2128 1461 2152 ἐκ
1472 2126 1556 2161 πυρὸς
1566 2126 1615 2161 τὴν
1629 2127 1710 2161 φύσιν
1720 2127 1824 2162 ἔχοντα.

1035 2172 1082 2199 Ἴν¹
1093 2170 1138 2198 οὖν
1154 2172 1191 2207 μὴ
1205 2172 1244 2206 τῷ
1260 2172 1372 2198 ἐκείνων
1389 2170 1500 2206 πυρετῷ
1512 2170 1631 2205 ἀναλωθῇ
1647 2170 1676 2196 τὸ
1692 2171 1823 2204 πεπηγὸς,

1033 2218 1067 2244 δι’
1089 2218 1171 2245 αὐτοῦ
1198 2218 1301 2244 ἐκείνου
1327 2217 1452 2253 ἀνέκρινε
1468 2217 1499 2243 τὸ
1525 2216 1619 2251 μυρίον
1648 2217 1737 2243 ἐκεῖνο
1756 2216 1825 2250 ὕδωρ

1033 2264 1103 2298 ὑπὲρ
1116 2264 1210 2295 νώτοις
1226 2263 1308 2290 αὑτοῦ
1322 2263 1489 2298 καταψύχειν
1507 2263 1551 2289 τὸν
1564 2262 1696 2297 φλογμὸν,
1715 2262 1764 2289 καὶ
1783 2263 1826 2287 ἐπ-

1033 2310 1154 2344 αλείφειν
1171 2310 1201 2336 τὸ
1222 2310 1315 2346 φέρον,
1334 2310 1408 2341 ὅπως
1429 2311 1462 2345 τῇ
1477 2309 1582 2336 ἐκεῖθεν
1606 2308 1686 2335 νοτίδι
1711 2309 1826 2344 παχυνὸ-

1035 2365 1114 2391 μενον
1129 2356 1252 2391 ἀντέχειν
1268 2355 1307 2390 τῷ
1319 2356 1385 2391 πυρὶ
1401 2355 1455 2382 τῶν
1471 2357 1632 2391 φωστήρων.

1332 2403 1458 2430 ΠΕΥΣΙΣ
1475 2405 1513 2430 Ο’.

1071 2449 1124 2475 Καὶ
1142 2448 1199 2479 πῶς
1214 2447 1325 2474 δυνατὸν
1342 2447 1509 2482 κρύσταλλον
1525 2448 1647 2482 ἀντέχειν
1667 2449 1745 2485 πυρὶ,
1762 2449 1826 2484 ὅπερ

1034 2494 1094 2522 οἰδὲ
1107 2495 1174 2526 ὅλως
1194 2495 1272 2530 φέρει
1289 2495 1427 2529 ἐγγύτητα
1447 2495 1532 2530 πυρὸς
1542 2514 1549 2526 ,
1566 2495 1625 2520 οὐδὲ
1638 2496 1732 2531 χειρὸς
1747 2496 1827 2530 ψηλὰ-

1035 2550 1135 2576 φησιν,
1151 2541 1211 2567 οὐδὲ
1227 2542 1311 2577 πνοὴν
1326 2541 1504 2577 θερμοτέραν,
1523 2542 1539 2576 ἢ
1559 2541 1686 2576 ἐπιΰολὴν
1702 2542 1827 2577 ἱματίου;

1340 2631 1521 2665 Ἀπόκρισις.

1080 2675 1149 2702 Ἀλλ’
1173 2677 1203 2702 οὑ
1226 2677 1278 2712 χρὴ
1298 2678 1332 2703 τὰ
1359 2677 1531 2712 ὑπερκόσμια
1545 2676 1697 2711 περιγείοις
1715 2675 1825 2702 καθόλου

1039 2724 1213 2750 ὑποϐάλλειν·
1232 2723 1405 2759 καταλλήλως
1432 2724 1485 2759 γὰρ
1507 2725 1539 2758 τῇ
1563 2723 1688 2758 ἡμετέρᾳ
1705 2722 1826 2756 ἀσθενείᾳ

1037 2769 1150 2804 δύναμις
1169 2771 1255 2796 πάντα
1282 2771 1498 2806 διῳκονόμηται,
1522 2771 1569 2797 καὶ
1588 2769 1763 2806 πρυτανεύει.
1785 2769 1826 2795 Ἐι

1036 2815 1091 2842 τῶν
1105 2817 1170 2850 παρ’
1185 2817 1249 2852 ἡμῖν
1269 2818 1359 2845 τοίνυν
1379 2817 1511 2854 ἀμυδροῖς
1532 2816 1737 2852 παραδείγμασι
1759 2813 1825 2852 χρώ-
