1907 3043
87 132 143 160 931

88 196 167 223 μενοι
178 207 186 220 ,
203 186 294 223 φαμὲν
317 185 352 214 τὰ
365 185 560 222 ὑπερκείμενα,
577 184 667 221 λύχνῳ
682 185 837 223 μικροτάτφ
849 186 878 214 ιν

86 234 164 269 οἰκίᾳ
180 232 295 270 μεγίστῃ
318 233 446 268 φαίνοντα
472 232 691 268 παραϐάλλοντες
707 233 752 260 τὸν
767 233 878 268 βασιλέα

85 278 145 306 τῶν
162 279 313 314 φωστήρων
326 278 400 314 ἥλιον
413 299 420 311 ,
440 278 556 314 πρὸς-τὸ
579 279 703 315 οὐράνιον
718 279 798 315 σῶμα
815 287 879 314 συγ-

86 324 264 361 κρινόμενοψ
282 324 328 352 καὶ
342 324 435 360 ὥσπερ
454 325 483 351 ὲν
499 325 583 360 δίσκῳ
602 325 774 361 παμμεγέθει
788 345 795 358 ,
811 325 880 362 βρα-

86 371 141 406 χὺν
155 369 279 406 ἄνθρακά
289 379 330 402 τις
345 370 505 406 ἐπιθέμενος
517 391 524 402 ,
544 370 561 406 ἢ
576 370 672 407 λύχνον
685 371 835 404 ὑποκαίων,
849 371 880 398 οὐ

89 415 174 451 μόνον
198 414 298 450 φλέξας
320 415 336 451 ἢ
361 415 501 451 χωνεύσας
515 416 570 452 (24)
594 417 626 444 τὸ
640 417 819 453 ὑποκείμενον
833 417 881 454 οὐχ

86 458 146 493 οἷός
159 470 188 488 τε
203 461 245 496 εἴη
256 482 263 493 ,
276 461 344 488 ἀλλὰ
356 462 416 489 οὐδὲ
433 462 567 498 θερμᾶναι
581 463 612 490 τδ
625 463 721 495 σκεῦος
737 463 881 499 ἰσχύσειεν.

87 509 155 540 Πῶς
168 506 214 535 οὖν
234 508 330 543 λύχνος
344 509 462 544 ἀμυδρὸς
486 510 632 545 δυνήσεται
657 509 775 537 ἄϐυσσον
794 519 883 547 πεπη-

67 552 71 556 ’
87 555 173 589 γυῖαν
193 553 273 580 λῦσαι
291 554 307 589 ἢ
324 554 513 589 παραφλέξαι;
531 555 595 581 ποτε
609 555 638 582 δὲ
653 555 730 588 κύλιξ
747 555 881 589 ἄπτουσα,

87 600 135 627 οἵα
156 608 186 626 τε
201 598 318 636 θραῦσαι
339 599 473 634 χειμῶνος
499 600 651 636 κρυότητα,
669 601 884 635 φιλονεικοῦντος

90 645 191 672 σϐέσαι
210 645 260 680 τὴν
271 644 417 681 θρυαλλίδα
433 645 473 681 τῷ
496 645 606 681 παγετῷ
618 667 626 677 ,
640 647 679 678 είς
701 646 773 673 λίθον
787 647 816 673 δὲ
834 655 883 683 με-

88 691 254 719 τατυπῶσαι
270 691 299 719 τὺ
310 692 461 727 ἐνυπάρχον
475 691 546 727 ὕδωρ
563 693 610 719 καὶ
623 692 723 725 ἔλαιον,
737 693 788 728 τῆς
800 694 885 729 ὑπερ-

89 737 176 773 ϐολῆς
188 737 235 764 τοῦ
249 737 350 773 κρύους
361 737 412 772 τὴν
427 737 556 773 λαμπάδα
567 738 812 774 ἀπομαράναντοςς
825 739 884 770 πῶς

89 782 120 809 δὲ
139 783 216 819 καὶὴ
231 783 362 818 ἀμίαντος
379 783 476 818 βοτάνη
492 802 499 814 ,
512 783 559 810 καὶ
577 782 710 817 ἄφλεκτος
725 784 814 819 πάντη
827 784 884 811 δια-

92 828 230 864 μένουσα;
257 828 337 855 Ἀλλὰ
362 829 408 856 καὶ
438 828 630 864 σαλαμάνδραν
663 829 731 862 ζῶον
756 830 882 862 εὐτελὲς,

91 874 181 910 πυρὸς
194 874 223 901 δὲ
240 876 273 910 τῇ
289 874 369 909 φύσει
382 874 519 910 διαφέρον,
536 874 658 910 ἔγνωμεν
674 874 719 902 διὰ
735 875 821 912 μέσης
833 885 884 904 κα-

93 921 174 957 μίνου
193 920 280 956 πυρὸς
292 921 434 956 ἐνσκαῖρον
446 940 455 954 ,
481 920 638 953 διαὸιὸάζον
653 930 684 949 τε
696 942 703 954 ,
725 923 773 950 καὶ
800 922 883 959 μηδὲν

91 966 235 998 παντελῶς
251 968 284 993 ὲκ
295 966 344 1001 τῆς
360 967 529 1002 λυμαντικῆς
540 967 587 994 τοῦ
599 967 685 1004 πυρὸς
697 968 804 1003 φύσεως
819 969 884 996 ὐπο-

93 1013 187 1048 μένον.
203 1013 284 1040 Οὐδὲν
298 1013 387 1040 τοίνυν
403 1013 479 1049 ἥλιος
494 1014 699 1050 παραόλάψειιν
714 1015 759 1042 τὸν
771 1015 884 1051 οὐρανὸν

92 1058 218 1086 ὑποθέων
229 1068 236 1074 ·
255 1056 285 1085 οὗ
301 1058 349 1090 τὰς
364 1059 479 1091 ἑωθινὰς
493 1059 624 1092 ἀνατολὰς
638 1060 796 1096 διαγράφων
806 1061 820 1087 ὸ
829 1060 885 1087 τῶν

93 1105 177 1133 θείων
195 1105 313 1140 μελῳδὸς
323 1124 330 1136 ,
351 1105 433 1141 φησιν
445 1112 453 1120 ·
465 1105 520 1133 Καὶ
534 1105 626 1139 αὐτὸς
639 1106 679 1139 ὡς
690 1106 820 1141 νυμφίος
837 1106 885 1134 ὲκ-

93 1152 299 1186 πορευόμενος
310 1151 344 1178 ὲκ
365 1151 484 1179 παστοῦ
499 1151 605 1183 αὑτοῦ,
615 1152 830 1187 arumnam
844 1153 885 1186 ὡς

94 1198 182 1234 τήνας
197 1197 320 1232 δραμεῖν
347 1197 418 1225 όδι)ν
442 1198 534 1226 αὑτοῦ
546 1218 554 1230 ,
571 1199 622 1225 ἀπ’
641 1198 735 1233 ἄκρου
758 1198 812 1226 τοῦ
834 1200 885 1226 οὺ-

90 1244 188 1278 ρσνοῦ
202 1244 222 1278 ἠ
234 1243 340 1277 ἔξοδος
358 1244 462 1271 αὐτοῦ.
484 1243 550 1272 Ἰδοὺ
561 1264 569 1276 ,
587 1244 681 1279 ἄκρον
697 1245 744 1271 κα)⁴
761 1244 883 1279 ἔξοδος·

94 1288 126 1314 οὺ
147 1290 251 1324 σφαῖρα
274 1288 302 1315 δὲ
319 1289 365 1315 καὶ
385 1288 478 1321 ἄνοδος
501 1289 642 1325 κυλιστικὴ
655 1310 662 1323 ,
680 1289 719 1321 ὡς
744 1289 886 1322 δοκεῖτοῖς

95 1334 277 1369 εἰκαιολόγοις
291 1333 358 1370 [Καὶ
376 1334 408 1361 τὺ
423 1334 583 1371 κατάντημα
600 1334 681 1362 αὑτοῦ
691 1355 700 1368 ,
714 1336 802 1371 ’φησὶν
813 1357 820 1369 ,
834 1336 886 1368 ἕως

96 1381 184 1416 ἄκρου
200 1380 248 1407 τοῦ
272 1381 387 1416 ούρανοῦ
406 1381 463 1416 (25)
475 1380 485 1417 ]
498 1389 506 1397 ·
522 1382 570 1408 καὶ
592 1381 626 1409 τὸ
650 1381 823 1416 Icariis-riuus
839 1383 886 1410 καὶ

96 1426 203 1461 ἄκρον,
219 1427 250 1453 οὐ
264 1427 376 1459 κάθοδος
390 1427 438 1455 καὶ
450 1427 589 1459 ὕπόδυσις.
611 1427 680 1454 Ἀλλ’
697 1427 744 1454 ἐπὶ
757 1428 806 1463 τὴν
819 1437 887 1464 νυμ-

97 1473 181 1508 φικὴν
197 1472 352 1507 ὡραιότητα
377 1472 424 1499 τοῦ
452 1472 596 1509 φωστῆρος
626 1473 720 1508 ἴωμεν.
736 1473 805 1509 Φησὶ
832 1473 886 1509 γὰρ

97 1520 161 1555 περὶ
176 1518 260 1546 αὑτοῦ
275 1519 290 1545 ὁ
302 1518 384 1546 Δαὸίδ
397 1526 403 1533 ’
421 1519 476 1546 Kal
493 1518 584 1552 αὐτὸς
594 1519 636 1552 ὡς
653 1519 783 1553 νυμφίος
796 1519 886 1546 ἐκπο-

93 1566 259 1601 ρευόμενος
271 1565 306 1593 ὲκ
319 1564 438 1592 παστοῦ
456 1564 550 1592 αὑτοῦ
563 1573 571 1580 ·
585 1563 616 1591 τὸ
633 1564 745 1600 φαιδρὸν
759 1564 806 1591 καὶ
819 1563 890 1599 σύμ-

100 1621 198 1648 μετρον
218 1612 269 1647 τῆς
279 1611 392 1647 ἑωθινῆς
406 1611 489 1638 αὐτοῦ
509 1610 598 1645 ὅψεως
611 1610 763 1646 παριστῶν.
775 1611 891 1645 Μεσημ-

98 1658 191 1693 6ρινδν
206 1657 261 1692 γὰρ
272 1657 356 1684 αὺτδν
371 1657 547 1684 διιππεύοντα
559 1656 605 1684 τὸν
619 1656 743 1692 οὐρανὸν,
762 1655 891 1688 πολλάκις

98 1703 145 1731 καὶ
155 1703 367 1739 ἀποδιδράσκειν
380 1702 550 1738 πειρώμεθα,
562 1702 593 1729 τὸ
606 1702 743 1737 φλογῶδες
755 1701 837 1729 αὑτοῦ
851 1701 889 1737 μὴ

99 1749 229 1785 φέροντες
241 1758 248 1765 “
266 1749 324 1785 ἅμα
335 1749 363 1775 δὲ
376 1748 424 1776 τοῦ
436 1749 567 1784 ἀνίσχειν,
581 1748 698 1783 τερπνὸς
708 1749 791 1775 πᾶσιν
807 1748 892 1783 ὑπάρ-

99 1804 156 1830 χει·
173 1796 222 1822 καὶ
243 1795 337 1831 ὥσπερ
355 1795 472 1830 νυμφίου
498 1795 576 1830 δίκην
601 1793 739 1830 ὁρώμενος
750 1814 758 1826 ,
774 1793 820 1821 καὶ
838 1793 892 1820 ἀπὸ

100 1840 148 1876 τῆς
166 1841 239 1876 ὲῲας
258 1841 338 1876 μέχρι
363 1841 413 1875 τῆς
437 1840 558 1876 ἑσπέρας
580 1840 704 1874 ἀφθόνως
719 1839 831 1872 ἐπιϐὰς,
848 1839 892 1866 διὰ

100 1886 148 1918 τὰς
166 1888 199 1913 ἐκ
223 1886 279 1912 τῶν
305 1886 494 1922 μαρμαρυγῶν
515 1885 718 1921 στροφάλιγγας
736 1884 838 1911 διαλύει
858 1885 891 1920 τῇ

100 1929 230 1968 δᾳδουχίᾳ
243 1932 273 1958 τὸ
288 1933 398 1967 ἀμειδὲς
414 1932 461 1959 τοῦ
478 1932 558 1968 ἀέρος
571 1952 578 1965 ,
593 1933 639 1960 καὶ
653 1933 687 1968 τῇ
698 1933 733 1967 γῇ
747 1932 815 1968 πρὸς
826 1941 893 1967 καρ-

102 1979 230 2013 πογονίαν
249 1978 399 2013 συνομιλῶν
410 1998 418 2010 ,
443 1978 605 2013 συνθᾲλπων
621 1977 705 2014 αὐτὴν
717 1999 724 2012 ,
745 1978 791 2005 καὶ
807 1979 891 2012 ἐγκα-

102 2024 231 2061 λούμενος
247 2024 303 2060 (26)
318 2024 353 2051 τὰ
369 2025 516 2060 σπέρματα
534 2024 656 2060 ὲκφύειν.

793 128 965 158 ωλιοαυε
982 127 1004 155 Ι.

929 185 1037 214 bernat.
1049 184 1088 212 Ex
1107 184 1141 213 iis
1157 184 1241 221 igitur
1258 185 1342 214 rebus
1354 193 1473 222 quarum
1487 185 1559 223 apud
1578 194 1631 216 nos
1644 195 1715 218 usus

929 236 980 265 est,
991 231 1116 260 facilibus
1130 232 1262 267 exemplis
1272 236 1389 265 utentes,
1407 233 1550 269 loquemur
1560 233 1594 262 de
1610 233 1644 262 iis
1656 241 1718 270 qua

930 285 1013 314 supra
1027 285 1077 306 nos
1093 282 1167 306 sunt.
1184 277 1315 306 Lucerna
1330 279 1452 306 omnium
1467 279 1587 307 minima:
1598 279 1626 307 in
1637 280 1719 308 domo

931 324 1048 351 maxima
1065 324 1167 352 lucenti
1181 324 1349 352 conferimus
1370 331 1462 360 regem
1477 324 1653 352 luminarium
1672 332 1719 353 so-

932 369 998 402 lem,
1017 369 1052 397 ad
1066 369 1180 398 cmleste
1193 377 1292 404 corpus
1303 374 1500 404 comparatum.
1511 369 1630 399 Prorsus
1645 378 1677 399 ac
1693 371 1717 400 si

932 415 995 450 quis
1009 415 1036 443 in
1053 415 1130 444 disco
1147 422 1297 451 permagno
1312 415 1439 450 exiguum
1456 416 1603 444 carbonem
1623 421 1716 452 ponat,

932 466 980 490 aut
995 463 1135 490 lucernam
1146 461 1304 495 succendat,
1320 469 1375 489 non
1391 462 1480 490 solum
1495 462 1656 491 comburere
1670 467 1718 490 aut

933 507 1102 535 inﬂammare
1116 507 1192 534 illum
1217 514 1271 534 non
1288 507 1397 542 poterit,
1413 515 1508 534 verum
1532 515 1567 536 ne
1584 515 1633 536 vas
1654 509 1717 543 qui-

933 551 994 579 dem
1010 551 1100 586 ipsum
1111 549 1262 578 cali-facere
1279 550 1407 585 quiverit.
1419 551 1562 584 Quomodo
1572 553 1657 587 igitur
1668 553 1719 580 iu-

934 596 1040 624 becillis
1056 597 1166 624 lucerna
1179 596 1280 631 poterit
1295 596 1425 632 abyssum
1441 598 1647 627 constabilitam
1662 599 1719 627 sol-

933 650 997 670 vere
1017 647 1064 669 aut
1079 643 1264 670 comburere?
1291 642 1325 670 Et
1344 643 1390 678 qui
1406 643 1475 671 calix
1498 644 1656 680 attingenda
1675 645 1718 673 ιδ

934 687 999 716 dere
1012 688 1111 723 poterit
1124 687 1210 723 frigus
1222 687 1319 716 hiemis
1332 688 1462 715 enitentis
1483 690 1661 725 exstinguere.
1671 698 1720 726 per

934 733 996 769 gelu
1012 734 1131 762 lucernae
1154 733 1329 769 ellychnium,
1345 737 1373 761 et
1384 734 1411 761 in
1424 734 1540 770 lapidem
1561 739 1721 765 convertere

936 787 1035 815 aquam
1046 787 1107 815 quae
1127 779 1155 806 in
1169 787 1203 807 eo
1218 783 1271 811 est,
1285 783 1313 806 et
1327 779 1428 812 oleum,
1445 788 1528 815 supra
1550 781 1661 809 modum
1671 782 1721 809 frl-

936 833 1001 861 gore
1020 825 1172 860 lampadem
1187 824 1363 852 debilitante?
1377 825 1519 858 Quomodo
1536 834 1600 854 vero
1614 827 1722 855 aminn-

937 875 982 899 tus
996 871 1080 899 herba
1093 871 1183 906 ignem
1200 870 1336 898 sustinuere
1352 875 1451 906 potest,
1463 872 1490 899 in
1503 872 1621 900 medium
1634 873 1722 909 ipsius

937 917 1053 945 ﬂammae
1072 917 1172 952 posita,
1189 916 1335 952 omnisque
1361 917 1514 946 adustionis
1537 926 1635 954 expers
1663 927 1724 947 ma-

937 964 1028 993 nens?
1043 964 1095 992 Sed
1114 968 1141 992 et
1167 963 1367 991 salainandram
1393 964 1447 991 vile
1470 964 1591 999 animal,
1613 965 1722 995 diversa

937 1011 972 1039 ab
987 1010 1043 1046 igni
1066 1015 1174 1042 natura.
1189 1010 1293 1038 scimus
1316 1017 1365 1046 per
1391 1009 1511 1038 medium
1532 1012 1670 1040 caminum
1693 1013 1723 1040 in

938 1056 1026 1092 ignem
1042 1056 1149 1084 insilire
1158 1060 1241 1091 atque
1256 1056 1433 1092 pertransire.
1447 1056 1515 1084 nihil
1529 1061 1619 1086 tamen
1644 1066 1724 1094 pror-

938 1110 986 1131 sus
1001 1111 1050 1138 per
1065 1103 1176 1131 edacem
1197 1108 1322 1131 naturam
1335 1104 1406 1140 ignis
1421 1104 1492 1132 laedi.
1503 1103 1621 1133 Proinde
1635 1114 1724 1142 neque

938 1150 979 1177 sol
999 1149 1099 1177 lmserit
1110 1150 1209 1177 coelum
1223 1150 1275 1177 sub
1289 1158 1345 1185 quo
1356 1151 1443 1177 currit
1458 1158 1465 1182 ;
1477 1150 1556 1185 cujus
1573 1153 1723 1180 matutinos

938 1201 1051 1225 exortus
1076 1196 1234 1224 describens
1255 1196 1412 1224 divinorum
1434 1197 1589 1225 carminum
1614 1202 1723 1232 auctor.

940 1241 1045 1276 inquit:
1058 1241 1118 1276 Ipse
1132 1242 1201 1269 velut
1213 1250 1324 1275 sponsus
1332 1242 1466 1277 egrediens
1482 1250 1515 1270 ea:
1530 1243 1649 1271 tlmlamo
1663 1252 1723 1278 suo,

938 1288 1082 1315 exsultabit
1095 1294 1123 1315 ut
1139 1289 1214 1324 gigas
1227 1288 1261 1316 ad
1275 1288 1434 1316 currendum
1445 1289 1513 1316 uiam
1528 1298 1640 1323 suarma
1651 1299 1726 1319 sum-

939 1343 982 1361 mo
997 1335 1056 1362 caeli
1068 1343 1187 1370 egressus
1202 1335 1259 1370 ejus
1269 1336 1303 1362 ¹².
1321 1334 1406 1362 Vides
1417 1334 1459 1361 hic
1475 1338 1539 1370 poni
1556 1338 1637 1365 verba
1653 1345 1726 1366 sum.

940 1380 976 1407 mi
996 1385 1022 1408 et
1042 1389 1171 1416 egressus,
1190 1389 1244 1409 non
1258 1382 1371 1417 sphaerae
1385 1387 1413 1411 et
1426 1392 1557 1412 ascensus
1569 1384 1724 1416 circularis,

941 1431 970 1454 ut
982 1427 1120 1462 aliquibus
1135 1427 1243 1456 videtur
1253 1436 1338 1458 vanas
1352 1430 1526 1465 conjecturas
1537 1431 1726 1466 sequentibus.

941 1472 974 1499 Et
990 1481 1115 1501 occursus
1143 1474 1212 1508 ejus,
1230 1475 1330 1510 inquit,
1350 1484 1430 1511 usque
1449 1478 1484 1504 ad
1509 1485 1641 1504 suinmum
1656 1478 1724 1504 caeli.

941 1517 1009 1546 Vide
1024 1526 1120 1547 rursus
1138 1528 1272 1549 occursum
1292 1525 1319 1548 et
1336 1530 1476 1555 summum,
1496 1529 1550 1549 non
1563 1522 1726 1550 descensum

939 1568 968 1592 et
986 1571 1125 1592 occasum.
1152 1564 1205 1593 Sed
1233 1567 1305 1594 enim
1321 1566 1354 1594 ad
1370 1568 1525 1602 sponsalem
1544 1567 1726 1602 pulchritudi-

940 1617 1001 1638 nem
1013 1610 1096 1645 hujus
1109 1611 1252 1639 luminaris
1267 1613 1441 1641 accedamus.
1456 1613 1549 1649 inquit
1561 1614 1634 1641 enim
1645 1613 1680 1642 de
1693 1621 1727 1642 eo

940 1655 1115 1684 Davides:Et
1130 1657 1185 1689 ipse
1200 1658 1270 1684 velut
1287 1666 1398 1693 sponsu
1413 1659 1546 1694 egrediens
1562 1667 1595 1686 ex
1609 1659 1727 1687 thalamo

940 1710 999 1735 suo,
1027 1703 1117 1730 verbis
1143 1703 1218 1730 hisce
1245 1705 1412 1732 alacritatem
1433 1709 1460 1733 et
1483 1709 1728 1741 temperamentum

942 1753 1068 1784 aspectus
1088 1750 1148 1784 ejus
1164 1751 1289 1778 matulini
1315 1751 1478 1786 exprimens.
1497 1751 1565 1780 Nam
1593 1759 1655 1780 cum
1672 1761 1730 1781 me-

942 1794 1076 1823 ridionale
1101 1796 1201 1824 coelum
1217 1797 1363 1831 percurrit,
1383 1804 1573 1832 saepenumero
1592 1798 1728 1834 refugium

942 1848 1063 1875 quaerere
1078 1845 1226 1876 tenuamus,
1245 1842 1352 1877 igneum
1363 1843 1482 1870 calorem
1497 1844 1557 1878 ejus
1569 1852 1624 1872 non
1639 1844 1730 1873 fercu-

943 1891 995 1914 tes.
1012 1886 1099 1914 Simul
1113 1892 1205 1915 autem
1222 1888 1248 1914 in
1271 1891 1366 1915 exortu
1382 1888 1522 1922 jucundus
1534 1893 1577 1916 est
1590 1890 1729 1921 omnibus,

944 1937 971 1959 et
983 1933 1056 1959 velut
1071 1940 1189 1966 sponsus
1216 1933 1359 1967 aspicitur.
1377 1938 1404 1960 et
1425 1941 1440 1960 ιι
1457 1937 1579 1968 tempore
1594 1934 1730 1961 matutino

943 1978 976 2004 ad
995 1986 1135 2013 vesperam
1150 1986 1237 2013 usque
1252 1984 1380 2014 perpetuo
1391 1986 1440 2014 per
1456 1979 1595 2006 radiorum
1617 1987 1730 2007 suorum

944 2023 1107 2051 reflexiones
1120 2024 1248 2052 dissolvit
1263 2025 1314 2051 hac
1334 2032 1391 2053 suae
1411 2024 1480 2053 facis
1494 2025 1553 2053 lucc
1574 2025 1730 2061 iniucundi-

103 2076 184 2100 tatem
197 2073 283 2105 aeris,
298 2076 346 2100 aut
370 2080 433 2100 cum
458 2077 531 2101 terra
549 2073 583 2100 ad
599 2072 772 2101 excitandum
800 2071 966 2099 fertilitatem
984 2073 1062 2108 quasi
1076 2073 1141 2105 coit,
1153 2080 1268 2108 eamque
1293 2072 1374 2105 fovet,
1395 2072 1429 2100 ad
1445 2073 1607 2109 proferenda
1627 2072 1732 2101 semina

103 2125 267 2153 provocans.

391 2176 516 2204 ΠΕΥΣΙΣ
528 2174 591 2203 OA'.

137 2223 192 2250 Kal.
220 2223 279 2254 πῶς
298 2223 328 2251 οὐ
356 2222 448 2250 λύεται
470 2222 501 2249 τὸ
526 2221 691 2258 κρύσταλλον
709 2222 742 2257 τῇ
770 2221 892 2258 πυρώσει

103 2268 148 2295 τοῦ
175 2269 270 2304 ἡλίου,
297 2269 425 2296 τοσούτου
451 2268 527 2300 ὄντος
551 2268 653 2304 θερμοῦ
678 2268 820 2303 ἐμφαίνειν
835 2268 892 2302 (27)

104 2314 174 2350 ἡμᾶς
198 2313 298 2346 αὑτὸν,
328 2314 488 2350 μεσημϐρίᾳ
515 2313 552 2350 μὴ
579 2313 710 2349 φέροντας
737 2311 819 2339 αὐτοῦ
843 2313 893 2348 τὴν

106 2361 189 2396 φλόγα
203 2370 211 2394 ;

419 2405 594 2439 Ἀπόκρισις.

137 2451 205 2479 θεοῦ
232 2451 394 2487 βουλομένου
413 2451 559 2478 σιωπάσθω
581 2451 611 2477 τδ
637 2450 710 2483 πῶς·
734 2450 795 2478 ἐπεὶ
816 2449 894 2484 κάγὼ

107 2497 216 2529 εἰκότως
231 2497 320 2533 ἐροιμί
337 2504 400 2523 σου·
419 2496 483 2528 Πῶς
504 2497 521 2532 ἡ
542 2496 642 2531 θάμνος
655 2495 701 2522 ἐπὶ
712 2495 833 2525 Μωσέως
850 2496 895 2521 ὲκ-

107 2541 260 2580 φλεγομένη
270 2563 277 2574 ,
294 2543 324 2570 οὐ
339 2543 532 2578 κατεφλέγετο,
545 2542 602 2568 ἀλλ’
620 2541 674 2568 οἷον
686 2542 773 2577 δρόσῳ
790 2540 893 2572 νοτιζο-

109 2591 172 2627 μίνη
187 2591 305 2628 εὐθαλὴς
322 2590 422 2627 μᾶλλον
434 2590 570 2617 ἐδείκνυτο
584 2598 591 2622 ;
616 2589 675 2621 πῶς
690 2589 718 2615 δὲ
737 2590 761 2615 οι
779 2588 894 2623 βόστρυ-

108 2644 148 2672 χοι
160 2638 208 2665 καὶ
221 2636 256 2664 τὰ
274 2636 417 2671 σαράόαρα
429 2635 484 2662 τῶν
497 2635 560 2671 περὶ
581 2635 715 2666 Ἀνανίαν,
730 2635 758 2660 ὲν
773 2635 805 2669 τῇ
820 2633 894 2660 Xa).-

108 2680 185 2710 δαίων
204 2683 313 2718 καμίνῳ
328 2704 334 2715 ,
351 2683 398 2708 ἐπὶ
410 2681 614 2717 τεσσαράκοντα
640 2681 717 2708 ἐννέα
735 2681 830 2715 πήχεις
845 2681 895 2715 τῆς

142 2740 162 2755 ²¹
182 2740 253 2768 Psal.
267 2747 344 2772 xvm,
359 2739 386 2772 ϐ,
406 2739 433 2766 7.

142 2797 196 2839 ςει)
217 2798 336 2839 (ξλέξας
360 2797 379 2832 ἢ
396 2797 560 2832 χωνεύσας.
584 2794 665 2822 Forte
687 2794 782 2828 φλέξαι
796 2794 813 2829 ἥ
839 2802 892 2827 χω-

111 2835 368 2904 ῃῖἒέζρῗιέἒῖιιιεη
387 2867 574 2896 includuntur.
594 2865 780 2899 suppleVImus
796 2871 811 2890 e
828 2870 888 2890 ver-

243 2916 380 2946 Ριτιιοι..
395 2915 453 2946 Gn.
470 2912 646 2946 XXXVIII.

1152 2172 1411 2201 INTERROGATIO
1429 2173 1524 2202 LXXI.

983 2222 1015 2250 At
1029 2221 1166 2257 quomodo
1190 2227 1245 2248 non
1270 2220 1386 2248 solvitur
1401 2220 1503 2256 glacies
1527 2227 1576 2258 per
1600 2221 1666 2250 solis
1687 2222 1729 2250 in-

945 2266 1169 2298 ﬂammationem,
1184 2272 1248 2294 cum
1266 2269 1360 2293 tantus
1386 2266 1423 2293 sit
1449 2266 1531 2301 calor,
1544 2271 1573 2296 ut
1610 2267 1731 2303 plerique

945 2314 974 2341 in
989 2312 1102 2340 meridie
1122 2319 1176 2339 non
1189 2310 1279 2339 ferant
1291 2310 1352 2345 ejus
1367 2309 1525 2339 ﬂammam?

1262 2397 1415 2433 Responsio.

982 2447 1049 2482 Quia
1061 2451 1139 2474 tuum
1154 2445 1220 2475 illud
1230 2466 1239 2479 ,
1249 2445 1404 2479 Quomodo.
1419 2447 1557 2481 compesci
1572 2454 1624 2475 non
1649 2448 1705 2476 vult
1721 2456 1729 2475 :

943 2495 1005 2530 jure
1015 2498 1043 2521 et
1054 2500 1104 2528 ego
1115 2500 1149 2528 ex
1167 2495 1195 2520 te
1208 2492 1392 2526 quesiverim,
1406 2492 1543 2526 quomodo
1559 2493 1642 2522 rubus
1660 2494 1733 2522 circa

946 2538 1039 2567 Mosen
1055 2538 1156 2566 ardens
1178 2545 1232 2565 non
1259 2536 1480 2569 comburebatur,
1505 2537 1551 2564 sed
1566 2537 1645 2572 quasi
1669 2545 1733 2566 rore

946 2593 1075 2622 aspersus
1100 2583 1188 2619 magis
1205 2582 1286 2610 etiam
1315 2581 1413 2609 viridis
1441 2582 1635 2610 cernebatur?
1659 2581 1734 2616 Quo-

947 2630 1028 2660 modo
1050 2629 1177 2657 csasaries
1194 2632 1221 2655 et
1247 2626 1328 2662 pallia
1348 2627 1484 2655 sociorum
1503 2627 1616 2655 Ananiae
1632 2628 1659 2656 in
1677 2628 1734 2656 for-

948 2685 1015 2705 nace
1037 2675 1238 2706 Chaldazorum,
1258 2673 1362 2700 elevata
1380 2672 1414 2699 ad
1432 2672 1612 2709 quadraginta
1635 2682 1734 2703 novom

946 2791 1022 2819 sione
1039 2789 1146 2816 Latina.
1175 2787 1212 2815 In.

980 2824 1036 2860 (26)
1057 2824 1304 2860 Ἐγκαλούμενρᾳ
1327 2821 1406 2860 Forte
1425 2821 1634 2860 ἐκκαλούμενος.
1652 2819 1691 2849 In.

981 2856 1038 2896 (27)
1058 2856 1238 2894 ‘Ejtgpalreir.
1257 2857 1337 2885 Forte
1352 2857 1389 2889 ὡς
1404 2856 1525 2892 φεύγειν,
1542 2856 1582 2883 In.

1580 2901 1620 2932 30
