1907 3043
187 136 252 166 τωθ

202 198 310 225 cubito;
336 194 444 222 ﬂamma
455 214 463 226 ,
478 193 578 220 intacta
595 198 622 220 et
633 193 717 220 illmsa
741 200 917 226 manserunt,
933 203 991 221 ma-

199 244 243 279 gis
258 249 339 276 quam
363 240 435 275 ignis
458 239 598 267 lucentia?
617 239 655 266 Ne
669 247 734 267 vero
751 243 880 274 putarent
905 241 921 267 ii
941 241 989 276 qui

201 289 274 315 illam
291 287 426 322 augebant
439 289 518 320 stupa
530 290 557 312 et
574 286 633 320 pice
649 289 677 312 et
693 286 811 321 naphtha
829 291 910 321 atque
929 295 989 314 sar-

201 335 311 365 mentis,
340 334 413 367 ipsos
440 339 488 367 per
515 332 670 366 praestigias
691 335 738 358 aut
766 332 928 367 imaginarie
944 340 990 359 co-

200 380 325 408 hibuisse
353 379 406 405 vim
426 379 496 412 ignis
519 378 631 405 edacem
647 379 772 411 ;idcirco
789 386 849 414 qua:
865 386 926 405 cum
950 379 990 405 cis

200 427 276 454 intus
295 425 451 453 exsultabat
473 424 617 455 divinitas,
631 424 696 450 facit
723 428 752 450 ut
767 432 814 459 per
827 432 875 451 eos
890 424 989 450 camini

199 472 304 499 elevata
315 471 423 497 ﬂamma
438 471 464 496 in
481 476 580 497 terram
603 473 731 497 excurrat
741 490 748 502 ,
763 474 790 496 et
808 478 856 497 eos
867 471 913 504 qui
927 478 990 505 pro-

199 517 244 544 cul
264 517 298 544 ad
324 516 503 551 quadraginta
527 523 622 542 novem
631 515 779 542 cubitosab
801 516 929 543 incendio
952 524 992 543 sc-

199 564 318 596 debant,
346 563 488 590 ministros
510 566 537 589 et
562 565 731 596 spectatores
755 562 949 594 combureret,
965 567 991 589 et

199 609 230 637 in
251 609 391 644 pulverem
419 608 584 641 cineresque
602 607 746 642 redigeret.
772 608 825 633 Aut
853 608 991 642 quomodo

201 655 275 684 Elias
292 655 319 682 in
337 654 424 690 igneis
440 653 584 688 quadrigis
610 653 636 679 in
657 653 757 680 cmlum
783 653 944 682 subvolans.
958 653 991 680 ab

196 701 257 737 igni
271 700 372 728 mansit
386 700 499 730 illaasus,
510 699 594 726 etiam
609 698 643 724 ad
657 705 722 725 suos
737 706 824 733 usque
838 698 907 732 pilos
920 698 932 724 ?
944 697 992 725 Vel

200 747 337 783 quomodo
350 754 381 774 ex
395 745 515 772 amianlo
530 744 612 771 herba
624 743 791 779 ellychnium
805 744 832 770 in
851 744 991 771 lucernam

199 794 338 830 positum,
366 793 399 819 ad
428 791 523 826 viginti
551 798 686 817 annorum
711 791 855 817 circuitum
883 791 990 824 sullicit,

201 838 260 865 solo
279 837 339 864 oleo
355 843 463 871 semper
489 843 536 870 per
558 835 676 862 lucerna:
700 835 788 869 ignem
814 840 988 870 evaporaute,

201 883 258 917 ipsa
288 885 415 908 manente
431 880 613 915 incorrupta?
635 880 663 907 In
682 879 736 907 Deo
757 881 839 916 igitur
866 881 990 916 quiescat

200 928 279 959 illud,
294 926 442 961 Quomodo.
461 926 518 954 Vox
530 926 634 954 Domini
649 927 839 961 perrumpentis
853 927 990 960 ﬂammam

200 974 269 1009 ignis
283 993 290 1004 ,
312 973 401 1008 inquit
420 973 574 999 carminum
600 971 755 999 divinorum
785 977 882 999 auctor
902 973 934 999 ’³.
951 974 991 1000 Ad

201 1019 273 1047 hunc
289 1019 361 1046 enim
392 1019 501 1045 modum
524 1019 550 1045 in
576 1018 647 1045 rubo
666 1018 779 1050 deserti,
796 1023 823 1045 et
837 1019 864 1045 in
883 1018 992 1046 fornace

200 1065 359 1100 Babylonis.
373 1069 402 1091 et
425 1064 452 1090 in
470 1064 526 1090 Elia
549 1068 627 1096 vate,
645 1064 762 1099 aliisque
784 1065 916 1100 prodigiis
933 1064 993 1092 eda-

202 1120 260 1139 cem
275 1112 330 1138 vim
354 1111 424 1146 ignis
445 1110 604 1137 mandatum
629 1110 751 1137 divinum
775 1115 900 1142 resecat,
915 1118 993 1145 sepa-

203 1166 268 1185 rans
283 1166 314 1185 ea
327 1165 388 1192 qua:
403 1157 474 1192 apud
486 1165 535 1184 nos
548 1157 741 1192 inseparabilia
756 1162 864 1186 sunt.et
874 1157 992 1184 inuuens

202 1204 287 1231 futuri
310 1203 397 1230 divini
428 1203 524 1238 judicii
552 1203 748 1238 integritatem,
766 1203 811 1230 ubi
831 1203 993 1230 illuminatio

201 1250 314 1285 quidem
341 1249 413 1284 ignis
430 1250 524 1276 aeterni
546 1249 628 1283 justis
650 1249 799 1282 tribuetur,
816 1248 992 1276 inﬂammatio

203 1300 295 1323 autem
314 1295 493 1322 adversariis.
509 1294 578 1321 Nam
591 1294 646 1321 dies
659 1295 708 1321 illa
731 1295 757 1320 in
780 1295 833 1329 igni
852 1295 991 1327 reveletur,

201 1347 228 1370 et
237 1341 446 1376 uniuscujusque
475 1348 538 1374 opus
556 1340 634 1375 quale
648 1341 694 1372 sit,
712 1340 780 1375 ignis
803 1340 933 1374 probabit,
949 1341 992 1367 in--

202 1387 262 1423 quit
276 1387 393 1415 eximius
413 1386 457 1413 ille
472 1386 619 1420 Apostolus
635 1386 668 1408 ’⁸.
679 1385 748 1412 Cum
762 1385 814 1411 hoc
828 1389 915 1411 autem
929 1393 993 1412 con-

201 1432 326 1459 sentiens
352 1431 450 1458 Petrus
480 1430 566 1457 divini
599 1430 743 1457 ministerii
770 1429 922 1464 princeps:
941 1431 994 1463 Qui

202 1487 272 1505 nunc
283 1478 341 1505 ctelt'
356 1481 427 1510 sunt,
445 1477 493 1508 ait,
508 1483 532 1504 et
549 1481 631 1507 terra,
648 1476 701 1511 igni
713 1475 841 1503 reconditi
857 1482 994 1504 servantur

203 1524 231 1550 in
241 1523 310 1550 diem
327 1522 427 1557 judicii
441 1527 464 1549 et
480 1522 661 1549 retributionis
677 1522 710 1548 ’⁸.
725 1520 873 1548 Servorum
901 1527 992 1550 autem

203 1576 317 1596 suorum
344 1576 486 1596 sermones
508 1568 658 1600 obsignans
683 1567 814 1595 Dominus
828 1588 835 1600 ,
852 1568 940 1603 inquit
963 1569 990 1596 in

204 1615 351 1650 Evangelio
369 1624 376 1641 :
397 1614 462 1641 Tum
480 1612 566 1640 Filius
579 1613 693 1640 hominis
705 1614 788 1640 mittet
805 1613 911 1648 angelos
929 1623 992 1641 suos

204 1660 297 1694 ubique
311 1667 356 1694 per
372 1665 503 1687 terrarum
521 1658 620 1690 orbem,
642 1663 667 1686 et
691 1659 884 1694 congregabunt
901 1667 992 1693 pecca-

205 1712 274 1734 tores
291 1715 304 1733 e
328 1707 412 1733 medio
422 1706 566 1740 juslorum,
583 1710 608 1731 et
624 1705 764 1739 projicient
777 1705 846 1739 ipsos
864 1706 890 1731 in
904 1705 993 1739 [ornu-

204 1761 258 1779 cem
274 1753 340 1786 ignis
353 1752 387 1778 ".

750 134 778 162 S.
799 134 947 163 CIESARII
966 133 1130 164 GREGORII
1147 135 1297 164 FRATRIS

1777 135 1834 165 om

1042 194 1140 228 φλογὸς
1162 194 1386 230 κορυφουμένης,
1413 194 1547 229 ἆψαυστοι
1569 194 1616 221 καὶ
1634 194 1765 230 ἁμείωτοι
1793 196 1833 222 διο

1041 239 1165 275 έμεινον,
1183 241 1281 275 μᾶλλον
1296 241 1367 276 ὑπὲρ
1387 241 1418 267 τὸ
1434 240 1490 276 πῦρ
1501 241 1716 276 ἀστράπτοντες
1735 242 1861 285 Ὅπως.

1041 287 1069 313 δὲ
1084 286 1120 322 μὴ
1131 286 1231 320 δόξοιεν
1242 288 1348 322 ἐκείνην
1362 287 1543 322 κορυφοῦντες
1554 287 1672 325 στὺππῃ,
1681 289 1728 315 καὶ
1736 288 1832 326 πίσσῃ,

1041 332 1088 359 καὶ
1102 333 1200 368 νάφθῃ,
1211 333 1258 359 καὶ
1266 332 1420 368 κληματίδι,
1431 333 1532 369 μαγείᾳ
1541 333 1593 359 τινὶ
1602 333 1619 368 ἦ
1633 334 1768 369 φαντασίᾳ
1781 343 1831 368 χα-

1042 378 1187 412 λινωοῆναι
1204 379 1253 413 τὴν
1269 379 1417 413 παμφάγον
1431 379 1477 405 τοῦ
1497 379 1583 414 πυρὸς
1597 379 1723 414 δύναμιν,
1741 380 1757 414 ἡ
1775 381 1830 410 τοῖς

1042 423 1114 450 ἔνδον
1132 423 1315 458 συγχαίρουσα
1342 423 1448 458 θειότης
1476 425 1613 457 οἰκονομεῖ
1638 424 1687 459 τὴν
1713 425 1758 450 διὰ
1782 424 1830 450 τοῦ

1043 469 1153 504 στομίου
1164 470 1204 500 εἰς
1213 469 1242 495 τὸ
1251 469 1307 496 ἄνω
1316 469 1488 505 διαδρ[αμ]ου
1493 469 1575 504 μένην
1586 469 1769 505 φ),όγα,ὲκδρα
1773 471 1831 504 μεῖν

1041 515 1088 541 ἐπὶ
1110 515 1159 550 τῆς
1175 515 1272 551 χέρσου
1285 535 1292 546 ,
1308 516 1355 541 καὶ
1376 516 1439 547 τοὺς
1462 515 1516 542 ἀπὸ
1535 517 1738 550 τεσσαράκοντα
1752 516 1830 542 ἐννέα

1044 559 1138 594 πηχῶν
1156 560 1249 595 πόρρω
1267 560 1316 595 τῆς
1330 561 1468 596 πυρκαϊᾶς
1483 562 1682 596 καθεζομένους
1692 562 1831 597 ὑπηρέτας

1042 607 1089 633 καὶ
1116 606 1214 638 θεατὰς
1234 607 1416 641 καταφλέξαι,
1435 607 1482 634 καὶ
1511 608 1592 643 μέχρι
1621 608 1709 639 κόνιος
1733 608 1831 634 ἀποτε-

1042 653 1159 688 φρῶσαι.
1180 652 1241 684 Πῶς
1252 653 1280 679 δὲ
1297 653 1389 685 Ἠλίας
1400 653 1504 689 πυρίνῳ
1516 654 1659 689 τεθρίππῳ
1667 655 1707 685 εἰς
1718 654 1831 689 οὐρανὸν

1042 698 1282 734 ἀναπτερούμενος
1299 699 1433 733 ἇφλεκτος
1463 699 1579 734 διέμεινε
1607 700 1688 734 μέχρι
1715 699 1832 734 καὶτῆς

1044 744 1112 776 ἰδίας
1141 744 1253 780 τριχόςς
1279 745 1341 776 Πῶς
1367 745 1396 771 δὲ
1427 745 1458 771 ὲκ
1476 745 1526 780 τῆς
1555 745 1686 780 ἀμιάντου
1717 745 1832 780 βοτάνης

1044 791 1171 826 θρυαλλὶς
1184 791 1223 826 τῷ
1238 791 1326 826 λύχνῳ
1341 791 1514 827 ἐντιθεμένη,
1528 792 1614 819 εἴκοσι
1628 792 1695 818 ἐτῶν
1711 792 1832 827 περίοδος

1042 837 1131 872 ἀρκεῖ,
1151 837 1198 864 τοῦ
1218 837 1307 864 ἐλαίου
1327 837 1408 872 μόνου
1427 839 1470 864 ἀεὶ
1492 837 1705 873 ἐξατμιζομένου
1729 837 1770 873 τῷ
1787 837 1832 864 λυ-

1043 882 1138 918 χνιαίῳ
1153 883 1219 918 πυρὶ
1232 903 1239 914 ,
1258 883 1343 918 αὐτῆς
1362 882 1481 918 ἀφθόρου
1507 883 1655 918 pavonis-qq;
1681 882 1833 918 Ἠρεμείτω

1043 927 1089 954 οὖν
1111 928 1157 954 ἐπὶ
1180 927 1247 954 Θεοῦ
1276 927 1306 954 τὸ
1340 928 1409 959 πῶς.
1435 928 1520 961 Φωνὴ
1544 929 1654 961 Κυρίου
1682 927 1835 954 διακόπτει

1042 974 1141 1008 φλόγα
1153 974 1247 1007 πυρὸς
1257 993 1265 1005 ,
1281 974 1362 1009 φησιν
1375 975 1390 1001 ὁ
1411 974 1483 1005 θεῖος
1507 974 1634 1009 μελῳδὸς.
1655 974 1763 1009 Ὥσπερ
1779 973 1833 1008 γὰρ

1042 1020 1088 1046 ἐπὶ
1104 1021 1153 1054 τῆς
1167 1019 1272 1054 θάμνου
1290 1020 1319 1046 ἑν
1333 1021 1366 1055 τῇ
1389 1020 1502 1055 ἐρήμῳ,
1522 1020 1569 1046 καὶ
1587 1019 1633 1046 ἐπὶ
1652 1019 1702 1054 τῆς
1717 1019 1832 1054 καμίνου

1043 1066 1071 1091 ὲν
1089 1065 1240 1096 Βαϐυλῶνι,
1255 1066 1302 1092 καὶ
1316 1066 1362 1091 ἐπὶ
1381 1065 1472 1092 Ἡλίου
1484 1065 1531 1092 τοῦ
1546 1067 1686 1101 προφήτου
1697 1086 1704 1097 ,
1718 1065 1766 1092 καὶ
1779 1064 1832 1091 τῶν

1042 1110 1142 1136 λοιπῶν
1159 1110 1302 1146 περαστών
1324 1110 1373 1145 τὴν
1393 1110 1540 1146 φλεκτικὴν
1559 1110 1606 1137 τοῦ
1620 1111 1706 1146 πυρὸς
1719 1111 1834 1145 δύναμιν

1042 1156 1179 1190 διατέμνει
1195 1155 1225 1182 τὺ
1240 1155 1311 1182 θεῖον
1330 1157 1503 1192 πρόσταγμα,
1518 1157 1693 1192 καταλλήλως
1711 1155 1833 1192 διαιροῦν

1043 1201 1072 1227 τὸ
1085 1202 1149 1237 παρ’
1164 1202 1228 1236 ἡμῖν
1240 1201 1402 1236 ἀδιαίρετον,
1412 1202 1570 1229 ὑποδεικνύν
1582 1210 1611 1228 τε
1622 1202 1672 1236 τῆς
1683 1201 1834 1237 μελλούσης

1043 1248 1118 1279 θείας
1136 1247 1253 1283 κρίσεως
1271 1248 1302 1274 τὸ
1319 1248 1478 1280 ἀδέκαστον,
1495 1248 1526 1274 τὺ
1540 1248 1704 1282 φωτιστικὺν
1719 1247 1770 1283 μὲν
1785 1246 1832 1274 τοῦ

1043 1293 1182 1327 γεεννικοῦ
1198 1294 1284 1329 πυρὸς
1306 1294 1420 1326 δικαίοις
1435 1294 1532 1329 μέλλον
1549 1294 1743 1330 ἀπονέμεσθαι,
1760 1294 1790 1320 τὸ
1805 1293 1833 1320 δὲ

1044 1339 1188 1374 φλεκτικδν
1202 1341 1259 1372 τοῖς
1283 1339 1425 1371 ἐναντίοις.
1447 1340 1478 1367 Ἡ
1496 1339 1550 1374 γὰρ
1567 1340 1662 1374 ἡμέρα
1681 1340 1781 1372 ἐκείνη
1800 1338 1833 1366 ἐν

1043 1387 1113 1420 :rvpl
1126 1387 1437 1419 ἀποκαλύπτεται,καὶ
1449 1387 1579 1414 ἑκάστου
1590 1387 1623 1414 τὸ
1634 1389 1722 1422 ἔργον
1730 1386 1834 1414 ὁποῖόν·

1043 1433 1108 1459 ἐστι
1121 1433 1154 1459 τὸ
1168 1433 1227 1466 πῦρ
1238 1432 1405 1467 δοκιμάσει,
1418 1434 1500 1468 φησιν
1513 1435 1527 1460 ὁ
1539 1433 1640 1468 ὑψηλὸς
1659 1433 1831 1464 ’Λπὸστολος·

1045 1477 1198 1513 συμςξώνως
1210 1478 1238 1505 δὲ
1251 1479 1337 1514 τούτῳ
1350 1479 1452 1514 Πέτρος
1467 1480 1480 1505 ὀ
1494 1479 1540 1505 τοῦ
1555 1479 1648 1505 θιάσου
1668 1479 1813 1514 κορυφαῖος
1823 1486 1830 1493 ·

1046 1526 1078 1551 Ol
1095 1524 1128 1551 δὲ
1147 1525 1206 1551 νῦν
1218 1545 1225 1557 ,
1242 1525 1334 1560 φησὶν,
1362 1527 1389 1552 οἱ
1407 1526 1545 1560 οὐρανοὶ,
1573 1526 1621 1552 καὶ
1643 1526 1662 1558 ἡ
1676 1525 1715 1560 γῆ
1731 1546 1738 1557 ,
1761 1524 1832 1559 πυρὶ

1043 1572 1311 1607 τεθησαυρισμένοι
1322 1573 1392 1604 εἰσὶ,
1407 1574 1582 1607 τηρούμενοι
1594 1574 1637 1606 εἰς
1649 1573 1764 1607 ἡμέραν
1775 1573 1832 1607 xpl-

1043 1623 1121 1649 σεως
1133 1617 1181 1643 καὶ
1197 1617 1437 1651 ἀνταποδόσεως.
1460 1618 1520 1644 Τῶν
1540 1618 1653 1645 οἰκετῶν
1667 1618 1694 1644 δὲ
1711 1619 1775 1650 τοὺς
1790 1618 1832 1645 λὸο

1043 1671 1108 1696 γους
1125 1663 1330 1698 ἐπισφραγίζων
1349 1664 1363 1689 ὁ
1380 1663 1496 1699 Κύριος,
1510 1665 1538 1690 ὲν
1553 1663 1728 1698 Εὐαγγελίοις
1746 1664 1811 1698 φησι
1822 1671 1830 1679 '

1046 1709 1113 1736 Τότε
1137 1710 1154 1735 ό
1184 1709 1250 1742 Υἱὸς
1266 1709 1319 1736 τοῦ
1336 1709 1492 1743 ἀνθρώπου
1512 1710 1677 1737 ἀποστελεῖ
1694 1710 1766 1743 τοὺς
1783 1711 1832 1744 ἀπε

1043 1753 1152 1787 τέλους
1183 1754 1274 1781 αὐτοῦ
1308 1755 1463 1789 πανταχοῦ
1486 1755 1542 1789 τῆς
1567 1755 1760 1790 οἰκουμένης,
1785 1754 1832 1782 καὶ

202 1798 374 1830 συνάξουσι
398 1797 468 1830 τοὺς
486 1797 679 1831 ἀμιιίτωλοὺς
698 1796 732 1823 ἐκ
756 1797 851 1831 μέσου
869 1796 927 1823 τῶν
946 1797 1084 1831 δικαίων,
1112 1801 1159 1827 καὶ
1185 1801 1338 1832 ,ϐαλοῦσιν
1363 1801 1474 1836 αὐτοὺς
1492 1803 1533 1833 εἷς
1555 1802 1613 1837 τὴν
1637 1804 1764 1838 κάμινον
1780 1802 1831 1829 τοῦ

204 1845 295 1880 πυρός
301 1865 309 1872 .

408 1901 667 1930 INTERROGATIO
687 1901 791 1928 LXXII.

241 1960 311 1995 Quid
333 1960 435 1996 igitur?
449 1967 482 1986 an
496 1967 635 1994 nunquam
651 1959 833 1986 abolebantur
853 1959 926 1989 (-u-ii,
946 1966 993 1985 nec

204 2007 383 2035 luminarium
400 2006 507 2034 illorum
522 2006 574 2033 erit
587 2005 713 2032 interitus
730 2005 743 2031 ?

527 2061 681 2094 Responsio.

242 2110 302 2138 Erit
318 2109 426 2144 quidem
453 2112 585 2136 creatura:
601 2108 757 2137 dissolutio,
771 2114 824 2134 non
841 2105 995 2133 omnimoda

207 2158 299 2181 tamen
314 2153 442 2184 sublatio,
457 2153 504 2180 sed
526 2152 552 2179 in
566 2152 662 2179 melius
680 2150 883 2182 transmutatio,
899 2157 996 2185 quem—

208 2199 353 2227 admodum
375 2207 408 2226 ex
428 2198 530 2225 Daviile
549 2197 640 2225 divino
653 2202 712 2224 vate
727 2197 868 2229 discimus,
885 2197 912 2224 in
925 2197 996 2223 hunc

207 2245 319 2273 modum
334 2249 449 2272 canente
465 2253 472 2271 :
487 2243 526 2270 Ab
544 2244 620 2270 initio
634 2249 672 2274 tu,
690 2243 809 2274 Domine,
825 2248 921 2270 terram
938 2244 997 2278 fun-

207 2292 291 2322 dasti.
306 2296 331 2318 et
346 2298 425 2324 opera
448 2298 575 2317 manuum
597 2294 703 2316 tuarum
721 2290 778 2316 cwli
794 2295 854 2316 sunt
871 2290 941 2323 ;ipsi
955 2290 996 2315 in-

209 2343 320 2370 tereunt,
339 2343 366 2364 tu
380 2342 467 2364 autent
488 2344 625 2371 permanet;
638 2336 671 2361 ’⁷.
695 2335 726 2362 Et
748 2343 845 2363 rursus
864 2335 896 2362 de
915 2343 996 2371 gene-

207 2386 312 2412 ratione
325 2383 486 2418 subjiciens,
497 2382 602 2417 inquit:
616 2381 648 2408 Et
667 2389 754 2408 omnes
772 2387 800 2408 ut
816 2382 996 2408 vestimentum

207 2434 408 2459 veterascent.et
423 2429 490 2456 velut
499 2428 611 2462 pallium
621 2427 804 2454 circumvalves
813 2433 897 2460 eos,et
914 2433 998 2454 muta-

209 2475 344 2502 buntur".
359 2473 552 2501 Deficientibus
563 2472 646 2508 igitur
656 2473 724 2499 ultra
734 2473 891 2500 cmlestibus
907 2474 996 2509 aquis,

207 2523 299 2548 onmia
330 2521 410 2547 simul
441 2520 593 2554 liquescent
621 2518 788 2545 abundantia
813 2519 903 2554 ignis;
932 2527 995 2546 nam

208 2567 293 2594 stellae
306 2567 413 2597 cadent,
431 2571 459 2592 ut
478 2565 512 2592 dc
537 2565 591 2592 vite
619 2563 694 2595 folia,
713 2566 800 2600 inquit
818 2565 935 2592 eximius
951 2566 995 2592 ille

207 2613 278 2639 inter
293 2616 370 2639 vates
385 2611 470 2639 lsaias
485 2611 518 2637 “.
540 2610 568 2637 In
587 2611 729 2638 catholicis
757 2615 847 2637 autem
866 2609 994 2645 Epistolis

207 2657 306 2684 Petrus
338 2657 426 2692 inquit
447 2666 453 2683 :
476 2656 614 2684 Elementa
637 2657 781 2684 aestuantia
809 2656 943 2683 solventur
961 2656 992 2683 ³⁸.

207 2703 285 2737 Quod
306 2707 396 2731 autem
418 2703 452 2730 ad
465 2703 573 2733 melius.
588 2708 614 2730 et
627 2703 654 2729 in
668 2706 769 2730 statum
795 2701 923 2736 deinceps
940 2710 993 2728 nnu

207 2748 325 2783 amplius
341 2748 490 2776 desiturum
505 2748 596 2774 omnia
609 2746 811 2774 corroboranda
832 2747 898 2775 sint.
912 2747 994 2773 tradit

1336 1903 1460 1929 ΠΕΥΣΙΣ
1475 1903 1537 1931 ΟΒ’.

1081 1957 1114 1983 Τί
1132 1955 1194 1989 οὗνς
1217 1958 1344 1984 οὐδέποτε
1362 1958 1439 1985 ἔσται
1462 1958 1539 1990 λύσις
1562 1959 1617 1985 τῶν
1632 1959 1772 1994 οὐρανῶν,
1790 1960 1834 1986 καὶ

1045 2001 1098 2028 τῶν
1116 2002 1266 2037 φωστήρων
1284 2002 1395 2030 ἐκείνοιν
1411 2003 1581 2038 deminuti“

1357 2059 1533 2093 Ἀπόκρισις.

1083 2103 1181 2130 Ἔσται
1201 2105 1250 2140 μὲν
1263 2105 1312 2140 τῆς
1326 2105 1440 2137 κτίσεως
1453 2105 1590 2138 διάλυσις,
1611 2106 1643 2132 οὒ
1658 2106 1793 2141 παντελὴς
1806 2106 1831 2132 δὲ

1046 2151 1215 2186 ἀφανισμὺς,
1234 2151 1301 2178 ἀλλὰ
1330 2151 1397 2186 προς
1428 2151 1459 2178 τὸ
1486 2153 1607 2187 κρεῖττον
1636 2153 1831 2188 μεταποίησις·

1047 2197 1138 2229 καθὼς
1153 2198 1186 2224 ὲκ
1203 2197 1250 2224 τοῦ
1273 2197 1416 2224 θεσπεσίου
1435 2197 1517 2225 Δαὸὶδ
1540 2198 1744 2234 παιδευόμεθα,
1772 2197 1833 2234 μελ-

1047 2243 1192 2278 ῳδοῦντος·
1206 2243 1274 2270 Κατ’
1290 2243 1384 2278 ἀρχὰς
1396 2242 1452 2276 σὺ,
1470 2243 1573 2277 Κύριε,
1588 2243 1646 2278 τὴν
1659 2243 1718 2278 γῆν
1736 2244 1833 2278 ἐθεμε-

1046 2290 1159 2322 λιωσας
1171 2311 1178 2322 ,
1198 2289 1246 2316 καὶ
1266 2289 1338 2324 ἔργα
1355 2289 1415 2316 τῶν
1426 2289 1532 2324 χειρῶν
1553 2289 1611 2316 σού
1635 2291 1716 2316 εἰσιν
1734 2291 1762 2316 οἱ
1784 2291 1832 2316 οὺ-

1043 2336 1132 2370 ρανοί
1141 2344 1147 2350 ·
1163 2334 1246 2362 αὐτοὶ
1262 2335 1464 2367 ἀπολοῦνται,
1489 2334 1530 2362 σὺ
1551 2334 1585 2361 δὲ
1603 2334 1764 2369 διαμένεις.
1781 2334 1833 2361 Καὶ

1047 2379 1125 2412 αὖθις
1135 2381 1244 2414 ἐπάγων
1254 2380 1304 2416 τὴν
1319 2380 1542 2414 παλιγγενεσίαν,
1561 2380 1641 2416 φησί·
1656 2380 1711 2407 Καὶ
1723 2380 1832 2413 πάντες

1047 2426 1087 2459 ὡς
1106 2425 1221 2460 ἱμάτιον
1249 2425 1528 2459 παλαιωθήσονται,
1552 2425 1601 2451 καὶ
1626 2424 1698 2452 ὡσεὶ
1719 2425 1832 2459 περιϐό-

1048 2473 1136 2498 λαιον
1157 2470 1267 2504 ἑλίξεις
1283 2470 1394 2503 αὐτοὺς
1405 2491 1412 2502 ,
1431 2470 1478 2497 καί
1493 2470 1729 2504 ἀλλαγήσονται.
1754 2471 1832 2496 Ἀπο-

1048 2516 1184 2552 ληγόντων
1198 2517 1287 2542 τοίνυν
1312 2515 1366 2542 τῶν
1392 2516 1597 2551 ὑπερουρανίων
1617 2515 1740 2548 ὑδάτων,
1763 2523 1833 2550 τηνι-

1048 2563 1136 2589 καῦτα
1154 2563 1242 2589 πάντα
1257 2562 1341 2598 ἄρδην
1360 2562 1560 2598 χωνευθήσεται
1628 2562 1766 2597 ὑπερὸολῇ
1789 2561 1831 2588 τοῦ

1047 2608 1133 2643 πυρός
1143 2617 1149 2622 ·
1171 2609 1196 2634 οἱ
1216 2609 1270 2644 γὰρ
1285 2608 1400 2644 ἀστέρες
1416 2608 1572 2640 πεσοῦνται,
1587 2607 1625 2639 ὡς
1641 2608 1729 2643 φύλλα
1745 2608 1775 2640 ἐξ
1786 2609 1833 2642 ἁμ-

1047 2653 1129 2679 πέλιιιι
1143 2673 1150 2684 ,
1169 2654 1250 2688 φησιν
1264 2655 1278 2680 ὸ
1295 2653 1349 2681 τῶν
1369 2653 1516 2689 προφητῶν
1529 2653 1629 2688 ὑψηλὸς
1648 2653 1773 2685 Ἡσαΐας.
1790 2653 1832 2679 Ἔν

1047 2699 1075 2724 δὲ
1096 2699 1258 2730 Καῦολικαῖς
1276 2699 1342 2733 φησι
1362 2699 1478 2734 Πέτρος·
1494 2699 1629 2733 Στοιχεῖα
1647 2698 1682 2724 δὲ
1701 2696 1830 2725 καυσού-

1045 2753 1121 2778 μενα
1133 2744 1329 2779 λυθήσονται,
1346 2745 1407 2771 Ὅτι
1420 2745 1448 2771 δὲ
1462 2744 1529 2780 πρὸς
1541 2743 1571 2770 τὺ
1591 2744 1716 2779 κρεῖττον
1729 2744 1775 2770 καὶ
1785 2742 1832 2768 λοι-

242 2835 266 2850 “
285 2834 357 2862 Psal.
370 2843 464 2864 “vui,
483 2835 507 2860 7.
545 2835 568 2850 ’⁸
588 2834 598 2860 l
616 2833 678 2860 Cor.
698 2841 737 2865 ιιι,
754 2834 798 2860 15.
835 2834 858 2849 ’⁸
878 2832 897 2858 II
911 2831 967 2858 Pet.
984 2840 990 2858 ι

1045 2831 1066 2858 7.
1107 2833 1128 2847 ²⁶
1149 2832 1242 2860 Matth.
1257 2840 1330 2866 uiv,
1356 2831 1405 2864 δὶς
1435 2839 1496 2864 xm,
1513 2831 1558 2863 49,
1582 2831 1628 2859 50.
1666 2831 1688 2847 ³⁷
1709 2829 1782 2858 Psal.
1798 2836 1831 2860 Cl,

207 2869 252 2902 3'3,
263 2870 308 2897 27.

347 2870 369 2885 ’⁸
383 2870 447 2896 illiti.
466 2870 510 2896 ΞΠ.

549 2871 569 2885 ’⁵
592 2869 642 2896 lsa.
663 2876 720 2900 xui,
741 2869 782 2895 i0.
822 2869 843 2884 ³ο
865 2868 884 2895 Il
901 2867 958 2894 Pet.
977 2875 1019 2901 Ill,
1038 2867 1081 2895 10.
