1907 3043
200 194 337 230 quomodo
352 197 441 230 potest
459 197 564 222 tantum
580 192 687 228 pondus
701 195 730 221 et
744 191 891 220 multitudo
908 199 993 227 aqua-

201 248 263 268 rum
275 248 303 268 in
319 241 406 268 nubes
424 240 538 268 subvehi
553 240 565 267 ’ἱ

516 286 671 320 Responsio.

236 333 307 360 Audi
321 332 447 360 Davidem
461 332 496 359 de
510 332 565 360 Deo
578 335 720 359 canentem
735 340 741 358 :
757 331 896 358 Adducam
912 332 993 359 nubes

202 378 234 405 ab
259 378 427 405 extremitate
451 383 548 409 terra,
574 377 683 413 fulgura
707 377 734 404 in
750 377 867 412 pluviam
883 377 943 412 fecit
960 378 992 404 ³⁸.

202 423 280 450 Alius
311 429 402 451 autem
428 424 626 460 prophetarum
656 423 769 458 inquit:
797 423 849 456 Qui
882 424 993 450 advocat

203 477 298 504 aquam
313 471 398 497 maris
410 490 417 502 ,
429 475 454 497 et
467 469 582 505 e/fundit
594 470 679 504 ipsam
692 477 770 503 super
783 469 879 504 faciem
894 475 994 502 terra;

205 515 331 543 Dominus
347 516 420 544 Deus
436 517 599 551 omnipotens
615 524 710 544 nomen
729 517 752 543 ei
772 516 805 544 ³⁸.
825 515 894 543 Nam
916 517 994 543 colli-

201 561 281 589 sione
292 562 405 590 nubium
422 571 471 598 per
485 567 581 591 ventos
595 562 777 599 impulsarum
791 571 853 599 quas
870 563 990 599 pluviam

203 607 310 642 ferunt,
326 608 435 644 fulgura
450 610 531 637 tiunt.

397 696 660 725 INTERROGATIO
679 696 798 724 LXXVI.

240 742 383 776 Quomodo
399 750 484 776 vero,
498 751 561 771 cum
576 747 632 771 tam
647 743 740 771 multis
753 743 834 771 annis
847 743 994 771 exhauria-

203 793 250 817 tur
269 797 318 825 per
336 789 516 817 elevationem
536 790 710 825 pluviarum,
728 794 756 818 et
767 790 993 826 omniumparti-

204 835 385 870 cipationem,
412 843 468 863 non
494 836 587 863 delicit
615 843 687 872 aqua
714 836 757 864 vel
786 836 918 870 fontana,
949 838 992 865 vel

204 882 310 908 marina
326 882 338 908 ?

521 928 673 963 Responsio.

240 973 318 1008 Aqua
331 972 442 1001 fontana
457 982 511 1002 non
527 974 619 1002 deﬁcit
638 983 669 1002 ex
691 974 761 1002 mari
780 975 887 1003 reddita
898 995 906 1008 ,
921 980 948 1002 et
966 975 995 1002 in

204 1018 232 1046 id
262 1025 360 1045 rursus
383 1017 505 1046 deﬂuens
529 1026 578 1054 per
601 1019 714 1046 ﬂumina
737 1024 819 1054 atque
845 1023 992 1047 torrentes.

204 1065 353 1099 Propterea
366 1064 433 1092 illud
449 1073 539 1100 neque
555 1065 694 1094 exundare
709 1071 815 1101 potest,
836 1066 901 1094 dum
919 1067 994 1102 quod

202 1118 238 1138 ex
256 1118 285 1139 se
299 1115 356 1143 est,
373 1111 401 1138 in
421 1119 450 1138 se
469 1112 585 1147 recipit,
603 1112 834 1147 quemadmodum
853 1112 933 1141 docet
951 1121 992 1141 re-

205 1165 266 1183 rum
282 1157 437 1184 divinarum
455 1158 559 1192 peritus
573 1158 620 1185 ille
636 1158 768 1186 Solomo:
787 1158 914 1186 Flumina
932 1168 996 1186 cun-

204 1207 247 1229 cta
267 1203 293 1229 in
312 1209 385 1230 mare
404 1203 535 1236 tendunt,
550 1212 631 1239 neque
649 1212 724 1231 mare
742 1205 867 1239 impletur
884 1205 917 1233 ".
938 1205 994 1232 Ma-

206 1249 266 1276 rina
281 1257 390 1276 rursum
407 1257 462 1276 non
477 1255 636 1276 attenuatur
654 1254 767 1285 propter
785 1251 994 1279 retributionem

204 1303 266 1330 qua:
281 1295 310 1322 Iit
321 1303 337 1323 e
349 1296 478 1331 supemis
489 1315 496 1326 ,
512 1303 566 1329 qua
582 1296 608 1322 id
626 1296 700 1331 quod
714 1298 873 1331 evaporavit
887 1305 935 1332 per
950 1306 995 1326 so-

205 1341 259 1368 lem
272 1347 382 1368 auctum
397 1341 516 1368 destillat
530 1341 654 1373 caelitus.
668 1346 695 1369 et
707 1342 827 1370 exundat
839 1350 889 1378 per
903 1351 993 1371 rorem

204 1387 408 1414 exhalationum
437 1389 510 1415 aeris
537 1387 659 1422 quotidie
687 1395 797 1416 sursum
824 1389 994 1416 tendentium

204 1441 386 1466 excrescens,
413 1438 442 1460 ut
470 1434 498 1460 lit
523 1434 550 1460 in
577 1434 655 1461 cubis
673 1434 832 1461 balneorum
849 1443 898 1470 per
921 1436 993 1463 aeris

204 1481 425 1514 evaporationem
450 1480 631 1512 madefactis,
655 1486 681 1507 et
703 1481 826 1508 vicissim
853 1486 944 1516 guttas
968 1482 995 1509 in

205 1525 293 1552 solum
313 1524 514 1559 dejicientibus.
533 1525 620 1552 Etiam
637 1533 826 1560 saepenumero
843 1527 935 1555 videre
953 1533 996 1555 est

205 1577 268 1597 aera
281 1578 404 1598 crassum
418 1579 451 1598 ex
466 1571 533 1598 mari
544 1591 552 1603 ,
569 1570 691 1600 fontibus
705 1576 732 1599 et
745 1572 836 1601 ﬂuviis
849 1573 977 1601 exhalare
986 1594 994 1607 ,

204 1616 252 1653 qui
266 1617 335 1644 nihil
350 1616 423 1644 aliud
438 1625 518 1651 quam
537 1625 607 1652 aqua
621 1618 731 1645 videtur
745 1626 817 1646 esse.

395 1662 452 1690 INT
458 1663 657 1691 ERROGATIO
676 1664 744 1691 LXX
750 1664 806 1693 VII.

242 1709 277 1736 At
290 1710 427 1744 quomodo
440 1717 472 1736 ex
492 1710 560 1737 mari
575 1714 666 1745 polest
684 1718 745 1738 esse
761 1711 870 1738 fontana
887 1716 933 1738 aut
948 1719 994 1747 po-

205 1755 298 1784 tabilis
312 1764 382 1791 aqua
393 1777 400 1788 ,
417 1764 477 1783 cum
494 1757 539 1784 illa
559 1757 668 1792 quidem
691 1766 784 1785 amara
807 1763 834 1786 et
853 1760 926 1787 salsa
942 1761 994 1792 sit,

206 1801 248 1830 hac
264 1809 329 1830 vero
343 1802 437 1830 dulces
451 1808 479 1830 et
494 1803 627 1838 potabilcs
642 1805 724 1839 paulo
739 1804 879 1832 leviores?

523 1890 677 1924 Responsio.

241 1936 312 1964 Nihil
324 1937 421 1964 horum
436 1935 542 1963 oﬂicerc
555 1940 645 1971 potest
657 1936 692 1965 iis
705 1945 765 1972 qua:
780 1938 911 1967 hactenus
923 1939 994 1967 dicta

206 1987 280 2010 sunt.
298 1982 365 2009 Nam
382 1989 430 2017 per
445 1982 649 2017 expressionem
666 1988 805 2011 mealuum
825 1989 852 2012 et
868 1985 995 2020 obliquos

205 2029 296 2056 exitus
313 2027 341 2054 in
358 2027 534 2055 scaturiendo
545 2047 552 2059 ,
569 2027 678 2063 pondus
693 2028 761 2056 illud
783 2036 845 2056 cum
870 2037 995 2058 amarore

204 2074 363 2109 deponitur,
381 2077 408 2101 et
426 2073 536 2108 salsugo
553 2078 728 2107 extenuatur,
748 2074 831 2102 veluti
857 2075 880 2103 si
900 2076 992 2103 vinum

205 2128 283 2155 aqua!
303 2120 416 2147 mislum
440 2127 523 2154 super
544 2119 686 2155 spongiam
707 2120 751 2147 vel
774 2128 873 2156 purum
893 2129 989 2157 partem

205 2166 337 2193 tundatur
349 2184 357 2197 ,
380 2165 475 2192 vinum
494 2164 606 2200 quidem
625 2169 754 2200 tanquam
777 2168 898 2195 crassius
919 2169 991 2195 intra

203 2212 284 2247 panis
299 2216 406 2239 meatus
423 2211 557 2238 retinetur
570 2219 578 2243 ;
594 2218 665 2246 aqua
681 2219 746 2240 vero
760 2218 889 2248 tanquam
905 2215 993 2249 magis

203 2264 285 2286 tenue
306 2257 437 2294 quiddam
452 2261 480 2285 et
495 2257 662 2292 pellucidum
673 2278 680 2292 ,
699 2266 748 2294 per
763 2263 869 2287 meatus
887 2261 994 2288 excola-

204 2309 259 2332 tur.
279 2303 352 2331 ldem
368 2302 490 2331 ostendit
507 2303 598 2330 oleum
613 2310 692 2338 aquae
711 2304 822 2332 mistum
838 2313 920 2340 supra
936 2313 994 2332 ma-

203 2350 289 2377 terias
303 2349 448 2385 praedictas
462 2348 554 2376 fusum
568 2357 576 2382 ;
592 2356 656 2376 nam
670 2349 716 2377 hic
735 2350 818 2378 etiam
838 2351 910 2386 quod
933 2352 993 2387 pin-

202 2397 284 2432 guius
297 2400 323 2423 et
338 2395 460 2423 crassius
475 2399 538 2427 est,
556 2400 695 2428 remanet,
712 2404 745 2423 eo
760 2396 834 2432 quod
851 2397 937 2433 magis
951 2402 993 2426 est

203 2447 285 2470 tenue
299 2446 458 2470 transeunte
471 2449 503 2468 ac
514 2446 635 2469 excreto.

392 2487 648 2516 INTERROGATIO
668 2487 808 2517 LXXVIII.

238 2534 317 2567 Quod
332 2533 355 2561 si
372 2541 416 2561 res
430 2534 467 2561 ita
482 2541 512 2561 se
525 2533 624 2567 habet,
637 2541 723 2569 quare
732 2541 788 2561 non
803 2533 904 2569 ubique
918 2542 988 2570 aqua

202 2580 238 2607 de
249 2580 348 2615 abysso
358 2587 468 2607 sursum
481 2579 584 2611 tendit,
596 2579 643 2607 sed
659 2583 756 2615 puteos
771 2579 904 2608 fodientes
916 2579 990 2607 haud

202 2626 342 2661 vulgarem
360 2625 526 2660 suscipimus
540 2624 662 2653 laborem
672 2646 679 2658 ,
696 2625 834 2653 interdum
848 2630 876 2654 et
890 2627 989 2654 miser-

202 2671 301 2698 rimam
317 2675 432 2698 mortem
447 2674 621 2706 reportantes
633 2691 640 2702 ,
658 2672 686 2698 in
703 2670 803 2699 fodinis
815 2671 929 2700 obruti?

516 2718 668 2752 Responsio.

239 2761 294 2790 Imo
312 2763 495 2791 verisimiliter
506 2772 539 2792 ex
554 2764 642 2798 puteis
655 2763 793 2798 conjicere
807 2763 870 2791 licet
882 2785 888 2795 ,
905 2763 988 2792 fonta-

236 2818 259 2834 ⁸⁵
278 2818 350 2846 Psal.
368 2826 477 2853 cxxsiv,
491 2820 518 2847 7.
557 2821 579 2836 ³⁸
599 2821 683 2848 Amos
695 2827 724 2853 ν,
739 2819 766 2846 8.
805 2819 828 2835 ³⁸
849 2818 938 2848 Eccle.
955 2829 972 2854 ι,
990 2822 1016 2851 7.

237 2888 293 2922 (30)
311 2887 500 2917 Azanos-[Cena
518 2888 598 2917 I'ortc
610 2887 787 2923 διακομίζειν.
806 2887 885 2914 Eutr.

739 131 769 158 S.
791 128 942 159 CAESAR“
962 128 1127 158 GREGORII
1142 128 1291 156 FRATRIS

1779 128 1830 157 9“

1047 189 1101 227 ἆρα
1114 191 1227 218 δυνατὸν
1248 190 1372 216 τοσοῦτον
1388 188 1470 225 βάρος
1494 189 1542 216 καὶ
1570 187 1670 224 πλῆθος
1686 188 1789 215 ὑδάτων
1801 189 1829 214 ἐν

1046 236 1171 271 νεφέλαις
1182 236 1330 271 ἀνάγεσθαι
1339 245 1348 270 ς

1356 282 1532 316 Ἀπόκρισιᾳ

1082 329 1180 355 Ἄκουε
1195 327 1242 355 τοῦ
1263 327 1344 356 Δαὸὶδ
1360 328 1424 364 περὶ
1439 327 1506 354 Θεοῦ
1526 326 1707 362 μελῳδοῦντος
1725 335 1732 341 ·
1772 327 1830 354 Ἀν-

1045 375 1126 410 ἀγων
1140 375 1270 410 νεφέλας
1278 375 1313 407 ἐξ
1328 374 1458 409 ἐσχάτου
1474 372 1528 407 τῆς
1543 372 1608 408 γῆς,
1623 372 1779 408 ἀστραπὰς
1790 374 1830 405 εις

1045 421 1134 448 ὑετὸν
1149 421 1303 455 ἐποίησεν.
1313 421 1430 456 Ἕτερος
1449 420 1477 446 δὲ
1500 419 1555 446 τῶν
1567 419 1714 455 προφητῶν
1729 427 1809 454 φησιν
1822 427 1828 434 ·

1050 467 1078 493 '0
1093 467 1360 502 προσκαλούμενος
1372 467 1405 494 τὸ
1418 466 1496 500 ὕδωρ
1510 465 1564 500 τῆς
1587 465 1746 499 θαλάσσης
1761 464 1831 493 αὐτὸ

1044 514 1094 540 ἐπὶ
1111 513 1274 548 προσώπου
1288 513 1343 547 τῆς
1355 513 1413 548 γῆς
1425 522 1433 529 ο
1450 513 1559 547 Κύριος
1574 514 1591 539 ὁ
1607 512 1680 545 Θεὸς
1693 513 1710 539 ό
1725 518 1830 538 παντο-

1045 561 1158 594 κράτωρ
1170 559 1263 595 ὄνομα
1277 559 1367 593 αὐτῷ.
1381 561 1421 596 Τῇ
1438 559 1493 595 γὰρ
1508 558 1663 594 παρατριϐῇ
1678 558 1732 584 τῶν
1746 557 1831 593 νεφῶν
1879 590 1883 595 ο

1047 606 1103 637 τοῖς
1130 604 1282 639 πνεύμασιν
1310 603 1494 640 ἐλαυνομένων
1507 602 1668 634 διακονίζειν
1788 601 1831 627 τὸν

1049 651 1134 682 ὐετὺν,
1150 651 1180 677 αἱ
1191 651 1333 686 ἀστραπαὶ
1349 650 1552 685 συμϐαίνουσιν.

1335 696 1462 723 ιικιηΣιΣ
1478 696 1547 729 oq'.

1082 743 1138 770 Καὶ
1151 742 1211 774 πῶς
1227 743 1364 774 τοσούτοις
1378 742 1450 768 ἔτεσι
1463 739 1656 776 δαπανώμενον
1667 741 1700 775 τῇ
1713 739 1831 774 ἀναφορᾷ

1046 789 1100 817 τῶν
1112 789 1197 816 ὑετῶν
1208 789 1255 816 καὶ
1267 790 1300 825 τῇ
1311 789 1419 816 πάντων
1437 787 1594 823 μεταλήψει,
1608 787 1657 814 οὐκ
1667 785 1791 821 ἀνηλώθη
1804 786 1832 811 τὸ

1046 837 1166 871 πηγαῖον
1178 835 1251 871 ὕδωρ
1263 836 1281 871 ἦ
1295 835 1327 861 τδ
1335 834 1480 861 θαλάσσιον
1498 841 1506 867 ;

1351 879 1533 914 Ἀπόκρισις.

1083 927 1120 954 Τὸ
1131 927 1180 963 μὲν
1195 928 1324 963 κρηναῖον
1340 927 1389 953 οὐκ
1402 926 1534 960 ἀπολήγει
1547 944 1554 956 ,
1575 925 1607 951 ἐκ
1632 923 1683 959 τῆς
1702 923 1840 963 θαλάττηςςγ

1048 973 1245 1008 ἀναδιδόμενον,
1266 973 1313 1000 καὶ
1327 973 1368 1004 εἱς
1382 972 1467 1007 αὐτὴν
1481 972 1560 998 πάλιν
1577 970 1636 1006 ῥέον
1650 969 1694 996 διὰ
1706 968 1832 1003 ποταμῶν

1048 1021 1095 1048 καὶ
1110 1020 1284 1056 χειμάρρων·
1297 1019 1337 1046 διὸ
1353 1019 1412 1045 οὐδὲ
1424 1018 1598 1053 πλημμυρεῐν
1622 1016 1667 1043 οἵα
1689 1024 1720 1042 τε
1730 1035 1737 1047 ,
1752 1015 1782 1042 τὸ
1805 1015 1833 1046 ἐξ

1048 1067 1133 1101 αὐτῆς
1148 1068 1187 1098 εἰς
1208 1065 1306 1100 ἑαυτὴν
1321 1065 1452 1100 δεχομένη
1463 1085 1470 1097 ,
1485 1063 1575 1096 καθὼς
1601 1062 1723 1089 παιδεύει
1745 1063 1760 1088 6
1782 1061 1833 1088 τῶν

1048 1113 1128 1139 θείων
1143 1112 1223 1146 σοφὸς
1237 1110 1361 1146 Σολομὼν
1372 1119 1379 1125 '
1401 1109 1515 1142 Πάντες
1534 1111 1561 1137 οι
1579 1108 1706 1144 ποταμοὶ
1723 1109 1767 1142 εις
1779 1108 1834 1142 τὴν

1048 1159 1208 1186 θάλασσαν
1223 1158 1399 1192 πορεύονται
1411 1178 1417 1190 ,
1434 1156 1483 1184 καὶ
1497 1156 1516 1190 ἠ
1530 1155 1672 1184 θάλασσα
1684 1156 1740 1182 οὐκ
1751 1155 1834 1181 ἔστιν

1047 1204 1275 1240 ἐμπιπλαμένη·
1292 1203 1323 1230 τὺ
1345 1203 1373 1230 δὲ
1397 1203 1538 1229 θαλάττιον
1565 1201 1596 1228 οὐ
1625 1200 1789 1236 βραχύνεται
1803 1201 1833 1235 τῇ

1047 1243 1149 1278 ἄνωθεν
1162 1249 1337 1286 ἁνταμείψει,
1354 1249 1402 1276 τοῦ
1425 1247 1632 1283 ἐξατμισθέντος
1649 1246 1689 1282 τῷ
1704 1246 1774 1282 ήλεῳ
1787 1246 1834 1272 ai»

1047 1298 1187 1333 ξούμενον,
1207 1296 1407 1329 ἁποστάζοντος
1420 1294 1468 1322 τοῦ
1479 1293 1595 1331 ούρανοῦ
1607 1295 1653 1321 καὶ
1667 1293 1834 1328 ὲξιδροῦντος

1047 1346 1079 1380 τῇ
1102 1344 1210 1380 δρόσῳ,
1231 1343 1261 1370 τδ
1274 1343 1319 1370 διὰ
1342 1342 1395 1370 τῶν
1411 1341 1506 1377 ἀτμῶν
1531 1340 1578 1368 τοῦ
1602 1340 1682 1375 ἀέρος
1699 1339 1835 1375 ὁσημέραι

1047 1391 1257 1424 ἁνασπώμενον,
1274 1390 1345 1417 κατὰ
1371 1389 1434 1420 τοὺς
1459 1387 1560 1419 κύϐους
1582 1386 1637 1413 τῶν
1659 1385 1781 1420 λουτρῶν
1801 1386 1834 1419 τῇ

1047 1437 1225 1473 ἀναθυμιάσει
1239 1436 1286 1463 τοῦ
1305 1436 1386 1472 ἀέρος
1399 1433 1588 1470 νοτιζομένων,
1613 1433 1661 1460 καὶ
1677 1431 1834 1468 ἁνθιδρούν-

1045 1491 1099 1510 των
1129 1483 1262 1517 σταγόνας
1287 1482 1333 1508 ἐπὶ
1351 1481 1382 1508 τὸ
1411 1481 1516 1515 ἔδαφος.
1540 1480 1596 1506 Καὶ
1621 1479 1679 1505 ἔστι
1707 1478 1834 1509 πολλάκις

1045 1529 1164 1565 ἀθρῆσαι
1179 1529 1268 1564 παχὺν
1282 1528 1350 1564 ἀέρα
1365 1529 1396 1554 ὲκ
1409 1527 1459 1563 τῆς
1473 1526 1609 1561 θαλάττης
1623 1525 1641 1561 ἢ
1656 1524 1711 1551 τῶν
1727 1524 1834 1559 κρηνῶν

1045 1576 1093 1602 καὶ
1108 1575 1237 1610 ποταμῶν
1253 1574 1463 1610 ἁναπνεόμενον,
1476 1573 1545 1608 ὅπερ
1559 1573 1609 1608 οὺχ
1620 1572 1714 1608 ἕτερον
1735 1571 1752 1607 ἢ
1767 1571 1834 1606 ὕδωρ

1046 1621 1179 1657 ὑπάρχειν
1198 1629 1243 1657 μοι
1256 1621 1339 1647 δοκεῖ.

1340 1665 1466 1693 ΠΕΥΣΙΣ
1481 1666 1540 1692 υΖ’.

1081 1713 1136 1740 Καὶ
1163 1713 1221 1744 πῶς
1244 1712 1277 1739 ὲκ
1293 1712 1343 1747 τῆς
1358 1711 1496 1747 θαλάσσης
1511 1710 1622 1738 δύναται
1645 1706 1716 1737 εἶναι
1735 1710 1766 1736 τὸ
1781 1717 1833 1743 πη-

1045 1760 1121 1793 γαῖον
1143 1760 1160 1795 ἢ
1182 1759 1315 1794 ποτάμιον
1338 1758 1424 1792 ὕδωρ,
1439 1757 1488 1793 τῆς
1513 1757 1561 1792 μὲν
1588 1758 1689 1793 πικρᾶς
1713 1757 1760 1784 καὶ
1785 1756 1832 1783 ἁλ-

1047 1806 1134 1841 μυρᾶς
1147 1805 1247 1840 οῠσης,
1263 1805 1316 1832 τῶν
1330 1805 1358 1831 δὲ
1374 1804 1496 1838 γλυκέων
1515 1804 1562 1831 καὶ
1579 1803 1702 1838 ποτίμων
1715 1804 1763 1830 καὶ
1777 1811 1834 1829 κου-

1047 1850 1182 1886 φοτέρωνς

1350 1897 1529 1930 Ἀπόκρισις.

1081 1942 1162 1969 Οὐδὲν
1181 1942 1283 1970 τούτων
1299 1942 1478 1977 ἐπισκοτῆσαι
1491 1942 1547 1973 τοῖς
1562 1941 1718 1977 εἰρημένοις
1730 1938 1829 1968 οἷόντε.

1045 1989 1083 2024 Τῇ
1099 1989 1153 2023 γὰρ
1167 1989 1277 2025 ἐκθλιὸῇ
1295 1989 1348 2015 τῶν
1368 1989 1458 2024 πόρων
1476 1988 1522 2014 καὶ
1537 1989 1571 2024 τῇ
1594 1988 1771 2023 σκολιοπορίᾳ
1785 1987 1832 2021 τῆς

1045 2035 1217 2067 ἀναϐλύσεως
1231 2035 1262 2062 τὸ
1272 2035 1341 2071 βαρὺ
1357 2036 1403 2062 καὶ
1418 2035 1516 2070 πικρὴν
1527 2034 1713 2066 ἀποτίθεσθαι,
1728 2035 1776 2061 καὶ
1785 2035 1832 2069 τὴν

1046 2083 1134 2119 ἅλμην
1158 2082 1370 2110 ὲκλεπτύνεσθαι
1395 2081 1520 2117 καθάπερ
1545 2079 1615 2113 οἶνος
1631 2081 1708 2108 ὖδατι
1731 2089 1832 2115 κεκρα-

1047 2129 1124 2163 μένος
1137 2149 1144 2160 ,
1158 2129 1269 2164 σπόγγῳ
1283 2128 1300 2164 ἢ
1316 2128 1391 2163 ἄρτῳ
1405 2128 1516 2163 καθαρῷ
1534 2127 1720 2162 ὲπιχεόμενος.
1744 2127 1772 2152 '0
1786 2126 1833 2162 μὲν

1043 2176 1080 2207 ὡς
1096 2175 1263 2211 παχύτερος,
1277 2175 1335 2207 τοῖς
1353 2175 1445 2210 πόροις
1462 2174 1509 2200 τοῦ
1532 2173 1731 2209 ὑποδεξαμένου
1745 2173 1834 2208 ἐνέχε-

1043 2231 1087 2248 ται
1100 2229 1106 2236 ·
1127 2221 1158 2248 τὺ
1183 2221 1211 2247 δὲ
1226 2221 1264 2253 ὡς
1286 2221 1447 2256 λεπτότερον
1475 2221 1522 2247 καὶ
1539 2220 1764 2256 διαφανέστερον,
1781 2218 1834 2246 τῶν

1044 2268 1135 2302 πόρων
1157 2267 1341 2302 διεκμύζεται.
1360 2268 1396 2294 Τὸ
1416 2267 1438 2294 δ’
1455 2267 1521 2294 αὐτὸ
1545 2267 1718 2294 ἀποδείκνυσι
1738 2267 1787 2294 καὶ
1806 2266 1835 2293 τὺ

1042 2313 1182 2348 ὑδρέλαιον
1197 2315 1252 2345 τοῖς
1264 2313 1417 2349 εῑρημένοις
1429 2313 1604 2349 ἐπιχεόμενον
1617 2322 1624 2328 ·
1642 2313 1690 2340 τοῦ
1709 2313 1759 2349 μὲν
1776 2313 1836 2339 πίο-

1042 2368 1086 2392 νος
1109 2359 1155 2387 καὶ
1180 2360 1334 2396 παχυτέρου
1348 2361 1529 2396 ἐμμένοντος,
1554 2360 1601 2388 τοῦ
1617 2361 1646 2388 δὲ
1668 2361 1834 2398 λεπτοτέρου

1041 2406 1179 2442 διήκοντος
1195 2408 1242 2434 καὶ
1256 2408 1460 2444 ἐκκρινομένου.

1333 2455 1459 2482 ΠΕΥΣῙΣ
1479 2455 1544 2481 οΗ’.

1076 2500 1131 2527 Καὶ
1146 2501 1170 2527 εἰ
1185 2500 1270 2532 οὕτως
1284 2501 1352 2533 ἐστὶ,
1370 2500 1413 2527 διὰ
1424 2501 1450 2527 τε
1462 2501 1500 2536 μὴ
1514 2500 1602 2536 πάντη
1618 2499 1649 2527 τὸ
1673 2500 1747 2536 ὕδωρ
1771 2500 1834 2526 ἀνα-

1041 2545 1139 2573 δίδοται
1152 2546 1202 2581 τῆς
1215 2546 1344 2580 ἀϐύσσου,
1358 2547 1426 2574 ἀλλὰ
1439 2547 1544 2583 φρέατα
1557 2546 1728 2581 ὀρύσσοντες,
1742 2548 1773 2573 οὐ
1788 2546 1833 2572 τὸν

1040 2589 1156 2624 τυχόντα
1171 2590 1318 2625 εἰσάγομεν
1331 2591 1453 2626 κάματον
1465 2612 1472 2624 ,
1491 2591 1621 2623 πολλάκις
1644 2591 1691 2618 καὶ
1717 2592 1765 2618 ἐπὶ
1789 2591 1833 2616 τὸν

1039 2634 1175 2662 οἴκτιστον
1193 2635 1359 2672 ἐπαγόμενοι
1374 2636 1488 2664 θάνατον
1499 2657 1507 2670 ,
1537 2638 1752 2672 ὲπιχωννύμενοι
1777 2638 1832 2667 τοῖς

1039 2679 1193 2716 ὀρύγμασιν
1205 2690 1213 2714 ;

1345 2728 1527 2762 Ἀπόκρισις.

1077 2768 1131 2800 Καὶ
1149 2774 1220 2810 μάλα
1233 2775 1344 2807 εἰκότως
1359 2775 1390 2802 ἐκ
1406 2774 1461 2802 τῶν
1481 2774 1606 2811 φρεάτων
1618 2774 1678 2802 ἔστι
1689 2774 1830 2812 τεκμήρα-
