1907 3043
107 163 163 193 945

107 223 182 256 σθαι,
200 222 249 257 τῆς
264 222 383 249 ἀϐύσσου
399 222 532 259 ὑπάρχειν
548 223 582 251 τὰ
599 225 716 259 κρηναῖα
736 223 820 251 ὕδατα
834 245 842 258 ,
858 224 902 251 διὰ

108 268 340 304 σομφωδεστέρων
351 269 471 304 λαγόνων
485 271 534 305 τῆς
547 270 646 306 χέρσου
658 269 849 305 ἁναδιδόμενα.
860 270 901 298 Τὰ

107 313 164 350 γὰρ
178 313 272 349 μακρά
290 313 322 340 ὲκ
336 314 386 349 τῆς
407 314 526 341 ἀϐύσσου
544 315 639 342 ἀνόδου
661 315 901 351 διασκολιευόμενα

106 359 163 386 τῶν
174 360 276 395 πόρων,
288 359 336 396 τὴν
352 360 462 396 πικρίαν
475 360 631 392 ἀποζέεται,
641 361 688 387 καὶ
700 361 749 396 τὴν
764 361 901 397 ἁλμυρίδα

105 405 292 440 ἀποτιθέμενα
314 404 498 439 γλυκαίνεται.
521 405 558 432 Τὸ
574 405 602 432 δὲ
619 407 774 441 φρεατιαῖον
789 406 901 438 είκὸτως

106 451 268 488 βαρύτερον,
286 451 334 479 καὶ
353 451 478 486 έναλμον,
494 451 540 478 καὶ
555 451 687 479 δύσποτον
703 452 838 488 ὑπάρχει,
856 452 901 480 διὰ

104 497 138 524 τὸ
153 497 312 532 πλησιάζειν
328 498 361 533 τῇ
381 497 493 533 ἀϐύσσῳ
508 497 554 524 τὺν
577 496 704 532 πυθμένα
716 517 723 530 ,
740 497 787 525 καὶ
803 497 900 533 ὥσπερ

105 543 187 570 κάδον
198 543 257 570 τινὰ
272 543 288 579 ἢ
302 543 380 570 πῖθον
393 542 570 579 ὲπινήχεσθαι
582 544 616 579 τῇ
634 542 744 579 ἀϐύσσῳ
754 563 762 576 ,
779 543 825 570 τὸν
838 543 899 570 ὅθεν

105 588 154 615 καὶ
166 589 199 623 τῇ
214 588 351 624 ἐγγυτέρᾳ
365 587 450 623 ἀνόδῳ
477 587 525 614 καὶ
548 588 741 624 συντομωτέρα
766 589 899 624 ἑκφανείᾳ

105 633 146 669 μὴ
160 633 289 660 δύνασθαι
309 634 358 669 τὴν
378 633 522 660 θαλαττίαν
537 633 639 669 πικρὰν
654 633 807 668 ἁλμυρίδα,
831 633 899 660 ἀλλά

107 679 199 714 μέσως
214 680 266 705 πᾶν
282 679 364 714 ἔχειν,
378 679 425 706 τιῦ
442 678 491 714 μὲν
509 678 639 714 κρηναίου
658 678 832 714 βαρυτέοως,
849 677 898 706 τοῦ

102 725 134 752 δὲ
149 725 292 752 θαλαττίου
315 725 494 761 κουφοτέρως.

400 781 524 809 ΠΕΥΣΙΣ
543 782 602 808 08'.

140 837 202 869 Πῶς
217 837 362 872 ἀνάγουσιν
375 838 403 864 αἱ
415 837 523 873 νεφέλαι
532 837 562 864 eo
576 837 720 864 Θαλάσσιον
733 836 806 873 ὕδωρ
817 846 825 871 ς
837 836 898 870 πῶς

100 883 131 910 δὲ
144 883 310 919 ἀναληφθὲν,
323 884 373 910 οὐκ
389 883 469 916 εὐθὺς
485 885 638 919 ἐπιχεῖται;
659 884 716 916 πῶς
734 883 780 910 καὶ¹
795 883 825 909 έν
840 882 895 909 τίσι

102 931 155 966 μὲν
169 932 261 963 τόποις
273 931 376 967 βρέχει,
391 931 420 957 ἐν
436 930 491 957 τίσι
505 931 535 957 οὐ
547 930 659 966 βρέχει;

90 1016 96 1036 ⁵
409 1029 591 1063 Ἀπόκρισις.

139 1078 272 1103 Ἄκουσον
289 1074 336 1102 τοῦ
352 1075 433 1101 Δαϐὶδ
449 1075 512 1111 περὶ
525 1074 592 1101 Θεοῦ
606 1073 787 1109 μελῳδοῦντος
798 1082 804 1087 ’
817 1075 895 1102 Συν-

99 1123 184 1157 ἀγων
197 1121 267 1149 ὡσεί
283 1121 381 1148 ἀσκὸν
400 1120 494 1147 ὕδατα
507 1119 681 1155 θαλάσσης·
697 1120 791 1155 ἐτέρου
807 1120 835 1146 δὲ
851 1119 896 1146 λέ-

100 1177 213 1203 γοντος·
231 1168 388 1202 Δεσμεύων
402 1166 457 1202 (3i)
480 1165 558 1200 ὕδωρ
578 1166 614 1193 ἐν
632 1166 773 1200 νεφέλαις
788 1166 892 1200 ἀέρων.

100 1216 161 1250 Πρὸ
176 1215 278 1242 τούτων
292 1214 320 1240 δὲ
346 1213 417 1246 Ἰὼϐ,
431 1213 445 1240 ὁ
460 1212 515 1240 τῶν
535 1213 606 1239 κατὰ
619 1212 684 1238 Θεὸν
701 1211 814 1246 ἀγώνων
829 1212 896 1239 καθ-

101 1262 220 1297 ηγητὴς,
231 1259 335 1296 πύργος
347 1260 393 1287 καὶ
402 1259 542 1295 πρόϐολος,
556 1258 638 1293 φησι·
649 1259 703 1285 Καὶ
718 1259 774 1286 οὐκ
785 1258 893 1293 ὲρῤάγη

101 1308 196 1342 νέφος
221 1307 361 1334 ὑποκάτω
376 1306 480 1338 αὑτοῦ,
496 1304 542 1331 τοῦ
558 1304 653 1336 ὓδατος
671 1305 801 1340 δηλονότι.
816 1304 894 1331 Νοεί-

100 1354 159 1380 σθω
174 1353 203 1380 δὲ
215 1354 263 1380 καὶ
278 1352 343 1389 περὶ
355 1353 405 1387 τῆς
415 1351 575 1386 θεανδρικῆς
588 1350 635 1377 τοῦ
645 1351 772 1386 Σωτῆρος
787 1350 890 1386 ἀναλή-

99 1399 185 1434 ψεως.
200 1398 307 1433 Νεφέλη
323 1397 378 1432 γὰρ
388 1396 475 1431 ὑπέϐη
488 1397 545 1428 τοῖς
559 1396 638 1422 ποσὶν
653 1395 745 1427 αὑτοῦ,
757 1395 788 1422 οὐ
799 1403 893 1431 συνερ-

100 1444 190 1479 γοῦσα
206 1444 274 1479 πρὸς
290 1443 339 1480 τὴν
352 1443 454 1475 ἄνοδον,
469 1442 537 1469 ἀλλά
550 1441 678 1468 δεικνῦσα
690 1441 792 1469 ἐκεῖνον
805 1441 894 1477 ὑπάρ-

100 1500 171 1526 χειν,
185 1491 232 1518 τὸν
245 1491 290 1518 διὰ
304 1490 435 1521 λαίλαπος
447 1490 494 1516 καὶ
504 1488 592 1524 νεφῶν
607 1487 691 1515 πάλαι
705 1487 755 1524 μὲν
768 1487 807 1524 τῷ
822 1487 893 1519 Ἰὼϐ,

102 1539 162 1574 μετ’
172 1538 254 1565 αὐτὸν
267 1537 294 1564 δὲ
305 1537 344 1572 τῷ
367 1536 462 1564 Μωσεϊ
469 1535 658 1570 φθεγγόμενον
669 1543 676 1550 ·
698 1533 894 1568 πληρουμένων

98 1585 128 1611 δὲ
141 1584 196 1611 τῶν
210 1583 310 1618 νεφῶν,
335 1582 416 1609 οίονεὶ
437 1581 530 1609 ἀσκῶν
548 1581 565 1616 ἢ
588 1579 712 1615 σιφώνων
726 1580 818 1612 τινῶν,
833 1580 894 1607 ἀντὶ

98 1629 202 1665 δεσμοῦ
227 1630 244 1665 ἢ
269 1628 412 1662 δακτύλου,
429 1628 447 1664 ἢ
474 1627 522 1655 τοῦ
541 1626 711 1658 ἐκθλίϐοντος
733 1625 843 1662 πιεσμῷ
864 1626 894 1653 τὸ

100 1676 175 1712 ὓδωρ
199 1675 247 1702 τοῦ
276 1674 402 1710 σίφωνος,
419 1674 450 1700 τὸ
465 1673 535 1701 θεῖον
549 1673 640 1704 αὐτοῖς
663 1673 799 1699 ἐπίκειται
809 1671 893 1708 πρόσ-

99 1730 205 1756 ταγμα,
217 1720 289 1747 καεά
304 1720 353 1756 τὴν
363 1713 455 1747 είκόνα
463 1718 517 1746 τῶν
532 1719 580 1746 νῦν
595 1718 733 1754 ἐμπόρων,
745 1717 892 1744 καθιέντων

101 1768 154 1802 μὲν
168 1767 207 1798 ὡς
217 1767 246 1793 ὲν
270 1766 343 1802 βυθῷ
356 1765 395 1801 τῷ
415 1765 506 1793 σκεύει
520 1765 566 1792 τὸν
586 1765 700 1799 σίφωνα,
717 1764 764 1790 καὶ
783 1763 893 1799 πληρω-

101 1811 194 1842 θέντα,
206 1810 253 1837 ἐπὶ
262 1811 296 1846 τῇ
312 1810 446 1838 ἀντιϐᾶσει
456 1810 503 1837 τοῦ
513 1809 666 1846 ἀντιχείρου
674 1809 834 1843 ἀνάγεσθαι,
845 1809 893 1836 καὶ

98 1857 146 1884 διὰ
174 1857 265 1891 πάσης
293 1856 343 1892 τῆς
368 1856 457 1888 οἰκίας
479 1856 517 1888 ὡς
532 1855 577 1883 διὰ
597 1855 700 1891 κόσμου
713 1856 763 1887 τὰς
778 1854 892 1891 νεφέλας

102 1903 217 1938 πλήρεις
234 1902 375 1938 φέρεσθαι,
400 1902 630 1938 ὲξοικονομεῖσθαι
643 1902 672 1929 δὲ
685 1902 716 1929 τὸ
737 1902 892 1938 ἀναληφθὲν

101 1948 171 1984 πρὸς
183 1948 214 1975 τὸ
227 1948 321 1975 δοκοῦν
331 1948 370 1984 τῷ
380 1948 554 1984 ἀρυσαμένῳ,
567 1949 599 1984 τῇ
611 1948 742 1984 ἐπαγωγῇ
762 1949 808 1975 καὶ
822 1949 892 1975 ἀπο-

101 1994 176 2021 Θέσει
185 1994 231 2022 τοῦ
240 1994 384 2021 δακτύλου.

409 2051 533 2078 ΠΕΥΣΙΣ
548 2052 589 2078 Il’.

137 2098 251 2126 Πάντων
261 2098 465 2134 περιεχομένων
475 2097 513 2132 τῷ
521 2096 598 2124 ὕδατι
610 2096 716 2133 πρώην,
727 2097 773 2124 καὶ
780 2097 892 2132 ἀϐύσσῳ

101 2144 325 2179 καλυπτομένων,
351 2144 410 2175 πῶς
425 2143 544 2180 συνήχθη
565 2143 612 2170 καὶ
633 2144 832 2180 συνεχώρησεν,
845 2143 893 2171 τοῦ

100 2190 170 2217 θεοῦ
185 2191 316 2229 είπῷντος,
332 2189 512 2224 Συναχθήτω
521 2189 554 2216 τὸ
566 2189 645 2224 ὕδωρ
658 2190 701 2223 εις
712 2190 894 2226 συναγωγὴν

101 2235 185 2270 μίαν,
196 2234 245 2261 καί
254 2233 372 2269 ὀφθήτω
380 2233 397 2268 ἠ
418 2234 512 2268 ξηρά;

414 2279 591 2314 Ἀπόκρισις.

144 2326 177 2352 Ἦ
191 2325 237 2352 τοῦ
253 2326 353 2357 παντὸς
364 2325 496 2361 δραστικὴ
511 2325 572 2353 θεία
583 2325 708 2362 δύναμις,
727 2328 772 2355 ὅτε
788 2329 892 2356 συνεῖδε

103 2373 172 2409 προς
199 2373 262 2408 μίαν
282 2373 443 2408 συναγωγὴν
467 2372 648 2408 ἀποκριθῆναι
664 2373 695 2400 τὺ
711 2373 794 2411 ὕδωρ,
813 2373 892 2408 αὖθις

102 2419 151 2445 καὶ
159 2417 191 2444 τδ
203 2417 298 2453 μέλλον
321 2417 387 2444 αὐτὸ
409 2417 589 2453 ὑποδέχεσθαι
605 2418 704 2454 χωρίον
717 2420 890 2455 παρήγαγεν.

101 2463 171 2491 οὐδὶ
183 2463 237 2499 γὰρ
252 2461 286 2498 ἦν
301 2464 318 2498 ἡ
334 2462 387 2495 ἔξω
404 2463 538 2498 Γαδείρων
550 2463 678 2496 θάλαττα,
693 2464 755 2491 οὐδὲ
770 2465 802 2492 τὸ
820 2465 892 2501 μέγα

102 2509 151 2536 καὶ
174 2509 325 2545 ἀτόλμητον
348 2509 488 2545 πλωτῆρσι
503 2510 629 2544 πέλαγος,
647 2510 678 2537 τδ
689 2511 739 2546 τὴν
750 2511 892 2547 Βρεττανι-

103 2556 155 2591 κὴν
171 2555 252 2590 νῆσον
265 2556 313 2583 καὶ
326 2556 389 2587 τοὺς
406 2556 564 2592 Ἑσπερίους
575 2556 689 2592 Ἴϐηρας
706 2558 889 2594 περιπτυσσό-

103 2610 200 2636 μενον·
216 2601 283 2629 ἀλλὰ
301 2602 362 2629 τότε
375 2602 425 2638 τῆς
439 2602 530 2638 χώρας
558 2601 597 2637 τῷ
615 2601 679 2638 θείῳ
699 2603 889 2638 προστάγματι

101 2647 362 2683 δημιουργηοεισης,
377 2649 420 2675 ἐπ’
437 2649 521 2683 αὐτὴν
540 2647 667 2683 συνεδόθη
677 2648 732 2675 τῶν
741 2648 844 2676 ὑδάτων
857 2649 891 2676 τὰ

103 2693 205 2730 πλήθη.

832 163 1003 193 DlALOGUS
1024 161 1043 191 1.

1691 160 1744 189 916

956 231 1007 251 nas
1021 230 1106 258 aquas
1123 229 1157 250 ex
1177 221 1277 258 abysso
1291 228 1353 249 esse
1368 228 1417 256 per
1434 219 1554 248 laxiores
1568 220 1646 248 sinus
1661 223 1742 248 terra

953 268 1085 297 redditas.
1103 266 1172 295 Nam
1188 267 1284 302 procul
1300 275 1334 295 ex
1351 266 1453 303 abysso
1469 266 1628 299 tendentes,
1643 270 1671 294 et
1684 265 1742 294 tot-4

953 319 1032 342 tuose
1053 321 1102 349 per
1119 316 1228 341 meatus
1249 317 1411 345 manantes,
1427 312 1538 340 fervida
1552 312 1632 340 iactae
1645 315 1742 341 amari-

952 356 1074 384 tudinem
1087 356 1217 383 amittunt
1225 376 1232 387 ,
1247 361 1275 383 et
1286 356 1456 392 salsuginem
1468 357 1636 391 deponentes
1646 357 1741 386 dulce-

951 407 1043 431 scunt.
1058 401 1144 431 Porro
1157 403 1276 438 putealis
1288 423 1296 435 ,
1312 407 1341 430 ut
1356 410 1406 438 par
1420 407 1463 430 est
1474 423 1482 435 ,
1497 403 1610 439 gravior
1623 407 1652 431 et
1673 405 1738 433 sub—

951 449 1039 482 salsa,
1061 452 1089 476 et
1102 456 1200 484 parum
1216 448 1344 484 potabilis
1358 453 1417 481 est,
1433 452 1576 484 propterea
1589 449 1662 484 quod
1678 449 1738 478 fun-

951 495 1018 523 dum
1031 495 1132 531 abysso
1147 495 1331 530 propinquum
1347 494 1447 527 habet,
1463 499 1491 523 et
1508 500 1637 531 tanquam
1655 496 1742 524 cadus

950 546 997 569 aut
1012 541 1114 569 dolium
1125 541 1233 568 innatat
1249 541 1359 576 abysso.
1373 540 1433 574 Quo
1447 540 1495 574 ﬁt,
1510 545 1541 569 ut
1553 546 1664 577 propter
1678 550 1742 578 pro-

950 588 1121 623 pinquiorem
1136 594 1281 615 ascensum
1298 592 1326 615 et
1351 587 1502 615 breviorem
1524 588 1643 621 exitum,
1664 596 1741 616 ama-

950 641 1009 661 ram
1023 640 1101 669 aquae
1113 633 1230 660 marinae
1241 633 1408 668 salsuginem
1421 640 1531 668 aequare
1544 638 1675 669 nequeat,
1690 633 1739 662 sed

950 680 1041 708 medio
1067 679 1187 715 quodam
1207 679 1288 706 modo
1310 678 1405 706 affecta
1427 679 1479 711 sit,
1497 680 1605 715 gravior
1627 680 1738 715 quidem

949 734 1032 761 quam
1050 726 1178 757 fontana,
1193 725 1301 753 marina
1317 725 1411 753 levior.

1147 780 1407 808 INTERROGATIO
1425 780 1541 809 LXXIX.

995 839 1139 874 Quomodo
1172 838 1264 866 ferunt
1298 838 1325 866 in
1349 839 1468 867 sublime
1492 840 1578 868 nubes
1604 841 1738 868 marinam

950 887 1068 922 aquam?
1089 893 1135 915 aut
1153 889 1290 923 quomodo
1304 889 1412 917 sublata
1429 896 1483 915 non
1509 895 1571 915 mox
1590 887 1739 916 eﬂ‘unditur

950 933 977 960 in
992 934 1113 961 terram?
1129 935 1266 970 quomodo
1283 935 1348 962 item
1363 935 1390 962 in
1404 934 1568 970 quibusdam
1580 934 1647 962 locis
1658 935 1737 970 pluit,

950 979 977 1007 in
995 980 1157 1015 quibusdam
1177 988 1232 1008 non
1245 981 1334 1017 pluit?

1265 1026 1421 1061 Responsio.

981 1073 1054 1101 Audi
1068 1073 1102 1101 de
1119 1073 1175 1102 Deo
1191 1079 1334 1102 canentem
1352 1074 1480 1102 Davidem
1499 1083 1506 1102 :
1527 1074 1580 1108 Qui
1600 1080 1739 1111 congregat

945 1120 1023 1155 quasi
1040 1124 1124 1147 utrem
1136 1129 1219 1155 aquas
1238 1121 1320 1148 maris
1331 1121 1374 1156 ⁸⁷;
1396 1121 1478 1148 alium
1493 1121 1558 1149 item
1573 1121 1710 1150 dicentem
1729 1133 1736 1151 :

947 1169 1000 1202 Qui
1013 1169 1077 1205 ligat
1087 1179 1183 1205 aquam
1198 1171 1225 1198 in
1238 1171 1307 1198 aeris
1324 1170 1437 1198 nubibus
1445 1170 1478 1198 ³⁸.
1494 1170 1564 1198 Ante
1581 1170 1631 1198 bos
1642 1173 1736 1198 autem

945 1214 1031 1243 Jobus
1050 1217 1231 1244 certaminum
1255 1217 1416 1245 divinorum
1441 1216 1582 1252 magister,
1606 1216 1690 1244 turris
1711 1218 1738 1244 et

946 1263 1193 1298 propugnaculum,
1209 1263 1299 1299 inquit
1317 1273 1324 1291 :
1338 1265 1372 1291 Et
1388 1272 1439 1290 non
1451 1268 1490 1290 est
1507 1268 1585 1298 rupta
1597 1262 1676 1290 nubes
1689 1262 1737 1289 sub

946 1307 1044 1342 ipsa”,
1061 1309 1166 1337 scilicet
1180 1317 1261 1345 aqua.
1277 1309 1448 1345 lutelligatur
1462 1313 1552 1337 autem
1568 1308 1638 1336 idem
1653 1308 1736 1335 etiam

945 1353 980 1382 de
996 1354 1130 1383 deiﬁcataa
1151 1355 1332 1383 humanitatis
1357 1355 1514 1384 Servatoris
1538 1354 1735 1389 assumptione.

945 1399 1037 1428 Nubes
1062 1400 1134 1428 enim
1159 1401 1244 1428 subiit
1260 1401 1312 1429 sub
1335 1401 1419 1436 pedes
1441 1401 1511 1435 ejus,
1528 1409 1582 1428 non
1602 1399 1737 1435 adiuvans

945 1445 1144 1478 ascensionem,
1159 1446 1206 1474 sed
1220 1450 1250 1474 ut
1263 1447 1453 1474 ostenderetur
1467 1446 1543 1474 illum
1557 1454 1618 1474 esse
1629 1447 1675 1483 qui
1687 1453 1737 1481 per

945 1491 1082 1520 turbinem
1099 1495 1127 1519 et
1148 1492 1236 1520 nubes
1251 1493 1316 1520 olim
1333 1493 1445 1528 quidem
1469 1492 1504 1520 ad
1527 1491 1625 1519 Jobum
1639 1513 1647 1525 ,
1673 1496 1736 1527 post

945 1538 1033 1573 ipsum
1052 1546 1116 1566 vero
1135 1538 1169 1566 ad
1192 1538 1294 1566 Mosam
1308 1539 1417 1568 locutus
1432 1542 1516 1570 esset,
1535 1538 1655 1573 impletis
1670 1545 1735 1565 vero

945 1584 1065 1612 nubibus
1076 1584 1151 1612 velut
1164 1584 1272 1613 utribus
1287 1589 1336 1612 aut
1351 1585 1523 1620 siphonibus,
1543 1584 1603 1611 loco
1621 1583 1734 1616 vinculi,

946 1634 994 1657 aut
1009 1629 1098 1665 digiti,
1110 1635 1157 1658 aut
1169 1629 1294 1664 siphonis
1307 1629 1456 1665 premendo
1469 1628 1612 1656 retinentis
1622 1635 1733 1663 aquam,

943 1676 1065 1704 divinum
1079 1675 1147 1711 ipsis
1162 1676 1294 1704 incumbit
1309 1676 1479 1708 mandatum,
1495 1674 1607 1710 perinde
1619 1681 1650 1702 ac
1663 1681 1733 1702 mer-

943 1726 1051 1750 catores
1066 1722 1157 1750 facere
1172 1722 1272 1753 solent,
1287 1729 1348 1749 cum
1361 1721 1509 1749 demittunt
1523 1720 1552 1748 in
1565 1718 1732 1756 profundum

943 1775 992 1795 vas
1015 1767 1170 1802 siphonem,
1183 1774 1271 1802 eoque
1287 1767 1411 1802 impleto,
1427 1766 1555 1802 opposito
1569 1764 1667 1800 pollice
1686 1772 1732 1792 re-

942 1813 1065 1845 ducunt,
1088 1817 1115 1842 et
1129 1821 1176 1850 per
1194 1817 1279 1841 totam
1302 1813 1414 1841 domum
1428 1812 1508 1848 quasi
1528 1819 1576 1848 per
1597 1811 1730 1839 mundum

943 1859 1034 1889 ferunt
1049 1861 1144 1896 plenas
1156 1860 1234 1896 quasi
1249 1860 1347 1892 nubes,
1359 1863 1386 1886 et
1400 1858 1517 1887 refertur
1529 1859 1559 1886 in
1583 1865 1650 1886 usus
1661 1865 1732 1893 aqua

943 1912 1062 1941 sumpta,
1076 1911 1155 1942 prout
1169 1907 1258 1934 visura
1274 1905 1356 1934 fuerit
1372 1905 1396 1933 ei
1415 1905 1463 1941 qui
1477 1904 1580 1936 hausit,
1594 1904 1674 1939 idque
1686 1911 1734 1941 per

944 1952 1145 1987 impositionem
1161 1956 1188 1980 et
1201 1951 1417 1980 subtractionem
1433 1950 1522 1978 diviti.

1146 2052 1412 2081 INTERROGATIO
1427 2051 1533 2081 LXXX.

989 2099 1058 2127 Cum
1082 2099 1174 2126 omnia
1200 2099 1319 2134 primum
1351 2099 1558 2126 continerentur
1590 2105 1680 2132 aqua,
1703 2101 1732 2125 et

945 2144 1045 2180 abysso
1060 2147 1227 2179 tegerentur,
1243 2143 1290 2171 ubi
1304 2147 1470 2178 congregata
1484 2147 1540 2175 est,
1552 2146 1578 2170 et
1595 2149 1650 2178 quo
1665 2148 1732 2170 con-

943 2189 1038 2222 cessit,
1055 2190 1164 2217 dicente
1184 2189 1249 2223 Deo,
1265 2188 1444 2224 Congregmtr
1459 2197 1529 2223 aqua
1547 2189 1575 2216 in
1588 2196 1731 2224 congrega-

943 2235 1039 2263 tionem
1053 2242 1144 2267 unam,
1155 2239 1181 2262 et
1194 2240 1321 2269 appareat
1336 2234 1415 2261 arida
1426 2234 1469 2261 θοι

1259 2279 1412 2313 Responsio.

979 2325 1107 2355 Universi
1125 2325 1246 2354 θῦσαι-ἧι
1269 2325 1316 2352 illa
1330 2325 1422 2353 divina
1440 2325 1481 2353 vis
1499 2323 1611 2360 quando
1625 2325 1729 2352 consti-

941 2374 994 2401 tuit
1007 2380 1105 2408 aquam
1121 2380 1265 2401 secernere
1287 2373 1321 2400 ad
1335 2373 1575 2408 congregationem
1596 2376 1624 2401 et
1637 2373 1728 2401 locum

942 2427 1036 2453 unum,
1055 2427 1117 2446 mox
1142 2423 1170 2447 et
1194 2418 1283 2446 locum
1301 2418 1388 2453 ipsam
1403 2422 1577 2453 recepturum
1596 2418 1728 2446 condidit.

941 2465 1066 2493 Nondum
1079 2465 1152 2493 enim
1164 2471 1223 2493 erat
1238 2465 1304 2493 illud
1320 2468 1398 2493 extra
1417 2463 1518 2492 Gadira
1535 2465 1619 2493 situm
1641 2473 1727 2497 mare,

941 2519 1030 2547 neque
1046 2519 1174 2546 magnum
1199 2511 1266 2539 illud
1283 2511 1356 2547 quod
1378 2510 1526 2539 exliorrent
1550 2515 1640 2538 nauta:
1654 2511 1729 2546 pela-

941 2565 1008 2593 gus,
1027 2557 1099 2593 quod
1115 2556 1300 2585 Britannicam
1321 2557 1440 2585 insulam
1460 2560 1495 2585 οι·
1506 2555 1654 2592 Hesperios
1670 2555 1729 2584 lbe-

941 2611 987 2632 ras
1002 2603 1086 2631 ambit
1099 2623 1106 2635 ,
1133 2603 1180 2630 sed
1201 2602 1311 2631 condita
1326 2608 1390 2630 tunc
1404 2601 1498 2630 divino
1512 2601 1641 2630 mandato
1655 2607 1729 2630 certa

942 2649 1062 2685 regione,
1077 2648 1110 2675 ad
1126 2649 1212 2684 ipsam
1225 2649 1307 2677 simul
1317 2655 1449 2684 aquarum
1460 2647 1648 2676 multitudines
1662 2655 1729 2676 con-

941 2695 1088 2722 ﬂuxerunt.

139 2762 160 2778 "
181 2761 253 2790 Psal.
268 2770 354 2796 nm,
377 2763 402 2790 7.
439 2763 461 2779 ³⁸
479 2762 530 2791 Job
549 2771 622 2795 uri,
639 2762 665 2790 8.
703 2763 725 2779 "
743 2762 794 2791 Job
816 2771 890 2798 xxvr,

949 2769 1003 2791 sec.
1020 2760 1101 2788 LXX.
1139 2760 1162 2776 “
1181 2759 1248 2788 Gen.
1265 2769 1285 2795 ι,
1301 2760 1328 2788 9.

139 2839 374 2876 (51)Δεσμεύων,
385 2850 411 2868 κ.
428 2850 452 2868 τ.
465 2842 489 2868 λ.
509 2842 585 2869 llunc
602 2847 628 2870 et
647 2850 709 2869 mor
726 2847 882 2876 sequentem

106 2874 204 2915 locum,
224 2874 354 2915 tanquam
369 2876 524 2915 cxﬂduobus
539 2878 626 2905 sacris
645 2874 825 2912 scriptoribus
837 2878 884 2905 de-

106 2912 249 2947 scriptum,
278 2912 376 2940 recitat
396 2912 547 2948 Cassi-ius;
576 2920 636 2941 cum
660 2917 748 2942 tamen
772 2918 884 2948 uterque

936 2844 1064 2869 occurrat
1077 2839 1128 2867 Job
1137 2848 1209 2870 τινι,
1223 2840 1250 2871 8.
1266 2841 1345 2875 juxta
1361 2839 1443 2872 LXX.
1463 2841 1508 2869 ubi
1529 2841 1569 2870 sic
1586 2840 1702 2875 legimus
1718 2850 1726 2869 :

937 2875 1080 2913 Δεσμειξων
1098 2875 1171 2913 ὕδωρ
1188 2876 1216 2902 ἐν
1228 2876 1354 2913 νεφέλαις
1373 2876 1466 2909 αὑτοῦ,
1486 2876 1533 2904 καὶ
1545 2876 1594 2904 οὐκ
1619 2875 1726 2913 ἐρράγη

938 2912 1016 2946 νέφος
1032 2911 1207 2939 ὑποκάτωθεν
1218 2911 1311 2939 αὑτοῦ.
