1907 3043
183 153 234 182 an

377 212 634 242 INTERROGATIO
658 214 776 242 LXXXI.

220 257 305 286 Estne
322 267 406 287 unum
423 268 497 288 mare
515 261 573 288 sive
588 261 773 297 congregatio,
787 262 828 290 vel
844 261 952 289 multae?

500 304 642 339 Responsio
647 326 653 332 .

220 349 280 377 Una
298 351 405 386 quidem
419 356 460 378 est
473 353 648 386 congregatio
663 353 747 380 totius
760 353 898 385 elementi,
911 352 971 388 plu-

185 404 229 424 Ies
244 405 308 424 vero
320 402 411 431 partes
426 398 651 432 principaliores;
681 406 742 425 nam
759 403 853 434 stagna
866 407 926 434 quae
937 399 970 425 ad

184 443 307 475 Arctum,
319 446 346 470 et
361 451 530 478 quaecunque
544 444 577 471 ad
588 443 699 471 Gnceia:
711 448 870 479 spectantur
885 452 969 477 mare,

183 496 298 523 quaeque
316 488 502 516 Macedoniam
517 494 545 517 et
568 490 720 526 Bithyniam
744 495 771 518 et
798 491 970 518 Palaestinam

183 535 318 568 obtinent,
333 536 558 571 congregationes
582 537 676 572 utique
694 540 769 568 sunt,
787 544 856 572 quas
879 537 972 564 multi-

183 580 307 607 tudinem
330 588 408 616 aquae
434 582 534 609 habere
558 583 650 610 nullus
675 582 896 610 contradixerit:
918 591 970 609 non

184 631 275 653 tamen
291 627 400 661 proprie
414 627 498 654 maria
520 635 580 655 esse
601 628 731 660 dicimus,
750 628 814 655 licet
829 636 971 663 propemo-

179 673 248 699 dum
262 680 324 699 cmn
340 673 408 700 mari
423 673 458 700 ob
472 674 679 701 amaritudinem
694 678 721 701 et
738 674 903 708 salsuginem
921 675 971 701 mi-

182 723 232 746 stm
256 719 321 750 sint,
345 719 435 754 qualis
450 723 492 746 est
507 719 672 754 Asphaltites
685 720 762 748 lacus
778 720 805 747 iu
820 719 925 752 Iudaea,
945 726 972 748 et

183 765 344 792 Serbonites
358 765 428 792 inter
443 764 588 801 {Egyptum
605 769 632 793 et
647 765 822 793 Palaestinam
836 765 870 792 ad
881 767 972 794 descr-

183 817 241 838 tum
266 811 413 839 Arabicum
439 818 585 845 extensus,
611 813 730 847 itemque
757 812 918 848 Hyrcaniam
945 819 971 840 et

184 856 327 892 Caspiam;
340 862 367 885 ct
383 858 507 885 videmus
521 866 535 884 a
554 859 692 885 nonnullis
706 859 779 892 ipsos
795 865 856 885 esse
869 858 972 885 descri-

185 908 257 939 ptos.
284 904 395 939 Oportet
411 904 483 931 enim
499 904 637 932 attendere
661 903 890 938 descriptionibus
905 911 969 938 geo—

185 949 324 986 graphieis
338 957 433 978 eorum
447 950 492 985 qui
508 955 535 977 et
550 950 684 981 viderunt,
700 955 725 977 et
736 951 806 976 scitu
820 950 917 985 dignas
929 957 972 976 res

186 995 324 1023 memorite
350 995 536 1030 prodiderunt.
561 995 629 1021 Nam
653 995 759 1022 occulte
776 999 973 1022 conservantur

185 1041 257 1068 inter
274 1049 304 1068 se
316 1046 342 1068 et
356 1041 558 1076 conjunguntur
576 1048 629 1067 uno
643 1048 729 1076 eoque
749 1041 867 1068 maximo
893 1041 971 1073 mari,

186 1087 416 1123 quemadmodum
442 1087 566 1114 Rubrum
583 1086 705 1114 declarat
722 1095 812 1120 mare,
833 1092 910 1122 parte
927 1095 973 1116 su-

187 1133 294 1168 periore
307 1140 370 1160 cum
390 1131 517 1158 Gadirico
531 1132 637 1159 occulte
657 1132 845 1166 conjunctum.

379 1177 636 1205 INTERROGATIO
656 1177 785 1204 LXXXII.

221 1227 257 1252 At
271 1225 407 1259 quomodo
429 1225 653 1260 congregationcs
669 1231 800 1258 aquarum
822 1223 906 1250 maria
924 1231 974 1251 vo-

186 1271 259 1299 cavit
273 1270 424 1298 Dominus?

502 1317 657 1352 Responsio.

223 1363 305 1391 Sinus
317 1363 364 1398 qui
375 1363 524 1390 secundum
538 1370 603 1390 suas
617 1362 722 1397 species
736 1369 751 1388 a
763 1361 974 1395 circumjacente

185 1414 260 1437 terra
273 1408 461 1444 comprehensi
477 1411 551 1440 sunt,
568 1408 654 1434 maria
670 1407 801 1434 Dominus
818 1406 972 1441 appellavit,

187 1457 239 1484 hoc
251 1459 309 1488 est,
327 1463 400 1482 mare
413 1454 536 1485 Boreale,
550 1461 624 1481 mare
636 1454 772 1486 Australe,
789 1452 874 1480 Eoum
887 1460 971 1484 mare,

186 1507 214 1531 et
230 1502 389 1537 Hesperium
404 1509 478 1529 mare
491 1501 623 1533 alterunt;
642 1503 772 1535 praeterea
790 1499 875 1534 pelagi
892 1499 973 1533 hujus

187 1549 229 1576 vel
243 1548 317 1575 illius
333 1548 485 1583 peculiares
503 1547 709 1582 appellationes,
726 1550 824 1580 pontus
836 1545 971 1575 Euxinus,

186 1599 214 1623 et
227 1602 301 1622 mare
323 1593 566 1629 Hellesponticum,
584 1593 706 1628 IEgzeum
723 1596 750 1619 et
774 1591 890 1624 Ionium,
907 1589 971 1616 Sar-

187 1642 269 1669 doum
294 1640 415 1676 pelagus,
434 1644 461 1667 et
486 1639 607 1667 Siculum
629 1639 755 1671 alterum,
773 1641 800 1664 et
826 1637 974 1672 Tyrrheni-

187 1693 250 1714 cum
262 1705 271 1718 ,
297 1690 324 1713 et
340 1685 445 1712 inﬁnita
467 1685 582 1712 marium
597 1683 719 1716 nomina,
740 1691 801 1718 qua!
818 1687 847 1710 ut
864 1690 878 1709 a
896 1681 974 1709 nobis

187 1735 289 1760 cuncta
312 1735 516 1762 recenseantur,
539 1730 681 1765 prmsentis
697 1738 750 1756 non
767 1734 810 1757 est
833 1728 972 1763 temporis.

367 1776 625 1804 INTERROGATIO
642 1775 782 1803 LXXXIII.

222 1823 312 1857 Quare
325 1822 415 1851 Moses
432 1823 461 1850 in
476 1823 612 1858 principio
635 1822 748 1850 Genesis
767 1827 867 1850 terram
886 1823 975 1850 nomi-

187 1874 254 1902 nat,
280 1869 342 1897 inde
358 1876 455 1896 rursus
480 1869 602 1895 aridam?
624 1869 722 1896 Annon
745 1870 816 1896 enint
840 1870 913 1897 aliud
933 1875 975 1897 cst

187 1915 275 1947 arida,
291 1920 319 1943 et
334 1914 407 1941 aliud
423 1915 514 1942 terra?

503 1960 658 1996 Responsio.

221 2007 294 2035 Nihil
307 2008 420 2036 omnino
437 2007 502 2034 mihi
521 2008 627 2034 videtur
647 2007 680 2034 ab
701 2008 778 2034 arida
798 2007 907 2035 differre
921 2013 976 2035 tcr-

187 2063 218 2082 ra
235 2065 242 2082 :
259 2063 353 2082 verum
364 2063 398 2082 ne
412 2061 524 2082 causam
539 2054 704 2082 arefaciendi
714 2055 895 2082 tribueremus
912 2055 973 2088 soli,

188 2101 368 2136 antiquiorem
383 2101 449 2129 solis
466 2106 528 2128 ortu
540 2101 691 2128 ariditatem
709 2105 787 2128 terra:
800 2101 888 2136 opifex
903 2101 974 2129 Deus

188 2147 347 2180 declaravit,
364 2155 426 2175 mox
442 2155 457 2174 a
475 2147 608 2182 principio
622 2147 787 2182 desipientes
801 2148 835 2175 ab
849 2155 881 2175 ea
895 2148 972 2174 vani-

187 2198 243 2222 tate
257 2201 399 2225 revocans,
418 2202 452 2221 ne
465 2194 550 2221 solem
568 2194 648 2221 deum
663 2193 794 2221 facerent.

366 2238 625 2266 INTERROGATIO
644 2238 786 2266 LXXXIV.

221 2284 292 2318 Quid
307 2289 358 2316 est,
372 2285 445 2319 quod
464 2284 551 2312 Moses
569 2285 657 2319 inquit
674 2293 680 2312 :
700 2284 733 2310 Et
747 2285 810 2311 vidit
827 2284 895 2311 Deus
907 2283 975 2319 quod

186 2336 252 2358 esset
273 2330 369 2358 bonum
378 2330 421 2357 ⁵ίῖ
445 2331 585 2363 Qttomodo
609 2331 729 2358 omnittm
748 2331 878 2365 praescius
900 2336 974 2365 post-

187 2385 268 2412 quam
286 2377 406 2410 l‘ecisset,
424 2377 492 2404 vidit
513 2376 586 2412 quod
607 2377 677 2404 bona
693 2381 765 2404 esset
782 2377 845 2404 lux?
869 2377 935 2404 Nam
951 2378 974 2404 si

188 2423 312 2450 homines
337 2428 483 2456 antequam
505 2423 569 2457 quid
591 2423 701 2454 faciant.
726 2425 817 2450 sciunt
839 2424 976 2451 bonumne

189 2469 227 2496 vel
245 2469 344 2495 malum
364 2471 396 2495 Sil
423 2469 545 2495 futurum
571 2469 643 2504 quod
666 2469 815 2503 perﬁcitur,
840 2470 975 2504 qttontodo

189 2514 259 2542 Deus
275 2520 416 2550 ριιςιψιιιη
443 2516 562 2547 fecisset,
590 2520 653 2541 tunc
681 2515 790 2542 demutu
811 2516 878 2543 vidit
903 2516 975 2551 quod

187 2567 259 2588 esset
278 2562 394 2590 bonum.
418 2563 495 2596 quasi
522 2569 576 2588 non
603 2568 825 2596 pra-cognoscens
852 2562 878 2589 id
903 2563 975 2597 quod

190 2607 312 2633 facturus
324 2611 382 2633 erat
391 2608 402 2621 θ

506 2652 660 2686 Responsio.

223 2700 282 2727 Non
299 2701 351 2727 hoc
377 2701 470 2727 volunt
496 2701 546 2727 ista
571 2700 663 2729 verba.
681 2698 866 2727 delectabilem
892 2700 975 2728 maris

188 2753 327 2782 aspectum
345 2748 397 2774 Deo
413 2747 499 2773 visum
514 2746 608 2773 fuisse.
627 2746 680 2773 Nec
695 2746 766 2773 enim
782 2745 871 2780 opifex
884 2754 975 2774 rerum

224 2836 246 2852 ⁸¹
265 2836 333 2862 Gen.
348 2843 366 2865 t,
386 2835 413 2862 σί.
431 2835 475 2869 I0,
490 2835 533 2867 12,
554 2835 594 2867 I8,
606 2835 651 2866 Ἢ,
664 2835 708 2862 25.

225 2905 280 2942 (52)
293 2906 508 2940 Τι’τχιίνοιισαι.
522 2906 604 2935 Forte
624 2907 794 2944 τυγχάνουσι.
813 2907 891 2935 Eon“.

729 155 757 182 S.
779 154 929 182 CESARII
944 153 1106 183 CREGORII
1125 154 1274 183 FRATRIS

1752 154 1806 183 9b!

1315 216 1438 243 ΠΕΥΣΙΣ
1450 216 1514 242 IIA'.

1059 262 1116 290 Μία
1133 262 1190 288 ἐστὶ
1205 261 1326 289 θάλασσα
1336 283 1343 295 ,
1364 263 1423 298 ήτοι
1435 263 1451 297 ἡ
1465 260 1646 296 συναγωγὴ,ῆ
1662 261 1758 290 πολλαί
1764 272 1773 298 ;

1331 308 1507 341 Ἀπόκρισις.

1059 354 1117 381 Μία
1137 354 1184 390 μὲν
1197 355 1214 389 ή
1226 353 1370 388 συναγωγὴ
1393 352 1439 379 τοῦ
1455 352 1586 387 στοιχείου
1606 352 1716 384 παντὸς,
1735 349 1810 377 πλεῖ-

1024 409 1075 427 στα
1087 401 1114 427 δὲ
1127 401 1161 427 τὰ
1176 401 1344 436 συστήματα.
1359 398 1396 425 Αἵ
1407 407 1437 425 τε
1449 399 1502 434 γὰρ
1521 399 1614 434 λίμναι
1631 399 1658 425 αἱ
1672 397 1743 424 κατὰ
1760 398 1810 433 τὴν

1023 448 1134 483 ἄρκτον,
1146 447 1193 474 καὶ
1201 448 1261 474 ὃσαι
1269 446 1339 473 κατὰ
1348 446 1392 473 τὸν
1403 445 1556 481 Ἑλληνικὸν
1566 445 1681 481 ὁρῶνται
1700 444 1809 476 πόντον,

1023 495 1073 529 τήν
1102 503 1133 520 τε
1158 493 1338 525 Μακεδονίαν,
1357 492 1484 518 Βιθυνίαν
1506 500 1535 518 τε
1556 491 1603 518 καὶ
1625 490 1810 524 Παλαιστίνην

1024 539 1198 574 κατέχουσαι,
1225 539 1380 573 συναγωγαὶ
1394 537 1574 573 τυγχάνουσαι
1594 536 1649 572 (52)
1668 536 1807 572 δηλονότι·

1022 585 1056 617 ἂς
1073 585 1176 621 πλῆθος
1203 585 1253 621 μὲν
1278 584 1350 620 ἔχειν
1366 584 1461 616 ὕδατος
1480 583 1565 615 οὐδεὶς
1579 584 1695 619 ἀντερεῖ,
1710 582 1740 609 οὺ
1756 582 1810 618 μὴν

1024 631 1161 663 θαλάσσας
1169 631 1272 667 κυρίως
1285 631 1416 666 ὑπάρχειν
1428 629 1512 661 αὐτάς
1520 638 1620 664 φαμεν,
1628 630 1651 655 εἰ
1661 629 1708 655 καὶ
1721 637 1810 663 παρα-

1023 677 1142 712 πλησίως
1170 679 1203 712 τῇ
1230 677 1348 712 θαλάττῃ
1372 676 1401 702 τὸ
1415 675 1512 711 πικρὸν
1526 675 1572 702 καὶ
1592 674 1712 710 ἁλμυρὸν
1729 674 1810 703 ἐγκέ-

1023 731 1148 759 κρανται,
1169 723 1237 758 ὼςή
1260 721 1429 757 Ἀσφαλτῖτις
1442 721 1525 756 λίμνη
1545 721 1590 747 ἐπὶ
1600 720 1649 755 τῆς
1669 719 1810 751 Ἰουδαίας,

1023 769 1069 796 καὶ
1081 769 1098 804 ἠ
1109 769 1260 804 Σερσονῖτις
1273 768 1373 804 μεταξὺ
1388 767 1525 802 Αἰγύπτου
1551 766 1598 793 καὶ
1617 766 1810 799 Παλαιστίνης,

1023 814 1072 849 τὴν
1107 813 1253 850 Ἀραϐικὴν
1278 814 1379 849 ἔρημον
1404 812 1619 848 παρατείνουσα·
1642 811 1666 836 εί
1691 810 1738 836 καὶ
1762 810 1810 842 τὴν

1028 860 1174 895 Ὑρκανίαν
1189 860 1235 886 καὶ
1247 859 1295 896 τὴν
1307 859 1450 886 Κασπίαν·
1474 858 1588 893 ὁρῶνται
1600 857 1628 882 δέ
1643 864 1715 887 τινες
1733 864 1810 890 περι-

1023 906 1175 942 γεγράφθαι
1189 906 1281 937 αὑτάς.
1303 905 1381 931 Ἀλλὰ
1398 904 1450 940 χρὴ
1467 905 1525 935 ταῖς
1543 903 1596 929 τῶν
1611 902 1810 936 ἰστορησάντων

1023 952 1166 988 προσέχειν
1182 951 1376 987 γεωγραφίαις.
1398 950 1615 985 Συντετήρηνται
1631 949 1686 983 γὰρ
1699 947 1810 981 ἁῳανῶς

1023 998 1091 1032 πρὸς
1106 997 1234 1031 ἀλλήλας,
1252 997 1298 1023 καὶ
1317 995 1534 1030 συνεστόμωνται
1556 996 1588 1030 τῇ
1609 994 1657 1032 μιᾷ
1671 996 1717 1020 καὶ
1736 993 1811 1028 μεγί-

1024 1051 1084 1078 στῃ,
1098 1041 1188 1073 καθὼς
1202 1043 1218 1077 ή
1233 1041 1350 1077 Ἐρυθρὰ
1360 1041 1481 1067 παιδεύει
1496 1040 1625 1071 θάλαττα,
1637 1030 1671 1074 τῇ
1683 1039 1811 1065 ἐπέκεινα

1022 1088 1158 1124 Γαδείρων
1171 1087 1281 1122 ἀφανῶς
1299 1086 1499 1121 συναπτομένη.

1314 1179 1438 1206 ΠΕΥΣΙΣ
1453 1177 1517 1204 HB’.

1058 1228 1113 1255 Καὶ
1128 1228 1186 1259 πῶς
1203 1227 1362 1261 συστήματα
1380 1225 1433 1251 τῶν
1451 1225 1554 1251 ὑδάτων
1573 1223 1709 1254 θαλάσσας
1720 1224 1735 1249 ὁ
1754 1222 1809 1248 Κύ-

1024 1282 1081 1310 ριος
1098 1273 1226 1300 ἐκάλεσεν
1241 1282 1248 1306 ;

1328 1318 1495 1352 Ἀπόκρισις
1502 1339 1509 1346 .

1059 1366 1128 1398 Τοὺς
1155 1365 1271 1396 κόλπους
1294 1365 1356 1395 τοὺς
1374 1365 1432 1390 κατ’
1451 1364 1516 1390 ἴδιον
1534 1363 1626 1397 σχῆμα
1639 1361 1692 1388 ὑπὸ
1703 1362 1753 1396 τῆς
1763 1369 1809 1387 πε·

1025 1412 1181 1449 ρικειμένης
1208 1411 1259 1446 γῆς
1286 1410 1512 1445 περιληφθέντας,
1530 1407 1662 1438 θαλάττας
1681 1408 1695 1433 ὁ
1709 1406 1808 1442 Κύριος

1025 1457 1240 1494 προσηγόρευσε,
1253 1456 1324 1482 τοῦτ’
1335 1456 1418 1487 ἐστιν,
1432 1456 1550 1482 θάλαττα
1564 1454 1683 1489 Βόρειος,
1693 1453 1808 1480 Θάλαττα

1025 1505 1130 1535 Not-tog,
1151 1503 1221 1538 Ἐῴα
1246 1502 1374 1533 Θάλαττα,
1397 1502 1444 1528 καὶ
1464 1501 1594 1536 Ἑσπερία
1610 1500 1690 1526 πάλιν
1713 1499 1806 1532 ἑτέρα·

1025 1551 1071 1576 καὶ
1084 1549 1263 1585 προσηγορίαι
1292 1549 1416 1582 πελάγων
1433 1547 1590 1580 ἰδιάζουσαι,
1609 1547 1705 1576 πόντος
1724 1544 1809 1576 Εὔξει-

1025 1605 1068 1627 νος
1097 1595 1144 1622 καὶ
1161 1595 1312 1630 πράττοντος
1330 1594 1533 1629 Ἑλλήσποντος,
1561 1593 1671 1625 Αίχαῖος
1695 1592 1741 1616 καὶ
1759 1589 1811 1615 Ἰὼ-

1025 1650 1089 1673 νιος,
1119 1641 1278 1676 Σαρδονικὸν
1295 1641 1422 1674 πέλαγος,
1433 1639 1480 1666 καὶ
1496 1638 1633 1664 Σικελικὴν
1647 1638 1688 1662 ἓτε
1696 1646 1748 1672 ρον,
1765 1637 1811 1662 καὶ

1024 1687 1087 1715 ἄλλο
1103 1687 1282 1723 Τυρρηνικὸν,
1295 1687 1341 1712 καὶ
1355 1685 1438 1722 μυρία
1454 1685 1573 1719 ὀνόματα
1588 1682 1724 1714 πελαγῶν,
1740 1681 1811 1716 ἆπερ

1025 1735 1090 1769 ἡμῖν
1108 1733 1138 1760 οὐ
1151 1732 1197 1759 τοῦ
1220 1732 1351 1767 παρόντος
1369 1725 1577 1766 ἐξαριθμεῖσθαι
1596 1730 1704 1764 καιροῦ.

1318 1778 1442 1804 ΠΕΥΣΙΣ
1459 1778 1520 1804 III".

1060 1826 1134 1852 Διατί
1150 1826 1243 1861 μὲνέν
1253 1826 1323 1860 ἀρχῇ
1349 1825 1396 1859 μὲν
1418 1824 1466 1858 τῆς
1487 1823 1622 1854 Γενὲσεως
1635 1824 1687 1858 γῆν
1717 1823 1813 1856 ὀνομάο

1026 1870 1077 1902 ζει,
1090 1860 1241 1897 ὲνταῦοέδὲ
1258 1869 1336 1896 πάλιν
1354 1868 1453 1904 ﬁngar»;
1472 1866 1545 1903 τΛρα
1565 1868 1601 1903 μὴ
1620 1867 1683 1894 ἄλλο
1696 1868 1809 1902 ὑπάρχει

1025 1919 1042 1953 ὴ
1058 1917 1138 1952 ξηρὰ»
1151 1917 1214 1943 ἄλλο
1228 1916 1256 1942 δὲ
1270 1917 1286 1951 ἡ
1300 1916 1336 1950 γῆ
1350 1924 1356 1947 ;

1330 1962 1506 1995 Ἀπόκρισις,

1061 2010 1121 2036 Οὐδ’
1138 2010 1206 2041 ὅλως
1230 2017 1274 2044 μοι
1286 2008 1359 2034 δοκεῖ
1372 2006 1560 2042 παρηλλάχθαι
1573 2006 1622 2040 τῆς
1639 2005 1724 2040 ξηρᾶς
1736 2006 1751 2039 ἡ
1765 2003 1811 2037 γῆ,

1026 2056 1082 2082 ἀλλ’
1098 2056 1140 2082 ἳνα
1155 2056 1191 2090 μὴ
1219 2056 1256 2090 τῷ
1286 2055 1353 2090 ἡλίῳ
1380 2053 1428 2088 τὴν
1455 2053 1502 2079 τοῦ
1517 2052 1708 2087 ἀναξηραίνειν
1725 2050 1812 2077 αἰτίαν

1027 2102 1199 2138 προσθῶμεν,
1219 2101 1406 2136 πρεσϐυτέραν
1433 2099 1482 2133 τῆς
1507 2098 1582 2134 ήλίου
1608 2098 1742 2132 γενέσεως
1764 2096 1811 2130 τὴν

1028 2149 1162 2185 ξηρότητα
1171 2148 1220 2183 τῆς
1232 2147 1284 2182 γῆς
1297 2148 1312 2173 ὁ
1330 2146 1534 2182 δημιουργήσας
1552 2144 1618 2174 Θεὸς
1638 2143 1810 2178 ἀπεφήνατο’

1027 2194 1191 2231 προαγαγὼν
1215 2194 1276 2224 τοὺς
1297 2192 1497 2228 ματαιὸφρονας
1514 2190 1646 2218 θεοποιεῖν
1665 2189 1711 2216 τὸν
1726 2189 1811 2224 ἥλιον.

1320 2238 1442 2264 ΠΕΥΣΙΣ
1456 2237 1516 2263 ΠΔ’.

1061 2286 1094 2313 Τί
1121 2287 1194 2312 ἐστιν
1215 2285 1228 2311 ὃ
1253 2284 1326 2318 λέγει
1343 2283 1456 2318 Μωσῆς,
1472 2281 1526 2309 Καί
1545 2279 1625 2308 εἶδεν
1645 2282 1661 2307 ὀ
1681 2280 1754 2313 Θεὸς
1769 2279 1812 2306 ὅτι

1027 2334 1139 2364 καλόν;
1155 2332 1214 2363 πῶς
1229 2332 1242 2358 ὁ
1256 2332 1364 2358 πάντων
1380 2328 1554 2365 προγνώστης
1574 2326 1643 2363 μετὰ
1659 2326 1689 2352 τὸ
1702 2326 1812 2361 ποιῆσαι

1026 2378 1104 2411 εἶδεν,
1119 2379 1159 2406 ὅτι
1184 2377 1263 2405 καλὸν
1276 2378 1309 2404 τὸ
1329 2375 1404 2411 φῶς;
1422 2376 1454 2402 Ei
1470 2374 1524 2411 γὰρ
1545 2374 1683 2409 ἂνθρωποι
1699 2375 1752 2410 πρὸ
1767 2374 1810 2400 τοῦ

1027 2425 1137 2461 ποιῆσαί
1162 2433 1205 2459 τι,
1221 2424 1373 2452 ἐπίστανται
1386 2425 1425 2451 ἵκει
1439 2423 1520 2450 καλὸν
1536 2423 1553 2458 ἢ
1577 2420 1662 2448 κακὸν
1684 2420 1761 2446 ἔσται
1783 2418 1811 2444 τὸ

1027 2472 1206 2506 ποιούμενον·
1231 2470 1288 2501 πῶς
1316 2471 1329 2496 ὁ
1354 2469 1421 2501 Θεὸς
1447 2468 1515 2504 μετὰ
1539 2466 1569 2494 τὸ
1596 2466 1729 2501 ποιῆσαι,
1754 2466 1810 2491 τότε

1027 2514 1096 2543 εἶδεν
1111 2515 1250 2549 ὅτικαλὸν,
1265 2515 1302 2546 ὡς
1319 2514 1356 2550 μὴ
1369 2513 1562 2551 προγινώσκων
1574 2512 1587 2538 ὂ
1600 2511 1699 2547 ἤμελλε
1713 2511 1809 2542 ποιείν;

1333 2656 1507 2689 Ἀπόκρισις.

1064 2704 1120 2731 οὐκ
1134 2704 1198 2730 αὐτὸ
1217 2704 1306 2735 τοῦτο,
1339 2702 1458 2737 τερπνήν
1483 2709 1544 2726 τινα
1562 2699 1622 2734 ὄψιν
1639 2698 1781 2732 θαλάττης,
1794 2698 1808 2724 ό

1028 2751 1105 2786 λόγος
1121 2750 1284 2778 ἐνδείκνυται
1296 2748 1333 2785 τῷ
1348 2748 1407 2784 Θεῷ
1419 2746 1576 2781 πεφυκέναι.
1592 2745 1629 2772 Οὐ
1644 2744 1698 2780 γὰρ
1711 2743 1808 2779 ὀφθαλ-
