1907 3043
99 182 156 213 ΜΞ)

106 247 166 280 μοῖς
178 245 275 280 ὁρᾶται
301 245 386 281 κάλλη
400 244 450 279 τῆς
464 245 578 277 κτίσεως
594 247 609 272 ὁ
632 246 760 282 Ποιητής,
777 247 844 273 ἀλλὰ
859 249 892 283 τῇ

103 291 216 326 ἀρρήτῳ
243 290 324 325 σοφίᾳ
352 290 493 326 θεωρεῖται
516 291 668 325 γενόμεναο
688 292 702 317 ὁ
717 291 828 326 φάσκων
855 291 894 327 τῷ

109 334 248 371 Ἰερεμίᾳ’
263 335 324 369 Πρὸ
349 336 402 362 τοῦ
420 344 460 370 με
469 335 586 364 πλᾶσαί
613 345 650 363 σε
660 336 694 363 ἐν
707 337 815 371 κοιλίᾳ,
831 337 895 364 ἐπί-

101 379 216 413 σταμαί
228 386 275 410 σε,
291 379 337 405 καί
352 379 409 413 πρὸ
420 380 473 406 τοῦ
489 380 623 412 ἐξελθεῖν
630 381 663 408 ἐκ
671 381 796 415 μήτρας,
811 382 895 416 ’ἠγ-[α-

103 424 144 451 nd
156 433 206 451 σε·
222 424 260 460 τῷ
273 424 300 451 δὲ
318 425 473 462 Ναθαναὴλ,
486 427 545 460 11ρὺ
562 427 616 453 τοῦ
631 435 667 454 σε
677 429 826 455 Φίλιππον
840 437 895 462 φω-

102 470 208 504 νῆσαι,
244 471 318 498 ὄντα
349 471 407 498 ὑπὸ
428 472 485 506 τὴν
515 472 617 507 συκῆν
648 472 730 500 εἶδόν
756 482 812 501 σε·
830 473 894 509 ὁτῷ

110 514 237 550 Ἀδραὰμ
256 515 344 550 λέγων
356 523 362 530 ·
392 517 472 543 Κατὰ
495 517 549 544 τὸν
566 517 671 552 καιρὸν
685 517 792 545 τοῦτον
809 519 894 546 ἔσται

102 560 142 595 τῇ
154 561 252 596 Σάρῤᾳ
263 562 328 594 υἱός
337 570 344 576 ·
357 563 412 593 τοῖς
422 562 450 588 δὲ
464 562 601 595 Ἰουδαίοις
612 584 618 596 ,
635 563 693 598 Πρὸ
711 564 763 591 τοῦ
771 564 894 600 Ἀϐραὰμ

101 606 160 641 ἐγώ
175 609 243 641 ειμι.
262 607 351 634 Καλὸν
367 607 422 643 γὰρ
435 609 525 643 θέαμα
549 608 744 646 λευκαινομένη
764 611 893 644 θάλαττα,

102 652 226 688 γαλήνης
244 653 318 688 αὐτῇ·
341 654 477 689 σταθηρᾶς
490 662 496 669 ·
516 655 564 690 ἡδὺ
579 654 607 681 δὲ
632 655 680 681 καὶ
696 655 759 682 ὅταν
776 657 894 692 πρωῖαις

101 697 202 733 αὔραις
216 699 402 735 τραχυνομένη
416 699 449 726 τὰ
464 699 546 732 νῶτα,
554 700 745 736 πορφυροῦσαν
760 701 776 737 ἢ
791 702 894 738 κυανῆν

101 743 160 774 τοῖς
187 743 271 778 ὁρῶσι
308 744 507 780 προϐάλλεται,
537 746 604 781 μηδὲ
633 746 772 774 τύπτουσα
800 747 895 782 βιαίως

101 788 153 822 τὴν
172 789 279 822 γείτονα
293 790 399 826 χέρσον,
419 791 486 826 μηδὲ
496 791 587 818 τέλεον
597 792 751 828 ἡρεμοῦσα·
766 791 895 821 ἀλλ’νοῖον

101 835 255 869 εἰρηνικαῖς
280 845 336 863 τισι
355 838 536 873 περιπλοκαῖς
551 838 585 866 τὰ
609 839 686 874 χείλη
700 840 785 876 αὐτῆς
805 841 894 867 ἀσπα-

103 880 216 916 ζομένη,
234 883 302 917 προς
328 883 427 919 ἑαυτὴν
454 884 534 910 πάλιν
558 884 737 920 ἀποπηδῶσα.
768 885 845 921 Καλὴ
864 886 894 912 δὲ

102 926 186 952 πάλιν
203 927 318 954 δεδιῶσα
340 928 369 954 τὸ
387 928 458 955 θεῖον
476 929 650 965 πρόσταγμα·
670 930 764 965 Μέχρι
783 932 893 959 τούτου

101 971 226 1005 ἐλεήσῃ,
244 973 293 998 καὶ
307 975 363 1008 οὐχ
375 973 530 1008 ὑπερϐήσῃ
543 983 550 989 ι
563 975 631 1001 ἀλλ’
648 975 682 1002 ἐν
693 976 808 1010 σεαυτῇ
820 985 896 1003 συν-

102 1018 296 1051 τριϐήσονῒιιί
322 1028 380 1046 σου
406 1021 441 1047 τὰ
463 1022 586 1055 κύματα.
605 1021 685 1053 ’Ὶιτις
704 1022 771 1058 πρὸς
786 1022 897 1057 ἔλεγχον

102 1063 152 1098 τῆς
185 1065 324 1099 ἡμετέρας
351 1066 545 1101 ἀγνωμοσύνης
563 1067 592 1093 τὸ
608 1067 807 1103 ἐπηρτημένον
827 1069 894 1103 αὐτῇ

101 1107 161 1139 δέος
187 1109 317 1143 δηλοῦσα,
336 1110 423 1145 βραχὺ
439 1110 482 1136 διὰ
508 1111 561 1138 τῶν
583 1112 713 1147 κυμάτων
740 1113 896 1149 παρεκδρα-

104 1153 193 1187 μοῦτα
207 1155 252 1181 τὸν
270 1155 343 1190 ὅρον,
365 1158 496 1192 γραμμήν
518 1165 578 1183 τινα
600 1158 718 1193 φανερὰν
733 1161 789 1190 τοῖς
808 1160 896 1193 αἰγια-

102 1197 158 1230 λοῖς
175 1200 338 1232 ἐντυποῦσα,
351 1197 406 1226 οἷον
423 1201 530 1237 γλώττῃ
549 1204 692 1238 παρεγγυᾷ
710 1204 746 1238 μὴ
762 1204 895 1239 ὑπερϐαί-

103 1254 160 1271 νειν
176 1247 240 1277 τοὺς
260 1246 338 1281 ὅρους
368 1247 415 1273 τοῦ
436 1248 507 1274 θείου
534 1249 753 1284 προστάγματος.
773 1250 850 1286 Καλὴ
867 1252 896 1278 δὲ

103 1290 145 1317 ὃτι
173 1291 220 1317 καὶ
245 1292 376 1327 ποταμῶν
403 1293 562 1328 ὑπάρχουσα
586 1295 689 1330 μήτηρ,
715 1296 783 1332 αὐτὴ
816 1297 896 1324 πάλιν

103 1337 203 1368 αὐτοὺς
217 1338 390 1372 ὑποδέχεται,
405 1339 528 1366 ἐντεῦθεν
544 1341 592 1376 μὲν
605 1341 771 1370 ἁποκύουσα.
791 1343 896 1370 ἐκεῖθεν

103 1382 133 1409 δὲ
148 1383 308 1417 ist/170550..
324 1385 401 1421 Καλὴ
413 1386 441 1412 δὲ
456 1386 497 1412 ὅτι
518 1387 623 1418 καὶτὰς
640 1387 766 1414 πλεῖστον
775 1387 897 1424 ἀλλήλων

103 1429 252 1461 διεστώσας
269 1431 399 1466 ἠπείρους
411 1440 439 1457 τε
455 1432 501 1458 καὶ
521 1433 612 1465 πόλεις
630 1435 760 1461 συνάπτει
783 1436 816 1462 δι’
834 1437 897 1462 ἐαυ-

103 1475 164 1509 τῆς,
182 1476 374 1511 νωτοᾳοροῦσα
395 1477 445 1508 τὰς
469 1478 594 1509 ὁλκάδας,
618 1479 665 1505 καὶ
684 1480 823 1507 ἀκώλυτον
840 1483 897 1513 τοῖς

105 1521 252 1553 ναυτίλοις,
269 1522 302 1548 δι’
318 1523 430 1549 ἐκείνων
451 1523 478 1549 δὲ
491 1525 547 1556 τοῖς
567 1524 670 1556 λοιποῖς
690 1527 739 1562 τὴν
755 1528 897 1562 συντυχίαν

105 1568 282 1603 παρεχομένη
295 1577 302 1583 ·
321 1569 368 1595 καὶ
386 1570 506 1605 ἱστορίας
518 1570 571 1597 τῶν
586 1571 775 1608 ἀγνοουμένων
788 1574 898 1609 χαριζο-

107 1613 187 1649 μένη.
203 1615 249 1640 καὶ
269 1614 323 1642 τῶν
339 1616 495 1650 ἀναγκαίων
525 1618 707 1653 ἐπικουροῦσα
727 1621 781 1651 τοῖς
803 1620 898 1655 δεομέ-

105 1667 173 1691 νοις,
190 1660 331 1696 ἐξαγωγὴν
344 1662 390 1688 καὶ
406 1662 538 1689 ἀντίδοσιν
551 1665 610 1695 ταῖς
629 1664 721 1691 πόλεσι
739 1665 897 1700 ποιουμένη.

106 1704 143 1730 Οὐ
158 1705 211 1740 μὴν
225 1705 312 1737 οὕτως
334 1706 362 1732 δὲ
388 1707 436 1733 καὶ
457 1707 516 1743 Θεῷ
532 1709 636 1736 οἴεσθαι
661 1711 723 1746 χρὴ,
745 1710 829 1746 καλὴν
852 1712 900 1738 καὶ

105 1751 199 1786 ἡδεῖαν
214 1749 303 1786 ὧιρθαι
318 1752 367 1787 τὴν
389 1753 534 1786 θάλατταν,
556 1755 624 1781 ἀλλὰ
641 1755 671 1782 τὸ
689 1756 770 1783 καλὸν
787 1758 846 1783 ἐκεῖ
859 1757 899 1792 τῷ

106 1796 178 1832 λόγῳ
194 1797 242 1832 τῆς
255 1797 436 1838 δημιουργίας
454 1799 586 1834 κρίνεται.
608 1801 722 1836 Ὀμοίως
747 1801 775 1828 δὲ
788 1802 839 1838 χρὴ
853 1803 899 1830 καὶ

107 1843 172 1877 περὶ
186 1842 234 1869 τοῦ
252 1843 341 1877 φωτὸς
361 1844 407 1870 καὶ
419 1844 474 1871 τῶν
484 1845 586 1871 λοιπῶν
600 1845 748 1877 διαλαὸεῖν.

810 185 983 215 DIALOGUS
1005 187 1021 215 1.

1677 167 1734 212 σου

945 247 1068 274 intuetur
1089 245 1175 273 oculis
1195 244 1421 280 pulchritudinem
1439 247 1604 274 crcatorum,
1620 241 1666 268 sed
1685 242 1729 268 in-

944 292 1042 320 ell‘abili
1068 291 1200 326 sapientia
1224 291 1423 325 contemplatur
1439 297 1470 316 ea
1487 297 1546 324 qua:
1567 287 1655 315 ﬁunt:
1681 287 1729 322 qui

945 337 978 365 ad
999 337 1143 366 Jeremiam
1170 337 1280 372 inquit:
1310 336 1456 371 Antequam
1481 341 1504 362 te
1528 335 1670 369 formarem
1701 333 1729 359 in

945 389 1029 415 utero,
1044 385 1102 410 novi
1115 388 1148 414 te,
1166 388 1191 410 et
1211 388 1350 418 antequam
1367 382 1524 417 egt'erlercris
1547 389 1579 408 ea:
1595 381 1652 407 alvo
1672 388 1731 406 ma-

945 435 1031 460 terna,
1053 429 1216 462 sanctiﬁcavi
1232 433 1256 454 le
1275 428 1315 461 ";
1342 429 1374 454 ad
1399 426 1592 454 Natltauaelem
1612 428 1702 452 autent
1721 433 1728 450 :

945 474 1092 510 Antequam
1113 479 1137 501 te
1157 473 1296 508 Philippus
1311 478 1426 503 vocaret,
1443 480 1501 499 cum
1517 479 1585 498 esses
1603 470 1650 497 sub
1665 470 1729 504 ficu,

945 520 1063 548 videbam
1080 524 1102 546 te
1111 520 1149 552 s’;
1166 520 1210 554 qui
1225 519 1292 546 dicit
1304 519 1456 546 Abrahamo
1472 527 1479 544 :
1496 517 1536 544 Ad
1549 522 1649 551 tempus
1663 515 1730 542 illud

944 566 1047 593 habebit
1064 566 1134 593 Sara
1150 565 1285 601 ﬁlium“;
1305 565 1406 593 Judmis
1422 570 1512 592 autem
1533 574 1540 591 :
1563 563 1629 590 Ante
1645 562 1728 588 Abra-

946 613 1054 640 hamum
1077 622 1123 648 ego
1140 612 1245 640 sunt".
1272 612 1418 639 Pulchrum
1447 610 1519 638 enim
1544 608 1730 645 spectaculum

945 667 1020 687 mare
1032 660 1163 693 albicans,
1180 668 1240 688 cum
1258 659 1347 694 ipsum
1362 663 1493 685 constans
1507 660 1581 684 tenet
1597 655 1731 690 tranquil-

945 705 1018 733 litas.
1036 705 1191 733 Iucundum
1210 706 1273 732 item
1289 709 1347 737 est,
1370 704 1480 739 quando
1497 703 1531 730 ad
1548 709 1628 728 auras
1642 706 1731 727 matu-

945 751 1018 778 tinas
1034 751 1173 779 horridum
1189 751 1273 779 dorso
1287 758 1423 786 purpureo
1438 750 1588 776 caeruleam
1603 750 1732 782 spectan-

945 795 1018 822 tibus
1031 795 1170 830 objicitur,
1189 803 1276 831 neque
1289 796 1420 822 violenter
1435 794 1613 829 propinquam
1630 796 1730 819 terram

945 842 1047 876 pulsat,
1063 849 1150 877 neque
1164 842 1272 877 penitus
1287 842 1448 876 quiescens.
1467 841 1515 867 sed
1534 839 1655 875 paciﬁcis
1671 838 1732 873 qui-

947 887 1062 915 busdam
1079 888 1248 923 amplexibus
1265 888 1357 914 littora
1372 895 1421 914 sua
1436 886 1568 918 salutans,
1582 886 1614 912 ad
1631 889 1733 912 semet-

946 933 1035 968 ipsum
1055 935 1153 962 resilit.
1177 933 1323 962 Pulchrum
1338 933 1413 964 item.
1438 933 1509 968 quod
1524 932 1645 960 divinum
1661 938 1732 966 prte-

946 985 1054 1016 ceptum
1072 985 1222 1012 reveretur,
1248 980 1308 1006 tluc
1325 987 1405 1015 usque
1422 979 1518 1010 venies,
1533 982 1558 1005 et
1576 985 1627 1005 non
1643 982 1733 1003 trans-

946 1026 1074 1061 grediere.
1092 1026 1136 1053 sed
1157 1027 1184 1052 in
1209 1026 1342 1060 temetipso
1363 1024 1522 1052 collidentur
1538 1025 1576 1050 tui
1593 1023 1730 1058 ﬂuctus“.

947 1072 1018 1099 Idem
1041 1071 1076 1098 ad
1092 1071 1328 1106 reprehensionem
1343 1071 1505 1098 temeritatis
1520 1068 1732 1103 stoliditatisque

947 1123 1048 1146 nostra:
1064 1118 1178 1144 inditum
1196 1117 1247 1145 sibi
1267 1121 1369 1144 metum
1394 1116 1523 1147 ostendit,
1543 1123 1577 1142 ne
1593 1115 1732 1150 paululum

947 1165 1055 1200 quidem
1078 1164 1206 1191 ﬂuctibus
1232 1163 1300 1190 ultra
1320 1163 1466 1190 terminum
1491 1169 1650 1192 excurrens,
1667 1168 1732 1188 con-

947 1210 1069 1245 spicuam
1087 1210 1225 1237 littoribus
1240 1210 1339 1236 lineam
1353 1209 1522 1243 imprimens,
1541 1207 1620 1241 quasi
1642 1207 1733 1240 lingua

948 1255 1061 1282 mandat
1079 1262 1112 1282 ne
1139 1253 1355 1289 transgrediatur
1382 1253 1526 1280 terminum
1551 1251 1670 1278 mandati
1692 1250 1735 1277 di-

947 1301 1013 1328 vini.
1041 1301 1190 1328 Pulchrum
1213 1307 1340 1335 quoque,
1368 1298 1439 1334 quod
1463 1306 1524 1325 cum
1540 1297 1681 1324 ﬂuminum
1699 1298 1735 1323 sit

948 1351 1045 1377 mater,
1070 1347 1128 1381 ipsa
1149 1346 1243 1373 eadem
1267 1352 1363 1372 rursus
1387 1344 1519 1378 suscipit,
1546 1343 1610 1370 hinc
1624 1342 1735 1378 quidem

948 1393 1025 1426 quasi
1053 1392 1079 1418 in
1102 1392 1189 1419 lucem
1224 1391 1385 1426 proferens,
1411 1390 1486 1416 illinc
1512 1396 1576 1416 vero
1599 1388 1735 1422 recipiens

948 1438 1025 1473 quasi
1042 1438 1174 1472 hospites.
1193 1437 1339 1464 Pulchrum
1355 1443 1430 1467 vero,
1455 1435 1527 1469 quod
1543 1440 1570 1462 et
1585 1434 1734 1469 plurimum

949 1483 1020 1510 inter
1034 1491 1063 1510 se
1077 1483 1190 1510 dissitas
1204 1481 1369 1509 continentis
1390 1485 1480 1508 terras
1496 1485 1523 1507 et
1538 1480 1620 1507 urbes
1633 1486 1689 1513 pra:
1705 1486 1736 1505 se

949 1529 1099 1564 coniungit,
1121 1536 1154 1556 ac
1171 1528 1261 1555 ferens
1279 1528 1305 1554 in
1323 1534 1371 1554 sua
1392 1527 1550 1554 summitate
1565 1533 1656 1556 nares,
1672 1524 1734 1550 nul-

950 1575 1059 1610 lumque
1074 1574 1196 1609 praebens
1207 1573 1429 1609 impedimentum
1444 1572 1542 1603 nautisI
1561 1571 1658 1606 partim
1673 1570 1736 1604 qui-

950 1620 1011 1647 dem
1028 1620 1130 1653 nantis,
1144 1620 1242 1656 partim
1260 1628 1324 1647 vero
1338 1619 1443 1647 caeteris
1459 1617 1650 1646 commercium
1667 1624 1737 1651 pra:-

950 1666 1004 1693 bct.
1023 1665 1076 1694 Sed
1090 1670 1117 1693 et
1132 1673 1226 1693 eorum
1242 1673 1302 1700 qum
1316 1665 1485 1700 ignorantur,
1503 1663 1586 1690 varia:
1600 1662 1732 1697 cognitio-

949 1711 993 1738 nis
1007 1711 1168 1738 beneﬁcium
1185 1710 1309 1746 largitur,
1324 1715 1351 1738 et
1364 1711 1390 1737 iu
1404 1710 1487 1738 rebus
1499 1708 1662 1736 necessariis
1672 1707 1737 1734 sub-

949 1756 1021 1782 venit
1038 1756 1233 1791 indigentibus,
1248 1755 1409 1791 exportandi
1423 1760 1450 1782 ct
1467 1755 1590 1782 vicissim
1607 1751 1737 1780 reddendi

948 1801 1171 1829 commoditatem
1185 1802 1341 1828 civitatibus
1360 1806 1501 1836 praestans.
1516 1799 1575 1827 Non
1592 1803 1681 1826 tamen
1697 1798 1738 1825 sic

947 1853 974 1876 et
989 1848 1023 1876 de
1039 1849 1093 1876 Deo
1106 1849 1255 1884 putandum
1270 1853 1321 1880 est,
1336 1847 1407 1882 quod
1423 1848 1523 1875 bonum
1537 1846 1579 1873 vel
1594 1845 1737 1880 pulchrum

105 1891 298 1924 etjucundum
315 1891 353 1918 illi
370 1892 456 1919 visum
474 1893 509 1919 sit
524 1901 607 1925 mare,
624 1894 670 1921 sed
687 1895 786 1922 bonum
807 1895 840 1922 de
861 1903 915 1931 quo
941 1896 976 1922 ibi
1000 1897 1127 1929 habetur,
1145 1897 1250 1924 ratione
1272 1897 1372 1931 opilicii
1391 1895 1538 1930 judicatur.
1559 1893 1599 1921 Ad
1612 1893 1738 1921 eumdem

107 1939 219 1965 modum
238 1943 264 1965 ct
280 1939 314 1965 de
332 1939 390 1965 lucc
407 1945 433 1966 et
446 1941 551 1967 (‘él‘lt‘l‘is
568 1941 780 1969 existimandum
795 1947 848 1971 est.

405 1995 529 2022 ΠΕΥΣΙΣ
543 1996 604 2024 HE'.

143 2051 207 2083 Πῶς
223 2051 270 2078 τοῦ
291 2053 413 2084 Μωσέως
435 2054 589 2088 γράψαντος
601 2076 607 2087 ,
631 2055 672 2082 ὅτι
692 2054 769 2082 εἶπεν
785 2057 798 2083 ὁ
813 2056 879 2089 Θεός
890 2064 899 2072 ⁸

106 2097 317 2132 Βλαστησιίτω
347 2098 365 2132 ἡ
396 2098 434 2134 τῆ
459 2099 597 2134 βοτάνην
627 2101 736 2135 χόρτου
768 2102 900 2136 σπείρων·

107 2142 228 2176 σπέρμα
238 2143 314 2169 κατὰ
328 2143 469 2178 γένοςκαί
483 2145 546 2171 καθ’
563 2146 728 2179 ὁμοιότητα,
744 2147 792 2174 καὶ
803 2147 900 2180 ξύλον

108 2189 269 2223 κάρπιμον,
286 2187 323 2216 οὗ
345 2190 377 2216 τὸ
391 2190 508 2224 σπέρμα
524 2191 616 2218 αὑτοῦ
631 2192 666 2218 ἐν
677 2191 757 2225 αὺτῷ
768 2193 843 2220 κατὰ
854 2194 900 2229 τέ-

107 2243 176 2267 νος⁶
195 2235 330 2269 βλέπομεν
345 2236 430 2262 πολλὰ
442 2236 495 2263 τῶν
512 2237 602 2272 φυτῶν
621 2237 758 2270 παντελῶς
774 2239 897 2275 ἄκαρπα,

108 2281 155 2306 καὶ
175 2281 243 2315 μηδὲ
264 2281 375 2316 σπέρμα
401 2282 514 2317 {xm/1a.;
543 2283 622 2309 Ποῖον
637 2283 691 2320 γὰρ
707 2284 830 2321 αἴγειρος
843 2285 900 2321 ἔχει

109 2326 227 2357 καρπὸν,
254 2326 272 2361 ἢ
299 2327 393 2363 ἐλάτη,
413 2328 429 2363 ἦ
453 2329 583 2364 πεύκη,ῆ
606 2329 748 2365 κὰλαμοςς
774 2332 849 2358 ποῖον
871 2331 901 2358 δὲ

110 2372 224 2408 σπέρμα
242 2372 299 2407 ἔχει
310 2373 474 2408 σκόροδον,ἣ
491 2373 575 2409 ῥόδον,
593 2375 754 2412 ἢκρόκος,ἢ
767 2377 900 2413 ἄμπελος,

108 2419 126 2454 ἢ
145 2419 262 2454 μυρίκη,
276 2418 324 2445 καὶ
338 2419 372 2446 τὰ
385 2419 466 2447 λοιπὰ
476 2421 529 2447 τῶν
539 2421 675 2458 ἀκάρπων
689 2430 696 2456 ;

413 2466 596 2500 Ἀπόκρισις.

147 2509 181 2535 Εἴ
193 2518 234 2541 τις
248 2510 404 2545 φιλομαθῶς
420 2512 467 2538 καὶ
489 2512 686 2548 πεπονημένως
705 2513 853 2546 ἀναπτύξει
866 2513 902 2541 τὰ

110 2555 183 2586 θεῖα,
207 2557 319 2591 εὑρήσει
345 2558 432 2584 πάντα
457 2558 606 2590 ἀνελλιπῶς
622 2559 661 2594 τῷ
684 2558 749 2594 θείῳ
769 2559 901 2595 θελήματι

111 2602 301 2636 παραστάντα.
320 2602 445 2639 Αἵγειρος
468 2605 521 2640 γὰρ
544 2604 657 2640 παρέχει
674 2605 790 2640 καρπὸν,
815 2605 903 2632 κλονι-

111 2647 180 2682 σμὸν
205 2648 273 2683 προς
288 2648 336 2684 τὴν
353 2649 468 2676 ἑκάστου
493 2650 571 2686 ἡμῶν
586 2651 692 2686 χρείαν,
705 2651 736 2677 τὸ
749 2650 847 2685 φῦλλον
862 2652 904 2684 εἰς

111 2695 310 2730 κτηνοτροφίαν
342 2696 473 2731 χειμῶνος
501 2698 709 2733 ἀποτιθέμενον
739 2698 769 2724 τὸ
798 2699 830 2724 ὲκ
854 2698 902 2724 τοῦ

112 2740 213 2775 μόσχου
243 2740 332 2767 ἔλαιον
355 2743 411 2774 τοῖς
433 2743 585 2779 ἀρρώστοις
611 2745 807 2779 παρεχόμενον,
833 2745 902 2780 ὅπερ

111 2785 293 2820 αὶγειρέλαιον
314 2789 370 2819 τοῖς
387 2787 492 2820 πολλοῖς
507 2789 683 2824 ὀνομάζεται·
700 2790 760 2815 ἀντὶ
775 2789 803 2815 δὲ
819 2789 903 2824 σπέρ-

111 2840 198 2869 ματος
224 2833 249 2858 οἱ
274 2832 365 2860 κλάδοι
383 2833 432 2869 τῆς
455 2835 576 2870 αἱγεὶρου
605 2835 829 2870 κατορυττόμενοι
859 2836 901 2870 ρι-

150 2912 172 2928 ⁸²
191 2911 247 2939 Jcr.
263 2921 282 2947 ι,
299 2912 325 2941 5.
364 2913 387 2929 "
405 2912 484 2942 Joau.
499 2922 518 2950 t,
533 2913 577 2942 48.
616 2915 638 2931 ⁶⁴
657 2914 723 2943 Cen.
740 2923 816 2948 xvru,
829 2915 871 2944 l0.

913 2915 935 2932 ⁸⁸
955 2915 1033 2944 Joan.
1048 2923 1106 2949 vul,
1124 2915 1166 2943 58.
1206 2916 1228 2931 ³⁸
1247 2914 1297 2943 Job
1310 2922 1425 2949 xxxvut,
1447 2914 1489 2943 ll.

1139 1998 1398 2027 INTERROGATIO
1418 1997 1549 2025 LXXXV.

987 2052 1128 2085 Quomodo
1143 2052 1251 2086 scripsit
1269 2052 1368 2086 Moses,
1383 2053 1454 2088 quod
1470 2052 1568 2080 dixerit
1587 2051 1736 2078 Dominus:

951 2096 1135 2132 Progermiuet
1148 2102 1219 2124 terra
1239 2097 1346 2124 herbam
1370 2098 1517 2132 graminis,
1544 2105 1602 2132 qua:
1631 2096 1738 2122 sentinet

951 2151 1039 2171 semen
1062 2143 1205 2170 secundum
1226 2152 1305 2179 genus
1327 2148 1352 2170 et
1376 2144 1518 2171 secundum
1537 2142 1739 2170 similitudinem

953 2198 1041 2221 suam,
1059 2194 1084 2217 et
1099 2190 1200 2224 lignum
1220 2190 1400 2224 fructiferum,
1415 2189 1491 2224 cujus
1510 2190 1536 2216 in
1551 2197 1576 2215 se
1596 2189 1630 2215 sit
1653 2195 1739 2214 semen

954 2236 1097 2264 secundum
1121 2245 1201 2271 genus
1212 2237 1234 2251 "
1254 2246 1260 2264 :
1280 2244 1343 2263 cum
1365 2241 1455 2263 tamen
1480 2235 1620 2263 videamus
1640 2234 1739 2261 multas

951 2283 1059 2318 plantas
1075 2290 1189 2317 prorsus
1205 2282 1391 2317 inlrugileras,
1408 2288 1468 2316 quae
1484 2288 1572 2315 neque
1585 2287 1678 2307 semen
1692 2279 1740 2306 ha-

952 2329 1035 2357 bent?
1061 2328 1212 2362 Quemnam
1235 2329 1308 2355 enim
1333 2328 1450 2355 fructum
1476 2327 1558 2354 habet
1584 2326 1674 2357 aluus,
1693 2329 1740 2352 aut

951 2375 1039 2407 abies,
1052 2380 1100 2402 aut
1115 2376 1197 2410 pinus
1212 2375 1358 2408 silvestris,
1373 2378 1420 2401 aut
1433 2373 1558 2401 arundo?
1578 2372 1663 2406 Quale
1675 2371 1739 2399 item

952 2428 1046 2448 semen
1061 2421 1142 2448 habet
1154 2421 1257 2452 allium,
1274 2425 1321 2447 aut
1332 2428 1409 2452 rosa,
1421 2423 1468 2446 aut
1481 2427 1589 2451 crocus,
1604 2424 1651 2446 aut
1666 2419 1738 2450 vitis,

952 2470 1000 2494 aut
1013 2467 1116 2503 myrica
1131 2467 1238 2502 aliaque
1255 2467 1399 2494 innumera
1417 2465 1595 2501 infrugilera?

1267 2511 1419 2546 Responsio.

989 2559 1018 2585 Si
1034 2559 1096 2594 quis
1115 2559 1259 2594 diligenter
1277 2563 1305 2586 et.
1328 2564 1457 2586 accurate
1470 2557 1586 2592 explicet
1609 2565 1652 2585 rcs
1672 2557 1741 2585 divi-

953 2612 1014 2636 nas,
1026 2604 1145 2631 inveniet
1161 2605 1252 2631 omnia
1269 2605 1371 2639 absque
1388 2603 1494 2631 delectu
1507 2603 1599 2630 divina
1614 2603 1740 2630 volunta-

953 2656 980 2678 tc
997 2652 1137 2686 producta.
1158 2651 1244 2677 Alnus
1265 2651 1337 2678 enim
1361 2649 1478 2676 fructum
1495 2650 1594 2684 praebet
1615 2649 1642 2675 in
1657 2649 1739 2677 ramis

954 2697 986 2723 ad
1001 2697 1215 2731 uniuscujusque
1229 2700 1351 2723 nostrum
1363 2695 1554 2722 necessitatem
1566 2704 1573 2728 ;
1589 2694 1682 2721 folium
1695 2702 1740 2721 re-

954 2742 1072 2777 positum
1090 2741 1155 2769 facit
1171 2741 1205 2768 ad
1222 2741 1365 2769 nutrienda
1390 2742 1416 2767 in
1444 2740 1533 2768 hieme
1557 2747 1654 2774 pecora
1677 2748 1684 2766 τ
1706 2747 1741 2767 ex

954 2788 1101 2816 fruticante
1125 2788 1231 2815 stolone
1252 2788 1341 2815 oleum
1361 2787 1432 2822 quod
1456 2787 1591 2821 prmbetur
1612 2786 1740 2820 inﬁrmis.

954 2834 1027 2869 quod
1048 2842 1063 2861 a
1080 2834 1275 2862 multis‘oleum
1292 2833 1346 2860 alni
1365 2837 1548 2869 nuncupatur.
1570 2831 1634 2860 Vice
1650 2836 1740 2860 autem

1530 2915 1551 2933 ⁵⁷
1571 2914 1641 2943 Gen.
1659 2920 1679 2945 I.
1697 2911 1741 2940 tl.
