1907 3043
205 146 256 176 951

205 205 319 234 seminis
334 207 402 234 rami
423 207 478 234 alni
491 207 593 236 defossi
610 210 717 239 radices
738 217 832 248 agunt.
859 215 898 242 Ad
915 223 990 243 eum-

205 250 266 279 dem
283 259 347 280 vero
362 252 472 281 modum
494 259 521 282 et
543 254 630 288 abies.
648 261 675 284 et
698 257 780 286 arbor
801 260 878 294 picea
894 269 987 288 ramu-

204 297 289 326 sculi:
303 301 330 325 et
343 298 472 327 defractis
486 301 605 330 surculis
620 310 706 337 genus
719 309 829 340 augent.
848 305 919 335 Rosa
940 316 987 336 au-

204 347 269 376 tem,
286 347 332 370 aut
353 343 465 378 allium,
491 350 538 373 aut
553 354 669 380 crocus.
695 350 794 384 partim
819 352 930 386 quidem
954 353 988 380 ad

203 389 296 416 odoris
317 388 492 425 fragrantiam
517 393 685 428 conducunt,
705 396 803 431 partim
826 402 855 424 ut
873 399 987 426 commi-

204 437 331 461 sceantur
345 433 520 470 degeneranti
545 437 608 465 vino
633 439 728 467 Sicera:
753 442 911 476 potoribus.
936 451 988 471 un-

203 479 354 514 guentariis
366 479 431 507 item
441 481 475 509 ad
487 482 685 511 conficiendum
700 485 847 515 artificiose
858 488 987 520 sonitum.

201 527 228 551 ct
246 525 357 553 medicis
379 526 414 553 ad
438 527 561 564 collyria,
578 530 606 557 in
631 530 693 558 cibo
706 539 856 568 sumptum.
886 533 939 562 Sed
962 538 990 562 et

202 576 279 604 aqua:
292 571 435 605 potoribus
450 580 547 608 aquam
565 574 704 603 innoxiam
721 579 861 611 praestant.
875 578 988 606 Arundo

201 623 266 643 vero
297 616 416 645 fructum
451 619 523 652 fert,
558 627 664 648 comam
694 623 802 657 quidem
837 624 871 651 ad
905 633 988 660 spon-

742 152 772 181 S.
792 152 943 183 GESABII
976 156 1139 186 αιιιιςοιιιι
1165 157 1316 186 FRATKIS

1776 158 1832 187 952

1040 217 1159 249 ζοῦνται.
1177 219 1293 253 Ὁμοίως
1309 218 1337 244 δὲ
1354 226 1401 244 και
1414 217 1496 251 ἐλάτη
1519 218 1564 244 καὶ
1575 218 1674 254 πεύκη,
1693 219 1750 250 τοῖς
1764 219 1829 245 κλο-

1038 263 1159 298 νίσμασι,
1173 264 1220 290 καὶ
1232 263 1388 294 ἀποσπέὧες
1402 262 1431 289 τὸ
1445 262 1522 297 γένος
1539 262 1660 296 αὕξουσι.
1675 263 1713 290 Τὸ
1734 263 1763 290 δὲ
1781 265 1828 300 pd.

1037 307 1081 335 δον
1096 308 1112 344 ἢ
1125 308 1277 344 σκόροδονῆ
1296 307 1404 343 κρόκος,
1414 307 1448 335 τά
1462 307 1512 343 μὲν
1525 308 1574 344 τὴν
1586 308 1700 339 εὐοδίαν,
1721 309 1769 335 καὶ
1789 309 1831 345 τῷ

1037 352 1256 388 καταμίγνυσθαι
1264 351 1417 387 νοθουμένῳ
1428 351 1463 386 τῷ
1476 351 1539 386 οϊνῳ
1553 352 1609 382 τοῖς
1619 351 1810 387 σικεροπόταις
1818 360 1829 367 '

1040 397 1055 425 ὃ
1066 399 1195 434 μυρεψοῖς
1205 398 1285 425 πάλιν
1298 398 1492 433 φιλοτεχνεῖται
1511 398 1551 428 εἰς
1572 396 1706 432 θυμίαμα.
1721 397 1770 424 καὶ
1787 398 1828 425 ἰα-

1040 446 1116 480 τροῖς
1129 445 1169 476 είς
1192 443 1319 479 κόλλυρα,
1336 442 1409 469 ἔνδον
1431 442 1599 478 ἐσθιόμενον.
1613 442 1667 469 Καὶ
1681 443 1737 474 τοῖς
1748 442 1828 478 ὑδρο-

1037 490 1132 522 πόταις
1143 489 1172 516 τδ
1184 489 1300 521 ἀϐλαϐὲς
1310 487 1357 515 τοῦ
1374 487 1471 520 ὓδατος
1479 487 1675 524 παρεχόμενον.
1691 488 1722 514 '0
1733 488 1763 515 δὲ
1777 489 1828 515 κά-

1037 535 1121 571 λαμος
1135 535 1303 572 καρποφορεῖ
1312 534 1361 571 τὴν
1373 534 1421 570 μὲν
1438 533 1525 569 κόμην
1535 535 1574 565 εἰς
1587 533 1732 568 σπόγγους,
1749 534 1780 560 τὸ
1799 533 1828 560 δὲ

1036 579 1129 608 λοιπδν
1142 581 1182 613 είς
1204 579 1347 617 γραφίδας.
1359 579 1461 614 Ἄμφω
1473 579 1501 605 δὲ
1523 579 1551 605 ὲν
1562 579 1621 610 ταῖς
1637 578 1827 613 παρεκφύσεσι

1036 625 1090 653 τῶν
1107 625 1190 662 ῥιζῶν
1205 625 1236 653 τδ
1250 626 1328 660 γένος
1341 624 1530 661 πληθύνουσιν.

200 663 269 698 gias,
289 664 422 699 reliquum
448 673 513 693 vero
541 666 575 693 ad
600 667 781 696 instrumenta
813 670 970 705 scriptorio.
992 670 1147 707 Utrumque
1174 676 1263 699 autem
1292 671 1416 698 radicum
1435 669 1715 705 suppullulationibus
1739 678 1828 706 genus

200 714 310 745 augent.

382 767 640 798 INTERROGATIO
660 770 803 800 LXXXVI.

243 820 334 853 Quare
360 822 439 856 quasi
462 823 623 852 naturaliter
649 826 787 854 cohaerent
813 833 874 854 cum
906 827 987 855 bonis

200 865 282 899 mala,
301 869 490 902 corruptibilia
513 877 575 897 cum
601 870 656 898 vita
676 876 781 904 nostra,
806 881 868 900 cum
893 874 986 902 tritico

200 911 335 940 ninnium
350 918 378 941 et
394 915 495 945 cicuta.
517 923 579 943 cum
599 917 670 944 rosis
686 918 781 952 spinae,
797 926 858 946 cum
878 920 986 948 caeteris

200 959 377 987 nutrimentis
406 960 574 988 lielleborum
586 980 596 994 ,
627 966 654 989 et
681 963 819 991 aconitum
831 984 839 995 .
858 969 886 992 et
906 973 985 993 man-

199 1002 326 1040 dragora,
342 1010 370 1034 et
390 1013 491 1035 succus
510 1008 664 1043 papaveris,
681 1017 742 1044 quae
758 1015 879 1038 nostram
901 1012 984 1040 vitam

200 1050 319 1079 tollunt?

516 1099 669 1136 Responsio.

235 1140 306 1169 Num
323 1142 407 1178 igitur
420 1144 514 1172 relicta
536 1153 585 1180 pro
604 1146 718 1174 utilibus
733 1148 882 1183 gratiarum
900 1149 986 1177 actio-

200 1194 245 1219 ne,
257 1188 360 1216 crimen
374 1188 569 1219 intentabimus
576 1191 682 1226 Opiﬁci,
698 1192 771 1227 quod
791 1196 917 1229 quaedam
933 1203 985 1223 no-

201 1233 244 1261 bis
261 1233 294 1261 ad
310 1233 469 1267 discrimen.
481 1237 605 1270 quaedam
619 1245 685 1265 vero
700 1238 803 1267 utiliter
816 1241 986 1269 nascuntur?

200 1281 255 1306 Aut
271 1287 325 1307 non
348 1281 537 1315 reputabimus
559 1282 638 1315 illud,
658 1284 732 1318 quod
747 1292 801 1312 non
816 1286 907 1312 omnia
923 1294 986 1322 pro-

200 1330 262 1361 pter
275 1331 397 1354 ventrem
422 1332 545 1356 nostrum
568 1329 679 1356 condita
692 1330 780 1358 sunt?
803 1330 885 1366 Atqui
907 1331 986 1360 nobis

199 1371 311 1407 quidem
326 1373 447 1408 deputati
462 1374 517 1402 cibi
527 1375 655 1403 omnibus
670 1376 698 1403 in
713 1380 838 1412 promptu
850 1381 877 1404 et
889 1377 984 1412 cogni-

199 1422 230 1445 tu
246 1418 340 1447 faciles
354 1425 428 1447 sunt.
447 1419 653 1455 Unumquodvis
672 1429 736 1450 vero
753 1423 922 1450 nascentium
938 1431 985 1458 pe-

198 1464 329 1492 culiarem
341 1466 487 1500 quamdam
503 1467 530 1494 in
541 1467 680 1495 creatione
696 1468 826 1495 rationem
836 1469 938 1504 implet.
947 1469 986 1497 Ne

199 1509 271 1538 enim
286 1510 395 1539 laederet
402 1518 552 1540 venenatus
563 1515 688 1542 taurinus
696 1514 819 1550 sanguis.
830 1522 884 1542 nou
892 1516 986 1543 debuit

197 1554 226 1581 id
237 1554 338 1582 animal
353 1556 467 1590 produci
483 1557 524 1584 vel
535 1564 630 1585 carere
642 1559 784 1593 sanguine,
796 1559 875 1594 cujus
889 1561 985 1588 robore

199 1601 228 1628 in
249 1605 304 1628 tam
327 1602 421 1629 multis
439 1601 542 1637 indiget
564 1603 617 1630 vita
637 1604 858 1641 nostraTIAtqui
879 1605 912 1631 ad
937 1613 985 1632 ca-

199 1648 286 1675 venda
310 1649 465 1682 perniciosa
489 1649 537 1676 tibi
556 1650 627 1676 ratio
653 1650 763 1678 suﬂicit.
788 1651 886 1677 Annon
910 1652 984 1678 enim

197 1701 265 1722 oves
280 1698 307 1721 et
323 1702 411 1729 capra:
432 1699 533 1722 norunt
549 1695 673 1732 refugere
687 1704 748 1732 quae
762 1697 823 1724 vita:
850 1704 906 1725 suae
918 1705 983 1731 per-

196 1740 305 1768 niciosa
317 1745 397 1771 sunt,
413 1742 472 1768 solo
486 1741 588 1770 olfactu
602 1743 683 1770 noxia
702 1742 902 1777 dijudicantes?
922 1743 983 1770 Tibi

199 1790 290 1812 autem
304 1786 347 1813 cui
358 1791 386 1814 et
396 1787 468 1814 ratio
478 1787 566 1819 adest,
580 1793 607 1816 et
621 1796 666 1816 ars
677 1789 829 1822 medicinae,
839 1797 900 1824 quae
910 1789 982 1824 quod

196 1835 241 1859 est
257 1833 378 1866 salubre,
392 1833 558 1869 suppeditat,
574 1838 601 1862 et
617 1835 827 1870 praecedentium
837 1835 983 1870 experien~

196 1878 246 1911 tia,
268 1880 485 1914 perniciosorum
508 1880 599 1915 fugam
623 1888 781 1916 suggerens,
805 1881 913 1908 ditiicile
931 1881 983 1908 crit

197 1924 334 1953 declinare
351 1926 510 1953 mortifera?
534 1926 606 1954 Nihil
626 1933 715 1954 autem
738 1927 835 1954 horum
853 1927 983 1953 inutiliter

197 1977 243 2001 aut
256 1972 290 1999 ab
305 1979 334 2000 re
346 1976 438 1999 natum
451 1977 502 2005 cst,
514 1973 561 2001 sed
575 1977 621 2000 aut
637 1973 716 2000 nobis
733 1977 780 2000 aut
793 1973 937 2008 pecoribus
948 1972 982 2000 ad

198 2017 340 2045 utilitatem
354 2018 504 2051 tributum;
520 2026 583 2046 nam
600 2019 690 2046 cicuta
705 2019 814 2054 quidem
829 2020 917 2047 sturni
933 2027 981 2055 pa-

197 2069 322 2098 scuntur,
336 2064 474 2092 helleboro
489 2072 554 2092 vero
569 2065 735 2096 coturnices,
745 2066 890 2100 utriusque
903 2072 981 2092 noxa

197 2110 331 2136 immunes
347 2109 464 2144 quadam
485 2110 665 2145 dispositione
688 2114 792 2136 naturae
814 2119 821 2137 :
844 2117 891 2145 per
904 2117 982 2136 man-

195 2155 338 2190 dragoram
350 2159 440 2182 autem
453 2162 579 2182 somnum
592 2155 706 2183 infirmis
719 2155 851 2182 inducunt
867 2154 979 2187 medici;

195 2208 279 2227 succo
296 2200 440 2235 papaveris
457 2208 602 2236 corporum
623 2200 796 2228 vehementes
808 2200 916 2227 dolores
933 2206 980 2226 so-

195 2245 289 2279 piunt;
307 2246 363 2280 jam
379 2254 444 2273 vero
472 2251 498 2274 et
516 2246 605 2274 cicuta
622 2246 732 2281 quidam
751 2246 853 2273 rabiem
877 2245 981 2280 appeti-

194 2295 271 2318 tuum
290 2291 475 2323 sustulerunt.
500 2295 526 2319 et
551 2292 690 2319 helleboro
712 2291 812 2318 multos
834 2291 980 2318 diuturnos

194 2336 303 2363 morbos
312 2338 509 2373 exstirparunt.
521 2336 611 2370 Quare
622 2337 693 2372 quod
703 2340 831 2372 putamus
839 2337 978 2364 inimicum

193 2390 254 2411 esse
267 2387 368 2411 nostra:
383 2388 496 2415 natum.
519 2383 545 2411 id
568 2384 648 2412 nobis
669 2384 697 2411 in
718 2388 893 2420 augmentum
918 2391 980 2419 gra-

193 2429 293 2457 tiarum
308 2430 424 2458 actionis
438 2430 565 2458 accessit.

368 2527 628 2557 INTERROGATIO
647 2526 800 2557 LXXXVII.

227 2573 317 2607 Quare
330 2574 365 2602 de
376 2574 460 2602 herba
476 2581 503 2602 et
522 2575 675 2608 arboribus,
696 2574 878 2611 Progerminet
896 2581 977 2608 terra,

193 2620 298 2655 inquit;
322 2620 355 2647 de
373 2621 516 2655 pecoribus
531 2625 621 2649 autem
644 2626 672 2649 et
691 2622 798 2654 bestiis,
817 2621 953 2649 Producat
965 2624 978 2651 γ

191 2667 291 2693 Annon
313 2665 432 2701 aliquam
453 2666 651 2694 dissonantiam
673 2667 771 2699 habet,
799 2667 922 2702 utrisque
942 2676 977 2696 ex

192 2711 288 2739 eodem
303 2711 526 2747 provenientibus
541 2712 655 2739 ventre?

508 2756 660 2792 Responsio.

226 2801 451 2838 Quandoquidem
463 2805 584 2840 germina
599 2809 626 2833 et
640 2805 746 2834 fructus
758 2806 906 2841 quotannis
915 2814 976 2842 ger-

191 2846 327 2873 minalura
345 2851 433 2878 erant,
448 2851 475 2875 et
495 2848 523 2875 in
545 2852 618 2876 terra
640 2856 812 2881 remansura,
830 2849 857 2876 in
872 2849 972 2884 ipsam,

192 2891 265 2920 velut
282 2893 310 2921 in
327 2893 388 2921 sinu
407 2894 502 2923 matris
519 2894 701 2923 deﬂuentibus
717 2894 830 2924 ﬂoribus
845 2895 973 2924 desinen-

1326 770 1450 796 ΠΕΥΣΙΣ
1464 770 1535 803 I151".

1070 823 1147 850 Διατί
1167 822 1334 858 συμφύονται
1353 823 1408 854 τοῖς
1425 821 1517 852 καλοῖς
1536 822 1570 848 τα
1584 823 1666 855 κακὰ,
1682 823 1729 849 καὶ
1740 823 1827 859 φθαρο

1036 869 1099 896 τικά
1112 869 1161 904 τῆς
1178 868 1250 904 ζωῆς
1264 867 1352 904 ἡμῶν,
1367 868 1435 904 μετὰ
1451 868 1497 894 τοῦ
1510 868 1583 895 σίτου
1600 868 1630 894 τὸ
1645 868 1766 901 ζιζάνιον
1779 870 1826 897 καὶ

1035 916 1067 942 τὸ
1085 915 1206 947 κώνειον,
1223 915 1292 950 μετά
1319 914 1373 941 τῶν
1394 914 1477 950 ῥόδων
1501 915 1526 941 οἱ
1543 914 1670 950 τρίὸολοι.
1687 916 1758 950 μετά
1772 915 1827 943 τῶν

1035 962 1136 989 lonqu
1149 961 1288 997 τροφίμων
1309 961 1461 996 ἐλλέϐορος,
1483 960 1530 987 καὶ
1545 961 1677 993 ἀκόνιτος,
1691 963 1738 988 καὶ
1756 971 1826 997 μαν-

1035 1007 1180 1043 δραγόρας,
1192 1007 1239 1034 καὶ
1255 1007 1270 1033 ό
1284 1007 1333 1042 τῆς
1353 1007 1476 1042 μήκωνος
1497 1006 1666 1049 ὠπὸςηᾶπερ
1682 1008 1825 1044 ἀναιροῦσι

1035 1054 1085 1089 τὴν
1099 1053 1171 1088 ζωὴν
1186 1052 1280 1088 tua»;

1232 1115 1234 1118 ν
1339 1099 1517 1133 Ἀπόκρισις.

1071 1145 1103 1172 Τί
1122 1142 1170 1172 οὗν
1189 1144 1304 1179 ἀφέντες
1328 1144 1378 1180 τὴν
1399 1144 1446 1171 ἐπὶ
1469 1145 1525 1176 τοῖς
1548 1144 1694 1180 χρησίμοις
1715 1144 1825 1180 εὐχαρι-

1036 1189 1122 1222 στίαν,
1150 1190 1343 1226 ὲγκαλέσωμεν
1370 1190 1409 1225 τῷ
1437 1190 1602 1226 Δημιουργῷ
1625 1191 1672 1217 ἐπὶ
1689 1190 1745 1217 τῶν
1760 1191 1823 1226 ἡμῖν

1035 1237 1103 1272 πρὸς
1116 1237 1251 1272 διάκρισιν
1276 1236 1323 1263 καί
1345 1244 1424 1262 τινων
1441 1236 1634 1272 συμφερόντως
1647 1237 1822 1271 ἐκφυέντωνς

1042 1281 1181 1308 Ἐκεῖνοδὲ
1195 1281 1226 1307 οὐ
1239 1280 1418 1317 λογισώμεθα,
1429 1282 1470 1308 ὅτι
1484 1281 1515 1308 οὐ
1531 1282 1618 1308 πάντα
1641 1281 1691 1318 τῆς
1706 1281 1823 1317 γαστρὸς

1035 1326 1128 1354 ἕνεκεν
1141 1326 1191 1361 τῆς
1203 1326 1339 1362 ἡμετέρας
1354 1327 1604 1362 δεδημιούργηται;
1620 1327 1676 1353 ἀλλ’
1691 1327 1757 1362 ἡμῖν
1774 1328 1821 1363 μὲν

1035 1374 1066 1400 at
1089 1373 1309 1408 ἀποτεταγμέναι
1334 1374 1434 1408 τροφαὶ
1459 1374 1599 1409 πρόχειροι
1615 1374 1662 1400 καὶ
1678 1375 1761 1400 πᾶσιν
1779 1373 1822 1400 εὖ-

1035 1427 1162 1453 γνωστοι,
1187 1419 1302 1446 ἕκαστον
1316 1419 1345 1445 δὲ
1357 1419 1412 1446 τῶν
1425 1420 1575 1455 γινομένων
1591 1419 1654 1446 ῐδιόν
1666 1429 1726 1446 τινα
1744 1420 1821 1454 λόγον

1035 1465 1064 1490 ὲν
1077 1465 1111 1500 τῇ
1123 1464 1209 1491 κτίσει
1223 1463 1331 1500 πληροῖ.
1346 1465 1392 1500 Μὴ
1411 1465 1466 1500 γὰρ
1482 1465 1574 1501 ἐπειδή
1598 1474 1638 1492 σοι
1659 1465 1820 1502 δηλητήριον

1034 1509 1157 1545 ταύρειον
1171 1507 1250 1545 αἷμα,
1266 1511 1315 1537 οὐκ
1334 1510 1434 1545 ὀφείλει
1458 1511 1630 1546 παραχθῆναι
1645 1511 1675 1538 τὸ
1698 1511 1767 1544 ζῶον
1780 1510 1818 1548 ,ἢ

1033 1557 1147 1592 ἄναιμον
1159 1557 1303 1593 ὑπάρχειν,
1318 1553 1349 1583 οὗ
1375 1558 1425 1593 τῆς
1437 1557 1526 1593 ἰσχύος
1537 1557 1605 1594 πρὸς
1617 1557 1735 1585 τοσαῦτα
1743 1558 1820 1593 ἡμῶν

1033 1604 1048 1629 ό
1063 1603 1119 1637 βίος
1134 1603 1287 1636 ὲπιδέεται;
1315 1603 1394 1629 Ἀλλά
1408 1603 1449 1629 σοὶ
1464 1603 1513 1639 μὲν
1524 1603 1664 1639 αὐτάρκης
1675 1604 1690 1630 ὁ
1702 1603 1820 1639 ἔμφυτος

1033 1649 1112 1683 λόγος
1126 1649 1194 1685 πρὸς
1220 1649 1270 1684 τὴν
1291 1649 1345 1676 τῶν
1371 1649 1500 1685 ὀλεθρίων
1526 1649 1658 1684 φυλακήν.
1680 1650 1718 1676 Οὐ
1734 1650 1819 1685 δήπου

1033 1695 1087 1730 γὰρ
1106 1695 1230 1730 πρόδατα
1247 1696 1294 1722 καὶ
1308 1692 1384 1729 αῐγες
1400 1695 1488 1723 ἴσασιν
1501 1695 1667 1730 ἀποφεύγειν
1681 1695 1716 1722 τὰ
1735 1696 1821 1732 φθαρ-

1032 1740 1096 1767 τικά
1108 1740 1156 1776 τῆς
1173 1741 1244 1775 ζωῆς
1253 1741 1353 1770 αὐτῶν,
1371 1741 1439 1777 μόνῃ
1452 1742 1485 1777 τῇ
1503 1741 1636 1777 ὀσφρήσει
1649 1741 1682 1768 τὰ
1703 1741 1821 1778 βλαὸερά

1032 1786 1204 1822 διακρίνοντα
1217 1795 1225 1820 ;
1239 1787 1281 1813 σοὶ
1292 1787 1321 1813 δὲ
1334 1783 1356 1820 ᾧ
1367 1787 1414 1814 καὶ
1422 1787 1499 1822 λόγος
1510 1788 1627 1822 πάρεστι
1649 1788 1696 1815 καὶ
1710 1789 1819 1825 ἰατρικὴ

1032 1833 1114 1868 τέχνη
1124 1832 1154 1858 τὸ
1166 1833 1299 1868 χρήσιμον
1312 1833 1504 1868 ὲκπορίζουσα,
1517 1833 1564 1860 καὶ
1579 1834 1596 1868 ἡ
1607 1833 1661 1860 τῶν
1677 1834 1822 1869 προλαϐόν-

1032 1886 1086 1905 των
1102 1879 1193 1914 πεῖρα,
1216 1878 1271 1904 τῶν
1291 1878 1419 1914 ὀλεθρίων
1433 1877 1481 1913 τὴν
1499 1878 1587 1914 φυγὴν
1602 1879 1818 1915 ὕπαγορεύουσα,

1034 1923 1151 1958 χαλεπδν
1174 1923 1295 1950 ἐκκλῖναι
1309 1924 1343 1950 τὰ
1359 1923 1526 1959 δηλητήρια;
1551 1924 1634 1951 Οὐδὲν
1657 1925 1686 1951 δὲ
1711 1925 1819 1951 ἐκείνων

1032 1968 1124 2003 ἀργῶς
1137 1968 1154 2003 ἢ
1171 1968 1316 2003 ἀνωφελῶς
1333 1968 1433 2004 ὲξεφύη
1443 1977 1450 1984 ο
1468 1969 1524 1995 ἀλλ’
1541 1969 1557 2004 ἢ
1570 1969 1634 2004 ἡμῖν
1645 1969 1662 2004 ἢ
1674 1971 1730 2001 τοῖς
1748 1970 1819 2003 κτή-

1034 2014 1172 2050 νεσιπρδς
1186 2014 1216 2040 τὸ
1232 2014 1370 2050 συμφέρον
1384 2013 1503 2050 ἐξεδόθη.
1522 2014 1558 2041 To
1574 2014 1624 2049 μὲν
1639 2015 1693 2050 γὰρ
1707 2015 1817 2042 κώνειον

1031 2061 1055 2086 οἱ
1065 2060 1152 2096 ψᾶρες
1181 2060 1331 2095 βόσκονται,
1342 2060 1373 2086 τὸ
1389 2060 1530 2096 ἑλλέϐορον
1548 2061 1572 2087 οἰ
1590 2060 1717 2096 ὄρτυγες,
1735 2062 1817 2097 ἄμφω

1031 2106 1082 2141 τῆς
1092 2105 1192 2141 βλάϐης
1214 2106 1382 2133 ἀνεπίδεκτοι
1400 2107 1433 2141 τῇ
1453 2107 1610 2142 κατασκευῇ
1631 2107 1680 2141 τῆς
1694 2107 1814 2141 φύσεως·

1029 2151 1076 2178 διὰ
1087 2152 1116 2178 δὲ
1134 2151 1181 2178 τοῦ
1199 2151 1387 2187 μανδραγόρου
1399 2151 1482 2178 ὕπνον
1494 2152 1580 2188 ἰατροὶ
1596 2153 1656 2184 ταῖς
1668 2152 1817 2184 ἀσθενείαις

1028 2198 1181 2232 ἐπάγουσι·
1198 2197 1237 2233 τῷ
1252 2198 1279 2224 δὲ
1303 2198 1372 2233 ὀπίῳ
1388 2197 1438 2229 τὰς
1453 2198 1568 2233 σφοδρὰς
1586 2198 1682 2230 ὀδύνας
1700 2199 1755 2225 τῶν
1770 2207 1817 2226 σω-

1030 2245 1125 2280 μάτων
1146 2245 1357 2277 κατευνάζουσιν
1371 2254 1379 2261 ο
1393 2245 1444 2280 ἢδη
1458 2244 1486 2270 δέ
1509 2253 1581 2276 τινες
1596 2245 1634 2280 τῷ
1649 2247 1755 2282 κωνείῳ
1774 2246 1816 2273 καὶ

1027 2291 1062 2317 τὸ
1071 2290 1206 2322 λυσσῶδες
1217 2291 1272 2318 τῶν
1284 2291 1400 2327 ὀρέξεων
1422 2290 1624 2325 κατεμάραναν,
1639 2291 1735 2326 καὶτῷ
1748 2291 1815 2318 em-

1027 2337 1105 2373 ϐόρῳ
1118 2337 1203 2364 πολλὰ
1211 2337 1266 2364 τῶν
1280 2337 1393 2373 χρονιων
1410 2336 1504 2363 παθῶν
1515 2336 1723 2371 ὲξεμόχλευσαν.
1736 2338 1816 2364 Ὥστε

1027 2383 1044 2409 ὃ
1063 2382 1196 2418 δοκοῦμεν
1224 2382 1354 2418 πολέμιον
1380 2384 1412 2418 τῇ
1440 2381 1519 2416 φύσει
1548 2381 1628 2417 ἡμῶν
1650 2383 1813 2417 πεφυκέναι,

1031 2430 1109 2456 τοῦτο
1138 2431 1205 2465 ἡμῖν
1227 2431 1268 2461 είς
1295 2428 1454 2465 προσθήκην
1485 2428 1659 2464 εὐχαριστίας
1690 2429 1814 2467 περιελή-

1031 2475 1120 2503 λυθεν.

1319 2532 1445 2560 ῙΙΕΥΣΙΣ
1461 2532 1524 2559 ΠΖ’.

1065 2578 1142 2605 Διατι
1153 2578 1200 2605 ἐπὶ
1214 2578 1262 2614 μὲν
1277 2579 1327 2613 τῆς
1344 2578 1468 2613 βοτάνης,
1479 2578 1525 2604 καὶ
1537 2575 1591 2603 τῶν
1606 2576 1732 2612 δένδρων,
1745 2578 1813 2604 Βλα-

1029 2623 1170 2657 στησάτω
1179 2622 1253 2658 ή,γῆ,
1267 2622 1315 2650 tm
1325 2623 1353 2650 δὲ
1366 2623 1419 2649 τῶν
1432 2621 1538 2657 κτηνῶν
1551 2622 1596 2648 καὶ
1611 2621 1724 2657 θηρίων,
1755 2621 1812 2654 ἐξ-

1029 2668 1176 2703 αγαγιέτως
1190 2666 1266 2704 Ἀρα
1277 2669 1313 2704 μή
1332 2676 1392 2694 τινα
1413 2666 1560 2701 διαφωνίαν
1575 2665 1643 2701 ἔχει,
1653 2667 1810 2702 ἀμφοτέρων

1029 2715 1079 2750 τῆς
1093 2715 1179 2751 αὐτῆς
1194 2715 1403 2750 προερχομένων
1413 2712 1547 2748 γαστρόςς

1332 2760 1507 2794 Ἀπόκρισις.

1071 2805 1177 2841 Ἐπειδὴ
1192 2805 1226 2832 τά
1243 2806 1420 2842 βλαστήματα
1438 2808 1489 2834 καὶ
1497 2808 1522 2835 οἱ
1537 2808 1637 2845 καρποὶ
1648 2808 1708 2834 κατ’
1724 2807 1809 2833 ἐνιαυ-

1027 2850 1073 2877 τὸν
1088 2849 1244 2885 βλαστάνιιν
1268 2851 1384 2887 ἦμελλον
1406 2853 1452 2879 καὶ
1473 2853 1638 2889 παραμένειν
1661 2854 1695 2887 τῇ
1713 2852 1809 2888 γῇ,ιίς

1028 2897 1113 2932 αὐτὴν
1138 2896 1232 2934 ὥσπερ
1245 2898 1275 2925 ἐν
1289 2898 1379 2934 κόλπῳ
1395 2899 1496 2934 μητρὸς
1518 2900 1551 2935 τῇ
1571 2899 1718 2935 ἀνθορῤοίᾳ
1733 2906 1808 2926 κατα
