1907 3043
113 142 170 169 953

114 199 242 236 λήγοντα.
256 200 357 235 ἑαυτῆς
378 201 406 226 δὲ
435 201 515 228 πάλιν
531 201 723 237 ἀωκυοὺμενα
735 209 743 216 ·
757 201 791 229 τὰ
803 202 831 229 δέ
846 202 904 235 ζῶα

116 246 192 279 ἆπαξ
206 246 293 281 αὐτῆς
323 247 541 283 ἁποΰρασθὲντα,
557 249 607 275 οὐκ
628 249 667 276 ἔτι
683 249 710 282 ἐξ
726 250 821 285 αὐτῆς,
835 250 904 276 ἀλλὰ

116 293 172 320 ἀπὸ
183 293 238 319 τῶν
252 292 381 329 διαδόχων
399 294 557 322 ἀποκύεται.

408 350 533 376 ΠΕΥΣΙΣ
546 350 611 376 "H’.

153 404 228 431 Διατί
245 404 283 440 μὴ
307 405 353 432 τδν
363 405 486 441 οὐρανὸν,
499 406 537 438 ὠς
548 405 655 442 πρῶτον
674 406 720 433 ὑπ’
733 406 814 434 αὑτοῦ
829 407 904 442 γενόο

117 458 200 485 μενον
209 450 396 486 διεκόσμησεν,
410 451 479 479 ἀλλὰ
487 453 537 487 τὴν
553 452 610 487 μετ’
625 453 727 480 ἐκεῖνον
740 453 906 490 δημιουργη-

117 495 211 523 θεῖσαν
223 497 274 532 γῆν
300 497 483 533 προετίμησεν
494 505 502 530 ;
515 497 588 524 Ἔδει
605 498 634 525 δὲ
648 498 717 525 κατὰ
735 499 784 535 τὴν
795 499 907 526 ἀκολου-

117 541 179 568 θίαν
193 542 242 577 τῆς
253 543 385 577 γενέσεως
396 543 548 579 ἐπαχθῆναι
560 544 610 580 τὴν
628 544 816 581 διακόσμησιν.

423 633 602 668 Ἀπόκρισις.

153 677 204 705 Διὰ
227 678 277 714 τὴν
301 678 450 713 μέλλουσαν
471 679 636 706 ἀνακύπτειν
646 679 774 707 πολύθεον
791 680 905 716 πλάνην,

117 724 168 760 τὴν
184 724 232 751 καὶ
241 725 288 751 νῦν
299 724 466 760 κατέχουσαν
476 725 539 756 τοὺς
547 725 671 758 πολλοὺς,
685 725 760 760 ἣλιον
770 725 829 752 ἀντὶ
838 725 905 752 Θεοῦ

117 770 260 802 σέϐοντας,
277 772 324 798 καὶ
339 770 436 803 ἀθέους
450 771 478 797 ὲν
490 771 568 798 νυκτὶ
583 771 765 807 ὑπάρχοντας,
780 773 813 807 τῇ
831 772 905 798 ὲκεί-

117 824 165 842 νου
175 816 250 843 δύσει
260 825 267 832 ·
282 817 319 852 μή
334 825 399 843 ποτε
411 816 575 852 νομισθῶσιν
586 818 610 843 οἰ
622 817 723 853 καρποὶ
732 819 764 853 τῇ
772 817 819 844 τοῦ
830 817 904 853 ἡλίου

118 860 209 896 θέρμῃ
223 860 400 896 ἐκϐληθέντες
420 862 471 897 τῆς
497 861 548 896 γῆς
572 861 733 894 πέπτεσθαι,
758 863 805 889 καὶ
824 863 855 889 οὐ
871 864 905 899 τῇ

116 908 209 935 πάντα
224 907 431 945 πρυτανευούσῃ
443 907 503 944 θείᾳ
516 907 596 946 ῥώμῃ
612 908 777 935 τελειοῦσθαι
791 908 907 936 ἕκαστον

115 955 188 991 πρὸς
200 956 230 981 τὸ
257 955 305 981 ὑπ”
322 955 429 990 ἐκείνης
456 955 563 991 ὁρισθὲν
582 955 705 991 μέγεθος.
722 956 757 982 Ἦ
774 953 808 982 αὖ
825 955 907 983 πάλιν

118 1001 157 1036 μή
175 1009 239 1027 ποτε
250 1000 370 1037 ἀρχηγὸν
386 1001 433 1028 καὶ
455 1001 563 1037 πατέρα
585 1001 673 1035 φωτὸς
685 1001 731 1029 τὸν
753 1002 829 1037 ἥλιον
848 1003 904 1038 oin-

116 1046 187 1085 Θῶσί
201 1055 283 1078 τινες,
294 1046 340 1073 διὰ
355 1047 434 1073 τοῦτο
445 1046 620 1083 πρεσϐυτέρα
629 1047 679 1083 τῆς
690 1047 815 1084 οὐρανίου
826 1049 843 1084 ἡ
857 1049 907 1085 τῆς

117 1084 170 1128 γῆς
187 1092 375 1128 διακόσμησις.

415 1149 539 1177 ΠΕΥΣΙΣ
548 1151 611 1178 ΠΘ’.

154 1206 210 1233 Καὶ
219 1206 264 1233 διὰ
276 1207 303 1234 τί
321 1206 359 1243 μὴ
371 1208 405 1242 τῇ
424 1207 520 1244 πρώτῃ
548 1207 651 1244 ἡμέρᾳ,
664 1209 714 1244 τῆς
733 1209 851 1238 ἀϐύσσου
865 1210 906 1238 ἐτι

117 1252 269 1288 ἐπεχούσης
283 1252 318 1279 τὰ
336 1254 496 1289 ἐπουράνια,
507 1254 555 1280 καὶ
564 1255 646 1290 μήπω
655 1255 832 1292 συναχθείσης
839 1257 907 1292 πρὸς

119 1298 186 1334 μίαν
202 1299 374 1334 συναγωγὴν,
388 1299 425 1335 μὴ
438 1299 566 1336 εποίησεν
575 1300 650 1336 ἥλιον
669 1302 715 1328 καὶ
733 1302 846 1338 σελήνην
861 1304 907 1330 καὶ

117 1345 254 1381 ἀστέρας

425 1393 605 1428 Ἀπόκρισις.

159 1437 237 1465 Ἐπεὶ
257 1437 362 1465 οὐδέπω
376 1435 410 1474 ἦν
425 1439 457 1466 τὸ
471 1439 614 1475 στερέωμα
632 1440 662 1466 ιν
685 1437 708 1475 ᾧ
726 1440 751 1467 οι
764 1441 908 1477 φωστῆρες

116 1483 235 1520 ἤμελλον
247 1483 431 1512 ἀνατίθεσθαι.
454 1485 504 1512 Ἐν
520 1484 600 1519 ἀρχῇ
614 1484 678 1522 γὰρ,
698 1486 789 1521 φησὶν,
805 1487 906 1521 ἐποιη-

117 1538 176 1556 σεν
185 1531 202 1556 ὀ
215 1530 285 1563 Θεὸς
299 1530 353 1557 τὸν
363 1531 503 1564 οὐρανὸν,
519 1531 568 1558 καὶ
581 1531 640 1566 τὴν
652 1530 723 1567 τῆν’
740 1532 770 1559 οὐ
785 1532 831 1559 τὸν
840 1532 907 1569 ὀρώ-

119 1582 210 1610 μινον,
224 1574 292 1601 ἀλλὰ
305 1575 350 1602 τὸν
363 1575 559 1611 ὑπερκείμενον
571 1575 618 1603 τοῦ
632 1576 782 1612 ὁρωμένου.

426 1634 551 1661 ΠΕΥΣΙΣ
571 1636 606 1668 ιιι.

150 1678 184 1706 τί
196 1677 243 1706 οὖν
254 1680 300 1706 καὶ
311 1679 413 1714 πλῆθος
424 1680 514 1715 λέγεις
526 1680 648 1716 οὐρανῶν
665 1681 798 1717 ὑπάρχειν
823 1681 907 1717 ὑπερ·

115 1726 175 1756 ἀνω
186 1726 232 1753 τοῦ
246 1726 448 1763 στερεώματοςς

425 1771 606 1806 Ἀπόκρισις.

160 1817 289 1853 Ἀριθμὸν
307 1818 355 1853 μὲν
370 1818 456 1850 οὐδεὶς
477 1818 530 1846 τῶν
547 1820 696 1846 θεσπεσίων
715 1819 824 1847 πώποτε
852 1820 907 1847 ὰπ-

116 1866 235 1901 εφήνατο
247 1865 316 1900 πλὴν
325 1864 372 1893 τοῦ
385 1865 487 1900 ὑψηλοῦ
500 1866 671 1899 Ἀποστόλου,
684 1866 736 1898 ἕως
745 1866 837 1902 τρίτου
850 1866 908 1894 δια-

116 1912 314 1947 πεφοιτηκέναι
330 1911 459 1947 βοῶντος·
476 1912 506 1939 οὑ
523 1912 612 1947 μέντοι
630 1913 726 1948 μέχρις
739 1912 828 1939 αὐτῶν
843 1913 907 1949 στή-

117 1965 169 1989 σας
185 1957 230 1984 τὺν
243 1957 369 1993 ἀριθμόν.
390 1958 427 1985 Τὸ
439 1957 494 1993 γὰρ
507 1958 592 1994 φῆσαι
609 1958 767 1994 ἁρπαγέντα
783 1959 835 1990 ἕως
849 1958 907 1993 τρί-

116 2012 165 2031 του
179 2004 306 2040 οὑρανοῦ,
321 2004 353 2031 δι’
368 2004 468 2040 ἄρθρου
490 2004 548 2037 τοῦ,
569 2004 635 2038 ἕως,
657 2004 804 2040 ὑπῃνίξατο
821 2004 906 2040 ὑπερ-

117 2051 225 2078 κεῖσθαι
236 2050 283 2077 καὶ
294 2050 403 2084 ἑτέρους
414 2050 469 2078 τῶν
480 2050 572 2087 τριῶν.
583 2051 638 2078 Καὶ
648 2051 730 2077 Δαϐὶδ
739 2052 753 2078 ὁ
763 2051 816 2078 τῶν
828 2050 906 2078 θείων

120 2096 249 2132 μελῳδὸς,
268 2095 383 2124 Αἰνεῖτε
403 2097 458 2123 τὸν
476 2097 596 2131 Κύριον,
619 2097 712 2133 φησὶν,
732 2097 765 2123 ἐκ
781 2095 841 2123 τῶν
857 2097 907 2124 οὑ-

114 2141 233 2178 ρανῶν·
257 2142 304 2170 καὶ
317 2143 341 2169 οι
356 2142 420 2178 περὶ
436 2142 482 2170 τὸν
501 2143 624 2170 Ἀνανίαν
641 2143 794 2175 θεσπέσιοι,
812 2143 908 2170 Εὐλο-

117 2188 206 2224 τεῖτσ,
216 2189 310 2224 φασὶν,
318 2189 345 2215 οι
356 2189 477 2222 οὐρανοὶ
488 2189 608 2222 Κιιρίου,
621 2189 673 2215 τὸν
683 2189 794 2223 Κύριον
802 2197 809 2205 ·
824 2188 908 2224 ἄμφω

117 2235 164 2261 τὸν
177 2234 293 2270 ἀριθμὸν
307 2234 351 2261 διὰ
366 2234 412 2261 τοῦ
427 2234 581 2270 πνεύματος
597 2235 793 2269 σιωπήσαντες.
810 2235 843 2261 Τί
853 2234 907 2270 γὰρ

117 2281 194 2318 ἡμᾶς
215 2281 306 2316 ὀνήσει
329 2280 373 2308 τὸν
396 2281 542 2316 κορυφαῖον
559 2281 606 2307 καὶ
619 2280 767 2317 ὑπέρτερον
781 2280 828 2308 τοῦ
847 2281 908 2316 ἀρι-

119 2327 190 2365 θμοῦ
206 2327 350 2362 γινώσκειν
366 2327 488 2362 οὐρανὸν,
505 2327 572 2363 μηδὲ
583 2327 631 2354 τοῦ
645 2326 765 2363 πρώτου,
775 2327 822 2354 καὶ
836 2327 907 2364 ὑπὲρ

119 2373 241 2409 κεφαλῆς
251 2372 340 2409 ἡμῶν,
353 2373 480 2408 ἐπιϐῆναι
491 2374 524 2409 τῇ
539 2373 642 2409 διανοίᾳ
657 2372 842 2409 βουλομένους,
856 2373 907 2410 ὕλῃ

120 2418 308 2455 βαρουμένους
321 2418 369 2445 καὶ
391 2418 498 2451 πάθεσι,
515 2418 545 2445 τὺ
558 2418 726 2454 διανοητικὸν
741 2419 907 2455 ἠμαυρωμέ-

120 2474 171 2498 νοι,
185 2465 253 2501 πρὸς
269 2464 303 2492 τὰ
315 2464 391 2492 κάτω
405 2465 452 2491 καὶ
467 2464 554 2500 χαμαὶ
566 2464 679 2500 κείμενα
694 2465 856 2500 κεχηνότες;

415 2560 540 2588 ΠΕΥΣῙΣ
555 2561 618 2594 ιιΑν.

156 2605 190 2632 τί
205 2602 268 2639 οὗνς
293 2605 356 2632 ἄλλο
370 2605 490 2640 νομίζεις
507 2607 540 2642 τῇ
556 2606 634 2641 φύσει
653 2607 699 2634 τὸν
713 2607 908 2644 ὑπερκείμενον

122 2651 199 2688 παρὰ
211 2652 255 2679 τὸν
268 2651 405 2687 ὁρώμενον
420 2652 513 2679 τοῦτον
526 2652 573 2679 καὶ
588 2653 730 2688 στερέωμα
744 2653 906 2689 λεγόμενον;

429 2741 606 2777 Ἀπόκρισις.

155 2786 329 2822 Aemo-ripa:
350 2786 448 2820 αὐτοὺς
474 2788 607 2824 ὑπάρχειν
629 2789 722 2822 οὐσίας
746 2791 818 2826 φημὶ
831 2791 907 2826 παρὰ

121 2832 167 2862 τὸν
184 2832 394 2869 ὑστερούμενον.
410 2833 447 2866 ὡς
468 2834 692 2870 ὑπερτεροῠντας,
711 2836 757 2863 καὶ
778 2837 907 2872 κουφοτέ-

821 142 992 174 DIALOCUS
1016 146 1038 175 1.

1691 153 1748 184 θοι

957 205 1004 238 tia.
1022 211 1049 234 et
1063 214 1096 235 ex
1123 207 1181 243 ipsa
1209 215 1307 238 rursus
1326 211 1501 243 enascentia;
1532 210 1663 239 animalia
1680 219 1749 240 vero

955 254 1039 281 semel
1052 253 1087 281 ab
1099 254 1157 289 ipsa
1173 255 1314 290 producta,
1329 264 1382 285 non
1401 258 1518 292 amplius
1532 265 1564 285 ex
1583 257 1652 292 ipsa.
1669 259 1717 286 sed
1731 266 1748 286 ε

955 299 1165 329 succedentibus
1179 307 1369 336 procreantur.

1129 356 1388 386 INTERROGATIO
1407 359 1573 388 LXXXVIII.

990 412 1080 446 Quare
1089 420 1144 441 non
1155 414 1254 442 cmlum
1270 419 1399 450 tanquam
1411 417 1529 450 primum
1545 425 1560 444 a
1575 426 1604 445 se
1619 423 1744 446 creatum

955 461 1108 494 exornavit,
1124 460 1170 488 sed
1187 462 1246 496 ejus
1256 470 1316 498 quae
1326 467 1387 498 post
1399 464 1464 491 illud
1478 465 1587 492 condita
1601 469 1652 495 est.
1666 469 1747 493 terra:

957 506 1075 541 priorem
1089 514 1183 534 curam
1198 507 1304 539 habuit.
1322 515 1384 536 cum
1402 513 1492 538 tamen
1508 511 1658 538 secundum
1677 518 1744 538 con-

957 554 1126 588 sequentiam
1146 555 1293 584 crcationis
1313 555 1425 584 deberet
1449 556 1540 585 addita
1563 557 1650 585 fuisse
1675 558 1747 586 ccelo

957 599 1075 634 primum
1090 601 1252 628 exornatio?

1275 645 1428 681 Responsio.

993 687 1111 724 Propter
1122 698 1243 718 errorem
1258 691 1292 719 de
1306 692 1479 721 multitudine
1495 692 1607 720 deorum
1624 694 1671 729 qui
1690 694 1747 722 ori-

958 739 1038 764 turus
1050 740 1118 767 erat,
1131 737 1177 771 qui
1191 737 1271 764 etiam
1284 746 1356 765 nunc
1370 739 1441 774 apud
1457 740 1560 767 multos
1572 740 1688 773 obtinet,
1699 740 1746 775 qui

958 782 1042 809 solem
1059 789 1106 816 pro
1119 781 1169 809 deo
1184 783 1288 816 colunt,
1305 791 1367 810 cum
1385 789 1466 811 noctu
1484 785 1516 812 ad
1529 785 1603 812 illius
1617 793 1746 813 occasum

958 827 1014 854 sint
1037 827 1123 862 impii.
1149 836 1183 854 ne
1203 828 1405 868 existimaretur
1431 828 1539 858 fructus
1564 832 1655 859 calore
1679 832 1747 860 solis

957 873 1105 907 productos
1117 879 1133 900 a
1152 877 1226 901 terra
1239 874 1338 910 digeri,
1351 878 1378 902 et
1394 882 1448 902 non
1462 876 1496 904 ab
1511 878 1633 904 omnium
1653 877 1747 904 mode-

957 918 1058 945 ratrice
1070 917 1162 946 divina
1174 919 1295 954 potentia
1312 921 1527 956 unumquodque
1537 921 1630 956 perﬁci
1641 921 1674 948 ad
1684 930 1745 958 eam

958 971 1018 999 qua;
1032 965 1066 991 ab
1085 964 1130 991 illa
1148 964 1259 992 delinita
1283 969 1336 998 est,
1351 966 1580 1002 magnitudinem.
1595 967 1637 995 vel
1652 968 1745 1001 etiam,

956 1018 992 1037 ne
1014 1014 1154 1038 auctorem
1172 1015 1201 1039 et
1224 1015 1330 1047 putrem
1355 1011 1425 1040 lucis
1443 1012 1527 1041 solem
1549 1017 1679 1048 putarent
1698 1015 1749 1042 ali-

957 1055 1015 1091 qui,
1037 1064 1098 1084 eam
1122 1057 1158 1084 ob
1182 1064 1292 1085 causam
1318 1063 1390 1085 terra
1412 1058 1572 1094 priusquam
1592 1060 1692 1087 catlum
1708 1065 1749 1088 est

957 1106 1098 1129 exornata.

1146 1157 1407 1187 INTERROGATIO
1426 1159 1571 1188 LXXXlX.

993 1214 1027 1242 Et
1049 1222 1136 1250 quare
1153 1222 1208 1243 non
1235 1215 1280 1243 die
1307 1217 1417 1251 primo,
1442 1216 1544 1253 abysso
1563 1217 1654 1244 adhuc
1677 1216 1750 1244 obti-

958 1265 1039 1288 nente
1058 1261 1199 1295 coelestia,
1229 1261 1408 1297 nondumque
1431 1267 1597 1299 congregata
1619 1270 1690 1299 aqua
1714 1262 1749 1290 ad

958 1306 1197 1341 congregationem
1219 1313 1325 1340 unam,
1351 1306 1416 1334 fecit
1443 1308 1530 1336 solem
1556 1313 1584 1335 et
1605 1307 1696 1336 lunam
1721 1312 1750 1336 et

958 1351 1069 1379 stellas?

1276 1397 1429 1433 Responsio.

993 1441 1032 1470 Eo
1049 1442 1120 1478 quod
1141 1443 1262 1471 nondum
1284 1448 1344 1471 erat
1362 1445 1563 1472 ﬁrmamentum
1583 1445 1612 1472 in
1633 1453 1689 1481 quo
1707 1445 1750 1473 lu-

956 1489 1073 1515 minaria
1097 1494 1176 1516 erant
1200 1490 1367 1524 reponenda.
1398 1489 1432 1516 In
1454 1491 1584 1525 principio
1603 1491 1686 1523 enim,
1706 1491 1750 1518 in-

956 1534 1025 1570 quit.
1043 1534 1105 1569 fecit
1128 1534 1198 1562 Deus
1221 1535 1316 1562 uelum
1336 1540 1360 1563 et
1387 1540 1485 1563 terram
1507 1536 1540 1563 ⁵⁸.
1558 1535 1617 1563 Non
1632 1536 1659 1564 id
1675 1537 1749 1571 quod

957 1580 1089 1612 cernitur,
1108 1580 1155 1608 sed
1173 1588 1256 1616 supra
1272 1581 1299 1608 id
1317 1581 1390 1616 quod
1408 1582 1542 1614 cernitur,
1555 1583 1748 1610 constitutum.

1183 1635 1445 1664 INTERROGATIO
1465 1637 1521 1665 XC.

991 1680 1062 1708 Num
1078 1685 1105 1708 et
1124 1682 1327 1710 multitudinem
1345 1682 1416 1710 dicis
1438 1683 1572 1710 caelorum
1589 1691 1650 1711 esse
1665 1691 1748 1720 supra

959 1726 1160 1754 ﬁrmamentum
1172 1727 1185 1754 ’ί

1276 1772 1430 1808 Responsio.

991 1818 1142 1847 Numerum
1172 1820 1283 1854 quidem
1314 1820 1408 1847 nullus
1437 1824 1597 1848 sanctorum
1629 1829 1750 1857 unquam

957 1866 1154 1901 pronuntiavit,
1167 1871 1281 1901 excepto
1300 1866 1400 1894 eximio
1419 1867 1565 1902 Apostolo,
1582 1868 1629 1902 qui
1644 1868 1677 1895 ad
1696 1873 1750 1895 ter-

957 1913 1024 1940 tium
1041 1920 1070 1940 se
1082 1913 1240 1948 pervenisse
1254 1912 1355 1939 clamat
1369 1913 1402 1939 δ’.
1420 1913 1479 1940 Non
1492 1919 1583 1941 tamen
1599 1914 1626 1941 in
1644 1922 1677 1942 eo
1695 1923 1748 1942 nu-

958 1964 1061 1985 merum
1086 1957 1207 1992 ipsorum
1235 1957 1370 1990 collocat;
1404 1964 1466 1984 nam
1495 1957 1567 1992 quod
1603 1959 1691 1994 inquit
1719 1967 1750 1987 se

957 2007 1067 2039 raptum
1089 2003 1117 2030 in
1140 2003 1252 2031 tertium
1271 2004 1370 2031 ctelum
1387 2011 1485 2039 usque,
1514 2012 1562 2039 per
1588 2005 1747 2038 articulum,

956 2056 1048 2084 usque,
1063 2048 1208 2076 subinnuit
1222 2048 1305 2076 etiam
1322 2049 1390 2076 alios
1406 2056 1489 2084 supra
1511 2053 1566 2077 tres
1581 2050 1747 2077 constitutos

957 2101 1028 2122 esse.
1057 2093 1091 2121 Et
1122 2092 1239 2122 Davides
1269 2094 1425 2122 divinorum
1461 2099 1557 2122 auctor
1583 2095 1747 2129 carminum,

957 2139 1078 2167 Laudate
1087 2139 1230 2167 Dominum
1243 2147 1276 2167 ea:
1292 2140 1375 2174 uelis,
1388 2141 1477 2175 inquit
1495 2141 1528 2168 '°.
1547 2141 1580 2168 Et
1597 2141 1664 2169 socii
1675 2141 1748 2168 Ana-

957 2186 1010 2214 niae
1023 2186 1119 2218 divini,
1133 2185 1293 2218 Benedicite,
1317 2186 1455 2222 inquiunt,
1481 2187 1540 2214 ιωίί
1561 2187 1677 2218 Domini,
1690 2185 1748 2213 Do-

958 2233 1058 2259 minum
1076 2233 1098 2248 "
1115 2241 1121 2260 ι
1142 2233 1250 2268 utrique
1273 2240 1417 2260 numerum
1444 2240 1493 2268 per
1512 2233 1638 2268 spiritum
1657 2231 1747 2260 subti-

958 2283 1063 2307 centes.
1074 2278 1145 2312 Quid
1158 2279 1231 2306 enim
1243 2277 1412 2313 nosjuvabit
1428 2286 1577 2311 summum,
1594 2283 1621 2306 et
1632 2286 1748 2306 numero

958 2326 1085 2361 superius
1100 2325 1172 2353 scire
1186 2325 1296 2357 calum,
1311 2332 1373 2352 cum
1396 2333 1431 2353 ne
1451 2325 1479 2352 id
1500 2324 1609 2360 quidem
1622 2325 1693 2360 quod
1705 2329 1747 2353 est

958 2375 1020 2399 ante
1033 2375 1061 2400 et
1074 2379 1156 2406 super
1169 2371 1258 2406 capita
1273 2375 1380 2403 nostra,
1397 2371 1582 2399 conscendere
1599 2375 1688 2398 tneutc
1700 2379 1747 2398 ve-

957 2418 1050 2451 limus,
1065 2417 1177 2445 materie
1190 2424 1284 2445 crassa
1300 2416 1403 2453 gravati
1419 2420 1446 2445 et
1458 2416 1610 2449 aﬂ‘ectibus,
1627 2416 1654 2444 id
1672 2416 1745 2452 quod

957 2467 1048 2490 mente
1065 2462 1168 2498 percipi
1189 2466 1290 2497 potest,
1314 2463 1506 2496 obscurantes,
1527 2461 1704 2489 inferioribus
1718 2466 1746 2489 et

957 2510 1031 2537 humi
1046 2509 1143 2545 positis
1157 2517 1266 2544 semper
1281 2509 1436 2537 inhiantes?

1178 2561 1436 2590 lNTERIlOGATlO
1455 2561 1525 2590 λοι.

992 2607 1063 2643 Quid
1077 2607 1179 2644 igitur?
1194 2615 1260 2635 num
1273 2608 1346 2636 aliud
1358 2607 1510 2636 secundum
1527 2612 1654 2637 naturam
1664 2612 1746 2645 putas

958 2655 984 2682 id
1001 2654 1074 2690 quod
1091 2661 1173 2690 supra
1188 2654 1309 2690 positum
1328 2658 1382 2687 est,
1407 2654 1442 2682 ab
1461 2662 1494 2683 eo
1511 2654 1585 2691 quod
1595 2655 1745 2689 cernimus,

957 2703 984 2728 et
998 2699 1198 2728 firmamentum
1215 2699 1353 2728 dicimus?

1274 2745 1427 2780 Responsio.

995 2791 1154 2820 Subtilioris
1169 2791 1214 2819 illa
1230 2799 1292 2820 esse
1311 2791 1472 2820 substantiae
1493 2791 1556 2820 dico
1573 2791 1608 2820 ab
1621 2799 1655 2820 eo
1670 2799 1745 2828 quot.

960 2837 1109 2865 secundum
1129 2841 1181 2867 est.
1198 2842 1325 2872 tanquam
1338 2836 1481 2873 superiora
1497 2841 1524 2866 et
1541 2837 1644 2866 leviora
1669 2837 1745 2866 velut

156 2902 180 2919 “
195 2901 267 2931 Gen.
284 2910 304 2936 ι,
319 2902 347 2930 1.
385 2901 417 2940 ³⁸,
428 2901 449 2931 ΙΙ
465 2901 526 2932 Cor.
541 2910 590 2937 xu,
604 2903 632 2932 ‘3.
669 2905 693 2921 "
712 2903 783 2935 Psal.
802 2914 901 2934 cnvm

993 2907 1015 2924 ¹¹
1036 2905 1103 2935 Dan.
1117 2914 1159 2939 ut,
1178 2905 1220 2934 59.
