1907 3043
89 160 96 168 ·
112 147 164 177 957

113 203 169 230 ἀλλ’
183 203 300 239 ἐπεδέοη
321 205 406 240 αὐτῆς
427 206 443 240 ἡ
458 206 573 239 οὺδενία,
588 206 635 234 τοῦ
652 207 821 243 Σολομῶντος
840 209 900 236 ἑπι-

115 249 262 284 6οήσαντος
273 258 280 265 ο
309 250 495 285 Ὑψηλότερά
508 260 566 280 σου
582 252 625 287 μὴ
639 253 724 286 ζήτει,
748 254 796 281 καὶ
808 255 903 287 βαθύ-

115 296 185 330 τερά
209 304 267 324 σου
288 296 332 331 μὴ
356 297 481 329 ἐξέταζε.
508 300 540 325 "A
556 300 709 336 προσετὰγη
732 309 772 327 σοι
786 320 794 331 .,
816 301 903 328 ταῦτα

113 342 230 374 διανοοῦ,
249 343 385 370 πιστεύων
397 344 446 379 τὴν
465 347 627 381 συνεκτικὴν
646 346 692 373 τοῦ
711 347 808 379 παντὸς
829 347 902 374 θείαν

115 390 211 425 ῥώμην
226 389 313 417 πάντα
328 390 491 426 διακρατεῖν,
503 391 550 417 καὶ
564 390 670 424 σώζειν,
679 392 727 418 καὶ
738 392 781 419 διὰ
793 393 902 420 πάντων

113 435 202 470 ήκειν,
219 436 266 463 καὶ
281 435 457 471 πρυτανεύειν
471 436 505 462 τὰ
518 436 674 472 σύμπαντα.

410 577 534 605 umis
553 578 609 612 im.

149 633 235 660 Πόθεν
250 633 374 668 ἐγένοντο
387 634 412 660 οἱ
425 633 568 669 φωστῆρες
585 633 660 669 ἥλιος
681 634 728 661 καὶ
743 633 841 670 σελήνη
854 633 903 661 καὶ

107 679 125 705 ό
140 679 195 706 τῶν
208 679 316 713 ἄστρων
328 679 422 715 χορόςς
439 680 479 706 ὅτι
494 680 543 715 μὲν
554 680 621 706 Θεοῦ
631 679 662 706 τὸ
675 679 764 716 ἔργον,
779 679 900 716 οἴδαμεν,

107 724 182 751 ἀλλὰ
193 725 242 760 τὴν
252 724 346 751 οὐσίαν
357 725 547 761 ἐπιζητοῦμεν.

422 773 604 804 Ἀπόκρισις.

155 817 202 844 Ἐκ
215 816 262 844 τοῦ
275 818 447 853 πρωτογόνου
462 818 550 852 φωτὸς
565 818 638 845 δοκεῖ
659 827 703 854 μοι
716 819 780 851 τοὺς
794 819 902 854 φωστῆ-

107 871 163 898 ρας
181 862 324 898 ὑπάρχειν.
350 863 405 899 Τὴν
418 863 472 899 γὰρ
489 863 553 898 ὓλην
567 864 614 890 τοῦ
635 864 722 898 φωτὸς
742 864 872 900 παράγων
887 865 902 891 ὀ

105 908 198 940 Θεὸς,
225 909 313 944 φησί·
342 909 503 943 Γενηθήτω
524 907 596 944 φῶς,
619 910 667 937 καὶ
688 910 807 944 ἐγένετο
826 909 899 945 φῶς.

107 954 336 986 Μετασκευάζων
345 955 373 982 δὲ
384 955 451 990 πρὸς
461 955 510 987 τὰς
519 956 664 991 διαφόρους
675 955 749 990 ὕψεις
762 957 811 991 τὴν
824 956 900 992 ὓλην,

107 1002 180 1036 φησι
189 1009 196 1015 ·
211 1001 430 1035 Γενηθήτωσαν
439 1001 604 1037 φωστῆρες.
621 1002 663 1034 Ὠς
673 1002 700 1029 εἴ
714 1012 754 1034 τις
770 1003 901 1039 πρότερον

107 1047 261 1083 προϐάλλοι
280 1047 328 1073 τοῦ
349 1047 463 1082 χρυσίου
481 1047 585 1082 μάζαν,
607 1047 710 1083 ταύτην
724 1048 751 1075 δὲ
768 1050 807 1080 εἰς
823 1048 900 1084 νομί-

107 1100 204 1127 σματα
215 1091 393 1128 κερματίσας,
403 1092 450 1119 δύο
463 1093 606 1128 ὑπερέχειν
617 1094 656 1128 τῷ
669 1094 777 1128 μεγέθει
789 1094 899 1130 ποιήσῃ,

107 1137 158 1163 καὶ
181 1137 227 1164 ἐπὶ
250 1137 342 1164 δίσκου
359 1138 554 1172 παμμεγέθους
576 1138 777 1175 κατακολλήσῃ,
799 1140 847 1166 καὶ
865 1141 898 1176 τῇ

106 1184 196 1219 ὀροφῇ
212 1183 263 1218 τῆς
279 1183 366 1214 οἰκίας
389 1183 544 1220 ὑπαρτήσῃ,
559 1185 668 1220 τέρπων
690 1185 739 1220 μὲν
757 1186 807 1218 τὰς
826 1186 900 1221 ὄψεις

105 1229 165 1256 τῶν
189 1228 366 1264 ἱστορούντων
377 1251 384 1262 ,
409 1230 560 1262 ἀθανάτους
574 1231 601 1257 δὲ
625 1231 710 1258 ποιῶν
723 1232 772 1263 τὰς
789 1233 899 1267 μνήμας

106 1277 159 1311 τῆς
187 1275 262 1310 σφῶν
286 1275 441 1311 ἀγχινοίας·
471 1276 566 1312 πόρρω
588 1277 616 1303 δὲ
637 1277 684 1304 τοῦ
712 1278 900 1314 στερεώματος

106 1322 227 1357 ποιήσας
243 1322 352 1354 αὐτοὺς,
371 1323 431 1349 τότε
446 1323 582 1359 ὑπέθηκεν
596 1324 680 1359 αὐτῷ.
699 1325 767 1359 Φησὶ
781 1325 835 1360 γὰρ
851 1325 900 1351 αὑ-

105 1368 154 1400 τὸς
180 1369 194 1394 ὁ
215 1368 269 1394 τῶν
285 1368 364 1395 θείων
390 1370 510 1404 Μωσῆς”
541 1370 595 1397 Καὶ
619 1370 763 1404 ἐποίησεν
784 1372 800 1397 ὀ
827 1371 899 1403 Θεὸς

105 1414 181 1446 τοὺς
200 1414 255 1440 δύο
268 1415 429 1449 φωστῆρας
443 1415 512 1448 τοὺς
523 1415 684 1450 μεγάλους.
706 1415 838 1442 Ἐνταῦθα
853 1425 898 1452 μοι

105 1460 195 1496 πῆξον
217 1460 266 1496 τὴν
289 1461 383 1496 ἀκοὴν,
402 1462 560 1496 ἁξιάγαστε.
585 1462 628 1488 Ἐν
645 1462 700 1498 γὰρ
716 1463 748 1498 τῇ
773 1462 844 1495 λέξει
868 1462 899 1489 τὸ

106 1507 195 1541 σαφὲς
220 1508 387 1543 παραστήσω
414 1509 464 1544 τῆς
493 1508 545 1540 ἔξω
569 1508 616 1535 τοῦ
631 1507 819 1544 περεώματος
845 1510 899 1536 τῶν

107 1554 262 1588 φωστήρων
276 1554 425 1588 γενέσεωςο
442 1555 508 1590 φησὶ
521 1554 575 1590 γὰρ
591 1555 693 1589 Μωσῆς
705 1563 713 1570 ·
739 1555 793 1582 Καὶ
817 1555 899 1583 ἔθετο

105 1597 220 1629 αὐτοὺς
235 1597 271 1623 ἐν
286 1597 326 1630 τῷ
339 1597 456 1632 οὐρανῷ
472 1608 479 1614 ·
507 1599 594 1634 δηλῶν
618 1600 710 1633 κάτω,
735 1600 751 1636 ἢ
772 1600 823 1633 ἐξω
848 1600 900 1636 τῆς

106 1642 211 1678 ὀροφῆς
228 1643 292 1675 τοὺς
308 1643 426 1676 πίνακας
442 1645 532 1672 αὐτῶν
545 1646 674 1681 γράφων·
691 1646 738 1673 καὶ
750 1644 800 1673 εἷθ’
814 1647 900 1680 οὕτως

107 1689 283 1716 ὑποτίθενται
304 1689 388 1726 αὐτῷ.

405 1737 529 1763 ΠεΥΣιΣ
549 1739 605 1771 ιιΔν.

148 1791 234 1827 Ὁμοῦ
258 1793 321 1824 τοὺς
345 1793 390 1820 δύο
414 1793 564 1830 ἔπηξεν,ῆ
589 1795 709 1830 ἀλλήλων
731 1796 829 1828 αὑτοὺς
844 1796 899 1824 διέ-

108 1847 160 1874 στη
166 1847 214 1865 cev
227 1847 234 1871 ;

418 1884 599 1920 Ἀπόκρισις.

140 1937 200 1965 Καὶ
218 1937 286 1973 μετὰ
302 1938 351 1973 τὴν
366 1939 417 1974 τῆς
431 1940 482 1974 γῆς
499 1939 680 1976 διακόσμησιν
694 1942 708 1967 ὁ
721 1940 796 1976 ἥλιος
809 1941 898 1976 παρή-

105 1985 170 2020 χθη,
185 1985 229 2011 ἵνα
246 1985 284 2020 μὴ
304 1985 393 2019 φωτὸς
418 1986 540 2021 ἀρχηγὸν
555 1987 636 2014 αὐτόν
649 1996 720 2019 τινες
734 1987 897 2022 όνομάσωσι,

107 2032 175 2066 μήτε
187 2030 243 2057 τῶν
257 2031 290 2057 ὲκ
306 2031 358 2065 γῆς
375 2031 517 2066 φυομένων
532 2032 706 2068 δημιουργόν.
722 2033 834 2069 Πρῶτον
850 2034 899 2068 μὲν

106 2078 160 2113 γὰρ
175 2077 224 2104 τοῦ
242 2077 329 2116 φῳτδς
343 2078 360 2112 ἡ
375 2077 456 2112 φύσις
472 2078 600 2114 παρήχθη
612 2087 619 2093 ·
638 2081 670 2115 τῇ
685 2079 705 2105 δ’
720 2079 747 2106 δὲ
762 2079 853 2114 ἡμέρᾳ
867 2079 897 2106 τὸ

107 2124 220 2159 ἡλιακὸν
242 2123 290 2150 τοῦ
315 2123 439 2159 σώματος
462 2124 553 2160 όχημα
577 2123 646 2151 εἶναι
671 2124 710 2160 τῷ
735 2126 896 2161 πρωτογόνῳ

108 2169 176 2202 φωτὶ
193 2169 425 2204 παρεσκεύασται,
443 2168 538 2204 ὥσπερ
555 2178 596 2201 τις
612 2169 707 2205 λύχνος
719 2170 762 2196 διὰ
775 2171 897 2206 ἐπιτεθη-

109 2215 222 2250 σόμενον
233 2215 307 2250 αὑτῷ
320 2215 385 2251 πῦρ.
401 2215 506 2251 Ὥσπερ
520 2215 548 2242 δὲ
562 2216 654 2252 ἓτερον
667 2216 716 2250 μὲν
728 2217 744 2252 ὴ
755 2217 896 2252 λευκότης,

107 2260 201 2298 ἕτερον
216 2261 244 2288 δὲ
258 2261 287 2288 τὸ
303 2261 520 2297 λελευκασμένον
540 2261 637 2296 σῶμα”
659 2261 732 2288 οὑτω
748 2263 796 2288 καὶ
811 2263 898 2290 ταῦτα

109 2306 224 2343 διάφορα
238 2307 303 2334 ὄντα
320 2307 448 2342 ἥνωνται,
466 2308 490 2334 ει
506 2308 552 2334 καὶ
567 2307 706 2342 ἀδιαίρετά
726 2309 805 2336 εἰσιν.
828 2309 897 2334 Ἀλλ’

109 2351 187 2380 ἅτινα
204 2353 270 2388 ἡμῖν
284 2353 317 2388 τῇ
338 2353 443 2388 ἐπινοίᾳ
464 2353 516 2379 εἰσὶ
532 2354 652 2388 χωριστὰ
665 2374 672 2384 ,
699 2353 784 2380 ταῦτα
804 2355 836 2388 τῇ
854 2356 897 2380 ὲν-

109 2398 205 2433 εργεία
215 2397 364 2425 διίστανται
379 2399 411 2433 τῇ
426 2398 539 2433 δυνάμει
554 2398 601 2424 τοῦ
614 2399 775 2434 ποιήσαντος
786 2407 792 2414 ·
810 2399 839 2432 ὃς
852 2399 898 2426 καὶ

109 2439 157 2474 τὴν
179 2441 330 2476 καυστικὴν
349 2441 463 2476 δύναμιν
483 2441 529 2468 τοῦ
546 2442 630 2478 πυρὸς
644 2442 697 2469 ἀπὸ
711 2444 760 2478 τῆς
773 2443 892 2479 λαμπρό-

109 2492 188 2519 τητος
201 2485 369 2521 διεχώρισεν,
388 2485 426 2517 ὡς
446 2486 475 2512 ὲν
496 2487 529 2522 τῇ
544 2485 617 2522 βάτῳ
637 2487 684 2514 καὶ
698 2487 727 2514 ὲν
741 2488 774 2522 τῇ
789 2487 898 2523 καμίνῳ

111 2531 162 2558 τῶν
174 2532 258 2567 τριῶν
270 2533 373 2559 παίδων
385 2529 440 2559 οἷόν
452 2541 479 2559 τι
495 2533 640 2568 ἀκούομεν,
655 2534 702 2560 καὶ
713 2533 744 2560 τὸ
758 2535 787 2560 έν
801 2536 833 2570 τῇ
850 2544 898 2570 φο-

111 2576 176 2614 6ερᾷ
187 2579 276 2614 κρίσει
291 2578 348 2614 πῦρ
361 2579 424 2611 τοὺς
435 2579 555 2612 δικαίους
567 2579 692 2614 φωτίζον,
706 2580 755 2606 καὶ
765 2581 897 2616 πιμπρῶν

111 2623 172 2654 τοὺς
184 2624 375 2659 ἁμαρτωλοὺς,
388 2624 425 2656 ὡς
439 2626 571 2660 μαρτυρεῖ
581 2625 661 2652 Δαὸἰδ
671 2635 677 2640 ·
692 2625 778 2659 Φωνὴ
786 2626 897 2660 Κυρίου

112 2667 323 2702 διακόπτοντος
337 2671 435 2705 φλόγα
455 2671 559 2705 πιιοός.
587 2671 635 2697 Ἐκ
655 2671 684 2698 δὲ
702 2671 756 2698 τῶν
772 2673 836 2707 περὶ
851 2681 896 2698 σε-

112 2711 191 2749 λήνην
206 2715 300 2743 παθῶν
316 2715 369 2742 τῶν
387 2715 559 2752 ζητουμένων
581 2716 732 2752 κατάληψις
746 2725 752 2732 ·
778 2717 897 2753 λήγουσα

113 2759 173 2794 γὰρ,
190 2761 219 2787 οὐ
232 2760 272 2796 τῷ
290 2762 372 2788 παντὶ
386 2762 471 2797 αὐτῆς
487 2762 593 2798 σώματι
607 2763 841 2796 δαπανᾶται,ἁλλά
857 2764 895 2798 τῷ

114 2807 299 2842 περικείμενον
317 2807 374 2841 φῶς
390 2807 597 2844 ἀποτιθεμένην,
616 2809 662 2836 καὶ
677 2809 895 2845 προσλαμὸάνειν

144 2888 166 2904 ⁵⁸
185 2888 268 2917 Eccli.
285 2896 326 2923 Ill,
340 2889 386 2918 ‘22.
423 2891 445 2907 ”
465 2890 532 2919 Cen.
550 2899 568 2924 ι,
587 2892 614 2919 5.

826 152 998 182 DIALOGUS
1013 155 1033 182 I.

1684 158 1738 186 958

953 211 1078 240 inventas
1095 212 1174 240 sedes
1188 213 1257 241 imas
1274 218 1300 241 et
1320 213 1399 241 bases
1411 213 1523 250 insuper
1544 214 1611 242 alias
1626 218 1739 251 excogivc

953 259 1026 288 tans,
1041 257 1113 284 ultra
1133 265 1201 292 quas
1226 258 1298 293 quod
1321 263 1464 286 succurrat
1482 258 1550 285 nihil
1569 263 1630 292 est;
1657 259 1736 287 Solo-

952 310 1034 330 mone
1049 303 1220 336 inclamante,
1239 303 1402 332 Sublimiora
1422 309 1446 332 te
1460 313 1492 332 ne
1508 312 1622 340 quartas,
1639 310 1663 332 et
1676 313 1738 339 pro-

953 349 1078 383 fundiora
1091 354 1116 377 te
1130 358 1161 377 ne
1174 351 1300 377 scruteris
1314 351 1348 375 “.
1363 350 1429 383 Qum
1449 350 1497 377 tibi
1519 351 1646 378 mandata
1663 355 1737 381 sunt,

953 395 998 422 illa
1021 396 1122 431 cogita,
1144 395 1258 424 credens
1277 396 1505 424 conservatricem
1531 396 1651 424 universi
1669 397 1738 424 divi-

953 448 1015 468 nam
1031 442 1178 476 potentiam
1194 442 1285 469 omnia
1305 447 1459 470 sustentare
1472 447 1500 470 et
1521 450 1693 475 conservare,
1710 446 1738 470 ct

953 487 1046 514 omnia
1069 491 1222 522 penetrare,
1251 488 1286 515 ad
1311 488 1517 524 gubernandum
1550 489 1578 515 in
1609 489 1737 516 universa

953 532 1056 560 omnia.

1160 577 1417 606 INTERROGATIO
1434 579 1525 607 XCIII.

988 632 1066 661 Unde
1083 633 1154 661 facta
1168 638 1233 662 sunt
1247 635 1394 662 luminaria
1411 635 1452 663 sol
1468 640 1496 663 et
1517 636 1591 669 luna,
1605 640 1633 664 et
1647 640 1736 664 astro-

952 686 1013 707 rum
1028 680 1136 708 coctus?
1146 680 1225 713 Quod
1241 680 1289 708 Dei
1304 681 1414 716 quidem
1429 681 1465 709 sit
1474 681 1612 717 opiﬁcium
1622 682 1735 714 scimus,

952 725 1000 753 sed
1019 725 1053 754 de
1068 726 1222 754 substantia
1240 727 1400 762 quaerimus.

1267 771 1423 805 Responsio.

987 814 1027 842 Ex
1044 815 1205 851 primigenia
1221 816 1282 844 luce
1293 817 1359 843 mihi
1371 816 1498 844 videntur
1509 817 1654 844 luminaria
1665 825 1736 845 esse.

951 860 1019 888 Nam
1034 862 1176 889 materiam
1198 863 1266 890 lucis
1281 863 1436 897 producens
1452 863 1534 894 Deus,
1552 863 1657 898 inquit,
1675 862 1738 890 Fiat

952 907 1009 940 lux,
1020 913 1047 935 et
1058 908 1130 942 facta
1145 914 1185 936 est
1204 909 1250 936 tua:
1271 910 1305 936 ".
1324 909 1523 937 Transmittans
1547 914 1636 937 autem
1652 911 1678 936 in
1692 918 1738 936 va-

951 954 1007 981 rias
1022 955 1126 989 species
1145 955 1299 987 materiam,
1321 956 1420 991 inquit,
1444 956 1525 983 Fiant
1540 956 1683 983 luniinnriu
1703 957 1736 983 ‘°.

951 999 1040 1028 Veluti
1057 1002 1079 1027 si
1092 1001 1155 1036 quis
1165 1001 1284 1036 primum
1302 1006 1408 1036 promat
1429 1011 1547 1030 massam
1568 1003 1637 1033 auri,
1655 1009 1737 1036 quam

951 1044 980 1071 in
993 1045 1157 1072 numismata
1173 1053 1281 1079 secans,
1299 1046 1354 1073 duo
1377 1047 1532 1081 praecellere
1553 1047 1738 1082 magnitudine

952 1091 1046 1123 faciat,
1065 1097 1091 1119 et
1107 1093 1133 1119 in
1150 1092 1216 1119 orbe
1233 1100 1381 1127 permagno
1405 1093 1565 1127 conjungat.
1584 1093 1739 1127 domusque

952 1141 1024 1166 tecto
1037 1137 1170 1172 applicet;
1186 1137 1328 1164 obiectans
1347 1137 1455 1172 quidem
1469 1137 1658 1171 aspicientium
1676 1145 1738 1163 ocu-

951 1183 1003 1215 los,
1022 1183 1183 1211 immortalia
1200 1191 1263 1210 vero
1279 1183 1383 1211 faciens
1401 1187 1578 1210 monumenta
1590 1191 1646 1210 sua:
1662 1183 1738 1209 indu-

951 1229 1036 1257 striae.
1062 1229 1178 1264 Ipsaque
1208 1230 1302 1263 procul
1336 1238 1351 1256 a
1385 1229 1556 1256 ﬁrmamento
1582 1237 1736 1259 removens,

951 1275 1079 1310 deinceps
1096 1276 1133 1302 illi
1151 1275 1277 1310 subjecit.
1303 1275 1392 1309 lnquit
1414 1275 1486 1302 cnim
1506 1275 1564 1309 ipse
1583 1274 1737 1300 divinorum

951 1326 1096 1348 enarrator
1110 1320 1209 1353 Moses,
1226 1320 1259 1347 Et
1275 1321 1335 1355 [erit
1355 1320 1423 1346 Deus
1439 1320 1583 1346 luminaria
1596 1327 1691 1353 magna
1703 1319 1735 1344 “.

951 1364 1000 1393 Hic
1022 1365 1086 1392 mihi
1112 1369 1230 1393 attentas
1250 1373 1331 1393 aures
1357 1365 1456 1399 praebe,
1480 1372 1496 1391 o
1516 1364 1654 1399 praeclare.
1669 1363 1736 1389 Nam

951 1418 984 1437 ex
1000 1410 1059 1445 ipsa
1071 1410 1226 1437 elocutione
1240 1409 1413 1437 manifestum
1433 1409 1543 1441 faciam,
1561 1408 1737 1434 luminarium

951 1455 1118 1483 creationem
1138 1460 1215 1483 extra
1240 1455 1439 1483 ﬁrmamentum
1462 1463 1534 1483 esse.
1556 1455 1647 1490 lnquit
1662 1454 1736 1481 enim

951 1501 1052 1534 Moses,
1065 1501 1100 1528 Et
1113 1502 1200 1536 posuit
1215 1510 1246 1529 ea
1257 1503 1283 1529 in
1298 1502 1361 1529 cazlo
1377 1502 1409 1534 ⁵³³,
1424 1501 1555 1529 inferiora
1567 1501 1736 1536 significans.

951 1550 997 1574 aut
1008 1551 1084 1575 extra
1102 1551 1203 1575 tectum
1218 1548 1298 1575 orbes
1316 1548 1438 1583 ipsorum
1458 1548 1628 1580 describens,
1642 1547 1737 1582 sicque

951 1591 1049 1620 deinde
1063 1592 1088 1620 ei
1104 1593 1227 1628 subjecta
1243 1601 1314 1621 esse.

1160 1734 1417 1763 INTERROGATIO
1436 1735 1526 1762 XCIV.

983 1789 1052 1816 Num
1071 1789 1152 1817 simul
1170 1790 1214 1817 illa
1232 1791 1286 1818 duo
1301 1791 1496 1822 constabilivit,
1512 1795 1558 1817 aut
1578 1798 1592 1817 a
1620 1798 1648 1817 se
1669 1800 1683 1816 11
1699 1799 1706 1815 ι

950 1843 1008 1863 cem
1026 1835 1183 1871 disjunxit?

1266 1881 1420 1916 Responsio.

985 1934 1074 1962 Etiam
1100 1940 1163 1971 post
1182 1940 1262 1964 terra:
1290 1936 1497 1963 exornationem
1524 1935 1565 1963 sol
1589 1934 1736 1970 prodimus

950 1984 1002 2011 est.
1017 1989 1050 2008 ne
1065 1981 1155 2015 ipsum
1185 1981 1270 2015 aliqui
1291 1981 1362 2008 lucis
1387 1986 1525 2008 auctorem
1551 1980 1735 2009 nominarent,

950 2034 1018 2054 neve
1037 2027 1070 2054 de
1086 2031 1158 2054 terra
1183 2027 1354 2054 nascentium
1371 2027 1505 2061 opiﬁcem.
1524 2025 1645 2052 Primum
1663 2026 1735 2052 enim

950 2072 1021 2100 lucis
1037 2076 1133 2099 natura
1146 2071 1278 2107 producta
1292 2076 1343 2100 est.
1371 2071 1476 2104 Quarto
1492 2079 1555 2098 vero
1573 2071 1616 2098 die
1638 2071 1736 2098 solaris

950 2119 1076 2154 corporis
1089 2125 1188 2145 currus
1203 2118 1372 2153 primigenia:
1393 2118 1446 2144 luci
1463 2121 1575 2152 paratus
1588 2122 1640 2148 est,
1664 2117 1736 2143 velut

951 2165 1041 2200 aliqua
1081 2164 1193 2191 lucerna
1230 2168 1342 2199 propter
1370 2164 1529 2198 impositum
1553 2163 1605 2190 sibi
1635 2162 1734 2197 ignem.

949 2210 1183 2243 Quemadmodum
1209 2214 1300 2237 autem
1325 2209 1400 2236 aliud
1428 2209 1539 2244 quidem
1561 2212 1602 2235 est
1628 2207 1734 2239 albcdo,

949 2258 1022 2285 aliud
1037 2265 1101 2285 vero
1112 2257 1268 2284 dealbatum
1292 2263 1393 2290 corpus
1409 2265 1416 2282 :
1434 2255 1475 2282 sic
1502 2259 1529 2282 et
1552 2254 1609 2281 haec
1627 2253 1734 2281 diversa

949 2312 1010 2331 cum
1025 2304 1090 2336 sint,
1107 2303 1181 2330 unita
1195 2306 1269 2334 sunt,
1293 2302 1356 2329 licet
1375 2301 1494 2328 discreta
1509 2301 1573 2328 sint.
1590 2299 1735 2326 Enimvero

949 2357 1009 2384 quze
1023 2350 1150 2384 opinione
1176 2352 1269 2376 nostra
1301 2352 1366 2376 sunt
1380 2347 1553 2382 separabilia,
1576 2346 1735 2381 operatione

949 2395 1087 2427 diﬁ‘erunt,
1102 2396 1198 2422 virtute
1214 2395 1273 2429 ejus
1293 2395 1340 2428 qui
1361 2394 1435 2421 fecit.
1456 2393 1507 2426 Qui
1521 2397 1548 2420 et
1561 2392 1658 2420 urendi
1679 2392 1733 2419 vim

949 2441 976 2467 in
991 2441 1052 2475 igne
1065 2448 1080 2467 a
1096 2440 1241 2475 splendore
1253 2439 1400 2474 separavit,
1420 2438 1494 2466 velut
1513 2438 1542 2465 in
1557 2437 1624 2464 rubo
1661 2440 1688 2464 et
1704 2437 1733 2463 in

950 2487 1059 2514 fornace
1073 2487 1153 2513 trium
1168 2493 1326 2521 puerorum,
1344 2483 1499 2518 cujusmodi
1517 2487 1544 2510 et
1570 2483 1598 2510 in
1618 2482 1734 2510 terribili

946 2532 1050 2566 judicio
1064 2531 1190 2559 audimus
1204 2531 1294 2566 ignem
1311 2530 1377 2562 fore,
1385 2530 1430 2564 qui
1444 2529 1534 2565 justos
1547 2528 1657 2564 quidem
1671 2528 1735 2555 illu-

949 2578 1043 2609 minet.
1062 2578 1205 2605 comburat
1225 2585 1290 2604 vero
1313 2581 1480 2612 peccatores.
1498 2574 1733 2608 Quemadmodum

948 2627 1064 2651 testatur
1093 2622 1208 2650 Davides
1227 2631 1234 2649 :
1253 2621 1309 2649 Vox
1323 2622 1430 2649 Domini
1447 2620 1638 2656 perrumpentis
1655 2619 1734 2653 ﬂam-

950 2677 1020 2696 mam
1033 2670 1101 2705 ignis
1110 2669 1144 2696 ".
1162 2669 1262 2696 Eorum
1274 2676 1339 2696 vero
1355 2676 1414 2704 qua:
1430 2668 1464 2696 de
1474 2668 1648 2702 passionibus
1663 2666 1734 2693 lunae

952 2721 1121 2752 qumruntur,
1139 2716 1230 2743 brevis
1244 2715 1453 2750 comprehensio
1473 2718 1525 2745 est.
1549 2713 1621 2748 quod
1637 2713 1734 2740 decre-

949 2771 1030 2792 scens
1049 2771 1104 2790 non
1122 2767 1179 2790 toto
1201 2770 1316 2797 corpore
1333 2769 1384 2789 suo
1402 2765 1591 2793 consumatur,
1611 2759 1658 2787 sed
1678 2759 1733 2786 cir-

950 2809 1120 2844 cumjaccnte
1133 2809 1194 2836 lucc
1208 2808 1342 2843 deposita,
1354 2814 1503 2842 rursusque
1520 2809 1672 2842 assumpta,
1684 2805 1731 2832 de-

655 2892 677 2908 ‘°
696 2892 760 2920 ibid.
779 2893 820 2920 Η.
861 2893 881 2909 ⁶¹

953 2893 969 2921 Ι.
985 2891 1026 2919 16.
1067 2891 1088 2907 ⁶¹
1105 2890 1172 2918 ibid.
1198 2891 1238 2918 17.
1280 2890 1302 2907 ⁸³
1321 2889 1393 2918 Psal.
1415 2897 1510 2923 xxvui,
1528 2889 1554 2916 7.
