1907 3043
195 132 248 162 959

197 192 328 220 :rementi
354 197 381 221 et
401 193 563 223 incrementi
596 196 702 232 species
723 199 852 233 praebeat.
890 200 983 228 Potest

193 237 267 266 enim
282 238 310 266 in
325 247 389 267 aere
405 248 474 275 puro
489 241 575 269 videri
590 242 651 277 ejus
666 243 825 272 obscuralio
841 250 916 273 tanta
929 247 983 274 cir-

195 285 377 312 cuml‘erentia
401 287 623 324 circumscripta,
653 295 756 325 quanta
777 291 804 319 in
824 293 982 328 pleniluniis

194 334 246 356 est.
272 329 344 358 Idem
371 332 508 367 intelligas
525 333 560 360 de
576 335 645 366 sole,
672 336 725 363 nisi
750 337 823 371 quod
843 338 888 365 hic
909 337 981 373 quod

193 376 279 403 semel
300 377 417 412 accepit,
435 378 461 405 id
477 379 659 415 inseparabile
673 381 773 414 habet;
793 383 838 410 illa
855 391 920 411 vero
937 392 981 411 as-

194 421 273 450 sidue
296 423 420 450 induitur
447 429 473 452 et
500 426 621 454 exuitur.
648 427 680 455 Et
700 429 758 456 hinc
779 429 813 457 de
829 430 887 457 sole
909 429 982 458 dicta

192 467 353 496 creduntur.
375 469 461 498 Porro
476 471 558 499 situm
573 481 670 501 eorum
685 483 717 503 ex
734 476 855 504 Mosaico
877 478 982 512 soripto

194 514 387 550 intelligamus.
404 515 494 552 inquit
506 519 598 546 enim:
616 519 650 546 Et
666 521 729 554 fecit
747 521 816 549 Deus
832 522 884 550 duo
901 523 981 550 lumi—

192 561 271 586 naria
297 569 403 596 magna,
419 568 443 590 et
456 565 542 598 posuit
554 573 585 592 ea
602 566 630 593 in
645 567 812 601 ﬁrmamento
827 576 836 595 :
852 569 982 597 luminare

193 614 316 641 magnum
328 609 354 635 in
369 609 515 637 dominium
529 611 592 644 diei,
607 617 630 639 et
647 613 778 641 luminare
791 615 876 642 minus
891 616 917 642 in
931 616 980 642 do-

192 655 301 681 minium
317 658 441 684 noctis“.
458 658 529 694 Ergo
546 659 599 687 sibi
615 661 734 689 invicem
749 670 764 689 e
777 663 887 697 regione
898 670 982 697 oppo-

191 700 244 727 sita
262 701 370 733 locavit,
384 703 577 740 illmnquidem
593 707 619 733 in
633 707 744 742 regione
753 709 897 740 matutina,
912 709 981 735 hanc

191 757 257 777 vero
273 750 299 777 in
321 753 488 786 vespertina.
508 753 541 781 Et
555 755 630 782 illum
655 756 763 790 quidem
782 757 826 791 qui
845 756 897 784 diei
914 765 981 792 prae-

190 800 264 822 esset
282 806 288 823 :
307 797 376 823 hanc
393 806 456 825 vero
471 807 534 834 quae
559 801 646 828 nocti.
666 801 701 828 Ut
724 802 775 829 sibi
793 808 826 829 ex
854 803 982 837 opposito

190 848 344 874 Curreutes.
374 844 419 871 ille
433 846 541 880 quidem
559 855 608 881 per
627 848 699 874 diem
722 854 897 880 nocturnum,
924 849 981 876 haec

191 892 280 915 autem
299 897 346 923 per
370 894 480 916 noctem
507 891 646 924 diurnam.
675 893 709 920 ad
733 893 859 922 eumdem
877 895 981 929 pertiti-

189 939 255 970 gant
267 941 368 964 ortum.
397 937 430 965 Ut
447 939 598 967 inclinante
625 940 679 972 die.
709 941 767 969 hac
792 941 820 968 in
843 950 979 969 summum

176 986 268 1023 :ortus
286 983 411 1011 matutini
424 985 525 1017 veniat.
539 994 622 1021 agens
637 987 711 1014 velut
728 988 831 1023 regina.
848 989 981 1022 splendo-

174 1014 268 1056 lribus
284 1034 391 1057 noctem
401 1031 569 1059 exhilarans.
580 1032 627 1060 llle
641 1040 704 1059 vero
724 1034 845 1061 tenebris
860 1034 981 1069 ingrave-

190 1076 331 1104 scentibus
343 1077 376 1104 ad
386 1077 455 1104 idem
466 1084 589 1106 centrum
597 1080 747 1114 appellens.
755 1081 837 1108 veluti
846 1089 893 1108 rex
911 1089 980 1116 prm-

190 1120 307 1148 sidentia
316 1130 365 1149 sua
379 1123 517 1158 regionem
528 1132 635 1152 onmem
643 1133 702 1160 quae
714 1126 766 1153 sub
773 1127 844 1154 ctelo
854 1130 907 1159 est,
919 1127 980 1154 illu-

190 1169 267 1192 stret.
285 1165 320 1193 Ut
335 1167 371 1194 sit
387 1167 460 1195 illius
477 1169 587 1204 quidem
600 1173 688 1203 ortus.
707 1171 790 1206 hujus
807 1179 937 1205 occasus;
953 1177 979 1199 et

190 1211 272 1246 hujus
288 1213 474 1247 praesidentia.
493 1214 568 1242 illius
585 1216 749 1244 subtractio.
767 1217 801 1244 Ut
823 1218 979 1251 perﬁciakir

189 1257 266 1292 illud,
287 1258 462 1287 Dominenlur
474 1260 527 1288 diei
539 1266 564 1288 et
577 1263 690 1289 nacti“.

400 1401 658 1433 INTERROGATIO
687 1405 767 1434 XCV.

224 1447 366 1480 Quomodo
378 1456 440 1476 eum
455 1450 542 1485 elapsi
555 1455 649 1479 essent
676 1452 735 1480 dies
752 1452 786 1480 ab
799 1456 861 1480 ortu
884 1460 976 1480 rerum

189 1498 317 1528 quatuor.
332 1494 411 1529 plena
420 1501 479 1523 erat
492 1496 601 1529 luna,et
613 1501 701 1524 totum
718 1498 848 1526 mundum
858 1499 979 1528 illustra-

188 1538 246 1571 bat,
256 1547 310 1566 non
325 1539 405 1567 aliter
415 1548 447 1567 ac
459 1541 483 1568 si
495 1541 555 1570 dies
569 1542 728 1578 quindecim
743 1545 829 1579 elapsi
842 1545 979 1573 fuissent?

188 1585 332 1618 Quomodo
344 1594 409 1614 vero
426 1587 507 1615 hodie
521 1596 583 1615 cum
606 1589 699 1616 itidem
721 1590 902 1624 quatriduana
924 1595 977 1622 est,

188 1639 244 1659 non
255 1632 382 1660 similiter
399 1640 448 1660 uer
463 1639 571 1661 noctem
587 1634 725 1662 illuminat
737 1636 888 1663 mundum?

506 1679 661 1714 Responsio.

222 1724 411 1757 Quatriduana
426 1725 537 1760 quidem
555 1731 682 1762 respectu
709 1727 890 1761 pracedentis
912 1735 979 1755 con-

188 1777 329 1798 servorum
348 1775 425 1798 ortus
442 1771 553 1804 dicitur,
565 1779 619 1799 non
636 1773 715 1808 quasi
724 1773 908 1808 quatriduana
919 1774 978 1802 fuc-

188 1815 234 1847 rit.
263 1823 323 1850 qua:
350 1815 527 1851 postmodum
554 1821 647 1844 creata
671 1818 807 1852 apparuit.
831 1817 978 1847 Enimvero

187 1868 250 1887 cum
270 1861 380 1888 condita
399 1865 452 1894 est,
472 1861 595 1896 perfecta
611 1867 680 1890 erat.
710 1862 771 1891 Non
794 1865 867 1891 enim
885 1865 979 1892 debuit

187 1906 355 1938 mutilatum,
367 1911 415 1934 aut
430 1907 654 1943 semiperfectum
675 1916 737 1937 esse
749 1909 874 1937 divinum
897 1918 977 1946 opus,

186 1951 266 1985 Quod
279 1956 371 1980 autem
385 1960 459 1980 nunc
467 1961 521 1980 non
530 1953 593 1981 talis
600 1954 780 1989 conspicitur,
794 1956 903 1991 quando
911 1965 979 1992 qua-

187 1999 316 2027 triduana
339 2003 393 2033 est,
415 2007 450 2027 ne
465 2000 619 2036 quaestione
636 2001 747 2036 quidem
772 2002 885 2039 dignum
906 2004 979 2032 arbi-

186 2050 255 2076 tror.
272 2044 296 2072 si
308 2048 431 2072 nostram
444 2045 590 2082 imaginem
601 2047 822 2077 consideremus.
834 2048 977 2077 Perfectus

186 2090 258 2119 \‘nim
271 2091 377 2127 primus
392 2095 469 2127 pater
482 2096 576 2120 noster
590 2093 713 2122 Adamus
739 2099 860 2128 creatus,
889 2096 978 2131 perfe-

185 2140 257 2164 ctam
270 2145 379 2172 quoque
394 2137 456 2165 vita!
469 2143 623 2167 consortem
633 2140 743 2176 accipit.
759 2141 841 2176 Atqui
854 2141 978 2170 videmus

185 2183 295 2211 illorum
306 2187 435 2219 posteros
453 2191 507 2212 non
521 2185 646 2213 eamdem
661 2194 773 2215 servare
793 2188 977 2223 mqualitatem

187 2229 394 2265 magnitudinis,
407 2238 494 2268 neque
509 2231 574 2259 item
587 2231 621 2259 ad
632 2233 818 2268 generandum
834 2235 976 2270 progredi.

187 2276 240 2303 nisi
250 2276 326 2312 prius
343 2284 472 2312 processu
485 2277 616 2315 temporis
632 2278 666 2306 ad
673 2279 792 2307 debitam
805 2281 978 2315 pervenerint

187 2323 415 2359 magnitudinem.
431 2323 616 2360 Posteaquam
643 2331 733 2354 autem
753 2326 824 2355 hanc
857 2328 977 2356 assecuti

187 2370 300 2404 fuerint,
318 2370 472 2398 interventu
489 2371 588 2399 mortis
606 2372 634 2400 in
657 2376 759 2401 terram
781 2382 880 2402 rursus
903 2375 977 2404 desi-

186 2420 266 2445 nunt.
281 2415 366 2444 Paulo
379 2421 511 2452 postvero
523 2426 571 2454 per
581 2419 813 2448 resurrectionem
827 2429 978 2449 renascun-

186 2467 242 2496 tur.
257 2462 383 2498 deposito
399 2467 427 2491 et
441 2463 533 2492 denuo
553 2464 650 2493 induto
664 2473 790 2502 corpore,
811 2466 886 2502 juxta
907 2468 979 2496 luna:

187 2508 403 2536 similitudinem.
424 2508 554 2538 Undecim
570 2516 661 2538 autem
676 2511 735 2540 dies
751 2512 853 2548 quibus
869 2521 979 2548 supera-

187 2555 227 2583 vit
243 2555 339 2588 solem.
360 2563 416 2584 non
433 2556 599 2591 substantia.
615 2557 662 2585 sed
679 2562 776 2586 natura
797 2559 923 2595 rependit
939 2560 976 2594 ei,

163 2607 165 2610 '
187 2609 236 2637 per
248 2602 397 2638 quemlibet
410 2610 533 2632 mensem
548 2604 608 2632 dies
626 2604 722 2640 viginti
738 2613 836 2634 novem
851 2609 878 2634 et
893 2606 976 2634 dimi-

187 2647 262 2676 dium
276 2656 435 2683 numerans,
447 2653 475 2678 et
490 2654 627 2679 trecentos
647 2651 846 2687 quinquaginta
861 2655 979 2688 quatuor

186 2692 246 2722 dies
258 2694 404 2722 absolvens
426 2702 475 2730 per
496 2695 561 2722 anni
577 2695 735 2730 circuitum,
757 2696 908 2724 secundum
926 2696 979 2725 He-

186 2737 288 2766 braam
306 2739 542 2775 supputationem.
557 2739 617 2768 Non
636 2741 709 2768 enim
722 2745 824 2770 norunt
837 2742 877 2770 illi
901 2751 978 2771 men-

187 2790 232 2812 ses
259 2784 456 2818 Romanorum,
482 2785 529 2820 qui
542 2785 615 2822 apud
643 2793 694 2814 nos
719 2790 794 2821 sunt,
822 2787 909 2816 solam
935 2795 977 2816 se-

191 2838 205 2867 ι
213 2833 303 2858 tentes
315 2831 417 2858 lunam.

226 2898 249 2915 “
267 2897 335 2927 Gen.
353 2907 372 2933 ι,
393 2899 436 2934 l6,
460 2899 503 2928 l7.
540 2900 564 2916 "
584 2899 650 2928 ibid.
672 2900 714 2930 18.

749 139 777 166 S.
798 139 947 168 C/ESABII
962 140 1124 170 GREGORII
1143 141 1292 170 FRATRIS

1773 142 1832 171 960

1035 202 1126 234 πάλιν,
1139 202 1312 233 ἐλαττώσεως
1323 201 1367 228 καὶ
1380 201 1518 236 αὐξήσεως
1532 201 1581 232 τὰς
1593 201 1744 236 φαντασίας
1756 209 1831 237 παρ-

1035 248 1137 283 έχεται.
1164 248 1273 281 Ἔξεστι
1299 247 1353 282 γὰρ
1377 248 1406 273 ἐν
1430 247 1542 282 καθαρῷ
1563 246 1602 282 τῷ
1627 247 1686 283 ἀέρι
1706 247 1771 273 ἰδεῖν
1792 247 1830 274 ’τὸ

1034 293 1158 329 ἀλαμπὲς
1181 293 1280 329 αὐτῆς,
1301 293 1354 320 ὑπὸ
1377 293 1511 329 τοσαύτης
1536 293 1629 328 ἁψῖδος
1651 294 1828 329 περιγραφό-

1037 348 1127 374 μενον.
1138 339 1238 375 ὁπόσης
1255 340 1285 366 ἐν
1299 340 1485 374 πανσελήνοις.
1502 339 1628 366 Τοιοῦτον
1642 339 1697 365 νόει
1713 340 1760 365 ἐπὶ
1774 339 1825 366 τοῦ

1035 386 1123 421 ήλίου·
1145 386 1225 422 πλὴν,
1238 387 1253 412 ὸ
1265 386 1315 422 μὲν
1335 386 1406 419 ἅπαξ
1423 385 1522 417 λαϐὼν,
1537 385 1687 422 ἀχώριστον
1701 385 1758 421 ἔχει
1773 387 1826 414 αὐ-

1034 433 1100 468 τήν’
1125 433 1141 468 ὴ
1164 433 1192 459 δὲ
1214 431 1333 468 συνεχῶς
1355 432 1545 468 ἀμφιαζομένη
1569 432 1617 458 καὶ
1637 431 1824 466 ἁποδυομὲνη.

1034 479 1089 505 Καὶ
1103 478 1137 505 τὰ
1153 479 1217 514 περὶ
1232 479 1278 506 τοῦ
1295 478 1371 515 ἡλίου
1387 478 1519 514 είρημένα
1533 478 1685 505 πιστοῦται.
1710 479 1758 504 Ἐκ
1774 478 1824 504 τοῦ

1033 525 1179 551 Μωσαῖκοῦ
1199 525 1361 561 γράμματος
1386 525 1435 560 τὴν
1460 525 1534 551 θέσιν
1554 524 1645 551 αὐτῶν
1661 525 1823 559 νοήσωμεν·

1033 570 1100 605 φησὶ
1115 570 1184 605 γάρ·
1207 570 1261 597 Καὶ
1277 570 1421 604 ἐποίησεν
1433 571 1450 597 ὀ
1465 569 1536 602 Θεὸς
1551 569 1622 603 τοὺς
1634 569 1690 597 δύο
1703 569 1824 604 φωστῆ-

1029 624 1087 650 ρας
1112 615 1183 648 τοὺς
1209 615 1375 651 μεγάλους,
1399 615 1450 642 καὶ
1475 615 1559 643 ἔθετο
1582 615 1693 648 αὐτοὺς
1719 616 1756 642 ἐν
1781 615 1823 648 τῷ

1031 663 1220 697 στερεώματι,
1245 662 1299 690 τὸν
1317 661 1460 696 φωστῆρα
1476 661 1530 688 τὸν
1546 661 1641 697 μέγαν
1659 662 1702 694 εις
1723 661 1822 696 ἀρχὰς

1032 708 1088 743 τῆς
1103 709 1225 743 ἡμέρας,
1247 708 1296 735 καὶ
1315 708 1368 735 τὸν
1392 707 1536 743 φωστῆρα
1553 707 1606 735 τὸν
1624 707 1759 739 ἐλάσσω,
1775 709 1821 740 εἰς

1031 754 1126 788 ἀρχὰς
1137 755 1192 788 τῆς
1205 756 1325 788 νυκτός.
1348 754 1583 790 ’Δντιπροσώπους
1594 754 1683 781 τοίνυν
1697 754 1822 790 ἀλλήλων

1032 801 1130 832 αὐτοὺς
1157 800 1244 832 ἔθετο.
1268 801 1315 828 τὸν
1343 801 1392 837 μὲν
1416 802 1445 827 ὲν
1469 803 1501 837 τῇ
1525 801 1590 836 ὲῲᾳ,
1609 801 1659 836 τὴν
1680 801 1709 828 δὲ
1735 802 1764 827 ἐν
1784 803 1816 835 τῇ

1033 850 1134 885 ἑσπέρᾳ
1151 869 1159 882 ,
1183 847 1285 874 ἐκεῖνον
1300 848 1349 882 μὲν
1362 849 1411 882 τῆς
1428 848 1534 883 ἡμέρας
1553 848 1658 884 ἄρχειν,
1674 847 1778 883 ταύτην
1789 848 1819 874 δὲ

1032 896 1081 929 τῆς
1103 894 1199 926 νυκτός
1216 902 1224 910 ⁸
1251 895 1294 921 ἵνα
1309 895 1414 926 ἑαυτοῖς
1428 894 1605 927 άντιθέοντες,
1620 895 1635 921 ὁ
1651 894 1702 929 μὲν
1713 894 1757 921 διὰ
1771 893 1818 920 τοῦ

1031 940 1237 975 ήμερονυκτίου.
1251 941 1266 974 ἡ
1278 939 1305 966 δὲ
1319 940 1362 966 διὰ
1377 939 1422 966 τοῦ
1434 939 1616 976 νυχϐημέρου,
1631 941 1676 966 ἐπὶ
1691 940 1742 975 τὴν
1754 940 1818 975 μίαν

1031 986 1121 1021 φθάσῃ
1135 986 1267 1020 ἀνατολήν
1277 994 1283 1000 ’
1301 986 1374 1017 ὅπως
1387 986 1493 1021 ἡμέρας
1508 986 1661 1020 κλινούσης,
1710 987 1760 1021 μὲν
1771 987 1818 1016 ἐπὶ

1030 1032 1060 1058 τὸ
1076 1031 1160 1067 ἄκρον
1173 1031 1224 1065 τῆς
1237 1031 1307 1066 ἑῴας
1320 1031 1430 1066 γένηται
1445 1031 1526 1058 οἱονεὶ
1541 1031 1683 1066 βασίλισσα
1709 1031 1816 1066 ἔχουσα,

1031 1079 1077 1105 καὶ
1095 1079 1155 1109 ταῖς
1175 1078 1278 1111 αὐγαῖς
1291 1077 1340 1114 τὴν
1361 1077 1446 1105 νύκτα
1473 1077 1656 1113 φαιδρὺνουσα
1669 1086 1675 1092 ·
1700 1079 1714 1104 ὁ
1729 1078 1757 1104 δὲ
1772 1077 1818 1104 τοῦ

1029 1124 1142 1156 σκότους
1156 1123 1364 1156 ὑπονοστοῦντος
1384 1124 1432 1150 ἐπὶ
1448 1124 1479 1150 τὸ
1498 1123 1563 1150 αὐτὸ
1580 1123 1691 1159 κέντρον
1708 1124 1819 1155 ἐλάσας,

1029 1167 1084 1197 οἷον
1093 1170 1160 1203 άναξ
1171 1172 1204 1205 τῇ
1219 1170 1348 1205 προεδρίᾳ
1362 1170 1411 1206 τὴν
1425 1170 1469 1196 ὑπ’
1480 1169 1593 1205 οὐρανὸν
1605 1169 1801 1204 καταπράπτῃ
1809 1175 1815 1182 ·

1030 1215 1100 1242 ὥστε
1126 1216 1259 1251 ὑπάρχειν
1281 1215 1387 1242 ἐκείνου
1412 1216 1461 1251 μὲν
1483 1216 1533 1250 τὴν
1549 1215 1698 1249 ἀνατολὴν,
1717 1214 1818 1248 ταύτης

1028 1261 1104 1288 δύσιν
1117 1270 1123 1276 ·
1147 1261 1248 1296 ταύτης
1261 1261 1289 1287 δὲ
1302 1262 1351 1297 τὴν
1364 1261 1522 1297 προεδρίαν,
1535 1261 1641 1286 ἐκείνου
1655 1259 1815 1294 ὑποστολὴν.

1028 1308 1102 1340 ὅπως
1119 1308 1248 1344 πληρωθῇ
1271 1307 1312 1341 τὸ,
1340 1308 1526 1342 Ἀρχέτωσαν
1540 1307 1596 1341 τῆς
1618 1306 1746 1341 ἡμέρας,
1768 1305 1817 1333 καὶ

1030 1354 1084 1387 τῆς
1099 1355 1220 1387 νυκτός.
1444 1366 1447 1370 '

1322 1401 1446 1427 ΠΕΥΣΙΣ
1463 1401 1521 1434 ιιΕν.

1065 1446 1126 1478 Πῶς
1139 1447 1286 1482 τεταρταία
1302 1445 1369 1474 οὖσα
1387 1447 1457 1480 τότε,
1482 1446 1650 1482 πανσέληνος
1665 1443 1711 1481 ἦν,
1731 1445 1818 1472 πάντα

1028 1493 1074 1520 τὸν
1099 1493 1200 1529 κόσμον
1225 1493 1453 1528 καταυγάζουσα,
1476 1493 1576 1528 ὁμοίιος
1603 1493 1651 1519 τοῦ
1675 1492 1754 1518 πέντε
1772 1492 1819 1518 καὶ

1028 1538 1158 1565 δεκαταια
1176 1538 1322 1574 γενέσθαι;
1344 1537 1402 1570 πῶς
1417 1538 1446 1565 δὲ
1467 1539 1587 1573 σήμερον
1601 1538 1748 1572 τεταρταία
1766 1538 1819 1563 πά-

1029 1585 1070 1612 λιν
1095 1584 1182 1618 οὖσα,
1207 1586 1257 1620 οὺχ
1282 1585 1381 1620 ὁμοίως
1404 1583 1449 1611 διὰ
1471 1585 1568 1615 νυκτὸς
1584 1583 1757 1619 καταλάμπει
1773 1583 1818 1609 τὸν

1029 1631 1130 1667 κόσμον
1139 1639 1147 1665 ς

1333 1677 1514 1710 Ἀπόκρισις.

1065 1723 1258 1760 Τετραήμερος
1285 1723 1333 1759 μὲν
1362 1724 1439 1759 παρὰ.
1459 1722 1511 1758 τὴν
1535 1722 1743 1759 προηγουμένην
1765 1722 1818 1749 τῶν

1031 1770 1180 1797 συνδούλων
1193 1770 1300 1805 γένεσιν
1316 1769 1434 1804 λέγεται.
1456 1770 1512 1805 Οὐχ
1528 1769 1566 1801 ὡς
1581 1769 1610 1796 δὲ
1623 1769 1755 1804 τέτταρας
1769 1770 1817 1804 μὲν

1029 1816 1127 1852 ἔχουσα
1141 1817 1257 1852 ἡμέρας,
1268 1816 1408 1843 κτισθεῖσα
1422 1816 1534 1851 ὕστερον
1549 1815 1677 1850 ἐξεφάνη,
1691 1815 1748 1842 ἀλλ’
1763 1815 1815 1850 ἠνί-

1030 1871 1065 1889 κα
1075 1863 1288 1898 ὲδημιουργήθη,
1301 1862 1391 1889 τελεία
1402 1862 1539 1898 ὑπῆρχεν·
1554 1862 1583 1888 οὑ
1597 1861 1652 1897 γὰρ
1666 1861 1718 1888 ἔδει
1730 1862 1816 1896 ἠκρω-

1029 1909 1214 1944 τηριασμένον
1228 1908 1244 1944 ἢ
1260 1908 1387 1943 ἡμιτελὲς
1398 1908 1531 1943 ὑπάρχειν
1545 1907 1574 1934 τὸ
1589 1907 1658 1934 θεῖον
1669 1907 1769 1943 δρᾶμα.
1782 1906 1816 1932 To

1029 1955 1058 1981 δὲ
1073 1954 1111 1990 μὴ
1127 1953 1254 1989 τοιαύτην
1269 1953 1316 1981 νῦν
1329 1953 1512 1989 τεταρτοῦσαν
1528 1952 1652 1988 ὁρᾶσθαι,
1663 1951 1724 1978 οὐδὲ
1737 1951 1816 1986 ζητή-

1031 2009 1099 2033 σεως
1115 2000 1188 2033 ἄξιον
1199 1998 1286 2036 οἶμαι,
1300 2000 1353 2035 τῆς
1364 2000 1501 2036 ἡμετέρας
1516 1998 1618 2030 εἰκόνος
1632 1998 1661 2024 ὲν
1673 1998 1741 2033 αὐτῇ
1753 1998 1817 2033 ὀρω-

1031 2047 1124 2083 μὲνης.
1144 2047 1252 2079 Τέλειος
1266 2047 1320 2083 γὰρ
1338 2048 1353 2073 ὁ
1370 2047 1522 2083 προπάτωρ
1539 2044 1618 2081 ἡμῶν
1637 2044 1722 2079 ’Δδὰμ
1740 2045 1816 2079 δημι-

1031 2093 1186 2129 ουργηθεὶς,
1199 2092 1304 2120 τελείαν
1319 2092 1425 2119 καὶτοῦ
1444 2091 1500 2127 βίου
1515 2090 1642 2118 κοινωνὸν
1661 2089 1815 2125 κομίζεται·

1032 2139 1079 2165 καὶ
1091 2137 1198 2174 ὁρῶμεν
1222 2138 1285 2170 τοὺς
1297 2137 1410 2164 ἐκείνων
1425 2135 1565 2171 διαδόχους
1582 2135 1620 2171 μὴ
1637 2135 1687 2170 τὴν
1712 2135 1818 2170 ἰσότητα

1033 2183 1129 2217 σώζειν
1143 2183 1190 2211 τοῦ
1208 2184 1320 2211 ἐκείνων
1339 2182 1482 2219 μεγέθους,
1499 2180 1576 2213 αὖθις
1591 2180 1638 2208 τοῦ
1657 2182 1696 2213 εἰς
1716 2181 1818 2216 γένεσιν

1032 2229 1188 2266 παρελθεῖν,
1205 2228 1288 2266 πρινὴ
1309 2228 1354 2256 διὰ
1374 2228 1423 2264 τῆς
1445 2227 1500 2254 τῶν
1523 2227 1625 2264 χρόνων
1643 2226 1818 2262 παραδρομῆς

1029 2278 1072 2304 ἐπ’
1089 2277 1177 2303 ὲκείνο
1200 2275 1291 2311 φθάσῃ
1306 2275 1337 2302 τὺ
1354 2273 1486 2311 μέγεθος·
1513 2273 1622 2301 ἐπειδὰν
1643 2273 1666 2299 δ’
1688 2274 1718 2299 ἐν
1735 2271 1817 2306 τούτῳ

1029 2323 1153 2360 γένηται,
1169 2322 1214 2349 διὰ
1228 2321 1345 2348 θανάτου
1363 2321 1444 2348 πάλιν
1463 2320 1503 2352 είς
1517 2320 1568 2356 γῆν
1580 2319 1731 2354 ἀπολήγει·
1755 2321 1818 2354 μετά

1029 2369 1116 2406 βραχὺ
1131 2369 1160 2396 δὲ
1175 2368 1255 2395 πάλιν
1266 2369 1299 2404 τῇ
1312 2367 1458 2394 ἀναστάσει
1475 2367 1612 2401 γεννᾶται,
1627 2365 1817 2400 άποτιθέμενος

1029 2417 1075 2444 καὶ
1093 2414 1344 2452 ὲπαμφιεννύμενος
1368 2413 1398 2441 τὸ
1418 2412 1498 2449 σῶμα
1514 2412 1584 2440 κατὰ
1600 2412 1649 2448 τὴν
1665 2411 1757 2438 εἰκόνα
1772 2411 1818 2446 τῆς

1029 2462 1168 2498 φαίνακος.
1184 2461 1239 2493 τὰς
1251 2461 1278 2487 δὲ
1292 2460 1388 2487 ἕνδεκα
1405 2459 1512 2492 ὲκείνας
1528 2458 1633 2494 ἡμέρας
1647 2457 1680 2489 ἃς
1697 2457 1818 2484 ἐπλεονέ-

1029 2519 1113 2546 κτησε
1130 2509 1174 2536 τὸν
1187 2509 1273 2545 ἥλιον,
1287 2507 1318 2534 οὐ
1334 2508 1368 2543 τῇ
1385 2505 1512 2542 ὑπάρξει,
1528 2504 1596 2531 ἀλλὰ
1610 2505 1644 2539 τῇ
1659 2503 1740 2538 φύσει
1753 2504 1817 2530 ἀπο-

1028 2558 1146 2584 τίννυσιν
1161 2555 1245 2591 αὐτῷ,
1261 2555 1294 2582 δι’
1309 2554 1425 2581 ἑκάστου
1447 2551 1530 2588 μηνὸς
1551 2550 1718 2577 εἰκοσιεννέα
1734 2550 1816 2585 ἥμισυ

1028 2602 1140 2639 ἡμερῶν
1159 2599 1370 2638 ἀριθμουμένη,
1395 2599 1442 2626 καὶ
1470 2596 1628 2633 τριακοσίας
1651 2596 1817 2631 πεντήκοντα

1028 2649 1164 2683 τέσσαρας
1175 2647 1283 2683 ἡμέρας
1297 2645 1467 2673 ἀποτελοῦσα
1486 2645 1520 2679 τῇ
1541 2641 1658 2677 περιόδῳ
1671 2641 1720 2668 τοῦ
1733 2640 1815 2671 ἔτους,

1029 2695 1100 2723 κατὰ
1120 2694 1170 2730 τὴν
1197 2693 1325 2726 Ἐὃραῖδα
1345 2692 1445 2728 ψῆφον.
1472 2690 1508 2717 Οὐ
1534 2689 1588 2724 γὰρ
1609 2688 1699 2714 ἴσασιν
1721 2687 1815 2714 ἐκεῖνοι

1028 2743 1091 2774 τοὺς
1106 2741 1167 2769 καθ’
1183 2741 1257 2777 ἡμᾶς
1275 2738 1417 2776 Ῥωμαίων
1432 2736 1531 2774 μῆνας,
1549 2736 1583 2771 τῇ
1601 2735 1673 2771 μήνη
1692 2734 1814 2769 ἑπόμενοι

1031 2789 1110 2826 μόνῃ.
