1907 3043
88 128 143 158 961

385 185 509 212 uersis
527 185 594 220 ιιςν.

129 241 164 268 Τί
181 242 237 268 ἐστι
251 240 291 273 τὸ,
316 241 476 268 Ἔστωσαν
493 243 536 275 εἰς
553 241 672 276 σημεῖα,
694 241 743 268 καὶ
758 243 801 276 εἰς
821 251 884 269 και-

87 286 180 321 ροὺς,
199 286 249 313 καὶ
262 287 306 319 εἰς
321 286 442 321 ἡμέρας,
461 287 508 314 καὶ
524 288 567 320 είς
580 288 755 321 ἐνιαυτούς;
775 288 882 324 Ἐπειδή

91 341 168 365 τινες
183 332 290 366 λέγουσι
305 333 389 360 πολλὰ
412 334 444 360 ὲκ
456 333 511 360 τῶν
530 333 666 369 στοιχείων
686 334 884 370 τεκμαίρεσθαι

91 377 162 411 περὶ
173 376 223 412 τῆς
237 376 410 412 ἀνθρωπίνης
422 377 564 412 γενέσεως.

401 444 583 478 Ἀπόκρισις.

140 501 174 528 οι
197 501 246 536 μὲν
262 500 457 537 ματαιὸφρονες
477 501 663 537 ἀστρολογίαις
681 502 730 538 τὴν
746 503 820 538 σφῶν
838 505 884 539 γέ-

92 555 169 574 νεσιν
185 547 393 582 ἐπιγράφουσιν.
415 547 477 574 ’Ότι
490 548 518 575 δὲ
529 549 577 584 οὐχ
588 545 644 575 οἷόν
661 557 690 575 τε
706 550 760 577 ἀπὸ
776 549 883 586 ἄστρων

91 592 303 628 σημειώσασθαί
321 601 347 619 τι
368 593 431 629 περὶ
454 594 505 629 τῆς
522 593 626 629 βροτῶν
644 594 727 631 ζωῆς,
750 598 885 632 μαρτυρεί

97 639 233 670 Ἡσαΐας,
258 639 370 672 φάσκων
384 647 391 655 ·
421 639 645 674 Ἀναστήτωταν
663 643 690 668 οι
705 642 883 678 ἀστρολόγοι

91 685 146 713 τοῦ
160 685 303 720 οὐρανοῦ,
316 687 342 712 οι
355 686 522 720 ,ϐλέποντες
539 688 582 720 εἰς
592 687 663 720 τοὺς
678 687 817 723 ἀστέρας,
832 689 882 716 καὶ

91 731 358 766 ἀναγγειλάτωσαν
371 732 400 758 τί
413 740 462 759 σοι
480 732 587 767 μέλλει
606 734 750 768 τίνεσθαι.
776 735 882 770 Μικρὸν

90 778 119 804 δὲ
139 778 255 813 ὕστερον
270 778 437 813 πλατύτερον
454 778 606 814 ἐκθήσομαι
627 780 690 811 τοὺς
704 780 815 808 ἐκείνων
831 780 881 816 μύ-

92 823 166 855 θους.
195 824 235 851 Τὰ
258 823 286 850 δὲ
308 825 408 860 σημεῖα
433 823 479 851 τοῦ
496 824 611 860 οὐρανοῦ
631 825 678 852 καὶ
699 825 753 852 τῶν
775 826 882 862 ἄστρων

91 869 207 908 eburno;
223 869 340 905 λεχθείη,
355 869 463 906 ὁμόροι,
484 870 637 906 πνεύματα,
659 870 806 906 χειμῶνες,
821 871 880 908 ἔαρ.

92 915 187 942 Ταῦτα
199 916 232 941 ὲκ
245 915 299 942 τῶν
311 915 418 950 ἄστρων
434 915 627 951 παιδευόμεθα,
643 915 711 942 Θεοῦ
729 916 882 952 φιλανθρω-

92 962 175 988 πίαν²
197 962 272 992 ὅπως
285 962 299 988 ὁ
318 960 440 992 ναυτῖλος
455 961 526 996 δρῶν
538 961 569 988 τὸ
585 962 707 997 σημεῖον,
724 962 770 988 ἐπὶ
786 962 883 997 λιμένα

92 1007 220 1038 ciuica;
232 1006 280 1042 τὴν
297 1006 374 1040 ναῦν,
393 1006 535 1043 ἀποδράσῃ
546 1007 577 1033 τὸ
589 1007 718 1042 ναυάγιον
729 1017 735 1023 ·
752 1008 795 1035 ἵνα
806 1009 820 1035 ό
833 1017 883 1043 γη-

93 1052 176 1084 πόνος
197 1051 237 1087 τῷ
258 1052 357 1087 ὲτησίῳ
382 1052 488 1088 σημείῳ
504 1053 652 1088 ἑπόμενος,
674 1054 809 1090 διασκάψῃ
832 1055 882 1090 τὴν

92 1100 230 1134 ἄρουραν·
252 1098 295 1124 ἵνα
309 1098 323 1124 ό
338 1097 428 1133 ὁδίτης
443 1097 538 1133 βραχεῖ
555 1099 585 1125 ἐν
602 1098 642 1134 τῷ
659 1099 808 1136 πανδοκείῳ
823 1100 883 1136 μεί-

92 1153 141 1176 νας
155 1143 276 1181 διαφύγῃ
286 1144 334 1179 τῆς
349 1143 501 1179 ἐπομϐρίας
514 1144 573 1180 ἢτοι
586 1143 704 1180 χαλάζης
715 1145 764 1181 τὴν
777 1146 881 1181 ἔφοδον.

93 1189 199 1216 Γίνεται
217 1191 318 1224 σημεῖα
332 1190 377 1216 καὶ
391 1189 516 1226 πολέμων
532 1190 579 1217 καὶ
594 1191 705 1226 εἰρήνης
715 1199 721 1207 ·
737 1191 820 1220 ταῦτα
835 1193 882 1220 καὶ

92 1237 106 1262 ό
119 1236 215 1272 Σωτὴρ
229 1235 376 1263 ἐϐεϐαίωσε
393 1235 532 1272 θεηγορῶν
548 1236 617 1272 πρὸς
638 1237 791 1270 Ἰουδαίους.

391 1304 514 1331 ΠΕΥΣΙΣ
530 1305 587 1339 112’.

127 1360 161 1386 Ti
174 1358 237 1393 05v;
253 1360 320 1387 αὐτὸ
332 1361 451 1396 νομίζεις
466 1361 598 1397 ὑπάρχειν
609 1361 702 1398 καιρὸν
714 1363 759 1390 καὶ
770 1365 881 1399 σημεῖον

93 1407 140 1433 καὶ
155 1407 264 1442 χρόνους
282 1407 329 1433 καὶ
343 1407 401 1438 πῶς
416 1408 465 1438 τὴν
480 1407 611 1443 διαφορὰν
627 1408 743 1443 δηλοῦσα
757 1410 774 1445 ἡ
786 1410 880 1446 Γραφὴ

93 1453 182 1488 λέγει·
213 1454 267 1480 Καὶ
289 1454 427 1480 ἔστωσαν
437 1454 480 1486 εις
497 1453 616 1488 σημεῖα.
632 1454 736 1487 καὶεὶς
748 1456 880 1490 καιροὺς,

94 1501 196 1532 καὶείς
210 1500 332 1534 ἡμέρας,
351 1500 401 1526 καὶ
419 1501 462 1533 sic
478 1499 653 1534 ὲνιαυτούς;

400 1567 581 1601 Ἀπόκρισις.

129 1625 243 1659 Ἕτερον
258 1623 307 1658 μὲν
320 1623 425 1658 χρόνος,
438 1623 550 1659 θάτερον
563 1623 591 1649 δὲ
602 1624 707 1659 καιρός·
725 1624 754 1650 τὺ
770 1624 817 1660 μὲν
827 1625 881 1660 γὰρ

97 1670 200 1705 μήκους
212 1669 329 1704 ὑπάρχει
342 1668 519 1704 σημαντικὸν,
530 1668 560 1695 τὸ
571 1668 598 1695 δὲ
612 1668 762 1704 εὐκαιρίας.
779 1670 816 1696 Οὐ
828 1669 881 1705 γάρ

95 1724 185 1751 φαμεν
199 1724 206 1730 ·
231 1715 332 1750 Χρόνος
354 1713 455 1750 ἐπέστη
471 1713 577 1750 ἀμητοῦ
597 1714 613 1750 ἢ
628 1714 781 1750 τρυγητοῦ,
802 1715 880 1749 ἀλλὰ,

94 1761 207 1796 καιρός·
230 1760 301 1792 οὐδὲ,
321 1760 424 1794 Χρόνος
441 1760 528 1795 γῆμαι
543 1760 592 1794 τὴν
607 1761 707 1793 νεᾶνιν,
726 1761 804 1794 ἀλλὰ,
820 1771 882 1789 και-

97 1808 158 1844 ρός·
179 1806 227 1833 τοῦ
246 1806 327 1840 σοφοῦ
345 1806 515 1842 Σολομῶντος
528 1807 614 1834 ταῦτα
627 1807 808 1839 παιδεύοντος.
831 1808 882 1843 Ση-

98 1854 161 1888 μεῖα
173 1852 202 1879 δὲ
215 1852 270 1878 τῶν
284 1853 390 1888 ἄστρων
403 1853 466 1879 τάδε
486 1852 575 1888 φημί·
598 1852 730 1889 ἀνατολὴν
745 1853 880 1887 πλειάδος,

95 1898 182 1934 ἀρχὴν
194 1897 300 1932 ἀμητοῦ
313 1897 361 1924 καὶ
371 1898 561 1933 ποντοπορίας·
577 1897 652 1924 δύσιν
665 1897 702 1930 δὲ,
717 1899 879 1926 τούναντίον·

95 1945 112 1980 ἡ
133 1945 182 1980 μὲν
196 1943 250 1980 γὰρ
264 1944 384 1978 συνάγει.
397 1945 414 1980 ὴ
429 1944 456 1970 δὲ
469 1943 610 1979 σκορπίζει
624 1945 685 1976 ταῖς
706 1944 836 1980 ἀρούραις
848 1945 882 1972 τὰ

96 1991 252 2026 σπέρματα.
277 1991 312 2017 Τὸ
326 1991 363 2023 δὲ,
382 1991 422 2022 εἰς
441 1990 558 2026 ἡμέραν,
575 1991 624 2026 τὴν
639 1992 670 2018 ὲκ
693 1991 815 2027 περιόδου
832 1992 881 2026 τῆς

96 2036 252 2071 ἑϐδομάδος,
266 2036 372 2073 ἡμέραν
381 2035 428 2062 τοῦ
443 2035 627 2072 σαῦὄατισμοῦ
642 2044 723 2072 φημι.
739 2037 817 2064 Πᾶσα
827 2037 882 2072 γὰρ

96 2082 177 2117 ἑορτὴ
190 2102 198 2113 ,
220 2082 320 2117 ἀνοχὴν
338 2081 392 2109 τῶν
406 2082 495 2109 πόνων
511 2082 611 2118 ἔχουσα
621 2102 629 2113 ,
656 2082 794 2109 Σὰὃὸατον
817 2084 881 2119 παρ’

103 2128 238 2164 Ἑϐραίοις
261 2127 508 2163 προσαγορεύεται·
535 2128 604 2163 ὅπερ
626 2128 717 2159 αὐτοῖς
739 2128 814 2164 παρὰ
837 2128 882 2155 τὸν

97 2174 272 2209 ἑϐδομαδικὺν
286 2174 383 2201 κύκλον
394 2174 456 2210 τρὶς
472 2173 520 2200 τοῦ
535 2174 611 2206 ἔτους
625 2174 797 2202 ἐπιτελεῖται.
814 2174 882 2202 Πολ·

97 2221 174 2252 λάκις
189 2220 264 2256 παρὰ
278 2220 308 2246 τδ
322 2220 415 2255 κύριον
430 2219 578 2247 Σάϐϐατον.
609 2220 715 2255 Ἡμέρα
737 2220 792 2256 γὰρ
813 2220 883 2247 Σασ-

98 2267 180 2294 6ἁτου
191 2266 238 2293 καὶ
250 2267 266 2301 ἡ
289 2265 470 2301 ’Δςυμοῆορία
482 2273 489 2282 ο
505 2265 605 2301 ὁμοίως
618 2266 667 2301 τῆς
681 2266 881 2302 Πεντηκοστῆς·

98 2313 226 2345 ὡσαύτως
245 2313 262 2347 ἡ
284 2312 334 2347 τῆς
359 2311 548 2347 Σκηνοπηγιας
565 2319 571 2327 ·
595 2311 641 2338 καὶ
657 2311 709 2344 ἔξω
721 2313 771 2348 τῆς
782 2311 883 2348 κυρίως

99 2359 238 2386 Σαϐϐάτου
259 2358 304 2386 διὰ
316 2359 365 2394 τῆς
381 2358 510 2393 χρονικῆς
532 2357 656 2392 περιόδου
672 2359 696 2385 εί
715 2358 823 2394 ἐμπέσῃ
835 2359 884 2385 αὺ-

98 2407 154 2437 τοῖς
174 2407 191 2441 ἡ
216 2405 307 2441 ἑορτὴ,
333 2404 470 2431 Σάδδατον
488 2404 594 2439 ἡμέραν
618 2404 882 2440 προσαγορεύουσιν·

99 2453 167 2487 ὅπερ
198 2451 352 2486 σαφηνίζων
383 2450 398 2477 6
430 2449 530 2484 ὑψηλὸς
557 2449 695 2482 Ματθαῖος
708 2469 716 2481 .
749 2451 885 2482 Δευτερο-

100 2498 203 2533 πρώτῳ
219 2498 286 2532 (55),
309 2497 393 2531 φησὶ,
415 2494 570 2528 Σαϐϐάτῳ·
594 2495 644 2530 τὴν
667 2496 774 2531 ἡμέραν
796 2496 885 2531 δηλῶν

99 2546 147 2581 τὴν
159 2545 228 2580 μετὰ
240 2544 270 2570 τὸ
282 2543 375 2578 κύριον
388 2541 523 2570 Σαϐϐατον
537 2541 628 2573 αὐτοῖς
639 2541 672 2568 δι’
682 2542 777 2577 ἑορτῆς
788 2543 886 2578 ἀργου-

103 2591 195 2627 μένην.
220 2589 316 2624 Μῆνας
331 2588 420 2615 τοίνυν
440 2589 457 2623 ἡ
481 2587 579 2623 σελήνη
599 2587 732 2619 ἀπαιολεῖ,
748 2588 886 2619 ἐνιαυτοὺς

99 2638 126 2665 δὲ
141 2638 233 2672 ἥλιοςυ
259 2637 275 2671 ἡ
302 2636 350 2671 μὲν
372 2637 405 2663 ἐκ
427 2634 553 2670 περιόδου
586 2633 698 2669 ἡμερῶν
721 2634 886 2669 πληρηφαὴς

99 2684 247 2718 γενομένη,
267 2683 281 2708 ό
298 2681 326 2708 δὲ
350 2683 381 2708 ἐκ
406 2680 529 2716 περιόδου
554 2679 644 2715 μηνῶν
667 2679 714 2705 ἐπὶ
731 2678 778 2705 τοῦ
804 2678 886 2705 αὑτοῦ

131 2773 154 2789 ⁸⁸
173 2772 242 2800 Gen.
261 2779 279 2802 ι,
299 2771 338 2797 Η.
377 2771 398 2786 ⁴⁷
418 2769 469 2797 isa.
488 2778 569 2800 van.
584 2769 626 2797 15.
665 2770 688 2786 ⁸⁸
707 2768 772 2796 Luc.
787 2777 822 2801 v1,
844 2768 869 2795 i.

763 125 933 155 DIALOGUS
947 126 968 155 Ι.

1669 133 1727 163 962

1138 188 1396 218 INTERROGATIO
1426 189 1519 220 XCVI.

926 260 928 264 τ
968 245 1038 280 Quid
1051 251 1092 274 est
1108 247 1170 281 hoc,
1196 248 1256 276 Sint
1274 249 1303 276 in
1320 249 1397 284 signa
1412 253 1437 277 et
1450 250 1477 276 in
1503 254 1632 285 tempora,
1658 255 1684 279 at
1695 251 1724 279 in

934 291 1001 324 dies,
1031 297 1056 319 et
1080 293 1107 320 in
1129 294 1263 321 annos“?
1290 294 1319 322 Si
1341 294 1453 331 quidem
1482 299 1611 324 asserunt
1637 296 1723 334 aliqu!

934 338 1018 365 multa
1037 346 1071 366 ex
1086 339 1229 375 principiis
1251 340 1313 369 istis
1324 340 1444 376 judicari
1466 341 1500 371 de
1514 342 1635 371 humana
1654 344 1724 372 nali-

933 384 1029 412 vitate.

1247 452 1400 487 Responsio.

968 506 1204 536 Circumscribunt
1226 509 1337 544 quidem
1357 518 1435 538 suam
1453 511 1621 539 nativitatem
1637 518 1723 541 astro-

933 551 1028 588 logicis
1052 554 1295 589 supputationibus
1312 555 1375 583 vani
1401 556 1537 585 homines.
1562 558 1641 591 Quod
1658 567 1723 588 vero

932 605 966 625 ex
980 599 1063 627 astris
1073 607 1127 627 non
1144 599 1251 634 possint
1263 601 1414 637 quidquam
1429 604 1592 638 portendere
1605 605 1639 634 de
1653 614 1725 634 mor-

933 644 1026 671 talium
1041 644 1107 677 vita,
1125 650 1242 673 testatur
1252 646 1347 679 Isaias,
1363 647 1459 676 dicens
1476 657 1483 676 :
1499 648 1618 685 Surgunt
1637 655 1725 678 astro-

932 688 986 724 logi
1007 690 1067 717 caeli
1092 691 1137 725 qui
1162 691 1256 719 stellas
1274 692 1421 726 intuentur,
1445 698 1471 721 et
1491 697 1648 723 annuntiat!
1676 696 1725 723 tibi

932 734 994 770 quid
1010 735 1130 770 futurum
1152 737 1232 764 ait".
1260 737 1314 766 Sed
1328 739 1409 774 paulo
1422 744 1484 774 post
1506 740 1589 769 latius
1612 741 1722 769 illorum

933 781 1040 809 tabulas
1054 783 1208 818 explicabo.
1226 783 1310 819 Signa
1321 792 1387 812 vero
1399 786 1462 813 εωιὶ
1477 790 1505 814 et
1513 791 1652 814 astrorum
1664 795 1723 815 me-

933 828 987 854 rito
1003 833 1209 862 recenseantur,
1226 830 1339 863 imbres,
1352 830 1443 865 ﬂatus,
1456 836 1644 868 tempestates,
1659 841 1718 862 ver.

933 872 996 902 Haec
1009 882 1042 902 ex
1059 875 1142 903 astris
1157 875 1289 903 discimus
1304 885 1352 912 per
1368 876 1414 905 Dei
1426 885 1493 913 erga
1524 886 1610 914 genus
1627 878 1722 906 buma-

932 926 998 946 num
1016 919 1175 951 bonitatem.
1190 923 1220 947 ut
1235 920 1264 948 in
1282 921 1352 948 mari
1363 926 1461 956 nauta,
1487 922 1595 958 signum
1612 923 1719 957 videns,

932 962 966 990 ad
989 967 1098 998 portum
1123 971 1221 992 navem
1246 965 1380 1001 dirigens,
1407 967 1580 1003 naufragium
1599 968 1720 1005 effugiat,

932 1012 963 1036 ut
981 1010 1100 1044 agricola
1123 1011 1343 1039 anniversarium
1357 1013 1506 1041 etesiarum
1519 1013 1628 1049 signum
1643 1022 1722 1042 secu-

934 1060 992 1088 tus,
1012 1056 1097 1084 fodiat
1115 1064 1223 1090 arvum,
1245 1062 1276 1084 ut
1291 1057 1381 1085 viator
1399 1059 1427 1086 in
1453 1059 1606 1088 diversorio
1629 1061 1721 1089 minus

932 1100 979 1128 diu
993 1106 1115 1129 moratus
1129 1101 1242 1137 eﬂiigiat
1259 1103 1433 1138 ingruentem
1450 1103 1564 1132 imbrem
1581 1109 1629 1132 aut
1642 1113 1721 1140 gran-

932 1145 1034 1180 dinem;
1051 1146 1119 1174 ﬁunt
1133 1148 1210 1183 signa
1224 1152 1251 1176 et
1265 1148 1328 1175 belli
1340 1153 1367 1176 et
1386 1149 1473 1184 pacis,
1484 1157 1546 1186 qua:
1562 1151 1596 1178 ad
1607 1150 1721 1180 Iudaeos

931 1193 1098 1222 concionans
1113 1193 1287 1222 conﬁrmavit
1300 1193 1442 1223 Sﬂ'VilIOl'.

1130 1301 1390 1330 [NTERROGATIO
1410 1303 1513 1331 XCVII.

965 1356 1036 1390 Quid
1053 1358 1158 1393 igitur?
1186 1367 1251 1386 num
1268 1359 1340 1387 idem
1359 1364 1440 1395 putas
1452 1369 1514 1389 esse
1530 1364 1660 1398 temporis
1675 1371 1723 1392 ar-

931 1404 1044 1431 ticulum
1061 1409 1087 1432 et
1101 1406 1207 1440 signum
1222 1410 1248 1433 et
1261 1406 1389 1441 tempus?
1405 1407 1480 1441 atqui
1495 1409 1632 1442 quomodo
1645 1409 1722 1437 Scri-

931 1455 1010 1485 ptura
1024 1450 1204 1479 dill‘erentiam
1222 1452 1359 1484 iudicans,
1384 1452 1476 1488 inquit
1495 1463 1501 1481 :
1519 1453 1554 1480 Et
1572 1456 1625 1482 sint
1637 1456 1665 1482 in
1682 1456 1722 1483 ai-

930 1505 994 1531 gna,
1004 1501 1029 1524 et
1043 1497 1070 1523 in
1084 1502 1212 1532 tempora.
1236 1502 1261 1524 et
1275 1498 1302 1524 in
1316 1498 1383 1530 dies,
1397 1499 1462 1527 etin
1475 1507 1557 1527 annos
1568 1501 1582 1528 ?

1246 1564 1401 1599 Responsio.

966 1622 1046 1649 Aliud
1062 1621 1172 1656 quidem
1197 1625 1240 1649 est
1263 1625 1382 1657 tempus,
1408 1623 1483 1650 aliud
1500 1632 1565 1652 vero
1587 1627 1722 1661 temporis

933 1668 1076 1695 articulus.
1091 1667 1157 1694 Nam
1181 1666 1248 1694 illud
1263 1667 1375 1702 quidem
1393 1669 1550 1703 prolixioris
1575 1671 1656 1705 spatii
1685 1673 1722 1699 si-

932 1714 1134 1750 gniﬁcationem
1152 1713 1242 1746 habet,
1266 1713 1317 1740 hoc
1336 1721 1401 1741 vero
1428 1717 1653 1750 opportunitatis.
1671 1717 1722 1746 Ne-

933 1768 985 1796 que
999 1760 1072 1788 enim
1087 1759 1203 1787 dicimus
1225 1769 1231 1786 :
1246 1759 1332 1786 Instat
1352 1760 1472 1794 spatium
1490 1762 1622 1796 temporis
1647 1770 1721 1792 mes-

932 1807 981 1837 sis,
996 1810 1044 1832 aut
1064 1804 1217 1839 vindemiae,
1238 1805 1285 1832 sed
1304 1806 1512 1841 opportunitas;
1539 1815 1629 1842 neque
1655 1817 1722 1845 spa.

932 1853 1000 1879 lium
1015 1852 1146 1886 temporis
1163 1856 1193 1878 ut
1219 1851 1304 1878 nubat
1321 1851 1421 1886 puella.
1451 1852 1499 1880 sed
1527 1855 1720 1889 tempestivum

932 1903 976 1926 est
991 1907 998 1925 :
1016 1906 1077 1933 quae
1088 1897 1197 1933 quidem
1215 1904 1267 1924 nos
1284 1897 1394 1931 sapiens
1411 1897 1457 1926 ille
1473 1898 1553 1926 docet
1579 1899 1719 1930 Salomon.

933 1944 1014 1979 Signa
1032 1947 1123 1970 autem
1148 1948 1286 1970 astrorum
1305 1943 1351 1969 illa
1379 1943 1460 1973 dico:
1488 1949 1580 1972 ortum
1608 1947 1719 1980 quidem

933 1989 1060 2020 Pleiadis,
1079 1988 1188 2015 initium
1202 1988 1302 2016 messis
1315 1992 1342 2016 et
1356 1989 1539 2025 navigationis
1553 1999 1561 2024 ;
1589 1999 1719 2019 occasum

932 2042 1006 2068 vero,
1030 2034 1178 2064 divorsum.
1201 2033 1270 2061 Nam
1285 2034 1330 2062 ille
1354 2035 1466 2070 quidem
1491 2041 1650 2073 congregat,
1674 2038 1719 2066 hic

935 2089 998 2109 vero
1014 2081 1117 2116 spargit
1128 2080 1155 2108 in
1171 2080 1244 2108 arvis
1259 2081 1374 2108 semina.
1391 2080 1458 2109 lllud
1476 2086 1579 2116 autem,
1591 2083 1619 2110 in
1635 2083 1718 2116 diem,

934 2135 994 2163 quae
1008 2127 1120 2163 periodo
1137 2127 1296 2162 septimana:
1319 2131 1438 2162 constat,
1455 2127 1527 2156 diem
1558 2129 1719 2158 sabbatismi

934 2174 1010 2200 dicit.
1038 2172 1136 2200 Omnia
1152 2173 1224 2201 cnim
1251 2172 1320 2201 festa
1337 2172 1461 2200 laborum
1487 2174 1718 2203 intermissionem

934 2219 1072 2253 habentia,
1099 2219 1242 2247 sabbatum
1268 2220 1339 2255 apud
1368 2219 1496 2248 Hebraeos
1522 2221 1717 2255 appellantur:

934 2273 1050 2300 quorum
1068 2265 1102 2292 ab
1131 2265 1201 2300 ipsis
1223 2269 1322 2300 praeter
1346 2264 1587 2294 hebdomadarium
1611 2266 1718 2302 cyclum

935 2312 988 2339 tria
1012 2311 1039 2338 in
1055 2318 1127 2338 anno
1146 2310 1335 2345 perﬁciuntur.
1357 2311 1508 2346 Aliquoties
1525 2312 1605 2339 etiam
1622 2316 1721 2347 praeter

936 2365 1018 2392 quam
1036 2357 1146 2392 proprie
1171 2357 1274 2385 dictum
1294 2356 1456 2384 Sabbatum.
1486 2357 1548 2385 Dies
1562 2358 1635 2385 enim
1651 2356 1719 2385 Sab-

935 2404 990 2432 bati
1000 2408 1062 2431 erat
1075 2408 1102 2431 et
1116 2408 1224 2438 tempus
1236 2411 1292 2438 quo
1306 2404 1488 2431 vescebantur
1501 2403 1717 2432 inferinentatis:

936 2448 1061 2475 similiter
1081 2451 1109 2474 et
1135 2447 1312 2476 Pentecostes
1331 2457 1338 2476 :
1357 2447 1391 2475 ad
1408 2449 1532 2475 eumdem
1555 2448 1665 2476 modum
1691 2453 1719 2477 et

937 2494 1119 2530 Sceuopegiae.
1139 2494 1172 2521 Et
1182 2501 1259 2522 extra
1277 2494 1388 2530 proprie
1403 2495 1552 2522 Sabbatum
1570 2494 1684 2526 dictum,
1696 2494 1720 2522 si

935 2542 1066 2576 temporis
1081 2541 1193 2576 periodo
1210 2541 1314 2569 incidat
1339 2541 1408 2575 ipsis
1431 2541 1542 2574 festum,
1568 2539 1718 2567 Sabbatum

936 2586 1008 2614 dicm
1025 2587 1176 2622 appellant;
1191 2587 1264 2621 quod
1281 2586 1425 2614 declarans
1445 2586 1562 2614 eximius
1576 2586 1720 2621 apostolus

938 2633 1090 2666 Mutthmus,
1110 2632 1227 2660 Sabbato
1243 2632 1355 2660 «ecundo
1371 2634 1468 2667 primo,
1494 2631 1614 2667 inquit“
1631 2641 1638 2659 :
1656 2639 1720 2659 eum

937 2677 1008 2706 diem
1043 2678 1212 2714 signiﬁcans,
1242 2678 1289 2712 qui
1318 2681 1380 2713 post
1402 2677 1552 2706 Sabbatum
1581 2677 1720 2713 proprium

133 2842 191 2877 (35)
207 2839 445 2874 Δευτεροπρώτῳ.
472 2839 577 2874 Lapsus
600 2838 729 2866 memoria
753 2838 796 2866 hic
820 2837 924 2866 vidntur
943 2836 1089 2865 Caesarius.
1113 2836 1188 2864 Hanc
1210 2836 1281 2865 enim
1309 2842 1403 2864 vocem
1431 2842 1502 2864 unus
1526 2834 1614 2863 Lucas
1632 2842 1670 2869 vr,
1694 2835 1724 2870 Ι,

99 2885 205 2912 ιιδυΙᾯ-ιι
214 2897 221 2903 .
