1907 3043
196 119 252 148 9σό

198 177 287 211 ipsum
312 184 358 212 per
382 176 479 206 festum
496 177 554 206 otio
576 178 703 206 vacabat.
729 177 848 206 Proinde
873 186 986 206 menses

199 223 263 249 luna
283 223 398 258 perlicit,
422 232 508 251 annos
531 229 621 252 autent
647 225 687 252 sol
705 234 712 252 :
729 225 774 252 illa
806 225 916 260 quidem
939 233 988 260 per

199 270 340 304 periodum
369 271 474 297 dierum
501 271 579 306 plena
606 271 677 299 facta
702 281 709 299 :

750 117 778 146 S.
795 117 945 146 CAESARI!
965 118 1130 147 GREGORII
1152 118 1303 146 FRATRIS

1780 119 1834 148 θοι

1040 179 1154 215 κέντρου
1177 180 1228 214 τῆς
1242 178 1311 214 ὲῴας
1324 179 1534 214 καθιστάμενος,
1548 179 1597 211 τὰς
1611 178 1716 214 τροπὰς
1730 179 1831 213 φυλάτ-

1042 233 1097 251 σων
1114 226 1257 261 ἰσημερίας
1276 225 1372 261 θέρους
1384 234 1412 251 τε
1429 225 1476 252 καὶ
1490 224 1672 261 φθινοπώρου.

738 271 782 298 hic
807 277 897 298 autem
921 279 956 298 ex
985 271 1099 307 periodo
1124 273 1260 300 mensium
1294 272 1321 299 in
1348 271 1444 299 eodem
1477 276 1572 298 centro
1600 276 1678 298 ortus
1704 271 1831 299 matutini

199 317 576 349 constitutus,conversiones
590 325 704 346 servans
717 317 888 352 aequinoctii,
904 318 1010 345 aestatis
1031 321 1058 345 et
1075 318 1210 346 autumni.

393 362 652 391 INTERROGATIO
678 363 792 391 XCVIII.

234 410 316 438 Estne
335 411 439 445 spbtera
463 411 573 444 omium,
598 417 645 438 aut
662 412 893 447 hemisphzerium,
917 415 988 447 quod

198 461 287 483 artum
303 457 428 483 circulari
447 461 519 483 motu
537 456 621 484 solem
641 457 691 484 sub
715 462 814 484 terram
838 458 917 490 ferat,
942 462 988 485 aut

197 503 251 531 alio
267 502 349 530 modo
361 510 472 530 cursum
487 503 511 529 ei
527 502 649 529 tribuat?

514 548 668 582 Responsio.

234 594 262 621 In
278 595 322 622 his
337 596 458 630 utrisque
477 595 510 622 ab
524 596 626 623 eximio
645 595 714 623 Isaia
734 596 920 629 instituamur,
940 596 987 632 qui

197 641 316 668 clamat:
331 641 383 674 Qui
394 642 530 668 constituit
547 641 640 668 uelum
667 641 735 669 velut
762 642 880 677 laquear,
902 647 926 670 et
942 651 989 670 ea:-

197 687 278 713 tendit
294 687 379 721 ipsum
395 687 461 714 velut
475 687 568 721 pellem
590 687 624 714 ⁸⁸.
642 687 721 720 Quod
744 688 826 723 igitur
848 689 985 721 consistit,

198 742 251 759 non
271 740 393 760 movetur
409 734 582 760 circulariter
599 734 690 769 :quod
703 742 853 768 expansum
869 739 921 767 est,
932 742 986 762 non

198 782 292 807 ~ubtus
314 779 410 807 fertur.
436 779 603 815 Principium
630 780 712 815 igitur
737 780 819 808 habet
838 782 937 808 coelum
960 785 987 808 et

198 825 355 850 ter-nimim.
380 823 438 850 Non
466 825 538 851 enim
565 825 654 859 inquit
678 824 838 860 Scriptura,
863 826 987 853 ascendit

200 871 248 902 ~nl,
259 869 314 901 sed,
328 868 454 904 Egressus
471 875 509 897 est
523 878 603 905 supra
617 876 730 903 terram,
746 876 769 898 et
786 870 836 898 [λοι
852 872 985 906 ingressus

195 922 233 942 ω
255 916 377 950 Segorem
397 917 420 932 το
443 926 449 943 :
482 924 535 943 non
566 917 686 952 globum,
715 917 763 945 sed
787 917 900 952 Iaquear
927 926 986 945 esse

197 963 373 988 n‘t)v.lll’lllﬂlls.
395 961 427 988 Et
453 960 570 988 Davides
598 962 686 997 inquit
704 963 732 989 in
749 963 920 991 carminibus
939 964 983 990 :A

197 1007 290 1033 amice
301 1007 358 1033 crrli
375 1015 495 1041 egressus
509 1007 585 1041 ejus;
604 1015 658 1035 non
681 1016 828 1042 ascensus;
850 1013 874 1036 et
896 1017 986 1036 occur-

196 1062 241 1080 tus
261 1054 318 1087 ejus
333 1062 414 1088 usque
425 1054 458 1080 ad
471 1062 601 1080 sumntum
617 1054 723 1088 tacti";
750 1063 803 1082 non
823 1059 912 1082 autent
935 1055 984 1083 de-

197 1106 311 1126 scensus
327 1099 396 1133 ejus.
409 1105 456 1126 aut
471 1107 597 1131 occasus.
616 1108 650 1127 ue.
670 1100 759 1135 ipsum
779 1104 985 1135 percurrentem

197 1147 368 1172 ctrrularttcr
384 1146 485 1172 moveri
503 1146 594 1173 faciat.
612 1147 643 1172 Ει
661 1147 759 1173 iterum
777 1156 782 1173 :
802 1145 834 1172 Et
852 1147 916 1181 ipse,
943 1147 986 1173 in-

198 1192 267 1225 quit,
284 1192 351 1218 velut
366 1199 488 1226 sponsus,
512 1200 565 1218 non
587 1192 750 1224 aSrcudens,
767 1192 826 1224 sed,
850 1193 939 1220 exiens
954 1201 987 1220 ea:

198 1238 316 1264 thalamo
341 1246 388 1264 suo
411 1239 445 1264 τ’.
471 1238 531 1272 Ipse
551 1246 615 1266 vero
637 1239 818 1266 concinnatur
841 1238 984 1271 Dominus.

200 1284 297 1316 Mitlet,
310 1284 409 1318 inquit,
429 1284 534 1319 angelos
549 1292 609 1311 cum
625 1284 689 1311 tuba
706 1289 730 1311 et
750 1293 810 1311 voce
833 1293 940 1321 magna,
960 1290 986 1312 et

198 1329 389 1365 congregabunt
404 1330 499 1357 electos
511 1330 543 1357 ab
557 1336 673 1357 extremo
685 1331 744 1358 ειείί
752 1340 832 1367 usque
846 1333 880 1358 ad
896 1336 984 1359 extre-

199 1385 269 1402 mum
283 1376 339 1410 eius
354 1376 388 1404 ⁷⁸.

406 1454 664 1483 INTERROGATIO
685 1455 777 1483 XCIX.

233 1501 375 1534 Quomodo
388 1502 469 1537 igitur
492 1501 593 1529 occidit
616 1503 668 1535 sol,
701 1503 723 1530 si
749 1510 803 1530 non
824 1503 910 1530 fertur
935 1504 987 1531 sub

199 1551 298 1573 terram
311 1547 321 1573 ‘l
336 1550 362 1574 et
381 1547 492 1581 quinam
511 1547 588 1575 locus
601 1549 700 1584 estqui
718 1548 810 1576 radios
826 1549 886 1584 ejus
899 1549 988 1576 inum-

199 1593 257 1620 brat
268 1593 280 1618 ?

514 1628 668 1664 Responsio.

235 1674 388 1709 Peragratis
399 1675 479 1702 celeri
497 1683 580 1702 cursu
594 1676 895 1709 cmlestibusterminis,
911 1683 987 1713 post-

197 1728 277 1753 quam
295 1720 367 1747 latus
382 1721 527 1754 quoddam,
545 1721 653 1749 boreale
669 1730 765 1756 nempe
777 1722 856 1749 clima
867 1744 875 1756 ,
893 1723 987 1752 subieo

200 1766 245 1796 iit,
259 1765 383 1793 elevante
397 1774 426 1793 se
443 1766 636 1801 Cappadocum
651 1768 721 1800 solo,
736 1768 908 1796 inumbratur
924 1770 988 1804 qui-

197 1813 259 1839 dem
274 1812 411 1840 radiorum
428 1813 517 1848 fulgor
528 1822 576 1848 per
587 1814 670 1842 silvas
684 1818 710 1842 ct
722 1823 806 1850 aquas
820 1823 853 1843 ex
869 1824 986 1852 supcrna

198 1859 370 1893 repressioue
387 1859 562 1892 lirmamenLi,
579 1860 724 1895 perfractis
736 1861 769 1888 ad
790 1862 876 1890 latera
889 1863 985 1893 radiis.

197 1908 225 1932 et
240 1913 289 1940 per
302 1905 478 1932 eminentiam
491 1909 569 1933 terra:
584 1906 644 1933 luce
660 1907 746 1941 ipsius
762 1907 872 1935 exclusa
882 1928 889 1940 ,
906 1908 988 1943 idque

198 1951 349 1979 secundum
364 1952 441 1986 prius
453 1953 602 1983 exliibitam
619 1953 828 1981 similitudinem
854 1955 988 1990 lampadis

197 1999 278 2032 cujus
295 1998 365 2033 apud
381 2006 430 2026 nos
448 2006 515 2026 usus
530 2003 582 2031 est,
602 1999 624 2026 si
640 2003 709 2027 testa
722 1999 764 2026 far
777 2001 986 2036 comprimatur,

197 2049 225 2070 et
239 2044 328 2079 aliqua
349 2051 381 2072 ex
401 2049 478 2079 parte
492 2045 679 2077 inumbretur,
695 2045 729 2073 ad
746 2046 856 2081 aliquod
871 2047 986 2075 liberum

199 2090 271 2118 latus
288 2090 333 2117 lux
349 2090 462 2118 recedit.
478 2090 535 2118 Hoc
551 2090 631 2118 modo
647 2092 729 2118 etiam
746 2092 787 2119 sol
805 2093 929 2128 pervenit
953 2093 987 2120 ad

198 2136 343 2168 orientem,
357 2136 464 2163 occulte
478 2136 613 2164 borealem
634 2137 740 2172 plagam
754 2145 908 2172 permeans.
923 2139 986 2165 Est-

198 2189 252 2216 que
271 2181 350 2209 nnbis
368 2182 482 2210 illustris
499 2183 578 2210 testis
602 2182 630 2209 in
648 2183 731 2211 rebus
751 2184 850 2212 divinis
876 2185 987 2220 sapiens

199 2225 328 2253 Solomon
344 2235 351 2253 :
367 2226 469 2259 Oritur,
485 2227 584 2262 inquit,
600 2227 651 2259 sol,
673 2233 697 2255 et
721 2229 833 2261 occidit;
852 2235 926 2258 artus
942 2238 988 2265 per

199 2280 320 2298 occasum
336 2272 468 2307 gradilur,
483 2277 510 2300 et
533 2281 630 2308 gyrum
651 2274 818 2302 circulariter
848 2275 933 2310 fertur
953 2276 988 2303 ad

199 2317 357 2351 aquilonem,
373 2323 396 2344 et
409 2318 434 2343 in
448 2317 534 2345 locum
545 2326 621 2344 suum
633 2318 701 2345 redit
711 2318 746 2344 “-
757 2318 858 2355 Aspice
874 2321 987 2355 proinde

199 2362 287 2396 ipsutu
304 2370 352 2397 per
370 2363 513 2390 meridiem
529 2368 698 2397 currentem,
714 2369 741 2392 et
760 2366 867 2400 plagam
889 2366 988 2394 borea-

199 2406 251 2434 lem
266 2406 491 2440 circumeuntem,
510 2411 540 2434 ut
551 2407 622 2435 intra
632 2409 821 2444 praascriptum
835 2409 869 2437 ab
880 2410 986 2438 oriente

199 2453 313 2480 feratur.

436 2542 694 2571 INTERROGATIO
713 2543 744 2571 C.

233 2586 262 2614 Si
277 2587 377 2622 abSque
388 2588 586 2616 intermissione
595 2596 693 2616 cursus
707 2588 768 2623 ejus
778 2593 833 2621 est,
845 2590 979 2624 quomoda

196 2638 291 2661 testate
306 2634 414 2668 quidem
433 2635 549 2670 majores
577 2635 655 2661 nobis
684 2634 743 2662 dies
772 2634 865 2667 cﬂicit,
895 2635 984 2664 hieme

197 2687 263 2706 vero
278 2679 418 2707 minores?

516 2714 669 2749 Responsio.

234 2759 272 2787 Eo
286 2760 357 2795 quod
371 2768 426 2788 non
442 2761 476 2788 ab
492 2762 588 2789 eodem
604 2765 700 2789 centro
718 2769 825 2797 semper
838 2761 980 2797 procedit;

235 2830 258 2847 ”
276 2831 325 2859 lsa.
355 2841 401 2863 XL,
426 2833 471 2865 22,
501 2841 556 2862 sec.
577 2833 657 2860 LXX.

710 2834 732 2849 τυ
753 2834 820 2862 Cen.
853 2841 908 2864 xix.
933 2834 976 2861 Q3.

196 2863 222 2882 ’δ
243 2867 330 2894 liccle.
351 2876 368 2897 ι,
387 2868 412 2895 5.
431 2870 456 2895 ϋ.

1336 363 1461 389 ΠΕΥΣΙΣ
1479 362 1539 396 ιτιιι.

1075 409 1182 444 Σφαῖρά
1199 409 1272 435 ἐστιν
1286 410 1300 436 6
1312 409 1462 444 οὺρανὸςεῆ
1477 408 1656 444 ἡμισφαίριον
1673 409 1830 445 κυλιόμενον

1039 454 1084 480 τὸν
1096 454 1181 489 ἥλιον,
1207 455 1259 481 ὑπο
1274 455 1323 490 τὴν
1340 455 1392 490 γῆν
1418 455 1514 490 φέρον,
1542 455 1662 490 ῆᾶλλως
1688 456 1764 491 αὐτῷ
1788 457 1830 482 τὸν

1039 501 1138 536 δρόμον
1152 502 1334 538 παραχωροῦν
1348 510 1357 534 ;

1347 547 1526 581 Ἀπόκρισις.

1076 592 1177 628 ’Ἄμφω
1193 593 1231 628 τῷ
1255 593 1351 628 ὑψηλῷ
1369 594 1468 630 Ἡσαΐᾳ
1494 595 1682 630 στοιχήσωμεν
1692 615 1700 625 ,
1715 595 1828 630 διαῤῥή-

1038 639 1086 674 δην
1103 639 1217 674 βοῶντι·
1239 640 1265 666 '0
1282 639 1402 673 στήσας
1419 640 1472 667 τὸν
1495 640 1628 674 οὐρανὸν
1647 641 1719 668 ὡσεὶ
1738 641 1830 676 καμά-

1035 694 1105 719 ραν,
1119 686 1167 712 καὶ
1182 686 1331 718 διατείνας
1355 687 1450 714 αὑτὸν
1472 686 1512 720 ὡς
1525 686 1655 720 σκηνήν.
1689 687 1726 713 Τὸ
1749 687 1831 719 ἑστὼς

1037 730 1084 758 οὖν
1109 732 1140 758 οὐ
1165 732 1346 759 κυλινδεῖται·
1376 732 1406 759 τὸ
1432 732 1559 759 διαταθὲν
1582 733 1631 768 οὺχ
1655 733 1830 767 ὖποςρέρεται.

1045 777 1144 813 Ἀρχὴν
1158 778 1249 804 τοίνυν
1263 778 1319 813 ἔχει
1335 778 1459 813 οὐρανὸς,
1478 779 1525 804 καὶ
1541 778 1637 812 πέρας.
1656 779 1694 805 Οὐ
1708 779 1764 813 γάρ
1784 787 1830 813 φη-

1038 832 1081 850 σιν
1097 825 1114 859 ἡ
1126 824 1230 860 Γραφὴ,
1254 824 1381 858 ’Λνῆλθεν
1399 826 1413 851 ό
1427 825 1512 860 ἥλιος,
1531 825 1601 855 ἀλλ’,
1622 824 1766 857 Ἐξῆλθεν
1784 825 1832 852 ἐπὶ

1038 869 1095 904 τὴν
1110 869 1168 905 γῆν
1178 891 1185 904 ,
1202 871 1250 898 καὶ
1293 870 1356 897 Λὼτ
1372 870 1517 904 εισῆλθεν
1531 871 1575 903 είς
1590 870 1692 904 Σηγὼρ
1703 879 1709 885 ·
1731 871 1762 896 οὐ
1785 870 1833 912 τὴν

1038 917 1172 951 σφαῖραν,
1192 916 1259 943 ἀλλὰ
1277 916 1326 952 τὴν
1347 917 1475 952 καμάραν
1495 917 1652 952 βεὸαιοῦσα,
1678 917 1735 943 Καὶ
1751 917 1833 943 Δαὸίό

1039 971 1121 997 φησιν
1145 963 1175 988 ὲν
1205 963 1366 998 μελῳδίαις·
1395 963 1453 989 Ἀπ’
1473 962 1567 997 ἄκρου
1589 963 1642 989 τοῦ
1665 962 1798 996 οὐρανοῦ
1817 962 1832 994 ἡ

1039 1008 1146 1041 ἔξοδος
1159 1008 1269 1035 αὑτοῦ·
1285 1009 1346 1043 οὐχὶ
1361 1008 1390 1035 δὲ
1410 1007 1529 1043 ήᾶνοδος
1542 1018 1548 1023 ·
1565 1008 1620 1034 Kal
1635 1007 1670 1034 τὸ
1686 1007 1832 1039 κατάντη-

1037 1063 1080 1089 μα
1094 1054 1188 1081 αὐτοῦ
1203 1053 1258 1086 ἕως
1274 1054 1378 1088 ἄκρου,
1392 1054 1453 1089 οὐχὶ
1469 1054 1498 1080 δὲ
1513 1055 1530 1089 ἡ
1548 1054 1660 1086 κάθοδος
1677 1053 1761 1080 αὐτοῦ
1780 1054 1795 1088 ἦ
1816 1054 1832 1088 ἡ

1040 1099 1200 1131 meam;-
1212 1100 1257 1126 ἵνα
1275 1100 1311 1136 μὴ
1331 1099 1558 1136 σφαιροκύλιστον
1575 1101 1734 1135 καταστήσῃ
1752 1099 1833 1126 αὑτὸν

1039 1145 1179 1172 διαθέοντα
1193 1154 1200 1161 ο
1215 1145 1263 1172 καὶ
1277 1146 1368 1178 πάλιν,
1390 1146 1444 1173 Καὶ
1459 1145 1561 1179 αὐτὸς,
1584 1146 1676 1181 φησὶν,
1697 1146 1737 1178 ὼς
1759 1154 1834 1179 νυμ-

1039 1191 1124 1225 φίος,
1142 1191 1209 1222 οὐκ,
1235 1191 1434 1227 ἀνερχόμενος,
1462 1191 1519 1218 ἀλλ’
1543 1191 1781 1226 ἐκπορευόμενος
1798 1191 1834 1218 ἐκ

1040 1237 1158 1264 παστοῦ
1176 1237 1279 1264 αὑτοῦ.
1307 1237 1393 1269 Δὺτὺς
1415 1237 1555 1272 θεηγορῶν
1578 1238 1592 1263 6
1616 1237 1730 1272 Κύριος,
1750 1237 1832 1263 Ἀπο-

1039 1283 1151 1316 στελεῖ,
1161 1283 1237 1318 φησὶ,
1251 1283 1323 1316 τοὺς
1339 1282 1487 1318 ἀγγέλους
1499 1283 1603 1315 αὐτοῦ,
1617 1283 1692 1317 μετὰ
1706 1282 1835 1316 autumn

1039 1339 1092 1364 γος
1119 1329 1169 1356 καὶ
1196 1328 1297 1364 φωνῆς
1317 1329 1466 1364 μεγάλης,
1494 1329 1543 1356 καί
1568 1328 1740 1361 συνάξουσι
1762 1329 1835 1360 τοὺς

1039 1375 1201 1407 ἐκλεκτοὺς
1229 1375 1280 1402 ἀπ’
1305 1374 1399 1408 ἄκρου
1422 1374 1474 1401 τοῦ
1502 1375 1631 1409 οἰφανοῦ
1657 1374 1713 1407 ἕως
1740 1375 1834 1409 ἄχρι-υ

1040 1421 1146 1447 αὑτοῦ.

1334 1456 1458 1482 ΠΕΥΣΙΣ
1473 1456 1530 1489 ιβ’.

1072 1500 1133 1534 Πῶς
1150 1499 1196 1528 οὖν
1212 1501 1285 1528 δύνει
1305 1503 1319 1529 6
1335 1502 1425 1537 ἥλιος.
1450 1503 1474 1529 εί
1491 1502 1528 1538 μὴ
1559 1502 1611 1529 ὑπὸ
1629 1503 1681 1536 γῆν
1701 1503 1834 1538 φέρεται;

1041 1548 1088 1574 καὶ
1097 1548 1138 1580 τίς
1153 1548 1233 1580 τόπος
1247 1548 1261 1574 6
1276 1548 1325 1580 τὰς
1339 1549 1452 1580 ἀκτῖνας
1467 1549 1550 1576 αὑτοῦ
1565 1549 1685 1582 σκιάζων
1698 1558 1705 1582 ;

1346 1627 1523 1662 Ἀπόκρισις.

1082 1674 1268 1709 Ὠκυποδήσας
1292 1674 1326 1700 τὰ
1349 1674 1462 1709 οὐράνια
1477 1674 1616 1708 τέρματα,
1636 1674 1683 1701 καὶ
1700 1674 1753 1700 ὑπό
1772 1683 1836 1701 τινα

1041 1721 1129 1754 τοῖχον
1140 1740 1147 1750 ,
1163 1719 1194 1746 τὸ
1212 1719 1316 1755 βόρειον
1333 1719 1477 1755 γενόμενον
1490 1720 1575 1754 κλῖμα
1585 1739 1592 1751 ,
1610 1720 1835 1755 ὑπερανεστῶτος

1040 1765 1089 1793 τοῦ
1111 1765 1302 1792 Καππαδοκῶν
1324 1765 1457 1799 ἐδάφους,
1489 1765 1686 1798 ἀποσκιάζεται
1708 1766 1757 1801 μὲν
1782 1766 1835 1801 τὴν

1041 1811 1184 1846 ἀστραπὴν
1200 1810 1254 1837 τῶν
1269 1810 1387 1838 ἀκτίνων
1403 1812 1463 1842 ταῖς
1477 1810 1590 1846 λόχμαις
1609 1811 1654 1837 καὶ
1668 1812 1726 1842 τοῖς
1743 1811 1832 1842 ὕδασι,

1040 1856 1080 1892 τῷ
1096 1855 1292 1892 ὑπερτεροῦντι
1314 1856 1422 1892 πιεσμῷ
1438 1857 1485 1883 τοῦ
1502 1856 1702 1892 στερεώματος,
1718 1856 1831 1883 διακλω-

1042 1901 1131 1937 μένων
1143 1901 1198 1928 τῶν
1207 1901 1397 1937 μαρμαρυγῶν
1405 1900 1452 1927 ἐπὶ
1466 1901 1500 1928 τὰ
1512 1900 1623 1935 πλάγια,
1639 1901 1688 1928 καὶ
1701 1903 1734 1936 τῇ
1747 1901 1832 1936 ὑπερ-

1040 1949 1090 1983 οχῇ
1109 1949 1158 1983 τῆς
1182 1947 1279 1983 χέρσου
1297 1947 1348 1982 τὴν
1363 1947 1464 1982 φαῦσιν
1488 1947 1647 1983 εἰργόμενος
1659 1967 1667 1978 ,
1689 1948 1761 1974 κατὰ
1784 1948 1834 1982 τὴν

1042 1993 1252 2030 προεκδοθεῖσαν
1263 1994 1356 2020 εἰκόνα
1366 1994 1417 2030 τῆς
1433 1994 1497 2029 παρ’
1510 1995 1574 2029 ἡμῖν
1586 1993 1729 2027 λαμπάδος
1739 2003 1746 2009 ’
1763 1994 1832 2020 ἄνω-

1041 2040 1087 2067 θεν
1107 2040 1217 2076 τηγάνῳ
1236 2040 1362 2076 ὀστράκῳ
1383 2041 1437 2067 τινὶ
1460 2040 1506 2067 τοῦ
1531 2040 1635 2076 πυρσοῦ
1656 2041 1831 2076 πιεζομένου,

1042 2086 1090 2112 καὶ
1105 2085 1260 2122 ἔμπροσθέν
1282 2095 1336 2113 τινι
1359 2086 1538 2122 σκιαζομένου
1550 2106 1559 2118 ,
1575 2087 1621 2113 ἐπὶ
1639 2086 1670 2113 τὸ
1689 2087 1832 2122 ἐλεύθερον

1039 2131 1132 2158 λοιπὸν
1159 2131 1212 2159 τῶν
1236 2131 1359 2166 πλαγίων
1386 2133 1437 2168 τῆς
1457 2132 1649 2168 λαμπρότητος
1676 2133 1831 2168 χωρούσης.

1039 2178 1252 2213 Καταλαμϐάνει
1277 2174 1355 2210 οὗτος
1371 2179 1385 2205 6
1410 2179 1522 2214 φωστὴρ
1539 2178 1588 2214 τὴν
1611 2178 1692 2214 ἑῴαν,
1710 2179 1833 2215 κρύὸδῃν

1040 2223 1175 2258 περιθέων
1192 2223 1222 2250 τὸ
1237 2223 1341 2259 βόρειον
1361 2224 1443 2260 μέρος
1455 2232 1462 2238 ·
1487 2224 1536 2251 καὶ
1554 2224 1660 2260 μάρτυς
1674 2225 1741 2260 ἡμῖν
1755 2225 1833 2258 agra-

1039 2276 1140 2302 γαστος
1162 2268 1177 2294 ὁ
1199 2268 1254 2295 τῶν
1275 2268 1355 2296 θείων
1381 2269 1463 2304 σοφὸς
1487 2269 1621 2304 Σολομῶν.
1658 2271 1832 2297 Ἀνατέλλει

1038 2314 1103 2350 γὰρ,
1119 2315 1211 2349 φησὶν,
1228 2317 1244 2342 ὸ
1256 2315 1342 2349 ἥλιος
1357 2316 1404 2342 καὶ
1416 2316 1831 2351 δύνει-ἀνατέλλωνπορεύε-

1037 2369 1085 2387 ται
1101 2360 1178 2387 κατὰ
1187 2360 1288 2394 δύσιν,
1301 2362 1349 2388 καὶ
1362 2361 1484 2389 κυκλῶν
1493 2363 1604 2390 κυκλοῖ
1614 2363 1690 2396 πρὸς
1699 2363 1829 2398 βορῤᾶν,

1038 2405 1087 2432 καὶ
1105 2407 1148 2438 εις
1162 2405 1217 2433 τὸν
1240 2407 1332 2434 τόπον
1347 2407 1440 2436 αὐτοῦ
1454 2408 1545 2435 ἕλκει.
1565 2408 1660 2444 Ἀθρει
1676 2409 1703 2435 δὲ
1720 2409 1767 2436 οὖν
1781 2410 1833 2436 αὐ-

1037 2453 1083 2480 τὸν
1103 2452 1152 2488 τὴν
1177 2454 1350 2490 μεσημϐρίαν
1367 2455 1508 2483 διαθέοντα
1519 2475 1526 2487 ,
1543 2456 1591 2483 καὶ
1606 2457 1650 2483 τὸν
1665 2457 1767 2493 βορρἄ
1782 2466 1830 2484 κυ-

1038 2498 1164 2532 κλοῦντα,
1178 2499 1222 2526 ἵνα
1238 2500 1437 2536 ἐμπροθέσμως
1451 2502 1497 2528 ἐπὶ
1513 2501 1583 2537 ἑῴας
1595 2502 1720 2538 γένηται.

1342 2547 1465 2574 ΠΕΥΣΙΣ
1483 2548 1522 2575 P’.

1074 2591 1104 2617 Εί
1123 2591 1262 2624 ἄπαυστος
1281 2593 1363 2620 αὑτοῦ
1385 2594 1459 2620 ἐστιν
1475 2595 1490 2620 6
1507 2593 1625 2630 δρόμος,
1651 2595 1710 2627 πῶς
1734 2596 1828 2632 θέροις

1039 2637 1088 2671 μὲν
1106 2638 1225 2672 μεγάλας
1244 2640 1310 2675 ἡμῖν
1323 2640 1372 2672 τὰς
1386 2640 1492 2675 ἡμέρας
1506 2641 1652 2675 ἐργάζεται
1662 2662 1669 2673 ,
1694 2642 1825 2677 χειμῶνος

1037 2682 1065 2708 δὲ
1087 2685 1251 2720 μικροτέρας
1263 2694 1270 2719 ;

1343 2722 1522 2757 Ἀπόκρισις.

1077 2763 1152 2790 Ἐπεὶ
1163 2765 1212 2792 οὐκ
1225 2766 1276 2793 ἁπί
1292 2767 1338 2794 τοῦ
1353 2767 1434 2795 αὺτοῦ
1449 2768 1562 2804 κέντρου
1575 2769 1618 2795 ἀεὶ
1628 2768 1822 2805 πρόεισιν,άλλ“

1031 2835 1051 2850 7‘
1074 2834 1145 2862 I‘sal.
1173 2845 1250 2869 xvui,
1273 2837 1298 2865 7.
1338 2839 1359 2854 τ’
1381 2839 1444 2865 ἱΜιί.
1463 2839 1489 2867 6.
1528 2840 1551 2854 ⁷³
1571 2839 1666 2866 Matth.
1685 2847 1758 2871 sxw,
1781 2837 1819 2866 5!.
