1907 3043
99 126 155 155 9σῦ

101 187 186 221 ἐγγὺς
199 185 249 221 τὴν
268 185 441 222 μεσημϐρίαν
463 187 623 223 γενόμενος,
647 189 677 215 οὑ
704 187 753 224 τὴν
776 189 892 224 ὑψηλήν,

102 234 171 261 ἀλλὰ.
195 234 246 269 τὴν
266 233 384 268 πλαγίαν
405 234 506 267 ἐλθὼν,
531 235 700 272 βραχυτέρας
717 235 767 267 τὰς
789 236 895 271 ἡμέρας

102 280 260 316 ἐργάζεται.
273 279 358 312 Δύνας
371 280 400 307 δὲ
411 280 451 316 τῷ
465 281 541 316 ἄκρῳ
553 282 600 308 τοῦ
613 282 740 318 ἑσπερίου
753 281 894 317 κλίματος,

102 327 199 353 κυκλοῖ
209 326 254 352 διὰ
265 326 315 360 τῆς
327 326 424 358 νυκτὺς
437 327 527 353 πᾶσαν
547 327 597 362 τὴν
611 327 686 355 δύσιν
702 328 749 355 καὶ
767 329 893 363 Ἄρκτον,

103 371 151 397 καὶ
163 371 214 406 τὴν
229 370 310 406 ἑῴαν,
331 371 407 403 ὅπως
425 371 516 408 φθάσῃ
538 372 620 399 πάλιν
636 373 666 399 τὸ
685 372 770 408 ἄκρον
782 373 830 408 τῆς
848 382 895 408 με-

103 417 262 452 σημϐρίας,
287 417 392 443 ἐκεῖθεν
415 418 497 445 πάλιν
523 419 573 453 τῆς
599 419 734 454 ἡμερινῆς
755 418 894 454 ὠκύτητος

101 462 265 498 ἀρχόμενος.
287 462 368 489 Ὅθεν
386 463 501 495 εἰκότως
520 464 663 499 συμϐαίνει
678 465 727 499 τὴν
741 465 826 491 νύκτα
840 473 893 499 μη-

102 508 243 538 κύνεσθαι,
259 508 308 543 τὴν
327 509 355 534 δὲ
370 509 477 544 ἡμέραν
494 510 687 545 βραχύνεσθαι.
700 511 784 537 Ὅταν
795 511 824 538 δὲ
841 512 895 538 ἰσο-

102 553 196 587 μερῶς
223 552 267 579 διὰ
292 553 373 588 μέσου
399 554 544 589 ἱππηλατεῖ
558 555 605 581 τὸν
619 556 725 589 αἰθέρα,
750 556 893 592 ἰσημερίαν

100 598 258 633 ἐργάζεται.
282 599 383 634 Θέρους
404 600 433 626 δὲ
451 601 531 627 πάλιν
553 601 646 633 κλίνας
667 602 714 628 ἐπὶ
735 602 765 628 τὺ
788 602 892 637 βόρειον

100 644 228 678 ὑψοῦται,
241 645 291 679 τῆς
306 645 354 680 μὲν
369 646 466 678 νυκτὸς
483 647 695 682 ὑφαιρούμενος,
710 649 742 683 τῇ
758 648 786 674 δὲ
801 649 893 685 ἡμέρᾳ

100 690 312 725 προστιθέμενος
322 691 364 717 διὰ
375 691 421 718 τοῦ
433 692 598 728 βραχυτέρου
609 693 638 719 ἐν
647 694 680 728 τῇ
694 694 770 720 νυκτὶ
778 694 890 721 κύκλου.

106 736 139 761 'H
151 735 180 761 δὲ
201 736 310 771 σελήνη,
330 737 360 763 οὺ
376 737 477 764 τέλειον
492 739 639 773 μειουμένη
656 739 805 772 ἁλίσκεται,
824 736 893 767 ἀλλὰ

101 782 242 813 σκιάζεται
257 781 304 808 τοῦ
319 782 411 809 δίσκου
425 782 494 810 κατὰ
512 784 604 818 μέρος,
621 784 667 811 καὶ
686 784 758 812 ἐστιν
773 785 892 821 ἀθρῆσαι

101 827 248 861 φθίνουσαν
261 827 346 863 αὐτὴν
361 828 409 855 καὶ
421 828 559 863 λήγουσαν
571 829 623 855 ὑπὸ
639 829 669 856 τὸ
686 830 766 864 νέφος
783 830 892 863 σκιαζο-

101 872 198 906 μένην,
215 869 270 898 οἷον
292 873 383 899 εἰκόνα
399 873 630 909 παραπετάσματι
646 874 789 910 βόμϐυκος.
808 876 891 903 Πάλιν

99 918 122 944 δ’
136 919 379 954 ἑπαμεριεννυμένη
394 919 424 945 τὸ
444 920 512 954 φῶς,
535 921 730 956 συνελκομένου
743 921 789 948 τοῦ
805 931 891 957 παρα-

99 963 295 998 πληρώματος,
305 964 381 999 δίκην
396 963 529 998 βασιλίδος
539 966 670 1001 πρόεισιν,
682 968 800 1004 ἐναργὴς
809 968 892 995 εἰκὼν

99 1009 262 1044 ὑπάρχουσα
272 1008 321 1044 τῆς
337 1009 474 1044 ἡμετέρας
488 1010 606 1045 φύσεως,
627 1013 794 1049 γεννωμένη,
817 1014 892 1046 αὐξο-

101 1057 182 1091 μένη,
195 1056 382 1092 πληρουμένη,
400 1058 538 1092 φθίνουσα,
553 1059 747 1094 ἑλαττουμένη,
764 1060 890 1092 δύνουσα,

100 1103 131 1128 οὐ
148 1102 239 1129 τέλεον
264 1103 293 1129 δὲ
312 1103 495 1139 ἀπολλυμένη.
522 1105 722 1140 Παραπλησίως
740 1107 787 1132 καὶ
812 1107 892 1142 ἡμεῖς

99 1149 270 1184 γεννώμεθα,
287 1148 415 1184 αὔξομεν,
438 1150 615 1185 πληρούμεθα
629 1151 658 1177 ὲν
672 1151 762 1186 γήρει,
780 1152 830 1178 εἴθ’
845 1152 892 1178 οὖ-

99 1201 153 1224 τως
166 1193 287 1229 λήγομεν
300 1195 332 1229 τῇ
346 1194 405 1229 ὥρᾳ.
417 1194 463 1229 τῆς
474 1194 572 1228 ὂψεως,
589 1195 717 1230 φθίνομεν
732 1197 765 1231 τῇ
780 1197 892 1232 εὐχροίᾳ.

99 1239 149 1265 καὶ
164 1239 278 1274 εὐανθέα
301 1239 350 1274 τῆς
371 1238 497 1275 πάρειᾶς,
523 1240 554 1266 τὸ
579 1241 693 1276 ἐρυθρὸν
709 1241 890 1277 ὡχριώμενοι.

106 1284 307 1320 Ἐλαττούμεθα
321 1285 369 1321 τὴν
384 1285 478 1321 ῥώμην
498 1286 545 1312 τοῦ
559 1285 694 1321 σώματος,
714 1288 891 1323 κυρτοὸατεῐν

100 1329 258 1364 ἀρχόμενοι,
273 1330 321 1357 καὶ
337 1330 473 1366 βακτηρίᾳ
486 1331 685 1367 ὑπερείδεσθαι,
698 1333 766 1367 πρὸς
777 1333 829 1367 γῆν
849 1343 892 1360 νε-

100 1375 237 1405 νευκότες,
248 1375 295 1401 καὶ
305 1375 349 1401 διὰ
361 1375 406 1401 τοῦ
423 1377 560 1410 σχήματος
575 1375 660 1411 αὐτὴν
673 1377 889 1412 μαρτυρόμενοι·

106 1419 171 1446 Ἰδοὺ
189 1420 386 1455 παραγίνομαι.
417 1420 586 1456 Θνήσκομεν,
602 1422 649 1448 καὶ
669 1422 715 1454 εἰς
723 1423 808 1458 αὐτὴν
822 1424 887 1450 ἁπο-

99 1465 220 1501 λήγομεν
236 1466 352 1501 σώματι,
371 1466 422 1493 οὐκ
444 1466 624 1502 ἀπολλύμενοι
642 1467 787 1503 πνεύματι.
812 1468 891 1496 Ἀλλὰ

102 1512 200 1548 μικρὸν
221 1512 335 1547 ’ὕστερον
356 1512 386 1538 τὸ
402 1512 533 1540 ἁποτεθὲν
551 1513 658 1548 ἱμάτιον
683 1515 733 1549 τῆς
758 1514 858 1549 σαρκὸς
874 1515 891 1550 ἡ

100 1559 172 1593 ψυχὴ
186 1557 267 1584 πάλιν
283 1558 484 1593 περιϐάλλεται.
501 1559 537 1585 Οὺ
550 1559 604 1595 γὰρ
616 1559 671 1593 ἐγὼ
684 1560 715 1586 τὸ
730 1560 819 1595 σῶμα,
834 1561 890 1587 ἀλλ’

100 1603 156 1637 ἐγὼ
173 1604 223 1639 μὲν
265 1603 347 1639 ψυχὴ,
357 1604 422 1639 ἐμὸν
438 1605 465 1631 δὲ
479 1604 509 1631 τὸ
523 1605 602 1640 σῶμα
617 1606 662 1632 καὶ
673 1606 722 1632 ὅσα
733 1606 782 1641 τῆς
793 1606 891 1642 χέρσου
917 1623 923 1630 -

100 1649 251 1683 ὲκφύεται·
269 1649 329 1675 ὅθεν
343 1649 388 1675 καὶ
405 1648 494 1676 τοῦτο.
521 1650 605 1676 Πάλιν
623 1650 651 1676 δὲ
669 1650 737 1686 μετὰ
750 1651 800 1686 τὴν
816 1650 892 1686 λῆξιν

100 1694 229 1727 γεννᾶται
243 1695 260 1729 ἡ
289 1694 402 1727 φαίναξ,
427 1694 508 1721 οἱονεὶ
536 1695 683 1722 ἀναϐιοῦσα
693 1697 726 1732 τῇ
746 1696 805 1730 ὕψει
821 1705 891 1732 παρ-

101 1740 245 1775 ισταμένη.
269 1740 347 1766 Ἐπεὶ
363 1741 410 1766 καὶ
425 1741 504 1776 ἡμεῖς
518 1742 546 1768 ὲν
565 1741 643 1777 τάφῳ
664 1742 793 1777 λήξαντες
812 1743 893 1770 πάλιν

100 1785 323 1820 ἀναστησόμεθα,
344 1785 425 1811 οἱονεὶ
436 1786 672 1821 παλιγγενὸμενοι,
681 1787 751 1814 κατὰ
765 1788 814 1823 τὴν
830 1788 893 1823 θεη-

100 1830 196 1865 γορίαν
210 1837 218 1844 ·
233 1829 328 1855 Ὅταν
339 1827 395 1856 οὖν
408 1829 483 1863 ἔλθῃ
500 1831 516 1856 ὁ
535 1829 601 1861 Υἱὸς
617 1830 670 1856 τοῦ
689 1830 845 1864 ἀνθρώπου
857 1831 892 1858 ἐν

99 1875 137 1909 τῇ
148 1874 366 1910 παλινγενεσίᾳ
375 1882 381 1890 ’
397 1875 446 1910 τῆς
459 1876 633 1907 ἀναστάσεως
644 1875 722 1911 ήμῶν
737 1876 783 1903 τὸν
797 1877 891 1912 καιρὸν

100 1921 133 1947 ἐκ
146 1920 244 1947 τούτου
259 1919 359 1955 δηλῶν.

135 1977 159 1993 ⁷⁸
180 1976 276 2012 Matth.
295 1983 353 2009 xtx,
367 1975 414 2003 28.

812 125 982 154 DIALOGUS
1009 125 1042 154 ll.

1676 129 1731 159 966

945 187 993 216 sed
1011 195 1094 223 prope
1117 189 1258 216 meridiem
1281 188 1460 222 constitutus,
1487 196 1542 216 non
1563 189 1660 224 altam,
1679 190 1729 218 sed

943 234 1080 269 obliquam
1099 235 1228 263 incedens
1242 235 1326 266 viam.
1344 236 1484 263 breviores
1503 236 1583 263 nobis
1605 236 1663 263 dies
1686 235 1730 263 ef-

944 279 1009 306 ﬁcit.
1025 279 1160 308 Oecidens
1179 288 1245 308 vero
1272 281 1300 308 in
1329 288 1436 309 summo
1463 281 1548 316 plaga:
1569 282 1732 316 vespertina

944 325 1030 352 ambit
1046 333 1094 360 per
1108 331 1216 354 noctem
1236 334 1346 354 omnem
1361 326 1531 354 occidentem
1542 347 1549 358 ,
1564 331 1592 354 et
1604 327 1729 360 Arctum,

944 375 970 398 et
981 372 1126 404 orientem,
1143 381 1198 407 quo
1210 373 1354 408 perveniat
1367 380 1463 400 rursus
1473 373 1506 400 ad
1521 380 1658 400 summum
1673 380 1732 400 me-

944 417 1033 451 ridiei,
1050 417 1113 445 inde
1127 426 1225 446 rursus
1239 417 1367 445 diurnum
1387 419 1504 446 celerem
1527 425 1640 446 cursum
1661 419 1731 446 inci-

944 463 1030 498 piens.
1047 464 1133 496 Unde,
1148 472 1198 492 ceu
1218 468 1336 498 constat,
1365 465 1466 492 accidit
1485 469 1514 491 ut
1536 472 1590 492 nox
1610 465 1729 500 longior,

943 509 1000 537 dies
1017 517 1081 537 vero
1096 510 1205 537 brevior
1221 509 1363 538 efﬁciatur.
1379 510 1495 543 Quando
1511 519 1577 538 vero
1589 512 1730 546 aequaliter

943 561 991 588 per
1013 554 1132 581 medium
1161 555 1216 589 agit
1243 555 1362 587 :ethera,
1395 555 1588 589 aequinoctium
1613 556 1728 590 perﬁcit.

943 598 1049 625 IEstate
1065 606 1130 626 vero
1148 607 1247 626 rursus
1263 600 1297 626 ad
1327 600 1464 627 borealem
1482 608 1597 635 vergens
1621 601 1728 636 plagam

943 644 1081 677 elevatur;
1096 652 1127 672 ac
1140 646 1213 672 noeti
1235 645 1344 680 quidem
1367 646 1467 678 aufert,
1493 647 1568 674 addit
1589 654 1655 674 vero
1676 647 1729 674 dict

943 697 992 724 per
1007 690 1159 717 breviorem
1176 691 1265 718 noctis
1279 691 1424 718 circulum.
1455 691 1532 718 Luna
1558 696 1649 718 autem
1674 699 1728 718 nou

943 741 1056 768 prorsus
1069 742 1116 769 per
1132 735 1347 763 imminutionem
1367 736 1483 764 deiicere
1502 737 1728 772 deprehenditur,

944 779 991 806 sed
1006 788 1039 807 ex
1060 785 1136 814 parte
1157 781 1233 808 orbis
1258 781 1432 808 inumbratur
1460 791 1466 808 :
1493 782 1636 816 ipsamque
1655 782 1729 816 aspi-

943 832 1006 852 cere
1038 825 1102 852 lieet
1134 825 1339 853 decrescentem
1368 831 1451 861 atque
1478 826 1648 853 deﬁcientem
1676 825 1731 853 sub

943 871 1015 898 nube
1027 871 1212 903 obscuratam,
1229 879 1289 906 quae
1305 872 1388 899 veluti
1404 877 1478 899 veste
1492 872 1655 907 bombycina
1672 879 1730 898 rur-

943 924 990 944 sus
1004 916 1098 944 induta
1115 917 1185 949 luce,
1203 921 1320 944 attracto
1335 917 1548 952 complemento,
1574 918 1662 944 instar
1683 925 1729 945 re-

941 963 1010 997 gium
1023 965 1154 997 procedit.
1169 962 1271 998 Estque
1286 963 1397 991 evidens
1410 964 1499 999 imago
1512 967 1612 992 nostrae
1624 968 1730 992 natura

942 1015 1070 1040 nascens,
1090 1016 1230 1040 crescens,
1253 1009 1350 1044 plena,
1372 1010 1546 1042 decrescens,
1572 1009 1728 1042 imminuta,

942 1054 1080 1086 occidens,
1094 1062 1148 1082 non
1163 1059 1254 1082 tamen
1272 1063 1386 1090 prorsus
1399 1056 1574 1084 intereidens.
1592 1056 1730 1084 Consimi-

943 1098 1005 1124 liter
1021 1102 1049 1125 et
1061 1105 1112 1125 nos
1127 1098 1279 1130 nascimur,
1296 1099 1447 1126 crescimus
1458 1121 1465 1133 ,
1481 1101 1515 1127 ad
1530 1101 1728 1135 plenitudinem

941 1143 1082 1171 evadimus
1095 1143 1122 1170 in
1139 1148 1300 1171 senectute:
1316 1145 1353 1171 ita
1369 1145 1467 1172 deinde
1478 1145 1620 1174 deﬁcimus
1634 1146 1730 1182 vigore

943 1190 1032 1222 faciei,
1050 1190 1237 1217 decrescimus
1248 1190 1383 1224 elegantia
1398 1191 1509 1222 coloris,
1529 1196 1556 1218 et
1579 1192 1665 1226 gratia
1678 1190 1729 1219 ilov

944 1236 980 1263 ris
995 1236 1022 1262 in
1038 1236 1127 1268 vultu,
1142 1236 1235 1263 rubori
1252 1235 1382 1270 pallorem
1400 1236 1615 1264 introducentes.
1632 1237 1728 1264 Immi-

942 1281 1051 1308 nuimur
1067 1282 1189 1316 corporis
1206 1282 1316 1314 robore,
1329 1281 1488 1316 incipientes
1500 1283 1628 1310 incedere
1639 1283 1728 1315 curvi.

941 1331 968 1354 ct
981 1327 1059 1354 inniti
1076 1328 1184 1359 baculo,
1200 1327 1233 1354 ad
1250 1333 1350 1355 terram
1367 1329 1505 1357 inclinari.
1520 1335 1546 1356 et
1563 1329 1622 1364 ipso
1634 1329 1730 1356 habitu

942 1373 1027 1406 ipsam
1057 1373 1226 1400 obtestantes
1246 1372 1334 1400 :Ecee
1355 1373 1462 1400 adsum.
1484 1373 1625 1405 Morimur,
1650 1379 1676 1401 et
1700 1375 1729 1402 in

943 1418 1028 1452 ipsam
1041 1418 1192 1446 desinimus
1206 1426 1330 1452 corpore,
1349 1426 1403 1445 nou
1421 1423 1510 1446 tamen
1535 1420 1729 1448 intercidente:

943 1464 1052 1498 spiritu,
1068 1465 1115 1491 sed
1130 1465 1212 1498 paulo
1223 1470 1285 1498 post
1298 1465 1423 1498 deposito
1446 1465 1538 1492 carnis
1561 1465 1643 1500 pallio
1666 1473 1729 1492 rur-

942 1518 990 1537 sus
1003 1510 1093 1536 anima
1104 1511 1227 1537 vcstitur.
1244 1509 1303 1536 Non
1319 1510 1391 1537 enim
1408 1518 1457 1545 ego
1470 1519 1530 1538 sum
1547 1519 1646 1545 corpus
1657 1531 1665 1544 ,
1680 1512 1729 1539 sed

942 1563 992 1590 ego
1003 1555 1112 1590 quidem
1138 1556 1240 1586 anima,
1264 1563 1353 1582 meum
1380 1559 1471 1582 autem
1491 1556 1543 1582 hoc
1567 1563 1679 1590 corpus,
1702 1560 1731 1584 et

943 1610 1114 1637 quaecunque
1127 1609 1158 1629 ex
1178 1607 1250 1628 terra
1266 1606 1417 1629 nascuntur
1432 1611 1438 1628 :
1457 1602 1529 1629 unde
1545 1606 1572 1629 ct
1592 1603 1643 1630 hoc
1666 1611 1730 1630 rur-

944 1656 992 1676 sus
1005 1652 1066 1682 post
1082 1648 1221 1675 interitum
1236 1648 1370 1679 nascitur,
1384 1651 1415 1674 ut
1428 1647 1494 1674 luna
1507 1655 1567 1682 qua:
1581 1648 1664 1675 veluti
1685 1656 1729 1676 re-

939 1695 1086 1726 viviscens,
1098 1694 1147 1721 Sub
1160 1699 1299 1728 aspectum
1310 1694 1438 1721 omnibus
1450 1694 1534 1721 venit.
1548 1693 1729 1730 Quandoqui-

941 1741 1001 1769 dem
1015 1744 1042 1769 et
1056 1749 1108 1768 nos
1122 1741 1147 1768 in
1165 1741 1291 1775 sepulcro
1319 1741 1499 1773 intercuntes,
1523 1748 1621 1769 rursus
1637 1749 1730 1769 resur-

941 1795 1048 1823 gemus.
1064 1787 1140 1821 quasi
1159 1786 1246 1814 renati
1260 1786 1411 1813 seCundum
1430 1786 1544 1813 verbum
1572 1786 1638 1813 illud
1658 1787 1730 1814 divi-

943 1840 1008 1860 num
1025 1833 1155 1864 :Quando
1178 1833 1273 1859 venerit
1298 1831 1386 1858 Filius
1404 1832 1518 1858 hominis
1537 1832 1564 1858 in
1590 1840 1729 1866 regenera-

943 1879 1012 1906 tione
1025 1879 1068 1905 7':
1090 1886 1144 1914 quo
1159 1883 1260 1906 nostrae
1280 1877 1494 1905 resurrectionis
1517 1882 1624 1913 tempus
1644 1877 1730 1912 signi-

943 1924 1048 1952 tieatur.

98 2056 1723 2071 ————————————-————

306 2115 578 2160 ΔΙΑΛΟΓΟΣ
621 2117 666 2160 ΒΞ

397 2230 520 2257 ΠΕΥΣΙΣ
534 2231 595 2258 PA’.

143 2275 253 2310 ’Emta'h
265 2275 422 2311 ἠκούσαμέν
437 2284 483 2302 σου
495 2276 557 2311 χθὲς
572 2276 640 2312 πρὸς
654 2276 717 2308 τοὺς
731 2277 887 2312 ξρωτὴσαν-

101 2328 151 2352 τας
166 2320 300 2353 εἰπόντος,
315 2320 417 2355 ἄψυχον
433 2319 561 2357 εἶναιτὴν
576 2321 628 2356 γῆν
639 2330 645 2336 ·
663 2321 687 2347 εἰ
702 2321 804 2356 ἄψυχός
822 2323 890 2354 ἐστι,

104 2366 162 2398 πῶς
179 2366 318 2401 ἅπογεννᾷ
334 2367 369 2393 τὰ
384 2366 509 2402 ἔμψυχα,’
526 2367 599 2402 βοῦν,
620 2368 763 2404 πρόϐατον,
787 2368 890 2402 λέοντα,

102 2412 249 2447 δράκοντα,
267 2413 314 2438 καὶ
329 2412 361 2439 τὰ
375 2413 437 2448 ἑξῆς
448 2413 514 2449 γένη
530 2413 635 2449 κτηνῶν
647 2414 694 2441 καὶ
708 2414 828 2449 ἑρπετῶν
846 2415 892 2441 καὶ

104 2457 207 2493 θηρίων
219 2458 266 2484 καὶ
278 2458 332 2484 τῶν
349 2458 468 2491 λοιπῶν;

404 2504 582 2538 Ἀπόκρισις.

140 2548 224 2574 Οὐδὲν
253 2547 370 2581 τούτων,
395 2548 515 2584 ἔμψυχον
538 2549 590 2584 γῆν
617 2558 658 2576 σοι
684 2551 890 2578 ἀποδείκνυσιν·

105 2594 168 2620 ἐπεὶ
187 2593 274 2626 οὕτως
290 2594 411 2629 δώσομεν
437 2595 545 2626 πάντως
558 2595 605 2621 κα.)⁴
620 2595 670 2630 τὴν
684 2595 805 2631 ἄμπελον
823 2595 892 2631 μετὰ

105 2640 158 2667 τῶν
174 2640 294 2676 βοτρύων
316 2640 550 2668 ὑπολανθάνουσαν
561 2661 568 2674 ,
585 2641 690 2677 ἀθρόως
710 2641 870 2676 ἀναδοθῆναι
883 2650 889 2656 ·

106 2687 153 2714 καὶ
178 2687 223 2713 τὸν
249 2687 357 2721 φοίνικα
381 2687 479 2722 καρπῷ
506 2688 596 2723 πλήρη
620 2687 759 2721 ὑποφύντα
783 2689 816 2722 τῇ
844 2688 889 2723 γῇ,

107 2732 213 2768 ἁθρόως
230 2733 404 2768 ἀναπηδῆσαι
418 2733 486 2768 πρὸς
507 2733 556 2766 τὴν
572 2733 733 2768 ἐκφάνειαν·
754 2732 826 2768 ἢτὺν
843 2742 893 2759 πυ-

106 2779 153 2815 ρὸν
169 2779 226 2814 (54)
249 2779 339 2814 πλήρη
364 2779 465 2814 στάχην
486 2779 532 2805 καὶ
554 2779 622 2814 πρὸς
646 2779 751 2814 ἀμητὸν
772 2779 891 2814 ἕτοιμον,

145 2857 200 2892 (54)
219 2856 329 2890 Πειρόν.
346 2854 427 2883 Forte
441 2854 543 2890 πυρῶν.
559 2854 636 2882 Ευιτ.

1126 2110 1423 2156 DIALOGUS
1470 2113 1538 2157 Il.

1171 2227 1430 2257 INTERROGATIO
1451 2229 1492 2257 Cl.

977 2273 1204 2309 Quandoquidem
1232 2275 1387 2302 audivimus
1414 2275 1473 2302 beri
1497 2279 1524 2303 te
1550 2276 1585 2303 ad
1611 2283 1658 2305 eos
1680 2277 1727 2313 qui

943 2321 1137 2355 quaesiverunt,
1157 2320 1305 2353 dicentem,
1327 2321 1505 2348 inanimatam
1522 2329 1584 2350 esse
1607 2326 1728 2356 terram;

943 2367 964 2393 si
983 2366 1104 2393 inanima
1116 2370 1169 2397 est,
1185 2367 1322 2401 quomodo
1343 2371 1455 2402 generat
1467 2367 1598 2400 animata,
1618 2368 1727 2403 bovem,

943 2420 1032 2443 ovem,
1051 2412 1169 2443 leonem,
1191 2411 1337 2439 draconem
1362 2416 1390 2439 et
1409 2417 1508 2440 catera
1523 2420 1623 2448 genera
1643 2422 1728 2448 peco-

943 2466 1014 2491 rum,
1030 2462 1058 2486 et
1074 2458 1223 2493 reptilium,
1243 2463 1270 2485 et
1288 2458 1458 2486 bestiarum?

1257 2504 1397 2539 Responsio
1402 2526 1408 2532 .

977 2548 1050 2575 Nihil
1067 2549 1162 2576 borum
1178 2549 1326 2576 animatam
1342 2553 1443 2577 terram
1459 2557 1521 2578 esse
1538 2550 1727 2578 demonstrat:

943 2595 1076 2630 siquidem
1093 2595 1145 2622 hoc
1162 2596 1242 2623 modo
1267 2596 1451 2624 concedemus
1471 2597 1584 2624 omnino
1600 2601 1626 2624 et
1646 2597 1726 2624 vitem

943 2649 1004 2668 cum
1024 2640 1112 2668 botris
1131 2640 1349 2674 delitescentem,
1374 2641 1518 2670 confestim
1542 2642 1676 2677 proferri;
1700 2647 1727 2670 et

945 2686 1061 2721 palmam
1077 2686 1202 2713 arborem
1218 2686 1337 2713 fructum
1351 2687 1462 2721 plenum
1477 2688 1660 2723 proferentem
1676 2687 1728 2716 sub

945 2736 1018 2758 terra
1040 2739 1103 2758 mox
1127 2731 1239 2759 exsilire
1259 2735 1288 2758 ut
1313 2736 1461 2767 appareat;
1482 2737 1528 2759 aut
1555 2738 1583 2760 tu
1605 2733 1728 2760 triticum

946 2777 1052 2812 plenam
1067 2776 1170 2813 spicam
1183 2781 1210 2804 et
1226 2777 1260 2806 ad
1279 2785 1396 2806 messem
1412 2781 1537 2812 paratam
1552 2778 1650 2806 subtus
1664 2785 1729 2813 prc-
