1907 3043
179 117 234 146 ’967

182 180 289 212 tendat,
305 187 459 214 rursusque
475 178 567 206 divino
581 183 718 214 precepto
736 179 853 207 oriatur.
871 179 973 207 Verum

185 233 239 254 non
264 226 345 253 habet
365 226 498 253 rationem
516 226 676 253 similitudo.
696 225 761 252 Nam
780 225 803 252 si
827 230 898 253 terra
915 226 974 253 ani-

185 275 259 299 mata
280 279 314 298 ex
334 279 366 299 eo
385 275 437 303 est,
465 272 536 306 quod
557 272 676 298 animata
699 272 814 306 profert,
836 279 867 299 se
885 272 972 306 ipsam

185 317 276 343 anima
286 316 418 344 destituit.
436 315 502 343 Nam
517 315 564 351 qui
577 315 695 342 animam
708 315 809 348 educit,
826 316 885 343 sive
895 324 973 343 suam

180 361 242 388 sive
258 361 387 395 proximi,
406 364 533 388 mortuus
546 360 659 387 omnino
674 363 702 387 et
715 360 850 388 exanimis
862 364 914 392 est,
931 360 972 387 vi-

181 406 266 434 talem
281 414 394 434 causam
411 406 539 440 ejiciens.

412 451 675 479 INTERROGATIO
695 451 750 479 Cll.

219 498 290 526 Num
306 498 400 534 igitur,
421 497 643 533 quandoquidem
662 497 788 526 homines
805 498 924 525 viventia
944 501 973 525 et

182 545 303 572 animata
318 548 460 579 generant,
477 543 554 571 edito
566 544 593 570 in
610 543 697 571 lucem
714 544 819 572 infante
834 544 972 572 inanimua

181 591 296 618 relictus
309 590 370 617 est?

500 636 656 671 Responsio.

217 681 321 710 Verum
336 676 405 710 nihil
421 683 496 710 aliud
510 691 591 718 quam
607 691 739 719 organum
752 683 833 710 homo
845 688 972 718 generat,

180 729 300 756 animam
323 733 414 757 autem
438 729 559 757 immittit
580 730 661 757 Deus.
685 729 826 765 Nusquam
848 730 920 758 enim
944 730 971 758 in

181 773 324 808 Scriptum
339 774 442 802 dictum
458 779 520 802 est:
538 775 674 802 Producat
686 775 785 802 mulier
794 775 913 802 animam
931 777 973 803 vi-

179 824 306 855 ventem;
335 828 424 856 neque
445 821 518 856 quod
544 820 599 848 Eva
625 821 793 856 concipiens,
822 826 869 849 aut
890 821 969 853 Sara,

180 869 228 892 aut
253 865 390 894 Elisabcta
417 866 580 902 produxerit
604 866 735 900 animam,
759 866 806 894 sed
830 868 902 902 quod
925 875 971 901 ge—

180 911 274 937 nuerit
301 910 434 938 infantem
459 918 584 946 priorum.
607 911 663 938 Cur
681 912 827 947 caateroqui
846 912 971 947 plurima

183 959 285 983 matres
302 961 434 991 generant
451 956 509 983 sola
524 963 652 991 corpora,
669 956 759 984 anima
776 957 918 989 destituta,
931 958 971 985 si-

181 1002 291 1035 quidem
307 1006 433 1037 poterant
457 1003 606 1029 animatum
626 1003 777 1038 producere
791 1003 898 1031 fetum?
917 1004 970 1031 Aut

181 1056 267 1082 quare
283 1048 367 1075 fetum
391 1052 528 1075 mortuum
553 1049 649 1080 enixa),
675 1057 759 1085 super
782 1057 815 1077 eo
834 1050 927 1084 lugent
943 1053 970 1077 et

181 1095 302 1130 plorant,
322 1099 348 1122 et
367 1103 422 1122 non
449 1103 511 1122 mox
539 1096 657 1122 animam
678 1095 775 1123 indunt
800 1101 909 1123 mortuo
924 1106 931 1123 :
945 1096 969 1124 si

182 1141 292 1175 quidem
304 1141 396 1168 denuo
408 1141 449 1169 fas
465 1146 523 1168 erat
534 1141 652 1168 animam
669 1142 818 1176 generare?
828 1141 970 1175 Quomodo

181 1194 247 1214 vero
262 1186 378 1223 quodvis
397 1187 548 1214 animatum
566 1187 639 1214 ferro
652 1187 802 1215 dissectum
819 1192 867 1215 aut
883 1189 970 1216 lania-

182 1235 253 1263 tum,
268 1240 330 1259 mox
349 1233 509 1268 sanguinem
525 1233 666 1268 profundit
678 1234 766 1261 instar
782 1235 922 1264 torrentis.
943 1238 970 1262 et

180 1279 397 1313 circumquaque
430 1278 565 1306 rubefecit
597 1279 770 1313 subjectum?
809 1284 880 1307 terra
905 1287 969 1307 vero

181 1328 258 1351 arata
274 1325 438 1359 pastinoqne
452 1325 582 1357 dissecta.
595 1331 622 1353 et
639 1326 665 1353 in
678 1329 788 1361 puteum
803 1326 902 1353 eifossa
915 1334 969 1353 non

181 1370 292 1402 clamat,
317 1378 371 1397 non
397 1371 485 1398 reddit
511 1372 681 1407 sanguinem,
699 1379 752 1398 nou
779 1371 887 1402 rubeﬁt.
915 1380 969 1398 non

181 1417 346 1444 contradicit
369 1417 591 1452 percussoribus,
621 1422 650 1445 ut
673 1418 794 1444 animata
813 1418 904 1444 omnia
925 1425 970 1444 so-

181 1462 257 1489 lent?
281 1462 424 1495 Quomodo
455 1471 521 1490 vero
548 1463 641 1490 allium
670 1467 697 1491 et
725 1471 807 1498 cepte.
840 1467 887 1490 aut
911 1464 970 1490 alia;

181 1508 281 1543 plantae
297 1508 384 1535 cultro
396 1508 439 1535 vel
452 1508 520 1535 falce
536 1512 683 1543 amputata
697 1509 830 1544 sanguine
840 1516 893 1536 non
909 1516 970 1543 per-

182 1552 346 1585 funduntur,
363 1554 385 1580 si
400 1554 509 1588 quidem
528 1554 655 1581 animata:
669 1558 733 1581 sunt
751 1554 899 1581 secundum
914 1553 971 1581 Ma-

181 1598 304 1625 nielueos
319 1598 481 1632 vaniloquos
494 1602 521 1625 et
543 1598 651 1630 stultos,
669 1598 716 1632 qui
732 1598 840 1626 fetidam
856 1598 970 1626 maledi-

181 1644 301 1671 centiam
329 1643 356 1670 in
382 1644 440 1671 suis
465 1643 610 1671 animabus
643 1644 861 1671 circumferunt?
884 1643 970 1673 Omne

182 1694 273 1716 autem
288 1689 439 1716 animatum
452 1693 590 1717 terrenum
605 1694 632 1717 et
646 1690 781 1718 marinum
795 1691 907 1718 omnino
918 1691 970 1718 erit

182 1740 209 1761 et
234 1736 395 1770 sanguinem
419 1735 533 1764 habens.
554 1735 613 1762 Non
643 1735 726 1770 igitur
753 1737 872 1763 animata
897 1740 968 1763 terra

181 1785 246 1812 est,
278 1789 367 1816 neque
389 1781 539 1816 quidquam
573 1782 749 1817 plantarum,
782 1786 828 1808 aut
852 1782 968 1809 lumina-

185 1827 265 1853 rium.
286 1826 426 1861 Nusquam
451 1827 522 1854 enim
541 1826 574 1854 de
594 1826 636 1854 his
660 1827 747 1861 inquit
761 1827 858 1862 pagina
879 1835 967 1859 sacra,

182 1871 255 1906 quod
275 1872 447 1906 inspiraverit
464 1872 531 1906 ipsis
545 1871 636 1898 ﬂatum
651 1872 722 1903 vice,
741 1873 967 1907 quemadmodmn

183 1918 272 1950 inquit
288 1918 322 1944 de
334 1918 454 1945 homine.
472 1918 551 1945 Absit
575 1917 658 1952 igitur
678 1925 692 1944 ει
718 1922 743 1945 te
764 1918 857 1952 procul
877 1926 968 1953 quaso

182 1962 291 1991 illorum
313 1963 447 1990 dementia
469 1966 495 1989 et
511 1962 647 1989 delirium.
663 1961 750 1989 Omne
774 1962 845 1989 enim
868 1963 968 1989 animal

184 2007 237 2034 sibi
257 2008 346 2035 simile
360 2012 482 2043 generat,
504 2008 554 2034 bos
570 2008 678 2039 bovem,
694 2007 821 2034 similiter
832 2012 861 2035 et
881 2015 968 2043 equus

182 2059 294 2087 equum,
316 2057 343 2079 et
363 2060 471 2087 caprea,
486 2056 513 2079 et
527 2053 616 2087 tigris,
633 2056 660 2079 et
675 2052 806 2079 oneribus
826 2053 967 2087 portandis

183 2098 319 2126 destinata
343 2098 476 2132 jumenla,
505 2098 654 2133 bestiaeque
677 2099 846 2132 crudivorae,
874 2107 970 2126 unum-

182 2145 322 2179 quodlibet
342 2151 418 2171 suam
448 2148 572 2171 naturam
599 2152 713 2179 eamque
740 2144 826 2171 solam
846 2149 966 2180 generat.

179 2190 325 2224 Quomodo
351 2190 433 2225 igitur
453 2195 524 2217 terra
548 2197 609 2218 cum
632 2191 713 2218 unius
733 2194 838 2217 natura
862 2191 907 2221 sit.
927 2194 968 2218 tot

182 2239 265 2270 queat
288 2235 393 2262 animas
420 2242 549 2269 generare
576 2235 688 2263 alterius
714 2235 822 2269 generis
844 2239 872 2262 et
899 2235 967 2263 inat-

181 2281 303 2315 qualium
325 2281 493 2312 animalium,
515 2280 567 2308 nisi
590 2280 683 2307 divino
705 2281 833 2308 mandato
856 2281 966 2308 anima-

182 2330 278 2352 rentur
304 2333 364 2360 quaz
382 2326 444 2352 inde
466 2325 676 2361 producuntur?
694 2326 836 2358 Quomodo
856 2333 920 2353 vero
940 2331 967 2354 et

181 2378 260 2406 aquai
274 2371 360 2398 eidem
377 2371 470 2398 divino
483 2371 572 2406 jussui
587 2371 721 2405 obnoxia},
734 2379 796 2399 cum
813 2371 868 2399 sint
885 2373 966 2400 unius

183 2421 287 2444 natura:
302 2417 392 2444 mollis
406 2421 433 2444 et
448 2416 537 2449 ﬂuxas,
550 2417 692 2444 innumera
702 2425 800 2453 genera
812 2418 965 2445 natatilium

182 2463 374 2496 auimatorum,
403 2467 618 2499 ceterorumque
649 2468 675 2490 et
704 2464 818 2491 aliorum
850 2465 965 2499 piscium

182 2507 421 2542 carlilagiueorutn
435 2508 462 2534 in
475 2515 529 2534 uno
543 2507 675 2542 temporis
686 2513 822 2535 momento
837 2508 966 2536 consimi-

183 2552 244 2579 liter
268 2560 330 2580 (‘um
357 2557 429 2580 terra
451 2554 646 2580 excreverunt?
674 2553 724 2586 Qui
754 2562 797 2581 res
830 2554 919 2581 mollis
940 2557 966 2580 ct

181 2597 264 2626 ﬂuida
279 2599 408 2634 produxit
422 2607 536 2634 corpora
553 2599 682 2630 animata.
698 2599 840 2634 solidaque
856 2605 880 2626 et
899 2599 966 2634 lapi-

181 2645 243 2677 dea,
258 2646 284 2671 in
307 2646 406 2681 abysso
425 2645 568 2677 ﬂuitantia.
590 2645 730 2681 aquuata
755 2646 891 2673 montibus
909 2653 966 2672 ma-

180 2691 333 2726 gnitudine,
347 2691 500 2726 cujusmodi
514 2695 578 2718 sunt
593 2691 696 2726 phocze,
712 2692 830 2723 lialzenm,
844 2693 963 2726 priones,

181 2738 270 2771 gauri,
285 2742 349 2770 etc.,
366 2737 506 2764 horribilia
526 2738 599 2764 dictu
614 2743 640 2764 et
653 2742 763 2772 aspectu.
782 2739 807 2764 in
826 2737 962 2773 profundo

180 2782 307 2818 degentia
325 2784 463 2815 animalia,
480 2792 596 2818 quorum
615 2792 667 2810 non
682 2787 724 2810 est
737 2783 878 2818 praesentis
893 2787 962 2810 tetu-

214 2850 271 2887 (55)
294 2851 465 2888 Ὲξέρῤωσε.
479 2851 557 2880 Forte
577 2851 730 2888 ἑξέῤῥευσε.
747 2851 824 2879 Eutr.

723 117 752 147 S.
770 118 921 147 CAESARI!
940 119 1104 149 GREGORH
1117 120 1267 149 FRATRIS

1757 123 1813 152 908

1026 181 1225 217 ὑποκεχῶσθαι.
1241 183 1288 209 καὶ
1302 180 1381 214 αὖθις
1393 182 1432 218 τῷ
1449 182 1514 218 θείῳ
1535 183 1725 219 προστάγματι
1744 185 1814 211 ἀνα-

1024 226 1158 254 τείλαντα.
1185 227 1254 254 Ἀλλ’
1273 229 1323 254 οὐκ
1342 227 1397 263 ἔχει
1414 228 1491 262 λόγον
1513 229 1530 264 ή
1546 229 1691 264 παροιμία.
1711 230 1815 266 Είγάρ

1024 272 1143 308 ἔμψυχος
1156 274 1172 309 ἡ
1187 273 1284 309 χέρσος
1297 274 1329 300 lx
1341 273 1388 300 τοῦ
1399 274 1552 309 ὰποὸρᾶσαι
1565 276 1598 302 τὰ
1613 275 1734 310 ἔμψυχα,
1745 276 1813 312 ἔρη-

1025 327 1075 353 μον
1093 317 1139 345 οὖν
1153 319 1253 354 ἑαυτὴν
1268 319 1397 346 κατέλιπε
1411 320 1460 354 τῆς
1472 320 1570 356 ψυχῆς.
1591 321 1620 347 '0
1639 321 1694 357 γὰρ
1705 321 1814 356 ἐξάγων

1022 364 1120 400 ψυχὴν,
1135 365 1189 392 είτε
1203 364 1252 401 τὴν
1266 366 1409 401 σφετέραν,
1419 366 1473 392 εἴτε
1487 366 1534 393 τοῦ
1553 366 1646 399 πέλας,
1660 367 1756 403 νεκρὸς
1766 369 1814 395 καὶ

1023 409 1125 444 ἂψυχος
1137 410 1245 442 πάντως
1259 410 1387 445 ὑπάρχει,
1402 410 1432 437 τὸ
1446 410 1561 443 ζωτικὸν
1576 411 1661 438 αἴτιον
1675 411 1811 439 ἐκϐαλών.

1316 454 1440 481 ΠΕΥΣΙΣ
1452 455 1513 482 PB'.

1058 497 1166 533 Τίοῦνς
1187 499 1281 535 ἐπειδὴ
1304 499 1442 535 ἄνθρωποι
1462 499 1549 532 ζῶντα
1570 500 1617 527 καὶ
1630 500 1740 536 ἔμψυχα
1753 510 1815 535 γεν-

1022 545 1104 573 νῶσιν
1116 565 1123 577 ,
1149 543 1204 582 ἄρα
1227 545 1403 581 προελθόντος
1422 545 1470 572 τοῦ
1492 546 1607 582 βρέφους
1627 547 1730 583 ἄψυχος
1744 557 1815 576 κατ-

1022 591 1132 627 ελείφθη
1145 600 1152 624 ;

1326 639 1502 673 Ἀπόκρισις.

1064 683 1135 710 Ἀλλ’
1148 684 1163 711 ὁ
1180 684 1323 720 ἄνθρωπος
1337 684 1453 720 ὄργανον
1467 684 1559 720 γεννᾷ,
1572 684 1621 720 τὴν
1635 685 1663 712 δὲ
1676 685 1767 722 ψυχὴν
1782 686 1813 713 τὺ

1022 730 1099 757 Θεῖον
1117 730 1228 766 ἐνίησιν.
1246 731 1358 758 Οὐδέπω
1372 730 1426 765 γὰρ
1439 732 1472 766 τῇ
1490 730 1583 766 Γραφῇ
1601 731 1709 766 εἴρηται
1720 740 1728 747 ⁵
1751 731 1811 765 Ἐξ-

1023 776 1176 811 αγαγέτωὴ
1190 776 1258 811 γυνὴ
1271 776 1362 811 ψυχὴν
1381 775 1470 807 ζῶσαν
1482 784 1490 793 ο
1509 777 1563 803 οὐδ’
1580 777 1621 803 ὅτι
1638 777 1810 804 συλλαϐοῦσα

1022 821 1088 854 Εὕα,
1103 822 1119 858 ἢ
1140 822 1242 857 Σάρρα,
1261 822 1277 857 ἢ
1290 821 1430 848 Ἐλισάϐετ
1446 821 1564 857 ἐξήγαγε
1577 821 1675 857 ψυχὴν,
1695 822 1755 849 ἀλλ’
1770 823 1813 849 ὅτι

1021 867 1149 903 ἐγέννησε
1173 866 1286 893 παιδίον.
1317 866 1394 892 Διατί
1415 866 1443 893 δὲ
1462 867 1516 903 ἄρα
1542 867 1666 893 πλεῖσται
1690 867 1812 902 μητέρες

1020 912 1108 947 ψυχῆς
1129 911 1218 947 ιρημα
1239 910 1388 937 ἀποκύουσι
1411 910 1479 945 μόνα
1494 910 1528 937 τὰ
1542 910 1667 945 σώματα,
1683 911 1764 946 εἴπερ
1775 910 1811 946 ἦν

1020 958 1115 988 αὐταῖς
1130 957 1242 983 δυνατὸν
1258 955 1378 991 ἔμψυχον
1395 955 1526 983 ἀποκύειν
1540 956 1570 982 τὺ
1585 956 1721 991 ἕμὸρυον;
1736 957 1811 983 διατι

1020 1003 1047 1030 δὲ
1061 1002 1279 1039 νεκροτοκοῦσαι,
1294 1002 1477 1030 ὲπικωκύουσι
1492 1003 1538 1028 καὶ
1556 1003 1745 1038 ὀλοφύρονται,
1760 1003 1811 1030 καὶ

1022 1048 1059 1084 μὴ
1075 1047 1152 1080 αὖθις
1176 1048 1225 1083 τὴν
1238 1047 1326 1084 ψυχὴν
1347 1047 1386 1083 τῷ
1398 1047 1487 1083 νεκρῷ
1504 1047 1665 1079 ἑντιθέασιν,
1677 1049 1758 1084 εἴπερ
1776 1046 1811 1084 ἦν

1019 1095 1113 1125 αὑταῖς
1128 1093 1236 1128 θεμιτὸν
1248 1093 1339 1127 ψυχὴν
1349 1093 1499 1128 ἀπογεννᾷν
1511 1101 1518 1125 ;
1535 1092 1594 1123 πῶς
1609 1092 1639 1119 δὲ
1652 1093 1753 1124 παντὸς
1761 1094 1811 1128 ἐμ-

1019 1140 1104 1175 ψύχου
1123 1139 1224 1174 σιδήρῳ
1237 1139 1404 1174 τεμνομένου
1429 1138 1445 1173 ἢ
1460 1137 1664 1173 ἀμυσσομένου,
1679 1135 1759 1169 αὖθις
1779 1138 1810 1164 τὸ

1020 1183 1089 1220 αἷμα
1107 1186 1247 1220 προχεῖται
1259 1183 1418 1220 κρουνηδὸν,
1428 1183 1475 1209 καί⁸
1489 1183 1684 1218 περιφοινίττει
1695 1182 1727 1209 τὸ
1741 1183 1809 1209 ὐπο-

1020 1231 1159 1266 κείμενον¹
1173 1231 1189 1266 ὴ
1200 1231 1228 1257 δὲ
1245 1230 1342 1266 χέρσος
1354 1226 1567 1265 ἁρουμένη,“καὶ
1580 1228 1666 1264 λίσγῳ
1687 1228 1809 1264 διαιρου-

1022 1277 1100 1312 μένη,
1112 1277 1157 1303 καὶ
1173 1277 1213 1308 είς
1223 1276 1311 1312 φρέαρ
1321 1275 1498 1311 ὀρυττομένη,
1514 1275 1544 1301 οὐ
1559 1274 1618 1310 βοᾷ.
1638 1275 1690 1309 οὐχ
1712 1275 1810 1310 αἱμορ-

1021 1324 1110 1359 ραγεῖ,
1119 1323 1150 1350 οὺ
1161 1321 1400 1358 περιφοινίττεται,
1411 1321 1440 1347 οὐ
1451 1322 1569 1356 καματοί
1577 1321 1639 1352 τοὺς
1650 1320 1809 1350 παίοντας,

1021 1369 1147 1404 καθάπερ
1164 1369 1199 1395 τὰ
1212 1368 1319 1404 ἔμψυχα
1334 1367 1424 1394 πάντα
1437 1367 1560 1402 πέφυκε;
1577 1365 1636 1397 πῶς
1651 1366 1681 1392 δὲ
1696 1365 1731 1392 τὰ
1746 1365 1809 1392 σκό-

1021 1416 1096 1451 ροδα,
1108 1416 1125 1450 ἢ
1139 1415 1280 1449 κρόμμυα,
1296 1414 1312 1449 ἢ
1328 1413 1362 1439 τὰ
1378 1413 1459 1440 λοιπὰ
1474 1412 1528 1438 τῶν
1539 1411 1630 1446 φυτῶν
1646 1411 1770 1446 μαχαίρᾳ
1790 1410 1809 1446 ἢ

1019 1461 1140 1497 δρεπάνῃ
1154 1460 1318 1495 τεμνόμενα,
1337 1459 1388 1494 οὐχ
1408 1459 1580 1494 αἱμάττεται,
1600 1458 1678 1494 εἰπερ
1699 1457 1809 1492 ἔμψυχα

1021 1506 1148 1541 ὑπάρχει.
1165 1505 1236 1533 κατὰ
1247 1505 1412 1540 Μανιχαίους
1422 1505 1485 1536 τοὺς
1496 1503 1680 1538 εἰκαιολόγους
1698 1503 1746 1529 καὶ
1757 1511 1810 1538 μα-

1019 1553 1181 1587 ταιόφρονας
1191 1572 1198 1584 ,
1217 1553 1280 1583 τοὺς
1294 1553 1343 1587 τὴν
1364 1552 1475 1578 ἐκείνων
1487 1551 1618 1585 δύσοδμον
1631 1550 1810 1585 κακοφημίαν

1019 1599 1048 1625 ὲν
1059 1600 1118 1630 ταῖς
1131 1599 1205 1632 σφῶν
1218 1597 1317 1633 ψυχαῖς
1329 1598 1525 1633 περιφέροντας
1538 1605 1545 1629 ;
1567 1597 1625 1623 Πᾶν
1640 1596 1669 1622 δὲ
1686 1596 1809 1630 ἔμψυχον

1019 1644 1143 1680 χερσαῖόν
1164 1652 1194 1670 τε
1220 1643 1268 1670 καὶ
1285 1643 1388 1670 ἐνάλιον
1407 1643 1514 1673 πάντως
1531 1642 1606 1668 ἔσται
1627 1642 1673 1668 καὶ
1685 1641 1806 1676 ἔναιμον.

1020 1688 1076 1714 Οὐκ
1102 1687 1221 1722 ἔμψυχος
1236 1687 1325 1714 τοίνυν
1340 1688 1356 1722 ὴ
1371 1687 1424 1722 γῆ,
1445 1687 1505 1713 οὐδέ
1528 1695 1554 1713 τι
1577 1685 1631 1713 τῶν
1656 1686 1765 1720 φυτῶν,
1788 1685 1806 1722 ἢ

1019 1735 1179 1770 φωστήρων.
1208 1733 1319 1761 Οὐδέπω
1342 1734 1396 1769 γὰρ
1413 1733 1592 1769 περὶτούτων
1606 1734 1689 1768 φησὶν
1710 1734 1726 1767 ἡ
1748 1732 1808 1759 θεία

1020 1780 1123 1815 Humi},
1148 1780 1189 1806 ὄτι
1206 1780 1371 1815 ἐνεφύσησεν
1388 1779 1478 1811 αὐτοῖς
1494 1778 1577 1814 πνοὴν
1592 1778 1662 1813 ζωῆς
1680 1778 1808 1813 καθάπερ

1019 1826 1065 1852 ἐπὶ
1084 1825 1131 1852 τοῦ
1153 1825 1296 1860 ἀνθρώπου
1319 1825 1409 1860 φησίν.
1430 1826 1536 1859 ’Δπαγε
1556 1822 1602 1851 οὖν
1622 1824 1673 1858 τῆς
1695 1824 1807 1850 ἐκείνων

1019 1870 1181 1905 παροινίας,
1210 1871 1257 1897 καὶ
1278 1870 1453 1905 φρενήτιδος,
1478 1869 1556 1901 ἀξιῶ.
1585 1869 1643 1895 Πᾶν
1663 1869 1718 1905 γὰρ
1738 1869 1806 1901 ζῶον

1018 1915 1107 1950 ἐαυτῷ
1120 1916 1209 1950 ὅμοιον
1223 1916 1320 1950 γεννᾷ,
1347 1915 1410 1950 βοῦς
1425 1915 1502 1950 βοῦν,
1530 1915 1578 1942 καὶ
1596 1915 1680 1945 ἵππος
1693 1914 1804 1950 ὁμοίως,

1019 1961 1065 1988 καὶ
1084 1961 1184 1997 δορκὰς
1204 1963 1251 1989 καὶ
1275 1962 1365 1997 τίγρις
1381 1962 1428 1988 καὶ
1451 1962 1485 1988 τὰ
1500 1961 1639 1996 ἀχθοφόρα
1662 1961 1716 1988 τῶν
1743 1962 1806 1988 ὐπο-

1019 2007 1136 2041 ζυγίων,
1160 2009 1207 2034 καὶ
1234 2008 1366 2043 αἱμοσόρα
1389 2008 1444 2034 τῶν
1469 2007 1588 2043 θηρίων,
1616 2007 1733 2034 ἕκαστον
1754 2006 1806 2041 σῆς

1018 2053 1119 2084 οἰκείας
1138 2053 1245 2088 φῦσεως
1261 2053 1308 2080 καὶ
1322 2053 1406 2088 μόνης
1424 2045 1540 2088 ὑπάρχει
1557 2053 1727 2087 γεννητικόν.
1743 2053 1805 2084 Πῶς

1018 2096 1064 2125 οὖν
1074 2100 1090 2133 ἡ
1103 2099 1197 2134 χέρσος
1215 2099 1258 2125 οἵα
1271 2107 1301 2125 τε
1313 2097 1348 2134 ἦν
1360 2099 1424 2135 μιᾶς
1440 2098 1598 2134 ὑπάρχοντα
1615 2098 1723 2133 φύσεως
1732 2118 1740 2130 ,
1761 2106 1805 2124 το-

1019 2145 1120 2176 σαύτας
1150 2145 1332 2180 ἀπογεννῆσαι
1357 2144 1463 2180 ψυχὰς,
1491 2144 1641 2179 ἀλλογενῶν
1667 2145 1715 2171 καὶ
1742 2144 1803 2170 ἀνο-

1019 2190 1103 2225 μοίων
1114 2190 1199 2223 ζώων,
1216 2191 1240 2217 εὶ
1255 2190 1292 2226 μὴ
1307 2191 1346 2226 τῷ
1367 2191 1431 2226 θείῳ
1445 2191 1636 2226 προστάγματι
1649 2189 1804 2226 ὲμψυχοῦτο

1017 2235 1051 2262 τὰ
1071 2236 1290 2272 ὲκδραττόμενα;
1316 2237 1374 2268 πῶς
1397 2236 1425 2263 δὲ
1440 2237 1485 2263 καὶ
1503 2236 1538 2263 τὰ
1563 2235 1647 2262 ὕδατα
1729 2236 1804 2270 αὐτῷ

1018 2280 1165 2308 ὑπείκοντα
1176 2281 1350 2317 θεσπίσματι,
1368 2282 1431 2317 μιᾶς
1444 2282 1599 2317 ὑπάρχοντα
1616 2281 1734 2315 φύσεως,
1752 2289 1803 2316 μα-

1017 2325 1102 2362 λακῆς
1117 2336 1146 2353 τε
1161 2328 1207 2354 καὶ
1227 2328 1320 2364 ρυτῆς,
1343 2328 1424 2364 μυρία
1440 2327 1506 2362 γένη
1528 2327 1641 2353 πλωτῶν
1662 2327 1802 2362 ἐμψύχων,

1016 2371 1108 2406 κητῶν
1124 2380 1155 2398 τε
1175 2372 1224 2398 καὶ
1239 2372 1368 2408 σελαχῶν,
1385 2373 1413 2398 ἐν
1441 2373 1490 2407 μιᾷ
1502 2371 1598 2407 καιροῦ
1612 2373 1683 2408 ροπῇ
1702 2372 1803 2407 ὁμοίως

1016 2419 1049 2454 τῇ
1066 2420 1100 2454 γῇ
1125 2418 1309 2454 ἐξωμόρξατο;
1333 2420 1349 2454 ἡ
1366 2419 1474 2454 μαλακή
1492 2427 1521 2444 τε
1545 2419 1592 2444 καὶ
1609 2417 1677 2453 ρυτὴ
1689 2418 1802 2453 σώματα

1016 2463 1214 2499 ὲμψυχωμένα,
1231 2464 1332 2499 uappa
1346 2472 1375 2489 τε
1388 2463 1435 2490 κα)¹
1452 2462 1578 2498 πετρώδη
1590 2463 1756 2498 ὲννηχόμενα
1767 2464 1801 2498 τῇ

1016 2510 1127 2545 ἀὸύσσῳ
1137 2530 1144 2542 ,
1165 2509 1239 2545 δρεσι
1255 2510 1294 2545 τῷ
1308 2509 1417 2544 μεγέθει
1440 2508 1638 2544 παρισούμενα,
1650 2508 1741 2542 φῶκαί
1755 2509 1801 2534 καὶ

1017 2555 1154 2590 φάλαιναι,
1167 2556 1276 2591 πρίονες
1289 2555 1335 2582 καὶ
1349 2555 1455 2590 γαῦροι,
1473 2554 1519 2581 καὶ
1533 2554 1566 2581 τὰ
1581 2553 1663 2580 λοιπὰ
1680 2553 1800 2589 φρικώδη

1016 2601 1048 2635 τῇ
1069 2601 1163 2636 κλήσει
1178 2601 1224 2627 καὶ
1240 2601 1299 2635 ὕψει
1323 2600 1439 2636 ὲμΰύθια
1455 2600 1521 2633 ζῶα,
1537 2600 1608 2635 ἃπερ
1622 2600 1653 2626 οὐ
1672 2599 1720 2626 τοῦ
1738 2609 1802 2634 παρ-

1016 2645 1092 2677 όντος
1106 2646 1201 2681 καιροῦ
1218 2645 1428 2682 ἀνερμηνεύειν;
1444 2645 1507 2678 Πῶς
1522 2643 1578 2677 οὖν,
1591 2645 1670 2681 εἴπερ
1689 2646 1738 2681 μία
1751 2645 1798 2679 φὺ-

1017 2700 1058 2724 σις
1069 2692 1189 2728 ἔμψυχος
1199 2693 1229 2718 τὸ
1245 2692 1327 2728 ὕδωρ,
1343 2693 1534 2728 ἅναρῤίθμητα
1549 2693 1683 2729 egi-Spem:
1695 2693 1750 2727 (35)
1761 2692 1799 2726 γέ-

1016 2738 1171 2772 νηπλωτῶν
1194 2747 1223 2764 τε
1248 2738 1295 2764 καὶ
1318 2738 1425 2773 πτηνῶν
1442 2738 1590 2773 ἑτεροφυῆ,
1617 2738 1664 2764 καὶ
1679 2736 1796 2773 ἑτερόσια

1016 2784 1063 2812 καὶ
1076 2785 1205 2820 ἀμφίῦια,
1218 2784 1265 2812 νῦν
1284 2785 1333 2820 μὲν
1346 2785 1392 2812 ἐπὶ
1406 2785 1456 2820 τῆς
1469 2784 1579 2819 χέρσου,
1592 2783 1640 2811 νῦν
1657 2783 1686 2810 δὲ
1702 2784 1733 2811 ὲν
1746 2783 1796 2814 τοῖς
