1907 3043
88 202 162 229 ὖᾶασι
184 200 366 236 διαιτώμενα,
384 201 409 227 οι
426 200 541 235 Νειλῷοι
561 201 610 235 τῆς
624 199 763 234 Αἰγύπτου
780 199 879 235 κροκό-

87 248 177 280 δειλοι,
190 249 215 274 σί
228 248 352 284 ἑσπέριοι
363 249 513 275 Φυσωνῐται
530 246 726 282 κυνοπάταμοι,
737 247 761 273 οἱ
771 246 880 283 Εὐφρα-

87 294 174 329 τήσιοι
188 293 304 330 γρύπες,
319 294 344 321 oI
357 293 533 330 τελματήσιοι
549 293 691 329 βάτραχοι,
699 293 724 320 οἱ
739 294 804 329 παρ’
815 294 881 328 ἡμῖν

87 339 180 375 ἐχῖνοι,
194 339 243 366 καὶ
260 339 355 366 κύκνοι
367 348 375 372 ;
392 339 446 366 Καὶ
463 338 549 375 μυρία
563 347 604 371 τις
616 338 743 374 εὐρήσειε
754 338 809 365 τῶν
825 338 881 373 ἀμ·-

87 385 186 420 φιὸίων
199 385 278 420 γένη,
287 385 335 412 νῦν
350 384 400 421 μὲν
410 386 456 412 ἐπὶ
470 385 524 412 τῶν
537 384 679 420 λειμώνων
686 384 733 412 καὶ
745 384 881 421 μεδίμνων

87 431 343 468 σπερμολογοῦντα,
367 431 384 468 ἢ
414 431 628 467 ποηφαγῶντα,
652 431 712 467 ἅμα
736 433 792 464 τοῖς
816 440 880 468 χερ-

87 478 171 510 σαίοις
188 477 286 511 ζώοις
300 478 347 505 νῦν
360 477 388 504 δὲ
403 479 433 506 ὲν
445 479 502 511 τοῖς
513 477 592 505 ὓδασι
610 478 647 505 τὰ
660 477 813 515 λεπτότερα
825 478 881 505 τῶν

85 524 200 552 πλωτῶν
214 524 398 560 διανηχόμενα
411 524 581 558 κατεσθίειν,
606 525 675 561 ὅπερ
687 524 736 552 καὶ
751 524 786 551 τὰ
801 524 882 560 αἱμο-

86 571 154 606 6όρα
165 569 221 597 τῶν
234 571 372 606 χερσαίων
386 572 475 598 ποιεῖν
489 570 622 606 πέφυκεν.

787 140 960 170 DIALOGUS
979 141 1010 168 II.

1670 138 1723 167 970

934 199 1009 235 poris
1032 199 1189 235 expositio?
1205 198 1346 232 Quomodo
1367 197 1462 233 igitur,
1487 196 1510 225 si
1535 195 1645 231 quidem
1669 203 1724 223 una

931 251 1030 274 natura
1047 246 1167 273 animata
1182 250 1224 274 est
1238 253 1320 281 aqua.
1341 245 1487 272 innumera
1501 242 1664 271 etiluxeruut
1677 250 1724 278 ge-

931 299 998 320 nera
1019 291 1174 319 natatilium
1197 294 1225 319 et
1241 289 1404 321 volatilium.
1430 288 1510 316 aliter
1525 287 1679 319 nascentia.
1697 291 1725 314 ct

932 339 1012 367 aliter
1026 338 1157 371 viventia,
1174 341 1201 366 et
1222 337 1333 373 quidem
1350 336 1460 364 diverso
1482 335 1555 362 victu
1575 333 1696 362 viventia
1715 342 1722 360 :

933 392 1007 413 nunc
1020 384 1130 421 quidem
1146 392 1228 420 super
1244 387 1358 416 terram,
1378 389 1453 410 nunc
1470 389 1536 410 vero
1548 380 1576 408 in
1589 379 1670 415 aquis
1681 378 1724 407 vi-

933 435 1007 459 ctum
1036 430 1206 466 quaerentia?
1229 429 1326 457 Niliaci
1351 433 1416 457 sunt
1438 427 1468 456 in
1489 427 1608 463 Egypto
1627 432 1725 454 croco-

933 478 996 512 dili;
1016 477 1050 506 ad
1076 477 1273 506 occidentalem
1296 475 1451 512 Physonem
1476 481 1560 502 canes
1582 470 1723 505 ﬂuminei;

934 524 1090 560 Euphralaai
1115 523 1243 560 gryphes,
1267 523 1403 559 palustres
1424 528 1509 554 ranae,
1537 524 1566 548 et
1580 518 1652 555 apud
1672 524 1724 546 nos

933 569 1025 597 echini
1038 574 1066 597 et
1078 569 1168 605 cygni.
1182 569 1271 604 Atque
1284 567 1427 595 innumera
1440 565 1504 602 quis
1516 565 1653 593 invenerit
1666 570 1725 590 am-

87 615 243 651 phibiorum
256 623 367 652 genera,
389 623 451 652 quae
467 623 542 644 nunc
561 616 672 652 quidem
687 615 715 643 in
732 616 819 652 pratis
836 620 863 643 et
877 615 1024 644 medimnis
1041 615 1146 643 semina
1159 615 1302 650 colligunt,
1318 617 1366 641 aut
1382 613 1481 640 herbas
1495 611 1654 643 comedunt,
1669 615 1724 636 una

87 671 150 691 cum
171 664 354 692 terrestribus
373 665 541 693 animalibus
559 674 566 692 :
594 672 670 692 nunc
686 672 752 692 vero
771 665 798 693 in
818 664 898 700 aquis
911 664 1034 692 natantia
1049 664 1166 692 leviores
1179 663 1354 692 ﬂuviatilium
1368 662 1447 690 cibos
1467 659 1634 688 comedunt:
1650 657 1725 695 quod

86 715 114 739 et
128 711 278 738 crudivora
289 718 322 739 ex
339 711 519 739 terrestribus
536 710 628 739 facere
646 710 745 739 solent.

127 757 198 784 Ἀλλ’
215 757 263 784 ἐπὶ
283 757 313 784 τὸ
336 757 518 793 προκείμενον
533 757 599 789 τοὺς
618 757 716 789 οἴακας
740 756 786 784 τοῦ
801 755 882 791 λόγου

85 804 242 839 τρέφωμεν,
256 804 313 836 τοῖς
329 804 509 840 προφητικῶς
523 803 654 838 ἑπόμενοι
670 803 813 839 δόγμασιν.
829 803 883 830 Οὐ-

85 850 160 877 δέπω
172 850 228 885 γὰρ
242 849 365 886 ἔμψυχον
383 849 433 886 τὴν
450 850 504 885 γῆν
517 849 726 884 ἀποφαίνονται.
739 849 807 876 ἀλλὰ
822 848 884 886 θείᾳ

87 896 168 932 ῥώμῃ
187 895 236 922 καὶ
253 895 390 931 πνεύματι
416 895 605 932 ὲμψυχοῦσθαι
626 896 662 922 τὰ
688 895 796 931 ἐκείνης
817 896 881 923 ἀπο-

87 941 249 977 σράσματα·
274 940 323 969 τοῦ
344 941 394 977 μὲν
415 941 560 968 θεσπεσίου
584 941 666 968 Δαὸὶδ
682 941 878 977 μελῳδοῦντος’

92 986 282 1020 Ἄποστελεΐς
304 985 340 1013 τὸ
352 985 475 1021 Πνεῦμά
492 993 562 1018 σου,
580 986 629 1013 καὶ
647 986 862 1020 κτισθήσονται
874 995 880 1002 ·

86 1029 173 1059 τοῖίδὲ
194 1031 307 1059 Ἡσαΐου
323 1032 361 1064 ὡς
376 1032 410 1059 ὲκ
427 1031 577 1068 προσώπου
595 1031 643 1059 τοῦ
654 1031 722 1058 Θεοῦ
735 1031 884 1069 διαρρήδην

87 1078 204 1114 βοῶντος
217 1086 224 1093 ’
238 1078 313 1112 Ἐγὼ
327 1079 345 1105 ό
361 1077 434 1111 Θεὸς
449 1079 465 1105 ὀ
480 1077 613 1112 ποιήσας
623 1076 753 1112 οὐρανὸν
767 1077 816 1105 καὶ
827 1077 884 1112 τὴν

86 1124 155 1160 γῆν,
163 1124 212 1152 καὶ
223 1124 327 1157 διδοὺς
342 1123 443 1158 πνοὴν
453 1123 528 1158 ζωῆς
538 1124 601 1157 τοῖς
613 1123 763 1151 πατοῦσιν
775 1123 883 1158 αὐτήν.

381 1170 507 1197 ΠΕΥΣΙΣ
523 1171 583 1197 Pl".

121 1216 205 1244 Οὐδὲν
226 1215 390 1252 μυκώμενον
401 1235 408 1247 ,
430 1215 446 1252 ἦ
464 1215 636 1252 ὼρυόμενον,
655 1215 759 1252 ἄψυχον
769 1215 885 1251 λέγομεν

86 1263 238 1299 ὕπάρχειν-
268 1262 328 1294 πῶς
352 1262 478 1299 ὠρυᾶται
496 1262 552 1298 (56)
570 1263 586 1297 ἠ
604 1262 640 1298 γῆ
652 1282 661 1296 ,
690 1262 770 1298 εἴπερ
782 1263 885 1298 ἄψυχός

87 1310 155 1342 ἔστι,
172 1309 221 1336 καὶ
236 1309 358 1344 μυκᾶται
373 1307 519 1344 σειομένης

397 1354 582 1389 Ἀπόκρισις.

127 1401 247 1437 ὀμοίως
257 1401 291 1436 τῇ
303 1399 426 1437 θαλάττῃ
436 1402 492 1432 τοῖς
506 1400 644 1434 ὑπογείοις
659 1400 797 1436 πνεύμασι
811 1399 885 1434 διογ-

85 1449 208 1486 κουμένη
221 1469 229 1481 ,
250 1447 307 1476 οἷον
333 1448 421 1485 ροῑζόν
442 1457 504 1476 τινα
526 1448 542 1484 ἢ
563 1447 708 1484 μυκηθμὸν
727 1448 885 1475 ἀποδίδωσι.

86 1496 142 1524 Καὶ
156 1496 213 1532 γὰρ
231 1495 324 1531 ἐκείνη
338 1494 469 1527 πολλάκις
483 1495 517 1530 τῇ
540 1494 722 1530 ἀναθυμιάσει
733 1493 781 1520 τοῦ
804 1493 885 1529 βυθοῦ

88 1542 258 1579 σαλευομένη
277 1542 325 1570 καὶ
344 1541 540 1575 ἑξοιδαίνουσα,
556 1539 624 1578 ἦχον
644 1540 783 1574 ἀποτελεῖ,
799 1548 885 1576 προσ-

86 1589 263 1625 αραττομένη
288 1587 389 1624 ἑαυτὴν
402 1588 564 1624 τρικυμίαις
579 1595 586 1604 ⁸
606 1587 654 1615 τοῦ
678 1587 707 1614 δὲ
730 1586 886 1622 πνεύματος

87 1633 259 1670 ἠρεμοῦντος
272 1631 298 1660 si
307 1633 364 1669 (37)
374 1633 478 1669 ἄψυχος
487 1641 495 1649 ’
509 1633 601 1669 βοῶσα
609 1633 638 1660 δὲ
649 1632 697 1660 καὶ
714 1632 884 1668 κοιμωμένη,

88 1680 201 1716 βαθεῖαν
219 1680 276 1716 ἔχει
292 1679 424 1715 γαλήνην.
438 1680 474 1707 Ἦ
490 1679 594 1707 δοκεῖτε
604 1679 655 1711 τὰς
671 1679 776 1715 ὑδρίας,
791 1678 808 1714 ἦ
823 1679 885 1710 τοὺς

87 1726 201 1759 πίθους,
221 1725 333 1762 ἔμψυχα.
354 1726 498 1762 ὑπάρχειν,
521 1722 559 1753 ὧν
575 1725 712 1761 ἀκούομεν
724 1724 886 1761 ροιζούντων

84 1767 137 1799 ἱιαὶ
156 1771 330 1807 μυκωμένων
346 1773 379 1807 τῇ
398 1771 445 1799 τοῦ
468 1770 561 1807 ἀερίου
578 1770 732 1806 πνεύματος
745 1770 887 1806 διαφοιτήν

89 1827 151 1850 est;
172 1817 367 1854 Σφαττομένης
393 1818 423 1845 δὲ
448 1818 499 1854 τῆς
522 1818 601 1852 αἰγὸς
624 1817 671 1845 καὶ
695 1817 887 1853 πτησσομένης

87 1863 179 1900 πάντη
195 1864 254 1899 (58)
277 1863 357 1899 δῆλον
382 1863 487 1899 ἄψυχον
504 1863 638 1899 ὑπάρχειν
657 1863 688 1890 τὸ
706 1863 817 1890 κώδιον·
846 1864 888 1895 είς

87 1910 175 1937 ἀσκὸν
192 1909 217 1936 δ’
234 1909 456 1945 ἐξεργασθέντος,
472 1910 521 1937 καὶ
544 1909 680 1945 πνεύματι
703 1908 886 1941 διατιθέντος,

88 1954 150 1983 εἶτα
167 1955 250 1982 πάλιν
265 1955 304 1991 τῷ
321 1955 432 1992 πιεσμῷ
450 1955 505 1983 τῶν
526 1955 627 1992 χειρῶν
640 1955 720 1992 ἡμῶν
734 1955 887 1991 ὲκπνεόμε-

90 2010 188 2038 μενος,
213 2001 274 2033 πῶς
297 2001 386 2038 ροἶξόν
400 2010 476 2031 τινα.
499 2002 516 2038 ἢ
533 2001 678 2037 μυκηθμὸν
696 2001 857 2028 ἀποδίδωσιν
872 2002 887 2028 ὁ

88 2046 212 2082 ﬂuxae;
229 2046 292 2078 Πῶς
303 2046 332 2072 δὲ
347 2046 429 2073 πάλιν
446 2046 486 2082 τῷ
501 2046 623 2082 μουσικῷ
646 2046 782 2074 ύποπνέον
803 2046 887 2083 ὀργά-

45 2106 54 2115 ·
89 2102 140 2129 νῳ,
162 2095 197 2129 τῇ
213 2092 334 2129 ποδηγίᾳ
348 2092 397 2121 τοῦ
418 2092 544 2125 ὰστάτως
567 2093 721 2128 ἐφεστῶτος
734 2093 789 2120 πᾶν
807 2092 887 2129 μέλος

88 2140 304 2177 διακεχυμένον.
323 2140 419 2177 γοερόν
438 2148 470 2167 τε
486 2140 534 2167 καὶ
550 2140 645 2168 ὕπτιον
666 2139 711 2167 διὰ
726 2139 782 2167 τῶν
796 2139 887 2168 αὐλῶν

89 2187 224 2223 ικφωνῇς
248 2184 294 2224 ἄρ’
318 2184 367 2214 οὖν
391 2186 468 2224 παρὰ
484 2186 580 2214 τούτου
606 2186 745 2223 ἐμψύχους
769 2185 887 2222 ἐροῦμεν

88 2234 142 2265 τὰς
157 2233 367 2269 ὕποπνιομένας
391 2235 450 2266 τοῖς
469 2233 609 2270 μουσικοῖς
626 2233 754 2268 ὀργάνοις
774 2233 807 2268 τῇ
824 2231 887 2268 βρο-

88 2279 147 2306 τῶν
161 2279 379 2316 ὲπινοίᾳ;τὰςδδ
394 2279 553 2316 κιννυρικὰς
569 2279 679 2315 χορδὰς,
693 2277 804 2310 καὶτὰς
815 2286 885 2313 τυμ-

89 2325 211 2357 mixta;
225 2325 332 2362 δέρρεις
350 2325 476 2358 τιννύσας
492 2326 539 2353 καὶ
556 2325 720 2361 βομὸούσας,
733 2324 781 2352 καὶ
795 2332 887 2360 μυκω-

92 2372 179 2408 phus
201 2373 236 2408 τῇ
250 2372 342 2408 ἐπαφῇ
358 2373 406 2399 καὶ
424 2372 464 2408 τῷ
486 2372 619 2409 πλήκτρῳ
634 2371 682 2400 τοῦ
706 2371 886 2408 κατέχοντοςι

91 2418 189 2451 οῶως
207 2426 253 2454 μοι
275 2417 331 2445 νόει
349 2418 397 2445 καὶ
417 2418 467 2453 τὴν
490 2418 542 2454 γῆν
565 2418 692 2454 ἐνεργείᾳ
706 2417 780 2450 τινος
791 2417 886 2454 ἑτέρου

92 2465 263 2501 μυκωμένην
276 2464 324 2491 καὶ
335 2464 488 2500 σειομένην.

391 2553 516 2581 ΠΕΥΣΙΣ
534 2553 593 2581 PA'.

127 2600 192 2632 no;
205 2598 252 2628 οὖν
269 2600 295 2627 oi
311 2601 387 2636 τρεῖς
401 2599 494 2632 παῖδας
515 2601 607 2628 πᾶσαν
619 2601 670 2637 τὴν
689 2600 778 2629 κτίσιν
798 2599 887 2636 ἔμψυ-

93 2655 140 2684 ζον
155 2646 336 2684 παριστῶσιν,
352 2647 461 2683 ᾄδοντες
481 2648 511 2674 tv
525 2648 558 2683 τῇ
577 2647 696 2684 καμίνῳ,
713 2647 886 2683 Εὐλογσῐτε,

93 2695 192 2723 πάντα
207 2695 245 2722 τὰ
260 2694 334 2730 ἔργα
349 2694 472 2730 Κυρίου,
487 2693 541 2722 τὸν
556 2695 681 2729 Κύριον·
695 2694 816 2730 ὑμνεῖτο
835 2694 886 2722 καί

125 2790 151 2806 ’⁸
169 2790 244 2819 Psal.
260 2797 321 2824 cm,
333 2791 379 2819 30.
417 2791 440 2807 "
460 2791 512 2820 lsa.
528 2799 597 2825 XLII,
609 2791 638 2821 5.

125 2874 183 2912 (ξε)
208 2872 451 2912 ξρριζᾶταιηΐυτιο
462 2875 591 2912 ὠρύεται.
610 2875 690 2904 Εοιτ.

125 2908 185 2947 (37)
203 2909 251 2944 ΕΙ,
266 2908 347 2937 Forte
357 2910 426 2938 ἐστι.
443 2908 493 2938 In."
627 2912 631 2917 '

211 2958 348 2988 ιἈτιιοι..
371 2958 429 2990 Gn.
446 2959 625 2991 XXXVIII.

971 757 1024 785 Sed
1046 756 1079 785 ad
1097 755 1268 792 propositum
1293 763 1447 785 sermonem
1469 753 1653 790 gubernacula
1666 759 1725 780 ver-

934 808 1035 838 tamus,
1054 803 1212 839 prophetica
1232 802 1320 831 secuti
1339 801 1476 837 dogmata.
1496 800 1636 835 Nusquam
1651 798 1724 826 enim

934 854 1038 878 terram
1060 850 1209 877 animatam
1232 849 1421 885 pronuntiant,
1442 847 1491 876 sed
1512 846 1604 874 divina
1624 845 1726 873 virtute

937 899 964 923 et
980 894 1079 930 spiritu
1093 893 1210 922 animari
1230 901 1264 922 ex
1281 893 1341 928 ipsa
1361 892 1535 929 pullulantia,
1555 891 1649 920 divino
1660 890 1725 926 qui-

935 941 996 969 dem
1010 941 1111 969 Davide
1124 945 1251 974 canente,
1267 939 1358 967 Mittas
1372 939 1503 974 Spiritum
1514 944 1600 971 tuum.
1614 942 1640 966 et
1651 945 1727 965 crea-

934 987 1064 1015 buntur"
1079 997 1086 1015 :
1100 987 1170 1016 Isaia
1185 995 1251 1015 vero
1267 987 1341 1015 velut
1364 986 1391 1013 in
1412 992 1529 1021 persona
1543 985 1592 1014 Dei
1613 984 1727 1012 manifs-

933 1038 978 1062 sto
1001 1034 1156 1062 clamante:
1175 1034 1232 1070 Ego
1244 1034 1316 1061 Deus
1332 1034 1378 1069 qui
1394 1033 1444 1068 feci
1466 1032 1560 1060 calum
1573 1037 1600 1059 et
1614 1037 1725 1064 terram.

933 1086 959 1108 et
970 1081 1016 1116 qui
1026 1080 1060 1107 do
1071 1081 1168 1114 ﬂatum
1182 1081 1243 1108 uita:
1257 1079 1380 1108 omnibus
1393 1079 1560 1106 calcantibus
1573 1086 1634 1105 eam
1645 1079 1678 1104 ⁷⁷.

1157 1171 1417 1200 INTERROGATIO
1435 1171 1502 1200 CIII.

970 1218 1044 1247 Nihil
1056 1218 1129 1254 quod
1145 1218 1231 1254 mugit
1244 1222 1292 1246 aut
1304 1218 1387 1253 rugit.
1407 1217 1559 1245 inanimum
1577 1225 1640 1246 esse
1656 1217 1726 1246 dici-

936 1275 1014 1301 mus;
1032 1266 1170 1302 quomodo
1185 1266 1268 1302 igitur
1282 1266 1356 1301 rugit
1371 1270 1455 1298 terra,
1473 1265 1496 1293 si
1507 1265 1618 1301 quidem
1634 1265 1726 1293 inani-

935 1316 1008 1340 mata
1023 1317 1075 1346 est,
1090 1317 1117 1340 ct
1137 1312 1277 1348 quomodo
1293 1312 1378 1348 mugit
1394 1311 1504 1346 quando
1514 1312 1692 1340 concutitur?

1236 1357 1390 1393 Responsio.

975 1406 1108 1434 Similiter
1128 1413 1162 1434 ac
1185 1413 1261 1433 mare
1278 1404 1467 1433 subterraneis
1487 1404 1631 1441 spiritibus
1652 1404 1726 1432 intu-

936 1459 1073 1484 mesrens.
1097 1451 1176 1488 quasi
1203 1452 1350 1480 stridorem
1373 1452 1492 1487 aliquem
1514 1456 1562 1479 aut
1590 1452 1726 1488 mugitum

935 1497 1035 1525 reddit.
1060 1495 1168 1524 Etenim
1188 1496 1255 1524 illud
1273 1503 1460 1532 smpenumero
1478 1501 1643 1531 evaporante
1662 1504 1727 1532 pro-

937 1541 1013 1569 fundi
1032 1545 1100 1569 astu
1126 1546 1294 1569 commotum
1313 1546 1341 1569 et
1358 1541 1511 1574 exundans.
1531 1542 1652 1570 sonitum
1669 1541 1727 1570 elli-

938 1587 993 1621 cit.
1020 1588 1136 1616 allidens
1159 1588 1337 1623 semetipsum
1359 1588 1489 1623 procellis
1512 1588 1726 1617 vehementiori-

938 1633 1000 1662 bus.
1016 1632 1182 1668 Quiescente
1195 1642 1261 1662 vero
1271 1633 1349 1666 ﬂatu.
1369 1633 1442 1661 velut
1456 1634 1638 1662 inanimatum
1652 1634 1726 1662 haud

936 1679 1047 1712 clamat,
1070 1679 1117 1707 sed
1140 1679 1260 1714 sopitum
1284 1678 1480 1714 profunditatis
1500 1679 1725 1716 tranquillitatem

937 1726 1027 1754 habet.
1046 1725 1199 1761 Ceteroqui
1214 1733 1279 1752 num
1298 1726 1400 1761 putatis
1414 1726 1526 1761 aquaria
1537 1733 1603 1754 vasa
1614 1727 1657 1754 vel
1676 1727 1728 1757 do-

936 1772 973 1799 lia
990 1772 1110 1800 animata
1133 1779 1206 1804 esse,
1227 1780 1289 1808 quae
1303 1771 1431 1801 audimus
1455 1773 1599 1801 stridentia
1620 1779 1647 1802 et
1666 1782 1727 1802 mu-

937 1818 1048 1854 gientia,
1070 1826 1132 1846 cum
1147 1822 1272 1854 penetrat
1285 1818 1377 1847 aerius
1401 1819 1536 1855 spiritus?
1550 1820 1642 1849 occisa
1661 1828 1727 1850 vero

937 1871 1019 1900 capra
1041 1868 1069 1892 et
1083 1865 1234 1896 excoriata.
1256 1865 1344 1893 cuivis
1370 1869 1480 1893 constat
1511 1864 1598 1901 ipsam
1627 1866 1726 1902 pellem

937 1911 1087 1939 inanimam
1105 1918 1185 1943 esse;
1204 1911 1232 1938 in
1249 1915 1337 1939 utrem
1351 1918 1418 1939 vero
1433 1915 1497 1939 cute
1515 1916 1684 1941 commutata
1697 1916 1727 1941 et

937 1957 1034 1992 spiritu
1053 1957 1186 1989 distenta,
1200 1957 1298 1984 deinde
1324 1963 1422 1986 rursus
1438 1957 1645 1993 compressione
1667 1965 1728 1986 ma-

937 2010 1023 2031 nuum
1041 2006 1199 2031 nostrarum
1216 2003 1317 2031 emisso
1329 2002 1406 2036 Ilatu,
1424 2004 1561 2039 quomodo
1579 2005 1726 2033 stridorem

937 2049 1083 2085 quemdam
1099 2054 1146 2076 aut
1157 2048 1290 2084 mugitum
1303 2049 1391 2077 reddit
1405 2049 1573 2079 inanimatai
1583 2050 1726 2084 Quomodo

937 2096 1003 2123 item
1022 2094 1130 2123 musico
1151 2095 1277 2123 serviens
1289 2094 1485 2129 instrumento.
1503 2095 1589 2124 ductu
1606 2096 1726 2125 hominis

937 2141 1013 2169 varie
1029 2141 1077 2169 illo
1091 2140 1195 2169 utentis
1209 2140 1326 2176 quodvis
1343 2147 1455 2169 carmen
1475 2140 1602 2176 efﬁcitur,
1624 2149 1657 2171 ac
1669 2146 1725 2171 tam

937 2187 1092 2223 lugubriter
1102 2194 1185 2223 quam
1198 2187 1315 2215 remisse
1328 2194 1378 2222 per
1392 2186 1498 2216 ﬁstulas
1513 2188 1643 2216 resonat?
1655 2188 1726 2217 Num

937 2234 1021 2270 igitur
1032 2234 1169 2262 animatas
1184 2233 1309 2262 dicemus
1331 2233 1406 2268 quod
1428 2233 1530 2262 inﬂata:
1552 2234 1667 2264 musicis
1684 2236 1727 2263 in-

938 2284 1038 2309 sonant
1054 2280 1248 2309 instrumentis
1268 2280 1411 2311 hominum
1429 2281 1726 2318 excogitationeﬂtem

936 2327 1108 2355 cithararum
1129 2326 1259 2360 chordas,
1283 2330 1312 2354 et
1328 2329 1522 2363 tympanorum
1543 2327 1628 2363 pelles
1641 2328 1728 2356 tinni-

938 2378 982 2401 tus
1001 2378 1029 2402 et
1049 2381 1133 2401 sonos
1146 2373 1244 2407 edunt,
1263 2380 1365 2409 perque
1379 2377 1482 2401 tactum
1505 2373 1567 2409 ejus
1586 2382 1601 2402 a
1614 2382 1670 2411 quo
1685 2379 1727 2403 te-

937 2423 1048 2452 nentur.
1069 2423 1206 2455 strepunt.
1227 2418 1268 2446 Ad
1294 2418 1367 2447 hunc
1383 2418 1496 2447 modum
1517 2419 1608 2456 cogita
1629 2424 1657 2449 et
1670 2424 1727 2449 ter-

938 2472 1008 2498 ram,
1021 2472 1070 2500 per
1088 2464 1203 2493 alterius
1222 2463 1340 2500 alicujus
1354 2465 1553 2500 operationem,
1572 2466 1680 2502 mugire
1698 2471 1728 2495 et

936 2511 1057 2540 concuti.

1162 2556 1421 2586 INTERROGATIO
1444 2556 1512 2586 CIV.

972 2601 1116 2636 Quomodo
1133 2601 1219 2638 igitur
1243 2606 1300 2629 tres
1318 2601 1358 2629 illi
1384 2602 1462 2637 pueri
1483 2608 1593 2630 omnem
1622 2607 1728 2632 creatu-

937 2654 995 2675 ram
1006 2646 1151 2675 animatam
1168 2646 1307 2678 innuunt,
1323 2649 1454 2673 canentes
1471 2645 1500 2673 in
1521 2645 1635 2676 fornace
1651 2657 1658 2675 :
1677 2647 1727 2675 Be-

936 2692 1156 2726 nediciummuia
1168 2698 1248 2720 mra
1263 2691 1380 2726 Domini,
1393 2691 1545 2726 Dominum,
1560 2693 1690 2722 celebrate
1701 2699 1728 2723 et

937 2873 1027 2937 τεέἕῇ)
1044 2872 1271 2937 Ιξτησσομένης
1297 2874 1406 2910 πάντη.
1428 2872 1510 2902 Forte
1531 2872 1726 2910 πτισσομίνης,

1565 2956 1600 2987 3i
