1907 3043
196 124 245 155 ῢῖίί

197 185 314 212 exultat:
326 184 411 217 ipsum
432 183 460 214 in
484 182 592 210 sa‘cula.
614 182 773 214 Benedicile,
798 183 901 216 angeli,
918 183 988 214 cmli.

198 236 281 262 terra,
296 231 346 262 sol,
375 230 448 260 (una.
472 233 558 261 astra,
583 236 674 260 rans.
690 229 786 263 pluvia:
810 229 991 264 niuales,gla-

197 280 259 307 cies.
277 277 359 306 nives.
373 277 431 307 lux.
446 275 571 308 tenebrw,
583 280 683 307 noctes,
694 275 882 308 dies,montes,
899 275 991 306 colles,

198 331 280 354 mare,
295 322 409 356 flumina
424 322 458 354 -",
473 325 502 348 et
521 322 613 349 omnia
639 329 699 357 qua:
723 325 877 358 sequuntur
894 322 906 349 ?
923 322 990 349 Nam

197 370 249 396 hoc
267 376 327 396 esse
342 368 388 395 illa
409 369 529 395 animata
545 368 727 404 signiﬁcatur.

515 413 672 448 Responsio.

232 459 268 486 At
282 466 337 486 non
353 458 444 486 omnia
457 459 578 486 animata
596 459 718 486 ostendit
730 466 790 487 esse
803 459 913 486 illorum
927 466 992 486 san-

196 507 303 530 rtorum
325 504 562 538 liymnus,przter
599 502 736 535 homines,
748 503 831 530 etiam
850 503 954 530 bestias
966 507 992 530 et

198 555 272 576 cetos
293 553 320 576 et
333 552 430 576 caetera
447 548 587 576 terrestria
602 553 630 576 et
645 549 785 584 aquatilia.
809 549 904 584 Angeli
919 548 992 576 enim

197 595 364 623 hencdicunt
380 600 409 621 ut
423 595 572 622 rationales
594 594 710 631 spiritus
727 599 754 622 et
770 594 964 622 ministeriales
981 603 988 627 ;

198 641 261 669 (τειί
275 645 376 673 autem,
392 647 447 668 non
473 648 599 668 sermone
626 645 652 668 ct
667 648 742 673 voee,
759 640 807 668 sed
834 641 992 676 suppedita-

198 687 272 714 tione
286 687 414 714 imbrium
433 691 459 713 et
480 686 557 713 ﬁrma
579 686 793 719 constitutione;
809 686 850 713 sol
863 689 952 712 autem
966 689 993 713 et

198 733 274 766 luna,
292 737 390 760 exortu
405 736 432 759 et
450 736 544 759 mutua
570 731 761 758 vicissitudine
785 739 883 758 cursus
899 735 926 759 et
948 739 993 758 ra-

197 779 306 806 diorum
317 777 558 813 ejaculationibus.
576 776 710 804 Praeterea
726 777 902 812 processione
916 776 992 804 ordi-

198 830 261 852 nata
277 824 374 852 lucifer
388 824 498 859 quidem
522 822 594 850 diem
610 823 765 855 annuntiat,
781 823 913 858 hesperus
927 830 993 850 vero

199 872 354 898 diversum;
365 870 454 898 Pleias
473 874 622 904 conspecta
642 869 817 896 securitatem
834 870 988 905 naviganti-

199 918 251 946 lius
265 917 425 953 pollicetur;
440 916 570 944 occidens
588 923 653 943 vero
665 916 833 943 contrarium
845 936 852 942 .
864 936 871 943 .
884 937 890 942 .
902 937 908 943 .
919 937 928 945 .
940 915 989 942 ali-

185 963 309 998 ‘qnando
336 963 445 998 quidem
470 961 504 989 ad
531 962 690 991 matutinas.
711 961 859 996 aliquando
875 969 940 989 vero
955 961 987 989 ad

199 1009 369 1045 vespertinas
384 1013 476 1044 partes
491 1015 568 1036 axem
583 1007 695 1035 ﬂectens
705 1027 713 1039 .
729 1013 836 1035 noctem
852 1011 880 1035 et
899 1008 987 1034 lucem

200 1055 345 1090 signiﬁcat.
373 1054 458 1083 Terra
474 1062 539 1082 vero
564 1054 699 1082 fructibus
714 1053 868 1089 benigniter
895 1053 989 1081 fovens

199 1102 340 1132 mortales,
352 1101 445 1128 laudat
459 1101 615 1128 Dominum.
637 1100 711 1128 Mare
728 1099 910 1136 prosperitate
926 1107 990 1135 pro-

199 1148 359 1180 fertionnm,
384 1152 411 1174 et
439 1146 520 1182 lignis
545 1145 720 1181 pcrmeabile,
733 1145 881 1181 piscesque
908 1145 989 1173 nobis

198 1193 342 1230 proferens
353 1197 380 1220 et
391 1200 569 1222 conservans.
583 1191 729 1219 Dominum
750 1191 852 1219 laudat.
875 1190 988 1218 Anima-

198 1240 236 1267 lia
253 1243 343 1267 autem
357 1239 448 1271 bruta,
464 1242 491 1267 et
507 1239 631 1266 homines
645 1245 652 1263 :
667 1245 718 1265 nos
732 1237 841 1272 quidem
859 1245 921 1264 cum
943 1245 989 1264 ra-

200 1287 274 1313 tione
296 1285 392 1313 laudes
419 1284 574 1317 oﬂerimus,
594 1284 639 1311 illa
656 1287 746 1311 autem
770 1284 906 1318 portantia
933 1284 990 1310 lau-

199 1334 297 1360 dantes
308 1336 336 1359 et
354 1336 414 1358 vota
428 1331 568 1363 facientes,
586 1329 711 1357 ordinate
722 1329 820 1356 abillis
839 1330 989 1364 gubernata

188 1385 226 1407 τιτι
243 1380 270 1406 in
291 1379 389 1406 timore
415 1377 547 1410 cohibita,
563 1376 708 1404 Dominum
729 1375 897 1411 prtedicant;
921 1375 990 1403 nihil

198 1426 271 1452 enim
299 1425 391 1452 minus
410 1431 493 1458 quam
508 1431 557 1459 pro
573 1424 654 1450 nobis
679 1422 758 1458 ipsis,
778 1422 859 1450 etiam
882 1429 931 1457 pro
946 1422 991 1457 ju-

199 1470 298 1499 inentis
315 1477 394 1496 orare
413 1469 620 1497 consuevimus.

427 1513 689 1542 lN'l‘ERROGATlO
703 1513 758 1542 CV.

235 1562 263 1589 Si
284 1561 312 1589 in
338 1562 512 1589 ﬁrmamento
537 1560 590 1587 ﬁxa
614 1564 679 1588 sunt
704 1564 777 1587 astra
792 1563 819 1588 et
833 1560 988 1592 luminaria.

198 1607 327 1636 consistit
345 1611 436 1634 autem
455 1606 604 1639 immobile,
622 1609 652 1633 ut
673 1606 786 1638 dicitur,
798 1606 909 1639 emtum,
923 1613 991 1642 quo-

199 1654 281 1680 modo
305 1653 393 1679 currit
418 1659 466 1687 per
487 1652 578 1687 ipsum
594 1652 635 1679 sol
651 1655 679 1679 et
701 1651 778 1684 luna,
794 1659 848 1679 non
865 1657 990 1679 secantes

199 1698 288 1733 ipsius
317 1697 498 1725 substantiam
522 1696 686 1732 ?quomodo
705 1697 770 1724 item
786 1697 813 1724 in
835 1697 922 1732 glacie
945 1696 990 1732 ﬁgi

199 1747 288 1779 potest
304 1743 386 1779 ignis,
399 1742 436 1769 ita
453 1747 482 1769 ut
495 1750 550 1770 non
564 1743 686 1770 solvatur
698 1742 710 1769 7

519 1787 672 1823 Responsio.

233 1836 293 1864 Non
309 1841 375 1864 sunt
394 1836 464 1868 ﬁxa.
482 1834 529 1864 sed
547 1835 598 1863 sub
609 1835 780 1862 ﬁrmamento
797 1839 899 1870 aptata,
912 1838 939 1862 et
956 1834 992 1862 fe-

199 1889 300 1911 runtur
310 1882 418 1918 quidem
437 1881 464 1909 in
490 1881 591 1909 aethere
610 1882 719 1909 levitate
739 1884 861 1913 naturae,
874 1886 991 1908 currunt

198 1937 265 1958 vero
278 1931 329 1957 sub
344 1929 518 1957 ﬁrmamento
539 1937 546 1955 :
565 1928 639 1955 illius
655 1927 765 1962 quidem
783 1927 991 1962 refrigeratione

199 1976 350 2004 cecundum
368 1974 571 2010 proportionem
586 1974 620 2001 ad
635 1973 766 2001 inferiora
782 1973 935 2008 compulsa,
946 1981 991 2000 ve-

200 2029 260 2048 rum
283 2022 354 2049 aeris
370 2021 493 2056 subjecta
510 2020 696 2048 crassitudine
721 2019 839 2047 sublata.
856 2018 991 2047 Omnibus

199 2068 272 2094 enim
290 2068 389 2095 creatis
404 2067 490 2094 levior
508 2071 550 2094 est
575 2066 646 2102 ignis
670 2070 767 2093 natura
779 2087 786 2099 ,
805 2065 920 2101 ideoque
943 2073 992 2092 an-

201 2114 252 2147 geli
277 2114 358 2141 etiam
383 2113 455 2141 hanc
480 2113 570 2140 sortiti
595 2115 669 2140 sunt.
699 2112 750 2145 Qui
789 2112 854 2146 facit
883 2112 990 2146 angelos

199 2167 261 2186 suos
277 2159 403 2193 spiritus,
421 2163 446 2185 ιιι
465 2159 603 2186 ministros
617 2166 690 2190 suos,
711 2159 778 2193 ignis
796 2158 934 2193 [laminam
949 2158 970 2173 ³⁷
982 2178 990 2191 ,

202 2206 290 2240 inquit
321 2205 349 2233 in
375 2205 501 2233 melodiis
529 2205 654 2233 Davides.
678 2205 706 2232 lu
737 2205 868 2240 Epistolis
897 2208 988 2232 autem

199 2250 302 2280 Paulus
323 2261 331 2278 :
358 2252 428 2278 .iera
456 2256 582 2286 superant
607 2251 752 2278 luminaria
779 2251 883 2277 lcrilate
905 2251 987 2286 ignis.

200 2296 313 2324 Penitus
328 2301 418 2324 autem
432 2297 465 2324 ad
480 2297 681 2325 ﬁrmamentum
699 2297 845 2332 appellere,
863 2300 910 2323 aut
929 2297 989 2331 ejus

200 2344 319 2378 aliquam
342 2348 446 2378 partem
473 2343 641 2371 inﬂammare
661 2350 715 2370 non
733 2347 859 2377 possunt,
881 2347 989 2378 propter

201 2391 326 2425 aspirans
336 2390 454 2426 desuper
469 2389 556 2425 frigus
570 2389 724 2418 caelestium
738 2397 882 2425 aquarum.

425 2475 685 2505 INTERROGATIO
701 2477 769 2505 CVI.

238 2525 272 2551 At
284 2524 422 2560 quomodo
438 2529 581 2557 ventorum
601 2524 729 2552 violentia
743 2526 770 2552 in
786 2530 860 2553 astra
875 2534 929 2554 non
941 2527 990 2554 im-

201 2572 328 2607 pingunt,
348 2575 395 2598 aut
411 2571 598 2607 impediuntur
617 2571 726 2599 cursu?

522 2616 678 2652 Responsio.

238 2663 349 2698 Spirant
370 2662 477 2690 inferne
494 2662 585 2696 ﬂatus,
605 2668 632 2690 et
648 2664 700 2690 sub
721 2663 779 2691 sole
799 2663 922 2692 feruntur
937 2673 988 2692 nu-

202 2708 260 2741 bes,
278 2715 306 2736 ut
325 2711 350 2736 in
367 2710 421 2737 alto
444 2709 558 2737 meridie
573 2709 665 2737 videre
685 2709 759 2742 licet,
771 2710 908 2739 uuomodo
937 2720 988 2739 nu-

237 2776 260 2791 "
280 2774 348 2802 Dan.
367 2768 407 2806 ιιι,
420 2775 454 2802 57
465 2782 542 2810 seqq.
580 2776 602 2791 ⁷⁹
624 2774 698 2802 Psal.
713 2782 771 2808 cm,
786 2774 814 2802 4.

236 2841 294 2911 ἱῗιθ)
309 2841 462 2875 Ἀπ-ήνοια.
476 2841 541 2876 Leg.
558 2841 659 2877 ἀπήνη.
675 2850 784 2870 currus:
801 2841 982 2871 eonstcllatio.

252 2877 295 2911 $0)
313 2877 464 2911 Ἔλεγχον.
484 2877 565 2905 Forte
579 2877 681 2911 ἔλαχον.
699 2878 776 2905 linit.

252 2877 295 2911 $0)
313 2877 464 2912 Ἔλεγχον.
484 2877 565 2905 Forte
579 2877 681 2912 ἔλαχον.
699 2878 776 2905 linit.

733 122 762 149 S.
783 121 933 149 CAESAR"
958 120 1123 149 GREGORH
1148 120 1298 148 FRATRIS

1786 121 1839 150 9η

1043 182 1236 217 ὑπερυψοῦτε
1257 181 1350 209 αὑτὸν
1367 182 1410 215 εἰς
1435 176 1506 214 τοὺς
1527 181 1647 214 αἰῶνας.
1669 181 1836 216 Εὑλογεῖτε,

1043 229 1174 264 ἄγγελοι,
1186 229 1319 262 οὐρανοὶ,
1332 228 1381 262 τῆ,
1397 228 1494 261 ἥλιος,
1511 227 1640 261 σελήνη,
1654 227 1762 262 ἄστρα,
1771 227 1836 260 δρό-

1043 283 1103 307 σοι,
1117 275 1244 309 νιφετοὶ,
1259 274 1357 309 πάγοι,
1373 274 1482 309 χιόνες,
1494 273 1567 307 φῶς,
1581 274 1703 307 σκότος,
1717 274 1834 306 νύκτες,

1043 321 1160 357 ἡμέραι,
1178 322 1227 349 καὶ
1244 322 1298 356 ὅρη
1313 321 1363 348 καὶ
1374 320 1494 353 βουνοί,
1507 319 1661 347 θάλασσαι
1677 320 1729 347 καὶ
1745 328 1835 347 ποτα-

1040 369 1102 405 μοὶ,
1117 369 1164 396 καὶ
1177 368 1266 396 πάντα
1280 368 1297 395 ἃ
1309 368 1371 394 καθ’
1387 367 1450 402 ἑξῆς
1467 367 1576 403 ἔμψυχα
1594 366 1785 402 παριστῶσινς

1356 415 1524 448 Ἀπόκρισις

1085 462 1154 489 Ἀλλ’
1177 462 1207 488 οὐ
1229 461 1318 489 πάντα
1343 460 1452 496 ἔμψυχα
1471 459 1607 486 δείκνυσιν
1628 459 1642 485 ὁ
1664 458 1719 485 τῶν
1742 459 1838 486 θεσπε-

1044 510 1109 537 σίων
1125 509 1220 545 ὖμνος,
1235 507 1304 544 πλὴν
1317 506 1479 543 ἀνθρώπων,
1492 506 1595 541 θηρίων
1608 505 1655 532 καὶ
1667 505 1723 531 τῶν
1737 505 1836 540 κητῶν,

1043 557 1090 584 καὶ
1104 555 1159 582 τῶν
1180 554 1282 582 λοιπῶν
1298 553 1434 590 χερσαίων
1455 561 1484 580 τε
1504 551 1551 579 καὶ
1564 551 1693 587 ἐνύδρων.
1709 550 1837 585 Ἄγγελοι

1042 605 1096 639 γὰρ
1112 601 1286 636 εὐλογοῦσιν.
1305 600 1342 632 ὠς
1366 599 1463 634 λογικὰ
1481 599 1626 633 πνεύματα
1651 598 1699 624 καὶ
1717 598 1836 632 λειτουρ-

1042 650 1126 684 γικά⁸
1144 648 1252 684 οὐρανοὶ
1265 647 1293 673 δὲ
1313 647 1344 673 οὐ
1360 646 1432 681 λόγῳ
1453 646 1500 672 καὶ
1518 646 1604 680 φωνῇ.
1621 644 1689 671 ἀλλὰ
1706 645 1740 679 τῇ
1757 652 1837 679 χορη-

1042 696 1091 732 γίᾳ
1105 694 1159 722 τῶν
1173 694 1286 729 ὄμϐρων
1308 693 1353 720 καὶ
1372 693 1405 727 τῇ
1427 691 1522 727 ὲδραίᾳ
1537 691 1644 720 στάσει.
1659 691 1738 726 ἥλιος
1750 690 1778 717 δὲ
1792 691 1837 716 καὶ

1046 741 1145 776 σελήνη
1163 742 1195 775 τῇ
1220 738 1335 773 ἀνατολῇ
1358 738 1404 764 καὶ
1428 736 1639 772 ἀντιπαραδόσει
1653 735 1702 763 τοῦ
1725 736 1836 770 ᾷρόμου,

1043 787 1090 814 καὶ
1105 787 1165 818 ταῖς
1192 785 1282 821 βολαῖς
1301 785 1355 811 τῶν
1372 784 1498 811 ἀκτίνων.
1521 783 1592 817 ’Λρα
1614 782 1643 808 δὲ
1666 783 1699 817 τῇ
1716 782 1837 816 εὐτάκτῳ

1043 833 1139 869 χορείᾳ
1160 831 1304 867 φωσφόρος
1322 830 1372 865 μὲν
1389 829 1507 864 ἀνίσχων
1527 828 1575 863 τὴν
1593 828 1700 863 ἡμέραν
1725 827 1838 860 εὐαγγε-

1041 880 1144 912 λίζεται
1155 898 1162 910 ,
1178 878 1294 913 ἕσπερος
1312 876 1341 902 δὲ
1362 875 1526 902 τούναντίον.
1544 873 1641 905 Πλειὰς
1654 872 1793 908 ὁρωμένη,
1808 872 1838 899 τὸ

1041 925 1181 953 ἀκίνδυνον
1201 925 1258 954 τοῖς
1279 922 1415 953 ναυτίλοις
1429 919 1628 955 ἐπαγγέλλεται
1637 927 1644 934 ·
1658 919 1775 945 δύνουσα
1791 918 1819 945 δὲ
1829 937 1836 948 ,

1041 971 1206 999 τούναντίον.
1228 969 1261 996 Ἡ
1282 969 1400 1004 ἀπήνοια
1413 967 1481 1002 (59),
1496 966 1561 992 ποτὲ
1581 966 1631 1001 μὲν
1647 965 1694 991 ἐπὶ
1707 964 1742 990 τὰ
1757 964 1836 990 ἐσπέ-

1045 1025 1089 1052 ρια
1112 1015 1158 1043 τὸν
1183 1014 1264 1046 ἄξονα
1289 1013 1439 1049 τρέπουσα,
1465 1010 1562 1041 νυκτὸς
1587 1010 1635 1036 καὶ
1663 1007 1837 1042 ὲπιψαύσεως

1043 1066 1160 1102 ὑπάρχει
1174 1063 1339 1099 σημαντικὴ·
1355 1061 1390 1096 γῆ
1404 1060 1443 1091 δὲ,
1460 1061 1516 1091 τοῖς
1527 1058 1665 1094 ὲκφορίοις
1676 1057 1835 1092 δεξιουμένη

1043 1111 1171 1148 βροτοὺς,
1192 1110 1272 1145 ὑμνεῖ
1287 1108 1333 1135 τὸν
1352 1107 1462 1142 Κύριον.
1483 1105 1608 1132 Θάλαττα
1626 1103 1768 1134 καλωδίοις
1790 1103 1837 1129 καὶ

1043 1158 1133 1191 ξύλοις
1155 1154 1341 1190 πεζευομένη,
1366 1153 1414 1179 καὶ
1435 1151 1512 1186 ἰχθὺν
1528 1151 1593 1186 ἡμῖν
1612 1149 1771 1176 ἀποκύουσα
1788 1149 1837 1174 καὶ

1043 1201 1180 1238 φοροῦσα,
1205 1200 1284 1234 ὑμνεί
1303 1198 1349 1225 τὸν
1373 1196 1493 1233 Κύριον·
1509 1195 1544 1222 τὰ
1558 1195 1586 1221 δὲ
1608 1195 1692 1228 ἄλογα
1716 1193 1774 1226 ζῶα
1791 1193 1837 1219 καὶ

1042 1249 1180 1283 ἄνθρωποι
1191 1267 1199 1279 ,
1214 1247 1238 1272 οἱ
1255 1245 1303 1281 μὲν
1316 1244 1360 1271 διὰ
1375 1242 1423 1270 τοῦ
1438 1242 1516 1277 λόγου
1534 1242 1596 1273 τοὺς
1617 1240 1719 1276 ὕμνους
1735 1239 1837 1273 ἀνασε-

1045 1304 1138 1332 ρομεν,
1155 1293 1190 1321 τὰ
1213 1293 1241 1320 δὲ
1257 1292 1320 1323 τοὺς
1344 1289 1494 1326 ὑμνοῦντας
1515 1287 1632 1323 φέροντα
1651 1285 1815 1332 εὑξομὲνους
1827 1305 1836 1318 ,

1043 1331 1181 1371 εὐτάκτως
1192 1337 1372 1375 ἡνιοχούμενα
1381 1356 1388 1368 ,
1401 1336 1447 1362 καὶ
1461 1334 1535 1370 φόϐῳ
1546 1332 1739 1368 χαλινούμενα,
1756 1331 1837 1366 ὑμνεί

1042 1388 1088 1414 τὸν
1100 1386 1211 1422 Κύριον.
1225 1384 1309 1412 Οὐδὲν
1323 1383 1377 1419 γὰρ
1393 1379 1484 1417 ἦττον,
1501 1380 1539 1411 ὡς
1553 1379 1622 1414 ὑπὲρ
1637 1377 1752 1410 ἑαυτῶν,
1767 1385 1837 1412 κτη-

1045 1433 1138 1470 μάτων
1151 1431 1297 1472 εὐχόμεθα.

1339 1517 1463 1544 ΠΕΥΣΙΣ
1480 1517 1540 1543 PE’.

1078 1567 1109 1594 Et
1125 1566 1155 1593 ὲν
1177 1566 1217 1601 τῷ
1241 1565 1410 1601 στερεώματι
1424 1563 1563 1598 πεπήγασι
1577 1561 1611 1588 τὰ
1632 1561 1719 1596 ἄστρα
1740 1559 1788 1586 καὶ
1813 1558 1838 1585 οἱ

1041 1610 1317 1649 φωστῆρες,’ἴπαται
1328 1610 1358 1638 δὲ
1372 1609 1510 1644 ἀκίνητος,
1522 1608 1559 1640 ὠς
1571 1607 1670 1641 λέγεις.
1684 1607 1699 1632 ὀ
1709 1605 1837 1641 οὐρανόν

1040 1659 1099 1690 πῶς
1113 1657 1205 1692 τρέχει
1218 1656 1251 1683 δι’
1271 1655 1354 1683 αὑτοῦ
1375 1656 1389 1681 ὁ
1407 1654 1481 1689 ἣλιος
1496 1653 1543 1679 καὶ
1563 1654 1580 1688 ἡ
1604 1651 1718 1686 σελήνη,
1738 1650 1774 1686 μὴ
1790 1650 1836 1676 τέ-

1042 1712 1153 1740 μνοντες
1167 1702 1248 1729 αὑτοῦ
1260 1701 1309 1737 τὴν
1321 1700 1429 1732 οὐσίαν;
1444 1698 1503 1730 πῶς
1516 1698 1544 1725 δὲ
1559 1697 1606 1723 καὶ
1617 1695 1730 1723 δυνατὸν
1745 1696 1836 1730 ἐμπα-

1040 1751 1120 1786 γῆναι
1136 1749 1202 1784 πῦρ,
1214 1747 1316 1775 ἐκείνου
1331 1746 1368 1782 μὴ
1379 1745 1528 1780 λυομένου;

1346 1790 1523 1824 Ἀπόκρισις.

1076 1841 1114 1868 Οὐ
1133 1840 1299 1875 πεπήγασιν,
1315 1837 1370 1864 ἀλλ’
1386 1837 1556 1871 ὑπήρτηνται
1569 1833 1615 1860 τοῦ
1635 1831 1836 1868 στερεώματος·

1030 1888 1218 1923 ἐποχούμενοι
1231 1885 1280 1921 μὲν
1293 1884 1333 1919 τῷ
1351 1882 1440 1918 αξθέρι
1457 1881 1605 1916 κουφότητι
1628 1879 1736 1914 φύσεως
1747 1899 1755 1910 ,
1770 1879 1839 1905 ὐπο-

1041 1933 1148 1963 θέοντες
1161 1931 1190 1958 δὲ
1203 1930 1250 1959 τοῦ
1263 1928 1460 1964 στερεώματος·
1474 1928 1507 1963 τῇ
1523 1926 1573 1962 μὲν
1590 1926 1699 1952 ἐκείνου
1715 1924 1838 1958 καταψύ-

1030 1978 1082 2011 -ξει
1104 1977 1244 2012 ἀναλόγως
1267 1976 1335 2012 πρὸς
1356 1976 1387 2001 τὸ
1412 1974 1488 2001 κάτω
1514 1971 1730 2007 συνωθούμενοι,
1750 1971 1784 2005 τῇ
1810 1970 1839 1997 δὲ

1042 2023 1210 2059 ὑποκειμένῃ
1225 2021 1272 2049 τοῦ
1287 2022 1368 2057 ἀέρος
1382 2020 1518 2055 παχύτητι
1535 2018 1703 2054 ἀνεχόμενοι.
1723 2016 1839 2043 Πάντων

1030 2070 1095 2106 γγὰρ
1113 2069 1230 2097 κτιστῶν
1244 2067 1396 2102 κουφοτέρα
1411 2067 1428 2101 ἡ
1446 2065 1492 2093 τοῦ
1508 2064 1593 2100 πυρὸς
1607 2063 1724 2098 ὑπάρχει
1745 2062 1839 2096 φύσις
1863 2078 1871 2086 .

1041 2117 1080 2144 διὸ
1094 2116 1141 2143 καὶ
1157 2115 1266 2149 ἄγγελοι
1281 2113 1383 2148 ταύτης
1405 2111 1514 2147 ἔλεγχον
1526 2111 1593 2146 (40).
1623 2110 1655 2136 '0
1672 2108 1767 2135 ποιῶν
1784 2107 1840 2143 γὰρ

1041 2163 1112 2195 τοὺς
1123 2162 1271 2196 ἀγγέλους
1283 2159 1376 2186 αὑτοῦ
1387 2158 1552 2192 πνεύματα,
1566 2155 1614 2182 καὶ
1624 2155 1697 2186 τοὺς
1703 2155 1840 2188 λειτουρ-

1043 2209 1120 2244 γοὺς
1138 2207 1232 2235 αὐτοῦ
1251 2205 1347 2240 πυρὸς
1367 2205 1465 2240 φλόγα
1477 2223 1484 2234 ,
1501 2202 1582 2237 φησὶν
1599 2202 1629 2228 ἐν
1655 2201 1811 2244 μελῳδίαις
1825 2201 1840 2226 ό

1040 2254 1128 2281 Δαδίδ-
1152 2255 1181 2280 ἐν
1209 2251 1380 2283 Ἐπιστολαῖς
1394 2250 1422 2277 δὲ
1436 2251 1451 2276 ὁ
1471 2248 1577 2280 Παῦλος
1589 2256 1596 2264 ·
1617 2247 1674 2274 Τὸν
1687 2246 1760 2280 ἀέρα
1781 2243 1842 2273 οὖν

1040 2301 1254 2334 omptume-tat
1266 2299 1294 2324 al
1303 2295 1459 2331 φωστῆρες
1469 2294 1629 2329 κουφότητι
1639 2293 1762 2328 φύσεων
1770 2291 1840 2327 (Η).

1041 2345 1208 2383 Προσϐαλεῖν
1219 2344 1249 2370 δὲ
1262 2343 1301 2378 τῷ
1318 2341 1486 2377 στερεώματι
1499 2361 1506 2373 ,
1520 2340 1537 2375 ἢ
1556 2337 1772 2375 παραχωνεῦσαι
1789 2337 1842 2383 αὐ-

1041 2392 1088 2418 τοῦ
1111 2400 1154 2422 τι,
1177 2390 1227 2425 οὐχ
1250 2386 1348 2415 οἷοίτε
1368 2386 1568 2421 καθεστήκασιν
1593 2385 1628 2419 τῇ
1645 2382 1842 2418 ὑπερπνεούσῃ

1041 2435 1191 2472 ψυχρότητι
1209 2433 1262 2460 τῶν
1278 2431 1409 2468 οὐρανίων
1423 2429 1537 2457 ὑδάτων.

1332 2476 1457 2504 ΠΕΥΣιΣ
1473 2475 1542 2509 PG’.

1075 2525 1131 2553 Καὶ
1146 2524 1203 2556 πῶς
1215 2525 1249 2560 τῇ
1260 2523 1315 2550 τῶν
1329 2522 1436 2557 ἀνέμων
1452 2519 1498 2555 βίᾳ
1510 2519 1567 2550 τοῖς
1578 2518 1692 2554 ἄστροις
1706 2518 1737 2544 οὐ
1754 2525 1843 2553 προσ-

1041 2571 1194 2607 κρούονται,
1207 2570 1224 2606 ἢ
1239 2569 1285 2596 τὸν
1297 2569 1397 2604 δρόμον
1410 2567 1440 2593 οὐ
1456 2565 1605 2593 κωλύονται
1616 2572 1624 2597 ;

1353 2614 1530 2647 Ἀπόκρισις.

1084 2662 1304 2698 Ὗποπνευματεῐ
1317 2661 1350 2688 τὰ
1365 2658 1518 2694 πνεύματα,
1536 2657 1585 2684 καὶ
1599 2656 1629 2683 αἱ
1644 2656 1754 2690 νεφέλαι
1775 2655 1840 2692 ὑπτι-

1043 2712 1169 2746 φέρονται
1192 2708 1239 2736 τοῦ
1263 2707 1357 2744 ἡλίου,
1372 2705 1409 2738 ὡς
1429 2705 1503 2732 ἓττιν
1524 2703 1645 2739 ἀθρῆσαι
1670 2703 1700 2730 ἐν
1716 2701 1840 2737 oraqu

1075 2840 1130 2873 (tt)
1149 2840 1205 2866 Τὸν
1215 2838 1322 2873 ἀέρα...
1337 2838 1464 2872 φύσεων.
1485 2835 1550 2864 Hzec
1567 2835 1650 2864 verba
1663 2836 1689 2864 in
1706 2834 1840 2871 Epistolis

1044 2874 1166 2903 Paulini:
1186 2876 1312 2910 nuspiznn
1327 2877 1446 2902 exstant.
