1907 3043
98 120 154 150 975

101 181 277 219 μεσημίρίᾳ,
303 181 392 216 νεφῶν
418 180 584 217 κινουμένων
610 177 823 211 ὑποσκιάζεσθαι
849 177 894 204 τον

99 228 175 264 ἥλιον
188 227 420 263 ὑπεριπτάμενον·
441 227 458 262 ἡ
474 226 501 253 δὲ
515 225 562 253 τοῦ
579 225 732 260 πνεύματος
746 224 791 260 βία
807 224 893 259 πρόσ-

99 283 175 309 γειος
198 273 371 310 τυγχάνουσα
383 293 391 305 ,
406 273 518 304 εἰκότως
529 271 688 307 ὲκμοχλεύει
701 271 750 306 τὴν
765 270 893 303 ἄϐυσσον,

100 320 148 347 καὶ
163 319 263 347 πάσσει
277 319 324 346 τὸν
338 319 407 354 ἀέρα
418 319 502 345 κόνει.
518 318 580 349 Πῶς
589 318 618 344 δὲ
630 318 646 353 ἡ
664 317 717 344 τῶν
732 316 894 351 πνευμάτων

102 363 147 398 βία
162 364 209 390 ἕνα
226 363 358 395 οἰκίσκον,
381 363 397 398 ἦ
413 362 487 389 λίθον
506 363 616 398 κινῆσαι
634 362 684 397 οὐχ
706 361 749 388 οἵα
764 370 794 388 τε
808 361 896 395 ὑπάρ-

102 417 196 444 χουσα,
211 409 319 444 κινήσει
336 409 412 440 ποτὲ,
425 408 441 444 ἢ
458 407 669 444 μεθιδρύσειτὺν
685 406 776 442 πάσης
790 406 896 437 πόλεως

104 455 214 491 μεγέθει
230 456 399 491 ὑπερέχοντα
410 456 497 491 ἥλιον,
510 456 527 491 ἦ
541 457 596 487 τοῖς
612 455 722 490 ἄστροις
736 453 896 489 προσαρρά-

103 502 172 535 ξειεν
182 511 190 536 ;

397 550 521 576 ΠΕΥΣΙΣ
536 550 596 576 PZ’.

138 595 169 622 Εὶ
199 596 283 632 μηδὲν
306 596 374 632 πρὸς
399 596 448 632 τὴν
470 595 650 630 ἀναγέννησιν
676 595 847 623 συντελοῦσιν
872 595 896 621 οἱ

103 643 228 678 ἀστέρες,
245 643 304 670 οὐδὲ
320 643 393 670 ἔστιν
405 643 508 670 ἐκεῖθεν
519 643 553 670 τὰ
567 643 689 679 ἡμέτερα
703 642 897 678 στοχάσασθαι,

104 690 163 721 πῶς
177 691 209 724 τῆ
221 690 347 725 γεννήσει
360 689 407 715 τοῦ
420 689 538 724 Χριστοῦ
550 689 638 724 ἀστὴρ
648 688 828 718 ἐπανέτειλεν,
842 688 899 722 ὁδη-

104 737 152 772 γὸς
168 737 224 767 τοῖς
239 735 344 769 Μάγοις
359 735 520 770 γενόμενος
536 735 594 766 πῶς
607 735 629 761 δ’
645 735 744 761 ἐκεῖνοι
763 734 900 769 βασιλικὴν

103 781 262 816 ἐπιγνόντες
276 780 322 807 τὸν
333 780 435 815 ἀστέρα
444 780 454 812 ,’
466 779 533 814 πρὸς
549 779 598 814 τὴν
612 778 765 814 ὁδοιπορίαν
777 779 902 814 ἐκινήθη-

104 836 166 860 σαν,
183 826 370 862 προσκυνῆσαι
392 825 422 852 τὸ
437 825 543 852 παιδίον
564 825 616 852 ὑπὸ
635 824 682 852 τοῦ
697 825 813 860 ἀστέρος
825 826 900 852 ἐπει-

104 875 234 910 γὸμενωις

421 917 598 952 Ἀπόκρισις.

140 965 305 1001 Σαμαριτῶν
329 965 377 992 καὶ
400 964 586 992 Σαδδουκαίων
610 963 742 998 ἀγγέλους
768 963 805 999 μὴ
827 963 900 998 δεχο-

104 1013 207 1047 μένων,
222 1012 334 1042 εἰκότως
354 1010 456 1046 ἀστέρα
470 1010 514 1036 τὸν
539 1008 653 1043 ἄγγελον
669 1009 682 1035 ὁ
703 1008 773 1040 θεῖος
787 1009 901 1043 εὐαγγε-

102 1059 199 1094 ὶιστής
214 1066 305 1093 φησιν,
320 1057 424 1089 ’Ἀλλως
439 1065 469 1083 τε
478 1056 506 1083 δὲ
521 1055 609 1082 καὶτὸ
623 1055 704 1087 σέϐας
719 1055 772 1082 τῶν
783 1054 899 1090 ἄστρων,

104 1107 147 1137 εἰς
161 1104 278 1140 Χριστὸν
292 1102 494 1137 ἐπισπώμενος,
509 1102 558 1137 τῆς
571 1100 702 1128 πολυθέου
725 1100 829 1135 πλάνης
849 1100 902 1126 ἀπ-

106 1153 182 1185 άγων
209 1150 320 1186 βροτοὺς
331 1169 338 1181 ,
362 1149 400 1180 ὡς
428 1148 532 1183 ἀστέρα
544 1147 590 1175 τὸν
609 1147 724 1182 ἄγγελον
737 1146 833 1182 ὁδηγὸν
851 1145 902 1181 τῆς

94 1187 320 1231 ’προσκυνήσεως
335 1194 453 1229 τίθησιν.
467 1194 504 1220 Οὐ
523 1193 578 1229 γὰρ
595 1193 696 1228 ἑτέρως
706 1193 731 1219 οἱ
750 1191 841 1226 Μάγοι
861 1193 902 1222 εἰς

107 1240 294 1277 προσκύνησιν
308 1239 526 1275 συνηγέρθησαν,
544 1239 560 1274 ἢ
577 1239 607 1265 ὲν
622 1237 758 1274 φαντασίᾳ
768 1237 813 1264 τοῦ
829 1236 902 1271 σφῶν

107 1290 290 1325 σεϐάσματος.
309 1285 495 1321 Ἀτονωτέρας
511 1285 539 1312 δὲ
559 1285 606 1312 καὶ
625 1284 773 1320 ἀνισχύρου
786 1284 837 1319 τῆς
851 1292 901 1318 μα-

106 1336 184 1371 γείας
195 1335 354 1370 γινομένης,
367 1334 401 1368 τῇ
416 1332 559 1367 θεανδρικῇ
575 1331 701 1366 γεννήσει
712 1330 758 1357 τοῦ
771 1328 902 1364 θεμελιώα

108 1391 205 1413 σαντος
234 1381 297 1412 τοὺς
316 1379 451 1414 ἀστέρας,
475 1378 522 1404 καὶ
538 1377 614 1410 τάξιν
636 1377 727 1408 αὐτοῖς
749 1376 900 1411 δρὶσαντος,

107 1428 264 1462 αἰσθόμενοι
277 1427 301 1452 οἱ
318 1426 417 1452 ἐκεῖνοι
432 1422 602 1458 πλανώμενοι
617 1422 761 1453 Χαλδαῖοι,
779 1421 825 1448 καὶ
838 1422 899 1448 ἁνα-

108 1474 291 1509 σςαλίσαντες
315 1470 475 1498 ποτνιᾶσθαι
498 1469 595 1505 λυτῆρι
610 1470 660 1504 τῆς
688 1469 805 1503 πλάνης,
822 1468 903 1495 αὺτο-

107 1519 248 1554 μολοῦσιν,
271 1515 463 1551 εὐαγγελισταὶ
484 1515 531 1542 καὶ
553 1513 656 1550 πρῶτοι
674 1514 793 1548 κήρυκες
818 1512 903 1539 ἐθνῶν

108 1567 157 1601 τῆς
174 1564 336 1600 θεανδρικῆς
354 1562 564 1597 ἐπιφοιτήσεως.
585 1559 762 1590 ’Δναστάντες
778 1557 835 1589 οὖν,
852 1557 902 1594 τῆς

111 1612 280 1648 «paean-rata;
295 1609 341 1637 τοῦ
362 1608 465 1644 ὑψηλοῦ
485 1607 595 1634 Ἡσαΐου
609 1606 761 1637 ἐπαΐοντες,
778 1604 901 1639 βοῶντοςο

107 1659 237 1686 Παιδίον
252 1656 398 1692 ἐγεννήθη
413 1654 495 1689 ἡμῖν,
510 1653 575 1686 υἱὸς
588 1653 637 1679 καὶ
650 1652 739 1686 ἐδόθη
759 1651 840 1686 ἡμῖν,
856 1650 904 1677 καὶ

109 1705 244 1733 καλεῖται
259 1703 293 1730 τὸ
306 1703 400 1737 ὄνομα
423 1700 517 1728 αὺτοῦ
529 1699 670 1734 Μεγάλης
684 1698 806 1732 ,ϐουλῆς
819 1698 904 1732 ἀγγε-

110 1755 174 1785 λος,
187 1749 365 1785 Θαυμαστὸς
376 1748 560 1783 σύμϐουλος,
573 1746 643 1779 Θεὸς
653 1744 788 1780 ὶσχιιρὸς,
803 1744 905 1776 Ἐξου-

110 1798 251 1832 σιαστὴς,
267 1798 380 1831 Ἄρχων
396 1795 533 1830 εἰρήνης,
551 1793 653 1827 Πατὴρ
669 1792 723 1819 τοῦ
737 1792 904 1827 μέλλοντος

109 1845 229 1878 αιῶνος.
243 1844 284 1871 Τὰ
301 1843 330 1869 δὲ
344 1842 396 1877 πρὸ
407 1840 592 1867 πεντακοσίων
603 1838 668 1865 ἐτῶν
683 1838 734 1864 ὑπὸ
746 1838 793 1864 τοῦ
807 1838 904 1864 θεσπε-

110 1894 169 1919 σίου
196 1889 405 1926 προφανθέντα,
423 1888 471 1914 καὶ
497 1886 535 1922 μὴ
551 1885 715 1916 ἀκούσαντες
738 1884 810 1920 ἔργῳ
833 1892 905 1919 παρ-

110 1939 227 1970 έδωκαν,
256 1936 320 1968 τοὺς
349 1935 424 1970 νόμῳ
458 1933 505 1960 καὶ
539 1932 694 1968 προφήταις
727 1930 906 1966 σχολάζοντας

111 1985 241 2020 ἀνοήτους
257 1982 412 2012 Ἰουδαίους,
428 1981 461 2016 τῇ
478 1979 568 2006 πίστει
582 1977 784 2014 προϐαίνοντες.
804 1976 866 2003 Ὀτι
878 1976 907 2003 δὲ

110 2033 161 2059 οὐκ
175 2030 276 2065 ἀστὴρ,
291 2027 360 2056 ἀλλὰ
372 2027 453 2062 νοερά
466 2035 508 2058 τις
526 2025 573 2052 καὶ
586 2024 681 2059 λογικὴ
702 2024 809 2059 ὑπῆρχε
825 2023 907 2049 δῦνα-

113 2086 160 2114 μις
175 2077 190 2103 ὁ
201 2075 256 2102 τῶν
275 2075 377 2109 Μάγων
391 2072 562 2108 καθηγητὴς,
578 2071 608 2104 ἐξ
622 2070 707 2105 αὐτῆς
722 2068 907 2104 παιδευόμεθα

111 2123 163 2158 τῆς
175 2121 281 2148 ἐκείνου
293 2118 427 2155 κινήσεώς
438 2127 468 2144 τε
482 2118 529 2144 καὶ
543 2117 675 2148 στάσεως.
688 2115 749 2143 Τῶν
759 2114 815 2150 γὰρ
827 2114 908 2141 ἀστέδ

113 2179 169 2205 ρων
182 2169 207 2195 οἱ
223 2168 272 2204 μὲν
287 2166 453 2201 ἁεικίνητοι,
476 2164 526 2190 οὐκ
545 2161 680 2199 ἡρεμοῦσι
693 2162 744 2197 τῆς
762 2161 906 2197 κινήσεωςο

111 2218 137 2245 ot
160 2216 190 2243 δὲ
208 2214 349 2249 ἱστάμενοι
372 2213 401 2239 οὐ
425 2211 572 2239 κινοῦνται.
598 2207 682 2241 Οὗτος
700 2209 728 2236 δὲ
748 2207 906 2244 ἀμφιδέξιος

113 2263 249 2299 φαίνεται,
263 2259 421 2295 κινούμενος
433 2258 487 2285 καὶ·
496 2257 651 2292 ἱστάμενος,
667 2255 714 2282 καὶ
729 2254 906 2290 ἀποκρυπτόο

112 2317 194 2344 μενος
208 2307 272 2339 τοὺς
293 2304 505 2340 ὀδηγουμένους·
531 2304 605 2335 ὅπως
630 2301 790 2336 πυθομένων
804 2299 905 2332 αὐτῶν,

111 2355 176 2382 Ποῦ
188 2355 206 2381 ὁ
219 2352 336 2387 τεχθεὶς
345 2350 497 2383 ,βασιλεὺς
507 2349 567 2376 τῶν
583 2347 736 2375 Ἰουδαίων
741 2353 751 2378 ;
759 2345 882 2382 ταραχθῇ
893 2346 907 2372 ὸ

95 2425 102 2436 _
116 2399 257 2435 Ἡρώδης,
275 2397 330 2425 οιαὶ
356 2397 430 2423 πᾶσα
460 2394 650 2431 Ἰεροσόλυμα,
670 2392 718 2420 καὶ
736 2392 866 2428 διαΰοηθῇ
892 2393 908 2419 ὁ

97 2438 184 2478 ’θεῖος
199 2446 279 2476 τόκος
294 2444 342 2470 καὶ
364 2441 562 2478 θρυλλούμενος
578 2439 631 2467 ὑπὸ
649 2439 703 2466 τῶν
726 2439 842 2474 Μάγων,
858 2437 905 2465 τοῦ

112 2491 303 2527 καθηγεμόνος
319 2489 411 2521 αὐτοῖς
431 2487 643 2523 ἁποκρυὸἐντος.
661 2485 746 2513 Πάλιν
756 2485 785 2512 δὲ
801 2485 906 2518 ἀναφα-

111 2541 168 2570 νεὶς
178 2559 186 2572 ,
207 2536 292 2564 ἐλθὼν
308 2536 373 2572 ἔστη
386 2535 432 2562 ἐπὶ
455 2533 502 2560 τοῦ
521 2533 630 2568 ἄντρου,
647 2529 678 2560 οὗ
695 2530 728 2568 ἦν
741 2531 772 2558 τὸ
788 2530 906 2563 παιδίον,

112 2585 197 2620 φησὶν
210 2585 225 2610 ὁ
243 2582 344 2618 ὑψηλὸς
358 2580 504 2611 Ματθαῖος.
523 2580 555 2606 Εἰ
569 2580 624 2614 γὰρ
641 2579 679 2614 μὴ
694 2579 727 2605 ἐκ
740 2577 907 2613 διαλειμμά-

111 2639 168 2658 των
190 2629 293 2665 ἐφάνη.
307 2628 358 2655 οὐκ
380 2627 414 2654 ἂν
435 2625 544 2661 ἐσείσθη
563 2625 738 2662 Ἰεροσόλυμα
757 2625 791 2661 τῇ
812 2624 908 2651 πεύσει

112 2676 169 2703 τῶν
180 2675 296 2709 Μάγων,
306 2674 356 2700 οὐκ
367 2671 401 2699 ἂν
412 2670 539 2706 ἐθυμώθη
560 2669 682 2706 Ἡρώδης
695 2669 759 2705 περ).
776 2667 908 2704 βασιλέως

112 2721 224 2750 ἁκούων
236 2728 243 2735 ’
254 2720 272 2754 ἥ
286 2719 341 2755 (ΔΞ)
356 2718 438 2754 νοερὰ
447 2726 490 2749 τις
502 2717 549 2744 καὶ
557 2715 653 2752 λογικὴ
663 2715 777 2751 δύναμις
791 2716 806 2744 ὁ
819 2714 907 2757 ἀστὴρ

148 2805 172 2819 ⁸⁸
194 2803 247 2830 Isa.
260 2810 299 2834 ix,
315 2801 342 2830 6.
379 2801 399 2816 "
422 2799 516 2827 Matth.
532 2807 561 2832 ιι,
578 2798 605 2827 9.

116 2879 121 2886 ’
149 2885 209 2919 με)
229 2883 275 2911 Ἦ.
293 2881 374 2910 Forte
391 2880 427 2909 εἰ.
443 2880 521 2908 Eutr.

805 113 976 142 DIALOGUS
994 113 1026 141 ll.

1684 108 1737 135 974

948 176 1028 204 bibus
1043 175 1151 211 agitatis
1181 173 1358 208 supervolans
1382 171 1555 199 inumbretur
1573 170 1624 197 sol.
1643 169 1737 196 Flazns

946 226 1036 250 autem
1053 222 1181 249 violentia
1196 225 1275 247 terra!
1299 219 1469 246 contermina
1490 225 1551 245 cum
1573 217 1620 248 sit,
1638 217 1736 242 merito

945 272 1098 296 commovet
1120 268 1261 303 abyssum.
1276 271 1302 293 et
1320 268 1347 293 in
1374 272 1437 293 aera
1459 264 1562 300 spargit
1583 263 1734 298 pulverem.

945 314 1089 348 Quomodo
1112 321 1177 341 vero
1199 313 1311 341 llatuum
1335 312 1377 339 vis
1397 312 1523 347 exiguam
1548 311 1668 345 aliquam
1686 309 1736 336 clo-

946 369 1020 388 mum
1044 364 1092 387 aut
1116 359 1234 395 lapidem
1252 366 1361 386 movere
1376 365 1437 386 cum
1457 364 1511 384 non
1527 356 1625 391 possit,
1644 363 1737 382 move—

947 406 986 433 bit
1001 405 1149 440 aliquando
1172 406 1213 433 vel
1239 404 1388 432 transferet
1405 404 1490 431 solem
1504 404 1602 438 quavis
1625 403 1737 431 civitate

947 451 1091 486 majorem,
1110 454 1157 477 aut
1172 450 1206 478 ad
1230 454 1304 478 astra
1320 450 1452 477 eollidet?

1162 547 1423 577 lNTERROGATlO
1445 549 1524 577 CVII.

985 593 1013 620 Si
1026 593 1135 621 nihilad
1149 595 1288 622 hominum
1303 596 1472 623 nativitatem
1486 596 1632 624 conferunt
1641 597 1736 628 stellae.

950 647 1038 674 neque
1053 645 1169 675 possunt
1191 639 1254 668 inde
1277 641 1399 677 indagari
1415 650 1476 677 qua:
1497 643 1578 671 nobis
1599 644 1737 675 accidunt,

951 686 1093 720 quomodo
1109 687 1136 714 in
1147 687 1294 716 .nativitate
1314 688 1416 716 Christi
1431 692 1525 716 exorta
1538 693 1591 721 est,
1608 697 1668 724 quae
1682 689 1739 716 illa-

950 734 992 767 gis
1004 733 1059 760 dux
1075 734 1125 760 vim
1147 734 1245 762 ﬁeret?
1259 736 1293 761 At
1307 735 1443 769 quomodo
1460 736 1497 763 illi
1513 736 1631 771 regalem
1655 743 1739 771 agno-

951 784 1059 807 scentes
1088 780 1206 812 stellam,
1228 781 1262 808 ad
1279 782 1330 808 iter
1345 782 1550 816 susripiendum
1575 774 1643 809 moti
1663 787 1738 815 sunt,

953 826 986 853 ad
1002 827 1171 854 adorandum
1187 835 1300 861 puerum
1316 835 1364 862 per
1384 829 1490 855 stellam
1507 827 1642 855 deducti?

1268 916 1421 951 Responsio.

986 963 1054 997 Quia
1077 962 1245 990 Samaritani
1264 968 1290 990 et
1305 963 1446 991 Sadduezei
1468 965 1579 999 angelos
1594 973 1650 993 non
1671 965 1742 992 reri-

951 1010 1073 1044 piebant.
1086 1009 1186 1037 merito
1203 1009 1308 1036 stellam
1321 1010 1448 1044 angelum
1473 1010 1553 1037 divus
1573 1013 1741 1046 evangelista

951 1060 1039 1083 vocat.
1053 1055 1106 1082 Sed
1125 1059 1152 1082 et
1165 1058 1267 1082 cultum
1283 1056 1366 1083 astris
1384 1055 1536 1091 impensum
1549 1056 1583 1083 ad
1600 1057 1740 1085 Christum

952 1102 1080 1133 trahens,
1096 1109 1112 1129 a
1131 1102 1278 1129 multorum
1294 1102 1407 1130 deorum
1429 1109 1523 1130 errore
1552 1104 1681 1131 mortales
1699 1113 1742 1132 re-

952 1148 1088 1180 ducendo,
1107 1149 1182 1176 velut
1200 1148 1306 1175 stellam
1331 1149 1410 1183 ponit
1432 1149 1568 1184 angelum,
1579 1150 1629 1178 vix
1645 1151 1743 1178 adora—

952 1196 1035 1223 tionis
1050 1195 1159 1222 ducem.
1176 1193 1236 1222 Non
1257 1194 1330 1222 cnim
1343 1195 1396 1222 alia
1409 1203 1439 1223 re
1458 1195 1528 1231 Magi
1544 1196 1577 1223 ad
1603 1197 1743 1226 adoratio-

953 1251 1014 1270 nem
1027 1242 1140 1270 excitati
1156 1244 1230 1274 sunt,
1251 1248 1332 1276 quam
1351 1241 1480 1276 opinione
1496 1242 1539 1269 sui
1554 1243 1656 1271 cultus.
1673 1243 1742 1272 Cum

953 1294 1045 1317 autem
1060 1288 1202 1316 remissior
1211 1292 1237 1315 et
1250 1287 1385 1314 infirmior
1400 1288 1486 1322 magis
1499 1288 1569 1315 facta
1585 1288 1682 1317 fuisset
1696 1298 1745 1326 per

953 1335 1072 1363 deiﬁcati
1093 1334 1212 1362 hominis
1231 1334 1412 1366 nativitatem,
1428 1334 1475 1369 qui
1492 1335 1587 1363 stellas
1613 1336 1744 1365 ftindave-

953 1386 1006 1414 rat,
1023 1386 1050 1409 et
1075 1381 1198 1409 ordinem
1228 1380 1296 1415 ipsis
1320 1381 1535 1416 praescripserat,
1552 1389 1581 1409 re
1605 1383 1743 1410 intellecta

953 1432 1077 1456 errantes
1092 1427 1130 1454 illi
1141 1426 1272 1459 Chaldaei,
1291 1426 1455 1454 conﬁrmato
1478 1427 1512 1454 ad
1533 1429 1742 1464 supplicandum

954 1473 1047 1500 animo
1072 1472 1181 1507 expiato
1203 1479 1307 1504 errore,
1328 1479 1378 1499 sua
1398 1476 1464 1499 eunt
1486 1477 1743 1509 sponte,tanquam

954 1518 1128 1554 evangelista:
1154 1521 1182 1545 et
1203 1518 1283 1553 primi
1310 1525 1449 1553 prmcones
1464 1520 1586 1553 gentium
1605 1521 1639 1548 de
1659 1521 1743 1549 divini

956 1565 1075 1592 hominis
1090 1565 1218 1593 adventu.
1231 1564 1380 1600 Surgentes
1396 1565 1478 1600 igitur
1492 1566 1636 1601 prophetia
1651 1568 1743 1595 eximii

955 1610 1031 1639 Isaia:
1059 1610 1162 1642 audita,
1185 1611 1304 1638 clamant
1324 1619 1331 1638 :
1348 1611 1420 1638 Puer
1442 1616 1521 1639 natus
1548 1618 1587 1639 est
1613 1613 1706 1645 nobis,
1721 1620 1745 1641 et

955 1658 1028 1693 ﬁlius
1042 1658 1122 1685 datus
1142 1662 1180 1685 est
1201 1657 1287 1690 nobis,
1302 1662 1327 1684 et
1343 1657 1479 1684 vocabitur
1493 1666 1587 1685 nomen
1607 1659 1676 1693 ejus,
1694 1660 1747 1687 Ad-

956 1703 1086 1731 mirabilis
1103 1704 1284 1736 consiliarius,
1306 1703 1399 1739 Magni
1419 1704 1525 1731 consilii
1544 1707 1663 1739 nuntius,
1675 1706 1745 1733 Deus

956 1750 1045 1785 fortis,
1070 1749 1247 1781 Dontinalor,
1268 1749 1393 1784 Princeps
1429 1751 1520 1784 pacis.
1554 1750 1638 1778 Palcr
1662 1752 1747 1786 futuri

957 1797 1093 1825 amuli".
1111 1798 1169 1825 Hoc
1193 1802 1283 1825 autem
1300 1805 1362 1824 eum
1389 1802 1452 1824 ante
1474 1797 1639 1833 quingentos
1659 1806 1748 1826 annos

956 1843 990 1870 ab
1009 1844 1055 1871 illo
1070 1844 1128 1871 viro
1144 1848 1243 1871 sancto
1256 1843 1415 1879 praatlictum
1433 1843 1612 1877 fuisset,licet
1637 1845 1676 1872 illi
1693 1853 1746 1873 non

958 1890 1138 1921 audivissent,
1150 1893 1242 1917 tamen
1261 1897 1290 1916 re
1318 1889 1377 1924 ipsa
1398 1889 1641 1922 demonstrarunt,
1655 1890 1705 1925 legi
1720 1895 1748 1918 et

958 1935 1099 1971 prophetis
1123 1939 1264 1968 vacantes,
1281 1934 1391 1963 Judaeos
1412 1935 1597 1970 intelligentiae
1620 1939 1748 1970 expertes

957 1989 1034 2012 esse.
1050 1986 1132 2016 atque
1158 1981 1195 2008 ita
1215 1981 1242 2008 in
1272 1981 1325 2008 [ide
1352 1986 1477 2016 pergunt.
1496 1980 1574 2014 Quod
1599 1989 1665 2009 vero
1692 1989 1747 2010 non

957 2028 1046 2059 stella,
1056 2027 1104 2055 sed
1117 2027 1282 2055 iatelleetilis
1293 2027 1418 2062 qumdam
1433 2031 1460 2054 et
1473 2027 1616 2055 rationalis
1626 2021 1748 2063 potestas

958 2074 1041 2101 fuerit
1069 2074 1114 2101 ille
1139 2073 1280 2109 Magorum
1297 2073 1353 2100 dux
1366 2092 1373 2104 ,
1390 2080 1423 2100 ex
1445 2073 1504 2108 ipsa
1523 2073 1659 2101 discimus
1687 2077 1747 2101 tum

958 2121 1078 2149 motione
1096 2125 1153 2148 tum
1171 2120 1355 2148 institutione.
1373 2119 1442 2147 Nam
1460 2120 1602 2148 stellarum
1623 2121 1676 2148 ilhe
1689 2120 1749 2155 qui-

958 2168 1019 2196 dem
1034 2175 1095 2203 quze
1122 2175 1230 2202 semper
1255 2170 1320 2194 sunt
1342 2166 1458 2195 mobiles
1479 2174 1620 2202 nunquam
1637 2174 1653 2194 a
1672 2171 1749 2194 motu

959 2216 1122 2250 quiescunt;
1138 2222 1198 2249 qum
1212 2221 1278 2241 vero
1292 2213 1351 2240 lixae
1361 2217 1435 2245 sunt,
1449 2220 1503 2240 non
1519 2217 1672 2240 moventur.
1684 2212 1749 2252 llaec

958 2265 1049 2288 autem
1067 2264 1214 2295 utrumque
1229 2259 1352 2294 recipere
1373 2258 1492 2292 videtur,
1505 2259 1636 2286 nimirum
1649 2263 1750 2298 quaeet

959 2307 1069 2335 mobilis
1090 2311 1163 2335 esset
1178 2310 1204 2333 et
1220 2306 1283 2338 lixa,
1297 2310 1379 2340 atque
1394 2305 1476 2333 etiam
1498 2305 1532 2332 ab
1550 2304 1585 2332 iis
1601 2305 1648 2340 qui
1665 2304 1751 2341 duce-

959 2353 1079 2383 bantur.
1096 2360 1157 2380 sese
1185 2351 1375 2380 subduceret:
1396 2351 1432 2378 ita
1458 2354 1488 2377 ut
1515 2350 1750 2385 interrogantibus

957 2398 1027 2434 ipsis
1040 2408 1046 2426 :
1067 2397 1117 2425 Ubi
1133 2402 1171 2426 est
1186 2402 1264 2425 natus
1278 2397 1323 2424 ille
1337 2404 1382 2424 rex
1395 2396 1550 2424 Jua'worum
1560 2396 1582 2413 "
1598 2396 1751 2424 ?turbatus

960 2446 995 2472 sit
1010 2453 1055 2472 rex
1072 2444 1195 2472 Herodes
1208 2449 1234 2471 et
1249 2447 1306 2469 tota
1332 2442 1529 2478 Hierosolyma,
1543 2447 1571 2470 et
1595 2442 1751 2480 divulgatps

960 2491 1069 2519 divinus
1087 2496 1193 2527 partus,
1210 2491 1319 2526 lateque
1343 2498 1458 2524 sparsus
1475 2497 1489 2516 a
1515 2487 1601 2525 Magis
1614 2509 1622 2521 ,
1639 2493 1752 2524 propter

960 2539 1115 2573 ademptum
1141 2537 1191 2565 vire
1217 2537 1326 2565 ducem.
1351 2536 1457 2564 Rursus
1485 2540 1576 2563 autem
1602 2543 1750 2571 apparens,

959 2585 1085 2613 constitit
1097 2591 1179 2619 supra
1193 2587 1304 2611 antrum
1320 2583 1366 2610 ubi
1381 2582 1473 2610 infans
1490 2585 1559 2615 erat,
1581 2582 1670 2618 inquit
1689 2582 1750 2609 exi-

960 2629 1032 2656 mius
1045 2628 1209 2661 Mattlueus;
1230 2635 1293 2655 nam
1311 2626 1365 2655 nisi
1386 2634 1435 2661 per
1449 2625 1682 2654 intermissionem
1701 2619 1750 2660 ap-

961 2671 1108 2707 paruisset,
1121 2678 1176 2699 non
1196 2671 1292 2699 fuisset
1310 2674 1446 2699 commota
1464 2669 1652 2705 Hierosolyma
1666 2669 1752 2696 inter-

962 2715 1143 2751 terrogatione
1159 2715 1310 2751 Magorum,
1331 2721 1421 2750 neque
1447 2713 1571 2742 irritatus
1585 2713 1683 2742 fuisset
1697 2712 1750 2740 Ho-
