1907 3043
179 206 275 238 rodes,
297 204 332 234 de
341 212 404 241 rege
425 203 551 232 audiens.
568 202 626 231 Nisi
642 202 806 230 intellectilis
823 202 915 237 aliqua
935 206 964 229 et

180 252 323 280 rationalis
341 251 462 287 potentia
487 250 532 277 illa
553 249 630 277 stella
659 249 768 283 fuisset,
789 256 844 276 non
874 249 970 284 utique

179 297 241 331 ejus
266 297 313 332 qui
343 300 424 324 natus
448 300 527 326 erat.
548 295 702 322 ministram
734 302 764 323 se
789 294 968 322 declarasset.

183 342 262 370 Nunc
282 347 372 369 autem
400 341 473 377 quod
497 341 572 368 circa
597 348 675 376 reges
694 340 752 368 lleri
781 341 868 374 solet,
891 345 972 368 vocat

181 388 292 423 quidem
308 393 336 416 et
358 388 514 424 praecedens
536 388 645 416 divinus
669 387 714 415 hic
737 395 835 416 cursor
862 388 974 416 deducit

183 434 217 462 ad
232 441 323 469 regem
339 434 468 469 aliquos;
492 437 637 469 postquam
655 441 721 461 vero
738 434 772 460 ad
794 437 900 468 portam
932 433 974 460 la-

183 479 262 507 tioris
278 479 373 515 platea:
390 479 524 512 venerint,
544 483 656 506 vocatos
670 482 704 506 ad
724 478 818 506 limina
837 482 911 506 stare
925 480 973 513 ju-

185 526 240 558 bet,
255 532 343 560 usque
358 524 422 552 dum
452 524 599 552 adventum
621 524 744 560 ipsorum
759 524 817 559 regi
835 524 975 559 signiﬁca-

185 571 265 602 verit,
281 571 375 606 sicque
389 570 520 606 deinceps
534 570 568 598 ad
584 570 660 606 ipsos
674 577 814 603 reversus,
822 569 855 597 ad
872 574 974 598 tectum

186 625 299 644 aureum
322 621 349 645 et
368 616 401 644 ad
426 625 520 652 regem
544 617 618 644 intus
638 616 779 645 sedentem
797 616 918 644 deducit.
936 617 976 643 Ita

187 663 232 691 hic.
244 664 322 691 stella
339 663 449 698 quidem
467 663 650 698 conspicitur,
666 663 780 698 angelus
803 667 895 690 autem
915 670 976 691 esse

188 708 366 744 intelligitur,
383 713 410 736 et
435 708 557 742 gentium
580 707 645 735 dux.
673 707 805 740 Quaenam
829 709 976 743 caeteroqui

186 755 266 782 vobis
275 753 382 782 videtur
389 761 451 782 esse
467 754 584 780 maxima
601 753 679 781 stella
686 753 698 779 τ
706 752 776 780 Num
787 753 828 781 sol
837 753 849 779 ’ἒ
858 751 977 780 Omnino

187 799 262 828 dices
277 800 425 827 maximum
441 807 503 827 esse
517 800 594 828 sidus
616 799 713 826 solent.
733 798 801 832 Quis
816 799 899 835 igitur
914 807 976 827 cum

187 851 230 875 est
245 847 273 874 in
290 845 380 874 medio
394 846 464 874 caelo
479 847 657 878 constitutus,
671 845 761 874 dicere
776 850 869 881 queat,
880 853 976 882 quam-

189 900 252 920 nsm
281 892 389 920 urbium
415 896 462 920 aut
491 892 612 919 vicorum
638 891 752 927 precise
776 892 913 924 ostendat,
929 897 977 919 aut

188 945 336 973 quamnam
355 937 466 964 domum
489 937 568 972 quasi
582 936 666 972 digito
681 936 805 972 designet
819 937 830 964 ’ί
842 937 977 973 Compara

189 983 272 1018 igitur
284 983 390 1010 stellam
404 990 466 1010 cum
482 983 551 1015 sole,
568 983 640 1010 velut
657 990 780 1010 muscam
794 982 929 1010 vinariam
943 983 977 1010 ad

188 1029 371 1065 elephantem,
389 1033 416 1056 et
428 1034 531 1056 astrum
547 1027 670 1056 divinum
692 1028 726 1055 ad
742 1029 865 1056 omnium
888 1029 972 1056 maxi-

189 1082 263 1102 mam
288 1074 439 1107 civitatem,
468 1074 551 1102 veluti
580 1081 642 1101 cum
669 1074 775 1101 camelo
803 1073 930 1102 culicem.
948 1074 976 1102 Si

190 1122 274 1157 igitur
291 1128 345 1148 non
362 1121 466 1148 scimus
477 1127 559 1155 quam
573 1119 755 1148 maximarum
778 1119 890 1148 urbium
905 1119 978 1147 desi-

189 1170 254 1202 gnet
270 1173 390 1202 superne
413 1166 559 1193 imminens
580 1165 625 1193 ille
637 1165 813 1193 luminarium
830 1173 888 1198 rex,
912 1172 979 1200 quo-

190 1212 272 1240 modo
288 1212 396 1240 stellam
409 1212 536 1247 exiguam
547 1210 693 1239 ostendere
707 1210 865 1246 speluncam
876 1211 977 1242 dicam.
989 1221 991 1225 τ

189 1257 214 1286 si
243 1265 298 1285 non
321 1257 434 1292 angelus
451 1257 512 1289 fuit,
522 1256 705 1293 propinquum
722 1261 802 1284 terra
818 1256 846 1284 in
866 1257 978 1285 sublimi

192 1303 241 1331 iter
255 1302 369 1336 faciens,
385 1306 413 1331 et
425 1302 572 1329 Dominum
596 1302 744 1330 indicans?
759 1301 909 1330 Facessant
928 1303 977 1338 igi-

190 1353 236 1377 tur
249 1349 314 1377 hinc
335 1356 398 1377 cum
416 1355 466 1377 sua
485 1348 633 1380 dementia,
659 1348 706 1383 qui
722 1348 829 1376 stellam
846 1355 900 1375 una
914 1355 978 1375 cum

191 1395 411 1430 uniuscujusque
428 1397 553 1422 nostrum
566 1394 710 1422 nativitate
733 1393 799 1422 oriri
816 1397 923 1429 putant,
940 1394 979 1421 fa-

191 1441 281 1469 bulosi
305 1445 465 1476 nugatores,
495 1447 558 1467 cum
579 1439 675 1468 eodem
705 1439 840 1468 moriente
871 1440 978 1467 stellam

190 1494 299 1524 quoque
312 1487 430 1516 deiicere
445 1486 603 1514 delirantes.
620 1486 689 1514 Cum
710 1486 783 1514 enim
800 1485 855 1514 duo
870 1489 977 1513 tantum

191 1533 316 1561 homines
328 1537 421 1562 essent
433 1533 462 1560 in
477 1525 593 1564 mundo,
606 1532 728 1559 Adamus
743 1531 855 1567 inquam
869 1536 896 1559 et
910 1531 976 1564 Eva,

190 1579 301 1614 plenum
321 1583 381 1606 erat
400 1579 481 1606 astris
492 1578 604 1606 caelum.
622 1577 783 1613 Rursusque
798 1577 914 1605 sublatis
929 1585 978 1613 per

190 1632 276 1660 aquas
291 1629 413 1660 tempore
422 1625 560 1660 gigantum
575 1624 703 1652 omnibus
718 1624 846 1652 animatis
857 1627 974 1656 naturis.

729 145 757 172 S.
776 143 925 172 CIESARII
945 141 1110 171 GBEGORII
1130 141 1282 170 FRATllIS

1766 137 1819 167 97!

1019 201 1173 236 ἐγνωρίσθη
1187 221 1194 233 ,
1211 202 1262 228 οὐκ
1277 201 1309 228 ἂν
1324 200 1432 236 οἰκέτης
1445 199 1492 227 τοῦ
1509 198 1684 234 γεννηθέντος
1696 198 1815 235 ἐδείχθη.

1024 247 1080 274 Νῦν
1105 247 1145 280 δὲ,
1166 248 1236 282 ὅπερ
1261 247 1307 274 ἐπὶ
1326 246 1380 274 τῶν
1405 245 1538 282 βασιλέων
1559 244 1675 280 δρᾶσθαι
1697 245 1816 278 πέφυκε,

1024 294 1108 328 φωνεῖ
1122 293 1172 328 μὲν
1190 293 1238 320 καὶ
1261 294 1424 329 προηγεῖται
1441 293 1456 319 ὁ
1476 291 1552 324 θεῖος
1571 291 1690 328 κοῦρσορ
1707 291 1755 317 ἐπὶ
1773 290 1818 316 τὸν

1025 339 1136 374 βασιλέα
1148 339 1224 371 τινάς
1234 348 1241 354 ·
1259 339 1321 366 ἐπεὶ
1332 339 1355 365 δ’
1366 338 1400 366 ἂν
1417 338 1464 365 ἐπὶ
1476 337 1526 373 τῆς
1540 337 1627 373 πύλης
1642 336 1696 364 τῶν
1708 336 1817 363 πλατῶν

1024 385 1159 412 πλατειῶν
1170 384 1225 420 (63)
1246 385 1390 420 γένωνται,
1408 384 1504 420 ἀφίησι
1523 383 1586 415 τοὺς
1605 382 1756 418 κληθέντας
1772 382 1818 408 ἐπὶ

1023 431 1078 458 τῶν
1092 431 1246 467 προαυλίων
1260 431 1379 464 ἑστάναι,
1395 430 1492 466 μέχρις
1509 430 1542 458 ἀν
1564 429 1671 466 μηνύσῃ
1684 428 1724 464 τῷ
1742 427 1818 463 βασι-

1024 478 1065 505 λεῖ
1081 477 1130 514 τὴν
1152 478 1243 506 αὐτῶν
1261 477 1429 513 παρουσίαν·
1446 475 1498 504 εἷθ’
1521 475 1608 508 οὕτως
1627 474 1711 502 πάλιν
1727 474 1818 505 αὐτοῖς

1027 524 1188 558 ἀναφανεὶς,
1202 524 1249 551 ἐπὶ
1265 524 1312 551 τὸν
1326 523 1494 560 χρυσόροφον
1507 523 1556 550 καὶ
1568 523 1614 550 τὸν
1630 520 1743 557 βασιλέα
1752 520 1819 548 καθ-

1025 569 1155 606 εζόμενον
1170 570 1342 605 προηγεῖται,
1358 569 1446 605 ἀστὴρ
1460 569 1511 604 μὲν
1522 568 1692 604 φαινόμενος,
1704 565 1819 601 ἄγγελος

1024 615 1054 642 δὲ
1068 615 1212 650 νοούμενος
1224 614 1310 642 ὲθνῶν
1323 614 1430 650 όδηγός.
1449 613 1554 646 ’Λλλως
1564 613 1604 646 δὲ,
1615 612 1656 645 τίς
1667 612 1732 648 ὑμῖν
1746 611 1819 638 δοκεῖ

1027 661 1128 697 μείζων
1141 662 1275 699 ὑπάρχειν
1289 662 1303 689 ό
1313 662 1413 698 ἀστὴρ,
1427 661 1444 692 ἢ
1457 661 1472 687 ὸ
1488 661 1582 696 ἦλιος;
1604 659 1692 695 Ἐρεῖς
1705 658 1735 686 δὲ
1749 658 1818 685 πᾶν·

1026 714 1090 738 τως·
1106 707 1136 734 ’0
1148 706 1236 743 ἥλιος.
1248 707 1296 739 Τίς
1310 704 1367 740 οὖν,
1383 705 1612 742 μεσουρανοῦντος
1624 703 1717 733 αὐτοῦ.
1731 704 1819 730 είπεῖν

1027 752 1082 786 οἶός
1093 762 1124 780 τε
1135 753 1253 790 ὑπάρχει
1268 753 1348 780 ποίαν
1361 752 1415 780 τῶν
1429 752 1532 780 πόλεων
1545 751 1563 787 ἢ
1574 749 1675 785 κωμῶν
1689 750 1726 777 δι’
1740 752 1820 786 ἀκρι-

1028 799 1104 831 6είας
1123 798 1308 835 καταμηνύει,
1321 799 1339 836 ἢ
1354 798 1415 833 τίνα
1430 796 1504 826 οἷκον
1518 798 1613 833 ὥσπερ
1631 796 1757 831 δακτύλῳ
1771 805 1820 830 ση-

1032 845 1139 880 μαίνεις
1163 845 1311 881 Σύγκρινον
1336 845 1427 872 τοίνυν
1453 844 1556 879 ἀστέρα
1575 843 1643 879 πρὸς
1664 842 1752 878 ἥλιον,
1782 841 1821 873 ὡς

1030 891 1131 927 ἐμπίδα
1147 892 1202 927 (44)
1215 891 1284 927 πρὸς
1294 891 1439 926 ἐλέφαντα.
1452 891 1498 918 καὶ
1513 890 1543 917 τὸ
1557 889 1628 916 θεῖον
1638 889 1738 924 ἄστρον
1752 887 1821 923 πρὸς

1027 939 1076 974 τὴν
1088 938 1183 966 πασῶν
1197 937 1308 973 μείζονα
1321 938 1409 971 πόλιν,
1421 937 1458 969 ὠς
1470 936 1538 973 πρὸς
1550 935 1673 971 κάμηλον
1688 935 1820 961 κώνωπα.

1027 984 1059 1011 Εἰ
1072 981 1118 1011 οὖν
1135 984 1165 1010 οὐ
1186 982 1357 1020 γινώσκομεν
1372 983 1452 1010 ποίαν
1473 982 1528 1010 τῶν
1551 981 1689 1018 μεγίστων
1715 979 1821 1006 πόλεων

1028 1030 1200 1066 καταμηνύει
1215 1029 1373 1066 ύπερεστὼς
1387 1030 1402 1056 ό
1417 1028 1471 1056 τῶν
1493 1028 1644 1064 φωστήρων
1663 1026 1745 1059 ἀναξ,
1762 1025 1822 1056 πῶς

1027 1075 1075 1102 τὸν
1088 1075 1208 1112 ἀμυδρδν
1222 1075 1325 1111 ἀστέρα
1338 1073 1524 1110 καταμηνύειν
1534 1072 1564 1100 τὺ
1580 1071 1712 1108 σπήλαιον
1726 1071 1821 1106 φήσω-

1031 1130 1091 1157 μεν,
1116 1122 1140 1149 εί
1156 1121 1194 1158 μὴ
1217 1121 1333 1157 ἄγγελος
1345 1121 1468 1157 ὑπῆρχεν
1484 1119 1628 1155 πρόσγειον
1641 1118 1691 1153 τὴν
1705 1117 1823 1152 ἀκροπο-

1028 1169 1090 1206 ρίαν
1102 1168 1274 1204 ποιούμενος,
1288 1168 1336 1195 καὶ
1357 1167 1468 1203 μηνύων
1484 1166 1533 1202 τὴν
1551 1164 1728 1195 δεσποτείανς
1746 1163 1822 1190 Παυ-

1030 1213 1172 1241 σάσθωσαν
1192 1213 1242 1249 τῆς
1258 1212 1402 1249 παροινίας
1413 1213 1437 1239 oi
1457 1211 1560 1246 ἀστέρα
1572 1209 1767 1237 ἐπανατέλλειν
1787 1209 1823 1244 τῇ

1029 1260 1143 1288 ἑκάστου
1169 1259 1249 1295 ἡμῶν
1275 1259 1380 1293 γενέσει
1401 1258 1536 1293 οἰόμενοι,
1565 1256 1729 1292 μυθολέσχαι
1750 1254 1823 1285 τινὲς

1030 1307 1206 1343 ὑπάρχοντες,
1215 1306 1263 1334 καὶ
1271 1305 1456 1332 συνεκλείπειν
1463 1303 1501 1339 τῷ
1509 1303 1652 1339 θνήσκοντι
1662 1301 1708 1328 τὸν
1718 1300 1824 1336 ἀστέρα

1029 1352 1186 1389 ληροῦντες.
1200 1351 1252 1379 Δύο
1270 1351 1324 1387 γὰρ
1339 1349 1490 1386 ἀνθρώπων
1505 1349 1589 1376 ὄντων
1603 1349 1632 1374 ὲν
1651 1347 1758 1382 κόσμῳ,
1773 1346 1823 1373 τοῦ

1036 1397 1121 1433 ’Δδάμ
1135 1406 1206 1434 φημι
1222 1397 1269 1425 καὶ
1289 1397 1340 1432 τῆς
1363 1395 1446 1428 Εῠας.
1470 1395 1485 1422 ό
1506 1394 1620 1430 οὐρανὸς
1635 1393 1744 1428 ἄστρων
1759 1393 1824 1419 έπε-

1030 1443 1169 1480 πλήρωτο.
1190 1443 1287 1470 ’Ὑδατι
1301 1442 1330 1469 δὲ
1347 1441 1428 1469 πάλιν
1441 1439 1636 1476 ἀφανισθείσης
1650 1439 1696 1465 ἐπὶ
1710 1439 1764 1465 τῶν
1779 1447 1825 1473 γι-

1029 1487 1136 1522 γάντων
1158 1487 1248 1522 πάσης
1271 1486 1393 1522 ἐμψύχου
1415 1484 1542 1521 φύσεως,
1558 1484 1628 1520 πλὴν
1653 1483 1744 1518 ὔγδόου
1770 1482 1820 1509 τοῦ

1031 1533 1175 1560 θεσπεσίου
1186 1533 1248 1560 Νῶε
1257 1532 1462 1569 περισωθέντος,
1474 1532 1504 1559 οὐ
1517 1530 1677 1566 συναπήχθη
1689 1530 1723 1557 τὰ
1733 1530 1825 1565 ἀστρα

1030 1580 1087 1611 τοῖς
1101 1578 1249 1615 ὲκτριὸεϊσι
1262 1578 1301 1614 τῷ
1316 1578 1405 1612 ὕδατι,
1418 1578 1478 1605 οὐδὲ
1494 1577 1580 1613 βραχὺ
1593 1577 1642 1613 τῆς
1652 1576 1755 1608 οίκειας
1769 1585 1824 1602 πα-

1033 1625 1162 1662 ρεκινήθη
1178 1625 1291 1659 τάξεως.

191 1676 289 1706 praeter
306 1680 355 1700 eos
370 1675 432 1700 octo
445 1672 493 1706 qui
507 1679 570 1699 cum
589 1671 683 1699 divino
699 1670 756 1698 Noa
780 1671 880 1699 servati
907 1678 1038 1704 sunt,non
1053 1672 1134 1700 simul
1151 1672 1242 1700 ablata
1265 1676 1329 1700 sunt
1344 1676 1416 1700 astra
1429 1678 1491 1699 cum
1516 1669 1572 1698 illis
1588 1671 1634 1705 qul
1648 1675 1719 1704 aqua
1738 1667 1823 1695 deleti

190 1723 272 1752 sunt,
296 1726 384 1754 neque
409 1719 449 1746 vel
470 1718 610 1753 paululum
629 1725 708 1746 asuo
735 1724 907 1747 recesserunt
922 1720 1028 1749 ordine.

394 1769 652 1799 INTERROGATIO
683 1770 774 1800 CVIII.

227 1815 372 1850 Quomodo
391 1823 455 1844 vero
467 1815 609 1852 Scriptura
622 1817 791 1852 astrologum
809 1817 876 1844 dicit
891 1817 979 1844 Abra-

192 1863 327 1890 hamum‘.’
343 1866 391 1890 aut
409 1862 549 1898 quomodo
571 1867 599 1890 et
621 1863 692 1891 alios
714 1863 870 1891 invenimus
893 1863 978 1898 pluri-

193 1917 264 1942 mos,
282 1910 330 1946 qui
342 1917 376 1937 ex
391 1909 474 1937 astris
484 1910 571 1938 multa
583 1917 644 1945 quae
662 1910 731 1937 ﬁunt
748 1910 821 1945 apud
833 1917 885 1937 nos
906 1917 977 1945 prte-

192 1955 299 1987 dicunt,
316 1954 399 1983 veluti
412 1954 486 1990 quod
501 1955 546 1983 hic
557 1955 650 1983 infans
668 1954 789 1988 adultus,
809 1956 837 1983 in
861 1955 978 1983 homici-

191 2002 254 2028 dam
269 2008 403 2029 evasurus
418 2000 465 2033 sit,
478 2004 525 2029 aut
537 2000 708 2034 adulterum;
730 2000 777 2029 ille
796 2009 861 2029 vero
889 2001 916 2029 in
936 2009 979 2030 so-

192 2047 283 2075 brium
310 2050 338 2074 et
358 2045 552 2075 modestiorem
579 2049 608 2074 et
633 2045 817 2080 fortunatum,
845 2046 979 2075 beneﬂcio

194 2095 295 2125 sideris
309 2095 321 2122 τ

506 2140 661 2176 Responsio.

227 2184 415 2215 Patriarcham
425 2187 536 2223 quidem
551 2187 740 2215 Abrahsmum
755 2187 874 2216 historia
885 2193 977 2217 astro-

191 2238 306 2260 nomum
316 2239 429 2266 vocans,
441 2239 579 2268 nusquam
590 2233 666 2268 ponit
681 2233 772 2269 ipsum
786 2241 835 2268 pro
861 2234 916 2262 diis
931 2234 980 2261 ha-

189 2279 285 2306 buisse
298 2279 340 2306 vel
354 2279 472 2306 coluisse
483 2279 586 2307 stellas.
600 2277 703 2306 Verum
719 2279 752 2307 ad
765 2281 974 2315 agriculturam,

191 2329 219 2351 et
230 2324 343 2356 imbres,
356 2329 382 2352 et
403 2325 542 2352 siccitates
559 2328 790 2361 tempestatesque
805 2326 864 2360 ipse
879 2326 976 2354 obser-

192 2377 274 2398 vasse
299 2370 456 2405 patriarcha
484 2370 617 2403 creditur,
640 2375 670 2398 ut
692 2371 739 2406 qui
770 2374 849 2405 patre
872 2372 981 2406 genitus

191 2419 265 2444 esset
277 2415 372 2451 gentili
387 2415 489 2448 Thare,
501 2419 529 2444 et
543 2424 606 2443 cum
615 2416 752 2444 Chaldaeis
771 2421 907 2449 versatus.
931 2417 980 2453 qui

193 2459 397 2488 multitudinem
412 2459 526 2488 deorum
546 2461 704 2489 credebant.
723 2461 781 2489 Non
796 2462 870 2489 enim
897 2462 977 2497 juxta

228 2571 285 2608 (65)
302 2570 593 2608 [Πατῶν-πλατειῶν.
609 2570 690 2599 Forte
701 2570 808 2598 πλατῶν
824 2570 976 2604 παλατίων,

192 2606 238 2635 νεῖ
247 2607 370 2633 πλατέων
388 2606 452 2632 παλ.
468 2606 547 2634 Ent'r.

227 2642 283 2677 (M)
292 2641 428 2676 ‘Epm'oa.
446 2640 555 2669 Priores
566 2641 699 2668 editiones
711 2639 815 2677 Eua-teat:
826 2648 906 2677 {quae
915 2641 974 2676 qui-

191 2676 252 2704 dem
260 2685 311 2704 vox
325 2677 391 2704 nihil
407 2677 459 2713 huc
472 2677 534 2713 facit
549 2680 612 2713 :_est
623 2677 699 2713 enim
711 2676 827 2713 ἔμπεδα,
837 2676 974 2713 Hesychio

191 2716 312 2745 auctore,
332 2711 456 2747 ιπιτηδῇ,
482 2711 581 2747 ἀληθῆ,
599 2711 705 2746 stem,
729 2711 837 2747 ἰσχυρὰ,
857 2711 973 2747 ἀμετάλ-

192 2746 286 2780 λακτα,
299 2746 415 2781 ἀσφαλῆ.
429 2746 497 2773 Hinc
509 2746 690 2774 Leunclavius
700 2747 803 2773 hiatum
816 2747 842 2773 in
857 2746 904 2773 sua
918 2754 974 2774 ver-

192 2783 269 2809 sione
288 2782 455 2816 relinquens,
469 2782 558 2808 locum
576 2782 617 2808 sic
634 2782 726 2808 eﬂert:
744 2781 876 2815 Compara
892 2782 974 2816 igitur

192 2817 295 2844 stellam
309 2825 368 2843 cum
386 2817 450 2848 sole,
464 2817 532 2844 velut
551 2836 558 2842 .
568 2834 575 2843 .
585 2836 592 2842 .
612 2816 646 2843 ad
658 2817 829 2850 elephantem.
847 2816 972 2843 Menduut

192 2851 284 2886 itaque
306 2852 416 2879 sustulit
439 2851 538 2880 Croius
565 2851 673 2878 Ubserv.
688 2852 716 2878 in
740 2851 807 2878 Nov.
826 2851 897 2878 Text.
911 2859 971 2886 μοι).

194 2893 294 2921 uvm,
318 2886 473 2914 rescribcus
491 2886 600 2923 ἐμπίδα.
623 2887 758 2923 Hesycltiu
781 2891 873 2918 autem
890 2886 972 2923 ἐμπίς

1319 1772 1444 1799 ΠΕΥΣΙΣ
1468 1772 1532 1800 PH’.

1065 1820 1120 1847 Καὶ
1136 1819 1194 1851 πῶς
1207 1820 1224 1854 ἡ
1242 1818 1337 1855 Γραφὴ
1348 1817 1512 1854 ἀστρολόγον
1524 1817 1570 1844 τὸν
1587 1816 1714 1853 ’Δὸραὰμ
1725 1816 1801 1851 λέγει
1813 1825 1823 1851 ;

1030 1865 1088 1896 πῶς
1096 1864 1179 1891 δὲκαὶ
1189 1864 1299 1900 ἑτέρους
1308 1864 1450 1896 πλείστους
1460 1863 1635 1900 εὑρίσκομεν,
1648 1863 1702 1890 ἀπὸ
1714 1863 1824 1899 ἀστρων

1029 1911 1115 1938 πολλὰ
1126 1911 1180 1938 τῶν
1197 1911 1257 1938 καθ’
1272 1912 1346 1946 ἡμᾶς
1363 1911 1503 1946 λέγοντας.
1523 1910 1564 1937 ὃτι
1588 1910 1698 1946 φονικὸν
1715 1910 1823 1947 ἀποδή-

1032 1965 1108 1984 σεται
1120 1957 1151 1984 τὸ
1161 1956 1464 1993 παιδίοναύξανόμενον,
1473 1957 1490 1992 ἦ
1503 1957 1596 1992 μοιχόν
1606 1965 1613 1972 ·
1629 1957 1660 1984 τὸ
1672 1957 1701 1984 δὲ
1717 1957 1822 1992 ἕτερον,

1032 2003 1172 2039 νηφάλιον,
1195 2004 1242 2031 καὶ
1268 2003 1498 2040 σωφρονέστερον,
1516 2004 1564 2031 καὶ
1585 2003 1697 2039 εὐτυχὲς
1710 2024 1717 2035 ,
1730 2003 1775 2031 διὰ
1791 2004 1823 2031 τὸ

1031 2048 1150 2085 ἀστρον;

1339 2139 1518 2174 Ἀπόκρισις.

1075 2186 1107 2213 Ἡ
1123 2186 1172 2222 μὲν
1185 2186 1289 2222 ἱστορία
1302 2186 1348 2213 τὸν
1360 2187 1533 2222 πατριάρχην
1554 2185 1678 2220 ’Δὸραάμ
1690 2185 1824 2222 ἀστρονόο

1034 2239 1084 2267 μον
1096 2231 1236 2266 φάσκουσα
1245 2252 1252 2262 ,
1266 2231 1371 2258 οὐδέπω
1389 2231 1470 2258 αὑτὸν
1484 2230 1644 2267 θεοποιείνῆ
1659 2231 1750 2258 σέϐειν
1763 2231 1824 2265 τοὺς

1031 2277 1150 2313 ἀστέρας
1162 2277 1338 2313 παρίστησιν,
1351 2277 1420 2304 ἀλλά
1439 2276 1507 2314 πρὸς
1520 2277 1658 2313 γεωργίας
1675 2278 1724 2305 καὶ
1736 2279 1823 2314 tmp-

1031 2323 1110 2360 δρίας
1124 2323 1246 2359 αὐχμούς
1266 2332 1295 2351 τε
1315 2325 1362 2351 καὶ
1382 2323 1519 2360 χειμῶνας
1536 2324 1680 2359 προσέχειν
1704 2325 1795 2357 αὐτοῖς
1808 2326 1824 2353 ὁ

1030 2369 1203 2406 πατριάρχης
1217 2370 1385 2398 πιστεύεταυ
1402 2371 1449 2397 καὶ
1470 2370 1555 2397 ταῦτα
1571 2370 1673 2406 πατρὸς
1690 2370 1824 2406 ὑπάρχων

1031 2414 1161 2451 Ἕλληνος
1183 2414 1230 2442 τοῦ
1246 2415 1341 2451 Θάρρα
1353 2437 1360 2448 ,
1381 2415 1428 2443 καὶ
1453 2415 1596 2447 Χαλδαίοις
1610 2415 1762 2451 συνδιάγων
1775 2425 1823 2443 πο-

1028 2458 1138 2487 λυθιῖαν
1166 2460 1358 2496 πυρέττουσιν.
1382 2461 1420 2488 οὐ
1445 2460 1499 2497 γὰρ
1531 2460 1601 2488 κατά
1626 2461 1822 2498 ἀστρονομίαν,

1027 2572 1132 2610 dicitur
1143 2573 1252 2610 κώνωψ,
1272 2572 1373 2610 ἢ-εἷδος
1390 2573 1470 2610 ζώου,
1487 2573 1564 2610 παρὰ
1579 2574 1635 2610 τοζς
1649 2573 1729 2610 ὕδασι
1745 2575 1822 2610 γενό-

1029 2583 1129 2600 utctsur
1143 2583 1252 2608 κωνωψ,
1272 2583 1289 2610 η
1303 2583 1373 2606 ειοος
1390 2583 1470 2606 ςωου,
1487 2583 1564 2610 παρα
1579 2583 1635 2605 τοις
1649 2583 1729 2600 υοασι
1779 2583 1820 2601 νο-

1029 2617 1110 2644 μενον
1124 2607 1157 2644 [Ῑ.
1168 2608 1300 2645 γεννῴμ.]
1316 2610 1408 2645 ὅμοιον
1425 2609 1548 2641 κώνωπι,
1567 2609 1719 2645 μεῖζονῗδέ.
1745 2583 1820 2637 Froii

1027 2644 1324 2680 restitutio_probatnr
1348 2644 1484 2680 Cptelerio
1507 2644 1534 2671 in
1561 2648 1618 2671 not.
1643 2644 1677 2671 ad
1703 2651 1765 2680 cap.
1788 2647 1821 2673 19

1024 2680 1101 2715 epist.
1121 2678 1150 2715 δ.
1165 2678 1265 2714 lanam
1283 2679 1322 2706 M.
1338 2679 1372 2706 ad
1394 2678 1821 2715 Magnesianos.rrersioneinqno

1027 2713 1258 2750 Leuuclavianam
1274 2715 1311 2741 ita
1330 2713 1450 2750 supplet,
1475 2720 1555 2749 prout
1572 2714 1726 2742 edidimus:
1742 2713 1820 2742 σόγκ-

1024 2755 1090 2782 para
1104 2748 1187 2782 igitur
1202 2750 1306 2777 stellam
1319 2748 1457 2779 cunt-sole.
1470 2748 1538 2776 ὐείιιι
1553 2757 1672 2776 muscam
1688 2749 1819 2777 vinariam

1025 2783 1059 2810 ad
1067 2783 1241 2820 eleg/tantem.
1252 2784 1345 2820 Neque
1353 2786 1435 2812 aliter
1447 2784 1575 2816 Grabius,
1589 2784 1661 2818 Spic.
1674 2783 1727 2812 SS.
1743 2785 1818 2811 Patr.

1024 2824 1090 2859 tom.
1110 2819 1130 2859 ί,
1153 2827 1215 2856 pag.
1235 2819 1307 2854 557,
1316 2821 1378 2849 licet
1393 2820 1467 2848 Croti
1482 2825 1510 2848 et
1529 2820 1658 2848 Cotclerii
1674 2820 1748 2848 baud
1763 2828 1820 2849 nte-

1024 2859 1146 2883 ῐιιιηετιι.
