1907 3043
93 164 144 192 977

93 222 162 251 me
172 220 330 250 θεοσέϐειαν
344 221 453 259 πρῶτον
466 222 563 260 ἑαυτῷ,
576 223 627 251 tre'
637 223 724 257 οὕτως
741 224 834 253 Ἰσαὰκ
845 224 886 261 τῷ

94 268 181 300 παιδὶ,
201 267 234 295 τὸ
262 268 384 304 σιδήριον
407 268 457 304 τῆς
479 270 631 305 περιτομῆς
649 270 821 306 τεθηγμένον
841 271 888 299 έπ-

94 313 207 347 ήγαγεν.
229 311 297 339 om
314 311 387 340 κατά
396 313 589 349 ἀστρονομίαν,
602 314 672 342 ἀλλά
685 315 840 352 θεηγορίαν,
855 316 889 344 ὲκ

95 357 145 392 τῆς
163 356 261 391 ἀγόνου
281 357 330 385 καὶ
344 357 497 394 παρήλικος
513 359 628 394 συμὸίου
642 360 692 397 τὴν
712 360 815 388 ἐκείνου
829 361 889 396 γέν-

93 411 170 436 νησιν
185 402 366 430 ἐπιστώσατο·
381 405 446 440 περὶ
465 402 500 441 ἧς
514 405 546 432 ἐκ
561 405 625 437 νέας
639 406 686 433 καὶ
701 405 752 442 ήδη
767 405 889 442 σφριγώο

95 456 146 483 σης
160 448 210 484 τῆς
222 448 342 484 ἡλικίας,
364 450 462 486 μέχρις
472 451 556 486 αὐτῆς
568 451 665 483 πολιᾶς
675 453 723 479 καὶ
736 452 888 488 βαθυτάτου

93 495 207 528 γήρους,
222 494 349 530 ἀλλήλοις
364 495 605 529 συγκαθεύδοντες,
623 497 731 525 οὐδέπω
759 498 888 534 ἀστρονο-

95 539 172 574 μίαις
187 540 338 569 ἐπείθοντο.
361 541 422 568 Οὐδ’
445 539 479 570 αὖ
504 542 586 571 πάλιν
605 542 654 570 τοῦ
677 543 889 580 ἀστροτέκτονος

94 585 138 612 τὸν
153 586 234 613 παῖδα
258 588 443 623 πειραστικῶς
464 588 546 616 αὐτὸν
572 588 647 616 θύειν
669 590 887 626 προστάξαντος,

94 630 150 658 οὐδ’
177 631 290 668 ἄστροις
314 633 456 670 ἑπόμενος,
475 634 543 662 ἀλλά
567 635 627 671 Θεῷ
648 636 818 673 πειθόμενος,
837 638 890 674 τὴν

95 677 232 704 Χαλδαίαν
245 679 277 714 τῇ
293 679 493 716 Μεσοποταμίᾳ
508 680 608 717 Συρίας
625 681 780 717 ἀμειῦεται.
809 683 889 717 Ἇειῶ

94 723 124 750 δέ
148 731 195 750 σου
217 724 267 760 τὴν
290 725 441 761 ἀγχίνοιαν,
466 725 611 763 ἀξιέραστε
629 729 813 762 Κωνστάντιε,
837 731 890 766 τῆς

96 769 237 806 παρούσης
249 770 325 803 θείας
337 772 499 808 ὁμηγύρεως
511 773 579 809 πρδς
590 773 640 810 τὴν
657 775 789 811 ἀκρόασιν
801 775 888 812 βραχὺ

97 815 255 852 σιωπώσης,
268 817 319 853 τὴν
333 818 405 845 κατά
421 818 452 845 σὲ
466 819 668 856 ἀστρονομικὴν
687 821 767 857 ἡμῶν
782 822 888 857 γένεσιν

95 860 279 897 διηγήσασθαι
303 871 367 898 μοι,
388 863 436 891 καὶ
458 864 518 900 ἥτις
542 865 632 893 αὐτῶν
655 866 773 903 ὑπάρχει
798 867 890 903 κρίσις

95 907 144 934 καὶ
168 908 327 945 συμπλοκή·
354 909 427 937 οὕτω
448 911 482 946 τῇ
505 910 566 947 θείᾳ
588 911 667 949 ῥώμῃ
689 921 719 940 τε
733 913 781 940 καὶ
806 914 889 951 σοφίᾳ

96 953 322 990 καθαιρουμένων
334 954 390 982 τῶν
400 956 477 991 παρὰ
492 956 540 983 σοῦ
553 957 719 992 δονουμένων
734 957 889 993 δογμάτων,

97 997 179 1026 πάλιν
198 999 243 1026 διὰ
258 999 365 1036 νήψιως
387 1001 435 1028 καὶ
448 1001 572 1034 παιδείας
593 1002 757 1038 κρειττόνων
772 1003 826 1031 ὑπὸ
841 1004 890 1031 σοῦ

96 1044 323 1080 ἀνεγειρομένων,
341 1045 380 1078 ὼς
393 1046 442 1073 καὶ
452 1046 499 1074 τοῦ
514 1047 616 1082 ὑψηλοῦ
635 1047 807 1083 Ἀποστόλου,
823 1049 891 1077 καθ-

96 1090 260 1127 αιρεθέντων
283 1091 333 1126 μὲν
349 1092 403 1119 τῶν
419 1093 549 1128 νομικῶν,
570 1093 782 1128 ἀνθυψωθέντων
795 1095 823 1122 δὲ
836 1096 891 1123 τῶν

96 1136 294 1171 εὐαγγελικῶν,
306 1137 356 1173 τῆς
368 1138 397 1165 δὲ
408 1139 506 1171 κακίας
517 1140 739 1176 καταρραγείσης
750 1141 796 1168 καὶ
804 1143 893 1175 κτιζο-

98 1184 183 1218 μένης
201 1183 248 1210 ὲπὶ
258 1183 290 1210 τὸ
304 1185 441 1219 κρεῖττον,
456 1184 505 1212 καὶ
517 1185 628 1222 εἰρήνης
648 1194 689 1212 σοι
705 1185 774 1222 πρὸς
787 1186 822 1214 τὰ
836 1186 892 1222 ὲμά

97 1228 245 1264 γινομένης
258 1229 394 1265 δόγματα,
414 1230 461 1256 καὶ
477 1229 532 1257 τῶν
545 1231 761 1267 συνεγερθέντων
778 1231 825 1259 ἐπὶ
842 1231 892 1267 τὴν

97 1274 183 1310 ἀκοὴν
209 1273 257 1301 τοῦ
281 1274 361 1309 λόγου
382 1274 531 1311 ἀλωδήτως
554 1275 781 1311 ἀποφοιτώντων,
809 1277 893 1313 μηδὲν

96 1319 146 1353 τῆς
165 1319 323 1355 Ἑλληνικῆς
339 1319 519 1355 ἐπαγομένων
530 1320 630 1352 κακίας
640 1329 648 1337 ·
661 1321 760 1356 έπάγει
776 1321 826 1356 μὲν
839 1323 892 1350 Δα-

97 1364 140 1390 ᾶδ
151 1364 166 1390 ὁ
182 1364 237 1391 τῶν
254 1363 335 1391 θείων
357 1363 475 1400 μελῳὸὕς
486 1372 493 1380 ·
520 1365 602 1399 Αὕτη
620 1366 640 1400 ἠ
655 1366 821 1400 ἀλλοίωσις
837 1366 893 1401 τῆς

96 1409 201 1443 δεξιᾶς
219 1410 274 1438 τοῦ
297 1410 460 1445 ’Υψίστουθ
481 1411 638 1447 ἐπιϐοήσειε
663 1412 692 1440 δὲ
718 1413 767 1440 καὶ
796 1414 811 1441 ό
837 1414 893 1442 τῶν

97 1455 248 1491 προφητῶν
268 1455 372 1492 ὑψηλὸς
395 1455 509 1488 Ἡσαΐας
524 1456 558 1484 ὲκ
578 1456 725 1494 προσώπου
742 1458 789 1486 τοῦ
806 1458 892 1487 Θεοῦ·

103 1502 176 1537 Ἐγὼ
196 1503 213 1529 ὁ
232 1501 327 1529 ποιῶν
341 1501 476 1537 εἰρήνην,
497 1502 547 1530 καὶ
563 1503 668 1534 κτίζων
684 1505 765 1532 κακά
787 1505 837 1533 ἐπὶ
860 1506 894 1535 τὸ

98 1557 244 1584 mittor.

393 1615 519 1642 ΠΕΥΣΙΣ
533 1616 594 1644 ΡΘ’.

134 1671 191 1707 Τῆς
203 1671 340 1707 ὑμετέρας
349 1670 503 1707 ἁγιωσύνης
515 1672 605 1707 λέγειν
621 1682 666 1709 μοι
680 1674 893 1712 ἐπιτρεπούσης,

99 1717 225 1744 ἐντεῦθεν
235 1717 283 1744 τοῦ
295 1717 375 1751 λόγου
389 1717 520 1753 ἄρχομαι,
531 1719 562 1745 οὐ
573 1719 743 1756 λυμήνασθαι
754 1722 818 1754 τοὺς
827 1730 895 1758 παρ-

99 1764 189 1797 όντας,
207 1763 265 1791 ἀλλ’
280 1763 429 1791 ἀποθέσθαι
443 1762 493 1799 τὴν
501 1763 591 1801 λύμην
607 1765 775 1802 βουλόμενος.
792 1767 894 1795 Δύτίκα

100 1808 166 1844 γοῦν
183 1807 272 1844 Ἀρης
292 1807 348 1843 (ἆ5)
364 1808 476 1844 κέντρον
498 1809 598 1842 λαθὼν,
615 1811 707 1847 οἰκείῳ
720 1812 787 1848 οἴκῳ
803 1812 837 1840 ὲκ
849 1821 895 1839 τε-

100 1854 243 1891 τραγώνου
255 1853 414 1889 ὲπιθεωρῶν
423 1855 526 1890 Κρόνον
541 1856 591 1883 σὺν
609 1856 697 1893 Ἐρμῇ
711 1857 758 1884 ἐπὶ
771 1857 894 1895 κέντρον,

101 1901 221 1937 Σελήνης
248 1900 293 1927 ἐπ’
317 1900 400 1927 αὐτὸν
424 1900 547 1937 πλήρους
568 1901 723 1938 ἀρχομένης
747 1903 823 1940 (46),
848 1904 895 1932 ἐπὶ

100 1948 237 1984 ἡμερινῆς
252 1947 421 1983 γεννήσεως,
444 1947 550 1974 ἐκτελεί
565 1947 744 1984 ἀνδροφόνους
758 1950 806 1976 καὶ
822 1958 896 1978 κτει-

100 1993 243 2029 νομένους,
265 1992 420 2028 έπωμώτας
436 1993 492 2029 (47)
508 1992 555 2020 καὶ
570 1994 731 2029 αἱμοπότας,
749 1995 894 2031 μεθύσους,

100 2039 228 2074 λάγνους,
249 2039 445 2075 δαιμονῶντας,
469 2040 626 2075 μυστηρίων
642 2040 809 2076 ἀποκρύφων
822 2042 895 2070 ἴστο-

104 2093 164 2121 ρας,
186 2084 290 2120 μάγους
304 2083 397 2117 θύτας,
421 2083 469 2111 καὶ
491 2084 524 2112 τά
538 2084 642 2118 τούτοις
656 2086 800 2120 ἀκόλουθα,
823 2088 896 2121 ἔξαι-

103 2132 190 2167 ρέτως
205 2130 319 2167 μηδενός
331 2130 386 2157 τῶν
395 2130 568 2166 ἀγαθοποιῶν
581 2131 705 2168 ἀστέρων
715 2134 895 2170 ὲπιθεωροῦν-

101 2185 160 2209 τος.
181 2176 268 2208 Αὐτὸς
283 2176 313 2202 δδ
334 2175 416 2203 πάλιν
435 2176 522 2212 Ἄρης
536 2176 605 2213 πρὸς
626 2177 786 2215 ’Δφροδίτην
802 2180 896 2216 σχῆμα

101 2222 285 2259 τετράγωνον,
300 2221 432 2258 μοιρικῶς
445 2222 491 2249 ἐπὶ
505 2221 617 2259 κέντρον
630 2223 668 2260 μὴ
683 2224 896 2262 ιπιθεωροῦντός

102 2278 177 2300 τινος
204 2267 388 2303 ἀγαθοωιοῦ,
409 2268 520 2303 μοιχοὺς
536 2268 676 2301 ἀποτελεῖ,
701 2270 830 2306 ἀδελφαῖς
848 2272 897 2300 καὶ

104 2314 228 2351 μητράσι
245 2313 436 2350 μιγνυμένους.
464 2313 574 2350 Κύπρις
594 2314 643 2341 σὺν
661 2315 741 2352 Μήνῃ
763 2317 793 2343 ὲν
811 2317 905 2354 ὁρίοις,

103 2361 153 2388 καὶ
165 2360 251 2392 οῐκοις
266 2360 382 2395 Κρόνου,
398 2359 447 2386 σὺν
462 2360 569 2396 Κρόνῳ,
586 2361 836 2397 ἐπιμαρτυροῦντος
849 2363 896 2390 τοῦ

105 2408 217 2442 Ἄρεος,
233 2405 360 2433 ἀποτελεῖ
373 2406 504 2440 γυναῖκας
514 2407 655 2442 γεωργοὺς
667 2407 715 2434 καὶ
729 2408 898 2445 οἰκοδόμους,

104 2453 154 2479 καὶ
167 2451 277 2480 πάντων
286 2450 417 2487 ἀνδρείων
431 2450 520 2487 ἔργων
532 2451 727 2487 ἐπιστήμονας,
744 2453 791 2480 καλ¹
800 2455 900 2481 κοινοῦ-

105 2498 170 2525 σθαι
184 2497 233 2524 καὶ
258 2496 452 2531 συγκαθεύδειν
474 2493 515 2528 οἷς
530 2496 552 2524 δ’
572 2497 605 2524 ἂν
620 2497 773 2532 βούλοιντο,
797 2499 844 2528 καὶ
862 2500 899 2536 μὴ

104 2543 260 2571 κωλύεσθαι
272 2543 325 2571 ὑπὸ
339 2543 394 2571 τῶν
415 2543 523 2570 οἰκείων
543 2543 658 2579 ἀνδρῶν.
688 2544 841 2580 Ἀνδρείους
853 2544 900 2573 οὖν

141 2628 165 2644 ’θ
185 2626 259 2655 Psal.
271 2634 364 2659 LXXVI,
380 2626 423 2653 ll.
461 2626 485 2642 "
504 2625 558 2654 lsa.
575 2634 637 2658 ην,
652 2627 679 2653 7.

155 2705 201 2739 55)
216 2705 330 2732 Αὐτίκα
349 2705 425 2740 γοῦν
440 2705 548 2740 Ἄρης-,ί
561 2704 628 2737 Qum
650 2704 701 2731 hac
722 2704 749 2730 in
766 2703 899 2740 [πιεῖν-ορ.

107 2739 162 2769 109
179 2746 207 2768 ct
222 2744 354 2774 sequente
372 2740 424 2767 “0
441 2740 521 2767 habet
534 2739 837 2774 Caesariusrexcerpsit
852 2747 900 2766 seu

106 2777 202 2811 potius
217 2773 365 2810 descripsit
386 2783 420 2803 es
435 2774 652 2811 Recoguitignugn
674 2773 901 2811 Clementinarum

106 2809 156 2840 lib.
179 2819 218 2843 Ix,
236 2818 297 2846 cap.
312 2809 345 2838 17
361 2817 437 2845 seqq.
452 2818 500 2837 seu
516 2818 548 2837 ex
567 2809 730 2846 Bartlesanis
745 2809 902 2846 dialogope

108 2847 177 2881 fato,
198 2844 280 2879 cujus
293 2844 407 2881 insigne
419 2846 601 2880 fragmentum
617 2845 697 2872 nobis
713 2844 831 2872 servavit
847 2844 902 2872 Eu-

109 2880 204 2910 sebius
221 2881 309 2916 l’mp.
325 2880 427 2916 Evang.
442 2880 489 2908 lio.
502 2888 541 2912 vn,
558 2888 619 2915 cap.
637 2881 679 2907 10.

147 2917 203 2953 (66)
223 2914 412 2953 Ἀρχομέιηςζ
429 2916 503 2952 Legit
517 2914 671 2944 Cotelcrius
685 2914 846 2951 ἐρχομένης,
862 2914 902 2943 lo.-

786 165 964 196 DlALOC-US
981 167 1014 195 ll.

1671 164 1725 193 978

939 225 1012 261 leges
1024 225 1154 259 siderum,
1168 225 1215 254 sed
1229 225 1307 262 juxta
1327 225 1454 261 pietatem
1468 224 1495 253 in
1510 223 1594 252 Deum
1608 222 1726 258 primum

939 271 1049 299 sibimet
1064 271 1127 307 ipsi,
1142 276 1170 300 et
1183 272 1312 308 deinceps
1327 271 1421 300 lsaaco
1432 270 1490 298 lllio
1504 268 1726 298 circumcisionis

939 322 1048 345 acutqu
1067 317 1186 346 cultrum
1198 318 1334 346 adhibuit.
1345 317 1440 353 Neque
1463 315 1618 346 secundum
1635 318 1726 342 astro-

939 363 1069 396 nomiam,
1083 363 1133 392 sed
1146 363 1268 392 divinam
1293 363 1507 400 promissionem
1530 369 1563 389 ex
1589 359 1677 388 sterili
1699 362 1728 386 et

940 408 1079 444 decrepita
1094 413 1225 438 consorte
1240 409 1366 438 sobolem
1387 417 1418 437 se
1433 412 1647 445 procreaturum
1664 413 1728 433 cre-

939 452 1020 485 didit,
1037 460 1100 481 cum
1111 461 1167 489 qua
1181 454 1216 482 ab
1246 453 1432 482 adolescentia
1455 457 1483 481 et
1510 451 1619 480 ﬂorenti
1646 454 1728 478 astate

940 506 1028 534 usque
1040 499 1075 526 ad
1085 499 1173 535 ipsam
1190 501 1320 529 canitiem
1334 505 1363 529 et
1375 506 1527 528 extremam
1553 500 1728 526 senectutem

938 547 1066 573 versatus
1079 548 1148 576 erat.
1160 544 1308 581 Nunquam
1327 548 1402 574 certe
1426 545 1604 573 astronomia
1624 542 1728 578 paruit.

939 598 975 619 ne
987 595 1052 619 tunc
1062 591 1184 627 quidem,
1198 599 1261 620 cum
1281 596 1418 620 astrorum
1428 590 1521 626 opifex
1535 597 1584 626 per
1599 587 1728 617 tentatio-

940 643 1003 664 nem
1019 636 1104 664 ﬁlium
1119 636 1262 665 immolare
1275 636 1462 672 praecepisset.
1478 635 1573 670 Neque
1598 637 1672 661 astra
1683 640 1728 660 se-

940 690 1039 718 quens.
1056 682 1105 710 sed
1122 682 1178 710 Deo
1193 682 1336 716 obedieus,
1351 682 1507 710 Chaldzeam
1521 688 1585 709 cum
1606 679 1729 714 Mesopo-

940 729 1026 757 tamia
1038 728 1126 764 Syria?
1135 732 1285 763 permutat.
1306 728 1430 756 Obsecro
1453 732 1545 755 autem
1565 733 1679 753 acumen
1697 723 1729 751 il-

940 772 987 800 lud
1003 776 1092 806 tuum,
1108 772 1319 807 praeclarissime
1333 772 1491 805 Constanti,
1508 774 1539 799 ut
1555 771 1583 798 in
1596 768 1728 806 prtesenti

941 824 1023 845 sacro
1039 822 1112 845 cmtu
1127 817 1268 852 paululum
1297 816 1472 846 auscultandi
1496 815 1585 851 gratia
1607 816 1728 846 tacente,

942 862 1155 891 astronomicam
1175 862 1298 898 genesim
1317 867 1441 891 nostram
1463 869 1546 898 quam
1563 864 1592 888 tu
1616 859 1728 890 statuis.

940 908 1060 944 explices
1072 907 1150 940 mihi,
1160 915 1285 944 quamam
1296 907 1416 938 siderum
1425 908 1462 936 sit
1474 912 1530 935 tam
1543 907 1635 935 mistio
1646 913 1729 942 quam

940 953 1109 989 conjunctio,
1129 952 1217 981 donec
1238 953 1332 981 divina
1345 954 1448 982 virtute
1464 960 1497 982 ac
1510 952 1643 988 sapientia
1663 952 1729 980 sub-

940 1000 1038 1032 versis,
1054 1007 1115 1035 quae
1130 1006 1145 1026 a
1161 1005 1188 1028 te
1199 999 1348 1036 agitantur,
1356 999 1504 1036 dogmatis,
1520 1006 1616 1026 rursus
1626 1005 1674 1034 per
1684 1005 1730 1026 so-

941 1046 1084 1074 brietatem
1099 1051 1127 1074 et
1141 1045 1296 1074 doctrinam
1318 1045 1479 1074 melioribus
1501 1045 1529 1073 in
1545 1049 1574 1073 te
1590 1044 1728 1076 excitatis.

941 1094 1172 1129 quemadmodum
1192 1097 1220 1122 et
1233 1094 1268 1122 ab
1284 1094 1394 1122 excelso
1403 1093 1536 1130 Apostolo
1548 1093 1659 1127 dicitur,
1682 1092 1731 1120 de-

942 1140 1044 1168 molitis
1059 1141 1204 1177 legalibus.
1227 1143 1255 1168 ct
1271 1140 1394 1169 vicissim
1408 1139 1536 1169 exaltatis
1546 1138 1729 1175 Evangelicis.

941 1186 1064 1221 nequitia
1081 1186 1179 1219 tracta,
1191 1191 1218 1214 et
1233 1186 1260 1214 in
1275 1186 1373 1214 melius
1385 1185 1524 1218 restituta,
1537 1192 1658 1221 paceque
1667 1191 1731 1212 cum

942 1232 1012 1260 meis
1026 1232 1163 1269 dogmatis
1176 1233 1368 1268 reconciliata,
1384 1236 1411 1261 et
1429 1233 1483 1261 illis
1493 1232 1541 1268 qui
1556 1239 1612 1260 una
1627 1231 1661 1259 ad
1682 1238 1733 1259 au-

942 1275 1070 1304 diendum
1088 1277 1162 1305 hunc
1183 1285 1336 1305 sermonem
1353 1277 1464 1305 excitati
1488 1280 1562 1310 sunt,
1576 1275 1670 1305 illaesis
1684 1275 1733 1304 ab-

941 1321 1086 1355 euntibus,
1114 1330 1165 1350 nec
1198 1322 1385 1358 improbitatis
1411 1321 1552 1358 gentilitite
1583 1321 1732 1356 quidquam

942 1378 1036 1399 secum
1051 1370 1276 1406 asportantibus:
1301 1370 1418 1399 Davides
1438 1370 1548 1406 quidem
1574 1372 1672 1396 auctor
1687 1367 1733 1395 illo

942 1415 1097 1444 divinorum
1120 1416 1274 1444 carminum
1294 1416 1422 1451 subjiciat
1440 1425 1448 1444 :
1474 1415 1539 1443 Haec
1563 1419 1601 1442 ett
1619 1414 1732 1441 mutatio

942 1462 1058 1490 dexterae
1070 1462 1203 1490 Altitsimi
1212 1463 1235 1479 ⁸¹
1250 1471 1257 1494 :
1271 1462 1387 1491 eximius
1398 1466 1489 1490 autem
1500 1465 1577 1490 vates
1588 1461 1673 1489 Isaias
1684 1467 1731 1487 ac-

942 1509 1042 1536 clamet
1056 1509 1084 1536 in
1100 1516 1218 1544 persona
1231 1508 1277 1536 Dei
1295 1517 1302 1535 :
1322 1507 1378 1544 Ego
1391 1516 1450 1535 sum
1459 1507 1541 1541 Deus,
1554 1507 1600 1535 ille
1611 1507 1656 1542 qui
1667 1505 1734 1541 facit

945 1562 1034 1589 pacem
1050 1559 1075 1581 et
1090 1554 1162 1582 mala
1175 1555 1202 1582 in
1214 1554 1307 1582 melius
1323 1560 1425 1582 reuocat
1435 1555 1470 1583 ⁸³.

1200 1619 1459 1649 INTERROGATIO
1476 1619 1545 1649 CIX.

982 1676 1064 1705 Facta
1080 1676 1146 1705 mihi
1163 1676 1271 1704 dicendi
1288 1679 1424 1712 potestate
1440 1682 1456 1702 a
1471 1674 1616 1703 sanctitate
1631 1675 1737 1705 vestra,

943 1722 1098 1751 orationem
1110 1722 1287 1758 auspicabor,
1306 1729 1363 1750 non
1376 1726 1408 1749 ut
1419 1727 1595 1756 corrumpam
1612 1725 1736 1755 prasen-

943 1772 996 1801 tes.
1014 1769 1062 1797 sed
1083 1768 1124 1796 uti
1149 1776 1206 1797 rem
1229 1768 1414 1804 perniciosam
1429 1766 1597 1803 abjecturus.
1620 1764 1737 1799 Quando

945 1814 1029 1850 igitur
1043 1814 1116 1843 Mars
1130 1818 1256 1843 centrum
1273 1818 1370 1843 tenens
1384 1814 1413 1842 in
1428 1813 1510 1841 domo
1525 1819 1587 1844 sua,
1601 1810 1737 1847 quadrato

944 1866 1059 1898 aspectu
1085 1869 1148 1890 cum
1166 1860 1303 1889 Mercurio
1325 1864 1452 1888 centrum
1476 1859 1549 1886 luna
1571 1865 1632 1893 quae
1654 1858 1736 1893 plena

944 1914 1007 1935 esse
1021 1905 1134 1942 incipit,
1152 1905 1181 1933 in
1196 1905 1373 1941 generatione
1387 1903 1488 1932 diurna
1506 1903 1639 1935 intuetur,
1655 1900 1737 1929 eilicit

946 1952 1099 1981 homicidas
1113 1955 1142 1980 et
1158 1951 1366 1984 interfectores,
1381 1951 1600 2023 {pulmentorum
1619 1953 1737 1983 usurpa-

946 2003 1019 2023 tores
1030 2002 1057 2023 et
1069 2001 1180 2023 actores
1199 1996 1353 2023 sanuulnis.
1370 2003 1386 2023 e
1407 1994 1473 2023 rios.
1487 1993 1669 2023 eﬂ'eminatos,
1681 1989 1737 2018 dte-

945 2003 1019 2026 tores
1030 2002 1057 2026 et
1069 2001 1180 2033 potores
1199 1996 1353 2032 sanguinis,
1370 1989 1473 2028 ebrios,
1487 1993 1669 2024 eﬂ'eminatos,
1681 1989 1739 2018 dte-

945 2043 1087 2071 moniacas
1097 2042 1210 2070 notitias
1219 2041 1445 2069 absconditorum
1456 2038 1650 2074 mysteriorum
1661 2042 1737 2064 scru-

945 2093 1046 2121 tantes,
1066 2095 1163 2124 magos
1180 2088 1321 2116 sacriﬁcos
1336 2090 1364 2115 et
1383 2093 1445 2122 quae
1463 2088 1528 2113 sunt
1540 2083 1603 2112 istis
1616 2082 1735 2111 similia:

946 2135 969 2162 si
981 2134 1133 2170 praesertim
1143 2133 1247 2162 nullius
1255 2132 1371 2160 alterius
1379 2130 1508 2160 beneﬁca
1516 2129 1737 2163 stellaaspectus

946 2181 994 2210 sit.
1019 2179 1127 2208 Rursus
1148 2179 1221 2208 idem
1241 2179 1315 2207 Mars
1339 2178 1449 2206 intuens
1466 2176 1600 2204 Venerem
1623 2176 1738 2209 aspectu

948 2225 1093 2262 quadrato,
1109 2226 1132 2254 si
1147 2233 1202 2254 non
1219 2225 1257 2253 sit
1276 2227 1405 2260 aspectus
1422 2221 1540 2257 alicujus
1555 2220 1640 2249 stellae
1654 2218 1738 2246 bene-

951 2273 1009 2302 ﬁce
1022 2273 1050 2301 in
1065 2276 1170 2303 centro.
1186 2271 1325 2299 adulteros
1341 2269 1433 2300 eilicit,
1450 2275 1506 2296 rem
1520 2274 1583 2294 cum
1596 2264 1742 2294 sororibus

950 2321 980 2346 et
996 2317 1130 2346 matribus
1151 2316 1293 2344 habentes.
1312 2313 1406 2343 Venus
1426 2320 1490 2341 cum
1511 2312 1577 2339 luna
1591 2310 1621 2338 in
1636 2309 1742 2337 ﬁnibus

951 2367 979 2392 et
994 2363 1124 2391 domibus
1137 2361 1259 2394 Saturni,
1269 2359 1559 2390 accedenteﬁaturno,
1570 2355 1739 2392 approbante

947 2408 1044 2442 Marte,
1067 2408 1147 2437 emcit
1168 2408 1299 2436 mulieres
1316 2413 1445 2442 agrorum
1460 2404 1592 2433 cultrices
1605 2406 1634 2431 et
1647 2401 1739 2429 archi-

948 2459 1062 2484 tectura:
1080 2456 1260 2491 omniumque
1282 2453 1404 2482 virilium
1421 2457 1536 2487 operum
1550 2455 1661 2486 gnaras,
1675 2455 1738 2476 con-

949 2501 1125 2530 suetudinem
1143 2501 1276 2530 habentes
1290 2503 1318 2528 et
1330 2497 1545 2527 concuinbentes
1560 2503 1623 2523 cum
1638 2493 1739 2530 quibus

949 2547 1098 2582 voluerint,
1122 2546 1191 2575 nihil
1205 2544 1418 2582 impedientibus
1441 2543 1469 2571 in
1493 2542 1545 2569 hoc
1558 2548 1605 2569 eas
1619 2538 1736 2568 maritis.

950 2713 1069 2740 cumque
1085 2705 1220 2740 integrum
1234 2704 1275 2731 sic
1291 2703 1398 2731 reddit:
1416 2701 1484 2730 Cum
1496 2701 1578 2736 igitur
1590 2698 1666 2740 Mar:
1677 2706 1739 2740 cgn-

951 2733 1179 2773 trum.tenens,'in
1194 2739 1273 2766 domo
1283 2747 1333 2766 sua
1346 2745 1379 2765 ea:
1398 2733 1534 2772 tetragono
1550 2735 1664 2773 respexit
1685 2733 1739 2773 Sa:

951 2767 1059 2818 turnum
1070 2767 1164 2818 .lluita
1187 2775 1303 2802 veniente
1323 2781 1400 2808 super
1411 2767 1478 2801 eum'
1489 2772 1577 2807 plana,
1593 2767 1630 2798 't'n
1652 2767 1740 2805 genui

949 2812 1243 2882 d'ﬁ'i‘;“§:b,abra¢.
1260 2844 1308 2874 Vel
1321 2843 1476 2881 ἐπωμότας,
1490 2842 1559 2872 verti
1572 2841 1656 2871 etiam
1673 2845 1741 2875 ρυ-

954 2887 992 2911 sct
1004 2883 1133 2919 perjurot.
1152 2882 1256 2912 Com.
