1907 3043
187 174 242 204 υῗθ

191 237 290 265 Viriles
320 240 411 264 autem
435 234 515 263 cllicit
539 233 669 260 mulieres
693 232 720 259 in
745 232 925 268 Capricorno.
953 229 980 256 in

191 283 323 319 Aquario,
338 283 385 310 sed
397 282 423 309 in
443 289 472 308 re
489 287 601 307 venerea
618 278 752 307 infelices.
769 279 796 306 In
809 278 874 306 viris
890 283 980 305 autem

191 331 306 358 rllicilur
329 328 509 358 contrarium,
532 327 555 354 si
573 334 637 354 cum
667 325 751 353 Marte
775 326 811 353 sit
834 325 862 351 in
878 325 979 352 Ariete.

191 378 250 410 Quo
267 376 304 408 lit,
318 380 348 402 ut
368 377 506 409 nequeant
527 373 568 400 vel
585 377 668 404 metu,
686 372 728 399 vel
754 371 873 406 alicujus
887 371 979 402 minis,

191 425 233 452 vel
251 428 310 450 arte
326 422 467 452 continere
484 421 625 453 libidines,
648 424 758 455 propter
773 418 979 446 inclinationem

191 475 338 498 astrorum.

508 503 662 538 Responsio.

225 549 377 578 Admodum
391 550 459 577 scite
471 549 599 584 gentilitii
613 548 717 577 erroris
731 547 884 576 ennntiasti
903 548 982 575 l'abn-

191 597 243 624 las.
258 596 388 624 Vicissim
406 597 490 632 igitur
513 601 540 623 et
564 603 616 630 ego
639 595 771 622 audacter
786 595 930 630 aggrediar
949 602 981 622 ea

190 651 251 678 qure
265 651 279 670 a
295 647 321 670 te
345 643 417 670 dicta
436 646 511 673 sunt,
529 646 555 670 et
571 641 663 669 fundae
679 642 721 669 vel
739 649 821 670 arens
845 641 905 669 vice
922 649 981 669 ser-

190 697 272 716 mone
295 693 374 716 ntens
395 687 518 715 refellere
541 687 676 718 conabor.
707 695 741 714 ne
764 687 798 714 ad
816 687 930 715 Martem
955 692 982 716 et

190 735 335 765 Venerem,
365 739 474 762 nostras
489 734 599 766 stellas,
620 734 735 761 caedium
753 741 852 762 causas
866 734 980 762 releras.

189 780 271 808 Prius
287 784 375 808 autem
393 780 520 813 obsecro,
538 785 567 807 ut
583 780 690 808 discere
704 780 781 812 velis,
797 788 878 815 posse
897 781 983 808 homi-

191 836 263 859 nem,
293 828 315 856 si
329 828 439 863 quidem
455 828 530 858 velit,
546 827 673 855 libidines
698 831 725 854 et
742 827 863 855 actiones
880 828 922 855 vel
936 835 983 854 ca-

191 875 293 910 stigare
308 875 352 902 vel
365 875 472 910 penitus
488 878 625 901 excutere.
653 873 742 908 Atque
759 874 887 908 equidem
899 881 981 901 exerr-

191 927 248 950 tere
261 923 335 950 soleo
348 930 395 958 per
408 921 585 949 conscientiae
598 921 703 955 ﬂagella
718 924 745 948 et
759 928 808 955 per
819 920 979 947 memoriam

190 968 356 996 inevitabilis
379 967 493 1002 judicii,
520 966 594 1003 quod
616 967 682 995 vilia
708 967 846 1002 prohibet.
877 966 930 994 Sed
955 971 982 993 et

190 1014 344 1050 principum
361 1013 443 1049 leges,
467 1017 531 1040 ante
550 1017 654 1040 tentata
672 1016 822 1044 tormenta,
849 1017 876 1040 et
895 1020 982 1047 angu-

190 1062 275 1093 stias,
295 1067 375 1096 atque
400 1061 602 1095 catapultarum
624 1060 777 1096 supplicia,
800 1060 860 1087 solo
886 1060 980 1087 auditu

191 1116 282 1135 rerum
298 1107 461 1135 terribilium
475 1114 537 1142 quae
550 1110 614 1134 sunt
629 1106 656 1133 in
671 1106 896 1141 compensatione
912 1106 981 1133 deli—

190 1154 328 1187 lictorum,
349 1153 501 1181 modestum
518 1153 632 1181 reddere
652 1158 767 1188 possunt
784 1153 922 1180 hominem
939 1153 981 1180 in-

189 1204 398 1235 temperantem,
422 1204 449 1228 et
475 1199 628 1228 obtundere
649 1200 836 1228 lascivientem
858 1200 980 1236 vigorem

187 1249 340 1284 juventutis
365 1248 392 1275 in
414 1247 535 1283 qualibet
561 1247 682 1282 regione.
707 1247 764 1276 sive
783 1247 893 1282 scriptm
914 1248 979 1279 sint,

191 1295 248 1322 sive
265 1303 319 1322 non
334 1294 453 1329 Scriptae,
470 1299 524 1320 tam
542 1294 614 1329 apud
629 1302 679 1322 nos
694 1302 776 1329 quam
792 1299 897 1330 gentes.
913 1294 980 1321 Nam

190 1342 262 1377 apud
280 1341 387 1376 aliquos
403 1341 445 1368 lex
461 1342 574 1376 scripta,
596 1341 667 1376 apud
687 1341 756 1368 alios
777 1349 842 1368 vero
864 1349 981 1369 consne~

190 1387 257 1416 tudo
271 1388 350 1415 valet.
366 1387 485 1423 Legibus
496 1388 568 1415 enim
581 1387 627 1422 qui
644 1387 768 1415 destituti
785 1393 859 1420 sunt,
876 1389 980 1423 patrios

189 1441 281 1462 mores
303 1441 352 1469 pro
383 1433 487 1468 legibus
509 1433 623 1460 ducunt.
655 1433 778 1466 Quorum
801 1434 879 1469 primi
900 1434 980 1462 Seres

189 1484 264 1514 sunt,
279 1481 326 1516 qui
346 1485 426 1508 terrae
439 1484 562 1508 extrema
588 1479 752 1512 habitantes,
770 1488 820 1516 pro
850 1481 907 1516 lege
932 1481 980 1508 ha-

189 1529 253 1556 bent
278 1528 394 1563 patriam
413 1527 662 1559 consuetudinem,
692 1535 727 1555 ne
746 1528 808 1562 quis
831 1531 979 1560 scortetur,

189 1582 257 1603 neve
275 1574 421 1609 prredetur,
441 1581 475 1601 ne
492 1573 555 1609 quis
574 1573 739 1601 adulterium
766 1573 929 1605 committat,
947 1581 981 1601 ne

189 1624 297 1648 statuas
317 1619 423 1654 adoret,
439 1627 475 1647 ne
486 1620 625 1648 daemones
640 1623 795 1654 veneretur,
815 1628 849 1648 ne
864 1628 980 1656 prorsus

189 1665 262 1700 apud
284 1666 358 1700 ipsos
383 1666 471 1701 imago
486 1666 532 1699 sit,
562 1669 609 1693 ant
627 1670 760 1696 scortum.
779 1670 827 1694 aut
846 1667 981 1700 adultera,

189 1716 237 1739 aut
252 1713 354 1747 praedo,
376 1716 423 1738 ant
440 1712 587 1744 homicida,
601 1717 649 1740 aut
668 1713 722 1740 fur.
749 1711 783 1739 Et
801 1717 892 1741 tamen
920 1715 982 1742 nul-

189 1759 244 1787 lius
261 1759 358 1785 horum
377 1758 488 1786 liberam
511 1763 672 1793 potestatem
696 1760 786 1795 coegit
801 1760 856 1791 illa.
877 1761 910 1788 de
927 1770 980 1796 qna

189 1810 220 1832 tu
237 1805 316 1836 dicis,
336 1805 431 1832 lucens
449 1805 510 1840 igne
525 1804 621 1832 Martis
632 1806 711 1833 stella
727 1813 734 1831 :
751 1814 840 1841 neque
857 1807 882 1833 vi
906 1815 982 1834 com-

190 1852 260 1886 pulit
274 1859 439 1887 queinquam
462 1851 584 1886 ipsorum
610 1851 765 1879 interlicere
785 1853 875 1887 gladio
890 1854 982 1887 proxi-

190 1905 276 1929 mnrn,
295 1902 342 1924 aut
356 1895 445 1931 lapide
463 1901 615 1931 percutere.
630 1896 687 1924 Non
702 1895 795 1924 Venus
811 1905 872 1924 cum
897 1897 982 1925 Marte

189 1944 325 1979 persuasit
344 1944 396 1978 ipsi
419 1947 449 1970 ut
465 1943 568 1971 furiose
584 1947 646 1970 ruat
666 1943 693 1970 in
710 1951 821 1970 uxorem
839 1944 936 1970 vicini:
958 1945 980 1972 si

189 1991 232 2018 vel
249 1994 307 2018 toto
318 1990 362 2018 die
375 1990 494 2018 medium
511 1988 573 2017 edsli
592 1989 664 2017 Mars
684 1990 817 2017 obtineat.
837 1989 981 2017 Nihilomi-

190 2045 243 2064 nus
258 2037 386 2071 prazvalet
403 2036 475 2072 apud
500 2035 582 2064 Seres
608 2041 746 2063 astrorum
765 2037 921 2064 necessitati
939 2038 981 2064 lex

190 2085 288 2119 patria.
302 2083 357 2111 Lex
371 2089 462 2112 autem
481 2088 507 2110 et
521 2083 674 2111 Bactrianis
688 2087 730 2111 est
743 2085 801 2111 sive
811 2083 981 2117 Bragmanis,

190 2137 205 2155 a
219 2129 371 2163 majoribus
388 2133 500 2164 accepta
524 2129 688 2164 disciplina:
717 2128 755 2156 Ne
770 2129 835 2164 quid
852 2135 981 2162 mactem,

190 2182 279 2210 neque
303 2175 424 2202 inanima
442 2179 564 2211 gustant,
591 2184 626 2203 ne
648 2176 713 2203 vino
734 2176 908 2211 simpliciter,
936 2180 983 2203 aut

190 2244 198 2252 .
213 2245 219 2252 .
233 2245 238 2250 .
250 2245 256 2250 .
269 2245 275 2251 .
287 2244 293 2250 .
315 2229 439 2256 utantur,
458 2224 543 2253 Deum
561 2233 650 2254 meum
663 2231 830 2257 reverentes,
846 2226 909 2253 licet
927 2226 982 2252 sint

188 2273 271 2300 vieini
300 2273 368 2308 ipsis
391 2273 450 2301 lndi
479 2274 600 2301 caedibus
627 2274 722 2309 polluti
749 2278 777 2301 et
800 2275 863 2301 vino
883 2275 978 2307 dediti,

189 2322 236 2357 qui
253 2329 400 2356 porcorum
416 2322 585 2350 silvestrium
598 2327 646 2350 aut
656 2330 736 2350 suum
758 2323 845 2350 instar
860 2331 922 2349 cum
939 2323 981 2350 in-

190 2371 267 2398 sania
282 2371 399 2399 feminas
415 2371 539 2407 deperire
560 2374 660 2404 solent,
686 2376 712 2399 et
727 2371 870 2400 aﬂ‘eetibus
889 2371 981 2399 indul-

189 2428 263 2456 gere.
292 2419 322 2447 ln
343 2419 483 2455 Hesperiis
500 2424 590 2448 autem
620 2421 778 2455 regionibus
802 2421 873 2447 ultra
889 2421 981 2452 indos.

739 168 768 196 S.
789 167 938 196 CAESAR"
951 166 1114 196 GREGORII
1132 165 1279 194 FBATRIS

1776 160 1836 188 9330

1033 227 1160 254 ἀποτελεί
1175 227 1307 261 γυναῖκας
1324 226 1351 251 ὲν
1371 219 1529 260 αίγοκέρῳξ
1545 219 1678 259 ὑδροχόῳ,
1696 223 1838 249 κακοδαί-

1035 281 1118 308 μονας
1132 273 1161 299 ἑν
1181 272 1326 308 Ἀφροδίτῃ
1337 271 1405 306 (48).
1430 271 1488 298 Ἐπ’
1506 269 1611 305 ἀνδρῶν
1629 269 1658 296 δὲ
1669 269 1836 296 τούναντίον

1035 320 1083 346 σὺν
1097 319 1176 354 Ἀρεῖ
1193 316 1270 351 οὖσα,
1285 318 1314 344 ἐν
1330 317 1410 353 κριῷ.
1426 316 1508 344 Ὅθεν
1526 317 1576 351 οὺχ
1592 313 1649 343 οἷόν
1667 324 1698 342 τε
1715 315 1796 350 φόϐῳ
1815 315 1834 349 ἦ

1033 373 1105 397 τινος
1121 365 1219 400 ἀπειλῇ
1241 364 1257 400 ἢ
1279 364 1386 400 μηχανῇ
1404 363 1526 398 ἐπισχεῖν
1545 362 1595 394 τὰς
1614 361 1765 398 ἐπιθυμίας
1785 361 1834 387 δά

1033 411 1082 445 τὴν
1099 410 1153 437 τῶν
1167 409 1275 445 ἄστρων
1290 409 1493 444 ἁποκλήρωσιν.

1339 499 1518 533 Ἀπόκρισις.

1075 546 1188 581 Ἐπιστη
1194 545 1280 581 μόνως
1295 545 1365 572 πάνυ
1377 545 1426 579 τῆς
1437 543 1570 579 Ἐλλήνων
1585 542 1690 578 πλάνης
1699 542 1764 574 τοὺς
1781 540 1836 577 p.6-

1034 593 1097 624 θους
1116 591 1296 627 ἀπήγγειλας.
1324 588 1406 622 Αὖθις
1427 588 1474 617 οὖν
1489 588 1567 623 κάγὼ
1583 588 1743 625 θαρραλέως
1759 588 1834 615 ἀπο-

1033 637 1148 673 δύσομαι
1171 636 1239 672 πρὸς
1248 636 1288 663 ,τὰ
1307 636 1360 663 ὑπὸ
1375 635 1422 662 σοῦ
1442 635 1572 671 ρηθέντα,
1591 634 1638 661 καὶ
1653 633 1788 670 σφενδόνῃ
1813 633 1831 669 ἢ

1033 683 1124 719 τοξείᾳ
1137 682 1176 718 τῷ
1185 683 1257 718 λόγῳ
1266 681 1417 718 χρώμενος,
1426 681 1549 709 καθεῖλαι
1561 681 1728 716 πειράσομαι
1739 680 1773 706 Ἀ
1779 687 1833 715 ρεα

1034 730 1080 757 καὶ
1102 729 1260 765 Ἀφροδίτην
1279 730 1344 761 τοὺς
1369 728 1521 765 ἡμετέρους
1535 727 1668 763 ἀστέρας,
1688 727 1762 757 ὃπως
1783 734 1831 761 μοι

1032 775 1225 811 ἀστροκτονίας
1237 775 1343 810 γένεσιν
1366 774 1546 810 ὲπιφημίσῃς.
1560 773 1697 808 Πρότερον
1711 771 1740 798 δὲ
1759 771 1833 803 ἀξιῶ

1033 821 1210 857 παιδευθῆναι
1225 830 1271 853 σε,
1297 818 1353 848 οἷόν
1376 829 1406 847 τε
1423 820 1566 856 ὑπάρχειν,
1594 819 1640 845 τὸν
1663 817 1832 853 βουλόμενον

1033 867 1082 900 τὰς
1097 867 1244 903 ἐπιθυμίας
1259 867 1305 894 καὶ
1315 866 1456 902 ἐνεργείας
1470 867 1486 902 ἢ
1502 865 1640 897 κολάζειν,
1655 864 1672 900 ἢ
1686 863 1832 894 παντελῶς

1034 913 1219 941 ἀποσείεσθαι.
1239 913 1307 939 Σείω
1319 913 1346 939 δὲ
1361 914 1394 939 ὲν.
1408 912 1454 939 τοῦ
1472 911 1621 942 συνειδότος
1638 909 1830 945 αἰκιζομένου,

1036 959 1083 986 καὶ
1104 959 1199 995 μνήμῃ
1221 958 1268 984 τοῦ
1285 958 1411 990 ἀκλινοῦς
1425 958 1578 994 κριτηρίου,
1597 957 1652 983 τῶν
1665 956 1759 983 κακῶν
1773 957 1832 991 εἱρ-

1035 1005 1160 1040 γομένου.
1185 1005 1264 1031 Ἀλλὰ
1280 1005 1327 1031 καὶ
1346 1005 1371 1031 οἱ
1394 1004 1449 1031 τῶν
1469 1004 1607 1040 ἀρχόντων
1629 1003 1707 1037 νόμοι
1727 999 1780 1029 οἷοί
1800 1010 1829 1027 τε

1035 1050 1088 1086 πρὸ
1113 1050 1163 1085 τῆς
1179 1050 1276 1085 πείρας
1295 1049 1349 1076 τῶν
1367 1049 1599 1085 στρεϐλωτηρίων,
1619 1050 1667 1075 καὶ
1688 1047 1828 1082 τηγάνων,

1035 1096 1082 1122 καὶ
1105 1095 1297 1128 καταπελτῶν,
1319 1097 1352 1131 τῇ
1379 1095 1446 1131 ἀκοῇ
1470 1095 1517 1122 καὶ
1534 1095 1603 1131 μόνῃ
1629 1094 1684 1120 τῶν
1703 1093 1831 1129 φοῦερῶν

1035 1141 1084 1176 τῆς
1099 1141 1198 1173 κακίας
1212 1141 1412 1176 ἀνταμείψεως,
1430 1141 1595 1176 σωφρονίσαι
1605 1140 1654 1176 τὴν
1665 1139 1828 1169 ἀκόλαστον,

1034 1187 1082 1214 καὶ
1098 1187 1233 1222 ἀμϐλύναι
1255 1187 1304 1222 τὴν
1327 1187 1487 1222 σφριγῶσαν
1510 1187 1603 1222 ἀκμὴν
1621 1186 1672 1222 τῆς
1691 1185 1829 1220 νεότητος.

1034 1233 1063 1258 ὲν
1079 1232 1181 1267 ἑκάστῃ
1200 1230 1286 1266 χώρᾳ,
1313 1232 1458 1267 ἐγγράφως
1476 1231 1493 1267 ἢ
1509 1231 1638 1266 ἀγράφως
1657 1231 1830 1266 ὑπάρχοντες

1034 1278 1100 1313 παρ’
1120 1279 1185 1313 ἡμῖν
1203 1287 1233 1304 τε
1257 1278 1305 1304 καὶ
1319 1278 1437 1305 ἔθνεσινθ
1464 1278 1494 1304 ὲν
1509 1279 1564 1308 τοῖς
1579 1277 1629 1312 μὲν
1650 1277 1682 1303 τὺ
1697 1277 1828 1312 γράμμα.

1034 1325 1063 1350 ὲν
1078 1325 1134 1356 τοῖς
1149 1324 1204 1359 δὲή
1226 1323 1366 1360 συνήθεια.
1379 1324 1470 1359 Νόμος
1484 1323 1538 1360 γὰρ
1547 1324 1658 1359 ἀνόμοις
1672 1323 1708 1350 τὰ
1724 1324 1829 1358 πάτρια

1033 1370 1120 1396 δοκεῖ·
1151 1366 1189 1396 ὧν
1205 1370 1309 1405 πρῶτοι
1324 1370 1426 1406 Σῆρες,
1449 1371 1474 1396 οί
1498 1370 1528 1396 τὸ
1547 1370 1632 1405 ἄκρον
1655 1371 1706 1404 τῆς
1728 1369 1828 1404 χέρσου

1033 1416 1182 1448 οἰκοῦντες,
1198 1416 1279 1451 νόμον
1296 1415 1403 1451 ἔχοντες
1423 1416 1454 1443 τὸ
1474 1415 1600 1452 πατρῷον
1617 1415 1689 1448 ἔθος,
1703 1415 1741 1450 μὴ
1755 1416 1830 1441 ἐται-

1035 1461 1168 1496 ρίζεσθαι,
1178 1462 1245 1497 μηδὲ
1254 1462 1347 1497 συλᾷν,
1361 1462 1398 1498 μὴ
1414 1461 1569 1497 μοιχᾶσθαι,
1578 1461 1616 1497 μὴ
1629 1460 1735 1493 ξοάνοις
1747 1469 1828 1496 προσ-

1034 1509 1134 1540 κυνεῖν,
1149 1508 1166 1543 ἢ
1186 1507 1347 1535 ποτνιᾶσθαι
1368 1508 1489 1543 δαίμοσι,
1511 1507 1574 1543 μηδ’
1597 1508 1666 1538 ὅλως
1688 1509 1718 1534 ἐν
1736 1507 1828 1537 αὐτοῖς

1034 1553 1166 1590 ὑπάρχειν
1180 1553 1299 1586 εἴδωλον,
1319 1553 1336 1590 ἢ
1359 1553 1470 1589 ἑταίραν
1483 1554 1500 1589 ἢ
1517 1553 1671 1589 μοιχαλίδα,
1694 1554 1725 1580 οὐ
1746 1553 1827 1588 συλή-

1033 1607 1093 1634 την,
1105 1598 1134 1625 οὐ
1152 1598 1245 1633 φονέα,
1271 1599 1302 1626 οὑ
1318 1599 1475 1635 λωποδύτην
1489 1608 1496 1615 ·
1517 1600 1564 1626 καὶ
1586 1600 1659 1635 ὅμως
1673 1599 1781 1630 οὐδενὸς
1798 1599 1827 1625 τὸ

1032 1645 1203 1677 αὐτεξούσιον
1219 1645 1373 1681 ἠνάγκασεν
1390 1647 1404 1672 ό
1418 1645 1465 1672 τοῦ
1488 1646 1559 1673 κατὰ
1579 1647 1608 1672 σὲ
1633 1645 1826 1682 πυριλαμτεοῦς

1035 1691 1140 1726 Ἄρεως
1158 1689 1254 1726 ἀστὴρ,
1281 1690 1342 1717 οὐδὲ
1361 1690 1489 1718 ἐϐιάσατό
1508 1699 1570 1717 τινα
1586 1690 1676 1717 αὐτῶν
1695 1689 1825 1724 φασγάνῳ

1031 1736 1077 1762 τὸν
1096 1735 1176 1768 πέλας
1190 1735 1322 1772 ἀναιρεῖν,
1338 1735 1355 1771 ἥ
1373 1735 1440 1771 λίθῳ
1453 1735 1590 1768 πατάξαι’
1609 1735 1659 1762 οὑκ
1681 1735 1823 1770 Ἀφροδίτη

1033 1783 1081 1810 σὺν
1093 1783 1125 1809 Ἀ
1131 1791 1171 1818 ρει
1187 1782 1295 1809 ἔπεισεν
1306 1782 1405 1814 αὐτοὺς
1420 1782 1598 1816 ἐπιλυττῆσαι
1609 1783 1643 1816 τῇ
1658 1781 1769 1815 γυναικὶ
1778 1781 1823 1807 τοῦ

1032 1827 1152 1861 γείτονος
1161 1835 1168 1842 ·
1192 1827 1362 1862 πανημέριον
1389 1835 1471 1862 μεσον
1477 1825 1619 1862 ρανοῦντος
1639 1825 1686 1852 τοῦ
1710 1826 1822 1861 Ἄρεως.

1033 1873 1079 1900 καὶ
1088 1873 1162 1907 ὅμως
1179 1873 1353 1908 ἰσχυρότερος
1366 1872 1416 1907 τῆς
1428 1872 1550 1906 ἀνάγκης
1563 1871 1618 1898 τῶν
1628 1871 1738 1906 ἄστρων
1752 1871 1823 1906 παρὰ

1034 1919 1134 1954 Σηρσὶν
1143 1920 1158 1945 ὁ
1172 1919 1286 1954 πάτριος
1301 1918 1393 1953 νόμος.
1402 1917 1492 1953 Νόμος
1503 1917 1531 1944 δὲ
1549 1918 1595 1944 καὶ
1604 1918 1680 1953 παρὰ
1693 1917 1824 1952 Βακτρια-

1032 1966 1097 1997 νοῖς,
1112 1965 1171 2000 ἤτοι
1190 1965 1361 2000 Βραγμανοῖς
1377 1964 1446 1999 (-19),
1462 1965 1478 1999 ἡ
1500 1965 1532 1990 ὲκ
1546 1963 1687 1999 προγόνων
1707 1962 1821 1993 παιδεία,

1034 2011 1072 2046 μὴ
1094 2010 1213 2046 μεθύειν,
1237 2010 1304 2046 μηδὲ
1329 2010 1442 2045 ἀψύχων
1464 2009 1658 2043 ἀπογεύεσθαι,
1679 2009 1730 2035 οὐκ
1754 2009 1821 2035 οἴνου

1032 2056 1118 2083 ἁττλοῦ
1138 2057 1155 2092 ἢ
1169 2056 1246 2083 νόθου
1335 2056 1469 2091 μετέχειν,
1485 2055 1551 2082 Θεὸν
1566 2055 1611 2082 τὸν
1627 2055 1692 2088 ἐμὸν
1711 2055 1823 2082 δεδοικὸ-

1032 2111 1096 2135 τας·
1110 2103 1199 2130 καίτοι
1213 2103 1266 2130 τῶν
1279 2102 1491 2138 παρακειμένων
1505 2102 1597 2133 αὐτοῖς
1614 2101 1704 2128 Ἰνδῶν
1719 2109 1823 2136 μιαιφο-

1033 2149 1160 2180 νούντων,
1174 2149 1222 2176 καὶ
1237 2148 1478 2183 οἰνοφλυγούντων,
1497 2147 1544 2174 καὶ
1565 2147 1664 2180 μονιῶν
1691 2147 1790 2183 ἀγρίων
1804 2146 1820 2182 ἢ

1034 2194 1106 2221 σνῶν
1120 2195 1198 2230 δίκην
1213 2194 1452 2230 θηλνμανούντων,
1474 2195 1521 2221 καὶ
1534 2193 1571 2229 τῷ
1589 2193 1670 2221 πάθει
1685 2194 1822 2230 κραδαινο-

1035 2241 1132 2276 μένων.
1157 2241 1201 2267 Ἐν
1213 2240 1242 2267 δὲ
1255 2242 1311 2273 τοῖς
1331 2241 1469 2276 ἑσπερίοις
1484 2240 1611 2275 κλίμασιν
1628 2240 1760 2276 ἐνδοτέρω
1770 2239 1821 2266 τῶν

1033 2287 1121 2312 ἐκεῖσε
1139 2285 1238 2317 Ἰνδῶν,
1254 2285 1390 2321 ξενοῦόροι
1404 2286 1474 2316 τινὲς
1488 2285 1667 2320 ὑπάρχοντες,
1688 2285 1751 2316 τοὺς
1775 2285 1820 2311 ἐπ-

1029 2330 1130 2366 ήλυδας
1150 2331 1323 2366 ἀναιροῦντες
1337 2330 1468 2362 ἐσθίουσι,
1480 2330 1527 2357 καὶ
1543 2330 1632 2361 οὐδεὶς
1649 2330 1704 2357 τῶν
1727 2330 1821 2364 ἁγαθο-

1032 2378 1117 2404 ποιών
1144 2378 1267 2413 ἀστέρων
1297 2378 1345 2413 τῆς
1371 2376 1528 2413 μιαιφονίας
1544 2376 1643 2409 αὐτοὺς
1665 2376 1820 2412 ἀπωσθῆναι

1033 2424 1127 2459 [quos
1143 2423 1224 2460 μέχρι
1241 2425 1370 2460 τήμερον.

188 2465 313 2497 habitant
338 2467 447 2502 quidem
463 2467 509 2502 qui
538 2467 661 2502 hospites
673 2467 816 2500 devorant.
831 2473 859 2496 et
882 2467 1001 2497 advenas
1025 2470 1222 2499 interﬁcientes
1246 2471 1404 2498 comedunt.
1419 2469 1511 2506 Neque
1524 2469 1578 2498 ulla
1593 2469 1734 2497 stellarum
1745 2469 1819 2498 bene-

188 2516 302 2544 llcarum
316 2523 331 2542 a
346 2514 419 2542 caede
434 2515 508 2549 ipsos
527 2518 650 2542 avertere
669 2514 766 2550 potuit,
787 2523 875 2550 usque
889 2516 915 2542 in
930 2516 1094 2545 hodiernum
1110 2516 1194 2544 diem.

221 2566 282 2592 Alia
306 2563 451 2596 Chaldaeis,
463 2567 491 2590 et
514 2562 672 2597 Babyloniis
687 2564 858 2591 consuetudo
872 2568 930 2596 est,
950 2568 979 2592 ut

187 2617 292 2640 matres
316 2611 344 2638 in
369 2617 468 2638 uxores
493 2609 610 2642 ducant,
639 2617 749 2637 sorores
778 2610 897 2643 violent,
915 2619 979 2645 erga

221 2694 278 2730 (58)
292 2694 518 2729 Κακοδιιῖμονας
532 2695 566 2721 ἐν
580 2694 746 2728 Ἀφροδίτῃ.
765 2694 837 2730 Lego
852 2702 912 2722 cum
921 2694 974 2722 Co-

186 2732 292 2760 ῑυι-ιτιο,
310 2730 545 2765 κακοδαιμονοῦσα
561 2730 714 2765 Ἀφροδίτη.
732 2729 872 2764 Viragines
888 2730 976 2764 itaque

185 2766 260 2800 efficit
278 2766 391 2800 feminas
405 2766 431 2792 in
448 2764 621 2798 Capricorno,
635 2765 662 2792 in
676 2764 792 2800 .lquario
810 2765 977 2792 cacodwmun

194 2801 289 2827 lenus.
309 2802 355 2826 Sic.
371 2808 437 2827 sane
454 2801 525 2828 inl‘ra
542 2801 656 2834 ipsemet
670 2800 816 2828 Caesarius.

223 2835 278 2869 (69)
291 2836 485 2872 Βραῃρανοῖς.
504 2836 592 2863 Malim
607 2843 668 2872 eum
685 2835 782 2872 Vigero
797 2834 977 2871 Βραχμανοῖς.

187 2870 293 2898 ὃείΙΞι-ρι
316 2871 386 2904 apud
404 2871 551 2898 C:esarium
571 2872 614 2898 hic
630 2871 660 2897 τὸ
672 2880 688 2906 χ
703 2870 729 2898 in
745 2880 772 2905 γ¹
788 2879 895 2898 succisa
909 2872 981 2899 tibia;

186 2907 447 2940 partealernrtatum
458 2907 547 2933 luerit.
557 2906 622 2932 Nam
634 2907 684 2933 sub
693 2906 776 2939 hujus
790 2906 976 2939 Responsionis

187 2941 266 2969 Inem
278 2940 391 2976 legimus
399 2942 563 2977 Βραχμᾶνας
579 2942 609 2968 ω
620 2942 644 2968 in
655 2947 784 2971 see-rente
795 2942 977 2976 Βραχμαίονς.

1068 2564 1181 2600 Ἕτερος
1195 2564 1275 2600 νόμος
1289 2563 1432 2596 Χαλδαίοις
1455 2573 1485 2592 τε
1505 2564 1552 2591 καὶ
1575 2563 1755 2596 Βαϐυλωνίοις
1773 2573 1819 2600 μη-

1032 2612 1181 2646 τρογαμεῖν
1195 2611 1243 2638 καὶ
1260 2611 1481 2648 ἀδελφοφθορείν,
1502 2612 1551 2638 καὶ
1567 2611 1628 2641 ταῖς
1641 2610 1719 2646 σφῶν
1736 2612 1817 2638 παισὶν

1066 2694 1123 2728 (50)
1137 2694 1228 2722 οἴνου
1247 2695 1347 2722 ἁπλοῦ
1362 2695 1380 2730 ἣ
1395 2696 1495 2722 νόθου.
1516 2693 1577 2721 Vim
1593 2695 1670 2722 vocis
1683 2693 1759 2721 νόθον
1771 2694 1815 2721 hoc

1031 2730 1090 2758 loco
1102 2735 1241 2764 usurpatae
1254 2730 1385 2760 Caesario.
1401 2738 1455 2757 non
1467 2734 1509 2758 est
1519 2734 1665 2757 assecutus
1680 2730 1813 2764 interpres.

1031 2767 1154 2800 adeoque
1176 2767 1331 2793 versionem
1362 2766 1485 2792 mutilam
1507 2764 1628 2792 exhibet.
1657 2764 1814 2792 Bardesanes

1031 2809 1112 2836 quem
1131 2805 1227 2836 auctor
1240 2801 1441 2836 exscriliitthic
1458 2801 1548 2830 habet,
1563 2800 1635 2836 οἴνου
1654 2800 1701 2836 καὶ
1720 2800 1814 2835 σίκερος

1033 2835 1151 2873 (σίκερα)
1168 2835 1204 2870 μὴ
1218 2837 1369 2873 γευόμενοι.
1385 2835 1453 2863 Hinc
1469 2835 1581 2873 Caesari}
1596 2835 1687 2873 verbis
1706 2837 1747 2862 lux
1762 2836 1813 2861 red-

1034 2869 1088 2898 (lita
1101 2869 1179 2907 :‘ane
1196 2869 1309 2905 proinde
1321 2872 1360 2900 sic
1377 2876 1508 2899 verterem
1524 2879 1530 2898 :
1550 2869 1589 2897 Ne
1614 2871 1673 2897 vino
1692 2879 1760 2897 mera
1774 2874 1812 2897 uel

1033 2908 1136 2943 futtilia
1154 2914 1274 2936 utantur.
