1907 3043
115 115 167 142 981

116 174 321 210 ἐπιμαίνεσθαι,
350 176 398 204 καὶ
421 176 608 213 μιαιφθορεῖν·
630 176 655 204 ιι
678 177 725 204 καὶ
752 176 847 213 πόρρω
865 177 914 213 τῆς

117 220 307 257 ινεγκαμένης
320 221 463 256 γένωνται,
480 223 527 250 καὶ
541 223 598 255 τοῖς
615 223 689 257 σφῶν
711 222 863 258 κεχρῆσθαι
877 223 918 249 νό-

119 274 192 302 μοις,
207 268 335 303 φανερῶς
355 269 402 296 καὶ
420 268 572 304 λεληθότως
586 268 817 304 διακελευόμενοι·
836 268 866 300 ἐξ
879 265 916 296 ὧν

117 319 190 343 τινες
215 312 304 339 αὐτῶν
329 313 410 349 μέχρι
434 314 481 341 καὶ
504 314 551 340 νῦν
573 313 741 350 ὑπάρχουσιν
764 314 794 341 ἐν
814 313 917 348 Μήδοις

116 358 166 384 καὶ
181 358 300 394 Πάρθοις
316 360 364 386 καὶ
378 360 538 395 Ἐλαμίταις
549 361 596 387 καὶ
612 360 781 394 Αἰγυπτίοις,
791 361 820 385 ὲν
833 359 925 395 Φρυξὶ·

115 405 166 430 καὶ
182 404 326 438 Γαλάταις,
348 406 376 432 ἔν
391 415 446 433 τισι
466 408 573 442 κώμαις
588 406 779 442 μιαιόιοῦντες.
802 405 856 432 Καὶ
872 405 918 431 ού-

116 449 192 476 δέπω
211 449 320 485 Κύπρις
341 451 389 478 σὺν
410 452 491 487 Μήνῃ
506 453 533 479 ὲν
546 452 630 488 ὁρίοις
649 453 696 479 καὶ
712 452 796 483 οἴκοις
812 451 916 486 Κρόνου

116 494 373 530 ἐπιμαρτυροῦντος
391 496 439 523 τοῦ
458 497 564 532 Ἀρεως
582 497 611 523 ἐν
624 497 685 529 ταῖς
704 496 813 523 πάντων
827 495 916 522 αὐτῶν

116 542 258 577 γενέσεσιν
288 543 462 579 εὑρίσκεσθαι
493 543 537 570 οἵα
561 552 601 570 τε.
637 543 755 578 Θάτερος
782 542 810 568 δὲ
841 540 917 576 παρὰ

116 587 218 623 Γήλαις
238 588 294 623 (51)
318 589 414 623 νόμος,
440 590 573 623 γυναῖκας
597 590 727 624 γεωργεῖν
748 589 795 615 καὶ
815 588 917 615 οἰκοδο-

118 637 191 670 μεῖν,
214 635 259 662 καὶ
283 635 318 662 τὰ
341 635 444 671 ἀνδρῶν
467 637 612 672 πράττειν,
635 636 763 663 ἀλλὰκαὶ
779 637 916 663 κοινωνεῖν

116 676 160 712 οἷς
179 680 201 707 δ’
215 682 248 707 ἂν
266 681 415 716 βούλωνται
437 681 491 707 τῶν
507 681 658 716 ἐπηλύδων,
672 681 722 708 οὐκ
745 679 917 716 ἐπιτιμώμε-

116 735 164 753 ναι
188 727 240 753 ὑπὸ
261 727 315 754 τῶν
341 727 512 763 προεχόντων
531 727 645 763 ἀνδρῶν,
665 727 724 754 οὐδὲ
741 726 916 762 ζηλούμεναι.

115 773 155 800 οὗ
173 773 333 809 μυρίζονται
355 773 395 806 δὲ,
409 773 469 800 οὐδὲ
489 773 595 808 φυκίοις
612 773 662 809 τὴν
675 773 736 808 ὄψιν
749 772 916 805 νοθεύονται,

117 819 194 853 σφῶν
221 819 338 855 παρειὰς
361 819 571 856 ὲπιχρωννῢσαι,
596 819 687 851 καθὼς
716 820 744 846 αἱ
768 820 834 855 παρ’
852 819 917 855 ἡμῖν

115 864 257 898 ἀλλότριαι
275 864 454 892 ὑποδύνουσαι
465 866 646 901 προσωπεῖον.
660 865 694 891 Οἱ
711 865 738 892 δὲ
751 865 848 901 ἄνδρες
864 873 917 891 στι-

117 910 246 942 σᾶζονται
269 909 364 944 ἐσθῆτι
387 910 505 946 μαλακῇ,
532 910 578 937 καὶ
600 909 746 945 ἀνθοϐάιρῳ
775 909 916 945 περιϐολῇ.

123 955 294 991 ’Υπάρχουσι
305 956 326 983 δ’
340 957 369 983 ὲν
384 957 479 988 αὑταῖς
495 956 541 983 καὶ
558 955 790 992 πολεμικώταται,
806 955 853 982 καὶ
871 955 920 990 θη-

119 1000 216 1037 ροῦσαι
242 1001 276 1027 τὰ
303 1000 340 1037 μὴ
370 1001 429 1028 λίαν
456 1001 553 1037 ἰσχυρὰ
574 1001 628 1027 τῶν
652 999 763 1037 θηρίων.
787 999 849 1032 Πῶς
871 997 917 1027 οὖν

117 1047 207 1073 πᾶσαι
229 1047 257 1073 αἱ
278 1045 371 1082 Γήλων
388 1047 526 1080 γυναῖκες,
548 1046 598 1073 οὐκ
621 1045 717 1080 ἔλαχον
738 1045 876 1080 αἱγοκὲρῳ
901 1044 918 1080 ἢ

116 1092 249 1129 ὕδροχόῳ,
269 1092 496 1128 κακοδαιμονοῦσι
525 1092 581 1128 (52)
602 1094 635 1128 τῇ
655 1090 792 1127 Κύπριδι;
811 1091 867 1118 οὔτ’
883 1089 918 1118 αὖ

117 1139 201 1165 πάλιν
217 1140 241 1166 οἰ
260 1139 357 1176 ἄνδρες
374 1139 465 1166 αὐτῶν
480 1138 576 1174 ἔλαχον
591 1139 620 1165 ὲν
633 1137 703 1174 κριῷ
718 1138 766 1165 σὺν
780 1137 858 1174 Ἀρει
870 1137 919 1172 τὴν

123 1186 297 1222 Ἀφροδίτην,
313 1186 377 1213 ἔνθα
391 1186 452 1218 τοὺς
469 1186 608 1222 ἀνδρείους
625 1186 672 1213 καὶ
692 1184 844 1217 σπατάλους
865 1193 920 1219 φα-

117 1233 162 1259 σὶν
178 1233 202 1258 οἱ
222 1234 255 1267 τῇ
278 1231 375 1267 γνώμῃ
394 1232 536 1265 Χαλδαῖοι;
561 1232 605 1258 Ἑν
622 1232 650 1258 δὲ
669 1231 779 1263 Σούσοις
797 1231 848 1266 τῆς
865 1230 919 1257 Βα-

117 1277 240 1310 ϐυλῶνος
252 1279 280 1304 αἱ
292 1279 421 1312 γυναῖκες
438 1278 520 1305 παντὶ
540 1277 619 1313 μύρῳ
638 1277 794 1312 διαφέροντι
814 1276 860 1303 καὶ
874 1275 920 1303 κό-

117 1333 183 1359 σμῳ
197 1324 326 1359 χρῶνται,
338 1324 569 1359 ὑπηρετούμεναι,
583 1323 630 1350 καὶ
641 1323 762 1358 φαιδρῶς
778 1322 921 1358 προϊοῦσαι

118 1371 169 1397 σὺν
188 1370 317 1407 βλοσυρίᾳ
335 1370 382 1397 καὶ
394 1369 516 1405 διαχύσει
543 1369 626 1405 πολλῇ
638 1378 645 1385 ·
663 1371 731 1396 πᾶσι
745 1369 775 1397 δὲ
793 1369 920 1404 Ἕλλησιν

117 1415 205 1447 ἀδεῶς
236 1424 266 1442 τε
292 1415 339 1444 καὶ
364 1415 483 1447 ἀναιδῶς
512 1415 757 1450 συγκαθεύδουσιν,
788 1414 921 1450 ἄρχουσαι

119 1462 222 1498 μᾶλλον
238 1461 293 1488 τῶν
305 1461 414 1488 οἰκείων
429 1461 533 1498 ἀνδρῶν
544 1469 550 1477 ·
568 1462 615 1488 καὶ
628 1461 659 1488 οὐ
679 1461 787 1493 πάντως
802 1462 831 1487 ὲν
845 1460 922 1496 πάσῃ

117 1508 228 1542 γενέσει
251 1507 305 1534 τῶν
332 1507 466 1534 Σουσίδων
495 1507 633 1541 γυναικῶν
661 1507 823 1543 μεσουρανεί
852 1505 923 1541 μετὰ

117 1554 181 1585 Arb;
195 1554 241 1580 καὶ
254 1554 359 1589 ’Ἄρεως
371 1555 400 1580 ἐν
418 1554 477 1586 Διὸς
492 1555 564 1590 ὅροις
577 1555 594 1589 ἡ
613 1554 769 1590 Ἀφροδίτη.
790 1553 834 1580 Ἐν
849 1552 876 1579 δὲ
888 1553 922 1588 τῇ

119 1601 177 1637 etp;
197 1603 220 1627 οἱ
245 1600 520 1636 ἀρρενοφθοροῦντες,
537 1601 562 1627 οἱ
583 1600 659 1636 παρὰ
677 1600 862 1636 Χριστιανοίς,
876 1598 925 1625 ἐὰν

119 1647 283 1682 γνωσθῶσιν
303 1646 356 1674 ὑπὸ
380 1647 434 1673 τῶν
455 1647 580 1682 ὁμαίμων
594 1645 710 1681 ἀφειδῶς
727 1644 924 1681 τιμωροῦνται.

125 1694 172 1720 Ἕν
197 1693 346 1729 Βρεττανίᾳ
373 1692 492 1720 πλεῖστοι
516 1693 612 1728 ἄνδρες
635 1693 684 1728 μιᾷ
710 1691 924 1726 συγκαθεύδουσι

119 1740 245 1775 γυναικί·
262 1739 393 1771 ὡσαύτως
414 1739 462 1766 καὶ
484 1739 581 1766 πολλαὶ
609 1740 738 1774 γυναῖκες
757 1738 797 1765 ἐνὶ
820 1736 925 1773 ἑταιρία

120 1785 214 1819 ζονται
228 1785 314 1822 ἀνδρί.

157 1925 214 1952 Καὶ
227 1926 294 1952 πᾶσι
308 1926 364 1958 τοῖς
377 1924 502 1961 πατρίοις
516 1925 551 1952 τὰ
573 1923 636 1959 ἔθνη
654 1923 747 1958 ὥσπερ
760 1922 835 1958 νόμῳ
851 1930 925 1949 στοι-

120 1971 216 2008 χοῦσιν
235 1971 357 2003 ἁδάκνως
382 1972 430 1998 καὶ
461 1971 579 2003 ἀπόνως.
604 1969 750 2005 Ἀμαζόνες
775 1970 803 1996 δὲ
822 1969 923 2004 ἄνδρας

119 2017 172 2043 οὐκ
190 2017 296 2051 ἔχουσιν
306 2024 313 2031 ·
329 2016 386 2043 ἀλλ’
402 2017 441 2048 ὡς
461 2016 495 2043 τὰ
507 2016 592 2050 ἄλογα
608 2015 675 2048 ςῶα,
693 2015 766 2048 ἅπαξ
782 2014 828 2041 τοῦ
845 2014 923 2047 ἔτους

121 2063 188 2098 περὶ
201 2064 252 2098 τὴν
266 2062 407 2098 ἐαρινικὴν
424 2063 480 2098 (55)
507 2062 653 2098 ἰσημερίαν
677 2061 818 2097 ὑπερόριοι
833 2061 924 2095 γίνον-

119 2117 178 2139 ται,
194 2109 357 2144 μισγόμεναι
371 2110 427 2141 τοῖς
449 2108 604 2143 γειτνιῶσιν
627 2107 765 2143 ἀνδράσιν,
786 2104 842 2133 οἷον
859 2115 926 2134 παν-

120 2154 221 2191 ήγυρίν
237 2163 297 2181 τινα
310 2155 357 2181 κα)⁸
367 2155 463 2190 ἑορτὴν
473 2155 518 2181 τὸν
528 2154 623 2190 καιρὸν
631 2153 681 2189 τῆς
695 2152 830 2189 ἑταιρείας
841 2152 925 2188 ἡγού-

123 2208 214 2236 μεναι.
237 2200 281 2233 Ἐξ
295 2197 333 2226 ὧν
348 2199 420 2226 κατὰ
435 2199 553 2234 γαστρὸς
568 2198 708 2234 φέρουσαι,
725 2197 923 2233 παλινδρομοῦ-

122 2254 166 2273 σιν
180 2247 271 2273 οἴκαδε
285 2246 344 2281 ἅμα
357 2247 452 2272 πᾶσαι.
469 2245 515 2280 Τῷ
527 2245 555 2271 δὲ
567 2244 656 2280 καιρῷ
670 2244 720 2279 τῆς
733 2245 932 2279 ἀποκυήσεως,

120 2290 168 2317 τόν
195 2291 244 2325 μὲν
268 2291 372 2326 ἄρρενα
389 2291 542 2326 φθείρουσι,
564 2290 595 2317 τὸ
620 2291 649 2317 δὲ
672 2290 739 2326 θῆλυ
762 2289 925 2324 ζωογονοῦσι

121 2337 171 2363 καὶ
184 2336 339 2372 τιθηνοῦσιν
359 2337 507 2372 ἐπιμελῶς.
526 2337 644 2363 Ἄτοπον
666 2336 695 2363 δὲ
717 2335 861 2362 πιστεῦσαι
880 2336 928 2362 ἐπὶ

123 2383 174 2418 μὲν
200 2384 233 2418 τῇ
261 2382 316 2408 τῶν
343 2383 468 2419 ἀρρένων
493 2384 584 2418 σπορᾷ
610 2383 696 2418 Ἀρεα
723 2382 792 2418 μετὰ
821 2382 927 2417 Κρόνου

121 2429 169 2455 ἐπὶ
180 2429 228 2462 τῆς
243 2428 317 2464 ὧρας
333 2428 479 2465 ἰσομοίρως
502 2430 611 2465 τυχεῖν,
631 2429 678 2455 ἐπὶ
702 2429 731 2455 δὲ
751 2428 798 2455 τοῦ
821 2427 924 2464 θήλεως

120 2474 262 2502 οῆδέποτε.
281 2474 336 2500 Καὶ
354 2474 412 2505 πῶς
435 2474 465 2501 ὲν
487 2473 527 2509 τῷ
549 2473 621 2509 αὐτῷ
636 2472 800 2508 νυχθημέρῳ
814 2473 925 2500 πάντων

121 2521 153 2547 ὲν
181 2521 240 2552 ταῖς
264 2519 478 2555 ὐποδεξαμέναις
508 2519 750 2555 καταϐληθέντων,
783 2519 829 2546 κα)⁵
855 2518 923 2554 ὁμοῦ

122 2566 205 2593 πάλιν
220 2566 258 2598 ὡς
275 2567 307 2592 ὲκ
324 2567 389 2601 μιᾶς
405 2566 501 2601 νηδύος
514 2565 734 2602 προερχομένων,
748 2565 783 2592 τὰ
803 2565 852 2600 μὲν
867 2566 924 2592 δια·

122 2613 274 2647 φθείρεται,
290 2612 337 2640 τοῦ
353 2613 411 2649 ἅμα
426 2613 482 2648 (54)
495 2612 542 2639 τοῦ
559 2613 617 2648 βίου
636 2611 796 2647 γεύσασθαι,
810 2612 856 2638 καὶ
872 2612 924 2638 ὑπὸ

121 2658 177 2686 τῶν
198 2659 348 2694 μιαιφόνων
361 2659 551 2694 θανατούμενα
575 2659 627 2695 πρὸ
647 2659 692 2685 τοῦ
720 2659 823 2684 σπᾶσαι
842 2658 923 2692 γάλα,

122 2705 140 2740 ἤ
158 2705 237 2740 ῥῆξαι
253 2706 362 2741 φωνήν·
382 2705 417 2732 τὰ
437 2705 465 2732 δὲ
488 2705 672 2739 ζωογονεῖται,
691 2705 738 2731 καὶ
764 2704 924 2739 περιέπεται

122 2752 153 2779 δν
165 2753 223 2784 τοῖς
247 2752 357 2787 ἀνόμοις
378 2752 489 2784 κόλποις
510 2751 544 2778 τὰ
561 2752 634 2778 κακὰ
649 2751 845 2786 ὲνσκαίροντα;
863 2751 925 2782 Πῶς

160 2820 217 2851 (5|)
235 2819 318 2853 Παρὰ
327 2819 451 2853 Γήλίιις.
469 2819 639 2850 Bardesanes
653 2820 727 2853 παρὰ
737 2820 839 2850 Γέλοις,
853 2818 922 2850 apud

124 2854 213 2883 Calor.

163 2891 217 2927 r52}
227 2889 497 2926 Ιίακοδαιμοιόῦσι.
505 2887 586 2919 Forte
595 2889 835 2927 κακοδαιμστῖιύςῃ.
843 2889 921 2917 Enn.

825 121 999 151 MALOGUS
1017 121 1050 149 ll.

1705 115 1759 145 932

967 185 1033 205 suos
1046 177 1148 205 liberos
1163 176 1302 205 insaniant
1315 183 1416 212 eosque
1428 173 1560 210 polluant.
1574 174 1607 201 Et
1622 174 1644 201 si
1664 174 1756 208 procul

968 231 983 251 a
999 223 1087 259 patria
1100 224 1170 257 sint,
1185 223 1242 251 suis
1254 226 1368 250 utuntur
1382 221 1503 257 legibus,
1517 225 1611 256 aperte
1624 224 1651 248 et
1669 220 1757 254 priva.

968 270 1015 297 tim
1031 269 1172 297 admoniti.
1191 268 1231 296 Ex
1247 268 1348 304 quibus
1373 267 1459 302 aliqui
1481 266 1633 295 etiamnum
1657 265 1759 300 degunt

968 317 1038 343 inter
1053 315 1145 343 Medos
1158 319 1186 342 et
1198 314 1314 342 Parthos
1325 334 1332 346 ,
1344 318 1372 342 et
1386 312 1519 340 Elamitas
1532 332 1539 346 ,
1557 315 1585 338 et
1600 311 1741 346 A‘Igyptios
1751 330 1758 341 ,

969 362 1040 388 inter
1056 360 1175 396 Phryges
1192 364 1219 387 et
1236 360 1364 391 Galatas,
1383 359 1410 385 in
1434 357 1599 394 quibusdam
1617 357 1695 392 pagis
1709 356 1760 383 im-

967 408 1011 442 pie
1026 407 1165 440 viventes,
1183 406 1292 434 etiamsi
1315 412 1454 440 nunquam
1479 403 1570 432 Venus
1594 411 1656 431 cum
1679 399 1755 429 Luna

969 454 996 480 in
1013 452 1112 480 ﬁnibus
1125 457 1152 480 et
1169 452 1358 480 mansionibus
1375 450 1504 482 Saturni,
1520 450 1667 485 adjuvante
1685 448 1758 475 Mar<

968 502 996 526 te
1006 519 1013 531 ,
1026 499 1054 525 in
1067 498 1188 525 omnium
1199 498 1321 533 ipsorum
1334 496 1524 525 nativitalibus
1535 494 1653 522 inveniri
1664 497 1758 529 queat.

968 546 1028 572 Alia
1044 545 1106 572 item
1127 545 1197 580 apud
1212 544 1293 572 Gelas
1311 538 1371 576 lc'x,
1390 548 1419 570 ut
1437 543 1565 569 mulieres
1592 548 1673 576 agros
1696 539 1760 574 qui-

968 591 1030 619 dem
1050 591 1145 618 colant
1165 594 1192 617 et
1215 590 1350 617 aediﬁcent
1375 592 1401 616 ct
1420 595 1503 623 opera
1524 587 1613 614 virilia
1636 585 1758 617 faciant,

969 636 1017 663 sed
1032 634 1256 663 consuetudinem
1272 634 1391 662 habeant
1404 640 1466 660 cum
1488 632 1698 667 quibuscunque
1714 638 1761 657 ve-

968 682 1020 710 lint
1049 681 1221 717 peregrinis,
1248 681 1323 708 nulla
1349 680 1536 715 increpatione
1562 679 1685 705 virorum
1713 677 1761 712 qui

969 728 1036 763 ipsis
1062 731 1201 763 prmsunt,
1220 734 1309 762 neque
1331 725 1506 754 aemulatione
1528 724 1676 760 impeditae.
1700 723 1761 750 Non

969 778 1112 809 unguntur
1126 778 1218 801 autem
1233 772 1420 807 odoramentis
1431 791 1439 804 ,
1454 779 1543 806 neque
1558 771 1621 798 fuco
1643 770 1671 797 in
1691 769 1762 796 facie

969 819 1139 851 inﬁciuntur,
1157 822 1186 844 ut
1200 825 1284 853 genas
1299 817 1429 853 pingant,
1444 815 1673 852 quemadmodum
1688 815 1762 850 apud

969 873 1020 894 nos
1037 872 1137 893 uxores
1146 865 1312 899 alienaequae
1327 863 1406 891 faciei
1421 862 1621 890 medicamenta
1636 861 1761 897 quaedam

969 906 1109 939 adhibent.
1137 910 1197 939 Viri
1221 917 1287 938 vero
1311 909 1465 937 induuntur
1489 908 1523 936 ad
1539 908 1623 944 pedes
1639 907 1761 935 demissa

969 961 1045 986 veste
1067 957 1160 990 molli,
1186 960 1214 984 et
1240 956 1327 984 tincto
1346 955 1460 983 amictu.
1488 954 1558 982 Sunt
1579 958 1672 982 autem
1689 955 1762 981 inter

970 1003 1044 1039 ipsas
1057 1002 1140 1030 etiam
1155 1001 1391 1034 bellicosissimas,
1406 1005 1434 1029 et
1448 1003 1585 1027 venantur
1598 999 1687 1032 feras,
1701 998 1766 1034 quia

970 1051 1021 1078 bus
1036 1050 1081 1077 vix
1099 1049 1160 1077 aliae
1184 1053 1250 1077 sunt
1275 1048 1416 1077 fortiores.
1438 1047 1583 1081 Quomodo
1604 1046 1689 1082 igitur
1709 1054 1767 1074 non

969 1103 1066 1123 omnes
1091 1095 1219 1123 Gelarum
1243 1095 1374 1122 mulieres
1396 1093 1502 1121 sortitas
1527 1097 1593 1120 sunt
1618 1091 1765 1126 Capricor-

970 1150 1034 1170 num
1045 1161 1053 1174 ,
1069 1145 1117 1169 aut
1132 1141 1282 1176 Aquarium
1292 1161 1300 1173 ,
1317 1139 1441 1168 inlausto
1456 1140 1517 1166 loco
1530 1138 1620 1174 posita
1635 1137 1743 1165 Venere
1753 1138 1766 1164 2

970 1189 1024 1216 Aut
1039 1188 1098 1216 vice
1111 1195 1190 1217 versa
1203 1195 1252 1215 cur
1267 1194 1323 1214 non
1335 1185 1530 1222 ipsorummviri
1548 1184 1639 1213 sortiti
1654 1187 1720 1212 sunt
1735 1184 1763 1211 in

970 1235 1062 1262 Ariete
1076 1242 1138 1262 cum
1154 1234 1241 1262 Marte
1256 1232 1407 1264 Venerem.
1434 1231 1483 1260 ubi
1505 1230 1600 1259 viriles
1622 1235 1649 1257 et
1668 1230 1764 1258 molles

971 1281 1048 1309 aiunt
1059 1288 1120 1309 esse
1131 1300 1139 1312 ,
1150 1281 1197 1316 qui
1210 1287 1272 1308 cum
1284 1278 1420 1307 Chaldaeis
1434 1277 1578 1306 sentiunt?
1590 1277 1764 1313 Babylonicis

971 1331 1064 1356 autem
1080 1327 1161 1355 Susis
1176 1326 1308 1354 mulieres
1321 1325 1411 1353 omnis
1425 1324 1535 1360 generis
1551 1328 1692 1360 unguento
1705 1331 1767 1359 pre-

972 1375 1059 1405 tioso,
1075 1377 1104 1402 et
1120 1377 1220 1401 ornatu
1236 1375 1362 1403 utuntur,
1380 1370 1514 1398 ministris
1532 1369 1675 1398 instructm
1691 1369 1767 1396 hila-

971 1421 1038 1448 riter
1050 1420 1078 1448 in
1093 1419 1232 1455 publicum
1249 1417 1421 1454 procedunt,
1439 1425 1502 1445 cum
1519 1416 1691 1444 immodestia
1708 1416 1768 1444 vul-

972 1470 1017 1494 tus
1027 1470 1054 1493 el
1065 1465 1202 1492 hilaritate
1209 1471 1318 1499 magna.
1328 1464 1396 1492 Cum
1403 1463 1532 1491 omnibus
1543 1461 1643 1490 eaedem
1655 1461 1768 1490 advenis

977 1513 1080 1547 absque
1096 1511 1196 1538 timore
1211 1515 1238 1538 et
1253 1509 1361 1546 pudore
1377 1509 1581 1541 concumbunt,
1598 1508 1767 1543 imperantes

975 1559 1067 1594 potius
1085 1557 1204 1592 propriis
1220 1555 1298 1584 viris.
1316 1554 1409 1591 Neque
1424 1559 1517 1583 tamen
1532 1555 1561 1582 in
1578 1553 1652 1582 omni
1669 1554 1770 1581 nativi-

975 1607 1032 1630 tate
1045 1603 1176 1630 Susidum
1198 1602 1344 1630 mulierum
1356 1622 1363 1633 .
1378 1601 1498 1629 medium
1512 1601 1573 1629 ωειί
1588 1608 1650 1628 cum
1663 1598 1730 1628 Jove
1741 1603 1770 1627 et

976 1648 1062 1677 Marte
1077 1649 1104 1676 in
1121 1648 1223 1677 ﬁnibus
1235 1647 1311 1676 Iovis
1324 1647 1417 1675 Venus
1431 1650 1516 1674 tenet.
1532 1647 1562 1674 In
1576 1646 1703 1674 orientali
1719 1653 1770 1673 au-

975 1699 1030 1722 tem
1047 1694 1124 1730 plaga
1142 1694 1299 1729 paedicones
1315 1697 1399 1726 sunt,
1419 1692 1467 1728 qui
1485 1692 1559 1728 apud
1577 1692 1767 1724 Christianos.

974 1741 998 1768 si
1021 1740 1260 1775 deprehendantur
1287 1739 1322 1768 ab
1344 1739 1413 1775 ipsis
1433 1739 1666 1774 consanguineis,
1692 1738 1769 1765 nullo

975 1791 1123 1823 parcente,
1140 1785 1276 1821 supplicio
1293 1785 1460 1812 adiciuntur.
1485 1784 1515 1812 In
1539 1784 1684 1812 Britannia
1707 1784 1770 1819 plu-

974 1832 1037 1860 rimi
1050 1831 1100 1858 viri
1117 1839 1179 1858 cum
1195 1831 1278 1858 unica
1294 1830 1483 1858 concumbunt
1498 1829 1623 1857 muliere.
1636 1828 1770 1856 Similiter

973 1883 1001 1906 et
1014 1879 1106 1905 multa:
1122 1877 1252 1905 mulieres
1270 1877 1317 1904 uni
1329 1876 1483 1912 junguntur
1498 1876 1567 1903 viro.

1009 1925 1132 1953 Utuntur
1148 1924 1268 1959 denique
1281 1923 1378 1958 patriis
1400 1923 1523 1950 moribus
1545 1926 1659 1958 gentes,
1683 1921 1769 1949 veluti

974 1970 1033 2006 lege
1043 1990 1050 2002 ,
1067 1970 1137 1997 citra
1153 1977 1276 1997 morsum
1290 1969 1375 1996 animi
1390 1973 1418 1995 et
1432 1967 1596 1994 molestiam.
1614 1969 1768 1994 Amazones

974 2025 1008 2045 ne
1025 2017 1099 2044 viros
1116 2015 1226 2051 quidem
1243 2015 1361 2046 habent,
1381 2014 1429 2041 sed
1444 2014 1603 2041 animalium
1621 2014 1767 2040 brutorum

974 2063 1029 2090 ritu
1045 2062 1131 2090 semel
1147 2062 1175 2089 in
1191 2068 1266 2088 anno
1279 2061 1354 2088 circa
1369 2067 1484 2087 vernum
1500 2059 1694 2095 aequinoctium
1709 2060 1770 2087 suis

975 2108 1075 2136 ﬁnibus
1087 2115 1222 2143 egressae,
1240 2111 1270 2134 et
1293 2114 1356 2134 cum
1378 2106 1447 2133 viris
1462 2105 1510 2140 qui
1535 2109 1601 2133 sunt
1623 2105 1651 2132 in
1667 2105 1769 2132 vicinia

974 2158 1124 2186 coeuntes,
1147 2153 1228 2189 quasi
1254 2157 1420 2181 conventum
1447 2152 1565 2187 aliquem
1581 2152 1721 2187 publicum
1741 2157 1770 2179 et

975 2200 1075 2229 festum
1091 2204 1199 2235 tempus
1214 2198 1241 2226 id
1255 2198 1347 2226 coitus
1370 2198 1485 2226 ducunt.
1510 2197 1549 2226 Ex
1577 2198 1678 2233 quibus
1694 2202 1769 2232 post-

975 2254 1057 2283 quam
1070 2250 1243 2282 praegnantes
1257 2245 1336 2273 factae
1349 2249 1415 2273 sunt
1425 2265 1433 2276 ,
1445 2244 1558 2272 domum
1576 2243 1657 2275 simul
1670 2250 1769 2271 omnes

975 2296 1111 2320 remeant.
1128 2291 1264 2326 Tempore
1278 2297 1344 2319 vero
1361 2294 1489 2326 partuum
1506 2288 1690 2321 edendorum,
1706 2296 1772 2324 pro-
1798 2307 1801 2310 -

976 2339 1030 2366 lem
1045 2338 1158 2372 quidem
1173 2336 1324 2364 masculam
1345 2335 1524 2368 interimunt,
1548 2334 1685 2362 femellam
1705 2342 1771 2362 vero

977 2387 1146 2412 conservant
1169 2388 1197 2411 et
1222 2383 1324 2410 lactant
1341 2385 1479 2409 accurate.
1504 2380 1663 2408 Absurdum
1678 2383 1771 2408 autem

979 2435 1022 2459 est
1033 2430 1162 2462 credere,
1180 2429 1208 2457 in
1226 2429 1406 2464 conceptione
1426 2427 1537 2463 quidem
1559 2427 1707 2467 masculini
1728 2435 1772 2454 se-

979 2477 1061 2504 minis
1079 2476 1192 2504 Martem
1206 2483 1270 2503 cum
1288 2474 1408 2502 Saturno
1422 2481 1455 2502 ea
1470 2474 1538 2501 hora
1551 2473 1696 2508 aequaliter
1710 2480 1772 2500 sor-

978 2524 1042 2556 tiri,
1062 2524 1090 2551 in
1108 2523 1234 2551 feminini
1257 2527 1347 2549 autem
1372 2528 1525 2556 nunquam.
1548 2520 1610 2553 Quo
1624 2519 1772 2554 calet-equi

978 2574 1058 2604 pacto
1074 2569 1101 2596 in
1114 2569 1210 2596 eodem
1224 2568 1312 2595 noctis
1327 2567 1414 2595 dieive
1427 2569 1568 2594 momento
1579 2564 1731 2593 seminibus
1744 2565 1771 2591 in

978 2615 1055 2641 alvos
1071 2613 1242 2648 excipientes
1253 2612 1336 2647 jactis
1347 2633 1354 2646 ,
1371 2619 1525 2646 rursusque
1543 2610 1626 2638 simul
1641 2609 1723 2645 quasi
1737 2616 1773 2636 ex

982 2660 1077 2688 eodem
1093 2664 1171 2687 utero
1185 2659 1426 2694 progredientibus
1437 2678 1445 2690 ,
1460 2658 1506 2684 alii
1521 2656 1632 2692 quidem
1648 2656 1720 2684 [etus
1733 2656 1773 2682 in-

979 2707 1156 2738 terimuntur,
1171 2706 1254 2733 simul
1269 2710 1350 2740 atque
1364 2705 1448 2732 vitam
1463 2704 1663 2738 degustarunt,
1676 2701 1711 2729 ab
1723 2701 1773 2729 ho-

979 2754 1086 2782 micidis
1102 2753 1236 2781 matribus
1254 2753 1307 2779 leto
1320 2751 1395 2784 dati,
1410 2754 1559 2785 antequam
1576 2750 1622 2776 lac
1637 2749 1771 2778 traxerint

1012 2822 1067 2856 (ὕό)
1091 2820 1271 2856 Ἐίιρινικήζ-
1291 2819 1373 2856 Forte
1392 2819 1513 2856 ἐαρινὴν.
1526 2816 1568 2856 ll).

1013 2851 1069 2893 (534)
1088 2851 1148 2884 Tui;
1164 2851 1328 2892 £i1m£Forte
1342 2854 1379 2891 τῷ
1466 2851 1507 2882 vel
1525 2853 1582 2890 ἅμα
1595 2851 1645 2889 τῷ.
1664 2851 1703 2882 in.
1731 2876 1734 2880 ,
