1907 3043
87 202 120 229 cl
136 200 166 228 δι
184 200 386 236 περιστατικαὶ,
397 200 504 236 ἀνάγκῃ
517 201 563 228 ἐπὶ
575 200 607 227 τὺ
625 201 748 236 κρεῖττον
763 200 883 236 χωροῦν-

89 254 137 278 τος
148 245 196 272 τοῦ
211 245 378 280 ζητουμένου
392 245 446 272 ὑπὸ
461 245 517 272 τῶν
530 245 631 281 νόμων.

822 142 993 171 DIALOGUS
1011 140 1043 170 ll.

1671 139 1724 167 986

937 204 1000 229 ante
1009 220 1017 233 ,
1031 199 1122 236 quivis
1135 199 1279 227 hominum
1293 207 1352 228 sua
1365 199 1433 237 legis
1446 200 1573 230 libertate
1584 200 1681 230 utitur.
1697 203 1727 227 et

935 253 997 281 quae
1009 253 1042 274 ex
1055 245 1138 274 astris
1149 245 1301 274 secundum
1313 245 1425 275 Gmcos
1436 245 1562 275 fabulose
1571 247 1635 274 ﬂeta
1648 249 1726 281 sunt,

91 296 205 326 propter
217 291 307 326 legum
320 295 423 318 metum
438 290 542 318 omittit
551 311 559 324 ,
573 294 621 318 aut
634 295 747 326 propter
760 290 989 318 consuetudinem
1009 290 1123 326 patriam
1140 290 1230 325 gentis
1245 298 1262 318 a
1275 291 1349 320 vitiis
1361 291 1491 321 abstinet.
1505 291 1575 320 Nam
1589 292 1723 320 virtutum

90 337 152 364 alia
166 339 232 364 sunt
246 343 280 363 ex
293 335 387 363 libera:
401 335 554 363 voluntatis
569 335 721 368 electione,
737 335 798 363 alite
813 343 878 364 vero
893 342 926 363 ex
942 334 1159 364 circumstantiis
1173 334 1234 371 ejus
1248 335 1296 371 qui
1312 336 1476 365 necessitate
1490 341 1604 366 coactus
1618 336 1724 365 accedit

89 382 125 410 ad
142 381 259 414 melius,
275 385 369 416 utpote
389 381 495 416 legibus
513 380 552 408 ita
568 381 761 416 poscentibus.

388 438 514 466 ΠΕΥΣΙΣ
537 439 589 466 Pl'.

132 496 202 523 Ἀλλ’
219 495 290 523 ἑπτά
311 495 397 523 ὄντων
419 496 454 531 τῇ
475 495 582 530 γενέσει
601 495 680 531 ἡμῶν
697 495 886 532 ἀνακειμένων

88 543 225 579 ἀστέρων,
238 543 279 574 είς
295 542 366 569 ὲπτά
378 542 493 578 λέγομεν
506 542 626 578 κλίματα
641 542 692 578 τὴν
707 543 761 579 γῆν
771 543 887 580 διαιρεῖ-

90 587 165 620 σθαι,
194 587 243 615 καὶ
269 587 402 623 ἄρχεσθαι
423 587 540 614 ἕκαστον
565 587 651 622 κλῖμα
675 587 720 623 ὑφ’
747 587 807 620 Mc
830 589 886 616 τῶν

88 633 224 669 ἀστέρων,
239 634 287 660 καὶ
302 633 372 669 πρὸς
388 633 500 660 ἐκείνων
515 632 676 668 συμπλοκὰς
693 633 819 668 ἀγεσθαι,
839 635 887 661 καὶ

88 679 281 706 ἀταπελεϊσθαι
294 680 359 712 τοὺς
371 680 541 716 ἀρχομένους
550 689 557 696 ·
572 680 640 717 ὅπερ
654 680 737 716 νόμον
752 681 823 715 τινὲς
836 681 886 718 τὴν

87 725 136 753 τοῦ
151 725 253 763 ἄστρου
270 725 412 761 ἐνέργειαν
424 725 559 760 λέγουσιν.

401 772 582 807 Ἀπόκρισις.

122 818 180 846 Καὶ
205 818 266 850 πῶς
288 819 313 845 εί
335 818 460 854 ἑπταχῶς
478 818 621 855 διαιρεῖται
641 819 659 854 ἡ
675 818 832 854 οἰκουμένη,
853 819 884 845 ἐν

88 865 140 900 μιᾷ
151 864 240 901 μερίδι
249 864 363 896 πολλοὺς
375 865 422 891 καὶ
432 864 576 901 διαφόρους
589 865 688 900 νόμους
702 865 882 902 εὐρίσκομεν;

86 911 135 938 καὶ
153 910 219 938 οὔτε
244 911 314 938 ἐτττά
337 910 417 945 μόνον
432 910 503 938 κατά
531 911 594 943 τοὺς
614 911 743 946 ἀστέρας,
758 910 820 938 οὕτε
843 910 885 943 δὶς

85 956 118 990 ἒξ
130 956 203 984 κατά
213 957 279 988 τοὺς
292 955 422 988 ζωδικοὺς
436 957 504 991 (58),
518 956 573 983 οὐδ’
588 954 622 984 αὖ
642 956 723 984 πάλιν
736 956 884 993 τριάκοντα

84 1002 117 1034 ἒξ
133 1001 207 1029 κατά
215 1002 280 1033 τοὺς
294 1000 422 1033 ὼκάνους
439 1001 508 1036 (59).
519 1000 588 1028 ἀλλὰ
601 1000 691 1037 μυρίοι
705 999 885 1036 μνημονεύον-

84 1057 132 1075 ται
152 1047 241 1083 νόμοι¹
261 1046 346 1074 πάλαι
362 1047 553 1083 ἀμειφθέντες,
573 1047 620 1073 καὶ
634 1045 683 1073 νῦν
704 1046 881 1082 ὑπάρχοντες.

85 1094 151 1125 Πῶς
166 1092 195 1120 δὲ
211 1093 241 1120 ὲν
253 1092 345 1128 ταυτῷ
359 1094 483 1128 τμήματι
505 1092 569 1123 τοὺς
591 1091 817 1127 ἀνθρωποὸόρους
832 1091 883 1118 Ἰν-

83 1139 158 1171 δοὺς,
174 1139 222 1165 καὶ
235 1139 300 1170 τοὺς
313 1137 444 1174 ἐμψύχων
463 1137 511 1164 καὶ
525 1137 616 1173 θοίνης
629 1137 737 1173 ἀπάσης
751 1136 885 1172 ἀπεχομέ-

82 1193 149 1217 νους
173 1184 348 1220 Βραχμαίους
374 1183 515 1215 οἰκοῦντας
529 1182 655 1219 ὸρῶμεν;
680 1183 739 1215 πῶς
764 1183 793 1209 δὲ
813 1184 838 1210 οἱ
854 1183 884 1210 ὲν

82 1231 228 1258 Βαϐυλῶνι
250 1231 311 1257 ὅποι
331 1230 353 1257 δ’
373 1230 407 1257 ἂν
432 1230 571 1264 γίνωνται,
598 1231 631 1265 τῇ
658 1228 807 1265 μιαιγαμίᾳ
829 1229 883 1256 τῶν

80 1277 215 1312 ὁμαίμων
231 1275 391 1312 παροινοῦσι
403 1285 411 1310 ;
430 1275 488 1308 πῶς
501 1276 523 1303 δ’
535 1276 564 1302 ἐν
575 1275 661 1311 ἑτέρῳ
670 1276 795 1311 τμήματι
806 1275 883 1307 ὄντες

79 1324 109 1349 οι
125 1322 278 1357 Σκλαυηνοὶ
292 1322 339 1348 καὶ
358 1322 519 1353 Φυσωνῖται,
535 1323 559 1349 oi
574 1321 622 1349 καὶ
642 1321 783 1348 Δανούὸιοι
797 1330 884 1357 προσ-

81 1368 292 1404 αγορευόμενοι,
319 1369 345 1394 oi.
368 1368 417 1404 μὲν
438 1367 769 1403 γυναικομαστοῶροῦσιν
785 1367 881 1403 ἡδέως,

79 1416 129 1443 διὰ
142 1415 173 1442 τὺ
186 1413 383 1451 πεπληρῶσθαι
398 1413 445 1441 τοῦ
465 1414 612 1448 γάλακτος,
630 1413 706 1449 μυῶν
720 1413 800 1450 δίκην
819 1414 883 1446 τοὺς

81 1461 248 1494 ὁποτίτθους
270 1462 333 1493 ταῖς
354 1461 469 1497 πέτραις
495 1460 710 1496 ὲπαράττοντες*
734 1460 759 1486 οι
782 1459 812 1486 δὲ
835 1459 884 1486 καὶ

80 1508 135 1543 τῆς
152 1507 274 1542 νομίμης
285 1507 332 1534 καὶ
344 1506 507 1542 ἀδιαδλήτου
530 1505 700 1542 κρεωδορίας
714 1505 881 1541 ἀπέχονται;

81 1553 133 1580 καὶ
144 1553 171 1580 οι
186 1552 237 1588 μὲν
256 1552 425 1588 ὑπάρχουσιν
452 1551 587 1584 αὐθάδεις,
612 1551 767 1587 αὐτόνομοι,
781 1551 882 1586 ἀνηγε-

82 1599 222 1635 μόνευτοι,
235 1598 354 1634 συνεχῶς
369 1597 554 1634 ἀναιροῦντες,
571 1597 773 1633 συνεσθιόμενοι
786 1596 803 1633 ἦ
822 1605 883 1624 συν-

80 1645 234 1677 οδεύοντες,
249 1645 304 1672 τῶν
316 1644 391 1680 σφῶν
401 1644 525 1680 ἡγεμόνα
538 1645 585 1672 καὶ
597 1644 725 1680 ἄρχοντα,
736 1643 883 1675 ἀλώπεκας

81 1691 132 1717 καὶ
148 1691 199 1722 τὰς
212 1689 360 1726 ὲνδρύμους
370 1689 474 1722 κάττας
486 1689 533 1716 καὶ
549 1690 657 1725 μονιοὺς
673 1688 820 1720 ἐσθίοντες,
834 1687 883 1715 καὶ

79 1739 116 1774 τῇ
134 1737 227 1764 λύκων
248 1737 343 1772 ὠρυγῇ
370 1736 440 1771 σφᾶς
467 1735 717 1772 προσκαλούμενον
734 1736 759 1762 οί
782 1735 812 1762 δὲ
835 1735 883 1762 καὶ

81 1783 255 1818 ἀδδηφαγίας
270 1782 428 1818 ἀπέχονται,
442 1782 489 1809 καὶ
512 1781 552 1818 τῷ
573 1781 682 1818 τυχόντι
698 1780 883 1816 ὑποταττόμε-

80 1837 125 1856 vo:
139 1828 190 1855 καὶ
208 1828 365 1861 ὑπείκοντες
374 1837 383 1862 ;

117 1927 176 1955 Καὶ
201 1926 284 1959 πολὺς
304 1927 319 1953 ό
339 1926 420 1962 λόγος
442 1926 507 1962 περὶ
522 1927 749 1963 Λογγουδάρδων,
766 1927 813 1954 καὶ
829 1926 883 1954 N6-

82 1983 150 2010 ρων,
162 1973 211 2000 καὶ
223 1973 332 2000 Γάλλων
352 1973 407 2000 τῶν
424 1973 571 2009 ἐσπερίων,
587 1972 642 2000 τῶν
661 1973 814 2009 Ἐρμαῖκῆς
834 1973 882 2000 καὶ

79 2019 224 2055 Κρονικῆς
238 2018 425 2054 ἀμοιρούντων
436 2019 591 2055 ἐπιστήμης
601 2018 655 2045 τῶν
669 2018 786 2054 ἄστρων.
799 2018 882 2045 Πόσοι

80 2064 207 2100 βασιλεῖς
222 2065 269 2092 καὶ
283 2065 412 2100 ἄρχοντες
428 2065 590 2100 παρήγαγον
604 2064 668 2096 τοὺς
681 2063 776 2096 κακῶς
788 2064 881 2100 κειμέ-

79 2110 147 2141 νοὺς
162 2109 273 2145 νόμους,
290 2109 366 2136 αὐτοὶ
380 2109 412 2136 τὸ
436 2108 533 2136 δοκοῦν
559 2109 783 2145 νομοθετοῦντεςί
810 2109 828 2145 ἢ
846 2106 880 2137 αὖ

79 2155 167 2183 πάλιν
179 2155 244 2186 τοὺς
259 2153 417 2190 κρείττονας
431 2155 457 2181 οἱ
472 2154 588 2181 ἐναντίοι
602 2154 757 2187 ἀπώσαντο,
773 2154 819 2181 ὑπ’
832 2154 880 2181 οὑ‹

78 2200 159 2234 δενδς
172 2199 229 2227 τῶν
241 2200 349 2236 ἄστρων
361 2200 430 2236 πρὸς
443 2200 477 2226 τά
488 2200 633 2236 αἱρεθέντα
644 2200 798 2236 εἰργόμενοι
809 2201 815 2227 !
834 2201 883 2227 ’Ἑν

77 2246 109 2273 δὲ
121 2245 209 2280 φάναι
226 2244 366 2282 βούλομαι.
381 2245 396 2272 ὃ
412 2246 458 2272 καὶ
471 2245 525 2272 τῶν
537 2245 659 2272 ἀπίστων
675 2245 783 2273 πάντων
795 2245 883 2281 ἀττορ-

78 2290 166 2326 ράψει
190 2289 224 2316 τὰ
248 2289 386 2325 στόματα·
408 2289 529 2316 Ἰουδαῖοι
555 2289 655 2321 πάντες
674 2289 719 2316 τὸν
740 2289 784 2317 διά
802 2290 884 2316 Μωῦ-

77 2336 156 2367 σέως
168 2335 312 2370 δεξάμενοι
324 2335 416 2370 νόμον,
432 2336 487 2362 πᾶν
498 2335 582 2371 ἄρρεν
604 2335 712 2370 λογικὸν
729 2335 822 2367 αὐτοῖς
840 2343 884 2369 γι-

75 2383 198 2418 νόμενον
216 2383 250 2418 τῇ
265 2381 346 2418 ὀγδόῃ
362 2381 454 2418 ἡμέρᾳ
465 2381 675 2417 περιτέμνοντες
694 2382 881 2418 αίμάττουσιψ

75 2429 137 2457 ἀπὸ
156 2428 186 2455 δὲ
212 2427 260 2454 τοῦ
278 2428 386 2462 αἰῶνος,
415 2428 503 2461 οὐδεὶς
521 2427 655 2464 Ἐλλήνων
675 2428 692 2464 ἢ
713 2428 883 2464 Χριστιανῶν

75 2474 238 2511 περιτομὴν
253 2473 375 2507 ἐδέξατο·
395 2474 530 2501 πλείστων
551 2473 686 2502 Ἰουδαίων
712 2474 760 2500 καὶ
782 2474 884 2510 Ἐλλή-

74 2530 135 2547 νων
153 2519 202 2546 καὶ
223 2519 393 2555 Χριστιανῶν
416 2520 487 2547 κατά
512 2520 576 2552 τοὺς
600 2521 700 2552 αὐτοὺς
726 2521 814 2557 μῆνας
836 2522 884 2549 καὶ

73 2565 235 2600 ἑϐδομάδας
248 2566 295 2592 καὶ
310 2566 419 2602 ἡμέρας
439 2567 486 2594 καὶ
500 2566 575 2603 ὧρας
590 2568 777 2603 γεννωμένων,
797 2568 884 2604 ’Λρης

73 2613 92 2648 ἢ
112 2611 226 2647 Ἐρμῆς
240 2612 256 2647 ἢ
270 2612 379 2648 Κύπρις
392 2613 408 2649 ἢ
424 2613 438 2639 δ
453 2613 547 2645 λοιπὸς
565 2613 701 2649 Ἑλλήνων
714 2614 808 2649 μῦθος,
824 2614 884 2646 ἑνὸς

73 2658 185 2686 κύκλου
204 2658 417 2695 ἐμπεριέχοντος
444 2660 479 2686 τά
502 2659 601 2693 πάντα,
627 2661 674 2686 καὶ
697 2660 811 2696 μηδενὸς
827 2660 881 2687 ὑπὸ

72 2704 207 2740 ἀστέρων
233 2704 406 2741 βιαζομένου.
431 2706 469 2733 Οὐ
500 2706 556 2742 γὰρ
580 2706 680 2739 πάντες
708 2706 838 2742 Ἕλληνες
862 2707 880 2743 ἢ

112 2793 175 2828 (58)
193 2793 355 2829 Ζωδικούς.
372 2794 454 2823 Forte
469 2794 629 2828 ζωδιακούς.
649 2795 727 2824 Eutr.

112 2829 175 2863 (59)
206 2828 285 2865 [ἰατὰ
317 2828 388 2863 τοὺς
414 2830 570 2863 (Sextii-auc.
597 2830 705 2865 Utique.
733 2831 880 2859 Duodecim

71 2866 151 2901 enim
163 2864 328 2901 ianndiaco
340 2866 429 2898 signa.
446 2866 521 2901 Signi
538 2871 628 2893 autem
641 2864 776 2901 cujusque
791 2873 881 2901 partes

72 2909 88 2927 λ
104 2900 298 2930 Uenethliacis
315 2901 428 2936 triginta
447 2900 614 2936 coitslitutir,
630 2909 660 2930 ac
683 2900 738 2931 tres
754 2901 781 2932 in
799 2902 881 2931 decu-

1156 437 1417 467 INTERROGATIO
1435 439 1493 469 CX.

969 493 1054 530 Atqui
1063 501 1127 522 cum
1152 495 1209 523 sint
1230 500 1335 532 septem
1360 497 1582 533 uniuscujusque
1601 503 1728 527 nostrum

935 541 1070 568 nativitati
1082 540 1222 576 deputata
1234 542 1331 576 stellae,
1348 542 1378 570 in
1393 547 1500 579 septem
1518 544 1612 580 plagas
1622 548 1727 573 terram

934 586 1051 615 divisam
1062 594 1125 615 esse
1137 587 1266 620 dicimus,
1281 591 1364 624 atque
1380 589 1534 625 quamlibet
1545 590 1651 626 plagam
1672 598 1725 626 gu-

935 632 1046 661 bernari
1060 633 1095 661 ab
1110 639 1163 660 una
1179 633 1322 662 stellarum
1334 634 1454 668 illarum,
1469 639 1498 663 et
1526 635 1678 664 secundum
1694 636 1726 664 il-

934 677 1023 706 larum
1047 679 1272 713 conjunctionem
1297 679 1362 708 duci
1388 684 1417 708 et
1444 681 1538 716 perﬁci
1563 682 1726 717 subjectos:

935 730 1018 759 quam
1029 722 1221 752 elﬁcacitatem
1237 724 1324 752 stellae
1338 725 1424 760 aliqui
1437 725 1523 763 legem
1547 731 1656 755 vocant.

1254 770 1410 807 Responsio.

974 814 1002 842 Si
1015 815 1043 842 in
1063 818 1167 850 septem
1184 815 1279 852 plagas
1293 816 1426 845 dividitur
1442 817 1528 850 orbis,
1544 819 1683 854 quomodo
1697 820 1726 847 in

936 868 991 888 una
1007 864 1084 896 parte
1095 861 1196 889 multas
1211 865 1295 896 atque
1310 861 1435 890 diversas
1448 863 1523 898 leges
1550 864 1729 892 invenimus?

935 905 1029 941 Neque
1041 911 1145 943 septeni
1162 907 1244 935 modo
1255 908 1405 936 secundum
1415 917 1559 937 numerum
1573 911 1727 942 stellarum.

935 959 1024 987 neque
1036 952 1182 980 duodecim
1209 953 1362 981 secundum
1388 954 1492 982 zodiaci
1522 955 1611 990 signa,
1639 963 1729 991 neque

935 997 998 1024 item
1012 997 1123 1034 triginta
1136 1006 1184 1026 sex
1201 999 1353 1027 secundum
1367 999 1499 1032 decanos,
1517 1001 1564 1028 sed
1578 1001 1730 1029 innumerae

934 1049 1187 1071 commemorantur
1199 1045 1283 1079 leges,
1300 1053 1362 1080 quae
1379 1045 1445 1073 olim
1472 1050 1585 1074 mutatas
1610 1050 1684 1078 sunt,
1701 1051 1729 1074 et

934 1096 1009 1116 nunc
1034 1089 1137 1125 vigent.
1162 1089 1307 1123 Quomodo
1329 1098 1395 1118 vero
1428 1091 1455 1118 in
1486 1091 1582 1119 eadem
1605 1094 1730 1120 sectione

934 1134 1176 1170 anthropophagos
1201 1135 1298 1166 Indos.
1324 1140 1352 1162 et
1378 1135 1413 1163 ab
1440 1136 1571 1165 animatis
1599 1138 1730 1173 omnique

934 1180 1101 1208 mactatione
1116 1181 1287 1209 abstinentes
1309 1181 1497 1211 Brachmanes
1521 1183 1647 1211 habitare
1667 1191 1731 1212 cer-

933 1225 1206 1259 nitnus'lQuomodo
1219 1227 1363 1263 Babylonii
1386 1227 1461 1255 misti
1487 1229 1600 1262 pollutis
1625 1230 1730 1266 nuptiis

934 1272 1203 1308 consanguineorum
1231 1273 1372 1301 delirant?
1401 1274 1454 1301 Aut
1476 1275 1615 1310 quomodo
1637 1275 1665 1302 in
1686 1283 1732 1303 se-

933 1318 1025 1346 ctione
1042 1318 1094 1346 alia
1110 1319 1235 1354 ejusdem
1253 1324 1358 1347 tractus
1378 1319 1502 1348 Sclaveni
1525 1325 1553 1348 et
1571 1320 1731 1357 Physonitae

933 1364 1019 1399 quiet
1036 1364 1192 1393 Danubiani
1218 1366 1405 1401 appellantur.
1434 1366 1481 1394 alii
1506 1367 1617 1402 quidem
1644 1368 1730 1396 ubera

933 1411 1080 1439 mulierum
1107 1412 1225 1440 libenter
1256 1412 1424 1445 comedunt,
1452 1414 1526 1448 quod
1550 1414 1631 1448 plena
1658 1413 1732 1442 lacte

934 1457 1046 1491 fuerint,
1059 1458 1150 1487 instar
1169 1458 1288 1487 murium
1313 1458 1434 1487 infantes
1465 1459 1542 1487 saxis
1565 1459 1729 1492 allidentes;

938 1504 984 1531 alii
997 1512 1062 1532 vero
1075 1504 1158 1533 etiam
1174 1511 1189 1532 a
1211 1504 1333 1540 legitimo
1358 1508 1386 1532 et
1409 1504 1644 1539 irreprehensibili
1667 1512 1731 1532 car-

935 1550 1012 1577 nium
1023 1557 1072 1578 esu
1085 1550 1227 1578 abstinent
1239 1551 1251 1577 l
1268 1549 1321 1583 Qui
1332 1557 1429 1578 eorum
1441 1550 1487 1577 alii
1503 1549 1642 1585 praefracti
1651 1555 1729 1582 sunt.

936 1603 988 1625 suo
1004 1596 1067 1632 jure
1083 1597 1206 1625 viventes
1225 1597 1331 1632 absque
1354 1596 1519 1631 cujusquam
1544 1596 1671 1631 imperio,
1697 1604 1730 1623 ac

935 1649 1136 1676 nonnunquam
1160 1643 1350 1670 comedentem
1374 1649 1468 1669 secum
1492 1642 1533 1669 vel
1555 1641 1607 1669 iter
1627 1640 1732 1669 facien-

935 1692 990 1717 tem
1009 1689 1161 1724 principem
1178 1697 1259 1717 suum
1286 1688 1494 1720 interﬁcientes.
1518 1688 1615 1723 vulpes
1634 1691 1661 1715 et
1681 1688 1731 1715 sil-

935 1741 1043 1764 vestres
1071 1735 1138 1764 feles
1164 1743 1318 1771 porcosque
1341 1735 1529 1768 comedentes,
1549 1739 1577 1763 et
1603 1735 1730 1770 luporum

935 1783 1042 1810 ululatu
1056 1790 1086 1811 se
1097 1786 1296 1818 provocantes;
1313 1782 1359 1809 alii
1380 1789 1446 1809 vero
1470 1788 1485 1808 a
1507 1781 1660 1809 voracitate
1679 1781 1731 1808 ab-

934 1827 1049 1859 stinent.
1078 1831 1106 1855 et
1133 1827 1222 1855 cuivis
1244 1826 1364 1862 principi
1386 1833 1417 1854 se
1453 1826 1636 1862 subjicientes
1661 1825 1730 1854 obe-

934 1873 1014 1901 diunt
1030 1873 1042 1899 τ

970 1928 1053 1956 Multa
1074 1932 1149 1956 certe
1171 1934 1422 1957 commemorantur
1441 1928 1475 1957 de
1493 1927 1684 1964 Longobardis
1702 1930 1731 1955 et

933 1974 1016 2003 Noris
1039 1979 1067 2003 et
1090 1974 1178 2003 Gallis
1208 1975 1440 2008 occidentalibus,
1467 1980 1597 2011 tanquam
1625 1973 1731 2010 ignaris

933 2020 1105 2048 Mercurialis
1116 2024 1144 2047 et
1159 2020 1317 2048 Saturnium
1329 2021 1364 2049 de
1387 2021 1471 2049 astris
1497 2020 1630 2049 scientiae.
1655 2019 1730 2053 Quot

933 2073 1014 2102 reges
1027 2069 1056 2093 et
1078 2065 1218 2101 principes
1246 2066 1420 2094 sustulerunt
1451 2066 1523 2094 male
1552 2065 1622 2092 latas
1644 2065 1729 2100 leges.

933 2110 985 2146 ipsi
1001 2118 1051 2139 sua
1067 2110 1167 2146 placita
1184 2110 1360 2138 sancientesl
1375 2114 1423 2138 aut
1436 2118 1452 2138 e
1462 2110 1582 2142 diverso,
1599 2109 1731 2137 meliores

934 2156 1116 2191 repudiarunt
1130 2156 1166 2183 ab
1177 2156 1222 2183 his
1238 2155 1354 2189 diversi,
1367 2163 1382 2183 a
1399 2156 1478 2184 nullo
1493 2160 1571 2185 astro
1585 2155 1613 2183 in
1634 2155 1730 2182 decre«

937 2202 973 2231 tis
995 2201 1047 2230 sibi
1072 2202 1182 2237 placitis
1200 2202 1345 2237 impediti?
1368 2202 1458 2231 Unum
1480 2207 1571 2230 autem
1589 2200 1728 2237 proferam

933 2247 1007 2284 quod
1021 2247 1228 2275 incredulorum
1244 2248 1367 2276 omnium
1398 2254 1446 2275 ora
1471 2247 1551 2282 quasi
1575 2247 1653 2281 alapa
1675 2252 1730 2272 caa-

932 2293 1093 2322 det:Judaai
1111 2301 1208 2322 omnes
1221 2294 1280 2330 lege
1294 2301 1378 2329 quam
1402 2293 1494 2321 Moses
1516 2292 1579 2320 tulit
1605 2294 1727 2327 receptaI

931 2348 1040 2368 omnem
1053 2340 1140 2368 fetum
1153 2347 1256 2368 marem
1272 2340 1435 2376 participem
1451 2339 1569 2367 rationis
1588 2338 1656 2374 ipsis
1677 2345 1727 2365 na-

934 2391 1004 2418 tum.
1021 2392 1119 2414 octavo
1137 2386 1181 2414 die
1196 2386 1438 2418 circumcidentes,
1464 2385 1599 2420 sanguine
1615 2384 1730 2420 perfun-

933 2434 1013 2462 dunt.
1033 2434 1056 2461 A
1068 2434 1170 2462 sacculo
1182 2437 1273 2462 autem
1297 2433 1389 2460 nullus
1407 2432 1566 2460 Gmcorum
1582 2435 1631 2459 aut
1653 2431 1731 2459 Chri-

932 2480 1087 2509 stianorum
1115 2479 1356 2507 circumcisionem
1375 2479 1499 2514 recepit,
1524 2479 1587 2506 licet
1615 2477 1729 2512 plurimi

931 2525 1019 2554 Judaei
1035 2530 1063 2553 et
1074 2525 1163 2554 Graeci
1188 2530 1216 2553 et
1237 2524 1388 2553 Christiani
1411 2524 1511 2552 iisdem
1534 2524 1677 2552 mensibus
1701 2527 1730 2552 et

932 2571 1154 2600 hebdomadibus
1168 2575 1196 2600 et
1212 2571 1311 2599 diebus
1328 2575 1355 2598 et
1379 2571 1456 2599 horis
1481 2571 1539 2598 nati
1562 2570 1630 2598 sint.
1655 2570 1730 2598 Nihil

933 2624 999 2653 ergo
1014 2617 1086 2645 Mars
1100 2617 1166 2645 facit
1183 2622 1230 2645 aut
1242 2616 1408 2650 Mercurius,
1424 2620 1471 2645 aut
1489 2616 1593 2648 Venus.
1617 2621 1665 2644 aut
1686 2625 1730 2644 re-

935 2663 1010 2696 liqua
1024 2662 1183 2691 Graecorum
1195 2662 1301 2696 l‘abula,
1317 2671 1371 2690 uno
1393 2663 1501 2691 circulo
1525 2662 1728 2697 complectente

934 2708 1053 2737 omnia:
1073 2708 1222 2744 nullusque
1247 2709 1283 2737 ab
1310 2709 1397 2737 astris
1427 2709 1455 2737 vi
1482 2708 1600 2745 cogitur.
1630 2708 1729 2735 Annon

935 2797 992 2825 rias
1020 2797 1129 2834 tributa:
1144 2807 1150 2825 :
1165 2805 1288 2834 quarum
1303 2798 1452 2834 principes,
1488 2797 1598 2828 Decumi,
1622 2805 1654 2834 ex
1672 2796 1730 2834 lio-

936 2841 1033 2896 manu;
1034 2833 1137 2861 militiae
1155 2842 1205 2862 usu
1217 2833 1351 2863 nominati
1366 2843 1372 2862 :
1388 2833 1485 2862 Omnes
1493 2833 1606 2870 proinde
1616 2833 1728 2870 triginta

936 2876 993 2897 εει.
1037 2876 1107 2896 mn.
