1907 3043
192 124 246 154 981

192 185 268 211 enim
281 183 370 211 Graeci
391 185 437 210 aut
456 181 543 210 Judaei
574 187 621 209 aut
638 182 790 210 Christiani
817 183 912 210 eadem
938 183 984 210 die

195 231 238 258 vel
254 233 330 262 hora,
347 230 374 256 in
390 235 545 256 maternum
556 228 622 262 jacti
637 233 702 255 sunt
720 233 840 259 uterum,
858 233 885 255 et
906 228 988 255 simul

196 276 224 303 in
245 283 331 302 lucem
344 275 427 302 editi?
445 274 589 307 Quomodo
606 274 690 309 igitur
715 275 843 308 plurimis
867 275 987 309 ipsorum

193 322 307 349 Christo
323 321 473 355 adjunetis,
491 320 582 354 patrio
595 320 730 355 abnegato
741 328 847 352 errore,
867 328 921 347 non
939 327 988 354 po-

195 368 284 394 tuitei
306 372 421 394 terrenae
433 366 504 401 parti
523 366 670 393 dominans
693 366 772 393 stella
794 366 871 402 ipsos
895 373 990 394 arcere

197 413 231 440 ab
246 421 309 440 vera
326 413 353 439 in
370 411 453 440 Deum
468 412 591 447 pietate?

418 468 678 496 INTERROGATIO
697 468 766 497 CXI.

232 527 266 554 At
282 527 362 554 nobis
379 526 443 554 dum
459 527 492 554 de
509 527 593 554 astris
607 527 755 562 loquimur,
771 535 825 554 non
842 531 884 555 est
899 535 990 556 sermo

197 572 232 600 de
249 572 311 603 ﬁde,
326 573 373 600 sed
395 572 429 599 de
447 573 569 599 moribus
589 577 616 600 et
630 572 737 600 ratione
751 573 870 604 vivendi,
885 577 913 600 et
927 573 991 601 inde

197 618 333 653 pendente
347 619 466 649 actione,
488 624 620 653 praeterea
647 618 681 645 de
707 619 905 646 constitutione
928 626 991 646 cor-

199 665 284 699 poris.
298 663 365 691 Nant
381 671 499 698 quorum
524 664 577 692 sub
597 664 689 692 Ariete
708 665 836 692 nativitas
860 669 913 699 est,
936 666 991 693 cri-

199 711 257 744 spis
280 713 345 736 sunt
369 709 504 742 crinibus,
532 709 646 744 gratiosi
673 713 701 736 ct
726 710 904 744 magnamini,
926 710 991 745 quia

199 756 333 791 principis
348 755 439 782 ofﬁcio
452 755 576 790 fungitur
598 755 679 782 Aries
696 764 701 781 :
717 756 799 782 etiam
826 756 917 783 libera:
939 764 990 783 vo-

199 801 313 828 luntatis
327 801 488 828 electionem
505 801 617 834 habent,
629 801 764 836 siquidem
777 805 804 828 et
815 801 894 830 Aries
907 802 992 838 depo-

199 848 252 875 sito
269 848 372 882 absque
384 848 479 875 dolore
494 848 607 880 vellere,
621 855 719 875 rursus
741 855 756 874 a
781 852 880 875 natura
904 849 990 876 vesti-

200 898 255 921 tur.
273 893 419 928 Subjectus
437 897 527 921 autem
551 893 654 925 Tauro,
681 902 855 922 mrumnosus
884 899 937 927 est,
965 898 993 922 et

201 940 330 967 servilis:
350 944 446 967 taurus
461 940 535 967 enim
554 940 606 967 sub
627 940 694 974 jugo
719 944 772 967 est.
798 941 848 972 Qui
873 945 915 968 est
940 941 992 968 sub

202 985 362 1020 Scorpionc,
380 993 528 1019 percussor
542 989 595 1016 est,
611 989 722 1019 propter
740 993 801 1013 eam
823 994 884 1020 quae
905 986 940 1013 ab
960 986 993 1012 il-

201 1032 235 1059 lis
251 1032 347 1059 bestiis
362 1032 491 1062 sumitur,
517 1032 737 1059 similitudinem.
765 1031 833 1058 Nam
859 1036 886 1058 et
904 1031 993 1058 Libra:

201 1078 353 1112 subjectus.
370 1081 412 1105 est
436 1078 538 1113 justus,
554 1081 667 1113 propter
680 1081 840 1104 nostrarum
855 1077 992 1104 librarum

201 1124 396 1159 aqualitatem.

523 1169 674 1204 Responsio.

238 1215 260 1242 0
279 1214 443 1250 gentilitiam
458 1215 642 1243 dementiam!
661 1215 727 1250 quid
743 1215 817 1242 enim
834 1215 896 1242 istis
911 1214 994 1242 fuerit

202 1262 289 1296 magis
306 1261 474 1289 ridiculum?
487 1261 556 1289 Nam
569 1262 650 1289 Aries
671 1262 744 1289 unde
763 1261 843 1289 deliri
864 1261 994 1288 nativita-

202 1313 256 1334 tem
269 1308 390 1335 hominis
404 1312 541 1342 repetunt,
559 1308 622 1335 cmli
640 1308 802 1335 duodecima
814 1315 878 1342 pars
894 1311 947 1339 est,
965 1307 993 1334 in

202 1362 256 1388 quo
270 1354 311 1381 sol
328 1362 433 1383 means.
454 1361 536 1381 verna
551 1354 630 1389 signa
652 1353 815 1389 ingreditur.
836 1352 889 1380 Sed
901 1357 929 1380 et
946 1352 992 1380 Li-

203 1401 262 1432 bra,
277 1405 304 1428 et
320 1400 439 1432 Taurus,
470 1405 498 1429 et
527 1401 669 1436 Scorpius,
693 1405 719 1428 et
744 1401 870 1428 similiter
896 1400 993 1426 horum

201 1446 318 1481 quodvis
340 1446 501 1474 duodecima
520 1447 611 1482 portio
636 1451 687 1479 est,
701 1451 729 1474 et
745 1454 809 1482 pars
827 1446 888 1474 coeli
904 1447 931 1473 in
947 1445 995 1472 Zo-

202 1494 293 1526 diaco,
306 1501 388 1528 quem
409 1497 522 1524 vocant,
533 1493 649 1521 circulo.
668 1492 811 1526 Quomodo
824 1492 908 1528 igitur
932 1492 994 1519 inde

201 1540 365 1567 mortalibus
387 1539 574 1575 prtecedentes
596 1547 696 1567 causas
722 1539 857 1566 exsistere
878 1538 991 1570 dicunt,

202 1586 268 1614 dum
281 1594 314 1613 ex
330 1586 364 1613 iis
377 1593 438 1620 qua
453 1586 525 1621 apud
541 1593 592 1613 nos
607 1586 711 1617 halant,
732 1593 824 1612 mores
840 1585 908 1619 ipsis
922 1584 994 1612 desi-

203 1631 343 1666 gnantur?
365 1631 475 1657 Animal
502 1630 575 1657 enim
607 1630 641 1657 ad
671 1629 882 1665 impertiendum
905 1629 994 1661 facile,

203 1677 282 1704 Aries
298 1680 339 1703 est
358 1685 364 1702 :
382 1684 436 1702 non
455 1675 527 1710 quod
542 1676 657 1709 hujusce
671 1675 756 1702 moris
770 1674 891 1702 effectrix
912 1675 949 1702 sit
964 1682 996 1702 ea

205 1730 269 1758 pars
284 1722 358 1755 NB”,
378 1721 426 1749 sed
442 1721 514 1756 quod
527 1722 587 1749 oris
603 1729 617 1748 ο
636 1727 761 1748 creatore
773 1721 853 1748 talem
869 1724 995 1748 naturam

206 1768 320 1802 accepit.
339 1767 428 1802 Atque
440 1775 473 1794 ex
493 1769 576 1794 astris
600 1766 710 1801 quidem
727 1767 828 1802 satagis
850 1767 997 1794 ostendere

205 1814 328 1849 genesim
342 1817 476 1845 nostram,
490 1813 516 1840 id
532 1821 597 1840 vero
623 1821 672 1847 per
691 1813 800 1840 balatus
831 1813 997 1847 persuadere

206 1860 325 1886 conaris.
352 1859 493 1894 Siquidem
521 1867 537 1886 a
567 1859 668 1886 talibus
697 1859 863 1886 animalibus
897 1860 996 1887 coelum

206 1911 342 1943 gestatum
362 1907 431 1933 tales
449 1906 533 1934 habet
551 1914 658 1934 morum
685 1914 786 1935 causas
805 1916 812 1934 :
836 1907 948 1934 omnino
971 1911 998 1934 et

207 1953 296 1987 ipsum
313 1951 466 1986 subjectum
480 1956 522 1979 est
536 1952 633 1979 alienis
649 1953 832 1987 potestatibus
844 1973 851 1984 ,
867 1953 996 1980 nimirum

207 1997 390 2032 potestatibus
402 2001 541 2024 astrorum
552 2007 559 2030 ,-
571 2003 646 2024 astra
660 2005 724 2025 vero
741 1999 910 2030 animalium,
932 2007 998 2033 pen-

208 2042 304 2070 dentes
318 2042 352 2070 ab
368 2042 435 2077 ipsis
465 2050 564 2070 causas
587 2043 726 2070 habentia.
753 2043 782 2071 Si
808 2051 870 2071 vero
892 2044 997 2071 ridicu-

207 2088 264 2115 lum
280 2089 331 2115 hoc
351 2093 404 2120 est,
418 2089 505 2124 magis
520 2089 667 2116 ridiculum
681 2089 749 2116 illud
764 2090 826 2123 erit,
840 2098 873 2117 ex
888 2090 921 2117 iis
937 2098 998 2125 quae

208 2134 276 2161 nihil
294 2135 365 2161 inter
379 2142 408 2162 se
422 2142 567 2162 commune
578 2135 689 2167 habent,
706 2135 837 2163 inducere
851 2136 920 2163 velle
936 2143 998 2170 pro-

208 2181 376 2208 babilitatem
410 2189 505 2209 eorum
531 2189 592 2218 quae
620 2182 654 2209 de
681 2183 825 2210 nativitate
854 2183 994 2210 dicuntur.

208 2227 351 2260 Quomodo
364 2228 436 2255 enim
454 2228 577 2262 quotidie
599 2229 837 2256 innumerabiliter
855 2233 997 2257 mutantur

209 2274 350 2301 stellarum
376 2275 527 2308 aspectus?
549 2274 616 2302 Nam
640 2275 766 2310 planetae,
783 2279 811 2302 ut
831 2279 910 2307 sunt,
930 2283 1000 2303 sem-

209 2328 257 2356 per
272 2321 387 2348 mobiles
402 2321 584 2355 appellantnr.
604 2321 694 2356 Atque
709 2322 755 2349 alii
776 2321 887 2357 quidem
915 2322 999 2350 citius

209 2371 395 2401 assequuntur
415 2374 444 2394 se
459 2367 587 2398 invicem,
605 2367 651 2394 alii
671 2375 735 2395 vero
757 2367 884 2402 periodos
903 2368 998 2395 eadem

209 2411 276 2439 hora
295 2411 398 2438 faciunt
415 2411 562 2440 tardiores.
575 2413 729 2448 Aliquoties
741 2414 823 2440 etiam
839 2421 868 2441 sc
879 2413 998 2440 invicem

210 2458 386 2492 aspicientes,
405 2466 466 2485 mox
479 2459 665 2486 occultantur.
688 2459 767 2492 Quod
796 2459 820 2487 si
847 2467 880 2486 ex
903 2463 1001 2485 natura

209 2505 277 2539 ipsis
294 2505 395 2531 bonum
414 2508 441 2532 et
460 2505 562 2532 malum
576 2505 666 2536 adest,
683 2505 797 2532 omnino
825 2505 858 2531 ad
874 2504 1000 2539 opiﬁcem

209 2559 293 2579 causa
313 2551 376 2578 mali
395 2559 411 2577 a
437 2550 517 2579 nobis
536 2550 664 2578 refertur.
681 2551 759 2584 Quod
786 2551 807 2578 si
836 2551 928 2578 liberte
953 2558 1003 2577 v0-

210 2596 324 2624 luntatis
336 2597 469 2624 electione
482 2601 638 2628 moventur,
661 2597 778 2632 primum
794 2598 904 2632 quidem
919 2601 1002 2624 erunt

209 2643 339 2670 animalia
358 2643 471 2678 praidita
489 2643 576 2671 libera
592 2644 742 2677 voluntate,
753 2644 854 2671 solutis
868 2647 895 2671 et
907 2643 999 2670 libera:

248 2742 305 2776 (60)
321 2744 490 2779 Χαροποιοί.
504 2742 586 2770 Forte
604 2743 730 2779 χαροποῖ.
749 2743 827 2771 Eon.

319 2778 469 2815 N'Aspl‘t‘étf.
488 2779 551 2813 [λι-ε.
569 2779 693 2815 ἐαρινῶν.
709 2780 744 2806 lu.

246 2813 302 2846 (6‘2)
314 2814 538 2852 _'H_OOU¢;._lncpte
555 2815 580 2852 in
596 2813 718 2852 Vulgatis
731 2817 826 2852 ἤχους,
843 2813 888 2852 ubi
909 2813 949 2839 s‘c
968 2813 1003 2838 lo—

212 2855 262 2875 cus
275 2849 397 2875 redditur
411 2858 416 2875 :
433 2848 574 2883 Non'quod
594 2849 691 2875 Arietis
707 2848 798 2875 sonum
822 2848 882 2874 edat
897 2856 928 2874 ea
940 2855 1001 2880 puts

213 2883 280 2910 τινα.
300 2883 332 2909 At
351 2883 431 2916 ἤθους
451 2891 542 2912 veram
570 2884 711 2912 lectionem
742 2884 838 2911 doeeru
865 2884 1004 2911 debuisset

743 125 771 152 Β.
793 125 943 153 ϐιΕδΑῐίιΙ
963 126 1129 155 GREGORII
1150 128 1299 156 FRATlllS

1774 125 1825 153 ass

1044 185 1163 213 Ἰουδαῖοι
1177 187 1193 221 ἢ
1211 185 1369 221 Χριστιανοὶ
1386 185 1414 211 ὲν
1427 186 1459 220 τῇ
1472 184 1539 219 αὐτῇ
1551 184 1641 219 ἡμέρᾳ.
1651 184 1668 218 ἢ
1681 183 1740 219 ὥρᾳ
1757 184 1784 209 ὲν
1794 185 1826 220 τῇ

1041 231 1155 268 μητρῲᾳ.
1173 231 1376 267 κατεϐλήθησαν
1393 230 1485 266 νηδύϊ·
1505 229 1559 256 οὐδ’
1581 227 1613 255 αὖ
1633 229 1712 256 πάλιν
1732 228 1827 261 πάντες

1039 277 1098 312 ἅμα
1113 277 1319 313 ἁπεκυήθησαν.
1345 276 1406 308 Πῶς
1427 273 1474 303 οὖν
1488 276 1514 302 οἱ
1530 275 1649 302 πλεῖστοι
1660 274 1751 301 αὐτῶν
1766 274 1828 310 Χρι-

1041 322 1096 357 στῷ
1116 321 1271 354 συνέθεντο,
1291 322 1341 358 τὴν
1364 321 1494 358 πατρῴαν
1515 320 1699 356 ἀρνησάμενοι
1716 320 1828 355 πλάνην,

1043 368 1080 404 μὴ
1102 368 1262 403 ἰσχύσαντος
1284 367 1331 394 τοῦ
1352 368 1481 403 ἄρχοντος
1502 366 1618 402 ἀστέρος
1637 366 1687 401 τῆς
1705 366 1827 402 χερσαίου

1042 413 1150 450 μερίδος
1167 414 1312 450 ἐμποδίσαι
1327 413 1425 445 αὐτοὺς
1444 413 1511 449 πρὸς
1528 412 1698 445 Oeam-£65m»;

1322 470 1448 498 ΠΕΥΣΙΣ
1472 470 1547 498 PlA'.

1083 527 1152 554 Ἀλλ’
1168 527 1197 553 οὑ
1214 527 1278 563 περὶ
1291 526 1407 558 πίστεως
1421 527 1486 561 ἡμῖν
1506 527 1520 552 ὁ
1540 525 1604 560 περὶ
1623 524 1732 559 ἄστρων
1746 524 1831 558 λόγος,

1042 573 1099 600 ἁλλ’
1112 573 1193 608 ήοους
1207 573 1254 599 καὶ
1273 572 1409 604 πολιτείας
1421 572 1468 598 καὶ¹
1483 571 1609 607 πράξεως
1626 571 1730 597 ἐκεῖθεν
1751 571 1834 607 ἁρμο-

1042 619 1167 654 ζομένης,
1181 618 1221 645 ἔτι
1235 619 1263 645 δὲ
1276 618 1382 653 καὶτῆς
1402 617 1560 653 σωματικῆς
1581 617 1787 648 καταστάσεως.
1803 617 1831 642 0i

1042 665 1095 701 γὰρ
1111 663 1180 700 κριῷ
1194 665 1242 700 τὴν
1258 665 1364 700 γένεσιν
1378 664 1494 700 ἔχοντες,
1512 664 1585 690 οὺλοὶ
1607 663 1657 699 τὴν
1670 663 1752 699 τρέχα
1770 664 1833 689 ἀπο-

1041 709 1189 740 τελοῦνται,
1205 710 1345 745 χαροποιοὶ
1364 709 1418 744 (60)
1438 711 1485 736 καὶ
1510 709 1721 745 μεγαλόφρονες,
1745 707 1833 743 ἐπειδὴ

1043 755 1205 790 ἡγεμονικὸν
1220 757 1235 782 ὁ
1253 755 1345 791 κριόςο
1368 755 1436 782 ἀλλὰ
1458 755 1506 782 καὶ
1524 755 1722 791 προαιρετικοὶ,
1746 753 1834 789 ἐπειδὴ

1043 801 1089 828 καὶ
1101 803 1116 827 ὁ
1129 802 1205 837 κριὸς
1224 801 1382 828 ἀποτίθεται
1405 801 1515 833 ἀλύπως
1530 801 1560 828 τὸ
1587 801 1670 837 ἔριον,
1690 800 1737 827 καὶ
1760 800 1833 826 πάλιν

1045 848 1097 875 ὑπὸ
1110 848 1158 883 τῆς
1174 848 1282 883 φύσεως
1295 848 1464 876 ὲπενδύεται.
1486 849 1514 876 '0
1527 849 1555 875 δὲ
1571 848 1726 885 ταυριανὸς,
1739 848 1834 882 τληπα-

1043 894 1092 930 θὴς
1113 894 1161 920 κα)⁵
1183 894 1321 926 δου).ικός”
1347 895 1400 921 ὑπὸ
1425 894 1506 928 ζυγὸν
1521 894 1575 930 γὰρ
1593 895 1607 921 ὁ
1632 893 1744 929 ταῦρος.
1766 894 1794 919 ’0
1809 891 1834 918 δὲ

1044 938 1215 974 σκορπιανὸς,
1230 939 1363 974 πλήκτης,
1377 939 1420 966 διὰ.
1435 940 1483 974 τὴν
1498 939 1566 975 πρὸς
1586 939 1616 966 τὸ
1638 938 1734 974 θηρίον
1746 937 1835 973 ὁμοίω-

1044 993 1096 1011 σιν.
1118 985 1146 1011 '0
1160 984 1213 1019 γὰρ
1226 984 1362 1018 ξυγιανὸς,
1372 985 1486 1017 δίκαιος,
1501 984 1546 1012 διὰ
1564 985 1613 1021 τὴν
1625 985 1692 1020 παρ’
1711 986 1779 1020 ἡμῖν
1790 983 1836 1010 ἰσό-

1043 1039 1112 1066 τητα
1128 1032 1182 1057 τῶν
1198 1031 1299 1065 ζυγῶν.

1350 1167 1533 1201 Ἀπόκρισις.

1081 1216 1113 1243 Ὢ
1123 1215 1173 1250 τῆς
1189 1214 1346 1250 Ἑλληνικῆς
1358 1214 1364 1240 !
1379 1213 1405 1240 τί
1417 1213 1471 1249 γὰρ
1483 1213 1516 1239 ἂν
1531 1213 1635 1247 γένοιτο
1646 1213 1751 1240 τούτων
1763 1220 1841 1239 κατα·

1043 1261 1256 1297 γελαστότερον;
1278 1260 1306 1287 '0
1322 1259 1377 1295 γὰρ
1394 1260 1480 1295 κριὸς,
1494 1258 1540 1294 ἀφ’
1559 1256 1590 1285 οὗ
1607 1258 1657 1293 τὴν
1666 1258 1776 1292 γένεσιν
1795 1257 1837 1285 τοῦ

1043 1307 1185 1344 ἀνθρώπου
1198 1307 1336 1343 ληροῦσιν,
1351 1306 1464 1341 οὐρανοῦ
1485 1305 1566 1344 μέρος
1581 1305 1699 1340 ὑπάρχει
1719 1304 1753 1331 τὸ
1762 1303 1839 1331 δωδέ-

1044 1342 1139 1381 κατον·
1156 1354 1185 1380 ὲν
1207 1342 1357 1388 ᾦνφθάνων
1382 1353 1396 1378 ὁ
1415 1352 1490 1387 ἥλιος
1515 1342 1569 1378 τῶν
1586 1351 1702 1385 ἁερινῶν
1719 1350 1840 1386 (Cha-nl-

1046 1400 1128 1436 μείων
1143 1400 1259 1426 ἅπτεται
1269 1407 1275 1413 “
1290 1399 1337 1425 καὶ
1350 1397 1442 1432 ζυγὸν,
1457 1397 1504 1423 καὶ
1514 1396 1623 1432 ταῦρος,
1638 1397 1685 1423 καὶ
1701 1396 1840 1432 σκορπίος,

1043 1446 1143 1482 ὁμοίως
1165 1445 1267 1472 τούτων
1288 1444 1402 1471 ἕκαστον
1430 1443 1578 1470 δωδέκατον
1602 1442 1695 1478 μόριον
1725 1442 1839 1477 ὑπάρχει

1047 1492 1128 1528 μέρος
1142 1491 1188 1518 τοῦ
1200 1490 1315 1527 οὐρανοῦ
1334 1490 1381 1517 τοῦ
1402 1488 1534 1522 ζωδιακοῦ
1560 1489 1706 1524 λεγομένου
1729 1489 1838 1515 κύκλου.

1047 1538 1109 1570 Πῶς
1122 1535 1168 1564 οὖν
1179 1538 1282 1565 ἐκεῖθεν
1293 1537 1342 1569 τὰς
1357 1536 1568 1572 προηγουμένας
1585 1536 1675 1567 αἰτίας
1694 1535 1841 1570 φάσκοντες

1047 1583 1152 1620 βροτοῖς
1166 1584 1310 1619 ὑπάρχειν,
1327 1584 1360 1609 ὲκ
1374 1583 1428 1609 τῶν
1451 1584 1515 1618 παρ’
1530 1583 1597 1618 ἡμῖν
1612 1582 1794 1617 βληχωμένων
1809 1581 1842 1608 τὰ

1046 1630 1098 1665 ἤθη
1112 1630 1203 1661 αὐτοῖς
1219 1629 1451 1665 χαρακτηρίζεται
1464 1637 1470 1661 ;
1487 1627 1673 1663 Εὑμετάδοτον
1691 1628 1746 1664 γὰρ
1759 1628 1840 1663 κριὸς,

1046 1676 1096 1703 οὐκ
1109 1676 1202 1712 ἐπειδὴ
1217 1675 1336 1703 τοιούτου
1360 1675 1441 1711 ῆθους
1457 1675 1513 1710 (62)
1537 1674 1677 1710 ποιητικὸν
1702 1675 1792 1700 ἐκεῖνο
1810 1673 1838 1700 τὺ

1048 1723 1132 1758 μέρος
1144 1722 1190 1749 τοῦ
1207 1721 1333 1757 οὐρανοῦ,
1348 1721 1404 1748 ἀλλ’
1419 1721 1480 1748 ἐπεὶ
1496 1720 1623 1755 τοιαύτης
1643 1720 1724 1755 ἔλαχε
1739 1720 1769 1746 τὸ
1780 1720 1840 1755 πρό-

1047 1770 1127 1796 ϐατον
1140 1768 1246 1804 φύσεως
1262 1767 1338 1804 παρὰ
1354 1767 1400 1794 τοῦ
1420 1767 1572 1799 κτίσαντος.
1595 1766 1650 1793 Καὶ
1672 1767 1705 1792 ὲκ
1723 1766 1772 1801 μὲν
1789 1766 1839 1792 τῶν

1047 1816 1153 1851 ἄστρων
1168 1815 1294 1847 σπεύδεις
1307 1814 1387 1850 ἡμῶν
1402 1814 1451 1850 τὴν
1471 1814 1578 1848 γένεσιν
1599 1814 1748 1849 παριστᾷν,
1764 1813 1795 1839 ἐκ
1815 1812 1841 1838 δὲ

1047 1862 1100 1888 τῶν
1119 1862 1300 1897 βληχημάτων
1325 1861 1427 1887 πείθειν
1455 1861 1615 1895 ἐπιχειρεῖς.
1634 1860 1665 1886 Εἰ
1690 1860 1739 1894 μὲν
1768 1859 1840 1894 παρὰ

1047 1906 1101 1933 τῶν
1119 1906 1194 1938 ζώων
1213 1907 1226 1932 ὁ
1241 1905 1355 1940 οὐρανὸς
1370 1905 1552 1940 κομισάμενος
1569 1903 1624 1938 ἔχει
1648 1902 1698 1934 τὰς
1717 1902 1842 1937 ἀφορμὰς

1047 1952 1173 1984 τοιαύτας
1191 1951 1243 1978 τῶν
1253 1951 1338 1986 ἠθῶν,
1351 1950 1492 1976 ὑπόκειται
1514 1950 1560 1976 καὶ
1577 1949 1657 1980 αὐτὸς
1673 1947 1781 1979 πάντως
1799 1947 1842 1974 ἀλ-

1047 1999 1168 2034 λοτρίαις
1187 1999 1296 2033 ἀρχαῖς,
1308 1997 1388 2028 αὐτὸς
1411 1996 1460 2032 μὲν
1473 1997 1532 2028 ταῖς
1546 1995 1599 2022 τῶν
1619 1995 1739 2030 ἄστρων,
1755 1995 1842 2020 ἐκεῖνα

1048 2046 1076 2072 δὲ
1091 2045 1144 2071 τῶν
1159 2043 1246 2077 ζώων,
1264 2043 1292 2077 ἐξ
1308 2042 1397 2070 αὐτῶν
1420 2043 1515 2077 ἔχοντα
1535 2041 1584 2072 τὰς
1613 2041 1703 2072 αἰτίας
1728 2041 1841 2075 άπερ-ιι-

1049 2091 1149 2126 σμένας
1168 2090 1235 2125 (65).
1250 2090 1281 2116 Εἰ
1306 2089 1334 2116 δὲ
1355 2088 1556 2122 καταγέλαστον
1579 2086 1667 2118 τοῦτο,
1695 2085 1842 2119 καταγελα-

1049 2137 1175 2173 στότερον
1204 2136 1234 2162 τὸ
1260 2137 1292 2162 ὲκ
1316 2136 1369 2162 τῶν
1396 2134 1477 2170 μηδὲν
1507 2132 1709 2160 κοινωνούντων
1734 2132 1842 2165 ἐπάγειν

1050 2184 1197 2219 ἐπιχειρεῖν
1221 2182 1275 2209 τῶν
1297 2182 1383 2216 λόγων
1409 2181 1458 2213 τὰς
1479 2180 1661 2214 πιθανότητας
1684 2179 1749 2214 περὶ
1773 2177 1843 2212 γενέ-

1051 2238 1129 2261 σεως.
1146 2228 1207 2260 Πῶς
1221 2227 1275 2264 γὰρ
1292 2227 1333 2262 ἐφ’
1354 2226 1472 2262 ἑκάστης
1493 2226 1599 2262 ἡμέρας
1623 2224 1755 2261 μυριάκις
1770 2223 1843 2258 ἀμεί-

1050 2276 1126 2302 ϐεται
1152 2274 1205 2300 τῶν
1231 2273 1352 2309 ἀστέρων
1374 2272 1407 2299 τὰ
1437 2272 1581 2306 σχήματα;
1605 2270 1767 2305 Ἀειχίνητοι
1793 2269 1842 2303 γὰρ

1049 2320 1125 2352 ὄντες
1137 2321 1161 2346 οἱ
1174 2319 1307 2354 πλανῆται
1323 2317 1597 2354 προσαγορευόμενοι,
1612 2317 1659 2343 καὶ
1681 2317 1705 2342 οἱ
1720 2316 1769 2350 μὲν
1784 2315 1843 2341 θᾶτ-

1049 2374 1095 2392 τον
1113 2364 1415 2399 ἐπικαταλαμϋάνοντες
1431 2362 1573 2398 ἀλλήλους,
1590 2362 1616 2388 οἱ
1635 2361 1663 2388 δὲ
1679 2360 1842 2396 βραδυτέρας

1051 2411 1098 2444 τὰς
1115 2411 1255 2447 περιόδους
1276 2410 1430 2444 ποιούμενοι
1453 2408 1499 2435 ἐπὶ
1520 2408 1569 2443 τῆς
1581 2407 1668 2441 αὐτῆς
1683 2407 1769 2440 ὥρας,
1785 2405 1842 2431 πολ-

1051 2459 1129 2489 λάκις
1150 2458 1197 2485 καὶ
1215 2456 1315 2493 ὁρῶσιν
1336 2455 1467 2490 ἀλλήλους
1491 2454 1538 2481 καὶ
1559 2453 1791 2489 ἀποκρύπτονται.
1814 2450 1841 2476 Εἰ

1052 2505 1080 2532 δὲ
1096 2505 1144 2532 καὶ
1159 2505 1190 2531 ὲκ
1209 2503 1315 2538 φύσεως
1333 2502 1424 2534 αὐτοῖς
1439 2500 1469 2528 τὸ
1492 2499 1594 2534 ἀγαθὸν
1616 2499 1662 2525 καὶ
1683 2500 1783 2533 χεῖρον,
1802 2496 1842 2523 ἐπὶ

1053 2552 1098 2579 τὸν
1111 2549 1280 2586 Δημιουργὸν
1299 2549 1315 2584 ὴ
1333 2548 1406 2575 αἰτία
1424 2547 1471 2575 τοῦ
1489 2546 1575 2574 κακοῦ
1598 2547 1664 2581 παρ’
1680 2545 1759 2580 ὴμῶν
1774 2544 1842 2570 ἁνα-

1053 2598 1164 2634 ῳέρεται
1178 2596 1331 2627 πάντωςΕἱ
1343 2595 1371 2621 δὲ
1387 2593 1543 2630 προαιρέσει
1557 2592 1728 2627 κεκίνηνται,
1737 2589 1840 2626 πρῶτον

1054 2643 1104 2679 μὲν
1120 2643 1196 2669 ἔσται
1209 2641 1266 2675 ζῶα
1281 2640 1460 2677 προαιρετικὰ
1478 2638 1637 2675 λελυμέναις
1653 2639 1699 2665 καὶ
1713 2638 1842 2672 αὐτοκρα-

1056 2743 1243 2776 interpretem,
1265 2745 1321 2767 tum
1343 2743 1515 2770 sensus,tnm
1532 2738 1606 2776 tam
1621 2737 1696 2776 quod
1720 2744 1781 2776 mox
1806 2742 1841 2762 se-

1057 2772 1159 2809 quitu'r,
1175 2781 1202 2803 ιιι
1229 2777 1333 2803 monuit
1353 2776 1529 2802 dot-tissimus
1545 2772 1702 2801 Cotelcrius
1726 2772 1837 2798 Monum.

1059 2812 1130 2838 Eccl.
1151 2811 1196 2838 Cr.
1214 2816 1279 2838 tum.
1296 2811 1327 2840 Il,
1347 2819 1406 2844 pag.
1425 2810 1484 2836 3‘30.

1093 2848 1147 2881 1‘63)
1171 2842 1406 2881 ’,ὶπιιιτισμένιις
1431 2845 1510 2872 Forte
1527 2843 1724 2880 ἁπηρτημένας
1743 2842 1821 2871 Eon.
