1907 3043
97 169 152 199 939

97 233 223 267 τορικαῖς
240 231 339 266 ὁρμαῖς
363 233 536 268 κεχρημένα·
564 233 632 268 ὅπερ
657 233 754 268 μανίας
780 233 896 269 ὑπάρχει

98 278 148 305 καὶ
174 277 265 308 ἀνοίας
293 278 421 313 ἐσχάτης,
448 279 494 305 τὸν
522 279 692 315 Δημιουργὺν
718 279 896 314 βλασφημεῖν,

98 324 148 351 καὶ
163 323 217 350 τῶν
232 323 344 358 ἀψύχων
358 324 584 359 καταψεύδεσθαι.

138 369 200 401 Πῶς
217 369 246 395 δὲ
263 370 287 395 οἱ
312 369 382 404 κριῷ
405 371 455 405 τὴν
481 371 586 404 γένεσιν
609 371 732 406 ἔχοντες.
750 370 822 397 οὑλοὶ
851 369 898 396 καὶ

101 415 230 451 χαροποὶ,
250 415 297 442 καὶ
314 418 509 452 προαιρετικοὶ,
527 417 574 443 καὶ
588 417 757 453 ποριστικοίς
775 416 898 452 Ὁρῶμεν

102 461 219 493 πολλοὺς
233 461 328 493 οὐλοὺς
343 462 393 497 μὲν
407 462 456 498 τὴν
477 463 567 498 τρίχα,
590 464 708 497 τυφλοὺς
729 463 757 490 δὲ
781 463 827 490 καὶ
849 463 900 489 οὐκ

101 506 252 542 εὐπόρους,
278 508 339 535 οὐδὲ
365 510 590 544 προαιρετικοὺς,
615 509 671 536 ἀλλ’
704 509 826 545 ἰταμοὺς,
852 509 900 535 καὶ

100 552 265 588 δυσπόρους,
278 553 324 580 κα)¹
334 554 492 589 ρυπημονας
502 555 568 590 (64),
578 555 626 581 καὶ
638 554 806 590 ρακοςρόρους
819 553 870 588 ἀγύ
876 563 901 590 ρ-

101 607 165 631 τας.
181 599 266 634 θύραν
282 599 314 625 ὲκ
330 599 415 636 θύρας
432 599 603 635 ἀμείϐοντας,
620 600 670 635 τῆς
687 600 825 636 ἐφημέρου
841 609 900 636 τρο-

104 645 160 681 φῆς
171 645 276 673 ἒνεκεν.
294 645 356 678 Πῶς
371 646 399 672 δὲ
412 646 436 673 οἱ
452 646 586 682 φαλακροὶ
601 645 617 681 ἢ
635 646 682 672 καὶ
706 645 864 680 ἁπλόκομοι,
882 645 899 680 ἢ

104 691 267 727 ἀμϐλυωποὶ
287 692 417 719 τάναντία
441 692 541 727 ἔχουσι,
563 692 678 718 πλοῦτον
701 691 748 718 καὶ
771 691 901 724 ἀφθονίαν

105 737 155 765 καὶ
167 737 294 773 ἠρεμίαν,
313 738 433 769 σπανίως
446 740 501 769 τοῖς
520 738 606 772 φίλοις
628 738 758 772 ὁμαίμοις
779 746 903 772 συναγει-

105 784 236 819 ρόμενοι;
251 784 371 816 Ποσάκις
397 784 425 810 δὲ
444 784 494 819 τῆς
515 784 629 820 ἡμέρας,
649 784 665 819 ἢ
686 784 734 819 τῆς
751 783 857 816 νυκτὸς,
877 783 902 810 οἱ

103 828 162 854 τῶν
179 828 326 863 βασιλικῶν
339 829 471 863 γενέσεων
493 828 684 855 ἀποτελοῦνται
701 827 900 864 σχηματισμοίῑ

104 874 151 902 δὴ
163 874 187 900 τί
204 874 240 909 μὴ
255 875 296 908 ἐφ’
311 875 428 909 ἑκάστης
441 874 586 908 γεννῶνται
602 874 735 910 βασιλεῖς;
749 874 765 909 ἢ
781 874 838 906 πῶς
849 874 902 900 πά-

104 920 148 946 λιν
170 921 303 956 πατρικαὶ
328 921 418 952 αὐτοῖς
439 921 605 956 ὑπάρχουσιν
633 921 661 947 αἱ
689 920 739 955 τῆς
765 919 902 954 βασιλείας

48 996 53 1000 ,
102 966 244 1002 διαδοχαί;
263 967 300 993 Οὐ
312 966 397 1002 δήπου
421 967 476 1002 γὰρ
496 968 611 999 ἕκαστος
633 967 687 994 τῶν
704 966 836 1001 βασιλέων
851 974 905 992 πα-

108 1013 332 1048 ρατετηρημένος
349 1014 388 1045 είς
404 1013 435 1039 τὸ
451 1013 590 1048 βασιλικὸν
611 1013 665 1040 τῶν
688 1013 796 1048 ἄστρων
812 1012 905 1048 σχῆμα

105 1059 153 1085 διὰ
172 1059 221 1095 τῆς
240 1060 307 1095 πρὸς
322 1059 370 1095 τὴν
391 1059 505 1095 σύμϐιον
524 1059 666 1091 κοινωνίας
685 1059 731 1086 τοῦ
753 1059 905 1094 ἐναρμόσαι

106 1103 166 1136 οἷὸς
182 1114 226 1132 τε·
242 1105 304 1132 οὔτε
321 1107 374 1141 γάρ
397 1115 438 1137 τις
457 1106 550 1141 κύριος
570 1105 617 1132 τοῦ
636 1105 768 1132 τοιούτου.
783 1104 845 1136 Πῶς
859 1102 906 1131 οὖν

117 1150 210 1183 Ὀζίας
230 1152 244 1178 ὁ
269 1151 393 1190 βασιλεὺς
419 1151 547 1186 ἐγέννησε
570 1151 615 1177 τὸν
645 1149 763 1185 Ἰωαθάμ
784 1149 905 1185 βασιλέα,

116 1196 239 1232 Ἰωαθάμ
252 1196 280 1223 δὲ
294 1197 338 1222 τὸν
357 1196 449 1231 Ἀχὰζ,
471 1196 555 1231 Ἀχάς
568 1196 594 1223 δὲ
614 1196 658 1223 τὸν
676 1195 811 1227 Ἐζεκίαν,
831 1191 907 1226 οὗτος

107 1242 138 1269 δὲ
153 1243 199 1270 τὸν
215 1243 375 1278 Μανασσῆν,
389 1239 466 1274 οὗτος
482 1242 510 1269 δὲ
526 1242 572 1268 τὸν
594 1241 716 1278 ’Λμμὼς,
729 1238 806 1273 οὗτος
819 1241 848 1268 δὲ
862 1241 907 1267 τὸν

115 1289 235 1322 Ἰωσίαν,
259 1285 337 1321 οὗτος
363 1289 392 1316 δὲ
420 1289 466 1315 τὸν
488 1288 611 1324 Ἰωαχὰζ,
637 1288 752 1319 ἕκαστος
783 1287 908 1323 βασιλεὺς

111 1334 241 1370 ﬂaminia;
268 1334 315 1361 καὶ
339 1334 426 1366 οὐδεὶς
449 1335 477 1360 ἐν
509 1334 601 1365 αὐτοῖς
620 1333 740 1368 οἰκετικῇ
767 1332 908 1367 συνέτυχεν

110 1381 174 1417 ὥρᾳ
188 1381 349 1416 γεννήσεως.
368 1381 485 1408 Ἔπειτα
499 1381 522 1406 εἱ
538 1381 585 1407 καὶ
599 1380 653 1405 τῶν
666 1379 735 1405 κατὰ
748 1379 846 1405 κακίαν
861 1379 909 1405 καὶ

108 1427 216 1463 ἀρετὴν
232 1427 428 1463 ἐνεργημάτων
447 1427 497 1453 οὐκ
511 1426 544 1453 ὲκ
559 1426 612 1452 τῶν
629 1426 671 1460 ἐφ’
687 1426 753 1461 ἡμῖν
769 1425 909 1460 ὑπάρχου-

112 1481 156 1500 σιν
176 1474 205 1499 αἱ
222 1473 315 1508 ἁρχαὶ,
340 1472 396 1500 ἀλλ’
416 1474 449 1499 ἐκ
475 1473 524 1507 τῆς
550 1473 701 1507 γεννήσεως
728 1472 756 1498 αι
780 1471 907 1504 ἀνάγκαι,

111 1519 236 1556 περιττοὶ
251 1520 300 1554 μὲν
312 1519 337 1545 οί
352 1518 493 1554 νομοθέται
509 1518 543 1545 τὰ
556 1517 650 1553 αἱρετὰ
664 1517 711 1543 καὶ
727 1516 829 1551 φευκτὰ
844 1516 910 1551 ἡμῖν

111 1564 262 1601 ὁρίζοντες,
282 1563 404 1599 περιττοὶ
431 1563 460 1589 δὲ
488 1564 512 1590 οί
537 1562 662 1589 δικασταὶ
684 1561 786 1597 ἀρετὴν
801 1570 909 1597 μετατι-

115 1611 222 1647 μῶντες
231 1610 308 1646 (64‘),
319 1610 418 1636 κακίαν
424 1609 452 1636 δὲ
463 1608 631 1641 κολάζοντες.
639 1608 675 1635 Οὐ
683 1607 736 1644 γὰρ
743 1607 788 1634 τοῦ
796 1607 910 1633 κλέπτου

112 1657 132 1693 ἢ
148 1655 197 1684 τοῦ
213 1656 315 1691 φονέως
339 1655 369 1682 τὺ
392 1655 525 1690 ἀδίκημα,
549 1651 589 1685 οἷς
607 1661 639 1687 γε
662 1653 722 1679 οὐδὲ
742 1652 912 1687 βουλομένοις

113 1704 229 1739 κρατεῖν
241 1703 291 1737 τῆς
307 1701 397 1737 χειρὸς
418 1698 473 1727 οἷόν
495 1709 536 1733 τε,
549 1699 593 1726 διὰ
605 1699 653 1734 τὴν
667 1698 714 1725 ἐπὶ
732 1698 781 1730 τὰς
799 1698 912 1734 πράξεις

113 1749 332 1782 κατεπείγουσαν
354 1747 451 1778 αὐτοὺς
471 1746 662 1782 ἀστρονομίαν,
678 1745 726 1772 καὶ
742 1744 791 1780 τὴν
812 1745 844 1771 ὲκ
862 1744 912 1779 τῆς

115 1795 288 1831 εἱμαρμένης
304 1795 426 1828 ἀνάγκην
443 1792 626 1826 ἐπικειμένην.

774 171 949 200 DMLOGUS
976 170 1010 199 ll.

1684 159 1737 188 930

949 231 1093 269 potestatis
1108 231 1228 259 motibus
1244 228 1348 256 utentia
1364 237 1371 255 :
1387 227 1412 254 id
1430 225 1502 261 quod
1518 228 1646 252 extrema:
1662 222 1738 249 insa«

948 281 1001 306 nite
1022 283 1103 313 atque
1123 276 1267 305 dementiae
1289 274 1380 305 fuerit,
1405 280 1465 300 cum
1489 269 1656 305 blasphemia
1673 276 1738 296 con-

946 325 1071 360 junctum
1089 322 1205 358 opiﬁcis,
1218 326 1245 349 et
1257 328 1318 348 cum
1336 318 1478 346 mendacio
1490 317 1524 344 de
1538 315 1705 343 inaniniatis.

984 368 1127 404 Quomodo
1141 372 1242 398 autem,
1263 365 1309 401 qui
1325 364 1359 392 ad
1377 364 1495 391 Arietcm
1518 368 1596 389 suam
1609 359 1739 387 nativita-

949 420 1005 444 tem
1019 414 1154 445 referunt,
1170 412 1255 446 crispi
1266 415 1294 438 et
1310 409 1436 445 gratiosi,
1451 412 1479 435 et
1496 408 1589 434 liberm
1612 405 1741 433 volunta-

951 462 997 493 tis;
1013 464 1040 488 et
1055 459 1154 486 divites
1165 457 1252 485 sunt?
1266 455 1399 483 Videmus
1414 454 1515 480 multos
1525 451 1636 486 quidem
1653 449 1740 476 crini-

949 507 1003 535 bus
1019 505 1130 540 crispis,
1149 503 1195 538 qui
1212 507 1303 529 tamen
1322 500 1388 527 caici
1403 503 1467 526 sunt
1482 503 1509 525 et
1535 496 1648 524 minime
1673 494 1741 522 divi-

950 557 1004 583 tes,
1021 558 1111 586 neque
1128 549 1213 577 libera
1229 547 1336 583 praediti
1364 543 1516 572 voluntatis
1527 542 1671 573 electione,
1691 540 1740 568 sed

952 597 1080 633 improbi,
1096 596 1129 623 ad
1147 597 1280 630 quaestum
1297 590 1450 619 faciendum
1465 589 1562 624 inepti,
1581 592 1607 614 et
1624 586 1739 616 sordidi,

951 648 978 672 et
997 641 1125 679 pannosi,
1139 636 1402 667 etcircuinforanci,
1422 635 1467 670 qui
1482 634 1596 669 januam
1619 639 1681 659 cutn
1703 631 1743 666 ja-

952 677 1008 718 nua
1024 691 1131 716 mutant
1146 684 1297 721 quotidiani
1321 682 1411 710 victus
1441 679 1610 714 adipiscendi
1642 677 1741 712 gratia.

953 734 1097 769 Quomodo
1111 737 1202 760 autem
1218 730 1265 766 qui
1293 728 1362 755 calvi
1391 730 1466 759 sunt,
1494 725 1535 752 vel
1560 723 1643 751 etiam
1666 722 1743 749 crine

954 767 1071 816 simplici
1087 782 1135 806 aut
1151 777 1248 804 hebete
1261 775 1333 805 visu,
1349 773 1487 800 diversum
1500 770 1612 801 habent.
1628 767 1741 796 divitias

953 828 1083 856 nimirum
1097 829 1125 852 et
1141 821 1336 851 abundantiam
1348 823 1430 854 atque
1443 817 1577 852 quietem,
1594 823 1660 842 raro
1675 822 1738 842 cuiu

955 874 1052 902 amicis
1063 868 1276 905 consanguineis
1283 864 1511 901 congredientes?
1521 862 1634 896 Quoties
1647 865 1739 887 autem

956 921 1000 947 die
1019 919 1060 947 vel
1092 921 1174 944 nocte
1200 915 1336 950 regiarum
1359 911 1532 939 nativitzitum
1564 908 1744 943 perﬁciuntur

956 965 1144 1000 ﬁgurationes,
1156 969 1242 996 quare
1258 967 1312 986 non
1320 957 1442 993 qualibet
1458 955 1517 982 vice
1531 962 1609 989 rcges
1623 959 1746 980 nascun-

956 998 1017 1039 tiii'?
1032 1009 1086 1036 Ant
1103 1006 1242 1043 quomodo
1264 1004 1360 1040 patriae
1387 1002 1454 1038 ipsis
1475 1000 1650 1027 intercedunt
1669 998 1745 1032 regni

957 1051 1317 1084 successiones?Niinirum
1331 1056 1386 1076 non
1402 1047 1491 1081 quivis
1509 1053 1558 1073 rex
1580 1045 1681 1080 regiam
1702 1050 1746 1069 as-

956 1107 1062 1129 trorum
1099 1098 1289 1134 ﬁgurationem
1318 1103 1366 1130 per
1389 1095 1492 1121 coitum
1519 1092 1582 1119 cum
1617 1093 1748 1117 consorte

957 1148 1022 1179 tori,
1048 1146 1104 1174 tilio
1138 1143 1328 1180 applicandam
1359 1141 1508 1168 observare
1531 1136 1629 1172 potuit.
1653 1135 1748 1169 Neque

957 1194 1029 1221 enim
1050 1192 1195 1227 quisquam
1211 1195 1270 1216 eam
1289 1195 1346 1214 rem
1360 1186 1442 1213 habet
1461 1185 1489 1211 in
1522 1185 1657 1218 potestate
1686 1188 1748 1207 sua.

958 1237 1102 1273 Quomodo
1119 1237 1205 1271 igitur
1219 1234 1300 1262 Ozias
1315 1241 1361 1260 rex
1389 1231 1483 1266 genuit
1505 1229 1683 1256 Joatbamum
1705 1233 1748 1252 re-

958 1293 1030 1321 gem,
1047 1283 1211 1312 Joathamus
1232 1288 1296 1308 vcro
1322 1279 1475 1308 Aehazum,
1500 1276 1628 1302 Acbazus
1657 1275 1749 1299 autem

959 1330 1125 1359 Ezecliiam?
1140 1329 1191 1355 liic
1214 1335 1279 1354 vero
1303 1325 1469 1354 Manasseui,
1500 1326 1527 1350 et
1559 1322 1583 1348 is
1606 1320 1749 1348 Amosuin.

959 1378 1004 1405 ille
1021 1384 1086 1404 vero
1100 1374 1215 1404 Josiam.
1233 1373 1278 1399 hic
1297 1375 1388 1398 autem
1408 1368 1586 1397 Joachasum,
1604 1364 1752 1399 unusquis-

959 1431 1012 1459 que
1029 1430 1076 1450 rex
1097 1420 1208 1456 regem?
1223 1423 1250 1446 et
1268 1418 1379 1453 quidem
1404 1416 1497 1444 nullus
1527 1420 1622 1441 eorum
1641 1412 1668 1438 in
1692 1418 1752 1437 ser—

960 1469 1040 1497 vilem
1058 1466 1212 1495 nativitatis
1229 1465 1324 1492 horam
1341 1462 1448 1490 incidit.
1478 1460 1581 1488 Deinde
1594 1451 1750 1486 si'vitiosa-

961 1522 1020 1541 rum
1035 1517 1063 1541 et
1080 1512 1173 1540 virtuti
1185 1514 1434 1538 consentanearum
1465 1506 1604 1534 actionum
1633 1510 1686 1530 non
1717 1509 1751 1528 ex

962 1560 1042 1587 nobis
1073 1557 1206 1593 principia
1236 1555 1367 1591 pendent,
1401 1553 1449 1581 sed
1475 1560 1507 1580 ex
1538 1547 1753 1578 necessitatibus

963 1605 1116 1633 nativitatis
1136 1613 1143 1631 :
1160 1602 1294 1638 superﬂui
1312 1605 1379 1629 sunt
1396 1601 1486 1635 legum
1507 1598 1609 1625 latores
1625 1594 1671 1629 qui
1690 1600 1752 1621 see-

963 1652 1046 1678 tanda
1058 1650 1242 1685 fugiendaqne
1256 1648 1336 1675 nobis
1352 1646 1498 1676 deﬁniunt,
1520 1641 1653 1677 snperllui
1679 1638 1755 1674 judi-

963 1706 1019 1728 ces.
1033 1697 1079 1732 qui
1092 1697 1221 1723 virtutem
1238 1694 1348 1730 quidem
1376 1693 1526 1723 honorant,
1548 1687 1753 1724 improbitatem

962 1751 1029 1770 vero
1043 1743 1171 1778 puniunt.
1188 1741 1280 1775 Neque
1294 1739 1367 1768 enim
1390 1739 1460 1766 l'uris
1477 1741 1524 1764 aut
1552 1733 1697 1763 homicidae
1722 1739 1755 1758 ea

964 1789 1066 1823 injuria
1090 1793 1143 1820 est,
1160 1787 1205 1822 qui
1222 1785 1376 1821 nequidcm,
1391 1785 1413 1811 si
1431 1783 1524 1812 velint.
1545 1788 1658 1808 manum
1677 1777 1755 1804 cohi-

118 1841 185 1868 bere
203 1843 328 1875 possunt,
346 1843 457 1874 propter
472 1841 615 1874 urgentem
634 1836 709 1871 ipsos
730 1835 764 1863 ad
788 1842 820 1863 ca
840 1835 927 1868 facta,
948 1840 1084 1862 astrorum
1109 1834 1194 1869 legem
1206 1853 1212 1865 ,
1231 1836 1257 1860 et
1274 1836 1385 1868 propter
1405 1829 1559 1865 impositam
1583 1826 1633 1853 sibi
1651 1832 1684 1851 ex
1702 1824 1756 1849 l‘alo

117 1885 322 1914 necessitatem.

156 1942 292 1976 Διελέγξω
312 1941 333 1967 δ’
350 1941 449 1973 αὐτοὺς
470 1941 518 1967 καὶ
541 1941 573 1967 ὲκ
595 1939 644 1974 τῆς
667 1938 721 1965 τῶν
744 1937 915 1974 πραγμάτων

121 1987 240 2015 καθόλου
260 1986 418 2021 μεταϐολῆς.
442 1986 498 2020 Πρὸ
524 1985 579 2019 γὰρ
602 1984 651 2019 τῆς
673 1983 832 2018 θεανδρικῆς
855 1983 915 2008 ἐπι-

121 2035 290 2068 ςοιτήσεως,
306 2032 415 2058 πάντων
431 2031 517 2057 ὲθνῶν
530 2029 780 2065 εἰδωλομανούντων
790 2049 796 2060 ,
811 2028 858 2054 καὶ
873 2027 917 2054 διὰ

121 2081 215 2114 πάσης
238 2078 390 2114 χοροὺντων
421 2077 561 2108 ἀσεϐείας,
596 2076 665 2112 μετὰ
689 2076 739 2110 τὴν
760 2075 850 2110 ἄφιξιν
874 2073 920 2101 τοῦ

122 2126 267 2161 θεάνδρου,
284 2124 328 2151 διὰ
350 2123 398 2150 τοῦ
414 2121 593 2158 εὐαγγελικοῦ
611 2121 789 2157 κηρύγματος
815 2121 832 2156 ὴ
854 2120 921 2155 πρὸς

123 2172 282 2199 θεοσέὸειαν
309 2171 405 2204 γέγονε
440 2169 597 2205 μεθίδρυσις
627 2175 635 2183 “
660 2168 709 2203 τῆς
741 2166 844 2202 πλάνης
874 2165 922 2201 μὲν

123 2218 250 2245 ἐκποδὼν
275 2216 450 2252 γενομένης.
484 2216 585 2252 ἀρετῆς
617 2215 645 2241 δὲ
677 2213 846 2248 τιμωμένης,
874 2212 923 2246 τῆς

123 2265 213 2300 αὐτῆς
228 2264 281 2290 τῶν
298 2263 406 2299 ἄστρων
423 2262 556 2298 μενούσης
569 2260 657 2295 ὄψεώς
670 2269 700 2286 τε
716 2260 764 2286 κα)⁵
781 2259 902 2288 στάσεως
912 2277 919 2289 ,

124 2311 157 2344 ἐξ
182 2311 317 2346 Ἑλλήνων
339 2318 367 2336 τε
390 2309 437 2336 καὶ
455 2308 588 2335 Ἰουδαίων
611 2306 657 2333 καὶ
680 2305 764 2332 ὲθνῶν
786 2304 921 2331 πλείστων

126 2355 362 2391 ἐπιστραφέντων,
380 2355 428 2381 καὶ
444 2352 554 2389 Χριστῷ
572 2350 751 2386 συνθεμένων.
766 2349 821 2376 Ποῦ
837 2346 883 2376 οὖν
898 2349 924 2375 οἱ

127 2401 239 2437 πρῶτον
262 2399 517 2434 καταναγκάζοντες
539 2398 637 2429 αὐτοὺς
654 2396 768 2430 ἀστέρες
781 2414 788 2427 ,
805 2394 924 2425 εἰδώλοις

130 2447 300 2476 ποτνιείσθαι
322 2446 394 2483 (65};
419 2445 470 2473 ποῦ
492 2445 520 2472 δὲ
541 2443 681 2470 λανθάνειν
707 2442 816 2469 ἐδόκουν
834 2441 858 2467 οἱ
877 2440 925 2466 νῦν

130 2494 202 2530 πρὸς
225 2493 380 2520 θεοσέϐειαν
402 2491 498 2523 αὐτοὺς
523 2489 727 2525 ὲπισπώμενοις
748 2489 779 2515 Ei
803 2487 831 2514 δὲ
858 2487 925 2522 μήτε

130 2541 291 2576 ἀφαίρεσις,
303 2540 371 2575 μήτε
379 2538 521 2574 προσθήκη
531 2538 564 2572 τῇ
575 2535 662 2571 χωρία
678 2535 734 2571 (66)
749 2534 803 2560 τῶν
818 2533 926 2575 ἄστρων

130 2571 255 2621 γέγονεν,
265 2571 376 2615 ἄκοντες
384 2571 599 2619 ὁμολογήσωσιν,
612 2581 662 2608 οὐκ
670 2580 702 2607 ἔκ
709 2588 782 2611 τινος
791 2571 927 2614 εἱμαρμέ-

131 2641 182 2667 νης
195 2632 212 2668 ἦ
230 2631 361 2665 ἀνάγκης,
379 2628 502 2665 ἁρετὴνῆ
516 2627 615 2655 κακίαν
642 2625 849 2662 ὲμϐιοτεύεσθαι
862 2624 879 2658 ἢ
889 2625 928 2650 αἱ·

140 2676 318 2714 ρεῖσθαι,ὰλλ¹
329 2677 362 2703 ἐκ
369 2676 418 2711 τῆς
425 2675 542 2702 ἑκάστου
551 2673 726 2706 αὑτεξουσίου
742 2671 927 2708 προαιρέσεως

138 2724 187 2752 ἐπὶ
207 2723 352 2759 αἱρεθέντα
376 2721 537 2758 χωροῦντος.
557 2720 648 2754 Ὅπερ
671 2718 764 2753 σαφῶς
787 2719 801 2744 ὁ
828 2716 929 2752 ὑψηλὸς

134 2770 280 2806 παριστῶν
302 2768 416 2800 Ἡσαΐας
433 2766 582 2803 διαρρήδην
598 2765 646 2801 βοᾷ
667 2765 700 2791 ἐκ
719 2762 867 2800 προσώπου
883 2761 929 2788 τοῦ

173 2861 230 2895 (δι)
247 2859 447 2895 Ῥυπιῇμοναᾳ
462 2857 614 2895 Cotelcrius
641 2855 780 2895 Μοηιιηιτυ
791 2853 868 2894 Eccl:

135 2889 202 2923 tom.
215 2895 259 2926 III,
278 2889 414 2929 pagi-660,
427 2889 552 2929 rescribit
568 2889 799 2929 punsipovagﬁic
821 2894 847 2914 rt
863 2889 933 2915 inl‘ra

138 2925 372 2966 ‘Metfﬂj'ccwll
387 2925 435 2964 pro
454 2925 611 2964 ρυπώμοσιν
629 2926 692 2962 legit
710 2925 882 2961 ρυῖτείμοσιν.

1005 1935 1140 1962 Refutabo
1154 1937 1243 1960 autem
1260 1932 1334 1966 ipsos
1352 1929 1433 1957 etiam
1452 1936 1484 1955 ex
1500 1924 1694 1953 universalium
1712 1927 1756 1947 re-

969 1990 1030 2009 rum
1044 1980 1203 2009 mutatione.
1212 1977 1279 2005 Nam
1290 1983 1351 2004 cum
1360 1979 1422 2001 ante
1430 1972 1576 2000 adventum
1586 1968 1670 1997 divini
1684 1967 1758 1994 illius

971 2027 1090 2056 hominis
1109 2033 1205 2053 omnes
1226 2026 1320 2058 gentes
1341 2021 1426 2048 cultui
1448 2023 1583 2047 astrorum
1599 2015 1697 2042 deditae
1714 2019 1759 2039 es-

971 2077 1031 2101 sent
1047 2077 1073 2100 et
1095 2072 1122 2099 in
1141 2071 1215 2098 omni
1231 2068 1387 2096 incederent
1416 2065 1565 2100 impietate,
1585 2065 1645 2096 post
1666 2065 1760 2086 acces-

971 2127 1031 2146 sum
1053 2117 1137 2144 divini
1155 2114 1285 2145 hominis,
1310 2120 1359 2148 per
1383 2110 1568 2145 evangelicani
1592 2104 1759 2141 puriﬁcatio-

971 2173 1045 2197 nem,
1069 2163 1102 2191 ad
1118 2162 1246 2198 pietatem
1264 2160 1336 2187 facta
1356 2157 1482 2185 transitio
1497 2159 1550 2186 est,
1572 2153 1684 2181 amolito
1700 2149 1762 2185 qui-

972 2211 1032 2238 dem
1046 2216 1149 2240 errore,
1165 2207 1267 2235 virtute
1283 2209 1374 2232 autem
1397 2204 1423 2230 in
1443 2201 1530 2238 pretio
1545 2200 1648 2230 habita,
1664 2196 1760 2224 eodem

974 2261 1111 2284 astrorum
1126 2257 1253 2281 manente
1267 2259 1328 2278 cum
1345 2252 1457 2284 aspectu
1474 2251 1530 2273 tum
1546 2242 1739 2273 constitutione
1755 2250 1762 2267 :
1791 2233 1795 2237 ’

975 2310 1007 2329 ex
1030 2299 1149 2331 (ira-cis,
1175 2302 1202 2326 ct
1224 2297 1340 2328 Jndmis,
1362 2299 1388 2322 ct
1413 2287 1764 2329 gentibus‘qnanipluriinis

974 2346 1132 2377 conversis,
1153 2348 1180 2372 et
1198 2342 1309 2370 Christo
1326 2339 1475 2375 adjunetis.
1492 2336 1544 2364 Ubi
1562 2336 1644 2370 igitur
1662 2334 1765 2368 priores

975 2393 1071 2424 stellae,
1087 2398 1147 2426 quae
1160 2389 1294 2424 cogebant
1305 2391 1367 2413 ante
1384 2385 1454 2412 idola
1466 2382 1624 2417 suppliciter
1639 2386 1765 2414 procum-

975 2438 1058 2466 bere?
1073 2437 1124 2464 Ubi
1147 2436 1254 2462 latitare
1270 2433 1442 2463 videbantur,
1457 2437 1517 2465 qua:
1534 2435 1606 2455 nunc
1626 2426 1659 2453 ad
1682 2425 1764 2460 pieta-

976 2489 1030 2512 tem
1044 2484 1119 2518 ipsos
1131 2480 1308 2518 pertrahunt?
1320 2478 1348 2505 Si
1359 2484 1424 2505 vero
1439 2483 1525 2510 neque
1535 2473 1671 2507 ademptio
1680 2477 1767 2505 neque

978 2529 1081 2556 additio
1101 2516 1206 2562 regioni
1229 2531 1366 2553 astrorum
1388 2521 1518 2556 contigit,
1539 2519 1582 2546 vel
1608 2517 1684 2544 inviti
1701 2516 1767 2543 fate-

978 2576 1090 2605 buntur,
1108 2581 1162 2600 non
1177 2579 1210 2599 ex
1223 2571 1315 2605 aliquo
1333 2569 1387 2594 l'ato
1405 2567 1446 2594 vel
1461 2564 1625 2593 necessitate
1641 2564 1767 2588 virtutem

979 2621 1215 2656 improbitatem“:
1232 2615 1386 2644 viventibus
1408 2612 1490 2640 inseri
1514 2615 1561 2638 aut
1581 2609 1701 2641 decerni,
1721 2607 1768 2634 sed

981 2676 1013 2696 ex
1030 2665 1246 2699 uniuscujusque
1262 2662 1346 2688 libera
1363 2658 1504 2695 potestatis
1525 2656 1657 2684 electione
1672 2662 1770 2680 unua.-

983 2721 1118 2750 quemque
1134 2721 1162 2740 se
1185 2710 1219 2738 ad
1240 2718 1270 2737 ea
1292 2715 1352 2744 quae
1369 2706 1459 2741 eli-git,
1482 2704 1616 2731 canterre.
1642 2700 1669 2727 ιιι
1696 2699 1770 2735 quod

984 2760 1129 2788 manifeste
1140 2758 1258 2786 eximius
1273 2754 1420 2782 ostendens
1435 2752 1531 2784 Isaias,
1548 2749 1698 2777 luculenter
1713 2746 1770 2774 cla-

1022 2849 1089 2884 (τίει)
1110 2845 1341 2884 Memmiana?
1358 2842 1427 2869 Loro
1443 2841 1494 2883 μὲν
1506 2839 1647 2884 τιμῶντες.
1660 2836 1741 2865 Enn.

1023 2876 1291 2914 ἶϋῆἵιιττγιεὶἔτθιιι.
1308 2879 1386 2905 Forte
1399 2877 1568 2914 ποτνιᾶσθαι.
1587 2876 1624 2901 1n.

1026 2912 1080 2955 (66)
1098 2919 1201 2952 Χίιγιίᾳ.
1218 2916 1297 2944 Folle
1313 2913 1416 2950 χηρείᾳ.
1440 2912 1475 2939 Ιν.
