1907 3043
175 151 227 181 991

180 214 238 238 inat
251 209 279 238 in
291 217 408 245 persona
423 209 471 238 Dei
484 219 492 238 :
508 209 540 239 Si
565 210 701 238 volueritis
715 217 739 239 et
754 209 970 239 auscultaveritis

180 255 256 288 mihi.
273 256 341 283 bona
357 260 436 284 teme
447 256 604 289 comedetis;
616 257 639 283 si
654 265 714 285 vero
728 257 879 290 nolueritis,
891 264 972 292 neque

180 301 396 329 auscultanrilis
410 303 487 335 milii,
511 303 617 338 gladius
634 311 678 331 vos
692 303 828 332 devorabil
841 312 850 331 :
864 312 925 331 nam
941 312 971 331 os

180 345 290 373 Domini
312 347 429 374 loculum
443 352 484 375 eu
499 347 552 375 ista
568 347 603 376 ".
627 347 687 384 Ipse
702 357 767 377 vero
781 348 809 378 in
825 348 972 384 Evangelio

181 393 349 421 concionans
363 392 496 422 Dominus
512 393 600 429 inquit
613 404 620 422 :
635 394 833 430 Hierosolyma,
848 394 973 423 Hieroso-

181 436 264 471 lyma,
281 445 340 471 quw
363 437 461 466 occidis
481 439 634 473 prophetas,
651 444 676 466 et
692 438 798 474 lapides
813 447 858 466 eoi
877 438 922 474 qui
937 437 972 466 ad

182 485 206 508 le
222 482 296 509 "riui
315 487 388 515 sunt,
404 483 505 518 quoties
521 483 593 510 valui
605 492 764 519 congregare
782 492 827 511 cos
846 482 895 511 sub
911 482 971 511 alas

182 536 266 559 meas,
282 528 503 563 quemadmodum
517 529 620 566 gallina
639 534 779 566 congregat
794 529 880 564 pullos
896 538 971 563 auos,

181 579 205 600 el
215 574 339 603 noluistis
346 575 369 591 ³⁸
379 576 386 603 ι
399 575 437 604 Ad
446 576 614 604 voluntatem
624 577 844 612 uniuscujusque
850 576 972 606 referens

181 621 320 655 sequenda
335 624 382 649 aut
396 621 518 655 vitanda,
538 626 565 650 et
589 629 643 650 non
664 623 697 650 ad
715 623 906 651 necessitatem
923 622 972 650 fati

181 671 229 694 aut
243 667 310 702 legis
324 673 472 696 astrorum.
487 667 547 696 Non
571 669 644 697 enim
664 675 822 705 peceatores
838 677 889 698 nos
911 677 972 699 esse

181 711 303 746 duceret,
318 713 341 741 si
357 714 466 742 illoruiii
482 714 590 743 insidiis
606 723 730 743 essemus
742 715 871 751 expositi.

395 804 657 833 INTERROGATIO
677 804 758 833 CXII.

216 850 295 883 Quod
315 850 339 879 si
354 851 429 879 nullo
444 852 485 880 vel
501 852 632 880 beneﬂcio
650 852 691 879 vel
714 851 814 887 injuria
831 859 864 880 ex
887 853 971 881 astris

181 896 336 924 iilliciuntur
349 897 486 930 homines,
511 897 649 933 quomodo
672 897 849 933 Evangelium
871 897 972 925 lunati-

181 951 229 971 cos
241 947 320 972 vocat
329 943 500 980 cpilepticos,
515 947 675 979 spumantes
690 947 717 971 ct
730 951 793 972 sese
805 943 974 971 lacerantes?

498 1035 652 1071 Responsio.

217 1080 364 1110 Lunaticos
381 1085 463 1109 vocat
487 1082 638 1110 secundum
661 1082 801 1118 vulgarem
822 1083 972 1111 multorum

180 1127 358 1160 sententiam,
375 1127 421 1162 qui
439 1127 466 1155 id
480 1127 553 1164 quod
571 1128 654 1155 altius
670 1132 712 1155 est
727 1127 822 1156 audire
836 1137 891 1156 non
907 1137 972 1165 pos-

181 1175 258 1200 sunt.
272 1172 500 1208 Quandoquidem
516 1174 588 1201 enim
601 1173 672 1201 luna:
686 1178 713 1201 et
727 1174 777 1202 soli
791 1178 820 1202 et
831 1175 914 1202 astris
927 1182 974 1203 ve-

181 1219 334 1246 nerationis
346 1219 449 1247 cultum
463 1219 630 1247 exhibebant
642 1219 768 1248 homines
786 1220 862 1252 vani.
876 1221 973 1249 volens

181 1265 258 1300 ipsos
273 1272 288 1291 a
304 1272 352 1292 sua
367 1269 498 1300 tanquam
514 1265 669 1301 perniciosa
687 1266 816 1301 opinione
831 1274 972 1299 revocare,
996 1272 999 1275 '

180 1311 263 1338 etiam
286 1311 516 1339 daemoniacorum
537 1319 650 1340 causam
673 1312 793 1340 ostendit
813 1312 917 1345 lunam,
942 1316 972 1340 ut

181 1356 221 1383 illi
240 1357 431 1392 supplicantes
450 1358 634 1393 languidiores
649 1358 724 1390 facti,
739 1358 773 1386 ab
789 1358 850 1394 ejus
862 1366 973 1386 venera-

181 1402 256 1430 tione
271 1403 421 1431 resilirent.
438 1402 498 1431 Non
514 1404 587 1432 enim
604 1404 631 1432 in
649 1405 798 1440 perniciem
815 1405 971 1432 mortalium

181 1449 327 1476 luminaria
348 1449 537 1478 universitatis
557 1450 724 1478 architectus
740 1450 877 1478 exstruxit
889 1450 972 1479 Chri-

181 1499 252 1528 stus,
267 1495 315 1522 sed
332 1495 490 1524 immundus
505 1496 619 1532 spiritus
633 1496 786 1524 observans
804 1496 832 1524 in
847 1496 915 1531 ipsis
932 1500 973 1523 ta-

181 1539 234 1568 lem
250 1539 380 1575 speciem,
396 1539 430 1568 ad
445 1541 632 1569 seducendum
647 1541 754 1577 aliquos
778 1541 921 1574 subduxit,
942 1546 972 1569 ut

181 1587 370 1615 inconstantes
384 1590 412 1614 et
426 1595 521 1622 parum
539 1587 611 1623 frugi
626 1588 755 1616 mortales
770 1588 804 1615 ad
821 1588 974 1624 praestigia-

181 1636 256 1660 tores
267 1636 296 1660 et
308 1632 342 1660 ad
357 1640 406 1660 eos
419 1633 518 1661 abeant
534 1639 641 1668 sponte,
656 1635 704 1670 qui
719 1642 734 1661 a
745 1633 811 1662 Jove
823 1635 918 1662 nutriti
933 1635 974 1662 vi-

180 1677 293 1710 dentur,
309 1678 438 1705 nimirum
453 1686 502 1714 per
515 1679 732 1707 iiicantationum
748 1680 932 1713 occasionem,
947 1684 974 1708 et

182 1730 258 1758 spem
276 1723 384 1751 levandi
401 1723 514 1750 malum.
533 1723 727 1759 Saepenumero
742 1728 833 1752 autem
849 1725 974 1753 videmus

182 1773 210 1796 et
221 1775 305 1796 canes
318 1768 435 1796 latenter
447 1769 474 1796 in
490 1777 541 1797 nos
554 1769 680 1804 irruere;
698 1777 787 1806 neque
800 1774 890 1798 tamen
907 1771 975 1798 dici—

183 1821 245 1842 nius
259 1814 352 1842 lunam
367 1822 479 1843 causam
498 1823 561 1844 esse
576 1823 685 1844 morsus
700 1820 748 1843 aut
766 1820 857 1844 motus
871 1816 976 1844 anima-

182 1859 228 1888 lis.
253 1860 286 1887 Et
310 1861 384 1888 servi
411 1869 599 1896 saepenumero
623 1869 685 1889 cum
705 1866 763 1889 toto
784 1861 848 1889 luna
871 1862 976 1890 lumine

183 1907 326 1942 splendet,
351 1906 385 1934 ad
407 1907 572 1943 capiendum
594 1906 686 1943 fugam
706 1913 838 1943 surgunt,
862 1912 889 1936 et
913 1907 975 1943 ejus

184 1952 288 1981 auxilio
301 1953 336 1981 ad
352 1953 522 1982 celeritatem
537 1958 660 1981 utuntur.
676 1952 746 1982 Num
764 1953 849 1989 Igitur
862 1961 975 1982 causam

184 1998 347 2027 temeritatis
368 1998 475 2035 fugitivi
495 1998 619 2027 dicemus
640 1999 754 2026 lunam?
782 1997 975 2034 Saepenumero

185 2044 250 2072 item
264 2048 291 2072 et
307 2044 480 2073 elleminatus
495 2045 578 2073 homo
592 2050 742 2073 nocturnas
757 2044 888 2072 tenebras
906 2044 976 2072 veri-

183 2093 229 2117 tus
250 2089 324 2117 domi
340 2090 461 2118 dormire
481 2091 606 2126 cogitur;
627 2091 691 2118 luna
712 2098 778 2119 vero
799 2098 847 2127 per
867 2094 976 2119 noctem

184 2135 302 2168 lucente,
322 2136 403 2164 citius
421 2136 454 2163 ad
473 2137 655 2173 prostibulum
677 2138 767 2165 instar
785 2137 850 2174 equi
874 2137 977 2165 lascive

185 2181 343 2217 prosiliens,
362 2182 500 2215 hinniens,
517 2187 546 2211 et
562 2190 690 2216 currens,
708 2183 742 2210 ad
755 2188 877 2211 scortum
897 2183 976 2211 latus

183 2228 269 2256 venit.
285 2227 355 2256 Num
373 2228 456 2265 igitur
472 2229 581 2258 itineris
602 2229 728 2258 scelerati
743 2236 827 2257 causa
842 2232 885 2258 est
899 2229 974 2262 luna,

183 2284 247 2312 qua:
269 2276 362 2304 divino
386 2280 522 2312 praecepto
546 2280 636 2305 terras
654 2277 725 2304 celo
750 2276 890 2311 subiectas
913 2276 976 2304 illu-

184 2321 274 2349 strat?
288 2321 392 2350 Cohibe
404 2329 497 2356 quaeso
517 2322 691 2357 temetipsum
705 2329 721 2349 a
735 2322 858 2350 lunatica
867 2322 977 2350 demen-

184 2369 242 2396 tia:
265 2368 405 2396 daemones
422 2369 494 2396 enini
513 2368 547 2396 iis
564 2369 611 2404 qui
629 2368 723 2397 faciles
740 2372 822 2405 captu
844 2373 918 2402 sunt,
935 2372 977 2395 ta-

183 2413 238 2442 cite
251 2414 278 2441 in
291 2414 399 2442 animos
411 2414 533 2442 inserere
546 2418 759 2448 consueverunt,
775 2417 805 2441 ut
820 2421 874 2441 non
887 2414 975 2442 solum

184 2459 331 2487 luminaria
342 2460 477 2488 malorum
489 2467 589 2490 causas
601 2467 662 2488 esse
674 2464 811 2492 asseram,
825 2459 874 2488 sed
887 2460 975 2495 ipsum

185 2506 268 2535 etiam
279 2506 406 2541 opificem
417 2506 492 2535 velut
508 2506 643 2534 malorum
658 2510 686 2533 et
697 2505 880 2534 exitiosorum
893 2505 978 2533 facto-

184 2560 242 2580 rem
261 2553 476 2582 calumnientur.
497 2552 551 2586 Qui
568 2560 634 2581 vero
652 2552 732 2581 fidem
759 2552 813 2580 illis
835 2552 976 2585 adhibent,

184 2606 239 2627 non
251 2598 337 2627 Deum
353 2599 402 2628 sed
416 2600 536 2628 cinerem
548 2599 665 2628 adorant
676 2599 705 2627 in
718 2599 867 2635 parricida,
884 2606 918 2627 eo
931 2599 979 2634 qui

216 2681 239 2697 "
258 2681 313 2710 lsa.
330 2689 350 2714 i,
366 2680 400 2709 l9
428 2681 474 2709 20.
511 2681 535 2698 ⁸⁸
555 2680 650 2709 Matth.
667 2688 746 2714 xxiii,
760 2681 805 2709 57.

220 2765 277 2800 (67)
298 2766 528 2794 Ἇποκτενοῦσα.
547 2765 628 2794 Forte
643 2766 853 2793 ἀποκτείνουσα.
870 2765 950 2793 Enrr.

232 2800 278 2836 68)
298 2801 349 2833 Ὧς
360 2801 409 2828 ἐπὶ
421 2801 534 2836 βλάϐῃ.
548 2801 629 2829 Forte
640 2802 677 2833 ὡς
693 2801 865 2833 ἑπιϐλαϐοὖς.
881 2800 920 2828 Ιι).

232 2835 278 2872 [59)
292 2836 470 2872 Σεληνικῆς.
483 2835 565 2872 Forte
583 2836 757 2872 σεληνιακῆς.
774 2837 810 2864 lo.

232 2871 277 2904 το)
293 2872 344 2898 Διὰ
364 2871 416 2898 τοῦ
431 2879 518 2905 amp.
538 2871 588 2898 llic
610 2870 729 2900 Cmsarii‘
748 2873 824 2898 lorus
845 2879 877 2898 cx
895 2870 975 2898 Reco-

185 2906 332 2941 gniliunum
348 2905 574 2934 Clemenlinarum
589 2907 636 2936 lib.
653 2915 681 2941 κ,
700 2915 758 2942 εει),
777 2906 813 2935 ‘23
826 2915 903 2944 seqq.
920 2907 976 2935 lor-

727 149 757 179 S.
771 148 924 178 CESARII
943 147 1114 178 GBEGORll
1133 146 1284 176 FRATRIS

1763 144 1822 174 99!

1023 207 1102 235 Θεοῦο
1116 207 1188 235 Ἐὰν
1198 206 1369 241 θέ.ίητε,καί
1380 205 1575 236 εισακούσετέ
1585 213 1653 240 μου,
1665 204 1703 233 τὰ
1715 204 1821 240 ἀγαθὰ

1023 253 1078 288 τῆς
1092 253 1148 289 τῆς
1162 254 1294 288 φάγεσθε
1312 260 1318 266 ·
1337 252 1364 279 el
1377 251 1462 287 δὲμὴ
1482 251 1599 286 θέλητε,
1617 250 1671 285 καί,
1681 249 1729 286 μὴ
1751 251 1820 278 εἰσ-

1022 297 1168 326 ακούσετέ
1188 307 1247 333 μου
1256 317 1264 330 ,
1278 297 1411 333 μάχαιρα
1423 296 1503 332 ὑμᾶς
1516 295 1669 324 κατέδεται
1684 304 1692 311 ·
1706 296 1740 323 τὸ
1759 296 1820 331 τὰρ

1022 345 1120 380 στόμα
1136 345 1246 380 Κυρίου
1262 343 1395 378 uanae
1409 343 1516 371 ταῦτα.
1539 343 1626 374 Auro;
1637 342 1667 369 δὲ
1681 343 1710 369 ὲν
1724 343 1821 376 Εὐαγ-

1021 391 1121 427 γελίοις
1145 389 1285 427 θεηγορῶν
1301 391 1315 417 ὁ
1340 389 1460 426 Κύριος,
1477 389 1574 425 φησιν·
1605 387 1821 423 Ἰερουσαλὴμ,

1027 437 1232 473 Ἰερουσαλὴμ,
1242 437 1261 472 ἡ
1274 436 1484 464 ἀποκτενοῦσα
1493 435 1549 472 (67)
1560 435 1630 469 τοὺς
1645 434 1818 470 προφήτας,

1021 483 1072 511 καί
1090 482 1292 510 λιθοϐολοῦσα
1313 481 1383 515 τοὺς
1399 480 1662 516 ἀπεσταλμένους,
1681 480 1821 514 ποσάκις

1021 528 1159 563 ἠθέλησα
1166 528 1350 563 συναταγεῒν
1360 527 1438 563 ὑμᾶς
1448 526 1507 555 ὑπὸ
1519 526 1574 560 τὰς
1585 524 1736 561 πτέρυγάς
1743 534 1820 561 μου,

1022 574 1059 603 ὃν
1074 576 1186 611 τρόπον
1205 575 1287 610 ὄρνις
1308 575 1434 611 συνάγει
1447 576 1485 603 τά
1502 574 1615 602 γοσσιὰ
1629 572 1753 608 ἑαυτῆς,
1765 573 1819 601 καὶ

1021 621 1287 656 οὺκκήθελήσατεί
1310 622 1358 650 ἐπὶ
1375 623 1406 650 τὸ
1426 622 1514 649 θέλειν
1531 621 1647 648 ἑκάστου
1667 620 1820 656 ἀναφέρων

1020 666 1055 694 τά
1076 667 1188 702 αίρετά,
1207 668 1224 703 ἢ
1240 667 1363 703 φευκτά,
1385 667 1432 695 καὶ
1452 668 1503 694 οὐκ
1527 667 1570 694 ἐπ’
1587 665 1696 701 ἀνάγκῃ
1715 666 1820 701 εἱμαρ-

1023 713 1109 749 μένης
1125 713 1142 749 ἢ
1158 714 1350 751 ἀστρονομίας.
1377 714 1416 741 οὐ
1430 713 1485 750 γὰρ
1499 713 1622 749 ἡγήσατο
1633 713 1709 748 ἡμᾶς
1722 712 1820 747 ἀμαρ-

1021 759 1161 794 τάνοντας,
1182 761 1262 797 εἴπερ
1280 760 1331 795 τῆς
1344 759 1456 787 ἐκείνων
1475 758 1615 795 μεθοδείας
1632 756 1818 793 ὑπεκείμεθα.

1309 805 1435 833 ΠΕΥΣΙΣ
1454 805 1527 832 PlB’.

1057 850 1113 878 Καὶ
1128 851 1152 878 εἱ
1169 851 1253 887 μηδὲν
1269 852 1301 878 ὲκ
1313 851 1367 878 τῶν
1379 851 1488 887 ἄστρων
1500 850 1711 886 εὐεργετῶνται,
1727 850 1746 886 ἢ
1759 849 1819 877 άδι-

1025 896 1135 924 κοῦνται
1158 897 1183 924 οἱ
1207 897 1356 933 ἂνθρωποι,
1380 897 1438 929 πῶς
1461 897 1491 924 τὺ
1509 897 1675 932 Εὖαγγέλιον
1688 896 1819 932 σεληνια-

1024 942 1156 978 ζομένους
1180 943 1254 978 λέγει
1273 944 1337 976 τοὺς
1359 943 1573 979 ἐπιληπτικοὺς,
1592 942 1749 979 άφροῠντας
1769 941 1819 969 καὶ

1024 989 1209 1024 ρησσομένους
1223 998 1231 1023 ;

1329 1035 1511 1070 Ἀπόκρισις.

1059 1082 1305 1118 Σεληνιαξομένους
1330 1082 1414 1118 φησὶ,
1435 1081 1506 1110 κατὰ
1528 1081 1579 1117 τὴν
1600 1080 1747 1118 πρόχειρον
1762 1080 1819 1107 τῶν

1024 1128 1129 1156 πολλῶν
1141 1129 1279 1162 ὑπόνοιαν,
1301 1128 1338 1164 μὴ
1352 1127 1513 1164 χωρούντων
1528 1127 1642 1154 ἀκοῦσαι
1662 1127 1693 1154 τὺ
1714 1126 1817 1162 ὑψηλά·

1023 1183 1112 1211 τερον.
1130 1175 1207 1202 Ἐπεὶ
1222 1174 1276 1211 γὰρ
1296 1173 1410 1210 σελήνῃ,
1434 1173 1481 1200 καὶ
1497 1172 1580 1208 ἡλίῳ,
1592 1173 1639 1200 καὶ
1658 1172 1771 1208 ἄστροις
1787 1171 1819 1198 τὸ

1024 1220 1106 1252 σέϐας
1121 1220 1257 1256 ἀπένεμον
1268 1219 1294 1246 οί
1310 1219 1518 1256 ματαιόφρονες,
1539 1218 1700 1254 βουλόμενος
1717 1218 1818 1249 αὐτοὺς

1023 1267 1179 1302 ἀπαγαγεῖν
1191 1268 1241 1302 τῆς
1256 1266 1360 1298 οἰκείας
1373 1265 1465 1302 δόξης,
1479 1265 1516 1298 ὡς
1530 1265 1576 1291 ἐπὶ
1588 1264 1675 1301 βλάϐῃ
1686 1264 1755 1299 (68),
1770 1265 1819 1292 καὶ

1023 1311 1112 1338 αίτίαν
1137 1311 1191 1338 τῶν
1214 1310 1413 1346 δαιμονούντων
1436 1309 1486 1346 τὴν
1511 1309 1626 1346 σελήνην
1653 1309 1816 1344 ὑποφαίνειο

1023 1359 1097 1392 ὅπως
1119 1357 1306 1394 ναρκήσαντες
1320 1358 1345 1384 οἱ
1362 1356 1456 1393 ἐκείνῃ
1469 1356 1660 1392 ποτνιώμενοι,
1674 1357 1818 1392 ἀποπηδής

1024 1413 1091 1432 σωσι
1103 1404 1150 1431 τοῦ
1162 1403 1267 1430 είκαίυυ
1281 1403 1463 1438 σεϐάσματος.
1486 1403 1523 1430 οὺ
1541 1403 1597 1439 γάρ
1613 1403 1659 1429 ἐπὶ
1669 1403 1744 1439 λύμῃ
1756 1402 1819 1439 βρο-

1022 1451 1078 1477 τῶν
1098 1450 1162 1482 τοὺς
1180 1449 1329 1485 φωστῆρας
1347 1449 1362 1476 ὀ
1375 1449 1422 1476 τοῦ
1437 1449 1538 1481 παντὸς
1558 1449 1730 1485 ἀρχιτέκτων
1746 1449 1816 1476 ἐδεί-

1025 1505 1094 1532 ματο
1106 1496 1234 1532 Χριστὸς,
1246 1495 1304 1523 ἀλλ’
1319 1495 1474 1531 ἀκάθαρτον
1487 1494 1596 1531 πνεῦμα
1609 1495 1759 1532 ἐπιτηροῦν
1769 1496 1817 1523 αὑ-

1025 1543 1080 1574 τοῖς
1089 1542 1118 1569 τθ
1129 1541 1228 1569 τοιόνδε
1243 1541 1346 1577 σχῆμα,
1358 1541 1540 1574 ἐπιτωθάζειν
1550 1542 1622 1568 τισὶν
1631 1541 1816 1578 ὑπαγόμενον.

1024 1588 1087 1620 τοὺς
1115 1587 1244 1623 εὖρίπους
1268 1587 1316 1615 καὶ
1335 1587 1496 1622 άνερίστους
1517 1587 1622 1624 βροτῶν
1646 1588 1695 1615 ἐπὶ
1716 1589 1817 1624 γόητας

1024 1634 1072 1661 καὶ
1089 1634 1239 1670 διοτρεφεῖς
1261 1634 1433 1670 αὐτομολεῖν,
1454 1635 1590 1670 προφάσει
1612 1634 1744 1670 ἑπαοιδῆς
1770 1633 1817 1661 καὶ

1024 1680 1071 1707 τοῦ
1087 1679 1256 1716 ᾱοχλοῦντος
1275 1680 1432 1717 άνακωχῆς.
1458 1680 1591 1713 Πολλάκις
1604 1681 1633 1708 δὲ
1649 1681 1759 1717 ὁρῶμεν
1770 1680 1816 1707 κύ-

1024 1734 1074 1758 νας
1090 1726 1212 1762 κρύϐδην
1229 1726 1428 1762 ὲφαλλομένους
1439 1726 1523 1762 ἡμῖν,
1536 1727 1584 1754 καὶ
1606 1726 1637 1754 οὖ
1657 1735 1748 1762 φαμεν
1767 1726 1815 1762 τήν

1026 1771 1141 1808 σελήνην
1160 1772 1251 1799 αίτίαν
1265 1772 1313 1799 τοῦ
1327 1772 1477 1808 δήγματος,
1497 1773 1515 1808 ἢ
1527 1773 1577 1809 τῆς
1594 1772 1642 1800 τοῦ
1656 1771 1728 1805 {dion
1743 1773 1816 1807 κινή-

1026 1825 1105 1850 σεως.
1115 1818 1170 1846 Καὶ
1176 1818 1285 1854 οἰκέτης
1291 1819 1432 1851 πολλάκις,
1441 1818 1620 1855 πληρηφαοῦς
1630 1818 1814 1854 ὑπαρχούσης.

1026 1863 1094 1899 πρὸς
1105 1863 1269 1899 δραπέτειαν
1279 1863 1395 1900 ἠγέρθη,
1402 1863 1440 1900 τῷ
1451 1865 1558 1900 ἐκείνης
1567 1864 1637 1898 φωτὶ
1649 1864 1740 1900 βοηθῷ
1750 1864 1815 1900 πρὸς

1025 1908 1180 1935 ὼκυποδίαν
1194 1907 1344 1944 χρώμενος.
1359 1907 1424 1945 ⁷Αρ“
1433 1906 1480 1936 οὖν
1493 1908 1681 1944 αἱτιασὼμεθα
1694 1909 1746 1944 τῆς
1756 1909 1815 1935 δυσ-

1026 1952 1136 1985 ϐουλίας
1150 1952 1197 1980 τοῦ
1213 1953 1379 1989 ὐποδράντος
1396 1953 1446 1990 τήν
1461 1954 1599 1989 φαίνακας
1619 1954 1675 1981 Καὶ
1685 1956 1700 1981 ὁ
1720 1953 1815 1990 λάγνος

1025 1999 1157 2032 πολλάκις
1177 1999 1208 2026 τὸ
1224 1999 1331 2027 νύκτιον
1352 2000 1448 2033 σκότος
1469 1999 1573 2034 δεδιὼς,
1591 2000 1661 2028 οἴκοι
1676 2001 1815 2028 καθεύδειν

1025 2045 1165 2081 ἐπείγεται
1174 2054 1182 2062 ·
1194 2047 1228 2082 τῇ
1241 2046 1270 2073 δὲ
1281 2046 1381 2084 σελήνῃ
1391 2046 1634 2082 καταυγαζομένης
1645 2047 1696 2083 τῆς
1710 2048 1812 2079 νυκτὸς,

1026 2089 1122 2118 θᾶττον
1139 2090 1185 2117 ὲπὶ
1200 2090 1231 2117 τὸ
1251 2091 1461 2127 χαμαιτυπεῖον,
1478 2091 1561 2118 ῖππου
1577 2091 1655 2127 δίκην
1671 2092 1813 2128 κροαίνων,

1027 2135 1196 2172 χρεμετίζων
1214 2137 1262 2164 καὶ
1282 2136 1362 2170 θέων,
1379 2134 1446 2173 ἧκεν
1470 2136 1640 2173 ἑπισκαίρων
1660 2139 1695 2173 τῇ
1710 2138 1812 2174 ἑταίρα,

1026 2179 1090 2218 Ἆρ’
1104 2179 1150 2209 οὖν
1157 2181 1207 2218 τῆς
1221 2181 1376 2218 μιαιϐαδίας
1386 2182 1461 2209 αίτία
1473 2182 1490 2218 ή
1503 2182 1539 2218 γῇ
1553 2181 1599 2208 ὑπ’
1610 2182 1726 2218 οὐρανὸν
1737 2190 1814 2209 κατα-

1029 2228 1174 2264 λάμπουσα
1189 2228 1254 2264 θείῳ
1270 2229 1465 2264 προστάγματι
1479 2237 1487 2261 ;
1504 2226 1587 2264 Εἶργε
1604 2228 1703 2255 σαυτὸν
1716 2230 1763 2264 τῆς
1775 2236 1814 2255 σε-

1027 2275 1141 2311 ληνικῆς
1150 2275 1207 2311 (69)
1220 2275 1376 2310 παροινίας.
1392 2275 1455 2307 Τοῖς
1468 2275 1523 2311 γάρ
1535 2274 1680 2307 ausum“;
1692 2275 1813 2311 δαίμονες

1027 2321 1205 2356 ὺποσπείρειν
1225 2321 1369 2354 είὼθασιν,
1388 2321 1418 2348 οὐ
1439 2321 1520 2356 μόνον
1537 2321 1601 2353 τοὺς
1615 2321 1762 2357 φωστῆρας
1776 2321 1814 2348 αἱ·

1026 2366 1134 2394 τιᾶσθαι
1145 2366 1200 2393 τῶν
1210 2366 1314 2399 κακῶν,
1326 2367 1394 2394 ἀλλὰ
1407 2368 1456 2394 καὶ
1467 2367 1548 2394 αὑτὸν
1558 2367 1608 2403 ήδη
1621 2367 1668 2395 τὸν
1682 2369 1812 2403 Δημιουρ-

1027 2413 1075 2448 γὸν
1092 2413 1130 2446 ὡς
1145 2413 1254 2449 φαύλων
1270 2413 1318 2441 καὶ
1343 2413 1502 2450 φθαρτικῶν
1520 2413 1636 2449 ποιητὴν
1649 2413 1811 2440 διαϐάλλειν

1027 2461 1051 2487 οί
1065 2460 1094 2487 δὲ
1106 2460 1211 2493 τούτοις
1222 2459 1388 2496 πειθόμενοι,
1400 2460 1431 2486 οὐ
1446 2459 1507 2496 Θεῷ
1519 2459 1587 2486 άλλά
1598 2459 1689 2495 σποδῷ
1700 2467 1813 2495 προσκυ-

1028 2506 1114 2540 νοῦσι,
1131 2506 1176 2533 διὰ
1197 2506 1244 2533 τοῦ
1264 2506 1428 2542 πατραλοίου
1439 2506 1496 2543 (70)
1509 2507 1557 2533 καὶ
1573 2505 1629 2533 τῶν
1646 2506 1756 2534 οίκείων
1772 2505 1811 2533 τέ-

1029 2561 1101 2579 κνων
1120 2553 1183 2584 τοὺς
1200 2552 1306 2588 γάμους
1325 2552 1500 2588 φθείραντος,
1525 2552 1573 2579 καὶ
1593 2552 1623 2579 ὲν
1645 2551 1726 2588 τάφῳ
1745 2552 1811 2588 παρά

1029 2598 1122 2634 Κρησὶ
1135 2598 1284 2635 φθαρέντος
1293 2607 1299 2614 ι
1316 2599 1386 2635 ὅπερ
1397 2598 1448 2626 οὐκ
1462 2598 1520 2626 ἔστι
1537 2596 1612 2625 θεοῦ.
1624 2595 1666 2624 οὺ
1684 2597 1739 2634 μὴν
1752 2597 1812 2626 ἀλλὰ

1026 2768 1130 2795 matus,
1144 2763 1263 2798 pessime
1282 2768 1298 2788 a
1319 2761 1442 2798 librariis
1453 2763 1585 2798 acceptus
1607 2758 1670 2787 fuit.
1687 2758 1735 2787 Sic
1747 2759 1808 2798 enim

1027 2800 1056 2827 iii
1069 2794 1185 2833 vulgatis
1198 2798 1308 2833 legitur,
1320 2796 1365 2823 διὰ
1378 2796 1425 2833 τοῦ
1434 2794 1593 2833 γπατραλοία
1653 2794 1808 2830 παρακρίσει

1027 2830 1176 2874 φθαρῘΗίιε
1188 2830 1252 2860 vero
1267 2832 1336 2873 nihil
1351 2832 1423 2872 vidit_
1433 2830 1580 2874 interpres.
1602 2830 1704 2871 Locum
1716 2834 1808 2892 ,ἔωσι

1027 2869 1182 2892 pilidimus.
1208 2871 1329 2892 restituit
1349 2866 1521 2892 rediliditnue
1537 2866 1692 2892 Lotelerius
1712 2874 1727 2892 a
1766 2863 1808 2891 Re.

1027 2863 1183 2901 edidimus}
1208 2868 1329 2896 restituit
1349 2863 1521 2902 reddiditque
1535 2866 1692 2902 potelerius
1712 2863 1747 2892 ad
1753 2863 1808 2902 _R_e—

1027 2906 1124 2942 cogm't.
1136 2905 1155 2933 l.
1164 2913 1189 2933 υ.
1203 2904 1249 2940 qui
1261 2908 1288 2934 et
1300 2902 1458 2939 suspicatur
1471 2900 1521 2938 pro
1531 2901 1577 2929 διά
1591 2900 1736 2937 legendum
1746 2900 1804 2933 Διὸς.
