1907 3043
87 137 140 166 997

86 202 185 229 χυσιν,
208 193 247 225 ὡς
270 193 316 220 ἐπὶ
337 192 415 228 τύπῳ
430 192 483 219 τινὶ
499 192 704 228 διατεινομένην
724 190 762 227 τῷ
776 192 888 219 ὑποκει-

87 239 165 274 μένῳ
177 237 225 265 τοῦ
245 238 322 274 ἡλίου
343 238 422 274 δίκην
444 238 559 270 σικύας,
582 238 625 264 διὰ
644 238 698 264 τῶν
715 237 833 264 ἀκτίνων
855 237 891 264 τὰ

86 283 158 318 νέφη
176 283 351 317 συνάγοντος,
367 284 414 310 καὶ
431 283 525 318 ὥσπερ
545 284 664 320 καυτῆρι
678 283 718 319 τῷ
732 282 827 319 θερμῷ
841 283 891 315 τὰς

87 329 235 365 ὐδροχύους
249 329 352 364 φλέϐας
367 329 606 365 ἀναξηραίνοντος.

386 466 512 494 ΠΕΥΣΙΣ
529 466 602 493 PIA’.

127 514 165 541 Τὸ
187 513 238 550 μὲν
264 513 410 549 ἀρχέγονον
430 513 525 544 σκότος
545 509 627 544 εἶπας
648 512 681 548 τῇ
708 511 829 539 διατάσει
842 511 890 539 τοῦ

87 559 218 595 οὐρανίου
233 559 374 593 γεγονέναι
391 558 582 594 σώματος,καὶ
590 557 619 585 εὖ
634 557 691 593 ἔχει
705 558 768 592 napi.
781 557 888 584 τούτου.

89 605 155 635 Πῶς
170 605 199 631 δὲ
213 605 263 641 τὴν
280 605 366 632 νύκτα
380 605 489 640 ὁρῶμεν
501 605 662 640 αὐτομάτως
677 604 834 640 γινομένην,
845 604 891 631 οὺ-

88 652 147 679 δενὶ
161 652 238 687 τόπῳ
246 652 301 687 {79)
317 653 434 678 ὲκτυπου
440 651 539 687 μένηνς

406 698 587 732 Ἀπόκρισις.

133 745 277 781 ’Δνωτέρω
295 744 345 780 μὲν
361 745 407 772 τὸν
425 744 491 780 περὶ
507 743 602 775 νυκτὸς
613 743 774 771 ἀποδέδωκα
793 742 888 778 λόγον-

89 791 201 827 ἀμυδρᾷ
217 791 246 817 δὲ
261 790 308 817 καὶ
323 790 370 817 νῦν
390 789 474 817 εικόνι
493 790 666 825 χρησάμενος
680 787 825 821 ἀποδείξω,
842 788 891 824 μὴ

88 839 256 875 αὐτομάτως
276 838 360 874 αὐτὴν
382 838 574 869 συνίστασθαι,
599 836 667 872 μηδὲ
679 836 732 869 ἔξω
747 835 798 871 τῆς
817 835 891 868 θείας

89 885 194 921 χειρός.
212 885 319 919 Ὥσπερ
339 884 393 919 γὰρ
418 884 441 910 οἱ
469 883 569 919 πύργοι
593 883 646 909 ὑπὸ
667 882 722 909 τῶν
741 882 889 917 οἰκοδόμων

90 933 260 968 ἐγείρονται,
284 931 331 957 καὶ
349 930 385 957 τὰ
402 929 547 965 λαξευτὰῆ
567 928 690 964 χωνευτὰ
702 928 754 955 ὑπὸ
766 928 888 964 τεχνίτου

88 977 185 1014 χειρὸς
201 976 388 1011 διαγλὺφεται,
404 976 438 1002 τὰ
454 975 482 1002 δὲ
502 974 592 1002 αὐτῶν
613 974 825 1010 ἀποσκιάσματα
840 975 889 1010 οὐχ

90 1023 146 1050 ὑπὸ
161 1022 285 1058 τεχνίτου
305 1021 427 1056 γίνεσθαι
443 1020 563 1056 πέφυκεν
573 1041 580 1053 ,
605 1020 664 1047 ἀλλ’
679 1020 731 1047 ὑπὸ
755 1020 809 1048 τῶν
823 1021 888 1056 παρ’

90 1068 209 1096 ἐκείνων
227 1067 383 1103 γενομένων
402 1067 592 1095 ἀποτελεῖται·
613 1068 637 1093 εἰ
659 1063 705 1093 οὖν
722 1066 770 1093 καὶ
789 1066 891 1102 θάτερα

90 1114 220 1150 θατέροις
228 1114 290 1141 τινὰ
303 1113 508 1149 παρυφίσταται
520 1113 600 1148 τύπῳ
608 1112 680 1145 τινὸς
689 1112 890 1148 ἐκτυπούμενα,

89 1160 151 1188 ἀλλ’
168 1158 216 1187 οὖν
229 1169 261 1195 γε
279 1160 304 1186 ot
323 1160 404 1186 τύποι
421 1160 468 1186 ἀπ’
486 1159 575 1195 ἀρχῆς
595 1159 647 1186 ὑπὸ
661 1160 782 1195 τεχνίτου
801 1160 892 1194 χειρὸς

89 1207 238 1241 γεγόνασι’
248 1206 295 1233 καὶ
308 1207 325 1242 ἡ
338 1205 386 1239 νὺξ
396 1206 486 1233 τοίνυν
498 1207 549 1233 οὐκ
560 1206 702 1242 αὐτομάτη
720 1206 891 1238 συνίσταται,

90 1254 164 1281 ἀλλὰ
174 1254 224 1288 τῆς
239 1254 338 1289 χέρσου
356 1253 474 1289 ὑπάρχει
483 1252 672 1288 ἀποσκίασμα,
686 1252 776 1285 καθὼς
792 1252 891 1289 μικρὸν

91 1301 210 1336 ὓστερον
237 1299 389 1333 ἀποδείξω,
418 1299 466 1327 νῦν
492 1300 567 1336 ἡμᾶς
583 1299 631 1326 τοῦ
656 1298 751 1335 καιροῦ
775 1299 821 1326 ἐπὶ
842 1299 892 1334 τὴν

91 1346 171 1374 θείαν
185 1346 240 1373 τῶν
257 1347 397 1382 μυστικῶν
415 1345 527 1382 τελετὴν
551 1345 751 1378 συνωθοῦντος,
781 1345 828 1372 καὶ
844 1345 891 1372 τοῦ

91 1395 105 1420 Θ
111 1393 189 1422 ιὰσου
201 1401 237 1420 κα
242 1393 420 1429 ραδοκοῦντος
425 1413 431 1420 .

129 1481 193 1517 (79)
211 1483 302 1515 ΐόπῳ.
317 1482 399 1509 Forte
413 1481 500 1517 τύπῳ.
521 1481 570 1508 En.

311 1681 586 1725 ΔΙΑΛΟΓΟΣ
621 1679 684 1724 Γ’.

382 1839 506 1865 ΠΕΥΣΙΣ
526 1839 600 1866 ΡΙΕ’.

129 1896 204 1928 Χθὲς
227 1897 276 1931 τῆς
296 1895 370 1931 ὧρας
393 1895 624 1930 κατεπειγούσης,
638 1895 757 1931 σήμερον
775 1897 842 1931 ἡμῖν
859 1896 894 1922 τὰ

92 1942 213 1977 λείψανα
227 1942 277 1976 τῆς
294 1941 433 1977 τραπέζης
447 1941 555 1977 ἐκείνης
579 1941 691 1973 ἀπόδος,
716 1942 749 1968 τὰ
766 1943 831 1978 περὶ
849 1951 894 1968 νυ-

93 1989 161 2020 uti);
175 1989 243 2024 ἡμῖν
256 1988 432 2024 πλατυτέρως
446 1987 615 2023 σαφηνίζων,
629 1987 675 2014 καὶ
689 1987 733 2014 διὰ
744 1987 771 2014 τί
786 1988 803 2023 ἡ
815 1988 895 2024 ἀρχέ-

93 2042 176 2068 γονος
194 2033 296 2070 ἡμέρα,
312 2033 343 2060 οὐ
360 2032 457 2069 πρώτη
477 2033 553 2069 παρὰ
573 2033 623 2068 τῆς
645 2033 757 2068 Γραφῆς
773 2033 892 2069 εἴρηται,

94 2079 167 2106 ἀλλὰ
188 2079 237 2114 μία
250 2087 257 2093 ι
284 2079 353 2112 ὅπερ
375 2078 510 2105 ἀνοίκειον
528 2077 597 2114 πρὸς
621 2077 670 2110 τὰς
688 2078 831 2112 ἐπιγόνους
847 2087 893 2114 μοι

95 2126 234 2160 φαίνεται.
258 2124 289 2151 Et
306 2124 360 2160 γὰρ
375 2123 492 2159 δευτέρα
513 2124 561 2150 καὶ
581 2123 662 2159 τρίτη
679 2124 707 2150 αι
735 2124 792 2159 μετ’
807 2123 893 2159 αὐτὴν

94 2171 288 2206 ὀνομάζονται,
302 2170 516 2206 ἀκολουθὸτερον
535 2168 569 2204 ἦν
586 2170 779 2205 κατάρχουσαν
801 2170 893 2197 αὐτῶν

94 2216 212 2253 πρώτην
229 2216 276 2243 καὶ
290 2216 350 2251 οὐχὶ
366 2216 430 2251 μίαν
447 2215 586 2251 λεχθῆναι.

405 2306 587 2340 Ἀπόκρισις.

132 2364 170 2391 Τὸ
183 2363 384 2400 ἡμερονύκτιον
408 2362 472 2398 μίαν
493 2363 575 2398 φησὶν
592 2362 710 2399 ἡμέραν,
722 2363 761 2399 τῷ
773 2364 891 2400 ἐπικρα-

93 2411 219 2447 τεστέρῳ
229 2410 276 2437 τοῦ
285 2410 386 2442 παντὸς
397 2410 591 2446 διαστήματος,
600 2409 654 2436 τῶν
664 2410 894 2446 εἰκοσιτεσσάρων

94 2458 178 2493 ὡρῶν
190 2457 221 2484 τὸ
236 2457 319 2492 κῦρος
334 2456 492 2492 ἀπένειμεν,
511 2456 589 2483 Οὕτω
604 2455 660 2492 γὰρ
682 2456 796 2492 φράζειν
813 2457 893 2484 εἴωθε

95 2503 234 2539 πολλαχοῦ
249 2504 266 2538 ἡ
282 2503 342 2530 θεία
353 2502 458 2539 Πυκτὴ,
477 2503 506 2530 ὲν
520 2504 553 2538 τῇ
570 2502 720 2538 ἀριθμήσει
734 2503 782 2529 τοῦ
794 2504 891 2539 χρόνου

93 2551 205 2587 ἡμέρας
220 2549 384 2586 ἀριθμοῦσα,
402 2549 461 2585 οὐχὶ
479 2548 507 2576 δὲ
529 2550 576 2576 καὶ
590 2548 702 2581 νύκτας.
725 2549 846 2582 Ἀκούεις
858 2549 889 2586 δὴ

93 2596 144 2623 τοῦ
156 2594 230 2622 θείου
244 2595 364 2631 μελῳδοῦ
375 2603 382 2610 ·
393 2597 428 2622 Αἱ
444 2594 549 2630 ἡμέραι
561 2594 638 2622 ἐτῶν
645 2594 732 2630 ἡμῶν
744 2595 779 2622 ἐν
788 2596 891 2629 αὐτοῖς

93 2641 303 2676 ἐϐδομήκοντα
313 2641 376 2675 ἐτη.
393 2641 450 2677 Πρὸ
468 2641 563 2668 τούτου
577 2641 605 2668 δὲ
623 2640 721 2668 ’ἰακὼὸ
735 2642 891 2678 ὁπατριάρ-

94 2696 150 2723 χης
164 2689 264 2723 φησιν’
281 2690 316 2716 At
335 2687 441 2723 ’ἡμέραι
462 2687 518 2721 τῆς
540 2687 615 2720 ζωῆς
637 2695 697 2722 μου
713 2688 816 2722 μικραὶ
841 2688 890 2715 καὶ

95 2734 238 2767 πονηραί.
257 2734 342 2761 Πάλιν
361 2734 388 2761 δὲ
410 2735 424 2761 ὁ
440 2734 494 2761 τῶν
509 2733 589 2760 θείων
605 2733 723 2769 μελῳδὸς
736 2742 821 2770 φησι·
835 2734 890 2762 Καὶ

95 2780 131 2807 τὸ
142 2780 294 2808 κατοικεῖν
306 2788 345 2815 με
360 2781 395 2807 ἐν
410 2780 482 2812 οἴκῳ
494 2780 617 2814 Κυρίου,
631 2779 729 2814 πάσας
755 2781 809 2814 τὰς
822 2781 890 2815 ἠμέ-

93 2834 152 2862 ρας
170 2825 226 2861 τῆς
240 2825 316 2861 ζωῆς
331 2835 391 2861 μου
425 2826 461 2853 Οὐ
477 2825 530 2857 μὴν
548 2825 616 2853 ἀλλὰ
632 2826 679 2853 καὶ
694 2827 709 2852 ὁ
722 2826 793 2858 θεῖος
808 2827 885 2861 εὐαγι

132 2903 156 2922 ’³
174 2904 241 2934 Cen.
265 2913 284 2938 ι,
305 2903 332 2931 5.
367 2902 392 2921 ’⁸
408 2902 480 2930 Psal.
496 2910 589 2935 Lxxix,
608 2902 649 2930 l0.
691 2903 712 2919 ’⁵
733 2903 801 2931 Gen.
824 2911 895 2930 mu

794 135 967 165 DlALOGUS
987 137 1030 164 lll.

1682 138 1735 166 998

940 193 1060 220 universi
1077 191 1160 226 hujus
1177 191 1324 226 adoratur;
1349 200 1464 228 prorsus
1480 196 1509 219 ut
1535 191 1614 227 periti
1632 193 1731 219 medici

942 246 996 266 non
1011 239 1139 266 recidunt
1157 246 1171 265 a
1195 240 1300 266 vertice
1314 238 1435 266 delatum
1451 238 1485 266 ad
1505 238 1601 266 oculos
1617 237 1732 269 ﬂuxum,

942 283 979 311 ita
994 291 1042 319 per
1058 283 1153 311 iridcm
1170 291 1304 319 aquarum
1331 284 1499 311 inl'usionem
1515 283 1589 311 velut
1602 283 1629 310 in
1646 283 1734 310 forma

941 331 1059 365 quadam
1076 333 1215 357 extentam
1230 331 1257 357 in
1271 330 1396 365 subjecto
1412 331 1480 363 sole,
1504 330 1592 358 instar
1606 330 1736 357 cucurbi-

943 377 1006 404 tula:
1023 384 1070 411 per
1081 376 1172 403 radios
1191 377 1277 404 nubes
1290 382 1486 412 congregatae,
1503 384 1534 404 ac
1550 377 1630 403 rcluli
1645 377 1736 404 calido

941 422 1067 449 cauterio
1081 429 1181 457 aquam
1198 421 1346 448 fundentes
1361 430 1444 448 renus
1460 421 1629 449 exsiccante.

1153 467 1414 495 INTERROGATIO
1434 467 1526 494 CXlV.

977 514 1118 542 Tenebras
1132 515 1242 550 quidem
1258 515 1437 550 primigenios
1449 514 1542 542 dixisti
1557 522 1605 549 per
1621 521 1735 548 separa-

942 560 1043 588 tionem
1059 560 1179 588 ccclesiis
1196 562 1321 595 corporis
1341 569 1402 588 csse
1419 561 1516 593 factas,
1534 560 1606 595 quod
1622 559 1733 594 quidem

941 612 1015 634 recte
1029 607 1141 634 dicitur.
1158 607 1301 640 Quomodo
1319 615 1382 634 vero
1396 612 1503 635 noctem
1516 607 1640 634 videmus
1653 614 1735 641 spon-

942 657 968 680 te
982 651 1051 686 ﬁeri,
1063 653 1138 680 nulla
1155 652 1243 680 forma
1261 653 1440 688 expressam?

1258 698 1412 733 Responsio.

983 743 1073 780 Supra
1099 745 1210 780 quidem
1233 745 1267 773 de
1292 749 1372 773 nocte
1395 747 1529 774 rationem
1553 744 1659 773 reddidi
1674 766 1680 776 .
1708 750 1735 773 et

942 799 1016 818 nunc
1033 792 1153 819 obscura
1168 792 1349 820 similitudine
1364 798 1444 821 utens
1463 793 1660 822 demonstrabo
1680 802 1735 822 non

943 836 1057 864 fortuito
1072 839 1158 872 ipsam
1174 840 1325 872 exstitisse,
1341 847 1432 875 neque
1452 844 1529 867 extra
1543 839 1663 867 divinam
1679 848 1735 868 ma-

942 891 1021 910 num.
1046 883 1283 916 Quemadmodum
1300 889 1391 914 turres
1414 886 1448 914 ab
1471 886 1670 914 aadilicantibus
1688 895 1736 914 cx-

946 935 1103 963 struuntur,
1124 935 1152 958 et
1174 933 1281 967 sculpta
1296 932 1338 960 vel
1354 932 1469 959 caullata
1485 940 1531 968 per
1548 933 1661 960 artilicis
1678 941 1737 961 mas

942 985 1006 1003 num
1024 977 1231 1012 perpoliuutur;
1256 978 1291 1005 ab
1307 978 1374 1013 ipsis
1397 982 1489 1005 autem
1504 978 1608 1006 umbrae
1622 979 1736 1006 redditae

942 1031 998 1050 non
1015 1024 1049 1050 ab
1068 1024 1173 1051 ai'tilice
1186 1023 1244 1051 ﬁeri
1260 1024 1360 1056 solent,
1380 1025 1427 1052 sed
1443 1032 1491 1059 per
1510 1032 1542 1052 ea
1557 1033 1617 1061 quia
1632 1025 1666 1053 ab
1681 1025 1736 1053 illis

943 1069 1014 1096 facta
1032 1073 1097 1097 sunt
1111 1069 1276 1097 clliciuntur.
1291 1070 1410 1099 Proinde
1428 1072 1451 1099 si
1468 1072 1519 1099 alia
1533 1072 1657 1107 quaedam
1672 1080 1734 1099 cum

944 1117 1006 1144 aliis
1030 1113 1166 1144 exsistere
1190 1117 1291 1149 solent,
1318 1117 1406 1145 forma
1434 1118 1552 1153 alicujus
1575 1126 1703 1153 expressa
1727 1127 1734 1145 :

943 1161 1036 1196 utique
1049 1166 1075 1189 et
1092 1161 1186 1189 fortuna
1198 1163 1232 1189 ab
1248 1163 1326 1189 initio
1343 1171 1425 1191 manu
1438 1164 1545 1199 opiﬁcis
1561 1163 1640 1192 factae
1660 1167 1734 1191 sunt.

944 1207 1061 1242 Ideoque
1077 1215 1129 1251 uox
1146 1215 1255 1243 quoque
1270 1217 1325 1236 non
1338 1217 1385 1244 per
1400 1217 1429 1237 se
1443 1210 1565 1242 exsistit,
1578 1211 1625 1238 sed
1639 1210 1736 1237 umbra

945 1258 1026 1282 terra:
1037 1259 1090 1287 cst.
1103 1255 1336 1290 quemadmodum
1352 1256 1433 1291 paulo
1449 1261 1512 1291 post
1527 1257 1735 1287 demonstrabo.

943 1302 1054 1336 quando
1083 1310 1134 1330 nos
1159 1303 1241 1330 modo
1268 1304 1339 1330 ratio
1361 1303 1496 1338 temporis
1523 1303 1556 1330 ad
1582 1303 1736 1338 peragenda

943 1354 1022 1375 sacra
1053 1349 1205 1384 mysteria,
1234 1354 1330 1377 sancto
1361 1355 1433 1377 cuitu
1462 1357 1513 1377 nos
1538 1353 1735 1384 exspectante,

944 1394 1095 1429 compellit.

1133 1673 1434 1720 DlALOGUS
1463 1675 1558 1719 III.

1158 1833 1422 1863 INTERROGATIO
1441 1832 1523 1861 CXV.

980 1893 1049 1928 Quia
1064 1898 1172 1929 tempus
1189 1893 1245 1920 beri
1263 1893 1325 1926 plus
1341 1899 1419 1926 aequo
1444 1899 1494 1918 nos
1507 1891 1631 1926 urgebat,
1655 1889 1736 1918 hodio

945 1941 1023 1968 nobis
1040 1941 1111 1968 illius
1133 1948 1235 1967 mensa:
1254 1940 1383 1974 reliquias
1405 1939 1546 1974 exponilo,
1571 1945 1686 1972 qua-que
1702 1938 1736 1965 de

945 1990 1026 2013 nocte
1042 1985 1189 2018 tractanda
1212 1985 1336 2016 veniunt,
1360 1984 1441 2011 latius
1462 1983 1541 2010 nobis
1560 1983 1696 2016 edissere;
1709 1988 1737 2011 et

944 2039 1029 2065 quare
1044 2031 1100 2058 dies
1115 2031 1165 2058 illa
1180 2031 1341 2066 primigenia
1364 2038 1418 2059 non
1435 2030 1472 2058 sit
1492 2030 1580 2064 prima
1604 2030 1691 2057 sacris
1707 2030 1736 2057 in

944 2077 1054 2105 Litteris
1064 2077 1146 2110 dicta,
1159 2077 1205 2105 sed
1218 2085 1271 2104 una
1288 2077 1322 2104 ".
1338 2076 1366 2104 Id
1382 2076 1454 2112 quod
1476 2076 1543 2103 mihi
1558 2077 1650 2104 minus
1668 2083 1735 2103 con-

944 2124 1037 2152 venire
1054 2124 1162 2152 videtur
1181 2123 1215 2151 ad
1234 2132 1280 2152 eas
1298 2131 1359 2160 qua:
1379 2128 1441 2159 post
1455 2127 1523 2151 orta
1536 2128 1610 2151 sunt.
1631 2122 1697 2149 Nam
1711 2122 1736 2149 si

944 2169 1064 2196 secunda
1075 2174 1102 2196 et
1115 2169 1194 2196 tertia
1209 2169 1295 2202 fuere,
1307 2177 1367 2205 quae
1380 2174 1442 2204 post
1457 2168 1535 2196 istam
1547 2169 1734 2199 nominantur,

944 2214 1152 2242 convenientius
1179 2219 1247 2248 erat,
1275 2223 1335 2242 cam
1360 2222 1421 2249 quin
1454 2214 1552 2241 barum
1574 2219 1633 2241 erat
1653 2221 1735 2240 exor-

944 2261 1030 2294 dium,
1045 2261 1173 2296 primam,
1190 2269 1244 2289 non
1261 2269 1354 2293 unam,
1372 2262 1435 2289 dici.

1262 2307 1417 2342 Responsio.

983 2366 1058 2394 Dicm
1074 2373 1136 2393 cum
1154 2370 1233 2393 nocte
1255 2365 1440 2400 coniunctam.
1453 2364 1525 2391 diem
1544 2367 1624 2390 rorat
1639 2369 1736 2390 auctor

948 2413 1079 2444 historiae,
1093 2411 1247 2447 potiorique
1273 2411 1346 2446 parti
1374 2411 1460 2438 totius
1482 2409 1615 2437 intervalli
1639 2409 1736 2445 viginti

944 2463 1064 2494 quatuor
1079 2458 1221 2489 horarum,
1245 2458 1347 2492 primas
1365 2462 1455 2492 partes
1475 2456 1580 2483 tribuit.
1602 2455 1647 2483 Sic
1661 2455 1735 2483 enim

946 2505 1039 2532 multis
1065 2505 1092 2531 in
1117 2505 1186 2532 locis
1203 2504 1294 2531 divina
1318 2504 1417 2539 pagina
1434 2503 1508 2538 loqui
1532 2502 1684 2535 consuevit,
1706 2501 1735 2529 in

946 2550 1139 2586 supputatione
1151 2550 1283 2585 temporis
1299 2551 1358 2578 dies
1375 2557 1534 2582 numerans,
1554 2557 1607 2576 non
1630 2553 1734 2576 noctes.

945 2597 1031 2624 Audis
1049 2597 1112 2632 quid
1128 2596 1201 2624 dicat
1217 2597 1371 2623 divinorum
1390 2596 1434 2623 ille
1448 2595 1599 2623 carminum
1616 2599 1712 2622 auctor
1727 2603 1734 2621 :

945 2643 1008 2670 Dies
1024 2651 1153 2670 annorum
1176 2648 1329 2670 nostrorum
1351 2650 1434 2669 annos
1447 2642 1615 2676 septuaginta
1629 2641 1652 2656 "
1667 2647 1736 2668 con.

947 2690 1043 2716 tincnt.
1067 2690 1137 2717 Ante
1162 2689 1234 2716 hunc
1261 2694 1352 2716 autem
1376 2687 1494 2715 Iacobus
1517 2687 1562 2714 ille
1579 2686 1736 2721 patriarcha

946 2734 1034 2767 inquit
1059 2744 1065 2761 :
1091 2733 1152 2760 Dies
1180 2735 1240 2760 vim
1264 2741 1328 2760 mete
1353 2734 1431 2768 pauci
1445 2738 1469 2760 et
1487 2733 1551 2759 mali
1573 2733 1606 2759 "5.
1630 2731 1735 2760 Rursus

944 2780 1122 2813 illmnaurtor
1141 2780 1296 2807 divinorum
1317 2779 1470 2807 carminum
1495 2779 1609 2814 inquit:
1631 2777 1736 2805 Ut'ltao

943 2823 1024 2852 [litem
1039 2826 1066 2851 in
1081 2827 1158 2852 domo
1178 2824 1285 2852 Domini
1303 2824 1422 2852 omnibus
1440 2825 1529 2852 diebus
1544 2825 1604 2853 ιιίιω
1623 2831 1688 2853 mea
1699 2825 1734 2851 ".

898 2923 907 2936 ,
929 2903 953 2931 9.
994 2904 1018 2919 "
1038 2903 1110 2932 Psal.
1129 2909 1198 2930 un.
1218 2903 1244 2930 6.
