1907 3043
194 136 247 166 999

194 197 266 231 Quin
287 199 315 223 et
338 193 418 222 divus
446 192 534 228 inquit
562 191 727 228 evangelista
746 191 834 219 :Aule
856 199 902 218 rex
930 190 986 218 dies

194 243 307 271 Pascha
331 241 402 269 venit
426 239 506 267 Iesus
526 240 554 267 in
579 239 738 266 Bethania":
753 238 787 266 ".
805 237 838 265 Et
852 237 986 265 Dominus

194 289 253 325 ipse
272 287 405 316 divinitus
424 293 489 314 suos
512 285 654 320 alloquens
672 285 733 312 ait:
754 283 835 312 Scitis
861 288 920 319 post
943 283 985 310 bi-

193 335 277 362 duum
298 339 387 361 actum
410 333 445 360 iri
463 331 568 359 Pascha
587 331 622 358 ’⁸.
642 330 815 366 Quapropter
830 337 890 365 quae
911 336 986 356 nunc

194 379 222 406 in
238 378 329 413 specie
347 376 514 405 narrationis
530 375 628 403 tradita
645 380 720 408 sunt,
740 383 790 411 pro
810 375 869 411 lege
892 375 919 402 in
943 381 986 401 Ie-

193 424 341 458 quentibus
356 423 508 451 habeantur
521 431 529 450 :
545 421 580 449 Et
600 422 660 456 fuit,
683 421 781 457 inquit.
793 429 882 457 vesper
895 425 920 449 et
933 421 985 456 fuit

194 475 281 500 mane,
294 468 350 494 dies
359 475 428 494 unus
441 467 463 483 "
479 476 486 494 :
499 474 562 494 cum
575 466 634 494 dies
641 466 697 501 jam
712 471 775 494 ante
785 466 983 501 praecessisset,

192 513 297 541 exstitit
317 519 425 548 vesper,
439 521 472 541 ex
492 520 605 548 vespere
625 520 690 540 vero
704 520 770 546 nox,
787 521 822 540 ex
841 517 920 540 nocte
934 520 985 540 au-

192 563 247 587 tem
264 567 356 593 mane,
376 559 421 586 ubi
441 559 498 595 jam
521 559 603 587 unius
623 559 676 587 diei
694 559 757 587 linis
776 564 827 593 est,
853 567 914 594 qua
936 565 986 594 per

191 606 288 641 viginti
312 611 432 641 quatuor
458 606 541 634 horas
572 605 625 633 diei
652 605 785 641 potiorem
811 609 915 640 partem
933 604 984 632 sibi

192 652 322 685 vindicat,
338 651 487 680 subaudita
500 652 628 680 videlicet
649 654 730 679 nocte
742 651 793 680 sub
803 651 984 687 appellatione

191 698 257 729 diei,
279 705 328 733 per
351 698 447 732 viginti
472 701 593 733 quatuor
614 699 706 725 horas.
732 696 794 730 Quo
810 697 840 724 ﬁt
856 702 886 724 ut
899 697 982 725 etiam

191 747 316 778 tempore
337 742 551 770 eonversionum
569 742 635 771 solis
655 742 824 776 astivarum,
850 750 912 778 qua:
927 742 983 770 sol-

191 789 265 816 stitia
280 793 391 822 vocant,
417 794 525 817 noctem
548 789 607 817 dies
629 788 780 818 intervallis
803 790 930 818 excedat.
947 790 984 818 Αι

190 839 316 870 tempore
333 835 406 870 quod
431 835 597 870 aequinoctio
617 835 783 863 destinatum
798 839 851 868 est,
869 843 982 870 prorsus

190 883 299 915 oportet
320 884 452 915 utrasque
472 880 592 915 aequales
605 887 677 914 esse,
693 881 814 909 vicissim
831 889 847 908 a
863 889 893 909 se
911 881 982 909 invi-

191 932 251 953 cem
259 925 415 953 auferentes
442 925 469 953 id
494 925 567 961 quod
589 926 677 955 deest.
695 925 749 954 Sed
765 931 792 954 et
806 927 869 955 caeli
886 926 983 960 facies,

193 979 292 1000 rursus
303 972 337 999 ad
348 971 472 1000 eamdem
487 979 595 1000 reversa
608 972 843 1006 constitutionem,
859 981 913 1000 una
924 973 983 1001 dies

191 1018 291 1046 merito
315 1019 483 1054 appellatur;
511 1019 743 1054 quemadmodum
770 1019 796 1047 in
826 1023 900 1047 terra
925 1019 983 1048 ﬁeri

191 1065 272 1099 solet,
289 1069 320 1092 ut
339 1065 512 1100 interiectum
536 1065 571 1093 ab
598 1073 654 1094 uno
674 1066 772 1094 ﬂorum
790 1071 923 1102 proventu
948 1066 983 1094 ad

194 1110 291 1143 alium,
306 1115 426 1146 tempus,
442 1119 531 1140 annus
545 1116 668 1139 vocetur.
681 1111 863 1146 Quamobrem
875 1114 983 1148 quoties

192 1164 292 1192 vesper
306 1162 333 1184 et
346 1165 429 1185 mane
444 1158 595 1186 secundum
614 1159 680 1186 solis
693 1159 837 1186 circuitum
849 1159 982 1187 mundum

193 1206 320 1236 occupat,
333 1209 387 1229 non
405 1202 432 1229 in
457 1207 579 1238 tempore
600 1204 704 1239 majore
726 1212 808 1240 quam
832 1205 913 1233 unius
928 1204 982 1232 diei

192 1248 293 1283 spatio,
311 1247 480 1283 signiﬁcetur
492 1249 551 1276 dies
566 1256 620 1276 una
636 1257 696 1277 cum
714 1255 793 1277 nocte
807 1250 980 1285 coniunctus,

196 1298 224 1320 et
243 1293 419 1321 luminarium
431 1294 464 1321 ad
481 1294 600 1329 priorem
611 1295 834 1323 constitutionem
850 1296 980 1324 reversio.

191 1337 241 1366 Vel
255 1341 346 1374 potius
362 1339 444 1367 tribui
461 1340 523 1375 plus
541 1340 641 1368 debere
665 1341 732 1368 mihi
756 1341 864 1369 videtur
881 1341 918 1370 illi
935 1349 981 1370 ra-

191 1385 271 1418 tioni,
300 1393 361 1422 quae
387 1391 492 1414 secreto
519 1387 647 1414 traditur.
676 1386 754 1420 Quod
778 1388 909 1415 nimirum
933 1387 981 1423 qul

191 1432 324 1466 temporis
339 1436 464 1459 naturam
481 1431 545 1459 fecit
568 1432 650 1466 Deus,
672 1433 699 1460 in
723 1441 867 1462 mensuras
882 1434 942 1469 ejus
954 1439 982 1462 et

191 1477 280 1512 signa,
293 1478 399 1505 dierum
418 1478 559 1506 intervalla
579 1478 756 1512 ordinaverit,
775 1479 920 1515 ipsumque
932 1488 981 1516 per

191 1523 390 1551 hebdomadam
419 1523 575 1556 dimeticns,
596 1531 703 1559 semper
724 1524 923 1554 hebdomadem
951 1525 981 1553 in

190 1570 367 1605 semetipsum
383 1569 484 1598 revolvi
502 1570 591 1605 jubet,
612 1571 743 1606 temporis
763 1571 816 1599 hoc
832 1571 914 1599 modo
938 1571 981 1599 di-

191 1622 340 1643 numerans
355 1620 470 1647 motum.
488 1615 561 1643 sicut
575 1615 771 1644 hebdomadam
783 1624 881 1645 rursus
891 1617 982 1652 explet

191 1659 266 1691 dies,
297 1659 397 1694 septies
421 1659 449 1686 in
475 1660 648 1696 semetipsam
672 1661 806 1688 revoluta.
836 1662 864 1689 Id
888 1667 980 1689 autem

191 1703 335 1730 circularis
362 1707 403 1731 est
424 1704 522 1739 ﬁgura,
546 1712 562 1732 a
585 1705 733 1741 semetipso
754 1706 883 1742 incipere,
903 1711 931 1735 et
953 1707 981 1734 in

191 1749 368 1784 semetipsum
393 1749 519 1778 desinere
545 1760 552 1778 :
579 1753 652 1786 quod
684 1752 790 1780 scilicet
823 1753 905 1780 etiam
930 1753 980 1780 aevi

191 1793 333 1828 proprium
348 1798 405 1827 est;
424 1798 452 1822 et
474 1794 501 1822 in
519 1799 605 1823 semet
622 1795 710 1831 ipsum
724 1797 823 1824 reverti
843 1805 979 1832 nusquam

192 1837 381 1866 terminatum.
397 1838 540 1874 Propterea
555 1846 637 1875 caput
650 1841 783 1876 temporis
796 1849 850 1869 nott
863 1842 980 1877 primam

191 1884 309 1916 dierum,
324 1885 370 1912 sed
387 1892 468 1913 unam
492 1886 654 1920 nominavit,
677 1892 708 1914 ut
725 1888 782 1923 ipsa
799 1888 983 1923 appellatione

191 1930 379 1966 cognationem
394 1938 455 1959 cum
465 1939 523 1960 aevo
535 1932 657 1960 haberet.
672 1933 896 1970 Quandoquidem
908 1936 981 1964 enim

192 1976 316 2009 unitatis,
329 1981 358 2004 et
371 1977 432 2012 ejus
442 1977 514 2014 quod
527 1979 732 2008 communionis
743 1981 777 2008 ad
794 1981 869 2009 aliud
883 1989 982 2017 expers

191 2024 246 2053 est,
263 2025 356 2048 notam
377 2021 458 2050 nobis
476 2023 604 2056 ostendit,
622 2024 730 2060 proprie
745 2029 773 2052 et
789 2026 982 2055 convenienter

191 2066 326 2102 appellata
348 2072 390 2096 est
408 2076 480 2101 una,
501 2076 565 2097 cum
591 2069 649 2105 ipsa
672 2070 700 2098 in
725 2070 816 2107 seipsa
835 2079 884 2107 per
901 2079 982 2101 omne

192 2111 322 2140 saeculum
336 2111 364 2138 in
379 2112 497 2148 seipsam
513 2113 679 2141 revolvatur.

399 2176 658 2207 INTERROGATIO
677 2178 770 2210 CXVI.

228 2238 261 2267 Et
279 2247 398 2275 quonam
416 2246 496 2276 pacto
519 2242 630 2271 Littera:
649 2251 735 2273 sacra:
754 2246 837 2274 multa
856 2255 918 2276 eSse
932 2256 983 2276 sa:-

191 2283 254 2310 cula
268 2283 497 2318 demonstrantes,
515 2287 614 2315 saecula
636 2294 736 2316 vocant
753 2291 932 2319 seculorum?
949 2293 984 2320 Et

193 2328 309 2358 Davides
325 2331 352 2358 in
372 2331 425 2359 line
445 2332 544 2367 psalmi
562 2333 628 2362 dicit
644 2344 650 2363 :
669 2335 838 2372 Conﬁtemim’
858 2338 980 2371 Domino,

192 2375 262 2407 cali,
277 2377 403 2410 quoniam
415 2377 442 2404 in
460 2378 550 2405 omnia
567 2376 665 2407 uacula
689 2381 872 2410 misericordia
882 2383 940 2418 ejus
953 2385 982 2412 ‘2

193 2417 227 2445 Et
242 2426 337 2447 rursus
351 2420 422 2448 idem
434 2429 441 2448 :
459 2420 593 2449 Exallabo
609 2427 644 2456 te,
657 2423 728 2452 Deus
741 2433 825 2460 meus,
836 2435 882 2454 rex
895 2417 980 2462 meus,

192 2467 218 2489 at
233 2462 383 2492 benedicam
396 2473 490 2494 nomen
507 2472 582 2494 tuum
603 2469 630 2495 in
654 2471 792 2504 secutum,
812 2477 837 2499 et
849 2473 878 2500 in
895 2482 981 2501 mcu-

192 2508 248 2535 lnm
261 2510 354 2537 seculi
365 2504 391 2531 ’τ
400 2511 469 2539 Ecce
484 2513 536 2541 tria
548 2514 646 2542 saecula
660 2515 686 2543 in
703 2517 852 2546 centesimo
862 2519 982 2554 quadra-

192 2554 296 2589 gesimo
315 2560 413 2591 quarto
432 2558 548 2593 psalmo.
569 2558 621 2588 Sed
637 2565 665 2589 et
681 2561 709 2590 in
727 2562 762 2590 iis
782 2572 843 2598 qua:
853 2564 981 2593 dicuntur

191 2605 208 2625 α
222 2603 363 2627 sacrorum
378 2601 521 2635 ministris,
535 2602 590 2632 Deo
603 2605 754 2640 gratiarum
770 2608 903 2636 actionem
917 2609 981 2638 οπερ

192 2645 327 2678 rentibus,
338 2652 366 2674 et
383 2646 527 2683 imperium
549 2650 577 2678 in
599 2652 692 2680 omnia
713 2653 905 2690 tribuentibus,
922 2657 980 2685 hace

190 2689 309 2725 proferri
325 2691 451 2721 audimus
466 2703 473 2721 :
492 2692 636 2729 Imperium
647 2701 672 2724 et
682 2705 801 2734 regnum,
812 2704 836 2727 et
848 2705 977 2734 potestas.

706 132 736 161 S.
756 131 906 160 CAESAR"
925 130 1093 159 GilEGORlI
1122 130 1272 158 FIlATRlS

1765 134 1835 163 1000

1040 189 1169 225 γελιστής
1184 198 1266 224 φησιν
1277 196 1284 203 ·
1298 188 1358 222 Πρὸ
1376 188 1410 220 ἐξ
1427 187 1547 224 ἡμερῶν
1557 188 1610 216 τοῦ
1617 189 1727 224 Πάσχα
1742 189 1836 226 ἦλθεν

1037 237 1055 262 ὁ
1077 235 1193 270 Ἰησοῦς
1205 236 1249 269 εις
1258 235 1420 269 Βηθανίαν.
1433 235 1520 267 Αὐτὸς
1529 235 1558 262 δὲ
1568 235 1720 271 θεηγορῶν,
1735 237 1820 273 φησίν
1828 247 1834 253 -

1038 281 1156 314 Οἴδατε,
1178 281 1224 309 ὅτι
1244 281 1319 317 μετὰ
1341 280 1396 308 δύο
1411 282 1526 316 ’ἡμέρας
1541 282 1574 309 τὸ
1588 282 1697 317 Πάσχα
1707 283 1834 318 γίνεται.

1041 326 1087 360 Ὦς
1098 329 1132 355 τὰ
1146 328 1194 356 νῦν
1210 329 1240 355 ὲν
1254 327 1375 364 ἰστορίας
1391 327 1456 355 εἴδει
1475 328 1672 364 παραδοθέντα,
1687 330 1833 365 νομοθεσία

1037 375 1156 410 ὑπάρχει
1168 375 1238 411 πρὸς
1250 374 1285 402 τὰ
1298 374 1362 410 ἑξῆς
1373 383 1380 390 ”
1396 375 1453 402 Καὶ
1467 375 1603 411 ἐγένετο,
1618 376 1833 411 φησὶν,ἐσπέρα

1035 422 1086 450 καί
1105 421 1223 457 ἐγένετο
1245 421 1336 456 πρωῒ,
1352 421 1448 457 ’ἡμέρα
1462 422 1531 457 μία·
1547 422 1669 458 δηλονότι
1686 425 1832 459 προϋπαρ-

1036 468 1138 504 χούσης
1155 467 1205 504 τῆς
1219 467 1328 504 ἡμέρας
1343 467 1452 502 ἐγένετο
1468 468 1583 504 ἑσπέρα,
1600 468 1633 495 ἐκ
1644 468 1672 495 δὲ
1688 469 1740 504 τῆς
1751 469 1832 496 ἐσπέ-

1036 522 1095 550 ρας,
1111 512 1171 546 νὺξ,
1186 514 1219 540 ἑκ
1233 513 1262 540 δὲ
1276 513 1325 550 τῆς
1338 513 1445 545 νυκτὸς,
1455 513 1539 549 πρωῒ,
1552 513 1618 540 ἔνθα
1632 514 1829 551 περατοῦταιή

1036 562 1086 598 μία
1102 562 1204 598 ἡμέρα,
1230 560 1274 588 διὰ
1288 561 1343 588 τῶν
1365 561 1504 597 τεττάρων
1523 561 1570 588 καὶ
1583 561 1670 588 εῐκοσι
1686 561 1770 597 ὡρῶν
1781 561 1830 596 τῆς

1036 609 1102 644 μιᾶς
1118 607 1224 644 ἡμέρας
1242 607 1273 634 τὸ
1286 606 1369 643 κῦρος
1382 607 1491 643 ἔχουσα,
1508 607 1769 643 συνυπακουομένης
1785 607 1828 643 δη-

1033 654 1122 681 λονότι
1137 654 1185 689 τῆς
1200 654 1301 686 νυκτὸς
1313 655 1347 690 τῇ
1363 653 1455 690 ἡμέρᾳ
1471 653 1516 681 διὰ
1530 653 1585 680 τῶν
1600 655 1829 689 εἰκοσιτεσσάρων

1033 700 1123 736 ὡρῶν.
1141 700 1222 726 Ὥστε
1237 699 1286 726 καὶ
1307 700 1338 726 ἑν
1350 699 1411 730 ταῖς
1423 699 1538 734 τροπαῖς
1551 697 1599 726 τοῦ
1615 698 1693 734 ἡλίου
1711 699 1826 734 συμεαὶ-

1033 754 1074 773 νει
1098 745 1202 780 ταύτην
1221 744 1330 781 ἐκείνης
1355 744 1532 780 ὑπερϐαίνειν
1552 746 1609 776 τοῖς
1635 744 1826 780 διαστήμασιν.

1039 790 1120 818 Ἀλλὰ
1135 790 1197 818 τότε
1224 790 1410 827 άφωρισμένῳ
1434 790 1524 825 χρόνῳ
1548 790 1598 825 τῆς
1613 789 1773 826 ἰσημερίας,
1789 788 1828 816 δεῖ

1033 837 1142 869 πάντως
1155 836 1310 872 ἰσομοίρους
1320 835 1465 872 τυγχάνειν
1477 836 1645 871 ἀμφοτέρας,
1656 836 1828 871 ἀντισπωμὲ

1035 892 1085 916 νας
1095 883 1162 918 παρ’
1181 882 1304 918 ἀλλήλων
1319 883 1350 909 τὸ
1364 882 1466 909 λεῖπον.
1491 882 1547 908 Καὶ
1567 882 1585 918 ή
1599 881 1648 908 τοῦ
1667 880 1785 916 οὒρανοῦ
1800 880 1826 907 at

1035 927 1097 963 ὄψις
1109 927 1157 954 ἐπὶ
1173 927 1222 964 τὴν
1234 927 1320 963 αὐτὴν
1332 927 1416 954 πάλιν
1429 925 1660 959 ἀποκατάστασιν,
1675 926 1726 962 μία
1740 926 1827 962 ἡμέρα

1034 973 1147 1005 εἰκότως
1171 973 1425 1009 προσαγορεύεται·
1447 972 1516 1009 ὅπερ
1535 972 1583 999 καὶ
1597 971 1644 998 ἐπὶ
1665 972 1716 1008 τῆς
1732 972 1826 1007 χέρσου

1034 1020 1158 1054 γίνεσθαι
1170 1019 1301 1054 πέφυκεν,
1314 1020 1346 1046 ὲκ
1359 1019 1410 1055 τῆς
1430 1019 1515 1054 αὐτῆς
1531 1018 1698 1054 ἀνθοφορίας
1721 1019 1769 1045 ιτα
1781 1018 1827 1054 τὴν

1034 1065 1130 1102 αὐτὴν,
1139 1065 1261 1092 ἐνιαυτὸν
1271 1065 1463 1101 ὀνομάζεσθαι.
1472 1066 1555 1093 Ὥστε
1564 1063 1611 1092 οὖν
1620 1065 1718 1096 ὁσάκις
1727 1064 1826 1100 ἑσπέρα

1033 1111 1082 1138 καὶ
1098 1110 1172 1147 πρωῒ
1191 1111 1262 1138 κατὰ
1284 1111 1335 1147 τὴν
1349 1110 1396 1138 τοῦ
1416 1111 1492 1147 ἡλίου
1506 1111 1631 1147 περίοδον
1644 1109 1826 1145 ἐπιλαμϐάνει

1034 1156 1080 1184 τὸν
1096 1157 1210 1193 κόσμον,
1231 1158 1268 1193 μὴ
1281 1155 1310 1185 ὲν
1323 1157 1427 1184 πλείονι
1442 1157 1542 1193 καιρῷ,
1557 1157 1614 1184 ἀλλ’
1630 1157 1659 1183 ἑν
1679 1157 1744 1193 μιᾶς
1763 1155 1827 1192 ἡμέ-

1036 1211 1085 1238 ρας
1113 1203 1279 1238 διαστήματι
1299 1203 1479 1239 σημαίνεσθαι
1504 1203 1535 1230 τὺ
1552 1202 1767 1239 ήμερονύκτιον,
1784 1202 1827 1230 καὶ

1032 1247 1083 1283 τὴν
1095 1249 1180 1284 αὐτὴν
1194 1249 1250 1276 τῶν
1269 1250 1365 1286 φωστή
1371 1258 1426 1285 ρων
1439 1246 1663 1277 ἀποκατάστασιν
1673 1257 1680 1264 ·
1695 1249 1712 1285 ἢ
1730 1248 1826 1285 μᾶλλον

1033 1293 1074 1330 [ἢ]
1089 1294 1258 1331 κυριώτερὸς
1271 1304 1316 1331 μοι
1331 1294 1406 1322 δοκεῖ
1427 1296 1442 1322 ὁ
1464 1296 1494 1323 ὲν
1508 1296 1675 1332 ἀπορρήτοις
1686 1294 1827 1331 παραδιδό·

1034 1347 1128 1374 μενος·
1148 1340 1190 1366 ὅτι
1215 1342 1229 1367 ό
1254 1341 1304 1376 τὴν
1323 1340 1371 1368 τοῦ
1394 1341 1492 1376 χρόνου
1515 1340 1597 1375 φύσιν
1621 1340 1826 1372 κατασκευάσας

1031 1384 1108 1417 Θεὸς,
1126 1385 1214 1421 μέτρα
1226 1386 1301 1421 αὒτῷ
1314 1387 1361 1413 καὶ
1376 1388 1478 1422 σημεῖα
1490 1387 1526 1414 τά
1540 1386 1595 1414 τῶν
1619 1387 1732 1423 ἡμερῶν
1750 1386 1825 1418 ἔταξε

1032 1429 1219 1465 διαστήματα·
1250 1432 1298 1458 καὶ
1317 1431 1446 1467 ἑϐδομάδι
1463 1432 1544 1459 αὑτὸν
1566 1433 1759 1468 ὲκμετρήσας,
1784 1432 1826 1459 ἀεὶ

1031 1474 1082 1510 τὴν
1099 1475 1234 1511 ἑϐδομάδα
1250 1477 1290 1508 εἰς
1306 1476 1406 1513 ἑαυτὴν
1421 1477 1641 1505 άνακυκλοῢσθαι
1657 1478 1774 1510 κελεύει,
1785 1478 1825 1511 ἐξ·

1031 1521 1157 1557 αριθμῶν
1176 1521 1223 1548 τοῦ
1244 1522 1341 1558 χρόνου
1363 1522 1412 1558 τὴν
1425 1523 1533 1558 κίνησιν
1546 1532 1554 1539 ³
1579 1523 1631 1559 τὴν
1648 1523 1785 1559 ἑϐδομάδα
1798 1524 1824 1550 δὲ

1033 1569 1074 1600 εἰς
1086 1567 1185 1604 ἑαυτὴν
1199 1569 1429 1602 άωκυκλοῦσθαι,
1447 1570 1528 1597 πάλιν
1540 1570 1596 1606 (80)
1611 1570 1768 1607 ἐκπληροῦν
1778 1570 1825 1606 τὴν

1033 1614 1098 1649 μίαν
1108 1615 1227 1651 ἡμέραν,
1241 1615 1355 1648 ἑπτάκις
1370 1616 1455 1652 αὐτὴν
1473 1617 1513 1649 εἰς
1531 1617 1631 1653 ἑαυτὴν
1642 1617 1824 1654 ἀναστρέφου-

1032 1669 1092 1688 σαν.
1110 1661 1196 1688 Τοῦτο
1209 1661 1237 1688 δὲ
1257 1662 1389 1690 κυκλικὸν
1410 1663 1527 1699 ὑπάρχει
1549 1664 1652 1700 σχῆμα,
1669 1664 1717 1699 ἀφ’
1731 1664 1824 1691 ἑαυτοῦ

1032 1705 1178 1741 ἄρχεσθαι,
1204 1705 1251 1734 καὶ
1268 1707 1309 1739 εἰς
1331 1707 1413 1735 ἑαυτὸ
1429 1708 1595 1744 καταλήγειν
1611 1717 1618 1724 ·
1637 1709 1651 1736 ὃ
1667 1709 1701 1745 δὴ
1717 1709 1764 1736 καὶ
1779 1709 1824 1736 τοῦ

1032 1752 1130 1784 αἰῶνος
1153 1752 1234 1786 ι’διον,
1258 1754 1306 1780 καὶ
1329 1755 1370 1786 εἰς
1391 1755 1489 1782 ἑαυτὸν
1503 1754 1684 1791 ἀναστρέφειν
1700 1756 1824 1791 μηδαμοῦ

1032 1797 1243 1833 περατούμενον.
1259 1798 1306 1825 Διδ
1318 1799 1368 1835 τὴν
1381 1800 1503 1836 κεφαλὴν
1514 1799 1561 1827 τοῦ
1581 1801 1690 1836 χρόνου,
1707 1801 1738 1828 οὐ
1753 1802 1825 1837 πρώ-

1032 1843 1081 1879 τὴν
1098 1844 1219 1880 ἡμερῶν,
1235 1845 1303 1872 ἀλλὰ
1316 1845 1381 1880 μίαν
1393 1846 1544 1881 ὠνόμασεν,
1556 1847 1631 1879 ὅπως
1644 1849 1678 1883 τῇ
1693 1841 1824 1884 προσηγο-

1033 1889 1080 1926 ρίᾳ
1094 1890 1124 1917 τὸ
1146 1891 1276 1925 συγγενὲς
1294 1890 1343 1927 ἔχῃ
1367 1891 1436 1927 πρὸς
1455 1892 1500 1919 τὸν
1516 1892 1613 1919 αἰῶνα.
1638 1892 1692 1920 Τοῦ
1709 1893 1764 1928 γάρ
1777 1902 1824 1928 μο-

1032 1933 1115 1970 ναχοῢ
1133 1935 1182 1962 καὶ
1197 1936 1382 1971 άκοινωνήτου
1404 1936 1474 1971 πρὸς
1490 1936 1584 1972 ἕτερον
1602 1937 1648 1964 τὸν
1663 1938 1825 1973 χαρακτῆρα

1031 1979 1170 2013 δεικνῦσα,
1190 1981 1299 2014 οἰκείως
1311 1982 1359 2009 καὶ
1381 1982 1528 2019 προσφυῶς
1539 1983 1749 2019 προσηγορεύθη
1765 1984 1823 2020 μία.

1031 2025 1101 2061 αὺτὴ
1117 2026 1146 2053 ὲν
1159 2026 1243 2063 ἑαυτῇ
1263 2026 1308 2054 διὰ
1322 2028 1423 2061 παντὸς
1435 2028 1534 2061 αἰῶνος
1548 2029 1775 2066 άνακυκλονμένη
1784 2031 1823 2064 εἰς

1031 2071 1141 2108 ἑαυτήν.

1305 2189 1430 2217 ΠΕΥΣΙΣ
1452 2190 1534 2224 qu”.
1544 2190 1549 2195 '

1071 2253 1127 2280 Καὶ
1145 2253 1205 2286 πῶς
1228 2255 1246 2291 ἠ
1267 2255 1364 2292 Γραφὴ
1384 2257 1501 2289 πολλοὺς
1518 2257 1619 2291 αἰῶνας
1643 2259 1825 2295 ἰμφαίνουσα,

1034 2297 1108 2332 λέγει
1127 2299 1230 2332 αἰῶνας
1245 2301 1370 2334 αἰώνωνς
1387 2303 1434 2330 καὶ
1451 2303 1533 2331 Δασὶδ
1552 2304 1621 2340 πρὸς
1643 2305 1683 2340 τῷ
1696 2306 1825 2334 τέλειτοῦ

1032 2344 1141 2381 ψαλμοῦ
1153 2355 1234 2383 φησιν
1242 2355 1249 2363 ·
1273 2347 1532 2386 Ἑξομολοβῖσθαι
1543 2350 1600 2386 (81)
1610 2351 1652 2384 τῷ
1661 2353 1760 2386 Κυρίῳ
1773 2354 1825 2380 τοῦ

1033 2390 1176 2424 οὐρανοῦ,
1200 2391 1245 2419 ὅτι
1269 2393 1315 2427 εἰς
1339 2393 1455 2428 πάντας
1469 2395 1542 2430 τοὺς
1557 2396 1669 2430 αἰῶνας
1685 2397 1720 2424 τὸ
1741 2399 1826 2431 ἕλεος

1032 2435 1147 2469 αὐτοῦ;
1166 2437 1214 2464 καὶ
1229 2439 1312 2466 πάλιν
1324 2440 1339 2467 ὁ
1359 2440 1456 2473 αὑτός·
1474 2441 1601 2476 ’Υψώσω
1615 2450 1663 2476 σε.
1681 2444 1699 2471 ὁ
1721 2444 1796 2478 Θεὸς
1811 2446 1826 2472 ὁ

1032 2479 1185 2515 ,ϐασιλεύς
1200 2491 1270 2517 μου,
1289 2483 1339 2511 καί
1361 2485 1522 2521 εὐλογήσω
1540 2487 1575 2514 τὸ
1596 2487 1692 2523 ὄνομά
1704 2497 1765 2517 σου
1784 2491 1826 2522 εις

1034 2525 1088 2553 τὸν
1107 2526 1211 2561 αἰῶνα,
1228 2529 1278 2556 καί
1293 2531 1338 2564 εΙς
1351 2531 1406 2559 τὸν
1425 2532 1519 2559 αἰῶνα
1534 2533 1589 2560 τοῦ
1606 2533 1736 2568 alin-oc;
1760 2535 1825 2563 Ἰδοὺ

1033 2573 1109 2618 τρεῖς
1119 2573 1218 2606 αἰῶνες
1232 2575 1261 2602 ἑν
1273 2575 1312 2612 τῷ
1329 2577 1469 2614 ἑκατοστῷ
1479 2580 1692 2616 τεσσαρακοστῷ
1702 2581 1825 2618 τετάρτῳ

1032 2617 1144 2663 ψαλμῷ.
1165 2619 1246 2648 Ἀλλὰ
1257 2622 1304 2649 καὶ
1315 2622 1369 2650 τῶν
1380 2624 1457 2660 παρὰ
1465 2624 1521 2662 τῶν
1534 2626 1629 2662 ιερέων
1639 2617 1779 2663 ἀκούομεν
1788 2627 1824 2663 τῷ

1033 2661 1093 2698 Θεῷ
1110 2663 1287 2701 εὐχαριστίαν
1303 2667 1505 2705 ἀναφερόντων,
1525 2661 1574 2698 καὶ
1587 2671 1618 2698 ea
1638 2661 1740 2707 κράτος
1756 2661 1823 2700 κατᾶ

1034 2707 1144 2736 πάντων
1158 2710 1361 2747 άπονιμόντων,
1374 2714 1420 2741 ὅτε
1437 2715 1520 2750 φασίο
1539 2715 1576 2744 Τὸ
1598 2716 1720 2751 κράτος,
1739 2718 1789 2745 καί
1804 2717 1822 2749 ἠ

226 2766 250 2784 "
268 2767 348 2797 Joan.
367 2778 418 2805 xu,
437 2771 464 2799 1.
501 2773 525 2789 ⁸⁸
543 2772 638 2803 Matth.
660 2783 733 2809 τινι,
753 2778 778 2805 2.
819 2778 842 2795 ⁹⁹
861 2778 929 2809 Gen.
953 2789 972 2814 I,

1056 2783 1065 2800 '
1086 2783 1158 2814 Psal.
1176 2794 1275 2822 cxxxv,
1295 2788 1340 2817 26.
1381 2791 1392 2806 '
1411 2790 1482 2819 Psal.
1505 2799 1595 2826 cxttv,
1617 2792 1645 2820 1.

229 2845 286 2890 ςεο)
312 2846 582 2890 ᾈναὲυκλοζισθαι,
599 2852 702 2890 igitur,
722 2853 786 2890 Leg.
805 2856 977 2885 ανακυκλοῦ-

194 2879 334 2917 danae).
347 2883 438 2918 πάλιν,
451 2885 491 2914 vel
505 2879 954 2925 άνακῖακὶλιυμένήνξσπάλινίέιῖἶτί

1065 2861 1122 2898 (81)
1144 2863 1412 2902 Ἐξομολογεῖσθαι.
1427 2867 1492 2905 Leg.
1505 2869 1722 2906 ἐξομολογεῖσθε.
1737 2868 1778 2899 In.
