1907 3043
90 185 250 217 βασιλεία.
265 181 314 208 καὶ
326 180 344 215 ἠ
360 180 496 215 δύναμις,
509 179 558 207 καὶ
571 180 592 214 ἡ
602 178 681 211 δόξα
695 178 749 206 τοῦ
761 179 886 213 Πατρός,

93 229 146 256 καὶ
163 228 217 254 τοῦ
241 226 319 258 Υἰοῦ,
335 227 384 253 καὶ
401 226 454 253 τοῦ
469 225 555 260 ἁγίου
572 225 755 260 Πνεύματος.
768 225 827 251 νῦν·
841 225 889 251 καὶ

91 275 153 306 ἀεὶ.
168 274 218 301 καὶ
229 275 273 307 εις
286 273 356 305 τοὺς
370 272 479 305 αἰῶνας
494 271 554 298 τῶν
565 271 691 298 αὶώνων.
711 270 814 306 ’Δμήφκ

407 318 588 352 Ἀπόκρισις.

137 365 210 392 ’Δλλ“
224 365 275 392 οὐκ
288 364 323 390 ὲκ
338 363 442 391 τούτων
450 363 565 395 πολλοὺς
578 362 679 394 αἰῶνας
688 362 815 399 ἀριθμεῖν
828 371 891 389 παι-

90 411 247 447 δευόμεθα,
265 410 334 438 ἀλλὰ
347 411 395 437 καὶ
412 409 538 445 ἀμείψεις
556 409 727 445 πραγμάτων
742 409 789 436 καὶ
805 417 890 435 κατα-

95 459 232 489 στάσεων,
247 457 278 483 οὺ
293 456 469 492 περιγραφὰς
486 455 514 481 δὲ
535 455 581 482 καὶ
593 455 711 491 πέρατα,
731 455 748 490 ἢ
767 454 889 490 διαδοχὰς

93 506 215 534 αἰώνων.
240 505 344 541 Ἡμέρα
355 506 409 540 γὰρ
420 505 530 538 Κυρίου
538 503 655 539 μεγάλη
668 503 718 530 καὶ
730 503 889 538 ἐπιφανὴς,

94 553 181 587 φησιν
200 553 214 578 ό
238 552 382 586 προφήτης
392 558 399 565 '
424 551 472 576 καὶ
486 549 578 582 πάλιν,
594 550 655 577 Ἵνα
669 549 698 576 τι
709 549 781 583 ὑμῖν
795 549 892 583 ζητεῖν

92 598 155 633 τὴν
176 597 291 631 ἡμέραν
311 596 438 630 Kvpicv;
455 595 505 622 ml
532 595 607 630 αὕτη
629 596 752 628 σκότος,
779 594 827 621 καὶ
855 595 890 621 οὐ

93 645 162 680 φῶς
170 654 177 661 ι
195 645 290 675 σκότος
299 643 421 679 δηλονότι
433 644 489 673 τοῖς
497 642 593 675 ἀξίοις,
608 642 670 668 ἐπεὶ
684 641 833 677 ἀνέσπερον
845 640 891 667 καὶ

93 690 238 724 ἀδιάδοχον
257 689 306 724 τὴν
320 687 428 723 ἡμέραν
446 686 556 721 ἐκείνην
574 684 644 712 οἶδεν
655 687 669 712 ὁ
682 685 761 719 λόγος
775 693 781 700 ’
796 685 829 720 ἣν
845 685 891 711 καὶ

94 737 194 772 ὀγδόην
215 736 229 762 ὁ
241 735 295 762 τῶν
316 734 397 761 θείων
416 732 534 769 μελῳδὸς
550 732 782 768 προσηγόρευσεν,
802 730 891 764 ’Υπὲρ

93 782 152 817 τῆς
169 782 278 817 ὀγδόης
298 780 473 815 ὲπισημάνας
497 779 550 806 τῶν
572 778 669 805 ἑαυτοῦ
682 777 797 813 ψαλμῶν
811 777 888 814 (81').

93 830 192 865 ἕτερον
212 829 252 860 δὲ,
268 828 376 863 γραφῇ,
397 827 403 835 ’
412 826 489 861 Υπὲρ
503 825 763 860 κληρονομοῦσης,
777 824 815 856 ὠς
828 824 889 850 ταύ-

91 884 146 911 της
163 875 212 902 καὶ
238 874 322 910 μόνης
341 873 390 905 τὰς
411 873 508 904 λοιπὰς
524 871 746 907 κληρονομούσης
769 870 886 906 ἡμέρας,

90 922 152 953 τοῖς
179 922 345 955 άπεράντοις
367 919 415 946 καὶ
439 919 571 954 ἀτμήτοις
597 917 783 953 διαστήμασι,
814 916 844 943 τὸ
859 916 887 942 δὲ

91 964 170 991 κατὰ
192 966 302 990 πάντων
319 963 403 998 κῦρος
425 962 644 998 ἀναδησαμένης,
663 962 707 988 διὰ
726 961 757 987 τὸ
773 961 888 997 ὑπερτε-

93 1009 155 1042 ρεῖν
178 1008 226 1034 καὶ
251 1007 304 1039 ἔξω
320 1007 427 1034 κεῖσθαι
449 1006 497 1033 τοῦ
521 1006 704 1041 ἑϐδοματικοῦ
732 1005 824 1033 τούτου
840 1005 888 1032 κύ·-

88 1053 172 1080 κλου.
192 1054 274 1079 Ὥστε
293 1053 345 1080 κᾶν
359 1053 466 1088 ἡμέραν
491 1054 580 1088 φήσω,
601 1052 653 1079 κᾶν
664 1052 761 1084 αἰῶνα,
775 1052 825 1088 τὴν
840 1051 888 1078 αὖ·

89 1101 144 1134 τήν
170 1108 241 1134 φημι
265 1099 380 1126 ἔννοιαν.
398 1099 461 1125 Εἴτε
483 1101 538 1134 γὰρ
555 1098 645 1134 ημὲρα
664 1098 718 1133 εῐη,
738 1098 786 1133 μία
801 1097 887 1129 ἔσται,

90 1146 143 1172 καὶ
157 1145 189 1172 οὺ
205 1145 319 1172 πολλαί·
334 1145 389 1172 εἴτε
406 1145 473 1172 αἰὼν
489 1144 702 1179 προσαγορεύων
723 1143 791 1179 (8‘2),
806 1152 889 1179 μονα-

89 1193 139 1228 χὸς
156 1192 190 1219 ἂν
205 1192 247 1227 εἴη
266 1191 313 1218 καὶ
332 1192 495 1226 ἀπέραντος.
515 1191 586 1227 Πρὺς
604 1191 651 1226 τὴν
669 1189 819 1225 μέλλουσαν
841 1187 888 1217 οὖν

89 1239 168 1274 ζωὴν
184 1238 293 1272 ἀνάγων
314 1237 393 1273 ἡμῶν
409 1237 458 1272 τὴν
481 1237 595 1269 ἔννοιαν,
620 1236 685 1273 μίαν
709 1236 813 1272 ἔγραψε
838 1235 888 1272 τὴν

89 1284 185 1310 εἰκόνα
199 1283 246 1309 τοῦ
272 1282 371 1314 παντὸς
396 1282 493 1314 αἰῶνος
510 1283 612 1318 Μωσῆς
625 1283 639 1308 ὁ
652 1282 824 1317 ἱεροφάντης,
839 1281 888 1317 τὴν

88 1329 222 1365 ἀπαρχὴν
236 1328 290 1355 τῶν
304 1329 428 1365 ἡμερῶν,
448 1329 497 1364 τὴν
518 1329 637 1364 ὁμήλικα
656 1328 704 1354 τοῦ
727 1328 825 1362 φωτὸς,
839 1327 888 1365 τὴν

86 1374 170 1401 θείαν
194 1375 241 1401 καὶ
266 1374 368 1409 σεπτὴν
392 1374 547 1410 Κυριακὴν,
565 1375 615 1410 τὴν
630 1375 663 1410 τῇ
680 1374 826 1400 ἀναστάσει
839 1373 886 1400 τοῦ

89 1421 197 1457 Κυρίου
213 1421 412 1456 τετιμημένην,

386 1567 511 1593 ΠΕΥΣΙΣ
527 1567 600 1594 ΡΙΖ¹.

131 1611 245 1647 Ἐπειδὴ
256 1612 368 1646 λέγουσί
379 1621 452 1644 τινες
463 1612 614 1644 ὲπαοιδίαις
627 1614 674 1641 καὶ
687 1617 825 1651 γοητείαις
838 1617 886 1652 τὴν

88 1658 209 1695 σελήνην
223 1658 392 1692 κατάγεσθαι
409 1659 556 1694 οὐρανόθεν
567 1668 574 1675 ·
588 1661 635 1687 καὶ
650 1661 681 1688 τὸ
699 1662 826 1690 πλεῖστον
839 1664 887 1698 μὲ-

87 1713 138 1740 ρος
153 1705 203 1740 τῆς
215 1704 426 1740 ἀνθρωπότητος
439 1706 472 1740 τῇ
489 1705 568 1740 φήμῃ
580 1705 668 1743 ταύτῃ
681 1708 829 1743 κρατηθὲν,
846 1709 885 1735 σί-

86 1750 174 1786 δηρον
189 1751 236 1776 καὶ
254 1750 354 1785 χαλκὸν
369 1750 526 1785 κρούοντες,
541 1751 638 1787 ὥσπερ
652 1753 680 1778 ὲν
702 1753 828 1780 ἐκστάσει
841 1763 887 1787 γε·

87 1796 208 1831 νομένην
222 1796 260 1831 τῷ
274 1797 345 1832 ἤχῳ,
357 1796 408 1831 τῆς
424 1796 527 1832 πλάνης
539 1797 623 1833 αὐτὴν
644 1799 830 1833 ἐπανάγεσθαι
845 1808 887 1826 νο-

88 1842 228 1878 μίζουσιν.

397 1889 576 1922 Ἀπόκρισις.

123 1933 215 1960 Μῦθοί
236 1942 308 1965 τινες
330 1933 530 1968 καταγέλαστοι
550 1934 603 1960 ὑπὸ
621 1936 715 1970 γραῶν
729 1936 884 1969 κωθωνιζο-

87 1981 180 2014 μένων
206 1980 296 2015 πάντη
322 1980 479 2016 διεδόθησαν
500 1981 753 2018 παραληροὺμενοι,
776 1991 884 2018 μαγγα-

87 2025 173 2057 νείαις
185 2026 242 2052 τισὶ
255 2026 306 2059 τῆς
323 2027 427 2058 οἰκείας
440 2027 524 2062 ἕδρας
533 2027 734 2061 ἀποκινεῖσθαι,
754 2029 801 2056 καὶ
815 2029 884 2064 πρὸς

86 2073 140 2107 γῆν
161 2071 247 2107 αὐτὴν
265 2071 407 2107 φέρεσθαι,
432 2073 479 2098 καὶ
493 2072 686 2108 ψηλαφᾶσθαι·
709 2075 777 2111 ὅπερ
792 2074 884 2110 πάσης

86 2117 201 2150 ἀλογίας
213 2117 260 2143 καὶ
272 2117 322 2151 τῆς
333 2117 453 2152 ἐσχάτης
466 2118 596 2149 ἀπονοίας
612 2119 734 2154 ὑπάρχον
752 2129 797 2155 μοι
809 2120 884 2147 δοκεί

85 2166 132 2192 τὸν
145 2165 218 2191 θεῖον
231 2164 454 2201 παρακρούεσθαι
469 2165 597 2201 μελῳδὸν,
612 2166 720 2202 ᾇδοντα”
730 2170 880 2203 Σελήνην.

83 2210 219 2244 ἀστέρας
233 2209 252 2237 ἂ
276 2210 316 2237 σὺ
341 2211 551 2244 ἐθεμελίωσας.
580 2212 659 2243 Ποίος
680 2212 709 2238 δὲ
729 2213 781 2249 ἄρα
799 2213 880 2246 τόπος

87 2256 331 2283 κατασπασοεῖσαν
349 2257 435 2292 αὐτὴν
454 2257 616 2290 ὑπεδέξατος
637 2255 689 2290 Ἦς
706 2259 740 2284 δι’
756 2259 880 2295 ἀμυδρᾶς

87 2303 195 2335 εἰκόνος
212 2301 347 2334 ἀποδείξω
361 2303 391 2329 τὸ
409 2302 524 2338 μέγεθος
542 2304 598 2335 τοῖς
619 2304 831 2337 εἰκαιοεούλοις·
847 2305 881 2332 Αἰ

84 2350 159 2377 κατὰ
179 2349 228 2384 τὴν
251 2349 416 2384 οἰκουμένην
440 2348 532 2380 πόλεις
555 2349 681 2375 πλεῖστον
701 2350 823 2386 ἀλλήλων
841 2351 882 2377 δι-

86 2396 207 2422 εστῶσαι
218 2396 277 2427 ταῖς
289 2395 360 2422 κατὰ
370 2394 420 2430 τὴν
432 2394 502 2430 ἑῴαν
514 2395 655 2430 κειμέναις
665 2397 711 2422 καὶ
719 2396 768 2432 τὴν
800 2397 881 2424 ἑσπέ-

87 2451 149 2478 ραν,
163 2442 211 2468 καὶ
218 2441 356 2476 διαφόροις
363 2441 413 2476 τῆς
421 2441 519 2476 χέρσου
528 2442 708 2477 ρυμοτομίαις
717 2444 765 2470 καὶ
771 2443 878 2478 ὄχθαις,

87 2488 237 2524 ἰσομοίρως
265 2489 352 2514 πᾶσαι
375 2487 406 2514 τὸ
425 2488 577 2523 σεληνιαίον
600 2489 658 2523 φῶς
690 2489 877 2524 ὑποδέχονται,

83 2535 157 2567 ὅπερ
169 2535 226 2565 τοῖς
238 2534 398 2569 άρτέφροσιν
414 2533 507 2560 ἱκανὸν
522 2534 623 2566 πάσαις
645 2535 730 2570 αὐτὴν
748 2535 877 2570 ἀντιπρό-

83 2588 175 2607 σωπον
191 2580 238 2607 καὶ
258 2579 435 2615 ὑπερμεγέθη
449 2579 604 2614 τυγχάνειν.
623 2580 656 2607 Εἰ
671 2580 709 2616 μὴ
721 2581 776 2615 γὰρ
790 2581 877 2613 οὕτως

81 2625 128 2663 ἦν,
148 2627 258 2659 πάντως
272 2626 304 2654 ἂν
318 2627 381 2659 τοὺς
395 2628 438 2653 ἐπ’
455 2626 566 2659 εὺοείας
581 2627 752 2662 κατεφώτισε
765 2627 876 2663 μόνους,

80 2676 139 2705 τοῖς
151 2673 179 2700 δὲ
192 2674 222 2700 τὸ
241 2671 319 2709 εὖρος
332 2673 418 2708 αὐτῆς
434 2673 651 2709 ὑπερ-πίπτουσιν
665 2673 874 2710 ὲγκεκλιμέναις

81 2722 191 2755 αὐγαῖς,
203 2720 248 2747 διὰ
267 2719 322 2746 τῶν
347 2719 472 2753 πλαγίων
493 2719 680 2755 παραθέουσα,
705 2720 874 2756 προσέϐαλεν

118 2789 129 2804 ³
145 2787 204 2817 loci
225 2797 256 2819 ιι,
279 2788 289 2815 l
312 2797 365 2816 sec.
387 2787 469 2815 LXX.
508 2788 519 2804 ⁸
537 2789 620 2817 Amos
641 2798 667 2821 v.
694 2790 738 2817 I8.
779 2790 788 2806 '
809 2789 868 2818 Psal

959 2789 1043 2820 ΗΜ,
1064 2787 1089 2814 Ι.

82 2890 103 2918 Ε
117 2856 185 2892 (8Γ)
208 2856 271 2884 Τῶν
288 2881 297 2886 -
308 2876 316 2884 .
331 2876 339 2884 .
356 2855 494 2891 ψαλμῶν.
514 2859 591 2886 Anne
611 2858 656 2884 τδν
671 2877 678 2884 .
695 2876 702 2883 .
720 2877 727 2884 .
742 2856 868 2893 suam?

105 2899 158 2918 our.

105 2899 158 2921 Dl‘l.

266 2939 400 2971 PanL.
431 2942 489 2972 ϐυ.
516 2938 686 2970 XXXVIII.

785 122 962 152 DIALOGUS
995 123 1040 150 III.

1657 124 1728 153 ισοξ

942 183 965 205 et
979 178 1064 214 gloria
1086 176 1188 212 Patris,
1199 184 1223 206 et
1235 179 1309 213 Filii,
1322 186 1345 209 et
1361 179 1474 215 Spiritus
1502 181 1598 214 sancti,
1616 189 1684 208 nunc
1702 187 1729 208 ει

942 233 1051 259 semper,
1066 231 1089 252 et
1104 226 1129 251 in
1145 225 1242 252 saecula
1258 226 1424 252 saeculorum.
1443 228 1535 253 Amen.

1261 314 1415 348 Responsio.

977 362 1012 388 At
1025 368 1058 388 ex
1071 361 1130 388 istis
1143 368 1194 388 non
1212 361 1342 388 d0cemur
1357 361 1440 388 multa
1457 369 1602 389 numerare
1618 362 1728 394 scruta,

942 408 988 436 sed
1004 413 1030 435 et
1045 408 1209 435 mutationes
1226 416 1316 435 rerum
1340 412 1367 435 et
1387 412 1516 441 statuum,
1534 417 1587 436 non
1609 409 1730 436 circurn-

942 453 1104 488 scriptiones
1115 458 1142 480 et
1153 452 1284 481 terminos
1293 459 1340 480 aut
1354 454 1543 481 successiones
1554 454 1729 482 smculornm.

941 499 1004 526 Dies
1017 500 1090 526 enim
1116 499 1224 526 Domini
1246 508 1356 534 magnus
1372 505 1397 526 et
1416 500 1540 533 illustris,
1562 501 1649 535 inquit
1665 509 1730 536 pro-

941 547 1020 582 plrcta
1037 547 1057 574 '.
1074 548 1107 574 Et
1120 547 1237 574 itcrum:
1257 547 1290 573 At
1310 548 1373 582 quid
1398 547 1469 574 vobis
1489 549 1594 582 prodest
1613 556 1730 582 querere

941 593 1011 620 diem
1026 593 1155 620 Domini?
1168 594 1247 620 etiam
1262 593 1320 628 ipsa
1332 594 1382 620 erit
1397 593 1491 629 caligo.
1509 603 1560 621 mm
1575 593 1625 620 'lua:
1641 594 1662 622 ⁸.
1678 594 1732 622 Ca—

941 637 995 673 ligo
1008 638 1112 665 scilicet
1127 638 1161 665 iis
1178 638 1225 672 qui
1242 638 1282 665 sic
1303 645 1452 666 merentur.
1471 638 1611 674 Siquidem
1629 641 1732 675 absque

941 693 1053 719 respere
1078 692 1110 712 ac
1135 685 1309 712 successione
1333 685 1405 712 diem
1430 685 1502 713 illam
1532 685 1589 713 fore
1615 686 1729 719 scimus,

941 740 1023 766 quam
1038 737 1066 759 ct
1076 737 1198 759 octavam
1217 732 1372 759 divinorum
1395 733 1548 760 carminum
1569 737 1666 760 auctor
1681 741 1731 768 ap-

942 778 1050 813 pellavit
1071 787 1077 804 :
1097 777 1151 804 Pro
1180 783 1273 805 octava
1297 779 1416 811 psalmos
1441 787 1506 807 suos
1531 779 1686 807 inscribens
1707 780 1729 808 '.

942 825 1032 852 Alium
1050 825 1114 852 item
1137 825 1273 859 psalmum
1291 825 1413 853 inscribit
1428 835 1435 853 :
1457 825 1512 852 l'ro
1526 834 1557 853 ea
1573 835 1632 862 qua:
1647 827 1732 854 haere-

941 870 1051 897 ditatem
1067 871 1164 905 accipit
1179 871 1189 886 ⁸
1207 880 1212 897 :
1235 871 1314 905 quasi
1336 872 1392 899 haec
1413 872 1470 898 sola
1489 872 1654 907 reliquarum
1671 872 1731 900 die-

942 925 1002 944 rum
1017 917 1052 944 sit
1067 917 1164 950 haeres,
1187 926 1235 953 per
1260 918 1362 945 inﬁnita
1382 922 1409 946 et
1430 919 1549 953 expertia
1576 919 1729 947 sectionum

942 962 1059 989 ullarum
1072 963 1160 997 spatia
1174 968 1333 991 cunctarum
1349 970 1439 991 rerum
1453 964 1568 999 imperio
1582 965 1706 993 redimita
1720 975 1728 993 :

942 1016 1084 1044 propterea
1100 1010 1172 1044 quod
1190 1011 1315 1044 superior
1331 1011 1376 1044 sit,
1399 1015 1426 1038 et
1446 1016 1523 1038 extra
1546 1012 1730 1047 septenarium

942 1056 1015 1082 hunc
1026 1056 1160 1083 circulum
1173 1057 1272 1092 posita.
1286 1057 1469 1090 Quamobrem
1485 1058 1543 1086 sive
1552 1058 1623 1085 diem
1639 1059 1732 1093 appel-

941 1101 1043 1134 lavero,
1059 1102 1117 1129 sive
1135 1103 1266 1130 sreculum
1280 1108 1308 1130 et
1322 1111 1409 1130 asvum
1434 1112 1441 1130 :
1464 1105 1559 1132 eodem
1585 1110 1733 1138 utrumque

942 1147 1094 1182 proferetur
1115 1149 1263 1177 intellectu.
1288 1149 1352 1177 Sive
1375 1150 1448 1177 enim
1475 1150 1534 1178 dies
1562 1150 1653 1183 fuerit,
1677 1159 1732 1179 una

940 1195 1004 1226 erit,
1019 1199 1046 1222 et
1061 1203 1116 1222 non
1132 1196 1243 1229 multae;
1266 1196 1324 1223 sive
1345 1197 1475 1224 sarculum
1493 1197 1654 1232 appelletur,
1671 1198 1732 1225 uni-

941 1248 1003 1266 cnm
1028 1241 1091 1275 quid
1120 1240 1213 1273 fuerit,
1237 1246 1263 1269 et
1285 1242 1389 1278 absque
1404 1244 1532 1271 termino.
1550 1244 1590 1271 Ad
1609 1245 1731 1272 futuram

942 1286 1023 1320 igitur
1036 1288 1117 1314 vitam
1130 1288 1284 1317 subducens
1306 1294 1430 1317 nostrum
1454 1290 1632 1323 intellectum,
1647 1297 1732 1319 unam

941 1331 1012 1358 diem
1031 1333 1098 1360 dixit
1111 1334 1244 1368 interpres
1264 1334 1309 1362 ille
1322 1342 1412 1362 rerum
1427 1343 1571 1365 sacrarum
1586 1336 1685 1368 Moses,
1703 1342 1732 1364 nt

941 1385 1002 1412 qua
1015 1378 1050 1405 sit
1068 1379 1157 1414 imago
1180 1380 1264 1408 totius
1284 1381 1453 1414 aeternitatis,
1472 1382 1731 1417 primitizediernm,

940 1431 1031 1450 coaeva
1053 1424 1132 1454 lucis.
1158 1425 1248 1453 divina
1269 1426 1388 1462 denique
1402 1436 1426 1454 at
1455 1430 1606 1456 veneranda
1621 1430 1664 1457 illa
1677 1430 1732 1457 Do-

941 1469 1052 1502 minica,
1069 1478 1130 1504 qua:
1144 1472 1227 1498 etiam
1243 1479 1275 1499 ex
1297 1471 1404 1500 Domini
1427 1475 1626 1503 resurrectione
1642 1476 1731 1503 hono-

942 1523 999 1543 rem
1016 1517 1179 1551 pcculiarem
1197 1523 1239 1545 est
1254 1525 1410 1548 consecuta.

1142 1564 1402 1594 INTERROGATIO
1421 1567 1527 1596 CXVII.

973 1611 1115 1644 Quomodo
1139 1612 1235 1640 dicunt
1264 1613 1359 1648 aliqui.
1380 1614 1590 1643 incantamentis
1611 1621 1638 1643 et
1660 1623 1731 1650 prte-

937 1657 1024 1692 stigiis
1049 1657 1141 1684 lunam
1162 1658 1232 1685 cwlo
1252 1658 1379 1686 detrahi?
1399 1659 1516 1687 Maxima
1533 1666 1606 1689 certe
1621 1665 1729 1698 generis

939 1703 1050 1729 humani
1066 1710 1129 1738 pars
1144 1702 1227 1737 hujus
1243 1704 1280 1730 rei
1303 1704 1376 1731 fama
1393 1706 1515 1740 persuasi
1541 1712 1567 1734 et
1588 1710 1727 1743 occupati,

937 1747 1040 1776 ferrum
1055 1754 1082 1776 et
1097 1757 1135 1778 ass
1148 1750 1292 1784 pulsando,
1316 1756 1446 1787 tanquam
1463 1762 1478 1780 ρ
1494 1758 1627 1787 potestate
1637 1763 1728 1791 egres-

937 1802 994 1822 sam
1009 1803 1055 1830 per
1069 1796 1214 1832 strepitum
1228 1797 1263 1824 ab
1277 1805 1371 1825 errore
1388 1799 1495 1826 liberari
1513 1806 1617 1834 putant.

1258 1887 1413 1922 Responsio.

970 1927 1081 1956 Fabula:
1092 1930 1216 1964 quaedam
1234 1932 1356 1960 ridiculae
1378 1934 1413 1961 ab
1432 1934 1549 1962 articulis
1564 1937 1727 1965 somnianti-

934 1975 986 2004 bus
1001 1977 1101 2012 ubique
1117 1978 1302 2008 disseminata
1316 1986 1389 2014 sunt,
1403 1990 1520 2017 quarum
1535 1984 1659 2012 delirium
1672 1991 1725 2018 est.

934 2021 1094 2058 imposturis
1106 2025 1268 2060 quibusdam
1285 2028 1395 2061 propria
1414 2028 1479 2056 sede
1498 2029 1590 2056 lunam
1609 2033 1724 2065 moveri,

933 2073 960 2096 et
971 2070 1004 2097 ad
1029 2071 1116 2105 ipsam
1139 2077 1240 2099 terram
1271 2073 1334 2101 ferri
1359 2078 1385 2101 et
1410 2077 1582 2104 contrectari.
1604 2077 1631 2105 Id
1650 2079 1725 2114 quod

932 2116 1022 2142 omnis
1050 2117 1227 2146 absurditatis
1252 2124 1278 2146 et
1302 2125 1430 2148 extremae
1452 2122 1596 2151 dementize
1613 2125 1724 2159 plenum

932 2161 1052 2188 refutare
1065 2163 1142 2196 mihi,
1156 2164 1312 2192 divinorum
1335 2166 1380 2193 ille
1399 2168 1552 2195 carminum
1567 2177 1664 2197 auctor
1681 2172 1724 2198 vi-

934 2207 1024 2239 detur,
1042 2216 1104 2235 cum
1126 2210 1200 2237 canit
1215 2217 1222 2236 :
1242 2209 1346 2237 Lunam
1368 2218 1392 2239 et
1414 2213 1505 2240 stellas
1521 2220 1551 2241 ιιι
1566 2215 1687 2249 fundasti
1700 2218 1721 2245 ⁷.

934 2252 1028 2286 Qualis
1049 2259 1140 2283 autem
1162 2255 1247 2289 locus,
1273 2265 1375 2292 quzeso,
1399 2259 1546 2286 detractam
1569 2261 1655 2295 ipsam
1672 2270 1724 2288 un-

932 2307 1015 2334 quam
1029 2302 1241 2337 excepiticnjus
1259 2304 1322 2330 exili
1346 2306 1462 2339 quadam
1483 2307 1600 2342 imagine
1616 2309 1722 2343 magm—

933 2345 1054 2372 tudinem
1077 2348 1153 2374 vanis
1173 2347 1226 2375 illis
1250 2349 1406 2377 hominibus
1425 2351 1631 2381 demonstrabo.
1655 2354 1722 2387 Quae

932 2398 981 2425 per
1004 2391 1096 2418 orbem
1123 2397 1254 2420 terrarum
1280 2400 1344 2421 sunt
1367 2395 1459 2429 urbes,
1487 2396 1633 2431 plurimum
1657 2406 1672 2426 a
1691 2407 1722 2427 se

932 2435 1048 2463 invicem
1060 2438 1209 2465 secundum
1231 2439 1390 2467 orientalem
1406 2447 1432 2468 et
1452 2443 1647 2471 occidentalem
1664 2445 1721 2479 pla-

933 2491 994 2518 gam
1019 2484 1122 2511 dissitae
1146 2490 1220 2516 sunt,
1244 2493 1275 2513 ac
1296 2486 1409 2514 diversis
1427 2488 1529 2515 viarum
1553 2491 1721 2519 sectionibus

931 2530 1067 2565 editisque
1100 2531 1166 2558 locis
1197 2532 1336 2567 sejunctre.
1372 2533 1554 2563 Nihilominus
1579 2536 1739 2572 aqualitor'

930 2584 1025 2604 omnes
1042 2577 1136 2604 lunare
1159 2577 1250 2605 lumen
1270 2579 1434 2614 suscipiunt.
1459 2580 1485 2607 Id
1509 2582 1581 2616 quod
1601 2583 1721 2610 cordatis

931 2623 1040 2654 suilicit.
1055 2624 1184 2651 omnibus
1199 2625 1286 2659 ipsam
1311 2625 1425 2652 urbibus
1445 2626 1601 2660 obversam,
1618 2633 1645 2656 et
1663 2630 1721 2656 exi-

931 2669 992 2696 mia:
1008 2669 1200 2704 magnitudinis
1222 2678 1291 2697 esse.
1318 2668 1375 2697 Nisi
1400 2672 1473 2699 enim
1497 2673 1537 2701 sic
1561 2681 1719 2709 comparata

928 2723 972 2744 res
986 2715 1066 2748 foret,
1093 2716 1204 2743 omnino
1225 2724 1272 2744 eos
1299 2716 1446 2745 illustraret
1467 2719 1554 2754 solos,
1575 2721 1622 2755 qui
1645 2729 1718 2749 recta

1129 2787 1138 2802 ⁸
1159 2785 1231 2813 Psal.
1249 2793 1276 2818 v,
1299 2786 1323 2813 Ι.
1362 2787 1371 2802 ⁷
1392 2787 1463 2815 Psal.
1485 2796 1544 2822 νιιι,
1565 2788 1592 2816 ι.

959 2855 1016 2897 (82)
1037 2856 1114 2918 ptiar
1128 2859 1368 2894 προσαγορεύων.
1386 2856 1460 2884 Fort.
1479 2858 1566 2885 αἰῶνα
1582 2866 1720 2895 προσαγο-

959 2899 1024 2918 υσω.
1049 2900 1074 2918 υ.

926 2899 1024 2926 psecro.
1039 2899 1074 2919 ID.

1521 2941 1560 2971 32
