1907 3043
209 117 278 144 10οδ

207 173 258 208 ipsi
276 175 481 207 opponerentur
498 181 504 199 :
525 172 572 207 qni
593 180 657 200 vero
676 175 710 201 ad
733 175 804 202 latus
828 176 873 203 siti
891 181 992 205 essent.

207 228 254 247 eos
271 219 409 246 inclinatis
435 221 627 254 depressisque
652 221 737 249 radiis
757 223 868 257 oblique
886 228 997 257 prseter-

207 273 321 293 t-urvens
343 269 446 292 tantum
471 266 624 300 attingeret.
650 265 708 294 Non
734 269 826 295 minus
847 270 920 296 enim
945 270 998 297 alia

208 312 315 338 ratione
333 311 426 338 eadem
451 311 485 338 de
512 312 562 338 hac
592 312 814 341 declarabuntur.
840 314 868 341 Si
889 316 999 349 quando

208 356 292 391 igitur
308 357 342 384 ab
357 357 465 384 excelso
489 358 590 385 montis
614 359 716 386 vertice
740 367 866 394 campum
889 362 997 396 conspi.

207 410 284 430 ceres
295 403 430 438 ingentem
443 408 471 431 et
481 404 602 439 planum,
617 412 738 439 quantae,
748 406 873 438 obsecro,
890 408 998 442 magni-

207 449 309 476 tttdinis
332 457 392 476 esse
417 450 465 476 tibi
491 451 646 477 viderentur
671 451 753 478 botnn
775 452 856 487 juga?
878 459 997 488 quantae.

207 495 348 522 aratores?
382 500 509 530 quantze,
539 497 675 524 bubulcus
707 498 806 533 aliquis
833 506 896 526 cum
926 500 999 528 mille

207 542 289 568 boum
316 548 450 574 armento,
464 548 515 570 aut
533 543 694 570 inuumerus
720 552 854 579 agnorum
879 554 944 582 grex
964 547 998 574 ad

207 588 331 621 paludem
356 588 470 615 balatus?
495 594 615 623 quantm,
641 589 776 618 ferociens
795 599 928 626 equorum
952 600 998 619 ar-

204 640 340 665 mentum,
358 639 384 661 el.
401 635 427 661 in
445 635 530 669 pratis
549 636 710 663 exsultans?
735 638 777 664 An
802 645 855 665 non
880 638 928 665 tibi
944 638 998 665 lor-

207 680 285 706 Inicis
303 680 428 707 exiliores
440 681 617 708 viderentur?
635 681 714 715 Quod
727 683 750 710 si
763 684 844 710 etiam
860 691 875 711 e
889 685 997 718 specula

202 727 248 753 'vel
267 726 359 760 aliquo
383 726 451 753 colle
477 727 510 754 ad
535 727 735 762 amplissimum
754 730 865 763 pelagus
884 737 999 756 conver-

201 780 265 804 sus,
290 772 395 800 deﬁxos
418 772 444 799 in
470 781 545 799 mare
572 774 668 800 Oculos
698 775 860 809 conjiceres,
889 781 998 810 quanta:

201 818 254 845 tibi
291 817 487 852 magnitudinis
525 826 586 846 esse
628 820 787 859 viderentur
826 820 922 848 insqu
956 822 997 848 vel

200 862 345 889 maxume?
362 867 482 896 quantm,
501 869 613 891 onerata
634 865 769 900 quaepiam
794 865 909 894 inlinitis
924 874 997 893 mer—

202 909 283 936 cibus
298 909 375 936 navis
391 917 453 936 cum
475 909 545 937 albis
566 910 634 938 velis
648 911 764 938 caaruleo
784 912 889 940 invecta
909 913 997 940 mari?

205 955 246 982 An
272 963 326 982 non
353 955 450 989 quavis
474 955 602 983 columba
633 956 775 984 exiliorem
804 958 852 985 tibi
877 959 996 993 speciem

202 1010 401 1039 aspectumque
409 1005 564 1037 exhiberet,
587 1005 647 1032 visu
670 1006 698 1033 in
715 1014 779 1033 aere
798 1007 954 1042 absumpto,
970 1011 996 1034 et

200 1054 381 1077 evanescente
403 1051 438 1077 ob
467 1050 649 1081 intervallum.
671 1059 726 1086 quo
749 1051 841 1078 minus
866 1057 996 1080 accurate

203 1092 290 1127 ipsam
308 1093 405 1120 oculus
429 1094 664 1128 comprehendat?
682 1095 778 1122 Itidem
805 1097 943 1124 nonnullis
967 1098 994 1124 itt

202 1140 270 1167 locis
286 1146 393 1168 montes
408 1146 472 1167 sunt
495 1141 618 1173 maximi,
644 1142 691 1177 qui
717 1143 743 1169 in
764 1143 995 1177 profunditatibus

203 1187 362 1215 ambiuntur
381 1195 429 1222 per
450 1188 600 1220 convalles,
618 1193 645 1216 et
662 1189 823 1216 torrentium
842 1190 927 1218 alveis
937 1191 995 1218 cin-

201 1239 313 1269 guntur,
330 1233 362 1261 ad
377 1241 494 1269 quorum
508 1234 672 1262 eminentius
683 1235 750 1262 levis
762 1235 908 1270 lluxusque
921 1237 995 1265 visus

203 1281 300 1311 fertur,
324 1285 350 1307 et
375 1281 461 1307 solam
482 1281 591 1315 attingit
613 1281 784 1315 Superliciem
799 1302 805 1313 ,
825 1290 885 1309 cum
908 1283 994 1310 inter-

199 1326 323 1360 iacentes
337 1327 522 1353 concavitates
535 1332 676 1361 penetrare
696 1331 723 1353 et
737 1328 871 1362 inspicere
886 1335 996 1363 propter

202 1372 415 1400 imlxemllitatcm
430 1377 555 1407 nequeat.
573 1372 614 1399 An
635 1381 688 1400 non
703 1373 785 1400 etiam
800 1374 952 1408 quadrata,
968 1379 996 1402 et

202 1419 235 1445 ad
249 1419 335 1445 nubes
351 1418 497 1445 altitudine
516 1419 702 1454 pertingentes
721 1424 822 1451 turres,
841 1420 959 1448 humiles
968 1426 996 1448 et

748 118 775 146 S.
797 118 945 147 CAESARI!
959 118 1124 148 GREGORII
1141 118 1292 147 FRATRIS

1774 119 1850 148 1008

1049 176 1091 203 ἄν.
1111 176 1195 202 Οὐδὲν
1214 174 1295 211 ἧττον
1317 174 1362 200 καὶ
1380 175 1480 210 ἑτέρως
1502 174 1535 201 τὰ
1551 175 1615 210 περὶ
1635 174 1740 210 ταύτης
1754 184 1837 211 sugq

1049 222 1216 258 νισθήσεται.
1233 222 1331 248 Εἷποτε
1341 219 1387 247 οῦν
1404 221 1450 255 ἀφ’
1465 221 1571 256 ὑψηλῆς
1584 222 1742 258 ἀκρωρείας
1750 223 1853 249 πεδίον

1049 268 1154 295 ἐθεάσω
1172 267 1240 293 πολὺ
1264 267 1311 293 καὶ
1333 266 1442 298 ὕπτιον,
1465 267 1547 301 ἡλίκα
1568 267 1618 301 μέν
1639 276 1680 293 σοι
1699 267 1755 294 τῶν
1776 268 1852 302 βοῶν

1049 313 1190 348 κατεφάνη
1209 313 1244 339 τὰ
1261 312 1362 347 Cain;
1387 312 1498 346 πηλίκοι
1515 313 1544 338 δὲ
1561 314 1585 339 οἱ
1599 313 1746 349 ἀροτῆρες,
1763 314 1784 349 ἢ
1801 315 1853 341 σίιν

1049 360 1082 394 τῇ
1095 357 1225 394 χιλιόμὸῃ
1235 359 1249 383 ὁ
1258 356 1394 391 βουκόλος,
1407 357 1422 392 ἢ
1434 357 1464 383 τὸ
1479 358 1629 393 μυρὶαμνον
1646 358 1692 385 ἐπὶ
1703 358 1750 385 τοῦ
1767 359 1853 390 ἕλους

1050 404 1216 439 βληχόμενον
1227 412 1234 436 ;
1248 403 1350 439 πηλίκη
1363 403 1392 429 δὲ
1401 403 1478 438 ἡτῶν
1489 404 1581 430 ἵππων
1593 404 1676 439 ἀγέλη
1686 405 1851 440 γαυριῶσα,

1049 451 1097 478 καὶ
1111 451 1157 477 ἐπὶ
1171 451 1225 477 τῶν
1235 449 1376 485 λειμώνων
1394 451 1564 485 σκαίρουσα;
1579 452 1601 476 εί
1616 451 1652 486 μή
1672 459 1712 477 σοι
1731 454 1853 486 μυρμή-

1049 505 1105 522 κων
1117 495 1296 530 ἀμυδρότεροι
1317 495 1427 528 ἕδοξανς
1454 496 1486 522 Εἰ
1500 495 1528 521 δὲ
1543 495 1589 521 καὶ
1607 496 1661 522 ἀπὸ
1682 497 1808 527 σκοπιᾶς
1834 497 1850 531 ἤ

1048 541 1187 575 γεωλόφου
1197 540 1269 572 τινὸς
1280 541 1326 566 ὲπὶ
1337 541 1467 576 μέγιστον
1478 541 1593 575 πέλαγος
1599 542 1806 578 τετραμμένος,
1815 543 1850 576 τῇ

1049 587 1168 622 θαλάττῃ
1177 586 1225 618 τὰς
1236 587 1312 622 Wst;
1320 586 1464 619 ὲπέὸαλες,
1474 587 1566 622 ἡλίκαι
1579 587 1661 623 μέσαι
1670 588 1739 622 (82⁸)
1750 587 1850 620 ἔδοξαν

1048 634 1103 660 τῶν
1115 635 1205 670 νήσων
1222 635 1249 661 αί
1275 634 1417 669 μέγισταις
1434 633 1536 670 πηλίκη
1551 634 1579 661 δέ
1602 643 1643 660 σοι
1668 634 1767 669 ὠραθη
1799 634 1851 669 μία

1047 680 1102 707 τῶν
1131 680 1306 717 μυριοφόρων
1341 680 1480 712 ὁλκάδων,
1505 680 1612 712 λευκοῖς
1641 681 1737 711 ἱστίοις
1775 681 1850 715 ὑπὲρ

1049 728 1153 762 κυανῆς
1168 727 1372 762 ποντοποροῦσα
1387 726 1541 762 θαλάσσης;
1556 728 1580 753 εί
1601 726 1638 762 μὴ
1656 727 1751 761 πάσης
1767 735 1850 762 περι-

1049 774 1148 808 στερᾶς
1169 773 1358 809 ἀμυδροτέραν
1382 782 1425 799 σοι
1448 773 1496 808 τὴν
1521 773 1642 807 ἱστορίαν
1675 772 1847 807 παρέσχετο,

1050 819 1280 855 ὲνδαπανωμένης
1297 820 1336 855 τῷ
1349 820 1411 856 ἀέρι
1422 819 1473 855 τῆς
1489 819 1587 853 ὅψεως,
1605 819 1652 846 καὶ
1671 818 1850 854 ὲξιτηλουμέ·

1051 874 1099 901 νης
1118 865 1158 901 τῷ
1173 866 1352 902 διαστήματι,
1373 866 1442 901 πρὸς
1462 865 1511 901 τὴν
1534 866 1635 901 ἀκριϐῆ
1658 865 1846 899 κατανόησιν;

1052 910 1122 946 Ἤδη
1138 910 1168 937 δέ
1190 920 1241 937 που
1263 911 1309 937 καὶ
1328 910 1382 937 τῶν
1397 910 1483 946 ὀρέων
1502 910 1537 936 τὰ
1564 910 1692 945 μέγιστα,
1721 909 1847 944 βαθείαις

1051 958 1203 994 ὲρῤιγμένα
1215 958 1270 993 (83)
1283 958 1419 994 φάραγξιν
1429 958 1477 985 καὶ
1490 958 1641 993 χαράδραις
1649 957 1844 992 περιφέρεται·

1050 1005 1098 1030 καὶ
1116 1003 1176 1030 λεία
1188 1005 1204 1039 ἡ
1218 1004 1279 1038 ὄψις
1291 1004 1458 1035 ὑποτίθεται,
1472 1005 1534 1035 ταῖς
1547 1003 1653 1039 ἐξοχαῖς
1665 1004 1727 1039 ἦτοι
1743 1004 1846 1036 ἐπιφα-

1050 1049 1135 1081 νείαις
1149 1050 1356 1085 προσϐάλλουσα
1371 1050 1476 1085 μόναις,
1489 1052 1549 1082 ταῖς
1563 1050 1590 1076 δὲ
1606 1049 1708 1085 μεταξὺ
1722 1049 1846 1083 κοιλότη-

1050 1104 1093 1122 σιν
1108 1096 1227 1131 ἑμὸῆναι
1242 1096 1289 1122 καὶ
1306 1096 1455 1132 ὲναθρῆσαι
1467 1096 1500 1123 δι’
1519 1096 1629 1122 ἀτονίαν
1643 1095 1680 1131 μὴ
1691 1095 1843 1130 δυναμένη.

1049 1143 1086 1169 Οὐ
1111 1143 1139 1168 δὲ
1167 1143 1336 1177 τετράγωνοι
1369 1143 1417 1169 καί
1445 1143 1610 1178 νεφομήκεις
1633 1141 1689 1168 τῶν
1718 1142 1843 1177 πύργων,

1049 1187 1184 1223 χθαμαλοί
1197 1196 1227 1214 τε
1248 1188 1294 1214 καὶ
1320 1188 1451 1223 ὲμπερεῖς
1467 1187 1535 1223 (85⁸)
1555 1187 1664 1214 δοκοῦσι
1680 1187 1792 1218 πολλοῖς
1807 1186 1843 1220 τῷ

1048 1234 1230 1269 διαστήματι;
1248 1234 1328 1260 Ὥστε
1345 1234 1370 1260 εἰ
1385 1234 1423 1269 μὴ
1438 1232 1617 1269 παμμέγεθες
1631 1233 1740 1268 ὑπῆρχε
1753 1232 1786 1258 τὸ
1801 1240 1843 1258 σε·

1049 1280 1160 1316 ληναίον
1173 1280 1323 1315 σῶμα,οὺκ
1333 1280 1366 1307 ἂν
1382 1281 1482 1316 ὁμοίως
1495 1281 1563 1306 πᾶσι
1578 1279 1712 1306 πάντοθεν
1728 1279 1842 1314 ίσοφαὴς

1048 1328 1183 1363 ἐφαίνετο,
1193 1328 1244 1362 τῆς
1257 1327 1357 1362 χέρσου
1369 1327 1460 1362 πάσης
1472 1325 1511 1360 τῷ
1523 1325 1600 1361 εὔρει
1614 1325 1651 1360 μὴ
1661 1325 1739 1351 δευτε
1745 1324 1840 1360 ροῦςα,

1049 1373 1152 1410 ἐναργῆ
1175 1374 1233 1408 ἅμα
1254 1374 1302 1400 καὶ
1324 1375 1381 1405 τοῖς
1397 1373 1493 1409 πόρρω
1508 1372 1610 1407 ταύτης
1631 1370 1838 1406 ποντοποροῦσιι

1047 1421 1096 1447 τοῦ
1115 1420 1248 1456 μεγέθους
1267 1420 1315 1455 τὴν
1337 1419 1398 1455 ὄψιν
1413 1419 1591 1455 παρεχομένη
1609 1419 1656 1445 καὶ
1669 1418 1838 1452 αὐγάζουσα.

202 1465 326 1491 rotunda:
336 1465 430 1492 multis
440 1464 564 1492 videntttr
580 1465 686 1492 ratione
706 1465 859 1492 intervalli?
875 1465 992 1494 Proinde
1004 1466 1056 1494 nisi
1070 1467 1169 1494 eximie
1182 1474 1311 1501 magnum
1326 1466 1362 1493 sit
1376 1466 1470 1492 lunare
1482 1473 1594 1500 corpus,
1612 1473 1666 1492 non
1684 1472 1751 1492 sane
1763 1464 1838 1491 sinti-

202 1511 264 1537 liter
278 1511 405 1538 omnibus
420 1511 522 1545 ubique
537 1511 619 1537 simili
638 1511 698 1538 lucc
712 1512 927 1546 conspiceretur,
943 1513 1122 1547 atnplitudine
1133 1521 1182 1541 sua
1197 1513 1332 1540 universa:
1345 1517 1423 1539 teme
1441 1519 1494 1538 non
1508 1512 1618 1542 cedens,
1633 1511 1773 1545 simulque
1787 1519 1839 1538 ma-

203 1558 330 1585 nifestam
347 1562 372 1583 l‘I
387 1557 430 1584 his
442 1557 488 1591 qni
504 1558 598 1591 procul
611 1565 624 1583 τι
639 1562 710 1584 Ierva
725 1558 750 1584 in
767 1558 835 1584 mari
849 1559 987 1594 navigant,
1004 1560 1200 1596 magnitudinis
1213 1561 1330 1594 speciem
1346 1559 1480 1593 praebens.
1495 1563 1522 1585 et
1538 1558 1621 1585 radiis
1637 1558 1695 1585 suis
1711 1559 1814 1585 lucens.

397 1612 660 1640 IN'I‘IﬂllROGATIO
680 1613 798 1642 CXVIII.

235 1661 305 1694 Quid
323 1661 403 1695 igitur
420 1662 471 1688 sibi
485 1662 551 1692 vult,
567 1664 639 1696 quod
661 1663 810 1697 sanguinea
833 1664 861 1690 lit
884 1664 988 1700 aliquo-

203 1708 264 1738 ties,
282 1712 309 1734 et
329 1708 451 1734 variatur
469 1712 550 1742 atque
568 1708 739 1742 dissipatur?

516 1753 672 1787 Responsio.

238 1800 369 1835 Equidem
400 1800 452 1827 hoc
483 1806 593 1835 aspectu
618 1805 683 1834 puto
712 1801 822 1829 bellicas
845 1801 993 1830 ellusiones

202 1847 345 1881 sanguinis
374 1846 534 1881 signiﬁcari,
554 1852 601 1875 aut
621 1855 668 1881 per
683 1847 890 1876 subvectionem
911 1849 992 1876 oblu-

202 1895 268 1920 stati
284 1902 298 1920 a
321 1898 391 1920 terra
420 1893 491 1920 aeris
517 1893 655 1920 turbidam
675 1894 750 1921 reddi
774 1895 833 1929 ejus
857 1896 945 1922 lucem
965 1900 993 1923 et

202 1939 384 1973 splendorem.
402 1939 556 1973 variarique
567 1947 614 1973 per
631 1940 770 1974 pulverem
787 1941 861 1968 hunc
872 1941 991 1975 speciem

202 1988 299 2023 ipsius,
316 1988 403 2014 donec
419 1992 545 2022 provecta
560 1989 782 2022 pulverulentum
799 1987 992 2026 {uliginosum-

201 2043 254 2068 que
267 2035 356 2061 locum
378 2035 496 2061 evaserit
512 2044 518 2060 :
537 2036 636 2068 partim
649 2036 721 2062 enim
732 2036 840 2070 pinguis
857 2042 884 2063 et
895 2037 991 2067 densa.

202 2081 299 2115 partim
317 2081 415 2107 adusta
433 2086 459 2107 et
474 2081 582 2108 einerca
596 2085 636 2108 est
653 2085 737 2113 terra,
756 2083 895 2110 nonnullis
912 2083 937 2110 in
950 2084 990 2110 lo-

202 2129 242 2154 cis
256 2127 374 2161 denique
388 2127 509 2154 crassior
525 2132 553 2154 et
569 2127 679 2162 gravior
698 2132 750 2154 est.
776 2127 852 2155 Unde
873 2130 990 2162 videtur,

200 2172 312 2207 pulvere
328 2173 526 2199 circumdatam
550 2172 642 2198 lunam
658 2172 770 2199 mutari.
788 2173 865 2207 Sa‘pe
882 2174 990 2208 quidem

200 2220 258 2247 ﬁeri
277 2220 411 2250 videmus,
427 2224 456 2245 ut
470 2219 536 2245 l'ntni
553 2218 701 2250 exhalatio,
727 2219 768 2245 vel
783 2219 873 2253 pulvis
889 2220 990 2248 nimius

200 2265 303 2300 aliquid
320 2264 392 2300 apud
413 2273 465 2291 nos
479 2264 618 2295 obscuret,
646 2269 675 2290 et
697 2264 814 2298 procella
839 2265 878 2291 vel
893 2265 990 2292 nebula

200 2313 304 2340 solavcs
328 2311 419 2338 radios
443 2311 560 2338 hebetet.
584 2309 631 2336 Vel
655 2310 745 2344 potius
761 2318 842 2337 causa
865 2312 989 2339 omnium

199 2363 242 2385 est
256 2357 469 2387 evidentissima,
484 2355 555 2390 quod
571 2363 633 2382 cum
646 2363 724 2382 soror
740 2356 775 2381 sit
789 2356 864 2386 solis,
876 2363 903 2383 et
916 2356 990 2391 ejus-

199 2403 261 2430 dem
284 2402 380 2429 matris
399 2401 545 2436 Sapientia-
562 2400 628 2431 lilia,
647 2407 743 2434 ttctltpe
757 2400 871 2431 Christi,
883 2409 936 2427 non
952 2401 991 2428 [ορ

180 2455 244 2478 .rat
273 2456 334 2483 qua:
360 2447 514 2474 inferuntur
542 2447 593 2480 ipsi
620 2448 653 2473 ab
685 2447 776 2481 impiis
805 2448 987 2479 contumelia},

199 2495 430 2531 quemadmodum
449 2499 476 2521 et
494 2494 535 2521 sol
558 2493 630 2520 idem
652 2493 679 2519 in
707 2501 758 2520 suo
780 2493 881 2520 diurno
904 2501 988 2520 cursu

199 2541 398 2569 demonstravit
411 2539 528 2573 caligine
549 2538 666 2573 puniens
682 2546 809 2565 vesanam
829 2538 987 2566 Iudaeorum

200 2592 227 2614 et
245 2587 330 2613 Deum
343 2591 484 2613 necantcm
502 2585 675 2620 phalangem,
688 2585 931 2620 contractioneque.
944 2593 989 2612 ra-

199 2633 309 2659 diorum
325 2631 443 2667 fugiens,
458 2639 491 2658 ne
504 2631 641 2666 aspiceret
654 2635 805 2658 creatorem
817 2639 897 2658 suum
917 2631 990 2666 ligno

235 2688 306 2723 (8‘2')
323 2687 431 2714 Μέσαι.
442 2686 532 2723 Forte
550 2686 600 2722 μέν
612 2693 666 2723 σοι.
676 2686 755 2723 Entfr.

237 2722 292 2760 (83)
313 2722 496 2757 ‘Epptryéra.
512 2722 594 2750 Forte
609 2722 780 2757 ὲρρηγμένα,
794 2723 835 2751 vel
848 2723 986 2759 ἐρρηγμέ-

323 2780 494 2827 ”Εμπερεῖ.;.
517 2794 594 2820 Anne
609 2794 741 2830 ἐμφερεῖς
748 2793 807 2830 :jn.

238 2827 492 2866 (84)’Λιμορῤοΐας.
508 2829 550 2856 Al.
575 2827 743 2866 aipoppdag.
757 2827 802 2855 Sic
817 2829 914 2866 etisth
932 2829 986 2856 ini-

202 2864 432 2900 tiu'm‘sequeulis
450 2865 615 2900 lnterrogat.
628 2864 711 2901 pm,
732 2864 915 2900 ἀποφυτῶσαν
936 2872 986 2900 pro

1342 1618 1468 1644 ΠΕΥΣΙΣ
1481 1616 1560 1645 PIH’.
1642 1645 1645 1647 .

1083 1665 1116 1692 Τί
1137 1662 1183 1692 οὖν
1200 1664 1326 1699 βούλεται
1348 1664 1380 1690 τὸ
1405 1664 1524 1699 ὕφαιμον
1543 1662 1629 1699 αὐτὴν
1645 1662 1778 1694 πολλάκκ
1795 1663 1836 1696 γί-

1046 1712 1150 1744 νεσθαι,
1170 1712 1218 1737 καὶ
1233 1709 1406 1736 ἀλλοιοῦσθαι
1423 1710 1470 1736 καὶ
1483 1708 1696 1745 σκορπίζεσθαι;

1353 1755 1531 1788 Ἀπόκρισις.

1081 1801 1126 1836 Τῷ
1150 1802 1271 1836 σχήματι
1293 1801 1382 1836 τούτῳ
1399 1798 1487 1835 οἶμαι,
1507 1798 1659 1834 πολεμικὰς
1677 1798 1834 1834 αἱμορροἲας

1046 1848 1104 1882 (84)
1122 1847 1314 1882 σημαίνεσθαι,
1335 1847 1352 1882 ἢ
1367 1846 1406 1882 τῷ
1427 1845 1624 1882 ἀναρριπισμῷ
1648 1845 1696 1872 τοῦ
1718 1845 1774 1872 ἀπὸ
1786 1845 1833 1880 γῆς

1047 1893 1225 1928 αἰθαλομὲνου
1247 1893 1329 1928 ἀέρος
1351 1892 1542 1920 ἐπιθολοῦσθαι
1565 1892 1651 1927 αὐτῆς
1665 1892 1717 1928 τὴν
1736 1891 1832 1925 φαῦσιν

1044 1939 1091 1965 καὶ
1113 1939 1302 1974 λαμπρότητα,
1330 1939 1378 1965 καὶ
1400 1938 1571 1965 ἀλλοιοῦσθαι
1588 1938 1627 1973 τῷ
1641 1937 1685 1973 χοῖ
1701 1938 1750 1973 τὴν
1765 1937 1831 1972 ww.

1045 1985 1142 2020 μέχρις
1153 1985 1186 2012 ἂν
1195 1984 1385 2016 διιππεύουσα,
1401 1984 1455 2017 ἔξω
1469 1984 1516 2010 τοῦ
1529 1983 1642 2010 ἐκκόνου
1659 1985 1729 2019 (84⁸)
1741 1985 1785 2011 καὶ
1793 1986 1832 2011 αξ-

1043 2031 1177 2064 θαλώδους
1190 2032 1274 2059 τόπου
1287 2032 1411 2068 γένηται.
1427 2031 1468 2068 Ηὴ
1483 2032 1532 2067 μὲν
1542 2032 1596 2067 γὰρ
1607 2032 1678 2058 πίων
1687 2032 1736 2060 καὶ
1747 2041 1830 2067 παχυ-

1043 2078 1120 2113 τέρα,
1148 2078 1186 2113 πὴ
1201 2078 1229 2105 δὲ
1252 2079 1454 2114 διακεκαυμένη
1477 2079 1524 2105 καὶ
1544 2078 1697 2114 τεφρώδης,
1720 2079 1827 2114 ἑτέρωθι

1042 2125 1071 2151 δὲ
1095 2124 1175 2160 ὑλικὴ
1200 2125 1247 2152 καὶ
1273 2125 1413 2161 βαρυτέρα
1433 2126 1450 2161 ὴ
1474 2126 1570 2161 χέρσος
1597 2126 1731 2160 πέφυκεν.
1755 2126 1830 2152 Ὅθεν

1042 2171 1117 2198 δοκεῖ
1133 2180 1188 2206 μοι,
1205 2171 1382 2208 κονιζομένην
1396 2172 1481 2207 αὐτὴν
1495 2171 1668 2199 ἀλλοιοῦσθαι
1678 2181 1685 2187 '
1704 2172 1830 2202 πολλάκις

1042 2217 1082 2248 δὲ,
1100 2219 1147 2244 καὶ
1164 2218 1270 2244 καπνοῦ
1292 2218 1486 2253 ἀναθυμίασις,
1509 2218 1526 2253 ἢ
1544 2219 1619 2250 κόνις
1635 2218 1827 2250 πλεονάζουσα,

1041 2263 1072 2289 τὸ
1092 2272 1129 2290 πα
1134 2263 1157 2298 ρ’
1171 2264 1238 2298 ἡμῖν
1252 2263 1414 2299 ἠμαύρωσε,
1440 2264 1487 2290 καὶ
1501 2263 1629 2297 καταιγὶς
1643 2264 1659 2298 ἢ
1673 2264 1771 2300 ὁμίχλη
1784 2265 1828 2295 τὰς

1045 2310 1160 2346 ἡλιακὰς
1179 2310 1292 2342 ἀκτῖνας
1309 2310 1456 2345 ἤμϐλυνεν.
1472 2311 1508 2336 ’Ἡ
1522 2309 1623 2345 μᾶλλον
1635 2310 1667 2336 τὸ
1682 2311 1738 2337 πᾶν
1761 2312 1828 2346 ἐναρ-

1043 2357 1172 2391 γέστερον
1182 2364 1188 2370 ⁸
1209 2353 1276 2388 οἷον,
1289 2355 1408 2391 ἀδελφὴν
1422 2356 1668 2391 τυγχάνουσαντοῦ
1684 2356 1770 2392 ἡλίου,
1787 2357 1827 2382 καὶ

1042 2404 1092 2438 τῆς
1111 2402 1194 2429 αὑτοῦ
1213 2402 1316 2437 μητρὸς
1339 2402 1389 2437 τῆς
1407 2402 1520 2437 Σοφίας,
1537 2402 1668 2436 Χριστοῦ,
1687 2402 1725 2438 μὴ
1742 2403 1826 2437 φέρειν

1041 2446 1091 2477 τὰς
1103 2447 1142 2477 εἰς
1152 2446 1232 2472 αὐτὸν
1243 2445 1385 2481 δρωμένας
1398 2445 1450 2471 ὑπὸ
1468 2445 1522 2472 τῶν
1537 2445 1624 2471 ἀθέων
1640 2445 1752 2480 ὕϐρεις·
1764 2446 1825 2479 ὅπερ

1042 2493 1146 2523 ἐκεῖνος
1157 2493 1185 2518 ὲν
1200 2491 1239 2526 τῷ
1254 2492 1315 2518 κατ’
1331 2492 1413 2518 αὑτὸν
1424 2491 1546 2527 ἡμερινῷ
1556 2492 1650 2527 δρόμῳ
1665 2492 1822 2524 ἐπεδείξατο,

1044 2539 1132 2573 σκότῳ
1149 2538 1236 2564 παίων
1252 2538 1300 2573 τὴν
1319 2538 1458 2573 φρενίτιδα
1472 2538 1519 2564 καὶ
1531 2538 1679 2564 Θεοκτὸνον
1699 2538 1824 2565 Ἰουδαίων

1043 2583 1181 2618 φάλαγγα,
1197 2584 1230 2618 τῇ
1248 2583 1362 2618 συστολῇ
1374 2583 1428 2610 τῶν
1440 2584 1556 2610 ἀκτίνων
1568 2583 1678 2618 φεύγων
1692 2584 1822 2619 ἱστορῆσαι

1043 2631 1089 2656 τὸν
1109 2630 1183 2664 σφῶν
1199 2629 1313 2664 ποιητὴν
1328 2629 1399 2665 ξύλῳ
1414 2630 1616 2666 καθηλούμενον
1634 2630 1674 2665 τῷ
1691 2631 1822 2666 προσλήμ-

1041 2687 1289 2723 ἁποφοιτῶσαννοι
1311 2687 1427 2714 solemni
1451 2688 1654 2723 permutatione
1668 2697 1694 2715 οι
1710 2693 1738 2716 et
1756 2698 1780 2721 υ,
1794 2694 1818 2717 ιιι

1042 2724 1160 2760 advertit
1174 2722 1328 2760 Cotelerius
1343 2723 1465 2750 Monum.
1484 2722 1557 2760 Eccl.
1570 2723 1617 2750 Gr.
1631 2729 1701 2750 tom.
1718 2725 1750 2755 ll.
1764 2733 1815 2760 pag.

1041 2759 1104 2789 558,
1117 2758 1261 2795 permultis
1274 2758 1384 2795 inltanc
1399 2759 1565 2795 sententiam
1578 2764 1702 2787 veterum
1716 2758 1817 2795 scripto-

1041 2802 1101 2821 rum
1123 2794 1190 2821 locis
1208 2794 1234 2820 in
1251 2793 1370 2821 medium
1384 2794 1520 2821 adductis.

1040 2864 1060 2892 Ε
1076 2829 1144 2865 (84“)
1168 2829 1324 2856 Ἐκκόγοε.
1354 2828 1436 2858 Forte
1466 2829 1597 2864 ἐγκονου,
1617 2830 1813 2866 pulverulentus.

1063 2872 1119 2892 m1.

1063 2872 1119 2892 ΜΤ.
