1907 3043
203 139 272 167 1007

202 202 285 234 atque
314 199 544 235 irreprehensibili
570 202 677 230 vivendi
703 203 825 230 rationi?
845 204 932 231 Simul
957 205 991 232 da

201 247 310 273 veniam
339 255 394 274 non
412 247 558 275 cohaerenti
580 255 643 275 cum
665 249 856 283 superioribus
879 250 993 277 interro-

202 293 316 326 gationi.
329 291 389 320 Non
401 293 473 320 enim
489 294 611 321 tentandi
625 294 713 329 gratia
727 295 779 322 hoc
790 294 869 322 facio.

519 338 676 374 Responsio.

236 383 294 411 Non
309 384 408 419 ipsum,
434 385 480 412 sed
496 393 556 420 quae
578 386 666 420 ipsius
682 391 771 420 erant,
792 395 845 415 non
868 387 991 421 tradidit,

173 449 178 454 .
201 429 248 458 Sed
267 430 414 461 concessit.
433 439 564 459 exercens
576 430 677 458 Johum
697 432 786 467 ipsum
801 433 836 460 ad
859 432 992 461 fortitudi-

199 483 274 506 nem,
291 480 317 503 et
334 475 472 504 abducens
492 483 540 510 per
564 485 609 504 res
630 477 717 505 luteas
743 478 837 505 carnis
852 484 990 514 expertem

199 521 385 549 adversarium
400 530 415 548 a
435 522 586 550 lentatione
603 523 724 550 hominis
738 524 815 558 justi.

409 567 668 596 INTERROGATIO
687 569 780 596 CXXI.

232 613 313 641 [lecte
327 614 432 645 dixisti,
444 622 500 642 non
514 615 615 650 ipsum,
643 615 690 643 sed
711 624 772 651 qua:
790 616 876 651 ipsius
900 622 988 649 erant,

201 660 302 688 tradita
321 659 417 687 fuisse.
431 659 501 693 Quid
523 661 626 696 igitur?
645 670 679 689 an
703 670 758 690 non
787 662 845 698 ipse
864 668 923 691 erat
942 664 989 699 qui

198 706 339 733 vermibus
356 705 570 740 perfodiebatur,
588 712 614 734 et
634 708 669 739 ab
680 708 720 736 eis
736 709 941 742 comedebatur,
961 715 989 737 et

199 753 303 780 saniem
321 757 388 780 testa
406 753 536 780 radebat?

511 798 668 834 Responsio.

231 843 342 872 Minime
356 852 404 879 per
416 852 549 880 corporea
569 845 681 872 vulnera
700 845 846 874 lmdebatur
859 847 984 876 animus:

197 899 248 919 nec
259 898 377 922 vermes.
396 890 458 918 licet
477 894 564 917 utrem
587 890 770 925 perforarent,
791 891 864 920 intus
880 894 984 928 reposi-

197 942 255 965 tum
271 937 431 965 thesaurum
447 936 551 963 adoriri
565 941 700 971 poterant.
721 936 780 965 Non
800 939 872 966 enim
885 947 984 974 corpus

195 983 282 1012 Jobus
299 988 368 1016 erat,
380 983 427 1011 sed
442 982 528 1010 Jobus
547 988 606 1010 erat
628 983 685 1019 ipsa
702 984 745 1012 vis
761 984 845 1012 animi
869 986 984 1014 rationis

194 1030 348 1066 particeps;
371 1028 433 1056 Jobi
456 1036 535 1061 vero,
565 1036 681 1064 corpus;
705 1031 840 1065 corporis,
865 1040 908 1060 res
925 1032 984 1060 alite

195 1081 342 1104 terrestres
353 1081 487 1111 cognata.
510 1074 578 1102 Nam
597 1076 623 1102 in
648 1076 739 1103 anima
759 1078 886 1106 rationali
907 1086 984 1106 mens

195 1127 239 1151 est
250 1122 372 1150 scientia:
383 1121 526 1149 rationalis
542 1129 638 1157 capax.
661 1122 739 1156 Quod
758 1128 849 1152 autem
869 1125 984 1154 rationis

195 1173 238 1197 est
250 1175 359 1203 expers.
375 1175 459 1195 sensu
476 1171 552 1195 caret
563 1171 591 1195 et
604 1169 709 1196 luteum
721 1172 773 1196 est.
798 1169 984 1199 nihilominus

194 1221 306 1251 propter
319 1214 540 1242 commistionem
559 1221 655 1242 eorum
670 1223 731 1250 quae
741 1215 842 1244 diversi
859 1221 923 1244 sunt
936 1225 983 1251 ge-

196 1262 283 1294 neris,
301 1265 329 1289 et
340 1261 472 1289 unionem
496 1260 656 1288 animalium
676 1261 863 1294 rationalium,
886 1264 984 1290 merito

195 1307 347 1343 appellatur
359 1308 453 1335 homo.
467 1307 600 1334 Coueedit
613 1307 696 1342 igitur
711 1307 784 1335 Deus
800 1308 870 1336 hosti
891 1313 982 1336 exter-

194 1362 247 1385 na,
275 1358 303 1381 ut
329 1353 502 1381 innotescant
527 1353 656 1381 omnibus
679 1353 807 1381 interiora
827 1355 899 1390 regis
924 1363 984 1383 sce-

194 1399 330 1434 ptra,suis
337 1399 489 1434 fulgoribus
497 1399 673 1427 obscurantia
693 1408 842 1435 purpuram
857 1407 982 1436 aspecta-

194 1445 274 1474 bilem
294 1450 321 1473 et
335 1445 470 1473 diadema.
487 1445 605 1473 Prteerat
624 1446 697 1473 enim
716 1447 791 1474 salus
805 1448 908 1482 regioni
925 1447 984 1476 Usi-

195 1497 283 1520 tarum
298 1500 361 1519 cum
378 1492 505 1527 imperio,
517 1492 678 1527 priusquam
696 1501 712 1520 a
731 1494 871 1521 vermibus
893 1494 984 1529 ρει-[οι

193 1543 300 1567 raretur
313 1539 408 1566 carnis
431 1539 518 1573 ipsius
541 1538 724 1572 domicilium,
747 1544 774 1567 et
797 1541 982 1569 illustraretur

193 1583 268 1611 orbis
283 1591 331 1618 per
347 1583 513 1610 declat-alam
526 1583 552 1610 in
569 1583 627 1618 ipso
638 1585 808 1619 patientiam.
824 1586 982 1614 Denudatur

194 1637 261 1664 ergo
287 1633 397 1656 strenua
418 1629 470 1656 viri
487 1629 575 1656 virtus
612 1637 673 1657 eum
698 1630 867 1658 existimaret
896 1632 982 1661 hostis

192 1682 255 1703 eum
267 1674 345 1710 copia
359 1674 520 1702 facultatum
540 1675 655 1702 miriliee
670 1676 811 1708 delectari,
825 1685 857 1705 ac
873 1677 981 1705 illarum

193 1729 260 1749 cura
284 1720 358 1748 velut
387 1720 554 1748 assentando
576 1725 735 1755 corruptum
767 1721 821 1749 Deo
843 1722 981 1750 dicturum

192 1767 361 1795 convicium.
381 1765 554 1801 Quapropter
570 1767 694 1801 exposcit
710 1767 796 1802 ipsius
823 1767 980 1800 facultates,

193 1813 295 1848 quibus
322 1818 465 1848 postquam
483 1812 627 1847 spoliasset
639 1813 739 1847 ipsum,
762 1819 789 1840 et
802 1821 817 1840 a
834 1821 917 1848 scopo
934 1814 982 1841 ab-

191 1861 323 1889 orrasset,
341 1857 473 1890 concutit,
483 1857 654 1884 charissimis
669 1857 764 1885 liberis
782 1866 836 1885 una
846 1867 909 1885 cum
922 1859 981 1894 ipso

191 1903 349 1932 convivium
368 1903 584 1934 celebrantibus.
593 1907 680 1930 totam
690 1903 813 1936 domum,
826 1912 859 1932 ac
871 1909 981 1940 repente

191 1957 316 1977 mensam
329 1950 356 1976 in
372 1949 529 1984 sepulcrum
542 1949 753 1976 tumultuarium
765 1955 927 1977 commutat.
939 1950 981 1977 ln-

190 1995 261 2024 fecta
277 2000 367 2023 autem
381 2003 419 2028 re,
450 2003 512 2023 cum
542 1996 710 2030 turpitudine
730 1997 769 2023 sic
785 1997 865 2024 etiam
888 1997 979 2032 repul-

191 2050 249 2074 sus,
264 2042 331 2069 alias
349 2042 477 2069 admovet
496 2041 594 2069 div-inm
612 2042 716 2069 civitati
732 2042 884 2074 machinas.
901 2044 979 2079 cujus

191 2088 266 2114 cives
281 2087 461 2122 cogitationes
479 2091 567 2120 erant,
592 2087 692 2114 iterum
715 2087 848 2116 adversus
872 2087 978 2116 hostem

191 2133 219 2160 in
237 2133 323 2160 aciem
352 2132 568 2167 progredientes.
599 2132 667 2160 Nam
685 2139 828 2168 postquam
851 2135 979 2161 omnibus

190 2178 336 2214 spoliasset
356 2177 612 2212 hominemjustum
632 2178 768 2209 diabolus,
785 2186 872 2214 neque
887 2178 977 2206 ﬂexis-

190 2227 232 2251 set
247 2223 279 2249 ad
294 2222 492 2257 blasphemiam
510 2221 574 2256 (hoc
595 2222 667 2249 enim
685 2227 754 2256 erat,
772 2223 844 2258 quod
866 2231 976 2250 summo

191 2269 283 2297 studio
299 2268 458 2303 quaerebat),
483 2268 632 2302 ipsummet
649 2268 777 2304 deinceps
797 2270 929 2304 evposeit,
951 2274 977 2297 et

190 2315 223 2342 ad
242 2315 325 2341 Deum
342 2313 430 2348 inquit
444 2323 451 2340 :
470 2313 547 2340 Mitte
562 2321 668 2340 manum
684 2319 768 2346 luant,
784 2320 808 2341 et
828 2320 903 2350 tange
917 2323 976 2341 car-

190 2368 235 2388 nes
261 2359 316 2394 ejus
330 2363 353 2385 et
366 2366 428 2385 assa
442 2357 509 2392 ejus,
521 2366 551 2384 ac
564 2358 620 2385 vide
636 2366 697 2384 num
716 2358 742 2384 in
758 2359 850 2392 faciem
864 2359 912 2385 tibi
925 2367 977 2386 non

191 2412 246 2433 tam
266 2406 447 2432 hencdicturus
459 2405 504 2437 sit,
520 2413 599 2440 quam
614 2405 803 2432 maledicturus
815 2406 836 2421 ”
847 2407 861 2435 Ἰ
885 2406 977 2434 Conli-

189 2453 257 2480 dens
269 2456 359 2478 autem
371 2451 430 2477 viro
442 2450 516 2485 justo
534 2451 579 2485 qui
593 2450 675 2477 corda
695 2456 835 2478 scrutatur
854 2451 935 2485 Deus,
949 2457 977 2480 et

190 2505 299 2525 omnem
317 2495 444 2523 aﬂ‘ccmm
461 2496 690 2524 misericordimve
711 2501 871 2531 praetextum
893 2497 977 2532 depo-

190 2543 241 2574 nit,
255 2549 288 2568 ne
302 2546 443 2576 putaretur
462 2549 477 2568 a
489 2541 598 2568 diabolo
615 2549 697 2577 parce
711 2543 862 2578 tangendus
872 2543 975 2578 justus,

191 2587 326 2620 simulque
345 2586 430 2614 fretus
455 2587 544 2622 pugile
566 2595 626 2618 suo,
651 2592 678 2615 et
693 2588 766 2615 illius
788 2589 975 2616 adversarium

189 2633 359 2666 vituperans,
380 2633 459 2667 quasi
484 2640 566 2660 carne
593 2638 619 2659 et
642 2634 775 2668 sanguine
804 2633 916 2661 inferior
930 2635 975 2662 ille

224 2701 247 2716 ¹¹
264 2700 316 2728 Job
336 2709 367 2733 ιι,
388 2702 416 2729 5.

225 2763 292 2798 (85')
312 2767 382 2793 Οὐκ.
398 2785 405 2791 .
419 2786 425 2793 .
443 2766 479 2792 οὺ
491 2765 671 2799 παρέδωκεν.
689 2766 807 2794 Delenda
820 2768 926 2796 videtur
936 2777 977 2797 se-

190 2801 279 2825 eunda
290 2801 535 2839 _negatio,_repeti_t_a
551 2802 709 2839 l’ortasseex
722 2807 857 2839 postrema
872 2805 975 2839 syllaba

191 2835 369 2896 Riescedentis
390 2834 483 2862 αὐτοῦ.
504 2835 604 2862 Verum
624 2834 727 2871 ἐπέχωξ
745 2834 975 2866 Ιηῑετᾱιιηι’θιιίιιι

214 2878 218 2883 ·
237 2877 251 2896 c
265 2870 397 2896 Darticula
416 2871 595 2896 πυσιιατικῶς
610 2876 767 2896 usurnatur.
783 2877 812 2896 nt
827 2875 906 2896 docet
925 2873 975 2896 Ru.

214 2877 251 2896 aee
264 2870 397 2904 particula
416 2871 595 2905 πυσματικῶς
610 2870 768 2907 usurpatur,
783 2875 906 2911 ut_docet
924 2873 976 2903 Bu-

733 141 761 169 S.
781 141 935 170 C'ESARII
956 142 1123 171 GREGORII
1141 143 1294 173 FRATBIS

1763 142 1832 169 £008

1044 205 1092 232 καὶ
1106 205 1244 242 ἀμέμπτῳ
1260 206 1397 241 πολιτείᾳ;
1416 205 1463 232 καὶ
1488 202 1665 239 συγχώωσον
1686 203 1720 238 τῇ
1735 202 1833 229 ἀνακο-

1044 251 1130 288 λούθῳ
1144 253 1288 289 ἐρωτήσει·
1302 254 1333 280 οὐ
1352 253 1406 289 γὰρ
1420 252 1560 288 πειράζων
1571 251 1650 277 τοῦτο
1664 250 1754 277 ποιῶ(

1353 341 1531 375 Ἀπόκρισις.

1079 390 1136 417 Οὔκ
1145 389 1236 421 αὐτὸν,
1249 389 1316 417 ἀλλὰ
1325 389 1350 415 τ’
1358 388 1452 419 αὐτοῦ,
1464 387 1494 414 οὒ
1509 386 1665 422 παρέδωκεν
1673 383 1755 419 (85‘).
1767 382 1834 410 ἀλλά

1043 434 1245 470 συνεχώρησεν,
1263 433 1410 470 γυμνάζων
1427 432 1494 468 πρὸς
1512 431 1646 467 ἀνδρείαν,
1660 430 1708 457 καὶ
1722 428 1833 462 ἐπάγων

1044 481 1089 509 διὰ
1104 480 1191 516 πηλοῦ
1204 481 1250 507 τὸν
1265 480 1385 516 ἀσαρκον
1400 477 1603 513 ἀνταγωνιστὴν
1614 475 1660 503 τοῦ
1677 474 1798 503 δικαίου.

1318 568 1442 595 ΠΕΥΣῙΣ
1461 567 1549 594 PKA'.

1075 614 1173 647 Καλῶς
1192 615 1317 650 εἴρηκας,
1338 614 1375 650 μὴ
1390 614 1483 645 αὐτὸν.
1504 613 1571 640 ἀλλὰ
1592 612 1615 639 τ’
1634 609 1720 638 αὑτοῦ
1741 617 1830 645 παρα-

1038 661 1171 688 δεδόσθαι.
1189 662 1221 687 Τί
1234 659 1298 694 οὖν;
1313 661 1363 687 οὐκ
1376 661 1456 692 αὐτὸς
1474 658 1520 687 οὖν
1536 659 1590 695 (δῶ
1607 659 1621 685 ὁ
1637 659 1694 689 τοῖς
1711 656 1830 689 σκώληξι

1040 707 1238 742 συνηλούμενος
1246 708 1314 743 (87),
1326 707 1373 734 καί
1385 707 1432 734 ὑπ’
1445 707 1535 733 αὐτῶν
1547 704 1771 740 κατεσθιόμενος,
1785 701 1830 729 καὶ

1037 753 1083 780 τὸν
1101 754 1187 789 ἰχῶρα
1203 753 1272 787 ξέων
1288 753 1434 789 ὀστράκῳ;

1342 800 1524 833 Ἀπόκρισις.

1074 846 1158 872 Οὐδὲν
1172 847 1206 882 τῇ
1233 847 1375 882 σωματικῇ
1396 845 1498 881 τρώσει
1525 845 1575 880 τὴν
1589 843 1678 879 ψυχὴν
1705 842 1829 878 ἐτρώθηο

1038 892 1092 920 οὐδ’
1103 893 1184 919 αὑτὸν
1202 892 1318 920 θύλακον
1337 893 1543 928 διατρήσαντες,
1559 891 1598 926 τῷ
1613 890 1768 925 ἐγκειμένῳ
1784 889 1829 924 οη-

1038 939 1131 975 σαυρῷ
1149 939 1313 975 προσϐαλεῖν
1333 939 1456 975 ἴσχυσαν.
1477 939 1515 965 υὺ
1529 938 1584 973 γὰρ
1606 937 1667 964 Ἰὼὸ
1686 937 1719 963 τὺ
1737 936 1828 971 σῶμα,

1038 985 1105 1012 ἀλλὰ
1129 985 1189 1012 ’1ὼῦ
1207 985 1238 1012 τὸ
1258 985 1379 1020 λογικὸν,
1395 985 1499 1012 ἐκείνου
1514 985 1543 1011 δὲ
1564 984 1595 1011 τὸ
1618 983 1711 1018 σῶμα,
1733 982 1826 1008 τούτω

1036 1031 1065 1058 δὲ
1079 1031 1112 1058 τὰ
1124 1032 1156 1058 ὲκ
1173 1033 1224 1066 γῆς
1240 1031 1377 1067 σύμφυλα,
1400 1032 1431 1058 Εἰ
1448 1031 1497 1066 μὲν
1514 1031 1567 1067 γὰρ
1581 1030 1654 1066 ψυχὴ
1669 1029 1767 1064 λογικὴ
1782 1029 1826 1057 νοῦ

1037 1077 1085 1104 καὶ
1101 1077 1270 1113 ἐπιστήμης,
1282 1073 1377 1113 λογικῆ
1395 1086 1425 1104 τε
1437 1078 1483 1104 καὶ
1497 1077 1618 1113 δεκτικὴ,
1633 1077 1664 1103 τὸ
1677 1077 1707 1103 δὲ
1720 1077 1825 1111 ἄλογον,

1037 1123 1200 1158 ἀναίσθητον
1218 1123 1266 1150 καὶ
1291 1122 1432 1158 πηλῶδεςυ
1452 1122 1520 1149 ἀλλὰ
1540 1123 1573 1157 τῇ
1601 1122 1753 1158 συγκράσει
1774 1122 1827 1148 τῶν

1037 1167 1204 1203 ἑτερογενῶν
1224 1167 1271 1194 καὶ
1291 1167 1387 1194 ὲνώσει
1403 1167 1478 1199 ζώων
1491 1166 1607 1201 λογικῶν
1625 1166 1826 1202 τιροσαγορειῦιι⁴

1037 1223 1081 1241 ται
1099 1213 1210 1246 εἰκότως
1223 1215 1237 1240 ὀ
1254 1213 1358 1250 βροτός.
1376 1214 1515 1249 Συγχωρεῖ
1527 1211 1573 1239 οὗν
1586 1214 1600 1239 ὸ
1615 1212 1682 1244 Θεὸς
1698 1213 1737 1248 τῷ
1754 1212 1828 1239 πολε-

1038 1259 1092 1295 μίῳ
1106 1261 1140 1287 τὰ
1155 1259 1216 1293 ἔξω,
1231 1261 1304 1292 ὅπως
1319 1259 1429 1295 γνωσθῇ
1444 1261 1512 1286 πᾶσι
1526 1259 1560 1286 τὰ
1573 1259 1700 1295 ὲνδότερα
1715 1259 1764 1285 τοῦ
1779 1259 1826 1294 βα-

1037 1306 1134 1338 σιλέως
1149 1307 1276 1342 σκῆπτρα
1305 1305 1500 1332 ἐπισκοτοῦντα
1521 1305 1580 1336 ταῖς
1603 1305 1761 1339 ἀστραπαξ
1779 1303 1826 1339 τὴν

1035 1352 1177 1388 ὁρωμένην
1199 1351 1345 1387 ἁλουργίδα
1366 1351 1413 1378 καὶ
1429 1351 1557 1386 διάδημα.
1581 1350 1672 1385 Μάνης
1696 1350 1753 1386 γὰρ
1778 1350 1828 1385 τῆς

1036 1397 1160 1425 Αὐσιτῶν
1172 1397 1262 1434 χώρας
1273 1397 1422 1431 ἐϐασίλευε¹
1438 1397 1501 1432 πρὶν
1512 1398 1568 1428 τοῖς
1581 1397 1707 1432 ἑρπετοῖς
1715 1396 1827 1431 διατρην

1036 1443 1115 1479 θῆναι
1138 1443 1186 1479 τῆς
1201 1443 1304 1479 σαρκὸς
1330 1443 1382 1474 τὰς
1410 1442 1540 1474 καλύσας,
1566 1443 1613 1470 καὶ
1633 1441 1826 1477 ἁστραφθῆναι

1036 1489 1085 1524 τὴν
1099 1490 1260 1524 οἰκουμένην
1273 1490 1306 1524 τῇ
1322 1489 1428 1515 ἐκεῖθεν
1444 1489 1577 1524 ὑπομονῇ.
1593 1487 1825 1523 Παραγυμνοῦται

1036 1533 1081 1563 οὖν
1090 1536 1138 1570 τῆς
1151 1537 1288 1570 γενναίας,
1305 1536 1352 1562 τοῦ
1369 1536 1497 1571 πολεμίου
1512 1534 1652 1566 δοκοῦντος
1668 1536 1702 1570 τῇ
1717 1543 1825 1569 περιου-

1036 1583 1082 1618 σίᾳ
1104 1582 1301 1617 ὲττιγάννυσοαι
1324 1583 1379 1609 τῶν
1404 1583 1562 1617 κτημάτων,
1584 1581 1631 1608 καὶ
1655 1583 1689 1616 τῇ
1714 1581 1824 1607 ἐκείνων

1033 1625 1166 1662 Θεραπεία
1178 1626 1369 1662 θωπευόμενον
1383 1627 1419 1662 μὴ
1429 1627 1609 1662 βλασφημεῖν.
1622 1626 1669 1652 Διὸ
1678 1626 1823 1658 ἐξαιτεῖται

1035 1672 1083 1707 μὲν
1098 1672 1180 1699 αὐτοῦ
1196 1672 1230 1699 τὰ
1248 1673 1415 1708 ὑπάρχοντα,
1437 1673 1551 1698 ἐκείνων
1567 1671 1596 1698 δὲ
1612 1671 1761 1706 γυμνώσας
1775 1672 1822 1697 αὖ·

1032 1718 1087 1751 τὸν,
1104 1719 1150 1744 καὶ
1177 1719 1329 1754 ἀστοχήσας
1348 1718 1393 1744 τοῦ
1421 1717 1534 1749 σκοποῦ,
1558 1717 1747 1744 ἐπικατασείει
1767 1718 1823 1748 τοῖς

1033 1764 1171 1798 φιλτάτοις
1190 1766 1269 1791 παισὶ
1286 1764 1503 1800 συνεσθιομένοις
1519 1764 1569 1799 τὴν
1578 1764 1678 1795 οἰκίαν,
1693 1763 1822 1798 αὐτοσχέ-

1031 1809 1087 1836 διον
1101 1810 1185 1844 τάφον
1194 1810 1284 1841 αὐτοῖς
1293 1810 1343 1846 τὴν
1357 1810 1496 1846 τράπεζαν
1504 1809 1703 1845 ἐργασάμενος.
1717 1810 1822 1844 Ἄπρα-

1032 1863 1095 1887 κτος
1108 1855 1136 1881 δὲ
1155 1855 1204 1882 καὶ
1217 1854 1304 1887 οὕτως
1319 1855 1378 1890 μετ’
1400 1854 1530 1890 αἰσχύνης
1550 1853 1759 1890 ἀποκρουσθεὶς,
1771 1854 1822 1879 λοι-

1031 1901 1082 1928 πὸν
1097 1902 1130 1937 τῇ
1152 1901 1213 1937 θείᾳ
1226 1901 1302 1928 πόλει
1323 1902 1456 1937 προσάγει
1479 1902 1514 1928 τὰ
1532 1902 1719 1937 μηχανήματα
1730 1908 1738 1915 ·
1752 1898 1785 1935 ἧς
1797 1901 1821 1927 οε

1032 1948 1138 1975 πολῖται
1155 1948 1281 1984 λογισμοί
1296 1946 1374 1980 αὖθις
1387 1948 1425 1984 τῷ
1448 1948 1570 1984 πολεμίῳ
1592 1949 1819 1984 παρατάττονται.

1030 1995 1109 2021 Μετὰ
1119 1994 1174 2030 γὰρ
1185 1995 1215 2021 τὺ
1233 1995 1323 2022 πάντα
1338 1995 1485 2030 ἀφελέσθαι
1496 1995 1543 2022 τοῦ
1553 1995 1658 2022 δικαίου
1666 1995 1680 2020 ὁ
1688 1995 1819 2026 διάϐολος,

1030 2042 1077 2068 καὶ
1091 2042 1127 2077 μὴ
1144 2041 1238 2073 κλίνας
1246 2041 1326 2068 αὐτὸν
1337 2042 1376 2073 εἰς
1393 2042 1567 2078 βλασφημίαν
1580 2043 1670 2077 (τοῦτο
1678 2043 1733 2078 γὰρ
1748 2041 1820 2077 αὐτῷ

1030 2087 1077 2113 καὶ
1095 2087 1175 2122 μόνον
1195 2085 1230 2122 ἦν
1244 2088 1499 2122 περισπούδαστον),
1515 2089 1596 2115 αὐτὸν
1609 2089 1702 2116 λοιπον
1719 2090 1820 2115 ἐκεῖνον

1029 2132 1141 2165 ἐξαιτεῖ,
1155 2133 1202 2159 καί
1215 2141 1282 2168 φησι
1295 2132 1335 2168 τῷ
1353 2133 1413 2169 Θεῷ
1423 2142 1430 2148 ·
1455 2134 1652 2161 Ἀπόστειλον
1666 2134 1725 2169 τὴν
1738 2135 1820 2169 χεῖρὰ

1029 2187 1098 2210 σου,
1112 2178 1162 2205 καὶ
1176 2179 1251 2213 ἅψαι
1265 2179 1327 2206 τῶν
1342 2179 1464 2213 σαρκῶν
1475 2180 1568 2207 αὑτοῦ
1581 2181 1630 2207 καί
1647 2181 1708 2207 τῶν
1722 2181 1819 2209 ὀστῶν·

1029 2224 1135 2256 αὐτοῦ,
1145 2226 1170 2251 εὶ
1179 2225 1242 2260 μὴν
1253 2226 1296 2258 εὶς
1306 2226 1470 2260 πρόσωπόν
1478 2234 1514 2252 σε
1526 2226 1701 2261 solertiam,
1710 2227 1818 2254 ὡσανεὶ

1027 2270 1258 2305 βλασφημήσῃ.
1276 2271 1390 2308 Θαρρὦ
1404 2272 1432 2298 δὲ
1448 2271 1487 2307 τῷ
1499 2272 1596 2307 δικαίῳ
1609 2274 1623 2299 ὁ
1637 2273 1689 2305 τὰς
1706 2274 1818 2309 καρδίας

1030 2316 1188 2351 ἐμϐατεύων
1201 2317 1277 2350 Θεὸς,
1295 2318 1342 2344 καὶ
1357 2319 1447 2344 πᾶσαν
1461 2318 1650 2354 προσπάθειαν
1670 2320 1687 2356 ἢ
1710 2320 1818 2354 φειδοῦς

1030 2363 1167 2398 πρόφασιν
1187 2364 1425 2400 περιαιρούμενος,
1449 2365 1485 2400 μή
1501 2373 1565 2392 ποτε
1579 2366 1696 2402 νομισθῇ
1710 2366 1749 2402 τῷ
1763 2367 1817 2393 δια-

1030 2409 1101 2445 δόλῳ
1120 2410 1283 2445 φειδομένως
1303 2410 1423 2446 ἀψασθαι
1438 2411 1486 2438 τοῦ
1509 2411 1631 2439 δικαίου·
1648 2412 1708 2447 ἅμα
1720 2414 1749 2440 δὲ
1773 2415 1818 2440 καὶ

1030 2454 1139 2492 Θαῤῥῶν
1156 2456 1195 2491 τῷ
1219 2457 1312 2493 οἰκείῳ
1335 2457 1484 2493 ἀγωνιστῇ,
1508 2458 1556 2485 καὶ
1573 2458 1711 2489 ὀνειδίζων
1737 2461 1818 2487 αὑτοῦ

1029 2500 1075 2527 τὸν
1091 2501 1248 2534 ἀντίπαλον,
1268 2502 1306 2534 ὡς
1324 2503 1405 2538 σαρκὶ
1417 2504 1465 2530 καὶ
1488 2503 1585 2538 αἵματι
1601 2504 1757 2540 ἡττώμενον
1774 2506 1818 2532 τὸν

1029 2546 1158 2582 ἄσαρκον,
1174 2548 1219 2574 τὸν
1227 2548 1405 2584 καυχώμενον
1416 2550 1463 2576 καὶ
1476 2549 1599 2583 λέγοντα·
1616 2550 1655 2585 Τῇ
1665 2552 1754 2586 ἰσχύϊ
1759 2561 1816 2586 μου

1030 2593 1156 2626 ποιήσω,
1168 2594 1218 2620 καὶ
1235 2593 1271 2628 τῇ
1284 2596 1361 2629 χειρί
1368 2604 1428 2630 μου
1443 2595 1559 2623 καθελῶ
1572 2596 1638 2630 ὅρια
1650 2597 1756 2629 ἐθνῶν,
1769 2599 1816 2625 καί

1028 2639 1088 2673 τὴν
1111 2640 1290 2674 οἰκουμένην
1310 2641 1386 2674 ὅλην
1403 2642 1615 2677 περιλήψομαι,
1632 2643 1682 2670 καὶ
1700 2643 1761 2679 ἀρῶ
1779 2645 1817 2678 ὡς

1030 2771 1105 2799 deus
1116 2771 1263 2808 Comment.
1280 2774 1344 2807 ling.
1362 2772 1406 2801 Gr.
1419 2781 1445 2808 p.
1461 2781 1498 2802 ut.
1510 2774 1572 2801 452.

1067 2808 1122 2845 (Βρ)
1139 2805 1212 2835 Οὗν.
1227 2807 1308 2836 Forte
1317 2805 1360 2845 ἦν.
1377 2805 1456 2845 Ερῑτ.

1065 2843 1121 2879 (U7)
1141 2843 1380 2879 Συγηλούμενος.
1394 2844 1476 2873 Forte
1487 2844 1702 2881 συνειλούμενος.
1717 2844 1754 2873 in.
