1907 3043
82 132 156 161 1009

80 190 378 227 ἐγκαταλελειμμένα
466 191 580 219 Ἐειάνω
594 192 655 220 τῶν
670 193 791 227 ἄστρων
807 193 879 220 ἀναι

81 238 226 272 ϐήσομαι,
238 237 322 270 θήσω
335 237 384 264 ἐπὶ
399 237 459 264 τῶν
468 237 606 272 νεφελῶν
619 238 674 265 τὸν
687 239 796 274 θρόνον
807 249 879 274 μου,

82 284 134 311 καὶ
152 284 262 318 ἔσομαι
278 283 380 317 ὅμοιος
398 284 439 317 τῷ
459 284 604 319 ’Υψίστφ.
620 285 709 312 Οἰονεὶ
727 285 815 320 γελῶν
831 286 880 313 αὐ-

81 329 132 357 τοῖο
151 330 203 365 τὴν
215 329 376 362 ἀλαζονείαν
387 330 401 357 ὁ
420 330 497 364 Θεὸς,
515 331 563 358 καὶ
576 332 688 366 φάσκων
699 339 706 347 ³
725 333 757 359 Τί
772 333 881 369 κομπά-

83 376 152 408 ζεις,
171 373 195 403 ὦ
217 376 299 412 μιαρὲ
323 376 449 409 διάϐολες
476 377 532 404 ἰδοὺ
557 375 598 409 εἷς
615 378 669 405 τῶν
691 378 807 405 οἰκετῶν
829 387 879 414 μου

83 422 209 457 πήλινος,
228 421 331 457 χοῖκδς,
347 421 470 458 εὐτελὴς,
487 423 536 459 τὴν
551 423 632 458 φύσιν
649 423 754 459 βροτὸς,
770 425 819 451 οὐκ
831 424 881 459 ἆγ-

82 467 164 502 γελος
192 466 284 503 (ὕϐρις
303 469 357 504 γὰρ
374 468 482 503 ἀγγέλῳ
497 469 566 503 πρὸς
580 469 610 495 σὲ
627 469 819 503 ἀγωνίζεσθαι,
835 470 881 498 τὸν

84 513 156 549 μηδὲ
167 513 254 548 πηλοῦ
265 513 480 549 περιεσόμενον)·
494 513 579 547 Ἰδοὺ,
590 515 666 550 φησὶ,
679 515 881 551 παραδίδομεν

82 558 180 585 αὑτὸν
192 559 228 586 ἐν
239 558 278 593 τῇ
290 559 367 594 χειρί
377 566 448 592 σου,
460 560 541 586 οἱονεὶ
552 560 662 595 δέσμιον
675 561 722 588 καὶ
735 561 810 588 κάτω
825 562 881 589 κεί-

84 613 178 640 μενον.
203 605 234 632 Et
258 606 313 641 ἄρα
331 605 447 642 περιέσῃ
462 606 545 633 αὐτοῦ
559 606 610 641 τῆς
630 607 735 642 ὑψηλῆς
750 608 880 640 διανοίας,

83 649 241 686 πολιορκῶν
254 649 336 677 αὑτὸν
353 651 401 677 καὶ
415 650 532 682 τοξεύων
546 651 576 678 ὲν
586 651 626 687 τῷ
642 651 759 686 σώματι.
776 653 830 678 Καὶ
854 652 881 679 τί

85 695 158 729 μετὰ
179 694 282 727 uina;
301 695 383 721 οἱονεὶ
404 695 482 731 βέλος
506 695 693 732 στερῤοτέρως
718 696 881 732 προσπεσὼν

83 739 263 777 ἀπεκρούσθη
281 741 423 777 ἄπρακτος
443 742 457 768 ὁ
479 741 587 774 ἀλαζὼν
603 743 650 769 καὶ
672 743 732 774 θεὸς
747 743 881 779 ὐπὰρχειν

83 787 210 822 οἰόμενος
234 788 316 822 σαρκὶ
331 788 459 824 ἡττηθεὶς
473 789 521 816 καὶ
536 789 643 824 αἵματι.
660 791 697 817 Οὐ
711 790 766 826 γὰρ
787 790 882 826 ἴσχυσε

84 833 240 870 πολιορκῶν
258 835 305 861 καὶ
321 835 439 869 τοξεύων
463 836 512 872 τὴν
533 836 607 864 θείαν
625 837 673 864 τοῦ
687 838 812 874 σώματος
832 839 880 866 πό-

84 880 138 912 λιν,
155 881 172 916 ﬁ
187 889 249 908 τινα
263 881 318 908 τῶν
330 882 447 909 πολιτῶν
457 881 597 918 λογισμῶν
608 883 808 919 χειρώσασθαι·
819 885 880 912 οὐδὲ

83 926 140 952 τῶν
155 927 201 953 ἐπὶ
216 927 270 954 τῶν
283 927 375 954 πυλῶν
389 928 436 955 τοῦ
452 929 587 964 στόματός
603 938 664 956 τινα
679 930 813 967 ἀναιρεῖν.
836 931 880 957 Ἐν

83 971 193 1005 τούτοις
213 973 269 1009 γὰρ
290 975 357 1001 πᾶσι
374 975 431 1006 τοῖς
449 975 651 1010 συμϐεϐηκόσιν
670 976 754 1012 αὐτῷ,
776 977 836 1004 οὐδὲ
850 977 880 1004 ὲν

84 1019 143 1050 τοῖς
161 1019 279 1053 χείλεσιν
293 1020 376 1046 αὑτοῦ
391 1021 516 1056 ἥμαρτεν
537 1020 596 1048 Ἰὼϐ
620 1022 740 1050 ἐναντίον
765 1023 878 1058 Κυρίου.

91 1064 176 1092 Ἀλλὰ
200 1065 397 1102 βλασφημῆσαι
417 1067 641 1102 ἀναγκαζόμενος
659 1069 712 1095 ὑπὸ
730 1069 778 1096 τοῦ
801 1070 879 1097 πολε-

86 1110 164 1146 μίου,
190 1112 346 1139 τούναντίον
369 1113 468 1146 ἐποίει,
493 1113 617 1148 φάσκων.
646 1115 755 1149 Κύριος
776 1115 882 1150 ἔδωκε,

85 1158 198 1191 Κύριος
212 1157 353 1192 ἀφείλετο
362 1166 370 1174 ο
383 1159 423 1192 ὡς
437 1158 477 1192 τῷ
489 1160 588 1194 Κυρίῳ
598 1160 715 1194 ἔδοξεν,
728 1162 821 1196 οὕτως
832 1164 882 1190 καὶ

84 1202 222 1238 ἐγένετο·
240 1204 339 1238 είητὸ
363 1204 458 1240 ὄνομα
479 1206 590 1240 Κυρίου
614 1208 819 1246 εὐλογημένον
838 1211 882 1244 εις

85 1249 160 1283 τοὺς
177 1250 298 1284 αἰῶνας.
318 1251 356 1278 Ui;
371 1251 527 1291 ngpodi'o‘ocat
544 1251 602 1286 οὖν,
619 1253 687 1281 ἀλλὰ
701 1255 881 1290 προϐάλλεται

86 1296 244 1332 ἀγωνιστὴς
264 1297 312 1324 καὶ
333 1298 479 1332 παιδευτὴς
493 1299 632 1335 ἀνδρείας,
653 1300 701 1327 καὶ
715 1302 743 1328 ὲν
758 1303 815 1334 τοίς
829 1302 879 1330 ἀλ-

86 1343 190 1376 γεινοῖς
201 1342 249 1368 τοῦ
263 1342 321 1378 βίου
338 1343 541 1380 εὐχαριστείας.

795 131 970 160 DIALOGUS
984 131 1028 161 Ill.

1654 131 1724 159 lOIO

932 193 1011 225 foret.
1028 192 1075 228 qui
1100 199 1193 221 carnis
1214 197 1274 220 erat
1287 199 1386 227 expers
1407 196 1435 219 et
1452 189 1622 227 gloriabatur
1640 198 1722 226 atque

930 239 1038 267 dicebat
1053 238 1175 266 :Robore
1185 247 1241 266 meo
1259 238 1366 273 faciam,
1382 242 1406 265 et
1418 246 1499 264 manu
1511 246 1569 264 mea
1585 237 1722 264 deslruam

931 286 1055 312 terminos
1071 285 1237 320 gentium,_et
1257 284 1345 311 orbem
1361 289 1493 311 terrarum
1505 287 1588 310 totum
1605 284 1723 317 capiam.

930 335 955 358 et
976 331 1068 358 tollam
1090 330 1170 358 veluti
1207 330 1331 358 derelicta
1359 330 1447 356 ova".
1466 329 1613 356 Ascendam
1641 336 1721 363 supra

930 377 1030 409 sidera,
1043 385 1140 412 ponam
1156 385 1237 411 supra
1254 376 1333 403 nubes
1351 375 1447 402 solium
1465 383 1561 406 meum,
1580 379 1605 400 et
1618 381 1663 400 ero
1688 373 1727 400 sia

931 423 1003 451 milis
1012 423 1151 450 Altissimo
1161 422 1193 449 “.
1211 421 1296 456 Quasi
1310 429 1375 457 ergo
1384 421 1476 448 ridens
1490 421 1578 455 ipsius
1590 427 1722 453 arrogan-

932 470 998 497 tiam
1011 469 1096 502 Deus,
1119 469 1210 505 inquit
1225 468 1330 502 :Quid,
1357 476 1374 495 ο
1386 467 1472 496 miser
1487 467 1606 499 diabole,
1625 465 1729 501 gloriam

930 515 991 543 ris?
1007 515 1077 543 Ecce
1095 523 1168 542 unus
1192 518 1235 542 est
1259 514 1305 541 hic
1325 520 1468 541 servorum
1490 519 1624 543 meorum,
1643 511 1726 544 isque

930 560 1032 594 luteus,
1050 560 1206 596 pulvereus,
1216 559 1278 587 vilis
1294 567 1309 586 a
1323 562 1422 586 natura
1433 558 1613 592 mortalisque
1627 557 1720 590 homo,

930 614 986 634 non
1001 606 1116 641 angelus
1127 607 1217 640 (turpe
1234 604 1365 632 nimirum
1379 603 1473 636 fuerit,
1499 610 1562 630 cum
1579 602 1676 638 angelo
1695 607 1723 630 te

930 657 1048 686 certare,
1070 651 1117 688 qui
1133 659 1167 679 ne
1185 650 1294 686 quidem
1316 650 1374 678 luto
1399 649 1525 684 superior
1545 648 1623 683 eris).
1643 647 1722 681 Ecce,

930 699 1028 734 inquit,
1055 699 1133 727 trado
1151 699 1236 733 ipsum
1252 699 1280 725 in
1293 706 1401 726 manum
1425 697 1540 730 tuam",
1564 696 1644 732 quasi
1663 696 1724 722 vin-

930 751 1005 773 ctum
1020 749 1047 773 et
1060 749 1240 781 prostratum.
1257 744 1323 773 Vide
1338 752 1404 772 num
1423 744 1563 771 excelsum
1579 742 1653 770 illius
1664 742 1722 769 ani-

930 800 1006 821 mum
1026 799 1157 828 superare
1172 791 1275 827 possis,
1290 798 1451 826 expugnans
1468 791 1557 826 ipsum
1571 793 1599 817 et
1614 782 1640 816 in
1658 796 1721 816 cor-

934 846 1001 875 pore
1023 839 1124 875 jaculis
1145 838 1297 873 corlligens.
1322 837 1393 871 Quid
1422 837 1573 865 secundum
1595 836 1655 863 haec
1674 834 1723 862 lit?

936 884 1023 912 veluti
1044 884 1166 918 jaculum
1185 883 1303 911 validius
1318 884 1453 915 invectus,
1478 881 1606 917 repulsus
1621 886 1663 909 est
1684 880 1724 906 iu-

934 931 1005 959 l'ecta
1022 938 1052 959 re
1069 930 1205 965 superbus
1220 935 1247 958 et
1260 938 1394 965 arrogans
1411 929 1467 963 ille,
1480 929 1582 964 quique
1594 935 1624 956 se
1643 927 1722 954 deum

933 985 994 1006 esse
1011 978 1134 1013 putabat,
1158 985 1173 1004 a
1197 985 1280 1005 carne
1301 981 1447 1012 superatus
1470 980 1512 1003 est
1533 980 1560 1003 et
1578 973 1723 1009 sanguine.

933 1024 992 1052 Non
1007 1025 1079 1053 enim
1105 1025 1194 1060 potuit
1212 1023 1395 1059 oppugnando
1411 1023 1574 1059 sagittisque
1601 1020 1727 1049 feriendo

933 1071 1053 1099 divinam
1070 1071 1194 1106 corporis
1209 1071 1283 1099 illius
1298 1070 1448 1103 civitatem,
1469 1075 1516 1097 aut
1535 1069 1654 1104 aliquem
1675 1068 1724 1095 ci—

934 1120 1020 1153 vium,
1032 1126 1129 1154 nempe
1148 1117 1359 1154 cogitationum,
1382 1125 1493 1153 capere,
1520 1124 1609 1152 neque
1628 1123 1725 1152 quem-

934 1172 1018 1200 quam
1047 1164 1075 1191 in
1092 1163 1181 1199 portis
1207 1163 1265 1190 oris
1284 1162 1420 1190 occidere.
1442 1162 1472 1189 ln
1500 1161 1631 1189 omnibus
1651 1161 1724 1190 enim

933 1210 988 1238 illis
1002 1217 1064 1245 quae
1080 1209 1242 1237 acciderunt
1258 1208 1296 1241 ei,
1323 1216 1377 1235 non
1392 1207 1503 1235 admisit
1524 1207 1609 1234 ullum
1626 1214 1725 1242 pecca-

932 1261 989 1284 tum
1006 1255 1091 1284 Jobus
1101 1255 1181 1283 labiis
1196 1254 1254 1282 suis
1263 1255 1395 1282 adversus
1405 1253 1570 1285 Dominum;
1586 1252 1633 1280 sed
1646 1253 1726 1281 hoste

933 1303 1100 1338 impellente,
1126 1306 1157 1329 ut
1173 1301 1228 1328 Deo
1252 1301 1408 1328 convicium
1428 1299 1539 1332 faceret.
1567 1299 1676 1327 diverso
1695 1307 1727 1327 se

930 1350 1011 1377 modo
1031 1349 1154 1385 gerebat,
1172 1348 1267 1376 dicens
1287 1357 1293 1375 :
1311 1347 1441 1374 Dominus
1482 1347 1567 1380 dedit,
1596 1346 1725 1373 Do-‘n'nus

87 1391 202 1418 abstulit
213 1400 223 1424 ;
236 1396 265 1418 ut
280 1391 393 1420 Domino
411 1393 522 1427 placuit,
541 1394 580 1421 ita
591 1394 693 1429 factum
709 1397 811 1424 estuit
824 1406 918 1425 nomen
932 1398 1038 1426 Domini
1051 1397 1215 1425 benedictum
1232 1397 1260 1423 in
1270 1395 1411 1423 saecula“.
1423 1394 1481 1422 Non
1497 1395 1621 1430 proditur
1634 1394 1724 1430 igitur,

88 1437 136 1464 Sed
158 1437 320 1472 proponitur
333 1443 363 1465 ut
378 1439 451 1474 pugil
466 1444 493 1467 et
508 1440 639 1476 magister
653 1441 836 1477 fortitudinis,
858 1449 885 1473 et
899 1445 1049 1480 gratiarum
1067 1443 1184 1472 actionis
1199 1443 1226 1470 in
1241 1442 1453 1470 adversitatibus
1470 1440 1551 1476 hujus
1566 1441 1636 1469 vitm.

125 1483 268 1518 Τέτταρας
293 1481 340 1511 οὖν
367 1485 490 1518 παιδείας
503 1486 620 1521 τρόπους
648 1488 739 1524 ἵσμεψ
752 1489 808 1525 Τὴν
830 1489 879 1525 μὲν

87 1529 123 1558 δι’
138 1529 277 1570 ἁμαρτίας
291 1530 356 1565 ἡμῖν
366 1530 434 1566 πρὸς
442 1531 584 1567 διόρθωσιν
598 1533 771 1570 ἐπαγομένην
797 1535 885 1570 (Πολ-

89 1575 141 1602 λαὶ
157 1575 212 1611 γὰρ
223 1577 253 1602 al
259 1575 406 1612 μάστιγες
415 1576 468 1604 τοῦ
478 1577 749 1615 ἀμαρτοιλοῦ,φησ“ιν
757 1581 771 1607 ὁ
779 1580 883 1615 Δαϐὶδ),

88 1621 140 1656 τὴν
163 1621 192 1648 δὲ
208 1621 243 1648 δι’
259 1621 449 1658 ὑπερηφανίας
470 1623 518 1650 καὶ
535 1623 620 1658 τύφου
641 1625 815 1661 καθαίρεσιν,
835 1626 886 1662 τὴν

89 1667 196 1703 οίδησιν
210 1668 269 1704 ἦτοι
289 1668 445 1704 κορύφωσιν
465 1669 514 1705 τῆς
530 1669 620 1706 ψυχῆς
638 1671 884 1700 καταστέλλουσαν·

96 1713 313 1748 Ὑπερηφάνοις
332 1715 387 1750 γὰρ
406 1715 515 1749 Κύριος
535 1715 758 1744 ἀντιτάσσεται.
777 1718 886 1754 Ἕτεροι

90 1760 121 1787 δὲ
134 1759 357 1788 διαλανθάνουσιν
370 1761 472 1797 ἀρετὴν
491 1761 539 1788 καὶ
561 1762 686 1798 ἀνδρείαν
706 1764 774 1799 πρὸς
793 1765 824 1791 τὸ
840 1773 885 1800 μι-

92 1805 235 1842 μήσασθαι
250 1806 314 1837 τοὺς
323 1806 456 1842 ὁρῶντας.
475 1807 582 1841 Οὐδεὶς
601 1808 656 1844 γὰρ
667 1808 753 1836 ἅπτει
769 1811 888 1844 λύχνον

91 1851 145 1879 καὶ
155 1851 277 1886 τίθησιν
291 1853 385 1880 αὐτὸν
396 1852 456 1880 ὑπὸ
470 1853 523 1880 τὸν
532 1853 641 1888 μόδιον
651 1855 670 1890 ἢ
686 1854 744 1889 τὴν
764 1857 886 1890 κλίνην,

91 1898 176 1926 ἀλλὰ
187 1898 237 1926 ἐπὶ
249 1898 309 1932 τὴν
319 1899 462 1934 λυχνίαν,
479 1899 530 1926 ἵνα
544 1899 637 1934 φαίνῃ
670 1899 745 1927 πᾶσι
768 1901 831 1934 τοῖς
853 1902 888 1928 ἐν

91 1944 131 1979 τῇ
147 1945 244 1978 οἰκίᾳ,
259 1944 341 1980 φησὶν
362 1945 377 1971 ὁ
392 1945 511 1980 Κύριος·
532 1946 614 1972 οίονε¹ι
627 1945 730 1979 λέγων,
746 1946 795 1973 Διὰ
810 1947 887 1974 τοῦτο

92 1991 200 2028 πυρσοῦ
214 1992 290 2027 δίκην
306 1991 393 2028 ὲξῆψα
409 1991 455 2019 τὸν
478 1991 538 2019 ’1ὼό
551 2012 559 2025 ,
579 1992 626 2019 καὶ
648 1992 701 2025 ἔξω
723 1993 770 2020 τοῦ
792 1993 888 2026 ἄστεος

92 2039 141 2065 ἐπὶ
156 2038 268 2074 λυχνίαν
287 2038 335 2074 τῆς
351 2037 469 2073 κοπρίας
480 2037 583 2074 ἐθέμην
593 2059 600 2071 ,
624 2038 729 2072 φαίνειν
745 2039 813 2066 πᾶσι
832 2041 889 2071 τοῖς

92 2085 123 2111 ὲν
146 2085 180 2119 τῇ
196 2084 352 2120 οἰκουμένῃ.
370 2084 426 2119 Τὴν
441 2084 470 2110 δὲ
494 2084 613 2120 παντελῆ
629 2085 789 2120 κατάλειψιν
812 2086 889 2122 παρὰ

94 2131 163 2158 θεοῦ
189 2131 223 2158 δι’
250 2131 370 2167 ἐσχάτην
396 2131 496 2158 κακίαν
524 2131 572 2159 καὶ
597 2132 684 2168 ἀμιγῆ
699 2131 811 2159 καθόλου
839 2132 887 2159 τοῦ

93 2178 250 2214 κρείττονος
260 2186 268 2193 ·
288 2179 357 2213 ὅπερ
373 2179 420 2205 ἐπὶ
441 2178 487 2206 τοῦ
508 2178 608 2214 Φαραὼ
625 2179 673 2205 καὶ
688 2178 735 2206 τοῦ
750 2178 887 2212 Ναϐουχο-

92 2225 205 2260 δονόσορ
220 2225 268 2252 χαὶ
296 2225 378 2252 Ἰούδα
395 2224 585 2261 συμϐέϐηκεν,
597 2224 720 2261 ἀπωλείᾳ
735 2224 887 2260 παραδοθῆ-

93 2280 140 2298 ναι
156 2270 201 2297 διὰ
214 2270 381 2306 ἀμετάθετον
400 2270 542 2306 πονηρίαν.
570 2270 761 2304 Ἀποστρέψω
783 2270 838 2305 γὰρ
855 2269 888 2296 τὸ

93 2316 260 2350 πρόσωπόν
267 2325 327 2350 μου
334 2315 500 2349 ἀπἀὐτῶν,
507 2315 556 2342 καὶ
565 2314 653 2347 δείξω
659 2315 688 2342 τί
695 2315 781 2343 ἔσται
787 2314 889 2347 αὐτοῖς

93 2362 142 2391 ἐπ’
152 2361 302 2396 ἐσχάτων,
315 2361 400 2396 φησὶν,
411 2361 425 2387 ὁ
436 2360 502 2393 Θεὸς
510 2360 555 2387 διὰ
567 2360 615 2396 τῆς
626 2360 748 2392 Μωσέως
755 2359 888 2395 γλώττης.

101 2408 173 2435 Ἀλλ’
186 2405 234 2434 οὖν
247 2416 280 2442 γε
293 2409 327 2443 τῇ
341 2407 451 2443 παιδείᾳ
462 2407 509 2435 τὸν
520 2406 756 2443 Ναϐουχοδονόσορ
770 2407 890 2442 ἀνασφή-

95 2454 182 2486 λαντα
193 2474 200 2487 ,
217 2454 265 2481 καὶ
277 2455 328 2490 τῆς
342 2453 484 2489 παροινίας
498 2453 653 2489 ὲκνήψαντα
667 2453 717 2480 οὐκ
738 2452 888 2480 ἀπωθεῖται

95 2502 110 2528 ὸ
129 2500 271 2533 ἀπωσθεὶς
293 2500 360 2532 Θεὸς
372 2508 379 2515 ·
398 2499 467 2527 ἀλλὰ
490 2500 571 2527 πάλιν
589 2499 665 2535 αὐτῷ
679 2499 728 2535 τὴν
750 2499 888 2534 βασιλείαν

95 2547 250 2579 ἀπέδωκεν,
263 2545 403 2581 ἁλουργίδι
416 2544 565 2581 φαιδρύνας
578 2545 626 2572 καὶ
639 2544 798 2580 διαδήμασι.
838 2581 841 2587 ἱ

380 2687 605 2716 ΠΕΥΣΙΣῬΚΒἌ

132 2735 224 2767 non;
234 2733 340 2770 ἡμέρας
353 2734 489 2770 διέτριψεν
500 2735 515 2761 ὁ
533 2734 619 2770 ’Δδὰμ
629 2735 658 2761 ἐν
670 2735 709 2771 τῷ
718 2735 886 2771 παραδείσῳς

96 2781 192 2816 ἐπειδὴ
206 2780 298 2808 πολλοὶ
311 2780 366 2808 τῶν
378 2781 554 2817 ἱστορούντων
564 2781 599 2808 τὰ
611 2782 671 2808 κατ’
688 2781 781 2813 αὑτὸν,
795 2781 820 2808 οι
836 2782 886 2817 μὲν

96 2827 222 2863 λέγουσιν
235 2847 243 2860 ,
257 2827 288 2860 ἓξ
304 2827 409 2863 ἡμέρας
422 2836 430 2842 ’
441 2828 481 2854 διὸ
490 2848 497 2860 ,
510 2828 577 2863 φησὶ
589 2848 597 2862 ,
612 2828 679 2863 ἕκτῃ
701 2828 792 2863 ἡμέρᾳ
807 2825 888 2858 ἦλθεν

965 1490 1089 1524 Quatuor
1105 1489 1188 1525 igitur
1203 1488 1300 1516 modos
1315 1487 1504 1523 castigationis
1520 1488 1634 1514 scimus.
1653 1486 1722 1514 Nam

935 1536 988 1564 alia
999 1536 1108 1571 quidem
1125 1539 1237 1570 propter
1250 1538 1360 1568 peccata
1377 1533 1458 1560 nobis
1474 1532 1508 1560 ad
1526 1532 1724 1560 correctionem

936 1580 1083 1608 adhibetur
1097 1579 1200 1610 (Multa
1226 1579 1300 1606 enim
1325 1578 1434 1613 ﬂagella
1458 1584 1519 1605 sunt
1537 1578 1681 1613 peccatoris
1691 1578 1725 1610 ’⁷,

936 1627 1025 1662 inquit
1044 1625 1194 1661 Davides).
1216 1625 1277 1653 Alia
1307 1632 1374 1652 vero
1393 1625 1550 1660 superbiam
1570 1628 1598 1652 et
1623 1624 1724 1651 fastum

936 1673 1048 1708 dejicit,
1066 1672 1119 1700 hoc
1135 1676 1194 1704 est,
1219 1671 1401 1699 elevationem
1421 1679 1453 1699 ac
1478 1675 1614 1698 tumorem
1640 1670 1725 1697 animi

937 1719 1106 1754 comprimit.
1123 1718 1249 1753 Superbi:
1264 1718 1338 1746 enim
1357 1717 1488 1744 Dominus
1512 1717 1611 1744 resistit
1625 1716 1658 1742 ¹¹³.
1673 1716 1726 1743 Alii

937 1771 1028 1794 autem
1042 1765 1171 1792 latentem
1183 1765 1310 1792 virlutem
1325 1768 1354 1791 ct
1366 1763 1555 1792 fortitudinem
1568 1762 1726 1795 ostendunt,

939 1816 969 1839 ut
984 1819 1044 1839 eam
1064 1815 1233 1846 spectatores
1252 1810 1404 1837 imitentur.
1421 1809 1521 1836 Nullus
1538 1808 1610 1836 enim
1635 1816 1729 1835 necem

937 1857 978 1884 dit
995 1857 1129 1884 lucernam
1139 1877 1147 1889 ,
1173 1861 1198 1884 et
1212 1856 1287 1891 ponit
1302 1863 1361 1883 eam
1386 1855 1477 1882 subter
1492 1854 1610 1880 modium
1630 1859 1676 1880 aut
1691 1853 1729 1880 le-

938 1908 1020 1936 ctum,
1033 1903 1078 1930 sed
1090 1911 1168 1937 super
1185 1902 1375 1929 candelabrum
1386 1909 1395 1929 :
1411 1907 1439 1928 ut
1451 1901 1538 1928 luceat
1552 1901 1671 1928 omnibus
1683 1901 1729 1935 qui

938 1953 999 1976 sunt
1013 1949 1040 1975 in
1054 1948 1141 1980 domo,
1156 1947 1246 1983 inquit
1263 1947 1397 1974 Dominus
1409 1946 1448 1973 ":
1464 1945 1542 1980 quasi
1559 1945 1646 1972 dicat:
1662 1944 1728 1972 Pro-

939 1999 999 2030 pter
1015 1995 1068 2022 hoc
1083 1994 1170 2021 instar
1181 1993 1251 2020 lacis
1263 1993 1375 2021 accendi
1391 1991 1490 2019 Jobum
1502 2012 1509 2024 ,
1527 1995 1555 2018 et
1567 1997 1643 2018 extra
1660 1991 1728 2018 civi-

941 2046 1022 2069 tatem
1036 2048 1118 2075 super
1134 2039 1330 2067 candelabrum
1344 2043 1514 2066 stercoreum
1532 2037 1623 2073 posui,
1643 2043 1672 2064 ut
1686 2037 1730 2064 lu-

939 2090 1000 2115 ceat
1020 2085 1151 2114 omnibus
1172 2085 1199 2112 in
1215 2085 1284 2112 orbe
1303 2089 1450 2112 terrarum.
1465 2083 1524 2110 Alia
1541 2083 1660 2118 denique
1682 2090 1729 2110 ca-

940 2133 1051 2169 stigatio
1064 2137 1115 2166 est,
1133 2132 1161 2159 in
1175 2132 1335 2159 universum
1346 2138 1361 2158 a
1378 2130 1433 2157 Deo
1447 2130 1538 2157 deseri
1556 2134 1669 2165 propter
1684 2137 1731 2157 ex-

942 2184 1057 2208 tremam
1069 2178 1217 2215 nequitiam
1227 2182 1254 2206 et
1262 2177 1477 2213 improbitatem.
1485 2177 1529 2205 cui
1542 2177 1610 2204 nihil
1619 2177 1731 2204 omnino

939 2227 1087 2255 admistum
1103 2230 1146 2254 est
1159 2225 1244 2254 boni:
1257 2224 1332 2260 quod
1343 2229 1370 2252 et
1381 2223 1529 2257 Pharaoni,
1544 2228 1571 2251 et
1584 2223 1731 2251 Nabucho-

939 2272 1081 2303 donosori,
1096 2274 1124 2298 et
1134 2269 1211 2298 Iudae
1228 2270 1354 2306 contigit,
1365 2274 1396 2297 ut
1411 2270 1438 2296 in
1459 2269 1573 2297 exitium
1590 2269 1730 2297 traderen-

939 2323 984 2346 tur
1017 2322 1128 2353 propter
1165 2316 1394 2344 inemendabilem
1432 2315 1576 2343 malitiam.
1606 2315 1731 2342 Avertam

938 2364 1012 2392 enim
1026 2364 1058 2391 ab
1078 2364 1143 2398 ipsis
1159 2363 1255 2398 faciem
1273 2371 1377 2395 meum,
1396 2367 1422 2390 et
1441 2362 1578 2389 ostendam
1589 2361 1652 2396 quid
1670 2370 1729 2389 cum

939 2410 1005 2444 ipsis
1026 2409 1145 2444 futurum
1169 2409 1206 2435 sit
1231 2408 1259 2434 in
1285 2408 1435 2435 novissimis
1449 2428 1458 2440 ,
1482 2407 1572 2442 inquit
1586 2407 1659 2435 Deus
1682 2416 1730 2443 per

939 2456 1059 2491 linguam
1076 2454 1158 2483 Mosis
1170 2455 1204 2481 '°.
1223 2454 1419 2482 Verumtamen
1431 2453 1729 2482 Nabuchodonosorem

940 2509 989 2536 per
1003 2501 1176 2536 disciplinam
1202 2500 1353 2528 cautiorem
1369 2500 1505 2527 redditum
1517 2519 1525 2532 ,
1547 2504 1576 2528 et
1592 2507 1626 2528 ex
1643 2504 1731 2528 temu—

939 2548 1023 2576 lentia
1044 2547 1166 2575 sobrium
1190 2547 1292 2574 factum
1308 2553 1363 2573 non
1380 2545 1471 2580 rejieit
1485 2546 1533 2582 qui
1558 2545 1678 2581 rejectus
1695 2546 1730 2572 ab

939 2595 1000 2630 ipso
1014 2599 1088 2628 erat,
1109 2593 1196 2622 Deus:
1223 2594 1270 2621 sed
1290 2600 1387 2620 rursus
1401 2592 1441 2620 illi
1456 2600 1571 2627 regnum
1598 2592 1729 2625 reslituit,

940 2649 1061 2677 purpura
1076 2641 1234 2668 exhilarans
1253 2640 1343 2674 ipsum
1360 2643 1388 2667 et
1402 2639 1569 2667 diademate.

1145 2685 1402 2714 INTERROGATIO
1422 2684 1527 2713 CXXII.

975 2734 1048 2768 Quot
1062 2734 1121 2762 dies
1135 2734 1163 2761 in
1177 2733 1307 2769 paradiso
1322 2733 1415 2768 exegit
1428 2732 1574 2760 Adamus'!
1588 2731 1735 2768 Siquidem.

941 2782 1018 2810 multi
1033 2781 1081 2817 qui
1096 2781 1156 2816 ejus
1167 2785 1243 2815 gesta
1256 2779 1398 2808 memoriae
1410 2779 1541 2815 produnt.
1555 2779 1655 2814 partim
1669 2779 1730 2814 qui-

942 2828 1004 2856 dem
1020 2827 1132 2856 tradunt
1143 2828 1202 2855 dies
1211 2835 1278 2857 sex:
1295 2827 1425 2862 ideoque,
1443 2831 1473 2853 ut
1487 2827 1565 2854 aiunt
1575 2846 1583 2858 .
1596 2831 1673 2854 sexto
1686 2825 1736 2854 dio

135 2881 158 2896 ”
175 2881 227 2909 lsa.
249 2889 277 2911 ι,
298 2881 341 2912 15,
360 2881 403 2908 M.
440 2881 461 2897 “
481 2881 533 2910 Isa.
555 2890 611 2914 xw,
629 2882 672 2911 l5.
694 2882 737 2908 Η.
770 2882 790 2898 ⁸⁸
807 2881 858 2908 Job
877 2891 878 2907 ι

940 2901 946 2908 .
984 2882 1006 2898 ιθ
1022 2881 1072 2909 Joh
1091 2889 1109 2911 ι,
1127 2881 1172 2909 2|.
1213 2881 1234 2897 "
1254 2880 1326 2909 Psal.
1340 2888 1415 2914 xui,
1438 2878 1476 2906 l0.
1522 2879 1543 2895 "
1560 2878 1618 2908 Jac.
1641 2887 1677 2912 ιν.
1695 2878 1730 2912 6;

100 2914 111 2943 Ι
129 2915 185 2946 l‘et.
207 2924 234 2952 ν,
263 2916 291 2945 5.
333 2916 354 2933 ¹⁹
373 2916 467 2945 Matth.
498 2925 523 2951 ν,
547 2917 587 2946 15.
628 2918 650 2934 ³ο
669 2916 748 2945 Deut.
769 2925 853 2950 xum,
874 2918 878 2944 ξ

946 2925 1001 2947 sec.
1024 2916 1103 2945 LXX.
