1907 3043
189 142 261 172 1011

188 200 265 227 venit
281 199 420 227 Senator.
433 199 486 226 Alii
501 206 565 226 vero
580 206 627 226 sex
645 202 749 226 tantum
765 198 860 226 dicunt
878 197 971 230 horas;

191 245 308 281 ideoque
333 249 408 273 sexta
434 245 500 272 hora
519 244 667 272 cruciﬁxus
682 244 820 271 Senator.
843 243 896 270 Alii
910 250 978 278 qua-

191 291 319 327 draginta
334 292 391 319 dies
407 295 550 324 asserunt,
568 298 639 326 quos
654 290 682 317 in
698 290 825 324 paradiso
840 289 979 317 habitave-

193 338 240 369 rit,
255 337 319 364 etin
335 335 439 364 deliciis
453 335 553 371 egerit,
571 336 641 363 unde
656 340 765 370 prapter
783 334 978 370 transgressio-

194 390 255 410 nem
273 382 403 416 expulsus
417 382 453 410 sit
465 391 472 408 :
489 389 559 416 quos
572 382 651 409 aiunt
666 381 792 409 retulisse
799 381 939 409 Christum
952 386 980 409 et

192 435 396 462 compensasse.
411 435 465 462 quo
477 432 597 462 tempore
613 435 661 463 per
673 427 851 463 quadraginta
860 426 920 455 dies
931 434 980 454 ne-

193 482 247 509 que
260 474 379 501 comedit
394 481 484 509 neque
497 474 575 507 bibit,
587 473 615 501 in
631 473 739 502 deserto
751 481 766 501 a
782 473 892 501 diabolo
907 473 980 501 velut

193 521 277 550 homo
292 525 420 548 tentatus.

504 566 655 601 Responsio.

230 613 308 646 Quod
321 613 502 648 quadraginta
511 613 616 640 dierum
632 618 738 647 tempus
754 612 865 643 attinet,
878 612 903 639 id
917 619 981 639 vero

193 664 223 688 ct
248 660 306 694 ipse
328 659 386 694 jam
410 663 491 686 antea
511 658 609 685 tradidi
624 678 632 690 .
655 665 687 685 ac
703 658 811 685 videtur
826 658 893 685 mihi
909 657 981 685 haud

195 706 321 733 absimile
338 713 402 732 vero
418 712 489 732 esse.
501 703 568 732 Nam
588 704 640 731 hoc
660 704 772 731 imitans
791 710 870 731 sacer
889 703 982 731 Eccle-

196 752 244 782 βίω
258 756 356 779 nostrae
368 756 473 782 matus.
491 751 576 779 semel
595 758 643 785 per
660 755 745 778 totum
757 750 822 777 anni
838 749 981 782 ambitum,

196 806 259 828 cum
276 797 439 826 abstinentia
452 796 626 825 severissima
640 800 694 822 tam
709 795 833 823 ciborum
846 802 929 830 quam
943 802 984 821 re-

195 852 257 876 rum
272 844 388 878 jejunat,
403 842 543 877 pristinam
559 841 677 877 paradisi
690 841 816 876 patriam,
831 846 858 868 et
871 840 982 868 deside~

197 890 309 917 rabilent
327 889 400 916 illius
424 889 525 916 victum
541 887 676 915 desiderio
702 887 822 915 maximo
842 891 981 923 expetens.

196 936 331 964 Nimirum
359 935 480 963 vicissim
511 935 617 962 cunctis
646 934 727 969 primi
753 935 875 969 parentia
895 934 984 962 nostri

197 981 296 1010 debitis
315 980 441 1008 Christus
458 987 487 1007 se
513 979 640 1013 subjecit.
667 978 736 1006 Cum
762 979 807 1007 ille
829 979 903 1006 dicto
929 987 983 1006 non

197 1028 278 1056 fuerit
290 1026 423 1059 audiens,
439 1025 560 1061 vicissim
578 1025 622 1054 hic
642 1025 745 1052 obediit
763 1032 850 1060 usque
867 1024 901 1052 ad
918 1031 983 1052 cru-

198 1082 256 1102 cem
273 1079 300 1101 et
322 1077 447 1100 mortem.
464 1071 511 1099 ille
535 1075 655 1099 tentatus
672 1079 720 1106 per
741 1070 841 1104 Evam,
865 1078 927 1099 cum
938 1070 983 1098 illa

195 1122 254 1156 jam
270 1128 284 1147 a
301 1123 434 1147 tentatore
448 1123 575 1153 superata
589 1122 672 1150 esset,
691 1117 810 1153 gustavit
823 1117 857 1144 de
868 1116 960 1144 vetitis
976 1125 983 1144 :

200 1167 243 1194 hic
258 1169 378 1193 tentatus
391 1165 496 1200 jejunat
506 1185 514 1198 ,
528 1172 710 1199 compensans
720 1163 901 1199 quadraginta
917 1171 984 1191 exa-

199 1218 257 1240 ctos
274 1213 301 1239 in
318 1211 445 1247 paradiso
462 1211 520 1238 dies
537 1218 551 1237 a
576 1210 666 1245 primo
677 1214 790 1245 parente
805 1213 900 1237 nostro
911 1207 986 1236 Ada-

200 1266 262 1291 mo,
284 1263 311 1285 et
333 1265 382 1293 pro
395 1257 501 1284 deliciis
517 1256 551 1284 ad
565 1256 685 1291 inopiam
710 1262 761 1283 nos
780 1254 913 1282 excitans.
938 1254 986 1282 llle

198 1305 267 1332 deus
278 1305 336 1332 ﬁeri
349 1304 455 1336 volens,
476 1303 626 1330 frustratus
642 1310 690 1336 spe
701 1309 751 1329 sua
763 1322 770 1334 ,
784 1301 866 1329 etiam
883 1301 909 1328 id
923 1308 984 1328 mu-

202 1357 273 1379 tatus
291 1351 383 1379 amisit
397 1350 471 1386 quod
485 1351 562 1387 prius
575 1354 633 1377 erat
645 1369 652 1382 ,
669 1356 701 1376 ex
723 1348 869 1375 immortali
883 1352 987 1375 morta-

201 1398 236 1426 lis
249 1398 348 1430 lactus,
366 1401 393 1424 et
404 1404 437 1424 ex
450 1397 529 1424 beato
543 1396 708 1423 damnatus:
725 1394 770 1421 hic
785 1401 834 1429 pro
851 1394 898 1421 illo
914 1401 989 1420 mor-

201 1445 264 1473 talis
277 1445 323 1476 lit.
338 1451 452 1471 manens
468 1443 556 1475 Deus,
583 1442 686 1478 ratione
702 1446 806 1469 naturae
829 1449 882 1468 non
902 1445 988 1467 muta-

200 1495 254 1524 tus,
270 1499 360 1526 neque
375 1491 463 1518 factus
487 1489 557 1516 alius
575 1488 680 1516 ratione
702 1487 862 1515 divinitatis.
888 1486 935 1513 Ille
953 1493 987 1513 ex

201 1538 327 1574 paradiso
339 1538 366 1564 in
379 1534 451 1566 hunc
463 1542 649 1563 aerumnosum
661 1534 881 1568 laboriosuman
894 1533 984 1560 locum

199 1585 331 1620 expulsus
345 1589 401 1612 est:
419 1584 464 1611 hic
479 1583 539 1617 ejus
565 1589 648 1609 causa
672 1581 706 1609 de
731 1580 809 1608 cmlls
828 1579 986 1612 adveniens,

202 1631 276 1658 illius
287 1630 403 1658 assumit
418 1630 512 1661 vitam.
527 1635 576 1662 pro
591 1628 652 1655 luce
665 1627 804 1654 inaccessa
816 1625 987 1653 tenebrosam

203 1678 274 1705 hanc
288 1681 315 1703 et
332 1676 478 1703 obscuram
499 1674 657 1710 speluncam
677 1672 820 1700 habitans:
836 1672 896 1699 vice
910 1670 989 1698 intel-

205 1723 332 1750 lectilium
346 1727 373 1749 et
387 1722 493 1748 ratione
508 1720 684 1755 prmditorum
700 1718 873 1749 animalium.
888 1716 991 1744 anima-

204 1770 277 1797 libus
303 1769 410 1798 ratione
435 1767 593 1796 carentibus
612 1765 816 1793 circumdatus:
837 1764 898 1792 loco
915 1767 993 1799 pote—

205 1822 306 1845 statum
323 1805 446 1842 omnium
462 1822 477 1842 a
497 1813 597 1849 quibus
609 1811 778 1847 gestabatur,
798 1810 824 1837 in
839 1809 911 1837 ulnis
927 1817 990 1836 san-

203 1868 255 1891 ctae
269 1862 379 1897 quidem
405 1860 529 1888 mulieris
543 1864 570 1886 et
592 1858 672 1893 cujus
691 1858 791 1884 intacta
808 1861 992 1892 perpetuaque

205 1907 348 1943 virginitas
357 1910 441 1937 esset,
451 1904 604 1932 communis
615 1908 707 1931 tamen
721 1903 863 1931 nobiscum
878 1907 990 1935 naturae,

206 1957 349 1989 portatus:
366 1959 415 1987 pro
430 1950 561 1986 angelicis
577 1949 687 1985 hymnis
701 1953 728 1976 et
746 1948 860 1976 canticis
870 1968 877 1980 ,
893 1947 992 1983 petitus

205 1998 354 2026 calumniis
368 2017 376 2029 ,
403 1997 482 2032 quasi
499 1996 663 2024 daemonium
687 1994 812 2026 haberet,
835 1998 863 2021 et
877 2001 923 2028 per
936 1993 992 2020 da:-

208 2045 362 2072 moniorum
377 2042 526 2078 principem
540 2041 672 2068 dcemonia
686 2040 806 2075 ejiceret,
822 2044 849 2066 et
863 2039 993 2074 populum

207 2091 367 2120 seduceret;
385 2088 552 2123 caateroquin
570 2094 586 2114 a
614 2087 706 2122 pueris
729 2085 904 2113 Hebraeorum
924 2085 994 2113 cele-

207 2137 315 2168 bratus,
329 2133 523 2162 clamantibus:
539 2132 695 2160 Benedictus
708 2133 754 2167 qui
772 2132 839 2159 venit
851 2132 878 2158 in
891 2132 994 2158 nomine

209 2181 316 2209 Domini
329 2181 362 2207 ἰ.
381 2180 433 2207 Pro
444 2179 505 2207 loco
520 2179 643 2214 virginis,
665 2178 794 2205 nimirum
811 2177 883 2210 Evte,
899 2184 994 2212 perpe-

209 2233 285 2256 tuam
298 2227 431 2262 virginem
451 2230 575 2253 sanctam
595 2231 710 2252 matrem
734 2231 812 2252 suam
828 2223 971 2251 suscitavit
987 2233 993 2250 :

210 2281 261 2309 pro
274 2273 347 2300 illius
362 2280 454 2307 pmna,
467 2271 531 2299 huic
545 2271 660 2298 salutem
676 2278 723 2305 per
735 2270 873 2304 proprium
886 2276 996 2297 servum

209 2319 368 2347 Gabrielum
380 2318 466 2351 misit,
482 2318 509 2344 in
526 2317 577 2344 hac
591 2324 692 2344 sanans
706 2323 767 2351 qua:
778 2316 823 2343 illa
834 2316 993 2351 deliquerat.

211 2365 264 2392 Pro
280 2365 355 2400 ligno
372 2362 599 2398 transgressionis
617 2361 720 2397 lignum
745 2360 954 2388 resurrectionis
969 2359 996 2387 in

211 2409 301 2437 medio
312 2414 401 2441 terra,
424 2408 569 2435 salutarem
589 2414 699 2434 crucem
718 2414 794 2434 suam
815 2406 882 2433 ﬁxit.
897 2405 998 2439 Quem-

210 2455 360 2485 admodum
385 2455 475 2490 inquit
490 2454 535 2481 ille
549 2453 703 2481 carminum
723 2453 878 2480 divinorum
903 2456 998 2479 auctor

212 2502 345 2530 Davides:
362 2500 432 2528 Deut
446 2505 533 2527 noster
548 2500 593 2534 qui
617 2505 654 2525 est
678 2504 739 2526 ante
751 2497 849 2525 amula
862 2517 869 2529 ,
886 2497 998 2524 salutem

212 2553 336 2584 operatus
352 2553 389 2575 est
400 2548 428 2574 in
443 2546 528 2574 medio
542 2551 619 2573 terrae
633 2547 664 2573 ¹¹.
682 2545 735 2572 Pro
754 2552 808 2571 non
826 2544 872 2571 illo
888 2544 998 2579 quidem

214 2594 375 2622 naturaliter
385 2614 393 2626 .
409 2593 456 2621 sed
471 2600 519 2627 per
532 2592 778 2627 transgressionem
805 2590 912 2617 letifero
926 2589 997 2622 cibo,

214 2647 341 2669 naturam
357 2648 435 2668 suam
449 2639 568 2667 divinam
587 2642 689 2666 nostrae
706 2638 804 2664 uniens
815 2657 822 2669 ,
842 2637 918 2664 cibus
932 2636 1001 2663 vivi-

216 2688 284 2715 ﬂcus
301 2687 390 2714 medio
419 2686 447 2713 in
471 2693 534 2713 aere
556 2685 678 2720 pendens
702 2683 829 2711 omnibus
845 2683 1002 2718 propositus

214 2738 276 2764 est,
292 2737 320 2760 et
335 2733 370 2760 ab
388 2732 517 2759 omnibus
543 2731 690 2766 percipitur
702 2750 709 2761 .
736 2731 794 2765 ipse
823 2729 1001 2756 nihilominus

718 138 747 166 S.
763 137 915 166 CESARII
935 137 1098 166 GRbGORII
1120 139 1270 168 FRATRIS

1745 140 1816 168 1619

1028 198 1042 224 ό
1055 199 1159 235 Σωτήρ.
1182 200 1272 227 Ἄλλοι
1285 200 1313 228 δὲ
1328 200 1451 234 λέγουσιν
1472 199 1502 231 ἐξ
1516 200 1593 235 μόνον
1606 200 1680 234 ῶρας
1691 208 1698 214 '
1713 199 1752 226 διὸ
1767 200 1816 226 καὶ

1029 244 1096 280 ῐκτῃ
1113 245 1172 281 ὥρα
1186 245 1345 281 ἐσταυρώθη
1358 247 1373 272 ό
1385 247 1489 281 Σωτήρ.
1506 246 1612 281 Ἐτεροι
1628 245 1656 272 δὲ
1680 246 1816 280 esas-api-

1031 298 1111 317 κοντα
1123 290 1246 325 λέγουσιν
1263 291 1368 328 ἡμέρας
1380 290 1581 326 ἐώιαιτηθέντα
1592 290 1633 325 τῷ
1645 290 1815 325 παραδείσῳ,

1031 335 1078 362 καὶ
1099 336 1302 372 ἐντρυφήσαντα
1314 357 1321 369 ,
1338 337 1486 372 ἐξωσθῆναι
1516 337 1550 371 τῇ
1575 335 1732 371 παραῆἀσει
1744 344 1752 351 ο
1770 335 1817 368 ἀς,

1032 382 1133 417 φησὶν,
1161 382 1328 417 ἁντεισάγων
1349 382 1364 408 ὁ
1390 382 1506 418 Χριστὸς
1527 382 1574 408 καὶ
1590 381 1745 415 ἀντισηκῶν
1766 381 1818 406 οὐκ

1030 428 1151 463 ἔφαγεν,
1173 427 1232 454 οὺδέ
1256 428 1348 458 ἔπιεν.
1377 428 1578 463 τεσσαράκοντα
1600 426 1705 461 ἡμέρας
1730 426 1759 451 ἐν
1783 427 1817 461 τῇ

1032 475 1127 511 ἐρήμῳ
1142 474 1195 502 ὑπὸ
1208 473 1255 501 τοῦ
1272 474 1394 501 διαϐόλου
1407 474 1601 509 πειραζόμενος
1613 473 1650 504 ὡς
1662 471 1817 507 ἄνθρωπος.

1335 563 1363 590 Ἀ
1368 563 1514 596 πόκρισις.

1068 610 1168 637 Τοῦτον
1189 610 1238 644 μὲν
1251 610 1300 644 τῆς
1324 608 1543 643 τεσσαρακοστῆς
1561 607 1606 633 τὴν
1624 607 1724 641 τρόπον
1739 605 1820 640 κάγὼ

1033 655 1083 691 ήδη
1098 655 1236 691 προὲφην·
1254 654 1300 680 καὶ
1324 654 1354 680 οὐ
1378 654 1451 680 δοκεί
1473 661 1518 688 μοι
1534 652 1648 683 ἀπεικὸς
1673 651 1817 686 ὑπάρχειν.

1033 701 1125 728 Ταῦτα
1147 701 1201 737 γὰρ
1224 700 1342 743 ἑπομένη
1359 700 1376 734 ἡ
1396 699 1455 725 θεία
1478 699 1528 734 τῆς
1552 697 1714 732 Ἐκκλησίας
1739 697 1819 732 ἡμῶν

1033 748 1177 783 ὁμήγυρις,
1201 742 1275 778 ἅπαξ
1296 745 1340 773 διὰ
1359 746 1450 780 πάσης
1465 743 1512 771 τοῦ
1534 743 1656 770 ἐνιαυτοῦ
1673 742 1723 777 τῆς
1740 751 1819 776 περι-

1032 794 1092 820 όδου
1108 794 1156 820 σὺν
1170 792 1336 828 σφοδροτάτῃ
1349 791 1438 826 ἀποχῇ
1456 789 1608 826 βρωμάτων
1622 788 1669 815 καὶ
1688 788 1821 823 πραγμα-

1035 849 1088 867 των
1099 838 1288 875 νηστεύει,τὴν
1296 837 1411 873 ἀρχαίαν
1421 836 1468 863 τοῦ
1480 835 1642 872 παραδείσου
1653 833 1822 868 ἐπιζητοῦσα

1037 886 1170 921 πατρίδα,
1196 885 1243 911 καὶ
1266 884 1316 919 τὴν
1339 883 1397 910 ἐκεῖ
1417 881 1591 918 ίμειρομὺνην
1608 880 1722 907 δίαιταν.
1746 878 1823 904 Ἀνθ-

1033 932 1121 966 υπέϐη
1138 931 1191 967 γὰρ
1206 931 1274 958 πᾶσι
1291 931 1347 961 τοῖς
1360 928 1407 956 τοῦ
1420 927 1590 964 προπάτορος
1601 927 1618 961 ἡ
1623 925 1681 961 μῶν
1696 925 1823 960 ὀφλήμα-

1034 987 1076 1004 σιν
1092 979 1106 1004 ό
1118 977 1246 1013 Χριστός.
1278 975 1397 1002 Ἐκείνου
1418 974 1474 1010 γὰρ
1494 971 1717 1008 παρακούσαντος
1729 991 1736 1003 ,
1757 969 1825 996 ἅνθ-

1034 1022 1163 1049 υπακούει
1178 1017 1256 1052 οὗτος
1272 1020 1352 1056 μέχρι
1372 1018 1488 1054 σταυροῦ
1503 1018 1549 1044 καὶ
1560 1017 1686 1043 θανάτου.
1705 1016 1825 1046 Ἐκεῖνος

1034 1068 1228 1104 πειραζόμενος
1240 1066 1284 1093 διὰ
1305 1066 1356 1102 τῆς
1371 1065 1443 1097 Εὕας
1461 1065 1510 1100 ήδη
1525 1063 1682 1100 ἡττημένης
1699 1061 1739 1097 τῷ
1760 1069 1825 1104 πει-

1035 1103 1162 1152 ράζοντι,
1187 1113 1242 1140 τῶν
1269 1113 1500 1148 ἀπηγορευμένων
1526 1109 1717 1144 ἀπεγεύσατο·
1744 1103 1827 1138 οὗτος

1035 1160 1241 1197 πειραζόμενος,
1257 1157 1381 1194 νηστεύει
1398 1155 1635 1192 ἀντιπρυτανεύων
1651 1154 1701 1185 τὰς
1724 1154 1754 1179 ἐν
1772 1160 1828 1178 πα-

1036 1207 1152 1244 ραδείσῳ
1165 1205 1368 1241 τεσσαράκοντα
1381 1203 1486 1239 ἡμέρας
1497 1202 1544 1228 τοῦ
1558 1200 1730 1237 προπάτορος
1745 1198 1829 1233 ἡμῶν

1042 1253 1144 1289 ’Λδὰμ,
1168 1251 1333 1287 ἀντεγείρων
1345 1251 1378 1286 τῇ
1401 1250 1489 1285 τρυφῇ
1505 1249 1554 1283 τὴν
1579 1247 1698 1273 ἔνδειαν·
1723 1245 1829 1275 ἐκεῖνος

1034 1300 1093 1334 θεὸς
1116 1299 1242 1335 γενέσθαι
1260 1297 1399 1334 βουληθεὶς
1417 1296 1446 1323 δέ
1459 1295 1514 1331 (88)
1526 1316 1533 1328 ,
1547 1295 1594 1321 καὶ
1608 1294 1676 1328 ὅπερ
1689 1290 1733 1327 ἢν,
1746 1290 1831 1326 ἐτρά-

1037 1356 1076 1383 πη
1090 1368 1097 1379 ,
1114 1347 1144 1379 ἐξ
1163 1345 1297 1373 ἀθανάτου
1315 1344 1411 1379 θνητὸς
1427 1342 1589 1378 γενόμενος,
1614 1340 1662 1366 καὶ
1685 1339 1718 1365 ὲκ
1735 1338 1831 1372 μάκα-

1039 1402 1084 1430 ρος
1099 1393 1276 1427 κατάκριτος·
1293 1389 1369 1422 οὗτος
1384 1389 1454 1425 ὑπὲρ
1470 1387 1573 1414 ἐκείνου
1595 1385 1689 1421 βροτὸς
1708 1384 1830 1419 γίνεται,

1040 1429 1128 1476 μένων
1147 1439 1227 1470 Θεὸς,
1243 1437 1280 1473 μὴ
1295 1437 1410 1472 τραπεὶς
1428 1435 1477 1470 τὴν
1502 1433 1583 1467 φύσιν
1596 1452 1604 1465 ,
1620 1432 1658 1467 μὴ
1671 1429 1833 1460 ἀλλοιωῧεὶς

1038 1475 1086 1522 τὴν
1103 1486 1226 1521 θεότητα.
1251 1483 1369 1514 Ἐκεῖνος
1384 1483 1416 1508 ἐκ
1428 1479 1591 1516 παραδείσου
1609 1479 1648 1510 είς
1660 1477 1691 1503 τὸ
1702 1475 1833 1511 ἐμπαθὲς

1040 1534 1086 1560 καὶ
1112 1532 1240 1559 ἐπίπονον
1263 1529 1343 1557 τοῦτο
1367 1527 1503 1562 ὲξοικίσθη
1530 1524 1643 1561 χωρίον·
1661 1521 1737 1554 οὗτος
1756 1523 1833 1557 ὑπὲρ

1040 1579 1145 1607 ἐκείνου
1158 1578 1187 1611 ἐξ
1197 1575 1319 1612 οὐρανῶν
1334 1573 1524 1609 ἐπιφοιτήσας,
1536 1571 1581 1598 τδν
1592 1569 1696 1597 ἐκείνου
1708 1568 1835 1603 ἀναλαμ-

1040 1625 1151 1651 ϐάνεται
1177 1622 1250 1658 βίον,
1271 1620 1331 1647 ἀντὶ
1360 1618 1448 1654 φωτὸς
1475 1617 1521 1644 τοῦ
1547 1616 1694 1652 ἀπροσίτου
1714 1615 1746 1641 τὺ
1765 1622 1835 1641 σκο-

1039 1671 1125 1698 τεινὸν
1138 1669 1186 1696 καὶ
1199 1666 1319 1703 ἀφεγγὲς
1337 1666 1434 1701 άντρον
1450 1664 1531 1692 οἰκῶν
1543 1672 1551 1679 ·
1569 1663 1631 1690 ἀντὶ
1651 1662 1704 1688 τῶν
1725 1661 1835 1696 νοερῶν

1040 1717 1087 1744 κα¹ι
1102 1715 1217 1750 λογικῶν
1233 1713 1319 1746 ζώων,
1334 1711 1413 1745 ζώοις
1428 1711 1535 1745 ἀλόγοις
1550 1709 1732 1744 κυκλούμενος
1744 1715 1751 1722 ”
1769 1707 1836 1734 ἀντὶ

1040 1762 1136 1791 πασῶν
1147 1759 1286 1797 φερουσῶν
1298 1758 1449 1793 δυνάμεων,
1462 1756 1596 1791 ἀγκάλαις
1608 1753 1735 1789 γυναικὸς
1747 1753 1834 1787 ἁγίας

1043 1810 1102 1846 μέν,
1118 1809 1251 1845 ἀχράντου
1267 1807 1314 1833 καὶ¹
1327 1804 1480 1836 ἀείπαιδος,
1506 1802 1557 1837 τῆς
1580 1801 1608 1829 δέ
1633 1800 1726 1835 κοινῆς
1750 1800 1835 1834 ἡμῶν

1042 1857 1166 1891 φύσεως,
1197 1853 1365 1889 φερόμενοςο
1393 1851 1454 1878 ἀντὶ
1482 1847 1635 1884 άγγελικῶν
1663 1846 1756 1882 ὓμνων
1787 1846 1837 1872 καὶ

1042 1902 1118 1938 ᾠδῶν
1129 1921 1136 1932 ,
1151 1899 1402 1936 συκοφαντούμενος
1424 1896 1561 1932 δαιμόνιον
1580 1893 1652 1929 ἔχειν
1665 1913 1673 1925 ,
1690 1894 1737 1918 καὶ
1751 1893 1782 1918 ἐν
1798 1891 1837 1926 τῷ

1042 1950 1153 1986 ἄρχοντι
1169 1947 1313 1983 δαιμονίων
1328 1944 1470 1972 ἐκϐάλλειν
1491 1943 1526 1970 τὰ
1541 1941 1667 1976 δαιμόνια
1679 1960 1687 1970 ,
1703 1939 1752 1965 καὶ
1765 1938 1838 1964 πλα-

1043 1984 1092 2033 νᾷν
1122 1994 1186 2025 τοὺς
1209 1992 1303 2028 δχλους
1319 1999 1326 2007 ·
1353 1990 1446 2017 παισὶν
1469 1987 1603 2023 Ἐϐραίων
1630 1984 1838 2020 ἀνυμνούμενος

1045 2031 1183 2077 βοώντων,
1210 2036 1420 2072 Εὐλογημένος
1436 2036 1452 2062 ό
1471 2033 1632 2068 ἐρχόμενος
1651 2032 1689 2077 ἐν
1711 2031 1839 2077 eminent

1043 2076 1165 2121 Κυρίου.
1181 2084 1254 2111 ’Λντὶ
1266 2082 1400 2118 παρθένου
1412 2081 1462 2116 τῆς
1470 2078 1541 2110 Εὔας
1552 2076 1680 2105 ἁείπαιδα
1690 2076 1741 2111 τὴν
1754 2076 1839 2109 ἁγίαν

1045 2132 1127 2160 αὑτοῦ
1154 2131 1259 2167 μητέρα
1273 2128 1434 2164 ἀντήγειρεν
1445 2135 1452 2142 ο
1467 2125 1529 2152 ἀντὶ
1551 2124 1597 2150 τοῦ
1622 2122 1732 2157 ἐκείνης
1749 2123 1840 2148 ἐπιτι-

1050 2179 1122 2214 μίου,
1133 2177 1218 2212 ταύτῃ
1230 2175 1270 2208 τὸ,
1280 2174 1378 2209 Χαῖρε,
1389 2172 1433 2199 διὰ
1443 2170 1490 2197 τοῦ
1501 2169 1601 2196 οἰκείου
1611 2167 1705 2195 δούλου
1716 2167 1841 2203 Γαϐριὴλ

1049 2223 1223 2253 ἀπέστειλεν,
1245 2223 1274 2248 ἐν
1288 2220 1374 2257 ταύτῃ
1391 2218 1426 2245 τά
1447 2217 1554 2252 ἐκείνης
1579 2214 1752 2250 ἀκούμενος·
1779 2214 1841 2240 ἀντὶ

1050 2271 1129 2305 ξύλου
1154 2268 1334 2304 παραῦάσεως
1344 2286 1351 2299 ,
1373 2265 1449 2297 ξύλον
1466 2261 1638 2293 ἀναστάσεως
1650 2262 1681 2287 ἐν
1699 2260 1776 2295 μέσῳ
1790 2260 1841 2294 τῆς

1051 2318 1121 2353 γῆς,
1136 2317 1180 2343 τὸν
1204 2315 1337 2349 σωτήριον
1362 2310 1458 2338 ἑαυτοῦ
1481 2308 1597 2344 σταυρὸν
1617 2306 1709 2342 ἔπηξε.
1741 2306 1841 2336 K1003;

1051 2351 1132 2398 φήσιν
1153 2361 1235 2388 Δαδὶδ
1246 2361 1260 2386 ὀ
1274 2358 1327 2386 τῶν
1340 2357 1419 2384 θείων
1437 2354 1573 2391 μελῳδάςι
1596 2353 1623 2380 ⁸0
1642 2353 1677 2379 δὲ
1693 2352 1754 2385 πρὸ
1773 2351 1842 2378 αἰώ-

1051 2418 1111 2437 νων
1124 2409 1196 2440 Θεὸς
1214 2406 1299 2442 ἡμῶν
1309 2404 1466 2440 εἰργάσατο
1476 2401 1626 2436 σωτηρίαν
1638 2400 1674 2426 ἐν
1687 2399 1774 2434 μέσῳ
1788 2398 1842 2431 τῆς

1051 2456 1124 2491 γῆς’
1138 2454 1198 2481 ἀντὶ
1208 2453 1257 2488 τῆς
1278 2452 1308 2478 οὐ
1323 2451 1402 2485 φύσει
1423 2448 1491 2476 ἀλλά
1505 2447 1631 2482 παρακοῇ
1649 2444 1841 2480 θανατηφόρου

1051 2489 1150 2535 ἐδῶδῆς
1161 2520 1168 2532 ,
1180 2499 1229 2534 τὴν
1242 2497 1338 2524 ἑαυτοῦ
1355 2495 1430 2522 Θείαν
1445 2493 1526 2529 φύσιν
1538 2494 1571 2527 τῇ
1585 2491 1708 2526 ἡμετέρᾳ
1725 2489 1842 2521 ἑνώσας,

1053 2546 1192 2581 ζωηφόρος
1205 2543 1288 2578 ἐδωδὴ
1304 2542 1445 2577 πρόκειται
1457 2540 1528 2567 κατὰ
1548 2539 1593 2565 τὸν
1617 2538 1686 2572 ἀέρα
1700 2537 1755 2564 into
1771 2537 1840 2563 πάνυ

1053 2601 1107 2619 των
1124 2590 1301 2626 μετεχόμενος
1314 2609 1320 2620 ,
1344 2588 1391 2614 καὶ
1419 2587 1505 2621 μένων
1527 2587 1542 2612 ὸ
1559 2584 1638 2615 αὐτὸς
1662 2583 1782 2618 ἄληκτος
1795 2602 1803 2614 ,
1829 2583 1842 2608 ὁ

1055 2638 1125 2673 ὑπὲρ
1138 2636 1192 2663 τῶν
1203 2634 1375 2670 κατακρίτων
1387 2631 1560 2667 κατακριθεὶς
1574 2629 1715 2662 ἑκουσίως,
1726 2628 1766 2660 ὡς
1777 2627 1841 2658 Θεὸς

1055 2683 1102 2709 καὶ
1118 2682 1211 2717 βροτὸς
1223 2681 1237 2706 ὁ
1250 2680 1340 2712 αὑτός.
1355 2679 1458 2714 Ὠσπερ
1479 2675 1525 2703 οὖν
1541 2676 1588 2703 καὶ
1604 2675 1685 2711 χολὴν
1697 2674 1840 2709 ἐψωμίσθη

1056 2729 1102 2755 καὶ
1126 2727 1180 2759 ὗξει
1208 2727 1316 2762 ἄρδεται
1331 2747 1338 2759 ,
1362 2725 1431 2760 ὑπὲρ
1447 2723 1495 2758 τῆς
1522 2722 1568 2749 τοῦ
1601 2721 1687 2756 Ἀδὰμ
1715 2721 1841 2756 βρώσεως

236 2792 258 2807 ’³
280 2789 433 2821 Matth.xxl,
459 2787 493 2821 9;
521 2787 604 2814 Marc.
634 2795 674 2820 ιι,
702 2787 753 2820 10;
778 2785 857 2813 Joan.
885 2794 911 2817 κ,
941 2786 983 2813 15.

1041 2789 1044 2803 ¹
1070 2786 1143 2814 Psal.
1159 2791 1254 2816 Lxml,
1270 2782 1313 2810 l2.

256 2849 311 2883 (88)
324 2848 402 2876 Deest
422 2848 522 2883 aliquid
552 2846 702 2876 forsandue
731 2846 893 2883 legendum:
960 2846 988 2880 βο

1044 2846 1116 2880 θεὶς,
1141 2842 1284 2880 ἀποτυχὼν
1299 2842 1327 2868 δὲ
1352 2841 1399 2876 τῆς
1416 2838 1539 2870 ἐλπίδος,
1561 2837 1614 2865 nisi
1639 2835 1719 2863 aliter
1750 2834 1839 2862 locum

221 2885 355 2918 resarcire
367 2883 443 2912 velis.
462 2882 540 2912 Emr.
