1907 3043
80 142 160 171 1013

80 199 253 237 θεανδρικῶς
267 202 411 234 ἀποτιννὺς
423 203 505 230 αὑτοῦ
518 203 551 231 τὰ
564 204 710 241 ὀφλήματα
719 214 725 220 ·
743 206 815 233 οὕτω
832 215 876 242 μοι

80 246 161 273 δοκεί
176 247 222 274 καὶ
242 248 292 279 τὰς
305 248 509 284 τεσσαράκοντα
528 250 598 285 ὑπὲρ
614 250 748 278 τοσούτων
765 253 876 287 ἀντιση-

84 292 201 320 κοῦσῡαι
219 294 326 329 ἡμέρας
340 302 347 309 '
359 294 415 328 ἐγὼ
427 295 455 321 δὲ
470 297 521 331 τῆς
534 296 646 323 ἐκείνων
657 297 750 329 ἑξάδος
764 299 812 325 καὶ
827 298 877 334 τῆς

82 337 159 373 ἐμῆς
175 340 392 375 τετταρακοστῆς
404 359 412 371 ,
431 341 476 367 τὸν
491 341 523 368 ἔκ
543 351 622 369 τινων
636 343 687 370 οὐκ
705 344 819 378 ἀσήμων
830 353 877 379 γε·

85 384 191 419 ρόντων
218 386 258 416 είς
280 386 355 421 ἡμᾶς
370 386 582 423 διαφοιτῆσαν-τα
604 389 668 424 περὶ
688 389 783 416 τούτου
800 389 878 424 λόγον

86 430 190 465 μᾶλλον
203 431 379 467 ἀποδέχομαι,
400 433 432 459 ἐκ
451 433 504 460 τῶν
523 433 570 460 τοῦ
596 435 699 470 ὑψηλοῦ
718 436 877 463 Ἀποστὸλου

85 477 220 512 ῥημάτων
235 477 437 514 βεὸαιούμενον,
449 479 494 506 τὸν
511 480 621 507 πλείονα
635 481 730 517 χρόνον
743 483 771 508 ὲν
789 490 878 517 παρα-

83 523 169 558 δείσῳ
195 525 339 561 μακαρίως
361 525 442 560 ζῆσαι
466 526 511 553 τὸν
533 527 693 563 προπάτορα
716 528 803 563 ἡμῶν.
831 528 878 555 Ἐκ

85 569 235 604 προσώπου
250 571 305 606 γὰρ
324 571 407 598 αὑτοῦ
425 573 440 599 ὁ
465 571 535 604 Θεῖος
558 572 716 605 Ἀπὸστολος
731 574 877 611 διαρρήδην

85 615 148 650 βοᾷ,
172 616 246 651 Ἐγὼ
259 617 294 643 δὲ
310 617 383 648 ἔζων
398 618 487 654 χωρίς
502 620 597 654 νόμου
616 620 698 648 ποτέ.
712 621 769 647 Οὐκ
781 621 835 656 ἄρα
849 621 877 648 δὲ

85 661 194 694 Παῦλος
210 664 369 700 προῦπῆρχε
381 664 428 691 τοῦ
444 665 536 701 νόμου,
549 666 563 692 ὁ
578 666 690 701 ἔσχατος
705 667 814 694 πάντων
824 667 878 694 τῶν

85 707 133 734 τοῦ
150 709 232 744 νόμου
245 710 390 745 φοιτητῶν,
401 712 455 738 οὐδ’
466 710 499 739 αὖ
514 712 594 739 πάλιν
605 713 690 748 χωρὶς
704 713 799 740 τούτου
812 713 877 740 ποτὲ

85 755 170 790 νόμου
185 752 246 791 ἦνῆ
263 756 381 791 ἐγένετο.
400 759 455 785 Καὶ
469 759 524 794 γὰρ
545 759 575 786 τὺ
591 759 755 794 Εὑαγγέλιον
774 759 877 795 κηρύτ-

84 807 140 825 των
155 800 205 831 τὰς
216 800 332 836 νομικὰς
349 803 501 838 μαρτυρίας
511 804 598 840 πάντη
613 804 806 840 παρατίθησιν,
820 804 877 831 ἀλλ’

85 845 118 872 ὲκ
134 846 282 882 προσώπου
295 847 341 874 τοῦ
364 849 448 884 Ἀδὰμ
461 849 662 886 ἀποδυρόμενος
676 851 789 882 εἰκότως
798 871 806 882 ,
825 859 877 887 φη-

86 892 144 923 σὶν,
169 891 243 927 Ἐγὼ
256 893 292 919 δὲ
304 893 375 923 ἐζὶυν
388 896 479 929 χωρὶς
493 896 588 930 νόμου
604 896 685 924 ποτέ.
704 897 876 932 Σαφέστερον

84 937 114 964 δὲ
127 939 249 974 παριστᾷ
262 940 295 966 ὲκ
310 940 456 976 προσώπου
467 941 512 968 τοῦ
525 942 611 978 Ἀδὰμ
621 942 707 970 ταῦτα
720 943 788 978 βοῶν
797 951 805 958 σ
818 943 875 969 λευ-

85 984 176 1010 καίνει
189 985 220 1011 τὸ
233 985 332 1021 νόημα,
346 987 396 1014 οὐκ
407 987 446 1014 ἐτι
461 988 542 1024 νόμον
557 988 614 1015 ἀλλ’
630 989 739 1024 ἐντολὴν
752 990 874 1025 φάσκων,

84 1029 268 1064 τὴν-δοθεῖσαν
280 1030 319 1066 τῷ
340 1031 424 1066 Ἀδὰμ
433 1032 553 1067 δηλονότι
565 1040 573 1049 ”
593 1034 760 1068 Ἐλθούσης
773 1034 807 1061 δὲ
821 1034 876 1069 τῆς

84 1073 215 1107 ἐντολῆς
226 1095 233 1107 ,
250 1075 351 1102 ὡσανεὶ
374 1075 497 1113 δοθείσης
508 1098 515 1108 ,
530 1079 549 1111 ἡ
571 1078 698 1113 ἁμαρτία
713 1078 874 1113 ἀνέζησεν·

84 1118 144 1154 ἐγὼ
154 1119 190 1146 δὲ
201 1120 364 1154 ἀπέθανον,
379 1123 456 1158 φησὶ,
470 1124 502 1159 τῇ
520 1124 564 1150 διὰ
582 1125 724 1160 παρακοῆς
740 1125 876 1152 ὲκπτὼσει

84 1166 135 1200 τῆς
149 1167 288 1202 μακαρίας
301 1168 387 1204 ζωῆς·
403 1169 441 1201 ὡς
463 1169 540 1205 δῆλον
561 1170 694 1206 ὑπάρχειν
705 1191 713 1202 ,
726 1171 764 1207 μὴ
778 1171 877 1199 αὐτίκα

85 1212 133 1238 τοῦ
149 1213 276 1246 γενέσθαι
296 1215 342 1242 τὸν
363 1215 447 1250 Ἀδὰμ
457 1236 465 1248 ,
485 1216 593 1252 δοθῆναι
608 1217 657 1253 τὴν
676 1217 796 1253 ἐντολὴν,
809 1218 876 1246 ἀλλὰ

87 1258 159 1292 μεῖὰ
173 1267 233 1285 τινα
247 1259 352 1294 χρόνον,
367 1261 494 1296 ἀόριστον
512 1262 550 1290 δέ.

801 146 975 176 DIALOGUS.
994 147 1039 176 ΙΙΙ.

1641 148 1719 175 ιοιιμ

929 210 1047 234 aeternus
1064 212 1188 233 manens.
1204 204 1261 233 Pro
1279 205 1582 233 damnatisdamnatus.
1599 210 1641 233 est
1664 212 1722 233 sua.

928 255 1041 286 sponte.
1055 255 1184 286 tanquam
1200 251 1272 278 Deus
1293 255 1321 278 et
1335 251 1406 278 idem
1421 251 1513 278 homo.
1530 250 1713 284 Quemadmo-

927 297 991 325 dum
1019 298 1100 333 igitur
1121 298 1183 325 felle
1208 303 1302 333 pastus
1331 302 1418 325 aceto
1437 298 1558 332 rigatur,
1581 297 1642 332 ejus
1658 297 1713 324 cibi

927 349 1009 370 causa
1033 342 1114 378 qnein
1144 342 1265 370 Adamn:
1290 347 1468 378 sumpserat,
1487 343 1553 370 dum
1579 342 1663 370 homo
1684 343 1715 369 in

927 388 1017 416 divina
1033 393 1129 416 natura
1143 389 1216 417 illius
1227 389 1317 416 debila
1328 389 1472 424 dependit:
1487 389 1524 416 ita
1538 388 1604 416 mihi
1617 389 1712 416 viden-

928 439 972 462 tur
989 440 1016 462 et
1029 435 1057 462 hi
1072 436 1252 471 quadraginta
1270 435 1330 463 dies
1351 443 1401 470 pro
1419 435 1529 462 totidem
1546 435 1643 462 diebus
1666 443 1720 461 re-.

928 480 1018 516 pendi.
1035 480 1087 508 Sed
1103 485 1192 508 tamen
1220 489 1270 517 pro
1295 481 1403 508 illorum
1426 489 1540 508 numero
1551 482 1659 509 senario
1685 485 1720 508 et:

928 534 989 553 meo
1003 526 1229 562 quadragenario.
1243 527 1390 562 proiectam
1405 527 1439 553 ad
1453 534 1503 553 nos
1520 535 1535 553 a
1548 527 1720 560 quibusdam.

928 573 998 600 haud
1012 572 1138 600 obscuris
1151 573 1263 601 senibus
1273 573 1308 601 de
1325 573 1377 601 hoc
1391 573 1538 604 rationem,
1551 573 1630 608 cujus
1651 573 1713 599 fun-

928 620 1085 646 damentum
1100 619 1193 646 eximii
1213 619 1335 654 Apostoli
1351 619 1442 647 verbis
1457 619 1553 646 nititur
1565 639 1572 652 ,
1591 619 1717 653 recipere

929 664 1019 698 malo;
1036 665 1110 700 quod
1129 664 1258 692 nimirum
1286 664 1410 700 longiore
1426 664 1557 700 temporis
1580 664 1669 699 spatio
1685 664 1712 690 in

928 711 1055 744 paradiso
1070 711 1149 738 beate
1163 711 1269 745 primus
1288 710 1333 738 ille
1357 718 1456 745 parens
1485 714 1577 737 nOster
1602 710 1710 737 vixerit.

927 757 995 786 Nam
1014 758 1041 785 in
1057 758 1119 794 ejus
1133 765 1251 793 persona
1272 758 1353 785 divus
1366 757 1515 793 Apostolus
1535 762 1627 792 aperte
1654 757 1712 784 cla-

929 810 985 833 mat
1004 815 1011 833 ε
1034 806 1089 841 Ego
1104 814 1163 833 vero
1182 806 1302 833 vivebam
1324 804 1493 839 absque-lege
1518 803 1663 838 aliquando
1677 803 1711 830 ".

929 852 986 879 Non
999 852 1051 879 fuit
1065 852 1160 886 utique
1168 851 1272 879 Paulus
1286 854 1350 878 ante
1361 850 1457 885 legem,
1467 849 1514 885 qui
1527 849 1578 876 fuit
1589 849 1713 876 omnium

928 897 1125 933 discipulorum
1152 897 1218 932 legis
1249 900 1414 932 postremus.
1446 895 1537 930 Neque
1567 895 1629 922 item
1665 894 1714 921 ali-

926 944 1036 978 quando
1051 944 1156 979 absque
1173 943 1223 971 hac
1241 948 1299 970 erat
1318 947 1367 970 aut
1382 941 1442 969 fuit.
1456 941 1524 968 Nam
1539 946 1566 968 et
1591 940 1714 975 Evange-

925 990 992 1017 lium
1008 990 1160 1025 praedicans
1174 989 1272 1024 legalia
1287 989 1444 1017 testimonia
1459 988 1562 1023 uhique
1580 987 1690 1015 adducit
1704 995 1711 1014 :

930 1036 1058 1063 nimirum
1088 1035 1115 1062 in
1139 1035 1236 1062 Adami
1261 1043 1379 1070 persona
1408 1035 1505 1063 merito
1524 1034 1711 1069 conqueritur,

927 1083 1037 1109 dicens:
1059 1081 1119 1117 Ego
1143 1089 1202 1108 vero
1226 1081 1339 1108 vivebam
1367 1082 1463 1116 absque
1482 1080 1539 1116 lege
1559 1080 1712 1116 aliquando.

929 1126 1100 1154 Manifestius
1134 1132 1224 1154 autem
1257 1125 1378 1154 declarat
1402 1126 1460 1154 haec
1487 1127 1514 1153 in
1543 1133 1657 1160 persona
1685 1133 1715 1152 se

930 1172 1026 1200 Adami
1042 1171 1182 1207 proferre,
1196 1179 1259 1199 cum
1272 1172 1306 1199 ad
1323 1171 1514 1199 illustrandum
1541 1171 1639 1197 horum
1655 1177 1715 1197 ver-

929 1218 1025 1246 borum
1044 1218 1208 1246 intellectum
1221 1237 1229 1250 ,
1255 1225 1309 1245 non
1331 1217 1448 1253 amplius
1472 1217 1535 1245 inde
1552 1217 1654 1252 legem,
1667 1216 1715 1243 sed

929 1268 1091 1299 pneceptnm
1108 1269 1188 1292 vocat
1208 1263 1282 1299 quod
1309 1264 1416 1291 Adamo
1438 1263 1532 1291 datum
1559 1267 1637 1295 erat,
1657 1262 1717 1290 haec

87 1312 184 1340 nempe
196 1306 345 1341 subjiciens
361 1317 368 1335 :
388 1308 510 1336 Veniente
520 1318 580 1337 vero
593 1311 718 1338 mandato
730 1310 820 1346 (quasi
833 1311 915 1344 dicat,
935 1311 1021 1347 dato),
1036 1316 1171 1346 peccatum
1181 1311 1276 1339 revixit
1288 1319 1298 1344 ;
1315 1318 1361 1346 ego
1377 1315 1465 1339 autem
1480 1315 1600 1337 mortuus
1611 1318 1670 1337 sum
1680 1310 1714 1341 ’⁸,
1749 1309 1762 1320 ’

85 1352 213 1380 videlicet
229 1361 276 1388 per
286 1355 498 1383 inobedientiam
513 1357 665 1385 excidenda
680 1358 758 1386 beata
771 1358 836 1386 vita.
850 1358 888 1386 De
904 1367 958 1394 quo
969 1359 1025 1394 jam
1042 1359 1218 1394 perspicuum
1231 1364 1282 1392 est,
1304 1366 1358 1386 non
1380 1366 1444 1385 mox
1459 1362 1540 1393 alque
1555 1358 1642 1385 factus
1658 1361 1717 1384 erat

86 1400 220 1430 Adamus.
240 1408 404 1437 praeceptum
420 1404 514 1431 datum
528 1405 624 1438 fuisse,
641 1406 687 1433 sed
703 1410 765 1440 post
775 1405 885 1441 aliquod
901 1411 1018 1441 tempus,
1033 1407 1106 1441 quod
1117 1411 1209 1434 tamen
1221 1406 1333 1434 minime
1344 1405 1485 1433 deﬁnitum
1502 1406 1644 1432 habemus.

121 1449 357 1490 Qt‘wfequnntur,
370 1453 496 1490 usquead
506 1453 694 1488 interrogantis
707 1462 824 1488 personae
836 1454 924 1486 verba,
938 1463 988 1481 non
998 1454 1109 1481 Cmsarii
1122 1454 1245 1486 canem!
1253 1454 1373 1490 Gregorii
1382 1452 1506 1490 Nyssem'.
1519 1453 1634 1490 amiciet
1648 1460 1717 1479 εστι·-

87 1487 159 1526 lauet:
175 1487 250 1526 aias:
268 1487 367 1526 inserta
383 1488 444 1526 hair:
454 1487 522 1526 libro
535 1497 582 1526 per
593 1487 718 1526 aliquem,
734 1490 778 1523 qui
796 1497 851 1526 saw
864 1491 997 1517 memoria:
1009 1490 1143 1518 consulere
1155 1490 1279 1526 vellet,“
1291 1487 1343 1516 uno
1355 1487 1417 1526 ioco
1431 1489 1716 1526 duoruntm'iptorum

87 1521 275 1562 expiitaliones
287 1522 392 1562 liabere.
404 1521 626 1562 Deprehendi‘mus
634 1521 791 1562 :consintilia
802 1525 1036 1562 deincepsquoque
1047 1533 1192 1562 occurrere,
1205 1524 1248 1562 ubi
1262 1525 1373 1562 nostrai:
1384 1524 1461 1556 locis,
1470 1525 1640 1562 gnw‘ittserla
1651 1523 1715 1562 sint,

88 1557 275 1596 indicabimus.
290 1556 356 1584 Sunt
378 1556 466 1586 autem
481 1559 536 1586 [nec
555 1560 685 1594 descripta
705 1568 719 1587 e
738 1560 806 1587 libro
819 1556 946 1595 Nyss'eni,
961 1556 1006 1596 qui
1020 1566 1058 1588 est
1070 1560 1108 1588 De
1123 1560 1242 1588 hominis
1258 1559 1377 1595 opiﬁcio,
1391 1567 1449 1594 cap.
1467 1556 1509 1592 Π),
1525 1558 1569 1590 20,
1586 1558 1630 1585 sed
1648 1558 1716 1584 mul-

88 1599 145 1620 tum
158 1593 273 1619 variant.

129 1638 163 1667 Ἦ
176 1637 282 1664 δοθεῖσα
304 1638 397 1674 ἐντολὴ
419 1639 449 1665 ὲν
463 1639 621 1674 παραδείσῳ
643 1639 682 1675 τῷ
699 1640 785 1676 Ἀδὰμ
801 1640 876 1677 παρὰ

89 1684 135 1710 τοῦ
148 1684 226 1715 Θεοῦ,
240 1685 305 1720 περὶ
318 1684 368 1719 τῆς
380 1685 411 1711 ἐκ
422 1685 470 1711 τοῦ
484 1685 583 1715 παντὸς
595 1685 673 1717 ξύλου
690 1686 877 1722 μεταλήψεως,

89 1731 137 1756 καὶ
154 1731 204 1766 τῆς
214 1731 319 1770 ἀποχῆς
331 1730 378 1758 τοῦ
393 1731 471 1764 ξύλου
483 1731 530 1758 τοῦ
544 1732 768 1768 ἀπηγορευμένον
779 1741 787 1748 ’
802 1732 879 1760 τοῦτό

88 1778 149 1804 ἐστι
174 1777 204 1803 τὺ
230 1777 306 1810 ξύλον
324 1777 354 1804 τὺ
381 1778 576 1813 περιληπτικὸν
598 1779 699 1811 παντὸς
714 1778 836 1813 ἀγαθοῦ,
858 1776 880 1813 ᾧ

88 1822 176 1859 ὄνομά
191 1823 247 1848 ἐστι
263 1822 293 1848 τὸ
306 1823 370 1850 πᾶν,
387 1823 457 1850 Λὺτό
483 1824 541 1850 ἐστι
566 1823 596 1850 τὸ
616 1823 699 1854 δντως
717 1822 747 1849 ὃν
767 1823 878 1857 ἀγαθὸν,

90 1867 155 1903 περὶ
180 1864 210 1894 οὗ
226 1867 307 1895 Δαεὶδ
330 1867 403 1902 λέγει
413 1888 421 1900 ,
438 1869 675 1903 Κατατρύφησον
691 1868 744 1895 τοῦ
757 1869 879 1907 Κυρίου·

91 1913 217 1949 Σολομὼν
235 1913 263 1940 δὲ
279 1913 327 1949 τὴν
335 1913 447 1948 Σοφίαν,
460 1915 521 1950 ἥτις
536 1915 609 1941 ἐστὶν
627 1915 641 1941 ὁ
654 1914 766 1951 Κύριος,
785 1915 880 1947 ξύλον

91 1959 167 1994 ζωῆς
185 1959 335 1994 ὀνομάζων.
359 1960 463 1987 Οὐκοῦν
480 1960 577 1987 ταύτόν
597 1961 671 1987 ἐστιν
689 1961 719 1987 τὺ
739 1960 789 1995 τῆς
807 1960 881 1995 ζωῆς

91 2003 170 2034 ξύλον
181 2003 220 2038 τῷ
233 2003 294 2031 πᾶν
311 2003 415 2037 ξύλον,
428 2000 459 2030 οὗ
475 2004 523 2040 τὴν
539 2004 640 2040 βρῶσιν
656 2005 670 2031 ὁ
689 2005 754 2036 Θεὸς
767 1998 881 2040 πρατρέ-

92 2058 183 2076 πεται.
208 2050 380 2086 ’Λντιδιαιρεῖ
392 2051 421 2077 δὲ
435 2050 520 2086 τούτῳ
543 2051 573 2077 τὸ
595 2051 687 2086 ἕτερον
702 2050 778 2083 ξύλον
790 2071 798 2083 ,
817 2048 847 2078 οὗ
863 2052 880 2087 ἡ

93 2096 195 2136 βρῶσις
208 2096 259 2122 οὐκ
280 2097 433 2129 ἰδιαζόντως
452 2097 535 2124 καλοῦ
559 2097 576 2133 ἢ
599 2097 706 2130 κακοῦ,
724 2097 792 2125 ἀλλὰ
813 2097 882 2133 σύμ-

93 2151 190 2177 μικτος
203 2152 209 2158 ·
229 2143 263 2178 ἢν
275 2143 374 2170 κωλύει
393 2144 441 2178 μὲν
454 2144 575 2182 ἀρχηγρς
590 2145 639 2181 τῆς
652 2143 724 2179 ζωῆς
735 2163 743 2177 ,
762 2144 881 2179 συμὸου-

91 2189 164 2215 λεύει.
178 2189 208 2215 δὲ
228 2190 241 2214 ὁ
268 2189 346 2224 ὄφις,
369 2190 411 2216 ἵνα
437 2190 475 2225 τῷ
502 2191 608 2226 θανάτῳ
625 2191 816 2227 κατασκευάσῃ
833 2190 882 2226 τὴν

91 2235 204 2265 εἰσοδον.
220 2235 411 2271 Συμμέμικται
426 2236 454 2262 δὲ
468 2236 512 2267 διὰ
528 2236 581 2262 τῶν
600 2236 727 2263 ἐναντίων
745 2238 760 2263 ὁ
777 2236 883 2271 καρπὸς

90 2281 139 2308 τοῦ
163 2281 396 2316 ἁπιῃνορευμένουΔ
407 2280 486 2314 ξύλου
505 2274 575 2308 κατὰ
594 2280 689 2307 τοῦτον
711 2281 757 2308 τὸν
783 2280 861 2314 λόγον
873 2287 880 2295 ⁸

91 2329 134 2354 ὁτι
147 2327 179 2354 οὺ
196 2327 299 2362 γυμνὸν
321 2327 464 2363 πρόκειται
487 2328 517 2354 τὸ
542 2328 628 2355 κακὸν
651 2328 722 2355 κατὰ
745 2328 794 2364 τὴν
812 2328 880 2355 ἰδίαν

93 2374 175 2409 φύσιν
196 2374 373 2409 φαινόμενον·
428 2374 482 2410 γὰρ
497 2375 637 2410 ἄπρακτος
661 2374 693 2401 ἂν
711 2372 745 2410 ἦν
764 2375 780 2410 ἡ
796 2374 881 2401 κακία

94 2420 191 2455 μηδενὶ
210 2421 388 2456 κεχρωσμένη
403 2420 478 2456 καλῷ
500 2420 538 2456 τῷ
554 2420 728 2456 ὲφελκομένῳ
748 2418 795 2445 τὸν
813 2420 881 2446 ἀπα-

91 2465 214 2500 τώμενον
233 2466 301 2500 πρὸς
323 2466 468 2502 ἐπιθυμίαν
492 2467 585 2493 αὑτοῦ.
604 2466 661 2493 Νῦν
677 2466 706 2492 δὲ
730 2465 881 2500 σύμμικτος

92 2514 168 2539 ἐστιν
182 2513 211 2539 ἐν
224 2513 264 2548 τῷ
281 2512 357 2548 βάθει
368 2513 413 2539 τὸν
438 2513 628 2548 κεκρυμμένον
644 2512 752 2547 ὀλεθρον
771 2510 880 2546 ἔχουσα,

93 2561 122 2586 ὲν
135 2560 164 2586 δὲ
176 2560 210 2594 τῇ
228 2559 299 2586 κατὰ
317 2559 348 2586 τὸ
363 2559 524 2594 φαινόμενον
537 2558 629 2594 ἀπάτῃ
642 2557 725 2584 καλοῦ
740 2565 801 2583 τινα
813 2565 883 2591 φαν-

93 2605 190 2636 τασίαν
203 2604 449 2640 παραδεικνύουσα.
464 2603 540 2630 οὕτω
555 2603 589 2629 τὰ
604 2602 791 2638 ἁμαρτήματα
806 2602 884 2635 ἐγκε-

95 2651 257 2686 κρυμμένην
273 2650 370 2686 ἔχοντα
384 2650 434 2685 τὴν
446 2649 603 2685 διαφθορὰν,
616 2649 711 2685 αἱρετὰ
721 2649 777 2679 τοῖς
788 2648 882 2674 ἀνεπι-

96 2697 224 2728 σκέπτοις
255 2696 380 2731 γίνεται,
405 2697 461 2723 ἀντ’
488 2695 590 2730 ἀγαθοῦ
624 2695 818 2727 σπουδάζουσιν
852 2694 882 2727 ἐξ

95 2744 203 2779 ἀπάτης
215 2764 223 2776 ,
238 2743 286 2770 καλ
300 2743 346 2770 ἐπὶ
360 2740 390 2769 ἐὺ
403 2742 483 2770 καλὸν
500 2743 524 2769 οι
548 2741 640 2768 πολλοὶ
659 2742 687 2768 ὲν
708 2740 747 2776 τῷ
772 2741 821 2773 τὰς
839 2742 881 2767 αἰ-

98 2790 207 2826 σθήσεις
231 2789 412 2826 εὐφραίνοντα
429 2791 579 2829 ’κρίνουσιν
594 2787 703 2823 καὶτῆς
723 2787 880 2822 ὁμωνύμου,

966 1642 1051 1669 Porro
1069 1641 1164 1669 datum
1190 1640 1257 1668 illud
1273 1640 1379 1668 Adamo
1403 1644 1567 1675 praeceptum
1590 1640 1616 1666 in
1635 1647 1716 1674 para-

928 1688 989 1715 diso
999 1687 1140 1721 divinitus,
1159 1686 1301 1722 spectabat
1316 1685 1474 1713 l‘ruitionem
1488 1685 1578 1713 omnis
1599 1685 1674 1720 ligni,
1690 1690 1717 1712 et

929 1733 1121 1762 abstinentiam
1137 1741 1153 1760 a
1170 1733 1243 1768 ligno
1255 1731 1350 1761 vetito.
1366 1731 1424 1760 Hoc
1444 1731 1510 1759 illud
1533 1736 1575 1759 est
1600 1732 1715 1766 lignum,

930 1780 1004 1815 quod
1018 1779 1208 1814 complectitur
1226 1785 1309 1806 omne
1324 1778 1424 1806 bonum
1437 1799 1445 1811 ,
1470 1778 1514 1805 cui
1541 1785 1639 1804 nomen
1664 1783 1720 1808 est,

929 1832 1020 1852 omne.
1037 1824 1095 1853 Hoc
1109 1825 1238 1852 nimirum
1260 1824 1327 1852 illud
1345 1831 1407 1852 vere
1421 1815 1522 1851 bonum
1537 1827 1596 1855 est,
1613 1823 1646 1850 de
1662 1831 1717 1858 quo

929 1870 1044 1899 Dasides
1073 1870 1182 1905 inquit:
1200 1869 1338 1897 Obleclare
1364 1870 1391 1896 in
1404 1869 1515 1896 Domino
1531 1869 1564 1896 ”.
1589 1868 1622 1895 Et
1638 1868 1718 1895 Solo-

929 1923 994 1943 mon
1005 1936 1013 1948 ,
1030 1915 1199 1950 Sapientiam
1212 1936 1220 1948 ,
1235 1923 1297 1950 quat
1311 1919 1354 1942 est
1367 1915 1500 1942 Dominus
1511 1934 1518 1947 ,
1535 1914 1635 1949 lignum
1657 1916 1723 1942 vita:

930 1962 1052 1990 nominat
1061 1962 1094 1989 “.
1114 1961 1229 1989 Proinde
1245 1961 1316 1988 idem
1330 1966 1373 1989 est
1388 1968 1450 1988 cum
1471 1961 1545 1995 ligno
1563 1960 1624 1987 vitae
1639 1960 1716 1991 illud;

932 2005 1015 2034 Omne
1028 2006 1127 2041 lignum
1140 2005 1174 2037 "’,
1191 2005 1223 2032 ad
1237 2005 1316 2041 cujus
1332 2005 1491 2034 fruitionem
1506 2004 1578 2032 Deus
1590 2004 1718 2032 exhorta-

930 2058 986 2081 tur.
996 2052 1035 2079 Ex
1050 2052 1175 2088 opposito
1184 2059 1249 2079 vero
1260 2052 1391 2080 discernit
1401 2051 1439 2078 ab
1449 2051 1501 2078 hoc
1515 2051 1586 2078 aliud
1603 2052 1717 2086 lignum,

931 2098 1009 2132 cujus
1036 2097 1129 2126 fruitio
1155 2105 1208 2124 non
1225 2103 1267 2125 est
1293 2098 1403 2132 proprie
1422 2097 1486 2124 boni
1513 2097 1554 2124 vel
1579 2097 1655 2129 mali,
1670 2097 1721 2124 sed
1748 2126 1752 2132 4

931 2145 1094 2172 commista:
1118 2151 1201 2179 quam
1218 2144 1344 2178 prohibet
1362 2143 1472 2178 quidem
1496 2144 1622 2178 princeps
1646 2144 1717 2176 vitae,

932 2190 1028 2218 suadet
1041 2197 1106 2218 vero
1120 2197 1234 2225 serpens
1256 2193 1286 2217 ut
1305 2189 1385 2216 morti
1399 2190 1502 2217 aditum
1522 2195 1607 2224 paret.
1622 2189 1718 2217 Mistus

932 2241 974 2264 est
993 2241 1084 2264 autem
1101 2243 1149 2271 per
1166 2235 1304 2263 contraria
1329 2236 1436 2263 fruetus
1465 2235 1529 2270 ligni
1559 2236 1650 2266 vetiti,
1667 2235 1719 2262 hac

931 2283 1050 2314 ratione,
1067 2282 1139 2317 quod
1160 2290 1213 2309 non
1232 2283 1304 2309 unde
1327 2281 1407 2310 nobis
1421 2281 1593 2317 propositum}
1603 2287 1644 2308 est
1659 2289 1718 2308 ma-

933 2328 990 2356 lum
1007 2327 1156 2355 secundum
1172 2327 1309 2362 propriam
1336 2331 1460 2354 naturam
1484 2333 1635 2361 apparens;
1657 2333 1717 2352 nam

934 2375 1012 2402 irrita
1025 2374 1095 2402 foret
1113 2374 1235 2406 malitia,
1254 2373 1328 2400 nullo
1343 2373 1461 2400 colorata
1479 2372 1564 2404 bono,
1579 2371 1651 2405 quod
1667 2371 1719 2397 hoe

935 2421 1035 2448 minem
1051 2420 1192 2454 deceptum
1207 2419 1241 2446 ad
1255 2418 1503 2452 concupiscentiam
1515 2417 1557 2444 sui
1570 2417 1716 2451 pelliceret.

934 2466 1013 2494 Nunc
1027 2467 1117 2493 autem
1132 2466 1213 2493 mista
1229 2470 1285 2497 est,
1300 2465 1327 2492 in
1340 2464 1425 2491 fundo
1446 2463 1549 2490 habens
1576 2462 1720 2490 abscondi-

934 2517 988 2539 tam
1008 2511 1154 2546 perniciem
1167 2532 1174 2544 ,
1191 2511 1218 2537 in
1235 2514 1382 2545 apparente
1409 2516 1473 2536 vero
1494 2512 1571 2543 parte
1599 2507 1719 2542 speciem

932 2557 1080 2592 quamdam
1094 2556 1159 2583 boni
1175 2560 1326 2584 ostentans.
1341 2555 1380 2582 lta
1392 2559 1503 2590 peccata
1521 2553 1657 2581 occultum
1682 2553 1720 2579 in-

933 2603 1045 2630 teritum
1073 2603 1143 2629 intra
1157 2609 1187 2628 se
1208 2601 1350 2633 habentia,
1371 2600 1488 2628 incautis
1514 2604 1623 2634 accepta
1639 2599 1717 2631 liunt,

935 2648 1057 2676 studiose
1072 2651 1201 2682 usurpata
1218 2654 1266 2682 pro
1278 2647 1348 2674 bono
1360 2654 1393 2674 ex
1409 2646 1587 2680 deceptione:
1611 2650 1638 2672 et
1649 2645 1720 2672 inter

935 2694 1007 2721 bona
1028 2693 1103 2720 multi
1120 2701 1180 2728 qua:
1203 2699 1300 2719 sensus
1314 2692 1483 2724 exhilarant,
1501 2692 1635 2719 referunt:
1657 2698 1720 2725 pro-

935 2745 995 2775 pter
1006 2741 1226 2768 communionem
1239 2738 1366 2770 nominis.
1384 2743 1440 2765 tum
1454 2738 1514 2773 ejus
1525 2738 1596 2773 quod
1612 2745 1641 2764 re
1658 2744 1721 2763 vera

936 2787 1037 2814 bonum
1053 2790 1109 2818 est,
1127 2791 1182 2813 tum
1207 2784 1279 2820 quod
1306 2785 1408 2812 honum
1431 2791 1491 2811 esse
1516 2789 1636 2819 putatur.
1651 2782 1717 2816 Qua.

131 2862 154 2878 ¹¹
174 2860 253 2888 llam.
275 2867 326 2891 vn,
344 2859 370 2886 9.
407 2858 430 2874 “
450 2857 514 2884 ibid.
532 2859 559 2890 9,
582 2857 623 2884 l0.
663 2857 685 2873 "
705 2856 776 2887 Psal.
805 2864 879 2884 uxr

931 2855 951 2884 ι.
991 2856 1013 2872 ²⁶
1033 2854 1114 2883 Prov.
1137 2862 1176 2888 ιιι,
1203 2854 1244 2881 18.
1285 2854 1306 2870 ’⁷
1326 2853 1393 2881 Gen.
1417 2861 1445 2887 ιι,
1466 2852 1510 2880 16.
