1907 3043
205 126 274 155 1015

206 190 315 221 propter
327 190 382 213 tam
399 185 432 213 ad
450 186 550 213 malum
563 194 645 222 quam
662 187 695 215 ad
718 187 820 215 bonum
840 188 912 216 facta
925 197 993 216 con-

205 232 384 266 cupiscentiis.
411 231 474 258 boni
501 237 528 259 et
554 233 617 259 mall
640 233 760 267 cognitio
784 235 926 261 nominata
940 240 991 262 est.

207 276 299 311 Neque
310 277 434 304 absolute
450 277 550 304 malum
563 278 673 309 dicitur,
689 286 721 305 eo
743 279 815 314 quod
831 280 903 307 born)
917 288 995 307 orna-

207 327 264 349 tum
278 323 322 354 sit,
341 329 429 358 neque
445 330 512 357 pure
525 323 638 356 bonum,
647 331 679 351 eo
692 325 765 359 quod
778 325 877 352 subtus
891 327 993 353 malum

207 369 242 395 sit
256 368 458 396 absconditum.
473 368 540 396 Nam
556 370 630 404 quod
649 377 711 397 vere
730 370 832 398 bonum
855 375 914 404 cst,
928 371 993 398 sim-

207 414 266 448 plex
282 419 341 446 est;
361 414 462 441 malum
476 420 578 448 autem,
593 416 699 442 varium
711 436 718 448 ,
740 416 805 444 dum
823 417 896 444 aliud
912 422 994 452 atque

206 459 278 485 aliud
294 464 420 493 putatur,
436 464 463 486 et
478 467 524 494 per
538 461 732 494 experientiam
752 461 825 489 aliud
840 463 992 497 deprehen-

206 504 289 531 ditur.
306 504 452 540 Propterea
476 506 596 532 ostendit
619 513 732 541 serpens
754 515 868 542 pravum
889 508 992 543 peccati

205 551 324 577 fructum
339 570 348 583 ,
366 558 420 578 non
443 556 597 579 monstrato
613 552 756 581 manifeste
780 554 870 587 malo,
890 555 961 582 sicut
976 563 991 581 a

207 603 303 625 natura
327 598 454 626 habebat.
481 600 558 627 Alias
580 601 653 628 enim
679 602 761 630 homo
786 603 904 630 evidenti
921 603 992 631 malo

205 645 338 677 deceptus
358 652 411 672 non
438 645 544 673 fuisset.
571 645 664 681 Itaque
689 655 750 674 cum
778 656 825 683 per
846 649 990 683 quamdam

207 690 325 725 speciem
343 690 369 717 id
388 691 461 725 quod
490 692 648 726 apparebat,
665 693 806 727 splendide
822 698 991 728 exornasset,

206 735 277 770 apud
294 744 375 770 quam
393 736 472 763 fidem
489 739 586 764 mereri
604 743 697 773 posset
717 739 825 766 mulieri
840 747 869 767 se
882 740 992 774 conspi-

207 781 332 808 ciendum
354 782 464 816 praebet.
485 782 519 809 L‘t
543 783 628 815 vidit,
653 784 742 819 inquit
762 785 871 818 Moses,
899 787 992 812 mulier

205 828 274 862 quod
300 828 395 854 bonum
422 834 488 856 esset
504 830 604 863 lignum
625 831 652 856 in
679 831 767 857 cibum
782 831 815 858 ³⁸.
835 831 902 859 Cum
928 839 991 858 vero

207 875 383 902 manducatio
401 875 444 902 illa
457 877 554 903 mortis
568 875 605 904 sit
625 881 712 903 mater
734 876 803 903 facta
817 897 825 908 .
841 878 881 904 sic
892 881 933 904 est
946 885 992 904 co-

206 923 291 956 gnitio
308 922 372 948 boni
384 927 411 949 et
428 923 491 949 mali
507 922 611 957 lignum
626 923 691 949 illud
709 923 882 950 nominatum
896 943 903 955 .
919 923 991 958 quod

207 976 256 1003 per
274 968 372 995 malam
388 968 557 996 leliferorum
581 969 807 1003 compositionem
833 969 992 1004 anunctum

207 1014 260 1041 mel
276 1014 388 1046 habuit,
405 1015 469 1049 quia
495 1019 632 1049 quatenus
643 1014 755 1049 quidem
769 1014 889 1041 suaviter
913 1014 995 1042 allicit

207 1067 328 1091 sensum,
337 1059 438 1087 bonum
446 1068 507 1087 esse
514 1061 620 1087 videtur
627 1068 635 1093 ;
642 1064 809 1095 atquatenus
818 1059 906 1094 perdit
913 1060 994 1087 attin-

207 1111 314 1141 gentesn
327 1113 358 1133 ac
369 1105 514 1137 fruentem,
524 1113 637 1140 prorsus
645 1111 812 1140 postremum
825 1106 854 1132 ΙΙΙ.
866 1105 979 1133 malum.

400 1149 598 1177 INTERROGA
604 1149 660 1178 TlO
686 1149 805 1177 CXXIII.

240 1198 396 1231 Peccatum.
406 1200 589 1227 inohedientia
601 1199 746 1234 omnisque
757 1199 893 1226 vitiositas
906 1200 994 1226 nemi-

206 1250 298 1273 natur.
313 1245 383 1272 Ante
399 1245 533 1272 Adamum
555 1250 646 1272 autem
667 1245 760 1273 nullus
774 1244 916 1271 hominum
931 1252 994 1279 pec-

206 1291 291 1322 cavit;
310 1298 398 1325 neque
414 1291 487 1318 enim
513 1295 582 1318 erat.
604 1290 627 1316 Λ
651 1297 770 1325 quonam
790 1290 872 1325 igitur
898 1297 995 1324 perpo-

207 1341 308 1363 tl'atum
334 1338 409 1371 prius
423 1357 431 1369 ,
448 1342 505 1363 erat
534 1341 687 1369 mortuum,
711 1341 737 1363 et
764 1336 858 1363 reuixit
880 1337 994 1363 ueniente

208 1383 333 1409 mandato
351 1382 392 1409 "‘2
406 1390 469 1410 nam
485 1383 601 1410 duorum
619 1382 729 1411 illorum
746 1382 931 1411 necessarium
943 1382 995 1410 erit

207 1434 338 1464 scqualur
355 1429 491 1461 alterum;
509 1433 556 1457 aut
574 1433 694 1458 statuere
709 1434 735 1456 te
752 1428 854 1463 peccati
866 1432 994 1455 naturam

207 1474 353 1514 quamdam
375 1482 454 1506 esse;
477 1479 525 1501 aut
541 1480 727 1510 perpetratum
745 1475 841 1510 ipsum
858 1473 943 1502 fuisse
961 1474 996 1501 ab

206 1520 299 1556 aliquo
311 1525 374 1548 ante
390 1521 535 1549 Adamum.

514 1563 668 1598 Responsio.

242 1604 334 1640 Apage
347 1612 409 1632 cum
424 1604 543 1632 dictione
564 1610 669 1632 natura:
684 1605 830 1632 malorum.
851 1605 994 1634 Peccatum

206 1651 274 1678 mihi
304 1652 411 1679 videtur
429 1659 491 1679 esse
515 1652 605 1679 omnis
628 1653 761 1679 adversus
777 1651 904 1680 virtutem
925 1651 994 1678 resi-

207 1698 296 1726 stendi
310 1704 425 1726 conatus
450 1703 476 1724 et
491 1698 679 1732 repugnantia.
702 1697 730 1726 Id
743 1702 834 1726 autem
859 1698 921 1725 dico
938 1697 996 1724 dia-

207 1743 299 1771 bolum
314 1751 384 1777 esse,
399 1751 454 1770 non
475 1748 582 1774 natura,
600 1743 646 1770 sed
659 1743 801 1770 voluntate
817 1742 850 1770 ad
875 1743 995 1771 deterius

206 1797 380 1817 conversum.
402 1789 469 1816 Nam
496 1789 530 1816 ab
555 1796 588 1816 eo
616 1789 689 1824 quod
716 1789 900 1816 calumniatur
923 1789 994 1823 apud

207 1835 293 1863 Deum
326 1835 483 1871 angelorum
516 1835 614 1862 choros
630 1854 637 1866 ,
675 1834 848 1863 convenienti
884 1835 995 1864 nomine

207 1886 323 1910 vocatus
353 1887 396 1909 est
422 1882 568 1914 diabolus,
593 1888 656 1908 cum
676 1881 752 1915 prius
777 1885 851 1909 esset
882 1880 995 1915 angelus

207 1930 344 1964 princeps.
362 1928 401 1956 Ex
420 1928 638 1955 ultramundanis
654 1932 744 1955 autem
762 1926 830 1955 locis
843 1926 996 1961 praecipita-

208 1980 253 2003 tus
263 1996 270 2006 .
289 1983 318 2002 re
335 1975 393 2009 ipsa
402 1974 448 2002 Dei
464 1974 516 2001 fuit
530 1974 672 2006 inimicus,
686 1973 807 2000 nondum
821 1972 910 2000 adhuc
924 1972 995 2000 facto

207 2022 260 2050 hoc
270 2021 428 2056 aspectabili
440 2021 552 2053 mundo,
561 2027 680 2055 cumque
688 2019 808 2048 nondum
820 2024 892 2053 esset
901 2020 994 2052 homo,

207 2067 254 2102 qui
274 2072 366 2102 postea
382 2067 416 2094 ab
439 2067 499 2102 ipso
515 2067 646 2094 seductus
660 2071 713 2094 est.
729 2065 877 2100 Postquam
903 2070 994 2093 autem

208 2115 291 2142 homo
311 2114 438 2141 conditus
455 2117 514 2146 est,
533 2120 598 2139 mox
619 2113 701 2139 Deum
717 2112 790 2146 apud
804 2111 937 2139 Adamum
950 2119 995 2138 ca-

207 2161 339 2189 lumniari
364 2160 464 2194 cmpit,
485 2159 593 2186 invidiae
620 2158 724 2185 crimen
744 2158 796 2193 ipsi
823 2157 993 2192 impingens;

207 2209 366 2242 Adamoque
380 2207 494 2240 relicto,
510 2206 628 2241 primum
652 2210 782 2239 tanquam
803 2204 991 2235 infirmiorem,

208 2255 292 2283 Evam
311 2254 467 2289 aggreditur
479 2275 486 2286 ,
502 2258 529 2280 et
554 2252 661 2287 inquit:
678 2251 749 2284 Quid
769 2255 808 2278 est
832 2249 901 2285 quod
926 2249 994 2276 dixit

207 2300 295 2328 Deus:
317 2298 358 2325 Ne
370 2298 535 2325 comederitis
547 2297 578 2324 de
589 2297 659 2323 omni
675 2296 745 2331 ligno
756 2295 876 2329 paradisi
889 2295 931 2321 '°?
950 2294 995 2322 Si-

207 2346 328 2373 mulatas
347 2344 426 2373 affert
452 2343 618 2378 quaestiones
642 2342 688 2369 ille
706 2341 818 2377 pestifer
833 2362 840 2373 ,
860 2346 889 2368 ιιι
913 2348 946 2368 ex
964 2347 996 2368 ea

207 2393 336 2424 disceret,
353 2391 443 2426 qualis
465 2397 496 2418 ea
510 2389 580 2417 foret
600 2389 692 2421 arbor,
709 2388 789 2422 cujus
804 2387 894 2414 cibum
908 2386 997 2421 prohi-

208 2438 315 2466 buisset
328 2436 472 2464 Dominus.
493 2434 587 2469 Neque
602 2434 675 2462 enim
692 2433 809 2466 sciebat,
829 2433 863 2461 de
874 2440 993 2468 quanam

209 2485 350 2517 arborum,
368 2491 401 2510 ac
416 2482 495 2518 cujus
511 2481 598 2517 gratia
623 2485 786 2515 praeceptum
801 2479 894 2506 datum
911 2482 994 2506 esset.

209 2531 258 2558 Illa
275 2537 341 2558 vero
352 2527 555 2564 simplicissima
565 2547 573 2559 .
589 2530 616 2554 et
629 2525 745 2553 antehac
765 2531 863 2552 natura
885 2524 997 2552 minime

208 2577 252 2605 vel
265 2577 360 2603 vitiata
378 2574 421 2602 vel
452 2573 603 2602 adulterata
617 2591 625 2604 ,
642 2571 773 2606 quidnam
800 2570 846 2597 ille
862 2573 997 2604 Spectaret

209 2623 350 2659 ignorans.
366 2620 472 2648 letalem
494 2619 546 2648 sibi
561 2619 667 2654 plagam
685 2616 786 2649 infert;
801 2615 890 2651 inquit
904 2615 996 2642 enim:

209 2668 249 2696 De
268 2667 353 2694 omnis
367 2666 472 2701 quidem
488 2664 553 2700 ligni
576 2665 605 2690 in
623 2662 750 2698 paradiso
767 2662 856 2697 fructu
881 2660 997 2688 comedi-

211 2723 280 2748 mus,
296 2715 328 2741 de
343 2713 415 2748 ligno
432 2717 521 2739 autem
533 2711 563 2738 in
577 2711 662 2738 medio
682 2708 801 2744 paradisi
813 2717 864 2736 non
881 2707 997 2738 comedi-

210 2769 269 2788 mus
285 2760 319 2787 ³¹.
333 2759 403 2787 Tum
427 2759 472 2787 ille
487 2757 572 2786 Deum
586 2756 727 2788 incusans.
746 2756 801 2783 ait:
818 2754 899 2782 Nouit
915 2754 996 2786 Deus,

210 2808 281 2842 quod
301 2814 455 2842 quocunque
476 2805 519 2832 die
545 2812 578 2833 ea:
593 2812 623 2832 ea
645 2803 830 2835 comederitis.
851 2802 1002 2838 aperientur

738 128 767 156 S.
788 129 940 157 CESARII
955 130 1119 159 GREGURII
1141 131 1291 159 FRATRIS

1765 133 1836 160 1016

1044 190 1090 217 τοῦ
1103 199 1132 217 τε
1148 191 1224 222 εντος
1239 191 1286 218 καὶ
1298 190 1345 219 τοῦ
1364 190 1505 222 δοκοῦντος
1525 189 1618 217 καλοῦ.
1633 190 1736 218 τούτου
1749 193 1834 227 χάριν

1045 237 1062 271 ἠ
1078 236 1144 271 πρὸς
1154 236 1184 262 τὸ
1194 235 1278 262 κακὸν
1289 235 1327 267 ὡς
1340 235 1407 270 πρὸς
1425 235 1455 261 τὸ
1474 234 1574 268 ἀγαθὸν
1592 235 1722 270 γινομένη
1739 235 1837 262 ἐπιθυ-

1046 280 1106 315 μία,
1122 280 1204 306 καλοῦ
1219 281 1265 307 καὶ
1281 279 1365 307 κακοῦ
1387 280 1488 314 γνῶσις
1504 279 1649 314 ὠνομάσθη
1659 300 1667 311 ,
1686 279 1750 306 οὒτε
1766 281 1837 307 ἁπο-

1044 324 1131 356 λύτως
1145 325 1239 356 κακὸν,
1256 325 1322 351 διότι
1338 324 1527 360 περιήνθισται
1543 324 1581 360 τῷ
1598 324 1684 359 καλῷ,
1700 325 1764 351 οὔτε
1787 334 1838 352 κα-

1044 370 1136 406 θαρῶς
1150 371 1261 405 ἀγαθον,
1274 371 1340 397 διότι
1356 370 1560 406 ὑποκέκρυπται
1573 371 1603 397 τδ
1621 371 1717 399 κακόν.
1728 371 1767 397 Τὸ
1780 372 1836 407 γὰρ

1043 417 1128 448 ὅντως
1144 417 1244 451 ἀγαθὸν
1254 439 1261 450 ,
1283 417 1384 444 ἁπλοῦν
1401 418 1458 444 ἐστι
1468 437 1476 449 ,
1491 417 1521 444 τὸ
1536 417 1563 444 δὲ
1580 417 1678 449 κακὸν,
1697 418 1835 450 ποικίλον,

1044 462 1108 488 ἄλλο
1122 462 1297 498 νομιζόμενον
1308 483 1316 495 ,
1338 463 1384 489 καὶ
1400 463 1493 498 ἕτερον
1510 462 1554 489 διὰ
1579 463 1628 498 τῆς
1653 463 1753 498 πείρας
1773 465 1836 490 im.

1044 508 1216 543 φαινόμενον.
1232 509 1282 535 Διὰ
1298 509 1377 535 τοῦτο
1392 509 1579 544 προδείκνυσιν
1600 509 1614 535 ὀ
1636 509 1698 543 δφις
1718 509 1766 535 τὸν
1790 518 1836 536 πο-

1043 554 1124 589 νηρὸν
1134 555 1183 589 τῆς
1202 554 1338 589 ἁμαρτίας
1355 554 1470 590 καρπὸν,
1488 555 1538 589 οὐχ
1551 555 1590 586 ὠς
1606 552 1662 589 εἶχε
1680 555 1791 589 φύσεως
1804 555 1836 581 τὸ

1043 600 1127 626 κακὸν
1143 601 1175 626 ὲκ
1190 600 1235 627 τοῦ
1251 600 1405 635 προφανοῦς
1418 600 1558 633 ὑποδείξας
1568 608 1576 614 ·
1597 601 1627 626 οὐ
1641 601 1696 636 γὰρ
1715 601 1748 627 ἂν
1762 602 1836 635 ἡπα-

1043 646 1110 682 τήθη
1125 646 1140 673 ό
1150 645 1291 681 ἄνθρωπος
1305 646 1344 681 τῷ
1361 647 1485 682 προδήλῳ
1502 647 1590 681 κακῷ.
1607 647 1687 673 Ἀλλὰ
1703 647 1747 675 διά
1761 656 1837 679 τινος

1042 693 1117 728 ὥρας
1140 693 1170 720 τὸ
1189 693 1349 728 φαινόμενον
1368 693 1517 726 ἀγλαΐσας,
1545 692 1656 724 πιθανὸς
1685 693 1772 728 ἐφάνη
1799 695 1833 728 τῇ

1043 737 1162 773 γυναικί.
1172 738 1301 771 Καιεῖὸε,
1324 739 1416 774 φησιν,
1432 739 1451 773 τὶ
1467 738 1544 773 γυνὴ
1562 739 1606 765 ὅτι
1619 739 1716 766 καλὸν
1731 739 1766 766 τὸ
1779 739 1833 770 εὐ-

1042 785 1099 810 λον
1116 784 1159 816 εἰς
1170 783 1298 817 βρῶσιν.
1314 783 1347 810 Ει
1362 783 1390 810 δὲ
1407 782 1507 818 βρῶσις
1523 783 1613 818 ἐκείνη
1625 804 1633 816 ,
1649 783 1768 810 θανάτου
1785 785 1833 818 μή·

1045 837 1098 864 τηρ
1111 829 1218 863 ἐγένετο
1228 837 1234 843 ·
1248 829 1318 855 οὕτω
1334 829 1453 863 γνωστὸν
1469 829 1551 856 καλοῦ
1574 830 1621 855 καὶ
1643 829 1732 856 κα.κοῦ
1745 830 1777 855 τὸ
1793 829 1833 862 ξύ.

1045 874 1090 901 λον
1107 875 1252 911 ὠνομάσθη
1265 876 1353 902 ἐκεῖνο
1364 897 1371 908 ,
1394 875 1425 901 τὸ
1440 876 1508 902 κατὰ
1524 876 1573 910 τὴν
1589 876 1644 902 τῶν
1657 876 1831 911 δηλητηρίων

1045 921 1144 956 κάκην,
1169 922 1218 956 τὴν
1235 921 1456 957 παραρτηθεῐσαν
1478 922 1517 957 τῷ
1532 922 1635 957 μέλιτι·
1657 922 1672 948 ὃ
1695 922 1766 949 καθὸ
1784 922 1831 957 μὲν

1044 967 1182 1001 γλυκαίνει
1193 968 1242 1002 τὴν
1261 968 1387 1002 αἴσθησιν
1412 968 1494 995 καλὸν
1510 967 1579 996 εἶναι
1608 968 1699 1000 δοκεῖ,
1717 969 1786 995 καθὸ
1804 969 1832 996 δὲ

1045 1012 1150 1049 φθείρει
1166 1014 1211 1040 τὸν
1228 1013 1436 1049 προσαψάμενον
1450 1034 1458 1046 ,
1479 1014 1565 1042 κακὸν
1590 1015 1692 1047 παντὸς
1718 1015 1831 1050 ἱσχατιιν

1044 1059 1158 1093 γίνεται.

1320 1163 1445 1189 ΠΕΥΣΙΣ
1469 1163 1554 1190 PKF’.

1085 1208 1219 1244 Ἀμαρτία
1234 1209 1250 1244 ἡ
1269 1209 1393 1244 παρακοὴ
1411 1209 1458 1235 καὶ
1473 1210 1546 1235 πᾶσα
1561 1208 1644 1235 κακία
1657 1208 1830 1244 ὀνομάζεται,

1044 1254 1097 1290 πρὸ
1110 1254 1138 1280 δὲ
1164 1254 1211 1281 τοῦ
1231 1254 1316 1289 Ἀδὰμ
1332 1254 1419 1286 οὐδεὶς
1441 1254 1590 1290 ἀνθρώπων
1607 1256 1751 1290 ἥμαρτεν·
1771 1255 1831 1282 οὗτε

1045 1304 1099 1338 γὰρ
1109 1301 1153 1338 ἦν.
1172 1301 1240 1328 ’Υπδ
1251 1301 1323 1333 τίνος
1335 1298 1381 1327 οὖν
1395 1294 1546 1336 πραχθεῖσα
1561 1300 1724 1335 προϋπῆρχε
1738 1300 1831 1335 νεκρὰ.

1045 1349 1094 1376 καὶ
1105 1347 1249 1382 ἀνέζησεν
1260 1347 1411 1381 ἐλθούσης
1424 1345 1479 1380 τῆς
1492 1345 1639 1380 ἐντολῆς;
1653 1345 1709 1372 τῶν
1721 1346 1769 1372 δύο
1779 1345 1830 1381 γὰρ

1045 1395 1076 1421 τὸ
1089 1395 1193 1430 ἕτερον,
1208 1394 1225 1429 ἢ
1239 1393 1320 1428 φύσιν
1339 1393 1514 1420 ὑποτίθεσθαι
1534 1392 1671 1428 ἁμαρτιας
1687 1392 1831 1427 ὑπάρχειν,

1046 1440 1063 1477 ἢ
1081 1440 1249 1476 πραχθεῖσαν
1261 1439 1346 1474 αὐτὴν
1361 1439 1413 1466 ὑπό
1426 1447 1498 1470 τινος
1511 1438 1562 1474 πρὸ
1573 1437 1621 1472 τρῦ
1639 1438 1737 1473 Ἀδάμ.

1349 1558 1533 1592 Ἀπόκρισις.

1084 1605 1190 1639 Ἄπαγε
1204 1604 1285 1639 φύσιν
1299 1603 1388 1638 λέγειν
1403 1604 1457 1630 τῶν
1472 1603 1565 1631 κακῶν
1579 1611 1586 1618 ·
1600 1603 1724 1639 ἁμαρτία
1746 1604 1775 1630 δέ
1789 1611 1832 1638 μοι

1044 1650 1118 1678 δοκεῖ
1132 1652 1206 1677 πᾶσα
1224 1650 1270 1676 τοῦ
1288 1650 1439 1686 κρείττονος
1452 1650 1608 1682 ἀντίστασις
1622 1650 1669 1676 καὶ
1684 1649 1834 1685 ἀντιπαρά-

1045 1696 1131 1728 ταξις.
1149 1696 1257 1731 Ταύτην
1283 1696 1311 1722 δέ
1329 1703 1400 1730 φημι
1420 1695 1553 1730 ὑπάρχειν
1572 1695 1616 1721 τὸν
1642 1693 1783 1727 διάὁολον,
1803 1694 1832 1720 οὐ

1046 1743 1136 1778 φύσει,
1157 1743 1224 1769 ἀλλὰ
1252 1743 1412 1778 προαιρέσει
1438 1743 1485 1769 ἐπὶ
1513 1743 1543 1769 τὸ
1565 1743 1656 1778 χεῖρον
1684 1742 1832 1778 τραπέντα.

1051 1790 1099 1817 Ἐκ
1121 1790 1175 1825 γὰρ
1195 1789 1241 1816 τοῦ
1260 1789 1412 1816 διαϐάλλειν
1431 1788 1490 1824 Θεῷ
1513 1789 1563 1820 τὰς
1584 1788 1638 1815 τῶν
1653 1788 1777 1822 ἀγγέλων
1791 1796 1834 1822 χο-

1045 1836 1121 1871 ρείας
1133 1855 1140 1868 ,
1156 1835 1324 1871 φερωνύμως
1334 1835 1436 1871 ἐκλήθη
1453 1835 1574 1867 διάϐολος
1584 1855 1591 1867 ,
1619 1835 1751 1870 ὑπάρχων
1773 1835 1835 1870 ἀρχ-

1045 1883 1169 1917 άγγελος.
1192 1882 1251 1909 Τῶν
1263 1882 1292 1909 δὲ
1306 1882 1499 1918 ὺπερκοσμίων
1511 1882 1695 1918 καταρραγεὶς
1705 1902 1712 1914 ,
1729 1881 1833 1916 ὑπῆρχε

1045 1930 1078 1964 τῇ
1093 1928 1191 1964 πράξει
1203 1928 1316 1964 ἐχθρὸς,
1336 1929 1418 1963 μήπω
1430 1928 1576 1963 γενομένου
1591 1927 1639 1954 τοῦ
1656 1927 1757 1963 ὁρατοῦ
1776 1927 1834 1954 τού-

1044 1983 1092 2001 του
1119 1975 1232 2010 κόσμου,
1253 1974 1319 2010 μηδὲ
1334 1974 1502 2009 ὑπάρχοντος
1518 1974 1566 2001 τοῦ
1587 1974 1652 2009 παρ’
1676 1974 1760 2000 αὐτοῦ
1785 1974 1836 2000 ῦπ-

1046 2021 1173 2057 αχθέντος
1187 2021 1342 2056 ἀνθρώπου.
1359 2021 1507 2057 Γενομένου
1518 2020 1546 2047 δὲ
1561 2019 1638 2052 αὖθις
1649 2021 1787 2048 διαϐάλλει
1797 2019 1834 2054 τῷ

1053 2065 1138 2100 Ἀδὰμ
1149 2066 1194 2092 τὸν
1208 2066 1274 2092 Θεὸν
1288 2086 1295 2098 ,
1318 2065 1468 2101 βασκανίας
1491 2065 1564 2100 αὺτῷ
1591 2065 1770 2100 καταληρῶν,
1788 2065 1834 2091 καὶ

1045 2111 1124 2146 ἀφεὶς
1138 2111 1182 2138 τὸν
1206 2111 1300 2147 Ἀδὰμ,
1315 2112 1422 2146 πρῶτον
1435 2112 1618 2148 ἀσθενεστέρα
1630 2113 1662 2147 τῇ
1678 2111 1738 2147 Εὕα
1751 2119 1833 2146 προσ-

1046 2159 1166 2194 έρχεται,
1183 2159 1230 2186 καί
1247 2168 1326 2194 φησι,
1343 2159 1375 2186 Τι
1388 2159 1433 2186 ὅτι
1456 2157 1543 2185 εἶπεν
1556 2160 1572 2186 ό
1588 2159 1660 2192 Θεὸς
1673 2159 1717 2193 μὴ
1732 2157 1834 2193 φαγεῖν

1046 2205 1105 2233 ἀπὸ
1123 2204 1235 2238 παντὸς
1253 2205 1348 2237 ξύλου
1369 2204 1422 2232 τοῦ
1437 2205 1473 2232 ἐν
1485 2202 1525 2238 τῷ
1537 2204 1731 2239 παραδει¹σῳ;
1753 2205 1834 2240 Εἰρω-

1046 2250 1123 2283 νικας
1136 2251 1164 2277 δὲ
1181 2251 1313 2286 προσάγει
1325 2250 1373 2282 τὰς
1387 2249 1497 2282 πεύσεις
1513 2251 1527 2277 ὁ
1544 2250 1682 2285 ἁλιτήριος
1692 2271 1699 2282 ,
1717 2251 1760 2276 ἵνα
1772 2249 1832 2284 παρ’

1045 2297 1154 2332 ἐκείνης
1179 2296 1310 2332 παιδευθῇ
1338 2298 1413 2323 ποῖον
1440 2297 1471 2323 τὸ
1484 2297 1584 2331 φυτὸν.
1612 2293 1642 2323 οῦ
1662 2297 1713 2332 τὴν
1737 2296 1832 2333 βρῶσιν

1046 2343 1182 2371 ἐκώλυσεν
1197 2344 1211 2370 ὁ
1223 2342 1334 2378 Κύριος.
1349 2344 1385 2370 Οὐ
1399 2343 1453 2380 γὰρ
1465 2343 1600 2378 ἠπίστατο
1614 2343 1667 2370 τίνι
1679 2343 1734 2369 τῶν
1748 2342 1833 2378 φυτῶν

1046 2388 1063 2424 ἢ
1080 2388 1152 2420 τίνος
1169 2389 1249 2424 χάριν
1266 2390 1283 2424 ἠ
1294 2388 1387 2424 ἐντολὴ
1400 2390 1562 2426 ἐπήρτηται.
1579 2389 1610 2415 'H
1621 2389 1650 2415 δὲ
1661 2389 1831 2425 ἁπλουστάτη

1049 2436 1096 2463 καὶ
1114 2435 1181 2467 τέως
1196 2435 1339 2467 ἁνόθευτος
1350 2435 1431 2470 φύσις
1442 2435 1578 2470 ἀγνοοῦσα
1591 2436 1621 2462 τὸ
1640 2436 1832 2470 σκοπούμενον,

1048 2482 1158 2519 καιρίαν
1189 2483 1272 2518 ἑαυτῇ
1301 2482 1408 2518 πληγὴν
1437 2482 1538 2509 δίδωσι.
1567 2482 1636 2518 Φησὶ
1665 2482 1743 2518 γὰρ,
1767 2481 1833 2508 Ἀπὸ

1048 2529 1161 2562 παντὸς
1180 2528 1238 2563 μὲν
1265 2528 1321 2563 γὰρ
1339 2528 1436 2560 ξύλου
1461 2528 1515 2555 τοῦ
1538 2528 1574 2555 ἐν
1601 2527 1642 2560 τῷ
1667 2528 1834 2562 παραδείσῳ

1045 2575 1159 2609 βρώσει
1174 2574 1306 2610 φάτεσθε
1315 2594 1323 2607 ,
1338 2574 1397 2601 ἀπὸ
1413 2573 1448 2600 δὲ
1461 2574 1514 2601 τοῦ
1531 2574 1626 2606 ξύλου
1640 2574 1696 2601 τοῦ
1711 2574 1834 2609 ἐνμέσῳ

1050 2620 1104 2648 τοῦ
1117 2619 1302 2654 παραδείσου
1314 2620 1350 2646 οὐ
1362 2618 1503 2654 sedi-81706.
1524 2618 1553 2645 '0
1565 2618 1592 2645 δέ
1606 2627 1673 2653 φησι
1687 2618 1833 2646 διαϐάλλων

1050 2666 1096 2693 τὸν
1110 2665 1186 2697 Θεὸν,
1203 2663 1294 2692 Εἶδεν
1317 2665 1334 2691 ό
1359 2665 1431 2698 θεὸς
1441 2685 1449 2697 ,
1475 2663 1520 2691 ὅτι
1533 2661 1552 2700 ᾖ
1566 2663 1591 2690 ὃ¹
1612 2663 1653 2690 ἂν
1672 2665 1767 2699 ἡμέρᾳ
1780 2663 1833 2698 φά-

1050 2712 1141 2746 τεσθε
1158 2711 1209 2738 ἀπ’
1223 2711 1327 2743 αὑτοῦ,
1338 2709 1580 2745 διανοιτήσονται
1589 2709 1674 2745 ὑμῶν
1687 2712 1714 2738 οι
1730 2711 1834 2744 ὄρθαι-

1048 2758 1112 2794 μοὶ,
1129 2757 1179 2785 καὶ
1190 2757 1299 2786 ἔσεσθε
1318 2757 1359 2790 ὡς
1372 2756 1445 2790 θεοὶ,
1464 2757 1663 2792 γινώσκοντες
1677 2757 1773 2784 καλὸν
1788 2757 1832 2784 καί

1050 2803 1195 2837 πονηρὸν,
1208 2803 1256 2830 καὶ
1268 2802 1313 2830 διὰ
1330 2802 1409 2831 τοῦτο
1421 2802 1568 2832 ἐκώλυσεν.
1582 2802 1676 2830 Πείθει
1690 2802 1775 2835 οὕτως
1787 2802 1832 2839 τὴν

247 2873 270 2889 ³⁸
287 2872 355 2901 Gen.
376 2880 419 2906 ιιι,
438 2872 465 2900 6.
504 2872 527 2889 ’⁸
547 2871 685 2904 Rom.vn,
704 2870 730 2899 9.
769 2869 791 2885 ³⁸
811 2868 879 2897 Gen.
899 2875 941 2901 Ill,
959 2867 985 2894 l.

1063 2865 1126 2893 ibid.
1147 2861 1175 2894 2.
