1907 3043
169 126 240 153 “H9

165 189 200 208 ne
220 189 268 208 nos
287 181 445 210 inhonorati
462 184 681 220 relinqueremur
698 185 726 212 in
742 186 835 214 futura
849 187 951 221 sempi-

165 231 242 255 terna
259 229 323 261 vita,
340 230 362 257 si
383 238 437 257 non
456 237 528 260 esset
548 233 648 268 aliquis
669 234 747 261 nobis
761 235 806 261 hic
824 234 953 262 adversa-

166 272 234 305 rius,
260 275 391 304 adversus
414 285 494 312 quem
517 278 688 307 decertantes
711 280 786 308 velut
811 281 838 307 in
864 281 955 308 stadio

166 320 311 352 praesentis
338 321 409 353 vitae,
436 326 665 353 remunerationis
692 330 814 360 tempore
837 333 954 353 comnas

167 373 388 400 assequeremur.
406 369 540 397 Percussa
556 376 647 397 autem
664 371 752 405 capite
764 372 902 403 draconis,
915 376 956 398 to-

166 416 224 438 tum
241 413 288 446 qui
304 418 365 447 post
381 413 468 449 ipsum
487 416 604 443 trahitur
620 417 780 444 comitatum
803 417 857 444 leto
870 417 954 450 dedit,

167 457 261 484 saltem
284 460 383 494 exiguo
408 462 526 495 quodam
556 462 582 489 in
606 463 666 498 ipso
693 467 767 490 motu
795 463 899 496 relicto,
922 463 956 491 ad

166 504 326 532 exercitium
345 511 469 534 nostrum
494 513 575 543 atque
594 508 703 535 virtutis
729 509 954 537 declarationem.

166 548 318 583 Aliquoties
336 551 408 578 enim
434 557 460 579 et
478 559 530 580 nos
549 561 680 588 percusso
700 554 837 588 serpentis
857 556 955 589 capite,

167 600 337 629 errepentem
355 601 473 624 tractum
490 599 615 633 corporis
630 599 723 633 pueris
745 599 898 628 feriendum
914 609 957 628 re—

166 639 328 675 linquimus,
344 642 426 670 simul
450 644 524 677 ipsos
545 649 574 672 ut
592 645 710 673 audaces
724 651 748 673 et
772 647 903 674 adversus
919 647 955 673 fe-

167 692 213 713 ras
231 686 334 714 alacres
353 687 419 720 sjnt,
441 688 694 716 condocefaeimus.
718 689 810 724 Neque
826 690 898 717 enim
917 690 956 717 vel

167 730 298 759 adversus
308 740 407 767 porcos
417 738 577 768 potestatem
586 734 723 762 daemones
738 736 848 767 habent,
860 744 957 770 quem-

168 774 316 802 admodum
342 783 420 804 sacra
439 776 578 812 Evangelii
599 779 734 813 scriptura
754 780 834 807 docet
845 780 877 807 “.
891 780 957 808 Nam

168 825 234 848 ante.
247 821 367 849 divinam
383 823 486 850 Christi
502 825 723 858 permissionem.
745 834 798 853 non
814 832 879 854 sunt
895 827 955 854 ausi

168 870 280 902 tangere
295 876 403 903 gregem
420 877 566 904 porcorum
585 870 808 906 Gergesinorum.
821 871 956 899 Permittit

168 918 259 940 autem
288 914 354 949 ipsis
375 914 509 943 Dominus
533 923 587 944 non
613 921 642 944 ut
671 925 723 944 una
750 925 813 944 cum
836 918 959 946 subulcis

167 959 377 995 submergerent
396 969 515 997 gregem,
538 962 586 989 sed
604 968 633 990 ut
653 963 686 991 iis
700 963 823 997 omissis,
839 972 895 1000 quo
912 973 959 993 ca-

167 1012 279 1040 pessere
292 1006 384 1042 fugam
396 1012 520 1043 possent,
538 1009 566 1035 in
579 1009 658 1036 bruta
673 1011 866 1045 egrederentur
883 1021 890 1039 :
903 1012 959 1039 evi-

167 1052 263 1079 denter
288 1061 338 1081 nos
359 1054 474 1086 docens,
501 1056 573 1090 quod
594 1057 647 1083 nisi
669 1065 717 1091 per
732 1057 819 1092 ipsius
838 1057 959 1086 divinam

167 1102 195 1125 et
213 1099 306 1126 omnia
324 1100 549 1135 complectentem
567 1107 727 1137 potestatem
744 1103 957 1136 custodiremur,

168 1144 210 1171 vel
221 1146 410 1180 consimiliter,
426 1148 467 1175 vel
490 1148 572 1176 etiam
599 1149 687 1184 pejus,
705 1157 788 1184 quam
811 1158 874 1185 erga
894 1159 958 1186 pnr-

166 1198 227 1224 eos,
242 1198 307 1226 erga
327 1200 377 1220 nos
390 1193 480 1221 affecti
497 1195 634 1222 daemones
649 1197 751 1227 forent,
764 1196 811 1231 qui
828 1196 856 1224 in
878 1197 960 1232 hujus

166 1235 230 1264 vitae
243 1237 312 1264 mari
327 1238 479 1272 periculose
493 1240 665 1274 navigamus.

371 1284 630 1314 INTERROGATIO
649 1287 755 1316 CXXV.

201 1328 269 1356 Cum
281 1336 374 1358 nosset
383 1331 464 1363 Deus,
476 1334 549 1368 quod
560 1334 680 1362 Adamus
695 1341 858 1369 prieceptum
871 1340 960 1364 trans-

167 1383 313 1412 gressurus
337 1383 420 1412 esset,
444 1387 493 1406 cur
519 1380 585 1408 illud
614 1382 639 1408 ei
663 1382 755 1409 dedit?
775 1383 816 1410 vel
841 1383 961 1418 denique

166 1431 253 1458 quare
272 1429 505 1460 transgressorem
525 1427 666 1456 damnavit
683 1429 790 1456 morte?

482 1472 637 1508 Responsio.

201 1515 284 1551 Atqui
297 1517 350 1544 nisi
364 1524 542 1553 prmeeptum,
558 1520 633 1547 velut
647 1521 789 1555 praemium
800 1522 960 1550 certaminis

166 1566 194 1589 et
217 1562 298 1590 lucta:
314 1564 467 1598 statuisset,
491 1573 524 1592 ac
543 1566 714 1600 permisisset
737 1567 765 1594 in
787 1568 892 1596 arbitrii
917 1568 960 1596 sui

168 1613 304 1642 potestate
320 1610 522 1643 adversarium,
538 1619 590 1639 non
605 1618 793 1646 coronaretur,
808 1621 897 1649 neque
913 1615 960 1642 σε..

167 1655 363 1690 pmdicarelur
374 1657 472 1685 victor.
487 1658 564 1690 Quod
581 1658 604 1686 si
616 1666 670 1686 non
687 1660 844 1687 mandasset
861 1668 961 1695 praece-

167 1701 206 1737 pti
225 1695 458 1735 observationem,
475 1708 502 1730 et
524 1707 640 1731 mortem
659 1706 884 1740 transgressionis
902 1714 961 1742 pce-

169 1754 232 1774 nam
248 1755 301 1774 non
320 1748 441 1776 minatus
457 1749 564 1783 fuisset,
582 1750 680 1778 merito
694 1751 721 1778 in
737 1759 800 1779 eum
811 1752 859 1787 qui
875 1752 959 1788 legem

167 1794 271 1829 posuit,
288 1793 396 1829 culpam
415 1795 567 1823 retulisses.
591 1796 620 1823 Si
637 1804 702 1824 vero
719 1802 779 1832 post
803 1798 960 1825 mandatum

168 1841 263 1875 lapsus
277 1845 328 1873 est,
348 1845 375 1868 et
390 1841 490 1868 cecidit
504 1841 594 1869 factus
612 1842 783 1876 inobediens,
802 1848 959 1878 superatum

169 1895 282 1920 accusa,
298 1895 351 1914 non
369 1895 432 1915 eum
450 1888 497 1923 qui
511 1893 649 1916 certamen
663 1890 815 1925 proposuit.
832 1890 898 1919 Item
916 1900 958 1920 se~

168 1934 287 1962 cundum
306 1934 387 1961 aliam
403 1934 536 1962 rationem
552 1943 558 1961 :
577 1935 812 1968 Quemadmodum
825 1937 960 1967 Adamum

168 1981 408 2016 praecognoscebat
422 1985 672 2017 transgressurum,
693 1983 820 2012 similiter
834 1987 962 2020 praescie-

168 2027 215 2056 bat
229 2032 355 2062 posteros
367 2027 428 2062 ejus
441 2028 616 2062 praestatione
633 2034 830 2064 praeceptorum
843 2031 879 2058 ab
901 2032 962 2066 ipso

169 2075 242 2102 velut
254 2074 372 2101 victores
385 2074 596 2108 depmdicatum
611 2080 637 2102 et
651 2082 812 2104 coronatum
826 2077 875 2111 iri;
893 2078 961 2106 alios

169 2120 280 2155 quidem
302 2124 425 2155 tempore
447 2120 522 2155 pacis
541 2128 589 2155 per
610 2121 824 2151 declarationem
840 2125 961 2159 probata:

168 2175 231 2194 cum
246 2167 346 2194 virtute
363 2166 438 2198 vitae,
454 2166 524 2194 alios
537 2171 629 2194 autem
647 2172 768 2203 tempore
787 2171 959 2204 persecutio-

169 2221 234 2240 num
249 2221 296 2248 per
311 2213 541 2248 perseverantiam
554 2221 603 2248 pro
614 2214 673 2249 ipso
685 2223 772 2250 usque
783 2217 817 2244 ad
829 2222 955 2245 mortem.

169 2259 412 2294 Prazcognoscebat
426 2259 500 2286 enim
520 2260 634 2288 Abelum
649 2261 754 2296 justum
778 2262 848 2295 fore,
864 2265 959 2292 simili-

169 2310 211 2332 ter
225 2309 254 2332 et
268 2304 402 2336 Sethum;
425 2304 568 2333 Enochum
584 2305 816 2341 transferendum,
835 2317 869 2337 ne
884 2311 959 2339 vide-

169 2356 211 2380 ret
225 2356 360 2385 mortem;
381 2350 467 2378 Noam
491 2352 597 2387 justum
616 2352 755 2388 futurum;
771 2354 957 2384 Abrahamum

168 2399 289 2426 radicem
315 2397 377 2425 ﬁdei
395 2397 465 2431 fore,
484 2406 517 2426 ac
537 2403 641 2433 patrem
661 2401 808 2428 multarum
825 2403 956 2437 gentium.

168 2443 302 2472 Przeterea
319 2443 393 2478 quod
404 2442 516 2472 lsaacus
530 2452 626 2472 servus
642 2453 710 2473 suus
725 2451 855 2476 strenuus
871 2449 959 2477 decla-

168 2490 271 2518 randus
287 2494 371 2520 esset.
389 2491 563 2524 praasciebat;
577 2491 650 2525 quod
666 2491 785 2521 Jacobus
799 2493 889 2528 ipsum
906 2503 960 2522 ve—

169 2537 209 2564 lut
228 2537 367 2564 hominem
385 2536 413 2563 in
437 2536 510 2564 lucta
532 2542 714 2571 superaturos
737 2544 821 2572 esset.
838 2544 866 2568 et
885 2542 959 2576 quod

170 2588 280 2618 torpore
303 2583 445 2611 soluturus
459 2588 533 2611 esset
555 2584 641 2611 latum
666 2592 780 2612 nervum
805 2591 877 2614 tacto
900 2587 960 2622 ejus

168 2628 288 2662 femore;
312 2628 385 2663 quod
408 2632 518 2663 propter
546 2630 756 2663 temperantiam
785 2630 812 2657 in
834 2632 958 2659 custodia

168 2673 484 2709 carcerequeilosephus
501 2675 674 2704 habitaturus
685 2681 773 2710 esset;
788 2678 862 2711 quod
878 2678 958 2706 factis

168 2721 226 2748 suis
236 2729 351 2756 regnum
367 2720 530 2749 obtenturus
543 2730 550 2755 ;
570 2723 643 2757 quod
658 2723 692 2750 ad
710 2723 865 2751 ducendum
879 2732 959 2752 exer-

168 2768 253 2794 cizum
274 2772 301 2794 et
325 2767 465 2795 ferendam
487 2768 572 2803 legem
598 2768 686 2797 Moses
713 2769 828 2798 idoneus
850 2770 958 2800 futurus

169 2818 258 2846 esset;
281 2813 355 2848 quod
370 2812 450 2841 Jesus
464 2813 538 2841 Nave
561 2815 632 2843 filius
650 2817 768 2845 hostium
789 2821 889 2852 tropaea
911 2826 958 2846 ca-

207 2870 230 2886 "
243 2868 346 2896 Matth.
366 2877 428 2902 vui,
445 2869 490 2902 50,
512 2870 555 2897 3:2.

703 128 731 156 S.
750 127 900 155 CAESARI!
920 127 1084 156 GREGOBII
1101 127 1250 155 FRATRIS

1725 126 1806 155 £030-

1002 183 1170 220 ἀγεράστους
1196 184 1270 219 ἡμᾶς
1295 182 1506 218 καταλειφθῆναι
1538 182 1574 209 ἐν.
1592 183 1626 217 τῇ
1658 182 1801 218 μελλούσῃ

1003 231 1081 265 ἀϊδίῳ
1097 229 1164 265 ζωῇ,
1187 231 1224 265 μὴ
1241 231 1316 261 ὄντος
1332 230 1397 264 ἡμῖν
1413 228 1531 255 ἐνταῦθά.
1546 237 1618 259 τινος
1633 228 1799 259 ἀντιπάλου,

1004 275 1072 311 πρὸς
1087 275 1117 302 ὃν
1130 275 1347 310 ἀγωνιζομένους
1361 275 1442 300 οἱονεὶ
1461 275 1490 300 ἐν
1510 274 1608 309 σταδίῳ
1619 275 1652 308 τῇ
1669 274 1802 310 παρούσῃ

1004 321 1078 356 ζωῇ,
1103 322 1132 346 ἐν
1153 323 1186 356 τῇ
1213 321 1326 355 ἀμείψει
1355 319 1454 354 ταύτης
1480 320 1619 353 στεφάνων
1643 320 1800 354 ἐπιτυχεῖν.

1005 366 1112 401 Πλήξας
1136 367 1163 393 δὲ
1184 366 1233 401 τὴν
1258 365 1379 401 κεφαλὴν
1406 365 1453 392 τοῦ
1477 365 1639 400 δράκοντος.
1665 364 1727 392 ὅλον
1750 365 1801 391 τὸν

1005 411 1185 447 ξυνεπόμενον
1215 412 1296 440 ἁλκὺν
1325 411 1560 447 συναπενέκρωσε,
1588 411 1713 446 ἀμυδρὰν
1736 419 1801 437 τινα

1006 458 1111 493 κίνησιν
1128 459 1157 484 εν
1179 457 1254 492 αὑ,τῷ
1271 458 1449 492 καταλείψας,
1467 457 1536 492 πρὸς
1550 457 1703 492 γυμνασίαν
1718 457 1802 491 ἡμῶν

1006 505 1054 531 καὶ
1069 505 1170 540 ἀρετῆς
1189 505 1331 537 ἐπίδειξιν.
1351 504 1485 536 Πολλάκις
1500 505 1554 538 γὰρ
1578 504 1624 529 καὶ
1647 505 1729 538 ἡμεῖς
1748 505 1803 539 τὴν

1006 551 1126 586 κεφαλὴν
1145 551 1192 577 τοῦ
1206 551 1294 585 ὄφεως
1309 551 1470 586 πλήξαντες,
1490 551 1535 577 τὸν
1552 550 1706 585 ἐφέρποντα
1719 549 1804 576 ὁλκὸν

1005 599 1062 628 τοῖς
1084 597 1163 624 παισὶ
1189 597 1280 623 παίειν
1308 597 1502 632 ἐπιτρέπομεν,
1526 596 1583 631 ἅμα
1609 596 1722 631 θαρρεῖν
1750 596 1803 622 καὶ

1007 642 1181 678 θηρολεκτεῖν
1214 643 1312 674 αὐτοὺς
1339 643 1522 674 παιδεύοντες,
1548 642 1617 669 Οὔτε
1642 643 1697 677 γὰρ
1727 641 1803 668 συῶν

1007 687 1172 720 ἐξουσιάζειν
1189 689 1213 714 οἱ
1230 688 1368 723 δαίμονες,
1383 687 1474 720 καθὼς
1531 688 1591 714 θεία
1611 688 1666 714 τῶν
1682 687 1804 720 εὐαγγε-

1007 733 1090 760 λικῶν
1108 733 1231 760 παιδεύει
1252 734 1357 768 Πυκτή,
1374 734 1431 769 Πρὸ
1451 734 1505 769 γὰρ
1522 733 1573 768 τῆς
1587 733 1662 763 θείας
1678 731 1802 766 Χριστοῦ

1010 781 1220 816 συγχωρήσεως,
1240 780 1291 807 οὐκ
1303 780 1456 815 ἐτόλμησαν
1477 780 1582 814 ψαῦσαι
1596 780 1646 814 τῆς
1665 779 1719 806 τῶν
1734 779 1804 813 Γερ-

1009 827 1124 862 γεσινὼν
1145 827 1246 861 ἀγέλης
1261 826 1342 853 συῶν.
1368 826 1524 862 Ἐπιτρέπει
1540 827 1568 852 δὲ
1591 826 1684 857 uorat;
1699 826 1714 851 6
1742 825 1802 851 Κύ-

1012 881 1079 908 ριος,
1097 873 1147 907 οὐχ
1160 873 1217 908 ἅμα
1235 872 1288 899 τῶν
1303 872 1461 908 συοφόρϐων
1475 872 1612 899 ποπιῦσαι
1626 872 1675 906 τὴν
1687 871 1802 905 ἀγέλην,

1092 919 1213 949 ἐκείνους
1234 919 1314 945 ἐᾶσαι
1340 918 1456 953 δρασμῷ
1479 918 1647 953 χρήσασθαι,
1678 917 1749 943 κατὰ
1773 917 1804 943 δὲ

1008 964 1063 991 τῶν
1082 964 1188 999 ἀλόγων
1205 964 1346 1000 χωρῆσαι·
1371 963 1494 999 ἐναργῶς
1506 963 1643 990 παιδεύων
1662 963 1748 998 ἡμᾶς,
1764 962 1803 993 ὡς

1010 1011 1033 1036 εί
1050 1010 1088 1045 μὴ
1104 1011 1137 1044 τῇ
1155 1009 1215 1044 θείᾳ
1226 1008 1308 1035 αὑτοῦ
1324 1008 1371 1034 καὶ
1385 1010 1546 1044 περιεκτικῇ
1562 1008 1671 1034 πάντων
1687 1007 1803 1041 δυνάμει

1009 1056 1227 1092 ἐφρουρούμεθα,
1245 1054 1442 1091 παραπλησίως
1458 1055 1474 1090 ἢ
1492 1055 1538 1081 καὶ
1555 1055 1638 1089 χείρω
1652 1053 1708 1080 τῶν
1730 1053 1803 1079 συῶν

1008 1104 1033 1130 oi
1049 1103 1174 1138 δαίμονες
1185 1101 1329 1129 διετίθεντο
1343 1102 1417 1137 ἡμᾶς
1429 1101 1655 1136 ναυτιλλομένους
1671 1100 1689 1135 ἢ
1704 1099 1805 1126 θαλατ-

1009 1156 1149 1180 τευοντας.

1287 1298 1412 1325 ΠΕΥΣΙΣ
1431 1299 1518 1326 PKE’.

1045 1342 1188 1370 Γινώσκων
1203 1345 1218 1370 6
1234 1343 1300 1376 Θεὸς
1316 1345 1356 1371 ὅτι
1381 1344 1473 1380 μέλλει
1492 1345 1670 1381 παραϐαίνειν
1690 1346 1740 1381 τὴν
1758 1346 1801 1372 ὲν-

1009 1389 1090 1425 τολὴν
1105 1390 1119 1416 6
1142 1389 1237 1425 Ἀδὰμ,
1256 1390 1326 1417 διατί
1350 1391 1425 1426 αὺτῴ
1446 1392 1544 1418 ἔδωκεν
1562 1391 1656 1427 αὐτὴν,
1681 1391 1698 1427 ἢ
1722 1392 1804 1419 πάλιν

1011 1436 1173 1472 παραὸάντα
1186 1437 1257 1464 διατί
1275 1438 1382 1474 Θανάτῳ
1399 1439 1576 1474 κατέκρινεν;

1318 1485 1494 1520 Ἀπόκρισις.

1052 1529 1122 1556 Ἀλλ’
1139 1531 1163 1555 εἰ
1190 1529 1228 1565 μὴ
1244 1529 1357 1566 ἔστησεν
1378 1528 1434 1558 οἷον
1456 1531 1581 1567 βραϐεῖον
1598 1531 1645 1558 καὶ
1660 1532 1802 1567 πάλαισμα

1010 1575 1060 1610 τὴν
1080 1575 1201 1611 ἐντολὴν,
1217 1577 1264 1603 καὶ
1286 1577 1377 1604 εἴασεν
1393 1578 1565 1610 αὐτεξούσιον
1579 1578 1625 1604 τὸν
1646 1578 1804 1612 ἀνταγωνι-

1011 1622 1087 1656 στὴν,
1108 1622 1158 1649 οὐκ
1181 1623 1372 1657 ἐστεφανοῦτο,
1396 1623 1456 1650 οὐδὲ
1483 1624 1695 1660 ἀνεκηρύττετο.
1721 1624 1752 1651 El
1776 1624 1806 1651 δὲ

1011 1667 1059 1693 καὶ
1086 1667 1123 1702 μὴ
1152 1668 1330 1703 παρεγγύησε
1353 1669 1540 1704 φυλάξασθαι,
1566 1670 1614 1696 καὶ
1641 1669 1758 1696 θάνατον
1771 1671 1804 1705 τῇ

1011 1714 1166 1749 παραϐάσει
1192 1715 1357 1751 ἠπείλησεν,
1378 1715 1491 1748 εἰκότως
1514 1716 1583 1751 ᾐτιῶ
1610 1716 1655 1743 τὸν
1679 1716 1802 1752 θέμενον.

1012 1759 1044 1785 Εἰ
1060 1760 1089 1786 δὲ
1110 1760 1178 1795 μετὰ
1198 1761 1245 1797 τὴν
1272 1761 1442 1798 παρεγγυὴν,
1468 1761 1581 1788 ὤλισθεν
1600 1763 1648 1789 καὶ
1674 1762 1805 1789 πέπτωκε

1012 1807 1199 1842 παρακούσας,
1214 1808 1262 1834 τοῦ
1282 1808 1439 1844 ἡττωμένου
1460 1808 1618 1843 κατηγόρει,
1641 1809 1688 1835 καὶ
1705 1809 1743 1844 μὴ
1758 1808 1804 1835 τοῦ

1011 1853 1125 1887 θεμένου
1140 1854 1185 1880 τὸν
1196 1854 1300 1888 ἀγῶνα.
1321 1854 1440 1889 Ἑτέρως
1453 1863 1483 1881 τε
1494 1854 1533 1887 δὲ,
1548 1854 1643 1890 ὥσπερ
1653 1855 1700 1881 τὸν
1718 1855 1803 1890 Ἀδὰμ

1012 1899 1214 1935 προεγίνωσκεν
1236 1900 1474 1936 παραϐησάμενον,
1496 1901 1597 1936 ὁμοίως
1617 1902 1804 1937 προηπίστατο

1011 1944 1074 1974 τοὺς
1102 1944 1230 1978 ἐκγόνους
1255 1944 1336 1971 αὐτοῦ
1361 1947 1394 1981 τῇ
1422 1945 1588 1980 κατορθώσει
1610 1946 1664 1972 τῶν
1691 1947 1804 1973 ἐντολῶν

1011 1987 1259 2024 ἀνακηρύττεσθαι,
1276 1989 1323 2016 καὶ
1339 1989 1535 2025 στεφανοῦσθαι
1554 1991 1620 2025 παρ’
1631 1991 1731 2017 αὑτοῦ·
1743 1992 1803 2023 τοὺς

1013 2035 1063 2070 μὲν
1076 2035 1109 2061 ἐν·
1117 2037 1223 2071 καιροῖς
1237 2036 1348 2072 εἰρήνης
1363 2036 1397 2063 δι’
1414 2036 1569 2068 ἐπιδείξεως
1583 2037 1712 2071 ἐναρέτου
1734 2037 1800 2072 βίου,

1010 2081 1073 2113 τοὺς
1084 2082 1114 2108 δέ
1130 2083 1159 2108 ὲν
1174 2082 1263 2118 καιρῷ
1278 2083 1417 2118 διωγμῶν,
1428 2083 1472 2109 διὰ
1483 2083 1532 2119 τῆς
1544 2083 1613 2118 ὑπὲρ
1628 2083 1712 2110 αὑτοῦ
1725 2083 1806 2119 μέχρι.

1011 2127 1127 2154 θανάτου
1142 2130 1304 2162 ὲνστάσεως.
1320 2129 1512 2165 Προεγίνωσκε
1530 2130 1585 2165 γὰρ
1600 2130 1648 2157 τὸν
1669 2130 1754 2156 ’Ἅϐελ
1767 2131 1801 2157 δι-

1011 2174 1167 2208 καιοῦσθαι,
1181 2176 1227 2203 τὸν
1237 2176 1291 2212 Σὴθ
1306 2176 1418 2212 ὁμοίως,
1432 2176 1478 2203 τὸν
1495 2175 1580 2211 Ἑνὼχ
1600 2176 1800 2211 μετατίθεσθαι,

1013 2221 1051 2257 μὴ
1083 2221 1146 2248 ἰδεῖν
1171 2221 1298 2254 θάνατον,
1322 2222 1369 2249 τὸν
1396 2222 1459 2249 Νῶε
1483 2222 1731 2258 δικαιωθήσεσθαι,
1759 2223 1800 2250 τὸν

1018 2267 1143 2303 Ἀϐραὰμ
1169 2268 1246 2302 ῥίζαν
1266 2269 1317 2305 τῆς
1340 2269 1459 2302 πίστεως
1473 2270 1606 2304 γίνεσθαι,
1629 2271 1677 2297 καὶ
1699 2271 1800 2306 πατέρα

1012 2313 1118 2341 πολλῶν
1141 2314 1235 2342 ἐθνῶν.
1253 2316 1314 2343 Ὀτι
1344 2316 1436 2344 Ἰσαὰκ
1456 2316 1548 2349 δοῦλος
1571 2317 1655 2344 αὐτοῦ
1677 2318 1800 2353 ἐνάρετος

1010 2359 1246 2396 ἀναδειχθήσεται,
1262 2362 1463 2397 προεγίνωσκεν
1475 2371 1481 2377 ·
1502 2363 1547 2389 ὅτι
1565 2363 1664 2389 Ἰακὼϐ
1678 2364 1759 2390 αὐτὸν
1775 2365 1798 2390 ἒν

1010 2407 1043 2442 τῇ
1065 2407 1136 2443 πάλῃ
1157 2408 1290 2443 κρατήσει
1307 2408 1345 2440 ὡς
1363 2408 1468 2444 βροτὸν,
1486 2409 1533 2435 καὶ
1551 2409 1677 2445 ναρκήσῃ
1697 2409 1798 2444 ἁψαμέι

1011 2461 1056 2479 νου
1069 2452 1116 2479 τοῦ
1134 2453 1222 2490 μηροῦ
1237 2454 1269 2480 τὺ
1289 2453 1483 2490 πλατύνευρον·
1508 2455 1548 2481 ὅτι
1570 2454 1668 2490 Ἰωσὴφ
1684 2455 1729 2482 διὰ
1752 2464 1798 2482 σων

1011 2499 1148 2535 φροσύνην
1164 2500 1285 2536 φρουρὰν
1298 2501 1415 2536 οἰκήσει,
1430 2501 1471 2527 ὅτι
1489 2500 1533 2527 διὰ
1544 2501 1600 2527 τῶν
1617 2500 1708 2536 ἔργων
1728 2501 1797 2536 βασι-

1010 2545 1084 2577 λείας
1110 2547 1261 2582 κρατήσει·
1285 2547 1326 2574 ὅτι
1349 2547 1453 2582 Μωσῆς
1475 2546 1544 2582 πρὸς
1568 2547 1736 2583 στρατηγίαν
1757 2548 1797 2574 καὶ

1009 2590 1170 2625 νομοθεσίαν
1187 2591 1340 2626 ἐπιτήδειος
1357 2592 1500 2626 φυήσεται·
1516 2591 1557 2617 ὅτι
1571 2592 1585 2617 6
1602 2590 1707 2625 Ἰησοῦς
1728 2591 1743 2616 ὀ
1755 2590 1796 2617 τοῦ

1010 2636 1088 2672 Ναυῆ
1110 2636 1248 2672 πολεμίων
1268 2637 1430 2673 χειρώσεται
1452 2637 1580 2672 τρόπαια,
1603 2637 1650 2663 καὶ
1673 2636 1796 2664 δουλώσει

1011 2682 1195 2714 Γαϐαωνίτας,
1210 2683 1251 2709 ὅτι
1273 2683 1355 2710 Δαῧὶδ
1369 2684 1513 2719 πρόμαχον
1529 2682 1696 2716 ἀλλοφύλων,
1719 2684 1796 2709 κατὰ·

1012 2736 1131 2763 φρακτον
1154 2729 1286 2765 κνημίδας
1303 2730 1352 2756 καὶ
1364 2729 1482 2766 κορύνην
1496 2728 1658 2764 γιγαντικὴν
1680 2729 1796 2763 περικεί-

1013 2782 1103 2808 μενον.
1115 2775 1216 2802 ἀσπίδα
1229 2776 1277 2802 καὶ
1288 2775 1352 2811 δόρυ
1367 2777 1473 2811 ἔχοντα,
1487 2775 1536 2802 καὶ
1549 2775 1610 2801 ὅλον
1621 2775 1795 2810 σιδηράμφιονι

1013 2821 1185 2857 ὑπάρχοντα,
1212 2823 1261 2859 μιᾷ
1287 2823 1461 2858 σφενδονήσει
1484 2822 1559 2848 λίθου
1579 2822 1618 2853 εἰς
1632 2822 1684 2857 γῆν
1699 2823 1793 2860 καταῤ-
