1907 3043
111 121 178 151 Mil

111 181 198 217 ράξιι,
219 183 267 209 καὶ
284 184 353 218 μετὰ
373 185 459 221 βραχὺ
479 187 642 221 βασιλεύσει,
660 192 707 217 καὶ
723 191 809 219 πολλὰ
834 194 898 227 περὶ

109 227 193 255 tab-.06
207 229 398 264 προφητεύσει.
417 233 632 268 Προεγινωσκεν,
647 236 814 270 ἀποστόλων,
833 247 897 273 προσ

110 274 216 308 φητῶν,
233 275 390 311 μαρτύρων,
405 277 582 312 διδασκάλων,
604 281 717 308 καὶτῶν
732 283 833 309 λοιπῶν
849 285 898 319 τῆς

115 320 281 356 Ἐκκλησίας
298 321 327 354 ἐξ
344 323 448 350 ἐκείνου
464 325 620 359 βλαστάνειν
639 327 731 355 θίασον
743 337 751 344 ο
773 329 820 356 καὶ
837 338 899 355 συν-

108 365 204 392 ελόντα
216 366 307 400 φάναι,
322 368 372 393 οὐκ
384 368 436 396 ἔδει
449 372 481 406 τῇ
497 370 544 397 τοῦ
560 372 618 404 ἐνὸς
632 373 743 409 εὐηθείᾳ
755 374 802 400 καὶ
811 376 898 410 τροπῇ

110 411 193 436 πᾶσιν
213 410 425 448 ἀποκλεισθῆναι
450 415 481 442 τὸ
506 417 622 449 στάδιον,
641 419 688 444 καὶ
707 419 770 450 τοὺς
790 419 899 453 ἀγῶνας

110 455 269 491 σϐεσθῆναι,
285 458 333 485 καὶ
345 460 394 494 τὴν
403 460 530 496 ἀνδρείαν
541 463 685 498 κρυϐῆναι,
695 464 741 490 καὶ
757 465 851 500 ἀργεῖν
865 465 898 492 τὰ

108 501 226 530 ἔπαθλα.

107 549 142 576 ad
157 549 307 578 Eeclesiam
334 553 528 587 pertinentium
547 563 579 583 ex
604 556 650 583 illo
677 558 893 592 germinaturum

107 596 255 629 oportebat
273 603 384 632 propter
403 599 486 627 unius
508 601 644 635 ignaviam
668 606 695 629 et
716 602 896 630 defectionem

108 641 289 679 tudinemque
301 646 443 678 occultari,
455 653 480 674 et
492 647 614 675 victoriae
627 656 736 677 cessare
749 650 870 684 praemia.

383 692 509 719 ΠΕΥΣΙΣ
527 694 622 728 Ρκςι.

145 734 209 766 Πῶς
225 734 312 769 λέγων
321 737 336 764 ὀ
345 737 450 773 Σωτὴρ,
468 739 508 765 ὃτι
522 739 636 774 ’Ὠσπερ
651 741 668 767 ό
680 740 781 775 Πατὴρ
792 741 898 776 ἐγείρει

108 779 182 812 τοὺς
193 781 321 814 νεκροὺς
339 783 388 809 καὶ
401 781 541 816 ζωοποιεῖ,
560 785 653 818 οὕτως
672 787 721 812 καὶ
734 787 750 813 ό
769 785 834 819 Υίὸς
846 785 900 819 οὓς

108 825 191 852 θέλει
214 825 357 860 ζωοποιεῖ,
383 828 468 855 ἐλθὼν
491 830 538 856 ἐπὶ
557 831 682 866 Λαζάρου
705 832 755 858 οὐκ
773 831 899 867 αὐθεντίᾳ

108 870 214 910 ὲγείρει
240 871 331 904 αὑτὸν,
355 873 423 900 ἀλλὰ
437 875 590 908 παρακαλεῖ
604 876 650 903 τὸν
665 877 785 912 Πατέρα,
800 876 898 911 λέγων,

108 916 217 950 Πάτερ,
239 916 372 949 δόξασόν
390 926 449 946 σου
463 919 518 946 τὸν
536 921 606 948 Υίόν
618 929 626 936 ·
650 921 696 948 καὶ
711 921 798 954 οὕτως
817 923 900 956 φωνεί

109 961 143 988 ὲκ
156 961 262 996 νεκρῶν
280 962 326 988 τὸν
340 963 480 998 Λάζαρονς

418 1009 595 1043 Ἀπόκρισις.

146 1051 230 1078 Οὐδὲν
257 1052 358 1079 τούτων
382 1053 431 1089 τῆς
460 1054 586 1087 ἐξουσίας
610 1055 627 1091 ἢ
652 1055 797 1089 αὐθεντίας
819 1057 900 1084 αὑτὸν

109 1098 278 1133 ἀφαιρεῖται.
295 1099 364 1134 Φησὶ
381 1100 446 1135 γὰρ,
465 1100 517 1128 Διά
538 1101 592 1128 τὸν
604 1101 780 1136 παρεστῶτα
794 1102 899 1138 ὄχλον,

109 1141 195 1170 εἷπον
215 1143 268 1170 ἵνα
284 1143 482 1172 πιστεύσωσί.
507 1145 540 1171 Τί
563 1145 586 1172 δ’
603 1147 701 1181 ἐπάγει
725 1146 813 1181 αὖθις,
835 1148 902 1175 Ἵνα

110 1189 162 1215 καὶ
177 1191 194 1216 ό
214 1190 280 1222 Υἱός
295 1197 354 1217 σου
366 1190 483 1226 δοξάσῃ
507 1199 563 1223 σε;
579 1189 643 1227 'Ap‘
659 1191 705 1219 οὖν
726 1193 803 1229 δόξης
826 1194 901 1230 παρά

109 1234 159 1261 τοῦ
173 1235 238 1262 Υῐοῦ
252 1235 409 1271 προσδεῖται
424 1237 438 1263 ὁ
454 1238 567 1273 Πατήρς
581 1239 723 1274 Οὐδαμῶς,
739 1239 796 1265 ἀλλ’
810 1239 902 1272 ἐδόξα-

110 1289 158 1307 σεν
171 1281 185 1307 ό
201 1281 296 1317 Πατὴρ
310 1281 357 1309 τὸν
383 1282 458 1315 Υῑδν,
479 1283 525 1309 καὶ
539 1283 555 1309 ὀ
569 1284 632 1317 Υἱὸς
644 1285 689 1312 τὸν
706 1286 815 1321 Πατέρα
825 1294 832 1301 ”
848 1294 900 1320 φα-

109 1327 253 1362 νεροῦντες
268 1328 334 1363 ἡμῖν
347 1327 378 1354 τὸ
397 1328 502 1355 ἑαυτῶν
517 1329 677 1365 ὁμότνωμον
692 1331 738 1358 καὶ
758 1331 897 1366 ὁμόδοξον.

109 1374 175 1406 Πῶς
202 1374 231 1400 δὲ
251 1374 298 1400 καὶ
318 1374 365 1401 ἐπὶ
386 1374 440 1401 τῶν
465 1374 596 1410 μειζόνων
620 1376 757 1404 αὐθεντῶν
775 1377 863 1414 πάντη
886 1380 901 1405 ὁ

111 1419 185 1451 Υἱὸς,
206 1419 254 1445 ἐπὶ
276 1419 331 1446 τῶν
349 1419 497 1447 ἐλαττόνων
517 1421 567 1456 τῆς
588 1423 726 1458 πατρικῆς
749 1423 844 1456 δεῖται,
863 1425 902 1457 ὡς

110 1466 174 1501 φὴς,
188 1466 340 1501 ἐπιτροπῆς
356 1465 373 1501 ἢ
390 1466 532 1502 βοηθείας;
548 1467 677 1500 Κολάζων
689 1469 744 1504 γὰρ
757 1470 803 1496 καὶ
820 1471 900 1506 εὐερ-

110 1510 207 1544 γετῶν,
224 1511 343 1546 οὐδαμοῦ
364 1510 411 1537 τὸν
434 1512 543 1547 Πατέρα
564 1513 748 1541 ἐπικαλεῖται·
768 1515 857 1542 Δεῦτε
872 1518 900 1544 οι

109 1557 308 1592 εὐλογημένοι
335 1558 388 1585 τοῦ
414 1559 530 1592 Πατρός
549 1569 624 1594 μου,
652 1562 899 1596 κληρονομήσατε

111 1603 169 1637 τὴν
190 1604 415 1638 ἡτοιμασμένην
438 1604 510 1639 ὑμῖν
521 1605 686 1637 ,Βασιλείαν
701 1607 761 1634 ἀπὸ
777 1609 900 1636 καταϐο-

110 1647 170 1681 ,ιῆς
187 1648 314 1682 κόσμου.
332 1649 403 1683 Πρὸς
428 1648 456 1676 δὲ
465 1648 495 1675 τὸ
513 1649 606 1685 ἕτερον
628 1651 719 1686 μέρος,
734 1653 900 1687 Πορεύεσθε

110 1694 161 1721 ἀπ’
174 1694 258 1728 ἐμοῦ,
276 1695 302 1721 ot
322 1694 528 1729 κατηραμένοι,
544 1697 587 1728 εις
602 1696 634 1723 τὸ
650 1697 709 1731 πῦρ
724 1698 756 1724 τὸ
769 1699 898 1726 αιώνιον.

111 1740 157 1775 Τῷ
182 1739 330 1774 παραλύτῳ
356 1741 449 1775 φησὶν,
484 1742 632 1776 Ἐγερθεὶς
660 1739 734 1777 ἆρόν
759 1752 816 1772 σου
846 1745 901 1772 τὸν

111 1786 288 1820 κρὰϐϐατον,
310 1785 360 1813 καὶ
381 1786 477 1822 ὕπατε
498 1788 542 1820 εἰς
562 1788 616 1815 τὸν
630 1787 714 1817 οἶκόν
728 1798 797 1818 σου.
825 1791 900 1818 Ἐτέ-

113 1830 181 1867 ρωθι
195 1830 288 1862 πάλιν,
304 1830 356 1858 Σοὶ
378 1831 466 1866 λέγω,
480 1833 634 1865 νεανίσκε,
649 1834 783 1870 ἐγέρθητι
804 1836 839 1863 ἐκ
853 1845 900 1864 νε-

112 1875 202 1912 κρῶν.
224 1877 360 1909 Ὡσαύτως
369 1879 402 1913 τῇ
414 1877 529 1914 θυγατρὶ¹
547 1879 595 1906 τοῦ
613 1881 837 1917 ἀρχισυναγώγου
852 1883 901 1910 θα-

111 1921 195 1959 νούσῃ
208 1923 285 1958 φησὶ,
309 1922 344 1950 Τὸ
356 1923 510 1958 κοράσιον,
526 1925 690 1960 ἀνάστηθι·
704 1927 743 1962 τῷ
761 1927 789 1954 δὲ
808 1928 900 1964 λεπρῷ

110 1967 166 1997 ἀπὺ
188 1968 310 2003 κορυφῆς
337 1968 419 2003 μέχρι
440 1969 528 1997 ποδῶν
551 1971 754 2008 καθηλκωμένῳ
777 1973 900 2006 ἐκτείνας

111 2013 161 2048 τὴν
191 2014 280 2048 χεῖρα,
298 2013 375 2047 φησὶ,
403 2014 494 2046 Θέλω,
516 2017 728 2052 καθαρίσθητι·
754 2019 801 2047 καὶ
823 2018 900 2053 αὖθις

110 2058 142 2085 τὸ
155 2058 242 2090 πάθος
258 2058 419 2094 δραπετεύει
433 2060 599 2094 φυγαδευθὲν
618 2061 656 2097 τῷ
671 2063 734 2100 θείῳ
755 2063 898 2100 θελήματι.

118 2105 205 2133 Ἐπιτι
209 2104 268 2139 μῶν
276 2104 304 2131 δέ
314 2113 391 2140 φησι,
403 2106 455 2134 Σοὶ
467 2105 554 2142 λέγω,
566 2107 606 2140 τῷ
615 2110 737 2144 πονηρῷ
746 2110 897 2146 δαιμονίῳ,

112 2150 219 2182 ἔξελθε
241 2150 293 2177 ἀπ’
319 2150 424 2177 αὐτοῦ.
449 2152 632 2180 Καταστέλλει
666 2155 747 2182 πάλιν
771 2157 900 2193 ἐπιτιμίῳ

112 2195 319 2231 κορυφουμένην
341 2196 392 2231 τὴν
416 2197 548 2225 ἄϐυσσον·
576 2200 740 2237 αὐτάνδρους
761 2202 789 2229 δὲ
808 2203 899 2236 πόλεις

112 2241 295 2276 κατακρίνων;
307 2242 365 2277 μετ’
373 2242 496 2275 ἐξουσίας
505 2245 596 2279 φησὶν,
608 2247 682 2273 Οὐαί
691 2255 750 2279 σοι,
759 2248 897 2282 Χοψαζῖν,

112 2288 180 2315 οὐαί
197 2296 257 2319 σοι,
275 2289 439 2323 Βηθσαιδά,
455 2290 505 2316 καὶ
520 2290 572 2321 σὺ,
586 2293 792 2329 Καπερναοὺμ,
806 2297 824 2330 ἡ
843 2295 898 2330 ἕως

112 2333 243 2366 οὐρανοῦ
260 2334 423 2368 ὐψωθεῖσα,
439 2335 493 2368 ἕως
509 2335 582 2369 ᾅδου
599 2339 764 2374 καταϐήσῃ.
776 2341 830 2367 Καὶ
849 2342 898 2377 τὴν

113 2379 231 2406 παλαιὰν
246 2380 384 2414 καθαιρῶν
401 2380 586 2418 Ἰερουσαλὴμ,
600 2384 691 2419 φησὶν,
703 2386 744 2412 οὐ
753 2386 796 2420 μὴ
807 2387 897 2422 μείνῃ

113 2426 198 2458 λίθος
213 2425 262 2452 ἐπὶ
280 2426 367 2453 λίθον
380 2427 426 2453 ἐπ’
438 2428 525 2462 αὐτῇ,
541 2429 609 2465 ὅπερ
623 2431 766 2465 γενόμενον
779 2433 897 2469 ὁρῶμεν.

115 2471 176 2502 Πῶς
191 2469 236 2498 οὖν
250 2471 296 2497 ἐπὶ
307 2471 409 2499 τούτων
423 2472 477 2499 τῶν
498 2474 628 2508 μειζόνων
641 2475 764 2512 μηδαμοῦ
778 2478 824 2504 τὸν
840 2479 898 2506 Ila.-

113 2517 180 2552 τέρα
211 2517 453 2552 ἐπικαλεσάμενος,
479 2518 495 2553 ἣ
520 2519 568 2554 τῆς
591 2520 655 2555 παρ’
681 2522 785 2549 ἐκείνου
808 2524 900 2559 ἰσχύος

113 2563 249 2598 δεόμενος,
270 2562 322 2590 ὑπὸ
335 2563 389 2590 τῶν
405 2563 553 2591 ἐλαττόνων
570 2566 703 2602 πατρόθεν
719 2567 768 2599 τὰς
789 2569 900 2605 εὐεργε-

115 2610 175 2641 σίας
191 2609 378 2644 δανειζόμενος
392 2610 454 2641 τοὺς
471 2611 625 2646 κάμνοντας
643 2613 768 2646 ἀκέεταις
792 2615 900 2649 Ἀπαγε

113 2653 170 2685 οὖν,
187 2655 346 2688 ὰξιάγαστε,
361 2656 410 2691 τῆς
426 2656 553 2690 τοιαύτης
571 2657 636 2692 περὶ
652 2659 768 2692 Χριστοῦ
785 2660 898 2692 ἑννοίας.

115 2701 150 2727 Οὺ
168 2701 223 2736 γὰρ
238 2701 299 2728 καθ’
315 2702 460 2737 ὑστέρησιν
477 2702 620 2736 αὐθεντίας
639 2704 655 2739 ἥ
679 2705 772 2740 ῥώμης
798 2707 827 2733 ἔν
844 2716 899 2734 τισι

795 134 969 164 DMLOGUS
1005 137 1050 166 lll’.

1664 145 1735 173 1022

951 200 1058 230 pturus,
1075 202 1102 224 et
1115 197 1141 224 in
1159 199 1315 228 servitutem
1332 201 1492 229 redacturus
1506 207 1579 232 esset
1596 202 1733 231 Gabaoni-

950 246 1007 275 tas;
1031 243 1103 277 quod
1128 243 1244 273 Davides
1263 252 1493 282 propugnatorem
1518 248 1732 282 alienigenarum

946 292 1082 314 armatum
1095 288 1243 322 tibialibus,
1258 295 1286 318 et
1299 291 1373 325 galea
1387 291 1512 326 gigantea
1523 291 1732 326 circumdalum,

948 337 1055 359 scutum
1073 338 1100 360 et
1116 334 1222 362 hastam
1247 336 1402 368 habentem,
1424 341 1511 363 totum
1533 336 1655 372 undique
1678 337 1733 364 fer-

948 385 1036 410 reum,
1050 378 1125 413 jaclu
1144 380 1240 415 lapidis
1255 382 1337 408 unico
1355 389 1388 409 ex
1407 381 1490 409 funda
1513 382 1540 408 in
1556 386 1656 409 terram
1671 389 1734 416 pro-

951 429 1098 457 straturus,
1115 431 1142 453 et
1157 427 1237 461 paulo
1249 432 1311 462 post
1325 433 1497 463 regnaturus,
1511 432 1538 455 et
1555 428 1639 454 multa
1655 428 1688 454 de
1705 434 1738 454 se

950 469 1149 498 vaticinaturus
1163 476 1245 499 esset.
1267 471 1519 506 Praecognoscebat,
1537 471 1733 507 apostolorum.

951 513 1158 546 prophetarum,
1178 519 1340 550 martyrum,
1356 516 1500 543 doctorum
1519 521 1736 550 ceterorumque

915 565 1026 585 sacrum
1047 564 1165 594 emtum;
1190 566 1226 595 et,
1254 566 1285 589 ut
1303 562 1420 589 breviter
1439 563 1531 589 omnia
1549 562 1648 594 dicam,
1671 569 1724 588 non

922 603 1051 632 omnibus
1066 605 1156 633 claudi
1177 606 1308 640 stadium,
1328 612 1354 634 et
1369 607 1473 634 aboleri
1489 608 1650 639 certamina,
1663 607 1740 635 forti-

1145 694 1403 723 lNTERﬂOGATlO
1419 695 1535 722 CXXVI.

987 739 1038 773 Qui
1055 741 1084 767 lit
1100 744 1129 767 ut
1144 748 1206 767 cum
1221 740 1295 767 dicat
1318 740 1457 772 Servator,
1478 741 1550 776 quod
1568 741 1736 776 quemadmo-

951 786 1014 812 dum
1024 785 1106 813 Pater
1118 786 1216 813 excitat
1239 791 1354 813 mortuos
1369 792 1392 814 et
1409 787 1535 822 viviﬁeat,
1553 787 1590 814 sic
1601 793 1626 814 et
1647 786 1734 814 Filius

951 840 1017 866 quos
1030 832 1084 859 vult
1100 832 1215 866 vivi/ictu
1227 833 1266 865 “;
1284 832 1316 858 ad
1334 832 1466 860 Lazarum
1482 833 1605 866 veniens,
1621 841 1674 860 non
1689 842 1736 861 ea—

951 879 1017 906 citet
1031 879 1119 912 ipsum
1137 882 1270 913 potestate
1287 879 1409 913 propria,
1429 879 1476 906 sed
1493 879 1600 906 invocet
1615 878 1734 911 Patrem,

952 925 1064 953 dicens:
1084 924 1173 957 Pater,
1193 924 1316 959 gloriﬁca
1333 923 1435 951 Filium
1450 929 1524 952 tuum
1534 925 1567 957 υ,
1583 925 1675 960 sicque
1692 933 1735 953 re-

952 975 1029 998 vocet
1042 978 1075 998 ex
1092 970 1210 997 mortuis
1224 969 1356 997 Laxarum
1368 970 1380 997 ?

1264 1015 1418 1050 Responsio.

985 1060 1057 1089 Nihil
1072 1061 1171 1088 horum
1186 1061 1239 1096 ipsi
1255 1061 1404 1096 quidquam
1420 1061 1563 1094 potestatis
1582 1061 1623 1088 vel
1641 1066 1736 1087 aucto-

950 1107 1038 1135 ritatis
1057 1107 1163 1134 adimit.
1185 1106 1275 1142 lnquit
1288 1107 1362 1134 enim
1381 1116 1388 1134 :
1406 1106 1519 1141 Propter
1533 1112 1664 1134 astantem
1681 1111 1738 1133 tur-

950 1154 1010 1180 bam
1034 1153 1103 1185 dixi,
1121 1158 1150 1180 ut
1166 1153 1275 1180 credant
1290 1152 1322 1179 “.
1337 1153 1409 1186 Quid
1423 1161 1486 1180 vero
1502 1161 1600 1180 rursus
1623 1152 1738 1187 subiun—

950 1198 1001 1233 git,
1018 1197 1051 1225 Ut
1064 1203 1089 1225 et
1105 1197 1192 1226 Filius
1208 1204 1232 1225 ιε
1256 1198 1408 1233 glori/ioci?
1422 1197 1550 1232 Nunquid
1569 1198 1650 1233 igitur
1668 1198 1738 1225 indi-

950 1247 995 1278 get
1009 1243 1107 1278 gloria,
1129 1251 1211 1278 quam
1234 1249 1419 1277 consequatur
1440 1250 1455 1269 a
1473 1243 1551 1275 Filio,
1570 1243 1670 1270 Pater?
1686 1242 1738 1270 Ne-

950 1296 1099 1324 quaquam.
1116 1288 1169 1316 Sed
1191 1288 1353 1324 gloriﬁcavit
1376 1287 1454 1316 Pater
1468 1288 1579 1319 Filium,
1603 1293 1631 1316 et
1653 1288 1740 1316 Filius

951 1334 1070 1367 Patrem,
1092 1333 1302 1362 manifestantes
1326 1334 1406 1362 nobis
1431 1342 1511 1361 suum
1529 1342 1693 1362 consensum
1711 1340 1739 1362 et

949 1381 1134 1416 aequalitatem
1151 1381 1254 1416 gloria.
1278 1379 1422 1413 Quomodo
1446 1387 1508 1407 vero
1534 1379 1563 1407 in
1588 1381 1738 1415 majoribus

950 1435 1064 1462 prorsus
1087 1426 1249 1453 auctoritate
1277 1433 1326 1452 sua
1344 1425 1448 1453 faciens
1474 1426 1564 1453 omnia
1589 1426 1684 1458 Filius,
1710 1427 1738 1453 in

951 1472 1104 1500 minoribus
1119 1475 1230 1506 paterna
1251 1471 1372 1512 indiget,
1384 1476 1414 1498 ut
1428 1471 1481 1504 ais,
1500 1471 1681 1507 permissione
1695 1471 1739 1498 vel

951 1519 1074 1546 auxilio?
1085 1518 1206 1546 Puniens
1220 1518 1292 1545 enim
1308 1522 1335 1545 et
1351 1517 1525 1545 benefaciens
1540 1526 1673 1552 nusquam
1686 1517 1739 1545 Pa-

953 1570 1022 1594 trem
1039 1565 1156 1593 invocat.
1180 1563 1259 1597 Nam,
1284 1562 1381 1595 Venite,
1402 1563 1500 1598 inquit,
1526 1564 1653 1590 benedicti
1683 1563 1738 1590 Pa-

951 1613 1001 1640 tris
1016 1611 1077 1644 mei,
1091 1610 1221 1646 possidete
1234 1613 1359 1644 paratum
1371 1609 1444 1636 vobis
1460 1617 1568 1644 regnum
1583 1609 1643 1636 inde
1658 1617 1739 1644 usque

951 1658 982 1685 ab
998 1658 1081 1693 jactt's
1102 1657 1280 1693 fundamentis
1300 1657 1393 1684 mundi
1405 1657 1439 1684 ".
1455 1656 1496 1684 Ad
1514 1657 1628 1684 alteram
1646 1661 1738 1683 autem

950 1709 1068 1740 partem,
1083 1703 1215 1731 Discedite
1229 1712 1247 1730 a
1270 1712 1322 1738 me,
1337 1703 1483 1735 maledicti,
1505 1703 1531 1729 in
1553 1703 1638 1737 ignem
1661 1707 1738 1729 teter-

951 1749 1056 1777 num“.
1078 1748 1118 1776 Ad
1138 1749 1316 1785 paralyticum
1341 1749 1448 1783 inquit;
1472 1747 1566 1783 Surge,
1589 1747 1649 1775 tolle
1664 1752 1738 1774 tuum

951 1796 1118 1831 grabbatum,
1133 1800 1157 1822 et
1175 1795 1218 1821 abi
1229 1795 1258 1822 in
1273 1795 1380 1822 domum
1398 1799 1471 1821 tuam
1482 1794 1516 1820 ⁴¹⁷.
1532 1793 1604 1821 Alibi
1619 1800 1735 1821 rursus:

952 1841 1012 1868 Tibi
1023 1841 1092 1874 dico,
1113 1841 1274 1874 adolescens,
1290 1849 1367 1876 surge
1379 1848 1411 1867 ea:
1428 1841 1540 1867 mortuis
1551 1839 1584 1866 ".
1604 1839 1737 1867 Similiter

950 1891 977 1914 et
989 1886 1051 1914 tilias.
1063 1886 1195 1921 principis
1210 1894 1355 1921 synagoga:
1367 1885 1502 1913 defunctas
1513 1885 1618 1920 inquit:
1630 1884 1735 1916 Puella,

950 1940 1027 1967 surge
1038 1932 1070 1958 ".
1084 1931 1203 1967 Leproso
1214 1937 1304 1959 autem
1316 1939 1331 1959 a
1344 1932 1445 1959 vertice
1458 1932 1491 1958 ad
1503 1931 1583 1966 pedes
1596 1938 1682 1965 usque
1694 1930 1735 1958 ul-

950 1979 1059 2006 ceribus
1073 1979 1162 2014 pleno,
1179 1983 1289 2005 extenta
1303 1985 1397 2009 manu,
1418 1977 1493 2009 Volo,
1506 1977 1604 2011 inquit,
1623 1976 1735 2004 mundus

949 2029 1005 2052 esto
1015 2025 1039 2040 '°
1057 2033 1064 2051 :
1078 2024 1123 2051 ubi
1139 2024 1241 2051 recedit
1260 2023 1384 2055 morbus,
1398 2023 1489 2050 divina
1505 2023 1644 2050 voluntate
1658 2021 1735 2056 fuga-

950 2074 1003 2098 tus.
1018 2069 1087 2097 Cum
1103 2070 1288 2105 increpatione
1302 2070 1365 2096 item
1378 2069 1468 2104 inquit
1483 2078 1489 2096 :
1505 2068 1563 2096 Tibi
1575 2069 1647 2101 dico,
1665 2069 1734 2095 mula

950 2116 1074 2148 deemoni,
1095 2116 1137 2142 exi
1161 2116 1193 2142 ab
1215 2116 1286 2142 eo“.
1307 2115 1422 2142 Cohibet
1441 2114 1525 2142 etiam
1548 2114 1733 2149 increpatione

950 2163 1080 2189 tumidam
1095 2162 1234 2197 abyssum.
1248 2161 1352 2189 Etcum
1364 2161 1430 2189 viris
1442 2161 1524 2188 urbes
1536 2161 1732 2193 condemnans,

950 2214 1012 2234 cum
1033 2212 1165 2242 potestate
1182 2207 1291 2242 inquit:
1311 2206 1354 2234 Va:
1373 2207 1432 2239 tibi,
1457 2207 1601 2240 Clzorazin,
1621 2215 1659 2234 ua:
1674 2207 1732 2240 tibi,

951 2253 1114 2284 Belhsuida;
1139 2259 1164 2280 et
1187 2258 1225 2286 tu,
1253 2252 1430 2290 Capernaum,
1451 2261 1511 2288 qute
1529 2261 1556 2280 es
1581 2253 1610 2279 in
1639 2252 1733 2279 calum

951 2307 1031 2333 usque
1055 2299 1184 2332 exaltata,
1214 2307 1294 2334 usque
1320 2299 1354 2326 ad
1371 2299 1468 2333 inferos
1488 2298 1625 2326 descendas
1638 2298 1670 2325 ".
1700 2297 1733 2324 Et

950 2348 1069 2371 vetetem
1082 2344 1178 2372 tollens
1187 2344 1412 2379 Hicrmolymam,
1427 2344 1514 2378 inquit
1526 2353 1532 2371 :
1544 2343 1606 2370 Non
1618 2344 1732 2371 manebit

951 2390 978 2416 in
986 2397 1016 2416 ea
1028 2389 1096 2424 lapis
1110 2398 1187 2424 super
1198 2389 1284 2424 lapide
1293 2390 1326 2416 ⁵⁸.
1343 2389 1371 2417 ld
1384 2391 1455 2424 quod
1471 2389 1570 2417 factum
1583 2390 1730 2417 cernimus.

950 2435 1092 2469 Quomodo
1106 2436 1188 2470 igitur
1209 2437 1234 2462 in
1256 2436 1405 2470 majoribus
1425 2435 1484 2463 istis
1502 2443 1635 2470 nusquam
1654 2436 1732 2463 invo-

950 2485 1011 2509 cato
1026 2481 1115 2514 Patre,
1141 2487 1187 2508 aut
1212 2481 1335 2516 indigens
1358 2481 1392 2508 ab
1411 2481 1470 2516 ipso
1493 2482 1600 2510 collatis
1613 2482 1729 2516 viribus,

950 2527 978 2554 in
998 2527 1149 2555 minoribus
1172 2535 1187 2553 a
1209 2526 1289 2554 Patre
1313 2527 1442 2554 bcnelicia
1462 2527 1541 2562 quasi
1563 2532 1659 2554 mutuo
1679 2535 1728 2555 su-

952 2580 1040 2604 mens.
1056 2572 1179 2600 medetur
1194 2572 1398 2599 laborantibus?
1416 2573 1494 2600 Absit
1509 2572 1591 2607 igitur
1605 2574 1699 2608 procul
1712 2581 1729 2600 a

952 2622 988 2648 te,
1019 2625 1036 2644 o
1063 2617 1278 2652 przeclarissime,
1304 2617 1365 2644 talis
1386 2616 1419 2644 de
1445 2617 1553 2645 Christo
1579 2619 1727 2653 cogitatio!

951 2661 1011 2689 Non
1026 2663 1099 2689 enim
1114 2662 1262 2689 secundum
1279 2661 1415 2689 defectum
1437 2662 1607 2690 auctoritatis
1623 2669 1671 2691 aut
1687 2672 1731 2690 ro-

952 2709 1027 2737 boris
1053 2709 1081 2736 in
1106 2708 1268 2743 quibusdam
1292 2708 1359 2736 locis
1383 2708 1489 2736 Patrem
1507 2709 1664 2744 alloquitur,
1684 2710 1731 2737 sed

148 2781 171 2820 ’ξ
192 2779 272 2807 Joan.
292 2789 324 2820 v._
338 2781 384 2820 gl.
397 2781 444 2820 _"_
462 2780 540 2808 Joan.
558 2782 659 2820 ut“.
699 2784 720 2800 ’³⁵
738 2784 816 2812 Joan.
839 2794 875 2819 ιιι,
895 2803 898 2808 ι

978 2787 1000 2802 ⁸⁵
1019 2786 1112 2814 Matth.
1131 2795 1194 2819 xxv,
1212 2787 1256 2814 5L
1296 2786 1318 2802 "'
1338 2786 1459 2814 ibid.“.
1498 2787 1518 2802 ⁸⁷
1539 2787 1632 2814 Matth.
1653 2796 1688 2820 ix,
1704 2789 1730 2815 6.

114 2815 136 2830 ⁸³
156 2815 293 2856 θρα-χιι,
307 2816 360 2856 ’μί
395 2816 418 2832 ⁸⁵
437 2817 503 2844 huc.
520 2825 584 2856 ¹ιιιιι,
606 2818 631 2844 5.
671 2819 693 2834 ιο
714 2820 808 2848 Matth.
829 2815 888 2855 vui,

956 2821 1039 2850 Marc.
1056 2823 1135 2855 ι,-Η;
1156 2815 1221 2850 Luc.
1238 2821 1318 2854 v,l5.
1357 2823 1378 2839 ἰ
1399 2822 1480 2850 Marc.
1500 2829 1519 2854 I,
1539 2823 1583 2849 25.
1621 2824 1644 2839 ⁵³
1665 2815 1729 2851 Ιέιιο.

113 2858 140 2883 x,
157 2851 202 2883 l3,
225 2851 267 2879 l5.
305 2851 330 2867 ⁸³
349 2850 415 2879 Luc.
438 2860 495 2886 xxx,
512 2852 556 2881 Η.
