1907 3043
77 136 148 168 1ῦ25

78 196 186 233 ηγορῶν
211 195 301 230 φαίνει
325 193 423 231 λέγων.
445 196 511 223 Ὀτι
538 195 612 229 Θεὸς
633 193 674 231 ἦν
696 196 730 223 ἐν
743 196 871 230 Χριστῷ,

78 245 195 277 κόσμον
207 241 303 274 ἐαυτῷ
317 241 540 269 καταλλάσσων
549 250 557 258 ·
574 242 623 278 οὐχ
642 243 657 269 ό
669 242 796 277 Χριστὸς,
813 242 872 269 ἀλλ’

78 289 91 316 5
103 289 220 317 tvo-.1:th
235 287 312 324 αὐτῷ
327 288 403 320 Θεός.

389 335 570 370 Ἀπόκρισις.

113 381 210 416 Πάσης
231 380 383 416 ὑπέρτερον
405 380 547 416 δυνάμεως
561 382 609 408 καὶ
632 380 802 417 κυριότητος,
820 381 873 407 ισο-

77 427 145 462 κλεῆ
162 427 226 454 ὄντα
237 426 277 462 τῷ
296 427 357 462 Θεῷ
369 427 417 454 καὶ
445 428 535 463 Πατρὶ
551 427 638 462 ἐγωγέ
652 436 724 463 φημι
743 427 789 453 τὸν
807 424 874 453 Θεὸν

78 473 208 508 Χριστόν.
235 473 302 500 Οὐδὲ
323 473 377 509 γὰρ
396 474 426 500 τὸ
449 473 550 509 Κύριον
572 473 697 510 εἰρῆσθαι
717 473 798 500 αὐτὸν
819 472 874 499 ὑπὸ

77 519 127 545 τοῦ
142 519 245 554 ὑψηλοῦ
262 520 435 552 ’Δποστόλον,
450 521 608 556 ἀφαιρεῖται
624 520 706 547 αὑτὸν
716 520 766 554 τῆς
780 519 874 554 θεότη-

78 574 135 597 τος.
153 566 215 592 Οὐδ’
228 563 262 592 αὖ
277 566 358 593 πάλιν
372 566 403 593 τὸ
418 567 500 600 Θεὸς,
519 567 548 594 ἐν
558 566 668 602 Χριστῷ
686 565 874 600 ἐνοικοὺμενον

78 612 161 638 αὐτὸν
174 611 309 639 δείκνυσιν
319 621 326 627 ·
344 612 383 644 ὦς
397 621 429 647 γε
449 613 479 645 ἐξ
496 612 578 639 αὐτοῦ
590 613 685 639 τούτου
699 612 746 639 καὶ
760 612 807 638 τοῦ
821 608 874 646 πρὸ

78 657 165 684 αὐτοῦ
194 657 299 692 ὑψηλοῦ
331 658 444 684 Ἡσαΐου
467 658 662 694 παιδευόμεθα.
694 659 723 684 ’0
751 657 800 693 μὲν
820 656 875 692 γὰρ

78 702 165 728 πάλαι
187 701 369 738 προφητεύων
389 703 454 738 περὶ
475 703 594 739 Χριστοῦ
611 711 688 738 φησι,
705 703 761 729 Καὶ
776 703 803 728 οι
822 703 875 728 Σε-

83 748 160 782 cum
177 747 286 781 ἄνδρες
297 749 469 782 omnem:
483 748 521 776 σὲ
534 748 738 782 διαϐήσονται,
752 747 803 774 καὶ
817 746 875 774 σοῦ

78 793 204 820 ἔσονται
228 793 343 826 δοῦλοι,
361 794 410 821 καὶ
431 795 528 821 ὀπίσω
543 803 602 822 σου
618 793 875 828 ἀκολουθήσουσι,

79 839 235 874 δεδεμένοι
249 839 447 874 χειροπέδαις,
464 840 509 867 ὅτι
521 841 556 867 ἐν
574 841 623 867 σοὶ
637 841 708 873 Θεός
725 840 800 867 ἐστι.
822 839 877 865 Καὶ

79 885 202 921 ἀναιρῶν
225 885 275 921 τὴν
290 886 361 913 κατὰ
379 886 409 913 σὲ
428 887 574 922 ὲνοικησιν,
593 885 670 918 αὖθις
693 886 801 921 ἐπάγει,
817 885 872 912 Καὶ

80 933 155 965 Θεὸς
169 933 226 960 οὐκ
240 933 307 960 ἐστι
321 933 406 967 πλὴν
424 934 497 961 σοῦ·
515 934 556 961 σὺ
570 934 626 969 γὰρ
648 933 677 962 εἶ
692 933 762 967 Θεὸς
778 933 873 968 ἡμῶν,

80 979 132 1005 καὶ
144 980 199 1006 οὐκ
211 979 344 1014 ᾔδειμεν,
360 982 376 1007 ὸ
390 980 462 1014 Θεὸς
476 981 530 1008 τοῦ
549 981 673 1015 Ἰσραὴλ
689 980 798 1014 σωτήρ.
820 979 875 1005 Καὶ

80 1026 163 1053 πάλιν
179 1026 193 1052 ὁ
210 1026 291 1058 αὐτὸς
308 1027 451 1062 προφήτης
474 1026 623 1061 ἧδει¹ὲτῶν
645 1035 723 1062 φησι,
753 1025 876 1052 Παιδίον

79 1072 229 1108 ἐγεννήθη
243 1072 326 1106 ἡμῖν,
338 1073 387 1099 καὶ
402 1072 536 1100 καλεῖται
547 1073 579 1099 τὸ
593 1073 686 1108 ὄνομα
699 1073 792 1100 αὐτοῦ
804 1072 876 1106 Θεὸς

83 1118 222 1152 ἰσχυρὸς,
239 1118 454 1151 ἐξουσιαστὴς.
482 1118 510 1145 '0
530 1118 558 1145 δὲ
575 1119 676 1154 ὑψηλὸς
692 1119 740 1154 τὴν
758 1119 877 1146 διάνοιαν

81 1163 190 1195 Παῦλός
210 1172 288 1200 φησι,
313 1164 442 1198 Χριστὸς
457 1165 500 1192 ὢν
515 1165 565 1191 ἐπὶ
586 1165 707 1192 πάντων
723 1165 805 1198 Θεὸς,
825 1167 876 1192 εὑ-

81 1210 214 1245 ,ιοτητὸς
233 1212 277 1244 εὶς
294 1210 362 1244 τοὺς
387 1210 507 1244 αιὼνας,
528 1211 618 1246 ἁμήν.
643 1211 679 1238 Τὸ
697 1212 736 1244 δὲ,
758 1212 876 1246 Κύριος,

83 1255 250 1292 ιεροψάλτης
269 1256 389 1283 δείκνυσι
411 1257 504 1289 Δαόὶδ,
533 1258 571 1293 μὴ
594 1256 647 1289 ἔξω
669 1257 802 1293 ὑπάρχειν
827 1258 877 1293 τῆς

82 1301 221 1337 θεότητος.
246 1303 302 1338 Τὴν
322 1303 377 1338 γὰρ
399 1302 559 1339 θεανδρικὴν
573 1302 621 1330 τοῦ
643 1302 710 1330 Θεοῦ
731 1303 777 1330 καὶ
789 1303 876 1336 Λόγου

82 1348 218 1383 ἔνσαρκον
233 1348 406 1383 ὲπιφοίτησιν
430 1348 612 1384 προμελῳδῶν
631 1356 723 1383 φησιν,
740 1348 877 1381 Εὐλογη-

81 1393 175 1428 μένος
191 1395 207 1421 d
225 1393 387 1428 ἐρχόμενος
400 1393 436 1421 ἐν
455 1394 577 1428 ὀνόματι
593 1394 715 1428 Κυρίου,
733 1393 805 1426 Θεὸς
818 1393 877 1420 Κύ-

81 1438 158 1472 plac,
192 1438 242 1464 καὶ
270 1438 406 1473 ἐπεφάνη
437 1438 520 1473 ἡμῖν.
543 1439 633 1475 Πάντη
660 1438 688 1464 δὲ
712 1439 746 1474 τῇ
772 1438 878 1473 Παλαιᾷ

84 1486 179 1520 Πυκτῇ
198 1484 245 1511 τὸν
268 1484 378 1516 Πατέρα
402 1483 504 1519 Κύριον
527 1485 550 1510 oi
576 1484 715 1510 Θεσπέσιοι
738 1483 878 1520 προφῆται

84 1539 185 1565 φασιν·
214 1531 328 1562 Ἡσαΐας
358 1531 408 1566 μὲν
433 1530 545 1565 ὑψηλὸς,
569 1529 640 1557 Τάδε
665 1529 745 1565 λέγει
770 1530 877 1564 Κύριος

83 1577 217 1604 Σαϐαὼθ.
245 1577 381 1613 Ἱερεμίας
397 1576 426 1602 δὲ
439 1578 454 1603 ὁ
476 1577 676 1610 πολυκίνδυνος,
705 1576 777 1604 Τάδε
796 1576 877 1611 ,λέγει

85 1625 193 1658 Κύριος
207 1622 431 1657 παντοκράτωρ.
455 1623 584 1658 Ἰεζεκιὴλ
601 1623 630 1649 δὲ
647 1623 662 1648 ὁ
674 1622 727 1648 τῶν
738 1622 879 1658 Χερουϐὶμ

85 1669 240 1705 ἐξηγητὴς,
270 1667 345 1695 Τάδε
367 1668 448 1704 ,λέγει
469 1669 575 1703 Κύριος
607 1668 740 1696 Ἀδωναΐ.
766 1667 877 1704 Κύριος,

84 1715 186 1751 ὁμοίως
197 1715 244 1741 καὶ
258 1714 356 1750 Δανιὴλ
370 1715 416 1741 καὶ
431 1715 455 1741 οἱ
469 1714 557 1741 λοιποὶ
572 1714 626 1741 τών
639 1713 795 1751 προφητῶν.
812 1714 878 1741 Οὐδὲ

85 1762 141 1796 γὰρ
152 1760 258 1792 Παῦλος
272 1761 394 1795 φάσκων,
415 1758 467 1793 Εἷς
484 1761 556 1794 Θεὸς
572 1762 589 1787 d
599 1761 712 1795 Πατὴρ,
728 1760 779 1793 ἔξω
798 1761 879 1788 αὐτὸν

85 1806 135 1842 τῆς
151 1806 313 1842 κυριότητος
329 1805 446 1841 τίθησιν,
466 1805 482 1840 ἢ
501 1806 582 1832 πάλιν
601 1805 696 1840 λέγων,
712 1803 756 1838 εἷς
770 1806 879 1839 Κύριος

92 1851 216 1885 Ἰησοῦς
225 1851 363 1885 Χριστὸς,
376 1851 428 1883 ἔξω
439 1851 519 1878 αὐτὸν
533 1851 583 1886 τῆς
599 1852 723 1886 θεότητος
732 1852 877 1879 δείκνυσιν.

87 1895 189 1924 οὐδ²αὗ
199 1897 280 1924 πάλιν
294 1897 433 1933 θεηγορῶν
445 1897 459 1922 ὁ
468 1897 540 1929 Υἱὸς,
555 1897 620 1924 Ἐπὶ
633 1897 669 1932 τῇ
683 1897 776 1931 πέτρᾳ
784 1899 878 1932 ταύτῃ

87 1943 275 1977 οἰκοδομήσω
294 1952 353 1978 μου
377 1943 435 1977 τὴν
467 1944 665 1977 Ἐκκλησίαν,
691 1943 804 1980 ἄμοιρον
829 1944 878 1979 τῆς

93 1989 258 2024 Ἐκκλησίας
277 1989 323 2015 τὸν
339 1989 451 2024 Πατέρα
471 1989 617 2018 δείκνυσιν.
644 1990 746 2017 Πάντα
769 1990 824 2026 γὰρ
843 1991 879 2018 τὰ

86 2035 153 2070 ἐμὰ,
168 2035 248 2071 φησὶ,
265 2034 306 2062 σά
322 2036 399 2067 ἐστι,
416 2035 517 2071 Πάτερ,
532 2036 581 2063 καὶ
595 2036 631 2063 τὰ
644 2036 686 2063 σὰ
705 2037 770 2072 ἐμά.
787 2037 878 2074 [Iqu

87 2081 115 2107 δὲ
131 2082 166 2116 τῇ
183 2080 244 2116 θείᾳ
265 2081 356 2116 Πυκτῇ
379 2081 410 2107 τὸ
433 2081 504 2115 Θεὸς
527 2082 573 2109 καὶ
591 2082 621 2108 τὸ
643 2083 747 2118 Κύριος
765 2084 877 2119 ἥνωται.

89 2126 273 2162 Ταυτώνυμον
286 2126 314 2153 δὲ
333 2127 381 2154 καὶ
392 2127 548 2160 ταυτόδοξον
563 2129 695 2164 ὑπάρχειν
709 2129 757 2156 καὶ
766 2130 797 2156 τὸ
807 2129 879 2157 θεῖ-ον

87 2173 136 2199 καὶ
159 2173 293 2207 πανάγιον
317 2172 446 2208 Πνεῦμα,
472 2175 518 2200 καὶ
539 2174 586 2201 τοῦ
611 2175 684 2210 ἱεροῦ
716 2176 878 2202 Ἀποστόλοιι

88 2218 274 2253 παιδευόμεθα
307 2219 525 2252 ἐπιστέλλοντος·
566 2221 596 2247 '0
628 2222 682 2259 γὰρ
711 2223 820 2256 Κύριος
844 2222 878 2249 τὸ

87 2264 208 2299 πνεῦμά
234 2264 310 2291 ἐστι.
328 2265 389 2297 Τοῖς
411 2264 458 2292 οὖν
481 2266 633 2299 ὀξυωποῦσι
650 2267 714 2303 περὶ
734 2267 783 2304 τὴν
801 2268 877 2295 θείαν

87 2311 212 2345 Γραφὴν,
232 2311 264 2337 οὐ
291 2310 361 2344 δόξει
395 2311 461 2338 ποτὲ
485 2312 629 2347 διαφωνεῖν
656 2313 673 2349 ἢ
697 2313 876 2349 διαμάχεσθαι

91 2357 173 2392 αὐτῇ.
194 2356 242 2383 νῦν
274 2357 324 2392 μὲν
347 2357 382 2384 τὰ
411 2357 545 2394 θειότερα,
564 2359 611 2386 νῦν
626 2359 653 2386 δὲ
674 2359 721 2395 τὴν
743 2361 878 2394 συγκατά-

88 2402 169 2428 6ασιν
199 2402 368 2438 κηρύττουσι]
399 2404 468 2440 πρὸς
501 2404 550 2441 τὴν
582 2405 701 2432 διάνοιαν
721 2406 768 2433 τοῦ
806 2407 877 2443 ὑπη-

87 2448 153 2474 κόου
170 2447 377 2484 ἀρμοττομένη·
396 2449 476 2476 οἱονεὶ
496 2450 650 2484 φιλότεκνος
665 2453 756 2488 μήτηρ
782 2453 878 2480 καταλ-

87 2492 178 2529 λήλως
208 2494 273 2526 τοὺς
314 2494 411 2526 παῖδας
440 2496 626 2531 ἐκτρέφουσα,
662 2499 725 2529 τοὺς
747 2498 797 2534 μὲν
834 2499 876 2526 ἔτι

88 2539 211 2571 ἁπαλοὺς
224 2539 279 2566 τῶν
299 2540 461 2573 ὑποτίτθων,
476 2542 556 2568 οἱονεὶ
565 2543 635 2576 γάλα
648 2544 803 2577 ποτίζουσα,
814 2547 878 2579 τοὺς

87 2585 116 2611 δὲ
139 2586 353 2621 ἑχφοιτήσαντας
378 2587 428 2622 τῆς
449 2588 548 2622 νηπίοις
570 2591 772 2623 καταστάσεως,
792 2592 878 2628 λαχά-

89 2639 145 2662 νοις
158 2631 375 2668 ὑπεκτρέφουσα,
385 2634 442 2664 τοίς
459 2633 487 2659 δὲ
503 2634 677 2672 τελειοτέροις
690 2636 774 2673 ἄρτον
794 2639 877 2674 κομί-

90 2677 184 2708 ζουσα.
208 2677 280 2712 Πρὸς
299 2677 353 2714 γὰρ
364 2679 535 2715 ἀμφοτέρους
553 2682 634 2716 φησὶν
646 2683 660 2709 ὸ
672 2682 776 2719 ὑψηλὸς
797 2685 878 2712 Ἀπό-

91 2723 193 2757 στολος,
207 2723 293 2751 Γάλα
309 2723 386 2759 ὑμᾶς
399 2725 534 2758 ἐπότισα,
551 2727 600 2754 και
619 2729 655 2755 οὺ
667 2729 782 2764 βρῶμα,
797 2732 880 2760 οὔπω

770 133 944 167 DlALOGUS
959 138 1004 167 lll.

1645 138 1715 169 meo

926 198 993 226 mihi
1020 198 1109 225 facere
1133 198 1250 230 videtnr,
1275 196 1347 232 quod
1372 198 1459 233 inquit
1476 197 1628 231 :Quoniam
1647 199 1717 226 Deus

922 250 980 272 erat
995 245 1023 272 in
1039 244 1156 276 Christo,
1172 245 1301 272 rutundum
1323 245 1501 272 reconcilians
1516 244 1579 272 sibi.
1594 244 1654 272 Non
1674 245 1717 272 ia-

923 291 1012 319 ciebat
1028 291 1082 318 hoc
1101 290 1241 324 Christus,
1267 292 1312 318 scd
1331 291 1489 318 inhabitans
1507 291 1534 317 in
1552 291 1612 325 ipso
1630 291 1715 319 Deus.

1242 336 1395 372 Responsio.
1711 328 1715 333 ’

959 382 1094 418 Equidem
1117 383 1162 411 aio
1178 383 1318 411 Christum
1343 391 1402 410 esse
1414 383 1500 410 Deum
1523 390 1606 417 supra
1622 389 1718 410 omnes

924 435 1075 466 potestates
1087 435 1113 458 et
1125 430 1293 462 dominatus,
1313 430 1443 464 aequalem
1457 429 1542 464 gloria
1557 429 1612 456 Deo
1625 433 1651 456 et
1667 428 1718 456 Pa-

926 477 970 504 tri.
985 476 1078 511 Neque
1094 476 1165 502 enim
1183 480 1325 510 propterea
1340 476 1411 510 quod
1429 475 1562 502 Dominus
1576 482 1591 502 a
1607 475 1717 502 sublimi

926 523 1013 550 dictus
1029 523 1063 549 sit
1084 522 1226 557 Apostolo,
1243 521 1372 549 divinitas
1396 522 1447 556 ipsi
1467 522 1605 548 adimitur.
1624 519 1718 556 Neque

925 568 989 595 item
1006 567 1377 601 alterumillud,Deus,aDeo
1386 568 1564 602 fuisseipsum
1580 567 1718 594 inhabita—

925 618 982 640 tum
997 613 1099 640 indicat
1117 621 1124 639 :
1140 613 1370 648 quemadmodum
1385 620 1432 647 per
1450 612 1523 639 hunc
1539 613 1628 647 ipsum
1642 613 1717 647 Apo-

925 659 1037 690 stolum,
1063 664 1145 693 prout
1167 666 1200 685 ex
1217 659 1268 686 hoc
1294 658 1363 693 ipso,
1383 662 1410 685 et
1434 665 1482 693 per
1504 663 1582 685 :ctate
1599 658 1718 692 priorem

926 705 986 740 ipso
1002 705 1148 732 sublimem
1165 704 1263 731 lsaiam
1289 705 1428 732 docemur.
1451 703 1518 730 Nam
1544 704 1589 731 hic
1602 705 1666 731 olim
1684 705 1718 731 de

925 751 1035 779 Christo
1051 751 1211 783 vaticinans,
1226 751 1330 785 inquit:
1343 749 1377 776 Et
1391 751 1440 777 uiri
1455 749 1560 777 Seboim
1576 751 1666 777 eximii
1683 750 1718 776 od

927 802 951 824 te
965 796 1126 828 transibunt,
1141 801 1165 823 et
1182 801 1258 822 erunt
1278 797 1344 823 servi
1361 796 1411 828 tui,
1425 800 1450 822 et
1463 801 1521 830 post
1538 799 1562 822 te
1576 800 1720 830 sequentur

927 844 1007 871 vincti
1030 844 1153 876 manicis,
1174 843 1300 878 quoniam
1315 843 1341 869 in
1359 847 1382 869 te
1406 842 1474 869 Deus
1492 846 1530 869 est
1543 841 1577 868 ".
1593 841 1719 868 Tollens-

927 897 980 924 que
1001 897 1060 916 eam
1078 889 1112 916 de
1134 896 1188 924 qua
1212 894 1239 916 tu
1264 888 1331 915 dicis
1355 888 1592 920 inhabitationem,
1619 895 1716 914 rursus

926 935 1067 970 subiungit
1081 944 1088 962 :
1103 934 1138 961 Et
1161 943 1212 961 non
1227 940 1266 961 est
1288 934 1358 961 Deus
1379 939 1475 969 prwter
1500 938 1544 960 te:
1561 938 1589 960 tu
1608 933 1677 960 enim
1691 941 1719 960 es

925 981 997 1008 Deus
1026 987 1126 1013 noster,
1153 987 1175 1008 et
1203 980 1394 1013 nesciebamus,
1419 981 1489 1007 Deus
1515 979 1600 1007 Israel
1628 979 1718 1007 salvu-

927 1031 969 1054 ιω·
980 1027 1011 1053 ⁸⁸.
1031 1026 1063 1054 Et
1079 1034 1177 1054 rursus
1189 1027 1260 1054 idem
1276 1031 1352 1054 vates
1370 1032 1492 1054 ante.....
1510 1034 1598 1054 annos
1611 1026 1717 1061 inquit:

926 1073 999 1101 Puer
1023 1079 1102 1100 natus
1119 1078 1157 1101 est
1181 1074 1256 1100 nobis
1273 1078 1298 1100 et
1316 1073 1402 1108 ﬁlius,
1424 1079 1448 1100 et
1466 1073 1603 1100 vocabitur
1626 1080 1718 1099 nomen

926 1119 984 1154 ejus
1017 1119 1088 1146 Deus
1121 1120 1218 1153 fortis,
1245 1119 1406 1146 Dominator
1417 1119 1451 1145 υ.
1482 1117 1599 1145 Sublimi
1627 1122 1719 1145 autem

926 1169 1018 1192 mente
1041 1165 1171 1200 pmditus
1202 1164 1304 1192 Paulus
1326 1165 1425 1199 inquit,
1455 1163 1577 1191 Christus
1608 1164 1655 1199 qui
1679 1167 1719 1190 est

928 1218 1005 1245 super
1027 1211 1117 1237 omnia
1142 1210 1210 1238 Deus
1231 1210 1381 1237 benedictus
1405 1210 1431 1236 in
1458 1209 1568 1241 srecula,
1594 1209 1675 1235 Amen
1685 1208 1719 1234 ⁶¹.

927 1255 994 1282 illud
1015 1261 1105 1283 autem
1119 1257 1192 1291 quod
1209 1255 1343 1282 Dominus
1360 1255 1471 1287 dicitur,
1492 1254 1595 1282 Psaltes
1612 1254 1722 1281 divinus

928 1301 1043 1329 Davides
1053 1302 1183 1334 ostendit,
1208 1310 1263 1329 non
1282 1306 1358 1328 extra
1382 1301 1552 1328 divinitatem
1568 1307 1642 1333 esse;
1657 1307 1720 1327 nam

928 1347 1067 1381 conjuncti
1082 1355 1145 1374 cum
1162 1347 1220 1374 Deo
1238 1347 1371 1378 hominis,
1388 1346 1434 1373 Dei
1455 1351 1482 1374 et
1495 1345 1577 1373 Verbi
1595 1345 1622 1372 in
1638 1351 1722 1372 carne

928 1394 1077 1421 adventum
1099 1394 1126 1420 in
1147 1395 1205 1420 suis
1233 1392 1383 1428 praedicens
1402 1393 1584 1423 carminibus,
1608 1391 1719 1426 inquit:

928 1438 1085 1466 Benedictus
1098 1439 1142 1474 qui
1159 1439 1227 1465 venit
1245 1440 1271 1465 in
1288 1438 1394 1465 nomine
1411 1438 1527 1468 Domini,
1544 1437 1614 1464 Deus
1627 1437 1721 1463 Domi-

929 1493 989 1517 nus,
1015 1490 1039 1512 et
1064 1490 1189 1520 apparuit
1213 1484 1288 1511 nobis
1299 1483 1332 1511 ⁸³.
1363 1483 1464 1519 Utique
1486 1488 1575 1511 autem
1596 1483 1623 1510 in
1648 1482 1722 1510 Scri-

930 1537 1011 1567 ptura
1022 1532 1114 1559 Veteri
1129 1531 1237 1558 Patrem
1251 1530 1397 1558 Dominum
1415 1531 1555 1565 prophetae
1571 1530 1655 1557 divini
1673 1537 1722 1556 vo-

930 1581 1005 1604 cant.
1022 1577 1116 1604 Esaias
1133 1577 1243 1612 quidem
1261 1576 1306 1604 ille
1320 1575 1436 1603 eximius
1451 1583 1512 1602 cum
1528 1575 1582 1602 ait:
1599 1574 1663 1601 Ηαιο
1678 1574 1723 1601 ιιι-

929 1623 966 1650 cit
980 1623 1110 1650 Dominus
1124 1623 1236 1649 sabaotlt
1247 1621 1281 1649 “.
1297 1621 1449 1648 Hieremias
1466 1627 1531 1648 vero
1548 1620 1632 1647 ntulta
1658 1628 1721 1654 per-

928 1677 1038 1704 pessus,
1048 1669 1112 1697 Haec
1124 1669 1188 1696 dicit
1204 1669 1330 1696 Dominus
1342 1669 1506 1702 omnipotens
1515 1667 1549 1694 ⁸⁵.
1562 1666 1724 1694 Ezechiclus

929 1721 1020 1744 autem
1045 1721 1188 1744 enarrator
1216 1715 1261 1742 ille
1277 1714 1460 1742 cherubormn
1478 1722 1484 1740 :
1501 1712 1566 1740 Han:
1591 1712 1656 1740 dicit
1671 1712 1724 1739 Do:

929 1765 1018 1791 minus
1039 1763 1144 1790 Adunai
1154 1762 1188 1789 “.
1217 1762 1349 1789 Similiter
1372 1766 1400 1788 et
1421 1759 1562 1792 Danielus,
1587 1765 1615 1787 et
1629 1760 1721 1788 caeteri

930 1814 1017 1837 vates.
1039 1810 1132 1844 Neque
1155 1809 1226 1836 enim
1243 1808 1345 1836 Paulus
1367 1816 1431 1836 cum
1458 1807 1557 1842 inquit,
1586 1805 1659 1833 Unus
1682 1808 1723 1833 est

931 1855 1001 1882 Deus
1024 1854 1107 1882 Pater
1118 1855 1151 1894 °_",
1177 1855 1266 1889 ipsum
1291 1860 1367 1881 extra
1390 1852 1605 1880 dominationem
1634 1851 1722 1886 ponit.

930 1900 973 1928 vel
990 1901 1048 1928 vice
1075 1908 1239 1932 versa,cum
1263 1899 1369 1934 inquit:
1389 1898 1462 1926 Unus
1491 1897 1618 1924 Dominus
1643 1895 1724 1923 Iesus

931 1946 1054 1974 Christus
1064 1947 1098 1980 “,
1115 1947 1204 1982 ipsum
1220 1950 1296 1973 extra
1310 1945 1479 1973 divinitatem
1497 1951 1558 1970 esse
1577 1942 1722 1977 signiﬁcat.

931 1993 1025 2028 Neque
1048 1994 1113 2021 item
1141 2001 1202 2020 cum
1232 1992 1291 2026 ipse
1313 1991 1399 2019 Filius
1426 1988 1724 2023 concionatur:Super

931 2041 998 2067 hanc
1010 2044 1110 2074 petram
1124 2039 1262 2072 wdi/icaba
1278 2037 1425 2064 Ecclesium
1440 2045 1524 2063 nteant
1535 2036 1569 2068 θ’,
1582 2040 1722 2070 expertum

931 2086 1060 2114 Ecclesiae
1083 2085 1190 2112 Patrem
1213 2084 1353 2112 ostendit:
1369 2083 1466 2111 Omnia
1490 2084 1563 2109 enim
1589 2090 1656 2111 mea.
1681 2081 1725 2108 iu-

931 2132 1002 2168 quit.
1017 2136 1063 2158 tua
1079 2135 1151 2163 sunt,
1168 2130 1259 2162 Pater,
1278 2134 1303 2157 et
1321 2135 1365 2156 luu
1383 2137 1440 2156 mea
1463 2133 1523 2154 sunt
1535 2128 1568 2154 ⁷⁸.
1588 2126 1724 2154 Nimirum

933 2178 1035 2213 ubique
1049 2178 1135 2206 sacris
1151 2178 1178 2204 in
1197 2176 1307 2204 Litteris
1320 2176 1378 2203 haec
1395 2176 1450 2202 duo
1465 2174 1608 2207 vocabula,
1624 2181 1723 2208 nempe

933 2224 1005 2252 Deus
1021 2228 1048 2252 et
1063 2223 1296 2258 Dominusjuncta
1312 2225 1385 2249 sunt.
1406 2221 1534 2255 Ejusdem
1551 2227 1615 2247 vero
1638 2219 1727 2246 nomi-

932 2273 974 2300 nis
986 2271 1108 2306 eJusdem
1128 2270 1221 2305 gloria:
1238 2274 1265 2297 et
1277 2269 1399 2296 divinum
1418 2273 1499 2302 atque
1514 2270 1722 2294 sacrosanctum

932 2314 1065 2350 Spiritum
1092 2322 1154 2341 esse
1181 2321 1214 2340 ex
1244 2313 1307 2340 divo
1333 2312 1466 2340 discimus
1487 2311 1630 2346 Apostolo,
1654 2311 1727 2337 scrio

932 2362 1013 2390 bente
1034 2361 1061 2387 in
1079 2361 1137 2388 huic
1160 2360 1241 2387 verba
1258 2369 1264 2387 ε
1282 2359 1412 2386 Dominus
1433 2358 1542 2393 spiritus
1568 2362 1606 2384 est
1618 2357 1650 2384 τι.
1668 2355 1726 2383 Illis

932 2407 1017 2443 igitur
1040 2407 1088 2441 qui
1120 2405 1220 2433 divinis
1251 2405 1279 2432 in
1307 2404 1418 2432 Litteris
1445 2403 1616 2440 perspicaces
1642 2407 1726 2434 sunt,

932 2461 1074 2489 nunquam
1101 2460 1142 2480 eae
1157 2452 1322 2480 videbuntur
1341 2459 1356 2479 a
1382 2459 1412 2479 se
1432 2450 1587 2482 dissentire,
1612 2448 1653 2476 vel
1671 2447 1725 2475 sibi

930 2506 1103 2534 repugnare;
1120 2505 1182 2524 cum
1201 2504 1275 2524 nunc
1288 2496 1399 2530 quidem
1418 2495 1564 2526 diviniora,
1581 2501 1655 2520 nunc
1674 2500 1726 2519 au-

931 2550 985 2573 tem
1015 2544 1165 2571 humiliora
1187 2542 1382 2577 praedicantes,
1410 2540 1544 2568 auditoris
1573 2537 1725 2566 intellectui

933 2600 996 2620 sese
1013 2589 1236 2622 accommodant,
1257 2588 1339 2616 veluti
1364 2587 1512 2614 liberorum
1542 2584 1607 2612 facit
1628 2592 1725 2612 amans

934 2643 1033 2671 mater,
1060 2637 1239 2665 conveniente
1261 2634 1380 2670 quadam
1407 2633 1514 2660 ratione
1537 2631 1639 2659 liberos
1657 2630 1725 2657 edu-

934 2691 1011 2717 cans,
1035 2690 1098 2718 quae
1114 2682 1183 2709 alios
1203 2681 1312 2716 quidem
1336 2679 1426 2707 adhuc
1449 2684 1566 2709 teucros,
1591 2679 1664 2704 velut
1680 2676 1725 2702 in-

935 2731 1024 2758 fantes
1046 2731 1119 2757 lacte
1142 2731 1235 2763 potat;
1260 2734 1308 2754 eos
1328 2733 1393 2753 vero
1410 2725 1456 2760 qui
1479 2723 1600 2751 infantia:
1624 2726 1724 2750 statum

125 2823 150 2863 ’ξ
168 2824 221 2853 lsa.
241 2833 302 2858 xu,
314 2825 373 2863 H._
386 2826 411 2863 ξ’
430 2825 553 2863 ἱιιὶιΙᾼξί]
590 2826 684 2863 “fisa.
705 2834 742 2863 tr.
763 2829 789 2857 6.
828 2832 850 2847 ⁶¹
869 2831 946 2859 Rom.
969 2838 1006 2863 tr.
1026 2831 1053 2858 5.
1091 2829 1116 2845 ⁸³
1129 2829 1201 2856 Psal.
1215 2836 1299 2861 csvu,
1312 2828 1356 2856 27.
1395 2828 1418 2844 υ
1432 2828 1485 2855 lsa.
1500 2826 1556 2863 v.9
1566 2823 1727 2863 see._LXXo

92 2858 236 2901 adorem:
257 2868 344 2892 xnu,
363 2861 466 2901 “sec.
603 2862 628 2878 "
646 2861 744 2901 Ezec_h.
764 2873 811 2901 ιιι,
828 2866 863 2895 9,8

932 2858 1034 2895 ζωαί.
1072 2865 1093 2882 ⁵⁷
1116 2865 1125 2891 1
1145 2864 1207 2893 Co‘r.
1229 2858 1335 2898 vrtt,'9.
1374 2863 1397 2881 ⁸³
1415 2863 1482 2892 ibid.
1519 2858 1544 2879 δ’
1564 2860 1660 2888 Matth.
1670 2867 1727 2893 nr,

92 2894 135 2924 18.
174 2896 197 2912 ⁷⁶
216 2895 296 2924 Joan.
317 2903 383 2931 xvu,
397 2896 440 2924 10.
479 2897 501 2914 ⁷¹
519 2897 529 2924 l
548 2897 612 2925 Cor.
632 2904 675 2932 ut,
690 2897 733 2924 i7.
