1907 3043
83 135 151 163 1019

86 192 233 222 Ἰουδαίους
247 191 294 218 καὶ
307 189 523 226 ξξουδενοῦντας,
540 188 587 215 καὶ
601 187 668 214 Θεὸν
680 186 761 214 αὐτὸν
777 186 865 220 ὑπάρ-

80 247 139 274 χειν
152 238 304 273 οἰομένους,
314 237 358 262 διὰ
368 236 398 262 τὸ
413 236 482 271 μηδὲ
496 236 581 269 τάφον
596 233 679 260 αὑτοῦ
693 231 870 268 εὑρίσκεσθαι

82 284 164 320 μέχρι
177 285 309 318 τήμερον,
324 283 370 308 καὶ
383 282 449 308 ὅταν
473 281 532 316 ἅμα
552 280 643 307 Ἠλίου
661 279 709 306 τοῦ
729 278 871 313 προφήτου

79 329 127 354 ἐπὶ
137 329 185 364 τῆς
191 327 347 364 ἀκρωρείας
354 326 478 361 παρέστη
488 324 597 361 Χριστῷ
607 323 850 360 μεταμορφωθέντι
863 332 872 339 ο

80 374 150 401 ὥστε
166 375 213 409 μὲν
239 374 326 401 δοκεῖν
349 373 448 403 αὐτοὺς
468 372 508 398 ἔτι
529 371 579 406 ζῇν
596 370 678 397 αὐτὸν
699 368 746 396 ἴσα
780 369 871 396 Ἠλίου

81 419 265 454 μετατεθέντα
289 420 317 445 ὲν
335 417 416 454 σαρκί
428 426 435 433 ·
457 416 644 444 καταστέλλων
663 415 753 442 αὐτῶν
768 415 799 442 τὸ
822 415 873 449 φύ-

81 474 174 500 σημα,
207 464 255 492 καὶ
279 464 329 500 ¹τὴν
355 464 510 499 φλεγμονὴν
532 463 584 497 τῆς
606 460 713 493 εἰκαῖας
736 462 802 497 περὶ
825 461 872 501 τὸν

79 511 167 547 ἄνδρα
184 511 264 546 δόξης
276 531 283 543 ,
295 510 391 545 θνητὸν
407 509 568 540 ἀποδεικνὺς
583 508 675 539 αὑτὸν,
692 507 740 534 καὶ
754 507 803 542 τῆς
823 507 872 533 αὺ-

79 558 132 592 τῆς
149 559 216 592 ἡμῖν
238 557 346 591 φύσεως
357 577 364 587 ,
380 556 461 582 οῑονεὶ
481 554 711 582 δακτυλοδεικτῶν
728 554 810 581 αὑτὸν
825 553 872 580 καὶ

80 604 206 638 φάσκων,
231 602 334 638 om»;
355 602 486 636 ὑπάρχων
508 601 597 628 ἔθανε
613 600 737 635 Μωσῆς,
753 601 779 627 τί
802 609 873 635 κομ-

80 649 195 682 πάζετε.
210 646 232 675 ὢ
251 648 371 675 Ἰουδαῖοι
384 656 391 680 ;
409 648 456 674 καὶ
467 647 548 674 πάλιν
565 648 580 674 ὁ
594 648 675 678 αὑτός
687 656 756 682 φησι
769 647 873 682 διελέγ-

80 704 138 731 χων
155 695 253 726 αὐτοὺς
265 715 271 725 .
285 693 379 728 Μέχρι
392 693 447 728 γὰρ
463 693 607 728 σήμερον,
622 693 715 728 ’ἡνίκα
731 692 874 728 ἀναγινώ-

80 749 186 767 σκεται
198 739 325 774 Μωσῆς,
341 739 481 774 κάλυμμα
490 739 538 765 ἐπὶ
551 738 609 772 τὴν
625 738 752 772 καρδίαν
774 738 875 765 αὐτῶν

82 787 188 813 κεῖται.
210 783 274 822 *Δρ*
293 784 339 812 οὖν
359 785 438 821 μέχρι
456 784 563 811 Παύλου
582 783 662 819 μόνον
686 783 703 819 ἦ
725 783 775 810 καὶ
792 783 873 820 μέχρι

84 833 243 864 συντελείας
272 831 358 863 αὐτῆς
398 831 519 857 Ἰουδαῖοι
554 829 759 864 τυφλώττουσι;
788 829 872 856 Πάλιν

82 880 105 906 δ’
125 880 140 906 ὁ
170 879 253 910 αὐτὸς
277 877 443 905 ἐπιστέλλων
473 876 630 912 Κορινθίοις
662 876 764 912 φησίν·
791 876 873 910 Ἄχρι

87 925 139 951 καὶ
165 922 251 958 ὑμῶν
283 922 459 957 ἐφθάσαμεν
484 921 519 948 ἐν
544 920 584 954 τῷ
619 921 791 955 Euam-eligi
822 920 874 947 τοῦ

84 970 226 1005 Χριστοῦ.
252 967 316 1004 Ἆρ’
339 969 370 995 οὐ
394 969 474 1004 μέχρι
502 967 635 1003 Κορίνθου
659 967 761 1002 μόνης,
785 967 802 1002 ῆ
827 968 875 994 καὶ

85 1017 142 1044 ἀπὸ
164 1017 212 1051 τῆς
238 1015 308 1051 ἑῴας
333 1015 414 1050 μέχρι
436 1014 489 1040 τῶν
508 1013 643 1049 ἑσπερίων
665 1013 781 1048 ἔφθασεν
804 1012 876 1039 ὠκυ-

85 1063 176 1089 mam
188 1061 280 1095 κύκλῳ
290 1061 320 1088 τὸ
339 1060 556 1096 ’1λλυρικδν,καὶ
580 1059 677 1095 μέχρις
699 1059 786 1094 αὐτῆς
807 1058 875 1085 Ῥώ-

87 1118 141 1144 μης
159 1107 300 1134 καταντὼν
318 1107 466 1142 ὲκήρυττες
488 1107 542 1132 Καὶ
566 1106 646 1133 πάλιν
658 1106 672 1132 ὁ
688 1106 771 1137 αὑτός
792 1114 874 1141 φησι·

85 1153 339 1189 Πηρακαλοῦντες
361 1152 488 1185 ἑαυτοὺς
504 1153 574 1179 καθ’
590 1152 725 1187 ἑκάστην
749 1151 875 1186 ἡμέραν.

84 1202 174 1236 ἤχοις
195 1197 231 1228 οὗ
247 1200 279 1226 τὸ
299 1198 433 1234 σήμερον
450 1198 594 1225 καλεῖται.
624 1198 704 1225 Ἀλλὰ
726 1199 773 1225 καὶ
797 1197 877 1226 Δαὸὶδ

85 1247 219 1282 προεῖπεν
240 1246 254 1272 ὁ
275 1244 435 1276 θεσπέσιος,
461 1243 597 1278 Σήμερον
620 1244 674 1270 ἐὰν
699 1243 754 1278 τῆς
774 1245 875 1279 φωνῆς

84 1291 181 1319 αὑτοῦ
203 1291 365 1324 ἀκούσητε,
384 1290 432 1317 τοῦ
446 1290 513 1317 Θεοῦ
528 1289 665 1326 δηλονότι,
676 1289 719 1325 μὴ
740 1292 877 1325 σκληρύ-

85 1346 159 1371 νηῖε
173 1337 227 1370 τὰς
243 1337 367 1371 καρδίας
377 1333 460 1371 ὑμῶν
471 1336 510 1369 ὼς
522 1336 557 1362 ἐν
573 1335 613 1368 τῷ
626 1337 876 1371 παραπικρασμῷ,

86 1384 162 1410 κατὰ
183 1383 242 1417 τὴν
266 1382 380 1417 ἡμέραν
400 1381 453 1410 τοῦ
478 1381 644 1416 πειρασμοῦ
662 1381 698 1408 ἐν
719 1381 756 1417 τῇ
769 1382 876 1416 ἐρήμῳ,

86 1431 177 1465 Μέχρι
195 1431 251 1461 τοῖς
275 1427 322 1456 οὖν
339 1428 421 1456 Δαῦὶδ
445 1428 536 1462 μόνοις
556 1429 694 1463 ἀναγκαία
710 1425 764 1464 ἆρα
787 1430 804 1464 ἡ
828 1429 879 1463 τῆς

87 1477 164 1508 θείας
191 1476 283 1511 φωνῆς
303 1475 432 1510 ὐπακοή;
461 1473 492 1500 Ὢ
513 1474 562 1509 τῆς
586 1474 730 1510 παροινίας
746 1474 800 1501 τῶν
816 1474 878 1510 εἰκῆ

87 1522 179 1556 σοφῶν
189 1523 195 1547 l
206 1521 283 1548 αὐτοὶ
293 1521 341 1556 μὲν
350 1520 467 1557 Χριστοῦ
476 1521 645 1556 ὑπάρχοντες
652 1519 880 1557 δημιουργήματα

89 1568 160 1604 μετὰ
183 1568 228 1594 τὸν
254 1567 390 1594 ἐνεστῶτα
413 1567 498 1593 αἰῶνα
523 1567 656 1602 ἄφθαρτοι
679 1568 725 1594 καὶ
749 1568 879 1595 ἀθάνατοι

87 1615 264 1650 ἀνιστάμενοι
279 1614 323 1640 διὰ
336 1613 437 1646 παντὸς
452 1614 589 1648 μένωμεν,
605 1613 685 1645 αὐτὸς
700 1614 727 1640 δὲ
738 1611 792 1649 ἆρα
806 1615 820 1641 ὀ
833 1614 879 1641 τοῦ

89 1661 192 1693 παντὸς
208 1661 376 1697 ἁρχιτέκτων
394 1662 441 1688 καὶ
455 1661 597 1696 πρύτανις,
616 1662 655 1691 εἰς
676 1661 786 1696 Πατέρα
802 1661 881 1686 παλι-

88 1708 224 1741 νοστήσας
245 1706 295 1733 οὐκ
312 1706 405 1739 anm;
424 1706 486 1738 Πῶς
501 1706 590 1733 δὲκαὶ
611 1706 763 1741 βασιλεύειν
788 1706 881 1738 ἁῖδίως

92 1753 142 1778 καὶ
155 1752 299 1783 ἀθανάτως
315 1753 363 1779 σὺν
379 1752 454 1787 αὐτῷ
469 1752 573 1788 βροτοῖς
588 1752 796 1786 ἐπαγγέλλεται,
812 1753 882 1779 αὐτὰ

96 1799 204 1825 ἐκείνου
220 1798 439 1834 ἀφαιρουμένου,
464 1800 511 1825 καὶ
534 1799 651 1834 πέρασιν
675 1801 724 1833 τὴν
744 1798 882 1833 βασιλείαν

90 1844 264 1879 ἀποθεμένου
280 1864 287 1876 ,
304 1844 375 1871 κατὰ
391 1844 454 1875 τοὺς
468 1844 686 1880 ματαιόφροναςς
706 1844 775 1871 Ἀλλ’
793 1844 883 1878 ἄπαγε

91 1892 142 1926 τῆς
158 1891 273 1922 ἀτοπίας
284 1911 291 1922 ,
309 1891 388 1925 ἀξιῶ.
411 1889 528 1924 Ἐλὲγξει
542 1892 597 1927 γὰρ
619 1890 716 1924 αὐτοὺς
735 1890 764 1918 ἐν
787 1892 836 1927 μὲν
849 1893 882 1927 τῇ

92 1937 203 1972 Παλαιᾷ
219 1937 300 1964 Δαϐὶδ
314 1938 440 1973 περὶτῆς
453 1937 571 1972 Χριστοῦ
588 1937 715 1972 μελῳδῶν
735 1937 883 1973 βασιλείας,

100 1982 453 2018 Ἑξομολογησάσθωσάν
466 1990 526 2014 σοι,
544 1984 641 2017 Κύριε,
655 1982 754 2011 πάντα
766 1983 802 2010 τὰ
814 1983 885 2018 ἔργα

105 2038 165 2055 σου
178 2037 184 2043 ·
207 2029 288 2064 ἔργον
301 2029 329 2056 δὲ
345 2028 463 2064 Χριστοῦ
480 2029 685 2065 τὰσύμπαντα,
703 2028 793 2061 καθώς
804 2037 886 2064 φησιν

94 2075 109 2100 ὁ
127 2074 229 2110 ὑψηλὸς
252 2075 387 2110 Ἰωάννης,
406 2075 447 2101 ὅτι
468 2075 519 2102 Ἐν
535 2074 613 2109 ἀρχῇ
628 2073 667 2117 ἦν
680 2076 696 2102 ὁ
713 2077 817 2110 Λόγος,
836 2075 885 2102 καὶ

96 2120 113 2144 ό
127 2120 224 2153 Λόγος
243 2117 282 2153 ἧν
296 2120 370 2153 πρὸς
385 2119 438 2146 τὲν
453 2120 537 2149 Θεὸν,
554 2120 602 2146 καὶ
618 2119 689 2152 Θεὸς
700 2117 739 2154 ἦν
751 2121 767 2146 ὁ
779 2119 885 2154 Λόγος,

97 2166 145 2192 καὶ
161 2166 177 2191 ὁ
189 2165 283 2199 Λόγος
293 2165 371 2199 σὰρξ
382 2165 511 2199 ἐγένετο,
524 2166 572 2192 καὶ
587 2165 886 2201 ἐσκήνωσενὲνήμῗν

97 2211 226 2245 Χριστός
238 2219 245 2226 ·
271 2211 318 2237 καὶ
332 2211 373 2237 ὃτι
393 2211 495 2238 Πάντα
515 2211 553 2238 δι’
570 2211 662 2238 αὑτοῦ
682 2211 810 2246 ἐγένετο.
832 2213 887 2239 Καὶ

98 2257 181 2283 πάλιν
198 2256 298 2287 Δαϐὶδ,
330 2257 361 2284 Ἡ
379 2257 524 2288 ,ϐασιλεία
546 2265 617 2286 σου,
643 2258 720 2293 φησὶ,
742 2258 888 2290 ,βασιλεία

98 2302 222 2330 πάντων
243 2302 302 2329 τῶν
322 2303 446 2334 αιιίγνων,
476 2303 525 2331 καὶ
549 2304 568 2337 ἡ
590 2303 750 2330 δεσποτεία
773 2311 831 2330 σου
855 2304 891 2330 ἐν

98 2349 184 2383 πάσῃ
201 2348 287 2382 γενεᾷ
300 2348 348 2375 καὶ
362 2349 457 2383 γενεᾷ.
468 2350 503 2375 Συ
508 2349 624 2384 μφώνως
633 2350 661 2376 δὲ
671 2350 790 2386 Γαϐριὴλ
803 2350 890 2383 τούτῳ

102 2394 117 2421 ὁ
135 2395 184 2429 τῆς
208 2394 362 2429 ἀπεράντου
382 2394 520 2429 βασιλείας
541 2395 660 2429 Χριστοῦ
676 2395 799 2427 διάκονος
813 2395 888 2431 διαρ-

101 2439 186 2475 ρήδην
200 2438 247 2474 βοᾷ
258 2458 264 2469 ,
283 2439 336 2466 Καὶ
349 2440 531 2471 βασιλεύσει
544 2441 592 2467 ἐπὶ
606 2442 659 2467 τὸν
682 2439 766 2468 οἷκον
787 2441 891 2468 Ἰακὼϐ

99 2488 145 2520 εις
162 2486 233 2519 τοὺς
253 2486 372 2520 αἰῶνας,
395 2487 443 2514 καὶ
467 2488 522 2522 τῆς
534 2489 696 2521 βασιλείας
717 2489 810 2515 αὑτοῦ
833 2489 889 2515 οὐκ

99 2532 187 2559 ἔσται
204 2532 300 2565 τέλος.
314 2533 352 2558 Οὐ
365 2533 467 2568 χρόνων
477 2534 565 2560 τοίνυν
580 2534 790 2569 περιοριστικῶν
801 2535 888 2570 ὑπάρ-

102 2585 144 2612 χει
160 2577 190 2603 τὺ
201 2577 335 2610 εἰωθότως
350 2579 485 2614 πολλαχοῦ
497 2580 546 2615 τῆς
563 2580 639 2611 θείας
652 2580 808 2616 πεφρᾱσθαι
820 2582 892 2617 Γρα-

101 2625 167 2659 φῆς,
183 2625 214 2651 τὸ
233 2624 310 2660 ίγὰρ]
325 2626 410 2660 ἄχρις
423 2624 469 2656 οὗ,
488 2626 504 2661 ἦ
520 2625 657 2660 τήμερον.
675 2627 754 2663 Παρὰ
766 2627 820 2663 γὰρ
834 2627 893 2662 Θεῷ

101 2671 254 2706 ἀνέσπερος
268 2671 316 2697 καὶ
333 2671 381 2706 μία
396 2671 486 2706 ἡμέρα
504 2672 557 2703 πᾶς
576 2672 590 2697 ό
606 2671 683 2698 αἰών.
704 2671 820 2707 Ὁμοίως
844 2672 893 2698 καὶ

102 2717 206 2747 πάσαις
230 2717 290 2746 ταῖς
311 2719 418 2752 νοεραῖς
438 2717 484 2743 καὶ
500 2716 624 2751 λογικαῖς
646 2717 804 2752 δυνάμεσιν,
828 2718 892 2745 ἐπεὶ

101 2762 242 2797 ἁδιάδοχον
257 2763 335 2789 νυκτὶ
350 2763 380 2789 τὸ
395 2763 579 2799 ὑπερκόσμιον
592 2764 658 2798 φῶς.

139 2851 163 2866 ’⁵
184 2850 262 2879 Deut.
284 2858 379 2883 xulv,
395 2851 421 2878 5.
459 2852 482 2868 ⁸⁵
502 2852 519 2879 ll
537 2853 600 2880 Cur.
619 2861 659 2882 ιιι.
675 2853 719 2880 15.

104 2891 194 2914 cxttv.
223 2887 268 2914 10.
305 2886 329 2902 "’
350 2885 427 2915 Joau.
447 2896 466 2922 ι,
493 2889 518 2915 1.
556 2889 577 2905 ⁹¹
598 2889 666 2917 ibid.
687 2889 730 2916 14.
769 2889 792 2905 θ’
805 2889 870 2918 ibid.
889 2890 915 2917 5.

775 127 951 158 'DIALOGUS
975 128 1016 156 Ill.

776 2854 799 2869 ⁸³
820 2854 838 2880 ||
860 2854 924 2881 Cor.

1641 121 1710 154 i030

921 193 983 220 cum
1009 184 1068 212 Elia
1093 185 1226 220 [ropheta
1254 185 1281 212 in
1306 183 1449 212 cacumine
1474 182 1576 210 montis
1592 187 1711 209 astiterit

922 219 1032 258 Christo
1049 219 1255 263 transformata,
1271 231 1308 258 ita
1323 235 1353 258 ut
1370 230 1420 265 ipsi
1438 234 1534 265 putent
1546 237 1608 256 cum
1622 228 1711 256 adhuc

923 278 1013 304 vivere
1028 282 1055 304 et
1074 278 1100 305 in
1116 286 1209 310 carne,
1222 277 1449 313 quemadmodum
1465 281 1492 304 et
1507 276 1604 308 Ellam,
1620 281 1712 303 trans-

922 324 1007 351 latum
1024 333 1032 352 :
1053 325 1149 351 horum
1163 324 1330 351 inﬂationem
1347 324 1511 351 contrahens
1522 327 1712 357 tumoremque

921 377 1000 397 vente
1013 371 1048 398 de
1062 370 1115 397 hoc
1131 370 1189 398 viro
1211 370 1358 405 opinionis,
1377 370 1518 397 mortalem
1535 369 1654 397 ostendit
1671 370 1713 403 ip-

924 424 984 443 sum
999 422 1026 444 et
1038 416 1161 450 ejusdem
1177 417 1319 444 nobiscum
1343 421 1456 449 naturae,
1473 416 1550 450 quasi
1566 416 1651 451 digito
1664 417 1712 443 de-

923 465 1081 488 monstrans
1097 468 1170 492 eum.
1194 465 1221 488 et
1244 461 1358 488 dicens:
1377 461 1499 488 Mortuus
1516 464 1554 487 est
1578 459 1665 486 Moses
1677 459 1712 493 ³⁸,

923 507 971 542 qui
989 507 1115 534 mortalis
1125 513 1194 539 erat,
1212 508 1278 542 quid
1295 507 1462 543 gloriamini,
1484 514 1500 534 o
1520 506 1626 533 Judai?
1643 505 1714 533 Rur-

925 560 1028 587 susque
1041 553 1112 580 idem
1127 553 1390 588 inquitredarguens
1401 553 1476 587 ipsos
1491 561 1497 579 :
1514 551 1545 578 In
1556 552 1714 579 hodiernum

924 607 1005 634 usque
1030 598 1110 631 diem,
1124 600 1229 632 quando
1250 599 1345 634 legitur
1369 599 1466 631 Moses,
1486 599 1571 626 velum
1596 599 1715 632 ipsorum

924 645 997 672 cordi
1014 646 1166 680 impositum
1187 651 1226 672 est
1243 643 1277 672 ⁸⁸.
1299 645 1369 672 Num
1396 645 1478 680 igitur
1492 653 1578 680 usque
1595 645 1628 672 ad
1645 650 1715 672 tem-

925 699 992 724 pora
1007 691 1084 718 Pauli
1103 696 1220 724 tantum,
1234 699 1268 718 an
1289 692 1322 718 ad
1345 692 1432 726 ipsam
1448 690 1713 718 consummationem

927 745 1013 772 usque
1029 736 1114 765 Judaei
1130 737 1295 765 caecutiunt?
1310 736 1415 764 llhtsus
1427 737 1496 763 idem
1510 737 1542 764 ad
1556 737 1716 765 Corinthios

926 783 1059 815 scribens,
1075 783 1162 818 inquit
1185 791 1192 810 :
1218 783 1307 810 Etiam
1333 791 1413 817 usque
1438 784 1474 810 ad
1490 792 1534 810 vos
1549 785 1716 818 peruenimus

927 837 987 855 cum
1005 828 1146 864 Evangelia
1159 828 1260 856 Christi
1281 830 1314 856 ⁸⁸.
1337 828 1407 856 Num
1435 830 1516 864 igitur
1536 833 1642 856 tantum
1661 829 1716 857 Co-

927 876 1049 903 rinthum
1066 884 1164 911 usque,
1187 884 1221 903 an
1243 876 1277 903 ab
1292 877 1471 904 orientalibus
1485 877 1516 904 ad
1533 877 1716 905 occidentales

927 929 1014 957 usque
1032 918 1165 957 pervenii,
1180 923 1320 958 relocique
1341 931 1422 951 cursu
1443 923 1607 952 circumiens
1631 923 1717 959 Illyri-

926 976 1000 1001 cum,
1015 969 1131 996 Romam
1152 977 1240 1004 usque
1255 969 1361 997 delatus
1380 970 1553 1005 pra‘dicavit?
1571 970 1603 997 Et
1617 971 1715 997 iterum

927 1014 997 1042 idem
1023 1015 1111 1050 inquit
1136 1025 1144 1043 :
1171 1015 1350 1043 Exhortantes
1378 1025 1422 1043 vos
1456 1017 1566 1043 invicem
1587 1017 1716 1052 quotidie.

926 1060 1015 1095 quoad
1030 1060 1174 1088 hodiernus
1189 1061 1245 1088 dies
1258 1067 1368 1088 vocatur
1382 1062 1415 1088 "’.
1430 1061 1457 1088 ld
1469 1062 1542 1096 quod
1555 1067 1633 1089 antea
1649 1070 1718 1096 quu-

927 1113 981 1140 que
1003 1110 1078 1133 vates
1101 1106 1210 1134 divinus
1227 1106 1343 1135 Davides
1371 1108 1521 1142 protulerat
1545 1117 1552 1135 :
1581 1108 1668 1136 Hodie
1694 1110 1718 1136 si

927 1159 1014 1178 vocem
1027 1151 1083 1185 ejus
1096 1151 1262 1185 audiveritia,
1280 1162 1378 1188 nempe
1388 1154 1444 1186 Dei,
1455 1163 1486 1182 ne
1498 1155 1627 1183 induratis
1638 1157 1718 1183 corda

927 1204 1014 1225 uestra
1030 1199 1099 1226 sicut
1117 1199 1144 1226 in
1168 1200 1378 1232 exacerbatione,
1401 1201 1428 1227 in
1448 1201 1492 1228 die
1511 1203 1664 1229 tentationis
1690 1203 1718 1230 in

927 1244 1029 1271 deserto
1052 1244 1084 1272 ³⁸.
1113 1244 1183 1272 Νιιιιι
1203 1246 1285 1281 igitur
1308 1247 1361 1274 illis
1388 1252 1510 1279 tantum,
1536 1248 1583 1282 qui
1608 1249 1720 1276 fuerunt

929 1288 963 1315 ad
984 1294 1106 1324 tempora
1136 1289 1256 1323 Davidis,
1279 1293 1433 1319 necessaria
1456 1293 1507 1319 fuit
1529 1294 1627 1321 divinae
1645 1295 1719 1321 vocis

929 1334 1105 1362 ohedientia?
1121 1335 1143 1363 0
1165 1337 1300 1363 dementia
1325 1345 1458 1365 vanorum
1477 1339 1645 1373 sapientum!
1664 1339 1720 1367 Nos

928 1380 1037 1416 quidem
1064 1383 1111 1416 qui
1141 1382 1227 1417 ipsius
1254 1383 1355 1410 Christi
1384 1392 1481 1411 sumus
1506 1385 1624 1420 opiﬁcis,
1658 1392 1720 1421 p0st

929 1434 1048 1461 praesens
1062 1427 1194 1455 smculum
1210 1428 1432 1464 incorruptibiles
1454 1436 1481 1457 et
1499 1431 1666 1459 immortales
1678 1441 1721 1459 re-

930 1477 1083 1507 surgentes,
1113 1481 1220 1509 semper
1245 1482 1404 1509 manemus;
1439 1477 1496 1511 ipse
1515 1482 1605 1504 autem
1636 1480 1720 1506 totius

934 1519 1121 1547 universitatis
1136 1520 1302 1548 architectus
1319 1526 1346 1549 et
1368 1522 1543 1556 gubernator,
1565 1524 1593 1550 in
1611 1523 1720 1552 Patrem

929 1571 1069 1597 reversus,
1088 1572 1142 1592 non
1159 1566 1277 1600 amplius
1289 1567 1362 1594 erit?
1377 1566 1519 1600 Quomodo
1532 1577 1596 1596 vero
1606 1577 1720 1605 regnum

930 1609 982 1644 ipsi
996 1615 1128 1638 aeternum
1146 1616 1172 1639 et
1191 1612 1344 1640 immortale
1362 1613 1431 1640 inter
1446 1615 1570 1642 homines
1584 1617 1722 1650 promitti-

932 1660 986 1688 tur,
1001 1657 1024 1683 si
1037 1657 1145 1691 quidem
1163 1658 1216 1685 hoc
1236 1659 1379 1693 spoliatur,
1407 1667 1439 1686 ac
1460 1665 1520 1694 post
1537 1665 1626 1689 certos
1638 1670 1722 1696 quos-

931 1701 993 1729 dam
1010 1703 1142 1737 temporis
1155 1704 1287 1731 terminos
1310 1705 1335 1732 id
1349 1705 1476 1739 deponet,
1492 1707 1722 1740 quemadmodum

932 1747 1059 1776 homines
1074 1749 1111 1776 illi
1127 1757 1197 1777 vana
1220 1755 1310 1778 mente
1330 1752 1435 1786 przedili
1457 1753 1568 1780 volunt?
1595 1753 1647 1782 Sed
1666 1763 1681 1782 ιι
1697 1761 1724 1783 te

934 1795 1042 1829 procul,
1064 1795 1188 1828 obsecro,
1207 1795 1279 1824 absit
1298 1797 1360 1824 talis
1383 1797 1549 1826 absurditas.
1568 1798 1724 1835 Redarguet

933 1842 1006 1868 enim
1021 1842 1094 1876 ipsos
1106 1842 1132 1869 in
1142 1842 1230 1870 Veteri
1248 1843 1357 1878 quidem
1374 1844 1544 1872 Testamento
1561 1845 1677 1875 Davides
1689 1848 1725 1875 de

934 1887 1036 1915 Christi
1061 1896 1144 1923 regno
1164 1897 1287 1916 canens:
1310 1889 1493 1924 Con/iteantur
1516 1893 1575 1926 tibi,
1602 1893 1723 1926 Domine,

936 1935 1027 1961 omnia
1041 1942 1120 1968 opera
1131 1940 1178 1961 tua
1192 1933 1225 1962 3'.
1239 1934 1312 1969 Opus
1325 1941 1414 1963 autem
1430 1937 1528 1965 Christi
1542 1942 1607 1965 sunt
1622 1939 1647 1965 in
1661 1940 1724 1966 uni—

935 1988 1044 2007 versum
1063 1981 1167 2014 omnia,
1182 1982 1413 2015 quemadmodum
1431 1983 1519 2019 inquit
1536 1985 1662 2013 sublimis
1680 1987 1725 2013 ille

936 2024 1055 2055 Jomnes
1068 2037 1075 2055 :
1091 2027 1123 2054 In
1135 2029 1265 2063 principio
1282 2033 1338 2055 erat
1362 2028 1484 2060 Verbum,
1499 2035 1524 2057 et
1541 2030 1654 2058 Verbum
1667 2037 1726 2060 erat

937 2074 1006 2104 apud
1024 2074 1116 2107 Deum,
1134 2080 1159 2101 et
1184 2074 1255 2102 Deus
1272 2080 1329 2102 crat
1353 2075 1464 2103 Verbum
1480 2077 1502 2092 νο
1524 2087 1531 2105 :
1550 2079 1595 2113 qui
1614 2079 1726 2114 quidem

937 2131 1000 2150 caro
1022 2124 1121 2157 factum
1148 2130 1197 2157 est,
1213 2130 1238 2152 et
1252 2125 1381 2153 habitavit
1396 2127 1423 2154 in
1446 2127 1521 2154 nobis
1546 2127 1670 2155 Christus
1688 2128 1723 2155 ν’.

939 2169 1011 2197 Idem
1028 2179 1034 2198 :
1054 2171 1149 2198 Omnia
1173 2180 1219 2206 per
1240 2173 1326 2206 ipsum
1348 2174 1421 2207 facta
1447 2179 1508 2200 sunt
1531 2175 1564 2201 ".
1585 2175 1617 2201 Et
1630 2182 1728 2201 rursus

939 2216 1054 2244 Davides
1068 2217 1158 2253 inquit
1174 2228 1180 2246 :
1196 2219 1313 2255 Regnum
1335 2226 1409 2247 tuum
1421 2230 1528 2256 regnum
1544 2223 1661 2248 omnium
1675 2229 1727 2248 saa-

938 2263 1068 2296 culorum,
1089 2270 1113 2291 et
1130 2265 1276 2292 dominium
1291 2271 1365 2293 tuum
1381 2268 1461 2294 durat
1484 2269 1512 2294 in
1533 2276 1635 2294 onntem
1650 2275 1727 2302 gene-

939 2311 1067 2336 ralionem
1081 2316 1105 2337 et
1129 2313 1322 2346 generationem
1340 2313 1373 2340 ⁸³.
1395 2313 1462 2341 Cum
1485 2315 1536 2341 hoc
1557 2319 1645 2341 autem
1660 2321 1726 2340 con-

940 2355 1059 2382 sentiens
1085 2354 1225 2383 Gabrielns
1250 2357 1323 2384 illius
1351 2366 1491 2391 nunquam
1516 2359 1626 2385 ﬁniendi
1650 2359 1729 2393 regni

941 2400 1041 2427 Christi
1059 2402 1182 2428 minister
1205 2402 1306 2430 diserte
1330 2404 1429 2431 clamat
1446 2414 1452 2430 :
1470 2403 1503 2430 Et
1517 2405 1635 2439 regnabit
1650 2413 1728 2439 super

941 2447 1048 2473 domum
1061 2447 1144 2474 Iacob
1158 2449 1185 2475 in
1194 2448 1302 2479 “ecula,
1313 2455 1337 2476 et
1349 2451 1419 2485 regni
1430 2451 1486 2485 ejus
1502 2460 1552 2478 non
1562 2453 1613 2478 erit
1624 2453 1686 2486 ﬁnis
1694 2453 1728 2479 9‘.

942 2492 1000 2519 Non
1024 2494 1105 2526 igitur
1135 2499 1285 2529 temporum
1315 2496 1556 2524 determinaturum
1577 2503 1629 2530 est,
1655 2497 1729 2532 quod

941 2545 1073 2567 consueto
1102 2548 1179 2568 more
1206 2541 1300 2569 multis
1327 2543 1353 2570 in
1379 2542 1444 2569 locis
1473 2551 1557 2570 sacrae
1581 2545 1731 2579 Scriptura

941 2586 1043 2613 dictum
1057 2591 1108 2619 est,
1124 2595 1214 2620 usque,
1227 2588 1318 2620 donec,
1331 2591 1357 2615 et
1368 2589 1455 2616 hodie.
1468 2590 1545 2624 Apud
1558 2589 1642 2617 Deum
1656 2591 1729 2618 enim

942 2639 1053 2666 vespere
1079 2640 1176 2660 (arens
1201 2637 1229 2660 et
1253 2635 1351 2661 unicus
1367 2635 1424 2662 dies
1444 2641 1487 2662 est
1511 2640 1566 2663 tota
1582 2638 1729 2665 aeternitas.

943 2676 1074 2704 Similiter
1092 2682 1119 2704 et
1140 2678 1268 2706 omnibus
1289 2679 1489 2708 intellectilibus
1505 2689 1536 2708 ac
1552 2682 1732 2710 rationalibus

942 2722 995 2749 illis
1009 2723 1201 2757 potestatibus,
1218 2724 1347 2757 quoniam
1366 2732 1381 2750 a
1405 2725 1478 2751 nulla
1501 2731 1631 2761 sequente
1652 2731 1732 2754 nocte

947 2768 1155 2796 ultramundana
1173 2769 1216 2796 lux
1231 2770 1374 2804 excipitur.

940 2863 976 2894 ιι,-
1050 2891 1056 2894 _
1069 2856 1090 2871 ⁸⁷
1112 2855 1245 2894 llehr._til,
1262 2858 1304 2884 15.
1322 2892 1331 2894 _
1343 2858 1365 2873 ⁵³
1386 2857 1455 2885 l‘ssd.
1473 2866 1542 2894 χειν,
1555 2859 1582 2887 8.
1618 2860 1640 2877 ⁸³
1659 2859 1732 2887 l‘sal.

955 2891 977 2907 "
996 2890 1068 2919 l’sal.
1087 2899 1178 2924 cxuv.
1198 2892 1244 2922 15,
1281 2894 1303 2910 ’³
1322 2892 1387 2922 ιιιιρ,
1409 2902 1429 2929 ι,
1447 2894 1492 2924 35.
