1907 3043
75 143 149 174 ·Ῑθ55

383 206 558 240 Ἀπόκρισις.

114 251 171 287 Οὐχ
194 250 232 282 ὡς
255 251 292 286 μὴ
316 249 372 283 οἶός
393 260 423 278 τε
445 252 606 288 παρασχεῖν,
634 251 783 282 ἀπείπατο,
811 251 869 277 ἀλλ’

77 295 184 331 εὐλόγῳ
202 297 256 322 τινί
273 297 409 330 ἀποφάσει
429 297 606 324 καταστέλλει
627 297 717 324 αὐτῶν
732 297 781 332 τὴν
795 297 870 332 οἴδη-

78 349 133 374 σιν,
152 342 200 368 καὶ
218 342 268 377 τὴν
281 343 353 369 κατὰ
368 343 422 370 τῶν
445 343 637 378 συμφοιτητῶν
652 343 820 379 κορύφωσιν,
834 343 870 370 δι’

75 389 191 415 ἐκείνων
207 391 254 416 καὶ
268 390 331 421 τοὺς
345 390 454 422 λοιποὺς
469 391 653 426 σωφρονίζων,
669 391 716 417 καὶ
732 391 777 417 τὸν
796 391 867 426 σμύ-

76 443 161 470 χοντα
177 436 268 467 αὐτοῖς
282 437 381 463 ἄτοπον
394 436 482 471 ἔρωτα
501 437 555 463 τῶν
569 437 710 473 πρωτείων
727 437 868 473 μαραίνων

75 481 117 516 τῷ
129 482 271 517 πληκτικῷ
282 483 332 517 τῆς
339 483 511 518 ἀποφάσεως.
521 484 558 510 Οὐ
572 483 626 519 γάρ
640 492 730 519 φησιν,
744 484 785 510 ὅτι
795 484 869 519 Παρ-

77 528 134 563 ἐχει
147 529 211 564 ὑμῖν
226 529 334 561 πάντως
347 531 360 556 ὀ
371 530 474 566 Πατὴρ,
487 530 555 561 ἀλλ’,
569 528 620 563 οἷς
631 530 808 564 ἡτοίμασται
821 539 869 556 πο-

77 574 180 603 νοῦσιν,
203 575 359 602 ὑπονύττων
374 577 471 608 αὐτοὺς
486 577 552 611 πρὸς
568 578 668 612 ἀρετὴν
680 577 727 603 καὶ
742 576 867 612 ἀνδρίαν·

76 620 188 656 πρῶτον
216 622 265 657 τὴν
287 622 390 650 εὔνοιαν
417 623 613 656 ἐπιδείξασθαι,
642 623 688 650 καὶ
709 623 777 658 πρὸς
804 623 868 653 τοὺς

75 665 187 698 ἀγῶνας
202 667 398 700 ἀποδύσασθαι,
413 669 460 695 καὶ
476 668 525 704 τὴν
541 669 609 704 ὑπὲρ
623 668 704 695 αὐτοῦ
719 669 771 700 ἕως
785 668 868 695 θανά-

76 718 125 736 του
148 710 274 737 ἔνστασιν
299 713 346 738 καὶ
369 713 518 747 ἀναίρεσιν.
542 713 625 740 Οὔπω
646 713 711 749 γὰρ,
733 714 809 749 φησὶ,
833 713 868 740 τὰ

76 759 133 793 ὲμΞι
148 759 311 794 ἐκηρύξατε,
333 761 379 786 καὶ
396 761 455 792 πῶς
467 761 517 792 τὰς
530 761 621 796 φωνὰς
636 761 781 796 κηρύττειν
795 761 867 796 ίμεί-

78 803 170 838 ρεσθε,
183 804 288 831 οὐδέπω
304 804 480 840 ραπισθέντες
495 806 565 841 ὑπὲρ
580 806 647 840 ἐμοῦ
660 814 667 837 ;
686 806 867 833 Ἀποδύσασθε

75 850 167 876 τοίνυν
191 850 260 886 πρὸς
285 851 348 883 τοὺς
363 851 471 885 ἀγῶνας
486 852 513 877 ὲν
528 851 567 886 τῷ
590 851 704 887 σταδίῳ,
721 852 867 878 κατέλθετε

75 896 124 922 ἐπὶ
139 896 169 922 τδ
187 896 314 931 σκάμμα,
338 897 553 933 αὑτομολήσατε,
572 898 717 933 ἀχείρωτοι
739 898 866 933 μείνατε,

76 942 125 968 καὶ
139 942 198 977 ἅμα
209 941 249 977 τῷ
260 942 373 977 λυθῆναι
384 943 430 969 τοῦ
448 943 581 978 παρόντος
592 944 689 975 αἰῶνος
704 944 733 970 τὸ
744 944 866 980 θέατρον,

76 987 133 1022 ἐγὼ
163 989 227 1023 ὑμῖν
250 988 354 1015 ἔπαθλα
374 990 436 1021 τοὺς
459 989 570 1024 θρόνους
589 988 669 1021 αὖθις
690 990 845 1026 παρέχομαι
859 1011 866 1023 ,

75 1033 125 1061 νῦν
143 1034 166 1060 δ’
187 1035 259 1070 ὑμᾶς
273 1035 386 1066 εἰκότως
409 1035 590 1070 ἀποσείομαμ
612 1036 660 1062 τοῦ
681 1036 790 1071 Πατρὸς
815 1037 867 1070 φά-

76 1089 190 1112 σκοντος
208 1081 323 1113 ἐκείνοις
339 1081 493 1116 δωρεῖσθαι.
512 1083 549 1108 Οὐ
571 1082 625 1118 γὰρ
642 1083 742 1118 ἑτέρως
761 1081 816 1109 οἷόν
839 1092 868 1109 τε

76 1127 156 1162 ὑμῶν
172 1127 222 1162 τὴν
236 1127 342 1163 μητέρα
356 1128 403 1154 καὶ
417 1128 489 1162 ὑμᾶς
501 1128 675 1163 διοχλοῦντας
690 1129 866 1165 ἀποκρούσα-

76 1173 151 1200 σθαι.
172 1174 208 1199 Ἢ
231 1173 301 1200 κατὰ
325 1174 387 1204 τοὺς
405 1176 557 1209 παρασχεῖν
580 1183 605 1200 τι
622 1174 675 1210 πρὸ
695 1174 791 1209 καιροῦ
810 1176 867 1206 τοῖς

75 1219 184 1246 αίτοῦσι
202 1220 239 1255 μὴ
258 1219 446 1254 βουλομένους,
465 1220 521 1247 ἀλλ’
539 1221 625 1256 ἑτέρῳ
640 1221 693 1247 τινὶ
707 1221 756 1256 τὴν
773 1221 868 1248 αὐθεν-

75 1266 138 1291 τίαν
155 1265 289 1300 ὑπάρχειν
306 1265 579 1300 προσωπευομένους,
599 1266 697 1301 μήπως
713 1265 867 1300 κομισάμε-

76 1320 128 1342 νοι,
148 1311 328 1347 ῥαθυμότεροι
347 1311 416 1346 πρὸς
438 1313 487 1346 τὴν
505 1311 611 1338 εὔνοιαν
627 1311 674 1338 καὶ
691 1311 802 1347 ἀνδρίαν
817 1312 866 1346 γέ-

75 1367 188 1390 νωνται,
207 1358 370 1394 ἀρκούμενοι
385 1358 424 1393 τῷ
440 1358 553 1390 δοθέντι,
578 1358 677 1392 μηκέτι
699 1360 789 1385 πονεῖν
806 1359 868 1393 βου-

76 1407 194 1440 λόμενοι.
205 1405 284 1431 Οὕτω
294 1405 347 1440 γὰρ
358 1405 405 1431 καὶ
417 1406 441 1431 nt
455 1406 501 1432 ἐπὶ
514 1405 564 1439 γῆς
577 1405 763 1440 βασιλεύοντες
780 1407 866 1432 ποιεῖν

77 1451 201 1480 εἰώθασι,
218 1450 379 1485 προεδρείας
394 1450 410 1485 ἦ
428 1452 595 1485 στρατηγίας
609 1450 684 1485 παρὰ
696 1459 776 1477 τινων
793 1451 866 1477 ἐκλι-

77 1497 260 1533 παρούμενοι’
276 1496 366 1532 κύριοι
386 1496 435 1531 μὲν
449 1497 496 1522 τοῦ
511 1496 601 1523 δοῦναι
620 1497 797 1532 ὑπάρχοντες,
813 1497 867 1531 πρὸ

77 1542 175 1578 καιροῦ
186 1542 214 1568 δὲ
225 1542 261 1576 μὴ
279 1541 445 1576 βουλόμενοι,
458 1541 552 1577 ἕτερος
568 1541 661 1577 ἑτέρου
677 1542 725 1577 τὴν
742 1542 867 1574 ἐξουσίαν

76 1589 281 1625 ἀποτιθέμενοι,
296 1590 328 1624 τῇ
345 1589 497 1624 καραδοκίᾳ
511 1589 558 1624 τῆς
577 1590 712 1625 ὑπεροχῆς
723 1591 786 1621 τοὺς
817 1590 869 1616 ἱκέ-

76 1646 126 1668 τας
137 1637 208 1671 ὑπὲρ
219 1636 268 1671 τῆς
285 1635 422 1670 βασιλείας
436 1635 625 1670 διεγείροντες,
639 1636 686 1662 καὶ
703 1635 867 1670 ἁμιλλᾶσθαι

77 1683 178 1714 αὐτοὺς
201 1682 344 1716 ἀλλήλοις.
367 1681 413 1707 καὶ
442 1682 558 1716 σφριγᾷν
586 1681 632 1707 καὶ
659 1681 866 1717 παραθήγεσθαι

77 1728 149 1755 κατὰ
164 1729 218 1754 τῶν
228 1727 364 1761 πολεμίων
376 1726 639 1760 παρασκευάζοντες.
659 1726 775 1762 Ἑτέρως
787 1736 814 1753 τε
827 1727 866 1753 δέ·

78 1775 139 1801 ἐπεὶ
165 1774 275 1799 ἐδόκουν
288 1771 367 1798 αὐτὴν
377 1771 426 1806 τὴν
439 1772 485 1797 ἐπὶ
493 1771 543 1806 γῆς
553 1771 719 1807 πρόσκαιρον
731 1772 868 1806 βασιλείαν

79 1819 242 1854 βασιλεύειν,
264 1818 345 1852 φησὶν
365 1818 466 1849 αὐτοῖς,
482 1819 542 1844 Οὐκ
554 1818 655 1844 οἴδατε
668 1818 697 1844 τί
716 1818 845 1845 αὶτεῖσθε
858 1827 866 1834 ⁸

79 1866 197 1897 ὡσανεὶ,
228 1863 399 1898 Έκνήψατε,
418 1860 441 1890 ὦ
462 1863 588 1898 φοιτηταί
611 1872 677 1898 μου,
699 1864 816 1899 ἀνάϐητε
833 1866 867 1900 τῇ

79 1910 184 1945 διανοίᾳ
197 1911 268 1944 ἐντῇ
282 1910 334 1943 ἐμῇ
351 1908 483 1944 βασιλείᾳ,
501 1909 538 1943 μὴ
555 1909 617 1944 περὶ
631 1909 666 1935 τὰ
674 1909 868 1945 παριπτάμενα

79 1956 156 1991 δίκην
175 1954 334 1989 νυκτερινοῦ
350 1954 492 1989 φάσματος
503 1974 510 1985 ,
536 1956 574 1989 μὴ
587 1955 652 1989 περὶ
664 1954 697 1981 τὰ
711 1956 868 1991 χαμαίζηλοι

77 2000 128 2037 ἦτε
142 2001 308 2036 ηῐγηθότες·
330 2001 432 2035 μήποτε
452 2001 499 2026 καὶ
514 2000 589 2035 παρὰ
613 2001 660 2027 τοῦ
685 2002 790 2037 Πατρός
817 2011 868 2037 μου

78 2048 224 2083 ἀκούσητε,
231 2049 287 2074 Οὐκ
294 2047 365 2073 ἐστιν
373 2047 439 2082 ἐμὸν
446 2047 645 2079 δοῦναιάπλῶς,
652 2047 708 2074 ἀλλ’
717 2049 780 2084 ὑμῖν
789 2049 870 2076 ἁπαι-

79 2095 158 2129 τῆσαι
173 2094 221 2129 τὴν
233 2094 286 2120 τῶν
295 2093 407 2127 ἀγώνων
419 2094 465 2119 καὶ
480 2093 597 2129 ἱδρώτων
609 2094 870 2130 ἁντάμει·ᾇιν.”Αγα-

82 2149 130 2174 μαι
141 2140 196 2174 γὰρ
213 2139 331 2173 ὀφείλειν
344 2139 407 2174 ὑμῖν
421 2139 537 2171 εὐνοίας,
553 2139 569 2175 ἢ
583 2140 708 2174 ἐγκαλεῖν
722 2141 868 2176 ῥᾳθυμίας.

80 2187 137 2213 Οὐκ
159 2186 233 2212 ἔστιν
250 2186 316 2220 ἐμὸν
338 2185 440 2217 δοῦναι,
461 2185 518 2212 ἀλλ’
542 2186 600 2212 οὐδὲ
618 2186 663 2212 τοῦ
689 2187 795 2221 Πατρός
817 2197 869 2222 μου

80 2233 174 2264 ἁπλῶς
193 2233 249 2263 τοῖς
267 2231 398 2264 αἰτοῦσιν,
419 2232 480 2258 ἐπεὶ
495 2231 528 2258 ἃν
550 2233 640 2266 φονεῖς
655 2233 701 2259 καὶ
717 2234 806 2268 μοιχοὶ
822 2235 869 2261 καὶ

81 2279 136 2309 πᾶς
162 2277 300 2313 μοχθηρὸς
325 2278 370 2304 καὶ
392 2277 539 2309 ἀκόλαστος
567 2278 706 2310 αἰτοῦντες
735 2280 781 2314 μοὶ¹
805 2289 871 2314 συγ-

81 2324 248 2350 καθίσονται.
265 2324 320 2350 Οὐκ
330 2323 402 2350 ἔστιν
414 2323 557 2358 ἡμέτερον,
571 2323 617 2350 τοῦ
632 2323 722 2350 δοῦναι
734 2325 807 2360 εἰκῆ,
824 2326 871 2352 καὶ

82 2369 277 2404 παραχαράξαι
291 2368 322 2394 τὸ
334 2368 449 2395 δίκαιον.
473 2368 663 2403 Δικαιοκρίτου
683 2369 738 2403 γὰρ
753 2370 785 2396 τὸ
799 2370 870 2405 πρὸς

80 2414 159 2447 ἀξίαν
172 2413 279 2448 ἑκάστῳ
291 2413 447 2448 ἀπονέμειν,
460 2413 506 2440 καὶ
522 2414 558 2448 μὴ
574 2414 635 2444 τοὺς
649 2413 786 2449 ἱδροῦντας
800 2423 870 2449 stap-

82 2459 157 2490 ιδεῐν,
178 2458 226 2485 καὶ
240 2458 372 2494 ῥᾳθύμοις
391 2459 550 2493 παρασχεῖν.
564 2459 595 2484 Εἰ
605 2458 693 2485 τοίνυν
703 2458 756 2485 τῶν
766 2459 868 2494 θρόνων

79 2505 173 2539 ἐρᾶτε,
188 2504 251 2536 τοὺς
263 2503 372 2538 ἀγῶνας
386 2504 437 2531 οὐκ
452 2505 584 2538 ἀγνοεῖτε.
602 2504 670 2540 πρὸς
682 2505 729 2536 οὓς
747 2505 867 2539 ὀφείλετε

81 2550 268 2577 ἀποδύσασθαι
281 2559 288 2567 ’
311 2550 349 2586 μὴ
367 2549 406 2585 τῷ
419 2550 531 2586 τρίϐωνι
551 2551 597 2577 καὶ
612 2551 646 2586 τῇ
659 2551 751 2587 ὑπήνῃ
772 2551 820 2577 καί
834 2552 866 2586 τῇ

82 2595 218 2631 βακτηρίᾳ
244 2596 334 2631 μόνοις
350 2595 592 2631 ἐναϐρυνόμενοι,,
607 2595 673 2622 ἀλλὰ
692 2597 748 2627 τοῖς
772 2595 868 2627 πόνοις

80 2643 143 2674 τοὺς
160 2642 271 2678 θρόνους
293 2641 484 2677 ἐξωνούμενοι,
506 2642 553 2668 καὶ
575 2642 605 2668 τὸ
621 2643 761 2677 κριτήριον
780 2642 868 2670 ἱλεού-

83 2697 167 2724 μενοι.

365 2780 488 2806 ΠΕΥΣΙΣ
507 2780 591 2806 PAB‘.

121 2826 177 2854 Καὶ
193 2826 217 2853 ιι
233 2826 271 2858 ὡς
288 2826 302 2852 ὀ
316 2826 410 2861 Πατὴρ
430 2825 580 2861 δυνάμενος
603 2826 651 2853 καὶ
665 2825 836 2859 αὐτεξούσιος
852 2828 867 2854 ὀ

119 2895 130 2911 '
146 2895 240 2924 Matth.
256 2903 304 2927 xx,
322 2893 371 2921 22.
405 2913 411 2919 .

161 2943 375 2984 PAFR0L~_GR.
395 2939 575 2972 XXXVIII.

776 145 952 175 DlALOGUS
969 147 1012 175 ill.

1646 147 1716 176 ιοδε

1241 206 1392 240 Responsio.

959 251 1018 278 Non
1043 252 1121 287 quasi
1145 253 1299 286 praestando
1312 260 1366 279 non
1381 256 1464 283 esset,
1486 251 1638 288 denegavit,
1666 253 1715 280 sed

924 297 1048 332 prudenti
1070 297 1187 332 quodatn
1213 301 1343 333 praetextu
1358 298 1390 325 ad
1414 299 1576 326 modestiam
1606 305 1717 328 revocat

923 343 1044 378 ipsorum
1054 343 1335 376 fastum,etadversus
1345 346 1546 380 condiscipulos
1554 345 1715 374 elationem:

922 397 971 425 per
984 391 1044 418 illos
1065 391 1145 418 etiam
1164 392 1284 427 reliquos
1306 392 1452 427 castigans,
1473 396 1500 420 et
1521 399 1667 419 accensum
1685 392 1714 419 in

923 437 989 471 ipsis
1006 437 1154 465 absurdum
1177 446 1299 465 amorem
1323 439 1459 473 primatus
1472 439 1650 473 exstinguens
1661 443 1716 466 ter-

923 491 985 511 rore
1000 484 1198 518 denegationis.
1214 484 1273 512 Non
1285 485 1357 512 enim
1371 485 1453 512 dicit:
1470 485 1589 512 Omnino
1602 485 1716 520 largitur

923 529 948 556 id
964 531 1039 558 vobis
1046 531 1138 564 Pater,
1156 531 1311 566 sed,quibus
1323 536 1447 565 paratum
1462 537 1499 558 est
1511 532 1715 564 laborantibus,

922 576 1101 603 exstimulans
1122 576 1199 611 ipsos
1219 577 1251 603 ad
1267 577 1396 604 virtutem
1412 581 1438 604 et
1455 577 1655 610 fortitudinem,
1683 583 1714 605 ut

922 622 1041 656 primum
1058 622 1275 649 benevolentiam
1297 622 1529 654 demonstrarent,
1559 624 1592 650 ad
1625 628 1714 650 certa-

923 668 994 694 mina
1007 673 1094 695 semet
1110 668 1292 703 accingerent,
1307 676 1358 702 pro
1371 669 1431 703 ipso
1448 669 1480 695 ad
1498 674 1614 696 mortem
1627 677 1716 704 usque

921 719 1080 741 constanter
1107 719 1322 749 perseverarent.
1351 714 1478 742 Nondum
1505 715 1589 749 enim,
1615 716 1713 751 inquit,

921 761 981 788 aliis
997 769 1056 788 mea
1079 761 1261 796 prmdicastis:
1283 767 1310 788 et
1331 768 1385 795 quo
1406 762 1513 788 tandem
1534 767 1613 796 pacto
1632 770 1713 790 voces

923 807 1086 834 annuntiare
1114 807 1287 839 desideratis,
1311 807 1434 834 nomium
1458 815 1507 842 pro
1527 815 1569 835 mc
1589 809 1712 844 colaphis

920 853 1002 880 catsi?
1023 853 1138 880 Proinde
1160 853 1323 887 expedimiui
1346 853 1378 880 ad
1395 854 1545 880 certamina
1562 854 1588 880 in
1609 855 1710 885 stadio,

919 899 1074 926 descendite
1087 899 1113 925 in
1123 899 1220 926 theatri
1230 907 1350 930 caveant,
1363 899 1466 926 alacres
1480 900 1606 931 incedite,
1618 899 1711 926 invicti

919 950 1037 978 manete,
1052 950 1079 972 et
1091 945 1291 980 quamprimum
1309 945 1450 979 praesentis
1464 944 1557 971 saeculi
1574 944 1711 971 theatrum

919 991 1038 1018 solutum
1056 990 1148 1022 fuerit,
1173 998 1224 1023 ego
1239 998 1302 1017 mox
1325 990 1403 1017 vobis
1427 990 1471 1016 illa
1487 989 1556 1017 solia
1580 994 1709 1024 tanquam

919 1040 1028 1072 prmmia
1043 1037 1202 1065 certaminis
1217 1037 1326 1072 largiar.
1345 1036 1423 1063 Nunc
1441 1041 1530 1063 autem
1545 1044 1593 1063 vos
1611 1038 1710 1062 merito

919 1083 1023 1117 rejicio.
1046 1082 1187 1112 Dabuntur
1202 1083 1236 1109 iis
1255 1083 1355 1117 quibus
1376 1081 1455 1109 Pater
1467 1082 1591 1116 jusserit.
1616 1081 1711 1116 Neque

918 1130 989 1156 enim
1004 1129 1058 1155 alio
1081 1129 1162 1155 modo
1177 1133 1266 1155 vestra
1279 1134 1366 1155 mater
1383 1132 1409 1155 et
1423 1135 1471 1154 vos
1482 1135 1544 1154 cum
1562 1128 1612 1154 hac
1622 1132 1711 1154 vestra

919 1174 1044 1201 molestia
1071 1174 1162 1208 repelli
1183 1173 1308 1207 potestis.
1334 1174 1388 1200 Aut
1409 1173 1464 1207 agit
1484 1180 1516 1200 eo
1535 1173 1626 1204 modo,
1654 1180 1710 1207 quo

918 1221 1007 1247 solent
1022 1219 1068 1254 qui
1079 1220 1181 1254 aliquid
1194 1223 1255 1246 ante
1269 1223 1375 1253 tempus
1392 1223 1521 1253 prmstare
1537 1219 1645 1252 nolunt,
1661 1219 1709 1245 sed

917 1266 963 1293 alii
977 1266 1058 1292 alicui
1072 1267 1214 1300 potestatis
1226 1265 1415 1292 auctoritatem
1437 1272 1501 1292 esse
1515 1265 1656 1294 simulant,
1677 1272 1711 1291 ne

918 1311 1026 1346 quando
1042 1311 1203 1345 receperint,
1218 1311 1359 1344 segniores
1377 1309 1410 1336 ad
1428 1310 1594 1337 alacritatem
1609 1316 1635 1337 et
1653 1311 1711 1338 for-

917 1357 1060 1384 titudinem
1087 1357 1161 1388 tiant,
1185 1356 1306 1383 contenti
1320 1363 1353 1382 eo
1369 1356 1442 1390 quod
1465 1356 1558 1382 datum
1575 1362 1627 1388 est,
1654 1365 1709 1384 non

918 1404 1034 1438 amplius
1045 1403 1170 1429 laborare
1187 1403 1319 1429 volentes.
1339 1401 1386 1429 Sic
1401 1402 1473 1430 enim
1488 1407 1513 1429 et
1525 1402 1571 1437 qui
1590 1403 1617 1429 in
1631 1406 1711 1431 terris

920 1455 1044 1484 regnant,
1060 1448 1148 1476 facere
1162 1456 1339 1479 consuevere,
1361 1448 1470 1482 quando
1487 1448 1521 1475 ab
1544 1449 1610 1483 ipsis
1624 1449 1708 1484 aliqui

921 1495 1066 1530 dignitates
1080 1493 1224 1528 pra'sidum
1240 1498 1267 1520 et
1283 1493 1380 1524 oilicia,
1399 1494 1438 1521 vel
1457 1493 1568 1528 imperia
1589 1495 1626 1522 rei
1640 1495 1709 1521 mill-

923 1541 989 1567 taris
1004 1539 1160 1575 cillagitant,
1179 1540 1241 1567 licet
1261 1548 1344 1574 pcncs
1358 1541 1432 1574 ipsos
1449 1541 1496 1572 sit,
1525 1545 1587 1567 ante
1602 1546 1709 1575 tempus

922 1591 1012 1612 tamen
1029 1585 1094 1612 dare
1119 1585 1252 1617 nolentes,
1270 1586 1340 1612 alius
1363 1586 1395 1612 ad
1417 1585 1500 1612 alium
1517 1585 1542 1612 id
1568 1585 1710 1620 potestatis

923 1631 1053 1660 referunt.
1062 1631 1264 1666 exspectatione
1272 1632 1410 1666 dignitatis
1419 1631 1559 1658 ministros
1568 1638 1617 1665 pro
1626 1638 1709 1666 regno

921 1677 1081 1709 excitantes,
1110 1681 1192 1711 utque
1223 1677 1294 1703 inter
1319 1685 1348 1704 se
1374 1682 1487 1708 certent,
1517 1682 1543 1703 rt
1572 1677 1710 1704 enitantur

921 1723 1041 1749 acriores
1055 1725 1184 1749 adversus
1198 1723 1288 1751 hostes
1300 1722 1421 1756 ﬁeri,eos
1438 1727 1633 1756 pracparantes.
1662 1721 1710 1749 νει

921 1767 1002 1793 etiatn
1018 1767 1071 1794 alia
1087 1767 1201 1799 ratione,
1223 1765 1285 1801 quia
1302 1766 1431 1800 putabant
1454 1766 1543 1800 ipsum
1561 1767 1709 1801 temporale

921 1822 1035 1850 regnum
1051 1814 1158 1841 interra
1173 1814 1437 1845 administraturum,
1453 1814 1491 1839 ait
1505 1812 1573 1840 illis:
1594 1812 1710 1839 Nescitis

920 1860 984 1895 quid
1001 1861 1124 1895 petitis”:
1148 1860 1228 1894 quasi
1251 1860 1324 1886 dicat
1345 1868 1351 1885 ε
1374 1859 1513 1894 Evigilatc,
1539 1866 1640 1892 quaeso,
1668 1859 1710 1885 di-

922 1907 1018 1941 scipuli
1029 1907 1093 1937 mei,
1103 1905 1240 1933 ascendite
1255 1910 1345 1932 mente
1360 1905 1386 1932 in
1403 1913 1492 1931 lllt'lllll
1511 1912 1639 1939 regnum;
1654 1912 1708 1931 non

922 1961 955 1980 cx
970 1953 1003 1980 iis
1026 1960 1087 1987 qua:
1102 1953 1189 1979 instar
1213 1952 1339 1978 nocturni
1354 1952 1451 1986 spectri
1479 1951 1709 1983 circumvolitaut,

923 1999 1053 2032 nequede
1074 1998 1198 2025 sordibus
1218 1997 1293 2023 humi
1313 1991 1465 2031 iacentibus
1481 1997 1646 2031 voluptatem
1664 2004 1695 2023 ca

923 2047 987 2080 pite,
1006 2053 1040 2072 ne
1056 2045 1165 2079 quando
1178 2053 1191 2071 a
1207 2043 1286 2071 Patre
1298 2051 1407 2078 quoque
1426 2050 1486 2071 meo
1499 2043 1634 2070 audiatis:
1648 2042 1708 2070 Non

923 2096 964 2119 est
983 2099 1073 2118 meum
1097 2090 1255 2124 simpliciter
1275 2090 1350 2123 dare,
1379 2090 1426 2117 sed
1451 2097 1467 2116 ει
1487 2090 1565 2117 vobis
1588 2090 1709 2117 vicissim

919 2138 1026 2172 exigere
1048 2137 1226 2164 certaminum
1249 2141 1274 2163 et
1299 2137 1430 2163 sudarum
1447 2138 1708 2171 compensationem.

920 2183 990 2210 Malo
1012 2183 1084 2210 enim
1103 2183 1180 2210 vobis
1199 2182 1298 2210 debere
1313 2186 1421 2216 propter
1438 2182 1595 2209 benevolam
1609 2182 1709 2209 alacri-

920 2233 1013 2261 tatem,
1031 2236 1111 2264 quam
1134 2236 1263 2255 accusare
1284 2228 1447 2255 socordiam.
1478 2227 1538 2254 Non
1554 2233 1596 2255 est
1618 2236 1708 2255 meum

920 2276 996 2306 dare,
1021 2279 1050 2302 at
1069 2282 1157 2308 neque
1172 2273 1260 2300 Patris
1274 2273 1329 2300 mei
1353 2273 1512 2308 simpliciter
1536 2273 1706 2308 petentibus:

921 2321 1053 2356 siquidem
1068 2321 1216 2351 occisores,
1234 2324 1260 2347 et
1276 2319 1402 2352 adulteri,
1416 2324 1443 2347 et
1453 2320 1542 2354 quivis
1558 2320 1709 2354 ﬂagitiosus

920 2373 946 2394 et
976 2368 1169 2402 intemperans,
1193 2366 1215 2393 si
1234 2369 1336 2400 petant,
1362 2373 1468 2393 mecum
1484 2366 1585 2393 sessuri
1605 2370 1706 2392 essent.

921 2414 978 2442 Non
996 2419 1038 2441 est
1060 2418 1183 2440 nostrum
1202 2412 1268 2439 dare
1282 2417 1393 2445 temere,
1419 2417 1446 2439 et
1468 2412 1618 2446 depravare
1634 2412 1707 2447 quod

920 2462 1022 2496 justum
1043 2465 1094 2486 e~t.
1123 2458 1194 2486 Jusli
1208 2458 1281 2485 enim
1296 2458 1397 2492 judicis
1419 2462 1461 2485 est
1485 2458 1633 2492 unicuique
1659 2466 1709 2492 pro

920 2507 1051 2541 dignitate
1064 2505 1152 2532 meriti
1169 2504 1298 2536 tribuere,
1313 2512 1366 2532 non
1383 2504 1517 2539 negligere
1541 2504 1706 2536 laborantes,

921 2561 953 2580 ac
970 2552 1073 2587 ignavis
1084 2551 1185 2586 aliquid
1196 2551 1297 2585 largiri.
1310 2550 1428 2578 Proinde
1441 2551 1466 2578 si
1478 2551 1592 2578 thronos
1599 2550 1721 2581 amatis..

921 2599 1004 2626 nolite
1015 2598 1140 2633 ignorare
1147 2598 1307 2628 certamina.
1317 2597 1349 2624 ad
1359 2604 1421 2632 quin
1428 2597 1594 2631 capessenda
1605 2597 1710 2625 debetis

924 2643 1054 2679 expediri.
1070 2642 1163 2678 Neque
1175 2642 1388 2678 palliotantum,
1408 2646 1435 2669 et.
1448 2642 1541 2674 barba,
1559 2641 1722 2676 baculoque.

924 2689 1050 2718 convenit
1061 2697 1109 2717 vos
1123 2689 1238 2717 delicato
1245 2688 1368 2724 gloriari,
1385 2688 1431 2716 sed
1446 2688 1587 2716 laboribus
1594 2688 1719 2716 thronos.

924 2736 1058 2769 redimite,
1074 2736 1261 2771 iudiciumque
1275 2735 1391 2770 placate.

1116 2779 1374 2808 INTERROGATIO
1384 2778 1514 2807 CXXXII.

958 2827 1035 2862 Quod
1050 2827 1072 2856 si
1087 2827 1198 2863 perinde
1220 2835 1251 2855 ac
1263 2827 1354 2861 Pater,
1375 2832 1471 2863 potens
1486 2831 1514 2854 et
1533 2825 1577 2854 sui
1586 2825 1659 2861 juris
1670 2830 1711 2855 est

1531 2944 1574 2976 ω
