1907 3043
70 128 85 157 ί
90 130 141 157 037

359 187 482 213 ΠΕΥΣΙΣ
500 186 584 213 ΡΛΔ’.

107 244 165 269 Καὶ
183 242 255 270 διατι
275 243 361 270 ἐλθὼν
380 244 417 279 μὴ
437 244 470 270 ὲκ
492 242 540 269 τοῦ
564 241 682 277 φανεροῦ
705 239 863 275 ἐσταυρώθη

72 287 186 324 θαρρῶν
211 291 244 323 τῇ
265 289 362 315 ἑαυτοῦ
381 289 454 324 ἰσχύϊ
473 297 480 303 ι
494 288 561 315 ἀλλὰ
584 287 649 315 ποτε
670 286 720 322 μὲν
748 285 866 320 πτωχὸς,

74 335 141 361 ποτὲ
154 335 183 360 δὲ
205 335 317 370 φαιδρὸς
342 334 492 369 διαγίνεται
504 343 511 367 ;
524 334 567 361 διὰ
582 334 608 361 τί
622 333 670 360 καὶ
686 332 788 359 δειλίαν
800 331 868 357 ὑπο-

73 379 201 415 κρίνεται
211 380 278 412 Θεὸς
295 379 333 406 ὥν
352 389 360 413 ;

383 437 565 471 Ἀπόκρισις.

109 493 187 519 Ἐπεὶ
197 493 251 519 οὖό
276 492 373 528 ἐχθρὸς
388 493 512 529 φανερῶς
523 494 579 523 τοῖς
591 492 776 527 προπάτορσιν
789 490 869 526 ἡμῶν

75 541 104 565 ὲν
122 539 280 574 ’παραδείσῳ
296 539 423 574 ἔψαυσεν,
439 539 501 565 ἐπεὶ
519 538 552 565 ἂν
563 537 729 573 ἐφυλάξαντο
744 537 794 573 τὴν
808 538 870 564 ὑπο-

76 586 183 621 σποράν
198 586 246 612 καὶ
270 586 315 611 τὸν
331 585 436 612 ὖλισθον
451 594 457 600 -
473 585 520 612 νῦν
539 585 567 611 δὲ
591 583 707 619 κρύπτει
723 584 772 618 μὲν
789 584 816 609 ἐν
832 583 870 618 τῷ

76 631 139 663 ὖφει
155 631 204 666 τὴν
216 630 306 664 φύσιν,
321 630 432 662 ἐνωθεὶς
449 629 533 664 αὐτῷ,
552 630 598 656 καί
612 638 678 664 φησι
693 631 725 664 τῇ
740 629 868 664 uitali/{1'

77 673 152 713 ⁷ῌδ¹
163 676 201 702 ἄν
213 676 307 711 ἡμέρᾳ
317 675 449 710 φάγεσθε
464 675 517 702 τοῦ
533 675 789 711 ἀπηγορευμένον,
801 675 870 701 ἓσε-

76 725 134 750 σοε
156 723 197 756 ὡς
225 723 297 750 θεοί.
320 722 372 749 Καὶ
393 722 529 749 συνελόντι
544 721 643 757 φάναι,
663 721 705 748 διὰ
727 721 782 748 τῶν
797 721 870 757 ἑξῆς,

77 769 195 804 δολερῶς
218 769 267 804 τῆς
286 768 424 803 μακαρίας
445 768 544 800 αὐτοὺς
569 768 697 803 ἀπήγαγε
715 767 797 803 ζωῆς.
812 767 874 803 Ῥή-

80 824 148 850 past
162 816 254 842 τοίνυν
268 815 385 850 δολεροῖς
399 816 553 850 ἀπατήσας,
571 815 673 849 ῥήμασι
690 814 789 845 θεῖκοῖς
801 814 873 848 ἡπα-

77 863 149 897 τὴθη
163 863 176 887 ὁ
189 861 304 894 δείλαιος
326 862 432 898 ἐχθρός.
450 861 488 888 Οὐ
511 861 602 888 τοίνυν
622 862 680 887 ἐκεῖ
702 860 763 895 ὄφις
780 860 856 895 ψιλὸς
867 879 876 892 ,

77 908 141 935 οὐδὲ
157 907 280 939 διάϐολος
304 907 418 943 γυμνὸς,
441 907 503 934 οὐδὲ
525 906 643 933 ἐνταῦθα
669 906 764 941 βροτὸς
786 906 875 941 ψιλὸς,

78 954 140 981 οὐδὲ
157 955 224 986 85b;
243 954 358 989 γυμνός.
376 953 437 980 Οὐδ’
457 951 490 980 αὖ
511 953 593 980 πάλιν
618 953 702 988 δειλιᾷ
715 974 723 985 ,
738 952 805 978 ἀλλὰ
827 961 876 978 σα-

79 1001 139 1036 φῶς
156 1000 214 1026 λύει
232 999 278 1026 τοῦ
300 999 394 1035 μωροῦ
409 999 440 1025 τὺ
464 999 594 1034 σόφισμα.
614 998 709 1033 ’Λθρει
732 998 765 1032 δὴ
781 995 827 1024 οὖν
846 998 877 1024 τὸ

79 1046 242 1082 αὐθαίρετον
256 1046 303 1072 καὶ
317 1045 458 1081 ῥωμαλέον
470 1045 520 1079 τῆς
533 1044 594 1071 καθ’
603 1045 747 1080 ὑπόκρισιν
763 1043 875 1075 δειλίας.

80 1094 166 1119 Ὅταν
182 1092 258 1127 αὐτῷ
270 1091 386 1127 ἐπῆλθον
399 1093 423 1118 οἱ
438 1091 621 1126 συλλήπτορες
639 1090 771 1122 Ἰουδαῖοι,
784 1090 878 1126 πηρώ-

81 1148 133 1171 σας
153 1139 253 1170 αὐτοὺς
269 1138 335 1173 φησί
346 1147 352 1153 ·
369 1138 439 1165 Τίνα
457 1137 584 1171 (mefre;
599 1137 658 1163 Τῶν
677 1137 706 1163 δὲ
729 1137 878 1173 εἰρηκότων

87 1186 194 1221 Ἰησοῦν
209 1186 315 1220 ζητεῖν,
328 1182 406 1217 αὖθις
424 1184 543 1212 δείκνυσι
558 1184 588 1210 τὸ
609 1183 744 1214 ἑκούσιον.
764 1182 810 1209 καὶ
826 1192 879 1218 φη-

83 1234 125 1259 σιν
139 1233 241 1264 αὐτοῖς,
263 1231 341 1259 Ἰδοὺ
364 1230 421 1266 ἐγώ
436 1233 505 1265 εἰμι,
525 1230 572 1257 καὶ
591 1230 688 1257 θᾶττον
704 1230 800 1256 ἕπεται
822 1231 878 1261 τοῖς

83 1280 206 1314 ζητοῦσι.
228 1279 276 1311 Τίς
294 1276 341 1305 οὖν
368 1276 461 1314 εἶργεν
479 1277 560 1305 αὑτὸν
580 1277 724 1313 διαπτῆναι
749 1277 812 1308 τοὺς
828 1275 879 1311 γῦ-

83 1335 138 1357 πας
149 1335 156 1358 ς
168 1325 210 1357 τίς
227 1324 346 1351 ἐκώλυεν
362 1324 523 1360 ὲκιροιτῆσαι
542 1323 596 1350 τῶν
616 1323 810 1359 πηρωθέντων,
828 1325 880 1358 φά-

83 1380 196 1402 σκοντα.
219 1371 383 1403 Ἐξσυσιίιν
403 1371 462 1405 ἔχω
486 1371 580 1398 θεῖναι
605 1369 663 1404 τὴν
689 1369 796 1404 ψυχήν
807 1378 879 1404 μου.

83 1418 132 1445 καὶ
148 1417 244 1444 πάλιν
258 1416 361 1443 λαϐεῖν
373 1416 487 1449 αὑτήν;
503 1416 564 1448 Πῶς
586 1416 614 1443 δὲ
637 1416 683 1442 καὶ
698 1416 794 1451 Πέτρῳ
811 1415 880 1450 πλη-

84 1464 189 1495 κτικῶς
204 1464 398 1499 ὲπιτιμήσαντι
413 1463 486 1498 αὐτῷ
499 1461 721 1497 ἀποκαλούμενος
734 1464 779 1488 τὸν
798 1470 881 1488 σταυ-

87 1511 133 1546 ρῆν
162 1509 238 1545 αὐτῷ
264 1509 472 1545 άπευχόμενονς
497 1509 567 1544 Φησὶ
594 1510 648 1544 γὰρ
671 1508 710 1543 τῷ
735 1507 880 1543 ἀγαπητῷ,

85 1557 203 1590 ’Ὕπαγε
216 1556 312 1583 ὀπίσω
316 1564 387 1590 μου,
396 1555 525 1586 Σατανᾶ,
534 1555 578 1582 ὅτι
592 1556 629 1581 οὺ
644 1554 764 1589 φρονεῖς
778 1553 815 1581 τὰ
828 1554 882 1580 τοῦ

87 1603 173 1634 Θεοῦ,
189 1601 269 1629 ἀλλὰ
288 1602 324 1628 τὰ
338 1601 396 1628 τῶν
412 1601 583 1635 ἀνθρώπων.
602 1600 718 1632 Ὠσανεὶ,
734 1600 823 1627 Ἕπου
838 1608 882 1634 μοι

87 1650 135 1675 καὶ
159 1649 198 1684 μὴ
225 1647 352 1683 προπήδα
379 1647 486 1682 ἀγνοῶν
514 1647 564 1682 τὴν
583 1647 757 1681 οἰκονομίαν,
776 1646 823 1672 καὶ
847 1646 881 1680 τῇ

87 1696 148 1730 ἕψει
174 1695 223 1727 τῆς
239 1694 339 1729 σαρκὸς
362 1693 574 1729 περικλώμενος.
592 1693 654 1725 Πῶς
666 1692 720 1728 γάρ
735 1692 816 1718 δείσω
835 1691 884 1718 θά-

88 1750 168 1768 νατον
191 1742 207 1776 ὴ
234 1740 366 1771 ἀθάνατος
392 1740 468 1775 (toﬁ;
488 1739 551 1770 Πῶς
580 1739 666 1770 πάθος
693 1738 848 1773 ἁπεύξομαι
869 1739 884 1764 ὁ

88 1787 175 1822 λυτὴρ
194 1786 248 1812 τῶν
267 1786 376 1819 παθῶν;
387 1787 401 1813 ὀ
414 1787 470 1822 ἁφῇ
487 1786 578 1821 χειρὸς
592 1785 708 1820 τυφλοὺς
727 1785 883 1819 ἰασάμενος,

89 1835 103 1860 ὸ
121 1835 225 1870 ῥήματι
250 1832 321 1868 ψιλῷ
345 1832 530 1868 παρειμένους
557 1831 704 1863 σθενώσας,
720 1832 767 1858 καὶ
791 1831 884 1866 φέρειν

88 1882 154 1912 τοὺς
173 1880 306 1915 φέροντας
329 1879 481 1914 σκίμποδας
505 1879 629 1914 ποιήσας,
647 1879 661 1905 ὁ
674 1878 778 1913 κρήνας
800 1877 884 1912 αἱμά-

90 1936 145 1954 των
173 1925 338 1961 κρασπέδοις
357 1924 475 1960 ξηράνας
488 1945 495 1957 ,
514 1925 560 1951 καὶ
588 1924 706 1960 λεπροὺς
728 1924 778 1960 τὴν
794 1922 886 1958 λώϐην

91 1973 231 2004 ἀποδύσας
244 1994 250 2005 ,
266 1974 280 1999 ὁ
297 1972 432 2006 λεγεῶνας
463 1972 598 2006 δαιμόνων
618 1970 809 2007 προστάγματι
837 1979 887 2003 φυ-

91 2020 246 2053 γαδεύσας,
263 2020 277 2045 ὁ
298 2019 347 2054 τὴν
368 2018 485 2045 ἄῦυσσον
513 2018 592 2053 δίκην
614 2018 712 2053 χέρσου
732 2018 856 2052 πατήσας
877 2024 884 2047 ;

92 2067 106 2092 ὁ
124 2066 231 2101 σιωπᾷν
257 2065 342 2100 αὑτὴν
361 2065 409 2092 καὶ
434 2064 582 2100 φιμοῦσθαι
602 2063 808 2099 κορυφουμένην
839 2062 887 2089 καὶ

92 2111 283 2147 ἀραττομένην
294 2112 421 2145 ποιήσας,
433 2111 447 2136 δ
455 2111 512 2141 τοῖς
526 2110 662 2144 πνεύμασι
672 2109 721 2144 τὴν
734 2110 812 2145 χεῖρα
821 2110 889 2144 πρὸς

92 2155 212 2191 ἠρεμίαν
236 2155 374 2186 ἐκτείνας,
389 2154 422 2181 δι’
439 2151 476 2181 ὧν
489 2154 538 2190 τὴν
556 2154 658 2189 οῑόησιν
682 2155 728 2180 καὶ¹
746 2154 792 2180 τὸν
808 2154 889 2180 σάλον

93 2203 243 2236 ὑπέμενον·
258 2203 272 2229 ὁ
293 2201 373 2228 πέντε
397 2202 488 2236 ἄρτοις
509 2201 743 2236 πεντακισχιλίους
754 2201 795 2232 εἰς
809 2201 890 2236 κόρον

94 2245 310 2280 ἑστιασάμενος,
330 2245 377 2272 καὶ
404 2248 460 2277 τοῖς
482 2245 587 2272 ἐκεῖθεν
614 2245 751 2280 λειψάνοις
776 2245 889 2272 δεκαδύο

94 2291 245 2327 πληρώσας
269 2291 395 2326 κοφίνους
412 2299 418 2305 ·
435 2292 449 2318 ὁ
468 2290 594 2326 Λάζαρον
612 2291 799 2326 τετραήμερον
821 2292 886 2318 ὀδω-

93 2339 168 2369 δότα.
186 2338 254 2372 πρὸς
269 2338 434 2370 παλινζιιιΐαν
445 2338 478 2364 ὲκ
493 2337 580 2371 τάφου
594 2337 733 2372 ἀλώδητον
749 2339 885 2373 φωνήσας·

94 2388 108 2413 ὀ
122 2385 176 2411 τῶν
189 2385 257 2411 ὅλων
269 2383 435 2419 δημιουργὸς
453 2382 500 2409 καὶ
512 2382 588 2415 Θεὸς,
606 2382 661 2418 ζωὴ
680 2383 725 2409 καὶ
739 2383 887 2414 ἀνάστασις

95 2431 177 2462 αὐτὸς
195 2431 336 2465 ὑπάρχων.
361 2430 558 2465 ’Υποκρίνομαι
574 2429 633 2461 δέος
654 2429 701 2456 καὶ
723 2430 888 2464 μετριότητα

95 2479 128 2511 τῇ
157 2475 298 2510 παραϐολῇ
318 2474 368 2510 τῆς
395 2474 513 2510 σαρκὸς,
528 2474 659 2510 θηρεῦσαι
683 2474 728 2501 τὸν
756 2474 888 2511 δράκοντα

97 2522 270 2557 βουλόμενος,
288 2521 334 2548 τὸν
346 2521 392 2548 ὑπ’
406 2520 473 2555 ἐμοῦ
489 2521 539 2556 μὲν
556 2521 768 2556 ἑμπαιζόμενον,
785 2521 890 2556 βροτοῖς

96 2568 123 2594 δὲ
148 2567 319 2602 ἐμπαίζοντα
339 2567 470 2595 διάϐολον.
496 2566 600 2598 ’Δλιεὺς
616 2566 670 2602 γὰρ
688 2567 818 2602 ὑπάρχων
843 2567 891 2593 καὶ

98 2614 247 2647 ἄγκιστρον
271 2613 389 2648 ἐμαυτὸν
407 2612 515 2648 καθῆκα
530 2613 559 2639 ὲν
577 2612 617 2648 τῷ
638 2611 712 2648 βυθῷ
726 2613 802 2640 τοῦδε
820 2613 890 2648 βίου,

100 2658 280 2694 περιθέμενος
305 2658 435 2694 σκώληκα
458 2658 508 2694 τὴν
527 2658 644 2686 ἁλοῦσαν
663 2658 766 2694 βροτῶν
788 2660 890 2695 σάρκα,

100 2704 181 2736 αὐτὸς
196 2704 241 2738 ὑφ’
259 2704 357 2731 ἑαυτοῦ
374 2705 433 2731 κατ’
456 2704 575 2736 ἐκείνους
590 2704 731 2740 ἀτρέπτως
747 2705 893 2740 γενόμενος

105 2751 193 2787 ’Λδάμ
205 2759 212 2765 ·
227 2751 276 2779 καὶ
286 2751 323 2783 ὡς
339 2752 431 2782 ἁλιεὺς
444 2751 491 2778 νῦν
510 2751 560 2787 μὲν
578 2751 733 2779 ὑποσαίνων
748 2753 794 2780 καὶ
811 2752 893 2787 ὑφέλ-

101 2805 156 2824 xum
171 2798 200 2824 ἐν
212 2797 250 2833 τῷ
264 2796 338 2832 βυθῷ
353 2797 495 2832 δεδομένον
509 2797 540 2824 τὺ
562 2797 720 2832 ἄγκριστον,
735 2798 781 2824 νῦν
796 2799 817 2825 δ’
829 2800 893 2828 ’ἤρε-

138 2885 233 2915 ‘Gen.
251 2893 292 2918 tu,
321 2885 348 2914 5.
386 2886 578 2921 'Joan.xvm,
594 2887 619 2915 6.
659 2887 669 2904 ⁸
686 2887 752 2916 ibid.
776 2888 801 2916 5.
841 2888 944 2917 ’Jnan.
967 2898 993 2923 x,
1015 2890 1054 2918 l8.

750 122 924 153 MALOGUS
953 123 996 151 Ill.

1640 121 1711 151 1038

1100 182 1359 211 INTERROGATIO
1379 182 1525 210 CXXXIV.

957 238 989 265 Et
1005 247 1090 273 quare
1115 240 1229 267 veniens
1251 247 1304 266 non
1328 239 1473 267 manifeste
1489 238 1641 267 cruciﬁxus
1657 241 1711 271 est,

922 286 1041 312 conlisus
1060 293 1109 312 sua
1126 286 1213 320 ipsius
1229 285 1398 318 fortitudine,
1416 285 1464 312 sed
1481 285 1633 320 aliquando
1648 285 1712 319 qui-

922 332 982 358 dem
1003 331 1091 367 inops,
1105 332 1252 367 aliquando
1266 340 1331 359 vero
1345 332 1505 367 splendidus
1530 332 1595 359 est?
1621 330 1713 364 Quare

923 377 986 405 item
1000 377 1175 405 formidinem
1191 387 1246 414 prec
1260 387 1290 406 se
1303 379 1366 411 fert.
1381 387 1442 407 cum
1459 379 1532 405 Deus
1547 378 1642 406 esset?

1244 437 1395 471 Responsio.

958 492 1092 526 Quoniam
1114 502 1203 529 neque
1220 494 1277 529 ipse
1294 494 1421 521 inimicus
1437 493 1582 521 manifeste
1599 493 1705 527 primos

923 543 1055 574 parentes
1071 544 1181 567 nostros
1206 540 1234 566 in
1251 540 1379 575 paradiso
1406 547 1553 574 aggressus
1583 543 1644 570 est,
1666 538 1715 574 qui

925 586 1092 621 ceteroquin
1113 593 1127 613 a
1147 586 1344 621 depravatione
1361 594 1394 614 ac
1409 587 1486 621 lapsu
1500 587 1551 614 sibi
1562 586 1713 618 cavissent,

925 632 972 658 sed
992 632 1150 659 occultabat
1164 632 1190 658 in
1209 632 1345 667 serpentis
1361 633 1453 667 specie
1481 641 1558 660 suam
1574 638 1713 663 naturam.

926 677 964 704 illi
982 677 1094 711 uultus;
1112 683 1137 705 et
1153 678 1261 705 dicebat
1276 678 1308 705 ad
1329 678 1455 706 miseram
1474 688 1480 705 :
1501 678 1660 713 Quot-anque
1672 677 1716 704 die
1746 687 1749 694 -

927 719 1094 747 comederitis
1109 721 1141 748 de
1169 722 1261 748 arbore
1277 722 1369 753 uetita.
1387 723 1464 750 eritis
1495 728 1619 757 tanquam
1642 723 1679 750 dii
1693 722 1715 748 ⁸.

926 765 971 798 Et,
986 771 1015 793 ut
1032 767 1152 794 breviter
1166 768 1257 794 omnia
1270 768 1406 802 proferatur
1423 776 1485 803 quae
1499 768 1536 795 ibi
1550 773 1714 804 sequuntur,

928 811 1022 839 dolose
1038 812 1114 847 ipsos
1130 813 1165 839 ab
1180 813 1225 840 illa
1241 813 1320 841 beata
1333 814 1388 841 vita
1404 814 1525 844 seduxit,
1540 815 1655 849 proinde
1668 815 1717 850 qui

926 859 1018 886 verbis
1035 859 1138 886 dolosis
1158 859 1275 894 decepit,
1303 861 1392 887 verbis
1406 860 1505 888 divinis
1522 861 1651 895 deceptus
1675 866 1719 889 est

927 903 1021 931 infelix
1038 905 1135 932 hostis.
1151 904 1210 932 Non
1226 906 1308 940 igitur
1325 906 1380 933 illic
1402 906 1492 934 nudus
1507 912 1566 934 erat
1582 914 1695 942 serpens
1708 929 1718 941 ,

928 959 1016 986 neque
1031 951 1157 979 diabolus
1172 953 1283 985 nudus;
1304 961 1393 987 neque
1421 953 1466 981 hic
1495 954 1578 981 homo
1604 955 1695 983 nudus
1708 977 1718 989 ,

928 1004 978 1024 nec
995 996 1065 1024 Deus
1080 998 1179 1025 nudus.
1193 997 1248 1026 Nec
1264 999 1328 1026 item
1360 999 1556 1027 formidolosus
1583 1007 1635 1033 est,
1670 1002 1718 1029 sed

928 1047 1022 1077 aperte
1042 1043 1119 1070 stulti
1141 1044 1233 1071 dolum
1255 1045 1379 1072 inutilem
1405 1045 1502 1073 reddit.
1521 1046 1588 1074 Vide
1603 1048 1670 1075 mibi
1686 1047 1718 1074 li-

929 1088 1062 1116 bertatem
1078 1094 1105 1117 et
1118 1090 1203 1117 robur
1221 1091 1328 1119 timoris
1351 1100 1432 1127 quem
1460 1100 1515 1127 pne
1545 1101 1575 1121 se
1601 1093 1715 1125 ferebat,

930 1143 990 1162 cum
1007 1136 1096 1170 ipsum
1112 1137 1273 1164 invaderent
1299 1145 1361 1165 eum
1380 1140 1605 1174 comprehensuri
1621 1140 1718 1170 Judaei.

930 1180 997 1207 Nam
1017 1182 1141 1209 excitate
1158 1190 1304 1217 percussos
1322 1184 1473 1219 interrogat
1488 1195 1494 1212 :
1511 1185 1594 1218 Quem
1618 1187 1719 1221 qua’ri-

932 1227 965 1252 tis
976 1227 985 1241 ⁷
998 1226 1009 1253 ?
1024 1226 1063 1254 Illi
1079 1235 1143 1255 vero
1158 1233 1304 1264 postquam
1322 1230 1457 1258 dixissent
1472 1239 1501 1259 se
1533 1231 1627 1260 Jesum
1643 1240 1720 1268 qua:-

931 1280 1002 1305 rere,
1024 1281 1120 1302 rursus
1141 1276 1261 1303 ostendit
1290 1276 1356 1311 ipsis
1383 1282 1564 1312 spontaneam
1595 1280 1722 1308 volunta-

933 1325 997 1352 tem,
1011 1325 1038 1348 et
1057 1321 1113 1348 ait:
1136 1321 1204 1350 Ecce
1223 1331 1269 1358 ego
1285 1324 1375 1351 sum“.
1399 1325 1487 1360 Atque
1509 1325 1652 1354 confestim
1677 1335 1723 1355 sc—

932 1367 1026 1402 qnitur
1043 1375 1072 1394 se
1086 1373 1251 1402 quazrentes.
1263 1369 1330 1402 Quis
1346 1369 1479 1405 impedire
1497 1372 1631 1406 potuisset
1651 1382 1723 1408 quo-

934 1414 1025 1441 minus
1041 1414 1181 1442 celeritate
1199 1415 1325 1443 avolandi
1340 1422 1481 1451 superaret
1497 1419 1620 1448 vultures
1634 1420 1646 1448 ’ί
1660 1422 1724 1455 quis

932 1458 1122 1494 prohibuisset.
1136 1461 1284 1496 quominus
1300 1461 1435 1489 eludendo
1461 1471 1611 1493 excatcatos
1624 1466 1724 1494 evade-

933 1510 984 1537 rct,
1001 1505 1049 1540 qui
1066 1506 1099 1532 de
1127 1514 1157 1534 se
1176 1507 1265 1533 aiebat
1281 1517 1287 1534 :
1316 1507 1480 1536 Potestatem
1502 1510 1585 1538 habeo
1612 1513 1724 1546 ponendi

934 1551 1053 1577 animant
1069 1559 1164 1584 nteant,
1178 1556 1202 1578 et
1218 1560 1310 1579 rursus
1330 1555 1451 1580 sumendi
1467 1563 1524 1581 eam
1537 1556 1567 1583 ".7
1581 1556 1724 1590 Quomodo

933 1605 998 1624 vero
1022 1602 1048 1624 et
1063 1597 1144 1625 Petro
1169 1605 1199 1625 se
1224 1598 1382 1634 objurganti
1412 1601 1446 1628 ad
1468 1601 1589 1629 animum
1614 1610 1725 1632 revocat

934 1651 1044 1672 crucem
1059 1652 1074 1671 a
1093 1653 1122 1672 se
1136 1645 1248 1680 expeti?
1263 1645 1354 1681 lnquit
1368 1647 1442 1674 enim
1453 1648 1486 1675 ad
1501 1656 1563 1676 eum
1577 1652 1724 1686 ceteroqui

934 1690 1063 1718 dilectum
1077 1697 1084 1716 :
1100 1690 1150 1717 Abi
1165 1696 1222 1725 post
1237 1700 1287 1726 me,
1307 1691 1420 1726 Salano,
1434 1696 1559 1728 quoniam
1574 1704 1627 1723 non
1651 1699 1723 1733 sapis

934 1745 965 1763 ea
998 1745 1057 1772 quae
1092 1737 1140 1764 Dei
1169 1744 1228 1764 sunt
1247 1758 1254 1770 ,
1285 1739 1330 1766 sed
1358 1747 1416 1774 quae
1443 1746 1504 1768 sunt
1543 1743 1725 1773 hominum".

935 1781 1019 1815 Quasi
1054 1783 1148 1815 dicat,
1188 1783 1309 1819 Sequere
1339 1792 1402 1817 me,
1444 1790 1472 1813 et
1505 1788 1558 1814 noli
1602 1789 1725 1823 resilire,

936 1828 1064 1863 ignorans
1098 1830 1352 1865 dispensationem,
1391 1833 1481 1867 specie
1516 1834 1608 1861 carnis
1646 1835 1726 1864 dece-

937 1881 1013 1910 ptus.
1029 1875 1172 1909 Quomodo
1188 1878 1260 1904 enim
1274 1877 1427 1905 formidabo
1444 1884 1570 1912 mortem,
1591 1882 1636 1916 qui
1665 1890 1726 1909 smn

936 1921 1010 1948 aliud
1024 1921 1092 1948 nihil
1112 1929 1194 1956 quam
1211 1922 1266 1949 vita
1287 1922 1474 1951 immortalis?
1496 1923 1638 1958 Quomodo
1664 1935 1726 1961 pas-

937 1968 1043 1995 sionem
1059 1968 1238 2002 deprecabor,
1258 1969 1304 2004 qui
1320 1977 1335 1996 a
1360 1970 1538 2004 passionibus
1565 1971 1662 2005 libero.
1678 1975 1726 2008 qui

937 2018 1010 2040 tactu
1027 2021 1126 2041 manus
1142 2014 1238 2041 sanavi
1253 2022 1352 2048 caecos,
1365 2015 1412 2050 qui
1424 2016 1497 2044 nudo
1514 2017 1598 2045 verbo
1620 2017 1727 2046 firmavi

939 2060 1123 2095 paralyticos,
1150 2064 1176 2087 et
1205 2059 1256 2088 feci
1285 2066 1314 2088 ut
1338 2061 1442 2089 ferrent
1470 2063 1601 2098 grabbata
1627 2066 1727 2098 quibus

938 2110 1018 2133 antea
1034 2105 1222 2141 gestabantur,
1239 2107 1286 2142 qui
1303 2107 1391 2135 fontes
1417 2109 1580 2144 sanguinnm
1613 2111 1728 2140 fimbriis

939 2152 1050 2184 siccavi,
1063 2157 1090 2179 et
1107 2160 1122 2179 a
1138 2152 1255 2187 leprosis
1270 2154 1405 2180 maculam
1425 2155 1553 2190 abstersi,
1571 2158 1617 2192 qui
1642 2158 1728 2194 legio-

939 2204 988 2224 nes
1008 2197 1165 2224 daemonum
1196 2198 1325 2225 mandato
1354 2199 1456 2234 fugavi,
1484 2201 1612 2237 abyssum
1642 2203 1729 2231 instar

939 2247 1020 2270 terra:
1033 2243 1149 2276 calcari,
1165 2243 1308 2279 ipsamque
1325 2245 1456 2273 tumidam
1482 2251 1509 2274 et
1522 2248 1621 2275 elatam
1649 2249 1730 2277 silere

942 2296 974 2315 ac
992 2288 1182 2316 obmutescere
1210 2290 1272 2322 feci,
1296 2291 1343 2326 qui
1370 2292 1403 2319 ad
1431 2297 1526 2321 ventos
1552 2301 1663 2322 manum
1679 2303 1730 2330 pro

941 2334 1140 2369 tranquillitate
1158 2335 1277 2367 extendi,
1291 2343 1339 2370 per
1352 2344 1422 2371 quos
1439 2337 1520 2364 etiam
1542 2337 1641 2366 ﬂuctus
1665 2347 1729 2374 pro-

942 2379 1099 2414 cellamque
1113 2380 1283 2407 sustinebam
1299 2382 1364 2416 ;qui
1379 2382 1502 2418 quinque
1516 2384 1632 2418 panibus
1646 2386 1730 2420 quin-

943 2432 995 2459 que
1010 2426 1094 2452 millia
1111 2426 1145 2452 ad
1162 2427 1315 2454 satietatem
1347 2428 1446 2461 cibavi,
1464 2435 1490 2456 et
1517 2430 1580 2457 inde
1606 2432 1730 2467 reliquiis

943 2472 1057 2499 sublatis
1073 2472 1216 2500 duodecim
1230 2473 1364 2508 cophinos
1376 2474 1484 2510 implevi
1499 2484 1506 2508 ;
1524 2476 1570 2510 qui
1584 2476 1730 2510 Lazarum,

943 2518 1040 2546 diebus
1053 2524 1170 2553 quatuor
1182 2518 1323 2553 fetentem,
1338 2521 1371 2547 ad
1389 2521 1606 2550 reviviscendum
1622 2531 1654 2550 ex
1673 2532 1732 2551 mo-

944 2569 1075 2591 numento
1095 2564 1190 2591 vocavi
1217 2564 1353 2598 illaesum;
1370 2566 1417 2600 qui
1444 2567 1566 2594 omnium
1588 2567 1679 2602 opifex
1705 2573 1733 2596 et

945 2610 1026 2643 Deus,
1043 2610 1097 2637 vita
1117 2614 1145 2637 et
1161 2611 1327 2638 resurrectio
1338 2619 1410 2639 sum.
1423 2611 1482 2639 Prae
1496 2620 1540 2639 me
1557 2613 1615 2640 fero
1629 2619 1731 2642 metum

945 2661 972 2683 et
988 2656 1171 2683 humilitatem
1183 2675 1190 2688 ,
1204 2663 1253 2691 per
1264 2657 1490 2685 assimilationem
1514 2659 1605 2687 carnis
1624 2664 1733 2696 captare

948 2704 1041 2731 volens
1056 2703 1216 2736 draconem,
1239 2707 1267 2731 et
1278 2711 1293 2731 a
1308 2711 1351 2731 me
1365 2704 1476 2740 quidem
1490 2705 1612 2740 illusum,
1629 2712 1734 2735 morta-

948 2751 1018 2778 libus
1034 2757 1124 2778 autem
1154 2751 1311 2778 illudentem
1327 2751 1475 2779 diabolum.
1507 2752 1631 2781 Piscator
1659 2754 1732 2782 enim

948 2806 1010 2824 cum
1029 2797 1091 2829 sim,
1110 2797 1192 2824 etiam
1207 2797 1331 2829 hamum,
1350 2805 1448 2832 nempe
1470 2799 1606 2834 meipsum
1635 2800 1733 2830 demisi

1096 2890 1116 2906 '°
1144 2889 1228 2919 Marc.
1249 2898 1308 2925 vtu,
1334 2891 1378 2918 35.
