1907 3043
103 130 176 157 ιῠιε

102 189 153 223 ζῆν
178 189 225 216 καὶ
248 190 332 216 ἐλεεῖν
350 192 467 226 ἐμαυτὸν
484 192 529 220 διὰ
545 193 594 229 τῆς
607 194 731 227 ὑπακοῆς
753 197 800 223 καὶ
815 197 898 231 φυλα-

101 237 155 269 κῆς
169 236 224 262 τῶν
242 236 296 262 σῶν
313 238 441 265 ἐντολῶν·
458 239 474 274 ῆ
496 240 617 275 ἁναιρεὲν
632 242 750 276 ἐμαυτὸν
773 244 804 278 τῇ
826 252 896 280 παρ-

100 283 183 316 ακοῇ,
201 282 249 309 καὶ
267 284 304 318 μὴ
334 284 467 311 ἐλεεῖσθαι
490 285 602 318 εἰκότως
627 287 841 323 τιμωρούμενον,
857 289 896 324 τῷ

99 326 192 362 ἐχθρῷ
228 328 328 362 μᾶλλον
341 328 357 364 ἢ
371 329 410 364 τῷ
424 330 592 366 Δημιουργῷ
607 332 896 370 προσθέμενον.”οπερ

100 374 115 398 ὀ
130 373 283 409 προπάτωρ
300 374 378 410 ἡμῶν
399 376 502 411 δράσας
526 378 562 413 μὴ
587 377 672 404 ἐλεῶν
691 379 796 412 ἑαυτὸν,
814 380 896 407 οἱονεὶ

102 417 244 450 φάσγανον
255 419 304 454 τὴν
320 420 444 455 ὀλεθρίαν
462 422 614 457 συμίουλὴν
625 423 684 450 καθ’
697 424 794 450 ἑαυτοῦ
807 433 895 460 παραη

99 462 260 498 δεξάμενος,
275 466 429 502 ἀναιρεθεὶς
443 468 536 504 ἐκείνῃ
551 469 597 495 καὶ
611 469 640 502 ἐξ
652 469 786 497 ἀθανάτου
800 471 896 506 θνητὸς

99 509 248 544 γενόμενος
264 511 360 546 ᾤχετο.
374 513 555 549 Συμμυόντων
570 515 659 542 τοίνυν
674 517 782 543 πάντων
799 517 896 553 αἰσθη-

98 555 205 590 τηρίων
229 557 281 583 καῖ
304 558 455 594 αἰσθήσεων
477 560 561 595 ἇμῃςω
584 561 638 587 τῶν
655 562 821 598 προσώπων,
849 564 894 590 καὶ

98 601 182 627 οἱονεὶ
206 602 432 639 άνακιρναμένων
451 607 497 632 καὶ
514 608 678 643 φυραμένων
697 609 823 644 ἀλλήλοις
839 609 894 636 τῶν

101 648 239 683 σωμάτιον
256 651 284 676 ἐν
307 652 340 686 τῇ
367 652 449 686 μίξει,
469 654 615 689 ἐκμαγεῖον
639 655 685 682 τοῦ
708 657 856 692 προσώπου
877 658 893 692 ἡ

100 694 260 730 ἀπόρρητος
272 697 409 733 καταϐολὴ
424 699 536 734 γίνεται,
548 700 562 727 ὃ
574 701 681 737 πρῶτον
694 702 768 728 δοθὲν
780 702 827 729 καὶ
838 703 895 730 ἑπι-

99 741 284 777 κρατὲστερον
296 744 405 780 σπέρμα
418 755 423 760 ·
436 745 496 772 ὅθεν
505 746 551 772 καὶ
562 747 629 783 πρὸς
642 748 727 783 ἀμίαν
739 749 785 775 καὶ
798 749 895 784 ὁμοίω-

101 794 144 812 σιν
157 787 171 812 ὁ
185 789 329 825 χαρακτὴρ
341 791 503 818 ὲντυποῦται
517 793 622 818 ἐκείνου
637 794 653 828 ἢ
674 794 785 830 ταύτης.
801 795 894 827 Οὕτως

97 830 146 859 οὖν
165 834 180 868 ἡ
205 835 253 860 τοῦ
273 836 387 871 ἄρρενος
407 838 544 874 καταϐολὴ
558 840 652 875 ψυχρά
666 849 708 872 τις
732 841 893 877 ὑπάρχουσα

98 879 147 904 καὶ
165 880 314 916 ὀστοειόὴς,
329 883 369 914 εἰς
391 883 492 910 ὀστέων
516 885 563 911 καὶ
581 886 683 921 νεύρων
704 888 891 920 μεταποιεῖται

100 923 208 960 ῥώμην,
233 928 418 964 στερῤουμένη
440 931 617 965 καταλλήλως
636 931 674 967 τῷ
696 933 889 968 ἀποκρίναντι·

97 970 129 996 τὸ
148 971 176 997 δὲ
193 973 245 999 ὑπὸ
257 973 304 1000 τοῦ
320 976 430 1008 γυναίου
446 977 474 1002 ὲν
489 979 520 1012 τῇ
539 979 678 1014 συνευνείᾳ
696 979 891 1014 ἁντιδιδόμενον

98 1014 168 1052 αἷμα
185 1018 286 1055 θερμὸν
303 1022 373 1048 κατὰ
388 1023 469 1057 φύσιν
487 1024 618 1059 ὑπάρχονι
636 1025 706 1061 ὑπὲρ
721 1025 768 1052 τοῦ
785 1025 890 1062 ψυχροῦ

99 1065 188 1098 παγὲν
209 1066 249 1097 εἰς
271 1067 361 1103 σάρκα
381 1069 552 1104 μεθίσταται.
573 1071 605 1097 Ἦ
626 1071 654 1097 δὲ
682 1071 749 1107 σὰρξ
774 1071 893 1107 ζωτικήν

98 1119 160 1137 τινα
176 1111 293 1148 δύναμιν
310 1113 401 1141 θεόΟεν
418 1116 590 1152 ἐμπνεομένη
616 1117 799 1151 ζωογονεῖται.
824 1117 894 1152 Ἐγὼ

98 1155 154 1191 γάρ
172 1158 230 1192 εἰμι
247 1160 264 1184 ό
290 1159 421 1194 ποιήσας
437 1162 495 1195 τὴν
514 1161 582 1196 γῆν,
599 1164 648 1190 καὶ
670 1163 828 1198 ἄνθρωπον
846 1164 893 1190 ἐπ’

98 1200 206 1234 αὐτῆς,
223 1202 273 1229 καὶ
288 1202 390 1238 διδοὺς
405 1206 505 1241 πνοὴν
519 1206 594 1241 ζωῆς
609 1207 685 1235 πᾶσι
698 1208 760 1235 τοῖι-
779 1208 891 1235 πατοῦ-

98 1254 152 1273 σιν
164 1248 274 1282 αὐτὴν,
292 1251 375 1285 φησὶν
389 1254 402 1278 ὁ
416 1252 492 1284 Θεός.

802 135 975 166 DlALOGUS
1003 137 1046 166 lli.

1672 143 1739 172 10-16

954 199 1097 226 ricord'am
1115 200 1261 234 apposuisti
1281 201 1356 234 mihi,
1379 200 1478 236 inquit,
1500 201 1578 236 quasi
1600 202 1689 234 dicat.
1710 203 1739 230 lu

951 253 994 272 tne
1009 245 1125 280 posuisti
1141 251 1170 272 ut
1184 247 1313 279 viverem,
1330 251 1357 274 et
1373 252 1401 274 ιιι
1415 247 1563 275 misererer
1578 249 1630 275 mei
1653 249 1739 282 ipsius

950 297 998 324 per
1013 290 1194 318 obedientiam
1211 292 1472 319 ct'observationcm
1496 297 1606 319 tttorum
1626 294 1740 320 manda—

950 341 1056 368 turum;
1073 342 1120 364 aut
1138 343 1168 365 ut
1185 338 1344 372 perimerem
1364 339 1497 373 meipsum
1519 346 1566 372 per
1579 338 1723 365 i’nobedien

949 383 1026 414 tiam,
1048 391 1136 418 neque
1168 384 1385 411 misericordiam
1413 391 1606 418 consequerer,
1640 384 1739 411 merito

949 435 1043 462 pinnas
1069 429 1241 464 dependens,
1273 430 1386 458 inimico
1418 431 1509 465 potius
1538 438 1619 465 quam
1648 431 1737 465 opiﬁci

949 474 1101 502 adhaerens.
1122 474 1150 502 ld
1168 475 1240 510 quod
1254 476 1358 510 primus
1371 481 1466 503 noster
1483 483 1583 511 parens
1601 475 1674 509 fecit,
1690 477 1738 511 qui

950 528 1003 546 non
1018 520 1147 548 misertus
1161 521 1204 547 sui
1225 521 1321 556 ipsius.
1338 521 1421 549 veluti
1436 522 1555 557 gladium
1577 522 1664 556 ipsa1n
1679 530 1739 556 pcr-

949 565 1079 593 ditionem
1098 567 1292 594 eonsultricem
1309 568 1440 596 adversus
1454 569 1629 603 semetipsum
1647 577 1739 596 susce-

950 612 1000 647 pit,
1017 612 1118 647 illoque
1137 613 1297 641 interfectus
1310 619 1362 645 cst,
1378 619 1404 641 et
1421 622 1454 641 ex
1468 615 1620 641 immortali
1637 620 1739 642 morta-

948 657 981 684 lis
995 656 1085 684 factus
1108 657 1198 692 periit.
1222 657 1289 684 Cum
1309 658 1392 693 igitur
1404 658 1506 686 clausis
1531 658 1659 686 onmibus
1674 667 1738 686 sen-

948 711 1028 730 suum
1043 703 1153 731 sedibus
1167 708 1194 730 et
1210 703 1276 738 ipsis
1292 705 1434 731 ambarum
1452 712 1630 739 personarum
1647 705 1738 732 sensi-

948 748 1008 779 bus,
1025 748 1161 783 quasique
1180 749 1391 784 contemperatis
1410 753 1492 784 atque
1507 750 1646 784 permistis
1667 750 1738 776 inter

947 801 976 820 se
989 794 1151 828 corporibus
1166 794 1192 821 in
1207 795 1292 826 coitu,
1309 795 1443 822 inelfahile
1457 795 1486 822 tit
1508 796 1627 827 initium.
1643 796 1737 823 videli-

947 844 989 866 cet
1002 839 1081 867 faciei
1099 841 1249 875 expressio.
1264 841 1298 868 de
1314 847 1424 869 cxcreto
1439 841 1555 876 primum
1577 842 1737 877 potioreun

947 887 1062 917 semine,
1083 887 1154 914 unde
1177 887 1210 913 ad
1232 887 1441 914 dciineationcm
1466 892 1493 914 et.
1516 887 1735 921 similitudinem,

946 933 1031 966 ﬁgura
1052 933 1094 960 vel
1117 932 1226 959 femina:
1246 933 1287 960 vel
1310 933 1360 959 viri
1381 933 1564 967 exprimitur:
1585 939 1666 968 atque
1685 934 1737 962 hoc

945 979 1026 1006 modo
1039 986 1102 1006 cum
1116 980 1167 1006 viri
1178 984 1380 1007 excrementum
1393 979 1520 1014 frigidum
1533 980 1736 1015 quodammodo

945 1026 981 1052 sit
993 1030 1020 1053 et
1036 1033 1164 1057 osseum,
1181 1025 1208 1052 in
1225 1025 1330 1053 ossium
1345 1030 1372 1053 et
1389 1033 1535 1062 nervorum
1550 1031 1737 1053 commutatur

944 1071 1038 1103 robur,
1060 1078 1110 1105 pro
1138 1070 1244 1098 ratione
1266 1070 1338 1097 illius
1365 1070 1412 1104 qui
1428 1070 1549 1098 excrevit
1573 1070 1735 1098 soliditatem

942 1115 1055 1143 habens.
1070 1114 1147 1148 Quod
1167 1120 1258 1142 autent
1276 1123 1290 1141 a
1307 1115 1420 1143 tnttliere
1435 1115 1462 1142 in
1481 1115 1630 1143 concubitu
1649 1116 1734 1143 vicis-

941 1163 994 1190 sim
1009 1162 1144 1189 redditum
1160 1166 1213 1194 est,
1234 1169 1296 1189 cum
1309 1162 1416 1189 calidus
1437 1162 1474 1189 sit
1495 1166 1592 1189 natura
1610 1162 1733 1196 sanguis,

942 1218 956 1236 a
975 1209 1073 1245 frigido
1093 1209 1302 1240 condensatum,
1325 1208 1351 1236 in
1370 1208 1530 1243 sanguinem
1549 1208 1728 1235 convertitur.

944 1255 1015 1282 Caro
1036 1259 1128 1282 autent
1153 1262 1200 1289 per
1222 1254 1333 1281 vitalem
1352 1254 1500 1289 quamdam
1521 1254 1576 1280 vim
1602 1253 1735 1281 divinitus

99 1293 274 1328 inspiratam,
287 1297 447 1327 viviﬁcatur.
465 1300 522 1336 Ego
540 1302 611 1329 enitn
625 1311 684 1330 sum
704 1304 748 1338 qui
771 1303 822 1338 feci
837 1308 945 1337 terram,
961 1307 985 1330 et
999 1303 1130 1330 hominem
1150 1310 1182 1328 ea;
1204 1310 1246 1334 ea,
1269 1303 1364 1337 quique
1377 1301 1423 1328 dat
1437 1302 1531 1336 [lutum
1544 1301 1604 1329 vita:
1615 1302 1734 1328 omnibus

98 1341 145 1374 qui
160 1341 299 1369 ambulant
311 1345 338 1370 in
350 1353 391 1378 ea,
407 1345 504 1381 inquit,
518 1347 590 1376 Deus
604 1348 636 1375 ".

134 1397 211 1426 Alter
226 1400 269 1427 ltic
283 1402 356 1428 locus
368 1408 407 1430 est
420 1412 453 1431 ea:
467 1405 501 1432 iis
513 1413 626 1440 quorum
640 1407 721 1441 paulo
739 1411 800 1434 ante
815 1407 972 1433 mentionem
987 1404 1047 1439 feci.
1066 1402 1136 1429 Nam
1153 1401 1259 1436 adjecta
1275 1401 1356 1435 [nim
1370 1400 1486 1427 arbitror
1505 1400 1560 1426 lucc
1579 1396 1611 1426 ab
1634 1399 1733 1434 aliquo,

98 1447 143 1480 qui
162 1455 223 1474 cum
236 1447 349 1477 Casarii
364 1452 494 1479 sententia
512 1453 682 1489 conjunctam
698 1455 787 1482 eodem
803 1455 858 1481 loco
876 1453 1092 1487 ultilosopltorttm
1106 1450 1188 1477 etiam
1200 1453 1350 1476 exterarum
1364 1448 1511 1483 opinionem
1526 1449 1558 1474 de
1577 1447 1735 1482 formatione

98 1494 214 1523 hominis
233 1496 329 1525 habere
345 1499 430 1526 uellet.

340 1557 436 1592 Λόγος
451 1557 485 1584 ἐκ
504 1556 564 1584 τῶν
581 1557 650 1590 ἔξω.

138 1598 172 1624 'H
187 1598 269 1633 φύσις
282 1600 456 1628 ἑνυπόκειται
469 1602 508 1637 τῷ
526 1603 679 1638 σπέρματι·
694 1604 710 1639 ὴ
725 1603 780 1638 γὰρ
793 1604 822 1629 ἐν
836 1603 891 1630 τοὺ-

98 1654 137 1680 τῳ
157 1645 282 1681 δύναμις,
302 1647 412 1674 ἐπειδὰν
430 1648 548 1684 ἄρχηται
567 1649 711 1681 κινεῖσθαι,
729 1650 810 1685 φύσις
831 1650 891 1676 ὀνο-

100 1691 227 1725 μάζεται,
241 1691 286 1718 διὰ
296 1692 325 1718 τὸ
336 1693 414 1727 φύειν
429 1694 476 1720 καὶ
490 1695 598 1730 γεννᾷν.
612 1695 748 1731 Τρέφεται
758 1696 785 1722 δὲ
797 1696 829 1722 ἐκ
842 1696 891 1729 τῆς

99 1737 128 1762 ἐν
140 1736 179 1772 τῷ
195 1736 300 1771 σώματι
311 1738 415 1774 τροφῆς
428 1747 434 1753 ’
449 1739 486 1771 ὡς
500 1740 559 1766 οὐδὲ
572 1741 657 1776 τροφὴ
672 1741 734 1767 ἄνευ
749 1741 825 1776 ὕλης.
841 1741 890 1767 Κι-

98 1785 185 1810 γείται
201 1783 230 1810 δὲ
244 1785 284 1816 εἰς
308 1785 408 1820 ἑαυτὴν
426 1785 600 1814 ὲκπὲπτουσα
624 1788 672 1818 τὰς
684 1788 804 1823 τροψάςε
823 1788 892 1814 ἀλλὰ

98 1831 146 1856 καὶ
162 1831 209 1864 ἀφ’
221 1830 321 1866 ἑαυτῆς
338 1832 504 1859 συντελοῡσα
526 1833 574 1864 τὰς
588 1834 738 1865 ἀναδόσεις.
757 1834 892 1869 Δυνάμεις

98 1877 127 1902 δὲ
147 1876 198 1911 τῆς
223 1877 330 1911 φύσεως
353 1879 439 1913 τρεῖς,
455 1879 472 1914 ἡ
497 1880 655 1916 γεννητική,
671 1881 733 1916 ἥτις
758 1881 822 1913 τοὺς
843 1880 890 1907 τοῦ

60 1937 63 1940 ν
99 1923 259 1958 σπέρματος
271 1924 422 1960 προείληφε
434 1925 531 1960 λόγους
542 1936 549 1944 ·
562 1930 576 1964 ή
587 1927 720 1962 αὐξητικὴ
726 1926 831 1962 ,ἔχουσα
841 1928 891 1963 τὴν

98 1969 171 1996 κατὰ
193 1969 289 2004 χρόνον
307 1970 433 2006 κίνησιν·
451 1973 498 1998 καὶ
522 1972 539 2007 ἡ
559 1972 704 2008 θρεπτικὴ,
723 1973 771 2008 τῆς
787 1973 891 2009 τροφῆς

97 2015 148 2050 τὴν
166 2015 339 2051 ἐξεργασίαν.
359 2018 487 2052 Διήκουσι
508 2017 536 2044 δὲ
558 2017 602 2044 διὰ
622 2018 722 2050 παντὸς
735 2019 782 2045 τοῦ
799 2018 892 2054 σώμα-

97 2069 144 2092 τος
168 2062 185 2096 ἡ
214 2061 347 2098 θρεπτικὴ
372 2063 418 2089 καὶ
443 2062 575 2099 αὐξητικὴ
589 2072 596 2079 ·
614 2064 630 2099 ἠ
651 2064 679 2090 δὲ
701 2064 846 2100 γεννητικὴ
863 2066 892 2092 ἐν

97 2109 155 2139 τοῖς
168 2111 381 2141 παραστατικοῖς
397 2109 477 2145 μόνον
487 2111 543 2142 τοῖς
554 2112 736 2145 περιεκτικιτς
747 2111 794 2137 τοῦ
809 2111 892 2146 σπέρ-

99 2163 195 2188 ματος·
219 2155 426 2190 καταηολεῖται
447 2155 476 2182 δὲ
500 2156 516 2191 ἡ
540 2156 619 2190 φύσις
638 2155 672 2182 τὰ
697 2155 793 2190 πρῶτα
828 2156 893 2192 περὶ

97 2199 202 2235 τροφὴν
215 2200 259 2226 καὶ
274 2200 391 2236 πνεῦμα.
402 2200 513 2236 Πνεῦμα
528 2200 657 2237 ἔνθερμον
667 2202 696 2235 ἑξ
704 2201 785 2228 αὑτοῦ
802 2201 892 2228 κινού-

99 2255 181 2281 μενον
191 2247 262 2274 κατὰ
275 2247 338 2278 τοὺς
354 2247 558 2282 σπερματικοὺς
566 2247 671 2282 λόγους,
689 2247 790 2282 γεννῶν
802 2255 831 2273 τε
845 2247 892 2274 καὶ

97 2292 219 2319 τελειοῦν
239 2293 283 2319 τὴν
318 2293 464 2329 ἄνθρωπον
496 2295 524 2320 ὲν
544 2294 651 2330 χρόνοις
672 2294 718 2320 καὶ
745 2293 890 2329 μεγέθεσιν

98 2338 272 2373 ὡρισμένοις.

394 2428 517 2454 ΠΕΥΣΙΣ
536 2429 603 2455 PM'.

134 2474 322 2510 Συνυπάρχειν
345 2475 426 2509 ἡμεῖς
447 2475 563 2510 λέγομεν
579 2474 627 2510 τὴν
652 2474 741 2511 ψυχὴν
758 2477 790 2510 τῇ
814 2475 890 2511 παρά

98 2520 148 2547 τοῦ
160 2520 257 2555 ἀνδρὸς
268 2520 415 2556 καταϐολῇ,
427 2521 474 2547 καὶ
487 2520 542 2552 ζῶν
555 2521 602 2547 καὶ
613 2521 733 2557 ἔμψυχον
745 2522 889 2557 ὑπάρχειν,

99 2567 195 2602 ἐπειδὴ
215 2567 262 2593 καὶ
280 2567 336 2593 ἀπὸ
358 2566 458 2599 ζῶντος
482 2567 528 2594 καὶ
550 2567 747 2603 ἐμψυχωμένου
767 2569 892 2604 σώματος

98 2614 129 2640 αἱ
142 2613 266 2649 ἀφορμαὶ
281 2613 332 2648 τῆς
354 2614 501 2649 ἡμετέρας,
519 2615 568 2641 καὶ
587 2614 682 2650 ὥσπερ
707 2615 736 2641 αἱ
761 2615 815 2642 τῶν
833 2615 892 2642 δέν-

99 2661 173 2696 δρων
187 2660 355 2693 ἀποσπάδες.
371 2661 400 2688 αἳ
414 2661 445 2687 τὸ
458 2661 575 2688 ἑκάστου
591 2661 703 2697 σπέρμα
719 2662 820 2698 ἔχουσι,
842 2661 892 2696 τὴν

100 2707 131 2740 ἐξ
147 2704 185 2734 ὦν
198 2707 376 2744 ἀφῃρέθησαν
395 2707 515 2744 ζωτικὴν
531 2707 654 2744 δύναμιν.
672 2709 702 2735 Εἰ
718 2708 772 2743 γὰρ
786 2709 815 2735 τὸ
831 2707 892 2744 Θερ-

102 2753 152 2789 μὺν
167 2753 199 2779 τὸ
219 2751 299 2788 αἷμα,
317 2754 363 2780 καὶ
383 2754 413 2780 τὸ
427 2754 497 2786 ζῶον
518 2754 572 2781 ἀπὸ
584 2754 631 2781 τοῦ
653 2755 750 2790 ἀνδρὸς
765 2755 893 2790 σπέρμα”

101 2800 126 2826 ιι
141 2799 189 2826 καὶ
200 2800 248 2835 οὐχ
260 2800 361 2835 ὁμοίως
375 2800 414 2828 τῶ
430 2801 527 2837 αἵματι
542 2801 662 2835 πάντως,
682 2801 773 2837 ἔχουσι
788 2801 816 2829 τὲ
837 2802 890 2834 ζω-

138 2886 160 2902 "
175 2885 228 2915 lsa.
246 2894 313 2920 nu,
333 2886 360 2915 5.

1070 1553 1153 1581 Verba
1166 1554 1198 1581 de
1210 1553 1286 1581 libris
1300 1557 1450 1580 extet-orum
1463 1553 1606 1587 descripta.

978 1601 1080 1629 Natura
1107 1601 1179 1629 inest
1206 1600 1314 1628 semini.
1338 1599 1407 1627 Nam
1428 1607 1488 1634 qua:
1510 1603 1552 1627 est
1574 1600 1602 1627 in
1624 1607 1657 1627 eo
1680 1600 1736 1633 vis,

942 1648 1052 1684 quando
1076 1648 1180 1675 moveri
1203 1646 1327 1682 coeperit,
1348 1650 1447 1673 natura
1468 1647 1637 1678 nominatur,
1669 1654 1735 1682 pro-

942 1700 1035 1731 pterea
1049 1694 1122 1730 quod
1137 1693 1277 1721 nascendo
1292 1693 1419 1727 producit
1432 1697 1459 1726 et
1473 1697 1594 1728 generat.
1611 1692 1735 1720 Nutritur

942 1747 1032 1769 autem
1045 1741 1174 1768 alimento
1188 1740 1262 1775 quod
1287 1743 1330 1766 est
1355 1739 1383 1766 in
1404 1746 1531 1774 corpore.
1553 1739 1734 1774 quemadmo-

941 1789 1006 1816 dum
1026 1795 1113 1822 neque
1131 1786 1329 1813 nutrimentum
1351 1785 1456 1820 absque
1472 1786 1591 1812 materia
1609 1790 1660 1813 est.
1678 1784 1736 1812 M0-

941 1838 1020 1861 vetur
1035 1837 1126 1860 autem
1148 1832 1175 1859 in
1196 1831 1382 1866 semetipsam,
1404 1830 1482 1858 cibos
1499 1838 1688 1864 concoquens,
1707 1835 1735 1858 ct

943 1888 990 1915 per
1013 1879 1187 1914 semetipsam
1208 1878 1353 1913 perﬁciens
1375 1877 1554 1913 digestiones.
1580 1876 1734 1905 Facultates

942 1933 1007 1953 vero
1024 1929 1129 1952 naturae
1139 1929 1194 1952 tres
1209 1928 1292 1951 sunt:
1309 1931 1455 1958 generans,
1471 1923 1506 1950 de
1519 1931 1575 1958 qua
1585 1924 1641 1957 jam
1653 1928 1735 1951 antea

942 1971 1046 1998 dictum
1061 1970 1089 1998 in
1101 1969 1241 1997 mentione
1257 1969 1390 2002 seminis;
1401 1976 1562 2004 augescens,
1578 1976 1640 2004 quae
1652 1969 1734 1997 habet

943 2021 1048 2045 motum
1074 2015 1226 2044 secundum
1249 2020 1420 2050 tempus;et
1432 2015 1567 2048 nutriens,
1592 2015 1627 2043 ad
1649 2023 1734 2050 quam

942 2063 997 2091 cibi
1014 2062 1151 2091 confectio
1169 2062 1298 2097 pertinet.
1315 2061 1367 2089 Per
1384 2062 1544 2089 universum
1561 2067 1652 2090 autem
1669 2070 1730 2090 cor-

942 2117 994 2144 pus
1011 2109 1137 2136 nutriens
1158 2115 1186 2135 et
1203 2115 1354 2141 augescens
1375 2108 1517 2135 facultates
1535 2115 1595 2136 sese
1618 2109 1730 2139 didunt:

943 2163 1077 2191 generans
1091 2162 1156 2182 vero
1181 2159 1287 2181 tantutn
1306 2155 1357 2182 sita
1374 2158 1415 2182 est
1440 2155 1466 2181 in
1483 2155 1600 2190 geminis
1617 2155 1733 2182 testibus

944 2211 1036 2230 semen
1059 2202 1275 2230 continentibus.
1302 2201 1440 2236 Occupala
1463 2206 1555 2229 autem
1577 2207 1619 2229 est
1637 2207 1733 2229 natura

947 2249 1066 2284 primum
1082 2249 1156 2277 circa
1171 2248 1262 2276 cibum
1284 2253 1311 2276 et
1325 2248 1472 2284 spiritum;
1495 2248 1541 2283 qui
1559 2248 1671 2283 spiritus
1691 2247 1734 2275 in-

941 2301 1017 2324 terna
1037 2296 1062 2323 vi
1080 2296 1196 2328 calidus,
1217 2299 1247 2322 ut
1264 2295 1310 2330 qui
1328 2303 1376 2330 per
1393 2302 1423 2322 se
1442 2299 1566 2322 movetur
1581 2294 1732 2322 secundum

940 2342 966 2369 id
984 2342 1057 2377 quod
1079 2342 1183 2369 dictum
1206 2344 1249 2368 est
1270 2340 1304 2368 de
1320 2341 1437 2372 semine,
1459 2340 1545 2375 gignit
1566 2345 1592 2367 et
1616 2340 1734 2367 absolvit

941 2388 1081 2415 hominem
1098 2386 1267 2422 temporibus
1283 2391 1311 2413 et
1327 2386 1562 2421 magnitudinibus
1583 2385 1711 2414 deﬁnitis.

1154 2431 1412 2459 INTERROGATIO
1431 2430 1511 2459 CXL.

980 2478 1072 2505 Simul
1079 2478 1210 2506 exsistere
1224 2485 1274 2505 nos
1286 2478 1404 2505 animam
1414 2477 1532 2505 dicimus
1543 2485 1605 2504 cutn
1617 2484 1650 2504 eo
1658 2476 1732 2511 quod

944 2532 959 2550 a
973 2524 1031 2551 viro
1044 2524 1211 2555 excernitur,
1226 2528 1254 2551 et
1270 2524 1362 2550 vivum
1379 2523 1588 2558 animatumque
1601 2522 1730 2557 quiddam

943 2575 994 2602 est.
1009 2569 1231 2605 quandoquidem
1246 2573 1272 2596 et
1287 2577 1302 2596 a
1320 2569 1428 2596 vivente
1442 2573 1469 2596 et
1482 2569 1602 2595 animato
1618 2575 1732 2602 corpore

945 2623 1028 2644 causa
1047 2624 1079 2643 ac
1094 2616 1171 2651 origo
1185 2615 1272 2642 nostri
1289 2619 1367 2642 ortus
1381 2619 1433 2645 est,
1457 2614 1688 2650 quemadmodum
1706 2618 1732 2641 et

946 2662 980 2690 ab
991 2662 1136 2689 arboribus
1150 2661 1237 2688 avulsi
1252 2659 1332 2691 rami.
1347 2660 1394 2695 qui
1409 2660 1626 2695 uniuscujusque
1639 2667 1732 2686 semen

946 2708 1058 2741 habent,
1071 2708 1179 2736 vitalem
1193 2695 1354 2734 iacultatem
1370 2715 1464 2734 carum
1481 2714 1495 2733 a
1514 2707 1616 2742 quibus
1630 2705 1732 2740 sumpti

946 2759 1022 2787 sunt,
1035 2755 1186 2783 continent.
1203 2753 1270 2781 Nam
1288 2753 1311 2781 si
1329 2753 1435 2782 calidus
1450 2758 1492 2780 est
1509 2752 1632 2786 sanguis,
1648 2752 1732 2780 etiam

945 2802 1037 2829 vivum
1055 2801 1120 2829 illud
1138 2807 1230 2829 semen
1255 2799 1306 2827 viri
1322 2799 1442 2827 calidum
1457 2802 1517 2831 est;
1536 2805 1568 2826 ac
1584 2797 1648 2826 licet
1666 2804 1726 2825 san-
