1907 3043
185 134 254 163 ΝΠ

184 191 267 225 guine
296 198 350 218 non
379 199 475 219 omnes
499 190 625 218 similiter
648 191 774 225 dispositi
792 191 858 224 sint,
885 196 976 218 tamen

186 237 296 263 vitalem
310 237 459 272 quamdam
479 244 591 264 causam
610 236 722 268 habent,
741 245 803 272 quae
816 241 858 264 est
874 237 975 264 anima.

186 281 300 315 Propter
318 282 478 309 tenuitatem
495 287 586 310 autem
601 287 628 309 et
645 282 820 316 exiguitatem
841 281 976 309 constitu-

187 328 271 356 tionis
289 329 368 363 primi
386 329 451 361 diei,
467 336 529 356 cum
544 337 597 356 non
614 328 699 364 possit
719 336 785 357 suas
805 329 977 364 operatioues

185 374 306 409 perfecte
327 375 468 402 declarare
487 380 598 410 propter
615 375 794 402 subtilitatem
825 375 886 410 ejus
903 373 977 410 quod

186 424 229 447 est
245 420 392 454 deiectum,
541 429 597 456 quo
616 421 745 456 deinceps
761 426 925 457 augescente
949 422 976 448 in

186 466 248 493 alvo
264 472 398 499 materna,
413 472 440 495 et
454 467 482 494 in
498 475 607 495 carnem
627 475 717 500 verso,
733 473 761 495 et
778 468 841 495 inde
857 476 936 495 verso
949 468 975 495 in

187 512 284 543 fetum,
302 521 355 540 una
371 518 504 548 augetur;
518 514 612 548 sicque
626 514 737 541 demum
750 514 870 549 perfecte
885 515 977 542 anima

187 565 252 585 suas
267 559 406 587 declarare
419 559 587 593 eﬂ‘ectiones,
600 565 768 595 etapparere
779 568 842 588 cum
855 561 977 596 perfecto

184 605 242 639 jam
258 613 373 640 corpore
389 611 491 640 potest.

506 652 658 687 Responsio.

224 697 301 724 Absit
317 702 346 724 ut
354 698 484 725 exsistere
495 699 614 726 animam
624 707 685 726 cum
700 700 804 727 semine
814 700 976 733 cogitemus.

188 742 256 770 Nam
273 752 328 778 quo
344 749 423 778 pacto
437 745 518 772 simul
538 745 679 772 exstitisse
696 753 758 772 cum
777 746 881 773 Adamo
899 752 978 780 puta-

189 790 281 817 bimus
298 791 429 822 animam.
445 790 491 825 qui
508 791 610 826 absque
624 792 817 826 conjunctione
831 792 921 827 aliqua
935 792 977 819 vel

189 837 379 870 p‘ocreatione
400 836 489 863 factus
511 837 582 864 fuit?
605 836 672 864 Nam
689 838 712 865 si
730 846 762 865 ex
780 838 840 865 viro
855 838 976 865 animant

188 880 269 907 simul
297 881 406 908 cxcerni
432 881 660 913 concesserimus.
689 888 819 917 sequetur
852 884 976 915 omnino,

187 926 270 953 etiam
283 926 330 953 Dei
351 926 431 954 Verbi
450 927 582 955 ineat-nati
601 929 719 955 animam
735 937 767 956 ex
789 929 893 956 semine
917 930 978 956 uni-

187 979 241 1000 tam
262 972 370 1007 corpori
385 993 391 998 .
409 972 435 1000 id
467 974 542 1009 quod
555 974 774 1002 fueritextremaa
787 976 930 1003 dementiae
945 983 978 1003 ac

188 1017 375 1052 blasphemiae,
400 1019 535 1054 ingentem
553 1022 683 1049 merentis
696 1029 816 1056 poanam.
831 1021 930 1049 Eadem
944 1030 977 1049 ex

190 1065 301 1091 vesania
314 1072 455 1100 sequetur,
468 1074 563 1101 pmnas
576 1068 689 1095 daturus
701 1069 801 1103 potius,
814 1077 897 1103 quam
910 1077 978 1103 prfe-

188 1111 243 1138 mia
255 1111 435 1138 certaminum
449 1120 619 1148 coronasque
631 1119 827 1149 reportaturus.
840 1115 887 1149 qui
900 1122 977 1142 scor-

190 1157 320 1184 tationem
330 1157 446 1193 fugiunt,
454 1158 593 1186 etfortiter
601 1160 732 1187 adversus
742 1161 827 1195 ipsam
837 1161 980 1188 decertan-

189 1208 240 1235 tes.
254 1211 286 1231 ac
300 1210 412 1239 propter
423 1213 536 1240 regnum
553 1207 686 1233 caelorum
705 1207 868 1241 semetipsos
889 1208 978 1235 conti-

189 1250 690 1286 nentiacaStrantes,quemadmodum
709 1253 978 1288 inquitDominus“,

189 1297 297 1325 animas
317 1298 387 1325 intra
402 1299 564 1334 semetipsos
586 1300 731 1332 Sull‘ocant,
743 1307 769 1327 et
784 1309 837 1327 una
852 1309 914 1328 cum
926 1306 980 1328 ter-

190 1343 265 1370 renis
279 1343 440 1371 interimunt
454 1345 594 1376 membris,
609 1353 657 1372 sua
673 1346 821 1373 sobrietate
831 1347 980 1374 deteriores

190 1389 335 1416 evadentes
352 1398 435 1424 quam
456 1390 511 1418 sint
523 1391 671 1418 cﬂ‘eminali
686 1398 713 1419 et
726 1393 856 1426 voluptati
883 1392 978 1420 dediti.

190 1435 260 1463 Num
278 1437 362 1471 igitur
375 1443 402 1464 et
419 1437 520 1465 Paulus
539 1438 584 1465 ille
602 1439 714 1466 sublimi
731 1441 860 1474 praalitus
876 1441 981 1468 intelle-

189 1487 236 1509 ctu
257 1483 377 1510 manebit
400 1483 590 1513 inhonoratus.
616 1492 766 1519 pannisque
789 1485 887 1520 pendet
902 1487 981 1521 quasi

190 1529 237 1563 qui
248 1529 381 1564 supplicia
389 1530 466 1557 nobis
474 1531 683 1566 animarumque
694 1539 774 1558 neces
783 1531 980 1564 conciliaverit,

189 1579 246 1601 tam
260 1583 288 1602 re
298 1576 355 1609 ipsa
366 1583 448 1610 quam
461 1577 551 1603 verbis
560 1577 671 1608 docens,
683 1582 709 1603 et
718 1577 840 1604 scribens
852 1578 981 1606 universo

190 1620 262 1651 orbi,
279 1619 433 1655 fugiendam
449 1629 510 1649 esse
522 1623 717 1649 scortatiunetu
733 1623 911 1650 etmuliercm
926 1631 980 1650 non

190 1667 365 1700 tangendam,
383 1667 404 1693 si
424 1667 480 1693 ﬁeri
495 1668 597 1702 queat?
621 1667 711 1701 Quare
737 1669 819 1703 igitur
833 1673 860 1695 ct
875 1673 982 1696 scorta-

191 1717 278 1739 torem
300 1713 475 1740 Corinthium
500 1713 617 1747 punivit,
643 1714 670 1740 in
695 1723 724 1740 se
746 1714 905 1741 sulfot-atam
922 1715 982 1741 ani-

191 1763 264 1782 mam
283 1758 315 1783 ad
329 1757 409 1783 vitam
422 1758 609 1785 emittentem?
620 1758 710 1792 Quare
724 1759 787 1786 item
804 1761 918 1787 seminis
929 1760 981 1787 ﬂu—

191 1810 225 1829 xu
239 1802 408 1830 laborantem
422 1804 464 1830 lex
476 1804 614 1838 puriﬁcari
630 1810 657 1832 et
673 1814 744 1840 aqua
758 1807 896 1842 submergi
913 1815 983 1841 prte—

190 1849 271 1884 Cn-pit,
290 1849 313 1876 si
331 1849 457 1876 videlicet
472 1854 574 1877 aretata
589 1850 670 1877 nimis
687 1851 777 1878 anima
797 1852 830 1878 de
844 1852 903 1886 ejus
915 1853 982 1879 lum-

190 1894 226 1921 bo
241 1902 384 1929 progressa
395 1894 654 1927 est?Qualiumnam
669 1903 732 1922 vero
749 1897 904 1931 plantarum
923 1897 981 1924 fru-

192 1946 341 1976 ctuumque
359 1949 462 1973 ramos,
478 1947 525 1968 aut
542 1950 635 1969 semen
655 1944 760 1978 accepit
777 1943 858 1977 Deus,
882 1945 982 1980 quibus

192 1989 226 2015 ab
234 1989 310 2015 initio
319 1994 418 2016 terram
429 1990 573 2016 exornavit
580 1990 591 2016 ?
599 1989 743 2022 Quomodo
753 1990 820 2018 Sara
827 2000 889 2018 cum
899 1992 984 2018 Abra-

192 2037 274 2063 hamo
282 2036 315 2063 ad
327 2037 505 2063 centesimum
516 2037 550 2063 ab
558 2037 740 2064 adolescentia
750 2037 856 2065 cubans
867 2046 982 2071 artuum,

192 2083 320 2118 idemque
334 2090 426 2110 semen
441 2083 591 2117 excipiens,
608 2092 749 2118 nunquam
764 2085 869 2112 invenit
882 2085 985 2112 anima-

191 2133 250 2154 tum
265 2137 326 2155 esse
341 2129 407 2156 illud
422 2135 639 2163 excrementum,
659 2131 709 2158 nisi
725 2131 819 2158 divino
836 2137 982 2167 prmccpto,

193 2180 221 2202 ut
237 2181 397 2202 nasceretur
412 2175 522 2204 lsaacus
537 2178 693 2211 unigenilus
708 2178 780 2205 (ilius
792 2186 899 2206 centum
913 2180 984 2206 natis

192 2221 300 2248 annos?
316 2221 348 2248 Et
362 2223 502 2256 quomodo
522 2223 599 2249 Anna
615 2232 676 2250 cum
697 2223 814 2251 lleleana
836 2226 897 2252 lecti
916 2233 983 2253 con-

192 2267 364 2295 suetudinem
377 2269 480 2296 habens
492 2269 616 2304 pluribus
628 2271 717 2304 annis,
729 2280 868 2307 nunquam
885 2273 910 2299 in
925 2278 984 2300 ute-

156 2327 159 2331 ι
192 2321 224 2340 ro
242 2314 393 2341 animatum
409 2320 614 2343 excrementum
634 2317 765 2352 suscepit,
782 2319 943 2353 priusquam
957 2319 984 2346 in

192 2361 343 2388 sacrarium
365 2362 481 2395 veniret,
506 2363 664 2399 Numenque
685 2372 734 2399 pro
752 2365 918 2393 fecunditate
933 2374 982 2393 ex.

193 2407 320 2434 orasset?
339 2407 425 2442 Cujus
443 2409 559 2444 supplici
572 2410 728 2444 precatione
746 2410 818 2438 Deus
844 2418 983 2447 suscepta,

193 2464 255 2490 qua:
275 2456 369 2483 multis
391 2456 502 2491 quidem
530 2457 700 2491 temporibus
716 2457 750 2484 de
766 2465 795 2485 se
812 2458 985 2493 judicaverat

194 2509 223 2528 se
239 2501 348 2528 vitalem
379 2501 463 2528 fetum
480 2510 619 2536 utinquam
645 2503 797 2536 parituram
818 2523 825 2535 ,
843 2505 917 2531 velut
942 2505 984 2532 iu-

194 2549 313 2576 anintam
330 2549 472 2576 materiam
484 2550 609 2584 sequenti
622 2551 770 2578 concubitu
780 2557 913 2579 consueto
923 2560 968 2579 mo
977 2567 985 2572 -

194 2603 224 2622 re
243 2595 375 2629 deiectam
395 2596 536 2627 animavit,
551 2601 578 2623 et
591 2597 723 2624 eximium
747 2597 823 2624 illum
841 2598 982 2626 divinum-

194 2648 246 2676 que
275 2640 433 2668 Satnuelum
449 2641 586 2675 formavit,
608 2651 690 2678 quem
716 2649 777 2678 post
803 2645 929 2679 pueritia:
942 2646 984 2672 in-

194 2686 345 2723 fantizeque
371 2688 499 2716 lactentis
524 2693 639 2721 statum,
668 2694 764 2718 sancto
795 2691 834 2718 illi
860 2691 914 2719 Deo
938 2693 984 2727 qui

195 2738 321 2761 sanctum
359 2742 472 2768 puerum
513 2736 684 2770 praebuerat,
731 2737 822 2765 tunica
855 2739 986 2766 amictum

197 2785 284 2808 mater
318 2781 435 2813 obtulit,
469 2790 484 2809 a
517 2783 663 2810 cunabulis
692 2783 747 2810 beo
773 2785 985 2812 consecratum?

198 2828 342 2859 Quomodo
361 2827 426 2855 item
442 2837 512 2856 anus
537 2829 645 2865 egregia
659 2829 794 2859 Elisabeta
812 2839 827 2858 a
846 2835 939 2859 tenera
954 2836 982 2860 ct

235 2896 257 2913 ³³
268 2896 364 2925 Matth.
383 2905 439 2931 xIx,
454 2896 497 2923 1‘2.

719 133 748 162 S.
766 131 916 162 CAESAR“
933 130 1098 160 GREGORH
1122 132 1273 162 FRATRIS

1751 133 1833 161 1048

1027 191 1103 218 τικδν
1123 191 1221 224 αἴτιον,
1235 192 1303 227 ὅπερ
1316 190 1389 218 ἐστὶν
1405 191 1422 226 ἡ
1443 191 1527 226 ψυχή.
1542 191 1592 218 Διὰ
1613 190 1641 217 δὲ
1661 191 1692 217 τὸ
1710 191 1831 221 εὐτελὲς

1027 238 1076 264 καὶ
1097 237 1239 273 οὑδαμινδν
1251 237 1302 272 τῆς
1322 237 1434 273 πρώτης
1449 237 1555 273 ἡμέρας
1570 237 1770 268 καταστάσεως
1786 245 1829 272 μη

1025 282 1178 318 δυναμένης
1193 282 1243 314 τὰς
1262 283 1362 318 ἑαυτῆς
1377 282 1517 318 ἐνεργείας
1531 282 1641 314 τελείως
1664 282 1830 309 ἐπιδείκνυ-

1030 329 1104 360 σθαι,
1124 328 1169 355 διὰ
1193 329 1223 355 τὸ
1235 328 1343 360 εὐτελὲς
1358 329 1407 364 τῆς
1431 328 1594 364 καταῦολῆς,
1612 328 1772 364 αὐξομένης
1795 328 1830 355 δὲ

1027 375 1130 410 ταύτης
1142 376 1171 401 ἐν
1182 376 1215 410 τῇ
1226 375 1326 411 γαστρὶ
1336 375 1383 401 καὶ
1394 376 1434 406 εἰς
1446 375 1535 410 σάρκα
1548 375 1731 410 τρεπομένης,
1752 375 1830 401 ἐκεῖ·

1028 422 1075 449 θεν
1090 422 1128 453 εἰς
1144 422 1244 457 βρέφος
1257 421 1428 456 τρεπομένης
1444 421 1633 454 συναύξεσθαι,
1647 421 1696 448 καὶ
1708 421 1829 453 τελείως

1029 467 1232 493 ἐπιδείκνυσθαι
1251 467 1301 502 τὴν
1315 467 1403 501 ψυχὴν
1419 467 1470 498 τὰς
1484 467 1584 501 ἑαυτῆς
1604 467 1760 501 ἐνεργείας,
1777 468 1830 493 καὶ

1029 512 1256 548 συνεκφαίνεσθαι
1269 512 1370 538 τελείου
1375 511 1454 547 μένου
1468 511 1515 538 τοῦ
1529 511 1662 546 σώματος.

1335 655 1515 687 Ἀπόκρισις.

1066 702 1173 735 ’Ἄπαγε
1197 699 1364 735 συνύπαρξιν
1386 701 1456 726 νοεῖν
1476 699 1530 725 τῶν
1544 698 1647 734 ψυχῶν.
1665 698 1753 724 Πύθεν
1767 697 1829 733 γὰρ

1031 749 1213 783 συνυπάρχειν
1234 747 1273 782 τῷ
1299 747 1383 781 ’Δδὰμ
1405 746 1455 780 τὴν
1479 745 1566 780 ψυχὴν
1585 745 1739 779 νοήσωμεν.
1757 744 1827 770 ἄνευ

1032 794 1192 830 συμπλοκῆς
1205 802 1276 824 τινος
1291 793 1306 827 ἥ
1329 792 1432 827 σπορᾶς
1447 790 1694 826 δημιουργηθέντι;
1719 790 1752 816 Et
1769 790 1827 824 γὰρ

1032 838 1283 875 ωναποκρίνασϐαι
1307 839 1338 864 ἐκ
1359 837 1405 863 τοῦ
1421 837 1516 872 ἀνδρὸς
1532 836 1580 871 τὴν
1604 836 1693 871 ψυχὴν
1714 835 1828 870 ἔδομεν.

1030 886 1125 921 ἕψεται
1146 885 1255 916 πάντως
1269 884 1316 910 καὶ
1332 884 1381 918 τὴν
1400 882 1446 909 τοῦ
1461 880 1530 908 Θεοῦ
1543 882 1590 908 καὶ
1607 881 1695 915 Λόγου
1713 889 1827 915 σαρκω-

1031 931 1124 962 θέντος
1145 930 1234 966 ψυχὴν
1249 931 1281 955 ὲκ
1301 929 1405 964 σπορᾶς
1424 927 1608 958 ὑποτίθεσθαι,
1623 927 1770 962 ἡνωμένην
1784 926 1827 960 τῷ

1031 976 1153 1011 σώματι·
1165 976 1233 1011 ὅπερ
1245 975 1318 1001 ἐστὶν
1330 974 1448 1009 ἐσχάτης
1459 973 1562 1004 ἀνοίας,
1575 974 1621 999 καὶ
1634 973 1826 1008 βλασφημίας,

1029 1023 1181 1058 ἀπέραντον
1203 1020 1318 1056 ἐχούσης
1341 1020 1463 1046 κόλασιν.
1485 1020 1532 1046 Ἐκ
1552 1019 1580 1045 δὲ
1603 1020 1651 1054 τῆς
1678 1018 1827 1054 παροινίας

1029 1069 1132 1104 ταύτης
1147 1068 1223 1099 δίκας
1241 1067 1341 1102 μᾶλλον
1362 1067 1491 1095 τίσουσιν.
1507 1066 1524 1101 ἦ
1538 1065 1641 1092 ἔπαθλα
1657 1066 1704 1092 καὶ
1724 1066 1827 1100 στεφά-

1029 1124 1092 1147 νους
1107 1115 1275 1150 κομίσονται,
1290 1114 1313 1140 οἱ
1324 1113 1374 1148 τὴν
1391 1112 1518 1148 πορνείαν
1531 1112 1686 1146 φεύγοντες,
1704 1111 1752 1137 καὶ
1763 1120 1827 1145 γεν-

1030 1162 1112 1194 ναίως
1129 1163 1189 1188 κατ’
1206 1161 1290 1196 αὐτῆς
1312 1160 1518 1194 ἀγωνιζόμενοι,
1547 1159 1594 1185 καὶ
1614 1158 1658 1184 διὰ
1679 1158 1728 1192 τὴν
1745 1157 1827 1193 βασι-

1030 1209 1103 1235 λείαν
1113 1208 1166 1234 τῶν
1179 1206 1312 1243 οὐρανῶν,
1323 1205 1436 1236 ἑαυτοὺς
1449 1203 1597 1239 ἐγκρατείᾳ
1609 1203 1827 1237 εὐνουχξξοντες,

1031 1255 1122 1287 καθώς
1139 1263 1222 1290 φησιν
1247 1255 1260 1280 ὀ
1287 1253 1400 1288 Κύριος,
1413 1251 1502 1286 ψυχὰς
1525 1251 1630 1281 ἑαυτοῖς
1657 1249 1828 1284 ἑγκαταπνί-

1031 1311 1125 1337 γοντες
1156 1302 1202 1328 καὶ
1229 1299 1439 1335 συννεκροῦντες
1461 1299 1517 1330 τοῖς
1542 1297 1675 1331 ἐπιγείοις
1702 1296 1826 1332 μέλεσιν,

1031 1349 1141 1385 ἥττονες
1165 1347 1264 1383 μᾶλλον
1283 1348 1317 1382 τῇ
1342 1345 1505 1380 σωφροσύνῃ
1522 1344 1568 1370 καὶ
1590 1343 1688 1378 ἁγνείᾳ
1706 1343 1761 1368 τῶν
1777 1342 1827 1369 λά-

1031 1403 1103 1429 γνων
1115 1395 1162 1421 καὶ
1178 1394 1327 1429 φιληδόνων
1342 1392 1546 1422 ἀποϐαίνοντες.
1559 1388 1634 1425 τΑρει
1647 1390 1676 1416 δὲ
1689 1390 1736 1415 καὶ
1752 1388 1827 1414 Παῦ-

1031 1442 1076 1472 λος
1094 1442 1109 1468 ὀ
1130 1441 1229 1476 ὑψηλὸς
1242 1440 1291 1476 τὴν
1307 1439 1425 1466 διάνοιαν
1455 1437 1640 1472 ἁναγέραστος
1665 1436 1758 1470 μείνῃ,
1778 1436 1827 1461 καὶ

1033 1487 1147 1516 εὐθύνας
1161 1487 1288 1522 ἀποτίσῃ,
1305 1485 1342 1516 ὼς
1361 1484 1496 1520 τιμωρίας
1513 1485 1578 1518 ἡμῖν
1593 1483 1763 1517 προξενήσας
1778 1480 1829 1507 καὶ

1032 1532 1210 1568 ψυχοκτονίας
1229 1531 1303 1567 ἔργῳ
1319 1530 1366 1557 καὶ
1385 1529 1456 1564 λόγῳ
1479 1528 1614 1555 παιδεύων
1631 1528 1678 1554 καὶ
1697 1526 1826 1553 ἐπιστέλ-

1033 1579 1087 1605 λων
1104 1579 1136 1613 τῇ
1147 1577 1305 1612 οἰκουμένῃ,
1320 1575 1430 1610 φεύγειν
1448 1574 1497 1610 τὴν
1513 1573 1651 1609 πορνείαν,
1669 1572 1716 1599 καὶ
1732 1580 1827 1606 γυναι-

1032 1624 1079 1656 κὸς
1100 1624 1137 1659 μὴ
1158 1622 1302 1654 ἅπτεσθαι,
1318 1623 1341 1648 εί
1355 1618 1411 1647 οἶόν
1428 1629 1477 1653 τες
1494 1619 1570 1646 Aturi
1586 1619 1614 1645 δὲ
1634 1619 1680 1645 καὶ
1697 1618 1743 1644 τὸν
1759 1627 1827 1652 πορ-

1031 1670 1166 1697 νεύσαντα
1176 1669 1316 1705 Κορίνθιον
1325 1668 1526 1703 ἐτιμωρήσατο,
1538 1665 1742 1700 ἐμπνιγομένην
1753 1663 1828 1698 αὐτῷ

1031 1716 1121 1751 ψυχὴν
1138 1715 1206 1750 πρὸς
1223 1714 1296 1748 ζωὴν
1318 1713 1496 1749 προιέμενογς
1514 1710 1589 1736 Διατί
1606 1710 1627 1735 δ’
1644 1710 1702 1745 ἅρι
1718 1708 1827 1735 καὶτὸν

1032 1761 1167 1798 γονορρυἦ
1183 1761 1198 1786 ὁ
1217 1761 1297 1794 νόμος
1318 1757 1499 1794 καθαίρεσθαι
1514 1756 1562 1782 καὶ
1579 1755 1656 1782 ὕδατι
1675 1755 1828 1786 ἀποκλύζε-

1034 1809 1096 1836 σθαι
1119 1806 1296 1843 προσέταξεν,
1318 1806 1341 1831 εἰ
1357 1805 1411 1840 ἄρα
1431 1803 1504 1838 ψυχὴ
1530 1802 1728 1838 ἐνστενουμένῃ
1743 1801 1826 1827 αὑτοῦ

1032 1846 1070 1891 τῇ.
1081 1855 1161 1889 ὀσφύϊ
1177 1851 1391 1889 προσελή).υθεν;
1409 1851 1496 1877 Ποίων
1513 1851 1534 1877 δ’
1550 1851 1605 1885 ἄρα
1620 1848 1711 1883 φυτῶν
1727 1849 1743 1884 ἧ
1761 1855 1827 1882 καρ-

1034 1901 1092 1928 πῶν
1104 1900 1275 1930 ἁποσπάδας,
1289 1899 1305 1934 ἣ
1319 1898 1430 1934 σπέρμα
1441 1896 1531 1924 λαϐὼν
1542 1896 1555 1921 ὁ
1568 1896 1635 1927 Θεὸς
1648 1896 1676 1921 ὲν
1692 1895 1764 1930 ἀρχῇ
1777 1894 1826 1929 τὴν

1034 1948 1086 1983 γῆν
1101 1946 1310 1981 κατεκόσμησεν
1323 1953 1330 1977 ;
1345 1944 1408 1975 Πῶς
1425 1943 1453 1970 δὲ
1475 1943 1568 1978 Σάρρα
1590 1941 1628 1976 τῷ
1647 1941 1774 1976 Ἀϐραὰμ
1787 1941 1827 1970 εἰς

1034 1994 1132 2021 ἑκατὸν
1144 1995 1177 2020 ὲκ
1196 1992 1288 2024 παιδὸς
1306 1989 1528 2025 συγκαθεύδουσα
1543 1988 1602 2022 ἔτη,
1618 1988 1665 2014 καὶ
1678 1987 1728 2022 τὴν
1743 1986 1827 2021 αὐτὴν

1035 2040 1221 2075 ὑποδεχομένη
1249 2037 1413 2073 καταϐολὴν,
1432 2037 1538 2062 οὐδέπω
1561 2034 1684 2069 ἔμψυχον
1715 2030 1775 2068 εὗρε
1796 2032 1829 2058 τὸ

1034 2087 1177 2122 ἀπόκριμα
1205 2085 1269 2120 θείῳ
1297 2083 1507 2118 προστάγματι,
1538 2080 1585 2106 καὶ
1610 2078 1739 2112 γενέσθαι
1767 2078 1826 2111 (sic)

1041 2133 1136 2160 Ἰσαὰκ
1153 2131 1300 2167 μονογενὴς
1318 2131 1382 2161 παῖς
1404 2130 1460 2159 τοῖς
1476 2127 1700 2157 ἑκατονταέταις;
1719 2124 1780 2155 Πῶς
1799 2124 1827 2150 δὲ

1037 2181 1121 2207 ’Ἅννα
1136 2179 1176 2214 τῷ
1191 2178 1309 2212 Ἐλκανᾷ
1327 2174 1524 2210 συγκλινομένη
1547 2173 1588 2206 ἐφ’
1605 2173 1707 2202 ἱκανοῖς
1731 2171 1826 2201 ἔτεσιν,

1037 2227 1113 2254 οὔπω
1136 2226 1208 2253 κατὰ
1227 2224 1346 2259 ¹γαστρὸς
1370 2220 1580 2258 ὲμψυχουμένην
1609 2218 1659 2253 τὴν
1678 2216 1827 2252 καταϐολὴν

1039 2274 1156 2309 ἐδέχετο,
1175 2272 1239 2308 πρὶν
1261 2272 1301 2302 είς
1323 2269 1353 2296 τὸ
1381 2268 1452 2303 ἱερὸν
1478 2265 1616 2301 φοιτῆσαι,
1635 2263 1730 2290 καὶτὸ
1754 2263 1827 2288 Θεῑον

1038 2308 1223 2354 ἐκλιπαρῆσαι.
1241 2315 1413 2350 παιδογονίας
1427 2314 1538 2343 ένεκεν;
1554 2309 1609 2342 Ἦς
1630 2310 1662 2336 τὸ
1682 2309 1761 2336 Θεῐον
1779 2308 1825 2344 τὴν

1039 2365 1156 2393 ἱκετείαν
1170 2362 1397 2399 προσδεξάμενον.
1413 2359 1462 2394 τὴν
1475 2357 1581 2387 πολλοῖς
1598 2355 1646 2391 μὲν
1658 2356 1768 2391 χρόνοις
1781 2363 1828 2381 κα-

1038 2411 1238 2448 τακρινομένην
1266 2409 1334 2444 αὐτῇ
1361 2406 1495 2442 μηδέποτε
1524 2402 1766 2437 ζωογονουμένην,
1791 2400 1828 2432 ὠς

1039 2459 1142 2494 ἄψυχον
1160 2457 1226 2492 ὓλην
1251 2457 1284 2491 τῇ
1308 2454 1424 2489 ἐπιούσῃ
1449 2450 1666 2486 συγκατευνάσει
1696 2449 1827 2478 εἰωθότως

1039 2504 1256 2539 καταϐληθεῐσαν
1273 2500 1439 2535 ὲνεψύχωσε,
1459 2499 1506 2525 καὶ
1524 2498 1570 2524 τὸν
1583 2495 1685 2531 ὑψηλὸν
1704 2494 1828 2529 Σαμουὴλ

1042 2551 1114 2586 ἱερὸν
1129 2549 1305 2578 διετύπωςεν,
1321 2547 1351 2573 ὃν
1373 2547 1405 2572 ὲκ
1420 2545 1520 2581 νηπίοις
1536 2543 1583 2570 καὶ
1605 2542 1658 2568 ὑπὸ
1675 2541 1767 2568 τίτθου
1782 2549 1828 2567 κα-

1039 2597 1196 2627 ταστάσεως
1213 2593 1416 2630 ἀπορραγέντα,
1433 2591 1472 2626 τῷ
1486 2589 1686 2625 παρασχομένῳ
1705 2588 1770 2624 ἱερῴ
1785 2587 1827 2615 τὸν

1041 2645 1112 2681 ἱερὸν
1131 2643 1226 2673 παῖδα,
1241 2640 1356 2668 διπλοῒδι.
1379 2636 1574 2674 περιστείλασα
1592 2637 1609 2670 ἡ
1635 2635 1727 2670 μήτηρ
1750 2642 1828 2669 προσ-

1040 2680 1167 2727 ενήνοχεν
1187 2689 1219 2715 ὲκ
1231 2686 1396 2722 σπαργάνων
1412 2684 1471 2720 Θεῷ
1494 2682 1704 2718 καθιερώσασας
1729 2681 1788 2712 Πῶς
1801 2680 1827 2707 δὲ

1041 2737 1086 2764 καὶ
1101 2737 1118 2771 ἡ
1133 2733 1287 2769 καλογραῦς
1309 2731 1450 2759 Ἐλισάὸετ
1469 2729 1500 2762 EE,
1515 2728 1622 2764 ἁπαλῆς
1642 2728 1690 2754 καὶ
1713 2727 1826 2763 σφριγὼ-

1041 2793 1090 2820 σης
1117 2782 1225 2818 ἡλικίας
1245 2779 1284 2815 τῷ
1301 2778 1426 2813 συνήλικι
1449 2776 1572 2812 Ζαχαρία
1598 2774 1824 2820 συγκαθεύδουσα,

1041 2819 1080 2863 εἰς
1098 2829 1183 2864 αὐτὴν
1205 2826 1301 2854 πολιὰν
1325 2825 1481 2856 ἐλάσαντες,
1504 2823 1552 2850 καὶ
1568 2822 1623 2849 τῶν
1642 2821 1770 2857 γαμικῶν
1781 2819 1825 2849 οὐχ
