1907 3043
188 150 253 179 1051

189 214 245 240 tus.
264 217 311 244 per
324 209 409 236 robur
421 209 554 244 gestantis
585 209 655 236 uteri
669 210 801 237 nutritur.
817 209 875 236 Non
898 209 976 244 quasi

189 263 244 283 non
270 256 357 290 possit
384 256 575 282 universorum
601 254 691 290 opifex
713 255 841 290 exiguum
868 255 932 281 illud
951 255 977 282 in

189 301 304 327 matrice
321 299 455 334 dejectum
477 301 563 327 nostri
582 301 701 331 initium,
724 301 765 327 vel
778 301 859 327 etiam
875 301 979 335 absque

189 348 247 377 illo.
263 347 493 381 quemadmodum
521 347 613 373 omnia
630 355 662 373 ex
684 347 757 373 nulla
774 348 898 382 subjecta
921 355 979 373 ma—

190 393 258 419 teria
286 392 423 426 produxit,
454 399 504 420 nos
535 400 597 419 mox
623 392 760 426 perfectos
791 398 817 420 et
837 393 979 421 absolutos

190 438 324 472 formare,
355 440 431 466 velut
449 439 598 471 Adamum,
628 439 743 474 ideoque
761 439 882 475 indigeat
903 448 978 468 mora

190 485 323 519 temporis
343 492 440 511 novem
460 485 596 512 mensium
626 486 654 512 in
681 486 849 520 imperfectis
867 487 978 520 felibus,

190 531 238 558 sed
249 535 278 557 ut
294 531 382 558 instar
397 531 475 564 pellis
488 535 536 558 aut
554 532 719 559 membrana
733 541 782 567 per
796 532 894 560 factam
913 541 980 568 pau-

190 577 268 603 latim
281 576 473 604 formationem
492 578 566 604 intus
585 578 713 612 jacentis,
742 579 830 613 major
848 579 894 607 fiat
921 586 980 607 ute-

190 631 250 653 rus.
268 627 295 650 et
314 628 387 649 Intus
406 623 520 651 saliente
538 624 604 656 fetu,
620 624 734 652 femella:
759 634 861 660 organa
883 631 980 654 exten-

191 670 302 696 dantur.
328 668 387 696 Non
402 671 475 696 enim
490 676 623 705 caperent
654 672 783 699 infantem
810 673 979 706 absolutum,

191 717 214 742 si
246 723 308 742 mox
339 716 393 743 illis
420 717 617 751 imponeretur.
647 718 788 753 llabetque
815 720 904 747 locum
924 721 979 752 hic,

192 762 264 796 quod
280 762 296 788 ii
313 761 429 793 faciunt,
451 771 505 798 quo
524 764 623 799 exiguo
646 771 672 792 et
704 766 814 800 quidem
831 767 906 794 sicco
922 773 981 795 utre

190 809 278 835 mulla
291 810 435 844 complecti
465 811 601 842 volentes,
615 819 677 838 eum
709 812 860 847 subigendo
888 818 914 840 et
933 822 980 841 ex-

191 856 327 882 tendendo
346 857 498 884 firmiorem
529 858 757 893 capaciorcmque
775 860 904 887 reddunt.
933 859 979 887 Sic

191 901 276 936 igitur
292 901 357 928 mihi
376 903 495 933 videtur,
512 911 682 939 quaecunque
696 913 775 932 ossea
794 911 858 933 sunt
872 911 899 934 et
918 915 980 934 ner-

191 954 266 979 vosa,
279 955 311 975 ex
341 949 425 975 maris
441 955 617 977 excremento
636 951 760 978 roborari
777 962 783 979 :
810 960 981 988 quaecunque

192 1000 259 1020 vero
277 994 427 1028 sanguinea
443 999 470 1021 et
482 1003 608 1027 carnosa,
625 1004 657 1023 ex
670 1005 703 1024 eo
720 998 792 1031 quod
805 997 904 1025 femina
915 1007 980 1026 con-

191 1038 298 1070 tribuit,
315 1039 479 1066 consolidari
495 1050 500 1066 :
516 1048 548 1068 ac
563 1041 658 1070 dicens
674 1051 737 1070 mox
762 1045 839 1078 sequi
856 1045 979 1071 di\inum

191 1083 256 1120 illud
269 1085 380 1112 verbum
398 1092 425 1113 et
439 1094 508 1121 opus
523 1096 529 1114 :
544 1086 658 1115 Crescite
673 1094 697 1116 et
714 1089 939 1124 multiplicamini,
956 1095 981 1117 et

193 1131 288 1165 replete
302 1136 400 1158 terram
420 1133 454 1164 ³⁷,
475 1134 546 1161 sicut
567 1135 654 1170 inquit
668 1135 701 1162 ad
727 1137 831 1171 primos
854 1142 981 1172 parentes

192 1181 304 1204 nostros
315 1177 395 1210 Deus,
411 1179 492 1206 simul
507 1180 601 1208 dicens
612 1182 680 1216 ipse.
695 1189 722 1209 et
737 1183 842 1211 faciens
855 1192 905 1212 nos
919 1192 980 1212 cre-

191 1229 269 1249 scere
285 1223 396 1257 quidem
417 1225 443 1250 in
459 1225 597 1252 definitam
609 1227 643 1254 ab
661 1228 720 1262 ipso
733 1230 858 1264 corporis
872 1231 978 1265 magni-

191 1267 326 1298 tudinem.
355 1269 529 1304 multiplicari
554 1276 645 1299 autem
666 1274 795 1307 posteris,
822 1279 850 1301 et
867 1275 981 1310 implere

193 1317 306 1340 terram.
325 1314 364 1341 Ex
389 1315 442 1342 illis
461 1321 552 1344 autem
571 1318 639 1353 ipsis
657 1320 834 1354 protoplastis
846 1321 979 1350 discimus

192 1367 255 1394 quae
265 1368 298 1387 ex
317 1369 371 1388 uno
389 1363 511 1396 quolibet
537 1364 660 1398 ipsorum
686 1366 713 1392 in
731 1368 922 1401 procreatione
945 1369 980 1396 li-

193 1406 319 1434 berorum
335 1413 510 1437 concurrant.
523 1410 559 1437 Ex
575 1411 679 1438 Adamo
693 1419 756 1440 osse
771 1413 863 1441 lateris
877 1415 979 1448 ablato,

191 1454 258 1480 etin
271 1453 400 1482 feminam
421 1456 493 1483 tacto
510 1457 602 1485 divina
624 1466 718 1492 manu,
735 1460 819 1487 simul
841 1463 979 1496 copulatio

192 1505 220 1527 et
237 1502 302 1528 unio
317 1507 421 1530 natura:
438 1503 603 1533 declaratur.

228 1631 383 1661 Secundum
399 1635 456 1663 ham
479 1637 551 1665 srire
568 1637 712 1670 debemus.
733 1640 823 1668 inesse
837 1641 916 1669 nobis
937 1650 982 1670 se-

191 1679 313 1706 cundum
336 1680 619 1712 elementorum.......
636 1692 742 1720 partem
756 1687 876 1722 aliquam
899 1689 979 1716 calidi

191 1729 219 1751 et
235 1725 335 1761 frigidi,
351 1732 379 1755 et
405 1729 518 1757 alterius
542 1731 616 1766 quod
633 1736 719 1759 restat
740 1733 827 1768 paris,
851 1734 980 1763 nimirum

192 1771 297 1799 humidi
312 1778 394 1808 atque
415 1775 572 1803 sicci.Nam
597 1782 670 1804 terra
696 1786 728 1805 ex
744 1787 801 1814 qua
822 1788 872 1807 nos
882 1781 981 1816 Opiter

191 1819 322 1854 produxit
336 1828 398 1848 cum
413 1822 543 1850 omnibus
566 1823 642 1851 hisce
654 1825 735 1852 mista
747 1833 809 1853 esse
822 1826 889 1853 mihi
906 1827 982 1854 vide-

191 1867 256 1892 tur:
280 1867 338 1900 ipsa
353 1867 464 1902 quidem
491 1869 569 1896 arida
584 1870 729 1904 appellata,
756 1871 871 1899 humido
889 1877 980 1900 autem

192 1911 332 1946 innatans,
348 1914 437 1948 ignem
453 1923 518 1943 vero
532 1916 559 1943 in
585 1917 672 1949 saxis.
698 1923 726 1945 et
757 1918 839 1952 ferro,
858 1925 885 1947 et
900 1920 982 1956 lignis

191 1958 315 1986 abditum
341 1960 456 1995 habens,
467 1967 494 1989 et
514 1970 578 1990 aera
598 1971 646 1998 per
661 1965 749 1999 ipsam
766 1965 924 1994 universam
940 1967 982 1993 di-

192 2004 292 2037 ditum,
311 2014 425 2042 eamque
448 2007 596 2037 foventem.
615 2010 748 2038 Formato
774 2012 801 2038 in
818 2017 897 2040 utero
912 2014 980 2046 l'etu,

191 2058 219 2078 et
253 2052 287 2079 ad
328 2054 501 2082 articulatam
536 2057 723 2085 membrorum
761 2060 976 2088 commissuram

192 2098 311 2126 obscura
337 2100 505 2136 humidaque
535 2103 651 2130 materia
676 2104 831 2139 exseulpta,
860 2107 982 2133 nutritur

192 2145 324 2180 deinceps
359 2150 384 2173 et
411 2148 512 2174 crrscit
538 2150 767 2184 unumquodlibet
795 2153 983 2181 membrorum

192 2199 243 2226 pro
253 2193 386 2226 qualitate
401 2193 511 2220 illorum
522 2202 584 2229 qua:
601 2196 697 2223 matris
710 2197 802 2224 alvum
822 2198 894 2226 intra
911 2201 983 2227 reci-

192 2237 316 2271 piuntur,
336 2239 408 2266 sicut
431 2239 457 2266 in
475 2241 640 2275 agricultura
660 2241 717 2269 fieri
734 2244 814 2275 solet.
835 2252 867 2272 ex
899 2246 982 2273 nubi-

193 2284 245 2311 bus
261 2284 358 2317 imbre,
371 2290 417 2312 aut
430 2286 530 2313 elicum
559 2288 625 2315 rivis
638 2296 703 2316 arva
719 2291 841 2325 subjecta
864 2292 979 2327 riganti-

192 2329 255 2358 bus.
272 2330 312 2358 Sit
330 2336 421 2358 autem
435 2333 530 2360 hortus
544 2334 644 2369 aliquis
659 2335 694 2363 de
709 2344 764 2371 quo
781 2345 870 2365 sermo
881 2339 982 2366 habea-

192 2382 247 2410 tur,
263 2378 384 2406 infinitas
401 2379 558 2414 plantarum
574 2382 680 2416 species
697 2384 850 2418 enutriens,
867 2385 983 2413 diversa:

193 2429 250 2451 tum
264 2425 365 2459 speciei
380 2430 438 2452 tum
452 2425 558 2458 formm,
575 2428 602 2454 in
621 2436 676 2456 uno
693 2433 774 2464 atque
798 2431 893 2458 eodem
908 2432 982 2459 ordi-

192 2478 237 2502 ne,
253 2471 381 2498 similiter
396 2472 513 2507 irrigans
531 2473 591 2500 illas
603 2482 656 2501 una
675 2477 798 2510 quaedam
828 2482 887 2504 esto
904 2486 982 2513 aqua:

192 2521 308 2544 natura:
322 2517 501 2547 nihilominus
527 2527 624 2547 eorum
650 2529 712 2556 qua:
728 2527 900 2558 nutriuntur,
915 2534 978 2559 pro-

191 2562 294 2597 prietas
310 2563 335 2589 in
353 2563 475 2591 diversas
483 2565 625 2594 humorem
641 2567 717 2595 illum
734 2569 881 2603 qualitates
893 2576 986 2599 trans-

192 2614 291 2636 mutat.
304 2609 371 2636 Nam
387 2610 458 2637 idem
468 2611 514 2639 ille
522 2612 620 2640 humor
630 2615 776 2641 amarescit
790 2616 817 2642 in
831 2616 981 2648 absinthio,

193 2653 220 2681 in
241 2654 375 2689 liquorem
394 2663 458 2682 vero
469 2656 575 2684 letalem
593 2658 620 2685 in
636 2658 724 2686 cicuta
743 2661 853 2693 transit,
872 2666 898 2688 et
910 2662 983 2689 aliud

192 2700 240 2727 alii
255 2701 284 2726 lit
298 2709 370 2728 unus
393 2706 421 2729 et
436 2702 519 2733 idem.
532 2704 559 2730 in
581 2711 673 2738 croco,
693 2705 719 2732 in
737 2706 871 2737 balsamo.
893 2707 918 2734 in
934 2715 984 2742 pa-

192 2754 303 2781 pavere,
317 2755 436 2782 quorum
460 2750 534 2777 aliud
563 2751 673 2785 quidem
696 2752 830 2786 calefacit,
844 2753 918 2781 aliud
937 2762 980 2781 res

193 2793 316 2828 friget-at,
330 2796 404 2823 aliud
421 2804 487 2824 vero
508 2797 627 2826 mediam
653 2799 734 2826 habet
753 2800 922 2834 qualitatem.
951 2800 978 2828 In

192 2841 282 2875 lauro,
301 2843 327 2869 in
344 2843 458 2871 odorato
471 2845 565 2880 junco.
583 2851 610 2874 et
627 2847 687 2875 aliis
701 2848 836 2877 similibus
855 2853 977 2878 aromata

229 2912 251 2929 ³’
267 2911 334 2941 Gen.
351 2921 370 2946 ι,
391 2914 436 2942 '28.

887 2938 898 2950 ί

727 148 756 176 S.
776 146 926 176 CAESAR"
945 144 1111 174 GREGORII
1129 147 1280 176 FRATRIS

1749 147 1830 175 1053

1032 217 1069 244 μῃ
1089 209 1137 243 τῆς
1162 209 1297 244 φερούσης
1319 208 1516 236 ἐκθυλακοῦται
1532 207 1642 243 νηδύος·
1660 207 1710 242 οὐχ
1727 207 1764 238 ὡς
1783 209 1830 242 μὴ

1030 255 1086 281 οἴου
1095 264 1124 281 τε
1139 256 1184 282 τοῦ
1197 254 1367 290 Δημιουργοῦ
1376 254 1430 281 τῶν
1442 255 1510 281 ὅλων
1521 255 1570 290 τὴν
1578 255 1701 290 spespe-1
1711 255 1830 288 ἐκείνην

1031 301 1059 326 ἐν
1080 302 1112 336 τῇ
1143 301 1234 337 μήτρᾳ
1252 300 1467 336 καταὸληθεῖσαν
1492 301 1648 337 ἀφορμὴνῆ
1667 301 1714 327 καὶ
1736 303 1829 336 χωρὶς

1030 347 1148 381 ἐκείνης,
1157 347 1195 379 ὡς
1205 347 1290 374 πάντα
1303 348 1334 373 ὲκ
1346 347 1459 382 μηδενὸς
1471 347 1649 381 ὑποκειμένου
1661 348 1828 382 παρήγαγε,

1030 394 1149 426 τελείους
1164 395 1237 430 ἡμᾶς
1265 392 1342 426 αὖθις
1359 395 1405 421 καὶ
1432 394 1654 429 ἀπηρτισμένους
1678 393 1827 423 πλάττειν,

1032 440 1101 467 κατὰ
1117 441 1162 466 τὸν
1184 440 1339 476 Ἀδὰμ,κα¹ι
1351 441 1446 467 τούτου
1458 441 1536 475 χάριν
1550 439 1653 466 δεῖσθαι
1674 440 1725 475 τῆς
1750 448 1829 474 παρ-

1030 487 1114 522 ολκῆς
1135 487 1181 514 τοῦ
1195 487 1386 523 ὲνναμηνιαίου
1411 487 1507 523 χρόνου
1524 487 1570 513 ἐπὶ
1595 485 1649 512 τῶν
1671 486 1805 521 ἐμϐρύων
1821 493 1827 500 ·

1029 533 1192 569 ἀλλ’ὦσπερ
1213 534 1304 569 δέρῤιν
1322 532 1383 559 τινὰ
1400 533 1416 568 ἦ
1433 533 1519 567 ὑμένα
1529 534 1562 567 τῇ
1580 532 1648 558 κατά
1666 531 1752 567 μέρος
1769 532 1831 558 δια-

1032 579 1172 614 μορφώσει
1186 579 1411 614 τοῦ.ὲγκειμένου
1434 577 1606 612 διογκοῦσθαι
1620 579 1670 613 τὴν
1688 579 1828 614 γαστέρα,

1031 627 1078 652 καὶ
1099 625 1278 652 διατείνεσθαι
1299 625 1338 660 τῷ
1365 625 1544 660 ὲνσκαίροντι.
1567 625 1604 650 Οὐ
1627 625 1681 659 γὰρ
1699 624 1827 659 ἐχώρουν

1031 673 1081 707 τῆς
1109 671 1219 707 θηλείας
1245 673 1278 699 τὰ
1302 672 1406 707 δργανα
1431 672 1634 706 ἀπηρτισμένην
1654 672 1699 697 τὸν
1725 671 1826 702 παῖδα,

1031 718 1137 754 ἀθρόως
1161 719 1251 750 αὐτοῖς
1274 718 1420 744 ἐπεθεῖναι
1433 726 1440 732 ·
1458 718 1570 749 εἰκότως
1589 717 1668 744 τοῦτο
1694 717 1827 753 δρώντων

1031 765 1078 791 καὶ
1094 765 1147 791 τῶν
1169 765 1198 790 ὲν
1222 764 1383 799 βραχυτάτῳ
1396 764 1443 790 καὶ
1461 764 1596 799 αὐχμηρῷ
1610 764 1719 799 θυλάκῳ
1739 772 1828 790 κατα-

1032 810 1178 837 ῦέιλλεσθαί
1192 819 1221 836 τε
1235 811 1320 836 πλείω
1336 811 1513 846 πειρωμένων
1527 812 1560 845 τῆ
1579 810 1686 845 μαλαγῇ
1705 811 1753 836 καὶ
1765 810 1828 836 δια-

1030 857 1108 884 τάσει
1119 856 1252 892 καρτερὸν
1263 857 1309 883 καὶ
1324 857 1369 883 τοῦ
1385 857 1505 888 πλείονος
1514 856 1618 891 χωροῦν
1629 856 1710 882 αὑτὸν
1725 856 1829 889 ἀπειρ-

1031 903 1186 939 γασμένων.
1202 903 1300 935 Καθὼς
1323 901 1368 929 οὖν
1389 903 1462 929 δοκεί
1485 911 1545 937 μοι,
1563 902 1613 928 ὃσα
1643 901 1748 936 ὀστώδη
1776 902 1829 927 καὶ

1031 951 1152 988 νευρώδη
1169 953 1200 978 ἐκ
1214 951 1263 986 τῆς
1277 949 1324 977 τοῦ
1338 951 1452 986 ἄρρενος
1461 949 1632 985 ἀποκρίσεως
1648 948 1828 984 (πτεροῦσθαι,

1031 999 1081 1025 ὅσα
1101 998 1128 1024 δὲ
1145 997 1252 1033 αἱμώδη
1269 997 1317 1024 καὶ
1332 996 1459 1032 σαρκώδη
1477 996 1509 1022 ὲκ
1522 996 1570 1030 τῆς
1581 994 1702 1030 θηλυκῆς
1714 994 1827 1021 ἀντιδό-

1033 1053 1101 1076 σεως
1120 1043 1340 1079 συμπήγνυσθαι.
1357 1043 1411 1069 Καὶ
1432 1040 1510 1074 αὖθις
1527 1041 1614 1076 τούτῳ
1628 1041 1834 1068 ἐπακολουθεῖν

1031 1091 1061 1117 τὸ
1077 1091 1146 1117 θεῖον
1163 1091 1238 1126 ῥῆμα
1258 1091 1305 1117 καὶ
1323 1090 1425 1126 δρᾶμα,
1443 1088 1614 1121 Αὺξάνεσθε
1636 1088 1685 1114 καὶ
1709 1088 1830 1120 πληθύ-

1031 1140 1121 1165 νεσθε
1138 1138 1187 1165 καὶ
1212 1137 1390 1171 πληρώσατε
1411 1136 1468 1170 τὴν
1480 1136 1548 1170 γῆν,
1565 1136 1630 1170 φησὶ
1654 1136 1709 1166 τοῖς
1729 1134 1831 1170 προγό-

1032 1193 1087 1216 νοις
1110 1184 1189 1220 ἡμῶν
1209 1185 1224 1211 ὁ
1247 1184 1331 1215 Θεὸς,
1348 1183 1406 1217 ἅμα
1427 1182 1539 1216 φάσκων
1562 1181 1642 1212 αὐτὸς
1670 1181 1719 1207 καὶ
1741 1180 1832 1206 ποιῶν

1032 1232 1106 1268 ἡμᾶς
1131 1230 1292 1263 αὐξάνεσθαι
1309 1230 1357 1265 μὲν
1372 1230 1412 1261 εἰς
1434 1229 1464 1255 τὺ
1480 1229 1545 1262 παρ“
1565 1228 1647 1254 αὐτοῦ
1669 1227 1830 1262 ὡρισμένον

1032 1277 1080 1304 τοῦ
1095 1277 1221 1312 σώματος
1238 1275 1361 1312 μέγεθος,
1376 1275 1559 1310 πληθύνεσθαι
1576 1273 1605 1300 δὲ
1617 1275 1674 1305 τοῖς
1689 1273 1828 1307 ἐκγόνοις,

1033 1325 1080 1351 καὶ
1095 1323 1266 1359 πληροῦσθαι
1282 1322 1330 1358 τὴν
1347 1321 1410 1357 γῆν.
1439 1321 1483 1354 Ἐξ
1502 1320 1591 1347 αὐτῶν
1610 1320 1639 1346 δὲ
1654 1319 1760 1346 τούτων
1772 1318 1833 1345 τῶν

1033 1371 1253 1407 πρωτοπλάστων
1268 1368 1460 1404 παιδευόμεθα,
1470 1368 1504 1395 τὰ
1520 1368 1549 1400 ἐξ
1557 1368 1671 1394 ἑκάστου
1683 1367 1776 1393 αὐτῶν
1789 1367 1830 1397 εἰς

1031 1419 1081 1453 τὴν
1097 1417 1268 1450 τεκνογονίαν
1287 1416 1481 1451 συνερχόμενα,
1492 1416 1524 1441 ἐκ
1542 1414 1591 1450 μὲν
1605 1413 1652 1440 τοῦ
1674 1413 1764 1448 Ἀδὰμ
1780 1411 1829 1440 τοΞ

1033 1462 1128 1489 ὀστέου
1156 1461 1207 1496 τῆς
1229 1461 1350 1495 πλευρᾶς
1374 1459 1585 1495 ἀφαιρεθέντος,
1603 1459 1645 1487 εἰς
1655 1458 1682 1484 δὲ
1706 1459 1829 1492 γυναῖκα

1033 1509 1129 1536 τούτου
1151 1507 1398 1543 δημιουργηθέντος
1416 1506 1468 1533 ὑπο
1484 1506 1533 1541 τῆς
1548 1505 1622 1537 θείας
1638 1504 1746 1540 χειρὸς,
1758 1504 1832 1540 ὁμοῦ

1033 1555 1083 1591 τὴν
1097 1555 1241 1589 συνάφειαν
1256 1554 1303 1580 καὶ
1322 1553 1419 1580 ἕνωσιν
1438 1552 1486 1588 τῆς
1502 1552 1608 1587 φύσεως
1618 1552 1768 1587 δηλούσης,
1781 1551 1830 1577 καί

1033 1602 1068 1628 τὰ
1083 1603 1110 1633 ἐς
1123 1601 1237 1628 ἑκάστου
1248 1600 1297 1635 τὴν
1318 1599 1489 1627 παιδοποιίαν
1506 1598 1699 1634 συμὸαἱνοντα.

1076 1647 1124 1674 Ἐκ
1139 1647 1166 1673 δὲ
1180 1646 1282 1673 τούτων
1296 1645 1409 1673 νοείσθω
1424 1645 1586 1680 ἐνυπάρχειν
1602 1645 1667 1679 ἡμῖν
1681 1644 1737 1670 τῶν
1755 1653 1829 1670 στοι-

1034 1693 1154 1730 χειωδῶς
1167 1714 1174 1720 .
1184 1713 1191 1719 .
1203 1712 1210 1720 .
1220 1713 1227 1720 .
1236 1713 1243 1720 .
1258 1692 1452 1728 θεωρουμένων
1466 1691 1515 1726 τὴν
1537 1692 1634 1726 μοῖραν
1656 1690 1702 1716 τοῦ
1723 1689 1830 1726 θερμοῦ

1035 1741 1083 1767 καὶ
1103 1739 1150 1766 τοῦ
1174 1739 1323 1774 ψύχοντος,
1341 1739 1389 1765 καὶ
1414 1738 1464 1773 τῆς
1493 1737 1590 1773 ἐτέρας
1615 1735 1766 1770 συζυγίας,
1780 1737 1830 1771 τῆς

1035 1788 1106 1814 κατὰ
1122 1787 1152 1813 τὸ
1168 1786 1253 1822 ὑγρόν
1280 1794 1309 1812 τε
1327 1786 1374 1812 κα)⁸
1395 1785 1476 1821 ξηρὸν
1490 1784 1648 1819 νοουμένης.
1670 1783 1703 1809 ’Π
1721 1783 1780 1818 γὰρ
1794 1783 1828 1817 γῆ

1035 1833 1064 1865 ἐξ
1083 1830 1117 1869 ἦς
1137 1834 1209 1867 ἡμᾶς
1223 1833 1236 1858 ὀ
1252 1831 1423 1868 Δημιουργὸς
1445 1831 1606 1866 παρήγαγε,
1622 1828 1660 1864 τῷ
1683 1829 1768 1856 παντὶ
1783 1837 1831 1855 κε-

1035 1879 1152 1914 κρᾶσθαί
1169 1887 1212 1913 μοι
1226 1877 1307 1910 δοκεῖ,
1318 1877 1389 1914 ξηρὰ
1409 1877 1458 1913 μὲν
1472 1877 1540 1912 αὐτὴ
1552 1876 1811 1912 προσαγορευομένη
1820 1895 1827 1906 ,

1034 1925 1109 1960 τῇδὲ
1126 1925 1196 1960 ὑγρᾷ
1211 1924 1393 1959 ὲπινηχομένη
1407 1932 1414 1938 ·
1435 1923 1465 1950 τὸ
1483 1923 1511 1949 δὲ
1531 1923 1586 1958 πῦρ
1603 1923 1631 1948 ἐν
1647 1922 1767 1957 πέτραις
1781 1925 1828 1948 καὶ

1037 1970 1138 2006 σιδήρῳ
1159 1970 1206 1996 καὶ
1230 1969 1300 2004 ξύλῳ
1325 1969 1560 2005 ἐγκεκρυμμένον,
1574 1967 1619 1994 τὸν
1643 1967 1672 1994 δὲ
1693 1967 1764 2002 ἀέρα
1785 1965 1830 1992 διὰ.

1036 2016 1136 2047 παντὸς
1152 2015 1280 2051 διήκοντα
1296 2015 1392 2050 αὐτῆς,
1410 2015 1458 2042 καὶ
1472 2013 1668 2040 συνθάλποντα.
1687 2014 1829 2039 Atatem-

1036 2062 1126 2093 θέντος
1141 2061 1169 2087 δὲ
1185 2062 1213 2087 ἐν
1227 2062 1259 2096 τῇ
1274 2060 1351 2096 νηδύϊ
1368 2060 1411 2086 τοῦ
1424 2060 1540 2095 βρέφους
1550 2079 1556 2090 ,
1571 2059 1618 2085 καὶ
1633 2058 1703 2094 πρὸς
1720 2058 1829 2084 τελείαν

1035 2107 1198 2143 διάρθρωσιν
1224 2108 1274 2142 τῆς
1290 2107 1397 2142 ἀσήμου
1414 2106 1460 2132 καὶ
1484 2105 1598 2140 ἀνύδρου
1623 2104 1691 2139 ὕλης
1718 2103 1828 2138 διαγλυ-

1036 2154 1142 2189 φείσης,
1161 2153 1292 2188 τρέφεται
1318 2152 1410 2179 λοιπὸν
1434 2152 1482 2178 καὶ
1511 2150 1621 2183 αὔξεται
1650 2150 1706 2176 τῶν
1739 2150 1828 2186 μελῶν

1033 2201 1147 2227 ἕκαστον
1161 2200 1194 2234 τῇ
1210 2199 1332 2234 ποιότητι
1347 2198 1401 2225 τῶν
1417 2197 1664 2233 ἐπεισκρινομένων
1679 2198 1712 2232 τῇ
1729 2197 1828 2231 γαστρὶ

1033 2247 1083 2281 τῆς
1108 2245 1261 2281 φερούσης·
1281 2244 1363 2270 οἱονεὶ
1382 2243 1452 2270 κατὰ
1475 2243 1524 2278 τὴν
1548 2243 1687 2278 γεωργίαν
1720 2243 1825 2277 πέφυκε

1033 2292 1154 2327 γίνεσθαι
1167 2293 1199 2318 ἐκ
1208 2290 1297 2326 νεφῶν
1311 2289 1473 2325 ἐπομϐρίας,
1486 2289 1502 2324 ἦ
1513 2288 1614 2324 ὀχετῶν
1624 2288 1759 2323 ὲπιρῤοῆς
1772 2288 1827 2314 δια-

1036 2337 1189 2374 σρεχούσης
1199 2337 1230 2363 τὸ
1249 2336 1439 2370 ὑποκείμενον.
1456 2335 1551 2370 Κῆπος
1564 2334 1591 2360 δέ
1610 2343 1652 2365 τις
1672 2333 1826 2360 ὑποκείσθω

1036 2385 1075 2420 τῷ
1092 2384 1165 2419 λόγῳ
1181 2383 1280 2419 μυρίας
1298 2382 1389 2417 φυτῶν
1404 2381 1475 2412 ἰδέας
1493 2381 1521 2407 ἐν
1538 2380 1627 2415 ἐαυτῷ
1644 2381 1754 2415 τρέγων
1771 2379 1827 2406 ἀλλ-

1035 2431 1134 2462 ὀπτους
1147 2432 1194 2457 καὶ
1207 2429 1336 2465 ὲτεροσχή
1342 2436 1408 2463 μους
1421 2427 1490 2454 κατὰ
1504 2427 1549 2454 τὸν
1572 2427 1652 2453 αὑτὸν
1669 2427 1718 2453 Eva.
1732 2426 1823 2462 χορὸν’

1036 2478 1166 2509 ὡσαύτως
1178 2477 1207 2504 δὲ
1223 2478 1271 2504 καὶ
1286 2478 1302 2512 ἡ
1318 2477 1463 2503 πιαίνουσα
1478 2474 1565 2501 ταῦτα
1582 2474 1631 2509 μία
1653 2482 1695 2504 τις
1710 2473 1824 2508 ὑπάρχει

1035 2524 1083 2551 τοῦ
1104 2524 1198 2554 ὓδατος
1210 2523 1300 2558 φύσις,
1316 2524 1332 2558 ἡ
1349 2523 1378 2549 δὲ
1402 2522 1455 2549 τῶν
1470 2521 1646 2557 τρεφομένων
1667 2521 1768 2555 ίόιότης
1788 2521 1824 2550 εἰς

1033 2569 1179 2604 διαφόρους
1194 2569 1224 2594 τὸ
1239 2568 1322 2604 ὑγρὸν
1339 2567 1469 2603 μετέᾱιλε
1484 2567 1639 2601 ποιότητας.
1651 2565 1689 2592 Τὸ
1709 2566 1763 2601 γὰρ
1779 2565 1823 2591 αὐ-

1033 2616 1064 2642 τὸ
1081 2615 1256 2650 πικραίνεται
1278 2614 1328 2649 μὲν
1344 2614 1373 2640 ὲν
1386 2615 1419 2649 τῇ
1433 2612 1548 2648 ἁψίνθῳ,
1563 2613 1603 2644 εἰς
1620 2612 1784 2647 φθοροποιὸν
1797 2609 1822 2636 δὲ

1033 2661 1120 2697 χυμὸν
1138 2662 1166 2687 ὲν
1188 2660 1227 2695 τῷ
1248 2660 1353 2695 κωνείῳ
1371 2659 1538 2695 μεθίσταται,
1553 2659 1600 2685 καὶ
1618 2659 1714 2693 ἕτερον
1742 2659 1822 2693 ἑτέρῳ

1036 2708 1140 2742 γίνεται
1161 2707 1245 2739 τὸὲν,
1264 2707 1293 2732 έν
1315 2705 1408 2741 κρόκῳ
1420 2726 1427 2738 ,
1442 2706 1470 2731 ἐν
1492 2705 1635 2740 βαλσάμῳ,
1654 2706 1682 2730 ὲν
1708 2705 1818 2740 μήκωνι.

1037 2752 1073 2779 Τὸ
1093 2753 1140 2788 μὲν
1152 2752 1206 2787 γὰρ
1222 2751 1445 2786 ἐκθερμαίνεται,
1455 2750 1486 2776 τὸ
1499 2749 1528 2776 δὲ
1541 2749 1738 2784 καταψύχεται,
1753 2749 1782 2775 τὸ
1794 2747 1818 2773 δὲ

1037 2799 1126 2835 μέσην
1149 2798 1205 2833 ἔχει
1233 2798 1374 2833 ποιότητα.
1399 2796 1442 2822 Ἐν
1458 2795 1545 2831 δάφνῃ
1558 2795 1587 2822 δὲ
1602 2796 1649 2822 καὶ
1665 2795 1762 2831 σχοίνῳ
1778 2793 1819 2820 καὶ

1036 2849 1092 2879 τοῖς
1116 2847 1219 2882 ὁμοίοις
1246 2842 1471 2881 ἀρωματοφόροις
1490 2841 1558 2877 πνοὴ
1572 2841 1695 2876 γίνεται,
1709 2842 1740 2868 ἐν
1756 2840 1816 2874 συκῇ
