1907 3043
95 158 109 186 ί
114 159 167 186 053

97 221 127 248 δὲ
142 220 193 246 καὶ
219 219 285 256 ὄχνῃ
307 221 562 256 καταγλυκαὶνεται,
582 223 629 249 καὶ
642 223 687 250 διὰ
701 225 752 258 τῆς
766 225 889 260 ἀμπέλου

97 267 136 298 el;
147 265 281 293 οἷνον¹καὶ
291 268 336 293 τὸν
352 267 448 303 βότρυν
464 268 636 303 μεθίσταται,
650 270 680 295 ἐν
699 270 738 304 τῷ
753 271 830 306 μήλῳ
844 281 892 306 χυ-

99 312 228 347 μαίνεται
242 332 249 343 ,
265 313 293 338 ἐν
307 312 347 347 τῷ
364 313 451 348 κρίνῳ
464 313 650 347 λευκαίνεται,
667 316 695 341 ὲν
715 316 754 351 τῷ
774 317 806 352 ἴῳ
823 325 891 344 κυαο

98 358 215 390 νίζεται,
237 357 363 384 Τοιοῦτόν
378 367 404 385 τι
428 359 476 385 καὶ
499 360 569 386 κατὰ
583 360 629 387 τδν
647 360 768 396 ἔμψυχον
784 361 831 388 τοῦ
844 362 893 388 σώ-

99 411 188 438 ματος
200 403 278 438 ἡμῶν
286 404 374 440 κῆπον
388 404 638 441 Θαυματονργεῐται
651 406 703 432 ὑπὸ
711 407 759 441 τῆς
774 406 891 441 φύσεως,

101 449 205 485 μᾶλλον
219 450 248 476 δὲ
267 451 343 486 παρὰ
367 450 414 477 τοῦ
440 451 578 478 Δεσπότου
599 452 650 487 τῆς
670 453 788 487 φύσεως.
809 454 891 486 ὀστᾶ,

100 496 149 522 καὶ
159 497 268 531 χόνδροι
281 517 288 529 ,
307 497 404 531 φλέὸες
417 518 424 530 ,
438 498 585 533 ἀρτηρίαι,
607 498 691 534 νεῦρα
704 520 711 532 ,
730 499 874 534 σύνδεσμοι
885 520 892 531 ,

102 543 206 578 σάρκες
218 563 226 576 ,
243 543 330 579 δέρμα
341 564 348 575 ,
367 543 497 579 πιμελαὶ,
515 545 608 580 τρίχες
619 565 627 576 ,
646 545 738 577 ἁδένες
748 566 755 578 ,
780 546 873 581 δνυχες
887 566 894 578 ,

101 590 250 625 ὀφθαλμοὶ,
268 590 425 625 μυκτῆρες,
440 587 496 617 ὦτα
507 611 514 623 ,
528 593 574 618 καὶ
594 593 680 627 μυρία
700 593 768 628 πρὸς
790 593 896 625 τούτοις

101 635 151 662 ἀπ’
177 635 299 670 ἀλλήλων
321 635 483 671 διιστάμενα
502 645 509 651 ⁵
525 637 573 672 μία
589 637 617 664 δὲ
640 638 690 673 τῆς
709 638 812 674 τροφῆς
841 638 897 665 ἰδέα

103 681 194 708 πάντα
221 682 399 717 καταλλήλως
418 684 451 718 τῇ
476 683 579 710 ἑαυτῶν
598 684 727 720 τρέφεται
749 684 845 719 φύσει·
859 685 897 716 ὡς

103 729 221 755 ἑκάστου
235 728 289 754 τῶν
301 728 488 764 ὑποκειμένοιν
499 731 549 766 τὴν
561 730 664 766 τροφὴν
677 730 896 766 προσϐαλοῦσαν,

103 775 174 809 ὅπερ
190 773 223 800 ἂν
239 773 362 811 ὲπελάσῃ
385 775 446 802 κατ’
467 776 556 802 ἐκεῖνο
584 776 771 809 ἀλλοιοῦσθαι,
793 777 898 804 οἰκείαν

103 821 152 847 καὶ
167 820 295 855 προσερυῆ
313 821 346 855 τῇ
364 820 412 847 τοῦ
437 821 537 856 μέρους
556 822 666 856 ἰδιότητι
690 823 848 858 γινομένην.
867 823 898 849 EE

103 866 160 902 γὰρ
177 866 247 893 κατὰ
269 865 314 892 τὸν
332 866 472 901 ὸφθαλμδν
489 867 603 901 γένοιτο,
624 867 662 903 τῷ
677 868 796 904 ὁρατικῴ
821 869 899 904 μέρει

106 913 320 947 συγκατεκράθη
331 932 338 943 ,
355 913 402 939 τὸν
416 913 503 948 ὑμένα
521 913 678 947 ὑπαλείφων
693 914 741 940 τοῦ
759 915 882 950 ὄμματος
892 923 899 931 ·

104 958 154 983 καὶ
165 959 222 988 τοῖς
236 958 410 988 ἁκουστικοῑς
429 958 524 992 μέρεσι
539 957 697 990 διενιζάνων
717 968 902 995 συμπεριτορ-

104 1003 200 1030 ναῦται
215 1004 249 1038 τῇ
266 1003 402 1038 ἀκοῇ,καὶ
414 1003 448 1029 τὰ
463 1003 537 1038 χείλη
549 1003 669 1037 νοτίζων,
686 1002 741 1031 οἷον
750 1005 826 1041 δέριά
842 1015 903 1033 τινα

104 1049 156 1076 οὐκ
168 1050 200 1085 ἑᾷ
221 1049 465 1085 καταφρυχθῆναι,
484 1050 532 1076 καὶ
556 1050 683 1084 γενέσθαι
711 1050 837 1086 ἐξίτηλα·
856 1052 903 1079 καὶ

105 1095 134 1121 ὲν
146 1095 234 1130 ὀστέῳ
253 1095 400 1129 πήγνυται,
413 1095 459 1121 καὶ
470 1096 499 1121 ὲν
517 1094 608 1130 μυελῷ
623 1095 805 1122 ἁπαλύνεται·
821 1097 850 1123 ἐν
865 1096 903 1132 τῷ

105 1140 196 1175 νεύρῳ
207 1139 400 1172 τονοῦται,καὶ
412 1141 445 1175 τῇ
459 1140 605 1176 ἐπιφανείᾳ
622 1142 848 1171 συνεπιτείνεται,
857 1142 904 1168 καὶ

104 1187 145 1218 εἰς
159 1185 245 1220 ὃνυχα
258 1185 402 1216 διαϐαίνει,
420 1186 466 1212 καὶ
482 1187 522 1217 εἰς
538 1186 632 1221 τριχὸς
649 1186 757 1220 γένεσιν
773 1187 905 1223 λεπτουρ-

103 1234 197 1267 γεῖται
216 1233 275 1263 τοῖς
292 1231 471 1267 καταλλήλοις
488 1232 594 1267 ἀτμοῖς.
611 1233 666 1258 Καὶ
678 1233 702 1259 εὶ
721 1233 771 1268 μὲν
786 1233 830 1259 διὰ
841 1241 905 1260 σκο-

105 1278 172 1304 λιῶν
201 1277 379 1312 ἐξατμίζεται
404 1277 506 1314 πόρων,
529 1278 689 1313 οὺλοτέρους
713 1279 756 1305 καὶ
781 1279 905 1311 έλικτοὺς

107 1324 239 1351 ἀποτελεῖ
259 1324 321 1355 τοὺς
340 1323 494 1359 βόστρυχας
505 1332 511 1338 ·
528 1325 553 1350 εί
570 1324 598 1351 δὲ
612 1325 645 1350 δι’
657 1324 759 1351 εὐθέων
776 1325 822 1351 καὶ
837 1326 906 1351 ἁπα-

106 1369 248 1405 λωτὲρων,
265 1369 368 1399 ἁπλοῦς
388 1369 436 1395 καὶ
450 1370 570 1405 νήματος
581 1370 668 1405 δίκην1
679 1370 723 1396 διὰ
738 1370 793 1396 τῶν
811 1370 906 1406 ἀτμῶν

105 1415 302 1451 τριχευομένου
322 1415 369 1442 τοῦ
387 1416 419 1442 ὲκ
435 1415 490 1442 τῶν
512 1416 604 1443 σιτίων
624 1416 787 1448 διιςάνοντος
806 1416 904 1451 ὑγροῦο

106 1463 131 1488 εἱ
149 1462 178 1488 δὲ
197 1462 243 1488 διὰ
267 1461 443 1498 θερμοτέρων
466 1463 516 1497 τῆς
541 1462 655 1498 καρδίας
677 1462 785 1489 καὶτοῦ
801 1463 906 1498 ἥπατος

107 1508 135 1533 αἱ
147 1506 347 1541 ἀναθυμιάσεις
364 1507 412 1533 ἐπὶ
428 1507 476 1542 τὴν
489 1507 593 1543 κράνην
608 1507 809 1542 ὲξατμίζονται,
822 1507 907 1541 φαλα-

108 1551 194 1588 κροῦν
210 1552 327 1586 πέφυκε,
345 1552 393 1579 τοῦ
407 1552 512 1588 ψυχροῦ
527 1553 712 1584 ἐπιλείποντος
722 1561 729 1567 ·
743 1552 790 1579 τοῦ
800 1553 828 1579 δὲ
843 1553 902 1589 θερ-

111 1599 163 1634 μοῦ
178 1600 403 1635 ἐπικρατοῦντος,
416 1601 655 1637 καταφρύττεσθαι
675 1601 722 1628 καὶ
742 1602 906 1636 τριχορυείν.

115 1645 188 1673 ’ἀλλ’
212 1646 297 1678 ὅντως
324 1646 452 1682 εὖκαιρον
479 1649 544 1682 ἡμῖν
571 1648 682 1683 χρῆμα,
706 1647 792 1682 γλυκύ
809 1656 839 1674 τε
860 1647 907 1674 καὶ

110 1691 279 1725 ὰΞιάγαστον
299 1693 346 1718 καὶ
365 1692 412 1718 τοῦ
437 1693 538 1724 παντὸς
556 1693 631 1726 ἄξιον
651 1693 742 1727 λόγου,
764 1693 809 1719 τὸν
831 1692 905 1726 σφῶν

110 1738 248 1774 δεσπότην
265 1739 312 1764 καὶ
333 1738 467 1773 πρύτανιν
485 1739 638 1774 γεραίρειν,
654 1740 692 1775 τῷ
703 1739 840 1774 θεσπεσίῳ
857 1741 907 1765 Δα-

112 1786 156 1813 σιδ
183 1785 390 1821 συμμελῳδεῖν¹
410 1786 458 1819 Ὡς
478 1787 667 1822 memoro"
694 1787 731 1813 τὰ
753 1786 825 1821 ἔργα
836 1794 906 1818 σοι),

111 1834 210 1867 Κύριε·
228 1831 327 1859 πάντα
348 1833 384 1859 ἐν
397 1833 490 1868 σοφίᾳ
502 1833 661 1867 ἐποίησας.
679 1833 726 1866 Τίς
742 1833 796 1868 γὰρ
813 1832 908 1864 λαλή-

111 1889 162 1908 σει
172 1881 226 1913 τὰς
240 1879 423 1911 δυναστείας
433 1878 487 1905 τοῦ
502 1878 612 1912 Κυρίου
624 1878 643 1913 ἢ
655 1878 700 1911 τίς
715 1877 908 1912 amnicum;

112 1927 163 1958 Τίς
186 1927 241 1962 γὰρ
261 1927 384 1961 ἐφίξεται
400 1925 479 1960 λόγος
501 1924 677 1960 παραστῆσαι
700 1924 783 1956 ςΠῶς
801 1924 854 1959 γὰρ
879 1923 909 1957 ἐξ

113 1972 280 2008 ἑτερουσίων
308 1972 356 1998 καὶ
379 1970 534 2006 διαφόρων,
558 1970 623 2005 μίαν
654 1970 704 2005 τὴν
729 1969 810 2004 φύσιν
832 1969 910 2004 ἡμῶν

114 2018 331 2054 ἐδημιούργησε.
352 2018 399 2044 καὶ
410 2017 440 2043 οὺ
453 2016 594 2051 διαφεύγει
607 2015 719 2051 θάτερον
734 2015 849 2051 θατέρου
861 2015 911 2050 τὴν

113 2065 260 2092 κοινωνίαν
278 2065 324 2091 καὶ
346 2064 456 2095 ἕνωσιν,
474 2063 527 2099 πρὸ
543 2063 598 2089 τῶν
618 2063 696 2098 παρὰ
717 2062 764 2089 σοῦ
779 2063 851 2097 ὅρων
862 2062 912 2097 τῆς

114 2111 231 2138 ἑκάστου
244 2111 317 2146 ζωῆς
330 2119 337 2126 ⁸
352 2110 409 2137 ἀλλ’
430 2109 554 2144 ἀφθόνως
569 2108 713 2135 διικνεῖται
734 2109 815 2144 μέχρι
828 2108 914 2144 περά-

112 2165 168 2185 ⁴των
182 2156 222 2191 τῷ
231 2156 320 2192 Θνητῷ
335 2157 351 2191 ἡ
368 2155 500 2186 ἀθάνατος
512 2163 518 2170 ’
529 2154 576 2181 καὶ
590 2154 670 2180 πάλιν
690 2154 798 2189 μακρὰν
808 2154 913 2190 χαίρειν

113 2204 212 2238 ἀφίησι
236 2204 270 2238 τῇ
295 2202 459 2237 συνημμένῃ
475 2201 515 2236 τῷ
542 2201 668 2236 σώματι,
685 2201 833 2236 πειθομένη
861 2201 910 2236 τῆς

113 2249 282 2280 διαστάσεως
294 2249 332 2284 τῷ
341 2249 549 2283 προστάγματι;
565 2247 612 2279 Τίς
622 2247 650 2273 δὲ
661 2247 697 2282 μὴ
713 2247 914 2282 ἐκπλαγήσεται

114 2297 148 2323 ὲκ
158 2296 220 2330 χοὸς
230 2295 300 2331 δρῶν
311 2294 429 2321 τοσαῦτα
442 2294 510 2329 μέλη
521 2294 568 2320 καὶ
581 2294 649 2329 μέρη
659 2293 706 2320 τοῦ
718 2293 853 2328 σώματος,
863 2293 918 2320 διά-

115 2349 188 2376 φορα
199 2340 267 2366 ὀστᾶ
281 2339 336 2375 (91)
346 2339 513 2374 κατάλληλα,
523 2340 654 2374 στροφαῖς
667 2339 712 2365 καὶ
723 2339 831 2374 τόρναις
847 2348 916 2374 συμ-

116 2386 284 2421 6ε6λημένα,
298 2386 336 2417 ὡς
348 2385 456 2421 σαρκῶν
469 2385 669 2421 ὑπερείσματα,
684 2385 732 2412 καὶ
747 2385 814 2421 πρὸς
825 2386 915 2412 πᾶσαν

116 2432 217 2460 εὔκολα
230 2433 347 2468 κίνησιν,
363 2432 434 2468 ειπερ
449 2432 487 2463 ὡς
500 2431 551 2458 ὑπὸ
577 2432 642 2467 μιᾶς
667 2432 800 2467 γραμμῆς
825 2433 915 2464 πάσας

115 2478 273 2510 ἀποσώζειν
285 2478 333 2510 τὰς
341 2478 463 2512 ἀλογίας,
473 2478 541 2513 μέλη
555 2478 664 2513 μέλεσιν
681 2479 823 2514 ἰσόρροπα,
839 2478 913 2512 δεξιὰ

115 2526 180 2562 χεὶρ
195 2525 329 2560 ίσομήκης
343 2533 372 2550 τε
397 2524 466 2559 λείᾳ,
484 2524 531 2550 καὶ
550 2524 680 2556 δάκτυλος
706 2524 830 2559 δακτύλῳ
843 2544 850 2555 ,
864 2527 911 2551 καὶ

115 2570 218 2606 rupae;
229 2570 387 2606 τσρσῷ,καί
404 2570 482 2605 βάσις
496 2569 590 2604 βάσει,
600 2569 646 2595 καὶ
660 2569 696 2596 τὰ
707 2569 768 2596 καθ’
783 2570 909 2598 ἕκαστον.

805 163 977 192 DIALOGUS
991 164 1035 192 ιιι,

1664 161 1734 190 ttlSt

945 224 1134 252 ierentibusin
1159 222 1338 258 fragrantiam
1363 227 1557 256 commutatur,
1591 223 1618 250 in
1637 224 1688 251 ﬁcu
1704 229 1732 252 ri.

948 279 1014 306 pyro
1028 270 1172 302 dulcescit,
1186 277 1234 304 per
1250 269 1332 296 vilem
1349 269 1375 296 in
1387 270 1481 296 vinum
1496 273 1523 296 ct
1547 271 1655 296 bon-nm
1671 278 1733 296 11111-

948 322 1029 346 tatur,
1049 317 1075 343 in
1092 324 1174 351 pomo
1189 316 1318 348 rubescit,
1330 316 1355 342 in
1370 316 1426 342 lilio
1439 316 1563 348 albescit,
1579 317 1607 343 in
1621 317 1691 343 viola
1706 318 1735 343 lit

947 362 1090 389 caeruleus.
1118 359 1183 388 Tale
1198 361 1327 395 quiddam
1355 361 1429 388 etin
1457 360 1579 388 animato
1608 357 1733 396 corporis

947 409 1029 435 horto
1048 407 1210 434 mirabiliter
1237 415 1252 434 a
1274 411 1373 434 natura
1396 406 1522 439 edicitur,
1554 407 1610 435 imo
1641 415 1734 435 veroa

948 458 1053 480 natura:
1063 452 1187 479 Domino.
1206 451 1273 479 Ossa
1296 456 1361 479 sunt
1373 452 1428 483 hic,
1446 453 1633 487 carli-Iagines.
1647 461 1734 485 venae,

949 498 1067 530 arteriae,
1100 497 1187 528 nervi,
1215 497 1355 533 ligamina,
1381 505 1493 529 carnes,
1512 499 1596 530 cutis,
1624 499 1731 530 arvina,

950 544 1008 578 pili,
1026 542 1154 576 tonsillae,
1166 550 1281 577 ungues,
1294 542 1378 573 oculi.
1392 550 1481 576 nares,
1496 550 1588 576 aures,
1605 546 1736 577 etpraeter

952 590 1008 616 haec
1023 588 1128 616 inlinita
1143 589 1267 623 quaedam
1287 588 1352 619 alia,
1366 588 1438 615 inter
1451 596 1480 616 se
1491 588 1611 620 diversa,
1626 596 1687 615 cum
1702 589 1738 616 sit

951 635 1031 661 unica
1048 634 1207 661 nutrimcmi
1218 634 1335 668 species,
1354 641 1408 668 qna
1427 635 1516 661 on'nia
1544 635 1738 662 convenienter

951 688 1000 715 pro
1013 688 1062 706 sua
1072 685 1168 707 natura
1179 680 1346 712 nutriuntur,
1359 679 1397 706 ita
1407 684 1436 706 ut
1446 680 1594 714 unicuique
1602 680 1739 714 subjecto-

951 735 1011 754 rum
1024 726 1157 761 applicata
1168 726 1310 756 alimenta,
1325 726 1351 752 in
1366 726 1559 759 ejusnatnram
1584 730 1736 757 mutentur,

952 773 1064 808 adquod
1073 772 1244 801 deferuntur.
1256 781 1289 799 ac
1300 772 1437 807 propriam
1447 773 1531 806 partis
1541 772 1601 806 ejus
1618 773 1741 806 proprie-

953 824 1034 846 tatem
1049 819 1174 845 induant.
1189 817 1256 844 Nam
1270 818 1291 844 si
1306 817 1339 844 ad
1367 817 1477 844 oculum
1492 817 1625 844 alimonia
1649 825 1742 852 perve-

954 866 1035 898 nerit,
1054 865 1123 900 parti
1140 864 1262 892 cernenti
1289 864 1370 891 mista
1399 864 1586 890 membranam
1610 863 1682 890 oculi
1699 863 1738 890 ri-

952 917 1008 947 gat.
1019 911 1050 938 Et
1062 912 1173 939 auditus
1188 911 1312 946 partibus
1324 910 1456 942 insidens,
1471 910 1687 938 circumrotatur
1703 910 1738 936 a.l

953 959 1088 986 auditum.
1120 957 1153 984 Et
1183 958 1260 984 labra
1292 957 1464 988 humectans,
1493 957 1575 983 veluti
1603 956 1743 991 pelliculas

953 1005 1097 1041 quasdam,
1111 1012 1164 1031 non
1181 1003 1246 1031 sinit
1259 1010 1291 1030 ea
1306 1003 1404 1030 siccari
1417 1008 1443 1030 et
1457 1009 1626 1030 exarescere.
1640 1001 1668 1028 In
1682 1009 1744 1029 osse

953 1052 1083 1084 durescit,
1096 1052 1123 1078 in
1141 1051 1258 1078 luedulla
1273 1050 1419 1077 mollescit.
1434 1049 1461 1075 In
1482 1057 1566 1076 nervo
1584 1049 1742 1079 roboratur,

955 1099 981 1126 in
998 1097 1143 1133 snperlicie
1161 1104 1214 1123 una
1230 1096 1396 1127 extenditur,
1413 1095 1439 1122 in
1455 1102 1573 1129 unguem
1589 1094 1698 1125 desinit.
1715 1093 1744 1120 in

953 1144 1043 1179 capilli
1058 1142 1235 1178 generatione
1253 1149 1300 1176 per
1321 1141 1451 1168 humores
1468 1140 1660 1168 convenientes
1675 1145 1746 1167 atte-

955 1193 1065 1216 nuatur.
1093 1188 1132 1214 Ac
1154 1188 1176 1215 si
1200 1187 1310 1222 quidem
1341 1194 1389 1221 per
1415 1190 1554 1213 tortuosos
1580 1191 1685 1212 meatus
1700 1186 1747 1212 liat

955 1235 1121 1270 evaporatio,
1140 1233 1288 1269 crispiores
1305 1233 1515 1268 implicatosque
1528 1232 1618 1260 crines
1638 1232 1719 1259 edicit
1739 1241 1745 1259 :

956 1282 978 1309 si
992 1289 1057 1308 vero
1076 1289 1124 1316 per
1146 1285 1234 1307 rectos
1255 1284 1283 1307 et
1307 1279 1468 1309 teneriores.
1495 1279 1634 1314 simplices
1658 1284 1685 1305 et
1700 1286 1748 1304 ex-

956 1331 1045 1355 tentos
1077 1326 1163 1353 instar
1185 1326 1233 1358 illi,
1262 1333 1311 1361 per
1337 1324 1546 1358 evaporationes
1580 1324 1608 1351 in
1634 1324 1749 1359 capillos

956 1377 1125 1401 commutato
1153 1372 1200 1399 illo
1223 1372 1351 1403 humore,
1377 1371 1423 1405 qui
1447 1379 1480 1398 ex
1504 1370 1573 1398 cibis
1594 1370 1703 1398 residet.
1719 1370 1749 1397 Si

956 1427 1021 1447 vero
1035 1427 1082 1454 per
1100 1419 1244 1446 calidiores
1263 1417 1356 1445 cordis
1373 1421 1399 1444 et
1422 1417 1554 1452 jecinoris
1578 1422 1668 1452 partes
1687 1425 1750 1443 eva-

957 1466 1116 1501 porationes
1136 1465 1162 1492 in
1180 1469 1262 1499 caput
1284 1464 1422 1495 exhalant,
1438 1463 1577 1491 calvitium
1598 1463 1656 1489 iieri
1668 1463 1748 1495 solet,

958 1513 994 1540 ob
1021 1511 1130 1546 frigoris
1157 1510 1304 1538 derectum.
1329 1509 1482 1544 Superante
1506 1516 1626 1543 namque
1647 1508 1749 1539 calore,

957 1557 1091 1585 exsiccari
1112 1561 1222 1584 constat
1241 1564 1273 1584 ac
1288 1556 1406 1583 deﬂuere
1426 1555 1526 1583 crines.
1544 1554 1690 1582 Enimvero
1707 1563 1750 1582 res

958 1609 1112 1640 opportuna
1128 1609 1155 1631 et
1168 1603 1271 1635 suavis,
1284 1609 1311 1631 et
1331 1603 1512 1631 admiratione
1528 1602 1608 1635 digna
1621 1602 1750 1636 omnique

959 1650 1153 1686 praedicatione
1166 1649 1260 1682 fuerit,
1285 1654 1409 1677 nostrum
1431 1649 1476 1676 hic
1492 1656 1543 1676 nos
1560 1648 1705 1675 Dominum
1721 1653 1749 1675 (ιι

958 1697 1170 1732 gubernatorem
1185 1695 1334 1727 celebrare,
1350 1703 1382 1722 ac
1395 1703 1447 1722 una
1465 1702 1526 1722 cum
1544 1693 1644 1722 Davide
1658 1694 1751 1721 divino

957 1747 1019 1770 vate
1043 1750 1143 1770 canere
1164 1751 1171 1770 :
1201 1741 1289 1774 Quam
1315 1741 1488 1776 magniﬁcam
1509 1745 1571 1767 sunt
1590 1748 1668 1775 opera
1693 1745 1750 1770 tua,

959 1789 1087 1816 Domine!
1101 1794 1197 1815 cuncta
1215 1788 1350 1822 sapienter
1372 1787 1459 1819 fecisti
1475 1787 1509 1815 ³⁸.
1528 1787 1593 1820 Quis
1607 1786 1678 1814 enim
1692 1794 1752 1820 pos-

959 1836 994 1863 sit
1014 1835 1102 1870 eloqui
1130 1835 1262 1870 potentias
1281 1834 1400 1867 Domini,
1422 1838 1468 1860 aut
1483 1834 1541 1869 qui:
1560 1832 1694 1860 euarrnbit
1710 1832 1753 1859 “1

960 1882 1026 1915 Quis
1039 1887 1200 1916 assequetur
1214 1889 1315 1910 sermo.
1326 1885 1356 1908 ut
1371 1881 1430 1908 haec
1444 1880 1598 1915 exprimat?
1611 1878 1753 1912 Quomodo

960 1928 1032 1955 enim
1046 1936 1077 1955 ex
1091 1928 1124 1955 iis
1141 1936 1203 1963 qua:
1217 1928 1334 1955 diversae
1349 1927 1510 1955 substantias
1523 1930 1585 1953 sunt
1598 1931 1624 1952 et
1638 1926 1708 1952 inter
1723 1933 1753 1952 se

961 1973 1100 2005 diderunt.
1117 1981 1200 2000 unam
1218 1977 1346 2000 naturam
1369 1977 1491 2000 nostram
1512 1971 1649 2003 condidit;
1665 1978 1754 2006 neque

961 2018 1061 2053 refugit
1079 2019 1195 2046 alterum
1208 2017 1242 2045 ab
1255 2017 1368 2045 alterius
1379 2016 1572 2044 communione
1583 2015 1624 2043 vel
1641 2015 1753 2047 unione,

962 2069 1025 2092 ante
1042 2065 1147 2100 positos
1161 2073 1176 2092 a
1193 2068 1219 2091 te
1238 2064 1386 2099 unicuique
1401 2063 1465 2091 vitat
1487 2063 1629 2096 terminos,
1653 2061 1699 2090 sed
1720 2061 1754 2089 at!

964 2112 1043 2137 linem
1057 2119 1143 2146 usque
1162 2115 1258 2137 natura
1274 2109 1437 2137 immortalis
1454 2117 1516 2136 cum
1538 2107 1647 2136 mortali
1663 2107 1752 2142 degit;

963 2164 1115 2192 rursusque
1148 2156 1259 2191 longum
1285 2155 1413 2183 valedicit
1445 2156 1599 2190 conjunctae
1625 2154 1753 2189 corpori,

964 2203 1093 2230 obedicns
1113 2203 1228 2237 imperio
1249 2201 1452 2237 separationis?
1471 2201 1538 2234 Quis
1555 2208 1621 2227 vero
1635 2207 1690 2227 non
1706 2200 1754 2226 ob-

965 2252 1116 2283 stnpesrat,
1132 2257 1164 2276 ex
1180 2248 1292 2283 pulvere
1307 2247 1379 2275 facta
1395 2247 1489 2274 videns
1506 2251 1544 2274 tot
1560 2246 1681 2273 membra
1693 2254 1755 2280 par-

967 2299 1064 2329 tesque
1076 2294 1211 2329 corporis.
1232 2293 1422 2321 convenientia
1439 2293 1510 2320 inter
1530 2300 1560 2320 se
1578 2300 1652 2324 ossa,
1670 2296 1757 2318 verte-

968 2341 1024 2369 bris
1038 2346 1064 2368 et
1076 2341 1269 2375 iuncturarum
1287 2340 1374 2367 tornis
1389 2340 1459 2367 inter
1473 2347 1502 2366 se
1522 2338 1681 2370 commissa,
1695 2344 1756 2372 qu:e

966 2386 1048 2414 veluti
1075 2387 1198 2413 carnium
1222 2385 1389 2413 adminicula
1410 2384 1551 2419 fulcraque
1574 2388 1648 2416 sunt,
1675 2388 1702 2410 et
1723 2381 1757 2408 ad

965 2439 1074 2459 omnem
1093 2432 1193 2459 habilia
1217 2436 1333 2462 motum,
1349 2431 1483 2466 quasique
1506 2430 1538 2457 ad
1554 2437 1636 2456 unam
1655 2429 1706 2455 sita
1722 2428 1756 2454 Ii-

965 2486 1055 2511 ncam,
1074 2482 1104 2505 ut
1127 2485 1298 2512 quacunque
1318 2484 1415 2512 parum
1440 2480 1504 2503 sunt
1521 2475 1620 2502 rationi
1642 2481 1758 2502 consent-

965 2529 1060 2556 tanea,
1076 2524 1247 2552 removeam?
1267 2524 1337 2551 Sunt
1361 2524 1424 2550 item
1446 2522 1568 2549 membra
1592 2528 1654 2548 cum
1673 2527 1758 2546 mem-

965 2571 1021 2598 bris
1048 2571 1121 2597 velut
1146 2570 1173 2597 in
1197 2569 1352 2604 aequilibrio
1382 2568 1471 2603 posita
1491 2576 1498 2594 :

116 2617 176 2651 pari
201 2616 371 2651 longitudine
403 2623 466 2642 cum
500 2616 578 2648 latva,
593 2615 693 2649 digitus
721 2624 784 2643 cum
811 2616 905 2652 digito,
927 2617 1017 2652 planta
1032 2625 1094 2644 cum
1115 2617 1217 2652 planta,
1237 2623 1284 2652 pes
1302 2623 1364 2643 cum
1383 2614 1460 2650 pede,
1479 2613 1626 2647 itidemque
1646 2619 1757 2645 compa-

115 2667 176 2689 rata
193 2667 255 2689 sunt
270 2662 322 2689 alia
338 2661 454 2696 singula.

159 2708 231 2734 Ἀλλ’
247 2707 361 2739 εἰκότως
375 2707 422 2734 ἐπὶ
436 2708 486 2742 τὴν
502 2708 625 2743 κορυφὴν
637 2708 686 2743 τῆς
699 2708 772 2742 σφῶν
784 2709 915 2744 δημιουρ-

117 2754 181 2789 γίας
197 2753 237 2789 τῷ
254 2753 326 2789 λόγῳ
344 2753 562 2789 ἀναδράμωμεν,
580 2753 685 2780 ἐκεῖθεν
707 2755 754 2781 ἐπὶ
772 2755 822 2787 τὰς
848 2755 915 2790 πρό-

118 2799 203 2832 ποδας
227 2799 274 2826 καὶ
293 2799 327 2826 τὰ
346 2799 441 2826 πέδιλα
466 2799 612 2833 φοιτῶντες
625 2809 631 2814 ·
652 2800 751 2836 μᾶλλον
774 2801 803 2827 δὲ
822 2801 868 2828 διαὶ
885 2800 916 2833 ἐξ

155 2841 178 2858 ³⁸
196 2841 270 2869 Psal.
286 2848 347 2873 Cll],
361 2840 406 2867 26.
424 2841 447 2856 ι’
458 2840 531 2868 Psal.
549 2849 593 2872 ον,
608 2842 636 2868 2.

1002 2708 1053 2735 Sed
1078 2712 1120 2734 est
1143 2714 1233 2742 opera’.
1256 2705 1372 2741 pretium
1395 2708 1424 2730 ut
1444 2703 1478 2730 ad
1502 2702 1630 2730 verticem
1657 2705 1758 2728 nostra

965 2753 1112 2781 creationis
1131 2753 1257 2780 oratione
1281 2757 1467 2780 recurramus,
1492 2748 1556 2775 inde
1576 2747 1608 2774 ad
1632 2746 1714 2781 pedes
1730 2751 1757 2772 ct.

966 2799 1061 2826 talaria
1076 2798 1260 2826 devenientes.
1272 2795 1344 2829 Ouin
1354 2795 1388 2822 ab
1401 2794 1459 2829 ipsa
1471 2793 1540 2828 jam,
1556 2792 1580 2819 si
1593 2790 1650 2817 lieri
1662 2794 1753 2824 queat,

153 2863 597 2912 (913υῆξῇἜῖ
611 2863 673 2912 qua:
690 2880 842 2911 sequuntur
855 2875 1042 2910 dcsumpsissc
1058 2873 1205 2903 Caesarium
1221 2881 1253 2900 cx
1270 2871 1401 2908 Rccognit.
1417 2869 1464 2898 lib.
1475 2878 1534 2904 vm,
1553 2877 1613 2905 cap.
1623 2868 1668 2901 29,
1680 2863 1754 2894 haud

120 2910 226 2940 dubitat
251 2911 404 2940 Colelcrius
422 2911 440 2938 1.
457 2919 481 2938 c.

1521 2566 1632 2593 dextera
1659 2571 1757 2592 manus
1796 2584 1804 2591 .
