1907 3043
174 142 244 170 COSS

174 199 265 226 anima
276 199 427 228 ordiamur.
437 201 584 230 Considera
595 203 687 238 igitur,
699 205 824 238 obsecro,
835 206 964 242 teipsum,

172 249 200 270 et
224 245 341 273 neminis
365 246 498 274 adhibens
521 249 733 284 expositionem.
749 259 802 286 qua
825 253 860 280 de
881 254 965 281 totius

175 290 361 319 universitatis
374 293 484 328 opiﬁcio
498 295 667 324 conditorem
691 298 851 334 investiges,
874 300 901 327 in
925 304 966 327 te-

174 340 301 374 Inctipso,
319 341 392 369 velut
412 343 439 370 in
452 351 536 378 parvo
548 345 660 378 mundo,
677 347 841 376 ineﬂ'abilem
859 349 905 377 Dei
921 358 966 378 sa.

174 386 304 421 pientiam
330 389 489 424 perspicies.
515 391 604 427 Atque
635 399 698 421 ante
723 396 815 422 omnia
839 396 966 432 incorpo-

175 441 251 460 reum
281 443 342 463 esse
373 437 439 463 mihi
467 438 610 466 considera
639 439 734 473 Deum,
757 449 791 469 ex
812 446 857 469 tua
879 443 965 478 ipsius

174 480 335 515 incorporea
357 483 461 515 anima,
479 485 553 512 nullo
570 486 808 522 circumscriptum
830 489 901 520 loco,
928 490 966 517 si-

175 527 284 561 quidem
313 536 402 564 neque
424 539 501 560 mens
518 537 610 560 nostra
635 533 710 568 prius
740 534 822 562 habet
850 536 964 564 localem

174 574 468 609 circumscriptionem,
485 578 533 605 sed
551 587 598 613 per
609 581 731 614 corporis
742 581 964 616 conjunctionem

174 619 201 646 in
218 620 278 648 loco
291 626 342 649 est.
361 622 488 651 Eamdcm
511 625 732 660 inaspectabilem
758 635 819 655 esse
836 628 965 656 fateberis

173 674 206 692 cx
223 666 317 694 eadem
341 668 460 704 imagine
482 671 691 700 ratiocinatione
708 673 790 702 ducta
808 684 814 701 :
833 683 892 702 sese
911 684 964 703 non

175 713 363 746 subjicientem
387 717 479 744 carnis
497 719 596 751 oculis,
611 727 663 746 non
681 721 783 754 colore,
797 729 850 748 non
867 722 964 755 forma,

174 766 264 794 neque
278 760 330 787 alia
342 762 460 796 quadam
479 765 614 798 corporali
633 766 717 800 ligura
733 775 900 802 expressam,
919 769 965 795 sed

175 813 207 831 ex
219 805 375 834 cllicacitate
388 816 448 840 sua,
462 816 548 844 eaque
562 811 619 837 sola
632 813 779 846 cognitam.
795 813 967 849 Qttaprupler

174 859 209 879 ne
221 853 246 879 in
263 852 320 881 Deo
333 856 441 889 quidem
457 864 517 883 eam
530 865 590 891 qn:e
608 859 636 884 tit
649 866 696 893 per
714 860 819 892 oculos,
837 862 964 887 conside-

175 899 309 926 rationem
325 900 410 935 ipsius
424 908 528 929 naturm
545 905 670 938 qtmrito,
691 907 744 933 nisi
767 911 902 941 quatenus
916 916 964 942 per

175 945 320 973 obscurant
335 951 481 982 quantulum
499 950 612 978 ulterius
629 953 805 987 progrediare
820 954 964 981 demissio-

174 999 248 1022 nctn,
258 997 285 1019 et
294 993 328 1019 ita
341 994 448 1028 quidem
461 999 490 1021 ut
502 1003 554 1022 non
565 996 610 1022 tiat
620 999 669 1024 hoc
680 1004 756 1025 extra
779 999 961 1027 velamentum

173 1039 294 1073 aliquod.
318 1039 410 1074 Neque
438 1042 510 1068 enim
534 1043 568 1069 ab
592 1043 658 1078 ipsis
687 1045 796 1079 quidem
823 1046 964 1074 cherubim

174 1085 282 1111 ratione
297 1091 400 1113 naturae
419 1088 552 1120 cernitur,
574 1089 727 1124 objectione
744 1092 849 1118 alarum
869 1093 965 1119 obum-

175 1131 318 1158 brantibus
346 1132 453 1165 faciem,
476 1140 618 1170 propterea
646 1139 719 1172 quod
744 1139 804 1173 ejus
833 1140 884 1174 ipsi
910 1149 965 1168 non

174 1178 230 1203 sint
243 1185 366 1212 capaces.
384 1179 502 1208 Proinde
514 1184 596 1210 menti
610 1188 637 1210 et
649 1184 708 1211 tidei
726 1187 859 1219 permissa
875 1187 965 1214 consi-

174 1224 324 1258 deratione,
353 1224 399 1252 Dei
424 1228 620 1262 contemplator
637 1230 701 1261 eris,
728 1231 824 1258 videns
849 1236 965 1267 tantum,

173 1275 306 1303 quantum
333 1274 478 1301 recesseris
492 1274 526 1301 ab
546 1275 597 1302 hac
618 1283 710 1303 crassa
726 1277 787 1305 vita:
807 1279 922 1312 ratione,
940 1284 966 1307 ct

174 1315 208 1341 ad
220 1316 388 1350 spiritualem
406 1320 566 1352 accesseris,
589 1321 740 1350 admiratus
755 1323 841 1358 ipsius
855 1326 965 1360 sapien-

175 1362 239 1388 tiam
257 1372 264 1389 :
279 1364 417 1398 quomodo
433 1366 558 1394 Videlicet
575 1368 694 1395 animam
724 1369 825 1397 inserat
845 1373 964 1406 corpori,

175 1415 261 1442 usque
287 1410 321 1437 ad
346 1412 533 1440 extremitates
558 1414 618 1447 ejus
641 1416 792 1444 extendens
815 1417 913 1452 ipsam,
939 1423 965 1446 et

173 1456 322 1490 plurimum
350 1458 421 1485 inter
445 1466 474 1486 se
495 1460 656 1488 dissidentia
676 1463 798 1489 membra
825 1464 858 1490 ad
881 1473 962 1492 unam

174 1503 253 1535 quasi
271 1505 503 1538 conspirationem
519 1514 551 1533 ac
566 1508 723 1536 societatem
743 1509 854 1538 dueens.
867 1510 967 1539 Consi-

173 1548 240 1575 dera
259 1549 338 1581 mihi,
355 1551 492 1584 quodnam
513 1552 548 1579 ab
571 1553 661 1580 anima
679 1555 754 1581 carni
780 1555 844 1582 insit
869 1556 964 1589 robur,

173 1599 200 1621 et
213 1603 338 1629 quamam
356 1605 370 1623 a
389 1604 472 1624 carne
493 1598 525 1625 ad
550 1600 670 1626 animam
690 1601 845 1628 reﬂectatur
859 1602 965 1630 aﬂectio

175 1646 279 1669 mnttta.
293 1642 436 1675 Quomodo
453 1645 532 1679 quasi
549 1653 629 1673 suum
643 1647 741 1674 elliciat
758 1656 790 1675 ex
805 1649 963 1684 incorporea

173 1688 228 1714 xita
247 1696 357 1723 corpus,
371 1695 397 1716 et
413 1691 548 1726 particeps
575 1693 700 1720 dolorum
718 1702 751 1721 ex
775 1703 891 1730 corpore
907 1698 963 1728 liat,

174 1734 232 1767 ipsa
249 1735 373 1769 corporis
388 1743 493 1771 expers.
509 1738 654 1771 Quomodo
677 1741 729 1768 hoc
750 1741 825 1773 laeso.
840 1743 884 1770 illa
907 1743 962 1770 cla-

175 1783 239 1810 met.
259 1781 396 1812 quomodo
420 1782 464 1809 illa
487 1782 604 1810 feliciter
631 1790 738 1820 agente.
764 1795 864 1822 corpus
887 1796 965 1823 rege-

174 1829 233 1852 tum
257 1826 302 1860 sit,
316 1831 342 1854 et
361 1828 504 1862 pulchrius
528 1830 637 1857 evadat.
664 1830 687 1858 0
712 1833 871 1866 prmclaram
896 1842 964 1861 con-

169 1871 352 1906 junctionem,
369 1881 386 1901 ο
403 1874 591 1902 admirabilem
606 1877 744 1910 unionem,
764 1886 781 1905 ο
802 1879 963 1914 sapientiam

171 1919 234 1952 ejus
259 1920 304 1954 qui
330 1921 430 1947 umvit!
453 1920 521 1954 Quis
544 1922 617 1949 enim
643 1924 732 1958 eloqui
759 1930 851 1959 queat,
870 1927 965 1961 quales

174 1972 261 1998 penus
278 1966 412 2000 quasique
426 1966 580 1994 conditoria
605 1968 810 2003 disciplinarum
833 1978 865 1998 ea
879 1970 965 1998 fabri-

172 2012 287 2044 caverit,
322 2004 356 2039 ne
380 2013 566 2041 obscurentur
591 2019 682 2041 vetera
707 2024 753 2047 per
779 2017 963 2052 cognitionem

173 2064 269 2083 eorum
285 2065 346 2092 qua:
359 2063 458 2092 praeter
474 2058 519 2085 illa
540 2060 724 2094 reperiuntur,
738 2069 804 2089 neve
818 2067 966 2090 arceantur

173 2104 267 2139 aliquo
285 2108 362 2138 septo
377 2111 472 2131 eorum
491 2113 551 2140 quae
567 2107 689 2140 quotidie
711 2108 868 2142 audiuntur,
896 2117 965 2144 quo-

174 2150 266 2176 minus
280 2153 398 2183 exponat
411 2150 491 2177 hodie
507 2151 569 2185 quis
586 2157 648 2179 ante
663 2153 859 2189 quinquaginta
878 2163 965 2183 annos

173 2196 299 2223 auditum
322 2204 493 2229 sermonem,
519 2197 566 2225 sed
591 2198 735 2227 distinctas
758 2205 784 2227 et
806 2201 966 2229 inconfusas

174 2242 279 2270 servari
301 2243 505 2271 recordationes
528 2244 719 2276 institutionis,
745 2247 820 2274 velut
845 2247 872 2274 in
899 2256 965 2276 saxo

174 2289 316 2324 sculptas"
337 2288 480 2321 Quomodo
504 2291 537 2317 ad
556 2291 679 2318 carnales
696 2293 819 2320 residens
840 2293 965 2328 allectus,

174 2336 291 2372 proprizn
302 2336 515 2370 pulchritudinis
528 2337 622 2364 ﬂorem
637 2338 754 2371 amittat,
767 2343 794 2367 et
805 2340 864 2368 vice
876 2348 964 2374 versa,

173 2382 324 2417 profectam
341 2391 357 2410 a
377 2383 524 2411 vitiositate
540 2385 734 2419 turpitudinem
752 2386 851 2413 virtute
867 2395 965 2422 repur-

173 2437 251 2463 gans,
269 2433 394 2456 recurrat
414 2430 448 2456 ad
477 2430 683 2458 similitudinem
705 2433 848 2459 creatoris.
875 2432 967 2469 Inquit

173 2476 245 2502 enim
260 2476 317 2510 ipse
340 2476 367 2503 in
389 2475 538 2512 Evangelio
557 2477 661 2504 :Ameu
681 2478 741 2504 dico
765 2479 847 2512 nobis,
869 2480 893 2506 si
914 2480 966 2507 duo

174 2529 254 2556 super
269 2527 367 2548 terram
384 2523 565 2549 consenserint
582 2523 610 2549 in
622 2523 693 2549 idem
706 2523 729 2539 ⁸ο
740 2533 747 2557 ;
759 2525 878 2552 animam
896 2526 965 2554 indi-

174 2575 240 2594 eam
256 2571 284 2594 et.
299 2574 410 2600 corpus,
425 2567 565 2594 dominam
579 2573 606 2595 ct
625 2567 754 2595 famulam
767 2577 773 2602 ;
788 2570 811 2596 si
827 2579 966 2598 consense-

175 2612 228 2637 rfnt
241 2619 269 2637 ιη
283 2610 351 2636 idem
368 2618 454 2638 :caro
474 2611 584 2645 quidem
610 2612 743 2646 serviens,
761 2614 851 2641 anima
875 2619 965 2642 autem

175 2657 202 2683 in
217 2657 318 2683 virtute
331 2663 495 2691 progressus
514 2657 627 2689 faciens,
646 2666 680 2686 ne
702 2659 786 2686 nimia
806 2661 966 2689 austeritate

174 2704 304 2737 depressa
324 2707 452 2737 gravetur
475 2708 502 2730 et
522 2704 661 2731 laboribus
683 2706 821 2733 renuntiet
837 2706 939 2735 famula
957 2717 965 2736 :

175 2755 265 2782 neque
281 2748 339 2775 vice
354 2756 433 2776 versa
452 2749 484 2775 ad
502 2749 613 2777 vitiosas
630 2750 788 2779 affectiones
804 2757 831 2779 et
843 2753 966 2788 volupta-

208 2827 232 2845 ”
245 2827 340 2856 Matth.
355 2837 432 2861 xvnt,
446 2829 489 2856 l9.

689 147 718 175 S.
738 148 888 176 CAESARI!
908 148 1073 176 GREGORII
1092 148 1242 177 FRATHIS

1741 151 1829 180 1053

1016 206 1100 242 αὐτῆς
1114 207 1164 242 ήδη
1183 208 1234 242 τῆς
1256 207 1344 243 ψυχῆς
1361 208 1385 234 εί
1401 205 1457 235 οἷόν
1473 218 1519 242 τε,
1540 209 1737 246 ἀπαρξώμεθα.
1758 209 1827 237 Si:

1018 261 1063 288 μοι
1086 252 1176 280 τοίνυν
1193 254 1307 286 σαυτὸν,
1326 255 1373 280 καὶ
1399 255 1506 287 οὐδενὸς
1532 256 1624 291 δεήσει
1639 257 1672 282 ἐκ
1688 256 1742 290 τῆς
1759 255 1827 282 τῶν

1016 299 1084 326 ὅλων
1098 301 1271 336 κατασκευῆς
1287 300 1333 327 τὸν
1348 302 1520 338 Δημιουργὺν
1537 302 1696 338 ἐξιχνεύειν,
1713 302 1777 328 ἀλλ’
1792 303 1826 329 ἐν

1016 345 1109 381 σαυτῷ
1124 347 1206 373 οἱονεὶ
1233 347 1262 373 ἐν
1291 347 1388 383 βραχεῖ
1404 348 1500 384 κόσμῳ
1523 349 1573 384 τὴν
1592 349 1733 384 ἄφραστον
1748 357 1826 374 κατ-

1015 391 1076 425 όψει
1093 391 1141 418 τοῦ
1153 391 1221 418 Θεοῦ
1237 392 1342 426 σοφίαν.
1357 393 1412 419 Καὶ
1425 393 1479 428 πρό
1493 402 1524 427 γε
1539 393 1677 422 ἁπάντων,
1697 391 1825 426 ἀσώμα-

1016 437 1061 464 τόν
1086 445 1131 472 μοι
1151 437 1206 464 νόει
1228 437 1259 464 τὸ
1274 437 1351 465 Θείον
1382 439 1414 464 ὲκ
1431 439 1482 474 τῆς
1499 438 1582 465 αὑτοῦ
1597 438 1748 473 ἀσωμάτου
1763 437 1824 472 qm-

1016 485 1084 519 χῆς,
1102 484 1196 520 μηδενὶ
1219 486 1455 521 περιγραφόμενον
1471 485 1563 521 τόπῳ·
1588 485 1649 512 ἐπεὶ
1666 485 1722 512 οὐδ’
1741 485 1825 520 ἡμέ-

1016 539 1094 566 τερος
1107 531 1170 563 νοῦς
1183 532 1394 568 προηγουμένην
1408 532 1464 567 ἔχει
1478 533 1528 568 τὴν
1543 533 1572 558 ἐν
1584 533 1659 566 τόπῳ
1675 540 1823 567 περιγρα-

1017 576 1069 612 φὴν
1082 597 1089 609 ,
1105 576 1174 605 ἀλλὰ
1187 577 1232 604 διὰ
1247 578 1296 614 τῆς
1311 578 1358 604 τοῦ
1381 578 1506 614 σώματος
1524 578 1674 612 συναφείας
1689 579 1718 604 ἐν
1735 577 1823 612 τόπῳ

1016 623 1130 657 γίνεται.
1153 623 1279 659 ’Δόρατον
1300 623 1432 660 ὑπάρχειν
1454 625 1581 660 ὁμολόγει
1608 624 1641 650 ὲκ
1656 623 1707 659 τῆς
1727 624 1826 658 αὐτῆς

1016 669 1121 701 εἰκόνος
1155 671 1374 706 τεκμαιρόμενος
1390 690 1398 704 ,
1428 671 1466 706 μὴ
1503 671 1670 698 ὑπείκουσαν
1709 669 1821 705 σαρκὸς

1016 715 1181 751 ὀφθαλμοῖς,
1196 717 1226 743 οὺ
1241 717 1378 753 χρώματι,
1396 718 1426 744 οὐ
1445 718 1575 753 σχήματι,
1589 717 1643 743 οὐδ’
1656 716 1744 752 ἑτέρῳ
1761 715 1820 741 τινὶ

1017 762 1170 798 χαρακτῆρι
1194 763 1343 799 σωματικῷ
1365 764 1603 799 ἀπεικαςομένην,
1627 762 1685 790 ἀλλ’
1702 763 1735 789 ἐκ
1765 761 1823 797 τῆς

1018 808 1158 843 ἐνεργείας
1172 810 1219 836 καὶ¹
1243 810 1328 845 μόνης
1348 809 1563 846 γνωριζομένην.
1582 810 1663 835 Ὥστε
1684 807 1746 844 μηδ’
1770 807 1822 834 ἐπὶ

1018 853 1085 880 Θεοῦ
1105 854 1181 891 ζήτει
1196 855 1246 891 τὴν
1261 856 1295 882 δι’
1307 855 1455 892 ὀφθαλμῶν
1477 856 1639 891 κατανόησιν
1656 854 1740 881 αὑτοῦ
1764 853 1819 888 τῆς

1018 899 1144 933 φύσεως,
1168 901 1239 937 πλὴν
1263 901 1386 937 ἀμυδρᾶς
1414 903 1508 938 πρόσω
1523 902 1606 937 χώρει
1633 900 1820 935 συγκαταῦὰ-

1019 955 1105 979 σεως,
1119 948 1166 974 καὶ
1189 947 1275 980 οὕτως
1299 948 1349 975 οὐκ
1367 949 1419 981 ἔξω
1444 949 1516 980 τινος
1547 948 1819 982 παραπετάσματος.

1018 992 1080 1018 Οὐδ’
1095 994 1189 1024 αὐτοῖς
1205 993 1258 1028 γὰρ
1283 994 1354 1020 κατά
1370 994 1450 1029 φύσιν
1473 994 1569 1029 ὁρᾶται
1586 994 1643 1024 τοῖς
1658 991 1818 1028 Χερουϐὶμ,

1015 1039 1049 1074 τῇ
1065 1039 1184 1075 προϐολῇ
1202 1039 1257 1066 τῶν
1281 1041 1426 1076 πτερύγων
1455 1040 1642 1076 σκιαζομένων
1664 1039 1716 1074 τὴν
1739 1038 1818 1072 Mam,

1017 1088 1061 1115 διὰ
1074 1088 1105 1114 τὸ
1121 1085 1264 1121 ἁχώρητον
1278 1088 1373 1122 αὐτῆς.
1385 1088 1425 1122 Τῇ
1438 1087 1541 1123 διανοίᾳ
1552 1086 1642 1113 τοίνυν
1657 1085 1705 1112 καὶ
1720 1085 1818 1112 πίστει

1017 1135 1168 1170 ἐπιτρέψας
1193 1135 1243 1170 τὴν
1266 1134 1429 1169 κατανόησιν
1442 1153 1450 1165 ,
1469 1133 1518 1169 ἔσῃ
1533 1132 1649 1167 θεόπτης
1672 1131 1814 1163 τοσοῦτον,

1016 1182 1078 1208 ὅσον
1097 1181 1202 1216 ἀπέϐης
1219 1181 1267 1215 τῆς
1285 1180 1383 1215 ὑλικῆς
1399 1179 1537 1210 πολιτείας
1551 1179 1598 1205 καὶ
1615 1177 1719 1213 ἐπέϐης
1735 1185 1817 1203 πνευ-

1019 1227 1135 1262 ματικῆς
1148 1247 1155 1259 ,
1175 1225 1325 1260 θαυμάζων
1352 1225 1434 1252 αὐτοῦ
1464 1226 1514 1261 τὴν
1535 1224 1630 1259 σοφίαν
1646 1231 1653 1238 ·
1676 1223 1737 1255 πῶς
1764 1223 1817 1259 τὴν

1015 1273 1104 1309 ψυχὴν
1122 1273 1243 1309 ἐγκρίνει
1267 1273 1305 1308 τῷ
1333 1272 1440 1308 σώματι
1467 1272 1547 1308 μέχρι
1572 1270 1700 1306 περάτων
1729 1270 1816 1296 αὑτοῦ

1015 1321 1115 1354 διάγων
1131 1320 1215 1356 αὐτὴν
1228 1342 1235 1353 ,
1261 1319 1310 1346 κού⁸
1325 1319 1359 1345 τὰ
1387 1318 1520 1344 πλείστων
1627 1316 1753 1351 ἀλλήλων
1774 1316 1814 1342 δι-

1016 1367 1123 1394 εστῶτα
1150 1367 1234 1402 μέλη,
1252 1366 1321 1402 πρὸς
1342 1365 1405 1400 μίαν
1420 1365 1572 1399 σύμπνοιαν
1597 1363 1644 1390 καὶ
1668 1363 1816 1389 κοινωνίαν

1016 1413 1101 1448 ἄγων.
1118 1414 1218 1440 Σκόπει
1232 1412 1261 1438 δέ
1280 1421 1324 1448 μοι
1341 1411 1383 1443 τίς
1398 1412 1414 1446 ἡ
1440 1410 1494 1437 ἀπὸ
1509 1410 1558 1445 τῆς
1569 1409 1659 1444 ψυχῆς
1678 1410 1712 1444 τῇ
1730 1409 1814 1444 σαρκὶ

1016 1460 1174 1492 ὲνιζάνουσα
1190 1458 1268 1496 ῥώμη
1282 1467 1288 1473 ·
1304 1458 1346 1489 τίς
1358 1457 1380 1484 δ’
1397 1459 1412 1491 ἡ
1436 1457 1489 1483 ἀπὸ
1502 1456 1552 1491 τῆς
1568 1455 1670 1491 σαρκὸς
1688 1457 1722 1490 τῇ
1738 1455 1812 1489 ψυχῇ

1016 1505 1197 1540 ἀνακλωμένη
1219 1503 1387 1540 συμπάθεια.
1407 1503 1470 1534 Πῶς
1493 1501 1682 1537 σφετερίζεται
1707 1502 1740 1527 ἐκ
1763 1501 1812 1534 τῆς

1019 1551 1166 1586 ἀσωμάτου
1186 1551 1259 1586 ζωῆς
1283 1549 1313 1575 τὸ
1342 1549 1440 1585 σῶμα,
1458 1549 1644 1584 ἀναμάττεται
1665 1547 1693 1573 δὲ
1717 1548 1749 1573 ἐκ
1765 1547 1812 1572 τοῦ

1021 1597 1146 1633 σώματος
1160 1597 1312 1632 ἀλγηδόνας
1325 1597 1340 1630 ὴ
1354 1595 1509 1631 ἀσώματος.
1526 1594 1587 1626 Πῶς
1598 1593 1694 1620 τούτου
1708 1592 1814 1624 αἰκιζο-

1022 1644 1102 1679 μένου
1122 1643 1213 1678 ἐκείνη
1230 1642 1296 1678 βοᾷ·
1317 1642 1375 1673 πῶς
1396 1642 1503 1676 ἐκείνης
1515 1639 1728 1691 εὑδαιμονούσης
1741 1638 1810 1691 αὕτη

1021 1691 1122 1725 σφριγᾷ
1137 1691 1184 1716 καὶ
1206 1689 1363 1724 ὡραΐζεται.
1382 1689 1414 1714 Ὢ
1430 1688 1479 1722 τῆς
1493 1687 1577 1722 καλῆς
1595 1686 1763 1736 συναιρείαςῖ

1018 1737 1067 1772 τῆς
1088 1735 1280 1771 θαυμαστικῆς
1296 1734 1435 1766 ἑνώσειυς,
1454 1733 1477 1759 ὣ
1499 1733 1548 1768 τῆς
1563 1732 1659 1766 σοφίας
1678 1731 1725 1757 τοῦ
1746 1731 1811 1756 ἑνώρ

1020 1783 1184 1815 σαντος.Ί“ίς
1199 1782 1252 1817 γὰρ
1265 1778 1321 1812 οἷός
1331 1789 1361 1806 τε
1371 1780 1457 1815 φῆσαι
1473 1780 1536 1805 ποῖα
1550 1779 1661 1812 ταμιεῖα
1676 1778 1735 1812 ἦτοι
1746 1777 1811 1803 ἁπο-

1020 1830 1106 1864 οήκας
1122 1828 1176 1855 τῶν
1198 1827 1367 1864 μαθημάτων
1390 1825 1459 1861 αὕτη
1482 1825 1644 1860 ἐτεκτήνατο
1657 1843 1663 1855 ,
1681 1823 1752 1849 ὥστε
1774 1823 1810 1858 μή

1020 1874 1223 1902 ἐπισκοτεῖσθαι
1235 1875 1270 1901 τά
1286 1874 1368 1900 πάλαι
1394 1874 1427 1908 τῇ
1442 1872 1540 1906 γνώσει
1557 1871 1609 1897 τῶν
1627 1870 1807 1902 ἐπεισάκτων,

1021 1921 1082 1957 μηδ’
1096 1920 1236 1957 εἴργεσθαί
1252 1929 1305 1946 τινι
1329 1919 1517 1954 διαφράγματι
1532 1917 1586 1944 τῶν
1603 1917 1724 1951 ἑκάστης
1743 1916 1808 1951 ἡμὲ-

1021 1977 1070 2005 ρας
1084 1967 1266 2003 ἀκουομένων,
1277 1967 1396 2002 σήμερον
1409 1965 1574 1999 ἀπαγγεῖλαι
1589 1964 1633 1990 τὸν
1645 1963 1700 1998 πρὸ
1714 1963 1808 1997 πεντή-

1019 2023 1102 2042 κοντα
1131 2015 1234 2050 χρόνων
1267 2013 1434 2040 ἀκουσθέντα
1461 2012 1539 2046 λόγον
1558 2019 1565 2026 θ
1591 2011 1648 2037 ἀλλ’
1674 2010 1808 2045 εὐκρινεῖς

1019 2061 1066 2087 καὶ
1079 2060 1247 2095 ἀσυγχύτους
1263 2060 1360 2092 σώζειν
1372 2059 1422 2090 τὰς
1435 2059 1546 2093 μνήμας
1563 2057 1612 2091 τῆς
1632 2055 1804 2086 παιδεύσεως,

1019 2107 1100 2134 οἱονεὶ
1115 2108 1143 2133 ἐν
1160 2107 1247 2142 πέτρᾳ
1262 2105 1481 2141 κεχαραγμένας.
1493 2104 1555 2135 Πῶς
1567 2103 1595 2129 δὲ
1611 2103 1681 2138 πρὸς
1694 2102 1729 2128 τὰ
1746 2110 1806 2136 sap-

1020 2153 1086 2180 κικά
1114 2152 1341 2179 ὑπολισοαίνουσα
1368 2151 1441 2186 πάθη
1459 2149 1489 2176 τὸ
1511 2150 1610 2176 οἰκεῖον
1631 2148 1805 2179 ἀπανθίζεται

1020 2199 1135 2230 κάλλος’
1161 2199 1242 2225 πάλιν
1266 2198 1294 2224 δὲ
1324 2197 1354 2224 τδ
1375 2197 1430 2224 ἀπὸ
1466 2196 1566 2226 κακίας
1603 2192 1698 2230 αἶσχος
1727 2192 1804 2230 ἀρετὴ

1019 2245 1215 2281 καθαιρομένη,
1233 2245 1299 2280 πρὸς
1317 2243 1368 2278 τὴν
1386 2242 1515 2278 ὁμοίωσιν
1533 2241 1677 2276 ἀνατρέχει
1691 2240 1738 2266 τοῦ
1752 2239 1804 2266 κτί-

1018 2299 1124 2322 σαντος.
1151 2290 1237 2321 Αὐτὸς
1260 2290 1314 2325 γὰρ
1344 2290 1372 2314 ὲν
1395 2287 1573 2322 Εὑαγγελίοις
1599 2286 1699 2320 φησίν
1719 2285 1805 2319 Ἀμὴν

1015 2338 1093 2373 λέγω
1107 2336 1194 2371 ὑμῖν,
1209 2337 1262 2363 ἐὰν
1275 2335 1329 2362 δύο
1348 2335 1397 2361 ἐπὶ
1410 2335 1464 2368 τῆς
1490 2334 1545 2370 γῆς
1562 2333 1804 2368 συμφωνήσωσι-ι·

1015 2384 1065 2410 ἐπὶ
1081 2384 1114 2411 τὸ
1127 2383 1199 2410 αὐτὸ
1220 2383 1280 2418 (τὴν
1293 2382 1382 2418 ψυχὴν
1396 2382 1536 2416 ἐμφαίνων
1550 2381 1596 2407 καὶ
1609 2380 1640 2406 τὸ
1654 2379 1745 2414 σῶμα,
1757 2379 1800 2414 τὴν

1017 2430 1115 2466 κυρίαν
1131 2429 1178 2456 καὶ
1197 2428 1247 2464 τὴν
1268 2429 1401 2463 οἰκέτιν),
1422 2427 1477 2454 ἐὰν
1498 2424 1802 2461 συμφωνήσωσινὲπι

1017 2476 1051 2503 τὸ
1063 2475 1147 2509 αὐτὸ,
1164 2476 1180 2511 ἡ
1198 2475 1248 2510 μὲν
1264 2474 1333 2510 σὰρξ
1352 2474 1554 2508 δουλεύουσα,ὴ
1571 2472 1600 2499 δὲ
1616 2472 1691 2507 ψυχὴ
1704 2473 1733 2498 ἐν
1745 2472 1801 2506 ἀρε-

1017 2524 1050 2558 τῇ
1064 2522 1266 2558 προϐαίνουσα·
1283 2522 1357 2553 ὅπως
1376 2520 1414 2556 μὴ
1430 2522 1463 2556 τῇ
1487 2519 1697 2554 ὑπερϐαλλούσῃ
1727 2518 1802 2552 σκλη-

1019 2568 1116 2604 ρουχίᾳ
1136 2567 1348 2595 καταπονεῖσθαι
1365 2567 1412 2593 καὶ
1433 2565 1616 2600 ἀπολέγεσθαι
1631 2565 1696 2596 τοὺς
1715 2564 1802 2595 πόνους

1017 2615 1066 2651 τὴν
1079 2615 1179 2642 οἰκέτιν
1192 2624 1198 2630 ·
1226 2616 1288 2651 μήτ’
1302 2613 1335 2642 αὗ
1352 2614 1433 2641 πάλιν
1450 2614 1503 2641 ὑπὸ
1525 2612 1629 2648 ταύτης
1648 2613 1717 2648 πρὸς
1738 2611 1799 2646 πάθη

1018 2663 1065 2689 καὶ
1077 2661 1231 2697 φιληδονίαν
1244 2661 1293 2697 τὴν
1306 2662 1405 2697 κυρίαν
1422 2658 1627 2695 καταφέρεσθαι
1636 2668 1642 2674 -
1658 2658 1727 2686 ἀλλὰ
1743 2666 1801 2692 συμ-

1020 2708 1116 2743 φώνως
1130 2709 1169 2744 τῷ
1186 2709 1235 2744 ῖσῳ
1248 2708 1298 2743 τῆς
1313 2707 1414 2744 ἀρετῆς
1426 2707 1518 2734 κανόνι
1535 2705 1742 2742 συμπαραθέειν
1761 2704 1802 2732 ἁλ-

1019 2754 1124 2790 λήλοις,
1138 2756 1184 2781 καὶ
1197 2753 1436 2790 συμπαρέπεσθαι.
1447 2753 1510 2780 Εὰν
1520 2751 1576 2787 γὰρ
1584 2749 1801 2786 συμφωνήσωσι

205 2903 270 2940 -(92)
298 2904 352 2932 Καὶ
375 2904 410 2932 τὰ
432 2906 595 2935 πλείστων.
621 2906 747 2936 Libenter
773 2908 962 2945 rescripserim

1018 2909 1112 2938 εῖστον.
1130 2910 1210 2938 Ευιτ.
