1907 3043
185 121 255 150 1059

185 181 247 208 dam
265 178 429 214 mitigantes.
454 175 556 204 Eadem
577 183 639 202 cum
671 175 725 202 sint
742 181 872 210 tanquam
888 182 902 200 a
928 182 974 201 ca-

179 225 305 254 lentibus
319 229 449 259 usurpata
461 222 605 250 oculorum
620 221 754 248 velamina
771 221 918 248 deﬂectunt
933 221 975 246 iu-

187 271 376 306 tempcrantiae
392 270 566 304 lascivizeque
580 273 706 298 mortem,
723 268 757 294 de
775 275 827 302 qua
842 266 976 294 Jeremias

187 319 258 346 inter
276 318 385 345 divinos
401 322 476 343 vates
502 315 585 342 multa
609 314 728 348 pericula
747 321 892 348 perpessus
908 320 974 339 cou-

187 369 308 396 testans,
338 364 394 391 ait;
415 361 541 389 Ascendit
558 370 604 396 per
622 362 751 396 fenestras
780 368 851 387 mors
864 360 897 385 ".
917 358 975 385 Non

187 412 259 438 enim
276 410 358 437 modo
371 417 472 444 curpus
489 409 633 438 intui-tum.
648 407 695 433 sed
710 411 737 433 et
750 406 892 433 oculorum
909 404 976 431 radii

188 457 393 484 scrvaudisunt
418 454 579 488 incorrupti,
598 461 687 488 neque
714 453 781 487 ipsis
812 452 868 479 ullo
895 451 976 478 modo

187 503 414 538 permittendum,
429 506 459 528 ut
480 501 651 535 impudenter
668 500 784 530 irruaut,
797 503 824 526 et
842 499 868 525 in
882 498 978 526 alienat

187 549 400 584 pulchritudinis
418 547 521 574 fortnas
540 547 670 578 invulent,
701 554 736 573 ne
759 545 794 572 ab
813 550 923 579 aspectu
944 545 977 572 ad

188 597 276 630 ipsum
292 601 383 622 actuut
401 602 523 621 ruamus.
538 592 607 620 Nam
622 593 774 620 secundum
794 591 901 619 Domini
921 599 978 618 ser-

187 649 317 673 monem,
335 640 387 673 Qui
407 640 549 674 inspexerit
570 640 707 666 mulierem
731 638 765 664 ad
792 638 980 672 concupiscen-

187 688 250 714 dum
263 695 332 717 eam,
348 686 407 721 jam
435 686 597 712 adulterium
615 693 676 711 cum
707 685 766 718 ipsa
795 684 925 710 conuniiit
951 683 979 709 iu

187 735 265 760 corde
281 741 328 759 suo
339 732 371 759 δ’.
386 732 560 767 Quapropter
576 731 696 765 virgines
711 737 772 758 esse
792 729 891 757 debent
911 737 978 756 ocu-

186 779 275 806 lorum
291 778 409 813 pupulae,
426 785 487 812 qua:
503 777 574 803 idem
590 783 652 802 cum
675 775 827 810 virginibus
859 774 979 801 nominis

188 829 381 852 ornamentum
399 824 501 851 sortita:
519 828 593 850 sunt.
610 823 804 856 Saepenumero
818 821 892 848 enim
917 828 979 855 qua)

188 873 259 898 intra
277 871 421 905 palpebras
439 871 516 905 virgo
531 873 590 896 erat
603 869 718 904 pupilla,
732 876 781 903 per
797 868 918 902 ipsarum
935 867 976 894 die

187 918 344 945 ductionem
366 924 521 951 vagumque
534 920 639 942 motum
655 922 737 942 suum
753 919 839 942 nutus
853 918 881 941 et
901 913 977 949 cogi-

187 963 255 990 tatio
270 962 447 990 scortatiouis
460 961 531 989 facta
549 965 601 990 est.

224 1008 503 1043 Exiguum-quiddam
521 1008 593 1034 inter
610 1006 703 1034 omnia
730 1005 854 1033 membra
883 1010 977 1032 nostra

189 1059 232 1082 est
247 1054 333 1082 auris.
351 1053 403 1080 Sed
423 1058 451 1080 et
465 1053 532 1080 istas
548 1057 664 1080 exornat
677 1051 797 1079 vicinum
812 1051 977 1087 cymbalum,

187 1101 282 1134 eisque
294 1100 361 1127 solis
375 1099 446 1126 inter
463 1103 556 1126 creata
576 1104 674 1126 caetera
704 1097 750 1124 Dei
769 1098 897 1133 mysteria
917 1105 978 1124 cre-

187 1147 301 1174 duntur.
318 1146 419 1180 Estque
433 1145 508 1172 auris
522 1150 578 1172 tota
595 1145 622 1172 iu
647 1143 795 1171 rotundum
813 1144 978 1178 sinuoseqne

187 1196 308 1224 tornala,
326 1200 359 1219 ue
386 1192 469 1219 cilius
496 1191 665 1225 ingrediatur
691 1198 793 1222 sermo,
823 1191 870 1217 sed
889 1190 978 1224 spatio

186 1238 319 1274 longioris
344 1237 477 1273 temporis
504 1238 680 1268 imminutus,
715 1244 764 1272 per
782 1237 869 1271 ipsam
897 1243 978 1263 exca-

186 1285 324 1312 vationem
348 1285 492 1319 prohibeat
519 1284 669 1319 quominus
687 1283 720 1310 ad
748 1283 832 1310 imum
863 1283 975 1309 materia

187 1330 324 1359 mendacii
342 1335 476 1365 penetret,
488 1331 535 1357 Sed
548 1337 601 1357 una
615 1337 677 1357 cum
693 1329 892 1356 maledicentia:
905 1334 976 1356 ster-

186 1377 297 1404 coribus
324 1377 351 1403 in
371 1376 497 1411 partibus
527 1379 687 1408 remaneat;
708 1383 771 1402 nam
790 1375 899 1402 virtutis
915 1375 976 1409 qui-

186 1423 249 1450 dem
263 1427 306 1450 est
318 1423 345 1448 iu
360 1429 392 1449 eo
403 1422 451 1457 qui
466 1421 600 1456 loquitur,
617 1428 671 1448 non
689 1421 781 1448 dicere
796 1420 863 1448 falsa
878 1430 884 1447 :
901 1421 928 1447 iu
944 1427 977 1447 eo

186 1467 233 1502 qui
248 1466 337 1498 audit,
352 1466 470 1501 probare
482 1466 621 1501 quomodo
635 1466 763 1501 quaelibet
776 1466 849 1494 dicta
867 1466 976 1493 videan-

189 1518 245 1544 tur,
259 1520 325 1539 uum
342 1512 408 1547 quid
425 1511 539 1539 aﬂ'ectus
567 1511 609 1539 vel
629 1512 711 1539 amici
737 1513 779 1540 vel
797 1513 976 1546 repugnantis

185 1559 332 1586 admistum
348 1559 394 1585 sit.
422 1557 489 1585 Nam
508 1558 577 1585 alter
601 1558 711 1592 quidem
736 1566 790 1585 non
808 1559 895 1586 cernit
911 1567 976 1586 acu-

186 1609 254 1637 tum,
269 1604 337 1631 alter
351 1608 441 1630 autem
459 1611 571 1638 prorsus
587 1612 640 1631 non
657 1605 742 1631 videt.
759 1605 836 1637 Quod
855 1605 878 1632 si
894 1605 974 1632 alter-

186 1656 248 1677 utro
265 1651 361 1677 horum
378 1650 533 1677 defectuum
552 1651 622 1678 ratio
639 1657 768 1686 corrupta
791 1657 833 1679 est
847 1671 854 1682 ,
870 1652 974 1686 judicio

185 1695 286 1723 mentis
303 1695 376 1730 quod
393 1695 419 1722 in
437 1695 517 1723 nobis
533 1700 575 1723 est
592 1696 683 1731 puniri
702 1701 729 1724 et
753 1704 767 1723 a
785 1697 919 1731 pravitate
932 1705 974 1724 re-

186 1741 296 1776 purgari
315 1742 394 1768 debet
417 1749 464 1776 per
479 1742 632 1774 veritatem,
655 1750 717 1776 quas
749 1743 861 1770 tortoris
885 1743 975 1770 cilicio

185 1788 325 1823 Nugatur.
345 1787 402 1816 Hoc
418 1789 489 1816 enim
506 1789 608 1816 doeens
619 1789 653 1816 de
670 1790 762 1816 divino
781 1794 808 1816 et
823 1789 974 1818 fortissimo

186 1835 286 1862 athleta
301 1833 370 1862 Jobo
386 1835 500 1861 historia
516 1834 621 1870 inquit:
639 1835 714 1862 Mens
729 1836 836 1871 quidem
860 1841 885 1863 et
899 1838 973 1864 auris

185 1882 261 1908 verba
274 1881 405 1916 dijudicat
419 1889 429 1913 ;
443 1885 535 1915 guttur
558 1888 647 1908 autem
662 1890 734 1908 escas
751 1887 841 1916 gustat
854 1882 885 1909 ⁸³.
904 1883 973 1910 Cum

185 1928 238 1955 hoc
253 1933 343 1954 autem
365 1928 540 1955 consentiens
560 1927 716 1955 divinorum
753 1929 799 1955 ille
819 1929 973 1956 carminum

186 1979 281 2001 auctor
299 1974 413 2001 Daviu‘es
430 1974 538 2009 inquit:
555 1973 624 2001 Eum
636 1975 681 2009 qui
698 1974 849 2001 clanculum
865 1976 974 2002 mentie—

185 2022 264 2047 batur
277 2020 309 2046 de
330 2021 451 2055 proximo
466 2028 514 2048 suo
529 2040 537 2053 ,
563 2020 779 2056 persequebar“.
798 2020 856 2055 Ipse
881 2026 972 2048 autem

186 2066 372 2093 universitatis
388 2066 503 2100 hujusce
533 2065 616 2099 Deus,
652 2074 795 2094 servorum
824 2067 973 2101 obsignans

183 2113 278 2143 wrlia.
289 2112 315 2138 in
327 2112 473 2146 Evangelia
485 2112 589 2147 inquit:
603 2111 693 2139 Estote
702 2112 875 2139 nummularii
886 2113 971 2147 probi,

184 2159 360 2190 dijutlirautes
375 2158 469 2184 abono
491 2157 560 2187 quod
586 2158 767 2184 adulterinum
791 2163 840 2184 est.
859 2157 917 2184 Non
945 2163 974 2185 ut

184 2205 270 2231 instar
285 2203 534 2231 nummulariorum
551 2211 649 2231 sonum
667 2204 834 2238 explorando
851 2205 970 2239 excipia-

185 2258 257 2281 mus,
279 2250 325 2277 5rd
344 2254 373 2276 ut
393 2249 576 2284 ponderautes
599 2249 777 2283 pronuntiata
803 2249 912 2277 illorum
925 2251 971 2285 qui

184 2297 390 2330 colloquuntur,
405 2301 432 2322 et
448 2298 562 2322 eventus
579 2293 727 2326 factorum.
743 2295 776 2322 ad
798 2295 901 2329 justam
924 2305 972 2331 po—

184 2344 239 2370 tius
255 2342 473 2377 propendeamus
493 2341 637 2368 trutinato.
654 2341 769 2368 Aurium
784 2343 857 2368 enim
875 2347 903 2369 et
918 2341 970 2369 lin-

184 2397 298 2425 guarum
326 2395 456 2423 magnum
486 2387 623 2422 quoddam
648 2388 801 2422 periculum
818 2393 880 2416 est:
908 2397 970 2416 cum

182 2437 310 2470 exiguum
328 2435 364 2461 sit
378 2434 532 2461 membrum
553 2433 643 2468 lingua
654 2453 661 2464 ,
678 2434 811 2460 mendacii
828 2439 854 2461 et
870 2437 970 2462 verita-

182 2482 227 2510 tis.
257 2481 298 2508 V’el
320 2482 410 2514 potius
428 2480 525 2507 salutis
549 2484 577 2506 et
603 2479 764 2514 perditionis
785 2485 827 2507 est
851 2480 968 2513 oﬂicina,

182 2527 285 2561 Lingua
299 2534 355 2552 mea
373 2525 493 2553 calamus
522 2525 617 2552 scribae
642 2526 765 2552 velociter
785 2527 923 2554 scribentis
935 2527 969 2560 ⁸⁵,

181 2578 207 2600 et
222 2583 228 2600 :
247 2572 350 2608 Lingua
368 2580 424 2599 mea
449 2572 573 2606 loquetur
584 2572 733 2606 justitiam,
758 2572 847 2606 inquit
862 2572 970 2600 divino-

181 2626 241 2644 rum
257 2621 352 2644 aut-tor
367 2617 521 2644 carminum
536 2617 576 2650 “;
591 2622 618 2644 et
634 2617 705 2644 idem
724 2625 820 2645 rursus
833 2626 841 2645 :
856 2617 967 2653 Linguis

181 2665 235 2691 suis
252 2664 342 2690 dolose
355 2663 470 2698 agebant
481 2663 503 2678 "
517 2672 526 2693 ς
541 2667 569 2690 et
582 2672 588 2690 :
604 2662 708 2698 Lingua
723 2671 812 2690 earum
831 2664 900 2690 sicut
914 2673 969 2692 ser-

217 2721 237 2736 "
255 2720 310 2747 Jer.
327 2729 365 2752 ut.
380 2720 425 2747 2i.
464 2720 486 2736 “
502 2719 629 2754 Matth.v,
647 2721 693 2749 28.
713 2721 737 2737 ⁸³
755 2721 805 2749 Jul)
829 2730 878 2755 xu,
895 2723 937 2749 Η.

183 2756 203 2772 δ”
217 2755 288 2782 Paul.
307 2764 368 2788 xm,
387 2757 413 2783 3.

200 2849 204 2853 .
217 2812 415 2854 (93)_I‘t'r80'6_e
431 2814 546 2854 τραπεζῖ
563 2814 601 2842 De
616 2815 669 2842 hoc
684 2815 784 2854 celebri
803 2815 890 2854 dicto,
903 2825 970 2854 nus-

180 2851 252 2884 piam
277 2851 303 2884 in
332 2851 419 2876 sacris
438 2851 548 2877 Litteris
572 2854 718 2881 exstante,
744 2852 821 2884 plura
848 2851 908 2877 vide
932 2852 970 2879 sis

180 2883 252 2919 apud
270 2883 434 2910 Cotelerimn
456 2885 489 2912 ad
505 2884 618 2912 Constit.
633 2886 724 2919 Apost.
741 2883 786 2912 lib.
803 2892 834 2918 tt,
850 2893 911 2922 cap.
924 2886 969 2919 56,

735 114 762 142 S.
783 113 934 142 CAESAR”
954 112 1119 141 GREGOR“
1138 113 1290 141 FRATRIS

975 2723 998 2740 “
1017 2724 1090 2754 Psal.
1109 2733 1135 2758 c,
1157 2725 1184 2753 5.

1755 115 1824 143 ωδε

1028 174 1116 209 ροῦσι,
1132 174 1178 200 τὸν
1194 173 1316 208 φλογμὸν
1329 172 1376 199 τοῦ
1394 173 1470 208 ἡλίου
1483 173 1730 209 διαρῤιπιζόμενοι.
1749 174 1792 203 Τὰ
1803 174 1826 200 δ’

1026 218 1096 244 αὐτὰ
1110 216 1165 245 οἷον
1177 219 1205 244 οε
1211 218 1293 254 ρῶσιν
1306 218 1541 253 καταπετάσματα
1550 218 1640 244 αὐτῶν
1651 218 1825 253 ὑπάρχοντα,

1026 263 1197 290 ἐκκλίνουσιν
1226 264 1272 290 τὸν
1289 264 1338 299 τῆς
1355 263 1504 294 ἀκολασίας
1533 263 1662 290 θάνατον·
1682 264 1712 290 ὃν
1740 265 1826 300 Ἰερε-

1028 309 1092 344 μίας
1115 309 1129 335 ὁ
1148 309 1201 336 τῶν
1220 310 1367 345 προφητῶν
1394 309 1585 341 πολυκίνδυνος
1601 310 1825 345 μαρτυρόμενος,

1028 356 1120 390 φησὶν,
1130 355 1232 388 Ἀνέϐη
1250 355 1378 388 θάνατος
1393 356 1443 382 διὰ
1459 355 1518 382 τῶν·
1529 356 1667 389 θιῳίδων.
1685 357 1724 383 Οὐ
1743 357 1826 391 μόνον

1027 402 1082 436 γὰρ
1106 401 1137 427 τὸ
1158 401 1237 436 σῶμα
1259 402 1416 436 ἀνέπαφον,
1430 402 1497 428 ἀλλὰ
1526 403 1572 428 καλ¹
1590 402 1639 433 τὰς
1662 402 1744 437 βολὰς
1769 403 1825 430 τῶν

1027 447 1175 482 ὀφθαλμῶν
1193 448 1233 474 δεῖ
1246 447 1424 482 παρθενεύειν
1448 449 1494 475 καὶ
1509 449 1642 484 μηδαμῶς
1661 449 1825 484 ἐπιτρέπειν

1028 493 1125 525 αὑταῖς
1141 493 1257 525 ἀναιδῶς
1283 495 1407 530 ὲφορμᾷν
1424 495 1470 520 καὶ
1487 494 1676 529 παρίπτασθαι
1699 497 1757 526 τοίς
1778 495 1825 522 ἁλ-

1029 539 1143 575 λοτρὶοις
1159 539 1283 567 κάλλεσιν
1296 560 1303 572 ,
1324 541 1368 566 ἶνα
1394 540 1431 575 μὴ
1446 541 1500 566 ἀπὸ
1525 543 1574 575 τῆς
1603 540 1666 572 θέας
1680 561 1686 571 ,
1709 543 1757 567 ἐπὶ
1774 542 1824 576 τὴν

1029 585 1129 620 πρᾶξιν
1154 586 1330 621 ὁρμήσωμεν.
1349 586 1429 613 Κατά
1455 587 1510 622 γὰρ
1529 587 1577 622 τὴν
1605 587 1773 622 θεηγορίαν,
1798 589 1824 614 Ὀ

1029 631 1181 666 ἐμϐλέψας
1193 633 1309 667 γυναικὶ
1324 634 1397 666 πρὸς
1408 634 1441 660 τὸ
1453 633 1634 668 ἐπιθυμῆσαι
1646 634 1753 667 αὐτὴν.
1764 634 1823 669 ἤδη

1029 678 1208 712 ἐμοίχευσεν
1232 678 1331 712 αὐτὴν
1343 679 1377 705 ἐν
1397 679 1435 713 τῇ
1461 680 1567 713 καρδίᾳ
1593 680 1699 707 αὐτοῦ.
1715 681 1824 716 Παρθε·

1030 723 1118 750 νεύειν
1134 722 1180 750 οὖν
1195 724 1247 760 χρὴ
1266 724 1315 756 τὰς
1333 725 1416 760 κόρας
1431 725 1484 751 τῶν
1501 725 1657 761 ὀφθαλμῶν,
1672 726 1823 762 ἰσωνυμίαν

1031 770 1084 796 τῶν
1100 770 1241 805 παρθένων
1255 771 1452 806 τετιμημένας.
1468 771 1602 803 Πολλάκις
1616 771 1671 808 γὰρ
1685 774 1701 808 ἡ
1717 773 1824 809 ἐμπαρ-

1032 816 1179 843 θενεύουσα
1201 819 1257 849 τοῖς
1273 817 1418 853 βλεφάροις
1436 818 1504 854 κόρη
1517 839 1525 850 ,
1541 820 1573 854 τῇ
1587 819 1713 855 διαστολῇ
1730 820 1822 847 αὐτῶν

1031 864 1078 890 καὶ
1098 864 1197 899 εαυτῆς
1216 866 1402 900 περιστροφῇ,
1424 864 1512 900 νεῦμα
1526 866 1573 892 καὶ
1591 866 1680 901 νόημα
1694 867 1822 902 πορνείας

1030 910 1060 936 τὸ
1075 910 1204 945 ἄντικρυς
1223 911 1342 945 ἐγένετο.

1065 1002 1184 1030 Κολοδὸν
1199 1004 1231 1029 ἐκ
1257 1003 1366 1030 πάντων
1381 1004 1460 1039 ἡμῶν
1474 1004 1527 1030 τῶν
1548 1004 1637 1039 μελῶν
1659 1005 1690 1031 τὸ
1714 1003 1762 1037 οὖς
1778 1014 1823 1032 κε-

1029 1049 1187 1085 χάλκευται,
1203 1050 1269 1076 ἀλλὰ
1284 1050 1330 1076 καὶ
1345 1051 1411 1077 αὐτὸ
1424 1050 1567 1086 διακοσμεῖ
1582 1051 1613 1078 τὸ
1630 1052 1822 1087 περικείμενον

1029 1095 1179 1131 κύμῧαλον,
1198 1096 1245 1122 καὶ
1263 1097 1343 1132 μόνον
1356 1098 1405 1132 τῆς
1419 1097 1600 1133 δημιουργίας
1617 1097 1758 1133 θαρῤεῖται
1776 1097 1821 1125 τοῦ

1029 1142 1097 1169 Θεοῦ
1127 1143 1282 1178 μυστήρια,
1303 1143 1458 1175 ὲλικοειδῶς
1486 1144 1660 1179 ἐκτορνευθὲν
1689 1145 1724 1171 δι’
1749 1145 1820 1176 ὅλου,

1028 1188 1098 1215 ὥστε
1118 1189 1154 1224 μὴ
1172 1189 1268 1216 θᾶττον
1286 1189 1417 1216 είσδύνειν
1431 1190 1477 1216 τὸν
1492 1190 1570 1225 λόγον
1581 1210 1587 1220 ,
1602 1190 1658 1217 ἀλλ’
1675 1193 1704 1218 ἐν
1721 1192 1821 1218 πλείονι

1027 1236 1116 1272 χρόνῳ
1132 1236 1328 1271 ἐλαττουμένου
1341 1238 1374 1272 τῇ
1389 1237 1483 1272 τορείᾳ
1497 1237 1543 1263 ἐπὶ
1555 1237 1585 1263 τὸ
1600 1237 1682 1272 βάθος
1694 1238 1743 1273 τὴν
1756 1239 1821 1274 ὕλην

1027 1282 1074 1308 τοῦ
1103 1282 1234 1316 ψεύδους,
1255 1282 1312 1318 ἅμα
1339 1283 1393 1309 τῶν
1421 1283 1470 1318 τῆς
1488 1284 1655 1319 κατηγορίας
1677 1285 1820 1312 σκυεὰλων

1027 1328 1260 1363 προσκαταλεῖψαι
1276 1330 1336 1360 ταῖς
1363 1329 1466 1364 ὄχθαις.
1489 1329 1602 1365 Ἀρετῆς
1625 1331 1681 1366 γὰρ
1700 1330 1748 1357 τοῦ
1772 1332 1819 1366 μὲν

1027 1374 1177 1410 φράζοντος
1195 1376 1231 1410 μὴ
1248 1375 1443 1410 ψευδηγορεῖν,
1458 1375 1504 1402 τοῦ
1531 1376 1559 1402 δὲ
1578 1376 1724 1409 ἀκούοντος
1747 1378 1819 1404 δοκι-

1028 1419 1125 1455 μάζειν
1145 1420 1180 1446 τὰ
1204 1420 1350 1455 φάσματα,
1367 1421 1392 1446 εἰ
1419 1420 1502 1455 μηδὲν
1530 1422 1721 1456 προσπαϐείας
1738 1423 1819 1454 πάθος

1026 1465 1204 1501 ἐγκέκραται.
1228 1466 1260 1492 Ἡ
1283 1466 1332 1501 μὲν
1355 1466 1410 1501 γὰρ
1433 1467 1482 1493 οὐκ
1501 1466 1628 1499 ὀξυωπεῖ,
1653 1469 1669 1503 ἡ
1696 1468 1725 1495 δὲ
1752 1469 1819 1500 ὅλως

1026 1512 1074 1546 οὐχ
1093 1512 1143 1547 ὁρᾷ
1156 1520 1163 1527 ⁸
1180 1513 1203 1538 εί
1219 1512 1241 1538 δ’
1258 1512 1391 1548 ὁποτέρας
1417 1512 1492 1548 λώῦῃ
1515 1514 1530 1539 ὁ
1555 1513 1632 1548 λόγος
1645 1514 1817 1551 διέφθαρται,

1028 1557 1066 1592 τῷ
1090 1558 1119 1583 ἐν
1134 1559 1201 1593 ἡμῖν
1217 1558 1350 1594 κριτηρίῳ
1370 1558 1421 1593 τῆς
1442 1559 1562 1591 διανοίας
1579 1562 1714 1596 τιμωρεῖν
1740 1561 1819 1588 αὐτὴν

1029 1604 1077 1630 καὶ
1089 1604 1215 1637 ἁποξὲειν
1230 1605 1279 1639 τῆς
1299 1605 1409 1638 κακίας,
1426 1606 1505 1632 οἱονεὶ
1525 1606 1615 1642 δημίῳ
1636 1608 1670 1642 τῇ
1693 1607 1817 1642 ἀληθεία.

1028 1653 1113 1679 Ίόὖτο
1130 1653 1185 1687 γὰρ
1213 1651 1378 1678 παιδεύουσα
1400 1653 1416 1686 ὴ
1446 1651 1518 1678 κατὰ
1535 1653 1580 1678 τὸν
1605 1652 1750 1680 θεσπέσιον
1776 1654 1819 1679 καὶ

1026 1699 1214 1734 ἀνδρειότατον
1240 1696 1393 1732 ἀγωνιστὴν
1412 1697 1473 1723 Ὶὼὸ
1500 1697 1604 1731 ἱστορία
1620 1698 1702 1732 φησίν
1716 1707 1723 1713 ·
1741 1698 1819 1731 Νοῦς

1023 1745 1082 1780 μὲν
1095 1744 1143 1772 καὶ
1161 1742 1215 1776 οὖς
1231 1744 1350 1778 ῥήματα
1364 1743 1526 1778 διακρίνει,
1548 1743 1661 1779 λάρυγξ
1691 1744 1726 1770 δὲ
1751 1744 1819 1771 σῖτα

1025 1790 1320 1826 γεὺεται.Συμφώνως
1338 1790 1366 1816 δὲ
1386 1785 1588 1825 τούτῳᾋαϐὶδ,
1619 1792 1633 1817 ὀ
1659 1791 1715 1818 τῶν
1742 1791 1818 1818 θείων

1028 1836 1158 1872 μελῳδὸς,
1168 1836 1245 1871 φησί·
1261 1835 1317 1862 Τὸν
1331 1835 1559 1863 καταλαλοῦντα
1571 1835 1665 1870 λάθρα
1676 1837 1731 1863 τοῦ
1744 1839 1819 1871 πλη-

1026 1883 1096 1909 σίον
1117 1882 1227 1913 αὐτοῦ,
1250 1881 1359 1908 τοῦτον
1373 1881 1544 1913 ἐξεδίωκον.
1573 1881 1602 1908 '0
1625 1882 1652 1908 δὲ
1675 1881 1730 1908 τῶν
1752 1882 1817 1908 ὅλων

1025 1929 1092 1960 Θεὸς
1110 1928 1165 1955 τῶν
1190 1928 1304 1955 οἰκετῶν
1333 1927 1542 1964 ἑπισφραγίξων
1568 1927 1603 1954 τὰ
1633 1929 1764 1963 ῥήματα,
1790 1929 1816 1954 ἐν

1026 1974 1201 2008 Εὐαγγελίοις
1218 1974 1302 2008 φησὶ,
1329 1974 1457 2000 Γίνεσθε
1482 1973 1648 2007 τραπεζῖται
1665 1975 1720 2008 (95)
1738 1975 1815 2001 δόκι-

1022 2027 1073 2053 μοι
1085 2039 1092 2050 ,
1117 2018 1323 2052 διακρίνοντες
1343 2019 1378 2045 ἐκ
1400 2017 1453 2045 τοῦ
1474 2017 1598 2053 δοκίμου
1614 2019 1648 2045 τὸ
1663 2019 1814 2054 κίϐδηλον.

1025 2064 1080 2099 οὐχ
1109 2064 1151 2090 ἵνα
1171 2063 1249 2099 δίκην
1277 2064 1331 2090 τῶν
1355 2063 1524 2091 κολυῦιστῶν
1550 2066 1745 2100 κομπήσαντες
1771 2066 1815 2092 τὸν

1024 2109 1090 2146 ἦχον
1107 2109 1265 2146 δεξώμεθα,
1293 2110 1350 2136 ἀλλ’
1368 2111 1411 2136 ἵνα
1438 2110 1631 2146 σταθμίζοντες
1646 2112 1697 2143 τὰς
1713 2113 1815 2146 ἀποφά-

1026 2166 1083 2189 σεις
1099 2157 1153 2183 τῶν
1170 2157 1440 2192 προσδιαλεγομένων
1452 2178 1459 2190 ,
1475 2158 1522 2183 καὶ¹
1548 2158 1597 2189 τὰς
1620 2158 1750 2190 ἐκϐάσεις
1764 2159 1815 2184 τῶν

1027 2203 1222 2239 πραττομένων
1244 2223 1251 2234 ,
1272 2204 1317 2229 ἐπὶ
1351 2203 1400 2239 τὴν
1430 2203 1536 2230 δικαίαν
1563 2204 1664 2238 μᾶλλον
1691 2205 1814 2239 ῥέψωμεν

1027 2250 1192 2284 πλάστιγγα.
1213 2250 1296 2276 Ὡτῶν
1323 2250 1378 2285 γὰρ
1409 2251 1456 2276 καὶ
1474 2250 1602 2284 γλωττῶν
1627 2250 1713 2282 πολύς
1739 2260 1780 2282 τις
1800 2251 1813 2276 2‘

1025 2295 1166 2328 κίνδυνος,
1196 2296 1283 2331 βραχὺ
1310 2296 1469 2330 ὑπάρχουσα
1502 2295 1602 2330 μέλος,
1629 2295 1745 2330 ψεύδους
1770 2297 1814 2323 καὶ

1025 2341 1153 2376 ἀληθείας
1164 2341 1200 2377 ,ἢ
1218 2341 1316 2376 μᾶλλον
1338 2341 1475 2377 σωτηρίας
1490 2341 1538 2367 καὶ
1558 2341 1697 2373 ἀπωλείας
1718 2342 1814 2377 tur/ﬁ-

1024 2396 1108 2415 νουσα
1144 2389 1335 2424 ἐργαστήριον.
1371 2389 1406 2415 Ἡ
1436 2388 1563 2424 γλῶσσά
1591 2399 1650 2424 μου
1682 2390 1813 2425 κάλαμος

1024 2435 1216 2470 ψαμματέως
1239 2435 1411 2470 ὀξυγράεσου
1427 2455 1434 2467 ,
1452 2436 1520 2468 καὶ,
1546 2436 1577 2462 Ἡ
1601 2435 1728 2470 γλῶσσά
1757 2445 1813 2472 μου

1023 2482 1153 2515 ,λαλήσει
1170 2482 1378 2515 δικαιοσύνην,
1396 2483 1476 2517 φησὶν
1489 2484 1502 2508 ὀ
1519 2482 1573 2509 τῶν
1591 2483 1671 2509 θείων
1687 2483 1810 2518 μελῳδὸς.

1024 2529 1079 2555 Καὶ
1091 2528 1172 2555 πάλιν
1183 2529 1197 2555 ὁ
1212 2528 1293 2560 αὐτὸς
1301 2549 1309 2561 ,
1327 2528 1393 2562 Ταῖς
1405 2529 1560 2563 γλώσσαις
1569 2529 1669 2556 αὐτῶν
1681 2530 1806 2557 ἐδολιοῦ-

1023 2583 1094 2606 oar,
1111 2575 1160 2602 καὶ
1175 2575 1194 2608 ή
1209 2574 1335 2608 γλῶσσα
1348 2574 1448 2601 αὐτῶν
1458 2575 1529 2602 ὡσεὶ
1544 2574 1652 2609 ὄφεως,
1667 2575 1712 2608 ὶύς
1726 2576 1810 2602 ἀσπί-

1023 2621 1084 2648 δων
1103 2621 1163 2648 ὑπὸ
1178 2620 1214 2647 τὰ
1228 2621 1314 2655 χείλη
1329 2620 1437 2648 αὐτῶν.
1452 2620 1608 2656 Συμφώνως
1624 2621 1653 2647 δὲ
1667 2621 1708 2657 τῷ
1731 2621 1809 2657 πατρὶ

1022 2669 1036 2694 ὁ
1064 2667 1118 2694 τῶν
1145 2667 1225 2694 Θείων
1248 2668 1329 2702 σοφὸς
1356 2667 1482 2703 Σολομὼν
1507 2676 1592 2703 φησι,
1609 2668 1677 2702 Ζωὴ
1695 2669 1752 2704 γὰρ
1765 2669 1808 2696 καί

1224 2726 1246 2741 ⁸⁸
1261 2724 1335 2752 Psal.
1355 2733 1429 2758 xmv,
1449 2725 1476 2753 2.
1515 2726 1539 2741 ⁸⁸
1562 2724 1635 2753 Psal.
1658 2734 1753 2755 nxtv.
1767 2726 1806 2754 52.

1024 2817 1070 2851 qui
1087 2821 1114 2843 et
1128 2815 1193 2851 illud
1206 2815 1276 2843 inter
1294 2815 1345 2842 alia
1358 2815 1445 2843 multa
1460 2815 1599 2848 observat,
1615 2816 1689 2843 hunc
1701 2816 1806 2844 (ἐκητῆ

1024 2850 1114 2879 locum
1125 2859 1157 2877 et
1173 2850 1284 2887 Palladii
1298 2851 1335 2877 De
1351 2851 1406 2877 rita
1422 2850 1603 2887 Cltrysostomi
1627 2859 1688 2885 cap.
1701 2852 1728 2882 ι.
1742 2852 1806 2880 scri-

1025 2887 1112 2921 ptoris
1127 2886 1247 2914 Caesario
1263 2886 1434 2919 recentioris,
1452 2885 1536 2915 fuissc
1554 2886 1683 2915 cilicium.
