1907 3043
104 129 173 156 {iiii

107 189 236 219 θάνατος
255 187 291 213 ἐν
312 185 388 222 χειρὶ
406 185 550 220 γλώσσης
564 193 570 199 “
592 185 693 211 ὡσανεὶ
722 185 782 212 ἀντὶ
808 183 899 220 χειρὸς

106 235 152 262 τὸν
163 234 254 268 λόγον,
268 233 329 259 ἀντὶ
341 233 480 266 φασγάνου
492 232 537 258 τὸν
548 231 634 263 δόλον,
647 231 730 265 φονέα
746 231 897 265 παριστῶν,

107 279 154 305 καὶ
169 279 198 304 ὲν
217 279 266 313 μιᾷ
286 277 375 312 μερίδι
391 277 437 303 τὸν
450 276 612 312 ἀνδροφόνον
629 276 676 303 καὶ
694 276 739 302 τὸν
752 275 837 302 δόλιον
847 295 854 307 ,
869 276 900 302 τὸ

104 325 184 351 Θεῖον
208 323 361 358 ἐῲηφίσατο
373 343 380 353 ,
399 322 489 353 καθώς
506 330 572 356 φησι
588 322 633 348 διὰ
649 321 696 348 τοῦ
714 322 831 356 μεγάλου
847 323 899 348 Δα-

105 370 160 399 ἂδ,
177 369 290 403 ’Ἄνδρα
305 368 434 403 αἱμάτων
449 368 497 394 καὶ
513 368 616 395 δόλιον
625 368 898 400 ,βδελύσσεταιΚύ-

101 424 180 450 ριος.
207 416 235 441 ’0
248 416 276 442 δὲ
298 414 357 449 Θεῷ
373 415 514 450 βδελυκτὸς
532 414 639 446 πάντως
655 415 701 441 καὶ
724 415 877 450 τιμωρητός
890 423 897 429 ·

103 461 143 493 ὡς
160 461 174 487 ὁ
189 461 375 497 παραῤῥιφεὶς
392 461 499 496 σίδηρος
511 460 563 487 ὑπὸ
576 460 623 487 τοῦ
640 460 679 487 ίοῦ
693 460 898 496 δαπανώμενος,

104 508 154 534 καὶ
171 507 248 539 ξύλον
267 507 283 542 ἦ
299 506 380 542 ἐσθὴς
396 506 507 542 ῥυπαρὰ
518 506 685 542 τυγχάνοντα
702 507 749 533 καὶ
769 506 900 542 βδελυκτὰ

103 551 145 587 τῷ
162 552 279 587 δεσπότῃ
297 552 350 578 ὑπὸ
369 552 415 578 τοῦ
440 552 600 587 ἐγκειμένου
617 552 727 586 αἴσχους
750 552 899 587 καταφθεί-

105 607 186 634 ρεται
198 607 204 613 ·
217 598 232 633 ἦ
251 598 345 633 ὥσπερ
360 596 432 629 οἶκος
447 599 479 633 τῇ
492 597 684 632 ἐγκαταλείψει
700 597 745 624 τοῦ
765 597 900 624 ἐνοικοῦν-

102 653 151 677 τος
179 644 366 681 ἐρημούμενος
391 644 461 671 κατὰ
484 643 565 679 μέρος
582 644 721 679 φθείρεται
734 653 741 659 ·
756 645 901 680 παραπλη-

105 691 175 722 σίως
193 699 238 726 μοι
254 691 328 716 δοκεῖ
347 691 393 717 καὶ
419 690 514 726 βροτὸς
541 689 600 725 Θεῷ
614 689 758 724 pastum;
782 691 814 726 τῇ
840 690 900 726 θεία

103 737 268 771 ἀποστροφῇ
296 735 348 762 ὑπὸ
372 735 426 761 τῶν
453 735 664 771 ὲγκεκραμένων
699 736 774 771 αὐτῴ
805 735 899 762 κακῶν

104 782 279 817 κακούμενος
312 781 512 817 τιμωρεῖσθαι,
541 781 591 817 τῆς
617 782 802 816 ἀποφάσεως,
831 781 897 816 τῆς,

108 828 273 856 ’Λπέλθετε
289 829 338 854 ἀπ’
359 827 443 861 ἐμοῦ,
455 829 481 854 ol
497 827 704 861 κατηραμένοι,
723 828 767 860 εις
791 827 824 853 τὸ
840 827 899 861 πῦρ

102 874 138 900 τὸ
154 872 279 900 αἰώνιον
291 893 298 904 ,
316 873 490 908 καταλλήλως
513 872 567 899 τῶν
589 873 790 908 ἡμαρτημένων
813 874 900 908 ἐμπε-

104 920 209 955 σούσης
227 921 283 951 τοῖς
302 919 505 954 ἀκουσομένοις.
518 919 586 946 Τότε
598 920 661 951 τοὺς
684 919 734 954 μὲν
747 920 829 946 οἱονεὶ
851 919 899 946 ἄν-

105 967 176 1002 θραξ
206 967 234 992 ὲν
253 965 365 1001 ἀχύροις
388 964 517 1000 ἐμπεσὼν
539 967 684 1000 διασμήχει
697 966 745 992 καὶ
761 965 899 1000 διαφλέγει

102 1012 243 1044 αἰωνίως,
260 1012 328 1047 μήτε
351 1010 500 1046 φθείρουσα
512 1031 519 1043 ,
539 1011 608 1046 μήτε
625 1010 791 1047 φθειρομένη
810 1012 855 1038 διὰ
869 1012 899 1039 τὸ

104 1059 264 1093 ἀφθάρτους
277 1057 351 1092 ἡμᾶς
363 1057 395 1083 ἐκ
409 1057 504 1092 τάφων
525 1056 702 1084 ἀνίστασθαι·
720 1057 782 1089 τοὺς
801 1057 849 1093 μὲν
863 1058 901 1085 δι-

104 1105 204 1135 καίους
223 1105 251 1129 ὲν
265 1103 340 1138 ἀδείᾳ
355 1103 403 1130 καὶ
430 1103 600 1135 ἀναπαύσει,
621 1103 668 1130 καὶ
692 1103 767 1139 πάσῃ
792 1104 902 1139 ἐξουσίᾳ.

107 1150 200 1184 μένειν
217 1149 374 1183 ἀφθάρτους
400 1148 624 1181 διαιωνίζοντας,
646 1149 710 1181 τοὺς
731 1149 759 1176 δὲ
778 1150 902 1185 ἁμαρτή-

106 1204 208 1226 σαντας
223 1195 341 1226 αἱωνίως
354 1194 587 1230 τιμωρουμένους,
605 1194 641 1230 μὴ
657 1195 824 1231 φθείρεσθαι,
834 1195 901 1222 ἀλλὰ

104 1243 245 1277 περιεῖναι
257 1242 286 1267 ὲν
301 1242 358 1273 τοῖς
371 1241 573 1276 ἀφωρισμένοις
587 1241 692 1274 τόποις,
707 1242 900 1277 ἀσχάλλοντας,

106 1286 318 1322 ἀμηχανοῦντας
329 1307 336 1317 ,
352 1286 568 1322 ἀδημονοῦντας,
586 1286 736 1321 ἀλγοῦντας
750 1308 757 1320 ,
772 1287 902 1324 ὀλοφυρο-

109 1334 224 1367 μένους,
238 1333 421 1369 τρυχομένους
431 1353 439 1364 ,
455 1333 626 1365 κωκύοντας,
642 1333 833 1369 δακνομένους,
851 1334 903 1360 τιλ-

107 1379 241 1414 λομένους
253 1398 261 1409 ,
280 1379 463 1410 ἀλαλάζοντας
475 1399 482 1411 ,
501 1378 718 1414 ἀραττομένους,
743 1379 824 1414 μηδὲν
846 1379 903 1406 λοιε

107 1425 159 1452 πον
174 1424 399 1459 δυναμένους,τὸν
411 1423 460 1451 νῦν
485 1424 580 1460 καιρὸν
609 1424 657 1459 τῆς
673 1425 816 1460 μετανοίας
832 1433 902 1462 παρ-

106 1471 269 1506 ωσαμένους
282 1491 289 1501 ,
302 1472 358 1501 τοῖς
370 1469 508 1505 δεομένοις
522 1470 557 1496 τὰ
579 1469 691 1503 ἑαυτῶν,
708 1471 813 1502 ἑαυτοῖς
829 1471 857 1497 δὲ
870 1471 903 1497 τὰ

106 1517 154 1544 τοῦ
175 1515 245 1542 Θεοῦ
260 1516 403 1550 σπλάγχνα
418 1514 642 1546 ἁποκλείσαντας.
656 1516 797 1547 Ἀγέλεως
813 1516 867 1550 γὰρ
882 1516 901 1550 ἠ

107 1564 212 1597 κρίσις
240 1562 280 1595 τῷ
301 1561 344 1597 μὴ
375 1561 536 1595 ποιήσαντι
562 1562 665 1595 ἕλεος,
692 1563 775 1597 φησὶν
798 1564 815 1598 ὴ
844 1563 903 1589 θεία

107 1611 184 1644 φωνή
197 1617 204 1624 ·
221 1610 276 1640 τοῖς
297 1608 326 1634 δὲ
343 1609 390 1635 καὶ
403 1608 498 1639 σκότος
510 1610 538 1634 ὲν
552 1608 696 1644 ἑξωτέροις
719 1609 837 1636 ἐλαύνων
859 1609 903 1635 τό-

107 1664 169 1687 ποις
185 1656 204 1690 ὴ
231 1654 278 1681 τοῦ
303 1654 396 1690 κριτοῦ
410 1654 548 1688 ἀπόφασις
572 1655 698 1689 γίνεται,
716 1655 778 1686 τοὺς
801 1655 903 1686 αἰτίους

110 1699 285 1735 ματτιγοῦσα
302 1700 349 1725 καὶ
371 1699 551 1732 ἐξελαύνουσα
563 1708 570 1714 ·
589 1699 627 1731 ὡς
654 1701 670 1734 ὴ
689 1700 749 1726 κατ’
766 1700 903 1734 Αἴγυπτον

109 1744 219 1780 ἱστορία
235 1743 376 1770 παιδεύει·
409 1745 473 1779 μιᾶς
500 1744 548 1779 μὲν
578 1745 724 1780 γινομένης
751 1746 801 1781 τῆς
829 1746 904 1778 θείας

107 1792 296 1826 ἀποφάσεως,
330 1791 505 1826 καταλλήλως
539 1791 567 1818 δὲ
593 1793 626 1827 τῇ
661 1793 819 1827 προαιρέσει
848 1793 904 1819 τῶν

108 1837 265 1863 ἀκουόντων
284 1837 509 1873 ἀρμοττομένης·
535 1839 702 1872 Αἰγυπτίους
731 1840 781 1875 μὲν
807 1841 836 1866 ὲν
865 1840 904 1876 τῷ

108 1884 210 1920 Φαραὼ
228 1884 397 1918 τιμωροῦσα,
418 1884 588 1920 Ἰσραηλίτας
610 1885 637 1912 δὲ
652 1885 691 1921 τῷ
705 1887 800 1913 Μωσεῖ
811 1887 904 1914 διασώ-

108 1930 204 1961 ζουσα.
217 1930 280 1961 Τοῖς
299 1930 348 1965 μὲν
363 1930 417 1965 γὰρ
435 1931 558 1965 φοινίξας
579 1931 625 1957 τὸν
645 1932 740 1958 Νεῖλον
762 1931 831 1968 αἷμα
855 1934 905 1960 ἀπ-

107 1973 194 2007 έδειξε
210 1974 280 2009 πρὸς
300 1975 437 2011 τιμωρίαν
462 1975 572 2010 δίψους,
596 1978 653 2008 τοῖς
676 1977 706 2003 δὲ
727 1976 799 2013 ὕδωρ
812 1978 904 2005 ἄϊκτον

109 2020 191 2054 φύσιν
204 2020 340 2055 ἐφύλαξε,
362 2022 418 2053 τοῖς
436 2022 484 2056 μὲν
498 2021 529 2048 τὸ
552 2023 682 2058 ἡμερινὸν
700 2024 766 2058 φάος
788 2025 828 2056 εἱς
843 2025 905 2051 σκό-

109 2075 153 2098 τος
167 2067 330 2102 ψηλαφητὺν
344 2067 494 2103 μετέστησε
508 2087 516 2100 ,
528 2070 585 2100 τοῖς
599 2069 627 2095 δε
649 2069 695 2096 ἐπὶ
711 2071 767 2101 τοῖς
781 2070 853 2106 ὅροις
874 2070 905 2097 τὺ

110 2114 167 2147 φῶς
183 2113 337 2147 διεφύλαξε·
352 2115 407 2145 τοῖς
424 2115 471 2149 μὲν
484 2114 513 2141 τὸ
534 2115 691 2150 Ἐρυθραῖον
705 2116 822 2150 πέλαγος
837 2117 905 2153 πρὸς

109 2159 236 2186 διαόασιν
258 2159 442 2194 διεχέρσωσε,
469 2162 525 2192 τοῖς
553 2161 581 2187 δὲ
609 2161 675 2188 αὐτὸ
702 2163 903 2197 ὲπισυνάψασα,

109 2205 233 2240 οἴχεσθαι
250 2205 430 2240 ὐποῦρυχίους
445 2205 598 2242 φθαρέντας
609 2207 748 2235 κατέλιπε.
759 2208 905 2243 Παραπλη-

110 2251 175 2283 σίως
189 2251 237 2278 καὶ
260 2252 306 2277 ἐπὶ
324 2251 374 2286 τῆς
390 2251 568 2278 Βαϐυλωνίων
582 2253 697 2288 καμίνου
709 2273 716 2285 ,
745 2255 809 2288 μιᾶς
827 2255 903 2289 ἐνερ-

109 2299 212 2333 γούσης
243 2298 423 2332 ἀποφάσεως,
449 2299 474 2325 οἱ
504 2298 553 2333 μὲν
576 2301 650 2335 τρεῖς
671 2299 790 2336 Ἐὸραῐοι
809 2301 904 2333 παῖδες

110 2346 193 2371 οἱονεὶ
207 2346 237 2371 ἐν
253 2344 323 2381 μέσῃ
333 2345 421 2380 δρόσῳ
434 2346 466 2380 τῇ
483 2345 562 2380 φλογὶ
578 2345 732 2382 διέσκαιρον
746 2347 903 2382 ὑμνοῦντες,

110 2392 134 2418 οἱ
145 2391 174 2418 δὲ
185 2393 221 2426 τῇ
234 2390 352 2427 ὑποϐολῇ
369 2391 418 2426 τῆς
433 2391 499 2427 ὕλης
512 2392 711 2427 ὑποτρέφοντες
724 2393 772 2419 καὶ
786 2394 832 2420 ἐπὶ
846 2402 905 2420 τεσ-

112 2437 267 2473 σαράκοντα
279 2437 356 2464 ὲννέα
375 2438 474 2472 πήχεις
491 2437 672 2473 κορυφοῦντες
683 2438 732 2474 τὴν
744 2439 840 2473 φλόγα,
857 2440 903 2466 ὑπ’

112 2484 197 2518 αὐτῆς
211 2483 309 2510 θᾶττον
327 2483 407 2518 μέχρι
422 2484 523 2516 κόνεως
535 2484 768 2519 κατεφλέχθησαν.
787 2486 903 2521 Ὀμοίως

110 2529 139 2555 δὲ
153 2530 201 2555 καὶ.
217 2529 266 2563 τὴν
285 2529 382 2564 χέρσον
407 2529 485 2563 ἴσμεν
509 2528 548 2564 τῷ
562 2529 627 2565 θείῳ
637 2530 802 2566 πειθομένην
817 2540 903 2568 προσ-

111 2575 243 2610 τάγματι,
260 2575 424 2609 διασχοῦσαν
440 2575 486 2602 τὸν
502 2575 591 2602 Δαθὰν
623 2577 669 2603 καὶ
690 2577 821 2613 ¹Αὸειρὼν
836 2579 904 2613 πρὸς

111 2621 247 2656 τιμωρίαν
271 2621 501 2654 ὲνυποδέξασθαι,
526 2622 589 2654 τοὺς
615 2623 638 2649 δ’
653 2623 792 2656 ἀναιτίους
811 2625 904 2660 φέρειν

112 2667 183 2694 κατὰ
193 2667 276 2707 φύσιν
287 2669 316 2693 ὲν
326 2667 366 2702 τῷ
378 2667 453 2703 αὐτῷ
465 2668 550 2703 τόπῳ,
566 2670 595 2695 ὲν
611 2671 644 2705 τῇ
660 2670 728 2706 αὐτῇ
749 2671 841 2706 ἡμέρᾳ
857 2673 902 2698 καὶ

112 2713 180 2748 ὥρᾳ.
199 2713 278 2740 οὕτω
292 2714 320 2740 δὲ
339 2714 447 2740 καὶτὸν
470 2714 601 2751 δύστηνον
625 2716 704 2750 Κατν,
723 2719 784 2750 ταῖς
808 2719 905 2752 ἀκοαῖς

113 2758 272 2793 ἐμπεσοῦσα
296 2760 313 2794 ὴ
338 2759 397 2786 θεία
413 2760 566 2795 ἀπόφασις,
595 2765 757 2791 τιυωοείται
777 2764 903 2799 λέγουσα,

148 2837 389 2876 θ’ΠΙξςιιικεῃιικ.
405 2839 431 2865 4.
449 2875 456 2876 7
473 2839 495 2856 "
513 2841 592 2870 Prov.
612 2851 688 2876 xrttt,
712 2844 758 2872 21.

113 2879 163 2907 vn,
180 2873 227 2899 ‘10.
266 2873 288 2889 "
303 2872 368 2899 Dan.
389 2882 428 2908 ιιι,
446 2875 490 2902 20.

803 124 977 154 DlAl.OGUS
1000 125 1043 152 lli.

797 2846 819 2862 "
843 2846 916 2874 l‘sal.
932 2855 957 2880 v,
971 2847 996 2874 7.

1670 128 1739 157 1062

953 185 1048 219 penlis,
1073 192 1197 212 venenum
1211 185 1334 220 aspidam
1360 185 1407 214 sub
1428 186 1506 213 labiis
1532 193 1622 213 eorum
1635 186 1667 213 ”.
1689 188 1742 214 As-

953 230 1069 258 sentitur
1084 235 1111 257 ct
1125 230 1194 265 patri
1209 231 1363 258 divinarum
1382 239 1472 259 rerum
1489 232 1593 266 peritus
1611 232 1741 259 Salomon

954 275 996 303 his
1016 276 1128 304 verbis:
1151 276 1212 304 Vita
1224 278 1293 304 enim
1309 283 1333 304 et
1347 286 1418 305 mors
1439 278 1466 305 in
1490 287 1570 305 manu
1590 279 1687 314 linguae
1697 278 1740 306 “z

952 323 1031 356 quasi
1041 331 1091 357 pro
1106 331 1187 350 nianu
1200 331 1366 353 sermonem.
1380 332 1430 358 pro
1440 324 1530 359 gladio
1540 324 1645 356 dolum,
1655 324 1742 352 homi-

953 369 1040 395 cidam
1054 370 1079 396 in
1093 369 1212 396 medium
1227 370 1362 404 producat.
1378 369 1459 401 Deus.
1477 371 1503 396 in
1516 371 1611 397 eodem
1637 371 1696 397 loco
1709 378 1743 397 ac

954 423 1068 442 numero
1081 415 1246 442 homicidam
1274 416 1438 443 ctdolosum
1462 416 1742 450 pouit,qucmatlmo-

952 462 1016 488 dum
1027 461 1152 495 etmagni
1166 461 1275 488 Davidis
1290 470 1338 488 ore
1354 462 1442 489 dixit:
1468 462 1559 488 Virum
1580 462 1741 496 sanguinum

952 513 977 534 et
988 507 1107 534 dolosum
1116 508 1312 535 abominabitur
1324 510 1453 535 Dominus
1462 509 1495 535 ⁸ο.
1508 508 1594 541 Quem
1602 516 1666 535 vero
1677 516 1737 535 cen-

953 558 994 581 set
1007 554 1219 582 abominandum
1235 554 1316 587 Deus,
1331 555 1354 581 is
1375 555 1454 589 plane
1467 555 1601 589 supplicio
1621 555 1742 581 multan-

952 600 1004 627 dus
1015 605 1066 627 est.
1076 599 1310 632 Quemadmodum
1323 606 1351 628 et
1363 600 1465 628 ferrum
1478 602 1625 635 abjcctum,
1635 609 1650 627 ιι
1663 601 1740 628 rubi-

953 646 1015 681 gine
1034 654 1159 678 exesum,
1175 651 1202 674 et
1213 648 1317 683 lignum
1330 652 1378 675 aut
1390 649 1474 676 vestis
1486 656 1546 683 qua:
1557 649 1742 676 abominanda

953 697 1017 719 sunt
1032 693 1146 720 domino
1161 701 1223 727 suo,
1241 702 1256 721 a
1276 694 1403 721 sordibus
1428 695 1530 729 quibus
1552 699 1668 725 scatent,
1694 695 1741 721 ab-

954 743 1122 770 sumuntur;
1141 743 1199 769 aut,
1221 740 1450 774 quemadmodum
1481 741 1590 771 domus,
1605 741 1679 774 quod
1700 740 1742 766 in-

953 784 1059 819 quilino
1078 785 1113 811 sit
1129 784 1260 811 destituta
1279 785 1463 820 particulatim
1493 784 1653 811 destruitur.
1679 784 1742 811 Pari

952 828 1059 855 ratione
1075 828 1142 855 mihi
1157 828 1265 856 videtur
1283 834 1308 855 et
1322 829 1455 862 mortalis,
1471 829 1519 864 qui
1541 830 1740 857 abominationi

953 879 996 901 est
1012 873 1066 901 Deo
1078 882 1110 901 ex
1127 875 1271 902 aversione
1281 874 1374 903 divina
1385 875 1464 902 malis
1478 883 1626 910 oppressus
1640 874 1741 909 quibus

952 919 1112 954 inquinatus
1133 925 1176 947 est,
1202 921 1303 954 puniri.
1321 929 1382 947 cum
1408 921 1434 948 in
1455 928 1502 948 eos
1530 921 1664 948 sententia
1685 920 1740 947 lata

953 964 1090 992 l'ueritilla
1101 965 1148 999 qui
1161 963 1295 992 audient:
1311 964 1443 992 Discedite
1458 974 1474 992 ο
1488 973 1540 996 me.
1554 965 1700 998 maledicti,
1712 965 1741 992 in

954 1010 1039 1044 ignem
1050 1015 1176 1036 wternum
1183 1011 1217 1042 “,
1229 1010 1275 1045 qui
1283 1011 1444 1045 promeritis
1453 1019 1548 1038 eorum
1556 1019 1616 1046 quae
1627 1012 1739 1039 admisc-

953 1055 1008 1082 rint
1020 1059 1194 1090 peccatorum
1210 1056 1372 1090 plectemur.
1383 1056 1452 1083 Tum
1466 1064 1530 1084 vero
1547 1057 1615 1084 alios
1627 1057 1738 1092 quidem

953 1105 1082 1136 tanquam
1096 1110 1122 1128 In
1134 1102 1226 1136 paleas
1235 1102 1358 1131 incidens
1367 1103 1450 1130 carbo
1460 1108 1639 1139 perpurgatet
1648 1104 1740 1131 exurit

953 1147 980 1175 in
994 1152 1166 1182 perpetuum,
1178 1156 1266 1183 neque
1284 1156 1464 1184 corrumpens
1474 1169 1481 1182 ,
1495 1158 1584 1185 neque
1597 1155 1738 1185 corrupta.

952 1198 1095 1230 propterea
1108 1195 1180 1229 quod
1193 1203 1226 1222 ex
1241 1195 1376 1230 sepulcris
1392 1204 1441 1223 nos
1456 1196 1678 1232 incorruptibiles
1692 1205 1741 1224 ex-

952 1249 1105 1275 surgemus.
1119 1240 1188 1267 Justi
1201 1246 1290 1267 autem
1303 1241 1329 1268 in
1343 1242 1490 1268 securitate
1501 1249 1533 1269 ac
1551 1243 1654 1276 requie,
1665 1241 1740 1269 omni

952 1287 1076 1314 libertate
1092 1285 1185 1312 donati
1198 1288 1357 1319 permanent
1374 1285 1401 1310 in
1417 1288 1576 1318 perpetuum
1601 1284 1743 1309 immorta-

955 1333 993 1360 les
1025 1332 1076 1365 Qui
1099 1340 1164 1358 vero
1182 1339 1211 1359 se
1224 1331 1345 1366 peccatis
1365 1330 1585 1362 obstrinxerunt,
1598 1330 1662 1357 dum
1677 1337 1744 1364 sup-

954 1377 1026 1404 liciis
1041 1378 1193 1412 puniuntur
1208 1377 1326 1408 aeternis,
1346 1384 1396 1403 nec
1407 1381 1622 1411 corrumpuntur
1634 1383 1683 1402 nec
1701 1376 1745 1402 in-

954 1427 1072 1456 tereunt,
1088 1423 1134 1450 sed
1156 1423 1182 1449 in
1207 1422 1357 1457 designatis
1373 1421 1441 1448 locis
1457 1429 1540 1454 super
1567 1426 1655 1448 sortes
1677 1429 1742 1456 per-

954 1473 1076 1501 manent,
1092 1472 1250 1500 maerentes,
1264 1468 1292 1494 in
1319 1467 1463 1502 angustias
1490 1467 1604 1500 redacti,
1630 1467 1721 1495 tristes
1734 1487 1742 1500 ,

953 1515 1088 1547 dolentes,
1101 1514 1292 1545 lamentantes,
1314 1513 1474 1544 excruciati,
1487 1513 1622 1548 lugentes.
1639 1513 1742 1546 alllicti,

954 1562 1102 1593 ululantes,
1115 1562 1217 1592 vexati,
1245 1560 1314 1587 nihil
1342 1560 1470 1594 deinceps
1500 1567 1582 1595 agere
1600 1559 1742 1592 valentes,

954 1609 1002 1643 qui
1025 1615 1144 1642 prmsens
1177 1606 1345 1642 pmnitentize
1362 1610 1470 1641 tempus
1495 1608 1670 1640 rejeceruut,
1695 1606 1744 1641 qui

954 1653 1122 1688 pauperibus
1133 1652 1278 1680 facultates
1290 1660 1365 1684 suus,
1382 1652 1433 1679 sibi
1455 1659 1518 1679 vero
1542 1651 1640 1678 divina:
1663 1652 1744 1678 mise-

954 1700 1082 1728 ricordia:
1105 1699 1210 1726 viscera
1245 1699 1429 1726 occluserunt.
1445 1697 1583 1724 Iudicium
1603 1698 1672 1724 enim
1688 1699 1745 1724 sine

954 1747 1137 1774 misericordia
1157 1747 1208 1778 illi,
1226 1746 1272 1781 qui
1286 1753 1338 1772 non
1356 1745 1447 1780 fecerit
1469 1744 1690 1776 misericordiam,
1707 1744 1745 1771 in-

954 1794 1014 1829 quit
1034 1794 1125 1821 divina
1142 1801 1194 1819 vox
1208 1793 1231 1808 "
1247 1802 1253 1819 :
1275 1792 1343 1819 alios
1360 1796 1454 1818 autent
1469 1796 1495 1818 et
1519 1791 1637 1818 tenebrae
1653 1790 1680 1817 in
1697 1798 1743 1819 ex-

955 1839 1103 1867 terioribus
1117 1843 1216 1866 vexant
1228 1838 1308 1870 locis,
1326 1846 1360 1865 ex
1376 1837 1511 1864 sententia
1535 1844 1597 1870 quae
1620 1844 1682 1863 reos
1696 1835 1744 1863 lla-

955 1887 1036 1923 gellat
1051 1891 1077 1914 et
1090 1887 1221 1920 exagitat,
1243 1889 1322 1920 prout
1350 1884 1463 1911 historia
1478 1884 1512 1910 de
1539 1883 1675 1919 Aigyptiis
1695 1890 1747 1909 nos

955 1932 1097 1964 edocet",
1112 1933 1177 1959 dum
1197 1939 1249 1958 una
1265 1931 1375 1965 quidem
1393 1930 1478 1956 fertur
1494 1937 1510 1956 a
1526 1928 1580 1956 Deo
1596 1929 1744 1961 sententia,

956 1980 1003 2007 sed
1018 1978 1050 2006 ad
1068 1978 1236 2013 propositum
1265 1981 1355 2004 tamen
1373 1984 1405 2003 ac
1430 1979 1557 2002 meritum
1584 1983 1678 2002 eorum
1696 1975 1744 2009 qui

955 2025 1070 2052 audiunt
1092 2023 1326 2050 accommodatur.
1344 2021 1410 2048 Nam
1428 2020 1571 2056 E'gyptios
1585 2020 1697 2055 quidem
1717 2020 1744 2048 in

955 2072 1097 2100 Pharaone
1127 2070 1256 2106 castigat,
1302 2069 1440 2096 lsraclitas
1453 2073 1542 2095 autem
1566 2067 1651 2102 Moysi
1676 2074 1745 2094 con-

956 2121 1045 2144 servat
1060 2116 1222 2147 incolumes,
1239 2115 1372 2150 siquidem
1398 2114 1451 2141 illis
1470 2113 1560 2140 Nilum
1589 2113 1673 2140 rubro
1698 2120 1746 2140 co-

956 2164 1014 2191 lore
1032 2163 1173 2198 perfusum
1191 2163 1217 2189 in
1245 2162 1407 2197 sanguinem
1438 2161 1529 2191 vertit,
1547 2164 1577 2186 ut.
1605 2159 1649 2186 siti
1664 2159 1746 2194 puni-

957 2215 1062 2242 rentur,
1077 2209 1120 2236 his
1139 2217 1204 2236 vero
1219 2209 1351 2242 integram
1368 2215 1445 2241 aquae
1460 2211 1584 2233 naturam
1599 2205 1746 2232 illibatam-

956 2264 1008 2292 que
1022 2255 1158 2288 servavit;
1179 2254 1231 2282 illis
1248 2254 1357 2289 quidem
1377 2254 1464 2280 lucem
1485 2252 1604 2279 divinam
1621 2251 1647 2277 in
1665 2255 1744 2277 tene-

956 2306 1019 2330 bras
1034 2302 1148 2329 mutarit
1165 2301 1325 2336 palpabiles,
1340 2300 1384 2326 his
1398 2307 1463 2326 vero
1478 2300 1549 2326 intra
1564 2298 1663 2324 limites
1678 2304 1744 2324 suos

956 2350 1043 2378 lucem
1061 2349 1245 2380 conservavit;
1263 2348 1316 2374 illis
1332 2346 1499 2382 Erythraeum
1518 2353 1591 2372 mare
1607 2350 1634 2372 ut
1653 2349 1745 2370 trans-

957 2397 989 2423 iri
1007 2400 1109 2430 possct,
1130 2397 1156 2422 in
1178 2394 1363 2421 continentem
1380 2392 1524 2422 convertit,
1547 2391 1588 2418 his
1606 2398 1670 2417 vero
1685 2398 1745 2416 rur-

956 2451 1003 2469 sus
1018 2442 1174 2469 coalescens
1204 2439 1269 2466 illud
1285 2439 1394 2473 objecit.
1414 2443 1444 2465 ut
1474 2439 1501 2465 in
1535 2437 1599 2464 illud
1627 2435 1745 2471 ingressi

956 2488 1083 2516 fluctibus
1098 2487 1219 2514 immersi
1235 2486 1374 2520 perierint.
1390 2484 1452 2511 Pari
1469 2484 1575 2511 ratione
1591 2484 1618 2510 in
1633 2482 1745 2509 fol-noce

955 2542 1064 2570 quoque
1079 2533 1240 2568 Babylonica
1252 2532 1345 2559 l'cum
1356 2539 1409 2558 una
1424 2531 1556 2558 sententia
1573 2533 1745 2564 operaretur,

956 2586 1011 2607 tres
1024 2580 1133 2614 quidem
1147 2578 1253 2606 Hebrzci
1270 2577 1346 2612 pueri
1373 2583 1503 2611 tanquam
1522 2576 1549 2602 in
1567 2575 1658 2603 medio
1684 2582 1746 2601 rore

955 2627 982 2654 in
996 2626 1105 2653 ﬂamma
1127 2625 1323 2659 tripudiabant,
1341 2629 1368 2651 et
1394 2624 1510 2659 hymnos
1537 2622 1691 2654 canebant;
1719 2625 1746 2648 at

956 2674 1003 2708 qui
1017 2679 1076 2699 eam
1099 2672 1212 2698 materia
1245 2671 1343 2703 injecta
1360 2669 1499 2700 fovebant,
1514 2674 1540 2696 et
1558 2669 1591 2696 ad
1621 2668 1745 2695 altitudi-

959 2726 1020 2746 nem
1050 2717 1230 2753 quadraginta
1262 2723 1359 2742 novem
1388 2715 1544 2743 cubitorum
1571 2715 1745 2745 evehebant,

960 2763 1106 2791 confestim
1125 2763 1159 2789 ab
1179 2763 1237 2797 ipsa
1252 2761 1388 2789 combusti
1409 2765 1491 2796 atque
1509 2760 1536 2786 in
1552 2760 1659 2787 cineres
1680 2765 1746 2786 sunt

1037 2847 1056 2862 "
1076 2845 1171 2873 Matth.
1193 2853 1256 2878 ur,
1277 2844 1322 2871 Η.
1360 2844 1382 2860 ⁸⁷
1397 2842 1455 2871 Jac.
1477 2851 1507 2877 tt,
1524 2843 1567 2871 Β,
1605 2843 1628 2858 ³³
1659 2841 1746 2869 Exod.
