1907 3043
196 138 263 167 1³067

196 204 342 233 pngnmque
359 202 383 224 et
399 197 586 229 ntt‘dullarum,
609 201 634 223 et
649 196 779 223 discretor
793 197 984 232 cogitationum

196 250 220 270 rt
242 246 335 271 mentis
351 243 580 277 conceptarum",
604 242 835 277 quemadmodum
860 243 918 277 ipse
937 249 986 277 per

197 289 311 317 Paulum
340 289 438 324 inquit.
464 288 530 315 Nam
557 293 655 315 neutro
672 288 754 315 modo
779 287 859 322 perit,
878 287 985 314 etiamsi

198 335 295 369 partim
316 335 403 362 clavis
428 334 592 368 conﬁgatur,
617 334 716 368 partim
742 333 817 360 ﬂuat.
849 332 903 359 Nec
922 333 986 360 item

198 381 362 412 absumitur,
379 387 441 407 cum
458 380 571 414 perinde
587 384 619 406 ut
638 387 685 406 aer
700 379 735 406 ab
751 379 881 406 omnibus
903 378 989 413 perci-

198 427 299 461 piatur,
324 431 351 453 et
377 426 557 453 nihilominus
583 430 692 452 maneat
717 425 789 452 Deus
810 424 893 456 idem,
914 425 986 451 haud

199 473 371 500 imminutus.
385 471 473 498 Verba
491 476 580 498 autem
598 470 814 498 PauliDominus
830 471 988 505 obsignans,

199 521 227 544 et
236 518 296 552 pari
310 524 372 544 cum
391 516 538 544 incredulis
556 516 690 550 supplicio
706 515 863 543 alliciendos
892 520 988 543 osten-

199 565 277 596 dens,
291 565 337 599 qui
356 565 466 591 nomine
488 563 599 598 quidem
617 563 776 595 Christiani.
801 571 831 590 re
842 571 909 590 vero
924 562 988 590 mali

200 617 274 643 sunt,
289 616 316 638 et
330 618 378 646 per
397 609 584 638 temttlentiam
607 609 748 644 negligunt
767 610 882 636 salutem
899 617 988 641 suam,

201 656 289 691 inquit
299 656 325 682 in
340 655 486 690 Evangelio
506 663 513 681 :
530 654 560 681 Si
575 654 671 680 dixerit
687 655 714 681 in
738 654 817 681 corde
839 663 887 681 suo
901 662 989 681 servus

200 702 244 728 ille
263 707 272 728 .‘
289 700 435 728 Cunctatur
448 700 570 727 dominus
585 708 656 726 meus
671 700 767 733 venire,
785 700 916 734 simulque
938 708 991 727 cae-

200 748 267 781 perit
282 752 414 781 percutere
430 754 578 777 conservos,
598 751 621 772 et
637 746 712 772 edere
727 750 804 780 atque
823 745 907 772 bibere
930 753 990 772 cum

201 792 330 819 conservis
351 792 429 818 ebriis
445 799 454 817 :
470 791 551 817 Amen
571 790 631 817 dico
656 790 737 823 vobis,
761 790 842 817 ueniet
861 790 986 817 dominus

201 839 267 864 servi
287 837 361 865 illius
377 837 419 863 die
435 844 486 871 quo
503 844 553 862 non
568 841 713 869 exspectat,
725 840 750 862 et
761 836 826 862 hora
846 844 898 870 qua
913 836 989 871 igno-

201 887 255 914 rat,
267 887 290 908 et
303 881 442 908 dissecabit
454 888 525 912 eum,
535 885 559 907 et
574 885 650 913 ponet
662 885 763 914 partem
776 881 859 915 ipsius
870 889 929 907 cum
945 881 988 908 in-

201 927 355 955 credulis".
375 927 510 954 Disseeari
527 933 636 953 servum
651 933 705 952 non
717 926 896 961 corporaliter
912 927 992 953 intel-

202 973 328 1007 ligamus,
349 971 423 1006 (nam
443 969 598 1005 imperitum
623 969 675 996 hoc
696 969 767 996 foret
785 977 817 996 ac
834 970 990 1005 ridiculum)

201 1018 248 1046 sed
263 1025 310 1052 per
330 1016 520 1051 spoliationem
535 1015 718 1050 spiritualium
734 1015 867 1043 donorum
895 1021 922 1043 et
944 1016 991 1042 ba-

202 1062 350 1098 ptismatis,
373 1067 400 1089 et
412 1069 476 1096 erga
490 1061 581 1096 ipsum
596 1060 738 1091 libertatis,
758 1060 889 1087 dissecari
906 1067 922 1087 a
939 1060 992 1087 Do-

202 1107 277 1134 mino
289 1107 458 1134 damnandos
474 1105 664 1141 intelligamus.
690 1104 749 1132 Non
771 1105 843 1132 enitn
860 1105 920 1132 ﬁeri
944 1113 990 1140 po-

203 1158 265 1185 test,
280 1157 310 1180 ut
330 1153 376 1187 qui
389 1152 500 1180 Christo
514 1151 704 1183 adhaerenth
713 1151 794 1178 veluti
806 1151 907 1178 milites
917 1151 991 1179 illius

203 1199 339 1233 obsignati
354 1197 494 1232 signaculo
510 1203 574 1225 sunt
590 1202 618 1225 et
631 1205 699 1224 zona
715 1198 824 1224 militiae
838 1197 925 1232 ipsius
936 1199 992 1225 ein-

202 1247 251 1277 cti.
267 1245 426 1280 puniantur,
455 1244 507 1271 nisi
523 1244 599 1279 prius
616 1244 670 1270 illis
683 1244 791 1278 spoliati
807 1244 873 1270 sint.
895 1244 992 1277 Quem-

203 1291 349 1318 admodum
358 1295 385 1317 et
398 1295 545 1325 praesentes
561 1290 641 1317 hodie
656 1291 729 1326 leges
744 1291 853 1324 docent,
868 1299 930 1319 reos
939 1292 991 1318 mi-

203 1338 265 1364 lites
286 1344 339 1364 non
359 1337 433 1371 prius
450 1336 519 1363 allici
539 1336 639 1364 debere
667 1337 811 1371 supplicio,
830 1345 911 1371 quam
937 1337 991 1365 illis

203 1390 272 1410 zona
287 1383 323 1410 sit
339 1382 464 1417 adempta
480 1390 487 1408 :
501 1389 556 1417 quo
580 1382 760 1417 signiﬁcatur,
786 1383 910 1418 symbolo
922 1383 992 1409 mili-

204 1430 249 1457 tia
262 1429 333 1463 'ipsis
347 1429 448 1460 ablato,
466 1435 542 1456 more
556 1429 726 1463 privatorum
752 1436 767 1455 a
790 1428 918 1456 carniﬁce
946 1436 992 1463 pu-

205 1475 258 1502 uiri
286 1482 377 1509 posse.
401 1474 574 1501 Evidentiore
602 1481 664 1501 vero
689 1474 869 1501 similitudine
898 1479 988 1506 utens,

204 1520 269 1555 quid
281 1520 337 1547 haec
348 1520 438 1547 divina
449 1520 578 1548 dissertio
591 1520 635 1552 sit,
647 1520 798 1547 ostendam.
811 1519 878 1547 Nam
889 1520 936 1555 qui
948 1529 992 1548 su-

205 1567 286 1594 blime
301 1566 400 1593 solium
415 1565 516 1593 Christi
538 1565 732 1592 administrant
748 1566 899 1600 pontiﬁces,
922 1565 944 1593 si
962 1566 990 1592 in

205 1612 297 1646 aliquo
310 1611 388 1646 lapsu
404 1610 440 1639 sit
452 1614 675 1638 consecratorum
685 1610 820 1645 quispiam
833 1611 859 1637 in
870 1611 990 1645 ipsorum

205 1662 291 1690 coetu,
302 1664 356 1684 non
376 1657 453 1692 prius
470 1656 558 1691 ipsum
578 1657 666 1691 poenis
680 1657 838 1691 subjiciunt,
856 1664 937 1691 quam
950 1657 992 1684 di-

205 1704 278 1731 vinis
292 1710 307 1730 a
324 1702 411 1730 sacris
425 1710 487 1729 eum
501 1702 678 1733 removerint,
700 1707 727 1728 et
740 1702 848 1729 illorum
871 1703 993 1737 privatus

207 1751 242 1778 sit
257 1749 398 1785 symbolis.
412 1747 451 1775 Eo
467 1752 547 1783 pacto
559 1748 704 1782 spoliarunt:
730 1755 779 1783 pro
794 1755 850 1775 uno
864 1742 902 1775 ex~
917 1749 993 1776 laieis

208 1796 317 1822 habent.
333 1794 386 1822 Per
396 1801 479 1829 quam
494 1793 694 1827 ademptionem
712 1793 850 1820 indicatur
863 1794 993 1821 (lisseetio

209 1841 243 1868 de
255 1849 309 1876 qua
332 1841 437 1868 dictum
461 1845 513 1870 est.
529 1844 556 1866 et
578 1847 625 1874 per
638 1840 909 1867 connttmerationem
934 1840 993 1874 ejus

210 1895 273 1914 eum
286 1886 418 1922 gregariis
433 1889 461 1912 et
473 1885 583 1915 vilibus,
598 1884 688 1919 portio
707 1892 770 1912 cum
788 1885 935 1913 incredulis
949 1885 995 1912 de-

207 1933 337 1960 claratur.
346 1931 374 1958 ld
384 1931 457 1966 quod
468 1936 496 1958 et
504 1930 619 1957 Davides
625 1930 775 1957 carminum
788 1931 831 1957 ille
839 1930 993 1958 divinorum

208 1983 303 2006 auctor
316 1978 394 2012 longe
405 1977 573 2009 anteinnuit,
587 1976 623 2003 ita
638 1976 787 2004 testilicans
802 1986 808 2003 :
828 1976 892 2003 Vota
903 1977 994 2011 facite,

207 2031 233 2053 et
248 2026 348 2052 reddite
363 2025 475 2051 Domino
491 2024 546 2050 Deo
562 2029 664 2055 vestro;
680 2023 805 2049 amnesin
816 2023 926 2049 circuitu
937 2022 994 2056 ejus

208 2070 396 2104 donaafferant
403 2069 544 2096 terribiliet
551 2069 679 2103 παίει-ωιιὶ
685 2068 793 2103 spiritus
801 2074 953 2103 magnotum
960 2067 993 2094 π.

245 2156 334 2184 Nolim
353 2163 418 2183 vero
439 2155 584 2190 quisquam
612 2155 759 2182 arbitretur
789 2155 822 2182 de
843 2155 995 2183 animarum

209 2203 346 2230 ablatione
361 2209 470 2228 carmen
484 2201 548 2228 illud
563 2201 749 2235 accipiendum
763 2208 834 2228 esse.
847 2200 905 2228 Νυιι
921 2202 993 2228 ettim

210 2246 418 2283 gubernantium
439 2246 530 2278 modo,
549 2245 596 2273 sed
616 2250 643 2272 et
662 2252 756 2272 eorum
774 2245 819 2279 qui
839 2246 993 2280 gubernan-

210 2300 270 2326 tur,
286 2298 311 2320 et
325 2292 498 2319 dominorum
512 2311 520 2323 ,
536 2296 563 2318 et
580 2298 720 2319 servorutn
731 2310 738 2322 ,
759 2290 837 2325 plane
854 2291 911 2326 ipse
926 2291 993 2319 indit

209 2343 236 2365 et
264 2336 355 2365 aufert
377 2336 511 2363 animales
533 2336 655 2370 spiritus.
679 2334 812 2362 Nimirum
835 2335 933 2363 dicitur
960 2337 994 2364 de

209 2383 310 2416 anima,
323 2383 377 2410 imo
392 2382 426 2410 de
449 2381 635 2416 spiritu-dibus
661 2381 756 2414 donis,
790 2385 816 2407 et
840 2381 872 2408 de
906 2381 996 2416 bapti-

211 2433 308 2457 smate.
325 2427 463 2463 Magttates
474 2435 537 2454 vero
547 2427 612 2454 mihi
626 2426 752 2453 videntur
769 2433 830 2453 esse
844 2433 876 2452 ac
890 2426 994 2453 domini

210 2473 360 2500 ittlidelium
385 2472 488 2503 ﬁdeles,
501 2479 517 2499 a
533 2471 581 2498 Dei
603 2469 693 2498 Verbo
710 2471 782 2504 quod
799 2475 858 2497 erat
874 2471 901 2497 in
920 2471 994 2505 prin-

211 2519 303 2554 cipio,
330 2518 358 2546 id
380 2519 530 2549 consecuti,
559 2521 589 2544 ut
615 2516 791 2543 dominentur
819 2516 901 2543 etiam
929 2517 995 2551 ipsis

211 2564 390 2592 daemonibus.
407 2563 478 2590 Nihil
501 2564 573 2590 enim
592 2562 637 2590 isti
658 2562 692 2589 ab
713 2562 766 2589 illis
784 2562 922 2590 habebunt
943 2563 996 2590 dis-

211 2611 353 2643 criminis,
381 2610 476 2637 eodem
505 2616 640 2636 eouswsu
675 2608 850 2636 adversantes
883 2608 937 2636 Deo
967 2614 996 2637 et

211 2655 382 2683 Christianos
395 2659 592 2690 oppugnantes.
606 2653 681 2687 Quos
696 2658 725 2680 ut
741 2653 856 2688 itnperio
871 2659 996 2688 premant

212 2707 239 2729 et
251 2701 420 2736 proculcent,
435 2700 544 2728 divinus
563 2699 607 2726 ille
627 2699 742 2726 Davides
758 2699 843 2726 multo
857 2703 920 2726 ante
935 2708 995 2734 pre-

710 138 738 165 S.
759 137 906 166 C/ESARII
926 134 1089 164 GREGOBII
1109 133 1257 163 FRATRIS

1757 133 1829 162 £063

1036 196 1085 223 καὶ
1105 196 1237 230 μυελῶν,
1265 195 1312 222 καὶ
1340 195 1517 228 διακριτικὸς
1547 194 1743 229 ἐνθυμήσεων
1776 195 1828 221 καὶ

1037 241 1180 269 ἐννοιῶν·
1206 241 1298 273 καθὼς
1321 241 1402 272 αὐτὸς
1415 240 1459 267 διὰ
1477 240 1583 267 Παύλου
1601 240 1692 276 φησίν.
1708 239 1828 267 Οὐθετέ-

1039 296 1085 322 ρου
1101 287 1154 322 γὰρ
1169 285 1333 322 ἐξεκρούσθη
1344 295 1351 302 ·
1367 286 1414 312 τοῦ
1438 287 1486 321 μὲν
1500 285 1713 320 καθηλουμένου,
1730 284 1779 312 τοῦ
1796 285 1828 312 δὲ

1038 333 1160 367 ῥέοντος,
1178 332 1231 359 οὐδ’
1254 330 1288 359 αὖ
1313 332 1394 358 πάλιν
1409 331 1578 363 δαπανᾶται,
1600 331 1672 357 κατὰ
1694 331 1740 357 τὸν
1757 331 1829 366 ἀέρα

1039 378 1091 404 ὑπὸ
1107 378 1215 405 πάντων
1230 377 1418 413 μετεχόμενος,
1434 378 1480 403 καὶ
1499 377 1586 412 μένων
1599 378 1613 403 ὁ
1630 376 1709 407 αὐτὸς
1721 376 1829 412 ἀμείω-

1038 432 1084 455 τος
1096 423 1172 456 Θεός.
1188 424 1228 450 Τὰ
1243 423 1271 450 δὲ
1291 423 1398 450 Παύλου
1413 422 1626 458 ἑπισφραγῐζων,
1642 422 1689 448 καὶ
1712 423 1759 449 ῐσα
1772 421 1829 449 τῶν

1038 469 1162 496 ἀπίστων
1174 470 1280 501 δεικνὺς
1293 469 1502 506 τιμωρήσασθαι
1514 469 1576 499 τοὺς
1587 469 1680 504 κλήσει
1695 467 1744 503 μὲν
1760 467 1829 503 Χρι-

1041 517 1173 548 στιανοὺς,
1192 516 1264 552 ἔργῳ
1282 516 1310 542 δὲ
1328 515 1473 551 πονηροὺς,
1486 515 1534 542 καὶ
1545 514 1672 550 παροινίᾳ
1685 514 1736 549 τῆς
1751 515 1830 548 σφῶν

1040 563 1213 598 ἀμελούντων
1228 562 1374 598 σωτηρίας.
1393 562 1436 588 Ἐν
1452 560 1627 596 Εὑαγγελίοις
1641 561 1732 596 φησίνν
1756 560 1830 587 Ἐὰν

1040 608 1074 634 δὲ
1088 608 1159 642 εἴπῃ
1182 609 1216 634 ἐν
1236 607 1332 640 ἑαυτῷ
1356 609 1372 634 ὀ
1392 607 1502 640 δοῦλος
1516 606 1647 638 ἐκεῖνος,
1661 606 1791 639 Χρονίω
1810 607 1828 632 ό

1040 655 1142 688 κύριός
1152 663 1209 688 μου
1225 653 1277 680 τοῦ
1292 653 1401 684 ἐλθεῖν,
1420 653 1469 680 καὶ
1482 652 1600 687 ἄρξεται
1618 652 1741 679 τύπτειν
1756 652 1829 684 τοὺς

1041 699 1240 732 συνδούλους,
1253 699 1367 726 ἐσθίειν
1382 707 1413 725 rs
1427 698 1474 725 καὶ
1489 699 1587 725 πίνειν
1599 697 1674 732 μετὰ
1683 697 1743 724 τῶν
1753 705 1829 724 συν-

1041 744 1160 771 δούλων
1180 744 1366 779 μεθυόντωνι
1388 743 1470 778 ἀμὴν
1486 744 1566 778 λέγω
1588 743 1669 778 ὑμῖν,
1688 743 1756 777 ἣξει
1774 743 1829 770 κύ-

1038 799 1102 826 ριος
1120 790 1173 818 τοῦ
1195 790 1306 817 δούλου
1328 790 1457 822 ἐκείνου,
1478 790 1513 816 ἐν
1527 789 1621 824 ἡμέρᾳ
1637 787 1658 825 ᾖ
1681 791 1717 817 οὺ
1731 796 1828 824 προσ-

1041 835 1126 869 δοκᾷ,
1139 835 1189 862 καὶ
1205 836 1240 863 ἐν
1254 835 1313 870 ὥρᾳ
1325 833 1346 871 ᾖ
1359 836 1394 862 οὐ
1409 835 1557 870 γινώσκει,
1572 836 1621 862 καὶ
1634 834 1828 870 διχοτομήσει

1041 881 1146 914 αὐτὸν,
1166 881 1215 908 καὶ
1233 881 1319 914 θήσει
1341 881 1375 907 τὸ
1384 881 1476 915 μέρος
1494 881 1587 908 αὑτοῦ
1600 881 1674 916 μετὰ
1684 881 1744 908 τῶν
1760 882 1829 908 ἀπί-

1043 936 1136 955 στων.
1162 927 1369 962 Διχοτομεῖσθαι
1394 927 1439 954 τὸν
1464 927 1572 962 οἰκέτην
1599 928 1636 962 μὴ
1663 928 1830 962 σωματικῶς

1040 973 1182 1008 νοήσωμεν
1196 972 1333 1008 (ἀμαθίας
1342 973 1395 1008 γὰρ
1410 972 1487 999 τοῦτο
1501 973 1546 999 καὶ
1566 972 1780 1009 γέλωτος),ἀλλὰ
1793 975 1828 1008 τῇ

1040 1018 1182 1054 ἀφαιρέσει
1205 1018 1259 1045 τῶν
1283 1017 1474 1053 πνευματικῶν
1496 1018 1672 1054 χαρισμάτων
1700 1019 1749 1045 καὶ
1778 1018 1830 1046 τοῦ

1041 1064 1240 1100 βαπτίσματος,
1261 1065 1308 1091 καὶ
1322 1064 1372 1100 τῆς
1384 1064 1449 1098 πρὸς
1465 1064 1548 1091 αὑτὸν
1570 1065 1737 1101 παρρησίας,
1754 1066 1830 1101 διχο-

1040 1110 1181 1145 τομείσθαι
1199 1110 1251 1137 ὑπὸ
1266 1109 1313 1136 τοῦ
1329 1109 1430 1147 Κυρίου
1446 1110 1510 1142 τοὺς
1525 1109 1739 1146 κριθησομένους
1753 1113 1828 1146 ἡμᾶς

1040 1156 1191 1191 νοήσωμεν.
1209 1156 1247 1182 οὐ
1264 1155 1318 1191 γὰρ
1334 1153 1389 1182 οἷόν
1403 1164 1433 1181 τε
1444 1156 1507 1187 τοὺς
1522 1155 1629 1191 Χριστῷ
1644 1156 1829 1192 συνθεμένους

1041 1201 1090 1228 καὶ
1121 1199 1177 1227 οἷον
1199 1201 1367 1237 στρατιώτας
1388 1202 1646 1237 κατασημανθέντας
1662 1204 1695 1237 τῇ
1721 1203 1831 1230 ἐκείνου

1041 1247 1178 1282 σφραγῖδι,
1194 1248 1279 1282 καὶτῇ
1293 1247 1364 1284 ζώνῃ
1375 1248 1423 1283 τῆς
1435 1247 1517 1274 αὑτοῦ
1529 1249 1656 1283 στρατιᾶς
1670 1248 1832 1284 διειλημμέ-

1043 1300 1106 1323 νους
1127 1292 1317 1327 τιμωρεῖσθαι,
1343 1293 1380 1328 μὴ
1411 1293 1543 1329 πρότερον
1568 1294 1679 1319 ἐκείνων
1702 1294 1830 1329 ἀπορρα-

1043 1339 1151 1373 γέντας,
1165 1338 1255 1370 καθὼς
1270 1339 1316 1365 καὶ
1329 1339 1353 1365 οί
1365 1340 1483 1375 τήμερον
1497 1340 1573 1375 νόμοι
1591 1339 1750 1366 παιδεύουσι
1765 1342 1832 1372 τοὺς

1042 1384 1143 1416 αἰτίους
1167 1385 1221 1410 τῶν
1243 1385 1416 1420 στρατιωτῶν
1431 1386 1468 1420 μὴ
1482 1386 1612 1422 πρότερον
1626 1387 1812 1422 τιμωρεῖσθαι
1821 1408 1830 1418 ,

1043 1431 1106 1466 πρὶν
1129 1430 1179 1465 τῆς
1205 1430 1293 1466 ζώνης
1317 1432 1516 1467 ἀπορραγῆναι,
1542 1432 1593 1467 τῆς
1615 1432 1751 1468 συμϐόλου
1779 1433 1832 1467 τῆς

1043 1477 1182 1511 στρατιᾶς,
1197 1476 1243 1502 καὶ
1260 1478 1292 1511 τῇ
1307 1476 1414 1512 ἐκείνης
1428 1477 1570 1513 ἀφαιρέσει
1591 1478 1636 1504 ἴσα
1649 1478 1702 1504 τῶν
1716 1478 1832 1505 ἰδιωτῶν

1044 1521 1250 1554 καταξαίνεσθαι
1278 1521 1317 1557 τῷ
1348 1522 1446 1558 δημίῳ.
1470 1524 1667 1560 Ἑναργεστέρᾳ
1695 1523 1718 1550 δ’
1744 1525 1832 1550 εἰκόνι

1043 1567 1214 1602 χρησάμενος
1226 1569 1393 1603 παραστήσω
1403 1569 1451 1603 τὴν
1463 1568 1538 1595 θείαν
1547 1569 1713 1604 διχοτομίαν.
1728 1570 1759 1596 Oi
1774 1571 1832 1606 γὰρ

1042 1612 1088 1638 τὸν
1101 1612 1201 1646 ὑψηλὸν
1214 1612 1260 1639 τοῦ
1275 1613 1392 1647 Χριστοῦ
1413 1614 1550 1646 διέποντες
1565 1614 1659 1649 Θρόνον
1673 1616 1831 1651 ἀρχιερεῖς,

1043 1658 1089 1684 τοῦ
1104 1657 1196 1684 θιάσου
1212 1659 1241 1684 ἐν
1262 1658 1359 1693 ὀλίσθῳ
1375 1659 1446 1690 τινος
1467 1660 1521 1686 τῶν
1538 1661 1692 1695 ἱερωμένων
1713 1662 1833 1696 γενομέ-

1044 1712 1089 1730 νου
1100 1724 1106 1736 ,
1121 1703 1151 1729 οὐ
1167 1704 1299 1739 πρότερον
1310 1704 1390 1731 αὑτὸν
1402 1706 1492 1738 εἰςτὰς
1503 1706 1578 1738 δίκας
1585 1705 1696 1740 διδόασι,
1704 1707 1769 1741 πρὶν
1780 1708 1832 1743 τῆς

1044 1747 1119 1779 θείας
1133 1748 1286 1784 ἀπορρῆξαι
1308 1749 1432 1784 τελετῆς,
1448 1751 1482 1776 τὰ
1496 1751 1604 1787 ἐκείνης
1625 1752 1831 1788 ἀφαιρούμενον

1046 1792 1182 1828 σύμὸολα·
1200 1793 1347 1826 καὶηοῦτως
1361 1795 1559 1831 καθαιρεθέντα
1580 1797 1627 1823 ἕνα
1652 1797 1707 1823 τῶν
1727 1797 1832 1824 λαῖκῶν

1044 1839 1179 1874 ἡγεῖσθαι.
1196 1840 1233 1865 Δι’
1244 1836 1282 1866 ὦν
1294 1840 1344 1875 τῆς
1357 1841 1528 1876 ἀφαιρέσεως
1543 1842 1668 1877 δηλοῦται
1685 1843 1702 1878 ή
1717 1843 1831 1878 ρηθεῖσα

1044 1884 1197 1919 διχοτομία,
1211 1885 1258 1912 καὶ
1272 1887 1305 1920 τῇ
1323 1887 1515 1920 συγκαταλέξει
1530 1887 1577 1914 τοῦ
1588 1888 1714 1922 ἀγελαίου
1731 1890 1747 1925 ἡ
1761 1890 1831 1924 μετὰ

1044 1932 1098 1958 τῶν
1118 1933 1239 1959 ἀπίστων
1259 1933 1347 1968 μερίς.
1376 1933 1464 1969 Ὅπερ
1478 1935 1524 1960 καὶ
1540 1935 1621 1961 Δαϐὶδ
1643 1935 1658 1961 ὁ
1678 1935 1732 1961 τῶν
1749 1935 1831 1962 Θεῐων

1047 1976 1164 2011 μελῳδὸς
1189 1977 1369 2013 προῃνίξατο,
1389 1977 1638 2014 διαμαρτυρόμενος
1656 1978 1754 2010 οὕτως,
1771 1980 1831 2006 Εὐ-

1046 2021 1149 2054 ξασθε,
1174 2022 1223 2048 καὶ
1238 2021 1366 2048 ἀπόδοτε
1387 2023 1485 2056 Κυρίῳ
1511 2023 1551 2056 τῷ
1578 2023 1638 2056 Θεῷ
1654 2023 1738 2058 ὑμῶν
1754 2024 1830 2059 (94)·

1045 2066 1156 2099 πάντες
1167 2068 1194 2093 οι
1209 2067 1310 2100 κύκλῳ
1322 2067 1415 2095 αὑτοῦ
1425 2068 1546 2095 οισουσι
1558 2069 1637 2103 δῶρα
1652 2068 1692 2102 τῷ
1715 2071 1832 2105 φοϐερῷ

1044 2110 1094 2137 καὶ
1105 2110 1311 2145 ἀφαιρουμένῳ
1323 2112 1476 2146 πνεύματα
1487 2112 1650 2146 ἀρχόντων.

1080 2156 1183 2192 Μηδεὶς
1203 2157 1231 2183 δὲ
1253 2157 1350 2183 οἰέσθω
1366 2158 1430 2194 περὶ
1445 2157 1538 2192 ψυχῶν
1562 2158 1732 2194 ἀφαιρέσεως
1758 2159 1832 2194 ἔχειν

1045 2202 1095 2238 τὴν
1123 2201 1256 2236 μελῳδίαν
1278 2200 1347 2236 (οὐκ
1364 2203 1500 2237 ἀρχόντων
1517 2202 1570 2237 γὰρ
1585 2203 1682 2238 μόνον,
1699 2204 1767 2231 ἀλλὰ
1784 2205 1832 2232 καὶ

1046 2247 1205 2283 ἀρχομένων
1221 2247 1268 2274 καὶ
1279 2247 1416 2274 δεσποτῶν
1431 2248 1478 2274 καὶ
1492 2248 1613 2281 οἰκετῶν,
1629 2249 1738 2282 πάντως
1750 2251 1832 2282 αὐτὸς

1047 2293 1165 2329 ἐντίθησι
1178 2293 1223 2319 καὶ
1237 2293 1393 2329 ἀφαιρεῖται
1407 2293 1442 2320 τὰ
1455 2294 1557 2329 ψυχικὰ
1570 2295 1745 2330 πνεύματα),
1763 2296 1831 2323 ἀλλὰ

1047 2337 1155 2369 πάντως
1170 2337 1234 2373 περὶ
1247 2337 1302 2363 τῶν
1313 2337 1444 2372 ψυχικῶν,
1458 2338 1556 2373 μᾶλλον
1574 2339 1623 2365 καὶ
1636 2341 1831 2374 πνευματικῶν

1047 2382 1223 2418 χαρισμάτων
1255 2381 1302 2408 καὶ
1325 2381 1372 2408 τοῦ
1402 2381 1598 2417 βαπτίσματος.
1630 2383 1779 2418 ’Λρχοντες
1803 2384 1831 2410 δέ

1050 2437 1093 2464 μοι
1107 2427 1214 2454 δοκοῦσι
1229 2427 1275 2453 καὶ
1290 2427 1379 2463 κύριοι
1399 2427 1453 2454 τῶν
1464 2428 1585 2454 ἀπίστων
1599 2429 1624 2454 οἱ
1638 2429 1740 2460 πιστοὶ,
1755 2429 1832 2464 παρὰ

1046 2473 1095 2499 τοῦ
1110 2473 1139 2498 ἰν
1153 2473 1224 2507 ἀρχῇ
1247 2472 1334 2506 Λόγου
1352 2472 1420 2498 Θεοῦ
1443 2472 1474 2498 τὸ
1487 2473 1581 2508 ἄρχειν
1595 2473 1655 2500 κατ’
1675 2474 1768 2501 αὐτῶν
1786 2475 1831 2501 καὶ

1047 2518 1181 2554 δαιμόνων
1194 2517 1261 2552 (95).
1277 2517 1360 2545 Οὐδὲν
1376 2518 1430 2554 γὰρ
1450 2515 1524 2546 οὗτοι
1541 2519 1653 2546 ἐκείνων
1674 2519 1830 2549 διοίσουσιν,

1047 2562 1213 2598 ὁμογνώμωξ
1226 2562 1285 2597 Θεῷ
1302 2563 1485 2598 ἀντικείμενοι
1497 2563 1544 2590 καὶ
1564 2564 1736 2598 Χριστιανοίς
1751 2563 1831 2590 πολε-

1050 2608 1171 2644 μοῦντες.
1188 2606 1235 2639 Οἷς
1246 2608 1276 2634 τὺ
1291 2608 1385 2643 ἄρχειν
1398 2610 1446 2636 καὶ
1461 2611 1556 2636 πατεῖν
1568 2610 1666 2641 αὐτοὺς
1676 2611 1691 2636 ὁ
1704 2609 1831 2645 θεοφόρος

1048 2654 1128 2681 Δαῦὶδ
1153 2654 1387 2689 προεπευχόμενος
1409 2654 1480 2687 ἀξιοῖ
1504 2656 1534 2682 τὸ
1552 2655 1629 2682 Θείον
1651 2655 1759 2687 οὒτωςο
1775 2657 1831 2682 Κα-

1048 2699 1209 2733 ταστήσεις
1223 2699 1333 2733 αὐτοὺς
1348 2699 1496 2735 ἄρχοντας
1507 2701 1555 2728 ἐπὶ
1574 2701 1677 2729 πᾶσαν
1693 2701 1752 2736 τὴν
1764 2701 1830 2737 γῆν.

249 2769 272 2784 ⁷ο
286 2768 367 2796 Hebr.
382 2776 420 2801 tv,
434 2767 478 2794 l2.
515 2767 537 2783 '“
551 2765 618 2793 Luc.
634 2774 682 2797 xtl,
695 2765 740 2797 45,
755 2765 799 2792 46.
838 2766 860 2782 ⁷²
877 2765 949 2793 Psal.
967 2775 1049 2801 Lxxv,
1067 2767 1112 2798 l2,
1136 2766 1180 2793 l3.

251 2832 306 2868 (94)
329 2833 370 2866 Τῷ
383 2835 415 2860 Θ.
432 2832 609 2869 ὑμὼνηίλΧΧ
624 2832 713 2868 ἡμῶν.
732 2831 786 2860 Sed
805 2831 882 2869 Vulg.
898 2838 993 2866 vestro,

216 2875 276 2904 qua:
291 2874 379 2896 tamen
396 2869 487 2897 subdit
501 2868 616 2902 affertis.

1084 2833 1139 2867 (95)
1157 2833 1316 2867 Δαιμόνων.
1340 2832 1418 2860 Deest
1431 2833 1474 2861 hic
1496 2833 1607 2862 verbum
1630 2832 1772 2868 δεξάμενοι
1787 2838 1828 2860 aut

1047 2867 1197 2904 εἰληφότες,
1213 2868 1252 2895 vel
1268 2868 1332 2902 qttid
1349 2869 1447 2896 simile.
