1907 3043
213 194 278 224 εστι

208 258 260 281 est.
279 252 449 287 Quapropter
467 255 496 279 et
514 251 634 286 linguam
650 251 701 278 sub
712 251 820 278 duobus
846 250 925 278 labiis
944 257 993 277 cu-

210 299 388 328 stodiriDeus
405 299 541 334 sapienter
551 298 676 330 instituit,
689 298 758 325 intra
769 298 890 325 dentium
906 297 994 325 firma.

210 350 333 375 mentum
370 345 457 380 ipsam
491 344 692 378 constringens,
722 348 752 370 ut
782 348 837 370 tam
867 347 994 370 accurata

210 391 331 419 adhibita
356 390 480 418 custodia
500 397 515 417 a
531 389 602 417 facili
628 395 702 416 motu
719 389 901 417 cohiberetur.
925 387 994 416 Nam

211 444 274 464 cum
301 437 327 464 in
356 436 469 464 humido
495 436 546 463 sila
571 434 616 467 sit,
644 435 789 469 aliquando
807 435 916 470 quidem
938 442 996 462 ma-

212 482 353 510 ledicendo
376 481 501 515 fmtorem
524 484 625 513 movet,
638 480 784 514 aliquando
801 487 866 507 vero
883 479 996 507 benedi-

212 527 300 555 cendo
313 527 427 554 scaturit
441 526 602 561 hymnorum
617 529 780 552 concentum
793 524 911 552 offerens
927 523 993 552 Deo.

213 573 284 601 Cum
300 571 402 599 Davide
418 569 499 604 igitur
508 577 608 597 canere
620 570 750 598 debemus
763 577 770 596 :
781 569 864 603 Pone,
873 569 996 601 Domine,

213 617 362 645 custodiam
377 617 418 644 οτι
431 625 499 648 mea,
513 621 538 643 et
555 616 652 643 artium
665 615 796 642 munitum
810 615 910 642 circum
923 614 998 642 labia

214 671 272 690 utea
288 663 322 689 ".
335 661 442 697 Quippe
453 668 514 688 cum
536 666 629 688 tenera
652 660 688 688 sit
703 663 730 687 et
749 660 887 693 volubilis,
903 659 996 687 faciles

215 709 296 736 habet
309 708 337 735 in
355 715 423 735 voce
440 706 617 739 deﬂexiones,
633 706 668 733 ab
682 706 766 733 ommi
786 713 853 734 voce
867 706 925 740 ipsa
943 705 998 733 dif-

216 753 316 782 ferens.
340 753 455 781 Garrula
476 753 548 780 enim
572 756 615 780 est
641 751 769 783 hirundo,
789 755 817 779 et
836 757 996 787 perpetuum

216 799 323 833 strepit.
341 797 424 826 Dulce
437 805 502 825 vero
512 796 641 832 quiddam
656 800 745 824 turtur
761 801 850 829 sanat,
863 801 891 824 et
904 797 1000 824 solitu-

217 844 290 872 dinis
309 849 351 872 est
367 851 472 871 amans.
489 842 588 871 Cicada
607 849 705 870 sonum
719 843 833 875 exilem,
853 842 935 870 veluti
951 849 1000 877 per

217 890 337 918 ﬁstulam
355 889 429 921 edit;
443 889 544 924 clangit
560 895 627 915 voce
640 895 716 923 grus,
735 888 861 916 columba
880 896 1002 915 murmu-

217 941 270 969 rat.
283 943 346 964 ursa
358 935 478 970 suspirat
493 940 520 963 et
534 942 629 963 vocem
642 935 751 962 mollem
767 934 864 967 habet;
877 934 1002 969 mugiens

220 988 315 1011 taurus
339 982 426 1009 instar
457 981 546 1015 tubae;
572 981 614 1009 leo
639 981 728 1016 rugitu
754 988 806 1008 suo
827 980 1000 1008 solitudinem

219 1028 360 1061 Concutit;
381 1027 467 1056 allicit
488 1026 522 1053 ad
538 1034 569 1054 se
589 1026 703 1054 vitulum
723 1026 847 1061 mugiens
869 1025 1001 1060 iuvenca;

220 1074 383 1102 crocitantes
409 1073 544 1100 clamores
566 1071 640 1099 corvi
656 1072 786 1107 populum
812 1072 1003 1107 perturbantes

221 1119 368 1149 emittunt;
383 1124 493 1146 carmen
514 1117 670 1146 luctuosum
685 1116 803 1144 bubonis
817 1120 870 1149 est,
884 1116 1004 1151 nuptiale

222 1171 287 1191 vero
302 1164 366 1191 tibia
377 1166 466 1195 sonat,
476 1162 647 1190 mortiferum
660 1162 736 1194 tuba.
748 1161 918 1190 saltatorium
935 1161 1004 1197 lyra,

223 1209 442 1244 Iripudiatorium
461 1212 630 1243 tympanum.
653 1207 750 1236 Omnia
769 1215 833 1235 vero
850 1208 878 1235 in
898 1207 1006 1234 univer-

223 1262 286 1283 sum
306 1261 321 1281 a
341 1253 483 1284 dulcisona
503 1253 648 1280 hominum
673 1259 739 1280 voce
757 1257 930 1286 superantur.
954 1252 1006 1280 llbi

223 1301 298 1328 enim
319 1300 347 1327 in
369 1299 437 1334 ipsis
448 1303 491 1329 est
513 1303 615 1327 nostra
631 1297 729 1332 linguae
743 1297 942 1332 signiﬁcantia,
966 1297 1008 1325 vel

224 1346 420 1381 perspicuitas,
436 1345 479 1372 vel
495 1348 642 1372 accuratus
661 1344 706 1373 ille
727 1351 813 1372 sonus
823 1363 830 1375 ,
845 1343 887 1370 vel
900 1343 1009 1371 concin-

225 1393 306 1426 nitas,
325 1391 368 1420 vel
388 1390 512 1419 suavitas
522 1390 535 1417 ?
545 1389 711 1421 Hirundines
732 1390 921 1418 columbarum
934 1398 1010 1417 mur-

226 1446 288 1466 mur
310 1436 508 1473 gemebundum
541 1444 596 1463 non
630 1435 794 1471 intelligunt,
821 1443 909 1471 neque
927 1443 1009 1470 grues

226 1490 365 1517 anserum,
387 1489 475 1518 neque
501 1485 601 1510 noctua
627 1481 787 1513 seleucidis,
807 1486 854 1509 aut
876 1481 1009 1517 alcyonis,

226 1535 273 1558 aut
286 1529 418 1565 pavonis;
436 1536 525 1564 neque
546 1528 649 1563 reliqua
668 1528 817 1556 animantia
835 1527 914 1555 bruta
931 1535 1011 1554 voces

228 1576 392 1610 alienigenas
406 1574 573 1605 norunt,sed
592 1581 680 1609 neque
697 1581 747 1600 nos
764 1573 822 1601 illas
839 1572 1011 1608 interpretari

229 1622 269 1649 vel
284 1621 422 1649 declarare
440 1627 597 1656 possumus.
620 1619 688 1653 Quis
707 1619 779 1647 enim
799 1619 867 1647 sciet
881 1619 945 1654 quid
969 1619 1013 1646 leo

230 1667 362 1703 signiﬁcet
376 1666 497 1702 rugiens.
512 1666 576 1700 quid
591 1666 660 1694 idem
680 1669 776 1693 taurus
793 1665 916 1700 mugiens
926 1685 933 1698 ,
947 1664 1012 1700 quid

228 1720 294 1740 vero
315 1712 438 1739 halantes
461 1712 531 1739 inter
550 1711 645 1739 bcedos
659 1710 742 1738 oves?
768 1710 864 1738 Omnia
885 1717 950 1738 vero
965 1712 1014 1738 ho-

233 1759 336 1786 minum
351 1756 485 1785 facundiae
496 1761 665 1791 cognoscunt
675 1756 894 1792 signiﬁcantium.
907 1755 1014 1783 Vocan-

231 1804 304 1834 tibus
324 1803 398 1832 enim
423 1803 577 1839 pastoribus
599 1803 731 1832 accedunt
747 1810 826 1836 oves,
846 1802 1015 1831 minantibus

232 1854 322 1878 autem
346 1856 443 1877 rursus
465 1849 605 1877 secedunt.
623 1848 756 1884 Caprario
774 1851 924 1884 clangente,
945 1848 1014 1876 hirci

233 1903 248 1923 a
266 1894 391 1930 frugibus
402 1894 527 1922 resiliunt
539 1913 547 1926 .
563 1899 591 1922 et
606 1902 639 1922 ex
656 1895 729 1922 arvis
749 1893 903 1927 declinant;
919 1893 1016 1921 simili-

233 1947 276 1969 ter
289 1947 376 1976 equus
389 1945 417 1969 et
431 1940 520 1968 mulus
540 1944 567 1968 et
581 1939 697 1973 asellus,
712 1940 822 1975 quando
839 1940 872 1967 ad
891 1939 1014 1967 dextram

234 1986 355 2021 quidem,
385 1989 433 2013 aut
462 1985 572 2021 quando
593 1985 627 2014 ad
651 1986 790 2014 sinistram
814 1986 932 2013 eundum
961 1990 1013 2019 est,

235 2031 352 2059 humana
372 2031 466 2066 lingua
478 2031 758 2060 instruuntur.Canes
777 2036 866 2060 autem
882 2031 916 2059 ad
931 2032 1015 2059 latra-

235 2083 292 2105 tum
312 2077 495 2112 prOsilientes,
514 2077 537 2105 si
559 2078 687 2105 inclamet
707 2078 800 2108 herus.
819 2078 1014 2110 extimescunt,

235 2128 262 2150 ct
278 2121 350 2150 illico
361 2121 394 2150 ad
415 2122 608 2157 quiescendum
629 2123 770 2150 sedantur.
789 2123 937 2150 Considera
954 2131 1017 2151 vero

236 2167 300 2195 mihi
320 2170 347 2194 et
368 2175 444 2195 suem
467 2171 615 2200 errantem,
639 2175 671 2194 ac
693 2175 759 2195 voce
772 2169 888 2203 pastoris
908 2169 942 2196 ab
971 2176 1017 2196 er-

238 2221 301 2241 rore
318 2217 515 2241 recurrentem.
537 2213 689 2248 Aliquotics
714 2214 795 2241 ctiam
824 2215 899 2242 canis
913 2222 1018 2249 capreae

237 2260 366 2287 insistens
390 2267 483 2291 cursu,
504 2264 647 2294 postquam
660 2259 768 2295 longius
787 2267 803 2288 a
827 2265 956 2288 venatore
975 2268 1018 2288 re-

236 2305 360 2338 cesserit,
372 2304 394 2332 si
408 2305 506 2333 fistula:
518 2305 626 2333 sibilum
637 2306 745 2333 eminus
759 2305 902 2338 audiverit,
917 2306 1017 2344 latratu

237 2350 358 2379 vicissim
379 2350 539 2386 respondet,
561 2350 691 2379 invocans
704 2351 835 2380 auxilium
852 2351 912 2387 eius
932 2359 946 2379 a
963 2359 1018 2387 quo

237 2396 290 2424 fuit
310 2396 439 2424 emissus.
460 2396 559 2431 Aspice
580 2403 645 2424 vero
666 2402 693 2424 et
712 2389 900 2425 columbarum
919 2405 1019 2425 convo-

238 2442 319 2473 Iatus,
339 2441 477 2477 quomodo
499 2441 595 2469 fistula:
615 2442 694 2469 sibilo
713 2442 807 2470 audito
828 2443 889 2478 ejus
906 2443 952 2478 qui
973 2451 1019 2471 eas

236 2487 366 2522 possidet,
385 2488 472 2514 instar
488 2487 568 2514 nubis
584 2487 616 2514 ad
636 2488 817 2517 columbarias
834 2493 924 2517 turres
938 2489 1019 2517 devo-

237 2533 302 2560 lent.
316 2531 404 2560 Omne
418 2533 482 2560 item
497 2532 707 2560 instrumentum
723 2534 856 2562 musicum
877 2535 909 2562 ad
922 2535 1019 2569 lingua:

236 2583 337 2606 nostrae
355 2586 438 2606 sonos
461 2578 636 2613 percussione
661 2587 759 2607 manus
779 2584 897 2615 aptatur.
918 2580 1019 2616 Estque

237 2631 300 2651 verc
314 2624 482 2657 admirabile,
495 2625 632 2659 quomodo
645 2632 705 2652 cum
720 2630 774 2652 tam
789 2633 871 2661 parva
887 2626 922 2654 sit
936 2630 1018 2661 atque

237 2673 340 2700 tenera,
349 2669 483 2704 duplicem
493 2673 582 2698 tamen
595 2669 749 2698 facultatem
763 2671 859 2698 habeat
867 2691 874 2703 ,
892 2671 1018 2706 gustandi

237 2713 366 2740 nimirum
391 2714 495 2747 habitu,
515 2720 543 2742 et
565 2715 734 2743 discernendi
758 2720 816 2743 tum
837 2721 934 2744 natura
960 2721 1018 2744 tum

237 2759 393 2793 disciplina,
419 2759 498 2793 idque
527 2767 575 2795 per
594 2761 754 2795 sapientiam
783 2762 842 2796 ejus
866 2762 912 2797 qui
931 2762 1017 2797 ipsam

238 2804 350 2836 ereavit,
370 2804 402 2830 ad
431 2811 538 2831 omnem
558 2805 693 2834 sufficiens
713 2807 847 2834 sermonis
873 2812 975 2835 motum
993 2811 1020 2835 et

238 2852 357 2882 gustum.
387 2848 438 2880 Qui
467 2852 534 2875 vero
557 2857 604 2883 per
634 2857 692 2878 eam
717 2857 771 2878 non
798 2855 907 2885 peccat,
933 2851 956 2878 is
982 2851 1021 2878 vir

274 2928 298 2945 τ’
314 2928 382 2956 Psal.
397 2936 459 2962 CXL,
479 2930 506 2958 5.

736 195 764 222 5.
784 193 935 223 CASSARII
955 191 1122 221 GREGORII
1143 190 1295 220 FRATRIS

1757 189 1827 216 1072

1047 249 1108 276 σθαι
1127 249 1157 276 τδ
1170 249 1246 276 Θεῖον
1258 248 1400 282 ἑσοιρίσατο
1410 256 1416 263 ·
1435 247 1565 282 ἐνδοτέρω
1581 246 1628 273 τοῦ
1645 247 1700 273 τῶν
1713 247 1828 275 ὀδόντων

1045 294 1205 330 ἐρείσματος
1236 294 1320 329 αὐτὴν
1346 293 1533 328 ὲναποδήσας,
1557 292 1589 319 ἵν’
1615 293 1754 326 ἀσφαλοῦς
1781 294 1828 320 τοῦ

1047 341 1175 376 φρουρίου
1198 339 1378 374 τυγχάνοντος
1401 339 1450 375 τῆς
1472 339 1595 370 εὐκολίας
1613 338 1829 374 σωφρονίζηται.

1053 386 1096 413 Ἐν
1113 385 1188 421 ὑγρῷ
1203 384 1257 421 γὰρ
1272 385 1401 420 κειμένη,
1422 385 1487 411 ποτὲ
1506 384 1556 419 μὲν
1579 384 1739 420 λοιδοροῦσα
1763 387 1833 411 κινεῖ

1047 432 1195 465 δυσωδίαν,
1217 431 1283 458 ποτὲ
1303 431 1332 457 δὲ
1357 430 1520 464 εὐλογοῦσα,
1550 430 1667 464 πηγάςει
1694 429 1834 466 ὑμνῳδίαν

1048 479 1107 514 Θεῷ
1125 478 1305 514 ἀναφέρουσα.
1328 478 1406 505 Κατὰ
1421 477 1502 505 Δαϐὶδ
1521 476 1610 503 τοίνυν
1626 477 1672 502 τὸν
1688 476 1833 503 θεσπέσιον

1049 525 1120 561 ᾀδειν
1133 525 1285 560 ὀφείλομεν,
1298 524 1366 557 Θοῦ,
1380 525 1478 558 Κύριε.
1493 522 1637 558 φυλακὴν
1651 522 1691 554 τῷ
1705 523 1834 557 στόματι

1046 579 1121 605 μου,
1148 571 1197 598 καὶ
1219 571 1313 605 θύραν
1334 569 1477 605 περιοχῆς
1504 570 1570 603 περὶ
1592 568 1630 596 τὰ
1656 569 1745 603 χείλη
1755 577 1832 603 μου·

1049 617 1140 652 ἁπαλὴ
1150 618 1203 653 γὰρ
1215 615 1281 644 οὖσα
1291 617 1337 644 καὶ
1348 616 1496 652 εὔστροφος
1512 616 1593 651 ῥᾴους
1604 615 1661 650 εχει
1677 615 1729 647 τὰς
1742 616 1835 650 ὲκτρο-

1050 662 1104 693 πὰς
1119 663 1152 698 τῇ
1169 663 1259 697 φωνῇ,
1276 661 1367 697 πάσης
1381 661 1472 696 φωνῆς
1486 660 1663 696 διαφέρουσα.
1678 661 1767 693 Λάλος
1786 661 1835 697 μὲν

1050 707 1106 743 γὰρ
1113 708 1129 743 ὴ
1135 708 1246 743 χελιδὼν
1253 708 1300 734 καὶ
1309 707 1339 734 άε
1344 707 1480 741 ίφθογγος,
1488 705 1659 741 γλυκόερωνος
1666 706 1695 733 δὲ
1703 707 1721 741 ἡ
1727 706 1835 741 τρυγὼν

1051 753 1098 780 καὶ
1111 753 1271 789 φιλέρημος,
1285 754 1299 780 ό
1311 752 1399 785 τέττιξ
1411 752 1611 789 συριγγόφωνος
1623 752 1739 788 βραχὺς,
1754 752 1836 786 κλαγ-

1051 797 1172 832 γόφωνος
1202 800 1216 825 ό
1239 799 1371 834 γέρανος,
1393 799 1410 833 ὴ
1432 797 1580 834 περιστερὰ
1606 798 1791 834 γογγύστρια,
1819 799 1837 833 ἡ

1052 844 1151 880 ἄρκτος
1167 844 1282 880 στεναρὰ
1296 843 1465 871 ὲκδεδυκῶσα
1480 844 1526 870 καὶ
1536 844 1650 875 ὕπουλος
1660 853 1668 860 ·
1686 845 1813 880 μυκαρδς
1823 846 1838 870 ό

1051 890 1151 926 ταῦρος
1166 890 1237 918 κατὰ
1260 891 1413 924 σάλπιγγα·
1432 890 1448 916 ὁ
1466 889 1533 917 λέων
1550 890 1694 925 βρυκτικὺς
1711 891 1838 917 διασείων

1052 935 1100 970 τὴν
1115 936 1234 971 ἔρημον·
1258 935 1332 962 ἕλκει
1354 936 1422 971 πρὸς
1445 935 1543 971 ἑαυτὴν
1566 935 1611 962 τὸν
1628 936 1730 971 μόσχον
1748 945 1838 971 μυκω-

1054 981 1122 1016 μένη
1146 981 1278 1016 δάμαλιςο
1299 980 1421 1016 κραυγὰς
1444 982 1469 1008 οἱ
1494 981 1610 1016 κόρακες
1633 981 1838 1016 δημοθορύὸους

1053 1027 1180 1061 ἀφίασιν·
1208 1026 1289 1060 μέλος
1310 1027 1406 1062 γοερὸν
1429 1027 1468 1062 τῷ
1495 1027 1672 1061 νυκτικόρακι
1698 1027 1838 1061 πέφυκεν

1053 1073 1172 1108 γαμικὸν
1185 1072 1214 1100 δὲ
1229 1073 1291 1108 ὴχεῖ
1310 1074 1324 1100 ό
1334 1072 1425 1105 αὐλὸς,
1441 1072 1550 1107 φονικὴν
1569 1073 1585 1108 ἡ
1608 1072 1740 1106 σάλπιγξ,
1756 1073 1839 1107 ὀρχη-

1055 1117 1146 1144 στικὸν
1169 1118 1185 1153 ή
1205 1118 1327 1154 πήττυς,
1353 1117 1511 1153 χορευτικὺν
1532 1117 1560 1144 δὲ
1576 1117 1623 1144 καὶ
1642 1117 1672 1144 τὸ
1686 1118 1839 1153 τύμπανον.

1055 1164 1146 1191 Πάντα
1157 1164 1185 1191 δὲ
1197 1164 1265 1200 ὁμοῦ
1275 1166 1326 1201 τῆς
1343 1164 1446 1200 βροτῶν
1464 1164 1618 1200 ήδυφωνίας
1636 1164 1770 1191 λείπεται.
1785 1164 1840 1191 Ποῦ

1055 1210 1109 1245 γὰρ
1119 1210 1147 1236 ὲν
1157 1210 1249 1242 αὐτοῖς
1266 1210 1316 1245 τῆς
1328 1210 1466 1246 ἡμετέρας
1476 1209 1597 1245 γλώττης
1618 1210 1649 1236 τὸ
1663 1209 1801 1246 εὔσημον,
1823 1210 1840 1244 ῆ

1055 1255 1169 1290 τρανὸν,
1191 1255 1207 1291 ἢ
1235 1255 1365 1290 εὐμελὲς,
1387 1255 1403 1291 ἥ
1421 1255 1558 1291 εὔρυθμον
1575 1255 1622 1283 καὶ
1642 1255 1792 1291 ἡδύτατονς
1808 1256 1842 1283 Δί

1057 1301 1190 1337 χελιδόνες
1201 1301 1256 1328 τῶν
1267 1301 1435 1337 περιστερῶν
1445 1301 1492 1328 τὸν
1506 1301 1661 1336 γογγυσμὺν
1675 1302 1727 1329 οὐκ
1741 1302 1841 1334 ἴσασιν,

1057 1347 1118 1374 οὐδὲ
1135 1347 1246 1382 γέρανοι
1268 1347 1322 1374 τῶν
1342 1348 1442 1383 χηνῶν,
1460 1348 1520 1374 οὐδὲ
1532 1347 1638 1383 γλαύκη
1658 1348 1707 1383 τῆς
1721 1348 1843 1375 σελευκί-

1058 1393 1112 1426 δος,
1125 1393 1141 1429 ῆ
1155 1393 1284 1424 ἀλκύονος
1297 1393 1314 1430 ἢ
1330 1393 1441 1426 ταῶνος,
1452 1393 1513 1421 οὐδὲ
1527 1393 1562 1420 τὰ
1572 1394 1652 1421 λοιπά
1667 1394 1723 1421 τῶν
1738 1395 1846 1429 ἀλόγων

1059 1437 1108 1470 τὰς
1131 1438 1283 1472 ἀλλογενεῖς
1304 1438 1395 1473 φωνάς
1419 1439 1578 1466 ἑπίστανται
1591 1458 1599 1471 ,
1615 1438 1672 1466 ἀλλ’
1686 1439 1749 1466 οὐδὲ
1764 1440 1845 1476 ἡμεῖς

1060 1484 1168 1516 ὲκείνας
1194 1485 1353 1521 ἑρμηνεύειν
1377 1485 1394 1521 ἢ
1417 1485 1573 1521 σαφηνίζειν
1598 1486 1772 1521 πεφύκαμεν.
1797 1488 1845 1519 Τίς

1060 1530 1113 1565 γὰρ
1137 1529 1238 1557 εἵσεται
1253 1530 1280 1557 τι
1294 1529 1343 1564 μὲν
1360 1531 1375 1557 ὁ
1390 1530 1458 1557 λέων
1477 1530 1603 1566 σημαίνει
1617 1531 1802 1567 βρυχόμενος,
1818 1532 1845 1558 τί

1061 1575 1090 1602 δὲ
1113 1575 1128 1602 ό
1150 1575 1250 1611 ταῦρος
1272 1575 1445 1611 μυκώμενος;
1470 1575 1496 1602 τί
1521 1576 1549 1603 δὲ
1569 1575 1722 1613 βληχόμενα
1744 1577 1846 1613 μεταξὺ

1062 1621 1116 1648 τῶν
1136 1622 1237 1657 ἐρίφων
1254 1621 1288 1649 τὰ
1311 1621 1451 1658 πρόδατας
1468 1622 1560 1650 Πάντα
1574 1623 1604 1650 δὲ
1619 1624 1668 1660 τῆς
1680 1623 1786 1659 βροτῶν
1800 1623 1846 1650 εὕ-

1063 1667 1195 1702 γλωττίας
1218 1668 1394 1703 ἐπιγινώσκει
1415 1668 1446 1695 τὸ
1466 1668 1594 1704 εὔσημον.
1613 1669 1775 1697 Καλούντων
1790 1670 1846 1706 γὰρ

1063 1713 1118 1740 τῶν
1135 1713 1281 1748 ποιμένων,
1299 1713 1402 1748 ἐγγίζει
1416 1714 1451 1741 τὰ
1466 1714 1599 1750 πρόϐατα,
1614 1714 1797 1742 ἀπειλούντων
1807 1716 1845 1744 δὲ.

1064 1756 1142 1788 αὖθις
1163 1759 1309 1794 ὑποχωρεῖ.
1335 1759 1388 1786 Τοῦ
1415 1759 1524 1787 αἰπόλου
1548 1760 1796 1795 ὲπικλαγγάξοντος
1822 1763 1846 1788 oi

1064 1804 1160 1840 τράγοι
1180 1804 1234 1832 τῶν
1253 1804 1367 1839 καρπῶν
1389 1805 1561 1839 άφαλῶνται,
1587 1805 1635 1833 καὶ
1651 1805 1708 1832 τῶν
1722 1806 1848 1843 ἁρουρῶν

1066 1849 1245 1878 ἐκκλίνουσιν.
1278 1849 1415 1882 Ὡσαύτως
1440 1850 1469 1877 δὲ
1492 1850 1574 1882 ἵππος
1598 1851 1646 1878 καὶ
1668 1850 1779 1886 ἡμίονος
1800 1852 1848 1879 καὶ

1067 1894 1129 1930 βοῦς
1142 1894 1187 1922 καλ⁴
1199 1894 1355 1929 ὑποζύγιον,
1366 1893 1430 1922 πότε
1442 1895 1490 1930 μὲν
1501 1895 1586 1929 δεξιὰ,
1598 1894 1664 1922 πότε
1677 1895 1708 1922 δὲ
1721 1895 1849 1932 εὐώνυμα

1065 1940 1165 1975 ὀφείλει
1185 1940 1363 1976 πορεύεσθαι,
1384 1941 1417 1976 τῇ
1440 1940 1542 1976 βροτῶν
1556 1940 1664 1978 γλώττῃ
1678 1941 1847 1970 παιδεύεται.

1066 1986 1154 2018 Κύνες
1172 1986 1200 2013 δὲ
1227 1986 1294 2022 πρὸς
1318 1986 1421 2023 ὑλακὴν
1435 1986 1604 2022 ἐξαλλόμενος
1624 1989 1657 2022 τῇ
1673 1988 1780 2024 ὲπακοῇ
1800 1987 1849 2015 τοῦ

1066 2030 1197 2066 ἠχοῦντος
1211 2031 1379 2067 πτήσαντες,
1399 2031 1495 2058 θᾶττον
1510 2031 1575 2066 πρὸς
1589 2033 1707 2070 ἠρεμίαν
1726 2032 1850 2068 κομίζον-

1066 2085 1120 2103 ται.
1145 2076 1199 2103 Θέα
1217 2076 1245 2103 δέ
1265 2085 1310 2111 μοι
1338 2076 1384 2103 καὶ
1407 2076 1455 2104 σῦν
1474 2077 1661 2112 πλανωμένην,
1682 2079 1714 2113 τῇ
1731 2078 1760 2104 δὲ
1774 2079 1848 2113 φωνῇ

1067 2121 1114 2148 τοῦ
1136 2121 1263 2157 νέμοντος
1285 2121 1335 2155 τῆς
1358 2120 1462 2157 πλάνης
1487 2122 1698 2149 ὲπαναθέουσαν.
1723 2122 1805 2150 Κύων
1822 2123 1850 2149 δὲ

1067 2165 1197 2197 πολλάκις
1207 2165 1315 2201 δορκάδι
1327 2166 1442 2192 ιπιθέων
1457 2166 1504 2193 καὶ
1516 2167 1610 2202 πόρρω
1625 2166 1672 2193 τοῦ
1687 2167 1850 2204 θηρολέκπυ

1069 2211 1298 2247 συναπεφοίτησε·
1315 2211 1359 2238 τὸν
1378 2211 1407 2238 δὲ
1429 2213 1560 2248 συριγμὸν
1577 2213 1747 2247 ἐπακούσας,
1765 2215 1849 2249 ὑλακῇ

1068 2257 1292 2292 ὰνταπεκρίνατο,
1304 2257 1485 2292 ἐπιϐοώμενος
1499 2257 1624 2293 βοήθειαν
1639 2260 1715 2294 παρὰ
1734 2259 1782 2286 τοῦ
1804 2262 1852 2286 ἐπ-

1068 2302 1286 2334 αποστείλαντος.
1305 2303 1399 2339 Ἀθρει
1421 2303 1453 2339 δὴ
1480 2303 1527 2331 καὶ
1549 2304 1603 2331 τῶν
1618 2306 1791 2340 περιστερῶν
1818 2307 1852 2333 τὰ

1070 2348 1265 2383 συμπτήματα,
1280 2347 1338 2380 πῶς
1344 2347 1392 2374 τοῦ
1404 2348 1537 2384 συριγμοῦ
1551 2349 1695 2377 ὲπαῖουσαι
1704 2350 1751 2377 τοῦ
1761 2351 1854 2386 ὴχοῦν-

1070 2402 1115 2425 τος
1133 2393 1245 2428 νεφηδὺν
1270 2393 1315 2419 ἐπὶ
1339 2393 1388 2425 τὰς
1406 2393 1516 2429 βάρῤεις
1538 2394 1728 2422 καθίπτανται.
1744 2396 1803 2422 Πᾶν
1824 2396 1852 2423 δὲ

1072 2439 1199 2475 μουσικὸν
1221 2438 1335 2474 όργανον
1354 2438 1422 2474 πρὸς
1437 2439 1471 2465 τὰ
1485 2440 1534 2475 τῆς
1549 2439 1672 2475 γλώττης
1687 2441 1768 2475 ἡμῶν
1783 2441 1854 2476 ἁπη-

1071 2485 1182 2520 χήματα
1200 2485 1232 2519 τῇ
1248 2483 1338 2518 πληγῇ
1356 2483 1406 2518 τῆς
1419 2485 1520 2519 ιχειρὸς
1533 2484 1681 2512 εὐθύνεται.
1697 2486 1754 2512 Καὶ
1772 2485 1854 2518 ὅντως

1072 2528 1244 2564 θαυμαστὸν,
1270 2528 1356 2564 πῶςή
1373 2528 1486 2564 βραχεῖα
1509 2529 1556 2556 καὶ
1572 2529 1664 2565 ἁπαλὴ
1677 2530 1771 2566 διττῆς
1784 2532 1854 2566 ἐνερ-

1072 2575 1150 2610 γείας
1164 2574 1297 2609 ὑπάρχει,
1319 2574 1449 2609 γευστικὴ
1465 2574 1548 2607 ἕξεως
1572 2576 1618 2602 καὶ
1634 2575 1790 2611 διακριτικὴ
1806 2577 1854 2610 φᾶο

1073 2619 1140 2651 sed);
1155 2628 1184 2646 τε
1199 2619 1244 2646 καὶ
1269 2618 1390 2651 παιδείας
1400 2638 1408 2652 ,
1424 2620 1457 2655 τῇ
1475 2620 1555 2656 σοφίᾳ
1568 2620 1616 2647 τοῦ
1633 2621 1853 2657 δημιουργήσαν-

1072 2674 1131 2697 τος,
1160 2664 1226 2700 πρὸς
1254 2665 1345 2691 πᾶσαν
1371 2665 1493 2700 ἀρκοῦσα
1520 2665 1598 2700 λόγου
1626 2667 1734 2701 κίνησίν
1755 2676 1783 2694 τε
1810 2669 1853 2694 καὶ

1073 2710 1175 2745 γεῦσιν.
1198 2710 1226 2736 '0
1243 2709 1271 2735 δὲ
1293 2709 1322 2735 ὲν
1338 2709 1405 2745 αὐτῇ
1423 2710 1460 2746 μὴ
1476 2711 1650 2746 ἁμαρτάνων,
1667 2710 1758 2747 οὗτος
1780 2714 1853 2747 ἀνὴρ

1071 2756 1181 2792 μέγας,
1206 2755 1335 2788 δυνατὸς
1365 2756 1608 2791 χαλιναγωγῆσαι
1643 2758 1693 2785 καὶ
1726 2759 1799 2786 ὅλον
1822 2760 1852 2786 τὸ

1073 2800 1174 2836 σῶμα,
1192 2801 1273 2836 φησὶν
1288 2799 1451 2827 ἐπιστέλλων
1463 2803 1496 2837 τῇ
1511 2802 1556 2836 ὑφ’
1567 2802 1635 2838 ἡλίῳ
1648 2804 1662 2830 ό
1674 2804 1746 2836 θεῖος
1767 2805 1853 2832 Ἰάκω-

1075 2849 1130 2880 60;.
1158 2847 1277 2878 Ὀδόντες
1302 2846 1347 2873 καὶ
1373 2847 1439 2882 ὁμοῦ
1465 2849 1658 2884 συνεργοῦντες
1680 2851 1774 2887 ἐκείνῃ
1789 2852 1851 2887 πρὸς
