1907 3043
87 131 158 160 ΙΙΠδ

85 189 238 223 διάλεκτον,
256 190 369 226 ἰσχυρὰν
382 190 451 226 αὐτῇ
469 191 650 227 παρεχόμενοι
664 192 731 228 πρὸς
742 193 788 220 τὸν
800 194 877 229 λόγον

87 238 138 272 τὴν
160 236 336 272 ἀντίρρησιν,
357 237 438 265 οἱονεὶ¹
458 238 596 274 πλήκτρου
620 240 730 275 χορδαῖς
748 241 878 276 κιννύρης

88 283 331 318 προσκφυομὲνης
361 284 455 318 αὐτῆς.
487 284 570 318 Ὁμοῦ
597 285 627 311 δὲ
651 286 697 312 καὶ
710 287 812 322 τροφῆς
829 288 880 314 ὑπ-

87 329 186 364 ηρέται
205 329 376 363 πεφύκασιν,
389 331 414 356 οἱ
430 330 480 366 μὲν
499 330 657 369 τέμνοντες,
682 332 707 358 οἱ
731 332 759 358 δὲ
784 332 879 359 λεπτύο

88 383 193 407 νοντες,
220 376 313 411 Τομῆς
337 375 387 411 μὲν
405 377 429 403 oi
450 375 614 412 ἔμπροσθεν,
632 377 709 412 μύλοι
722 378 750 404 δὲ
770 379 793 404 οἱ
809 378 879 405 ἐνδό-

88 427 183 454 τεροι,
210 420 254 446 διὰ
276 420 306 447 τὸ
324 420 518 448 ἀπολεπτύνειν
540 422 588 449 καὶ
605 422 720 449 λεαίνειν
745 423 780 449 τὰ
799 431 880 459 προσ-

90 465 216 500 αγόμενα
227 466 402 502 καταλλὴλως
420 466 591 502 καλούμενοι.
612 468 646 494 Ἥ
657 467 686 495 δὲ
701 467 743 504 et;
759 470 820 500 ταῖς
830 477 880 496 πα-

92 512 180 546 ρειαῑς
209 511 402 546 μεσιτεύουσα,
427 512 570 547 ἐφέλκεται
597 513 646 548 μὲν
665 514 711 540 καὶ
727 514 878 541 ἀντιδίδωσι

90 555 139 581 τὸν
162 556 247 591 ἀέρα,
272 556 465 592 ὲξοχετεύουσα
493 558 539 584 καὶ
563 558 609 585 τὸν
631 559 663 585 ἐκ
682 559 736 586 τῶν
758 560 879 595 κρανίων

92 600 198 636 ἰχῶρα,
224 601 254 628 τὸ
274 602 374 635 εὐῶδες
395 604 589 640 ἐπισπωμένη,
615 604 645 631 τὸ
658 605 681 632 δ’
694 606 816 632 ἐναντίον
831 615 878 641 μυ-

93 646 246 682 σαττομένη
256 655 263 662 ·
277 647 374 680 ἰούλοις
387 649 415 676 δὲ
427 649 478 681 τὰς
493 650 609 686 παρειὰς
620 651 768 683 σκιάζουσα
777 672 784 684 ,
798 652 879 688 ἡνίκα

90 690 144 725 τὴν
167 692 340 728 μειρακοειδῆ
353 692 400 719 καὶ
418 693 532 721 ἄστατον
552 694 660 730 ἡλικίαν
673 696 706 731 τῇ
721 696 881 733 καθεστώσῃ

91 736 273 772 ἀμείψωμεν,
295 737 330 765 τὰ
352 739 420 775 πρὸς
441 739 472 766 τὸ
491 740 543 776 ζῇν
565 741 811 776 περισκοποῦντες·
837 743 882 779 δη-

94 780 206 817 λούσης,
223 779 309 818 οἶμαι,
321 783 371 818 τῆς
383 783 490 818 φύσεως
502 785 583 822 μέχρι
594 786 655 813 τότε
671 787 751 822 μόνον
769 788 881 822 αὐξάνε-

95 827 170 858 σθαι,
187 827 234 854 καὶ
245 827 298 855 τῶν
309 829 399 856 πόνων
414 830 520 867 ἐκεῖθεν
534 831 677 860 ἅπτεσθαι.

776 135 950 165 DIALOGUS
964 136 1008 165 lli.

1639 131 1710 161 I071

930 203 1040 230 magnus
1062 199 1110 228 est,
1129 195 1174 229 qui
1193 198 1278 229 potest
1299 193 1377 229 quasi
1400 193 1474 228 freno
1493 191 1610 220 cohibere
1629 192 1711 220 etiam

927 245 1011 267 totum
1022 247 1115 274 corpus
1125 239 1160 272 ⁸⁸,
1170 239 1257 274 inquit
1267 239 1389 266 scribens
1402 238 1436 266 ad
1447 237 1584 272 quoslibet
1594 236 1646 265 sub
1654 237 1713 264 solo

926 285 1004 313 divus
1032 285 1078 312 ille
1095 284 1223 312 Jacobus.
1253 284 1353 312 Dentes
1381 283 1490 319 quidem
1515 290 1569 310 una
1586 290 1648 310 cum
1668 282 1713 309 illa

926 336 1110 366 cooperantur
1127 331 1161 358 ad
1181 330 1315 358 sermunis
1335 329 1432 357 scitam
1452 328 1713 364 pronuntiationem,

928 376 1035 404 ﬁrmam
1050 377 1087 404 illi
1106 376 1256 412 praebentes
1276 376 1309 403 ad
1331 382 1486 403 sermonem
1505 374 1713 409 exprimendum

930 423 1163 458 repercussionem
1174 442 1181 455 ,
1197 422 1282 449 veluti
1296 421 1319 449 si
1332 421 1465 456 plectrum
1477 420 1587 448 chordis
1601 420 1714 448 cithara

929 468 1066 495 allidatur.
1089 466 1177 495 Simul
1199 472 1290 494 autem
1313 470 1339 494 et
1357 465 1410 494 cibi
1434 465 1550 493 ministri
1566 470 1647 498 sunt;
1668 465 1714 492 alii

931 514 1041 549 quidem
1056 513 1221 544 incidentes,
1235 512 1281 539 alii
1294 519 1359 539 vero
1373 515 1555 538 attenuantes.
1572 510 1660 545 Atque
1673 511 1714 537 in-

931 559 1045 587 cisionis
1064 559 1172 594 quidem
1189 558 1294 593 priores
1309 562 1391 590 sunt,
1406 557 1522 585 molares
1536 560 1626 583 autem
1642 556 1715 583 inte-

932 606 1030 638 riores,
1046 604 1086 632 sic
1098 603 1223 639 appellati
1244 607 1307 638 apto
1318 602 1465 635 vocabulo,
1480 601 1554 637 quod
1569 604 1716 629 extenuent

931 656 959 680 et
976 653 1163 680 comminuam
1182 652 1297 686 ingesta.
1323 651 1410 678 Nasus
1434 654 1525 678 autem
1548 649 1620 676 inter
1632 654 1716 682 genas

933 699 1051 726 medium
1064 702 1169 729 tenens,
1184 697 1295 724 attrahit
1307 701 1334 724 et
1348 695 1440 724 reddit
1456 702 1530 727 aera,
1543 694 1668 721 derivans
1683 698 1717 721 ex

934 744 1021 778 capite
1041 743 1186 778 liquorem,
1202 745 1230 769 et
1248 741 1349 769 bonum
1374 740 1486 774 quidem
1505 738 1616 766 odorem
1634 741 1718 764 attra-

934 789 1018 822 hens,
1040 788 1209 816 contrarium
1234 791 1324 814 a‘u—tem
1352 785 1490 820 rejiciens.
1525 783 1617 811 Prima
1653 790 1718 810 vero

933 834 1018 862 barba
1042 841 1125 869 genas
1145 833 1220 868 tegit,
1243 832 1353 867 quando
1373 830 1505 867 puerilem
1529 834 1557 857 et
1581 830 1718 856 inllrmam

93 878 203 923 aetatem
223 883 285 923 cum
316 877 429 923 robusta
451 884 656 913 permutamus,
682 880 716 908 ad
734 888 766 908 ea
787 888 849 916 qua:
867 881 901 909 ad
920 882 984 909 vita;
1013 881 1203 909 necessitatem
1227 880 1373 915 pertinent,
1395 878 1516 906 animum
1549 877 1719 912 adjicientes,

89 921 229 948 -innuente
258 921 300 957 (ut
319 922 449 959 arbitror)
471 927 584 958 natura,
611 931 644 952 eo
671 929 777 952 tantum
800 933 888 962 usque
905 927 1042 954 hominem
1059 933 1191 958 crescere,
1206 930 1233 952 et
1244 924 1308 952 inde
1321 923 1430 952 labores
1443 930 1594 958 capessere.

131 989 269 1026 Εὖκαιρον
281 991 373 1020 τοίνυν
387 992 575 1029 συμμελῳδεῖν
586 994 661 1030 ἡμᾶς
673 993 712 1030 τῷ
728 994 820 1029 Aucte,
836 995 885 1028 Ὠς

95 1036 286 1072 ἐμεταλύνθη
296 1038 332 1065 τὰ
342 1038 414 1073 ἔργα
427 1047 496 1071 σου,
512 1040 599 1074 Κύριε
608 1048 615 1055 ’
631 1039 729 1067 πάντα
743 1041 778 1067 ἐν
792 1041 886 1076 σοφίᾳ

96 1083 247 1116 ἐποίησας
257 1092 264 1099 ·
285 1084 315 1111 ὲν
333 1083 405 1111 οὕτω
419 1084 534 1121 βραχείᾳ
547 1087 580 1122 τῇ
595 1086 701 1122 κεφαλῇ
714 1087 806 1119 πάσας
819 1088 886 1122 ἡμῖν

97 1128 149 1158 τὰς
161 1128 327 1163 τιμιωτέρας
339 1128 482 1164 αἰσθήσεις
496 1129 651 1165 ἐνθέμενος,
669 1131 776 1166 ὅρασιν,
788 1131 885 1167 ἀκοὴν,

99 1172 206 1206 γεῦσιν,
233 1173 376 1209 ὄσφρησιν,
400 1175 484 1209 ἐγγὺς
497 1175 619 1212 ἀλλήλων
633 1177 748 1212 ὁμόρους
762 1178 885 1213 δομίσας,

101 1217 256 1253 μηδετέρας
266 1219 356 1245 αὐτῶν
369 1219 567 1253 ἐπισκοτούσας
578 1222 611 1256 τῇ
628 1221 753 1258 ἐνεργείᾳ
768 1222 817 1258 τῆς
828 1223 886 1257 γεί-

99 1272 189 1295 τονος.
207 1264 268 1291 Οὐδ’
285 1262 319 1291 αὖ
339 1265 420 1292 πάλιν
433 1266 501 1301 πρὸς
516 1267 629 1299 ταύταις
642 1268 708 1302 ἡμῖν
724 1268 886 1304 ὑπάρχουσι,

101 1309 175 1344 πλὴν
191 1309 242 1344 τῆς
269 1310 313 1337 διὰ
332 1310 387 1338 τῶν
403 1311 504 1347 χειρῶν
516 1312 599 1348 ἁφῆς.
615 1314 653 1340 Εὺ
665 1333 673 1341 .
691 1334 697 1341 .
712 1334 720 1341 .
736 1334 743 1341 .
762 1333 770 1341 .
788 1334 795 1342 .
813 1323 859 1351 ρος
873 1316 888 1342 ὸ

101 1355 191 1392 αὐχὴν
210 1355 258 1383 καὶ
271 1357 438 1393 σύμμετρος,
455 1358 525 1385 ἀλλὰ
538 1359 572 1385 δι’
587 1360 668 1386 αὑτὸν
689 1360 861 1396 οὐρανόπτης
874 1361 889 1388 ὁ

101 1402 265 1438 ἄνθρωπος·
282 1403 299 1439 ὴ
319 1403 402 1431 εἰκὼν
415 1405 430 1431 6
447 1404 526 1440 ὀρθὸς
547 1405 710 1441 πρόσωπος·
725 1404 782 1434 οἷον
801 1407 890 1443 στύλῳ

103 1448 210 1484 κεφαλῇ
225 1449 462 1486 ὲπερηρεισμένη·
477 1450 582 1487 κεφαλὴ
593 1452 766 1488 καταλλήλως
777 1454 809 1488 τῇ
826 1462 889 1479 συν-

103 1492 202 1529 εργείᾳ
214 1493 262 1520 τοῦ
274 1494 387 1530 αὐχένος
401 1495 545 1531 κλινομένη
560 1496 607 1523 καὶ
618 1497 793 1524 ἀνανεύουσα.
806 1498 890 1524 Πέντε

103 1539 181 1574 δεξιᾷ
209 1539 291 1575 χειρὶ,
313 1541 436 1567 τοσοῦτοι
458 1540 487 1567 δὲ
512 1541 560 1569 καὶ
581 1543 614 1577 τῇ
636 1542 700 1578 λαιᾷ
723 1543 891 1578 ὑπάρχοντες

104 1582 248 1609 δάκτυλοι’
270 1584 301 1610 ὲν
325 1584 418 1616 αὺτοῖς
440 1584 470 1611 δὲ
489 1584 540 1620 τὴν
568 1586 663 1621 χέρσον
688 1586 832 1621 τέμνομεν,
858 1586 892 1613 τὰ

104 1627 158 1662 ὅρη
178 1627 390 1662 μεταλλεύομεν,
401 1629 451 1661 τὰς
467 1629 571 1665 κρήνας
582 1630 742 1666 ἀντλοῦμεν,
754 1632 892 1666 ποταμοὺς

109 1672 362 1708 μεταρυθμίζομεν.
387 1674 426 1700 Δι’
449 1673 538 1701 αὐτῶν
560 1675 702 1707 καλωδίοις
731 1676 779 1702 καὶ
806 1675 893 1708 ξύλοις

108 1718 331 1754 ποντοποροὖμεν
346 1718 396 1754 τὴν
415 1719 542 1752 ἄϐυσσον,
558 1719 731 1756 καταλλήλως
748 1721 794 1747 τοῦ
812 1720 893 1747 πνεύ-

110 1772 196 1799 ματος
207 1763 243 1790 τὰ
259 1763 328 1790 ἱστία
345 1764 394 1799 τῆς
410 1765 474 1800 νηὸς
493 1765 651 1801 ἀνέλκομεν,
666 1766 714 1792 καὶ
728 1767 791 1798 τοὺς
800 1766 895 1798 οἴακας

110 1806 248 1842 ἰθύνομεν,
275 1806 362 1842 θῆρας
378 1807 531 1842 ἀνημέρους
552 1807 713 1843 ζωγροῦμεν
731 1808 778 1835 καὶ
803 1809 896 1835 τιθασ-

111 1852 238 1888 σεύομεν1
254 1853 324 1888 κήτη
339 1853 524 1888 σαγηνεύομεν
541 1853 644 1888 βουνοῖς
658 1854 704 1880 καὶ
719 1854 795 1889 ὄρεσι
813 1854 896 1889 μεγὲ-

109 1898 154 1925 Oet
174 1898 365 1934 παραπλήσια,
377 1899 423 1926 καὶ
437 1899 497 1934 ὕψει
512 1900 632 1935 φοὸερά·
649 1899 694 1926 τὸν
709 1900 778 1935 ἀέρα
792 1900 897 1936 τρυγῶ-

112 1953 176 1980 μεν,
190 1946 248 1976 τοῖς
260 1944 393 1981 καλάμοις
404 1946 451 1972 τοῦ
469 1945 524 1978 ίεοῦ
540 1946 573 1972 τὰ
588 1946 699 1981 ἀερόῦια
717 1946 896 1982 χειρούμενοι.

111 1990 150 2017 Τδ
166 1990 195 2017 δὲ
211 1990 266 2026 πῦρ
287 1991 373 2023 οὕτως
390 1992 439 2027 μὲν
461 1991 572 2027 σφοδρὸν
596 1991 646 2027 τὴν
667 1992 766 2028 ὁρμὴν,
784 1991 898 2028 φοϐερόν

111 2037 141 2063 δὲ
167 2037 216 2072 τὴν
231 2037 315 2074 ἁφὴν,
331 2038 495 2072 λυμαντικόν
514 2046 544 2064 τε
559 2038 605 2064 καὶ
625 2037 711 2072 βίαιον
724 2038 773 2074 τὴν
792 2038 898 2074 κίνησιν

102 2081 152 2118 ’τῷ
179 2083 305 2119 ἡμετέρῳ
327 2083 420 2118 σκοπῷ
444 2083 590 2119 ὑπουργεῖν
621 2083 778 2119 βιαζόμεθα,
799 2084 846 2111 καὶ
866 2086 898 2120 τῇ

113 2129 231 2156 ἑκάστου
246 2129 341 2164 γνώμῃ
356 2129 640 2164 συμμεταϐάλλεσθαι.
657 2129 700 2156 Ἐν
709 2130 799 2162 αὐτοῖς
811 2130 840 2157 δὲ
853 2132 901 2157 καὶ

114 2175 208 2207 πόλεις
230 2175 383 2210 ἐγείρομεν.
408 2176 454 2202 καὶ
477 2176 606 2209 ἐπάλξεσι
624 2176 671 2202 καὶ
693 2176 802 2212 τειχίοις
827 2185 902 2212 περι-

113 2221 261 2255 ϐάλλομεν,
277 2221 432 2255 σφενδόναις
447 2222 494 2247 καὶ
510 2221 597 2254 τόξοις
610 2222 658 2249 καὶ
669 2222 771 2258 ἑτέροις
783 2222 902 2258 ἀμυντη-

115 2267 185 2302 ρίοις
195 2266 281 2298 αὐτὰς
289 2266 508 2298 καθοπλίζοντες.
524 2267 616 2302 Βραχὺ
629 2267 678 2302 μὲν
693 2267 741 2294 καὶ
754 2267 900 2302 περιφερὲς

114 2311 163 2338 καὶ
185 2310 371 2346 ἀδιάρθρωτον
384 2311 415 2338 τὸ
434 2312 483 2347 τῆς
500 2311 614 2346 καρδίας
631 2312 747 2347 ὑπάρχει
768 2312 899 2347 ὄργανον·

115 2358 145 2383 ὲν
164 2356 237 2391 αὐτῴ
251 2357 340 2383 δὲκαὶ
361 2357 401 2392 τῷ
421 2358 575 2392 ἐγκεφάλῳ,
597 2357 661 2392 περὶ
675 2357 753 2389 Θεοῦ,
778 2358 902 2392 ἀγγέλων

116 2403 164 2429 καὶ
177 2403 365 2438 ἀρχαγγέλων,
381 2404 506 2438 οὐρανοῦ,
525 2404 586 2439 γῆς,
603 2403 737 2439 Θαλάττης
752 2405 803 2443 καὶ.
813 2405 902 2438 πάσης

115 2448 186 2483 ὁμοῦ
215 2449 265 2484 τῆς
288 2449 402 2481 κτίσεως
425 2449 623 2485 βουλευόμεθα·
648 2450 730 2476 οἱονεὶ
750 2450 862 2485 ταμείου
884 2451 901 2486 ἢ

117 2494 249 2530 φρουρίου
262 2495 429 2530 ὑπάρχοντος
438 2495 488 2529 τῆς
501 2496 619 2531 ζωτικῆς
635 2496 663 2522 ἐν
675 2496 740 2531 ἡμῖν
755 2496 845 2528 αἰτίας
857 2496 904 2522 καὶ

120 2539 215 2575 ῥώμης
222 2539 269 2566 τοῦ
281 2540 457 2576 περικαρδίου
471 2541 635 2576 πνεύματος.
657 2541 734 2568 Ἐπεὶ
745 2539 790 2568 οὖν
802 2542 904 2577 κρήνην

118 2584 181 2612 τινὰ
197 2586 245 2612 καὶ
257 2586 344 2621 ἀρχὴν
358 2587 406 2620 τῆς
427 2587 564 2621 ἡμετέρας
588 2586 661 2622 ζωῆς
681 2587 750 2623 μετὰ
770 2587 837 2614 Θεὸν
855 2587 905 2622 τὴν

121 2632 235 2667 καρδίαν
260 2633 326 2667 ἡμῖν
345 2632 433 2665 ἔδοξεν
459 2633 605 2668 ὑπάρχειν,
629 2634 676 2668 ἀφ’
700 2633 734 2670 ἦς
759 2633 906 2665 αὑλοειδεῖς

120 2678 200 2712 πόροι
216 2677 373 2710 πολυειδῶς,
388 2679 481 2714 ἔτερος
500 2679 534 2705 δι’
550 2679 643 2713 ἑτέρου
661 2674 836 2715 διαφυόμενοι
852 2680 905 2715 ὃλῳ

122 2724 159 2759 τῷ
168 2724 285 2759 σώματι,
299 2725 330 2752 τὸ
339 2725 439 2760 θερμὸν
447 2726 493 2752 καὶ
508 2726 631 2761 πυρῶδες
639 2726 775 2762 διαχέουσι
786 2726 905 2761 πνεῦμα·

122 2769 216 2805 ἐπειδὴ
230 2770 339 2802 πάντως
356 2770 403 2797 καὶ
415 2769 520 2805 τροφὴν
536 2769 589 2797 ἔδει
602 2770 663 2798 τινὰ
677 2770 716 2806 τῷ
731 2770 825 2807 θερμῴ
837 2779 905 2806 συμ-

158 2861 180 2876 "’
195 2861 254 2889 Jac.
274 2869 315 2892 In.
329 2860 356 2888 ἃ.
394 2861 414 2877 "'
431 2860 503 2888 Psal.
519 2867 576 2893 Clll,
593 2860 636 2888 24.

973 994 1174 1029 Tempestivum
1189 993 1313 1028 proinde,
1329 997 1359 1020 ut
1374 999 1436 1019 cum
1453 990 1554 1018 Davide
1567 997 1698 1018 canamus
1711 998 1719 1017 :

937 1041 1023 1074 Quam
1038 1040 1113 1068 valde
1130 1040 1271 1075 magniﬁca
1282 1043 1342 1066 sunt
1360 1046 1439 1073 opera
1455 1037 1519 1064 tua!
1535 1037 1623 1064 omnia
1637 1037 1665 1064 in
1678 1045 1722 1062 sa-

936 1087 1035 1122 pientia
1048 1086 1164 1121 fecisti“
1180 1093 1186 1111 :
1202 1086 1229 1112 in
1245 1086 1334 1119 capite
1349 1091 1436 1119 usque
1450 1082 1518 1110 adeo
1530 1089 1614 1118 parvo
1628 1089 1722 1109 omnes

937 1132 1138 1168 praestantiores
1152 1138 1250 1159 sensus
1266 1134 1377 1157 nostros
1397 1129 1545 1162 collocatis,
1561 1128 1660 1159 visum,
1675 1135 1724 1155 au—

937 1179 1036 1211 ditum,
1056 1182 1177 1214 gustum,
1199 1176 1341 1207 olfactum,
1362 1182 1447 1210 prope
1469 1175 1540 1202 inter
1555 1181 1584 1202 se
1602 1174 1724 1201 contines

938 1224 1087 1257 aediﬁcans,
1106 1227 1190 1258 utque
1203 1226 1300 1250 neuter
1315 1221 1424 1249 illorum
1440 1220 1598 1256 operatione
1613 1227 1662 1247 sua
1682 1219 1724 1247 vi-

938 1270 1001 1297 cino
1015 1269 1066 1297 sibi
1082 1269 1189 1297 oliiciat.
1205 1267 1299 1303 Neque
1318 1267 1383 1295 item
1399 1271 1496 1302 praeter
1515 1266 1568 1294 bos
1583 1266 1629 1292 alii
1646 1265 1724 1292 nobis

940 1321 1014 1348 sunt,
1039 1319 1137 1350 praeter
1158 1318 1262 1342 tactum
1286 1321 1396 1341 manus.
1421 1313 1507 1347 Agilis
1523 1312 1615 1340 cervix
1635 1316 1677 1339 est
1698 1316 1726 1339 et

940 1361 1114 1397 proportione
1133 1366 1296 1395 congruens,
1313 1366 1361 1394 per
1372 1365 1454 1393 quam
1473 1362 1500 1385 et
1514 1357 1612 1385 coelum
1630 1365 1725 1385 versus

941 1411 1047 1442 spectat
1070 1407 1164 1439 homo,
1183 1406 1273 1440 imago
1297 1404 1343 1431 illa
1365 1409 1462 1431 erectae
1481 1403 1573 1434 faciei,
1583 1402 1665 1433 veluti
1679 1411 1727 1429 co-

941 1453 1040 1480 lumnae
1059 1452 1192 1479 innitente
1206 1450 1303 1485 capite,
1321 1449 1393 1484 quod
1410 1448 1585 1477 conveniente
1607 1447 1725 1482 quadam

943 1498 1047 1525 ratione
1073 1505 1122 1532 per
1143 1496 1363 1531 cooperationem
1389 1494 1504 1522 ccrvicis
1525 1501 1588 1521 sese
1612 1493 1654 1520 vel
1677 1493 1726 1520 de-

943 1543 1037 1576 mittit,
1051 1543 1094 1570 vel
1118 1550 1227 1570 sursum
1249 1542 1329 1570 levat.
1352 1540 1478 1575 Quinque
1494 1539 1612 1567 dextera:
1631 1538 1726 1566 manui

944 1588 1111 1623 totidemque
1133 1587 1251 1615 sinistrae
1264 1586 1341 1622 digiti
1365 1590 1438 1618 sunt,
1460 1584 1561 1620 quibus
1579 1588 1607 1611 et
1627 1588 1726 1611 terram

945 1640 1080 1667 secamus,
1108 1640 1123 1660 e
1160 1631 1300 1659 montibus
1329 1630 1437 1658 metalla
1460 1629 1614 1662 eﬂ'odimus,
1639 1628 1728 1655 fontes

946 1679 1098 1711 haurimus,
1123 1678 1235 1706 ﬂumina
1255 1677 1410 1712 dirigimus.
1435 1675 1486 1702 Per
1517 1675 1591 1710 ipsos
1618 1674 1728 1702 funibus

945 1727 973 1750 et
996 1723 1077 1758 lignis
1099 1722 1258 1758 navigamus
1281 1722 1423 1757 abyssum,
1447 1729 1479 1748 ex
1505 1720 1630 1755 opposito
1649 1719 1730 1747 ﬂatus

945 1769 1004 1796 vela
1020 1769 1098 1796 navis
1111 1768 1290 1796 subducimus
1303 1772 1331 1795 et
1347 1767 1561 1803 gubernaculum
1574 1766 1728 1801 dirigimus.

946 1815 1093 1842 lndomitas
1109 1814 1181 1842 feras
1201 1814 1325 1849 capimus
1338 1814 1415 1841 vivas
1433 1818 1460 1841 et
1474 1813 1640 1844 cicuramus.
1655 1816 1730 1839 cetos

947 1862 1021 1896 ipsos
1034 1861 1168 1896 capimus,
1179 1861 1263 1888 colles
1274 1864 1301 1887 et
1313 1864 1419 1887 montes
1430 1858 1616 1894 magnitudine
1625 1865 1732 1892 mquan-

947 1911 999 1938 tes,
1020 1911 1046 1934 et
1068 1910 1178 1940 aspectu
1195 1905 1340 1932 terribiles.
1365 1904 1435 1931 Aera
1459 1911 1507 1938 per
1521 1903 1630 1930 eosdem
1651 1902 1731 1936 quasi

948 1951 1159 1984 vindemiamus,
1175 1950 1289 1978 calamis
1302 1949 1370 1977 visci
1389 1948 1511 1976 viventes
1534 1947 1561 1974 in
1576 1955 1639 1974 aere
1655 1946 1732 1973 volu-

948 2005 1008 2025 cres
1020 1997 1167 2032 capientes.
1186 1995 1277 2031 Ignem
1295 1995 1376 2022 etiam
1398 1995 1466 2022 adeo
1481 1993 1665 2021 vehementem
1683 1993 1734 2020 im-

949 2048 1024 2079 petu,
1041 2043 1191 2071 terribilem
1208 2047 1292 2074 tactu,
1306 2040 1528 2076 populabundum
1544 2045 1570 2066 et
1585 2039 1732 2066 violentum

951 2093 1046 2120 motu,
1075 2091 1171 2114 nostro
1196 2086 1335 2121 proposito
1361 2084 1464 2113 servire
1487 2084 1622 2119 cogimus,
1648 2087 1676 2110 et
1700 2083 1734 2109 all

951 2133 1168 2168 uniuscujusque
1192 2132 1358 2160 voluntatem
1388 2138 1418 2158 se
1443 2129 1660 2158 accommodare.
1682 2127 1735 2155 Per

952 2181 1002 2207 hos
1017 2184 1044 2207 et
1064 2178 1189 2206 civitates
1203 2178 1382 2210 exstruimus,
1402 2181 1429 2203 et
1447 2175 1657 2210 propugnaculis
1676 2182 1736 2201 tnu-

953 2225 1043 2259 risque
1056 2224 1270 2254 eommunimus,
1285 2222 1377 2250 fundis
1397 2225 1425 2249 et
1444 2220 1562 2248 arcubus
1579 2225 1605 2246 et
1626 2219 1687 2246 aliis
1701 2221 1735 2245 ad

953 2269 1150 2297 defendendum
1181 2269 1285 2296 idoneis
1314 2267 1400 2295 armis
1424 2266 1596 2293 instruimus.
1619 2264 1735 2291 Parvum

954 2315 1076 2350 quidem,
1092 2320 1119 2343 et
1132 2314 1279 2342 rotundum
1295 2313 1467 2347 articuloque
1483 2319 1580 2340 carens
1592 2310 1682 2338 cordis
1696 2315 1738 2337 est

954 2369 1096 2396 organum,
1107 2361 1133 2388 in
1151 2361 1211 2395 ipso
1228 2364 1318 2387 tamen
1335 2366 1362 2386 et
1374 2358 1497 2389 cerebro,
1510 2357 1543 2384 de
1554 2356 1619 2389 Deo,
1634 2355 1737 2390 angelis

953 2412 981 2434 et
1004 2405 1186 2441 archangelis,
1207 2405 1286 2437 coelo,
1310 2410 1392 2437 terra,
1411 2404 1491 2436 mari,
1516 2407 1543 2430 et
1561 2402 1595 2430 de
1613 2401 1687 2429 omni
1709 2401 1736 2427 in

956 2452 1114 2479 universum
1128 2455 1253 2479 creatura
1265 2450 1460 2482 deliberamus,
1475 2448 1557 2475 veluti
1570 2455 1680 2482 promus
1691 2451 1739 2473 aut.

955 2501 1048 2525 custos
1063 2497 1155 2524 vitalis
1166 2497 1192 2524 in
1206 2497 1285 2523 nobis
1296 2503 1385 2523 causa:
1402 2500 1428 2522 et
1444 2494 1550 2521 roboris
1565 2493 1601 2520 sit
1614 2492 1736 2527 spiritus,

956 2544 1002 2579 qui
1017 2544 1090 2571 circa
1104 2551 1152 2570 cor
1163 2547 1213 2570 est.
1226 2542 1280 2570 Cor
1296 2542 1404 2577 quidem
1416 2544 1488 2568 certe
1503 2538 1603 2566 fontem
1619 2537 1737 2572 aliquem

956 2593 983 2616 et
1006 2588 1170 2624 principium
1193 2591 1293 2615 nostra:
1308 2587 1372 2614 vitae
1395 2590 1456 2620 post
1481 2583 1561 2612 Deum
1581 2591 1643 2610 esse
1662 2586 1738 2617 puta-

957 2641 1036 2666 mus;
1053 2641 1068 2660 a
1083 2641 1138 2668 quo
1154 2636 1260 2660 meatus
1272 2631 1370 2660 ﬁstulis
1386 2629 1542 2658 consimiles
1553 2627 1739 2662 multipliciter

957 2680 1027 2707 alius
1039 2688 1086 2714 per
1097 2679 1179 2706 alium
1194 2678 1301 2710 ductus,
1315 2677 1441 2704 universo
1456 2675 1564 2711 corpori
1579 2674 1697 2702 calidum
1711 2679 1738 2701 et

961 2727 1068 2760 igneum
1079 2726 1204 2760 spiritum
1217 2724 1381 2752 dill‘undunt.
1394 2722 1463 2755 Quia
1483 2725 1573 2749 autem
1587 2720 1700 2747 omnino
1712 2724 1738 2746 et

961 2772 1155 2800 nutrimentum
1175 2771 1283 2807 aliquod
1306 2770 1425 2806 oportuit
1436 2768 1533 2796 adesse
1551 2766 1635 2795 calori
1657 2774 1673 2794 a
1691 2774 1740 2793 na-
