1907 3043
211 110 282 138 1075

210 173 270 195 tnra
289 169 354 200 (non
379 168 453 196 enim
476 175 524 203 per
551 168 728 204 semetipsum
744 175 837 198 manet
861 171 930 206 ignis
947 171 993 206 qui

210 214 290 241 nobis
308 214 390 243 inest.
408 215 461 242 nisi
476 214 597 242 vicissim
613 216 760 251 nutriatur)
776 225 784 244 :
798 217 860 244 ideo
880 222 908 245 et
927 225 992 244 san-

209 259 300 293 guinis
315 261 421 292 listulte,
436 261 509 288 velut
519 269 552 288 ex
572 262 664 297 aliquo
680 261 755 290 fonte
775 263 810 290 ab
822 263 918 298 hepate
934 271 994 298 pro-

209 310 363 337 nzanantes,
377 306 493 333 calidum
509 306 584 334 illum
598 308 723 342 spiritutn
735 315 782 343 per
795 312 880 336 totum
895 316 995 344 corpus

208 352 384 383 comitantur.
402 360 436 380 ne
448 353 562 380 alterunt
578 354 663 382 altero
680 354 851 388 destitutum,
868 359 993 383 naturam

207 396 274 424 vitio
287 397 427 426 accidente
445 404 613 434 corrumpat.

242 485 378 518 Quoniam
403 495 468 514 vero
489 488 578 516 solum
601 490 691 518 omnis
718 490 874 526 indigentia:
895 498 994 526 expers

206 538 249 560 est
268 532 391 560 divinum
413 534 479 562 illud
504 534 620 568 Numen.
634 542 740 572 egestas
757 542 848 565 autem
871 537 994 565 mortalis

206 578 316 606 aliunde
333 581 484 615 assumptis
507 582 609 617 indiget
630 583 663 610 ad
687 583 730 611 sui
752 583 992 611 constitutionem:

207 623 310 651 Idcirco
332 632 393 652 cum
420 627 560 661 sanguinis
580 627 643 655 l'ons
661 628 698 656 sit
714 628 808 663 hepar,
833 628 993 656 nutrimeuti

207 670 359 697 subsidium
383 671 407 698 ei
430 674 616 700 necessarium
639 679 692 701 est.
709 674 788 707 Quod
809 675 881 702 enim
897 683 944 710 per
966 675 993 702 id

207 716 287 743 nobis
309 716 443 752 ingestum
458 722 511 751 est,
529 719 672 753 sanguinis
689 728 722 748 ex
742 721 838 755 hepate
852 721 994 756 scaturigio

208 770 270 790 nem
286 763 382 791 reddit.
399 764 632 798 Quemadmodum
649 766 677 794 in
701 771 793 795 monte
808 768 865 800 nix,
880 767 991 803 proprio

207 809 323 837 humore
339 809 427 838 fontes
449 811 482 838 ad
502 812 604 839 montis
621 812 727 840 radices
752 818 843 848 auget,
862 821 910 848 per
924 821 990 849 pro-

207 854 321 882 fundum
345 857 446 883 sensim
462 857 602 892 proprium
626 858 768 886 humorem
792 859 826 887 ad
846 859 991 888 inferiores

205 907 290 927 venas
309 900 473 935 deprimens.
491 902 609 938 Spiritus
630 909 721 932 autem
737 905 813 933 cordi
837 913 885 940 per
898 906 992 941 proxi-

206 952 281 972 mum
300 945 416 974 infertur
428 947 528 982 viscus,
540 949 614 984 quod
626 950 763 985 pulmonis
775 951 886 986 quidem
898 951 992 980 viscus

205 991 367 1026 appellatur,
385 993 456 1021 aeris
473 999 564 1022 autem
588 997 789 1031 receptaculum
811 1002 864 1031 est,
884 1006 932 1033 per
950 998 992 1025 in-

205 1041 306 1064 sertam
327 1039 455 1066 arteriam
473 1040 506 1067 ad
519 1048 550 1068 os
567 1041 763 1077 pertingentem
777 1048 920 1071 externum
936 1044 992 1078 spi-

204 1083 286 1110 ritum
306 1084 466 1119 respirando
479 1087 631 1115 attrabens.
649 1088 738 1124 Atque
759 1089 841 1124 hujus
857 1090 884 1117 in
901 1090 992 1118 medio

203 1137 252 1157 cor
263 1130 427 1163 involutum.
441 1139 548 1167 semper
561 1138 695 1167 movetur,
712 1135 890 1163 consimiliter
903 1141 934 1163 ut
949 1141 992 1163 est

203 1175 276 1210 ignis
288 1182 397 1210 natura,
412 1178 494 1212 quale
506 1179 571 1213 quid
589 1179 616 1206 in
638 1180 754 1208 ollicinis
764 1182 870 1209 aerariis
885 1182 989 1215 videas,

202 1229 236 1249 ex
253 1222 395 1257 adjacente
412 1224 540 1259 pulmone
558 1226 685 1260 spiritum
708 1226 744 1254 ad
758 1234 788 1254 se
800 1227 922 1259 trahens,
939 1228 990 1255 im-

203 1267 337 1303 pletisque
354 1276 402 1304 per
417 1269 601 1298 diductionem
622 1271 667 1298 sui
680 1271 854 1303 cavilatibus.
871 1272 988 1300 calorem

203 1322 283 1342 suum
302 1316 410 1344 arteriis
435 1316 532 1344 vicinis
552 1317 687 1352 praebens,
704 1323 835 1353 perpetuo
853 1322 928 1346 motu
948 1319 987 1346 el-

202 1360 260 1394 ιω,
276 1361 374 1396 partim
406 1361 575 1390 extrinsecus
597 1362 700 1398 aliquid
722 1371 771 1399 per
791 1364 834 1391 sui
855 1363 990 1392 diductio—

203 1413 264 1433 nem
282 1406 309 1433 in
328 1405 453 1441 proprias
469 1407 655 1435 eoncavitates
673 1407 823 1441 attrahens,
842 1409 940 1444 partim
955 1417 989 1436 ex

202 1459 232 1478 se
256 1459 304 1486 per
323 1452 554 1487 compressionem
583 1453 609 1480 in
634 1454 749 1482 arterias
773 1461 934 1486 excernens.
956 1462 989 1483 ac

200 1497 276 1525 velut
290 1497 317 1525 in
332 1496 443 1526 fornace
455 1506 503 1534 per
517 1499 636 1526 calorem
647 1500 805 1528 'naturalem
821 1501 990 1536 colliquatio-

201 1550 263 1570 nem
276 1543 423 1578 quamdam
446 1548 473 1571 et
489 1544 641 1572 coctionem
663 1545 793 1578 etiiciens,
812 1551 942 1581 tanquam
955 1554 987 1574 ex

200 1588 293 1624 aliquo
313 1589 419 1617 l‘usorio
442 1598 507 1618 vase
520 1590 554 1618 ad
580 1596 694 1619 caeteros
714 1596 821 1620 meatus
845 1593 986 1621 materiem

201 1635 376 1663 transl'undit.
393 1635 540 1672 Postquam
556 1641 648 1664 autem
662 1645 786 1665 crassum
798 1645 814 1665 a
833 1639 909 1666 tenui
930 1639 988 1667 dis-

199 1681 297 1714 crevit,
328 1681 461 1717 quidquid
483 1683 604 1710 crassius
619 1688 662 1710 est
679 1683 707 1710 in
723 1683 850 1711 intestina
869 1685 987 1720 repellit,

201 1728 292 1755 tenuia
309 1737 374 1756 vero
386 1733 413 1756 et
431 1737 446 1756 a
462 1729 589 1757 sordibus
604 1735 709 1757 secreta
724 1730 757 1757 ad
775 1735 868 1765 portas
882 1730 988 1766 hepatis

199 1773 296 1801 defert.
315 1773 455 1802 Ebulliens
468 1779 559 1802 autem
575 1775 640 1802 illud
655 1776 757 1809 calore,
779 1777 921 1804 humidum
945 1777 987 1805 in-

200 1823 244 1847 tus
258 1819 379 1854 deponit,
395 1825 423 1847 et
434 1821 505 1854 quod
523 1821 579 1856 igni
597 1827 743 1856 cognatum
758 1827 812 1855 est.
831 1823 858 1850 in
873 1824 985 1859 sangui-

200 1873 263 1892 nem
278 1865 363 1894 ruheo
377 1865 507 1893 inlectum
523 1866 614 1894 colore
628 1871 725 1894 tnutat.
743 1867 808 1901 Qum
825 1873 913 1896 autem
930 1870 985 1896 vim

200 1911 316 1938 mediam
336 1912 481 1946 quamdam
505 1912 618 1947 habent,
643 1921 675 1941 ea
698 1922 744 1949 per
760 1915 909 1950 quamdam
935 1916 986 1943 mi-

199 1962 303 1984 sturam
332 1962 597 1994 temperaturamque
619 1960 694 1987 unita
719 1960 837 1996 corpori,
861 1961 986 1988 nutriunt

198 2008 280 2038 atque
308 2010 472 2032 conservant
495 2013 543 2040 per
565 2006 770 2040 evaporationes
794 2007 947 2040 cerebrum,
969 2014 986 2034 a

197 2057 253 2083 quo
271 2057 379 2076 rursum
395 2050 490 2084 purius
509 2057 541 2077 ac
563 2051 691 2078 subtilius
706 2055 844 2079 attenuata
866 2051 986 2087 digesta-

197 2102 251 2128 que
266 2094 309 2121 illa
334 2095 483 2127 exhalatio,
499 2095 612 2123 sublinit
634 2096 819 2124 continentem
841 2097 984 2124 cerebrum

199 2140 396 2172 membranam,
410 2148 471 2175 quae
484 2149 602 2176 superne
614 2141 648 2168 ad
662 2141 792 2169 inferiora
806 2142 894 2169 instar
908 2141 985 2169 ﬁstu-

197 2185 230 2213 ιν
244 2193 304 2213 sese
319 2193 461 2221 spargens,
479 2194 528 2221 per
540 2187 703 2222 conjunctas
720 2188 816 2215 ordine
834 2187 885 2216 sibi
898 2187 984 2222 spina:

198 2231 353 2264 veltebras,
376 2232 550 2267 semetipsam
571 2237 598 2259 et
611 2237 765 2260 contentam
782 2233 808 2259 in
833 2240 863 2260 se
877 2233 983 2260 medul—

198 2279 251 2306 l‘ant
266 2280 432 2315 perducens,
445 2279 471 2306 in
487 2279 604 2307 verenda
621 2279 730 2312 desinit,
747 2283 843 2314 estque
855 2279 984 2306 omnibus

198 2325 301 2351 ossium
317 2327 344 2351 et
359 2332 520 2359 compingunt
534 2324 724 2352 commissuris
742 2323 984 2359 musculorumqne

198 2370 351 2405 principiis,
365 2370 449 2397 veluti
466 2369 641 2405 gubernatrix
661 2370 797 2405 quaedam,
814 2370 911 2398 indens
927 2370 982 2398 sin-

198 2416 270 2452 gulis
287 2420 391 2443 motum
406 2421 488 2451 atque
502 2416 632 2451 quietem.

238 2483 291 2512 Sed
310 2484 343 2511 ad
361 2483 530 2519 propositum
555 2487 732 2511 revertamur.
746 2482 882 2517 Quoniam
900 2491 982 2518 quam

198 2530 315 2559 maxime
342 2531 508 2565 praecipuum
534 2534 562 2557 et
585 2530 768 2557 necessarium
795 2530 857 2558 vitaz
883 2536 984 2558 nostra:

198 2577 350 2605 membrum
368 2583 416 2604 eor
428 2580 480 2607 est,
497 2575 559 2603 ideo
574 2583 629 2611 prae
641 2576 769 2604 omnibus
787 2576 889 2605 nostris
903 2584 983 2612 Orga-

198 2622 241 2649 nis
257 2629 320 2648 cum
344 2620 440 2655 primis
457 2621 545 2655 ipsum
570 2620 747 2648 communivit
763 2619 871 2656 Opil‘ex,
900 2621 982 2648 robu-

197 2667 328 2696 stioribus
342 2667 555 2702 circumquaque
571 2658 771 2694 munitionibus
794 2667 854 2702 ipso
875 2667 902 2694 in
922 2672 981 2695 tuto

198 2715 340 2747 collocato,
355 2718 381 2741 et
393 2718 473 2748 septo
487 2713 672 2746 circumdato;
686 2717 758 2740 retro
772 2713 881 2748 quidem
899 2714 982 2742 dorso

197 2766 225 2788 et
246 2761 425 2788 humerorum
450 2760 579 2794 scapulis,
605 2759 641 2787 ab
662 2763 778 2794 utroque
806 2767 876 2787 vero
897 2759 981 2788 latere

198 2812 336 2835 costarum
355 2806 409 2833 situ
424 2811 451 2834 et
464 2805 617 2840 complexu,
644 2814 679 2833 ne
699 2805 818 2833 medium
837 2805 916 2833 facile
930 2805 980 2834 ali-

199 2853 263 2888 quid
290 2852 417 2889 patiatur.
443 2851 541 2880 eﬂ'ecit.
567 2852 609 2879 Ab
633 2851 768 2880 anteriore
795 2856 884 2880 autem
902 2857 979 2888 parte

725 111 755 140 S.
776 112 926 140 CESARI!
946 112 1111 141 GBEGOIIII
1128 112 1282 140 FRATRIS

1769 112 1838 138 ποτε

1046 171 1175 206 παρεῖναι
1191 170 1267 206 παρὰ
1287 170 1338 204 τῆς
1359 169 1467 204 φύσεως
1477 168 1520 204 (οὗ
1533 168 1586 203 γὰρ
1599 167 1706 202 πέφυκε
1720 167 1752 194 τὸ
1770 168 1837 203 παρ’

1044 217 1111 252 ἡμῖν
1128 216 1184 252 πῦρ
1201 216 1292 252 μένειν
1307 216 1355 250 ἀφ’
1370 215 1467 242 ἑαυτοῦ
1491 215 1529 250 μὴ
1545 214 1588 241 διὰ
1599 213 1647 240 τοῦ
1664 213 1837 248 καταλλήλου

1044 261 1238 297 τρεφόμενον)·
1260 261 1301 288 διὸ
1323 260 1371 288 κα)⁸
1389 260 1435 287 τοῦ
1453 261 1569 295 αἵματος
1584 259 1685 294 ὀχετοὶ,
1707 259 1836 294 καθάπερ

1045 308 1078 334 ἐκ
1090 308 1194 342 κρήνης
1204 307 1277 339 τινος
1287 306 1334 333 τοῦ
1345 306 1449 342 ἥπατος
1460 305 1676 343 ἀφορμισθέντες
1690 305 1729 340 τῷ
1740 304 1838 340 θερμῷ

1044 352 1192 387 πνεύματι,
1203 351 1236 378 δι’
1250 351 1312 378 ὅλου
1325 350 1372 378 τοῦ
1385 350 1510 386 σώματος
1521 350 1786 386 συμπαροδεύουσιν,
1798 350 1836 381 ὡς

1044 397 1077 425 ἂν
1095 397 1132 433 μὴ
1150 397 1270 433 μονωθὲν
1284 396 1332 423 τοῦ
1352 396 1446 432 ἑτέρου
1457 396 1489 423 τὸ
1511 396 1604 431 ἕτερον
1622 394 1771 431 διαφθείρῃ
1786 394 1836 430 τὴν

1045 443 1127 477 φύσιν
1138 442 1224 474 πάθος
1240 441 1398 478 γενόμενον.

1086 488 1196 524 Ἐπειδὴ
1215 488 1304 515 τοίνυν
1317 488 1466 524 ἀπροσδεὲς
1484 488 1514 515 τὸ
1527 487 1616 520 Θεῖον,
1629 488 1646 522 ή
1665 486 1695 513 δὲ
1710 487 1836 521 πωχεία

1045 534 1148 570 βροτῶν
1161 533 1217 561 τῶν
1227 533 1324 566 ἔξωθεν
1334 533 1503 560 ἐπεισάκτων
1511 533 1595 559 δεῖται
1609 532 1678 567 πρὸς
1689 532 1836 559 σύστασιν⁸

1044 581 1068 607 εί
1090 580 1145 615 γὰρ
1166 580 1242 615 πηγὴ
1258 580 1306 607 τοῦ
1320 580 1437 615 αἵματος
1457 579 1574 614 ὑπάρχει
1587 578 1619 605 τὸ
1644 576 1734 614 ἧπαρ,
1752 579 1772 613 ἡ
1787 578 1836 613 τῆς

1043 627 1148 662 τροφῆς
1155 626 1271 663 χορηγία
1278 626 1418 661 ἀναγκαία
1432 626 1612 661 καθέστηκεν.
1625 625 1661 652 Τὸ
1669 625 1726 661 γὰρ
1739 625 1837 652 ἐπεισ-

1043 672 1177 708 αγόμενον
1196 674 1262 708 ἡμῖν
1285 672 1330 699 διὰ
1352 671 1467 707 ταύτης,
1490 671 1520 698 τὺ
1537 669 1606 706 αἷμα
1627 670 1721 707 βρύειν
1739 672 1773 697 ὲκ
1788 671 1836 697 τοῖν

1043 719 1147 754 ἥπατος
1167 718 1269 745 δίδωσι.
1285 718 1419 754 Καθάπερ
1431 719 1448 753 ἡ
1465 718 1512 745 ἐπὶ
1528 717 1576 744 τοῦ
1599 717 1678 752 ὄρους
1700 716 1770 752 χιὼν
1791 716 1835 743 διὰ

1043 764 1094 799 τῆς
1116 763 1205 796 οἰκίας
1220 764 1333 799 ἰκμάδος
1353 764 1403 797 τὰς
1423 763 1476 791 ὑπὸ
1494 763 1543 798 τὴν
1559 763 1697 799 ὑπωρείαν
1714 762 1835 795 αὔξουσα

1043 811 1158 845 κρήνας,
1179 809 1224 837 διὰ
1235 809 1282 837 τοῦ
1302 810 1401 845 βάθους
1416 809 1446 836 τὺ
1463 810 1563 836 οἰκεῖον
1576 809 1661 844 ὑγρὸν
1681 808 1835 843 λεληθότως

1043 856 1091 883 ἐπὶ
1103 856 1151 888 τὰς
1163 856 1238 883 κάτω
1256 855 1359 891 φλέϐας
1380 855 1571 883 συνθλίϐουσα.
1591 855 1628 881 Τὸ
1645 854 1674 881 δὲ
1687 854 1836 890 ἐγκάρδιον

1044 902 1153 938 πνεῦμα
1163 901 1209 929 διὰ
1217 902 1265 929 τοῦ
1280 902 1401 937 γείτονος
1412 902 1552 935 εἰσάγεται
1565 901 1733 935 σπλάγχνου,
1749 899 1835 927 πνεύ-

1045 955 1125 983 μονος
1140 946 1189 982 μὲν
1205 947 1487 982 προσαγορευομένου,
1502 947 1608 982 δοχείου
1620 947 1650 973 δὲ
1661 946 1835 982 ὑπάρχοντος

1041 992 1088 1020 τοῦ
1104 993 1195 1029 ἀέρος,
1215 993 1260 1020 διὰ
1273 993 1323 1029 τῆς
1337 993 1503 1029 ἐγκειμένης
1515 992 1650 1029 ἀρτηρίας
1673 993 1724 1028 τῆς
1742 992 1790 1018 ἐπὶ
1804 991 1835 1018 τὸ

1042 1039 1128 1073 στόμα
1144 1039 1302 1074 διηκούσης,
1321 1038 1352 1065 τὸ
1366 1038 1465 1071 ἔξωθεν
1477 1038 1586 1073 πνεῦμα
1599 1039 1660 1069 ταῖς
1676 1038 1831 1068 dumosi;

1040 1084 1230 1120 ἐφελκόμενον.
1242 1082 1279 1120 ’ᾫ
1293 1084 1382 1120 μέσως
1393 1085 1411 1120 ἡ
1423 1084 1522 1120 καρδία
1538 1083 1726 1119 ὲνειλημμένη
1744 1082 1833 1110 ἀεικί-

1040 1139 1129 1166 νητος,
1147 1129 1345 1166 παραπλησίως
1359 1130 1410 1165 τῆς
1426 1129 1473 1156 τοῦ
1496 1129 1584 1165 πυρὸς
1597 1129 1718 1164 φύσεως,
1736 1125 1793 1155 οἶόν
1805 1136 1832 1154 τι

1039 1177 1143 1213 δράκῃς
1153 1178 1183 1204 ἑν
1198 1178 1255 1209 τοῖς
1268 1177 1417 1213 χαλκείοις,
1435 1177 1478 1211 ἐφ’
1492 1173 1534 1207 οἷς
1548 1176 1623 1203 ἕλκει
1639 1176 1670 1202 τὸ
1684 1175 1753 1210 πρὸς
1769 1175 1832 1202 ἑαυ-

1039 1222 1089 1258 τὴν
1102 1223 1135 1250 ἐκ
1147 1222 1195 1250 τοῦ
1215 1222 1420 1258 παρακειμένου
1435 1221 1592 1258 πνεύματος
1605 1221 1784 1256 πληρουμένη
1797 1222 1830 1256 τῇ

1039 1267 1163 1304 διαστολῇ
1187 1268 1238 1301 τὰς
1256 1268 1428 1304 κοιλότητας,
1454 1268 1501 1295 καὶ
1524 1267 1555 1294 τδ
1582 1267 1707 1303 πυρῶδες
1731 1266 1833 1301 έαής

1039 1315 1222 1350 ὲκπορίζουσα
1242 1316 1303 1346 ταῖς
1326 1314 1469 1350 ἐχομέναις
1487 1313 1649 1350 ἀρτηρίαις·
1667 1313 1833 1348 ἀεικινὴτως

1039 1361 1144 1391 έχπνεῖ,
1159 1361 1189 1388 τὸ
1208 1361 1258 1397 μὲν
1273 1360 1373 1393 ἔξωθεν
1390 1359 1602 1395 διαστελλομένη
1619 1360 1661 1391 εἰς
1679 1359 1731 1390 τὰς
1741 1359 1832 1389 οἰκίας

1039 1407 1198 1442 κοιλότητας
1212 1406 1297 1438 ἕλκει,
1309 1407 1340 1434 τὸ
1351 1406 1380 1434 δὲ
1393 1407 1458 1442 παρ’
1473 1406 1571 1441 ἑαυτῆς
1585 1406 1630 1432 διὰ
1638 1406 1688 1441 τῆς
1704 1404 1831 1440 συμπτύ-

1040 1451 1108 1485 ξεως
1125 1454 1184 1484 ταῖς
1199 1454 1344 1490 ἀρτηρίαις
1360 1452 1483 1489 ἐκκρίνει
1495 1460 1502 1468 ·
1517 1451 1612 1488 ὥσπερ
1634 1451 1663 1478 δὲ
1678 1452 1708 1478 ἐν
1727 1460 1831 1487 χωνευ-

1037 1498 1125 1533 τηρίῳ
1149 1499 1194 1526 διὰ
1213 1499 1264 1535 τῆς
1287 1499 1404 1535 φυσικῆς
1427 1498 1593 1534 θερμότητος
1615 1497 1741 1533 σύντηξιν
1768 1507 1832 1525 τινα

1039 1543 1087 1570 καὶ
1102 1543 1184 1579 πέψιν
1194 1544 1244 1579 τῆς
1259 1544 1325 1580 ὖλης
1334 1544 1494 1580 ποιουμένη,
1509 1544 1590 1570 οἱονεὶ
1598 1544 1629 1570 ὲκ
1642 1544 1742 1579 χοάνης
1756 1544 1830 1576 τινος

1038 1589 1108 1625 πρὸς
1127 1590 1190 1622 τοὺς
1210 1591 1309 1626 ἐφεξῆς
1334 1591 1435 1626 πόρους
1455 1591 1577 1626 μεταχεῐ.
1593 1590 1630 1616 Τὸ
1645 1590 1719 1625 παχὺ
1736 1590 1764 1616 δὲ
1781 1589 1830 1616 τοῦ

1037 1636 1137 1663 λεπτοῦ
1152 1636 1315 1672 διακρίνασα
1332 1637 1381 1672 τὴν
1397 1636 1464 1672 ὓλην
1479 1638 1535 1668 τοῖς
1549 1636 1672 1673 ἐντέροις
1685 1636 1828 1668 ἀπώσατο,

1036 1683 1067 1709 τὸ
1080 1682 1178 1710 λεπτὸν
1194 1683 1242 1710 καὶ
1261 1683 1406 1719 εἱλικρινὲς
1423 1683 1470 1710 ἐπὶ
1483 1684 1532 1715 τὰς
1548 1683 1635 1715 πύλας
1651 1683 1699 1710 τοῦ
1721 1684 1828 1719 ἥπατος

1037 1728 1146 1755 ἔδωκεν.
1167 1728 1331 1761 Ἀναζέουσα
1343 1728 1372 1755 δὲ
1386 1729 1425 1764 τῷ
1440 1728 1535 1765 θερμῷ
1553 1729 1584 1755 τὸ
1603 1729 1686 1764 ὑγρὸν
1702 1729 1828 1755 ἐναποτί-

1036 1774 1122 1805 θεται,
1141 1774 1206 1801 αὐτὸ
1219 1775 1250 1801 τὸ
1262 1774 1392 1809 συγγενὲς
1405 1774 1451 1801 τοῦ
1467 1775 1553 1811 πυρὸς
1562 1775 1602 1806 είς
1616 1771 1687 1810 αἷμα
1697 1774 1728 1801 τὺ
1743 1774 1827 1809 ὑγρὸν

1036 1819 1259 1855 καταφοινίξασα,
1272 1819 1308 1847 τὰ
1315 1819 1345 1846 δὲ
1359 1821 1425 1855 παρ’
1439 1820 1535 1856 ἑτέρας
1545 1820 1688 1854 δυνάμεως
1701 1820 1747 1846 διά
1754 1828 1826 1850 τινος

1037 1865 1137 1901 μίξεώς
1148 1873 1178 1892 τε
1195 1865 1243 1893 καὶ
1259 1865 1437 1901 συγκράσεως
1452 1866 1592 1893 ἑνωθέντα
1604 1865 1644 1899 τῷ
1659 1865 1766 1902 σώματι
1780 1866 1824 1892 διὰ

1034 1910 1082 1937 τοῦ
1104 1911 1231 1946 αἵματος,
1261 1911 1408 1947 ὑποτρέφει
1425 1920 1455 1938 τε
1482 1912 1530 1938 καὶ
1544 1912 1684 1947 συνίστησι
1708 1912 1753 1938 διὰ
1770 1911 1827 1938 τῶν

1035 1955 1130 1992 ἀτμῶν
1144 1956 1191 1983 τὸν
1204 1957 1366 1991 ἐγκέφαλον,
1384 1957 1430 1992 ἀφ’
1444 1953 1474 1984 οὗ
1490 1957 1570 1984 πάλιν
1584 1958 1632 1984 ἐπὶ
1648 1957 1686 1985 τὸν
1696 1957 1824 1994 καθαρώ-

1034 2010 1113 2037 τερον
1134 2002 1352 2039 ὲκλεπτυνομένη
1375 2004 1393 2039 ὴ
1410 2004 1457 2030 ἀπ’
1479 2003 1584 2031 ἐκείνου
1610 2004 1750 2036 ἀνάδοσις,
1776 2004 1824 2030 6.:-

1034 2048 1141 2083 αλείφει
1150 2048 1196 2075 τὸν
1208 2049 1381 2084 περιεκτικδν
1390 2049 1437 2076 τοῦ
1446 2050 1597 2084 ἐγκεφάλου
1607 2050 1706 2085 ὑμένα,
1716 2051 1746 2082 ὃς
1755 2052 1823 2077 ἄνω-

1034 2093 1080 2119 θεν
1094 2094 1140 2120 ἐπὶ
1154 2093 1185 2120 τὸ
1203 2094 1284 2129 βάθος
1298 2094 1444 2127 αὐλοειδῶς
1453 2095 1564 2130 διήκων,
1578 2095 1623 2122 διὰ
1635 2095 1690 2122 τῶν
1706 2096 1823 2130 καθεξῆς

1035 2137 1190 2172 σφονδύλων
1200 2139 1295 2166 ἑαυτόν
1312 2147 1342 2165 τε
1362 2139 1410 2166 καὶ
1428 2139 1473 2166 τὸν
1495 2140 1656 2175 ἐγκείμενον
1674 2141 1772 2176 μυελὸν
1785 2141 1822 2167 δι-

1034 2183 1151 2218 εξάγων,
1169 2184 1213 2211 διὰ
1225 2185 1276 2219 τῆς
1291 2185 1393 2221 νύσσης
1411 2186 1594 2222 συναπολήγει
1615 2186 1663 2213 ἐπὶ
1675 2187 1712 2214 τὰ
1725 2188 1822 2219 αἰδοῖα,

1035 2230 1137 2262 πάσαις
1152 2231 1254 2258 ὀστέων
1275 2231 1323 2258 καὶ
1344 2231 1483 2267 ἁρμονιῶν
1501 2233 1661 2268 συμϐολαῖς,
1681 2235 1731 2260 καὶ
1748 2235 1822 2269 μυῶν

1034 2277 1132 2312 ἀρχαῖς
1151 2274 1207 2308 οἷός
1224 2285 1266 2309 τις
1286 2276 1392 2313 ἡνίοχος
1420 2279 1516 2310 αὐταῖς
1536 2279 1656 2311 ἐνδιδοὺς
1681 2279 1734 2314 τῆς
1763 2279 1822 2306 καθ’

1034 2322 1148 2349 ἕκαστον
1164 2323 1298 2358 κινήσεώς
1311 2332 1341 2350 τε
1356 2325 1404 2350 καὶ
1417 2324 1548 2357 στάσεως.

1074 2488 1144 2515 Ἀλλ’
1159 2489 1205 2516 ἐπὶ
1221 2489 1251 2515 τὸ
1265 2490 1444 2526 προκείμενον
1458 2490 1648 2526 έπανήξωμεν.
1657 2492 1720 2519 Ὀτι
1734 2491 1765 2518 τδ
1778 2500 1820 2518 κυ-

1036 2533 1166 2568 ριώτατον
1188 2535 1234 2561 καὶ
1248 2535 1398 2570 ἀναγκαῖον
1416 2536 1495 2572 ήμῶν
1518 2537 1569 2572 τῆς
1587 2537 1661 2572 ζωῆς
1682 2538 1700 2573 ὴ
1723 2538 1819 2573 καρδία

1034 2580 1151 2616 ὑπάρχει
1159 2588 1166 2595 ’
1185 2579 1225 2607 διὸ
1237 2581 1285 2608 καὶ
1299 2581 1375 2617 παρὰ
1384 2581 1474 2609 πάντα
1484 2582 1563 2618 ἡμῶν
1570 2582 1605 2609 τὰ
1620 2583 1737 2618 ὄργανα,
1753 2583 1819 2618 μᾶλ-

1032 2626 1078 2653 λον
1099 2626 1183 2661 αὐτὴν
1202 2627 1216 2653 ὁ
1231 2626 1401 2663 Δημιουργδς
1420 2627 1642 2663 κατησφαλίσατο
1654 2630 1717 2660 ταῖς
1729 2629 1760 2655 ὲν
1772 2628 1819 2655 κύ-

1033 2672 1089 2707 κλῳ
1099 2671 1153 2698 τῶν
1171 2672 1355 2708 στεῤῥοτέρων
1366 2674 1507 2708 περιοχαῖς
1518 2673 1662 2710 ὀχυρώσας
1676 2673 1763 2708 αὐτὴν
1773 2674 1819 2700 καὶ

1032 2716 1217 2752 περιφράξας·
1235 2717 1350 2744 κατόπιν
1374 2717 1424 2752 μὲν
1435 2719 1468 2753 τῇ
1493 2718 1580 2754 νύσσῃ
1597 2718 1645 2744 καὶ
1658 2720 1720 2749 ταῖς
1745 2718 1817 2753 ὠμο-

1031 2762 1146 2794 πλάταις
1157 2770 1164 2778 ·
1180 2762 1241 2789 καθ’
1256 2762 1387 2798 ἑκάτερον
1400 2763 1429 2790 δὲ
1441 2764 1566 2798 πλάγιον,
1579 2765 1613 2799 τῇ
1624 2764 1679 2790 τῶν
1690 2764 1820 2799 πλευρῶν

1031 2809 1104 2836 θέσει
1119 2808 1299 2844 περιπτύξας,
1317 2809 1453 2842 δυσπαθὲς
1467 2810 1498 2836 τὸ
1518 2810 1601 2846 μέσον
1616 2810 1815 2846 ἀπειργάσατο.

1040 2855 1084 2882 Ἑν
1099 2854 1128 2881 δὲ
1146 2856 1202 2886 τοῖς
1217 2854 1371 2891 ἔμπροσθεν
1384 2856 1414 2883 τὸ
1433 2856 1543 2892 στέρνον
1559 2857 1607 2884 καὶ
1621 2856 1671 2892 τὴν
1689 2856 1819 2891 αυζυτίαν
