  <div class='ocr_page' id='page_1' title='image "/cluster/home/n/w/nwhite01/storage/ocr_20150623/38/njp.32101077772570/548.png"; bbox 0 0 1907 3043; ppageno 0'>
   <div class='ocr_carea' id='block_1_1' title="bbox 86 133 157 160">
    <p class='ocr_par' dir='ltr' id='par_1_1' title="bbox 86 133 157 160">
     <span class='ocr_line' id='line_1_1' title="bbox 86 133 157 160; baseline 0 0"><span class='ocrx_word' id='word_1_1' title='bbox 86 133 157 160; x_wconf 77' lang='grc' dir='ltr'><strong>ΙΟΠ</strong></span> 
     </span>
    </p>
   </div>
   <div class='ocr_carea' id='block_1_2' title="bbox 83 187 872 224">
    <p class='ocr_par' dir='ltr' id='par_1_2' title="bbox 83 187 872 224">
     <span class='ocr_line' id='line_1_2' title="bbox 83 187 872 224; baseline 0.001 -10"><span class='ocrx_word' id='word_1_2' title='bbox 83 187 137 222; x_wconf 78' lang='grc' dir='ltr'>τῆς</span> <span class='ocrx_word' id='word_1_3' title='bbox 155 187 257 219; x_wconf 77' lang='grc' dir='ltr'>κλειδὸς</span> <span class='ocrx_word' id='word_1_4' title='bbox 267 188 454 224; x_wconf 74' lang='grc' dir='ltr'>προεστήσατο</span> <span class='ocrx_word' id='word_1_5' title='bbox 463 196 469 202; x_wconf 93' lang='grc'><strong>·</strong></span> <span class='ocrx_word' id='word_1_6' title='bbox 484 187 614 215; x_wconf 80' lang='grc' dir='ltr'><strong>πάντοθεν</strong></span> <span class='ocrx_word' id='word_1_7' title='bbox 627 188 696 224; x_wconf 77' lang='grc' dir='ltr'>αὐτῇ</span> <span class='ocrx_word' id='word_1_8' title='bbox 708 189 738 215; x_wconf 81' lang='grc' dir='ltr'><strong>τὺ</strong></span> <span class='ocrx_word' id='word_1_9' title='bbox 751 188 872 223; x_wconf 72' lang='grc' dir='ltr'>ἀσφαλὲς</span> 
     </span>
    </p>
   </div>
   <div class='ocr_carea' id='block_1_3' title="bbox 85 234 875 269">
    <p class='ocr_par' dir='ltr' id='par_1_3' title="bbox 85 234 875 269">
     <span class='ocr_line' id='line_1_3' title="bbox 85 234 875 269; baseline 0.003 -9"><span class='ocrx_word' id='word_1_10' title='bbox 85 234 143 260; x_wconf 82' lang='grc' dir='ltr'><strong>ἀπὸ</strong></span> <span class='ocrx_word' id='word_1_11' title='bbox 159 234 213 260; x_wconf 83' lang='grc' dir='ltr'><strong>τῶν</strong></span> <span class='ocrx_word' id='word_1_12' title='bbox 228 234 327 266; x_wconf 79' lang='grc' dir='ltr'>ἔξωθεν</span> <span class='ocrx_word' id='word_1_13' title='bbox 340 234 518 269; x_wconf 78' lang='grc' dir='ltr'><strong>διοχλούντων</strong></span> <span class='ocrx_word' id='word_1_14' title='bbox 535 234 667 269; x_wconf 78' lang='grc' dir='ltr'>φυλάξας.</span> <span class='ocrx_word' id='word_1_15' title='bbox 689 235 772 267; x_wconf 80' lang='grc' dir='ltr'>Ἰδίως</span> <span class='ocrx_word' id='word_1_16' title='bbox 784 235 812 262; x_wconf 78' lang='grc' dir='ltr'>δὲ</span> <span class='ocrx_word' id='word_1_17' title='bbox 827 235 875 262; x_wconf 79' lang='grc' dir='ltr'>καὶ</span> 
     </span>
    </p>
   </div>
   <div class='ocr_carea' id='block_1_4' title="bbox 88 279 874 316">
    <p class='ocr_par' dir='ltr' id='par_1_4' title="bbox 88 279 874 316">
     <span class='ocr_line' id='line_1_4' title="bbox 88 279 874 316; baseline 0.001 -11"><span class='ocrx_word' id='word_1_18' title='bbox 88 279 156 314; x_wconf 74' lang='grc' dir='ltr'>περὶ</span> <span class='ocrx_word' id='word_1_19' title='bbox 175 279 224 306; x_wconf 89' lang='grc' dir='ltr'>τοῦ</span> <span class='ocrx_word' id='word_1_20' title='bbox 240 279 392 316; x_wconf 82' lang='grc' dir='ltr'><strong>πνεύμονος</strong></span> <span class='ocrx_word' id='word_1_21' title='bbox 408 280 515 314; x_wconf 79' lang='grc' dir='ltr'>φύσεως</span> <span class='ocrx_word' id='word_1_22' title='bbox 530 280 574 307; x_wconf 83' lang='grc' dir='ltr'><strong>διὰ</strong></span> <span class='ocrx_word' id='word_1_23' title='bbox 590 280 714 316; x_wconf 82' lang='grc' dir='ltr'>βραχέων</span> <span class='ocrx_word' id='word_1_24' title='bbox 733 282 874 316; x_wconf 85' lang='grc' dir='ltr'>φήσωμεν.</span> 
     </span>
    </p>
   </div>
   <div class='ocr_carea' id='block_1_5' title="bbox 88 323 877 363">
    <p class='ocr_par' dir='ltr' id='par_1_5' title="bbox 88 323 877 363">
     <span class='ocr_line' id='line_1_5' title="bbox 88 323 877 363; baseline 0.004 -13"><span class='ocrx_word' id='word_1_25' title='bbox 88 324 137 359; x_wconf 80' lang='grc' dir='ltr'><strong>Τῷ</strong></span> <span class='ocrx_word' id='word_1_26' title='bbox 157 324 263 360; x_wconf 80' lang='grc' dir='ltr'><strong>Θώρακι</strong></span> <span class='ocrx_word' id='word_1_27' title='bbox 287 326 377 352; x_wconf 82' lang='grc' dir='ltr'>τοίνυν</span> <span class='ocrx_word' id='word_1_28' title='bbox 399 323 475 358; x_wconf 73' lang='grc' dir='ltr'>οὗτος</span> <span class='ocrx_word' id='word_1_29' title='bbox 510 326 703 363; x_wconf 80' lang='grc' dir='ltr'>ὲνηρτημένος,</span> <span class='ocrx_word' id='word_1_30' title='bbox 729 326 877 362; x_wconf 84' lang='grc' dir='ltr'>γομφώδης</span> 
     </span>
    </p>
   </div>
   <div class='ocr_carea' id='block_1_6' title="bbox 88 369 877 409">
    <p class='ocr_par' dir='ltr' id='par_1_6' title="bbox 88 369 877 409">
     <span class='ocr_line' id='line_1_6' title="bbox 88 369 877 409; baseline 0.004 -13"><span class='ocrx_word' id='word_1_31' title='bbox 88 369 209 405; x_wconf 80' lang='grc' dir='ltr'><strong>ὑπάρχει</strong></span> <span class='ocrx_word' id='word_1_32' title='bbox 234 371 280 397; x_wconf 82' lang='grc' dir='ltr'>καὶ</span> <span class='ocrx_word' id='word_1_33' title='bbox 295 371 417 406; x_wconf 77' lang='grc' dir='ltr'>μαλακὸς</span> <span class='ocrx_word' id='word_1_34' title='bbox 441 372 488 398; x_wconf 81' lang='grc' dir='ltr'>καὶ</span> <span class='ocrx_word' id='word_1_35' title='bbox 504 373 570 399; x_wconf 81' lang='grc' dir='ltr'>πολὺ</span> <span class='ocrx_word' id='word_1_36' title='bbox 586 373 681 409; x_wconf 87' lang='grc' dir='ltr'>ἀραιός</span> <span class='ocrx_word' id='word_1_37' title='bbox 697 380 726 399; x_wconf 82' lang='grc' dir='ltr'><strong>τε</strong></span> <span class='ocrx_word' id='word_1_38' title='bbox 749 373 795 399; x_wconf 77' lang='grc' dir='ltr'>καὶ</span> <span class='ocrx_word' id='word_1_39' title='bbox 810 372 877 399; x_wconf 81' lang='grc' dir='ltr'>εἰδε-</span> 
     </span>
    </p>
   </div>
   <div class='ocr_carea' id='block_1_7' title="bbox 89 415 876 454">
    <p class='ocr_par' dir='ltr' id='par_1_7' title="bbox 89 415 876 454">
     <span class='ocr_line' id='line_1_7' title="bbox 89 415 876 454; baseline 0.005 -13"><span class='ocrx_word' id='word_1_40' title='bbox 89 415 176 450; x_wconf 79' lang='grc' dir='ltr'>χθής·</span> <span class='ocrx_word' id='word_1_41' title='bbox 202 416 292 448; x_wconf 87' lang='grc' dir='ltr'>πάσας</span> <span class='ocrx_word' id='word_1_42' title='bbox 308 417 337 443; x_wconf 81' lang='grc' dir='ltr'>δὲ</span> <span class='ocrx_word' id='word_1_43' title='bbox 352 416 401 449; x_wconf 88' lang='grc' dir='ltr'><strong>τὰς</strong></span> <span class='ocrx_word' id='word_1_44' title='bbox 417 417 514 444; x_wconf 78' lang='grc' dir='ltr'>ἑαυτοῦ</span> <span class='ocrx_word' id='word_1_45' title='bbox 531 419 699 454; x_wconf 84' lang='grc' dir='ltr'>κυκλότητας</span> <span class='ocrx_word' id='word_1_46' title='bbox 716 426 876 445; x_wconf 75' lang='grc' dir='ltr'>συνανεστο-</span> 
     </span>
    </p>
   </div>
   <div class='ocr_carea' id='block_1_8' title="bbox 91 460 879 499">
    <p class='ocr_par' dir='ltr' id='par_1_8' title="bbox 91 460 879 499">
     <span class='ocr_line' id='line_1_8' title="bbox 91 460 879 499; baseline 0.004 -13"><span class='ocrx_word' id='word_1_47' title='bbox 91 469 137 495; x_wconf 83' lang='grc' dir='ltr'><strong>μω</strong></span> <span class='ocrx_word' id='word_1_48' title='bbox 141 460 226 495; x_wconf 87' lang='grc' dir='ltr'>μένας</span> <span class='ocrx_word' id='word_1_49' title='bbox 243 461 312 496; x_wconf 75' lang='grc' dir='ltr'>ἔχων</span> <span class='ocrx_word' id='word_1_50' title='bbox 329 461 397 498; x_wconf 76' lang='grc' dir='ltr'>πρὸς</span> <span class='ocrx_word' id='word_1_51' title='bbox 407 462 454 488; x_wconf 85' lang='grc' dir='ltr'>τὸν</span> <span class='ocrx_word' id='word_1_52' title='bbox 466 462 589 498; x_wconf 76' lang='grc' dir='ltr'>πυθμένα</span> <span class='ocrx_word' id='word_1_53' title='bbox 598 463 650 498; x_wconf 85' lang='grc' dir='ltr'>τῆς</span> <span class='ocrx_word' id='word_1_54' title='bbox 659 463 802 499; x_wconf 84' lang='grc' dir='ltr'>ἀρτηρίας,</span> <span class='ocrx_word' id='word_1_55' title='bbox 817 471 879 490; x_wconf 84' lang='grc' dir='ltr'>συν-</span> 
     </span>
    </p>
   </div>
   <div class='ocr_carea' id='block_1_9' title="bbox 91 507 877 544">
    <p class='ocr_par' dir='ltr' id='par_1_9' title="bbox 91 507 877 544">
     <span class='ocr_line' id='line_1_9' title="bbox 91 507 877 544; baseline 0.005 -12"><span class='ocrx_word' id='word_1_56' title='bbox 91 507 227 542; x_wconf 82' lang='grc' dir='ltr'>αγόμενος</span> <span class='ocrx_word' id='word_1_57' title='bbox 245 507 294 542; x_wconf 83' lang='grc' dir='ltr'>μὲν</span> <span class='ocrx_word' id='word_1_58' title='bbox 314 508 360 534; x_wconf 73' lang='grc' dir='ltr'>καὶ</span> <span class='ocrx_word' id='word_1_59' title='bbox 382 509 548 544; x_wconf 83' lang='grc' dir='ltr'>συμπέπτων</span> <span class='ocrx_word' id='word_1_60' title='bbox 565 509 596 535; x_wconf 79' lang='grc' dir='ltr'>τὸ</span> <span class='ocrx_word' id='word_1_61' title='bbox 615 509 807 543; x_wconf 81' lang='grc' dir='ltr'>ὲναπολειφθὲν</span> <span class='ocrx_word' id='word_1_62' title='bbox 823 511 877 541; x_wconf 80' lang='grc' dir='ltr'>τοῖς</span> 
     </span>
    </p>
   </div>
   <div class='ocr_carea' id='block_1_10' title="bbox 92 552 880 590">
    <p class='ocr_par' dir='ltr' id='par_1_10' title="bbox 92 552 880 590">
     <span class='ocr_line' id='line_1_10' title="bbox 92 552 880 590; baseline 0.005 -12"><span class='ocrx_word' id='word_1_63' title='bbox 92 552 206 584; x_wconf 81' lang='grc' dir='ltr'>κόλποις</span> <span class='ocrx_word' id='word_1_64' title='bbox 220 553 337 588; x_wconf 82' lang='grc' dir='ltr'>πνεῦμα,</span> <span class='ocrx_word' id='word_1_65' title='bbox 353 554 459 589; x_wconf 73' lang='grc' dir='ltr'>ἀνάγκη</span> <span class='ocrx_word' id='word_1_66' title='bbox 474 554 607 586; x_wconf 79' lang='grc' dir='ltr'>έκπιέζων</span> <span class='ocrx_word' id='word_1_67' title='bbox 622 556 740 590; x_wconf 85' lang='grc' dir='ltr'>προεῖτο.</span> <span class='ocrx_word' id='word_1_68' title='bbox 759 555 880 590; x_wconf 84' lang='grc' dir='ltr'>Ὑποχω-</span> 
     </span>
    </p>
   </div>
   <div class='ocr_carea' id='block_1_11' title="bbox 93 598 880 637">
    <p class='ocr_par' dir='ltr' id='par_1_11' title="bbox 93 598 880 637">
     <span class='ocr_line' id='line_1_11' title="bbox 93 598 880 637; baseline 0.006 -13"><span class='ocrx_word' id='word_1_69' title='bbox 93 598 153 633; x_wconf 81' lang='grc' dir='ltr'><strong>ρῶν</strong></span> <span class='ocrx_word' id='word_1_70' title='bbox 174 598 204 625; x_wconf 75' lang='grc' dir='ltr'>δὲ</span> <span class='ocrx_word' id='word_1_71' title='bbox 228 600 275 625; x_wconf 76' lang='grc' dir='ltr'>καὶ</span> <span class='ocrx_word' id='word_1_72' title='bbox 297 600 472 636; x_wconf 74' lang='grc' dir='ltr'><strong>ἀνοιγόμενος</strong></span> <span class='ocrx_word' id='word_1_73' title='bbox 487 602 636 628; x_wconf 70' lang='grc' dir='ltr'>ἐπισπᾶται</span> <span class='ocrx_word' id='word_1_74' title='bbox 650 603 683 637; x_wconf 81' lang='grc' dir='ltr'>τῇ</span> <span class='ocrx_word' id='word_1_75' title='bbox 702 602 748 637; x_wconf 79' lang='grc' dir='ltr'>βίᾳ</span> <span class='ocrx_word' id='word_1_76' title='bbox 768 602 835 637; x_wconf 80' lang='grc' dir='ltr'>πρὸς</span> <span class='ocrx_word' id='word_1_77' title='bbox 850 603 880 629; x_wconf 79' lang='grc' dir='ltr'><strong>τὺ</strong></span> 
     </span>
    </p>
   </div>
   <div class='ocr_carea' id='block_1_12' title="bbox 94 643 882 682">
    <p class='ocr_par' dir='ltr' id='par_1_12' title="bbox 94 643 882 682">
     <span class='ocr_line' id='line_1_12' title="bbox 94 643 882 682; baseline 0.004 -13"><span class='ocrx_word' id='word_1_78' title='bbox 94 643 256 678; x_wconf 84' lang='grc' dir='ltr'>κινούμενον</span> <span class='ocrx_word' id='word_1_79' title='bbox 280 644 326 671; x_wconf 78' lang='grc' dir='ltr'><strong>διὰ</strong></span> <span class='ocrx_word' id='word_1_80' title='bbox 340 645 389 680; x_wconf 82' lang='grc' dir='ltr'>τῆς</span> <span class='ocrx_word' id='word_1_81' title='bbox 404 645 486 680; x_wconf 77' lang='grc' dir='ltr'>ὁλκῆς</span> <span class='ocrx_word' id='word_1_82' title='bbox 499 645 545 672; x_wconf 82' lang='grc' dir='ltr'><strong>τὸν</strong></span> <span class='ocrx_word' id='word_1_83' title='bbox 562 646 640 682; x_wconf 88' lang='grc' dir='ltr'>ἀέρα,</span> <span class='ocrx_word' id='word_1_84' title='bbox 658 647 704 673; x_wconf 73' lang='grc' dir='ltr'>καὶ</span> <span class='ocrx_word' id='word_1_85' title='bbox 717 648 750 681; x_wconf 87' lang='grc' dir='ltr'>τῇ</span> <span class='ocrx_word' id='word_1_86' title='bbox 776 648 882 681; x_wconf 83' lang='grc' dir='ltr'>συνεχεί</span> 
     </span>
    </p>
   </div>
   <div class='ocr_carea' id='block_1_13' title="bbox 95 688 881 725">
    <p class='ocr_par' dir='ltr' id='par_1_13' title="bbox 95 688 881 725">
     <span class='ocr_line' id='line_1_13' title="bbox 95 688 881 725; baseline 0.003 -11"><span class='ocrx_word' id='word_1_87' title='bbox 95 688 204 723; x_wconf 78' lang='grc' dir='ltr'>κινήσει</span> <span class='ocrx_word' id='word_1_88' title='bbox 220 690 252 724; x_wconf 79' lang='grc' dir='ltr'>τῇ</span> <span class='ocrx_word' id='word_1_89' title='bbox 271 689 369 725; x_wconf 83' lang='grc' dir='ltr'><strong>καρδίᾳ</strong></span> <span class='ocrx_word' id='word_1_90' title='bbox 384 689 617 725; x_wconf 81' lang='grc' dir='ltr'>περιδονούμενος,</span> <span class='ocrx_word' id='word_1_91' title='bbox 638 690 669 716; x_wconf 85' lang='grc' dir='ltr'>τὸ</span> <span class='ocrx_word' id='word_1_92' title='bbox 683 689 819 724; x_wconf 87' lang='grc' dir='ltr'>φλογῶδες</span> <span class='ocrx_word' id='word_1_93' title='bbox 833 690 881 716; x_wconf 76' lang='grc' dir='ltr'><strong>αὒ-</strong></span> 
     </span>
    </p>
   </div>
   <div class='ocr_carea' id='block_1_14' title="bbox 94 732 882 770">
    <p class='ocr_par' dir='ltr' id='par_1_14' title="bbox 94 732 882 770">
     <span class='ocr_line' id='line_1_14' title="bbox 94 732 882 770; baseline 0.001 -10"><span class='ocrx_word' id='word_1_94' title='bbox 94 734 148 768; x_wconf 76' lang='grc' dir='ltr'>τῆς</span> <span class='ocrx_word' id='word_1_95' title='bbox 167 734 215 760; x_wconf 67' lang='grc' dir='ltr'>καὶ</span> <span class='ocrx_word' id='word_1_96' title='bbox 226 734 357 770; x_wconf 79' lang='grc' dir='ltr'>διάπυρον</span> <span class='ocrx_word' id='word_1_97' title='bbox 424 735 546 770; x_wconf 82' lang='grc' dir='ltr'>ριπισμῷ</span> <span class='ocrx_word' id='word_1_98' title='bbox 559 735 743 770; x_wconf 85' lang='grc' dir='ltr'>διακρούεται.</span> <span class='ocrx_word' id='word_1_99' title='bbox 756 732 818 762; x_wconf 73' lang='grc' dir='ltr'>Οἷον</span> <span class='ocrx_word' id='word_1_100' title='bbox 827 735 882 770; x_wconf 85' lang='grc' dir='ltr'><strong>γὰρ</strong></span> 
     </span>
    </p>
   </div>
   <div class='ocr_carea' id='block_1_15' title="bbox 96 780 882 815">
    <p class='ocr_par' dir='ltr' id='par_1_15' title="bbox 96 780 882 815">
     <span class='ocr_line' id='line_1_15' title="bbox 96 780 882 815; baseline 0 -9"><span class='ocrx_word' id='word_1_101' title='bbox 96 780 164 814; x_wconf 73' lang='grc' dir='ltr'>φλὸξ</span> <span class='ocrx_word' id='word_1_102' title='bbox 182 780 219 815; x_wconf 83' lang='grc' dir='ltr'>μὴ</span> <span class='ocrx_word' id='word_1_103' title='bbox 233 780 396 807; x_wconf 84' lang='grc' dir='ltr'>διαπνέουσα</span> <span class='ocrx_word' id='word_1_104' title='bbox 409 780 463 807; x_wconf 73' lang='grc' dir='ltr'><strong>ὑπὸ</strong></span> <span class='ocrx_word' id='word_1_105' title='bbox 477 780 523 806; x_wconf 85' lang='grc' dir='ltr'><strong>τοῦ</strong></span> <span class='ocrx_word' id='word_1_106' title='bbox 537 781 635 807; x_wconf 76' lang='grc' dir='ltr'>οἰκείου</span> <span class='ocrx_word' id='word_1_107' title='bbox 651 780 755 808; x_wconf 81' lang='grc' dir='ltr'>καπνοῦ</span> <span class='ocrx_word' id='word_1_108' title='bbox 771 781 882 807; x_wconf 79' lang='grc' dir='ltr'>σϐέννυ-</span> 
     </span>
    </p>
   </div>
   <div class='ocr_carea' id='block_1_16' title="bbox 96 825 883 862">
    <p class='ocr_par' dir='ltr' id='par_1_16' title="bbox 96 825 883 862">
     <span class='ocr_line' id='line_1_16' title="bbox 96 825 883 862; baseline 0 -10"><span class='ocrx_word' id='word_1_109' title='bbox 96 834 154 856; x_wconf 82' lang='grc' dir='ltr'>ται,</span> <span class='ocrx_word' id='word_1_110' title='bbox 170 825 261 852; x_wconf 82' lang='grc' dir='ltr'>καὶτὸ</span> <span class='ocrx_word' id='word_1_111' title='bbox 275 826 344 857; x_wconf 77' lang='grc' dir='ltr'>ζῶον</span> <span class='ocrx_word' id='word_1_112' title='bbox 360 825 397 861; x_wconf 84' lang='grc' dir='ltr'>μὴ</span> <span class='ocrx_word' id='word_1_113' title='bbox 416 826 542 852; x_wconf 80' lang='grc' dir='ltr'>διαπνέον</span> <span class='ocrx_word' id='word_1_114' title='bbox 555 826 594 861; x_wconf 84' lang='grc' dir='ltr'>τῷ</span> <span class='ocrx_word' id='word_1_115' title='bbox 609 827 739 862; x_wconf 81' lang='grc' dir='ltr'>πνεύμονι</span> <span class='ocrx_word' id='word_1_116' title='bbox 752 826 784 853; x_wconf 79' lang='grc' dir='ltr'>τὸ</span> <span class='ocrx_word' id='word_1_117' title='bbox 805 835 883 860; x_wconf 87' lang='grc' dir='ltr'>περι-</span> 
     </span>
    </p>
   </div>
   <div class='ocr_carea' id='block_1_17' title="bbox 98 871 883 907">
    <p class='ocr_par' dir='ltr' id='par_1_17' title="bbox 98 871 883 907">
     <span class='ocr_line' id='line_1_17' title="bbox 98 871 883 907; baseline 0.001 -10"><span class='ocrx_word' id='word_1_118' title='bbox 98 871 211 905; x_wconf 80' lang='grc' dir='ltr'>κὰρδιον</span> <span class='ocrx_word' id='word_1_119' title='bbox 225 871 322 897; x_wconf 79' lang='grc' dir='ltr'>ἑαυτοῦ</span> <span class='ocrx_word' id='word_1_120' title='bbox 343 871 406 907; x_wconf 84' lang='grc' dir='ltr'>πῦρ.</span> <span class='ocrx_word' id='word_1_121' title='bbox 428 872 474 898; x_wconf 76' lang='grc' dir='ltr'><strong>Διὸ</strong></span> <span class='ocrx_word' id='word_1_122' title='bbox 495 871 716 907; x_wconf 78' lang='grc' dir='ltr'>περιδονούμενος</span> <span class='ocrx_word' id='word_1_123' title='bbox 734 873 767 907; x_wconf 83' lang='grc' dir='ltr'><strong>τῇ</strong></span> <span class='ocrx_word' id='word_1_124' title='bbox 784 872 883 907; x_wconf 75' lang='grc' dir='ltr'>καρδίᾳ</span> 
     </span>
    </p>
   </div>
   <div class='ocr_carea' id='block_1_18' title="bbox 98 916 885 953">
    <p class='ocr_par' dir='ltr' id='par_1_18' title="bbox 98 916 885 953">
     <span class='ocr_line' id='line_1_18' title="bbox 98 916 885 953; baseline 0.001 -11"><span class='ocrx_word' id='word_1_125' title='bbox 98 917 148 945; x_wconf 75' lang='grc' dir='ltr'><strong>καὶ</strong></span> <span class='ocrx_word' id='word_1_126' title='bbox 168 916 297 952; x_wconf 84' lang='grc' dir='ltr'>πραείαις</span> <span class='ocrx_word' id='word_1_127' title='bbox 316 916 413 952; x_wconf 76' lang='grc' dir='ltr'>αὔραις</span> <span class='ocrx_word' id='word_1_128' title='bbox 430 917 595 948; x_wconf 85' lang='grc' dir='ltr'><strong>κολακεύων,</strong></span> <span class='ocrx_word' id='word_1_129' title='bbox 614 917 724 949; x_wconf 80' lang='grc' dir='ltr'><strong>εὐθαλὲς</strong></span> <span class='ocrx_word' id='word_1_130' title='bbox 740 918 787 944; x_wconf 79' lang='grc' dir='ltr'>καὶ</span> <span class='ocrx_word' id='word_1_131' title='bbox 799 918 885 953; x_wconf 60' lang='grc' dir='ltr'>ἐρρω-</span> 
     </span>
    </p>
   </div>
   <div class='ocr_carea' id='block_1_19' title="bbox 100 961 885 998">
    <p class='ocr_par' dir='ltr' id='par_1_19' title="bbox 100 961 885 998">
     <span class='ocr_line' id='line_1_19' title="bbox 100 961 885 998; baseline -0.003 -8"><span class='ocrx_word' id='word_1_132' title='bbox 100 964 184 998; x_wconf 81' lang='grc' dir='ltr'>μένον</span> <span class='ocrx_word' id='word_1_133' title='bbox 201 963 232 990; x_wconf 88' lang='grc' dir='ltr'><strong>τδ</strong></span> <span class='ocrx_word' id='word_1_134' title='bbox 246 962 315 996; x_wconf 78' lang='grc' dir='ltr'>ζῶον</span> <span class='ocrx_word' id='word_1_135' title='bbox 330 962 475 989; x_wconf 86' lang='grc' dir='ltr'>δείκνυσιν.</span> <span class='ocrx_word' id='word_1_136' title='bbox 497 963 542 989; x_wconf 84' lang='grc' dir='ltr'>Ἐν</span> <span class='ocrx_word' id='word_1_137' title='bbox 556 962 624 998; x_wconf 80' lang='grc' dir='ltr'>αὐτῇ</span> <span class='ocrx_word' id='word_1_138' title='bbox 642 963 696 997; x_wconf 87' lang='grc' dir='ltr'><strong>γὰρ</strong></span> <span class='ocrx_word' id='word_1_139' title='bbox 711 963 758 988; x_wconf 82' lang='grc' dir='ltr'>καὶ</span> <span class='ocrx_word' id='word_1_140' title='bbox 776 961 842 997; x_wconf 84' lang='grc' dir='ltr'>μόνῃ</span> <span class='ocrx_word' id='word_1_141' title='bbox 854 962 885 988; x_wconf 85' lang='grc' dir='ltr'><strong>τδ</strong></span> 
     </span>
    </p>
   </div>
   <div class='ocr_carea' id='block_1_20' title="bbox 99 1006 886 1044">
    <p class='ocr_par' dir='ltr' id='par_1_20' title="bbox 99 1006 886 1044">
     <span class='ocr_line' id='line_1_20' title="bbox 99 1006 886 1044; baseline -0.004 -8"><span class='ocrx_word' id='word_1_142' title='bbox 99 1009 217 1041; x_wconf 73' lang='grc' dir='ltr'>ζωτικὸν</span> <span class='ocrx_word' id='word_1_143' title='bbox 237 1010 322 1036; x_wconf 76' lang='grc' dir='ltr'>αἴτιον</span> <span class='ocrx_word' id='word_1_144' title='bbox 337 1007 461 1043; x_wconf 78' lang='grc' dir='ltr'>ἰδρύσθαι</span> <span class='ocrx_word' id='word_1_145' title='bbox 478 1017 523 1043; x_wconf 89' lang='grc' dir='ltr'><strong>μοι</strong></span> <span class='ocrx_word' id='word_1_146' title='bbox 540 1009 622 1036; x_wconf 80' lang='grc' dir='ltr'>δοκεῖ.</span> <span class='ocrx_word' id='word_1_147' title='bbox 643 1008 680 1034; x_wconf 68' lang='lat' dir='ltr'><strong>To</strong></span> <span class='ocrx_word' id='word_1_148' title='bbox 695 1008 723 1034; x_wconf 86' lang='grc' dir='ltr'>δὲ</span> <span class='ocrx_word' id='word_1_149' title='bbox 740 1006 817 1044; x_wconf 84' lang='grc' dir='ltr'>ἧπαρ</span> <span class='ocrx_word' id='word_1_150' title='bbox 839 1006 886 1034; x_wconf 79' lang='grc' dir='ltr'>καὶ</span> 
     </span>
    </p>
   </div>
   <div class='ocr_carea' id='block_1_21' title="bbox 100 1053 887 1091">
    <p class='ocr_par' dir='ltr' id='par_1_21' title="bbox 100 1053 887 1091">
     <span class='ocr_line' id='line_1_21' title="bbox 100 1053 887 1091; baseline -0.001 -10"><span class='ocrx_word' id='word_1_151' title='bbox 100 1055 169 1081; x_wconf 72' lang='grc' dir='ltr'>αὐτὸ</span> <span class='ocrx_word' id='word_1_152' title='bbox 193 1055 293 1090; x_wconf 81' lang='grc' dir='ltr'>Θερμδν</span> <span class='ocrx_word' id='word_1_153' title='bbox 313 1056 436 1091; x_wconf 76' lang='grc' dir='ltr'>ὑπάρχον</span> <span class='ocrx_word' id='word_1_154' title='bbox 450 1054 519 1090; x_wconf 78' lang='grc' dir='ltr'>πρὸς</span> <span class='ocrx_word' id='word_1_155' title='bbox 536 1053 585 1089; x_wconf 79' lang='grc' dir='ltr'>τὴν</span> <span class='ocrx_word' id='word_1_156' title='bbox 606 1054 660 1081; x_wconf 82' lang='grc' dir='ltr'>τῶν</span> <span class='ocrx_word' id='word_1_157' title='bbox 687 1054 887 1090; x_wconf 82' lang='grc' dir='ltr'>ὲγκρινομένων</span> 
     </span>
    </p>
   </div>
   <div class='ocr_carea' id='block_1_22' title="bbox 101 1098 886 1136">
    <p class='ocr_par' dir='ltr' id='par_1_22' title="bbox 101 1098 886 1136">
     <span class='ocr_line' id='line_1_22' title="bbox 101 1098 886 1136; baseline -0.003 -10"><span class='ocrx_word' id='word_1_158' title='bbox 101 1100 186 1134; x_wconf 74' lang='grc' dir='ltr'>πέψιν</span> <span class='ocrx_word' id='word_1_159' title='bbox 199 1109 228 1127; x_wconf 87' lang='grc' dir='ltr'><strong>τε</strong></span> <span class='ocrx_word' id='word_1_160' title='bbox 239 1101 286 1126; x_wconf 81' lang='grc' dir='ltr'><strong>καὶ</strong></span> <span class='ocrx_word' id='word_1_161' title='bbox 297 1100 481 1136; x_wconf 76' lang='grc' dir='ltr'><strong>ἐξαιμάτωσιν</strong></span> <span class='ocrx_word' id='word_1_162' title='bbox 492 1099 531 1134; x_wconf 81' lang='grc' dir='ltr'>τῷ</span> <span class='ocrx_word' id='word_1_163' title='bbox 540 1099 619 1134; x_wconf 83' lang='grc' dir='ltr'>δεξιῷ</span> <span class='ocrx_word' id='word_1_164' title='bbox 632 1099 778 1134; x_wconf 77' lang='grc' dir='ltr'>ὲνὴρτηται</span> <span class='ocrx_word' id='word_1_165' title='bbox 794 1098 886 1134; x_wconf 83' lang='grc' dir='ltr'>μέρει·</span> 
     </span>
    </p>
   </div>
   <div class='ocr_carea' id='block_1_23' title="bbox 100 1143 888 1181">
    <p class='ocr_par' dir='ltr' id='par_1_23' title="bbox 100 1143 888 1181">
     <span class='ocr_line' id='line_1_23' title="bbox 100 1143 888 1181; baseline -0.001 -9"><span class='ocrx_word' id='word_1_166' title='bbox 100 1143 133 1172; x_wconf 65' lang='grc' dir='ltr'>οὗ</span> <span class='ocrx_word' id='word_1_167' title='bbox 144 1145 373 1181; x_wconf 80' lang='grc' dir='ltr'>καταψυχθέντος,</span> <span class='ocrx_word' id='word_1_168' title='bbox 390 1146 533 1176; x_wconf 74' lang='grc' dir='ltr'>ἀλλοίωσις</span> <span class='ocrx_word' id='word_1_169' title='bbox 547 1144 597 1180; x_wconf 81' lang='grc' dir='ltr'>μὲν</span> <span class='ocrx_word' id='word_1_170' title='bbox 608 1143 646 1179; x_wconf 82' lang='grc' dir='ltr'><strong>τῷ</strong></span> <span class='ocrx_word' id='word_1_171' title='bbox 660 1144 798 1180; x_wconf 82' lang='grc' dir='ltr'>προσώπῳ</span> <span class='ocrx_word' id='word_1_172' title='bbox 811 1143 888 1176; x_wconf 81' lang='grc' dir='ltr'>αὖθις</span> 
     </span>
    </p>
   </div>
   <div class='ocr_carea' id='block_1_24' title="bbox 101 1190 886 1227">
    <p class='ocr_par' dir='ltr' id='par_1_24' title="bbox 101 1190 886 1227">
     <span class='ocr_line' id='line_1_24' title="bbox 101 1190 886 1227; baseline -0.001 -9"><span class='ocrx_word' id='word_1_173' title='bbox 101 1192 265 1226; x_wconf 79' lang='grc' dir='ltr'>ἐπιγίνεται,</span> <span class='ocrx_word' id='word_1_174' title='bbox 292 1192 418 1227; x_wconf 80' lang='grc' dir='ltr'>σπασμὸς</span> <span class='ocrx_word' id='word_1_175' title='bbox 440 1192 468 1218; x_wconf 81' lang='grc' dir='ltr'>δὲ</span> <span class='ocrx_word' id='word_1_176' title='bbox 488 1194 536 1219; x_wconf 74' lang='grc' dir='ltr'>καὶ</span> <span class='ocrx_word' id='word_1_177' title='bbox 556 1190 694 1226; x_wconf 79' lang='grc' dir='ltr'>ἀδυναμία</span> <span class='ocrx_word' id='word_1_178' title='bbox 709 1190 781 1217; x_wconf 82' lang='grc' dir='ltr'><strong>κατά</strong></span> <span class='ocrx_word' id='word_1_179' title='bbox 794 1191 886 1226; x_wconf 87' lang='grc' dir='ltr'>μέρος.</span> 
     </span>
    </p>
   </div>
   <div class='ocr_carea' id='block_1_25' title="bbox 102 1236 889 1274">
    <p class='ocr_par' dir='ltr' id='par_1_25' title="bbox 102 1236 889 1274">
     <span class='ocr_line' id='line_1_25' title="bbox 102 1236 889 1274; baseline -0.004 -9"><span class='ocrx_word' id='word_1_180' title='bbox 102 1238 150 1273; x_wconf 82' lang='grc' dir='ltr'><strong>Τῷ</strong></span> <span class='ocrx_word' id='word_1_181' title='bbox 166 1239 194 1264; x_wconf 84' lang='grc' dir='ltr'>δὲ</span> <span class='ocrx_word' id='word_1_182' title='bbox 207 1238 338 1274; x_wconf 72' lang='grc' dir='ltr'>εὐωνύμῳ</span> <span class='ocrx_word' id='word_1_183' title='bbox 356 1239 370 1265; x_wconf 80' lang='grc' dir='ltr'><strong>ὁ</strong></span> <span class='ocrx_word' id='word_1_184' title='bbox 382 1238 469 1272; x_wconf 85' lang='grc' dir='ltr'>σπλὴν</span> <span class='ocrx_word' id='word_1_185' title='bbox 481 1237 639 1273; x_wconf 72' lang='grc' dir='ltr'>ἐμπέφυκεν</span> <span class='ocrx_word' id='word_1_186' title='bbox 653 1237 711 1271; x_wconf 74' lang='grc' dir='ltr'>ἅμα</span> <span class='ocrx_word' id='word_1_187' title='bbox 723 1245 753 1263; x_wconf 85' lang='grc' dir='ltr'><strong>τε</strong></span> <span class='ocrx_word' id='word_1_188' title='bbox 766 1236 889 1270; x_wconf 85' lang='grc' dir='ltr'>ὑφέλκων</span> 
     </span>
    </p>
   </div>
   <div class='ocr_carea' id='block_1_26' title="bbox 103 1281 888 1318">
    <p class='ocr_par' dir='ltr' id='par_1_26' title="bbox 103 1281 888 1318">
     <span class='ocr_line' id='line_1_26' title="bbox 103 1281 888 1318; baseline -0.003 -8"><span class='ocrx_word' id='word_1_189' title='bbox 103 1285 153 1310; x_wconf 78' lang='grc' dir='ltr'>καὶ</span> <span class='ocrx_word' id='word_1_190' title='bbox 166 1283 311 1318; x_wconf 82' lang='grc' dir='ltr'>διακρίνων</span> <span class='ocrx_word' id='word_1_191' title='bbox 324 1284 355 1310; x_wconf 81' lang='grc' dir='ltr'>τὸ</span> <span class='ocrx_word' id='word_1_192' title='bbox 371 1283 471 1315; x_wconf 83' lang='grc' dir='ltr'><strong>ὑλῶδες</strong></span> <span class='ocrx_word' id='word_1_193' title='bbox 489 1282 536 1309; x_wconf 81' lang='grc' dir='ltr'>τοῦ</span> <span class='ocrx_word' id='word_1_194' title='bbox 550 1283 667 1318; x_wconf 83' lang='grc' dir='ltr'>αἵματος</span> <span class='ocrx_word' id='word_1_195' title='bbox 677 1290 684 1298; x_wconf 70' lang='grc' dir='ltr'><strong><em>ο</em></strong></span> <span class='ocrx_word' id='word_1_196' title='bbox 704 1281 888 1315; x_wconf 83' lang='grc' dir='ltr'>καταγλυκαι-</span> 
     </span>
    </p>
   </div>
   <div class='ocr_carea' id='block_1_27' title="bbox 103 1328 890 1365">
    <p class='ocr_par' dir='ltr' id='par_1_27' title="bbox 103 1328 890 1365">
     <span class='ocr_line' id='line_1_27' title="bbox 103 1328 890 1365; baseline -0.003 -9"><span class='ocrx_word' id='word_1_197' title='bbox 103 1330 219 1365; x_wconf 80' lang='grc' dir='ltr'>νόμενος</span> <span class='ocrx_word' id='word_1_198' title='bbox 234 1329 262 1356; x_wconf 81' lang='grc' dir='ltr'>δὲ</span> <span class='ocrx_word' id='word_1_199' title='bbox 288 1329 454 1365; x_wconf 80' lang='grc' dir='ltr'>κορυφοῦται</span> <span class='ocrx_word' id='word_1_200' title='bbox 470 1329 529 1363; x_wconf 70' lang='grc' dir='ltr'>ἅμα</span> <span class='ocrx_word' id='word_1_201' title='bbox 542 1329 589 1355; x_wconf 79' lang='grc' dir='ltr'>καὶ</span> <span class='ocrx_word' id='word_1_202' title='bbox 609 1328 740 1364; x_wconf 83' lang='grc' dir='ltr'>πυροῦται</span> <span class='ocrx_word' id='word_1_203' title='bbox 757 1328 890 1354; x_wconf 80' lang='grc' dir='ltr'>ὲκσαίνων</span> 
     </span>
    </p>
   </div>
   <div class='ocr_carea' id='block_1_28' title="bbox 103 1373 891 1410">
    <p class='ocr_par' dir='ltr' id='par_1_28' title="bbox 103 1373 891 1410">
     <span class='ocr_line' id='line_1_28' title="bbox 103 1373 891 1410; baseline -0.003 -8"><span class='ocrx_word' id='word_1_204' title='bbox 103 1376 169 1406; x_wconf 81' lang='grc' dir='ltr'>τοὺς</span> <span class='ocrx_word' id='word_1_205' title='bbox 180 1374 277 1402; x_wconf 77' lang='grc' dir='ltr'>ἑαυτοῦ</span> <span class='ocrx_word' id='word_1_206' title='bbox 287 1375 377 1410; x_wconf 82' lang='grc' dir='ltr'>ὄρους,</span> <span class='ocrx_word' id='word_1_207' title='bbox 390 1375 437 1401; x_wconf 79' lang='grc' dir='ltr'>καὶ</span> <span class='ocrx_word' id='word_1_208' title='bbox 450 1374 618 1409; x_wconf 80' lang='grc' dir='ltr'>διατειχίζων</span> <span class='ocrx_word' id='word_1_209' title='bbox 627 1374 678 1406; x_wconf 87' lang='grc' dir='ltr'><strong>τάς</strong></span> <span class='ocrx_word' id='word_1_210' title='bbox 689 1374 794 1408; x_wconf 79' lang='grc' dir='ltr'>πέψεις,</span> <span class='ocrx_word' id='word_1_211' title='bbox 811 1373 891 1400; x_wconf 81' lang='grc' dir='ltr'>πολύ-</span> 
     </span>
    </p>
   </div>
   <div class='ocr_carea' id='block_1_29' title="bbox 105 1418 892 1454">
    <p class='ocr_par' dir='ltr' id='par_1_29' title="bbox 105 1418 892 1454">
     <span class='ocr_line' id='line_1_29' title="bbox 105 1418 892 1454; baseline -0.001 -9"><span class='ocrx_word' id='word_1_212' title='bbox 105 1427 208 1454; x_wconf 80' lang='grc' dir='ltr'>σαρκον</span> <span class='ocrx_word' id='word_1_213' title='bbox 230 1419 281 1454; x_wconf 83' lang='grc' dir='ltr'>μὲν</span> <span class='ocrx_word' id='word_1_214' title='bbox 302 1420 447 1454; x_wconf 83' lang='grc' dir='ltr'>φαίνεσθαι</span> <span class='ocrx_word' id='word_1_215' title='bbox 468 1420 550 1450; x_wconf 83' lang='grc' dir='ltr'>ποιεῖ,</span> <span class='ocrx_word' id='word_1_216' title='bbox 569 1419 672 1454; x_wconf 84' lang='grc' dir='ltr'>ὼχρίαν</span> <span class='ocrx_word' id='word_1_217' title='bbox 687 1419 716 1445; x_wconf 76' lang='grc' dir='ltr'>δὲ</span> <span class='ocrx_word' id='word_1_218' title='bbox 733 1418 780 1445; x_wconf 66' lang='grc' dir='ltr'><strong>κα)¹</strong></span> <span class='ocrx_word' id='word_1_219' title='bbox 799 1419 892 1445; x_wconf 63' lang='lat' dir='ltr'><strong>eam.</strong></span> 
     </span>
    </p>
   </div>
   <div class='ocr_carea' id='block_1_30' title="bbox 106 1463 892 1500">
    <p class='ocr_par' dir='ltr' id='par_1_30' title="bbox 106 1463 892 1500">
     <span class='ocr_line' id='line_1_30' title="bbox 106 1463 892 1500; baseline 0 -10"><span class='ocrx_word' id='word_1_220' title='bbox 106 1464 173 1499; x_wconf 88' lang='grc' dir='ltr'>μίαν</span> <span class='ocrx_word' id='word_1_221' title='bbox 189 1464 262 1491; x_wconf 77' lang='grc' dir='ltr'>κατὰ</span> <span class='ocrx_word' id='word_1_222' title='bbox 285 1464 367 1500; x_wconf 83' lang='grc' dir='ltr'>μέρος</span> <span class='ocrx_word' id='word_1_223' title='bbox 385 1465 492 1498; x_wconf 78' lang='grc' dir='ltr'>ἐπάγει.</span> <span class='ocrx_word' id='word_1_224' title='bbox 516 1464 646 1499; x_wconf 83' lang='grc' dir='ltr'>Ἐντέρων</span> <span class='ocrx_word' id='word_1_225' title='bbox 667 1463 695 1490; x_wconf 80' lang='grc' dir='ltr'>δὲ</span> <span class='ocrx_word' id='word_1_226' title='bbox 716 1464 823 1499; x_wconf 77' lang='grc' dir='ltr'>ἑλιγμοὶ</span> <span class='ocrx_word' id='word_1_227' title='bbox 845 1464 892 1490; x_wconf 81' lang='grc' dir='ltr'>καὶ</span> 
     </span>
    </p>
   </div>
   <div class='ocr_carea' id='block_1_31' title="bbox 106 1510 892 1546">
    <p class='ocr_par' dir='ltr' id='par_1_31' title="bbox 106 1510 892 1546">
     <span class='ocr_line' id='line_1_31' title="bbox 106 1510 892 1546; baseline 0.001 -11"><span class='ocrx_word' id='word_1_228' title='bbox 106 1510 264 1545; x_wconf 79' lang='grc' dir='ltr'>συμπλοκαὶ</span> <span class='ocrx_word' id='word_1_229' title='bbox 279 1511 344 1546; x_wconf 79' lang='grc' dir='ltr'>περὶ</span> <span class='ocrx_word' id='word_1_230' title='bbox 366 1510 414 1546; x_wconf 83' lang='grc' dir='ltr'>τὴν</span> <span class='ocrx_word' id='word_1_231' title='bbox 437 1510 558 1546; x_wconf 82' lang='grc' dir='ltr'>γαστέρα</span> <span class='ocrx_word' id='word_1_232' title='bbox 569 1518 576 1525; x_wconf 91' lang='grc'><strong>·</strong></span> <span class='ocrx_word' id='word_1_233' title='bbox 593 1510 667 1541; x_wconf 85' lang='grc' dir='ltr'>ὅπως</span> <span class='ocrx_word' id='word_1_234' title='bbox 681 1511 713 1545; x_wconf 87' lang='grc' dir='ltr'><strong>τῇ</strong></span> <span class='ocrx_word' id='word_1_235' title='bbox 738 1510 831 1545; x_wconf 78' lang='grc' dir='ltr'>σκολιᾷ</span> <span class='ocrx_word' id='word_1_236' title='bbox 844 1518 892 1536; x_wconf 90' lang='grc' dir='ltr'>πε-</span> 
     </span>
    </p>
   </div>
   <div class='ocr_carea' id='block_1_32' title="bbox 106 1555 893 1592">
    <p class='ocr_par' dir='ltr' id='par_1_32' title="bbox 106 1555 893 1592">
     <span class='ocr_line' id='line_1_32' title="bbox 106 1555 893 1592; baseline 0 -11"><span class='ocrx_word' id='word_1_237' title='bbox 106 1557 233 1590; x_wconf 84' lang='grc' dir='ltr'>ριαγωγῇ</span> <span class='ocrx_word' id='word_1_238' title='bbox 258 1556 347 1591; x_wconf 85' lang='grc' dir='ltr'>χρόνῳ</span> <span class='ocrx_word' id='word_1_239' title='bbox 372 1555 612 1592; x_wconf 80' lang='grc' dir='ltr'>παρακατέχεσθαι</span> <span class='ocrx_word' id='word_1_240' title='bbox 639 1555 690 1591; x_wconf 80' lang='grc' dir='ltr'>τὴν</span> <span class='ocrx_word' id='word_1_241' title='bbox 706 1555 809 1591; x_wconf 79' lang='grc' dir='ltr'>τροφὴν</span> <span class='ocrx_word' id='word_1_242' title='bbox 838 1557 893 1587; x_wconf 83' lang='grc' dir='ltr'>τοῖς</span> 
     </span>
    </p>
   </div>
   <div class='ocr_carea' id='block_1_33' title="bbox 107 1601 894 1639">
    <p class='ocr_par' dir='ltr' id='par_1_33' title="bbox 107 1601 894 1639">
     <span class='ocr_line' id='line_1_33' title="bbox 107 1601 894 1639; baseline 0 -12"><span class='ocrx_word' id='word_1_243' title='bbox 107 1601 292 1636; x_wconf 81' lang='grc' dir='ltr'>σπλάγχνοις·</span> <span class='ocrx_word' id='word_1_244' title='bbox 310 1602 348 1633; x_wconf 82' lang='grc' dir='ltr'>ὡς</span> <span class='ocrx_word' id='word_1_245' title='bbox 364 1602 396 1629; x_wconf 79' lang='grc' dir='ltr'>ἂν</span> <span class='ocrx_word' id='word_1_246' title='bbox 420 1603 457 1637; x_wconf 82' lang='grc' dir='ltr'>μὴ</span> <span class='ocrx_word' id='word_1_247' title='bbox 476 1602 510 1628; x_wconf 81' lang='grc' dir='ltr'>δι’</span> <span class='ocrx_word' id='word_1_248' title='bbox 535 1601 671 1636; x_wconf 77' lang='grc' dir='ltr'>εὐθύτητα</span> <span class='ocrx_word' id='word_1_249' title='bbox 695 1601 742 1627; x_wconf 82' lang='grc' dir='ltr'>τοῦ</span> <span class='ocrx_word' id='word_1_250' title='bbox 784 1603 867 1639; x_wconf 83' lang='grc' dir='ltr'>πόρου</span> <span class='ocrx_word' id='word_1_251' title='bbox 886 1621 894 1633; x_wconf 82' lang='grc'>,</span> 
     </span>
    </p>
   </div>
   <div class='ocr_carea' id='block_1_34' title="bbox 108 1646 896 1683">
    <p class='ocr_par' dir='ltr' id='par_1_34' title="bbox 108 1646 896 1683">
     <span class='ocr_line' id='line_1_34' title="bbox 108 1646 896 1683; baseline 0 -10"><span class='ocrx_word' id='word_1_252' title='bbox 108 1646 210 1682; x_wconf 78' lang='grc' dir='ltr'>ῥᾳδίως</span> <span class='ocrx_word' id='word_1_253' title='bbox 230 1647 278 1674; x_wconf 85' lang='grc' dir='ltr'>καὶ</span> <span class='ocrx_word' id='word_1_254' title='bbox 299 1646 377 1680; x_wconf 74' lang='grc' dir='ltr'>αὖθις</span> <span class='ocrx_word' id='word_1_255' title='bbox 398 1647 596 1683; x_wconf 84' lang='grc' dir='ltr'>έκκρινομένης</span> <span class='ocrx_word' id='word_1_256' title='bbox 612 1646 751 1683; x_wconf 81' lang='grc' dir='ltr'>ἀνακινοίη</span> <span class='ocrx_word' id='word_1_257' title='bbox 775 1647 806 1673; x_wconf 83' lang='grc' dir='ltr'><strong>τὺ</strong></span> <span class='ocrx_word' id='word_1_258' title='bbox 828 1647 896 1679; x_wconf 80' lang='grc' dir='ltr'>ζῶον</span> 
     </span>
    </p>
   </div>
   <div class='ocr_carea' id='block_1_35' title="bbox 108 1692 897 1728">
    <p class='ocr_par' dir='ltr' id='par_1_35' title="bbox 108 1692 897 1728">
     <span class='ocr_line' id='line_1_35' title="bbox 108 1692 897 1728; baseline 0.001 -10"><span class='ocrx_word' id='word_1_259' title='bbox 108 1693 179 1727; x_wconf 72' lang='grc' dir='ltr'>πρὸς</span> <span class='ocrx_word' id='word_1_260' title='bbox 205 1692 312 1727; x_wconf 74' lang='grc' dir='ltr'>ὄρεξιν,</span> <span class='ocrx_word' id='word_1_261' title='bbox 338 1693 474 1728; x_wconf 84' lang='grc' dir='ltr'>μηδέποτε</span> <span class='ocrx_word' id='word_1_262' title='bbox 499 1694 672 1728; x_wconf 84' lang='grc' dir='ltr'>ἀπαγόμενον</span> <span class='ocrx_word' id='word_1_263' title='bbox 693 1693 742 1728; x_wconf 80' lang='grc' dir='ltr'>τῆς</span> <span class='ocrx_word' id='word_1_264' title='bbox 770 1693 897 1728; x_wconf 83' lang='grc' dir='ltr'>τοιαύτης</span> 
     </span>
    </p>
   </div>
   <div class='ocr_carea' id='block_1_36' title="bbox 109 1738 897 1774">
    <p class='ocr_par' dir='ltr' id='par_1_36' title="bbox 109 1738 897 1774">
     <span class='ocr_line' id='line_1_36' title="bbox 109 1738 897 1774; baseline 0.001 -9"><span class='ocrx_word' id='word_1_265' title='bbox 109 1738 250 1773; x_wconf 83' lang='grc' dir='ltr'>ἀσχολίας,</span> <span class='ocrx_word' id='word_1_266' title='bbox 269 1739 338 1766; x_wconf 87' lang='grc' dir='ltr'><strong>κατά</strong></span> <span class='ocrx_word' id='word_1_267' title='bbox 353 1739 404 1774; x_wconf 83' lang='grc' dir='ltr'>τὴν</span> <span class='ocrx_word' id='word_1_268' title='bbox 422 1739 477 1765; x_wconf 83' lang='grc' dir='ltr'><strong>τῶν</strong></span> <span class='ocrx_word' id='word_1_269' title='bbox 496 1739 602 1774; x_wconf 84' lang='grc' dir='ltr'>ἀλόγων</span> <span class='ocrx_word' id='word_1_270' title='bbox 625 1738 715 1773; x_wconf 84' lang='grc' dir='ltr'>φύσιν.</span> <span class='ocrx_word' id='word_1_271' title='bbox 736 1739 897 1774; x_wconf 83' lang='grc' dir='ltr'>’Υμενὼδεις</span> 
     </span>
    </p>
   </div>
   <div class='ocr_carea' id='block_1_37' title="bbox 109 1783 897 1820">
    <p class='ocr_par' dir='ltr' id='par_1_37' title="bbox 109 1783 897 1820">
     <span class='ocr_line' id='line_1_37' title="bbox 109 1783 897 1820; baseline 0.003 -11"><span class='ocrx_word' id='word_1_272' title='bbox 109 1783 139 1809; x_wconf 72' lang='grc' dir='ltr'>δὲ</span> <span class='ocrx_word' id='word_1_273' title='bbox 152 1784 243 1816; x_wconf 84' lang='grc' dir='ltr'>οἴκους</span> <span class='ocrx_word' id='word_1_274' title='bbox 259 1785 292 1819; x_wconf 87' lang='grc' dir='ltr'><strong>τῇ</strong></span> <span class='ocrx_word' id='word_1_275' title='bbox 328 1785 399 1820; x_wconf 81' lang='grc' dir='ltr'>φορᾷ</span> <span class='ocrx_word' id='word_1_276' title='bbox 425 1784 479 1811; x_wconf 89' lang='grc' dir='ltr'><strong>τῶν</strong></span> <span class='ocrx_word' id='word_1_277' title='bbox 496 1785 596 1820; x_wconf 80' lang='grc' dir='ltr'>ὑγρῶν,</span> <span class='ocrx_word' id='word_1_278' title='bbox 612 1785 626 1812; x_wconf 83' lang='grc' dir='ltr'>ὁ</span> <span class='ocrx_word' id='word_1_279' title='bbox 637 1784 807 1820; x_wconf 82' lang='grc' dir='ltr'>Δημιουργὺς</span> <span class='ocrx_word' id='word_1_280' title='bbox 830 1786 897 1811; x_wconf 81' lang='grc' dir='ltr'>ὑπε-</span> 
     </span>
    </p>
   </div>
   <div class='ocr_carea' id='block_1_38' title="bbox 110 1829 896 1867">
    <p class='ocr_par' dir='ltr' id='par_1_38' title="bbox 110 1829 896 1867">
     <span class='ocr_line' id='line_1_38' title="bbox 110 1829 896 1867; baseline 0.003 -12"><span class='ocrx_word' id='word_1_281' title='bbox 110 1830 262 1864; x_wconf 84' lang='grc' dir='ltr'>τεχνήσατο</span> <span class='ocrx_word' id='word_1_282' title='bbox 274 1829 318 1856; x_wconf 84' lang='grc' dir='ltr'><strong>διὰ</strong></span> <span class='ocrx_word' id='word_1_283' title='bbox 329 1829 383 1856; x_wconf 89' lang='grc' dir='ltr'><strong>τῶν</strong></span> <span class='ocrx_word' id='word_1_284' title='bbox 398 1829 523 1865; x_wconf 75' lang='grc' dir='ltr'>ἀοράτων</span> <span class='ocrx_word' id='word_1_285' title='bbox 537 1831 638 1864; x_wconf 87' lang='grc' dir='ltr'>πόρων,</span> <span class='ocrx_word' id='word_1_286' title='bbox 652 1830 723 1857; x_wconf 76' lang='grc' dir='ltr'>κατὰ</span> <span class='ocrx_word' id='word_1_287' title='bbox 738 1830 820 1867; x_wconf 82' lang='grc' dir='ltr'>μέρος</span> <span class='ocrx_word' id='word_1_288' title='bbox 835 1832 896 1858; x_wconf 66' lang='grc' dir='ltr'>επις</span> 
     </span>
    </p>
   </div>
   <div class='ocr_carea' id='block_1_39' title="bbox 111 1875 897 1912">
    <p class='ocr_par' dir='ltr' id='par_1_39' title="bbox 111 1875 897 1912">
     <span class='ocr_line' id='line_1_39' title="bbox 111 1875 897 1912; baseline 0.003 -11"><span class='ocrx_word' id='word_1_289' title='bbox 111 1875 265 1910; x_wconf 81' lang='grc' dir='ltr'>σπωμένων</span> <span class='ocrx_word' id='word_1_290' title='bbox 277 1876 307 1902; x_wconf 85' lang='grc' dir='ltr'><strong>τδ</strong></span> <span class='ocrx_word' id='word_1_291' title='bbox 321 1875 414 1910; x_wconf 77' lang='grc' dir='ltr'>ὑγρὸν,</span> <span class='ocrx_word' id='word_1_292' title='bbox 433 1876 506 1908; x_wconf 83' lang='grc' dir='ltr'>ὅπως</span> <span class='ocrx_word' id='word_1_293' title='bbox 521 1876 559 1912; x_wconf 85' lang='grc' dir='ltr'>μὴ</span> <span class='ocrx_word' id='word_1_294' title='bbox 572 1877 604 1911; x_wconf 84' lang='grc' dir='ltr'>τῇ</span> <span class='ocrx_word' id='word_1_295' title='bbox 625 1875 712 1911; x_wconf 68' lang='grc' dir='ltr'>ἀθρόᾳ</span> <span class='ocrx_word' id='word_1_296' title='bbox 735 1876 897 1908; x_wconf 75' lang='grc' dir='ltr'>έξυδατώσει</span> 
     </span>
    </p>
   </div>
   <div class='ocr_carea' id='block_1_40' title="bbox 111 1922 898 1957">
    <p class='ocr_par' dir='ltr' id='par_1_40' title="bbox 111 1922 898 1957">
     <span class='ocr_line' id='line_1_40' title="bbox 111 1922 898 1957; baseline 0.003 -9"><span class='ocrx_word' id='word_1_297' title='bbox 111 1922 160 1947; x_wconf 78' lang='grc' dir='ltr'>καὶ</span> <span class='ocrx_word' id='word_1_298' title='bbox 179 1922 350 1957; x_wconf 75' lang='grc' dir='ltr'>ἀναξηρασίᾳ</span> <span class='ocrx_word' id='word_1_299' title='bbox 372 1922 442 1957; x_wconf 79' lang='grc' dir='ltr'>δίψει</span> <span class='ocrx_word' id='word_1_300' title='bbox 464 1922 651 1957; x_wconf 74' lang='grc' dir='ltr'>ἐνεδρευθῆναι</span> <span class='ocrx_word' id='word_1_301' title='bbox 675 1922 705 1948; x_wconf 81' lang='grc' dir='ltr'><strong>τὸ</strong></span> <span class='ocrx_word' id='word_1_302' title='bbox 728 1922 808 1954; x_wconf 81' lang='grc' dir='ltr'>ζῶον,</span> <span class='ocrx_word' id='word_1_303' title='bbox 830 1923 898 1950; x_wconf 80' lang='grc' dir='ltr'>ἀλλὰ</span> 
     </span>
    </p>
   </div>
   <div class='ocr_carea' id='block_1_41' title="bbox 112 1967 896 2004">
    <p class='ocr_par' dir='ltr' id='par_1_41' title="bbox 112 1967 896 2004">
     <span class='ocr_line' id='line_1_41' title="bbox 112 1967 896 2004; baseline 0.003 -11"><span class='ocrx_word' id='word_1_304' title='bbox 112 1967 184 1993; x_wconf 75' lang='grc' dir='ltr'><strong>κατά</strong></span> <span class='ocrx_word' id='word_1_305' title='bbox 200 1968 282 2002; x_wconf 82' lang='grc' dir='ltr'>μέρος</span> <span class='ocrx_word' id='word_1_306' title='bbox 295 1968 524 2003; x_wconf 80' lang='grc' dir='ltr'>ὲξοικονομεῖσθαι</span> <span class='ocrx_word' id='word_1_307' title='bbox 538 1968 569 1994; x_wconf 84' lang='grc' dir='ltr'><strong>τὸ</strong></span> <span class='ocrx_word' id='word_1_308' title='bbox 580 1967 698 2003; x_wconf 67' lang='grc' dir='ltr'>ἀρυσθέν</span> <span class='ocrx_word' id='word_1_309' title='bbox 709 1968 790 2003; x_wconf 78' lang='grc' dir='ltr'>μέχρι</span> <span class='ocrx_word' id='word_1_310' title='bbox 801 1969 896 2004; x_wconf 81' lang='grc' dir='ltr'>καιροῦ</span> 
     </span>
    </p>
   </div>
   <div class='ocr_carea' id='block_1_42' title="bbox 111 2012 898 2048">
    <p class='ocr_par' dir='ltr' id='par_1_42' title="bbox 111 2012 898 2048">
     <span class='ocr_line' id='line_1_42' title="bbox 111 2012 898 2048; baseline 0.003 -10"><span class='ocrx_word' id='word_1_311' title='bbox 111 2020 196 2042; x_wconf 83' lang='grc' dir='ltr'>τινος.</span> <span class='ocrx_word' id='word_1_312' title='bbox 221 2012 306 2048; x_wconf 88' lang='grc' dir='ltr'>Σκέλη</span> <span class='ocrx_word' id='word_1_313' title='bbox 331 2013 361 2039; x_wconf 85' lang='grc' dir='ltr'>δὲ</span> <span class='ocrx_word' id='word_1_314' title='bbox 388 2013 454 2048; x_wconf 82' lang='grc' dir='ltr'>ἡμῖν</span> <span class='ocrx_word' id='word_1_315' title='bbox 481 2012 672 2047; x_wconf 76' lang='grc' dir='ltr'>διηρθρωμένα</span> <span class='ocrx_word' id='word_1_316' title='bbox 696 2015 826 2047; x_wconf 84' lang='grc' dir='ltr'>στροφαῖς</span> <span class='ocrx_word' id='word_1_317' title='bbox 852 2014 898 2040; x_wconf 73' lang='grc' dir='ltr'>καὶ</span> 
     </span>
    </p>
   </div>
   <div class='ocr_carea' id='block_1_43' title="bbox 111 2056 898 2094">
    <p class='ocr_par' dir='ltr' id='par_1_43' title="bbox 111 2056 898 2094">
     <span class='ocr_line' id='line_1_43' title="bbox 111 2056 898 2094; baseline 0.001 -11"><span class='ocrx_word' id='word_1_318' title='bbox 111 2057 225 2092; x_wconf 81' lang='grc' dir='ltr'>τόρμοις</span> <span class='ocrx_word' id='word_1_319' title='bbox 246 2057 467 2092; x_wconf 74' lang='grc' dir='ltr'>συμϐεϐλημένα,</span> <span class='ocrx_word' id='word_1_320' title='bbox 483 2057 565 2084; x_wconf 78' lang='grc' dir='ltr'>οἱονεὶ</span> <span class='ocrx_word' id='word_1_321' title='bbox 580 2056 671 2083; x_wconf 87' lang='grc' dir='ltr'>στὺλοι</span> <span class='ocrx_word' id='word_1_322' title='bbox 687 2057 846 2094; x_wconf 81' lang='grc' dir='ltr'>ἀχθοφόροι.</span> <span class='ocrx_word' id='word_1_323' title='bbox 868 2058 898 2084; x_wconf 74' lang='grc' dir='ltr'>τὸ</span> 
     </span>
    </p>
   </div>
   <div class='ocr_carea' id='block_1_44' title="bbox 113 2102 897 2138">
    <p class='ocr_par' dir='ltr' id='par_1_44' title="bbox 113 2102 897 2138">
     <span class='ocr_line' id='line_1_44' title="bbox 113 2102 897 2138; baseline 0.001 -10"><span class='ocrx_word' id='word_1_324' title='bbox 113 2103 174 2129; x_wconf 83' lang='grc' dir='ltr'>’όλον</span> <span class='ocrx_word' id='word_1_325' title='bbox 196 2102 384 2137; x_wconf 82' lang='grc' dir='ltr'>ὲπερεισμένοι</span> <span class='ocrx_word' id='word_1_326' title='bbox 409 2102 504 2138; x_wconf 85' lang='grc' dir='ltr'>σῶμα·</span> <span class='ocrx_word' id='word_1_327' title='bbox 526 2102 702 2136; x_wconf 82' lang='grc' dir='ltr'>ἐπικεφαλίδα</span> <span class='ocrx_word' id='word_1_328' title='bbox 723 2103 772 2138; x_wconf 80' lang='grc' dir='ltr'>μὲν</span> <span class='ocrx_word' id='word_1_329' title='bbox 787 2103 817 2129; x_wconf 79' lang='grc' dir='ltr'>τὸ</span> <span class='ocrx_word' id='word_1_330' title='bbox 833 2103 897 2138; x_wconf 84' lang='grc' dir='ltr'>γόνυ</span> 
     </span>
    </p>
   </div>
   <div class='ocr_carea' id='block_1_45' title="bbox 113 2148 899 2184">
    <p class='ocr_par' dir='ltr' id='par_1_45' title="bbox 113 2148 899 2184">
     <span class='ocr_line' id='line_1_45' title="bbox 113 2148 899 2184; baseline 0.001 -9"><span class='ocrx_word' id='word_1_331' title='bbox 113 2149 232 2183; x_wconf 76' lang='grc' dir='ltr'>ἔχοντες,</span> <span class='ocrx_word' id='word_1_332' title='bbox 261 2148 339 2182; x_wconf 80' lang='grc' dir='ltr'>βάσιν</span> <span class='ocrx_word' id='word_1_333' title='bbox 366 2148 395 2175; x_wconf 76' lang='grc' dir='ltr'>δὲ</span> <span class='ocrx_word' id='word_1_334' title='bbox 424 2148 470 2175; x_wconf 79' lang='grc' dir='ltr'><strong>τὸν</strong></span> <span class='ocrx_word' id='word_1_335' title='bbox 493 2148 675 2184; x_wconf 80' lang='grc' dir='ltr'>ἀστράγαλον,</span> <span class='ocrx_word' id='word_1_336' title='bbox 707 2149 824 2182; x_wconf 81' lang='grc' dir='ltr'>εὐσταλῆ</span> <span class='ocrx_word' id='word_1_337' title='bbox 851 2150 899 2176; x_wconf 75' lang='grc' dir='ltr'>καὶ</span> 
     </span>
    </p>
   </div>
   <div class='ocr_carea' id='block_1_46' title="bbox 112 2194 898 2230">
    <p class='ocr_par' dir='ltr' id='par_1_46' title="bbox 112 2194 898 2230">
     <span class='ocr_line' id='line_1_46' title="bbox 112 2194 898 2230; baseline 0.001 -10"><span class='ocrx_word' id='word_1_338' title='bbox 112 2195 211 2229; x_wconf 72' lang='grc' dir='ltr'>ῐτοιμα</span> <span class='ocrx_word' id='word_1_339' title='bbox 235 2194 303 2230; x_wconf 74' lang='grc' dir='ltr'>πρὸς</span> <span class='ocrx_word' id='word_1_340' title='bbox 324 2195 414 2221; x_wconf 82' lang='grc' dir='ltr'>πᾶσαν</span> <span class='ocrx_word' id='word_1_341' title='bbox 439 2194 594 2230; x_wconf 79' lang='grc' dir='ltr'>ὑπάρχοντα</span> <span class='ocrx_word' id='word_1_342' title='bbox 609 2194 727 2230; x_wconf 79' lang='grc' dir='ltr'>κίνησιν,</span> <span class='ocrx_word' id='word_1_343' title='bbox 744 2195 898 2230; x_wconf 85' lang='grc' dir='ltr'>προσευχήν</span> 
     </span>
    </p>
   </div>
   <div class='ocr_carea' id='block_1_47' title="bbox 113 2239 901 2276">
    <p class='ocr_par' dir='ltr' id='par_1_47' title="bbox 113 2239 901 2276">
     <span class='ocr_line' id='line_1_47' title="bbox 113 2239 901 2276; baseline 0.001 -10"><span class='ocrx_word' id='word_1_344' title='bbox 113 2248 143 2266; x_wconf 81' lang='grc' dir='ltr'>τε</span> <span class='ocrx_word' id='word_1_345' title='bbox 161 2239 208 2266; x_wconf 80' lang='grc' dir='ltr'><strong>καὶ</strong></span> <span class='ocrx_word' id='word_1_346' title='bbox 224 2239 375 2271; x_wconf 82' lang='grc' dir='ltr'>ποτνίασιν,</span> <span class='ocrx_word' id='word_1_347' title='bbox 389 2240 489 2276; x_wconf 87' lang='grc' dir='ltr'>δρόμον</span> <span class='ocrx_word' id='word_1_348' title='bbox 500 2249 529 2266; x_wconf 87' lang='grc' dir='ltr'><strong>τε</strong></span> <span class='ocrx_word' id='word_1_349' title='bbox 543 2241 589 2267; x_wconf 76' lang='grc' dir='ltr'>καὶ</span> <span class='ocrx_word' id='word_1_350' title='bbox 603 2240 719 2275; x_wconf 72' lang='grc' dir='ltr'>ἅλματα.</span> <span class='ocrx_word' id='word_1_351' title='bbox 734 2241 765 2267; x_wconf 83' lang='grc' dir='ltr'><strong>Οῐ</strong></span> <span class='ocrx_word' id='word_1_352' title='bbox 781 2240 809 2266; x_wconf 82' lang='grc' dir='ltr'>δὲ</span> <span class='ocrx_word' id='word_1_353' title='bbox 821 2241 901 2272; x_wconf 86' lang='grc' dir='ltr'>πόδες</span> 
     </span>
    </p>
   </div>
   <div class='ocr_carea' id='block_1_48' title="bbox 113 2284 900 2321">
    <p class='ocr_par' dir='ltr' id='par_1_48' title="bbox 113 2284 900 2321">
     <span class='ocr_line' id='line_1_48' title="bbox 113 2284 900 2321; baseline 0.001 -10"><span class='ocrx_word' id='word_1_354' title='bbox 113 2286 182 2320; x_wconf 84' lang='grc' dir='ltr'>ἡμῖν</span> <span class='ocrx_word' id='word_1_355' title='bbox 197 2284 342 2320; x_wconf 83' lang='grc' dir='ltr'>τυλὼτεροι</span> <span class='ocrx_word' id='word_1_356' title='bbox 357 2285 457 2316; x_wconf 76' lang='grc' dir='ltr'>παντὸς</span> <span class='ocrx_word' id='word_1_357' title='bbox 472 2284 519 2311; x_wconf 86' lang='grc' dir='ltr'>τοῦ</span> <span class='ocrx_word' id='word_1_358' title='bbox 538 2285 759 2321; x_wconf 62' lang='grc' dir='ltr'>ὑπερφεῳμένου</span> <span class='ocrx_word' id='word_1_359' title='bbox 775 2285 900 2321; x_wconf 85' lang='grc' dir='ltr'>σώματος</span> 
     </span>
    </p>
   </div>
   <div class='ocr_carea' id='block_1_49' title="bbox 115 2329 900 2365">
    <p class='ocr_par' dir='ltr' id='par_1_49' title="bbox 115 2329 900 2365">
     <span class='ocr_line' id='line_1_49' title="bbox 115 2329 900 2365; baseline 0.001 -9"><span class='ocrx_word' id='word_1_360' title='bbox 115 2330 387 2365; x_wconf 68' lang='grc' dir='ltr'>κατεσκευάσθησαν,</span> <span class='ocrx_word' id='word_1_361' title='bbox 407 2331 440 2365; x_wconf 84' lang='grc' dir='ltr'><strong>τῇ</strong></span> <span class='ocrx_word' id='word_1_362' title='bbox 463 2329 552 2365; x_wconf 81' lang='grc' dir='ltr'>χέρσῳ</span> <span class='ocrx_word' id='word_1_363' title='bbox 575 2330 618 2356; x_wconf 83' lang='grc' dir='ltr'>διὰ</span> <span class='ocrx_word' id='word_1_364' title='bbox 637 2330 738 2362; x_wconf 87' lang='grc' dir='ltr'>παντὸς</span> <span class='ocrx_word' id='word_1_365' title='bbox 755 2330 900 2365; x_wconf 79' lang='grc' dir='ltr'>κροῡεσθαι</span> 
     </span>
    </p>
   </div>
   <div class='ocr_carea' id='block_1_50' title="bbox 117 2375 900 2411">
    <p class='ocr_par' dir='ltr' id='par_1_50' title="bbox 117 2375 900 2411">
     <span class='ocr_line' id='line_1_50' title="bbox 117 2375 900 2411; baseline 0.001 -10"><span class='ocrx_word' id='word_1_366' title='bbox 117 2375 272 2411; x_wconf 76' lang='grc' dir='ltr'>μέλλοντες,</span> <span class='ocrx_word' id='word_1_367' title='bbox 287 2376 368 2402; x_wconf 71' lang='grc' dir='ltr'>οἱονεὶ</span> <span class='ocrx_word' id='word_1_368' title='bbox 381 2375 498 2409; x_wconf 81' lang='grc' dir='ltr'>ὀγκίνοις</span> <span class='ocrx_word' id='word_1_369' title='bbox 515 2376 581 2411; x_wconf 78' lang='grc' dir='ltr'>πρὸς</span> <span class='ocrx_word' id='word_1_370' title='bbox 594 2375 718 2402; x_wconf 74' lang='grc' dir='ltr'>διάϐασιν</span> <span class='ocrx_word' id='word_1_371' title='bbox 731 2378 786 2407; x_wconf 86' lang='grc' dir='ltr'>τοῖς</span> <span class='ocrx_word' id='word_1_372' title='bbox 800 2376 900 2403; x_wconf 87' lang='grc' dir='ltr'>δακτύ-</span> 
     </span>
    </p>
   </div>
   <div class='ocr_carea' id='block_1_51' title="bbox 115 2418 901 2455">
    <p class='ocr_par' dir='ltr' id='par_1_51' title="bbox 115 2418 901 2455">
     <span class='ocr_line' id='line_1_51' title="bbox 115 2418 901 2455; baseline 0.004 -11"><span class='ocrx_word' id='word_1_373' title='bbox 115 2418 172 2449; x_wconf 87' lang='grc' dir='ltr'>λοις</span> <span class='ocrx_word' id='word_1_374' title='bbox 188 2418 416 2453; x_wconf 75' lang='grc' dir='ltr'>συνεργούμενοι·</span> <span class='ocrx_word' id='word_1_375' title='bbox 430 2418 477 2450; x_wconf 80' lang='grc' dir='ltr'>οὓς</span> <span class='ocrx_word' id='word_1_376' title='bbox 489 2419 612 2454; x_wconf 84' lang='grc' dir='ltr'>κρυμῷἤ</span> <span class='ocrx_word' id='word_1_377' title='bbox 628 2419 700 2455; x_wconf 79' lang='grc' dir='ltr'><strong>λώὸῃ</strong></span> <span class='ocrx_word' id='word_1_378' title='bbox 715 2420 768 2446; x_wconf 78' lang='grc' dir='ltr'>τινὶ</span> <span class='ocrx_word' id='word_1_379' title='bbox 781 2421 901 2447; x_wconf 78' lang='grc' dir='ltr'>ἀποϐάλ-</span> 
     </span>
    </p>
   </div>
   <div class='ocr_carea' id='block_1_52' title="bbox 116 2464 548 2499">
    <p class='ocr_par' dir='ltr' id='par_1_52' title="bbox 116 2464 548 2499">
     <span class='ocr_line' id='line_1_52' title="bbox 116 2464 548 2499; baseline 0 -9"><span class='ocrx_word' id='word_1_380' title='bbox 116 2464 220 2495; x_wconf 68' lang='grc' dir='ltr'>λοντες,</span> <span class='ocrx_word' id='word_1_381' title='bbox 238 2464 393 2499; x_wconf 77' lang='grc' dir='ltr'>μογιὸαδεῖς</span> <span class='ocrx_word' id='word_1_382' title='bbox 407 2464 548 2499; x_wconf 85' lang='grc' dir='ltr'>γινόμεθα.</span> 
     </span>
    </p>
   </div>
   <div class='ocr_carea' id='block_1_53' title="bbox 771 129 1003 160">
    <p class='ocr_par' dir='ltr' id='par_1_53' title="bbox 771 129 1003 160">
     <span class='ocr_line' id='line_1_53' title="bbox 771 129 1003 160; baseline -0.004 -1"><span class='ocrx_word' id='word_1_383' title='bbox 771 129 942 160; x_wconf 80' lang='lat' dir='ltr'><strong>DIALOGUS</strong></span> <span class='ocrx_word' id='word_1_384' title='bbox 960 131 1003 159; x_wconf 92' lang='lat' dir='ltr'><strong>lll.</strong></span> 
     </span>
    </p>
   </div>
   <div class='ocr_carea' id='block_1_54' title="bbox 1642 130 1709 158">
    <p class='ocr_par' dir='ltr' id='par_1_54' title="bbox 1642 130 1709 158">
     <span class='ocr_line' id='line_1_54' title="bbox 1642 130 1709 158; baseline -0.03 0"><span class='ocrx_word' id='word_1_385' title='bbox 1642 130 1709 158; x_wconf 61' lang='grc'><strong>1978</strong></span> 
     </span>
    </p>
   </div>
   <div class='ocr_carea' id='block_1_55' title="bbox 924 189 1709 225">
    <p class='ocr_par' dir='ltr' id='par_1_55' title="bbox 924 189 1709 225">
     <span class='ocr_line' id='line_1_55' title="bbox 924 189 1709 225; baseline -0.001 -9"><span class='ocrx_word' id='word_1_386' title='bbox 924 193 1019 223; x_wconf 84' lang='lat' dir='ltr'><strong>pectus</strong></span> <span class='ocrx_word' id='word_1_387' title='bbox 1051 194 1079 216; x_wconf 85' lang='lat' dir='ltr'><strong>et</strong></span> <span class='ocrx_word' id='word_1_388' title='bbox 1106 189 1189 217; x_wconf 81' lang='lat' dir='ltr'><strong>clavis</strong></span> <span class='ocrx_word' id='word_1_389' title='bbox 1212 189 1366 225; x_wconf 73' lang='lat' dir='ltr'><strong>juncturam</strong></span> <span class='ocrx_word' id='word_1_390' title='bbox 1399 189 1559 224; x_wconf 69' lang='lat' dir='ltr'><strong>praeposuit.</strong></span> <span class='ocrx_word' id='word_1_391' title='bbox 1587 189 1709 222; x_wconf 77' lang='lat' dir='ltr'><strong>undique</strong></span> 
     </span>
    </p>
   </div>
   <div class='ocr_carea' id='block_1_56' title="bbox 925 233 1710 269">
    <p class='ocr_par' dir='ltr' id='par_1_56' title="bbox 925 233 1710 269">
     <span class='ocr_line' id='line_1_56' title="bbox 925 233 1710 269; baseline 0 -9"><span class='ocrx_word' id='word_1_392' title='bbox 925 233 1045 261; x_wconf 85' lang='lat' dir='ltr'><strong>adhibita</strong></span> <span class='ocrx_word' id='word_1_393' title='bbox 1060 234 1194 266; x_wconf 82' lang='lat' dir='ltr'><strong>custodia,</strong></span> <span class='ocrx_word' id='word_1_394' title='bbox 1212 242 1265 269; x_wconf 91' lang='lat' dir='ltr'><strong>qua</strong></span> <span class='ocrx_word' id='word_1_395' title='bbox 1279 235 1314 262; x_wconf 89' lang='lat' dir='ltr'><strong>ab</strong></span> <span class='ocrx_word' id='word_1_396' title='bbox 1324 235 1444 262; x_wconf 77' lang='lat' dir='ltr'><strong>externis</strong></span> <span class='ocrx_word' id='word_1_397' title='bbox 1460 234 1710 269; x_wconf 71' lang='lat' dir='ltr'><strong>perturbationibus</strong></span> 
     </span>
    </p>
   </div>
   <div class='ocr_carea' id='block_1_57' title="bbox 926 279 1712 314">
    <p class='ocr_par' dir='ltr' id='par_1_57' title="bbox 926 279 1712 314">
     <span class='ocr_line' id='line_1_57' title="bbox 926 279 1712 314; baseline 0 -9"><span class='ocrx_word' id='word_1_398' title='bbox 926 283 1013 306; x_wconf 91' lang='lat' dir='ltr'><strong>tutum</strong></span> <span class='ocrx_word' id='word_1_399' title='bbox 1028 279 1196 307; x_wconf 86' lang='lat' dir='ltr'><strong>redderetur.</strong></span> <span class='ocrx_word' id='word_1_400' title='bbox 1216 279 1395 308; x_wconf 85' lang='lat' dir='ltr'><strong>Peculiariter</strong></span> <span class='ocrx_word' id='word_1_401' title='bbox 1407 284 1497 308; x_wconf 86' lang='lat' dir='ltr'><strong>autem</strong></span> <span class='ocrx_word' id='word_1_402' title='bbox 1520 284 1547 307; x_wconf 87' lang='lat' dir='ltr'><strong>et</strong></span> <span class='ocrx_word' id='word_1_403' title='bbox 1561 279 1594 307; x_wconf 90' lang='lat' dir='ltr'><strong>de</strong></span> <span class='ocrx_word' id='word_1_404' title='bbox 1608 280 1712 314; x_wconf 89' lang='lat' dir='ltr'><strong>pulmo-</strong></span> 
     </span>
    </p>
   </div>
   <div class='ocr_carea' id='block_1_58' title="bbox 927 325 1712 361">
    <p class='ocr_par' dir='ltr' id='par_1_58' title="bbox 927 325 1712 361">
     <span class='ocr_line' id='line_1_58' title="bbox 927 325 1712 361; baseline 0 -9"><span class='ocrx_word' id='word_1_405' title='bbox 927 325 969 353; x_wconf 87' lang='lat' dir='ltr'><strong>nis</strong></span> <span class='ocrx_word' id='word_1_406' title='bbox 982 330 1078 353; x_wconf 86' lang='lat' dir='ltr'><strong>natura</strong></span> <span class='ocrx_word' id='word_1_407' title='bbox 1092 327 1187 361; x_wconf 84' lang='lat' dir='ltr'><strong>paucis</strong></span> <span class='ocrx_word' id='word_1_408' title='bbox 1205 326 1382 354; x_wconf 85' lang='lat' dir='ltr'><strong>disseramus.</strong></span> <span class='ocrx_word' id='word_1_409' title='bbox 1401 326 1448 353; x_wconf 80' lang='lat' dir='ltr'><strong>Est</strong></span> <span class='ocrx_word' id='word_1_410' title='bbox 1468 327 1513 354; x_wconf 86' lang='lat' dir='ltr'><strong>hic</strong></span> <span class='ocrx_word' id='word_1_411' title='bbox 1527 326 1631 361; x_wconf 89' lang='lat' dir='ltr'><strong>pectori</strong></span> <span class='ocrx_word' id='word_1_412' title='bbox 1649 330 1712 360; x_wconf 84' lang='lat' dir='ltr'><strong>apte</strong></span> 
     </span>
    </p>
   </div>
   <div class='ocr_carea' id='block_1_59' title="bbox 926 372 1711 406">
    <p class='ocr_par' dir='ltr' id='par_1_59' title="bbox 926 372 1711 406">
     <span class='ocr_line' id='line_1_59' title="bbox 926 372 1711 406; baseline -0.001 -7"><span class='ocrx_word' id='word_1_413' title='bbox 926 372 1098 406; x_wconf 87' lang='lat' dir='ltr'><strong>conjunctus,</strong></span> <span class='ocrx_word' id='word_1_414' title='bbox 1111 380 1244 401; x_wconf 87' lang='lat' dir='ltr'><strong>recurvus</strong></span> <span class='ocrx_word' id='word_1_415' title='bbox 1266 378 1294 400; x_wconf 90' lang='lat' dir='ltr'><strong>et</strong></span> <span class='ocrx_word' id='word_1_416' title='bbox 1308 373 1408 405; x_wconf 85' lang='lat' dir='ltr'><strong>mollis,</strong></span> <span class='ocrx_word' id='word_1_417' title='bbox 1424 377 1452 401; x_wconf 89' lang='lat' dir='ltr'><strong>et</strong></span> <span class='ocrx_word' id='word_1_418' title='bbox 1468 373 1612 400; x_wconf 86' lang='lat' dir='ltr'><strong>admodum</strong></span> <span class='ocrx_word' id='word_1_419' title='bbox 1631 380 1711 399; x_wconf 84' lang='lat' dir='ltr'><strong>rarus</strong></span> 
     </span>
    </p>
   </div>
   <div class='ocr_carea' id='block_1_60' title="bbox 926 418 1712 454">
    <p class='ocr_par' dir='ltr' id='par_1_60' title="bbox 926 418 1712 454">
     <span class='ocr_line' id='line_1_60' title="bbox 926 418 1712 454; baseline 0.001 -10"><span class='ocrx_word' id='word_1_420' title='bbox 926 423 954 444; x_wconf 87' lang='lat' dir='ltr'><strong>et</strong></span> <span class='ocrx_word' id='word_1_421' title='bbox 966 418 1056 452; x_wconf 85' lang='lat' dir='ltr'><strong>specie</strong></span> <span class='ocrx_word' id='word_1_422' title='bbox 1073 426 1168 453; x_wconf 90' lang='lat' dir='ltr'><strong>parum</strong></span> <span class='ocrx_word' id='word_1_423' title='bbox 1184 419 1308 454; x_wconf 72' lang='lat' dir='ltr'><strong>elegans;</strong></span> <span class='ocrx_word' id='word_1_424' title='bbox 1335 426 1484 453; x_wconf 88' lang='lat' dir='ltr'><strong>omnesque</strong></span> <span class='ocrx_word' id='word_1_425' title='bbox 1497 419 1627 446; x_wconf 83' lang='lat' dir='ltr'><strong>circuitus</strong></span> <span class='ocrx_word' id='word_1_426' title='bbox 1648 426 1712 445; x_wconf 83' lang='lat' dir='ltr'><strong>suos</strong></span> 
     </span>
    </p>
   </div>
   <div class='ocr_carea' id='block_1_61' title="bbox 928 463 1712 498">
    <p class='ocr_par' dir='ltr' id='par_1_61' title="bbox 928 463 1712 498">
     <span class='ocr_line' id='line_1_61' title="bbox 928 463 1712 498; baseline 0.001 -9"><span class='ocrx_word' id='word_1_427' title='bbox 928 463 1011 490; x_wconf 87' lang='lat' dir='ltr'><strong>veluti</strong></span> <span class='ocrx_word' id='word_1_428' title='bbox 1029 470 1077 497; x_wconf 87' lang='lat' dir='ltr'><strong>per</strong></span> <span class='ocrx_word' id='word_1_429' title='bbox 1093 463 1162 490; x_wconf 84' lang='lat' dir='ltr'><strong>ostia</strong></span> <span class='ocrx_word' id='word_1_430' title='bbox 1179 464 1302 498; x_wconf 68' lang='lat' dir='ltr'><strong>quaedam</strong></span> <span class='ocrx_word' id='word_1_431' title='bbox 1317 468 1447 491; x_wconf 80' lang='lat' dir='ltr'><strong>exeuntes</strong></span> <span class='ocrx_word' id='word_1_432' title='bbox 1469 464 1571 492; x_wconf 83' lang='lat' dir='ltr'><strong>habens</strong></span> <span class='ocrx_word' id='word_1_433' title='bbox 1587 464 1620 491; x_wconf 90' lang='lat' dir='ltr'><strong>ad</strong></span> <span class='ocrx_word' id='word_1_434' title='bbox 1640 468 1712 490; x_wconf 87' lang='lat' dir='ltr'><strong>arte-</strong></span> 
     </span>
    </p>
   </div>
   <div class='ocr_carea' id='block_1_62' title="bbox 928 507 1712 543">
    <p class='ocr_par' dir='ltr' id='par_1_62' title="bbox 928 507 1712 543">
     <span class='ocr_line' id='line_1_62' title="bbox 928 507 1712 543; baseline 0.001 -9"><span class='ocrx_word' id='word_1_435' title='bbox 928 507 976 534; x_wconf 65' lang='lat' dir='ltr'><strong>ria:</strong></span> <span class='ocrx_word' id='word_1_436' title='bbox 995 507 1120 540; x_wconf 83' lang='lat' dir='ltr'><strong>fundum,</strong></span> <span class='ocrx_word' id='word_1_437' title='bbox 1137 516 1236 543; x_wconf 84' lang='lat' dir='ltr'><strong>cogens</strong></span> <span class='ocrx_word' id='word_1_438' title='bbox 1253 512 1280 535; x_wconf 88' lang='lat' dir='ltr'><strong>et</strong></span> <span class='ocrx_word' id='word_1_439' title='bbox 1296 509 1484 543; x_wconf 77' lang='lat' dir='ltr'><strong>constringens</strong></span> <span class='ocrx_word' id='word_1_440' title='bbox 1498 509 1524 535; x_wconf 93' lang='lat' dir='ltr'><strong>in</strong></span> <span class='ocrx_word' id='word_1_441' title='bbox 1541 509 1639 535; x_wconf 85' lang='lat' dir='ltr'><strong>tlnibus</strong></span> <span class='ocrx_word' id='word_1_442' title='bbox 1654 508 1712 542; x_wconf 84' lang='lat' dir='ltr'><strong>spi-</strong></span> 
     </span>
    </p>
   </div>
   <div class='ocr_carea' id='block_1_63' title="bbox 931 553 1714 589">
    <p class='ocr_par' dir='ltr' id='par_1_63' title="bbox 931 553 1714 589">
     <span class='ocr_line' id='line_1_63' title="bbox 931 553 1714 589; baseline 0 -9"><span class='ocrx_word' id='word_1_443' title='bbox 931 554 1010 580; x_wconf 90' lang='lat' dir='ltr'><strong>ritum</strong></span> <span class='ocrx_word' id='word_1_444' title='bbox 1024 554 1160 586; x_wconf 84' lang='lat' dir='ltr'><strong>relictum,</strong></span> <span class='ocrx_word' id='word_1_445' title='bbox 1176 561 1257 589; x_wconf 85' lang='lat' dir='ltr'><strong>quem</strong></span> <span class='ocrx_word' id='word_1_446' title='bbox 1274 555 1429 581; x_wconf 89' lang='lat' dir='ltr'><strong>necessario</strong></span> <span class='ocrx_word' id='word_1_447' title='bbox 1440 554 1624 588; x_wconf 88' lang='lat' dir='ltr'><strong>comprimens</strong></span> <span class='ocrx_word' id='word_1_448' title='bbox 1635 553 1714 580; x_wconf 89' lang='lat' dir='ltr'><strong>emit-</strong></span> 
     </span>
    </p>
   </div>
   <div class='ocr_carea' id='block_1_64' title="bbox 930 600 1712 635">
    <p class='ocr_par' dir='ltr' id='par_1_64' title="bbox 930 600 1712 635">
     <span class='ocr_line' id='line_1_64' title="bbox 930 600 1712 635; baseline 0 -9"><span class='ocrx_word' id='word_1_449' title='bbox 930 601 971 627; x_wconf 87' lang='lat' dir='ltr'><strong>tit.</strong></span> <span class='ocrx_word' id='word_1_450' title='bbox 985 600 1054 627; x_wconf 86' lang='lat' dir='ltr'><strong>Cum</strong></span> <span class='ocrx_word' id='word_1_451' title='bbox 1071 608 1168 628; x_wconf 87' lang='lat' dir='ltr'><strong>rursus</strong></span> <span class='ocrx_word' id='word_1_452' title='bbox 1187 604 1277 627; x_wconf 90' lang='lat' dir='ltr'><strong>autem</strong></span> <span class='ocrx_word' id='word_1_453' title='bbox 1293 601 1411 634; x_wconf 82' lang='lat' dir='ltr'><strong>explicat</strong></span> <span class='ocrx_word' id='word_1_454' title='bbox 1433 605 1518 628; x_wconf 87' lang='lat' dir='ltr'><strong>semet</strong></span> <span class='ocrx_word' id='word_1_455' title='bbox 1535 608 1567 627; x_wconf 85' lang='lat' dir='ltr'><strong>ac</strong></span> <span class='ocrx_word' id='word_1_456' title='bbox 1582 600 1712 635; x_wconf 83' lang='lat' dir='ltr'><strong>aperitur,</strong></span> 
     </span>
    </p>
   </div>
   <div class='ocr_carea' id='block_1_65' title="bbox 930 646 1711 680">
    <p class='ocr_par' dir='ltr' id='par_1_65' title="bbox 930 646 1711 680">
     <span class='ocr_line' id='line_1_65' title="bbox 930 646 1711 680; baseline 0 -8"><span class='ocrx_word' id='word_1_457' title='bbox 930 646 1061 673; x_wconf 81' lang='lat' dir='ltr'><strong>violenter</strong></span> <span class='ocrx_word' id='word_1_458' title='bbox 1078 654 1140 673; x_wconf 85' lang='lat' dir='ltr'><strong>aera</strong></span> <span class='ocrx_word' id='word_1_459' title='bbox 1162 646 1273 673; x_wconf 86' lang='lat' dir='ltr'><strong>attrahit</strong></span> <span class='ocrx_word' id='word_1_460' title='bbox 1288 646 1321 673; x_wconf 90' lang='lat' dir='ltr'><strong>ad</strong></span> <span class='ocrx_word' id='word_1_461' title='bbox 1340 647 1364 673; x_wconf 88' lang='lat' dir='ltr'><strong>id</strong></span> <span class='ocrx_word' id='word_1_462' title='bbox 1381 646 1452 680; x_wconf 79' lang='lat' dir='ltr'><strong>qum]</strong></span> <span class='ocrx_word' id='word_1_463' title='bbox 1477 651 1608 676; x_wconf 80' lang='lat' dir='ltr'><strong>movetur.</strong></span> <span class='ocrx_word' id='word_1_464' title='bbox 1624 651 1651 672; x_wconf 87' lang='lat' dir='ltr'><strong>et</strong></span> <span class='ocrx_word' id='word_1_465' title='bbox 1665 654 1711 672; x_wconf 81' lang='lat' dir='ltr'><strong>as-</strong></span> 
     </span>
    </p>
   </div>
   <div class='ocr_carea' id='block_1_66' title="bbox 931 690 1712 725">
    <p class='ocr_par' dir='ltr' id='par_1_66' title="bbox 931 690 1712 725">
     <span class='ocr_line' id='line_1_66' title="bbox 931 690 1712 725; baseline -0.001 -8"><span class='ocrx_word' id='word_1_466' title='bbox 931 691 1011 717; x_wconf 85' lang='lat' dir='ltr'><strong>siduo</strong></span> <span class='ocrx_word' id='word_1_467' title='bbox 1033 696 1107 717; x_wconf 88' lang='lat' dir='ltr'><strong>motu</strong></span> <span class='ocrx_word' id='word_1_468' title='bbox 1134 691 1237 718; x_wconf 90' lang='lat' dir='ltr'><strong>circum</strong></span> <span class='ocrx_word' id='word_1_469' title='bbox 1257 699 1303 717; x_wconf 89' lang='lat' dir='ltr'><strong>cor</strong></span> <span class='ocrx_word' id='word_1_470' title='bbox 1320 691 1448 725; x_wconf 73' lang='lat' dir='ltr'><strong>agitatus,</strong></span> <span class='ocrx_word' id='word_1_471' title='bbox 1473 690 1712 717; x_wconf 83' lang='lat' dir='ltr'><strong>inﬂammationem</strong></span> 
     </span>
    </p>
   </div>
   <div class='ocr_carea' id='block_1_67' title="bbox 931 736 1715 771">
    <p class='ocr_par' dir='ltr' id='par_1_67' title="bbox 931 736 1715 771">
     <span class='ocr_line' id='line_1_67' title="bbox 931 736 1715 771; baseline -0.001 -8"><span class='ocrx_word' id='word_1_472' title='bbox 931 741 957 763; x_wconf 91' lang='lat' dir='ltr'><strong>et</strong></span> <span class='ocrx_word' id='word_1_473' title='bbox 972 736 1105 764; x_wconf 80' lang='lat' dir='ltr'><strong>fervorem</strong></span> <span class='ocrx_word' id='word_1_474' title='bbox 1122 736 1182 771; x_wconf 84' lang='lat' dir='ltr'><strong>ejus</strong></span> <span class='ocrx_word' id='word_1_475' title='bbox 1203 737 1379 764; x_wconf 87' lang='lat' dir='ltr'><strong>ventilatione</strong></span> <span class='ocrx_word' id='word_1_476' title='bbox 1401 744 1450 763; x_wconf 88' lang='lat' dir='ltr'><strong>sua</strong></span> <span class='ocrx_word' id='word_1_477' title='bbox 1468 737 1602 771; x_wconf 76' lang='lat' dir='ltr'><strong>propellit.</strong></span> <span class='ocrx_word' id='word_1_478' title='bbox 1617 736 1715 768; x_wconf 81' lang='lat' dir='ltr'><strong>Quent-</strong></span> 
     </span>
    </p>
   </div>
   <div class='ocr_carea' id='block_1_68' title="bbox 933 782 1716 817">
    <p class='ocr_par' dir='ltr' id='par_1_68' title="bbox 933 782 1716 817">
     <span class='ocr_line' id='line_1_68' title="bbox 933 782 1716 817; baseline -0.004 -7"><span class='ocrx_word' id='word_1_479' title='bbox 933 782 1081 810; x_wconf 87' lang='lat' dir='ltr'><strong>admodum</strong></span> <span class='ocrx_word' id='word_1_480' title='bbox 1104 783 1176 810; x_wconf 88' lang='lat' dir='ltr'><strong>cnim</strong></span> <span class='ocrx_word' id='word_1_481' title='bbox 1204 783 1311 810; x_wconf 83' lang='lat' dir='ltr'><strong>ﬂamma</strong></span> <span class='ocrx_word' id='word_1_482' title='bbox 1337 783 1516 817; x_wconf 71' lang='lat' dir='ltr'><strong>respiratione</strong></span> <span class='ocrx_word' id='word_1_483' title='bbox 1535 789 1630 808; x_wconf 82' lang='lat' dir='ltr'><strong>carens</strong></span> <span class='ocrx_word' id='word_1_484' title='bbox 1654 788 1716 815; x_wconf 80' lang='lat' dir='ltr'><strong>pro-</strong></span> 
     </span>
    </p>
   </div>
   <div class='ocr_carea' id='block_1_69' title="bbox 934 828 1715 864">
    <p class='ocr_par' dir='ltr' id='par_1_69' title="bbox 934 828 1715 864">
     <span class='ocr_line' id='line_1_69' title="bbox 934 828 1715 864; baseline -0.003 -9"><span class='ocrx_word' id='word_1_485' title='bbox 934 828 993 863; x_wconf 91' lang='lat' dir='ltr'><strong>prio</strong></span> <span class='ocrx_word' id='word_1_486' title='bbox 1009 828 1083 856; x_wconf 79' lang='lat' dir='ltr'><strong>fumo</strong></span> <span class='ocrx_word' id='word_1_487' title='bbox 1099 829 1293 864; x_wconf 53' lang='lat' dir='ltr'><strong>exstinguitur,</strong></span> <span class='ocrx_word' id='word_1_488' title='bbox 1315 829 1351 856; x_wconf 88' lang='lat' dir='ltr'><strong>ita</strong></span> <span class='ocrx_word' id='word_1_489' title='bbox 1371 833 1397 856; x_wconf 88' lang='lat' dir='ltr'><strong>et</strong></span> <span class='ocrx_word' id='word_1_490' title='bbox 1413 828 1514 856; x_wconf 88' lang='lat' dir='ltr'><strong>animal</strong></span> <span class='ocrx_word' id='word_1_491' title='bbox 1530 835 1582 855; x_wconf 91' lang='lat' dir='ltr'><strong>non</strong></span> <span class='ocrx_word' id='word_1_492' title='bbox 1599 828 1715 862; x_wconf 70' lang='lat' dir='ltr'><strong>pel-ﬂans</strong></span> 
     </span>
    </p>
   </div>
   <div class='ocr_carea' id='block_1_70' title="bbox 936 873 1716 910">
    <p class='ocr_par' dir='ltr' id='par_1_70' title="bbox 936 873 1716 910">
     <span class='ocr_line' id='line_1_70' title="bbox 936 873 1716 910; baseline -0.005 -8"><span class='ocrx_word' id='word_1_493' title='bbox 936 875 1065 909; x_wconf 83' lang='lat' dir='ltr'><strong>pulmone</strong></span> <span class='ocrx_word' id='word_1_494' title='bbox 1078 875 1168 910; x_wconf 79' lang='lat' dir='ltr'><strong>ignem</strong></span> <span class='ocrx_word' id='word_1_495' title='bbox 1184 875 1276 903; x_wconf 89' lang='lat' dir='ltr'><strong>cordis</strong></span> <span class='ocrx_word' id='word_1_496' title='bbox 1291 875 1433 902; x_wconf 86' lang='lat' dir='ltr'><strong>emoritur.</strong></span> <span class='ocrx_word' id='word_1_497' title='bbox 1455 873 1535 908; x_wconf 75' lang='lat' dir='ltr'><strong>Igitur</strong></span> <span class='ocrx_word' id='word_1_498' title='bbox 1549 881 1611 900; x_wconf 92' lang='lat' dir='ltr'><strong>cum</strong></span> <span class='ocrx_word' id='word_1_499' title='bbox 1625 873 1716 907; x_wconf 87' lang='lat' dir='ltr'><strong>pulmo</strong></span> 
     </span>
    </p>
   </div>
   <div class='ocr_carea' id='block_1_71' title="bbox 936 917 1718 954">
    <p class='ocr_par' dir='ltr' id='par_1_71' title="bbox 936 917 1718 954">
     <span class='ocr_line' id='line_1_71' title="bbox 936 917 1718 954; baseline -0.006 -7"><span class='ocrx_word' id='word_1_500' title='bbox 936 919 1038 947; x_wconf 91' lang='lat' dir='ltr'><strong>circum</strong></span> <span class='ocrx_word' id='word_1_501' title='bbox 1052 927 1100 946; x_wconf 85' lang='lat' dir='ltr'><strong>cor</strong></span> <span class='ocrx_word' id='word_1_502' title='bbox 1116 919 1246 954; x_wconf 78' lang='lat' dir='ltr'><strong>agitatur,</strong></span> <span class='ocrx_word' id='word_1_503' title='bbox 1261 924 1288 946; x_wconf 90' lang='lat' dir='ltr'><strong>et</strong></span> <span class='ocrx_word' id='word_1_504' title='bbox 1302 919 1406 946; x_wconf 82' lang='lat' dir='ltr'><strong>levibus</strong></span> <span class='ocrx_word' id='word_1_505' title='bbox 1421 919 1496 945; x_wconf 88' lang='lat' dir='ltr'><strong>auris</strong></span> <span class='ocrx_word' id='word_1_506' title='bbox 1511 919 1598 952; x_wconf 91' lang='lat' dir='ltr'><strong>ipsum</strong></span> <span class='ocrx_word' id='word_1_507' title='bbox 1613 917 1718 944; x_wconf 87' lang='lat' dir='ltr'><strong>demul-</strong></span> 
     </span>
    </p>
   </div>
   <div class='ocr_carea' id='block_1_72' title="bbox 936 962 1718 1000">
    <p class='ocr_par' dir='ltr' id='par_1_72' title="bbox 936 962 1718 1000">
     <span class='ocr_line' id='line_1_72' title="bbox 936 962 1718 1000; baseline -0.005 -9"><span class='ocrx_word' id='word_1_508' title='bbox 936 971 989 994; x_wconf 86' lang='lat' dir='ltr'><strong>cet.</strong></span> <span class='ocrx_word' id='word_1_509' title='bbox 1013 969 1137 1000; x_wconf 78' lang='lat' dir='ltr'><strong>vegetum</strong></span> <span class='ocrx_word' id='word_1_510' title='bbox 1157 970 1184 992; x_wconf 92' lang='lat' dir='ltr'><strong>et</strong></span> <span class='ocrx_word' id='word_1_511' title='bbox 1209 965 1350 992; x_wconf 88' lang='lat' dir='ltr'><strong>robustum</strong></span> <span class='ocrx_word' id='word_1_512' title='bbox 1373 964 1474 991; x_wconf 85' lang='lat' dir='ltr'><strong>animal</strong></span> <span class='ocrx_word' id='word_1_513' title='bbox 1495 963 1584 990; x_wconf 82' lang='lat' dir='ltr'><strong>cilicit.</strong></span> <span class='ocrx_word' id='word_1_514' title='bbox 1610 962 1638 989; x_wconf 87' lang='lat' dir='ltr'><strong>in</strong></span> <span class='ocrx_word' id='word_1_515' title='bbox 1659 962 1718 996; x_wconf 74' lang='lat' dir='ltr'><strong>ipso</strong></span> 
     </span>
    </p>
   </div>
   <div class='ocr_carea' id='block_1_73' title="bbox 936 1008 1717 1044">
    <p class='ocr_par' dir='ltr' id='par_1_73' title="bbox 936 1008 1717 1044">
     <span class='ocr_line' id='line_1_73' title="bbox 936 1008 1717 1044; baseline -0.005 -7"><span class='ocrx_word' id='word_1_516' title='bbox 936 1010 1019 1043; x_wconf 90' lang='lat' dir='ltr'><strong>enim,</strong></span> <span class='ocrx_word' id='word_1_517' title='bbox 1044 1014 1072 1037; x_wconf 89' lang='lat' dir='ltr'><strong>et</strong></span> <span class='ocrx_word' id='word_1_518' title='bbox 1093 1010 1204 1044; x_wconf 78' lang='lat' dir='ltr'><strong>quidem</strong></span> <span class='ocrx_word' id='word_1_519' title='bbox 1228 1010 1287 1038; x_wconf 88' lang='lat' dir='ltr'><strong>solo</strong></span> <span class='ocrx_word' id='word_1_520' title='bbox 1310 1010 1400 1038; x_wconf 84' lang='lat' dir='ltr'><strong>vitalis</strong></span> <span class='ocrx_word' id='word_1_521' title='bbox 1417 1017 1501 1036; x_wconf 86' lang='lat' dir='ltr'><strong>causa</strong></span> <span class='ocrx_word' id='word_1_522' title='bbox 1524 1009 1590 1035; x_wconf 91' lang='lat' dir='ltr'><strong>mihi</strong></span> <span class='ocrx_word' id='word_1_523' title='bbox 1611 1008 1717 1034; x_wconf 88' lang='lat' dir='ltr'><strong>videtur</strong></span> 
     </span>
    </p>
   </div>
   <div class='ocr_carea' id='block_1_74' title="bbox 937 1054 1717 1090">
    <p class='ocr_par' dir='ltr' id='par_1_74' title="bbox 937 1054 1717 1090">
     <span class='ocr_line' id='line_1_74' title="bbox 937 1054 1717 1090; baseline -0.006 -7"><span class='ocrx_word' id='word_1_524' title='bbox 937 1057 989 1084; x_wconf 89' lang='lat' dir='ltr'><strong>sita</strong></span> <span class='ocrx_word' id='word_1_525' title='bbox 1002 1064 1072 1084; x_wconf 87' lang='lat' dir='ltr'><strong>esse.</strong></span> <span class='ocrx_word' id='word_1_526' title='bbox 1087 1056 1169 1084; x_wconf 83' lang='lat' dir='ltr'><strong>Jecur</strong></span> <span class='ocrx_word' id='word_1_527' title='bbox 1183 1061 1272 1084; x_wconf 91' lang='lat' dir='ltr'><strong>autem</strong></span> <span class='ocrx_word' id='word_1_528' title='bbox 1285 1060 1312 1083; x_wconf 90' lang='lat' dir='ltr'><strong>et</strong></span> <span class='ocrx_word' id='word_1_529' title='bbox 1326 1056 1414 1090; x_wconf 86' lang='lat' dir='ltr'><strong>ipsum</strong></span> <span class='ocrx_word' id='word_1_530' title='bbox 1430 1055 1559 1086; x_wconf 82' lang='lat' dir='ltr'><strong>calidum,</strong></span> <span class='ocrx_word' id='word_1_531' title='bbox 1576 1054 1608 1080; x_wconf 89' lang='lat' dir='ltr'><strong>ad</strong></span> <span class='ocrx_word' id='word_1_532' title='bbox 1623 1061 1717 1080; x_wconf 90' lang='lat' dir='ltr'><strong>eorum</strong></span> 
     </span>
    </p>
   </div>
   <div class='ocr_carea' id='block_1_75' title="bbox 937 1099 1720 1137">
    <p class='ocr_par' dir='ltr' id='par_1_75' title="bbox 937 1099 1720 1137">
     <span class='ocr_line' id='line_1_75' title="bbox 937 1099 1720 1137; baseline -0.005 -8"><span class='ocrx_word' id='word_1_533' title='bbox 937 1110 998 1137; x_wconf 64' lang='lat' dir='ltr'><strong>quae</strong></span> <span class='ocrx_word' id='word_1_534' title='bbox 1009 1102 1179 1137; x_wconf 73' lang='lat' dir='ltr'><strong>ingeruntur,</strong></span> <span class='ocrx_word' id='word_1_535' title='bbox 1191 1101 1396 1129; x_wconf 88' lang='lat' dir='ltr'><strong>concoctionem</strong></span> <span class='ocrx_word' id='word_1_536' title='bbox 1407 1106 1435 1128; x_wconf 90' lang='lat' dir='ltr'><strong>et</strong></span> <span class='ocrx_word' id='word_1_537' title='bbox 1448 1100 1589 1134; x_wconf 76' lang='lat' dir='ltr'><strong>sanguinis</strong></span> <span class='ocrx_word' id='word_1_538' title='bbox 1599 1099 1720 1126; x_wconf 81' lang='lat' dir='ltr'><strong>eﬂ&#39;cctio—</strong></span> 
     </span>
    </p>
   </div>
   <div class='ocr_carea' id='block_1_76' title="bbox 938 1146 1720 1181">
    <p class='ocr_par' dir='ltr' id='par_1_76' title="bbox 938 1146 1720 1181">
     <span class='ocr_line' id='line_1_76' title="bbox 938 1146 1720 1181; baseline -0.005 -7"><span class='ocrx_word' id='word_1_539' title='bbox 938 1155 1011 1179; x_wconf 90' lang='lat' dir='ltr'><strong>nem,</strong></span> <span class='ocrx_word' id='word_1_540' title='bbox 1036 1148 1064 1174; x_wconf 96' lang='lat' dir='ltr'><strong>in</strong></span> <span class='ocrx_word' id='word_1_541' title='bbox 1090 1147 1184 1175; x_wconf 82' lang='lat' dir='ltr'><strong>dextra</strong></span> <span class='ocrx_word' id='word_1_542' title='bbox 1213 1147 1288 1174; x_wconf 91' lang='lat' dir='ltr'><strong>cordi</strong></span> <span class='ocrx_word' id='word_1_543' title='bbox 1305 1146 1465 1181; x_wconf 89' lang='lat' dir='ltr'><strong>adjunctum</strong></span> <span class='ocrx_word' id='word_1_544' title='bbox 1490 1150 1532 1173; x_wconf 90' lang='lat' dir='ltr'><strong>est</strong></span> <span class='ocrx_word' id='word_1_545' title='bbox 1555 1150 1720 1181; x_wconf 78' lang='lat' dir='ltr'><strong>partezquo</strong></span> 
     </span>
    </p>
   </div>
   <div class='ocr_carea' id='block_1_77' title="bbox 939 1190 1722 1227">
    <p class='ocr_par' dir='ltr' id='par_1_77' title="bbox 939 1190 1722 1227">
     <span class='ocr_line' id='line_1_77' title="bbox 939 1190 1722 1227; baseline -0.005 -8"><span class='ocrx_word' id='word_1_546' title='bbox 939 1192 1052 1219; x_wconf 89' lang='lat' dir='ltr'><strong>nimium</strong></span> <span class='ocrx_word' id='word_1_547' title='bbox 1069 1191 1238 1227; x_wconf 76' lang='lat' dir='ltr'><strong>refrigerato,</strong></span> <span class='ocrx_word' id='word_1_548' title='bbox 1261 1191 1289 1218; x_wconf 93' lang='lat' dir='ltr'><strong>in</strong></span> <span class='ocrx_word' id='word_1_549' title='bbox 1302 1191 1371 1218; x_wconf 85' lang='lat' dir='ltr'><strong>facie</strong></span> <span class='ocrx_word' id='word_1_550' title='bbox 1386 1191 1415 1218; x_wconf 84' lang='lat' dir='ltr'><strong>ﬁt</strong></span> <span class='ocrx_word' id='word_1_551' title='bbox 1429 1191 1502 1218; x_wconf 89' lang='lat' dir='ltr'><strong>illico</strong></span> <span class='ocrx_word' id='word_1_552' title='bbox 1516 1190 1639 1226; x_wconf 66' lang='lat' dir='ltr'><strong>quaedam</strong></span> <span class='ocrx_word' id='word_1_553' title='bbox 1661 1197 1722 1216; x_wconf 88' lang='lat' dir='ltr'><strong>Illll-</strong></span> 
     </span>
    </p>
   </div>
   <div class='ocr_carea' id='block_1_78' title="bbox 939 1235 1723 1274">
    <p class='ocr_par' dir='ltr' id='par_1_78' title="bbox 939 1235 1723 1274">
     <span class='ocr_line' id='line_1_78' title="bbox 939 1235 1723 1274; baseline -0.005 -8"><span class='ocrx_word' id='word_1_554' title='bbox 939 1240 1004 1266; x_wconf 89' lang='lat' dir='ltr'><strong>tatio</strong></span> <span class='ocrx_word' id='word_1_555' title='bbox 1018 1239 1163 1267; x_wconf 84' lang='lat' dir='ltr'><strong>accedente</strong></span> <span class='ocrx_word' id='word_1_556' title='bbox 1179 1239 1308 1274; x_wconf 88' lang='lat' dir='ltr'><strong>paulatim</strong></span> <span class='ocrx_word' id='word_1_557' title='bbox 1324 1246 1434 1274; x_wconf 84' lang='lat' dir='ltr'><strong>spasnio</strong></span> <span class='ocrx_word' id='word_1_558' title='bbox 1445 1243 1472 1266; x_wconf 88' lang='lat' dir='ltr'><strong>et</strong></span> <span class='ocrx_word' id='word_1_559' title='bbox 1489 1237 1636 1265; x_wconf 84' lang='lat' dir='ltr'><strong>debilitate.</strong></span> <span class='ocrx_word' id='word_1_560' title='bbox 1653 1235 1723 1263; x_wconf 86' lang='lat' dir='ltr'><strong>Sini-</strong></span> 
     </span>
    </p>
   </div>
   <div class='ocr_carea' id='block_1_79' title="bbox 939 1283 1721 1320">
    <p class='ocr_par' dir='ltr' id='par_1_79' title="bbox 939 1283 1721 1320">
     <span class='ocr_line' id='line_1_79' title="bbox 939 1283 1721 1320; baseline -0.004 -8"><span class='ocrx_word' id='word_1_561' title='bbox 939 1291 1001 1313; x_wconf 70' lang='lat' dir='ltr'><strong>straa</strong></span> <span class='ocrx_word' id='word_1_562' title='bbox 1012 1293 1077 1313; x_wconf 88' lang='lat' dir='ltr'><strong>vero</strong></span> <span class='ocrx_word' id='word_1_563' title='bbox 1094 1285 1163 1320; x_wconf 90' lang='lat' dir='ltr'><strong>parti</strong></span> <span class='ocrx_word' id='word_1_564' title='bbox 1180 1285 1256 1320; x_wconf 92' lang='lat' dir='ltr'><strong>splen</strong></span> <span class='ocrx_word' id='word_1_565' title='bbox 1275 1286 1354 1317; x_wconf 82' lang='lat' dir='ltr'><strong>inest,</strong></span> <span class='ocrx_word' id='word_1_566' title='bbox 1372 1284 1530 1319; x_wconf 79' lang='lat' dir='ltr'><strong>sanguinem</strong></span> <span class='ocrx_word' id='word_1_567' title='bbox 1549 1283 1721 1314; x_wconf 82' lang='lat' dir='ltr'><strong>subtrahens.</strong></span> 
     </span>
    </p>
   </div>
   <div class='ocr_carea' id='block_1_80' title="bbox 940 1328 1721 1364">
    <p class='ocr_par' dir='ltr' id='par_1_80' title="bbox 940 1328 1721 1364">
     <span class='ocr_line' id='line_1_80' title="bbox 940 1328 1721 1364; baseline -0.004 -6"><span class='ocrx_word' id='word_1_568' title='bbox 940 1336 967 1358; x_wconf 91' lang='lat' dir='ltr'><strong>et</strong></span> <span class='ocrx_word' id='word_1_569' title='bbox 977 1332 1137 1359; x_wconf 86' lang='lat' dir='ltr'><strong>discernens</strong></span> <span class='ocrx_word' id='word_1_570' title='bbox 1154 1331 1179 1358; x_wconf 86' lang='lat' dir='ltr'><strong>id</strong></span> <span class='ocrx_word' id='word_1_571' title='bbox 1195 1331 1266 1364; x_wconf 78' lang='lat' dir='ltr'><strong>quod</strong></span> <span class='ocrx_word' id='word_1_572' title='bbox 1283 1331 1404 1358; x_wconf 87' lang='lat' dir='ltr'><strong>crassius</strong></span> <span class='ocrx_word' id='word_1_573' title='bbox 1418 1335 1459 1357; x_wconf 86' lang='lat' dir='ltr'><strong>est</strong></span> <span class='ocrx_word' id='word_1_574' title='bbox 1472 1337 1487 1356; x_wconf 89' lang='lat' dir='ltr'><strong>a</strong></span> <span class='ocrx_word' id='word_1_575' title='bbox 1504 1329 1653 1364; x_wconf 80' lang='lat' dir='ltr'><strong>sanguine;</strong></span> <span class='ocrx_word' id='word_1_576' title='bbox 1675 1328 1721 1362; x_wconf 85' lang='lat' dir='ltr'><strong>qui</strong></span> 
     </span>
    </p>
   </div>
   <div class='ocr_carea' id='block_1_81' title="bbox 941 1374 1723 1409">
    <p class='ocr_par' dir='ltr' id='par_1_81' title="bbox 941 1374 1723 1409">
     <span class='ocr_line' id='line_1_81' title="bbox 941 1374 1723 1409; baseline -0.004 -6"><span class='ocrx_word' id='word_1_577' title='bbox 941 1377 964 1403; x_wconf 92' lang='lat' dir='ltr'><strong>si</strong></span> <span class='ocrx_word' id='word_1_578' title='bbox 977 1377 1082 1404; x_wconf 91' lang='lat' dir='ltr'><strong>dulcior</strong></span> <span class='ocrx_word' id='word_1_579' title='bbox 1097 1377 1153 1409; x_wconf 83' lang='lat' dir='ltr'><strong>liat,</strong></span> <span class='ocrx_word' id='word_1_580' title='bbox 1170 1376 1280 1403; x_wconf 89' lang='lat' dir='ltr'><strong>inllatur</strong></span> <span class='ocrx_word' id='word_1_581' title='bbox 1294 1379 1322 1403; x_wconf 86' lang='lat' dir='ltr'><strong>et</strong></span> <span class='ocrx_word' id='word_1_582' title='bbox 1336 1374 1499 1406; x_wconf 83' lang='lat' dir='ltr'><strong>incenditur,</strong></span> <span class='ocrx_word' id='word_1_583' title='bbox 1515 1374 1647 1401; x_wconf 88' lang='lat' dir='ltr'><strong>terminos</strong></span> <span class='ocrx_word' id='word_1_584' title='bbox 1658 1380 1723 1400; x_wconf 87' lang='lat' dir='ltr'><strong>suos</strong></span> 
     </span>
    </p>
   </div>
   <div class='ocr_carea' id='block_1_82' title="bbox 942 1418 1722 1456">
    <p class='ocr_par' dir='ltr' id='par_1_82' title="bbox 942 1418 1722 1456">
     <span class='ocr_line' id='line_1_82' title="bbox 942 1418 1722 1456; baseline -0.005 -8"><span class='ocrx_word' id='word_1_585' title='bbox 942 1421 1144 1456; x_wconf 77' lang='lat' dir='ltr'><strong>transgrediens</strong></span> <span class='ocrx_word' id='word_1_586' title='bbox 1158 1425 1184 1448; x_wconf 87' lang='lat' dir='ltr'><strong>et</strong></span> <span class='ocrx_word' id='word_1_587' title='bbox 1201 1421 1346 1448; x_wconf 77' lang='lat' dir='ltr'><strong>obstructis</strong></span> <span class='ocrx_word' id='word_1_588' title='bbox 1365 1424 1482 1451; x_wconf 86' lang='lat' dir='ltr'><strong>meatus,</strong></span> <span class='ocrx_word' id='word_1_589' title='bbox 1499 1426 1646 1446; x_wconf 89' lang='lat' dir='ltr'><strong>carnosum</strong></span> <span class='ocrx_word' id='word_1_590' title='bbox 1658 1418 1722 1452; x_wconf 86' lang='lat' dir='ltr'><strong>qui-</strong></span> 
     </span>
    </p>
   </div>
   <div class='ocr_carea' id='block_1_83' title="bbox 942 1465 1724 1501">
    <p class='ocr_par' dir='ltr' id='par_1_83' title="bbox 942 1465 1724 1501">
     <span class='ocr_line' id='line_1_83' title="bbox 942 1465 1724 1501; baseline -0.005 -7"><span class='ocrx_word' id='word_1_591' title='bbox 942 1467 1002 1494; x_wconf 90' lang='lat' dir='ltr'><strong>dem</strong></span> <span class='ocrx_word' id='word_1_592' title='bbox 1025 1467 1162 1494; x_wconf 88' lang='lat' dir='ltr'><strong>hominem</strong></span> <span class='ocrx_word' id='word_1_593' title='bbox 1185 1474 1315 1501; x_wconf 87' lang='lat' dir='ltr'><strong>apparere</strong></span> <span class='ocrx_word' id='word_1_594' title='bbox 1337 1466 1412 1496; x_wconf 82' lang='lat' dir='ltr'><strong>facit,</strong></span> <span class='ocrx_word' id='word_1_595' title='bbox 1429 1465 1558 1500; x_wconf 82' lang='lat' dir='ltr'><strong>pallorem</strong></span> <span class='ocrx_word' id='word_1_596' title='bbox 1577 1470 1678 1495; x_wconf 85' lang='lat' dir='ltr'><strong>tamen,</strong></span> <span class='ocrx_word' id='word_1_597' title='bbox 1697 1469 1724 1490; x_wconf 80' lang='lat' dir='ltr'><strong>et</strong></span> 
     </span>
    </p>
   </div>
   <div class='ocr_carea' id='block_1_84' title="bbox 943 1509 1724 1547">
    <p class='ocr_par' dir='ltr' id='par_1_84' title="bbox 943 1509 1724 1547">
     <span class='ocr_line' id='line_1_84' title="bbox 943 1509 1724 1547; baseline -0.005 -8"><span class='ocrx_word' id='word_1_598' title='bbox 943 1512 1071 1547; x_wconf 90' lang='lat' dir='ltr'><strong>paulatim</strong></span> <span class='ocrx_word' id='word_1_599' title='bbox 1084 1511 1249 1539; x_wconf 86' lang='lat' dir='ltr'><strong>debilitatem</strong></span> <span class='ocrx_word' id='word_1_600' title='bbox 1263 1518 1355 1538; x_wconf 88' lang='lat' dir='ltr'><strong>secum</strong></span> <span class='ocrx_word' id='word_1_601' title='bbox 1367 1510 1453 1537; x_wconf 79' lang='lat' dir='ltr'><strong>ali‘crt.</strong></span> <span class='ocrx_word' id='word_1_602' title='bbox 1472 1510 1604 1536; x_wconf 66' lang='lat' dir='ltr'><strong>Praeterea</strong></span> <span class='ocrx_word' id='word_1_603' title='bbox 1618 1509 1724 1536; x_wconf 82' lang='lat' dir='ltr'><strong>intesti-</strong></span> 
     </span>
    </p>
   </div>
   <div class='ocr_carea' id='block_1_85' title="bbox 944 1556 1723 1585">
    <p class='ocr_par' dir='ltr' id='par_1_85' title="bbox 944 1556 1723 1585">
     <span class='ocr_line' id='line_1_85' title="bbox 944 1556 1723 1585; baseline -0.006 0"><span class='ocrx_word' id='word_1_604' title='bbox 944 1565 1041 1585; x_wconf 91' lang='lat' dir='ltr'><strong>norum</strong></span> <span class='ocrx_word' id='word_1_605' title='bbox 1056 1557 1259 1584; x_wconf 86' lang='lat' dir='ltr'><strong>convolutiones</strong></span> <span class='ocrx_word' id='word_1_606' title='bbox 1279 1561 1305 1584; x_wconf 89' lang='lat' dir='ltr'><strong>et</strong></span> <span class='ocrx_word' id='word_1_607' title='bbox 1319 1564 1405 1583; x_wconf 75' lang='lat' dir='ltr'><strong>nexus</strong></span> <span class='ocrx_word' id='word_1_608' title='bbox 1419 1556 1491 1583; x_wconf 89' lang='lat' dir='ltr'><strong>circa</strong></span> <span class='ocrx_word' id='word_1_609' title='bbox 1512 1559 1633 1582; x_wconf 86' lang='lat' dir='ltr'><strong>ventrem</strong></span> <span class='ocrx_word' id='word_1_610' title='bbox 1651 1560 1723 1585; x_wconf 84' lang='lat' dir='ltr'><strong>sunt,</strong></span> 
     </span>
    </p>
   </div>
   <div class='ocr_carea' id='block_1_86' title="bbox 945 1599 1725 1637">
    <p class='ocr_par' dir='ltr' id='par_1_86' title="bbox 945 1599 1725 1637">
     <span class='ocr_line' id='line_1_86' title="bbox 945 1599 1725 1637; baseline -0.006 -7"><span class='ocrx_word' id='word_1_611' title='bbox 945 1608 975 1631; x_wconf 90' lang='lat' dir='ltr'><strong>ut</strong></span> <span class='ocrx_word' id='word_1_612' title='bbox 988 1607 1113 1630; x_wconf 89' lang='lat' dir='ltr'><strong>tortuoso</strong></span> <span class='ocrx_word' id='word_1_613' title='bbox 1132 1603 1226 1633; x_wconf 86' lang='lat' dir='ltr'><strong>ductu,</strong></span> <span class='ocrx_word' id='word_1_614' title='bbox 1244 1603 1375 1637; x_wconf 90' lang='lat' dir='ltr'><strong>temporis</strong></span> <span class='ocrx_word' id='word_1_615' title='bbox 1389 1601 1482 1636; x_wconf 87' lang='lat' dir='ltr'><strong>aliquo</strong></span> <span class='ocrx_word' id='word_1_616' title='bbox 1500 1600 1588 1635; x_wconf 88' lang='lat' dir='ltr'><strong>spatio</strong></span> <span class='ocrx_word' id='word_1_617' title='bbox 1603 1599 1725 1627; x_wconf 89' lang='lat' dir='ltr'><strong>detinea-</strong></span> 
     </span>
    </p>
   </div>
   <div class='ocr_carea' id='block_1_87' title="bbox 945 1645 1727 1682">
    <p class='ocr_par' dir='ltr' id='par_1_87' title="bbox 945 1645 1727 1682">
     <span class='ocr_line' id='line_1_87' title="bbox 945 1645 1727 1682; baseline -0.008 -6"><span class='ocrx_word' id='word_1_618' title='bbox 945 1654 990 1676; x_wconf 89' lang='lat' dir='ltr'><strong>tur</strong></span> <span class='ocrx_word' id='word_1_619' title='bbox 1006 1649 1032 1676; x_wconf 91' lang='lat' dir='ltr'><strong>in</strong></span> <span class='ocrx_word' id='word_1_620' title='bbox 1050 1649 1199 1676; x_wconf 88' lang='lat' dir='ltr'><strong>visceribus</strong></span> <span class='ocrx_word' id='word_1_621' title='bbox 1216 1648 1304 1680; x_wconf 77' lang='lat' dir='ltr'><strong>cibus,</strong></span> <span class='ocrx_word' id='word_1_622' title='bbox 1318 1655 1351 1674; x_wconf 93' lang='lat' dir='ltr'><strong>ne</strong></span> <span class='ocrx_word' id='word_1_623' title='bbox 1370 1651 1480 1682; x_wconf 90' lang='lat' dir='ltr'><strong>propter</strong></span> <span class='ocrx_word' id='word_1_624' title='bbox 1497 1650 1603 1673; x_wconf 82' lang='lat' dir='ltr'><strong>meatus</strong></span> <span class='ocrx_word' id='word_1_625' title='bbox 1616 1645 1727 1672; x_wconf 84' lang='lat' dir='ltr'><strong>rectitu-</strong></span> 
     </span>
    </p>
   </div>
   <div class='ocr_carea' id='block_1_88' title="bbox 945 1691 1726 1728">
    <p class='ocr_par' dir='ltr' id='par_1_88' title="bbox 945 1691 1726 1728">
     <span class='ocr_line' id='line_1_88' title="bbox 945 1691 1726 1728; baseline -0.005 -6"><span class='ocrx_word' id='word_1_626' title='bbox 945 1695 1036 1722; x_wconf 90' lang='lat' dir='ltr'><strong>dinem</strong></span> <span class='ocrx_word' id='word_1_627' title='bbox 1059 1694 1138 1722; x_wconf 76' lang='lat' dir='ltr'><strong>facile</strong></span> <span class='ocrx_word' id='word_1_628' title='bbox 1162 1699 1188 1721; x_wconf 91' lang='lat' dir='ltr'><strong>et</strong></span> <span class='ocrx_word' id='word_1_629' title='bbox 1212 1694 1285 1721; x_wconf 86' lang='lat' dir='ltr'><strong>illico</strong></span> <span class='ocrx_word' id='word_1_630' title='bbox 1308 1699 1428 1728; x_wconf 75' lang='lat' dir='ltr'><strong>egestus,</strong></span> <span class='ocrx_word' id='word_1_631' title='bbox 1452 1693 1551 1720; x_wconf 82' lang='lat' dir='ltr'><strong>excitet</strong></span> <span class='ocrx_word' id='word_1_632' title='bbox 1573 1691 1676 1719; x_wconf 89' lang='lat' dir='ltr'><strong>animal</strong></span> <span class='ocrx_word' id='word_1_633' title='bbox 1692 1691 1726 1718; x_wconf 86' lang='lat' dir='ltr'><strong>ad</strong></span> 
     </span>
    </p>
   </div>
   <div class='ocr_carea' id='block_1_89' title="bbox 946 1738 1729 1775">
    <p class='ocr_par' dir='ltr' id='par_1_89' title="bbox 946 1738 1729 1775">
     <span class='ocr_line' id='line_1_89' title="bbox 946 1738 1729 1775; baseline -0.006 -7"><span class='ocrx_word' id='word_1_634' title='bbox 946 1741 1105 1775; x_wconf 83' lang='lat' dir='ltr'><strong>appetitum,</strong></span> <span class='ocrx_word' id='word_1_635' title='bbox 1123 1748 1138 1768; x_wconf 88' lang='lat' dir='ltr'><strong>a</strong></span> <span class='ocrx_word' id='word_1_636' title='bbox 1165 1740 1212 1768; x_wconf 91' lang='lat' dir='ltr'><strong>tali</strong></span> <span class='ocrx_word' id='word_1_637' title='bbox 1230 1740 1409 1775; x_wconf 87' lang='lat' dir='ltr'><strong>occupatione</strong></span> <span class='ocrx_word' id='word_1_638' title='bbox 1433 1746 1571 1774; x_wconf 88' lang='lat' dir='ltr'><strong>nunquam</strong></span> <span class='ocrx_word' id='word_1_639' title='bbox 1592 1738 1729 1764; x_wconf 87' lang='lat' dir='ltr'><strong>abducen-</strong></span> 
     </span>
    </p>
   </div>
   <div class='ocr_carea' id='block_1_90' title="bbox 947 1783 1728 1814">
    <p class='ocr_par' dir='ltr' id='par_1_90' title="bbox 947 1783 1728 1814">
     <span class='ocr_line' id='line_1_90' title="bbox 947 1783 1728 1814; baseline -0.005 -1"><span class='ocrx_word' id='word_1_640' title='bbox 947 1787 1012 1814; x_wconf 90' lang='lat' dir='ltr'><strong>dum</strong></span> <span class='ocrx_word' id='word_1_641' title='bbox 1028 1787 1178 1814; x_wconf 86' lang='lat' dir='ltr'><strong>secnndum</strong></span> <span class='ocrx_word' id='word_1_642' title='bbox 1196 1791 1320 1813; x_wconf 89' lang='lat' dir='ltr'><strong>naturam</strong></span> <span class='ocrx_word' id='word_1_643' title='bbox 1335 1786 1487 1812; x_wconf 90' lang='lat' dir='ltr'><strong>brutorum.</strong></span> <span class='ocrx_word' id='word_1_644' title='bbox 1503 1783 1644 1811; x_wconf 83' lang='lat' dir='ltr'><strong>Domicilia</strong></span> <span class='ocrx_word' id='word_1_645' title='bbox 1665 1783 1728 1810; x_wconf 82' lang='lat' dir='ltr'><strong>item</strong></span> 
     </span>
    </p>
   </div>
   <div class='ocr_carea' id='block_1_91' title="bbox 946 1829 1730 1866">
    <p class='ocr_par' dir='ltr' id='par_1_91' title="bbox 946 1829 1730 1866">
     <span class='ocr_line' id='line_1_91' title="bbox 946 1829 1730 1866; baseline -0.006 -6"><span class='ocrx_word' id='word_1_646' title='bbox 946 1841 979 1860; x_wconf 72' lang='lat' dir='ltr'><strong>ex</strong></span> <span class='ocrx_word' id='word_1_647' title='bbox 997 1833 1162 1860; x_wconf 78' lang='lat' dir='ltr'><strong>membranis</strong></span> <span class='ocrx_word' id='word_1_648' title='bbox 1174 1832 1246 1860; x_wconf 79' lang='lat' dir='ltr'><strong>facta</strong></span> <span class='ocrx_word' id='word_1_649' title='bbox 1258 1833 1290 1859; x_wconf 88' lang='lat' dir='ltr'><strong>ad</strong></span> <span class='ocrx_word' id='word_1_650' title='bbox 1309 1832 1454 1859; x_wconf 91' lang='lat' dir='ltr'><strong>humorum</strong></span> <span class='ocrx_word' id='word_1_651' title='bbox 1468 1830 1647 1866; x_wconf 85' lang='lat' dir='ltr'><strong>gestationem</strong></span> <span class='ocrx_word' id='word_1_652' title='bbox 1665 1829 1730 1864; x_wconf 85' lang='lat' dir='ltr'><strong>Opi—</strong></span> 
     </span>
    </p>
   </div>
   <div class='ocr_carea' id='block_1_92' title="bbox 947 1877 1729 1912">
    <p class='ocr_par' dir='ltr' id='par_1_92' title="bbox 947 1877 1729 1912">
     <span class='ocr_line' id='line_1_92' title="bbox 947 1877 1729 1912; baseline -0.005 -7"><span class='ocrx_word' id='word_1_653' title='bbox 947 1878 992 1905; x_wconf 80' lang='lat' dir='ltr'><strong>fex</strong></span> <span class='ocrx_word' id='word_1_654' title='bbox 1018 1878 1153 1910; x_wconf 84' lang='lat' dir='ltr'><strong>condidit,</strong></span> <span class='ocrx_word' id='word_1_655' title='bbox 1176 1886 1237 1912; x_wconf 66' lang='lat' dir='ltr'><strong>qua:</strong></span> <span class='ocrx_word' id='word_1_656' title='bbox 1260 1885 1307 1912; x_wconf 85' lang='lat' dir='ltr'><strong>per</strong></span> <span class='ocrx_word' id='word_1_657' title='bbox 1327 1877 1520 1905; x_wconf 86' lang='lat' dir='ltr'><strong>subtilissimos</strong></span> <span class='ocrx_word' id='word_1_658' title='bbox 1546 1881 1574 1903; x_wconf 88' lang='lat' dir='ltr'><strong>et</strong></span> <span class='ocrx_word' id='word_1_659' title='bbox 1589 1880 1729 1910; x_wconf 85' lang='lat' dir='ltr'><strong>aspectum</strong></span> 
     </span>
    </p>
   </div>
   <div class='ocr_carea' id='block_1_93' title="bbox 948 1924 1731 1959">
    <p class='ocr_par' dir='ltr' id='par_1_93' title="bbox 948 1924 1731 1959">
     <span class='ocr_line' id='line_1_93' title="bbox 948 1924 1731 1959; baseline -0.003 -7"><span class='ocrx_word' id='word_1_660' title='bbox 948 1925 1082 1959; x_wconf 80' lang='lat' dir='ltr'><strong>fugientes</strong></span> <span class='ocrx_word' id='word_1_661' title='bbox 1096 1929 1202 1951; x_wconf 87' lang='lat' dir='ltr'><strong>meatus</strong></span> <span class='ocrx_word' id='word_1_662' title='bbox 1217 1924 1345 1959; x_wconf 88' lang='lat' dir='ltr'><strong>paulatim</strong></span> <span class='ocrx_word' id='word_1_663' title='bbox 1365 1924 1505 1951; x_wconf 86' lang='lat' dir='ltr'><strong>attrahunt</strong></span> <span class='ocrx_word' id='word_1_664' title='bbox 1526 1924 1679 1954; x_wconf 85' lang='lat' dir='ltr'><strong>humorem,</strong></span> <span class='ocrx_word' id='word_1_665' title='bbox 1697 1930 1731 1950; x_wconf 77' lang='lat' dir='ltr'><strong>ne</strong></span> 
     </span>
    </p>
   </div>
   <div class='ocr_carea' id='block_1_94' title="bbox 947 1967 1730 1998">
    <p class='ocr_par' dir='ltr' id='par_1_94' title="bbox 947 1967 1730 1998">
     <span class='ocr_line' id='line_1_94' title="bbox 947 1967 1730 1998; baseline -0.005 -1"><span class='ocrx_word' id='word_1_666' title='bbox 947 1970 1036 1998; x_wconf 79' lang='lat' dir='ltr'><strong>subita</strong></span> <span class='ocrx_word' id='word_1_667' title='bbox 1055 1969 1238 1997; x_wconf 74' lang='lat' dir='ltr'><strong>exundatione</strong></span> <span class='ocrx_word' id='word_1_668' title='bbox 1256 1973 1283 1996; x_wconf 88' lang='lat' dir='ltr'><strong>et</strong></span> <span class='ocrx_word' id='word_1_669' title='bbox 1305 1968 1489 1996; x_wconf 83' lang='lat' dir='ltr'><strong>exsiccatione</strong></span> <span class='ocrx_word' id='word_1_670' title='bbox 1506 1967 1565 1995; x_wconf 88' lang='lat' dir='ltr'><strong>sitis</strong></span> <span class='ocrx_word' id='word_1_671' title='bbox 1587 1967 1730 1994; x_wconf 84' lang='lat' dir='ltr'><strong>insidietur</strong></span> 
     </span>
    </p>
   </div>
   <div class='ocr_carea' id='block_1_95' title="bbox 948 2012 1730 2050">
    <p class='ocr_par' dir='ltr' id='par_1_95' title="bbox 948 2012 1730 2050">
     <span class='ocr_line' id='line_1_95' title="bbox 948 2012 1730 2050; baseline -0.006 -7"><span class='ocrx_word' id='word_1_672' title='bbox 948 2016 1079 2047; x_wconf 85' lang='lat' dir='ltr'><strong>animali,</strong></span> <span class='ocrx_word' id='word_1_673' title='bbox 1103 2015 1150 2043; x_wconf 85' lang='lat' dir='ltr'><strong>sed</strong></span> <span class='ocrx_word' id='word_1_674' title='bbox 1176 2014 1306 2050; x_wconf 90' lang='lat' dir='ltr'><strong>paulatim</strong></span> <span class='ocrx_word' id='word_1_675' title='bbox 1330 2019 1404 2041; x_wconf 88' lang='lat' dir='ltr'><strong>certa</strong></span> <span class='ocrx_word' id='word_1_676' title='bbox 1433 2013 1636 2048; x_wconf 84' lang='lat' dir='ltr'><strong>dispensatione</strong></span> <span class='ocrx_word' id='word_1_677' title='bbox 1658 2012 1730 2047; x_wconf 86' lang='lat' dir='ltr'><strong>quod</strong></span> 
     </span>
    </p>
   </div>
   <div class='ocr_carea' id='block_1_96' title="bbox 950 2057 1732 2094">
    <p class='ocr_par' dir='ltr' id='par_1_96' title="bbox 950 2057 1732 2094">
     <span class='ocr_line' id='line_1_96' title="bbox 950 2057 1732 2094; baseline -0.006 -6"><span class='ocrx_word' id='word_1_678' title='bbox 950 2061 1075 2088; x_wconf 89' lang='lat' dir='ltr'><strong>haustum</strong></span> <span class='ocrx_word' id='word_1_679' title='bbox 1101 2065 1151 2093; x_wconf 83' lang='lat' dir='ltr'><strong>est,</strong></span> <span class='ocrx_word' id='word_1_680' title='bbox 1171 2060 1203 2087; x_wconf 93' lang='lat' dir='ltr'><strong>ad</strong></span> <span class='ocrx_word' id='word_1_681' title='bbox 1228 2059 1339 2094; x_wconf 88' lang='lat' dir='ltr'><strong>aliquod</strong></span> <span class='ocrx_word' id='word_1_682' title='bbox 1360 2063 1467 2094; x_wconf 86' lang='lat' dir='ltr'><strong>tempus</strong></span> <span class='ocrx_word' id='word_1_683' title='bbox 1491 2062 1624 2086; x_wconf 87' lang='lat' dir='ltr'><strong>retentmn</strong></span> <span class='ocrx_word' id='word_1_684' title='bbox 1645 2057 1732 2092; x_wconf 85' lang='lat' dir='ltr'><strong>expel-</strong></span> 
     </span>
    </p>
   </div>
   <div class='ocr_carea' id='block_1_97' title="bbox 949 2104 1731 2135">
    <p class='ocr_par' dir='ltr' id='par_1_97' title="bbox 949 2104 1731 2135">
     <span class='ocr_line' id='line_1_97' title="bbox 949 2104 1731 2135; baseline -0.006 0"><span class='ocrx_word' id='word_1_685' title='bbox 949 2108 1030 2135; x_wconf 89' lang='lat' dir='ltr'><strong>latur.</strong></span> <span class='ocrx_word' id='word_1_686' title='bbox 1046 2107 1086 2134; x_wconf 79' lang='lat' dir='ltr'><strong>Ad</strong></span> <span class='ocrx_word' id='word_1_687' title='bbox 1103 2107 1159 2133; x_wconf 74' lang='lat' dir='ltr'><strong>lucc</strong></span> <span class='ocrx_word' id='word_1_688' title='bbox 1173 2114 1253 2134; x_wconf 88' lang='lat' dir='ltr'><strong>crura</strong></span> <span class='ocrx_word' id='word_1_689' title='bbox 1270 2106 1349 2133; x_wconf 91' lang='lat' dir='ltr'><strong>nobis</strong></span> <span class='ocrx_word' id='word_1_690' title='bbox 1363 2110 1427 2132; x_wconf 89' lang='lat' dir='ltr'><strong>sunt</strong></span> <span class='ocrx_word' id='word_1_691' title='bbox 1439 2105 1561 2132; x_wconf 87' lang='lat' dir='ltr'><strong>articulis</strong></span> <span class='ocrx_word' id='word_1_692' title='bbox 1575 2104 1731 2134; x_wconf 86' lang='lat' dir='ltr'><strong>commissa.</strong></span> 
     </span>
    </p>
   </div>
   <div class='ocr_carea' id='block_1_98' title="bbox 948 2150 1731 2187">
    <p class='ocr_par' dir='ltr' id='par_1_98' title="bbox 948 2150 1731 2187">
     <span class='ocr_line' id='line_1_98' title="bbox 948 2150 1731 2187; baseline -0.006 -7"><span class='ocrx_word' id='word_1_693' title='bbox 948 2153 1080 2181; x_wconf 84' lang='lat' dir='ltr'><strong>vertebris</strong></span> <span class='ocrx_word' id='word_1_694' title='bbox 1106 2157 1133 2179; x_wconf 90' lang='lat' dir='ltr'><strong>et</strong></span> <span class='ocrx_word' id='word_1_695' title='bbox 1158 2153 1347 2187; x_wconf 74' lang='lat' dir='ltr'><strong>iuncturarum</strong></span> <span class='ocrx_word' id='word_1_696' title='bbox 1378 2150 1540 2178; x_wconf 77' lang='lat' dir='ltr'><strong>caritatibus</strong></span> <span class='ocrx_word' id='word_1_697' title='bbox 1570 2150 1731 2184; x_wconf 80' lang='lat' dir='ltr'><strong>conjuncta.</strong></span> 
     </span>
    </p>
   </div>
   <div class='ocr_carea' id='block_1_99' title="bbox 952 2197 1732 2233">
    <p class='ocr_par' dir='ltr' id='par_1_99' title="bbox 952 2197 1732 2233">
     <span class='ocr_line' id='line_1_99' title="bbox 952 2197 1732 2233; baseline -0.004 -8"><span class='ocrx_word' id='word_1_698' title='bbox 952 2199 1031 2233; x_wconf 88' lang='lat' dir='ltr'><strong>quasi</strong></span> <span class='ocrx_word' id='word_1_699' title='bbox 1044 2198 1177 2225; x_wconf 75' lang='lat' dir='ltr'><strong>columna:</strong></span> <span class='ocrx_word' id='word_1_700' title='bbox 1191 2197 1224 2224; x_wconf 92' lang='lat' dir='ltr'><strong>ad</strong></span> <span class='ocrx_word' id='word_1_701' title='bbox 1240 2197 1349 2224; x_wconf 83' lang='lat' dir='ltr'><strong>ferenda</strong></span> <span class='ocrx_word' id='word_1_702' title='bbox 1364 2205 1459 2229; x_wconf 86' lang='lat' dir='ltr'><strong>onera,</strong></span> <span class='ocrx_word' id='word_1_703' title='bbox 1481 2197 1580 2231; x_wconf 90' lang='lat' dir='ltr'><strong>quibus</strong></span> <span class='ocrx_word' id='word_1_704' title='bbox 1601 2200 1657 2223; x_wconf 90' lang='lat' dir='ltr'><strong>toto</strong></span> <span class='ocrx_word' id='word_1_705' title='bbox 1672 2203 1732 2222; x_wconf 87' lang='lat' dir='ltr'><strong>cor-</strong></span> 
     </span>
    </p>
   </div>
   <div class='ocr_carea' id='block_1_100' title="bbox 955 2240 1733 2279">
    <p class='ocr_par' dir='ltr' id='par_1_100' title="bbox 955 2240 1733 2279">
     <span class='ocr_line' id='line_1_100' title="bbox 955 2240 1733 2279; baseline -0.006 -8"><span class='ocrx_word' id='word_1_706' title='bbox 955 2252 1019 2279; x_wconf 75' lang='lat' dir='ltr'><strong>pore.</strong></span> <span class='ocrx_word' id='word_1_707' title='bbox 1041 2243 1193 2270; x_wconf 89' lang='lat' dir='ltr'><strong>innitimur.</strong></span> <span class='ocrx_word' id='word_1_708' title='bbox 1219 2243 1307 2276; x_wconf 85' lang='lat' dir='ltr'><strong>Atque</strong></span> <span class='ocrx_word' id='word_1_709' title='bbox 1330 2243 1371 2270; x_wconf 85' lang='lat' dir='ltr'><strong>his</strong></span> <span class='ocrx_word' id='word_1_710' title='bbox 1396 2242 1531 2269; x_wconf 86' lang='lat' dir='ltr'><strong>columnis</strong></span> <span class='ocrx_word' id='word_1_711' title='bbox 1547 2241 1655 2276; x_wconf 84' lang='lat' dir='ltr'><strong>capituli</strong></span> <span class='ocrx_word' id='word_1_712' title='bbox 1673 2240 1733 2267; x_wconf 87' lang='lat' dir='ltr'><strong>loco</strong></span> 
     </span>
    </p>
   </div>
   <div class='ocr_carea' id='block_1_101' title="bbox 953 2285 1732 2324">
    <p class='ocr_par' dir='ltr' id='par_1_101' title="bbox 953 2285 1732 2324">
     <span class='ocr_line' id='line_1_101' title="bbox 953 2285 1732 2324; baseline -0.006 -7"><span class='ocrx_word' id='word_1_713' title='bbox 953 2294 996 2317; x_wconf 88' lang='lat' dir='ltr'><strong>est</strong></span> <span class='ocrx_word' id='word_1_714' title='bbox 1009 2297 1090 2324; x_wconf 77' lang='lat' dir='ltr'><strong>genu,</strong></span> <span class='ocrx_word' id='word_1_715' title='bbox 1108 2289 1181 2316; x_wconf 89' lang='lat' dir='ltr'><strong>basis</strong></span> <span class='ocrx_word' id='word_1_716' title='bbox 1198 2297 1262 2315; x_wconf 91' lang='lat' dir='ltr'><strong>vero</strong></span> <span class='ocrx_word' id='word_1_717' title='bbox 1278 2288 1348 2316; x_wconf 79' lang='lat' dir='ltr'><strong>talus</strong></span> <span class='ocrx_word' id='word_1_718' title='bbox 1363 2297 1369 2314; x_wconf 91' lang='lat'>:</span> <span class='ocrx_word' id='word_1_719' title='bbox 1385 2292 1502 2322; x_wconf 88' lang='lat' dir='ltr'><strong>suntque</strong></span> <span class='ocrx_word' id='word_1_720' title='bbox 1515 2295 1594 2314; x_wconf 90' lang='lat' dir='ltr'><strong>crura</strong></span> <span class='ocrx_word' id='word_1_721' title='bbox 1609 2285 1732 2320; x_wconf 81' lang='lat' dir='ltr'><strong>expedita</strong></span> 
     </span>
    </p>
   </div>
   <div class='ocr_carea' id='block_1_102' title="bbox 952 2333 1733 2369">
    <p class='ocr_par' dir='ltr' id='par_1_102' title="bbox 952 2333 1733 2369">
     <span class='ocr_line' id='line_1_102' title="bbox 952 2333 1733 2369; baseline -0.003 -8"><span class='ocrx_word' id='word_1_722' title='bbox 952 2340 980 2363; x_wconf 87' lang='lat' dir='ltr'><strong>et</strong></span> <span class='ocrx_word' id='word_1_723' title='bbox 996 2340 1123 2369; x_wconf 87' lang='lat' dir='ltr'><strong>prompta</strong></span> <span class='ocrx_word' id='word_1_724' title='bbox 1140 2334 1172 2361; x_wconf 90' lang='lat' dir='ltr'><strong>ad</strong></span> <span class='ocrx_word' id='word_1_725' title='bbox 1191 2341 1297 2361; x_wconf 87' lang='lat' dir='ltr'><strong>omnem</strong></span> <span class='ocrx_word' id='word_1_726' title='bbox 1319 2338 1433 2365; x_wconf 85' lang='lat' dir='ltr'><strong>motum,</strong></span> <span class='ocrx_word' id='word_1_727' title='bbox 1453 2333 1638 2360; x_wconf 86' lang='lat' dir='ltr'><strong>adorationem</strong></span> <span class='ocrx_word' id='word_1_728' title='bbox 1652 2337 1678 2359; x_wconf 86' lang='lat' dir='ltr'><strong>et</strong></span> <span class='ocrx_word' id='word_1_729' title='bbox 1691 2340 1733 2358; x_wconf 82' lang='lat' dir='ltr'><strong>ve-</strong></span> 
     </span>
    </p>
   </div>
   <div class='ocr_carea' id='block_1_103' title="bbox 956 2378 1733 2413">
    <p class='ocr_par' dir='ltr' id='par_1_103' title="bbox 956 2378 1733 2413">
     <span class='ocr_line' id='line_1_103' title="bbox 956 2378 1733 2413; baseline -0.004 -6"><span class='ocrx_word' id='word_1_730' title='bbox 956 2381 1135 2411; x_wconf 86' lang='lat' dir='ltr'><strong>nerationem.</strong></span> <span class='ocrx_word' id='word_1_731' title='bbox 1158 2388 1268 2407; x_wconf 91' lang='lat' dir='ltr'><strong>cursum</strong></span> <span class='ocrx_word' id='word_1_732' title='bbox 1282 2384 1310 2406; x_wconf 85' lang='lat' dir='ltr'><strong>et</strong></span> <span class='ocrx_word' id='word_1_733' title='bbox 1327 2379 1423 2406; x_wconf 87' lang='lat' dir='ltr'><strong>saltus.</strong></span> <span class='ocrx_word' id='word_1_734' title='bbox 1447 2378 1534 2405; x_wconf 84' lang='lat' dir='ltr'><strong>Etiam</strong></span> <span class='ocrx_word' id='word_1_735' title='bbox 1552 2379 1632 2413; x_wconf 88' lang='lat' dir='ltr'><strong>pedes</strong></span> <span class='ocrx_word' id='word_1_736' title='bbox 1657 2378 1733 2407; x_wconf 74' lang='lat' dir='ltr'><strong>nobis</strong></span> 
     </span>
    </p>
   </div>
   <div class='ocr_carea' id='block_1_104' title="bbox 953 2423 1733 2460">
    <p class='ocr_par' dir='ltr' id='par_1_104' title="bbox 953 2423 1733 2460">
     <span class='ocr_line' id='line_1_104' title="bbox 953 2423 1733 2460; baseline -0.004 -7"><span class='ocrx_word' id='word_1_737' title='bbox 953 2426 1113 2454; x_wconf 84' lang='lat' dir='ltr'><strong>callosiores</strong></span> <span class='ocrx_word' id='word_1_738' title='bbox 1129 2427 1203 2453; x_wconf 91' lang='lat' dir='ltr'><strong>omni</strong></span> <span class='ocrx_word' id='word_1_739' title='bbox 1219 2426 1272 2453; x_wconf 88' lang='lat' dir='ltr'><strong>alio</strong></span> <span class='ocrx_word' id='word_1_740' title='bbox 1297 2425 1508 2460; x_wconf 74' lang='lat' dir='ltr'><strong>superimposito</strong></span> <span class='ocrx_word' id='word_1_741' title='bbox 1533 2431 1648 2458; x_wconf 82' lang='lat' dir='ltr'><strong>curpnre</strong></span> <span class='ocrx_word' id='word_1_742' title='bbox 1670 2423 1733 2450; x_wconf 80' lang='lat' dir='ltr'><strong>facti</strong></span> 
     </span>
    </p>
   </div>
   <div class='ocr_carea' id='block_1_105' title="bbox 952 2469 1734 2507">
    <p class='ocr_par' dir='ltr' id='par_1_105' title="bbox 952 2469 1734 2507">
     <span class='ocr_line' id='line_1_105' title="bbox 952 2469 1734 2507; baseline -0.005 -9"><span class='ocrx_word' id='word_1_743' title='bbox 952 2478 1026 2504; x_wconf 85' lang='lat' dir='ltr'><strong>sunt,</strong></span> <span class='ocrx_word' id='word_1_744' title='bbox 1041 2472 1086 2507; x_wconf 91' lang='lat' dir='ltr'><strong>qui</strong></span> <span class='ocrx_word' id='word_1_745' title='bbox 1100 2476 1198 2499; x_wconf 85' lang='lat' dir='ltr'><strong>terram</strong></span> <span class='ocrx_word' id='word_1_746' title='bbox 1210 2479 1316 2506; x_wconf 86' lang='lat' dir='ltr'><strong>semper</strong></span> <span class='ocrx_word' id='word_1_747' title='bbox 1335 2470 1467 2506; x_wconf 86' lang='lat' dir='ltr'><strong>pulsaturi</strong></span> <span class='ocrx_word' id='word_1_748' title='bbox 1481 2474 1580 2500; x_wconf 84' lang='lat' dir='ltr'><strong>essent.</strong></span> <span class='ocrx_word' id='word_1_749' title='bbox 1597 2469 1629 2496; x_wconf 89' lang='lat' dir='ltr'><strong>ad</strong></span> <span class='ocrx_word' id='word_1_750' title='bbox 1645 2469 1734 2495; x_wconf 85' lang='lat' dir='ltr'><strong>inces-</strong></span> 
     </span>
    </p>
   </div>
   <div class='ocr_carea' id='block_1_106' title="bbox 117 2510 1734 2553">
    <p class='ocr_par' dir='ltr' id='par_1_106' title="bbox 117 2510 1734 2553">
     <span class='ocr_line' id='line_1_106' title="bbox 117 2510 1734 2553; baseline 0.002 -16"><span class='ocrx_word' id='word_1_751' title='bbox 117 2518 179 2538; x_wconf 89' lang='lat' dir='ltr'><strong>sum</strong></span> <span class='ocrx_word' id='word_1_752' title='bbox 208 2518 223 2537; x_wconf 88' lang='lat' dir='ltr'><strong>a</strong></span> <span class='ocrx_word' id='word_1_753' title='bbox 246 2510 338 2545; x_wconf 80' lang='lat' dir='ltr'><strong>digitis</strong></span> <span class='ocrx_word' id='word_1_754' title='bbox 357 2511 433 2538; x_wconf 87' lang='lat' dir='ltr'><strong>velut</strong></span> <span class='ocrx_word' id='word_1_755' title='bbox 456 2511 533 2538; x_wconf 88' lang='lat' dir='ltr'><strong>uncis</strong></span> <span class='ocrx_word' id='word_1_756' title='bbox 548 2510 645 2546; x_wconf 88' lang='lat' dir='ltr'><strong>adjuti,</strong></span> <span class='ocrx_word' id='word_1_757' title='bbox 674 2519 744 2546; x_wconf 90' lang='lat' dir='ltr'><strong>quos</strong></span> <span class='ocrx_word' id='word_1_758' title='bbox 766 2512 865 2548; x_wconf 76' lang='lat' dir='ltr'><strong>frigore</strong></span> <span class='ocrx_word' id='word_1_759' title='bbox 885 2515 927 2543; x_wconf 84' lang='lat' dir='ltr'><strong>vel</strong></span> <span class='ocrx_word' id='word_1_760' title='bbox 948 2517 1000 2545; x_wconf 92' lang='lat' dir='ltr'><strong>alia</strong></span> <span class='ocrx_word' id='word_1_761' title='bbox 1020 2519 1126 2553; x_wconf 80' lang='lat' dir='ltr'><strong>jactura</strong></span> <span class='ocrx_word' id='word_1_762' title='bbox 1148 2518 1312 2551; x_wconf 70' lang='lat' dir='ltr'><strong>amittentes,</strong></span> <span class='ocrx_word' id='word_1_763' title='bbox 1337 2517 1369 2544; x_wconf 88' lang='lat' dir='ltr'><strong>ad</strong></span> <span class='ocrx_word' id='word_1_764' title='bbox 1387 2517 1562 2553; x_wconf 73' lang='lat' dir='ltr'><strong>gradiendum</strong></span> <span class='ocrx_word' id='word_1_765' title='bbox 1588 2515 1657 2542; x_wconf 89' lang='lat' dir='ltr'><strong>tardi</strong></span> <span class='ocrx_word' id='word_1_766' title='bbox 1676 2515 1734 2542; x_wconf 85' lang='lat' dir='ltr'><strong>elli-</strong></span> 
     </span>
    </p>
   </div>
   <div class='ocr_carea' id='block_1_107' title="bbox 117 2556 217 2584">
    <p class='ocr_par' dir='ltr' id='par_1_107' title="bbox 117 2556 217 2584">
     <span class='ocr_line' id='line_1_107' title="bbox 117 2556 217 2584; baseline -0.02 0"><span class='ocrx_word' id='word_1_767' title='bbox 117 2556 217 2584; x_wconf 81' lang='lat' dir='ltr'><strong>cimur.</strong></span> 
     </span>
    </p>
   </div>
   <div class='ocr_carea' id='block_1_108' title="bbox 153 2638 903 2675">
    <p class='ocr_par' dir='ltr' id='par_1_108' title="bbox 153 2638 903 2675">
     <span class='ocr_line' id='line_1_108' title="bbox 153 2638 903 2675; baseline -0.003 -10"><span class='ocrx_word' id='word_1_768' title='bbox 153 2639 203 2671; x_wconf 77' lang='grc' dir='ltr'>Τίς</span> <span class='ocrx_word' id='word_1_769' title='bbox 218 2638 248 2665; x_wconf 80' lang='grc' dir='ltr'>δὲ</span> <span class='ocrx_word' id='word_1_770' title='bbox 266 2639 435 2674; x_wconf 80' lang='grc' dir='ltr'>παραστήσει</span> <span class='ocrx_word' id='word_1_771' title='bbox 457 2639 536 2672; x_wconf 85' lang='grc' dir='ltr'>λόγος</span> <span class='ocrx_word' id='word_1_772' title='bbox 551 2638 599 2673; x_wconf 80' lang='grc' dir='ltr'>τὴν</span> <span class='ocrx_word' id='word_1_773' title='bbox 615 2638 778 2674; x_wconf 78' lang='grc' dir='ltr'>ὲντδςήμῶν</span> <span class='ocrx_word' id='word_1_774' title='bbox 797 2641 843 2668; x_wconf 76' lang='grc' dir='ltr'><strong>τοῦ</strong></span> <span class='ocrx_word' id='word_1_775' title='bbox 851 2643 903 2675; x_wconf 58' lang='lat' dir='ltr'><strong>An.</strong></span> 
     </span>
    </p>
   </div>
   <div class='ocr_carea' id='block_1_109' title="bbox 120 2684 902 2722">
    <p class='ocr_par' dir='ltr' id='par_1_109' title="bbox 120 2684 902 2722">
     <span class='ocr_line' id='line_1_109' title="bbox 120 2684 902 2722; baseline -0.001 -10"><span class='ocrx_word' id='word_1_776' title='bbox 120 2685 251 2722; x_wconf 84' lang='grc' dir='ltr'>μιουργοῦ</span> <span class='ocrx_word' id='word_1_777' title='bbox 274 2685 369 2719; x_wconf 74' lang='grc' dir='ltr'>σοφίαν</span> <span class='ocrx_word' id='word_1_778' title='bbox 382 2685 429 2711; x_wconf 80' lang='grc' dir='ltr'>καὶ</span> <span class='ocrx_word' id='word_1_779' title='bbox 445 2684 575 2719; x_wconf 82' lang='grc' dir='ltr'>δύναμιν;</span> <span class='ocrx_word' id='word_1_780' title='bbox 590 2684 639 2716; x_wconf 85' lang='grc' dir='ltr'>τάς</span> <span class='ocrx_word' id='word_1_781' title='bbox 649 2692 680 2710; x_wconf 86' lang='grc' dir='ltr'><strong>τε</strong></span> <span class='ocrx_word' id='word_1_782' title='bbox 688 2685 844 2720; x_wconf 79' lang='grc' dir='ltr'>συντρήσεις</span> <span class='ocrx_word' id='word_1_783' title='bbox 856 2686 902 2712; x_wconf 81' lang='grc' dir='ltr'>καὶ</span> 
     </span>
    </p>
   </div>
   <div class='ocr_carea' id='block_1_110' title="bbox 119 2729 902 2765">
    <p class='ocr_par' dir='ltr' id='par_1_110' title="bbox 119 2729 902 2765">
     <span class='ocr_line' id='line_1_110' title="bbox 119 2729 902 2765; baseline 0.001 -9"><span class='ocrx_word' id='word_1_784' title='bbox 119 2730 268 2765; x_wconf 73' lang='grc' dir='ltr'>ὑμενώδεις</span> <span class='ocrx_word' id='word_1_785' title='bbox 281 2729 423 2765; x_wconf 85' lang='grc' dir='ltr'>σύριγγας,</span> <span class='ocrx_word' id='word_1_786' title='bbox 443 2729 492 2762; x_wconf 85' lang='grc' dir='ltr'><strong>τὰς</strong></span> <span class='ocrx_word' id='word_1_787' title='bbox 508 2730 562 2757; x_wconf 88' lang='grc' dir='ltr'>τῶν</span> <span class='ocrx_word' id='word_1_788' title='bbox 583 2730 644 2756; x_wconf 81' lang='grc' dir='ltr'>ἰνῶν</span> <span class='ocrx_word' id='word_1_789' title='bbox 661 2730 838 2765; x_wconf 78' lang='grc' dir='ltr'>περιπλοκὰς.</span> <span class='ocrx_word' id='word_1_790' title='bbox 855 2731 902 2757; x_wconf 81' lang='grc' dir='ltr'>καὶ</span> 
     </span>
    </p>
   </div>
   <div class='ocr_carea' id='block_1_111' title="bbox 121 2775 901 2811">
    <p class='ocr_par' dir='ltr' id='par_1_111' title="bbox 121 2775 901 2811">
     <span class='ocr_line' id='line_1_111' title="bbox 121 2775 901 2811; baseline 0 -9"><span class='ocrx_word' id='word_1_791' title='bbox 121 2776 224 2811; x_wconf 83' lang='grc' dir='ltr'>νεύρων</span> <span class='ocrx_word' id='word_1_792' title='bbox 235 2775 328 2807; x_wconf 83' lang='grc' dir='ltr'>τόνους</span> <span class='ocrx_word' id='word_1_793' title='bbox 339 2776 385 2802; x_wconf 81' lang='grc' dir='ltr'>καὶ</span> <span class='ocrx_word' id='word_1_794' title='bbox 395 2776 496 2802; x_wconf 79' lang='grc' dir='ltr'>ὀστέων</span> <span class='ocrx_word' id='word_1_795' title='bbox 515 2775 691 2811; x_wconf 77' lang='grc' dir='ltr'>στερρότητα,</span> <span class='ocrx_word' id='word_1_796' title='bbox 709 2776 755 2802; x_wconf 71' lang='grc' dir='ltr'>καὶ</span> <span class='ocrx_word' id='word_1_797' title='bbox 770 2775 843 2808; x_wconf 77' lang='grc' dir='ltr'>ὁδοὺς</span> <span class='ocrx_word' id='word_1_798' title='bbox 855 2776 901 2802; x_wconf 76' lang='grc' dir='ltr'>καὶ</span> 
     </span>
    </p>
   </div>
   <div class='ocr_carea' id='block_1_112' title="bbox 121 2820 900 2856">
    <p class='ocr_par' dir='ltr' id='par_1_112' title="bbox 121 2820 900 2856">
     <span class='ocr_line' id='line_1_112' title="bbox 121 2820 900 2856; baseline -0.001 -9"><span class='ocrx_word' id='word_1_799' title='bbox 121 2820 229 2855; x_wconf 73' lang='grc' dir='ltr'>τρίϐους</span> <span class='ocrx_word' id='word_1_800' title='bbox 238 2820 315 2852; x_wconf 81' lang='grc' dir='ltr'>τινὰς</span> <span class='ocrx_word' id='word_1_801' title='bbox 325 2820 433 2855; x_wconf 81' lang='grc' dir='ltr'>ἀφανῶς</span> <span class='ocrx_word' id='word_1_802' title='bbox 444 2821 608 2856; x_wconf 84' lang='grc' dir='ltr'>διοικονομού</span> <span class='ocrx_word' id='word_1_803' title='bbox 613 2829 661 2851; x_wconf 80' lang='grc' dir='ltr'><strong>σας</strong></span> <span class='ocrx_word' id='word_1_804' title='bbox 670 2820 703 2846; x_wconf 86' lang='grc' dir='ltr'>τὰ</span> <span class='ocrx_word' id='word_1_805' title='bbox 712 2820 900 2855; x_wconf 80' lang='grc' dir='ltr'>ἐγκρινόμενα,</span> 
     </span>
    </p>
   </div>
   <div class='ocr_carea' id='block_1_113' title="bbox 124 2866 902 2903">
    <p class='ocr_par' dir='ltr' id='par_1_113' title="bbox 124 2866 902 2903">
     <span class='ocr_line' id='line_1_113' title="bbox 124 2866 902 2903; baseline 0 -9"><span class='ocrx_word' id='word_1_806' title='bbox 124 2866 165 2893; x_wconf 61' lang='grc' dir='ltr'>διὰ</span> <span class='ocrx_word' id='word_1_807' title='bbox 184 2867 249 2902; x_wconf 70' lang='grc' dir='ltr'>μιᾶς</span> <span class='ocrx_word' id='word_1_808' title='bbox 275 2867 425 2902; x_wconf 76' lang='grc' dir='ltr'>συμπνοίας</span> <span class='ocrx_word' id='word_1_809' title='bbox 442 2866 487 2894; x_wconf 74' lang='grc' dir='ltr'>τοῦ</span> <span class='ocrx_word' id='word_1_810' title='bbox 510 2866 652 2903; x_wconf 81' lang='grc' dir='ltr'>σώματος,</span> <span class='ocrx_word' id='word_1_811' title='bbox 675 2866 757 2902; x_wconf 80' lang='grc' dir='ltr'>ὁλκῆς</span> <span class='ocrx_word' id='word_1_812' title='bbox 779 2866 902 2902; x_wconf 80' lang='grc' dir='ltr'>πνεύμα-</span> 
     </span>
    </p>
   </div>
   <div class='ocr_carea' id='block_1_114' title="bbox 991 2635 1734 2671">
    <p class='ocr_par' dir='ltr' id='par_1_114' title="bbox 991 2635 1734 2671">
     <span class='ocr_line' id='line_1_114' title="bbox 991 2635 1734 2671; baseline -0.003 -6"><span class='ocrx_word' id='word_1_813' title='bbox 991 2639 1122 2671; x_wconf 62' lang='lat' dir='ltr'><strong>Quianam</strong></span> <span class='ocrx_word' id='word_1_814' title='bbox 1147 2640 1238 2664; x_wconf 80' lang='lat' dir='ltr'><strong>autent</strong></span> <span class='ocrx_word' id='word_1_815' title='bbox 1259 2636 1392 2671; x_wconf 80' lang='lat' dir='ltr'><strong>exprimet</strong></span> <span class='ocrx_word' id='word_1_816' title='bbox 1418 2636 1507 2663; x_wconf 80' lang='lat' dir='ltr'><strong>oratio</strong></span> <span class='ocrx_word' id='word_1_817' title='bbox 1522 2635 1686 2662; x_wconf 86' lang='lat' dir='ltr'><strong>declaratam</strong></span> <span class='ocrx_word' id='word_1_818' title='bbox 1706 2637 1734 2663; x_wconf 90' lang='lat' dir='ltr'><strong>in</strong></span> 
     </span>
    </p>
   </div>
   <div class='ocr_carea' id='block_1_115' title="bbox 957 2681 1735 2716">
    <p class='ocr_par' dir='ltr' id='par_1_115' title="bbox 957 2681 1735 2716">
     <span class='ocr_line' id='line_1_115' title="bbox 957 2681 1735 2716; baseline -0.005 -5"><span class='ocrx_word' id='word_1_819' title='bbox 957 2683 1088 2711; x_wconf 87' lang='lat' dir='ltr'><strong>membris</strong></span> <span class='ocrx_word' id='word_1_820' title='bbox 1101 2682 1204 2709; x_wconf 85' lang='lat' dir='ltr'><strong>nostris</strong></span> <span class='ocrx_word' id='word_1_821' title='bbox 1217 2681 1393 2709; x_wconf 85' lang='lat' dir='ltr'><strong>interioribus</strong></span> <span class='ocrx_word' id='word_1_822' title='bbox 1406 2681 1516 2716; x_wconf 77' lang='lat' dir='ltr'><strong>Opiﬁcis</strong></span> <span class='ocrx_word' id='word_1_823' title='bbox 1532 2681 1692 2715; x_wconf 76' lang='lat' dir='ltr'><strong>sapientiam</strong></span> <span class='ocrx_word' id='word_1_824' title='bbox 1707 2686 1735 2712; x_wconf 68' lang='lat' dir='ltr'><strong>et</strong></span> 
     </span>
    </p>
   </div>
   <div class='ocr_carea' id='block_1_116' title="bbox 957 2726 1733 2765">
    <p class='ocr_par' dir='ltr' id='par_1_116' title="bbox 957 2726 1733 2765">
     <span class='ocr_line' id='line_1_116' title="bbox 957 2726 1733 2765; baseline -0.005 -8"><span class='ocrx_word' id='word_1_825' title='bbox 957 2728 1136 2765; x_wconf 81' lang='lat' dir='ltr'><strong>potestatem?</strong></span> <span class='ocrx_word' id='word_1_826' title='bbox 1151 2731 1257 2754; x_wconf 84' lang='lat' dir='ltr'><strong>meatus</strong></span> <span class='ocrx_word' id='word_1_827' title='bbox 1270 2730 1298 2754; x_wconf 86' lang='lat' dir='ltr'><strong>et</strong></span> <span class='ocrx_word' id='word_1_828' title='bbox 1310 2726 1498 2753; x_wconf 86' lang='lat' dir='ltr'><strong>membraneas</strong></span> <span class='ocrx_word' id='word_1_829' title='bbox 1519 2733 1661 2759; x_wconf 88' lang='lat' dir='ltr'><strong>cavernas,</strong></span> <span class='ocrx_word' id='word_1_830' title='bbox 1687 2734 1733 2754; x_wconf 79' lang='lat' dir='ltr'><strong>ve-</strong></span> 
     </span>
    </p>
   </div>
   <div class='ocr_carea' id='block_1_117' title="bbox 955 2770 1733 2807">
    <p class='ocr_par' dir='ltr' id='par_1_117' title="bbox 955 2770 1733 2807">
     <span class='ocr_line' id='line_1_117' title="bbox 955 2770 1733 2807; baseline -0.005 -6"><span class='ocrx_word' id='word_1_831' title='bbox 955 2781 1052 2801; x_wconf 84' lang='lat' dir='ltr'><strong>narum</strong></span> <span class='ocrx_word' id='word_1_832' title='bbox 1065 2771 1276 2807; x_wconf 77' lang='lat' dir='ltr'><strong>complexiones,</strong></span> <span class='ocrx_word' id='word_1_833' title='bbox 1291 2778 1436 2798; x_wconf 81' lang='lat' dir='ltr'><strong>nervorum</strong></span> <span class='ocrx_word' id='word_1_834' title='bbox 1444 2770 1620 2803; x_wconf 78' lang='lat' dir='ltr'><strong>iutensiones,</strong></span> <span class='ocrx_word' id='word_1_835' title='bbox 1629 2771 1733 2799; x_wconf 63' lang='lat' dir='ltr'><strong>ouium</strong></span> 
     </span>
    </p>
   </div>
   <div class='ocr_carea' id='block_1_118' title="bbox 956 2816 1731 2853">
    <p class='ocr_par' dir='ltr' id='par_1_118' title="bbox 956 2816 1731 2853">
     <span class='ocr_line' id='line_1_118' title="bbox 956 2816 1731 2853; baseline -0.004 -6"><span class='ocrx_word' id='word_1_836' title='bbox 956 2820 1125 2851; x_wconf 81' lang='lat' dir='ltr'><strong>ﬁrmitatem,</strong></span> <span class='ocrx_word' id='word_1_837' title='bbox 1140 2818 1198 2845; x_wconf 83' lang='lat' dir='ltr'><strong>vias</strong></span> <span class='ocrx_word' id='word_1_838' title='bbox 1219 2823 1300 2853; x_wconf 88' lang='lat' dir='ltr'><strong>atque</strong></span> <span class='ocrx_word' id='word_1_839' title='bbox 1320 2817 1432 2844; x_wconf 88' lang='lat' dir='ltr'><strong>semitas</strong></span> <span class='ocrx_word' id='word_1_840' title='bbox 1457 2816 1590 2851; x_wconf 88' lang='lat' dir='ltr'><strong>quasdam</strong></span> <span class='ocrx_word' id='word_1_841' title='bbox 1616 2816 1731 2846; x_wconf 68' lang='lat' dir='ltr'><strong>Iateutr-r</strong></span> 
     </span>
    </p>
   </div>
   <div class='ocr_carea' id='block_1_119' title="bbox 954 2862 1731 2899">
    <p class='ocr_par' dir='ltr' id='par_1_119' title="bbox 954 2862 1731 2899">
     <span class='ocr_line' id='line_1_119' title="bbox 954 2862 1731 2899; baseline -0.008 -5"><span class='ocrx_word' id='word_1_842' title='bbox 954 2864 1150 2894; x_wconf 79' lang='lat' dir='ltr'><strong>distribuentes</strong></span> <span class='ocrx_word' id='word_1_843' title='bbox 1179 2871 1239 2899; x_wconf 71' lang='lat' dir='ltr'><strong>quae</strong></span> <span class='ocrx_word' id='word_1_844' title='bbox 1261 2864 1434 2898; x_wconf 76' lang='lat' dir='ltr'><strong>ingeruntur,</strong></span> <span class='ocrx_word' id='word_1_845' title='bbox 1465 2862 1548 2898; x_wconf 87' lang='lat' dir='ltr'><strong>idque</strong></span> <span class='ocrx_word' id='word_1_846' title='bbox 1572 2869 1621 2896; x_wconf 81' lang='lat' dir='ltr'><strong>per</strong></span> <span class='ocrx_word' id='word_1_847' title='bbox 1647 2862 1731 2890; x_wconf 77' lang='lat' dir='ltr'><strong>solam</strong></span> 
     </span>
    </p>
   </div>
  </div>
