  <div class='ocr_page' id='page_1' title='image "/cluster/home/n/w/nwhite01/storage/ocr_20150623/38/njp.32101077772570/549.png"; bbox 0 0 1907 3043; ppageno 0'>
   <div class='ocr_carea' id='block_1_1' title="bbox 190 131 256 160">
    <p class='ocr_par' dir='ltr' id='par_1_1' title="bbox 190 131 256 160">
     <span class='ocr_line' id='line_1_1' title="bbox 190 131 256 160; baseline 0.03 -2"><span class='ocrx_word' id='word_1_1' title='bbox 190 133 197 158; x_wconf 85' lang='grc' dir='ltr'><strong>ί</strong></span> <span class='ocrx_word' id='word_1_2' title='bbox 204 131 256 160; x_wconf 72' lang='lat'><strong>(379</strong></span> 
     </span>
    </p>
   </div>
   <div class='ocr_carea' id='block_1_2' title="bbox 187 189 968 225">
    <p class='ocr_par' dir='ltr' id='par_1_2' title="bbox 187 189 968 225">
     <span class='ocr_line' id='line_1_2' title="bbox 187 189 968 225; baseline 0.001 -9"><span class='ocrx_word' id='word_1_3' title='bbox 187 191 266 224; x_wconf 81' lang='lat' dir='ltr'><strong>quasi</strong></span> <span class='ocrx_word' id='word_1_4' title='bbox 280 189 510 224; x_wconf 89' lang='lat' dir='ltr'><strong>conspirationem</strong></span> <span class='ocrx_word' id='word_1_5' title='bbox 529 189 712 216; x_wconf 85' lang='lat' dir='ltr'><strong>membrorum</strong></span> <span class='ocrx_word' id='word_1_6' title='bbox 735 190 820 217; x_wconf 84' lang='lat' dir='ltr'><strong>totius</strong></span> <span class='ocrx_word' id='word_1_7' title='bbox 835 190 968 225; x_wconf 78' lang='lat' dir='ltr'><strong>corporis,</strong></span> 
     </span>
    </p>
   </div>
   <div class='ocr_carea' id='block_1_3' title="bbox 189 234 967 269">
    <p class='ocr_par' dir='ltr' id='par_1_3' title="bbox 189 234 967 269">
     <span class='ocr_line' id='line_1_3' title="bbox 189 234 967 269; baseline 0.001 -8"><span class='ocrx_word' id='word_1_8' title='bbox 189 236 252 266; x_wconf 82' lang='lat' dir='ltr'><strong>item</strong></span> <span class='ocrx_word' id='word_1_9' title='bbox 265 235 441 261; x_wconf 81' lang='lat' dir='ltr'><strong>attractiones</strong></span> <span class='ocrx_word' id='word_1_10' title='bbox 459 234 582 268; x_wconf 75' lang='lat' dir='ltr'><strong>spiritus,</strong></span> <span class='ocrx_word' id='word_1_11' title='bbox 607 235 789 269; x_wconf 61' lang='lat' dir='ltr'><strong>aqu-eductus</strong></span> <span class='ocrx_word' id='word_1_12' title='bbox 814 234 967 268; x_wconf 77' lang='lat' dir='ltr'><strong>sanguinis,</strong></span> 
     </span>
    </p>
   </div>
   <div class='ocr_carea' id='block_1_4' title="bbox 188 279 971 314">
    <p class='ocr_par' dir='ltr' id='par_1_4' title="bbox 188 279 971 314">
     <span class='ocr_line' id='line_1_4' title="bbox 188 279 971 314; baseline 0 -8"><span class='ocrx_word' id='word_1_13' title='bbox 188 280 355 308; x_wconf 77' lang='lat' dir='ltr'><strong>domicilium</strong></span> <span class='ocrx_word' id='word_1_14' title='bbox 368 280 478 310; x_wconf 86' lang='lat' dir='ltr'><strong>caloris,</strong></span> <span class='ocrx_word' id='word_1_15' title='bbox 493 280 584 307; x_wconf 80' lang='lat' dir='ltr'><strong>sedem</strong></span> <span class='ocrx_word' id='word_1_16' title='bbox 597 279 717 314; x_wconf 75' lang='lat' dir='ltr'><strong>frigoris,</strong></span> <span class='ocrx_word' id='word_1_17' title='bbox 739 280 794 306; x_wconf 80' lang='lat' dir='ltr'><strong>alia</strong></span> <span class='ocrx_word' id='word_1_18' title='bbox 806 279 924 314; x_wconf 71' lang='lat' dir='ltr'><strong>denique</strong></span> <span class='ocrx_word' id='word_1_19' title='bbox 937 280 971 306; x_wconf 88' lang='lat' dir='ltr'><strong>de</strong></span> 
     </span>
    </p>
   </div>
   <div class='ocr_carea' id='block_1_5' title="bbox 189 325 971 360">
    <p class='ocr_par' dir='ltr' id='par_1_5' title="bbox 189 325 971 360">
     <span class='ocr_line' id='line_1_5' title="bbox 189 325 971 360; baseline 0.001 -9"><span class='ocrx_word' id='word_1_20' title='bbox 189 326 287 358; x_wconf 79' lang='lat' dir='ltr'><strong>quibus</strong></span> <span class='ocrx_word' id='word_1_21' title='bbox 304 325 439 352; x_wconf 75' lang='lat' dir='ltr'><strong>medicina</strong></span> <span class='ocrx_word' id='word_1_22' title='bbox 456 330 639 352; x_wconf 82' lang='lat' dir='ltr'><strong>commentata</strong></span> <span class='ocrx_word' id='word_1_23' title='bbox 653 331 835 360; x_wconf 79' lang='lat' dir='ltr'><strong>est,qnnrum</strong></span> <span class='ocrx_word' id='word_1_24' title='bbox 850 325 971 359; x_wconf 78' lang='lat' dir='ltr'><strong>explica-</strong></span> 
     </span>
    </p>
   </div>
   <div class='ocr_carea' id='block_1_6' title="bbox 190 370 971 406">
    <p class='ocr_par' dir='ltr' id='par_1_6' title="bbox 190 370 971 406">
     <span class='ocr_line' id='line_1_6' title="bbox 190 370 971 406; baseline 0 -9"><span class='ocrx_word' id='word_1_25' title='bbox 190 371 290 397; x_wconf 92' lang='lat' dir='ltr'><strong>tionem</strong></span> <span class='ocrx_word' id='word_1_26' title='bbox 307 371 341 397; x_wconf 88' lang='lat' dir='ltr'><strong>iis</strong></span> <span class='ocrx_word' id='word_1_27' title='bbox 355 371 505 406; x_wconf 79' lang='lat' dir='ltr'><strong>relinquam</strong></span> <span class='ocrx_word' id='word_1_28' title='bbox 520 371 566 405; x_wconf 87' lang='lat' dir='ltr'><strong>qui</strong></span> <span class='ocrx_word' id='word_1_29' title='bbox 587 371 750 398; x_wconf 84' lang='lat' dir='ltr'><strong>medicinam</strong></span> <span class='ocrx_word' id='word_1_30' title='bbox 759 371 882 398; x_wconf 76' lang='lat' dir='ltr'><strong>Studiose</strong></span> <span class='ocrx_word' id='word_1_31' title='bbox 897 370 971 397; x_wconf 86' lang='lat' dir='ltr'><strong>didi-</strong></span> 
     </span>
    </p>
   </div>
   <div class='ocr_carea' id='block_1_7' title="bbox 192 419 296 442">
    <p class='ocr_par' dir='ltr' id='par_1_7' title="bbox 192 419 296 442">
     <span class='ocr_line' id='line_1_7' title="bbox 192 419 296 442; baseline 0 -1"><span class='ocrx_word' id='word_1_32' title='bbox 192 419 296 442; x_wconf 66' lang='lat' dir='ltr'><strong>terunt.</strong></span> 
     </span>
    </p>
   </div>
   <div class='ocr_carea' id='block_1_8' title="bbox 194 461 974 497">
    <p class='ocr_par' dir='ltr' id='par_1_8' title="bbox 194 461 974 497">
     <span class='ocr_line' id='line_1_8' title="bbox 194 461 974 497; baseline 0 -9"><span class='ocrx_word' id='word_1_33' title='bbox 194 461 286 488; x_wconf 75' lang='lat' dir='ltr'><strong>Sancti</strong></span> <span class='ocrx_word' id='word_1_34' title='bbox 300 462 359 493; x_wconf 80' lang='lat' dir='ltr'><strong>viri,</strong></span> <span class='ocrx_word' id='word_1_35' title='bbox 385 461 504 496; x_wconf 74' lang='lat' dir='ltr'><strong>Gregorii</strong></span> <span class='ocrx_word' id='word_1_36' title='bbox 532 462 647 497; x_wconf 62' lang='grc' dir='ltr'>Νεμεεηί</span> <span class='ocrx_word' id='word_1_37' title='bbox 676 464 748 489; x_wconf 74' lang='lat' dir='ltr'><strong>locus</strong></span> <span class='ocrx_word' id='word_1_38' title='bbox 763 470 796 489; x_wconf 71' lang='lat' dir='ltr'><strong>es</strong></span> <span class='ocrx_word' id='word_1_39' title='bbox 821 463 906 497; x_wconf 72' lang='lat' dir='ltr'><strong>capite</strong></span> <span class='ocrx_word' id='word_1_40' title='bbox 921 470 974 496; x_wconf 74' lang='lat' dir='ltr'><strong>quo</strong></span> 
     </span>
    </p>
   </div>
   <div class='ocr_carea' id='block_1_9' title="bbox 229 497 972 527">
    <p class='ocr_par' dir='ltr' id='par_1_9' title="bbox 229 497 972 527">
     <span class='ocr_line' id='line_1_9' title="bbox 229 497 972 527; baseline 0.003 -5"><span class='ocrx_word' id='word_1_41' title='bbox 229 497 321 527; x_wconf 83' lang='lat' dir='ltr'><strong>tradil,</strong></span> <span class='ocrx_word' id='word_1_42' title='bbox 340 505 421 522; x_wconf 84' lang='lat' dir='ltr'><strong>unam</strong></span> <span class='ocrx_word' id='word_1_43' title='bbox 439 502 463 523; x_wconf 87' lang='lat' dir='ltr'><strong>et</strong></span> <span class='ocrx_word' id='word_1_44' title='bbox 487 502 604 524; x_wconf 67' lang='lat' dir='ltr'><strong>eamdem</strong></span> <span class='ocrx_word' id='word_1_45' title='bbox 634 498 779 525; x_wconf 65' lang='lat' dir='ltr'><strong>emittendi</strong></span> <span class='ocrx_word' id='word_1_46' title='bbox 791 506 902 525; x_wconf 70' lang='lat' dir='ltr'><strong>causam</strong></span> <span class='ocrx_word' id='word_1_47' title='bbox 916 505 972 524; x_wconf 71' lang='lat' dir='ltr'><strong>esu</strong></span> 
     </span>
    </p>
   </div>
   <div class='ocr_carea' id='block_1_10' title="bbox 228 532 696 568">
    <p class='ocr_par' dir='ltr' id='par_1_10' title="bbox 228 532 696 568">
     <span class='ocr_line' id='line_1_10' title="bbox 228 532 696 568; baseline 0.004 -11"><span class='ocrx_word' id='word_1_48' title='bbox 228 536 282 557; x_wconf 83' lang='lat' dir='ltr'><strong>tam</strong></span> <span class='ocrx_word' id='word_1_49' title='bbox 297 532 393 558; x_wconf 64' lang='lat' dir='ltr'><strong>anima</strong></span> <span class='ocrx_word' id='word_1_50' title='bbox 404 540 483 565; x_wconf 84' lang='lat' dir='ltr'><strong>quam</strong></span> <span class='ocrx_word' id='word_1_51' title='bbox 498 533 614 566; x_wconf 75' lang='lat' dir='ltr'><strong>corporis</strong></span> <span class='ocrx_word' id='word_1_52' title='bbox 630 533 696 568; x_wconf 75' lang='lat'><strong>(97).</strong></span> 
     </span>
    </p>
   </div>
   <div class='ocr_carea' id='block_1_11' title="bbox 227 576 972 612">
    <p class='ocr_par' dir='ltr' id='par_1_11' title="bbox 227 576 972 612">
     <span class='ocr_line' id='line_1_11' title="bbox 227 576 972 612; baseline 0.003 -10"><span class='ocrx_word' id='word_1_53' title='bbox 227 576 460 609; x_wconf 81' lang='lat' dir='ltr'><strong>Quemadmodum</strong></span> <span class='ocrx_word' id='word_1_54' title='bbox 477 577 510 604; x_wconf 89' lang='lat' dir='ltr'><strong>de</strong></span> <span class='ocrx_word' id='word_1_55' title='bbox 534 578 624 604; x_wconf 88' lang='lat' dir='ltr'><strong>tritico</strong></span> <span class='ocrx_word' id='word_1_56' title='bbox 642 577 768 608; x_wconf 81' lang='lat' dir='ltr'><strong>dicimus,</strong></span> <span class='ocrx_word' id='word_1_57' title='bbox 800 585 906 604; x_wconf 83' lang='lat' dir='ltr'><strong>omnem</strong></span> <span class='ocrx_word' id='word_1_58' title='bbox 923 584 972 612; x_wconf 95' lang='lat' dir='ltr'><strong>po-</strong></span> 
     </span>
    </p>
   </div>
   <div class='ocr_carea' id='block_1_12' title="bbox 192 622 974 656">
    <p class='ocr_par' dir='ltr' id='par_1_12' title="bbox 192 622 974 656">
     <span class='ocr_line' id='line_1_12' title="bbox 192 622 974 656; baseline 0.001 -8"><span class='ocrx_word' id='word_1_59' title='bbox 192 625 289 649; x_wconf 84' lang='lat' dir='ltr'><strong>testate</strong></span> <span class='ocrx_word' id='word_1_60' title='bbox 316 623 342 648; x_wconf 93' lang='lat' dir='ltr'><strong>in</strong></span> <span class='ocrx_word' id='word_1_61' title='bbox 358 623 433 656; x_wconf 86' lang='lat' dir='ltr'><strong>spica</strong></span> <span class='ocrx_word' id='word_1_62' title='bbox 455 622 572 649; x_wconf 89' lang='lat' dir='ltr'><strong>formam</strong></span> <span class='ocrx_word' id='word_1_63' title='bbox 598 623 657 655; x_wconf 86' lang='lat' dir='ltr'><strong>ejus</strong></span> <span class='ocrx_word' id='word_1_64' title='bbox 672 631 744 653; x_wconf 80' lang='lat' dir='ltr'><strong>esse.</strong></span> <span class='ocrx_word' id='word_1_65' title='bbox 758 623 882 654; x_wconf 85' lang='lat' dir='ltr'><strong>herbam,</strong></span> <span class='ocrx_word' id='word_1_66' title='bbox 899 623 974 649; x_wconf 84' lang='lat' dir='ltr'><strong>cala-</strong></span> 
     </span>
    </p>
   </div>
   <div class='ocr_carea' id='block_1_13' title="bbox 194 667 974 703">
    <p class='ocr_par' dir='ltr' id='par_1_13' title="bbox 194 667 974 703">
     <span class='ocr_line' id='line_1_13' title="bbox 194 667 974 703; baseline 0.003 -11"><span class='ocrx_word' id='word_1_67' title='bbox 194 675 279 696; x_wconf 86' lang='lat' dir='ltr'><strong>mum.</strong></span> <span class='ocrx_word' id='word_1_68' title='bbox 294 668 396 695; x_wconf 90' lang='lat' dir='ltr'><strong>medias</strong></span> <span class='ocrx_word' id='word_1_69' title='bbox 414 667 566 703; x_wconf 81' lang='lat' dir='ltr'><strong>iuncturas,</strong></span> <span class='ocrx_word' id='word_1_70' title='bbox 584 667 711 701; x_wconf 84' lang='lat' dir='ltr'><strong>fructum,</strong></span> <span class='ocrx_word' id='word_1_71' title='bbox 726 669 843 700; x_wconf 83' lang='lat' dir='ltr'><strong>aristas,</strong></span> <span class='ocrx_word' id='word_1_72' title='bbox 859 672 887 694; x_wconf 89' lang='lat' dir='ltr'><strong>et</strong></span> <span class='ocrx_word' id='word_1_73' title='bbox 906 668 974 695; x_wconf 82' lang='lat' dir='ltr'><strong>nihil</strong></span> 
     </span>
    </p>
   </div>
   <div class='ocr_carea' id='block_1_14' title="bbox 195 713 976 748">
    <p class='ocr_par' dir='ltr' id='par_1_14' title="bbox 195 713 976 748">
     <span class='ocr_line' id='line_1_14' title="bbox 195 713 976 748; baseline 0.003 -9"><span class='ocrx_word' id='word_1_74' title='bbox 195 713 292 739; x_wconf 85' lang='lat' dir='ltr'><strong>horum</strong></span> <span class='ocrx_word' id='word_1_75' title='bbox 306 714 413 740; x_wconf 89' lang='lat' dir='ltr'><strong>ratione</strong></span> <span class='ocrx_word' id='word_1_76' title='bbox 431 719 535 740; x_wconf 68' lang='lat' dir='ltr'><strong>naturae</strong></span> <span class='ocrx_word' id='word_1_77' title='bbox 552 713 591 741; x_wconf 93' lang='lat' dir='ltr'><strong>vel</strong></span> <span class='ocrx_word' id='word_1_78' title='bbox 616 713 693 747; x_wconf 88' lang='lat' dir='ltr'><strong>prius</strong></span> <span class='ocrx_word' id='word_1_79' title='bbox 706 721 779 746; x_wconf 83' lang='lat' dir='ltr'><strong>esse,</strong></span> <span class='ocrx_word' id='word_1_80' title='bbox 791 714 833 741; x_wconf 91' lang='lat' dir='ltr'><strong>vel</strong></span> <span class='ocrx_word' id='word_1_81' title='bbox 847 714 976 748; x_wconf 86' lang='lat' dir='ltr'><strong>deinceps</strong></span> 
     </span>
    </p>
   </div>
   <div class='ocr_carea' id='block_1_15' title="bbox 194 758 973 790">
    <p class='ocr_par' dir='ltr' id='par_1_15' title="bbox 194 758 973 790">
     <span class='ocr_line' id='line_1_15' title="bbox 194 758 973 790; baseline 0.003 -6"><span class='ocrx_word' id='word_1_82' title='bbox 194 762 298 785; x_wconf 67' lang='lat' dir='ltr'><strong>natura:</strong></span> <span class='ocrx_word' id='word_1_83' title='bbox 315 759 428 786; x_wconf 86' lang='lat' dir='ltr'><strong>seminis</strong></span> <span class='ocrx_word' id='word_1_84' title='bbox 447 759 587 790; x_wconf 84' lang='lat' dir='ltr'><strong>accedere.</strong></span> <span class='ocrx_word' id='word_1_85' title='bbox 615 758 664 786; x_wconf 88' lang='lat' dir='ltr'><strong>sed</strong></span> <span class='ocrx_word' id='word_1_86' title='bbox 693 759 789 786; x_wconf 84' lang='lat' dir='ltr'><strong>ordine</strong></span> <span class='ocrx_word' id='word_1_87' title='bbox 806 759 925 786; x_wconf 75' lang='lat' dir='ltr'><strong>naturali</strong></span> <span class='ocrx_word' id='word_1_88' title='bbox 941 767 973 786; x_wconf 92' lang='lat' dir='ltr'><strong>ea</strong></span> 
     </span>
    </p>
   </div>
   <div class='ocr_carea' id='block_1_16' title="bbox 193 804 974 840">
    <p class='ocr_par' dir='ltr' id='par_1_16' title="bbox 193 804 974 840">
     <span class='ocr_line' id='line_1_16' title="bbox 193 804 974 840; baseline 0.003 -10"><span class='ocrx_word' id='word_1_89' title='bbox 193 812 254 838; x_wconf 70' lang='lat' dir='ltr'><strong>quae</strong></span> <span class='ocrx_word' id='word_1_90' title='bbox 263 805 464 837; x_wconf 80' lang='lat' dir='ltr'><strong>rccensuimus,</strong></span> <span class='ocrx_word' id='word_1_91' title='bbox 477 805 587 840; x_wconf 88' lang='lat' dir='ltr'><strong>prodire</strong></span> <span class='ocrx_word' id='word_1_92' title='bbox 603 814 609 830; x_wconf 93' lang='lat'>:</span> <span class='ocrx_word' id='word_1_93' title='bbox 622 805 663 832; x_wconf 88' lang='lat' dir='ltr'><strong>sic</strong></span> <span class='ocrx_word' id='word_1_94' title='bbox 676 808 703 832; x_wconf 88' lang='lat' dir='ltr'><strong>et</strong></span> <span class='ocrx_word' id='word_1_95' title='bbox 726 804 874 832; x_wconf 84' lang='lat' dir='ltr'><strong>humanam</strong></span> <span class='ocrx_word' id='word_1_96' title='bbox 890 804 974 832; x_wconf 89' lang='lat' dir='ltr'><strong>satio-</strong></span> 
     </span>
    </p>
   </div>
   <div class='ocr_carea' id='block_1_17' title="bbox 194 850 974 885">
    <p class='ocr_par' dir='ltr' id='par_1_17' title="bbox 194 850 974 885">
     <span class='ocr_line' id='line_1_17' title="bbox 194 850 974 885; baseline 0.003 -9"><span class='ocrx_word' id='word_1_97' title='bbox 194 857 255 876; x_wconf 89' lang='lat' dir='ltr'><strong>nem</strong></span> <span class='ocrx_word' id='word_1_98' title='bbox 269 854 454 884; x_wconf 68' lang='lat' dir='ltr'><strong>comparatam</strong></span> <span class='ocrx_word' id='word_1_99' title='bbox 470 857 532 877; x_wconf 87' lang='lat' dir='ltr'><strong>esse</strong></span> <span class='ocrx_word' id='word_1_100' title='bbox 544 851 672 882; x_wconf 88' lang='lat' dir='ltr'><strong>dicimus,</strong></span> <span class='ocrx_word' id='word_1_101' title='bbox 687 851 723 877; x_wconf 90' lang='lat' dir='ltr'><strong>ita</strong></span> <span class='ocrx_word' id='word_1_102' title='bbox 741 850 805 877; x_wconf 91' lang='lat' dir='ltr'><strong>utin</strong></span> <span class='ocrx_word' id='word_1_103' title='bbox 820 855 898 878; x_wconf 90' lang='lat' dir='ltr'><strong>ortus</strong></span> <span class='ocrx_word' id='word_1_104' title='bbox 914 851 974 885; x_wconf 70' lang='lat' dir='ltr'><strong>ejus</strong></span> 
     </span>
    </p>
   </div>
   <div class='ocr_carea' id='block_1_18' title="bbox 195 894 973 930">
    <p class='ocr_par' dir='ltr' id='par_1_18' title="bbox 195 894 973 930">
     <span class='ocr_line' id='line_1_18' title="bbox 195 894 973 930; baseline 0.003 -9"><span class='ocrx_word' id='word_1_105' title='bbox 195 894 328 930; x_wconf 88' lang='lat' dir='ltr'><strong>principio</strong></span> <span class='ocrx_word' id='word_1_106' title='bbox 349 895 430 922; x_wconf 92' lang='lat' dir='ltr'><strong>simul</strong></span> <span class='ocrx_word' id='word_1_107' title='bbox 442 896 501 930; x_wconf 80' lang='lat' dir='ltr'><strong>ipsa</strong></span> <span class='ocrx_word' id='word_1_108' title='bbox 513 901 618 923; x_wconf 67' lang='lat' dir='ltr'><strong>natura:</strong></span> <span class='ocrx_word' id='word_1_109' title='bbox 630 897 672 924; x_wconf 87' lang='lat' dir='ltr'><strong>vis</strong></span> <span class='ocrx_word' id='word_1_110' title='bbox 685 901 804 927; x_wconf 78' lang='lat' dir='ltr'><strong>seratur,</strong></span> <span class='ocrx_word' id='word_1_111' title='bbox 824 904 884 930; x_wconf 67' lang='lat' dir='ltr'><strong>quae</strong></span> <span class='ocrx_word' id='word_1_112' title='bbox 895 896 973 923; x_wconf 83' lang='lat' dir='ltr'><strong>dein-</strong></span> 
     </span>
    </p>
   </div>
   <div class='ocr_carea' id='block_1_19' title="bbox 195 940 972 975">
    <p class='ocr_par' dir='ltr' id='par_1_19' title="bbox 195 940 972 975">
     <span class='ocr_line' id='line_1_19' title="bbox 195 940 972 975; baseline 0.004 -10"><span class='ocrx_word' id='word_1_113' title='bbox 195 947 258 973; x_wconf 85' lang='lat' dir='ltr'><strong>ceps</strong></span> <span class='ocrx_word' id='word_1_114' title='bbox 269 940 428 975; x_wconf 72' lang='lat' dir='ltr'><strong>explicetur,</strong></span> <span class='ocrx_word' id='word_1_115' title='bbox 448 946 475 968; x_wconf 89' lang='lat' dir='ltr'><strong>et</strong></span> <span class='ocrx_word' id='word_1_116' title='bbox 491 941 601 975; x_wconf 81' lang='lat' dir='ltr'><strong>patefiat</strong></span> <span class='ocrx_word' id='word_1_117' title='bbox 624 948 671 975; x_wconf 87' lang='lat' dir='ltr'><strong>per</strong></span> <span class='ocrx_word' id='word_1_118' title='bbox 685 941 835 968; x_wconf 78' lang='lat' dir='ltr'><strong>naturalem</strong></span> <span class='ocrx_word' id='word_1_119' title='bbox 861 941 972 973; x_wconf 78' lang='lat' dir='ltr'><strong>seriem,</strong></span> 
     </span>
    </p>
   </div>
   <div class='ocr_carea' id='block_1_20' title="bbox 195 985 973 1021">
    <p class='ocr_par' dir='ltr' id='par_1_20' title="bbox 195 985 973 1021">
     <span class='ocr_line' id='line_1_20' title="bbox 195 985 973 1021; baseline 0.004 -11"><span class='ocrx_word' id='word_1_120' title='bbox 195 985 285 1018; x_wconf 90' lang='lat' dir='ltr'><strong>primo</strong></span> <span class='ocrx_word' id='word_1_121' title='bbox 313 986 422 1020; x_wconf 82' lang='lat' dir='ltr'><strong>quidem</strong></span> <span class='ocrx_word' id='word_1_122' title='bbox 448 985 496 1013; x_wconf 80' lang='lat' dir='ltr'><strong>Dei</strong></span> <span class='ocrx_word' id='word_1_123' title='bbox 531 987 670 1014; x_wconf 82' lang='lat' dir='ltr'><strong>voluntate</strong></span> <span class='ocrx_word' id='word_1_124' title='bbox 694 986 871 1014; x_wconf 88' lang='lat' dir='ltr'><strong>fundamento</strong></span> <span class='ocrx_word' id='word_1_125' title='bbox 895 987 973 1021; x_wconf 89' lang='lat' dir='ltr'><strong>quasi</strong></span> 
     </span>
    </p>
   </div>
   <div class='ocr_carea' id='block_1_21' title="bbox 192 1030 973 1065">
    <p class='ocr_par' dir='ltr' id='par_1_21' title="bbox 192 1030 973 1065">
     <span class='ocr_line' id='line_1_21' title="bbox 192 1030 973 1065; baseline 0.003 -9"><span class='ocrx_word' id='word_1_126' title='bbox 192 1030 265 1063; x_wconf 80' lang='lat' dir='ltr'><strong>jacio</strong></span> <span class='ocrx_word' id='word_1_127' title='bbox 280 1050 287 1062; x_wconf 94' lang='lat'><strong>,</strong></span> <span class='ocrx_word' id='word_1_128' title='bbox 324 1031 422 1058; x_wconf 88' lang='lat' dir='ltr'><strong>deinde</strong></span> <span class='ocrx_word' id='word_1_129' title='bbox 449 1032 632 1065; x_wconf 79' lang='lat' dir='ltr'><strong>generationis</strong></span> <span class='ocrx_word' id='word_1_130' title='bbox 657 1032 748 1059; x_wconf 87' lang='lat' dir='ltr'><strong>causis</strong></span> <span class='ocrx_word' id='word_1_131' title='bbox 771 1032 973 1059; x_wconf 84' lang='lat' dir='ltr'><strong>accedentibus.</strong></span> 
     </span>
    </p>
   </div>
   <div class='ocr_carea' id='block_1_22' title="bbox 193 1075 973 1113">
    <p class='ocr_par' dir='ltr' id='par_1_22' title="bbox 193 1075 973 1113">
     <span class='ocr_line' id='line_1_22' title="bbox 193 1075 973 1113; baseline 0.004 -11"><span class='ocrx_word' id='word_1_132' title='bbox 193 1075 429 1108; x_wconf 81' lang='lat' dir='ltr'><strong>Quemadmodum</strong></span> <span class='ocrx_word' id='word_1_133' title='bbox 445 1077 516 1104; x_wconf 91' lang='lat' dir='ltr'><strong>enim</strong></span> <span class='ocrx_word' id='word_1_134' title='bbox 538 1077 566 1104; x_wconf 89' lang='lat' dir='ltr'><strong>in</strong></span> <span class='ocrx_word' id='word_1_135' title='bbox 580 1085 613 1104; x_wconf 89' lang='lat' dir='ltr'><strong>eo</strong></span> <span class='ocrx_word' id='word_1_136' title='bbox 630 1078 703 1113; x_wconf 92' lang='lat' dir='ltr'><strong>quod</strong></span> <span class='ocrx_word' id='word_1_137' title='bbox 720 1077 754 1105; x_wconf 88' lang='lat' dir='ltr'><strong>ad</strong></span> <span class='ocrx_word' id='word_1_138' title='bbox 768 1078 973 1112; x_wconf 88' lang='lat' dir='ltr'><strong>producendum</strong></span> 
     </span>
    </p>
   </div>
   <div class='ocr_carea' id='block_1_23' title="bbox 195 1121 975 1158">
    <p class='ocr_par' dir='ltr' id='par_1_23' title="bbox 195 1121 975 1158">
     <span class='ocr_line' id='line_1_23' title="bbox 195 1121 975 1158; baseline 0.003 -11"><span class='ocrx_word' id='word_1_139' title='bbox 195 1121 333 1148; x_wconf 84' lang='lat' dir='ltr'><strong>hominem</strong></span> <span class='ocrx_word' id='word_1_140' title='bbox 347 1122 373 1148; x_wconf 90' lang='lat' dir='ltr'><strong>in</strong></span> <span class='ocrx_word' id='word_1_141' title='bbox 395 1121 503 1149; x_wconf 83' lang='lat' dir='ltr'><strong>officina</strong></span> <span class='ocrx_word' id='word_1_142' title='bbox 526 1127 631 1150; x_wconf 67' lang='lat' dir='ltr'><strong>natum</strong></span> <span class='ocrx_word' id='word_1_143' title='bbox 657 1123 820 1158; x_wconf 69' lang='lat' dir='ltr'><strong>deponitur,</strong></span> <span class='ocrx_word' id='word_1_144' title='bbox 853 1123 975 1150; x_wconf 88' lang='lat' dir='ltr'><strong>membra</strong></span> 
     </span>
    </p>
   </div>
   <div class='ocr_carea' id='block_1_24' title="bbox 195 1167 976 1203">
    <p class='ocr_par' dir='ltr' id='par_1_24' title="bbox 195 1167 976 1203">
     <span class='ocr_line' id='line_1_24' title="bbox 195 1167 976 1203; baseline 0.005 -11"><span class='ocrx_word' id='word_1_145' title='bbox 195 1167 302 1201; x_wconf 81' lang='lat' dir='ltr'><strong>singula</strong></span> <span class='ocrx_word' id='word_1_146' title='bbox 316 1168 439 1201; x_wconf 85' lang='lat' dir='ltr'><strong>corporis</strong></span> <span class='ocrx_word' id='word_1_147' title='bbox 463 1168 538 1195; x_wconf 87' lang='lat' dir='ltr'><strong>cerni</strong></span> <span class='ocrx_word' id='word_1_148' title='bbox 552 1174 694 1203; x_wconf 87' lang='lat' dir='ltr'><strong>nequeunt</strong></span> <span class='ocrx_word' id='word_1_149' title='bbox 715 1174 779 1196; x_wconf 86' lang='lat' dir='ltr'><strong>ante</strong></span> <span class='ocrx_word' id='word_1_150' title='bbox 801 1168 902 1196; x_wconf 80' lang='lat' dir='ltr'><strong>factam</strong></span> <span class='ocrx_word' id='word_1_151' title='bbox 918 1168 976 1196; x_wconf 88' lang='lat' dir='ltr'><strong>for-</strong></span> 
     </span>
    </p>
   </div>
   <div class='ocr_carea' id='block_1_25' title="bbox 196 1213 975 1250">
    <p class='ocr_par' dir='ltr' id='par_1_25' title="bbox 196 1213 975 1250">
     <span class='ocr_line' id='line_1_25' title="bbox 196 1213 975 1250; baseline 0.005 -12"><span class='ocrx_word' id='word_1_152' title='bbox 196 1213 357 1240; x_wconf 67' lang='lat' dir='ltr'><strong>matimiem:</strong></span> <span class='ocrx_word' id='word_1_153' title='bbox 376 1215 412 1240; x_wconf 92' lang='lat' dir='ltr'><strong>ita</strong></span> <span class='ocrx_word' id='word_1_154' title='bbox 433 1222 521 1249; x_wconf 83' lang='lat' dir='ltr'><strong>neque</strong></span> <span class='ocrx_word' id='word_1_155' title='bbox 535 1215 634 1241; x_wconf 75' lang='lat' dir='ltr'><strong>anima:</strong></span> <span class='ocrx_word' id='word_1_156' title='bbox 643 1215 824 1250; x_wconf 73' lang='lat' dir='ltr'><strong>proprietates</strong></span> <span class='ocrx_word' id='word_1_157' title='bbox 840 1215 867 1242; x_wconf 92' lang='lat' dir='ltr'><strong>in</strong></span> <span class='ocrx_word' id='word_1_158' title='bbox 881 1215 975 1242; x_wconf 86' lang='lat' dir='ltr'><strong>eodem</strong></span> 
     </span>
    </p>
   </div>
   <div class='ocr_carea' id='block_1_26' title="bbox 196 1259 975 1295">
    <p class='ocr_par' dir='ltr' id='par_1_26' title="bbox 196 1259 975 1295">
     <span class='ocr_line' id='line_1_26' title="bbox 196 1259 975 1295; baseline 0.004 -12"><span class='ocrx_word' id='word_1_159' title='bbox 196 1259 373 1286; x_wconf 75' lang='lat' dir='ltr'><strong>animadverti</strong></span> <span class='ocrx_word' id='word_1_160' title='bbox 398 1265 522 1294; x_wconf 88' lang='lat' dir='ltr'><strong>possunt,</strong></span> <span class='ocrx_word' id='word_1_161' title='bbox 545 1259 705 1295; x_wconf 83' lang='lat' dir='ltr'><strong>priusquam</strong></span> <span class='ocrx_word' id='word_1_162' title='bbox 726 1260 935 1294; x_wconf 81' lang='lat' dir='ltr'><strong>progrediantur</strong></span> <span class='ocrx_word' id='word_1_163' title='bbox 949 1260 975 1286; x_wconf 92' lang='lat' dir='ltr'><strong>in</strong></span> 
     </span>
    </p>
   </div>
   <div class='ocr_carea' id='block_1_27' title="bbox 197 1306 976 1341">
    <p class='ocr_par' dir='ltr' id='par_1_27' title="bbox 197 1306 976 1341">
     <span class='ocr_line' id='line_1_27' title="bbox 197 1306 976 1341; baseline 0.003 -10"><span class='ocrx_word' id='word_1_164' title='bbox 197 1309 299 1332; x_wconf 87' lang='lat' dir='ltr'><strong>actum.</strong></span> <span class='ocrx_word' id='word_1_165' title='bbox 323 1306 355 1332; x_wconf 89' lang='lat' dir='ltr'><strong>Et</strong></span> <span class='ocrx_word' id='word_1_166' title='bbox 371 1307 600 1340; x_wconf 87' lang='lat' dir='ltr'><strong>quemadmodum</strong></span> <span class='ocrx_word' id='word_1_167' title='bbox 625 1307 783 1341; x_wconf 87' lang='lat' dir='ltr'><strong>impositum</strong></span> <span class='ocrx_word' id='word_1_168' title='bbox 802 1306 867 1334; x_wconf 92' lang='lat' dir='ltr'><strong>illud</strong></span> <span class='ocrx_word' id='word_1_169' title='bbox 883 1314 916 1333; x_wconf 83' lang='lat' dir='ltr'><strong>ex</strong></span> <span class='ocrx_word' id='word_1_170' title='bbox 932 1307 976 1333; x_wconf 91' lang='lat' dir='ltr'><strong>in-</strong></span> 
     </span>
    </p>
   </div>
   <div class='ocr_carea' id='block_1_28' title="bbox 197 1351 969 1388">
    <p class='ocr_par' dir='ltr' id='par_1_28' title="bbox 197 1351 969 1388">
     <span class='ocr_line' id='line_1_28' title="bbox 197 1351 969 1388; baseline 0 -10"><span class='ocrx_word' id='word_1_171' title='bbox 197 1352 248 1378; x_wconf 78' lang='lat' dir='ltr'><strong>sita</strong></span> <span class='ocrx_word' id='word_1_172' title='bbox 261 1352 312 1379; x_wconf 87' lang='lat' dir='ltr'><strong>sibi</strong></span> <span class='ocrx_word' id='word_1_173' title='bbox 326 1353 351 1379; x_wconf 88' lang='lat' dir='ltr'><strong>vi</strong></span> <span class='ocrx_word' id='word_1_174' title='bbox 365 1351 547 1388; x_wconf 81' lang='lat' dir='ltr'><strong>facultateque</strong></span> <span class='ocrx_word' id='word_1_175' title='bbox 559 1353 586 1379; x_wconf 91' lang='lat' dir='ltr'><strong>in</strong></span> <span class='ocrx_word' id='word_1_176' title='bbox 601 1353 734 1380; x_wconf 86' lang='lat' dir='ltr'><strong>articulos</strong></span> <span class='ocrx_word' id='word_1_177' title='bbox 747 1357 774 1379; x_wconf 89' lang='lat' dir='ltr'><strong>et</strong></span> <span class='ocrx_word' id='word_1_178' title='bbox 793 1353 900 1380; x_wconf 88' lang='lat' dir='ltr'><strong>viscera</strong></span> <span class='ocrx_word' id='word_1_179' title='bbox 917 1351 969 1379; x_wconf 20' lang='lat' dir='ltr'><strong>fori</strong></span> 
     </span>
    </p>
   </div>
   <div class='ocr_carea' id='block_1_29' title="bbox 198 1397 978 1433">
    <p class='ocr_par' dir='ltr' id='par_1_29' title="bbox 198 1397 978 1433">
     <span class='ocr_line' id='line_1_29' title="bbox 198 1397 978 1433; baseline 0 -9"><span class='ocrx_word' id='word_1_180' title='bbox 198 1401 298 1429; x_wconf 75' lang='lat' dir='ltr'><strong>tutatur,</strong></span> <span class='ocrx_word' id='word_1_181' title='bbox 313 1398 353 1425; x_wconf 84' lang='lat' dir='ltr'><strong>sic</strong></span> <span class='ocrx_word' id='word_1_182' title='bbox 376 1404 402 1425; x_wconf 91' lang='lat' dir='ltr'><strong>et</strong></span> <span class='ocrx_word' id='word_1_183' title='bbox 416 1398 451 1426; x_wconf 90' lang='lat' dir='ltr'><strong>de</strong></span> <span class='ocrx_word' id='word_1_184' title='bbox 462 1399 552 1426; x_wconf 87' lang='lat' dir='ltr'><strong>anima</strong></span> <span class='ocrx_word' id='word_1_185' title='bbox 566 1398 734 1433; x_wconf 74' lang='lat' dir='ltr'><strong>intelligitur.</strong></span> <span class='ocrx_word' id='word_1_186' title='bbox 763 1397 830 1424; x_wconf 83' lang='lat' dir='ltr'><strong>Nam</strong></span> <span class='ocrx_word' id='word_1_187' title='bbox 842 1398 865 1426; x_wconf 88' lang='lat' dir='ltr'><strong>si</strong></span> <span class='ocrx_word' id='word_1_188' title='bbox 889 1397 978 1425; x_wconf 89' lang='lat' dir='ltr'><strong>forma</strong></span> 
     </span>
    </p>
   </div>
   <div class='ocr_carea' id='block_1_30' title="bbox 198 1443 978 1479">
    <p class='ocr_par' dir='ltr' id='par_1_30' title="bbox 198 1443 978 1479">
     <span class='ocr_line' id='line_1_30' title="bbox 198 1443 978 1479; baseline 0.003 -10"><span class='ocrx_word' id='word_1_189' title='bbox 198 1443 327 1473; x_wconf 79' lang='lat' dir='ltr'><strong>hominis,</strong></span> <span class='ocrx_word' id='word_1_190' title='bbox 343 1443 389 1478; x_wconf 91' lang='lat' dir='ltr'><strong>qui</strong></span> <span class='ocrx_word' id='word_1_191' title='bbox 402 1445 592 1478; x_wconf 72' lang='lat' dir='ltr'><strong>producendus</strong></span> <span class='ocrx_word' id='word_1_192' title='bbox 605 1450 657 1475; x_wconf 84' lang='lat' dir='ltr'><strong>est.</strong></span> <span class='ocrx_word' id='word_1_193' title='bbox 672 1444 699 1471; x_wconf 93' lang='lat' dir='ltr'><strong>in</strong></span> <span class='ocrx_word' id='word_1_194' title='bbox 722 1451 755 1471; x_wconf 90' lang='lat' dir='ltr'><strong>eo</strong></span> <span class='ocrx_word' id='word_1_195' title='bbox 776 1447 910 1479; x_wconf 79' lang='lat' dir='ltr'><strong>potestate</strong></span> <span class='ocrx_word' id='word_1_196' title='bbox 925 1448 978 1476; x_wconf 79' lang='lat' dir='ltr'><strong>est,</strong></span> 
     </span>
    </p>
   </div>
   <div class='ocr_carea' id='block_1_31' title="bbox 198 1489 980 1525">
    <p class='ocr_par' dir='ltr' id='par_1_31' title="bbox 198 1489 980 1525">
     <span class='ocr_line' id='line_1_31' title="bbox 198 1489 980 1525; baseline 0.001 -10"><span class='ocrx_word' id='word_1_197' title='bbox 198 1489 262 1516; x_wconf 87' lang='lat' dir='ltr'><strong>latet</strong></span> <span class='ocrx_word' id='word_1_198' title='bbox 282 1494 371 1516; x_wconf 89' lang='lat' dir='ltr'><strong>autem</strong></span> <span class='ocrx_word' id='word_1_199' title='bbox 399 1494 510 1525; x_wconf 85' lang='lat' dir='ltr'><strong>propter</strong></span> <span class='ocrx_word' id='word_1_200' title='bbox 525 1490 719 1517; x_wconf 85' lang='lat' dir='ltr'><strong>obscuritatem</strong></span> <span class='ocrx_word' id='word_1_201' title='bbox 738 1490 774 1516; x_wconf 91' lang='lat' dir='ltr'><strong>ita</strong></span> <span class='ocrx_word' id='word_1_202' title='bbox 802 1497 893 1518; x_wconf 82' lang='lat' dir='ltr'><strong>rerum</strong></span> <span class='ocrx_word' id='word_1_203' title='bbox 910 1489 980 1516; x_wconf 86' lang='lat' dir='ltr'><strong>serie</strong></span> 
     </span>
    </p>
   </div>
   <div class='ocr_carea' id='block_1_32' title="bbox 198 1535 979 1570">
    <p class='ocr_par' dir='ltr' id='par_1_32' title="bbox 198 1535 979 1570">
     <span class='ocr_line' id='line_1_32' title="bbox 198 1535 979 1570; baseline 0.003 -10"><span class='ocrx_word' id='word_1_204' title='bbox 198 1539 341 1569; x_wconf 78' lang='lat' dir='ltr'><strong>poscente:</strong></span> <span class='ocrx_word' id='word_1_205' title='bbox 355 1535 436 1562; x_wconf 68' lang='lat' dir='ltr'><strong>etiam</strong></span> <span class='ocrx_word' id='word_1_206' title='bbox 449 1536 539 1562; x_wconf 92' lang='lat' dir='ltr'><strong>anima</strong></span> <span class='ocrx_word' id='word_1_207' title='bbox 559 1536 585 1562; x_wconf 93' lang='lat' dir='ltr'><strong>in</strong></span> <span class='ocrx_word' id='word_1_208' title='bbox 596 1543 628 1563; x_wconf 88' lang='lat' dir='ltr'><strong>eo</strong></span> <span class='ocrx_word' id='word_1_209' title='bbox 638 1540 689 1567; x_wconf 90' lang='lat' dir='ltr'><strong>est,</strong></span> <span class='ocrx_word' id='word_1_210' title='bbox 704 1535 766 1562; x_wconf 87' lang='lat' dir='ltr'><strong>licet</strong></span> <span class='ocrx_word' id='word_1_211' title='bbox 781 1543 854 1562; x_wconf 90' lang='lat' dir='ltr'><strong>nunc</strong></span> <span class='ocrx_word' id='word_1_212' title='bbox 869 1535 979 1570; x_wconf 78' lang='lat' dir='ltr'><strong>quidem</strong></span> 
     </span>
    </p>
   </div>
   <div class='ocr_carea' id='block_1_33' title="bbox 199 1581 977 1616">
    <p class='ocr_par' dir='ltr' id='par_1_33' title="bbox 199 1581 977 1616">
     <span class='ocr_line' id='line_1_33' title="bbox 199 1581 977 1616; baseline 0 -9"><span class='ocrx_word' id='word_1_213' title='bbox 199 1587 252 1607; x_wconf 82' lang='lat' dir='ltr'><strong>non</strong></span> <span class='ocrx_word' id='word_1_214' title='bbox 271 1585 409 1615; x_wconf 85' lang='lat' dir='ltr'><strong>appareat,</strong></span> <span class='ocrx_word' id='word_1_215' title='bbox 426 1582 567 1616; x_wconf 83' lang='lat' dir='ltr'><strong>apparebit</strong></span> <span class='ocrx_word' id='word_1_216' title='bbox 588 1586 680 1609; x_wconf 86' lang='lat' dir='ltr'><strong>autem</strong></span> <span class='ocrx_word' id='word_1_217' title='bbox 697 1590 750 1609; x_wconf 90' lang='lat' dir='ltr'><strong>una</strong></span> <span class='ocrx_word' id='word_1_218' title='bbox 764 1589 827 1609; x_wconf 90' lang='lat' dir='ltr'><strong>cum</strong></span> <span class='ocrx_word' id='word_1_219' title='bbox 841 1581 977 1616; x_wconf 77' lang='lat' dir='ltr'><strong>corporali</strong></span> 
     </span>
    </p>
   </div>
   <div class='ocr_carea' id='block_1_34' title="bbox 198 1625 980 1662">
    <p class='ocr_par' dir='ltr' id='par_1_34' title="bbox 198 1625 980 1662">
     <span class='ocr_line' id='line_1_34' title="bbox 198 1625 980 1662; baseline 0.001 -10"><span class='ocrx_word' id='word_1_220' title='bbox 198 1625 368 1654; x_wconf 73' lang='lat' dir='ltr'><strong>incremento</strong></span> <span class='ocrx_word' id='word_1_221' title='bbox 386 1635 559 1662; x_wconf 90' lang='lat' dir='ltr'><strong>promovens.</strong></span> <span class='ocrx_word' id='word_1_222' title='bbox 580 1626 805 1662; x_wconf 83' lang='lat' dir='ltr'><strong>Quandoquidem</strong></span> <span class='ocrx_word' id='word_1_223' title='bbox 830 1631 920 1654; x_wconf 89' lang='lat' dir='ltr'><strong>autem</strong></span> <span class='ocrx_word' id='word_1_224' title='bbox 939 1627 980 1654; x_wconf 95' lang='lat' dir='ltr'><strong>vis</strong></span> 
     </span>
    </p>
   </div>
   <div class='ocr_carea' id='block_1_35' title="bbox 199 1671 979 1706">
    <p class='ocr_par' dir='ltr' id='par_1_35' title="bbox 199 1671 979 1706">
     <span class='ocr_line' id='line_1_35' title="bbox 199 1671 979 1706; baseline 0.001 -9"><span class='ocrx_word' id='word_1_225' title='bbox 199 1671 322 1704; x_wconf 59' lang='lat' dir='ltr'><strong>quaedam</strong></span> <span class='ocrx_word' id='word_1_226' title='bbox 333 1679 367 1698; x_wconf 72' lang='lat' dir='ltr'><strong>ex</strong></span> <span class='ocrx_word' id='word_1_227' title='bbox 379 1671 500 1698; x_wconf 87' lang='lat' dir='ltr'><strong>animato</strong></span> <span class='ocrx_word' id='word_1_228' title='bbox 507 1672 647 1699; x_wconf 86' lang='lat' dir='ltr'><strong>etvivente</strong></span> <span class='ocrx_word' id='word_1_229' title='bbox 653 1672 686 1699; x_wconf 88' lang='lat' dir='ltr'><strong>ad</strong></span> <span class='ocrx_word' id='word_1_230' title='bbox 695 1671 900 1706; x_wconf 81' lang='lat' dir='ltr'><strong>conceptionem</strong></span> <span class='ocrx_word' id='word_1_231' title='bbox 916 1678 979 1706; x_wconf 75' lang='lat' dir='ltr'><strong>ege-</strong></span> 
     </span>
    </p>
   </div>
   <div class='ocr_carea' id='block_1_36' title="bbox 200 1716 980 1751">
    <p class='ocr_par' dir='ltr' id='par_1_36' title="bbox 200 1716 980 1751">
     <span class='ocr_line' id='line_1_36' title="bbox 200 1716 980 1751; baseline 0 -9"><span class='ocrx_word' id='word_1_232' title='bbox 200 1716 279 1746; x_wconf 81' lang='lat' dir='ltr'><strong>ritur,</strong></span> <span class='ocrx_word' id='word_1_233' title='bbox 307 1724 360 1744; x_wconf 91' lang='lat' dir='ltr'><strong>non</strong></span> <span class='ocrx_word' id='word_1_234' title='bbox 379 1717 486 1751; x_wconf 85' lang='lat' dir='ltr'><strong>putabis</strong></span> <span class='ocrx_word' id='word_1_235' title='bbox 509 1717 660 1744; x_wconf 89' lang='lat' dir='ltr'><strong>inanimum</strong></span> <span class='ocrx_word' id='word_1_236' title='bbox 676 1725 737 1744; x_wconf 85' lang='lat' dir='ltr'><strong>esse</strong></span> <span class='ocrx_word' id='word_1_237' title='bbox 756 1717 828 1751; x_wconf 85' lang='lat' dir='ltr'><strong>quod</strong></span> <span class='ocrx_word' id='word_1_238' title='bbox 845 1717 871 1744; x_wconf 93' lang='lat' dir='ltr'><strong>in</strong></span> <span class='ocrx_word' id='word_1_239' title='bbox 898 1716 980 1743; x_wconf 88' lang='lat' dir='ltr'><strong>vitam</strong></span> 
     </span>
    </p>
   </div>
   <div class='ocr_carea' id='block_1_37' title="bbox 200 1761 981 1796">
    <p class='ocr_par' dir='ltr' id='par_1_37' title="bbox 200 1761 981 1796">
     <span class='ocr_line' id='line_1_37' title="bbox 200 1761 981 1796; baseline 0.003 -10"><span class='ocrx_word' id='word_1_240' title='bbox 200 1761 300 1794; x_wconf 86' lang='lat' dir='ltr'><strong>prodit;</strong></span> <span class='ocrx_word' id='word_1_241' title='bbox 314 1765 341 1787; x_wconf 88' lang='lat' dir='ltr'><strong>et</strong></span> <span class='ocrx_word' id='word_1_242' title='bbox 357 1761 585 1795; x_wconf 82' lang='lat' dir='ltr'><strong>quemadmodum</strong></span> <span class='ocrx_word' id='word_1_243' title='bbox 607 1761 671 1788; x_wconf 92' lang='lat' dir='ltr'><strong>illud</strong></span> <span class='ocrx_word' id='word_1_244' title='bbox 697 1762 768 1796; x_wconf 88' lang='lat' dir='ltr'><strong>quod</strong></span> <span class='ocrx_word' id='word_1_245' title='bbox 787 1761 814 1788; x_wconf 91' lang='lat' dir='ltr'><strong>in</strong></span> <span class='ocrx_word' id='word_1_246' title='bbox 837 1768 870 1788; x_wconf 90' lang='lat' dir='ltr'><strong>eo</strong></span> <span class='ocrx_word' id='word_1_247' title='bbox 883 1768 981 1795; x_wconf 84' lang='lat' dir='ltr'><strong>corpo-</strong></span> 
     </span>
    </p>
   </div>
   <div class='ocr_carea' id='block_1_38' title="bbox 200 1807 974 1841">
    <p class='ocr_par' dir='ltr' id='par_1_38' title="bbox 200 1807 974 1841">
     <span class='ocr_line' id='line_1_38' title="bbox 200 1807 974 1841; baseline 0 -8"><span class='ocrx_word' id='word_1_248' title='bbox 200 1814 276 1833; x_wconf 89' lang='lat' dir='ltr'><strong>reum</strong></span> <span class='ocrx_word' id='word_1_249' title='bbox 291 1811 344 1839; x_wconf 86' lang='lat' dir='ltr'><strong>est,</strong></span> <span class='ocrx_word' id='word_1_250' title='bbox 360 1814 413 1833; x_wconf 91' lang='lat' dir='ltr'><strong>non</strong></span> <span class='ocrx_word' id='word_1_251' title='bbox 421 1814 530 1834; x_wconf 89' lang='lat' dir='ltr'><strong>carnem</strong></span> <span class='ocrx_word' id='word_1_252' title='bbox 549 1807 677 1840; x_wconf 84' lang='lat' dir='ltr'><strong>dicimus,</strong></span> <span class='ocrx_word' id='word_1_253' title='bbox 693 1814 744 1834; x_wconf 87' lang='lat' dir='ltr'><strong>nec</strong></span> <span class='ocrx_word' id='word_1_254' title='bbox 755 1814 829 1840; x_wconf 80' lang='lat' dir='ltr'><strong>ossa,</strong></span> <span class='ocrx_word' id='word_1_255' title='bbox 840 1815 890 1834; x_wconf 87' lang='lat' dir='ltr'><strong>nec</strong></span> <span class='ocrx_word' id='word_1_256' title='bbox 905 1807 974 1841; x_wconf 90' lang='lat' dir='ltr'><strong>pilos</strong></span> 
     </span>
    </p>
   </div>
   <div class='ocr_carea' id='block_1_39' title="bbox 199 1853 982 1888">
    <p class='ocr_par' dir='ltr' id='par_1_39' title="bbox 199 1853 982 1888">
     <span class='ocr_line' id='line_1_39' title="bbox 199 1853 982 1888; baseline 0.003 -10"><span class='ocrx_word' id='word_1_257' title='bbox 199 1856 226 1878; x_wconf 90' lang='lat' dir='ltr'><strong>ct</strong></span> <span class='ocrx_word' id='word_1_258' title='bbox 237 1857 344 1884; x_wconf 71' lang='lat' dir='ltr'><strong>uetera,</strong></span> <span class='ocrx_word' id='word_1_259' title='bbox 364 1853 410 1880; x_wconf 89' lang='lat' dir='ltr'><strong>sed</strong></span> <span class='ocrx_word' id='word_1_260' title='bbox 425 1853 451 1879; x_wconf 88' lang='lat' dir='ltr'><strong>vi</strong></span> <span class='ocrx_word' id='word_1_261' title='bbox 462 1857 488 1880; x_wconf 92' lang='lat' dir='ltr'><strong>et</strong></span> <span class='ocrx_word' id='word_1_262' title='bbox 505 1857 637 1887; x_wconf 84' lang='lat' dir='ltr'><strong>potestate</strong></span> <span class='ocrx_word' id='word_1_263' title='bbox 654 1853 752 1880; x_wconf 87' lang='lat' dir='ltr'><strong>horum</strong></span> <span class='ocrx_word' id='word_1_264' title='bbox 768 1853 982 1888; x_wconf 88' lang='lat' dir='ltr'><strong>unumquodque</strong></span> 
     </span>
    </p>
   </div>
   <div class='ocr_carea' id='block_1_40' title="bbox 200 1896 982 1932">
    <p class='ocr_par' dir='ltr' id='par_1_40' title="bbox 200 1896 982 1932">
     <span class='ocr_line' id='line_1_40' title="bbox 200 1896 982 1932; baseline 0.003 -10"><span class='ocrx_word' id='word_1_265' title='bbox 200 1904 276 1923; x_wconf 66' lang='lat' dir='ltr'><strong>esse:</strong></span> <span class='ocrx_word' id='word_1_266' title='bbox 296 1897 332 1923; x_wconf 91' lang='lat' dir='ltr'><strong>ita</strong></span> <span class='ocrx_word' id='word_1_267' title='bbox 346 1902 373 1924; x_wconf 78' lang='lat' dir='ltr'><strong>et</strong></span> <span class='ocrx_word' id='word_1_268' title='bbox 388 1896 421 1924; x_wconf 88' lang='lat' dir='ltr'><strong>de</strong></span> <span class='ocrx_word' id='word_1_269' title='bbox 437 1904 471 1924; x_wconf 92' lang='lat' dir='ltr'><strong>eo</strong></span> <span class='ocrx_word' id='word_1_270' title='bbox 486 1897 557 1932; x_wconf 88' lang='lat' dir='ltr'><strong>quod</strong></span> <span class='ocrx_word' id='word_1_271' title='bbox 576 1897 609 1924; x_wconf 91' lang='lat' dir='ltr'><strong>ad</strong></span> <span class='ocrx_word' id='word_1_272' title='bbox 627 1897 745 1924; x_wconf 88' lang='lat' dir='ltr'><strong>animam</strong></span> <span class='ocrx_word' id='word_1_273' title='bbox 769 1898 896 1931; x_wconf 87' lang='lat' dir='ltr'><strong>pertinet,</strong></span> <span class='ocrx_word' id='word_1_274' title='bbox 912 1905 982 1924; x_wconf 84' lang='lat' dir='ltr'><strong>non—</strong></span> 
     </span>
    </p>
   </div>
   <div class='ocr_carea' id='block_1_41' title="bbox 201 1942 983 1978">
    <p class='ocr_par' dir='ltr' id='par_1_41' title="bbox 201 1942 983 1978">
     <span class='ocr_line' id='line_1_41' title="bbox 201 1942 983 1978; baseline 0.003 -10"><span class='ocrx_word' id='word_1_275' title='bbox 201 1943 263 1969; x_wconf 88' lang='lat' dir='ltr'><strong>dum</strong></span> <span class='ocrx_word' id='word_1_276' title='bbox 278 1943 331 1969; x_wconf 91' lang='lat' dir='ltr'><strong>vim</strong></span> <span class='ocrx_word' id='word_1_277' title='bbox 348 1942 518 1974; x_wconf 85' lang='lat' dir='ltr'><strong>rationalem,</strong></span> <span class='ocrx_word' id='word_1_278' title='bbox 535 1951 588 1970; x_wconf 90' lang='lat' dir='ltr'><strong>non</strong></span> <span class='ocrx_word' id='word_1_279' title='bbox 603 1942 715 1970; x_wconf 81' lang='lat' dir='ltr'><strong>aﬂ‘ectus</strong></span> <span class='ocrx_word' id='word_1_280' title='bbox 732 1948 883 1970; x_wconf 84' lang='lat' dir='ltr'><strong>moventem</strong></span> <span class='ocrx_word' id='word_1_281' title='bbox 895 1951 983 1978; x_wconf 87' lang='lat' dir='ltr'><strong>neque</strong></span> 
     </span>
    </p>
   </div>
   <div class='ocr_carea' id='block_1_42' title="bbox 201 1989 982 2023">
    <p class='ocr_par' dir='ltr' id='par_1_42' title="bbox 201 1989 982 2023">
     <span class='ocr_line' id='line_1_42' title="bbox 201 1989 982 2023; baseline 0.003 -9"><span class='ocrx_word' id='word_1_282' title='bbox 201 1993 382 2023; x_wconf 85' lang='lat' dir='ltr'><strong>appetentem,</strong></span> <span class='ocrx_word' id='word_1_283' title='bbox 397 1993 424 2016; x_wconf 87' lang='lat' dir='ltr'><strong>et</strong></span> <span class='ocrx_word' id='word_1_284' title='bbox 437 1993 534 2016; x_wconf 72' lang='lat' dir='ltr'><strong>caetera</strong></span> <span class='ocrx_word' id='word_1_285' title='bbox 550 1997 610 2023; x_wconf 70' lang='lat' dir='ltr'><strong>qua:</strong></span> <span class='ocrx_word' id='word_1_286' title='bbox 624 1989 657 2016; x_wconf 88' lang='lat' dir='ltr'><strong>ad</strong></span> <span class='ocrx_word' id='word_1_287' title='bbox 674 1990 792 2016; x_wconf 89' lang='lat' dir='ltr'><strong>animam</strong></span> <span class='ocrx_word' id='word_1_288' title='bbox 809 1989 943 2023; x_wconf 90' lang='lat' dir='ltr'><strong>pertinent</strong></span> <span class='ocrx_word' id='word_1_289' title='bbox 955 1989 982 2016; x_wconf 90' lang='lat' dir='ltr'><strong>in</strong></span> 
     </span>
    </p>
   </div>
   <div class='ocr_carea' id='block_1_43' title="bbox 202 2033 982 2068">
    <p class='ocr_par' dir='ltr' id='par_1_43' title="bbox 202 2033 982 2068">
     <span class='ocr_line' id='line_1_43' title="bbox 202 2033 982 2068; baseline 0 -9"><span class='ocrx_word' id='word_1_290' title='bbox 202 2033 249 2060; x_wconf 87' lang='lat' dir='ltr'><strong>illo</strong></span> <span class='ocrx_word' id='word_1_291' title='bbox 269 2033 386 2060; x_wconf 87' lang='lat' dir='ltr'><strong>dicimus</strong></span> <span class='ocrx_word' id='word_1_292' title='bbox 401 2041 471 2066; x_wconf 87' lang='lat' dir='ltr'><strong>esse,</strong></span> <span class='ocrx_word' id='word_1_293' title='bbox 489 2033 535 2060; x_wconf 88' lang='lat' dir='ltr'><strong>sed</strong></span> <span class='ocrx_word' id='word_1_294' title='bbox 545 2040 607 2060; x_wconf 92' lang='lat' dir='ltr'><strong>cum</strong></span> <span class='ocrx_word' id='word_1_295' title='bbox 627 2033 751 2068; x_wconf 85' lang='lat' dir='ltr'><strong>corporis</strong></span> <span class='ocrx_word' id='word_1_296' title='bbox 767 2033 877 2068; x_wconf 81' lang='lat' dir='ltr'><strong>opiﬁcio</strong></span> <span class='ocrx_word' id='word_1_297' title='bbox 899 2033 982 2060; x_wconf 83' lang='lat' dir='ltr'><strong>etiam</strong></span> 
     </span>
    </p>
   </div>
   <div class='ocr_carea' id='block_1_44' title="bbox 203 2077 985 2113">
    <p class='ocr_par' dir='ltr' id='par_1_44' title="bbox 203 2077 985 2113">
     <span class='ocr_line' id='line_1_44' title="bbox 203 2077 985 2113; baseline 0 -9"><span class='ocrx_word' id='word_1_298' title='bbox 203 2079 302 2105; x_wconf 69' lang='lat' dir='ltr'><strong>animae</strong></span> <span class='ocrx_word' id='word_1_299' title='bbox 314 2079 490 2113; x_wconf 87' lang='lat' dir='ltr'><strong>operationes</strong></span> <span class='ocrx_word' id='word_1_300' title='bbox 503 2079 608 2113; x_wconf 78' lang='lat' dir='ltr'><strong>augeri.</strong></span> <span class='ocrx_word' id='word_1_301' title='bbox 625 2077 757 2106; x_wconf 71' lang='lat' dir='ltr'><strong>Przecedit</strong></span> <span class='ocrx_word' id='word_1_302' title='bbox 783 2083 873 2104; x_wconf 80' lang='lat' dir='ltr'><strong>autent</strong></span> <span class='ocrx_word' id='word_1_303' title='bbox 890 2078 917 2105; x_wconf 91' lang='lat' dir='ltr'><strong>in</strong></span> <span class='ocrx_word' id='word_1_304' title='bbox 934 2079 985 2104; x_wconf 89' lang='lat' dir='ltr'><strong>hac</strong></span> 
     </span>
    </p>
   </div>
   <div class='ocr_carea' id='block_1_45' title="bbox 202 2123 986 2159">
    <p class='ocr_par' dir='ltr' id='par_1_45' title="bbox 202 2123 986 2159">
     <span class='ocr_line' id='line_1_45' title="bbox 202 2123 986 2159; baseline 0.001 -10"><span class='ocrx_word' id='word_1_305' title='bbox 202 2124 289 2159; x_wconf 87' lang='lat' dir='ltr'><strong>prima</strong></span> <span class='ocrx_word' id='word_1_306' title='bbox 320 2124 378 2158; x_wconf 79' lang='lat' dir='ltr'><strong>ejus</strong></span> <span class='ocrx_word' id='word_1_307' title='bbox 398 2128 536 2151; x_wconf 86' lang='lat' dir='ltr'><strong>structura</strong></span> <span class='ocrx_word' id='word_1_308' title='bbox 553 2144 560 2156; x_wconf 92' lang='lat'><strong>,</strong></span> <span class='ocrx_word' id='word_1_309' title='bbox 582 2131 732 2158; x_wconf 70' lang='lat' dir='ltr'><strong>augescens</strong></span> <span class='ocrx_word' id='word_1_310' title='bbox 752 2123 929 2158; x_wconf 87' lang='lat' dir='ltr'><strong>nutriensque</strong></span> <span class='ocrx_word' id='word_1_311' title='bbox 946 2123 986 2150; x_wconf 87' lang='lat' dir='ltr'><strong>fa-</strong></span> 
     </span>
    </p>
   </div>
   <div class='ocr_carea' id='block_1_46' title="bbox 203 2168 985 2203">
    <p class='ocr_par' dir='ltr' id='par_1_46' title="bbox 203 2168 985 2203">
     <span class='ocr_line' id='line_1_46' title="bbox 203 2168 985 2203; baseline 0 -7"><span class='ocrx_word' id='word_1_312' title='bbox 203 2170 290 2196; x_wconf 79' lang='lat' dir='ltr'><strong>cultas</strong></span> <span class='ocrx_word' id='word_1_313' title='bbox 317 2168 507 2203; x_wconf 65' lang='lat' dir='ltr'><strong>sola.‘Neque</strong></span> <span class='ocrx_word' id='word_1_314' title='bbox 525 2170 597 2196; x_wconf 89' lang='lat' dir='ltr'><strong>enim</strong></span> <span class='ocrx_word' id='word_1_315' title='bbox 621 2169 681 2203; x_wconf 84' lang='lat' dir='ltr'><strong>plus</strong></span> <span class='ocrx_word' id='word_1_316' title='bbox 704 2169 776 2203; x_wconf 89' lang='lat' dir='ltr'><strong>capit</strong></span> <span class='ocrx_word' id='word_1_317' title='bbox 807 2169 985 2203; x_wconf 85' lang='lat' dir='ltr'><strong>suscipienlis</strong></span> 
     </span>
    </p>
   </div>
   <div class='ocr_carea' id='block_1_47' title="bbox 205 2215 986 2250">
    <p class='ocr_par' dir='ltr' id='par_1_47' title="bbox 205 2215 986 2250">
     <span class='ocr_line' id='line_1_47' title="bbox 205 2215 986 2250; baseline -0.003 -7"><span class='ocrx_word' id='word_1_318' title='bbox 205 2216 348 2250; x_wconf 75' lang='lat' dir='ltr'><strong>exiguitas.</strong></span> <span class='ocrx_word' id='word_1_319' title='bbox 368 2215 469 2242; x_wconf 87' lang='lat' dir='ltr'><strong>Deinde</strong></span> <span class='ocrx_word' id='word_1_320' title='bbox 483 2215 510 2242; x_wconf 88' lang='lat' dir='ltr'><strong>iu</strong></span> <span class='ocrx_word' id='word_1_321' title='bbox 526 2223 559 2242; x_wconf 86' lang='lat' dir='ltr'><strong>eo</strong></span> <span class='ocrx_word' id='word_1_322' title='bbox 581 2215 628 2249; x_wconf 91' lang='lat' dir='ltr'><strong>qui</strong></span> <span class='ocrx_word' id='word_1_323' title='bbox 641 2215 667 2241; x_wconf 94' lang='lat' dir='ltr'><strong>in</strong></span> <span class='ocrx_word' id='word_1_324' title='bbox 691 2215 778 2242; x_wconf 86' lang='lat' dir='ltr'><strong>lucem</strong></span> <span class='ocrx_word' id='word_1_325' title='bbox 794 2215 904 2249; x_wconf 86' lang='lat' dir='ltr'><strong>prodiit,</strong></span> <span class='ocrx_word' id='word_1_326' title='bbox 921 2222 986 2241; x_wconf 82' lang='lat' dir='ltr'><strong>sen-</strong></span> 
     </span>
    </p>
   </div>
   <div class='ocr_carea' id='block_1_48' title="bbox 206 2259 986 2295">
    <p class='ocr_par' dir='ltr' id='par_1_48' title="bbox 206 2259 986 2295">
     <span class='ocr_line' id='line_1_48' title="bbox 206 2259 986 2295; baseline -0.003 -7"><span class='ocrx_word' id='word_1_327' title='bbox 206 2262 288 2288; x_wconf 74' lang='grc' dir='ltr'>ιίιιιιιίί</span> <span class='ocrx_word' id='word_1_328' title='bbox 313 2262 474 2288; x_wconf 78' lang='lat' dir='ltr'><strong>beneﬁcium</strong></span> <span class='ocrx_word' id='word_1_329' title='bbox 503 2261 584 2295; x_wconf 81' lang='lat' dir='ltr'><strong>viget,</strong></span> <span class='ocrx_word' id='word_1_330' title='bbox 603 2261 671 2288; x_wconf 88' lang='lat' dir='ltr'><strong>etin</strong></span> <span class='ocrx_word' id='word_1_331' title='bbox 688 2260 823 2287; x_wconf 84' lang='lat' dir='ltr'><strong>adultiote</strong></span> <span class='ocrx_word' id='word_1_332' title='bbox 846 2259 986 2287; x_wconf 86' lang='lat' dir='ltr'><strong>rationalis</strong></span> 
     </span>
    </p>
   </div>
   <div class='ocr_carea' id='block_1_49' title="bbox 203 2305 985 2338">
    <p class='ocr_par' dir='ltr' id='par_1_49' title="bbox 203 2305 985 2338">
     <span class='ocr_line' id='line_1_49' title="bbox 203 2305 985 2338; baseline -0.004 -4"><span class='ocrx_word' id='word_1_333' title='bbox 203 2308 291 2334; x_wconf 89' lang='lat' dir='ltr'><strong>elucet</strong></span> <span class='ocrx_word' id='word_1_334' title='bbox 304 2307 429 2338; x_wconf 76' lang='lat' dir='ltr'><strong>facultas,</strong></span> <span class='ocrx_word' id='word_1_335' title='bbox 447 2314 501 2333; x_wconf 91' lang='lat' dir='ltr'><strong>non</strong></span> <span class='ocrx_word' id='word_1_336' title='bbox 519 2311 572 2333; x_wconf 87' lang='lat' dir='ltr'><strong>tota</strong></span> <span class='ocrx_word' id='word_1_337' title='bbox 586 2311 674 2333; x_wconf 85' lang='lat' dir='ltr'><strong>tamen</strong></span> <span class='ocrx_word' id='word_1_338' title='bbox 694 2306 848 2336; x_wconf 84' lang='lat' dir='ltr'><strong>confestim.</strong></span> <span class='ocrx_word' id='word_1_339' title='bbox 860 2305 906 2332; x_wconf 91' lang='lat' dir='ltr'><strong>scd</strong></span> <span class='ocrx_word' id='word_1_340' title='bbox 923 2313 985 2332; x_wconf 87' lang='lat' dir='ltr'><strong>cum</strong></span> 
     </span>
    </p>
   </div>
   <div class='ocr_carea' id='block_1_50' title="bbox 203 2350 988 2388">
    <p class='ocr_par' dir='ltr' id='par_1_50' title="bbox 203 2350 988 2388">
     <span class='ocr_line' id='line_1_50' title="bbox 203 2350 988 2388; baseline -0.004 -8"><span class='ocrx_word' id='word_1_341' title='bbox 203 2354 298 2388; x_wconf 79' lang='lat' dir='ltr'><strong>organi</strong></span> <span class='ocrx_word' id='word_1_342' title='bbox 319 2353 485 2386; x_wconf 78' lang='lat' dir='ltr'><strong>pet-lectione</strong></span> <span class='ocrx_word' id='word_1_343' title='bbox 511 2353 621 2384; x_wconf 87' lang='lat' dir='ltr'><strong>crescit,</strong></span> <span class='ocrx_word' id='word_1_344' title='bbox 652 2356 783 2386; x_wconf 91' lang='lat' dir='ltr'><strong>quantum</strong></span> <span class='ocrx_word' id='word_1_345' title='bbox 800 2351 916 2385; x_wconf 88' lang='lat' dir='ltr'><strong>subjecti</strong></span> <span class='ocrx_word' id='word_1_346' title='bbox 946 2350 988 2377; x_wconf 88' lang='lat' dir='ltr'><strong>fa-</strong></span> 
     </span>
    </p>
   </div>
   <div class='ocr_carea' id='block_1_51' title="bbox 204 2397 987 2433">
    <p class='ocr_par' dir='ltr' id='par_1_51' title="bbox 204 2397 987 2433">
     <span class='ocr_line' id='line_1_51' title="bbox 204 2397 987 2433; baseline -0.004 -7"><span class='ocrx_word' id='word_1_347' title='bbox 204 2400 292 2426; x_wconf 88' lang='lat' dir='ltr'><strong>cultas</strong></span> <span class='ocrx_word' id='word_1_348' title='bbox 319 2398 380 2433; x_wconf 88' lang='lat' dir='ltr'><strong>ejus</strong></span> <span class='ocrx_word' id='word_1_349' title='bbox 405 2403 448 2425; x_wconf 84' lang='lat' dir='ltr'><strong>est</strong></span> <span class='ocrx_word' id='word_1_350' title='bbox 472 2405 568 2432; x_wconf 81' lang='lat' dir='ltr'><strong>capax.</strong></span> <span class='ocrx_word' id='word_1_351' title='bbox 585 2397 698 2424; x_wconf 80' lang='lat' dir='ltr'><strong>Constat</strong></span> <span class='ocrx_word' id='word_1_352' title='bbox 721 2397 804 2432; x_wconf 78' lang='lat' dir='ltr'><strong>igitur</strong></span> <span class='ocrx_word' id='word_1_353' title='bbox 819 2397 911 2424; x_wconf 89' lang='lat' dir='ltr'><strong>anima</strong></span> <span class='ocrx_word' id='word_1_354' title='bbox 933 2405 987 2424; x_wconf 85' lang='lat' dir='ltr'><strong>non</strong></span> 
     </span>
    </p>
   </div>
   <div class='ocr_carea' id='block_1_52' title="bbox 205 2444 989 2479">
    <p class='ocr_par' dir='ltr' id='par_1_52' title="bbox 205 2444 989 2479">
     <span class='ocr_line' id='line_1_52' title="bbox 205 2444 989 2479; baseline -0.004 -6"><span class='ocrx_word' id='word_1_355' title='bbox 205 2453 308 2478; x_wconf 86' lang='lat' dir='ltr'><strong>carere,</strong></span> <span class='ocrx_word' id='word_1_356' title='bbox 333 2444 406 2479; x_wconf 90' lang='lat' dir='ltr'><strong>quod</strong></span> <span class='ocrx_word' id='word_1_357' title='bbox 428 2452 443 2471; x_wconf 89' lang='lat' dir='ltr'><strong>a</strong></span> <span class='ocrx_word' id='word_1_358' title='bbox 467 2444 576 2471; x_wconf 76' lang='lat' dir='ltr'><strong>vivente</strong></span> <span class='ocrx_word' id='word_1_359' title='bbox 593 2444 716 2470; x_wconf 89' lang='lat' dir='ltr'><strong>avulsum</strong></span> <span class='ocrx_word' id='word_1_360' title='bbox 733 2451 848 2478; x_wconf 86' lang='lat' dir='ltr'><strong>corpore</strong></span> <span class='ocrx_word' id='word_1_361' title='bbox 873 2445 906 2470; x_wconf 84' lang='lat' dir='ltr'><strong>ad</strong></span> <span class='ocrx_word' id='word_1_362' title='bbox 928 2444 989 2470; x_wconf 89' lang='lat' dir='ltr'><strong>ani-</strong></span> 
     </span>
    </p>
   </div>
   <div class='ocr_carea' id='block_1_53' title="bbox 206 2489 938 2525">
    <p class='ocr_par' dir='ltr' id='par_1_53' title="bbox 206 2489 938 2525">
     <span class='ocr_line' id='line_1_53' title="bbox 206 2489 938 2525; baseline -0.003 -7"><span class='ocrx_word' id='word_1_363' title='bbox 206 2492 285 2519; x_wconf 88' lang='lat' dir='ltr'><strong>malis</strong></span> <span class='ocrx_word' id='word_1_364' title='bbox 300 2495 423 2518; x_wconf 87' lang='lat' dir='ltr'><strong>naturaut</strong></span> <span class='ocrx_word' id='word_1_365' title='bbox 445 2490 599 2525; x_wconf 84' lang='lat' dir='ltr'><strong>impositum</strong></span> <span class='ocrx_word' id='word_1_366' title='bbox 611 2495 653 2517; x_wconf 85' lang='lat' dir='ltr'><strong>est</strong></span> <span class='ocrx_word' id='word_1_367' title='bbox 666 2489 692 2516; x_wconf 86' lang='lat' dir='ltr'><strong>in</strong></span> <span class='ocrx_word' id='word_1_368' title='bbox 707 2489 812 2517; x_wconf 84' lang='lat' dir='ltr'><strong>ollicina</strong></span> <span class='ocrx_word' id='word_1_369' title='bbox 824 2497 938 2521; x_wconf 65' lang='lat' dir='ltr'><strong>natura).</strong></span> 
     </span>
    </p>
   </div>
   <div class='ocr_carea' id='block_1_54' title="bbox 242 2535 987 2571">
    <p class='ocr_par' dir='ltr' id='par_1_54' title="bbox 242 2535 987 2571">
     <span class='ocr_line' id='line_1_54' title="bbox 242 2535 987 2571; baseline 0 -7"><span class='ocrx_word' id='word_1_370' title='bbox 242 2537 387 2564; x_wconf 86' lang='lat' dir='ltr'><strong>Sciendum</strong></span> <span class='ocrx_word' id='word_1_371' title='bbox 410 2541 511 2568; x_wconf 83' lang='lat' dir='ltr'><strong>autem,</strong></span> <span class='ocrx_word' id='word_1_372' title='bbox 529 2535 601 2571; x_wconf 90' lang='lat' dir='ltr'><strong>quod</strong></span> <span class='ocrx_word' id='word_1_373' title='bbox 618 2536 641 2563; x_wconf 92' lang='lat' dir='ltr'><strong>si</strong></span> <span class='ocrx_word' id='word_1_374' title='bbox 664 2536 774 2570; x_wconf 89' lang='lat' dir='ltr'><strong>quidem</strong></span> <span class='ocrx_word' id='word_1_375' title='bbox 798 2536 850 2563; x_wconf 90' lang='lat' dir='ltr'><strong>hoc</strong></span> <span class='ocrx_word' id='word_1_376' title='bbox 865 2540 944 2571; x_wconf 87' lang='lat' dir='ltr'><strong>pacto</strong></span> <span class='ocrx_word' id='word_1_377' title='bbox 958 2544 987 2564; x_wconf 90' lang='lat' dir='ltr'><strong>se</strong></span> 
     </span>
    </p>
   </div>
   <div class='ocr_carea' id='block_1_55' title="bbox 208 2581 988 2614">
    <p class='ocr_par' dir='ltr' id='par_1_55' title="bbox 208 2581 988 2614">
     <span class='ocr_line' id='line_1_55' title="bbox 208 2581 988 2614; baseline -0.005 -2"><span class='ocrx_word' id='word_1_378' title='bbox 208 2592 251 2612; x_wconf 83' lang='lat' dir='ltr'><strong>res</strong></span> <span class='ocrx_word' id='word_1_379' title='bbox 265 2583 446 2614; x_wconf 79' lang='lat' dir='ltr'><strong>liabet,talein</strong></span> <span class='ocrx_word' id='word_1_380' title='bbox 462 2590 478 2610; x_wconf 89' lang='lat' dir='ltr'><strong>e</strong></span> <span class='ocrx_word' id='word_1_381' title='bbox 490 2582 549 2609; x_wconf 90' lang='lat' dir='ltr'><strong>viro</strong></span> <span class='ocrx_word' id='word_1_382' title='bbox 570 2581 715 2609; x_wconf 80' lang='lat' dir='ltr'><strong>iluxionem</strong></span> <span class='ocrx_word' id='word_1_383' title='bbox 738 2586 792 2609; x_wconf 88' lang='lat' dir='ltr'><strong>tum</strong></span> <span class='ocrx_word' id='word_1_384' title='bbox 814 2582 923 2609; x_wconf 87' lang='lat' dir='ltr'><strong>demum</strong></span> <span class='ocrx_word' id='word_1_385' title='bbox 940 2582 988 2608; x_wconf 79' lang='lat' dir='ltr'><strong>lie-</strong></span> 
     </span>
    </p>
   </div>
   <div class='ocr_carea' id='block_1_56' title="bbox 209 2626 988 2662">
    <p class='ocr_par' dir='ltr' id='par_1_56' title="bbox 209 2626 988 2662">
     <span class='ocr_line' id='line_1_56' title="bbox 209 2626 988 2662; baseline -0.004 -5"><span class='ocrx_word' id='word_1_386' title='bbox 209 2631 243 2662; x_wconf 86' lang='lat' dir='ltr'><strong>ri,</strong></span> <span class='ocrx_word' id='word_1_387' title='bbox 256 2637 318 2657; x_wconf 90' lang='lat' dir='ltr'><strong>cum</strong></span> <span class='ocrx_word' id='word_1_388' title='bbox 331 2628 403 2655; x_wconf 84' lang='lat' dir='ltr'><strong>Deus</strong></span> <span class='ocrx_word' id='word_1_389' title='bbox 429 2628 566 2655; x_wconf 88' lang='lat' dir='ltr'><strong>hominem</strong></span> <span class='ocrx_word' id='word_1_390' title='bbox 579 2628 703 2661; x_wconf 68' lang='lat' dir='ltr'><strong>generari</strong></span> <span class='ocrx_word' id='word_1_391' title='bbox 726 2627 854 2654; x_wconf 89' lang='lat' dir='ltr'><strong>voluerit.</strong></span> <span class='ocrx_word' id='word_1_392' title='bbox 870 2626 917 2654; x_wconf 89' lang='lat' dir='ltr'><strong>Sin</strong></span> <span class='ocrx_word' id='word_1_393' title='bbox 937 2635 988 2654; x_wconf 80' lang='lat' dir='ltr'><strong>au-</strong></span> 
     </span>
    </p>
   </div>
   <div class='ocr_carea' id='block_1_57' title="bbox 209 2674 987 2707">
    <p class='ocr_par' dir='ltr' id='par_1_57' title="bbox 209 2674 987 2707">
     <span class='ocr_line' id='line_1_57' title="bbox 209 2674 987 2707; baseline -0.004 -4"><span class='ocrx_word' id='word_1_394' title='bbox 209 2682 273 2707; x_wconf 73' lang='lat' dir='ltr'><strong>tem,</strong></span> <span class='ocrx_word' id='word_1_395' title='bbox 292 2675 423 2702; x_wconf 86' lang='lat' dir='ltr'><strong>inutiliter</strong></span> <span class='ocrx_word' id='word_1_396' title='bbox 444 2674 563 2705; x_wconf 83' lang='lat' dir='ltr'><strong>cliluere,</strong></span> <span class='ocrx_word' id='word_1_397' title='bbox 577 2674 685 2701; x_wconf 85' lang='lat' dir='ltr'><strong>tametsi</strong></span> <span class='ocrx_word' id='word_1_398' title='bbox 701 2678 893 2700; x_wconf 79' lang='lat' dir='ltr'><strong>extraneorum</strong></span> <span class='ocrx_word' id='word_1_399' title='bbox 910 2674 987 2707; x_wconf 88' lang='lat' dir='ltr'><strong>quis-</strong></span> 
     </span>
    </p>
   </div>
   <div class='ocr_carea' id='block_1_58' title="bbox 209 2717 990 2755">
    <p class='ocr_par' dir='ltr' id='par_1_58' title="bbox 209 2717 990 2755">
     <span class='ocr_line' id='line_1_58' title="bbox 209 2717 990 2755; baseline -0.005 -7"><span class='ocrx_word' id='word_1_400' title='bbox 209 2730 279 2755; x_wconf 77' lang='lat' dir='ltr'><strong>piam</strong></span> <span class='ocrx_word' id='word_1_401' title='bbox 304 2721 357 2747; x_wconf 89' lang='lat' dir='ltr'><strong>hoc</strong></span> <span class='ocrx_word' id='word_1_402' title='bbox 377 2719 502 2746; x_wconf 79' lang='lat' dir='ltr'><strong>fortassis</strong></span> <span class='ocrx_word' id='word_1_403' title='bbox 533 2719 681 2746; x_wconf 83' lang='lat' dir='ltr'><strong>absurdum</strong></span> <span class='ocrx_word' id='word_1_404' title='bbox 706 2719 785 2746; x_wconf 83' lang='lat' dir='ltr'><strong>dicet.</strong></span> <span class='ocrx_word' id='word_1_405' title='bbox 802 2717 903 2746; x_wconf 75' lang='lat' dir='ltr'><strong>Volunt</strong></span> <span class='ocrx_word' id='word_1_406' title='bbox 916 2718 990 2745; x_wconf 85' lang='lat' dir='ltr'><strong>enim</strong></span> 
     </span>
    </p>
   </div>
   <div class='ocr_carea' id='block_1_59' title="bbox 244 2796 992 2836">
    <p class='ocr_par' dir='ltr' id='par_1_59' title="bbox 244 2796 992 2836">
     <span class='ocr_line' id='line_1_59' title="bbox 244 2796 992 2836; baseline -0.004 -9"><span class='ocrx_word' id='word_1_407' title='bbox 244 2800 300 2836; x_wconf 75' lang='lat'><strong>(97)</strong></span> <span class='ocrx_word' id='word_1_408' title='bbox 324 2799 390 2834; x_wconf 86' lang='lat' dir='ltr'><strong>Cap.</strong></span> <span class='ocrx_word' id='word_1_409' title='bbox 414 2797 449 2825; x_wconf 72' lang='grc'>29</span> <span class='ocrx_word' id='word_1_410' title='bbox 473 2798 533 2825; x_wconf 89' lang='lat' dir='ltr'><strong>libri</strong></span> <span class='ocrx_word' id='word_1_411' title='bbox 557 2798 596 2825; x_wconf 83' lang='lat' dir='ltr'><strong>De</strong></span> <span class='ocrx_word' id='word_1_412' title='bbox 624 2798 736 2825; x_wconf 70' lang='lat' dir='ltr'><strong>hominis</strong></span> <span class='ocrx_word' id='word_1_413' title='bbox 759 2797 879 2832; x_wconf 74' lang='lat' dir='ltr'><strong>api/icio,</strong></span> <span class='ocrx_word' id='word_1_414' title='bbox 902 2796 992 2832; x_wconf 83' lang='lat' dir='ltr'><strong>quoad</strong></span> 
     </span>
    </p>
   </div>
   <div class='ocr_carea' id='block_1_60' title="bbox 212 2843 992 2903">
    <p class='ocr_par' dir='ltr' id='par_1_60' title="bbox 212 2843 992 2903">
     <span class='ocr_line' id='line_1_60' title="bbox 212 2843 992 2903; baseline -0.004 -6"><span class='ocrx_word' id='word_1_415' title='bbox 212 2843 454 2903; x_wconf 41' lang='lat' dir='ltr'><strong>leliga“?.‘lo&#39;réor&#39;,</strong></span> <span class='ocrx_word' id='word_1_416' title='bbox 467 2876 493 2894; x_wconf 84' lang='grc' dir='ltr'>κ.</span> <span class='ocrx_word' id='word_1_417' title='bbox 509 2876 537 2896; x_wconf 81' lang='grc' dir='ltr'>τ,</span> <span class='ocrx_word' id='word_1_418' title='bbox 550 2868 575 2897; x_wconf 90' lang='grc' dir='ltr'>λ.</span> <span class='ocrx_word' id='word_1_419' title='bbox 596 2868 659 2896; x_wconf 72' lang='lat' dir='ltr'><strong>Haec</strong></span> <span class='ocrx_word' id='word_1_420' title='bbox 670 2867 780 2896; x_wconf 60' lang='grc' dir='ltr'>(ἔπεσι-ἥ</span> <span class='ocrx_word' id='word_1_421' title='bbox 795 2875 847 2895; x_wconf 82' lang='lat' dir='ltr'><strong>non</strong></span> <span class='ocrx_word' id='word_1_422' title='bbox 860 2871 936 2899; x_wconf 75' lang='lat' dir='ltr'><strong>sunt,</strong></span> <span class='ocrx_word' id='word_1_423' title='bbox 953 2867 992 2894; x_wconf 80' lang='lat' dir='ltr'><strong>uti</strong></span> 
     </span>
    </p>
   </div>
   <div class='ocr_carea' id='block_1_61' title="bbox 696 130 1244 160">
    <p class='ocr_par' dir='ltr' id='par_1_61' title="bbox 696 130 1244 160">
     <span class='ocr_line' id='line_1_61' title="bbox 696 130 1244 160; baseline 0 -2"><span class='ocrx_word' id='word_1_424' title='bbox 696 132 725 158; x_wconf 91' lang='lat' dir='ltr'><strong>S.</strong></span> <span class='ocrx_word' id='word_1_425' title='bbox 746 131 893 159; x_wconf 59' lang='lat' dir='ltr'><strong>CESARII</strong></span> <span class='ocrx_word' id='word_1_426' title='bbox 912 131 1076 160; x_wconf 36' lang='lat' dir='ltr'><strong>’GREGORI]</strong></span> <span class='ocrx_word' id='word_1_427' title='bbox 1096 130 1244 158; x_wconf 74' lang='lat' dir='ltr'><strong>FRATRIS</strong></span> 
     </span>
    </p>
   </div>
   <div class='ocr_carea' id='block_1_62' title="bbox 1734 124 1816 153">
    <p class='ocr_par' dir='ltr' id='par_1_62' title="bbox 1734 124 1816 153">
     <span class='ocr_line' id='line_1_62' title="bbox 1734 124 1816 153; baseline 0.037 -4"><span class='ocrx_word' id='word_1_428' title='bbox 1734 124 1816 153; x_wconf 69' lang='lat' dir='ltr'><strong>meo</strong></span> 
     </span>
    </p>
   </div>
   <div class='ocr_carea' id='block_1_63' title="bbox 1024 181 1819 225">
    <p class='ocr_par' dir='ltr' id='par_1_63' title="bbox 1024 181 1819 225">
     <span class='ocr_line' id='line_1_63' title="bbox 1024 181 1819 225; baseline -0.011 -8"><span class='ocrx_word' id='word_1_429' title='bbox 1024 198 1087 222; x_wconf 76' lang='grc' dir='ltr'>τος,</span> <span class='ocrx_word' id='word_1_430' title='bbox 1121 188 1295 225; x_wconf 81' lang='grc' dir='ltr'>ὖδραγωγίας</span> <span class='ocrx_word' id='word_1_431' title='bbox 1321 187 1451 222; x_wconf 68' lang='grc' dir='ltr'>αἵματος,</span> <span class='ocrx_word' id='word_1_432' title='bbox 1481 186 1590 220; x_wconf 63' lang='grc' dir='ltr'>οξκησινπ</span> <span class='ocrx_word' id='word_1_433' title='bbox 1614 183 1660 211; x_wconf 73' lang='grc' dir='ltr'>τοῦ</span> <span class='ocrx_word' id='word_1_434' title='bbox 1688 181 1819 218; x_wconf 74' lang='grc' dir='ltr'>θερμοῦ,</span> 
     </span>
    </p>
   </div>
   <div class='ocr_carea' id='block_1_64' title="bbox 1022 229 1815 270">
    <p class='ocr_par' dir='ltr' id='par_1_64' title="bbox 1022 229 1815 270">
     <span class='ocr_line' id='line_1_64' title="bbox 1022 229 1815 270; baseline -0.01 -8"><span class='ocrx_word' id='word_1_435' title='bbox 1022 236 1141 262; x_wconf 79' lang='grc' dir='ltr'>ἑστίασιν</span> <span class='ocrx_word' id='word_1_436' title='bbox 1156 235 1204 261; x_wconf 80' lang='grc' dir='ltr'>τοῦ</span> <span class='ocrx_word' id='word_1_437' title='bbox 1215 233 1330 270; x_wconf 77' lang='grc' dir='ltr'>ψυχροῦ,</span> <span class='ocrx_word' id='word_1_438' title='bbox 1350 234 1398 260; x_wconf 69' lang='grc' dir='ltr'><strong>καὶ</strong></span> <span class='ocrx_word' id='word_1_439' title='bbox 1410 233 1460 259; x_wconf 82' lang='grc' dir='ltr'>ὅσα</span> <span class='ocrx_word' id='word_1_440' title='bbox 1486 231 1594 267; x_wconf 56' lang='lat' dir='ltr'><strong>iasper</strong></span> <span class='ocrx_word' id='word_1_441' title='bbox 1617 229 1815 264; x_wconf 60' lang='grc' dir='ltr'>πεφιλοσνιφη-</span> 
     </span>
    </p>
   </div>
   <div class='ocr_carea' id='block_1_65' title="bbox 1022 275 1817 314">
    <p class='ocr_par' dir='ltr' id='par_1_65' title="bbox 1022 275 1817 314">
     <span class='ocr_line' id='line_1_65' title="bbox 1022 275 1817 314; baseline -0.01 -7"><span class='ocrx_word' id='word_1_442' title='bbox 1022 289 1083 307; x_wconf 80' lang='grc' dir='ltr'>ται·</span> <span class='ocrx_word' id='word_1_443' title='bbox 1100 278 1137 307; x_wconf 81' lang='grc' dir='ltr'>ὧν</span> <span class='ocrx_word' id='word_1_444' title='bbox 1149 281 1196 307; x_wconf 81' lang='grc' dir='ltr'>τὸν</span> <span class='ocrx_word' id='word_1_445' title='bbox 1209 280 1285 314; x_wconf 84' lang='grc' dir='ltr'>λόγον</span> <span class='ocrx_word' id='word_1_446' title='bbox 1305 278 1458 312; x_wconf 74' lang='grc' dir='ltr'><strong>καταλείψω</strong></span> <span class='ocrx_word' id='word_1_447' title='bbox 1474 278 1530 308; x_wconf 81' lang='grc' dir='ltr'>τοῖς</span> <span class='ocrx_word' id='word_1_448' title='bbox 1541 277 1604 311; x_wconf 80' lang='grc' dir='ltr'>περὶ</span> <span class='ocrx_word' id='word_1_449' title='bbox 1620 275 1707 310; x_wconf 76' lang='grc' dir='ltr'>αὐτὴν</span> <span class='ocrx_word' id='word_1_450' title='bbox 1723 275 1817 308; x_wconf 75' lang='grc' dir='ltr'>ἔσχο-</span> 
     </span>
    </p>
   </div>
   <div class='ocr_carea' id='block_1_66' title="bbox 1022 327 1140 353">
    <p class='ocr_par' dir='ltr' id='par_1_66' title="bbox 1022 327 1140 353">
     <span class='ocr_line' id='line_1_66' title="bbox 1022 327 1140 353; baseline 0 0"><span class='ocrx_word' id='word_1_451' title='bbox 1022 327 1140 353; x_wconf 64' lang='grc' dir='ltr'>λαλῶσιν.</span> 
     </span>
    </p>
   </div>
   <div class='ocr_carea' id='block_1_67' title="bbox 1026 461 1820 503">
    <p class='ocr_par' dir='ltr' id='par_1_67' title="bbox 1026 461 1820 503">
     <span class='ocr_line' id='line_1_67' title="bbox 1026 461 1820 503; baseline -0.011 -6"><span class='ocrx_word' id='word_1_452' title='bbox 1026 470 1081 498; x_wconf 81' lang='grc' dir='ltr'><strong>Τοῦ</strong></span> <span class='ocrx_word' id='word_1_453' title='bbox 1091 469 1176 503; x_wconf 79' lang='grc' dir='ltr'>άτίου</span> <span class='ocrx_word' id='word_1_454' title='bbox 1194 468 1356 502; x_wconf 77' lang='grc' dir='ltr'>Γρηγορίου</span> <span class='ocrx_word' id='word_1_455' title='bbox 1367 465 1421 503; x_wconf 54' lang='lat' dir='ltr'><strong>(vi?</strong></span> <span class='ocrx_word' id='word_1_456' title='bbox 1435 466 1570 503; x_wconf 53' lang='grc' dir='ltr'><strong>Νύσέτης.</strong></span> <span class='ocrx_word' id='word_1_457' title='bbox 1581 461 1617 503; x_wconf 60' lang='grc' dir='ltr'><strong>ᾴκ</strong></span> <span class='ocrx_word' id='word_1_458' title='bbox 1628 461 1684 503; x_wconf 70' lang='grc' dir='ltr'>τρῦ</span> <span class='ocrx_word' id='word_1_459' title='bbox 1695 461 1742 503; x_wconf 48' lang='lat' dir='ltr'><strong>du</strong></span> <span class='ocrx_word' id='word_1_460' title='bbox 1754 463 1820 497; x_wconf 76' lang='grc' dir='ltr'>μῖα</span> 
     </span>
    </p>
   </div>
   <div class='ocr_carea' id='block_1_68' title="bbox 1058 498 1820 537">
    <p class='ocr_par' dir='ltr' id='par_1_68' title="bbox 1058 498 1820 537">
     <span class='ocr_line' id='line_1_68' title="bbox 1058 498 1820 537; baseline -0.01 -6"><span class='ocrx_word' id='word_1_461' title='bbox 1058 498 1140 537; x_wconf 65' lang='grc' dir='ltr'><strong>καὶῆ</strong></span> <span class='ocrx_word' id='word_1_462' title='bbox 1156 498 1232 537; x_wconf 83' lang='grc' dir='ltr'><strong>αὐτῆ</strong></span> <span class='ocrx_word' id='word_1_463' title='bbox 1248 498 1329 530; x_wconf 47' lang='lat' dir='ltr'><strong>cit—ia</strong></span> <span class='ocrx_word' id='word_1_464' title='bbox 1350 500 1405 535; x_wconf 83' lang='grc' dir='ltr'><strong>τῆς</strong></span> <span class='ocrx_word' id='word_1_465' title='bbox 1427 499 1528 535; x_wconf 75' lang='grc' dir='ltr'><strong>ψυχῆς</strong></span> <span class='ocrx_word' id='word_1_466' title='bbox 1543 499 1656 526; x_wconf 67' lang='grc' dir='ltr'>καὶτοῦ</span> <span class='ocrx_word' id='word_1_467' title='bbox 1669 498 1820 532; x_wconf 70' lang='grc' dir='ltr'>σώματος</span> 
     </span>
    </p>
   </div>
   <div class='ocr_carea' id='block_1_69' title="bbox 1057 539 1223 573">
    <p class='ocr_par' dir='ltr' id='par_1_69' title="bbox 1057 539 1223 573">
     <span class='ocr_line' id='line_1_69' title="bbox 1057 539 1223 573; baseline -0.006 -8"><span class='ocrx_word' id='word_1_468' title='bbox 1057 539 1223 573; x_wconf 75' lang='grc' dir='ltr'><strong>ὑπάρξεως.</strong></span> 
     </span>
    </p>
   </div>
   <div class='ocr_carea' id='block_1_70' title="bbox 1060 576 1818 620">
    <p class='ocr_par' dir='ltr' id='par_1_70' title="bbox 1060 576 1818 620">
     <span class='ocr_line' id='line_1_70' title="bbox 1060 576 1818 620; baseline -0.012 -8"><span class='ocrx_word' id='word_1_469' title='bbox 1060 586 1165 620; x_wconf 79' lang='grc' dir='ltr'>Ὥσπερ</span> <span class='ocrx_word' id='word_1_470' title='bbox 1179 585 1210 610; x_wconf 86' lang='grc' dir='ltr'>ὲν</span> <span class='ocrx_word' id='word_1_471' title='bbox 1225 582 1263 618; x_wconf 85' lang='grc' dir='ltr'>τῷ</span> <span class='ocrx_word' id='word_1_472' title='bbox 1281 582 1346 616; x_wconf 80' lang='grc' dir='ltr'>σίτῳ</span> <span class='ocrx_word' id='word_1_473' title='bbox 1365 580 1454 616; x_wconf 77' lang='grc' dir='ltr'>φαμὲν</span> <span class='ocrx_word' id='word_1_474' title='bbox 1473 580 1544 607; x_wconf 64' lang='grc' dir='ltr'>ἆπων</span> <span class='ocrx_word' id='word_1_475' title='bbox 1563 576 1633 606; x_wconf 75' lang='grc' dir='ltr'>εἶναι</span> <span class='ocrx_word' id='word_1_476' title='bbox 1646 580 1681 614; x_wconf 73' lang='grc' dir='ltr'>τῇ</span> <span class='ocrx_word' id='word_1_477' title='bbox 1695 578 1818 613; x_wconf 64' lang='grc' dir='ltr'>δυνάμει</span> 
     </span>
    </p>
   </div>
   <div class='ocr_carea' id='block_1_71' title="bbox 1023 623 1817 664">
    <p class='ocr_par' dir='ltr' id='par_1_71' title="bbox 1023 623 1817 664">
     <span class='ocr_line' id='line_1_71' title="bbox 1023 623 1817 664; baseline -0.013 -5"><span class='ocrx_word' id='word_1_478' title='bbox 1023 632 1054 659; x_wconf 75' lang='grc' dir='ltr'>τὸ</span> <span class='ocrx_word' id='word_1_479' title='bbox 1066 631 1137 658; x_wconf 77' lang='grc' dir='ltr'>κατὰ</span> <span class='ocrx_word' id='word_1_480' title='bbox 1150 630 1197 657; x_wconf 78' lang='grc' dir='ltr'>τὸν</span> <span class='ocrx_word' id='word_1_481' title='bbox 1211 629 1312 664; x_wconf 81' lang='grc' dir='ltr'><strong>στάχυν</strong></span> <span class='ocrx_word' id='word_1_482' title='bbox 1327 625 1406 659; x_wconf 82' lang='grc' dir='ltr'>εἶδος,</span> <span class='ocrx_word' id='word_1_483' title='bbox 1428 625 1473 652; x_wconf 77' lang='grc' dir='ltr'><strong>τὸν</strong></span> <span class='ocrx_word' id='word_1_484' title='bbox 1485 626 1591 660; x_wconf 79' lang='grc' dir='ltr'>χόρτον,</span> <span class='ocrx_word' id='word_1_485' title='bbox 1604 624 1654 659; x_wconf 84' lang='grc' dir='ltr'>τὴν</span> <span class='ocrx_word' id='word_1_486' title='bbox 1669 623 1817 658; x_wconf 74' lang='grc' dir='ltr'>καλάμην,</span> 
     </span>
    </p>
   </div>
   <div class='ocr_carea' id='block_1_72' title="bbox 1024 668 1818 711">
    <p class='ocr_par' dir='ltr' id='par_1_72' title="bbox 1024 668 1818 711">
     <span class='ocr_line' id='line_1_72' title="bbox 1024 668 1818 711; baseline -0.011 -8"><span class='ocrx_word' id='word_1_487' title='bbox 1024 677 1073 708; x_wconf 73' lang='grc' dir='ltr'><strong>τὰς</strong></span> <span class='ocrx_word' id='word_1_488' title='bbox 1097 675 1142 702; x_wconf 78' lang='grc' dir='ltr'>διὰ.</span> <span class='ocrx_word' id='word_1_489' title='bbox 1171 675 1254 711; x_wconf 79' lang='grc' dir='ltr'>μέσου</span> <span class='ocrx_word' id='word_1_490' title='bbox 1269 673 1368 705; x_wconf 76' lang='grc' dir='ltr'><strong>ζώνας,</strong></span> <span class='ocrx_word' id='word_1_491' title='bbox 1395 671 1441 699; x_wconf 80' lang='grc' dir='ltr'>τὸν</span> <span class='ocrx_word' id='word_1_492' title='bbox 1465 670 1589 706; x_wconf 81' lang='grc' dir='ltr'>καρπὸν,</span> <span class='ocrx_word' id='word_1_493' title='bbox 1604 670 1670 701; x_wconf 79' lang='grc' dir='ltr'>τοὺς</span> <span class='ocrx_word' id='word_1_494' title='bbox 1694 668 1818 704; x_wconf 76' lang='grc' dir='ltr'>ἀθέρας,</span> 
     </span>
    </p>
   </div>
   <div class='ocr_carea' id='block_1_73' title="bbox 1025 714 1819 753">
    <p class='ocr_par' dir='ltr' id='par_1_73' title="bbox 1025 714 1819 753">
     <span class='ocr_line' id='line_1_73' title="bbox 1025 714 1819 753; baseline -0.011 -4"><span class='ocrx_word' id='word_1_495' title='bbox 1025 723 1071 749; x_wconf 64' lang='grc' dir='ltr'>καὶ</span> <span class='ocrx_word' id='word_1_496' title='bbox 1081 721 1157 748; x_wconf 73' lang='grc' dir='ltr'>οὐδὲν</span> <span class='ocrx_word' id='word_1_497' title='bbox 1172 720 1273 747; x_wconf 83' lang='grc' dir='ltr'>τούτων</span> <span class='ocrx_word' id='word_1_498' title='bbox 1291 719 1320 745; x_wconf 73' lang='grc' dir='ltr'>ἐν</span> <span class='ocrx_word' id='word_1_499' title='bbox 1336 717 1374 753; x_wconf 81' lang='grc' dir='ltr'>τῷ</span> <span class='ocrx_word' id='word_1_500' title='bbox 1384 718 1433 752; x_wconf 84' lang='grc' dir='ltr'><strong>τῆς</strong></span> <span class='ocrx_word' id='word_1_501' title='bbox 1452 716 1560 750; x_wconf 82' lang='grc' dir='ltr'>φύσεως</span> <span class='ocrx_word' id='word_1_502' title='bbox 1578 715 1649 750; x_wconf 83' lang='grc' dir='ltr'>λόγῳ</span> <span class='ocrx_word' id='word_1_503' title='bbox 1663 714 1819 750; x_wconf 79' lang='grc' dir='ltr'>προϋπάρ-</span> 
     </span>
    </p>
   </div>
   <div class='ocr_carea' id='block_1_74' title="bbox 1025 760 1817 804">
    <p class='ocr_par' dir='ltr' id='par_1_74' title="bbox 1025 760 1817 804">
     <span class='ocr_line' id='line_1_74' title="bbox 1025 760 1817 804; baseline -0.013 -9"><span class='ocrx_word' id='word_1_504' title='bbox 1025 777 1092 804; x_wconf 80' lang='grc' dir='ltr'>χειν,</span> <span class='ocrx_word' id='word_1_505' title='bbox 1120 767 1137 802; x_wconf 81' lang='grc' dir='ltr'>ἥ</span> <span class='ocrx_word' id='word_1_506' title='bbox 1162 764 1353 802; x_wconf 87' lang='grc' dir='ltr'>προσγίνεσθαι</span> <span class='ocrx_word' id='word_1_507' title='bbox 1383 765 1417 798; x_wconf 84' lang='grc' dir='ltr'>τῇ</span> <span class='ocrx_word' id='word_1_508' title='bbox 1442 761 1522 796; x_wconf 75' lang='grc' dir='ltr'>φύσει</span> <span class='ocrx_word' id='word_1_509' title='bbox 1554 761 1602 788; x_wconf 80' lang='grc' dir='ltr'>τοῦ</span> <span class='ocrx_word' id='word_1_510' title='bbox 1632 760 1817 796; x_wconf 69' lang='grc' dir='ltr'>σπέρματοςο</span> 
     </span>
    </p>
   </div>
   <div class='ocr_carea' id='block_1_75' title="bbox 1026 805 1817 845">
    <p class='ocr_par' dir='ltr' id='par_1_75' title="bbox 1026 805 1817 845">
     <span class='ocr_line' id='line_1_75' title="bbox 1026 805 1817 845; baseline -0.013 -4"><span class='ocrx_word' id='word_1_511' title='bbox 1026 813 1094 840; x_wconf 76' lang='grc' dir='ltr'>ἀλλὰ</span> <span class='ocrx_word' id='word_1_512' title='bbox 1119 812 1195 845; x_wconf 73' lang='grc' dir='ltr'>τάξει</span> <span class='ocrx_word' id='word_1_513' title='bbox 1232 810 1335 845; x_wconf 78' lang='grc' dir='ltr'>φυσικῇ</span> <span class='ocrx_word' id='word_1_514' title='bbox 1375 808 1410 834; x_wconf 87' lang='grc' dir='ltr'>τὰ</span> <span class='ocrx_word' id='word_1_515' title='bbox 1439 806 1570 842; x_wconf 74' lang='grc' dir='ltr'><strong>εἰρημένα</strong></span> <span class='ocrx_word' id='word_1_516' title='bbox 1607 805 1817 841; x_wconf 82' lang='grc' dir='ltr'>φανεροῦσθαι·</span> 
     </span>
    </p>
   </div>
   <div class='ocr_carea' id='block_1_76' title="bbox 1026 851 1821 890">
    <p class='ocr_par' dir='ltr' id='par_1_76' title="bbox 1026 851 1821 890">
     <span class='ocr_line' id='line_1_76' title="bbox 1026 851 1821 890; baseline -0.015 -3"><span class='ocrx_word' id='word_1_517' title='bbox 1026 859 1098 887; x_wconf 73' lang='grc' dir='ltr'>οὕτω</span> <span class='ocrx_word' id='word_1_518' title='bbox 1114 858 1142 885; x_wconf 79' lang='grc' dir='ltr'><strong>δὲ</strong></span> <span class='ocrx_word' id='word_1_519' title='bbox 1162 857 1209 884; x_wconf 80' lang='grc' dir='ltr'>καὶ</span> <span class='ocrx_word' id='word_1_520' title='bbox 1236 856 1283 883; x_wconf 75' lang='grc' dir='ltr'><strong>ἐπὶ</strong></span> <span class='ocrx_word' id='word_1_521' title='bbox 1308 855 1358 890; x_wconf 81' lang='grc' dir='ltr'><strong>τῆς</strong></span> <span class='ocrx_word' id='word_1_522' title='bbox 1381 852 1553 888; x_wconf 81' lang='grc' dir='ltr'><strong>ἀνθρωπίνης</strong></span> <span class='ocrx_word' id='word_1_523' title='bbox 1572 853 1693 888; x_wconf 78' lang='grc' dir='ltr'><strong>σπορᾶς,</strong></span> <span class='ocrx_word' id='word_1_524' title='bbox 1720 851 1821 886; x_wconf 77' lang='grc' dir='ltr'>φαμὲν</span> 
     </span>
    </p>
   </div>
   <div class='ocr_carea' id='block_1_77' title="bbox 1027 898 1822 940">
    <p class='ocr_par' dir='ltr' id='par_1_77' title="bbox 1027 898 1822 940">
     <span class='ocr_line' id='line_1_77' title="bbox 1027 898 1822 940; baseline -0.013 -8"><span class='ocrx_word' id='word_1_525' title='bbox 1027 906 1055 932; x_wconf 80' lang='grc' dir='ltr'>ὲν</span> <span class='ocrx_word' id='word_1_526' title='bbox 1068 906 1101 940; x_wconf 73' lang='grc' dir='ltr'>τῇ</span> <span class='ocrx_word' id='word_1_527' title='bbox 1123 904 1173 938; x_wconf 75' lang='grc' dir='ltr'><strong>τῆς</strong></span> <span class='ocrx_word' id='word_1_528' title='bbox 1194 902 1347 932; x_wconf 72' lang='grc' dir='ltr'><strong>συστάσεως</strong></span> <span class='ocrx_word' id='word_1_529' title='bbox 1362 899 1483 934; x_wconf 79' lang='grc' dir='ltr'>ἀφορμῇ,</span> <span class='ocrx_word' id='word_1_530' title='bbox 1508 898 1736 933; x_wconf 74' lang='grc' dir='ltr'>συνεσπαρμένην</span> <span class='ocrx_word' id='word_1_531' title='bbox 1763 898 1822 933; x_wconf 75' lang='grc' dir='ltr'>τὴν</span> 
     </span>
    </p>
   </div>
   <div class='ocr_carea' id='block_1_78' title="bbox 1026 944 1820 986">
    <p class='ocr_par' dir='ltr' id='par_1_78' title="bbox 1026 944 1820 986">
     <span class='ocr_line' id='line_1_78' title="bbox 1026 944 1820 986; baseline -0.009 -9"><span class='ocrx_word' id='word_1_532' title='bbox 1026 952 1075 986; x_wconf 77' lang='grc' dir='ltr'>τῆς</span> <span class='ocrx_word' id='word_1_533' title='bbox 1102 949 1207 984; x_wconf 76' lang='grc' dir='ltr'>φύσεως</span> <span class='ocrx_word' id='word_1_534' title='bbox 1232 948 1362 982; x_wconf 74' lang='grc' dir='ltr'>δύναμιν·</span> <span class='ocrx_word' id='word_1_535' title='bbox 1392 944 1572 978; x_wconf 74' lang='grc' dir='ltr'>ἐξαπλοῦσθαι</span> <span class='ocrx_word' id='word_1_536' title='bbox 1597 944 1628 971; x_wconf 81' lang='grc' dir='ltr'><strong>δὲ</strong></span> <span class='ocrx_word' id='word_1_537' title='bbox 1653 944 1701 971; x_wconf 79' lang='grc' dir='ltr'>καὶ</span> <span class='ocrx_word' id='word_1_538' title='bbox 1729 952 1820 977; x_wconf 78' lang='grc' dir='ltr'>φανε-</span> 
     </span>
    </p>
   </div>
   <div class='ocr_carea' id='block_1_79' title="bbox 1029 989 1819 1032">
    <p class='ocr_par' dir='ltr' id='par_1_79' title="bbox 1029 989 1819 1032">
     <span class='ocr_line' id='line_1_79' title="bbox 1029 989 1819 1032; baseline -0.009 -10"><span class='ocrx_word' id='word_1_539' title='bbox 1029 995 1142 1032; x_wconf 81' lang='grc' dir='ltr'>ροῦσθαι</span> <span class='ocrx_word' id='word_1_540' title='bbox 1161 994 1205 1021; x_wconf 76' lang='grc' dir='ltr'>διὰ</span> <span class='ocrx_word' id='word_1_541' title='bbox 1230 994 1280 1029; x_wconf 74' lang='grc' dir='ltr'><strong>τῆς</strong></span> <span class='ocrx_word' id='word_1_542' title='bbox 1304 992 1420 1027; x_wconf 78' lang='grc' dir='ltr'><strong>φυσικῆς</strong></span> <span class='ocrx_word' id='word_1_543' title='bbox 1439 991 1607 1022; x_wconf 80' lang='grc' dir='ltr'><strong>ἀκολουθίας,</strong></span> <span class='ocrx_word' id='word_1_544' title='bbox 1623 989 1694 1016; x_wconf 70' lang='grc' dir='ltr'>κατὰ</span> <span class='ocrx_word' id='word_1_545' title='bbox 1715 989 1769 1024; x_wconf 84' lang='grc' dir='ltr'>μὲν</span> <span class='ocrx_word' id='word_1_546' title='bbox 1783 989 1819 1016; x_wconf 77' lang='grc' dir='ltr'>τὸ</span> 
     </span>
    </p>
   </div>
   <div class='ocr_carea' id='block_1_80' title="bbox 1028 1035 1821 1076">
    <p class='ocr_par' dir='ltr' id='par_1_80' title="bbox 1028 1035 1821 1076">
     <span class='ocr_line' id='line_1_80' title="bbox 1028 1035 1821 1076; baseline -0.01 -7"><span class='ocrx_word' id='word_1_547' title='bbox 1028 1046 1052 1069; x_wconf 82' lang='grc' dir='ltr'>α’</span> <span class='ocrx_word' id='word_1_548' title='bbox 1077 1041 1144 1068; x_wconf 82' lang='grc' dir='ltr'>Θεοῦ</span> <span class='ocrx_word' id='word_1_549' title='bbox 1168 1039 1317 1076; x_wconf 82' lang='grc' dir='ltr'><strong>βουλήματι</strong></span> <span class='ocrx_word' id='word_1_550' title='bbox 1343 1038 1574 1073; x_wconf 57' lang='grc' dir='ltr'>ωταὸληθεῖσαν,</span> <span class='ocrx_word' id='word_1_551' title='bbox 1599 1035 1671 1062; x_wconf 80' lang='grc' dir='ltr'>κατὰ</span> <span class='ocrx_word' id='word_1_552' title='bbox 1691 1035 1721 1062; x_wconf 77' lang='grc' dir='ltr'><strong>δὲ</strong></span> <span class='ocrx_word' id='word_1_553' title='bbox 1745 1035 1778 1062; x_wconf 82' lang='grc' dir='ltr'><strong>τὺ</strong></span> <span class='ocrx_word' id='word_1_554' title='bbox 1793 1035 1821 1069; x_wconf 69' lang='grc' dir='ltr'>βο</span> 
     </span>
    </p>
   </div>
   <div class='ocr_carea' id='block_1_81' title="bbox 1028 1081 1823 1121">
    <p class='ocr_par' dir='ltr' id='par_1_81' title="bbox 1028 1081 1823 1121">
     <span class='ocr_line' id='line_1_81' title="bbox 1028 1081 1823 1121; baseline -0.01 -7"><span class='ocrx_word' id='word_1_555' title='bbox 1028 1088 1057 1114; x_wconf 69' lang='grc' dir='ltr'>ὲν</span> <span class='ocrx_word' id='word_1_556' title='bbox 1065 1088 1124 1118; x_wconf 81' lang='grc' dir='ltr'>ταῖς</span> <span class='ocrx_word' id='word_1_557' title='bbox 1134 1085 1182 1121; x_wconf 79' lang='grc' dir='ltr'><strong>τῆς</strong></span> <span class='ocrx_word' id='word_1_558' title='bbox 1191 1085 1323 1119; x_wconf 74' lang='grc' dir='ltr'>γενέσεως</span> <span class='ocrx_word' id='word_1_559' title='bbox 1335 1085 1471 1120; x_wconf 81' lang='grc' dir='ltr'>ἀφορμαῖς</span> <span class='ocrx_word' id='word_1_560' title='bbox 1481 1081 1687 1117; x_wconf 76' lang='grc' dir='ltr'><strong>συνισταμένην.</strong></span> <span class='ocrx_word' id='word_1_561' title='bbox 1702 1081 1749 1112; x_wconf 77' lang='grc' dir='ltr'><strong>Ὠς</strong></span> <span class='ocrx_word' id='word_1_562' title='bbox 1760 1081 1823 1116; x_wconf 79' lang='grc' dir='ltr'><strong>γὰρ</strong></span> 
     </span>
    </p>
   </div>
   <div class='ocr_carea' id='block_1_82' title="bbox 1028 1126 1821 1168">
    <p class='ocr_par' dir='ltr' id='par_1_82' title="bbox 1028 1126 1821 1168">
     <span class='ocr_line' id='line_1_82' title="bbox 1028 1126 1821 1168; baseline -0.011 -8"><span class='ocrx_word' id='word_1_563' title='bbox 1028 1133 1078 1160; x_wconf 77' lang='grc' dir='ltr'>οὐκ</span> <span class='ocrx_word' id='word_1_564' title='bbox 1089 1132 1147 1159; x_wconf 80' lang='grc' dir='ltr'>ἔστι</span> <span class='ocrx_word' id='word_1_565' title='bbox 1157 1131 1206 1168; x_wconf 86' lang='grc' dir='ltr'>τὴν</span> <span class='ocrx_word' id='word_1_566' title='bbox 1213 1130 1484 1167; x_wconf 73' lang='grc' dir='ltr'>καταδιανϐρώπησῐν</span> <span class='ocrx_word' id='word_1_567' title='bbox 1494 1129 1557 1156; x_wconf 73' lang='grc' dir='ltr'>ίὸεῖν</span> <span class='ocrx_word' id='word_1_568' title='bbox 1564 1129 1596 1155; x_wconf 80' lang='grc' dir='ltr'>ὲν</span> <span class='ocrx_word' id='word_1_569' title='bbox 1609 1127 1649 1162; x_wconf 83' lang='grc' dir='ltr'>τῷ</span> <span class='ocrx_word' id='word_1_570' title='bbox 1664 1126 1733 1162; x_wconf 79' lang='grc' dir='ltr'>πρὸς</span> <span class='ocrx_word' id='word_1_571' title='bbox 1753 1126 1821 1153; x_wconf 83' lang='grc' dir='ltr'>σύλ-</span> 
     </span>
    </p>
   </div>
   <div class='ocr_carea' id='block_1_83' title="bbox 1029 1172 1820 1214">
    <p class='ocr_par' dir='ltr' id='par_1_83' title="bbox 1029 1172 1820 1214">
     <span class='ocr_line' id='line_1_83' title="bbox 1029 1172 1820 1214; baseline -0.01 -9"><span class='ocrx_word' id='word_1_572' title='bbox 1029 1178 1111 1214; x_wconf 80' lang='grc' dir='ltr'>ληψιν</span> <span class='ocrx_word' id='word_1_573' title='bbox 1123 1177 1169 1204; x_wconf 83' lang='grc' dir='ltr'>τοῦ</span> <span class='ocrx_word' id='word_1_574' title='bbox 1182 1176 1306 1212; x_wconf 82' lang='grc' dir='ltr'>σώματος</span> <span class='ocrx_word' id='word_1_575' title='bbox 1315 1175 1487 1211; x_wconf 80' lang='grc' dir='ltr'>ὲντιθεμένῳ,</span> <span class='ocrx_word' id='word_1_576' title='bbox 1502 1174 1555 1210; x_wconf 74' lang='grc' dir='ltr'>πρὸ</span> <span class='ocrx_word' id='word_1_577' title='bbox 1564 1174 1614 1208; x_wconf 82' lang='grc' dir='ltr'><strong>τῆς</strong></span> <span class='ocrx_word' id='word_1_578' title='bbox 1625 1172 1801 1203; x_wconf 75' lang='grc' dir='ltr'>διαπλάσεως</span> <span class='ocrx_word' id='word_1_579' title='bbox 1809 1180 1820 1187; x_wconf 94' lang='grc'><strong>·</strong></span> 
     </span>
    </p>
   </div>
   <div class='ocr_carea' id='block_1_84' title="bbox 1029 1217 1818 1256">
    <p class='ocr_par' dir='ltr' id='par_1_84' title="bbox 1029 1217 1818 1256">
     <span class='ocr_line' id='line_1_84' title="bbox 1029 1217 1818 1256; baseline -0.01 -6"><span class='ocrx_word' id='word_1_580' title='bbox 1029 1223 1116 1255; x_wconf 77' lang='grc' dir='ltr'>οὕτως</span> <span class='ocrx_word' id='word_1_581' title='bbox 1130 1222 1190 1249; x_wconf 76' lang='grc' dir='ltr'><strong>οὐδὲ</strong></span> <span class='ocrx_word' id='word_1_582' title='bbox 1206 1221 1255 1253; x_wconf 79' lang='grc' dir='ltr'><strong>τὰς</strong></span> <span class='ocrx_word' id='word_1_583' title='bbox 1265 1222 1313 1256; x_wconf 83' lang='grc' dir='ltr'><strong>τῆς</strong></span> <span class='ocrx_word' id='word_1_584' title='bbox 1331 1220 1420 1256; x_wconf 75' lang='grc' dir='ltr'>ψυχῆς</span> <span class='ocrx_word' id='word_1_585' title='bbox 1437 1219 1569 1254; x_wconf 70' lang='grc' dir='ltr'>ἰδιότητας</span> <span class='ocrx_word' id='word_1_586' title='bbox 1582 1219 1610 1245; x_wconf 76' lang='grc' dir='ltr'>ὲν</span> <span class='ocrx_word' id='word_1_587' title='bbox 1623 1217 1662 1253; x_wconf 83' lang='grc' dir='ltr'><strong>τῷ</strong></span> <span class='ocrx_word' id='word_1_588' title='bbox 1674 1217 1752 1254; x_wconf 76' lang='grc' dir='ltr'><strong>αὑτῷ</strong></span> <span class='ocrx_word' id='word_1_589' title='bbox 1768 1217 1818 1243; x_wconf 86' lang='grc' dir='ltr'>δυ-</span> 
     </span>
    </p>
   </div>
   <div class='ocr_carea' id='block_1_85' title="bbox 1031 1263 1821 1301">
    <p class='ocr_par' dir='ltr' id='par_1_85' title="bbox 1031 1263 1821 1301">
     <span class='ocr_line' id='line_1_85' title="bbox 1031 1263 1821 1301; baseline -0.01 -6"><span class='ocrx_word' id='word_1_590' title='bbox 1031 1268 1109 1296; x_wconf 83' lang='grc' dir='ltr'>νατόν</span> <span class='ocrx_word' id='word_1_591' title='bbox 1121 1269 1178 1294; x_wconf 85' lang='grc' dir='ltr'>ὲστι</span> <span class='ocrx_word' id='word_1_592' title='bbox 1188 1266 1363 1301; x_wconf 74' lang='grc' dir='ltr'><strong>κατανοῆσαι,</strong></span> <span class='ocrx_word' id='word_1_593' title='bbox 1378 1265 1442 1301; x_wconf 74' lang='grc' dir='ltr'>πρὶν</span> <span class='ocrx_word' id='word_1_594' title='bbox 1455 1263 1594 1301; x_wconf 81' lang='grc' dir='ltr'><strong>προελθεῖν</strong></span> <span class='ocrx_word' id='word_1_595' title='bbox 1607 1265 1646 1294; x_wconf 83' lang='grc' dir='ltr'><strong>εις</strong></span> <span class='ocrx_word' id='word_1_596' title='bbox 1661 1263 1821 1298; x_wconf 77' lang='grc' dir='ltr'>ἐνέργειαν-</span> 
     </span>
    </p>
   </div>
   <div class='ocr_carea' id='block_1_86' title="bbox 1031 1308 1822 1348">
    <p class='ocr_par' dir='ltr' id='par_1_86' title="bbox 1031 1308 1822 1348">
     <span class='ocr_line' id='line_1_86' title="bbox 1031 1308 1822 1348; baseline -0.01 -7"><span class='ocrx_word' id='word_1_597' title='bbox 1031 1315 1086 1341; x_wconf 78' lang='grc' dir='ltr'><strong>Καὶ</strong></span> <span class='ocrx_word' id='word_1_598' title='bbox 1101 1313 1195 1348; x_wconf 77' lang='grc' dir='ltr'>ὥσπερ</span> <span class='ocrx_word' id='word_1_599' title='bbox 1208 1312 1238 1338; x_wconf 84' lang='grc' dir='ltr'>τὸ</span> <span class='ocrx_word' id='word_1_600' title='bbox 1255 1311 1361 1338; x_wconf 74' lang='grc' dir='ltr'>ὲντεθὲν</span> <span class='ocrx_word' id='word_1_601' title='bbox 1380 1312 1467 1337; x_wconf 75' lang='grc' dir='ltr'>ἐκεῖνο</span> <span class='ocrx_word' id='word_1_602' title='bbox 1483 1311 1516 1337; x_wconf 73' lang='grc' dir='ltr'>ἐκ</span> <span class='ocrx_word' id='word_1_603' title='bbox 1529 1310 1578 1345; x_wconf 83' lang='grc' dir='ltr'>τῆς</span> <span class='ocrx_word' id='word_1_604' title='bbox 1600 1309 1630 1335; x_wconf 82' lang='grc' dir='ltr'>ὲν</span> <span class='ocrx_word' id='word_1_605' title='bbox 1643 1308 1719 1343; x_wconf 77' lang='grc' dir='ltr'>αὐτῷ</span> <span class='ocrx_word' id='word_1_606' title='bbox 1741 1308 1822 1334; x_wconf 73' lang='grc' dir='ltr'>δυνά-</span> 
     </span>
    </p>
   </div>
   <div class='ocr_carea' id='block_1_87' title="bbox 1034 1352 1816 1393">
    <p class='ocr_par' dir='ltr' id='par_1_87' title="bbox 1034 1352 1816 1393">
     <span class='ocr_line' id='line_1_87' title="bbox 1034 1352 1816 1393; baseline -0.008 -9"><span class='ocrx_word' id='word_1_607' title='bbox 1034 1366 1106 1393; x_wconf 79' lang='grc' dir='ltr'>μεως</span> <span class='ocrx_word' id='word_1_608' title='bbox 1132 1356 1201 1391; x_wconf 83' lang='grc' dir='ltr'>πρὸς</span> <span class='ocrx_word' id='word_1_609' title='bbox 1223 1355 1312 1390; x_wconf 77' lang='grc' dir='ltr'>ἄρθρα</span> <span class='ocrx_word' id='word_1_610' title='bbox 1344 1355 1392 1382; x_wconf 84' lang='grc' dir='ltr'>καὶ</span> <span class='ocrx_word' id='word_1_611' title='bbox 1426 1355 1570 1390; x_wconf 78' lang='grc' dir='ltr'>σπλάγχνα</span> <span class='ocrx_word' id='word_1_612' title='bbox 1599 1352 1816 1389; x_wconf 71' lang='grc' dir='ltr'>σχηματίζεται·</span> 
     </span>
    </p>
   </div>
   <div class='ocr_carea' id='block_1_88' title="bbox 1032 1395 1819 1436">
    <p class='ocr_par' dir='ltr' id='par_1_88' title="bbox 1032 1395 1819 1436">
     <span class='ocr_line' id='line_1_88' title="bbox 1032 1395 1819 1436; baseline -0.005 -9"><span class='ocrx_word' id='word_1_613' title='bbox 1032 1401 1103 1428; x_wconf 77' lang='grc' dir='ltr'>οὕτω</span> <span class='ocrx_word' id='word_1_614' title='bbox 1123 1400 1171 1427; x_wconf 75' lang='grc' dir='ltr'>καὶ</span> <span class='ocrx_word' id='word_1_615' title='bbox 1189 1400 1254 1436; x_wconf 71' lang='grc' dir='ltr'>περ).</span> <span class='ocrx_word' id='word_1_616' title='bbox 1274 1399 1362 1434; x_wconf 76' lang='grc' dir='ltr'>ψυχῆς</span> <span class='ocrx_word' id='word_1_617' title='bbox 1383 1400 1494 1426; x_wconf 75' lang='grc' dir='ltr'>νοεῖται.</span> <span class='ocrx_word' id='word_1_618' title='bbox 1515 1399 1545 1425; x_wconf 77' lang='grc' dir='ltr'>Εἰ</span> <span class='ocrx_word' id='word_1_619' title='bbox 1562 1398 1616 1434; x_wconf 74' lang='grc' dir='ltr'><strong>γὰρ</strong></span> <span class='ocrx_word' id='word_1_620' title='bbox 1630 1398 1681 1425; x_wconf 74' lang='grc' dir='ltr'>καὶ</span> <span class='ocrx_word' id='word_1_621' title='bbox 1699 1397 1731 1424; x_wconf 78' lang='grc' dir='ltr'>τὸ</span> <span class='ocrx_word' id='word_1_622' title='bbox 1747 1395 1819 1428; x_wconf 78' lang='grc' dir='ltr'>εἶδος</span> 
     </span>
    </p>
   </div>
   <div class='ocr_carea' id='block_1_89' title="bbox 1032 1443 1822 1482">
    <p class='ocr_par' dir='ltr' id='par_1_89' title="bbox 1032 1443 1822 1482">
     <span class='ocr_line' id='line_1_89' title="bbox 1032 1443 1822 1482; baseline -0.005 -9"><span class='ocrx_word' id='word_1_623' title='bbox 1032 1446 1079 1473; x_wconf 82' lang='grc' dir='ltr'><strong>τοῦ</strong></span> <span class='ocrx_word' id='word_1_624' title='bbox 1108 1445 1248 1482; x_wconf 80' lang='grc' dir='ltr'>μέλλοντος</span> <span class='ocrx_word' id='word_1_625' title='bbox 1278 1445 1451 1472; x_wconf 77' lang='grc' dir='ltr'>συνίστασθαι</span> <span class='ocrx_word' id='word_1_626' title='bbox 1481 1444 1632 1480; x_wconf 74' lang='grc' dir='ltr'>ἀνθρώπου,</span> <span class='ocrx_word' id='word_1_627' title='bbox 1661 1445 1692 1471; x_wconf 78' lang='grc' dir='ltr'>ὲν</span> <span class='ocrx_word' id='word_1_628' title='bbox 1724 1443 1822 1478; x_wconf 74' lang='grc' dir='ltr'>ἐκείνῃ</span> 
     </span>
    </p>
   </div>
   <div class='ocr_carea' id='block_1_90' title="bbox 1034 1488 1819 1528">
    <p class='ocr_par' dir='ltr' id='par_1_90' title="bbox 1034 1488 1819 1528">
     <span class='ocr_line' id='line_1_90' title="bbox 1034 1488 1819 1528; baseline -0.006 -10"><span class='ocrx_word' id='word_1_629' title='bbox 1034 1492 1092 1519; x_wconf 72' lang='grc' dir='ltr'>ἐστὶ</span> <span class='ocrx_word' id='word_1_630' title='bbox 1100 1493 1132 1528; x_wconf 83' lang='grc' dir='ltr'><strong>τῇ</strong></span> <span class='ocrx_word' id='word_1_631' title='bbox 1139 1492 1260 1528; x_wconf 79' lang='grc' dir='ltr'>δυνάμει,</span> <span class='ocrx_word' id='word_1_632' title='bbox 1266 1491 1391 1518; x_wconf 81' lang='grc' dir='ltr'>λανθάνει</span> <span class='ocrx_word' id='word_1_633' title='bbox 1397 1490 1426 1516; x_wconf 81' lang='grc' dir='ltr'><strong>δὲ</strong></span> <span class='ocrx_word' id='word_1_634' title='bbox 1432 1489 1476 1516; x_wconf 76' lang='grc' dir='ltr'>διὰ</span> <span class='ocrx_word' id='word_1_635' title='bbox 1483 1489 1513 1517; x_wconf 81' lang='grc' dir='ltr'>τὸ</span> <span class='ocrx_word' id='word_1_636' title='bbox 1520 1488 1644 1526; x_wconf 78' lang='grc' dir='ltr'>πρδςτῆς</span> <span class='ocrx_word' id='word_1_637' title='bbox 1655 1488 1819 1520; x_wconf 73' lang='grc' dir='ltr'>ἀκολουθίας</span> 
     </span>
    </p>
   </div>
   <div class='ocr_carea' id='block_1_91' title="bbox 1034 1533 1817 1573">
    <p class='ocr_par' dir='ltr' id='par_1_91' title="bbox 1034 1533 1817 1573">
     <span class='ocr_line' id='line_1_91' title="bbox 1034 1533 1817 1573; baseline -0.006 -9"><span class='ocrx_word' id='word_1_638' title='bbox 1034 1538 1140 1573; x_wconf 74' lang='grc' dir='ltr'>ἄδηλον,</span> <span class='ocrx_word' id='word_1_639' title='bbox 1151 1537 1200 1565; x_wconf 76' lang='grc' dir='ltr'>καὶ</span> <span class='ocrx_word' id='word_1_640' title='bbox 1210 1538 1226 1572; x_wconf 86' lang='grc' dir='ltr'>ἡ</span> <span class='ocrx_word' id='word_1_641' title='bbox 1235 1537 1307 1572; x_wconf 80' lang='grc' dir='ltr'>ψυχή</span> <span class='ocrx_word' id='word_1_642' title='bbox 1319 1537 1391 1564; x_wconf 76' lang='grc' dir='ltr'>ἐστιν</span> <span class='ocrx_word' id='word_1_643' title='bbox 1403 1537 1432 1564; x_wconf 86' lang='grc' dir='ltr'>ὲν</span> <span class='ocrx_word' id='word_1_644' title='bbox 1443 1536 1538 1571; x_wconf 85' lang='grc' dir='ltr'>ὲκείνῳ</span> <span class='ocrx_word' id='word_1_645' title='bbox 1548 1535 1595 1562; x_wconf 78' lang='grc' dir='ltr'>καὶ</span> <span class='ocrx_word' id='word_1_646' title='bbox 1605 1535 1642 1570; x_wconf 80' lang='grc' dir='ltr'>μὴ</span> <span class='ocrx_word' id='word_1_647' title='bbox 1655 1533 1817 1569; x_wconf 72' lang='grc' dir='ltr'>φαινομένη.</span> 
     </span>
    </p>
   </div>
   <div class='ocr_carea' id='block_1_92' title="bbox 1030 1578 1818 1618">
    <p class='ocr_par' dir='ltr' id='par_1_92' title="bbox 1030 1578 1818 1618">
     <span class='ocr_line' id='line_1_92' title="bbox 1030 1578 1818 1618; baseline -0.005 -9"><span class='ocrx_word' id='word_1_648' title='bbox 1030 1583 1180 1618; x_wconf 75' lang='grc' dir='ltr'>Φανήσεται</span> <span class='ocrx_word' id='word_1_649' title='bbox 1208 1582 1236 1609; x_wconf 83' lang='grc' dir='ltr'>δὲ</span> <span class='ocrx_word' id='word_1_650' title='bbox 1250 1583 1283 1617; x_wconf 82' lang='grc' dir='ltr'>τῇ</span> <span class='ocrx_word' id='word_1_651' title='bbox 1309 1583 1452 1617; x_wconf 79' lang='grc' dir='ltr'>σωματικῇ</span> <span class='ocrx_word' id='word_1_652' title='bbox 1479 1581 1591 1616; x_wconf 75' lang='grc' dir='ltr'>αὐξήσει</span> <span class='ocrx_word' id='word_1_653' title='bbox 1615 1578 1818 1615; x_wconf 80' lang='grc' dir='ltr'>συμπροῖοῦσα.</span> 
     </span>
    </p>
   </div>
   <div class='ocr_carea' id='block_1_93' title="bbox 1036 1624 1818 1662">
    <p class='ocr_par' dir='ltr' id='par_1_93' title="bbox 1036 1624 1818 1662">
     <span class='ocr_line' id='line_1_93' title="bbox 1036 1624 1818 1662; baseline -0.005 -8"><span class='ocrx_word' id='word_1_654' title='bbox 1036 1628 1112 1654; x_wconf 75' lang='grc' dir='ltr'>Ἐπεὶ</span> <span class='ocrx_word' id='word_1_655' title='bbox 1133 1628 1162 1654; x_wconf 82' lang='grc' dir='ltr'><strong>δὲ</strong></span> <span class='ocrx_word' id='word_1_656' title='bbox 1185 1627 1215 1659; x_wconf 80' lang='grc' dir='ltr'><strong>ἐξ</strong></span> <span class='ocrx_word' id='word_1_657' title='bbox 1228 1627 1350 1662; x_wconf 71' lang='grc' dir='ltr'>ἐμψύχου</span> <span class='ocrx_word' id='word_1_658' title='bbox 1367 1627 1415 1654; x_wconf 73' lang='grc' dir='ltr'>καὶ</span> <span class='ocrx_word' id='word_1_659' title='bbox 1435 1627 1535 1659; x_wconf 79' lang='grc' dir='ltr'>ζῶντος</span> <span class='ocrx_word' id='word_1_660' title='bbox 1552 1627 1571 1662; x_wconf 76' lang='grc' dir='ltr'><strong>ἡ</strong></span> <span class='ocrx_word' id='word_1_661' title='bbox 1587 1625 1657 1662; x_wconf 77' lang='grc' dir='ltr'><strong>πρὸς</strong></span> <span class='ocrx_word' id='word_1_662' title='bbox 1677 1626 1729 1661; x_wconf 80' lang='grc' dir='ltr'>τὴν</span> <span class='ocrx_word' id='word_1_663' title='bbox 1753 1624 1818 1651; x_wconf 56' lang='grc' dir='ltr'>σύλα</span> 
     </span>
    </p>
   </div>
   <div class='ocr_carea' id='block_1_94' title="bbox 1029 1667 1820 1708">
    <p class='ocr_par' dir='ltr' id='par_1_94' title="bbox 1029 1667 1820 1708">
     <span class='ocr_line' id='line_1_94' title="bbox 1029 1667 1820 1708; baseline -0.008 -9"><span class='ocrx_word' id='word_1_664' title='bbox 1029 1672 1110 1708; x_wconf 67' lang='grc' dir='ltr'>ληψιν</span> <span class='ocrx_word' id='word_1_665' title='bbox 1122 1672 1276 1707; x_wconf 75' lang='grc' dir='ltr'>ἐκκρίνεται</span> <span class='ocrx_word' id='word_1_666' title='bbox 1292 1671 1416 1706; x_wconf 78' lang='grc' dir='ltr'>δύναμις,</span> <span class='ocrx_word' id='word_1_667' title='bbox 1431 1671 1462 1697; x_wconf 74' lang='grc' dir='ltr'>οὗ</span> <span class='ocrx_word' id='word_1_668' title='bbox 1483 1670 1513 1697; x_wconf 79' lang='grc' dir='ltr'>τὸ</span> <span class='ocrx_word' id='word_1_669' title='bbox 1528 1669 1631 1704; x_wconf 59' lang='grc' dir='ltr'>ἄψυχον</span> <span class='ocrx_word' id='word_1_670' title='bbox 1654 1667 1723 1694; x_wconf 79' lang='grc' dir='ltr'>εἶναι</span> <span class='ocrx_word' id='word_1_671' title='bbox 1737 1667 1766 1694; x_wconf 77' lang='grc' dir='ltr'><strong>τὺ</strong></span> <span class='ocrx_word' id='word_1_672' title='bbox 1776 1667 1820 1698; x_wconf 83' lang='grc' dir='ltr'>εἰς</span> 
     </span>
    </p>
   </div>
   <div class='ocr_carea' id='block_1_95' title="bbox 1031 1713 1819 1754">
    <p class='ocr_par' dir='ltr' id='par_1_95' title="bbox 1031 1713 1819 1754">
     <span class='ocr_line' id='line_1_95' title="bbox 1031 1713 1819 1754; baseline -0.008 -9"><span class='ocrx_word' id='word_1_673' title='bbox 1031 1719 1103 1754; x_wconf 78' lang='grc' dir='ltr'>ζωὴν</span> <span class='ocrx_word' id='word_1_674' title='bbox 1127 1718 1300 1754; x_wconf 82' lang='grc' dir='ltr'>προϊέμενον,</span> <span class='ocrx_word' id='word_1_675' title='bbox 1326 1718 1373 1744; x_wconf 77' lang='grc' dir='ltr'>καὶ</span> <span class='ocrx_word' id='word_1_676' title='bbox 1399 1716 1490 1751; x_wconf 79' lang='grc' dir='ltr'>ὥσπερ</span> <span class='ocrx_word' id='word_1_677' title='bbox 1517 1715 1586 1742; x_wconf 76' lang='grc' dir='ltr'>κατὰ</span> <span class='ocrx_word' id='word_1_678' title='bbox 1609 1714 1640 1741; x_wconf 76' lang='grc' dir='ltr'>τὸ</span> <span class='ocrx_word' id='word_1_679' title='bbox 1660 1713 1819 1749; x_wconf 75' lang='grc' dir='ltr'>σωματικὸν</span> 
     </span>
    </p>
   </div>
   <div class='ocr_carea' id='block_1_96' title="bbox 1031 1758 1817 1798">
    <p class='ocr_par' dir='ltr' id='par_1_96' title="bbox 1031 1758 1817 1798">
     <span class='ocr_line' id='line_1_96' title="bbox 1031 1758 1817 1798; baseline -0.009 -8"><span class='ocrx_word' id='word_1_680' title='bbox 1031 1763 1124 1795; x_wconf 76' lang='grc' dir='ltr'>αὑτοῦ,</span> <span class='ocrx_word' id='word_1_681' title='bbox 1143 1763 1173 1789; x_wconf 74' lang='grc' dir='ltr'>οὐ</span> <span class='ocrx_word' id='word_1_682' title='bbox 1187 1762 1281 1798; x_wconf 83' lang='grc' dir='ltr'>σάρκα</span> <span class='ocrx_word' id='word_1_683' title='bbox 1293 1763 1385 1797; x_wconf 80' lang='grc' dir='ltr'>φαμὲν</span> <span class='ocrx_word' id='word_1_684' title='bbox 1398 1760 1465 1788; x_wconf 72' lang='grc' dir='ltr'>αὐτὸ</span> <span class='ocrx_word' id='word_1_685' title='bbox 1485 1761 1535 1787; x_wconf 73' lang='grc' dir='ltr'>καὶ</span> <span class='ocrx_word' id='word_1_686' title='bbox 1549 1759 1641 1792; x_wconf 78' lang='grc' dir='ltr'>ὀστέα,</span> <span class='ocrx_word' id='word_1_687' title='bbox 1656 1759 1704 1785; x_wconf 73' lang='grc' dir='ltr'><strong>καὶ</strong></span> <span class='ocrx_word' id='word_1_688' title='bbox 1721 1758 1817 1793; x_wconf 78' lang='grc' dir='ltr'>τρίχας</span> 
     </span>
    </p>
   </div>
   <div class='ocr_carea' id='block_1_97' title="bbox 1031 1802 1815 1843">
    <p class='ocr_par' dir='ltr' id='par_1_97' title="bbox 1031 1802 1815 1843">
     <span class='ocr_line' id='line_1_97' title="bbox 1031 1802 1815 1843; baseline -0.009 -7"><span class='ocrx_word' id='word_1_689' title='bbox 1031 1810 1078 1837; x_wconf 74' lang='grc' dir='ltr'><strong>καὶ</strong></span> <span class='ocrx_word' id='word_1_690' title='bbox 1091 1809 1124 1836; x_wconf 79' lang='grc' dir='ltr'><strong>τὰ</strong></span> <span class='ocrx_word' id='word_1_691' title='bbox 1141 1809 1232 1840; x_wconf 79' lang='grc' dir='ltr'>λοιπὰ,</span> <span class='ocrx_word' id='word_1_692' title='bbox 1254 1808 1322 1835; x_wconf 72' lang='grc' dir='ltr'>ἀλλὰ</span> <span class='ocrx_word' id='word_1_693' title='bbox 1337 1809 1369 1843; x_wconf 82' lang='grc' dir='ltr'>τῇ</span> <span class='ocrx_word' id='word_1_694' title='bbox 1390 1807 1501 1842; x_wconf 83' lang='grc' dir='ltr'>δυνάμει</span> <span class='ocrx_word' id='word_1_695' title='bbox 1524 1807 1639 1833; x_wconf 72' lang='grc' dir='ltr'>ἕκαστον</span> <span class='ocrx_word' id='word_1_696' title='bbox 1664 1804 1712 1831; x_wconf 75' lang='grc' dir='ltr'>τοῦ</span> <span class='ocrx_word' id='word_1_697' title='bbox 1727 1802 1815 1830; x_wconf 67' lang='grc' dir='ltr'>εἶναι’</span> 
     </span>
    </p>
   </div>
   <div class='ocr_carea' id='block_1_98' title="bbox 1031 1847 1818 1888">
    <p class='ocr_par' dir='ltr' id='par_1_98' title="bbox 1031 1847 1818 1888">
     <span class='ocr_line' id='line_1_98' title="bbox 1031 1847 1818 1888; baseline -0.009 -7"><span class='ocrx_word' id='word_1_698' title='bbox 1031 1855 1117 1886; x_wconf 76' lang='grc' dir='ltr'>οὕτως</span> <span class='ocrx_word' id='word_1_699' title='bbox 1137 1854 1184 1881; x_wconf 84' lang='grc' dir='ltr'>καὶ</span> <span class='ocrx_word' id='word_1_700' title='bbox 1203 1853 1249 1880; x_wconf 79' lang='grc' dir='ltr'><strong>ἐπὶ</strong></span> <span class='ocrx_word' id='word_1_701' title='bbox 1263 1852 1311 1879; x_wconf 85' lang='grc' dir='ltr'><strong>τοῦ</strong></span> <span class='ocrx_word' id='word_1_702' title='bbox 1325 1852 1442 1888; x_wconf 75' lang='grc' dir='ltr'>ψυχικοῦ</span> <span class='ocrx_word' id='word_1_703' title='bbox 1452 1872 1460 1884; x_wconf 85' lang='lat'><strong>,</strong></span> <span class='ocrx_word' id='word_1_704' title='bbox 1475 1851 1552 1878; x_wconf 79' lang='grc' dir='ltr'><strong>οῠπω</strong></span> <span class='ocrx_word' id='word_1_705' title='bbox 1565 1851 1596 1877; x_wconf 75' lang='grc' dir='ltr'>τὸ</span> <span class='ocrx_word' id='word_1_706' title='bbox 1610 1849 1731 1883; x_wconf 75' lang='grc' dir='ltr'>λογικὸν,</span> <span class='ocrx_word' id='word_1_707' title='bbox 1744 1849 1773 1875; x_wconf 74' lang='grc' dir='ltr'>οὗ</span> <span class='ocrx_word' id='word_1_708' title='bbox 1786 1847 1818 1875; x_wconf 71' lang='grc' dir='ltr'><strong>τὸ</strong></span> 
     </span>
    </p>
   </div>
   <div class='ocr_carea' id='block_1_99' title="bbox 1033 1895 1817 1936">
    <p class='ocr_par' dir='ltr' id='par_1_99' title="bbox 1033 1895 1817 1936">
     <span class='ocr_line' id='line_1_99' title="bbox 1033 1895 1817 1936; baseline -0.009 -9"><span class='ocrx_word' id='word_1_709' title='bbox 1033 1900 1157 1936; x_wconf 79' lang='grc' dir='ltr'>θυμικὸν,</span> <span class='ocrx_word' id='word_1_710' title='bbox 1181 1899 1240 1926; x_wconf 70' lang='grc' dir='ltr'>οὐδὲ</span> <span class='ocrx_word' id='word_1_711' title='bbox 1266 1899 1297 1925; x_wconf 82' lang='grc' dir='ltr'>τὸ</span> <span class='ocrx_word' id='word_1_712' title='bbox 1319 1897 1515 1934; x_wconf 70' lang='grc' dir='ltr'>ἐπιθυμητικὸν</span> <span class='ocrx_word' id='word_1_713' title='bbox 1528 1919 1537 1929; x_wconf 84' lang='grc'><em>,</em></span> <span class='ocrx_word' id='word_1_714' title='bbox 1558 1896 1605 1923; x_wconf 78' lang='grc' dir='ltr'>καὶ</span> <span class='ocrx_word' id='word_1_715' title='bbox 1621 1897 1656 1922; x_wconf 69' lang='grc' dir='ltr'><strong>τὰ</strong></span> <span class='ocrx_word' id='word_1_716' title='bbox 1678 1895 1760 1922; x_wconf 76' lang='grc' dir='ltr'>λοιπὰ</span> <span class='ocrx_word' id='word_1_717' title='bbox 1782 1895 1817 1921; x_wconf 77' lang='grc' dir='ltr'>τὰ</span> 
     </span>
    </p>
   </div>
   <div class='ocr_carea' id='block_1_100' title="bbox 1034 1941 1816 1981">
    <p class='ocr_par' dir='ltr' id='par_1_100' title="bbox 1034 1941 1816 1981">
     <span class='ocr_line' id='line_1_100' title="bbox 1034 1941 1816 1981; baseline -0.008 -9"><span class='ocrx_word' id='word_1_718' title='bbox 1034 1946 1098 1981; x_wconf 77' lang='grc' dir='ltr'>περὶ</span> <span class='ocrx_word' id='word_1_719' title='bbox 1111 1945 1198 1980; x_wconf 75' lang='grc' dir='ltr'>ψυχὴν</span> <span class='ocrx_word' id='word_1_720' title='bbox 1218 1945 1247 1971; x_wconf 84' lang='grc' dir='ltr'>ὲν</span> <span class='ocrx_word' id='word_1_721' title='bbox 1266 1944 1362 1978; x_wconf 79' lang='grc' dir='ltr'>ἐκείνῳ</span> <span class='ocrx_word' id='word_1_722' title='bbox 1379 1941 1459 1976; x_wconf 78' lang='grc' dir='ltr'>εἶναι,</span> <span class='ocrx_word' id='word_1_723' title='bbox 1477 1943 1544 1970; x_wconf 81' lang='grc' dir='ltr'>ἀλλὰ</span> <span class='ocrx_word' id='word_1_724' title='bbox 1571 1944 1604 1978; x_wconf 81' lang='grc' dir='ltr'><strong>τῇ</strong></span> <span class='ocrx_word' id='word_1_725' title='bbox 1631 1942 1678 1968; x_wconf 80' lang='grc' dir='ltr'>τοῦ</span> <span class='ocrx_word' id='word_1_726' title='bbox 1694 1941 1816 1976; x_wconf 83' lang='grc' dir='ltr'>σώματος</span> 
     </span>
    </p>
   </div>
   <div class='ocr_carea' id='block_1_101' title="bbox 1034 1985 1818 2026">
    <p class='ocr_par' dir='ltr' id='par_1_101' title="bbox 1034 1985 1818 2026">
     <span class='ocr_line' id='line_1_101' title="bbox 1034 1985 1818 2026; baseline -0.006 -9"><span class='ocrx_word' id='word_1_727' title='bbox 1034 1991 1201 2026; x_wconf 76' lang='grc' dir='ltr'>κατασκευῇ,</span> <span class='ocrx_word' id='word_1_728' title='bbox 1216 1990 1264 2016; x_wconf 73' lang='grc' dir='ltr'>καὶ</span> <span class='ocrx_word' id='word_1_729' title='bbox 1279 1989 1328 2022; x_wconf 82' lang='grc' dir='ltr'>τὰς</span> <span class='ocrx_word' id='word_1_730' title='bbox 1348 1989 1397 2024; x_wconf 81' lang='grc' dir='ltr'><strong>τῆς</strong></span> <span class='ocrx_word' id='word_1_731' title='bbox 1410 1989 1499 2024; x_wconf 77' lang='grc' dir='ltr'>ψυχῆς</span> <span class='ocrx_word' id='word_1_732' title='bbox 1524 1987 1664 2024; x_wconf 74' lang='grc' dir='ltr'>ἐνεργείας</span> <span class='ocrx_word' id='word_1_733' title='bbox 1687 1985 1818 2018; x_wconf 77' lang='grc' dir='ltr'>συναυξᾶ-</span> 
     </span>
    </p>
   </div>
   <div class='ocr_carea' id='block_1_102' title="bbox 1035 2032 1816 2072">
    <p class='ocr_par' dir='ltr' id='par_1_102' title="bbox 1035 2032 1816 2072">
     <span class='ocr_line' id='line_1_102' title="bbox 1035 2032 1816 2072; baseline -0.006 -9"><span class='ocrx_word' id='word_1_734' title='bbox 1035 2037 1137 2064; x_wconf 82' lang='grc' dir='ltr'>νεσθαι.</span> <span class='ocrx_word' id='word_1_735' title='bbox 1153 2037 1318 2072; x_wconf 88' lang='grc' dir='ltr'>Προηγεῖται</span> <span class='ocrx_word' id='word_1_736' title='bbox 1337 2035 1365 2062; x_wconf 81' lang='grc' dir='ltr'><strong>δὲ</strong></span> <span class='ocrx_word' id='word_1_737' title='bbox 1379 2036 1407 2061; x_wconf 82' lang='grc' dir='ltr'>ὲν</span> <span class='ocrx_word' id='word_1_738' title='bbox 1422 2035 1517 2070; x_wconf 81' lang='grc' dir='ltr'>πρώτῃ</span> <span class='ocrx_word' id='word_1_739' title='bbox 1536 2034 1692 2068; x_wconf 78' lang='grc' dir='ltr'>κατασκευῇ</span> <span class='ocrx_word' id='word_1_740' title='bbox 1706 2033 1723 2067; x_wconf 80' lang='grc' dir='ltr'><strong>ἡ</strong></span> <span class='ocrx_word' id='word_1_741' title='bbox 1736 2032 1816 2067; x_wconf 78' lang='grc' dir='ltr'><strong>αὐξη-</strong></span> 
     </span>
    </p>
   </div>
   <div class='ocr_carea' id='block_1_103' title="bbox 1034 2078 1817 2118">
    <p class='ocr_par' dir='ltr' id='par_1_103' title="bbox 1034 2078 1817 2118">
     <span class='ocr_line' id='line_1_103' title="bbox 1034 2078 1817 2118; baseline -0.006 -9"><span class='ocrx_word' id='word_1_742' title='bbox 1034 2083 1097 2118; x_wconf 85' lang='grc' dir='ltr'>τική</span> <span class='ocrx_word' id='word_1_743' title='bbox 1124 2091 1154 2108; x_wconf 86' lang='grc' dir='ltr'><strong>τε</strong></span> <span class='ocrx_word' id='word_1_744' title='bbox 1169 2082 1217 2109; x_wconf 72' lang='grc' dir='ltr'>καὶ</span> <span class='ocrx_word' id='word_1_745' title='bbox 1237 2081 1369 2117; x_wconf 86' lang='grc' dir='ltr'>θρεπτικὴ</span> <span class='ocrx_word' id='word_1_746' title='bbox 1394 2081 1461 2116; x_wconf 84' lang='grc' dir='ltr'>μόνη</span> <span class='ocrx_word' id='word_1_747' title='bbox 1483 2080 1607 2115; x_wconf 76' lang='grc' dir='ltr'>δύναμις.</span> <span class='ocrx_word' id='word_1_748' title='bbox 1631 2079 1669 2105; x_wconf 75' lang='grc' dir='ltr'><strong>Οὐ</strong></span> <span class='ocrx_word' id='word_1_749' title='bbox 1685 2078 1741 2114; x_wconf 77' lang='grc' dir='ltr'><strong>γὰρ</strong></span> <span class='ocrx_word' id='word_1_750' title='bbox 1766 2087 1817 2114; x_wconf 78' lang='grc' dir='ltr'><strong>χω-</strong></span> 
     </span>
    </p>
   </div>
   <div class='ocr_carea' id='block_1_104' title="bbox 1037 2121 1816 2162">
    <p class='ocr_par' dir='ltr' id='par_1_104' title="bbox 1037 2121 1816 2162">
     <span class='ocr_line' id='line_1_104' title="bbox 1037 2121 1816 2162; baseline -0.005 -9"><span class='ocrx_word' id='word_1_751' title='bbox 1037 2128 1079 2162; x_wconf 83' lang='grc' dir='ltr'><strong>ρεῖ</strong></span> <span class='ocrx_word' id='word_1_752' title='bbox 1097 2126 1176 2153; x_wconf 81' lang='grc' dir='ltr'>πλέον</span> <span class='ocrx_word' id='word_1_753' title='bbox 1190 2127 1207 2161; x_wconf 87' lang='grc' dir='ltr'>ὴ</span> <span class='ocrx_word' id='word_1_754' title='bbox 1234 2125 1280 2152; x_wconf 82' lang='grc' dir='ltr'>τοῦ</span> <span class='ocrx_word' id='word_1_755' title='bbox 1301 2125 1445 2160; x_wconf 84' lang='grc' dir='ltr'>δεχομένου</span> <span class='ocrx_word' id='word_1_756' title='bbox 1466 2124 1614 2160; x_wconf 82' lang='grc' dir='ltr'><strong>βραχύτης.</strong></span> <span class='ocrx_word' id='word_1_757' title='bbox 1637 2121 1704 2150; x_wconf 81' lang='grc' dir='ltr'>Εἶτα</span> <span class='ocrx_word' id='word_1_758' title='bbox 1722 2123 1816 2158; x_wconf 82' lang='grc' dir='ltr'>προελ-</span> 
     </span>
    </p>
   </div>
   <div class='ocr_carea' id='block_1_105' title="bbox 1038 2169 1817 2206">
    <p class='ocr_par' dir='ltr' id='par_1_105' title="bbox 1038 2169 1817 2206">
     <span class='ocr_line' id='line_1_105' title="bbox 1038 2169 1817 2206; baseline -0.006 -7"><span class='ocrx_word' id='word_1_759' title='bbox 1038 2173 1110 2199; x_wconf 82' lang='grc' dir='ltr'>θόντι</span> <span class='ocrx_word' id='word_1_760' title='bbox 1127 2173 1166 2203; x_wconf 78' lang='grc' dir='ltr'><strong>εἰς</strong></span> <span class='ocrx_word' id='word_1_761' title='bbox 1183 2171 1239 2206; x_wconf 84' lang='grc' dir='ltr'><strong>φῶς</strong></span> <span class='ocrx_word' id='word_1_762' title='bbox 1250 2191 1258 2204; x_wconf 85' lang='lat'><strong>,</strong></span> <span class='ocrx_word' id='word_1_763' title='bbox 1274 2171 1292 2206; x_wconf 83' lang='grc' dir='ltr'>ὴ</span> <span class='ocrx_word' id='word_1_764' title='bbox 1316 2170 1460 2206; x_wconf 79' lang='grc' dir='ltr'>αἰσθητικὴ</span> <span class='ocrx_word' id='word_1_765' title='bbox 1476 2170 1555 2205; x_wconf 80' lang='grc' dir='ltr'>χάρις</span> <span class='ocrx_word' id='word_1_766' title='bbox 1579 2169 1701 2200; x_wconf 77' lang='grc' dir='ltr'>ἐπανθεῖ,</span> <span class='ocrx_word' id='word_1_767' title='bbox 1719 2169 1817 2204; x_wconf 78' lang='grc' dir='ltr'>ἀνδρω-</span> 
     </span>
    </p>
   </div>
   <div class='ocr_carea' id='block_1_106' title="bbox 1038 2214 1816 2252">
    <p class='ocr_par' dir='ltr' id='par_1_106' title="bbox 1038 2214 1816 2252">
     <span class='ocr_line' id='line_1_106' title="bbox 1038 2214 1816 2252; baseline -0.006 -7"><span class='ocrx_word' id='word_1_768' title='bbox 1038 2218 1111 2245; x_wconf 83' lang='grc' dir='ltr'>θέντι</span> <span class='ocrx_word' id='word_1_769' title='bbox 1127 2217 1156 2245; x_wconf 74' lang='grc' dir='ltr'>δὲ</span> <span class='ocrx_word' id='word_1_770' title='bbox 1174 2219 1191 2252; x_wconf 85' lang='grc' dir='ltr'><strong>ἡ</strong></span> <span class='ocrx_word' id='word_1_771' title='bbox 1212 2216 1307 2252; x_wconf 82' lang='grc' dir='ltr'>λογικὴ</span> <span class='ocrx_word' id='word_1_772' title='bbox 1319 2215 1465 2251; x_wconf 83' lang='grc' dir='ltr'>διαλάμπει</span> <span class='ocrx_word' id='word_1_773' title='bbox 1487 2215 1616 2250; x_wconf 72' lang='grc' dir='ltr'>δύναμιςο</span> <span class='ocrx_word' id='word_1_774' title='bbox 1645 2214 1674 2241; x_wconf 76' lang='grc' dir='ltr'>οὐ</span> <span class='ocrx_word' id='word_1_775' title='bbox 1695 2215 1770 2241; x_wconf 78' lang='grc' dir='ltr'>πᾶσα</span> <span class='ocrx_word' id='word_1_776' title='bbox 1789 2214 1816 2240; x_wconf 77' lang='grc' dir='ltr'><strong>δὲ</strong></span> 
     </span>
    </p>
   </div>
   <div class='ocr_carea' id='block_1_107' title="bbox 1037 2260 1814 2299">
    <p class='ocr_par' dir='ltr' id='par_1_107' title="bbox 1037 2260 1814 2299">
     <span class='ocr_line' id='line_1_107' title="bbox 1037 2260 1814 2299; baseline -0.006 -9"><span class='ocrx_word' id='word_1_777' title='bbox 1037 2263 1152 2299; x_wconf 83' lang='grc' dir='ltr'>ἁθρόως,</span> <span class='ocrx_word' id='word_1_778' title='bbox 1167 2262 1235 2289; x_wconf 84' lang='grc' dir='ltr'><strong>ἀλλὰ</strong></span> <span class='ocrx_word' id='word_1_779' title='bbox 1247 2263 1281 2298; x_wconf 80' lang='grc' dir='ltr'><strong>τῇ</strong></span> <span class='ocrx_word' id='word_1_780' title='bbox 1300 2261 1345 2288; x_wconf 80' lang='grc' dir='ltr'>τοῦ</span> <span class='ocrx_word' id='word_1_781' title='bbox 1360 2261 1475 2297; x_wconf 79' lang='grc' dir='ltr'>ὀργάνου</span> <span class='ocrx_word' id='word_1_782' title='bbox 1489 2260 1627 2287; x_wconf 86' lang='grc' dir='ltr'>τελειώσει</span> <span class='ocrx_word' id='word_1_783' title='bbox 1642 2260 1814 2292; x_wconf 69' lang='grc' dir='ltr'>συναύξουσι,</span> 
     </span>
    </p>
   </div>
   <div class='ocr_carea' id='block_1_108' title="bbox 1037 2303 1814 2344">
    <p class='ocr_par' dir='ltr' id='par_1_108' title="bbox 1037 2303 1814 2344">
     <span class='ocr_line' id='line_1_108' title="bbox 1037 2303 1814 2344; baseline -0.005 -9"><span class='ocrx_word' id='word_1_784' title='bbox 1037 2309 1098 2335; x_wconf 82' lang='grc' dir='ltr'>ὅσον</span> <span class='ocrx_word' id='word_1_785' title='bbox 1115 2310 1198 2344; x_wconf 78' lang='grc' dir='ltr'>χωρεῖ</span> <span class='ocrx_word' id='word_1_786' title='bbox 1222 2307 1270 2334; x_wconf 75' lang='grc' dir='ltr'>τοῦ</span> <span class='ocrx_word' id='word_1_787' title='bbox 1293 2307 1471 2342; x_wconf 79' lang='grc' dir='ltr'>ὑποκειμένου</span> <span class='ocrx_word' id='word_1_788' title='bbox 1498 2307 1513 2342; x_wconf 78' lang='grc' dir='ltr'>ἡ</span> <span class='ocrx_word' id='word_1_789' title='bbox 1531 2306 1656 2341; x_wconf 84' lang='grc' dir='ltr'>δύναμις.</span> <span class='ocrx_word' id='word_1_790' title='bbox 1675 2305 1760 2340; x_wconf 78' lang='grc' dir='ltr'>Δῆλον</span> <span class='ocrx_word' id='word_1_791' title='bbox 1773 2303 1814 2332; x_wconf 69' lang='grc' dir='ltr'>οὖν</span> 
     </span>
    </p>
   </div>
   <div class='ocr_carea' id='block_1_109' title="bbox 1038 2351 1815 2389">
    <p class='ocr_par' dir='ltr' id='par_1_109' title="bbox 1038 2351 1815 2389">
     <span class='ocr_line' id='line_1_109' title="bbox 1038 2351 1815 2389; baseline -0.004 -9"><span class='ocrx_word' id='word_1_792' title='bbox 1038 2355 1075 2387; x_wconf 85' lang='grc' dir='ltr'><strong>ὡς</strong></span> <span class='ocrx_word' id='word_1_793' title='bbox 1092 2355 1142 2380; x_wconf 84' lang='grc' dir='ltr'>οὐκ</span> <span class='ocrx_word' id='word_1_794' title='bbox 1157 2353 1258 2389; x_wconf 71' lang='grc' dir='ltr'>ἄψυχον</span> <span class='ocrx_word' id='word_1_795' title='bbox 1271 2352 1301 2380; x_wconf 82' lang='grc' dir='ltr'>τὸ</span> <span class='ocrx_word' id='word_1_796' title='bbox 1313 2354 1345 2379; x_wconf 80' lang='grc' dir='ltr'>ὲκ</span> <span class='ocrx_word' id='word_1_797' title='bbox 1358 2352 1404 2380; x_wconf 79' lang='grc' dir='ltr'><strong>τοῦ</strong></span> <span class='ocrx_word' id='word_1_798' title='bbox 1417 2352 1516 2384; x_wconf 84' lang='grc' dir='ltr'>ζῶντος</span> <span class='ocrx_word' id='word_1_799' title='bbox 1531 2351 1707 2378; x_wconf 80' lang='grc' dir='ltr'>ἀποσπασθὲν</span> <span class='ocrx_word' id='word_1_800' title='bbox 1731 2351 1815 2386; x_wconf 77' lang='grc' dir='ltr'>σώμα-</span> 
     </span>
    </p>
   </div>
   <div class='ocr_carea' id='block_1_110' title="bbox 1038 2397 1815 2435">
    <p class='ocr_par' dir='ltr' id='par_1_110' title="bbox 1038 2397 1815 2435">
     <span class='ocr_line' id='line_1_110' title="bbox 1038 2397 1815 2435; baseline -0.004 -9"><span class='ocrx_word' id='word_1_801' title='bbox 1038 2408 1096 2432; x_wconf 83' lang='grc' dir='ltr'>τος,</span> <span class='ocrx_word' id='word_1_802' title='bbox 1105 2399 1172 2435; x_wconf 76' lang='grc' dir='ltr'><strong>πρὸς</strong></span> <span class='ocrx_word' id='word_1_803' title='bbox 1187 2399 1236 2435; x_wconf 82' lang='grc' dir='ltr'>τὴν</span> <span class='ocrx_word' id='word_1_804' title='bbox 1246 2399 1291 2425; x_wconf 81' lang='grc' dir='ltr'>τοῦ</span> <span class='ocrx_word' id='word_1_805' title='bbox 1302 2399 1370 2431; x_wconf 84' lang='grc' dir='ltr'>ζώου</span> <span class='ocrx_word' id='word_1_806' title='bbox 1383 2398 1463 2433; x_wconf 80' lang='grc' dir='ltr'>φύσιν</span> <span class='ocrx_word' id='word_1_807' title='bbox 1474 2397 1583 2433; x_wconf 77' lang='grc' dir='ltr'>ὲνετέθη</span> <span class='ocrx_word' id='word_1_808' title='bbox 1595 2397 1635 2433; x_wconf 83' lang='grc' dir='ltr'>τῷ</span> <span class='ocrx_word' id='word_1_809' title='bbox 1648 2397 1815 2433; x_wconf 68' lang='grc' dir='ltr'>ἐργαστηρίῳ</span> 
     </span>
    </p>
   </div>
   <div class='ocr_carea' id='block_1_111' title="bbox 1038 2445 1221 2481">
    <p class='ocr_par' dir='ltr' id='par_1_111' title="bbox 1038 2445 1221 2481">
     <span class='ocr_line' id='line_1_111' title="bbox 1038 2445 1221 2481; baseline 0 -9"><span class='ocrx_word' id='word_1_810' title='bbox 1038 2446 1086 2481; x_wconf 80' lang='grc' dir='ltr'><strong>τῆς</strong></span> <span class='ocrx_word' id='word_1_811' title='bbox 1105 2445 1221 2480; x_wconf 80' lang='grc' dir='ltr'>φύσεως.</span> 
     </span>
    </p>
   </div>
   <div class='ocr_carea' id='block_1_112' title="bbox 1076 2531 1814 2569">
    <p class='ocr_par' dir='ltr' id='par_1_112' title="bbox 1076 2531 1814 2569">
     <span class='ocr_line' id='line_1_112' title="bbox 1076 2531 1814 2569; baseline -0.004 -9"><span class='ocrx_word' id='word_1_812' title='bbox 1076 2534 1142 2569; x_wconf 73' lang='lat'><strong>(97‘)</strong></span> <span class='ocrx_word' id='word_1_813' title='bbox 1159 2533 1256 2560; x_wconf 73' lang='grc' dir='ltr'>’ἰστέον</span> <span class='ocrx_word' id='word_1_814' title='bbox 1267 2533 1305 2566; x_wconf 79' lang='grc' dir='ltr'><strong>δὲ,</strong></span> <span class='ocrx_word' id='word_1_815' title='bbox 1319 2533 1342 2559; x_wconf 83' lang='grc' dir='ltr'><strong>εί</strong></span> <span class='ocrx_word' id='word_1_816' title='bbox 1353 2533 1439 2565; x_wconf 70' lang='grc' dir='ltr'>οὕτως</span> <span class='ocrx_word' id='word_1_817' title='bbox 1451 2533 1518 2568; x_wconf 80' lang='grc' dir='ltr'>ἔχει,</span> <span class='ocrx_word' id='word_1_818' title='bbox 1533 2532 1593 2559; x_wconf 78' lang='grc' dir='ltr'>τὰτε</span> <span class='ocrx_word' id='word_1_819' title='bbox 1610 2531 1723 2566; x_wconf 81' lang='grc' dir='ltr'>τοιαύτη</span> <span class='ocrx_word' id='word_1_820' title='bbox 1749 2532 1814 2566; x_wconf 69' lang='grc' dir='ltr'>γίνεα</span> 
     </span>
    </p>
   </div>
   <div class='ocr_carea' id='block_1_113' title="bbox 1039 2576 1814 2615">
    <p class='ocr_par' dir='ltr' id='par_1_113' title="bbox 1039 2576 1814 2615">
     <span class='ocr_line' id='line_1_113' title="bbox 1039 2576 1814 2615; baseline -0.006 -9"><span class='ocrx_word' id='word_1_821' title='bbox 1039 2589 1084 2607; x_wconf 76' lang='grc' dir='ltr'><strong>ται</strong></span> <span class='ocrx_word' id='word_1_822' title='bbox 1096 2581 1112 2615; x_wconf 82' lang='grc' dir='ltr'><strong>ὴ</strong></span> <span class='ocrx_word' id='word_1_823' title='bbox 1125 2580 1158 2605; x_wconf 86' lang='grc' dir='ltr'>ὲκ</span> <span class='ocrx_word' id='word_1_824' title='bbox 1173 2577 1219 2605; x_wconf 80' lang='grc' dir='ltr'><strong>τοῦ</strong></span> <span class='ocrx_word' id='word_1_825' title='bbox 1238 2578 1332 2613; x_wconf 81' lang='grc' dir='ltr'><strong>ἀνδρὸς</strong></span> <span class='ocrx_word' id='word_1_826' title='bbox 1354 2578 1446 2613; x_wconf 81' lang='grc' dir='ltr'>ἕκροια</span> <span class='ocrx_word' id='word_1_827' title='bbox 1458 2598 1465 2609; x_wconf 92' lang='grc'>,</span> <span class='ocrx_word' id='word_1_828' title='bbox 1482 2578 1526 2603; x_wconf 79' lang='grc' dir='ltr'>ὅτε</span> <span class='ocrx_word' id='word_1_829' title='bbox 1541 2578 1554 2603; x_wconf 82' lang='grc' dir='ltr'>ὁ</span> <span class='ocrx_word' id='word_1_830' title='bbox 1569 2576 1636 2608; x_wconf 81' lang='grc' dir='ltr'><strong>Θεὸς</strong></span> <span class='ocrx_word' id='word_1_831' title='bbox 1653 2576 1759 2612; x_wconf 74' lang='grc' dir='ltr'>θελήσει</span> <span class='ocrx_word' id='word_1_832' title='bbox 1773 2585 1814 2610; x_wconf 73' lang='grc' dir='ltr'>γε-</span> 
     </span>
    </p>
   </div>
   <div class='ocr_carea' id='block_1_114' title="bbox 1041 2622 1813 2660">
    <p class='ocr_par' dir='ltr' id='par_1_114' title="bbox 1041 2622 1813 2660">
     <span class='ocr_line' id='line_1_114' title="bbox 1041 2622 1813 2660; baseline -0.006 -7"><span class='ocrx_word' id='word_1_833' title='bbox 1041 2626 1134 2654; x_wconf 77' lang='grc' dir='ltr'>νέσθαι</span> <span class='ocrx_word' id='word_1_834' title='bbox 1158 2624 1319 2660; x_wconf 59' lang='grc' dir='ltr'>ἄνθρωπον</span> <span class='ocrx_word' id='word_1_835' title='bbox 1349 2624 1373 2649; x_wconf 84' lang='grc' dir='ltr'>εἰ</span> <span class='ocrx_word' id='word_1_836' title='bbox 1399 2624 1427 2649; x_wconf 76' lang='grc' dir='ltr'>δὲ</span> <span class='ocrx_word' id='word_1_837' title='bbox 1457 2622 1504 2658; x_wconf 81' lang='grc' dir='ltr'><strong>μὴ,</strong></span> <span class='ocrx_word' id='word_1_838' title='bbox 1531 2623 1589 2649; x_wconf 78' lang='grc' dir='ltr'>ἔστι</span> <span class='ocrx_word' id='word_1_839' title='bbox 1613 2622 1714 2656; x_wconf 79' lang='grc' dir='ltr'><strong>κωφή·</strong></span> <span class='ocrx_word' id='word_1_840' title='bbox 1730 2623 1752 2649; x_wconf 84' lang='grc' dir='ltr'><strong>ει</strong></span> <span class='ocrx_word' id='word_1_841' title='bbox 1773 2622 1813 2648; x_wconf 76' lang='grc' dir='ltr'><strong>λαὶ</strong></span> 
     </span>
    </p>
   </div>
   <div class='ocr_carea' id='block_1_115' title="bbox 1042 2667 1814 2705">
    <p class='ocr_par' dir='ltr' id='par_1_115' title="bbox 1042 2667 1814 2705">
     <span class='ocr_line' id='line_1_115' title="bbox 1042 2667 1814 2705; baseline -0.006 -7"><span class='ocrx_word' id='word_1_842' title='bbox 1042 2672 1096 2705; x_wconf 76' lang='grc' dir='ltr'><strong>ἔξω</strong></span> <span class='ocrx_word' id='word_1_843' title='bbox 1106 2671 1184 2697; x_wconf 78' lang='grc' dir='ltr'>τοῦτο</span> <span class='ocrx_word' id='word_1_844' title='bbox 1202 2669 1312 2701; x_wconf 81' lang='grc' dir='ltr'>εἰκότως</span> <span class='ocrx_word' id='word_1_845' title='bbox 1336 2668 1411 2694; x_wconf 81' lang='grc' dir='ltr'>λαλεῖ</span> <span class='ocrx_word' id='word_1_846' title='bbox 1430 2677 1472 2700; x_wconf 82' lang='grc' dir='ltr'>τις</span> <span class='ocrx_word' id='word_1_847' title='bbox 1495 2668 1548 2694; x_wconf 84' lang='grc' dir='ltr'>τῶν</span> <span class='ocrx_word' id='word_1_848' title='bbox 1574 2668 1643 2700; x_wconf 75' lang='grc' dir='ltr'><strong>ἔξω.</strong></span> <span class='ocrx_word' id='word_1_849' title='bbox 1673 2667 1814 2702; x_wconf 65' lang='grc' dir='ltr'>συμϐάλλει</span> 
     </span>
    </p>
   </div>
   <div class='ocr_carea' id='block_1_116' title="bbox 1043 2712 1812 2750">
    <p class='ocr_par' dir='ltr' id='par_1_116' title="bbox 1043 2712 1812 2750">
     <span class='ocr_line' id='line_1_116' title="bbox 1043 2712 1812 2750; baseline -0.005 -7"><span class='ocrx_word' id='word_1_850' title='bbox 1043 2718 1104 2744; x_wconf 85' lang='grc' dir='ltr'>σθαι</span> <span class='ocrx_word' id='word_1_851' title='bbox 1119 2717 1149 2742; x_wconf 84' lang='grc' dir='ltr'>τὸ</span> <span class='ocrx_word' id='word_1_852' title='bbox 1163 2715 1229 2742; x_wconf 63' lang='grc' dir='ltr'>θῖηλυ</span> <span class='ocrx_word' id='word_1_853' title='bbox 1243 2715 1310 2750; x_wconf 77' lang='grc' dir='ltr'><strong>πρὸς</strong></span> <span class='ocrx_word' id='word_1_854' title='bbox 1325 2713 1471 2748; x_wconf 68' lang='grc' dir='ltr'>ζωογονίαν</span> <span class='ocrx_word' id='word_1_855' title='bbox 1491 2713 1530 2749; x_wconf 78' lang='grc' dir='ltr'>τῷ</span> <span class='ocrx_word' id='word_1_856' title='bbox 1549 2714 1582 2740; x_wconf 78' lang='grc' dir='ltr'>ὲκ</span> <span class='ocrx_word' id='word_1_857' title='bbox 1601 2712 1650 2739; x_wconf 80' lang='grc' dir='ltr'>τοῦ</span> <span class='ocrx_word' id='word_1_858' title='bbox 1664 2713 1757 2749; x_wconf 74' lang='grc' dir='ltr'>ἀνδρὸς</span> <span class='ocrx_word' id='word_1_859' title='bbox 1771 2714 1812 2740; x_wconf 72' lang='grc' dir='ltr'><strong>ὲκ-</strong></span> 
     </span>
    </p>
   </div>
   <div class='ocr_carea' id='block_1_117' title="bbox 1045 2791 1814 2830">
    <p class='ocr_par' dir='ltr' id='par_1_117' title="bbox 1045 2791 1814 2830">
     <span class='ocr_line' id='line_1_117' title="bbox 1045 2791 1814 2830; baseline -0.003 -6"><span class='ocrx_word' id='word_1_860' title='bbox 1045 2804 1096 2824; x_wconf 89' lang='lat' dir='ltr'><strong>nec</strong></span> <span class='ocrx_word' id='word_1_861' title='bbox 1114 2795 1244 2830; x_wconf 81' lang='lat' dir='ltr'><strong>Nysseni,</strong></span> <span class='ocrx_word' id='word_1_862' title='bbox 1265 2793 1313 2830; x_wconf 86' lang='lat' dir='ltr'><strong>sed</strong></span> <span class='ocrx_word' id='word_1_863' title='bbox 1335 2793 1445 2830; x_wconf 61' lang='lat' dir='ltr'><strong>alterius</strong></span> <span class='ocrx_word' id='word_1_864' title='bbox 1455 2813 1469 2830; x_wconf 88' lang='lat'><strong>,_</strong></span> <span class='ocrx_word' id='word_1_865' title='bbox 1485 2793 1518 2820; x_wconf 82' lang='lat' dir='ltr'><strong>ad</strong></span> <span class='ocrx_word' id='word_1_866' title='bbox 1534 2792 1696 2822; x_wconf 84' lang='lat' dir='ltr'><strong>sententiam</strong></span> <span class='ocrx_word' id='word_1_867' title='bbox 1712 2791 1814 2828; x_wconf 63' lang='lat' dir='ltr'><strong>Nysaea;</strong></span> 
     </span>
    </p>
   </div>
   <div class='ocr_carea' id='block_1_118' title="bbox 1044 2828 1545 2868">
    <p class='ocr_par' dir='ltr' id='par_1_118' title="bbox 1044 2828 1545 2868">
     <span class='ocr_line' id='line_1_118' title="bbox 1044 2828 1545 2868; baseline -0.01 -8"><span class='ocrx_word' id='word_1_868' title='bbox 1044 2828 1167 2868; x_wconf 74' lang='lat' dir='ltr'><strong>quaedam</strong></span> <span class='ocrx_word' id='word_1_869' title='bbox 1179 2829 1340 2866; x_wconf 74' lang='lat' dir='ltr'><strong>adjicientis.</strong></span> <span class='ocrx_word' id='word_1_870' title='bbox 1361 2828 1437 2856; x_wconf 75' lang='lat' dir='ltr'><strong>Enn.</strong></span> <span class='ocrx_word' id='word_1_871' title='bbox 1453 2828 1545 2858; x_wconf 67' lang='lat' dir='ltr'><strong>Puta.</strong></span> 
     </span>
    </p>
   </div>
  </div>
