1907 3043
116 120 183 149 1031

116 182 226 216 ρέοντι,
257 182 295 213 t'o;
322 184 456 219 ποιητικῷ
479 184 566 220 αἰτίῳ,
583 185 707 222 καθάπερ
731 187 794 214 τινὰ
829 187 896 223 ὕλην

116 225 306 261 παρεχόμενον
324 227 373 262 τὴν
385 227 438 254 τῶν
458 230 635 264 καταμηνίων
649 231 745 257 παισὶν
757 231 902 266 ὑγρασίαν,

113 269 216 306 οἵαπερ
237 273 299 298 τινὰ
322 270 420 307 χαλκὸν
439 273 478 309 τῷ
500 274 720 311 ἀνδριαντοποιῷ.
745 277 827 304 Οὐδὲν
850 277 904 312 γὰρ

116 316 244 351 προΐεται
267 317 284 352 ὴ
311 317 380 353 γυνὴ
403 319 529 353 σπέρμα,
553 319 610 346 ἀλλ’
624 321 759 356 ἄχρηστόν
773 330 799 348 τι
822 322 905 358 ὑγρὸν

116 361 291 396 ωμὸεόηκδς
311 364 367 394 τοῖς
392 363 495 396 τόποις.
513 365 599 391 Ἐστι
623 366 650 392 δὲ
677 366 709 392 τὺ
730 367 776 393 τοῦ
792 367 905 402 ἄρρενος

115 407 229 442 σπέρμα
239 405 293 434 οἷον
301 408 465 444 δημιουργὸν
476 411 522 436 καὶ
529 410 615 446 ἀρχὴν
626 412 755 447 κινήσεως
764 411 903 447 ἐμποιοῦν,

114 453 212 489 ὥσπερ
238 454 283 481 ἐπὶ
295 455 344 490 τῆς
363 454 463 486 πιτύας
489 456 597 491 ὁρῶμεν
609 456 659 491 τῆς
684 457 853 493 συναγούσης
874 457 904 484 τὸ

118 497 202 530 γάλα.
233 497 311 524 οὕτω
330 498 378 524 καὶ
396 499 427 525 τδ
446 499 556 534 σπέρμα
574 500 658 527 πεσὸν
682 501 720 532 εἰς
750 501 800 536 τὴν
817 501 904 538 ὑγρὰν

115 542 244 576 μίσγεται
265 543 297 570 τὸ
315 543 503 580 καθαρώτερον
517 545 567 579 τῆς
577 545 686 580 Θηλείας
702 546 902 582 περιττώματι.

115 587 154 613 Τὸ
168 588 196 614 δὲ
220 589 319 616 συστὰν
342 589 372 615 ὲν
390 591 426 625 τῇ
451 591 541 625 μήτρᾳ
565 590 639 625 λέγει
664 592 712 619 καὶ
733 592 822 628 ψυχῆς
844 601 905 628 μετ-

117 633 204 667 έχειν,
231 634 262 660 οὐ
286 634 391 666 τελείας
411 635 447 667 δὲ,
475 635 542 663 ἀλλὰ
563 636 614 670 τῆς
632 636 791 672 Θρεπτικῆς.
811 638 905 666 Καθά-

116 686 172 713 περ
198 678 251 714 γὰρ
274 678 309 705 τὰ
335 679 407 714 φυτὰ
436 681 465 706 ἐν
496 682 528 716 τῇ
560 682 608 716 γῇ,
630 681 702 708 οὕτω
725 682 775 718 ζῇν
800 683 847 710 καὶ
867 683 905 710 ’τὸ

115 723 246 759 εμδρυονν
261 723 324 759 ῥίζῃ
339 723 481 759 χρώμενον
494 725 534 760 τῷ
553 725 669 761 ὀμφάλφ
681 728 713 753 ἐκ
734 728 784 762 τῆς
798 728 904 764 μήτρας

113 769 167 804 τὴν
179 769 260 804 ὁλκὴν
274 769 325 804 τῆς
348 770 452 806 τροφῆς
468 771 613 799 ποιεῖσθαι.
642 772 729 805 Ἐξιὺν
745 773 774 800 δὲ
796 774 842 800 καὶ
854 774 904 809 τὴν

115 814 276 850 αἰσθητικὴν
303 815 459 849 ἐπικτᾶται,
487 816 533 843 καὶ
565 814 646 850 αὔξον
673 817 836 850 συναύξεται
855 819 903 846 αὐ-

114 859 154 895 τῷ
190 861 269 895 καὶὴ
297 860 391 896 λογικὴ
407 861 454 888 καὶ
479 861 559 898 νοερὰ
575 863 700 898 ἐνέργεια
728 864 777 899 τῆς
802 864 900 900 ψυχῆς.

117 905 197 931 Ἐστι
212 905 266 940 γὰρ
277 906 307 932 ὲν
319 905 359 941 τῷ
377 906 513 941 σπέρματι
526 907 615 942 ψυχῆς
631 916 657 934 τι
675 909 769 944 μόριον
783 910 813 935 τὺ
825 909 902 943 λεγό·

117 959 198 986 μενον
225 951 340 983 ζωτικὸν
364 951 483 988 θερμὸν,
508 952 656 987 ἀναλογοῦν
687 955 720 990 τῇ
755 954 901 990 θερμότητι

114 997 163 1023 τοῦ
185 997 277 1032 ἡλίου·
303 997 396 1034 ἐπειδὴ
416 998 506 1034 ἐκείνη
522 998 639 1034 ζωτικὴν
660 999 760 1035 ἔχουσα
785 1001 902 1037 δύναμιν

115 1043 253 1076 ζωογονετ.
266 1043 446 1071 Διατυποῦται
458 1044 486 1071 δὲ
501 1045 609 1080 πρῶτον
623 1046 640 1080 ὴ
654 1046 762 1081 καρδία,
775 1047 835 1082 ἥτις
855 1048 901 1074 καὶ

115 1087 244 1122 τελευτὴν
266 1087 415 1123 φθείρεται.
446 1089 582 1121 Ὡσαύτως
609 1091 656 1117 καὶ
676 1091 710 1118 τὰ
736 1091 817 1118 λοιπὰ
829 1093 904 1119 ἐντό-

116 1133 179 1160 σθια
205 1134 258 1170 πρὸ
287 1133 342 1160 τῶν
368 1135 445 1166 em;
464 1135 655 1171 διαρθροῦται,
675 1137 722 1163 καὶ
744 1138 842 1172 μᾶλλον
867 1138 902 1164 τὰ

115 1179 173 1205 ἀνω
190 1178 238 1205 τοῦ
257 1179 438 1215 διαζώματος.
469 1181 682 1216 Ἐσχημάτισται
705 1182 735 1209 δὲ
751 1184 779 1209 ὲν
791 1185 824 1219 τῇ
850 1184 902 1219 μή·

115 1233 171 1260 τρᾳ
191 1225 206 1251 ὁ
221 1225 372 1261 ἄνθρωπος,
399 1226 446 1261 τὴν
477 1227 525 1263 μὲν
560 1228 619 1263 ῥῖνα
636 1228 717 1263 μέσον
742 1229 797 1255 τῶν
821 1230 901 1264 γονά-

114 1278 170 1297 των
187 1270 267 1306 ἔχων,
284 1272 347 1302 τοὺς
366 1271 521 1307 ὀφθαλμοὺς
542 1273 588 1300 ἐπὶ
610 1275 667 1305 τοῖς
693 1274 810 1308 γόνασιν.
844 1276 902 1302 Ἐν-

117 1318 221 1353 ιιηίύειν
239 1319 268 1345 δὲ
289 1319 321 1345 τὺ
338 1319 456 1354 ἔμϐρυον
472 1319 594 1355 ἄρχεται,
619 1321 664 1347 ὅτε
681 1322 698 1356 ἡ
714 1322 836 1356 ἀνακοπὴ
847 1321 902 1348 τῶν

116 1364 294 1399 καταμηνίων
308 1365 354 1391 ἐπὶ
372 1365 436 1396 τοὺς
457 1366 574 1400 μαστοὺς
598 1366 638 1398 είς
655 1366 724 1400 γάλα
737 1367 903 1402 μεταϐάλλε-

115 1418 172 1436 ται.
190 1411 326 1436 Ἴστανται
347 1410 446 1437 αὐτίκα
462 1412 522 1442 ταῖς
545 1411 666 1445 γυναιξὶν
684 1413 712 1438 αι
734 1412 840 1439 ναυτίαι
856 1413 903 1439 καὶ

114 1454 142 1480 ot
166 1454 273 1489 ἔμετοι·
291 1455 374 1490 ἄρρεν
393 1455 420 1481 δὲ
447 1455 571 1489 γίνεται,
598 1456 623 1482 εί
648 1457 822 1492 πεπεμμένον
845 1457 905 1484 ἐστὶ

116 1499 148 1525 τὺ
163 1498 211 1525 τοῦ
228 1499 341 1534 ἄρρενος
361 1499 480 1534 σπέρμα.
501 1499 581 1527 Ὅθεν
602 1501 628 1527 οἱ
646 1500 700 1527 νέοι
716 1502 763 1528 καὶ
781 1502 806 1528 οἱ
831 1510 901 1538 πρε-

117 1543 244 1579 σϐύτεροι
269 1543 307 1575 ὡς
322 1544 436 1571 ἐπιπολὺ
458 1544 599 1579 θηλύγονοι
611 1553 618 1560 ·
634 1545 679 1572 τὸν
694 1546 722 1572 δὲ
736 1546 903 1583 πλεονασμὸν

116 1588 194 1624 ῆτὴν
210 1588 295 1623 λεῐψιν
314 1589 437 1623 γίνεσθαι
456 1589 485 1616 ἐν
499 1598 558 1631 τισι
578 1592 683 1627 μορίοις
698 1592 773 1627 παρὰ
791 1592 840 1629 τὴν
853 1593 903 1628 τῆς

118 1633 185 1670 ὕλης
210 1633 330 1669 ἔλλειψιν
349 1634 365 1670 ἢ
389 1635 574 1671 πλεονασμόνο
596 1637 645 1672 τὴν
669 1637 697 1664 δὲ
714 1637 760 1664 τοῦ
781 1639 904 1674 σπέρμα-

117 1687 163 1711 τος
184 1679 308 1715 ἔκκρισιν
326 1679 358 1706 ὲκ
376 1679 430 1707 τῶν
443 1681 507 1716 περὶ
522 1681 572 1717 τὴν
589 1682 710 1718 κεφαλὴν
724 1682 847 1718 γίνεσθαι
861 1684 908 1711 τό-

118 1733 178 1752 πων
188 1745 196 1756 ,
211 1725 248 1756 ὡς
264 1725 343 1760 δῆλον
355 1726 388 1752 ὲκ
409 1725 455 1752 τοῦ
477 1726 656 1753 κοιλαίνεσθαι
675 1729 736 1759 τοὺς
751 1728 906 1764 ὀφθαλμοὺς

116 1769 172 1796 τῶν
187 1769 299 1796 πλεῖστα
310 1770 538 1802 συνουσιαζόντων
548 1792 555 1798 .
576 1773 747 1806 Συγχινεῖται
757 1773 785 1799 δὲ
801 1776 833 1809 τῇ
848 1775 904 1801 δια-

118 1816 179 1850 νοίᾳ
203 1816 219 1850 ἡ
237 1816 338 1850 μήτρα,
354 1816 392 1847 ὡς
406 1817 452 1843 καὶ
471 1817 502 1843 τὸ
522 1817 569 1843 τοῦ
593 1817 705 1853 ἄρρενος
730 1818 842 1845 αἰδοῖονο
854 1828 904 1846 πο-

117 1862 147 1887 τὲ
167 1861 197 1887 δὲ
211 1862 258 1887 καὶ
274 1861 473 1897 ἀπροαιρέτως
487 1863 584 1897 δίδυμα
598 1863 627 1889 δὲ
642 1864 745 1897 γίνεται
764 1864 833 1891 κατὰ
844 1865 904 1899 σχίι-

118 1915 161 1933 σιν
174 1907 220 1932 τοῦ
235 1907 390 1942 σπέρματος
405 1908 436 1934 ἐν
447 1909 478 1943 τῇ
493 1909 584 1944 μήτρᾳ
594 1917 600 1924 ·
615 1910 639 1935 εί
653 1909 701 1944 μὲν
716 1910 902 1945 πεπεμμένον,

118 1953 223 1987 ἄρρενα
243 1952 308 1984 δύο,
338 1953 364 1979 εί
394 1952 423 1980 δὲ
456 1954 510 1988 μὴ,
537 1953 700 1982 τούναντίον.
725 1954 845 1981 Γίνονται
874 1955 903 1982 δὲ

118 1999 167 2024 καὶ
192 1998 252 2024 κατ’
281 1998 476 2034 ἐπισύλληψιν
501 1998 562 2025 ὅθεν
591 1999 721 2032 πολλάκις
746 2001 794 2027 καὶ
821 2001 904 2035 ἄρσεν

117 2045 167 2071 καὶ
191 2044 257 2079 Θῆλυ
295 2044 410 2079 γίνεται.
443 2045 581 2080 Τρόφιμον
608 2045 636 2072 δὲ
660 2046 746 2080 γάλα,
775 2046 805 2073 τὸ
830 2050 902 2082 παχὺ

117 2091 166 2117 καὶ
181 2091 276 2127 κιῤῥόν
287 2099 293 2105 ·
308 2091 355 2118 καὶ
377 2092 455 2127 δῆλον
469 2093 501 2119 ὲκ
522 2092 576 2118 τῶν
592 2093 691 2127 τυρῶν.
709 2093 747 2119 Δι’
763 2093 833 2120 ἑπτὰ
851 2104 904 2130 μη-

118 2137 172 2163 νῶν
199 2138 267 2172 γυνὴ
294 2137 433 2170 πολλάκις,
452 2138 490 2170 ὼς
514 2139 628 2165 ἐπιπολὺ
645 2139 674 2165 δὲ
690 2139 776 2171 ἐννέα,
805 2140 905 2168 πολλά.-

118 2191 163 2214 κις
178 2182 207 2208 δὲ
229 2185 253 2213 ι’,
275 2183 482 2217 προσλαὸοῦσα,
499 2184 545 2210 καὶ
570 2185 602 2211 ἐκ
618 2184 666 2211 τοῦ
684 2188 717 2211 ια’
733 2185 810 2220 μόλις
826 2186 901 2213 ποτέ.

120 2228 156 2255 Ἦ
169 2229 213 2264 ζῇ,
236 2229 252 2264 ἢ
275 2230 346 2262 τέξει
362 2230 407 2256 τὸν
423 2230 586 2265 καλούμενον
603 2231 695 2266 μύλον,
711 2232 740 2263 ὃς
761 2232 819 2259 ἐστι
835 2232 903 2268 σὰρξ

119 2273 242 2309 σκληρὰ,
260 2275 277 2310 ἢ
306 2274 479 2302 κινδυνεύσει.
503 2276 569 2311 Περὶ
583 2276 624 2309 κτὰ
648 2277 833 2313 δεκατέσσαρα
854 2278 901 2313 ἔτη

120 2319 318 2354 μεταδὰλλουσι
341 2320 391 2352 τὰς
415 2320 484 2352 ἕξεις
495 2322 519 2347 οἱ
540 2321 653 2356 ἄρρενες
673 2323 719 2349 καὶ
735 2323 763 2349 αἱ
782 2323 902 2358 θήλειαι⁹

118 2365 148 2397 ἐξ
163 2362 281 2391 εὖεκτῶν
305 2365 480 2392 κακοεύεκτοι
502 2366 648 2401 γινόμενοι,
665 2367 711 2393 καὶ
733 2367 903 2396 τούναντίον.

119 2411 188 2437 Τότε
206 2411 253 2437 καὶ
270 2412 329 2443 ταῖς
347 2411 467 2445 θηλείαις
480 2411 516 2438 τὰ
528 2411 599 2438 κατὰ
613 2412 700 2447 μῆνας
712 2413 834 2448 ἄρχεται,
849 2415 905 2446 τοῖς

119 2456 148 2482 δὲ
173 2457 271 2492 ἄρῤεσι
291 2455 322 2482 τὸ
342 2457 453 2492 σπέρμα
465 2476 472 2488 ,
487 2457 535 2484 καὶ
558 2458 575 2492 ὴ
601 2458 676 2493 φωνὴ
704 2457 865 2494 βαρύνεται-
880 2460 905 2486 οἱ

121 2503 218 2537 μαστοὶ
225 2503 255 2529 δὲ
266 2503 357 2529 καὶτὰ
371 2503 456 2529 αἰδοῖα
468 2502 593 2535 αὔξονται
603 2512 609 2519 ’
626 2503 755 2539 δύσχρους
768 2505 796 2531 δὲ
807 2506 824 2540 ἡ
835 2506 904 2541 γυνὴ

121 2547 170 2574 ἐὰν
187 2547 254 2583 θῆλυ
268 2548 368 2583 κυῆσαι
386 2548 481 2585 μέλλῃ.
684 2546 687 2548 ’

802 125 975 154 DIALOGUS
992 125 1034 153 ΙΙΙ.

1665 123 1733 151 1082

959 188 998 215 illi
1012 187 1135 215 conferre
1151 187 1254 222 aliquid
1270 187 1398 215 feminam
1416 186 1449 214 ad
1475 185 1580 213 vitalem
1608 192 1740 220 procrea-

953 233 1055 261 tionem
1067 234 1099 261 ad
1125 234 1150 261 id
1172 234 1243 268 quod
1268 241 1283 260 a
1296 235 1355 261 viro
1370 233 1537 265 excernitur,
1564 237 1693 266 tanquam
1709 232 1737 259 si.

956 286 1047 307 causae
1074 279 1199 307 etIicienti
1214 279 1334 314 aliquam
1353 279 1495 305 materiam
1509 277 1637 311 prmheat.
1658 276 1733 303 vide-

954 324 1016 352 licet
1030 329 1228 352 menstruorum
1249 324 1368 358 aliquam
1381 323 1529 350 humerum
1546 326 1661 357 partem,
1679 322 1735 349 vel-

955 371 994 398 uti
1021 371 1155 405 quoddam
1181 378 1219 398 aes
1247 369 1390 398 statuario.
1418 369 1527 396 Nullum
1553 368 1625 395 enim
1642 375 1734 395 semen

956 416 1055 443 emittit
1072 417 1178 449 mulier,
1190 416 1236 443 sed
1251 416 1375 442 inutilem
1387 415 1534 451 quemdam
1549 413 1690 440 humorem
1706 412 1735 439 in

957 461 1024 489 locis
1049 462 1228 489 muliebribus
1251 462 1437 489 exsistentem.
1460 460 1508 486 Est
1536 463 1627 486 autem
1649 458 1736 485 maris

955 513 1049 534 semen
1074 506 1156 540 quasi
1182 505 1283 540 opifex,
1297 509 1325 532 et
1345 504 1510 540 principium
1533 509 1623 531 motus
1642 503 1736 534 efﬁcit,

955 549 1185 584 quemadmodum
1204 550 1231 576 in
1261 550 1373 582 coagulo
1384 548 1515 580 videmus,
1535 547 1607 582 quod
1626 548 1668 574 lae
1688 554 1736 574 co-

956 596 1006 631 git.
1024 595 1068 622 Sic
1085 595 1158 622 enim
1174 599 1201 622 et
1218 603 1311 622 semen
1337 595 1366 621 in
1382 598 1507 621 ventrem
1533 593 1664 624 incidens.
1683 592 1737 619 mi-

955 646 1046 669 scetur
1069 649 1129 668 cum
1142 641 1287 675 purissima
1314 640 1420 668 femina
1434 640 1630 674 superfluitate.
1657 638 1737 671 Quod

955 689 1049 711 autem
1060 684 1091 711 in
1104 685 1218 711 nutrice
1230 684 1346 716 exsistit,
1360 683 1445 710 etiam
1460 683 1554 710 dicunt
1569 683 1670 710 anima:
1678 690 1739 717 par-

954 729 1040 764 ticeps
1053 737 1122 763 esse,
1135 737 1191 756 non
1204 729 1273 756 illius
1288 729 1396 763 quidem
1408 727 1541 763 perfectae,
1556 727 1604 755 sed
1615 727 1737 754 nutrien-

955 775 1001 802 tis.
1029 774 1264 808 Quemadmodum
1281 774 1353 802 enim
1371 774 1476 808 plantas
1504 773 1531 800 in
1549 777 1631 804 terra.
1649 773 1685 799 ita
1708 776 1737 799 et

955 821 1040 848 fctum
1053 821 1154 851 vivere,
1170 819 1262 847 radice
1281 823 1400 846 utentem
1428 817 1569 848 umbilico,
1591 824 1639 852 per
1652 824 1736 852 quem

954 872 986 892 ex
1005 865 1116 892 matrice
1132 864 1255 892 attractio
1267 863 1321 891 cibi
1332 862 1389 890 ﬁas.
1400 862 1429 890 in
1443 863 1533 889 lucem
1540 867 1630 889 autem
1643 868 1735 896 egres-

954 919 1012 942 sus.
1026 911 1107 938 etiam
1138 911 1299 937 sentientem
1318 909 1438 935 animam
1467 908 1656 942 consequitur,
1672 915 1733 933 ere-

954 963 1088 990 scensque
1103 963 1169 982 cum
1185 962 1298 989 corpore
1312 958 1454 982 crescente
1474 952 1596 987 augescit
1610 956 1637 980 et
1652 952 1737 979 ratio-

955 1001 1025 1028 nalis
1040 1008 1073 1028 ac
1087 1000 1252 1027 intellectilis
1277 1000 1324 1026 illa
1339 998 1455 1027 facultas
1479 999 1587 1025 animae.
1602 997 1650 1024 Est
1662 997 1737 1025 enim

955 1047 981 1073 in
992 1046 1095 1074 semine
1106 1046 1204 1073 animae
1217 1045 1348 1080 particula
1367 1043 1502 1079 quaedam,
1517 1050 1578 1078 qum
1587 1043 1676 1070 vitalis
1685 1050 1736 1070 ca-

954 1092 995 1119 lor
1006 1091 1116 1124 dicitur,
1133 1090 1282 1118 conformis
1300 1090 1384 1117 mlori
1400 1089 1483 1117 solis:
1511 1089 1534 1116 si
1559 1088 1668 1123 quidem
1689 1087 1733 1114 ille

953 1137 1062 1165 vitalem
1076 1137 1132 1164 vim
1148 1137 1240 1168 habet,
1255 1140 1283 1163 et
1302 1135 1411 1163 vitalem
1423 1135 1511 1162 fauni
1525 1138 1647 1170 generat.
1666 1132 1735 1161 For-

955 1187 1044 1210 matur
1057 1187 1149 1210 autem
1166 1182 1288 1217 primum
1304 1189 1363 1215 cor,
1376 1180 1451 1215 quod
1465 1184 1493 1208 et
1512 1184 1680 1215 postremum
1694 1178 1737 1206 in-

955 1228 1026 1256 terit.
1045 1227 1175 1256 Similiter
1189 1232 1215 1255 et
1223 1227 1327 1262 reliqua
1342 1226 1450 1254 interna
1470 1230 1533 1253 ante
1548 1230 1658 1252 externa
1673 1224 1732 1252 dis-

953 1277 1102 1308 ponuntur,
1116 1277 1144 1299 et
1170 1280 1231 1300 cum
1250 1271 1348 1306 primis
1362 1279 1395 1298 ea
1422 1278 1483 1305 qua:
1497 1275 1564 1298 sunt
1576 1277 1661 1305 supra
1671 1269 1727 1297 cin~

954 1324 1070 1347 cturam.
1086 1318 1234 1346 Formatus
1246 1322 1336 1345 autem
1354 1317 1382 1344 in
1401 1317 1515 1344 matrice
1528 1316 1624 1348 homo,
1636 1323 1734 1343 nasum

954 1364 1064 1400 quidem
1080 1364 1198 1392 medium
1227 1364 1297 1391 inter
1320 1371 1407 1398 genua
1434 1363 1527 1394 habet.
1559 1362 1654 1389 oculos
1673 1369 1737 1389 vern

955 1418 1038 1445 supra
1060 1418 1157 1445 genua.
1179 1409 1327 1437 Robustior
1345 1413 1436 1437 autem
1451 1408 1509 1436 fieri
1535 1408 1606 1436 fctus
1630 1408 1736 1442 incipit.

955 1456 1063 1491 quando
1073 1455 1190 1482 inhibita
1202 1460 1342 1483 menstrua
1360 1455 1387 1482 in
1410 1454 1541 1482 uberibus
1566 1454 1595 1480 in
1613 1454 1655 1480 lae
1674 1461 1736 1480 inu-

956 1506 1058 1529 tantur.
1067 1501 1128 1535 Quo
1139 1502 1250 1536 quidem
1265 1506 1388 1535 tempore
1400 1508 1462 1527 mox
1480 1501 1560 1526 linem
1577 1499 1604 1526 in
1617 1498 1737 1525 mulieri-

955 1547 1006 1575 bus
1014 1547 1114 1574 habent
1134 1554 1255 1580 nauseat,
1281 1551 1308 1574 et
1322 1547 1450 1573 vomitus.
1466 1545 1617 1573 Generatur
1643 1549 1734 1571 autem

955 1601 1026 1626 ms,
1037 1593 1060 1620 si
1077 1597 1232 1627 percoctum
1244 1596 1287 1620 est
1309 1592 1394 1619 maris
1410 1599 1514 1623 semen,
1528 1590 1601 1618 unde
1619 1590 1737 1625 juvenes

956 1644 983 1667 et
995 1646 1074 1666 senes
1091 1638 1252 1673 plerumque
1271 1637 1395 1665 [ernellas-
1408 1641 1562 1673 procreant.
1587 1635 1737 1663 Abundan-

955 1684 1020 1712 tiam
1037 1688 1128 1711 autem
1140 1683 1182 1710 vel
1197 1682 1331 1710 defectum
1347 1683 1404 1710 ﬁeri
1426 1682 1520 1709 volunt
1533 1681 1559 1708 in
1571 1681 1737 1716 quibusdam

954 1730 1088 1766 partibus,
1106 1734 1216 1764 propter
1230 1729 1352 1756 materiae
1371 1728 1507 1755 defectum
1522 1732 1570 1755 aut
1594 1727 1736 1754 abundan-

955 1776 1031 1803 tiam.
1046 1775 1163 1802 Seminis
1180 1779 1271 1802 autetn
1286 1775 1454 1809 egestionem
1473 1781 1506 1801 ex
1521 1773 1595 1801 locis
1602 1773 1675 1800 circa
1688 1780 1738 1799 car-

955 1824 1003 1855 put
1018 1821 1077 1847 fieri
1092 1820 1267 1847 manifestum
1295 1827 1329 1847 ex
1344 1827 1377 1847 co
1393 1823 1445 1852 est,
1462 1819 1534 1854 quod
1552 1826 1648 1846 eorum
1664 1817 1739 1845 oculi-

954 1871 1097 1899 cavantur,
1116 1866 1164 1901 qui
1175 1866 1289 1894 multum
1307 1869 1417 1894 coeunt.
1432 1864 1556 1892 Movetur
1572 1864 1658 1892 etiam.
1670 1870 1738 1890 cum

954 1919 1044 1939 mente
1060 1912 1281 1947 COgiIationeque
1308 1911 1422 1943 matrix.
1452 1909 1686 1946 quemadmodum
1709 1915 1739 1936 et

953 1962 1091 1985 veretrum
1105 1957 1167 1984 viri.
1190 1956 1344 1991 Aliquando
1357 1956 1420 1984 item
1443 1960 1540 1990 sponte
1564 1954 1671 1989 gemelli
1686 1961 1735 1990 ge-

953 2009 1093 2036 nerantur,
1110 2011 1159 2038 per
1172 2003 1335 2031 divisionem
1350 2001 1465 2030 seminis
1493 2000 1520 2028 in
1549 2000 1682 2028 matrice:
1703 2008 1737 2028 ac

953 2049 977 2076 si
993 2049 1103 2084 quidem
1120 2050 1147 2077 id
1162 2053 1318 2084 percoctum
1339 2047 1432 2080 fuerit,
1450 2047 1505 2074 duo
1531 2047 1663 2074 masculi:
1692 2046 1734 2074 sin

954 2095 1055 2127 minus,
1090 2095 1237 2122 diversum.
1267 2093 1400 2121 Praeterea
1424 2100 1475 2128 per
1492 2091 1734 2127 superfetationem

952 2145 1134 2175 generantur,
1161 2140 1232 2168 unde
1257 2139 1402 2174 aliquoties
1428 2142 1455 2166 et
1480 2137 1620 2165 masculus
1641 2141 1668 2164 et
1697 2136 1734 2164 ie-

953 2186 1033 2214 mella
1069 2185 1150 2214 simul
1177 2191 1336 2213 nascuntur.
1375 2184 1527 2212 Plurimum
1557 2190 1622 2210 vero
1648 2182 1735 2209 nutrit

954 2231 995 2258 lac
1018 2231 1135 2265 spissum
1170 2235 1198 2258 et
1225 2231 1346 2264 iulvum,
1375 2235 1406 2257 ut
1437 2237 1471 2257 ex
1497 2228 1585 2256 caseis
1617 2231 1735 2255 constat.

955 2277 1050 2304 Mulier
1080 2277 1164 2303 fetum
1187 2280 1277 2312 gestat
1298 2276 1332 2303 ad
1369 2283 1478 2303 menses
1494 2280 1598 2310 septem
1612 2274 1738 2308 aliquan-

955 2323 1000 2355 do,
1034 2315 1196 2357 plerumque
1229 2322 1264 2349 ad
1297 2329 1393 2349 novem
1406 2340 1416 2352 ,
1438 2328 1624 2356 saepenumero
1641 2320 1673 2346 ad
1689 2320 1736 2347 de-

955 2376 1013 2396 cem
1042 2373 1185 2404 postquam
1209 2369 1350 2403 conoepit,
1378 2367 1423 2395 vix
1455 2373 1544 2394 autem
1572 2372 1634 2402 post
1654 2365 1738 2392 unde

956 2415 1068 2441 cimunt.
1087 2413 1171 2441 Fetus
1186 2414 1212 2440 in
1225 2414 1312 2441 lucem
1327 2413 1414 2441 editus
1431 2418 1480 2440 aut
1489 2412 1565 2445 vivit,
1589 2416 1636 2439 aut
1651 2411 1739 2446 pariet

958 2461 1056 2488 mulier
1067 2460 1142 2496 quud-
1155 2460 1226 2487 mola
1241 2465 1365 2492 vocatur,
1375 2467 1435 2494 quae
1455 2463 1496 2486 est
1520 2466 1584 2486 caro
1595 2458 1675 2490 dura,
1690 2462 1741 2484 aut

957 2507 1166 2542 periclitabitur.
1182 2506 1259 2533 Circa
1274 2513 1375 2532 annum
1390 2505 1525 2532 decimum
1536 2508 1663 2538 quartum
1677 2509 1738 2528 mu-

961 2558 1021 2580 tant
1035 2553 1160 2587 corporis
1170 2552 1279 2579 habitus
1294 2556 1348 2578 tam
1367 2558 1456 2578 mares
1466 2558 1547 2585 quam
1564 2548 1695 2581 femellw;
1711 2552 1738 2575 et

121 2601 154 2620 ex
168 2594 235 2621 bene
251 2594 353 2622 all'ectis
371 2594 442 2621 male
455 2594 578 2629 dispositi
600 2595 677 2628 ﬁunt,
691 2594 733 2622 vel
744 2603 760 2623 e
775 2596 893 2625 diverso.
925 2597 1002 2626 Tunc
1015 2602 1042 2625 et
1060 2597 1174 2625 femellis
1197 2601 1336 2624 menstrua
1364 2596 1505 2631 incipiunt,
1521 2595 1642 2622 maribus
1672 2600 1740 2622 vero

122 2646 227 2671 semen,
241 2644 268 2666 et
287 2647 337 2667 vox
358 2639 386 2667 tit
400 2639 518 2675 gravior.
536 2638 624 2666 Ubera
638 2639 702 2667 item
725 2644 753 2668 et
777 2641 891 2668 verenda
921 2648 1058 2670 crescunt.
1084 2641 1169 2669 Pallet
1201 2641 1320 2676 denique
1346 2640 1455 2672 mulier,
1473 2647 1534 2675 quat
1545 2639 1679 2666 felnellam
1694 2647 1738 2673 pa-

123 2685 208 2712 ritura
224 2689 276 2712 est.

240 2733 294 2781 Tini
309 2754 400 2782 αὑτοῦ
418 2754 582 2789 Γρηγυρίου
598 2754 652 2781 τοῦ
670 2754 807 2788 Νύσσης.

163 2811 196 2837 'H
212 2810 241 2837 δὲ
255 2810 302 2837 τοῦ
322 2810 368 2837 νοῠ
383 2811 451 2846 πρὸς
469 2810 500 2837 τὸ
524 2811 604 2846 σῶμα
627 2810 752 2838 κοινωνία
767 2809 907 2846 ἄφραστον

124 2866 153 2884 τε
167 2858 214 2885 καὶ
229 2857 413 2889 ἀκατανωλτον
433 2856 482 2883 τὴν
499 2855 644 2889 συνάφειαν
662 2855 734 2889 ἔχει’
752 2854 813 2882 οὔτε
830 2855 903 2888 me;

1134 2748 1174 2775 Ex
1189 2748 1277 2775 eodem
1293 2747 1417 2783 Gregorio
1433 2747 1460 2775 Ν
1461 2756 1562 2783 νει-οπο.

993 2806 1090 2833 Mentis
1102 2810 1192 2833 autem
1210 2805 1244 2833 ad
1257 2813 1354 2840 corpus
1367 2805 1524 2833 communio
1537 2804 1697 2832 ineﬂ'abiletn
1711 2809 1740 2833 ct

958 2852 1256 2888 iucompreheusibilem
1267 2851 1404 2881 intellectu
1414 2851 1632 2888 coniunctionem
1645 2851 1738 2885 habet,
