1907 3043
186 118 252 148 1083

183 186 244 212 quae
256 186 342 213 neque
358 179 431 208 intus
441 186 483 210 est
495 182 552 219 (98)
566 185 665 220 (neque
678 186 750 214 enim
765 188 894 216 miscetur
905 197 967 217 cor-

182 223 242 257 pori
257 223 330 257 quod
347 224 536 260 incorporeum
550 229 602 262 est)
622 238 630 255 :
647 237 735 264 neque
749 231 915 260 circumfusa
927 236 969 260 est

183 270 257 303 (non
275 271 347 297 enim
363 270 795 310 circumscribiturincorporeum
813 285 827 304 a
843 279 968 313 corpori-

182 312 275 350 bus):
293 314 340 341 sed
357 315 438 343 modo
456 317 574 351 quodam
595 318 748 348 incredibili
767 327 794 348 et
814 312 966 357 intelligen-

182 359 246 385 tiam
265 364 385 387 nostram
403 367 551 397 superante
563 371 640 392 mens
652 367 872 402 appropinquans
882 373 910 396 et
920 376 967 404 ap-

182 404 279 438 plicata
293 410 412 440 naturae,
429 413 456 435 et
473 408 500 436 in
518 409 594 444 ipsa,
611 415 639 437 et
653 412 725 439 circa
740 413 826 447 ipsam
841 415 965 447 exsistit,

181 449 221 476 sic
237 455 325 478 tamen
340 456 369 478 ut
385 453 515 488 explicari
532 455 573 482 vel
593 456 758 491 cogitatione
770 460 965 494 comprehendi

179 494 277 522 modus
290 502 406 530 nequeat
415 517 422 529 .
437 498 489 525 nisi
505 499 578 534 quod
592 500 619 527 in
633 505 704 528 statu
720 510 772 530 suo
785 508 857 531 recte
870 504 964 532 aﬂ‘ecta

179 544 294 571 natura.
307 541 389 568 etiam
405 550 483 571 mens
494 544 588 572 ellicax
602 551 664 578 est;
682 548 705 574 si
722 555 786 575 vero
803 548 897 576 vitium
915 551 965 578 ali-

179 585 250 618 quod
264 586 336 614 circa
351 587 425 615 illaut
438 590 593 626 contingat,
606 593 742 621 claudicat
753 600 866 623 eatenus
880 596 963 624 etiam

179 637 270 660 motus
287 633 452 664 intellectus.

211 676 308 711 Opem
326 680 443 713 pretium
463 687 506 710 est
525 683 614 716 scire.
633 685 714 720 cujus
727 685 765 714 rei
774 686 960 722 gratiaeterra

177 723 346 751 nascentium
358 726 478 760 germina
495 727 522 754 in
536 734 598 756 ortu
612 737 704 757 rerum
717 732 869 765 pra-cedant
879 752 886 764 ,
900 737 961 766 post

177 775 238 800 quae
257 770 386 803 producta
407 776 470 799 sunt
494 774 644 802 animantia
675 776 754 803 bruta
766 796 773 808 ,
793 782 821 804 et
834 782 895 812 post
913 778 958 805 illa

176 811 286 838 demum
303 812 394 842 homo.
410 814 470 843 Non
485 817 574 845 solum
589 819 661 853 quod
680 820 763 847 herba
778 811 887 855 quidem
903 823 958 850 ani-

176 858 293 886 malibus
311 864 354 887 est
371 861 463 894 utilis,
480 868 506 890 et
515 868 626 900 propter
635 865 772 894 hominem
790 866 897 895 exsistit
910 876 958 903 pe-

175 911 269 931 corum
284 906 375 940 copia,
393 911 523 942 tanquam
541 909 578 936 illi
597 910 785 939 ministratura
797 932 804 944 ,
823 915 869 940 sed
884 914 957 948 quod

176 953 221 979 hic
234 957 294 977 eam
312 959 374 985 qua:
394 952 428 979 dc
451 954 542 982 anima
565 959 625 988 est,
651 956 852 992 philosophiam
880 958 959 986 nobis

174 996 263 1023 tradat
285 996 383 1026 Moses.
394 999 527 1034 Explicari
543 1006 634 1029 autem
648 1003 771 1031 oratione
787 1004 850 1032 talis
866 1012 958 1032 rerum

173 1042 314 1071 distinctio
328 1048 418 1079 potest
432 1055 439 1072 :
456 1045 511 1074 Res
527 1048 660 1076 universa:
677 1050 773 1083 partim
791 1050 959 1079 intellectiles

173 1093 254 1122 sunt,
267 1091 364 1124 partim
380 1099 528 1126 corporeae.
542 1092 709 1121 Omittantur
720 1099 811 1122 autem
827 1103 900 1123 nunc
912 1097 955 1123 in-

174 1133 324 1163 tellectiles.
337 1135 483 1171 Corporeae
496 1139 597 1173 partim
610 1139 781 1167 efﬁcacitatis
793 1140 886 1168 vitalis
898 1148 958 1175 par-

173 1179 269 1214 ticipes
285 1186 368 1214 sunt,
381 1183 479 1216 partim
494 1189 620 1219 expertes
635 1186 748 1213 omnino
764 1187 834 1214 vitae.
850 1187 957 1216 Rursus

172 1225 255 1253 vitale
269 1234 368 1262 corpus
382 1229 480 1262 partim
496 1230 606 1264 quidem
623 1231 740 1265 sensile,
761 1233 861 1267 partim
885 1241 951 1262 vero

172 1279 271 1300 sensus
288 1278 330 1300 est
348 1281 455 1309 expers.
475 1275 586 1305 Rursus
609 1278 728 1310 sensile,
749 1278 823 1306 aliud
845 1280 954 1314 quidem

172 1318 322 1351 rationale,
346 1320 419 1348 aliud
442 1325 533 1349 autem
556 1323 671 1351 rationis
687 1328 729 1352 est
741 1332 847 1360 expers.
865 1326 888 1352 Δ
903 1327 956 1354 sni-

171 1364 285 1392 noribus
303 1366 386 1401 igitur
407 1367 440 1394 ad
461 1368 488 1395 id
506 1369 579 1403 quod
598 1369 749 1403 perfectum
769 1375 829 1404 est,
858 1376 955 1399 natura

171 1411 353 1445 progreditur.
379 1412 495 1448 Ideoque
519 1420 582 1450 post
607 1415 758 1444 inanimam
789 1419 953 1451 materiam,

169 1455 248 1488 quasi
264 1456 366 1489 gradus
380 1459 512 1492 quosdam
533 1460 629 1488 formae
648 1462 831 1490 animatorum
843 1485 850 1497 ,
871 1467 956 1491 natu-

169 1499 255 1527 ralem
273 1500 344 1529 hanc
361 1502 446 1530 vitam
460 1504 598 1532 exstitisse
612 1505 679 1533 dicit
695 1507 844 1542 legislator,
862 1508 890 1536 in
903 1517 954 1536 na-

169 1545 298 1573 turalium
313 1548 511 1582 germinatione
527 1552 761 1585 praeexsistentem
770 1572 778 1585 ,
791 1558 884 1588 utpote
897 1555 952 1582 vim

169 1593 334 1620 nutrientem
348 1598 375 1621 et
388 1600 580 1631 augescentcm
589 1616 597 1629 ,
613 1597 708 1634 sicque
720 1599 817 1627 deinde
831 1600 951 1634 subiicit,

167 1642 195 1663 et
210 1638 347 1666 sentiendi
373 1638 550 1675 facultatem,
566 1651 628 1678 qua:
654 1644 683 1671 in
705 1645 870 1673 animalibus
890 1650 952 1678 est,

167 1682 250 1710 etiam
265 1684 326 1718 ejus
344 1686 504 1721 participem
520 1696 582 1722 qua:
595 1693 659 1717 ante
677 1689 764 1724 ipsam
782 1691 843 1718 fuit.
861 1690 953 1726 Siqui-

168 1728 230 1756 dem
244 1737 305 1765 qua:
318 1738 367 1765 per
377 1740 487 1760 carnem
500 1734 612 1768 vivunt,
624 1736 706 1763 etiam
720 1737 826 1772 absque
845 1737 952 1765 intelle-

167 1775 223 1802 ctili
237 1781 333 1804 natura
345 1784 405 1806 esse
417 1784 541 1813 possunt.
557 1779 700 1810 Rationale
715 1787 806 1810 autem
821 1784 953 1811 exsistere

167 1828 222 1848 non
246 1827 353 1856 potest,
383 1824 436 1852 nisi
461 1833 523 1853 cum
550 1826 684 1855 sentiente
705 1829 881 1856 commistum
905 1830 950 1857 sit.

168 1866 231 1894 Ideo
247 1873 401 1902 postremus
415 1869 505 1898 factus
527 1876 570 1899 est
596 1872 690 1900 homo.
717 1873 757 1901 Ex
780 1874 855 1901 omni
879 1875 951 1902 enim

167 1911 256 1945 specie
268 1913 421 1941 animarum
434 1920 615 1950 temperatum
627 1922 670 1945 est
682 1919 784 1946 animal
799 1919 952 1952 rationale;

168 1958 289 1985 nutritur
301 1960 374 1987 enim
389 1962 539 1990 secundum
551 1963 669 1997 speciem
684 1964 782 1992 anima
796 1972 857 2000 qua:
869 1970 911 1993 est
924 1966 951 1993 in

167 2003 283 2037 plantis;
299 2007 455 2040 augescenti
472 2016 537 2036 vero
553 2009 677 2037 facultati
690 2011 812 2039 sentiens
823 2019 839 2038 a
853 2015 952 2039 natura

167 2048 296 2083 adjuncta
309 2056 365 2086 est;
382 2052 408 2079 in
427 2053 563 2082 sentiente
585 2056 694 2083 demum
713 2056 878 2084 intellectilis
903 2064 953 2084 na-

168 2099 235 2122 tura:
254 2096 402 2125 edicacitas
424 2098 524 2127 elucet.
548 2099 626 2129 Unde
641 2102 724 2129 etiam
738 2103 848 2138 proprie
867 2103 953 2130 ratio-

166 2141 237 2169 nalis
254 2142 345 2169 anima
361 2148 388 2171 et
401 2145 568 2174 intellectilis
584 2147 695 2181 dicitur,
711 2157 772 2183 qua:
793 2157 842 2184 per
860 2149 950 2177 omnia

712 127 740 154 S.
760 127 912 156 CESARII
935 127 1101 157 GREGORII
1120 129 1270 158 FRATRIS

1738 132 1814 177 ’ρει

1019 187 1086 217 οὖσα
1098 191 1138 226 (οὐ
1153 191 1208 227 γὰρ
1220 192 1394 228 ὲγκρατεῖται
1406 191 1511 228 σώματι
1521 192 1551 219 τὸ
1560 192 1726 228 ἀσώματον),
1744 193 1812 220 οὔτε

1017 235 1096 267 ἐκτὸς
1113 237 1277 272 περιέχουσα
1293 238 1334 274 (οὐ
1349 239 1403 274 γὰρ
1425 238 1580 273 περιέχεται
1603 238 1633 264 τὸ
1657 238 1812 273 ἀσώματον

1017 281 1070 307 ὑπὸ
1086 283 1240 317 σωμάτων),
1254 283 1322 310 ἀλλὰ
1338 284 1408 310 κατά
1424 292 1485 310 τινα
1498 284 1597 319 τρόπον
1615 284 1760 319 ἀμήχανόν
1776 293 1811 311 τε

1017 328 1063 354 καὶ
1077 328 1252 364 ἀνεπινόητον
1268 329 1385 364 ἐγγίςων
1397 329 1411 355 ὁ
1425 329 1487 361 νοῦς
1496 331 1528 366 τῇ
1546 329 1624 364 φύσει
1646 331 1694 357 καὶ
1715 339 1810 366 προσ-

1015 373 1176 409 απτόμενος,
1195 374 1242 401 καὶ
1264 376 1294 401 έν
1317 375 1385 410 αὐτῇ
1406 376 1526 411 καὶπερὶ
1546 376 1630 411 αὐτὴν
1645 376 1809 412 θεωρεῖται,

1014 419 1073 445 ἀλλ’
1098 420 1136 452 ὡς
1153 420 1203 447 οὐκ
1229 420 1302 447 ἐστιν
1325 422 1423 453 εἰπεῖν,
1449 421 1510 448 οὑδέ
1534 422 1637 457 νοῆσαι,
1664 422 1736 457 πλὴν
1762 424 1809 449 ὅτι

1013 466 1084 493 κατὰ
1096 466 1141 492 τὸν
1152 466 1216 492 ἴδιον
1229 466 1314 501 αὐτῆς
1324 467 1418 502 εἱρμὸν
1433 467 1610 503 εὑοδουμένης
1618 468 1668 503 τῆς
1679 468 1806 501 φύσεως,

1013 510 1061 536 καὶ
1083 511 1097 537 6
1118 511 1180 543 νοῦς
1195 512 1310 548 ἐνεργὴς
1332 513 1451 547 γίνεται·
1469 513 1492 539 εί
1516 513 1706 549 πλημμέλημα
1735 514 1807 548 περὶ

1012 556 1114 592 ταύτην
1141 557 1283 592 συμπέσοι,
1300 559 1394 591 σκάζει
1411 558 1473 585 κατ’
1496 559 1583 585 έκεῖνο
1608 559 1656 586 καὶ
1675 559 1726 594 τῆς
1739 560 1805 586 δια-

1012 602 1087 634 νοίας
1099 603 1117 638 ή
1134 602 1249 638 κίνησις.

1047 687 1152 715 Είδέναι
1166 689 1219 725 χρὴ
1234 689 1306 721 τίνος
1318 689 1397 726 χάριν
1409 690 1455 717 ἐπὶ
1469 691 1521 726 γῆς
1535 693 1551 726 ή
1569 691 1670 727 βλάστη
1684 692 1741 719 τῶν
1751 693 1803 719 ἐπὶ

1010 735 1062 769 γῆς
1086 735 1228 770 φυομένων
1251 738 1422 771 προηγεῖται,
1442 737 1592 771 ἐπιγίνεται
1606 737 1634 764 δὲ
1653 737 1688 764 τὰ
1709 738 1800 772 ἄλογα

1009 778 1063 805 τῶν
1073 778 1159 812 ζώων,
1172 780 1217 805 καὶ
1232 779 1300 814 μετὰ
1312 780 1399 807 ταῦτα
1413 782 1427 807 ὁ
1437 781 1586 817 ἄνθρωπος.
1601 782 1638 808 Οὐ
1654 782 1736 817 μόνον
1754 783 1800 809 ὃτι

1009 824 1026 859 ἡ
1046 824 1094 859 μὲν
1111 825 1164 851 πόα
1178 825 1311 860 χρήσιμος
1324 827 1381 858 τοῖς
1397 826 1487 859 ζώοις,
1503 827 1548 854 διὰ
1570 828 1598 854 δέ
1620 827 1666 854 τὸν
1686 828 1799 863 ἄνθρωο

1010 878 1060 897 πον
1073 871 1107 897 τὰ
1124 870 1200 906 βοτὰ,
1217 872 1255 904 ὡς
1275 872 1420 907 ὑπηρετεῖν
1438 873 1567 907 μέλλοντα
1578 882 1585 889 ”
1603 873 1661 900 ἀλλ’
1687 874 1728 900 ὅτι
1746 874 1800 909 τὴν

1009 917 1074 951 περὶ
1083 916 1173 951 ψυχῆς
1189 917 1345 952 φιλοσοφίαν
1359 918 1374 944 ὁ
1387 919 1490 954 Μωσῆς
1504 920 1698 954 παραδίδωσιν.
1715 921 1798 946 Ἔστι

1008 962 1035 988 δὲ
1058 963 1074 998 ἡ
1098 963 1145 989 τοῦ
1165 963 1244 997 λόγου
1265 964 1396 1000 διαίρεσις
1419 965 1546 1001 τοιαύτη¹
1567 966 1626 992 Τῶν
1652 966 1748 998 Βντων,
1764 966 1798 992 τὸ

1009 1007 1059 1041 μὲν
1084 1007 1187 1042 νοητὸν,
1206 1007 1236 1034 τὺ
1259 1008 1288 1034 δέ
1314 1010 1469 1043 σωματικόν
1492 1011 1575 1036 ἐστιν.
1601 1010 1744 1037 Ἔστωσαν
1766 1011 1797 1037 δὲ

1008 1052 1055 1079 νῦν
1069 1053 1103 1079 τὰ
1121 1054 1184 1089 περὶ
1204 1054 1250 1081 τοῦ
1266 1055 1371 1090 νοητοῦ.
1388 1055 1441 1082 Τοῠ
1456 1056 1484 1082 δὲ
1506 1057 1672 1091 σωματικοῦ,
1698 1056 1728 1083 τὸ
1745 1057 1797 1091 μὲν

1009 1098 1116 1133 μετέχει
1141 1097 1258 1135 ζωτικῆς
1280 1100 1430 1136 ἐνεργείας,
1454 1101 1486 1127 τὸ
1508 1101 1536 1128 δὲ
1553 1102 1661 1137 ἀμοιρεῖ
1678 1102 1796 1128 καθόλου

1007 1142 1090 1178 ζωῆς.
1107 1144 1192 1172 Πάλιν
1208 1145 1254 1172 τοῦ
1269 1145 1386 1178 ζωτικοῦ
1402 1146 1538 1182 σώματος,
1550 1147 1580 1173 τὸ
1593 1147 1642 1183 μὲν
1654 1147 1795 1183 αἰσθητὸν,

1007 1187 1037 1214 τὸ
1049 1188 1077 1215 δέ
1094 1189 1272 1225 ἀναίσθητον·
1294 1191 1342 1218 καὶ
1354 1191 1402 1218 τοῦ
1421 1192 1590 1228 αἰσθητικοῦ,
1608 1193 1638 1219 τὸ
1655 1193 1705 1228 μὲν
1720 1193 1796 1227 λογι-

1007 1233 1065 1266 κὸν,
1080 1234 1110 1260 τὸ
1126 1234 1154 1261 δέ
1175 1235 1283 1269 ἄλογον.
1309 1236 1374 1263 Ἀπὸ
1387 1237 1440 1263 τῶν
1459 1237 1630 1273 μικροτέρων
1645 1239 1691 1264 ἐπὶ
1705 1238 1737 1264 τὸ
1750 1238 1795 1264 τέ-

1006 1279 1077 1305 λειον
1091 1281 1108 1315 ἡ
1125 1280 1204 1315 φύσις
1221 1283 1337 1308 ποιεῖται
1358 1282 1410 1318 τὴν
1431 1282 1534 1310 ἄνοδον.
1549 1282 1600 1309 Διὰ
1618 1283 1699 1310 τοῦτο
1723 1283 1794 1318 μετὰ

1005 1325 1054 1361 τὴν
1072 1325 1174 1361 ἄψυχον
1197 1326 1273 1362 ὕλην,
1290 1325 1346 1355 οἷον
1363 1328 1504 1365 ὕπόόαθρά
1522 1337 1583 1355 τινα
1593 1330 1642 1364 τῆς
1654 1330 1709 1355 τῶν
1723 1329 1793 1363 ἀψύ-

1005 1380 1060 1405 χων
1079 1371 1150 1403 ἰδέας
1163 1372 1211 1408 τὴν
1229 1373 1347 1408 φυσικὴν
1360 1373 1462 1410 ταύτην
1482 1374 1554 1410 ζωὴν
1567 1374 1698 1408 συστῆναι
1718 1374 1793 1409 λέγει

1005 1418 1019 1443 6
1032 1416 1190 1453 νομοθέτης,
1215 1420 1243 1445 ἐν
1262 1420 1295 1454 τῇ
1321 1419 1374 1446 τῶν
1392 1419 1482 1454 φυτῶν
1499 1420 1600 1456 βλάστῃ
1616 1422 1793 1455 προῦποστᾱ-

1006 1469 1066 1493 σαν,
1080 1462 1114 1497 ἥν
1127 1471 1156 1488 τε
1170 1462 1219 1498 τὴν
1236 1463 1385 1498 θρεπτικὴν
1400 1463 1447 1490 καὶ
1461 1463 1621 1499 αὐξητικὴν,
1638 1463 1687 1490 εἴθ’
1705 1463 1792 1495 οὓτως

1006 1508 1102 1542 ἐπάγει
1122 1509 1170 1535 καὶ
1184 1509 1234 1544 τὴν
1249 1509 1278 1535 ἐν
1293 1511 1350 1540 τοῖς
1371 1509 1450 1542 ζώοις
1472 1509 1641 1545 αἰσθητικὴν,
1664 1510 1792 1545 μετέχου-

1006 1561 1055 1580 σαν
1068 1554 1116 1580 καὶ
1127 1554 1177 1589 τῆς
1186 1554 1239 1590 πρὸ
1253 1555 1348 1590 αὐτῆς.
1365 1555 1474 1590 Ἐπειδὴ
1488 1556 1522 1582 τὰ
1536 1555 1580 1582 διὰ
1593 1556 1693 1591 σαρκὸς
1702 1555 1790 1588 ζῶντα

1003 1600 1050 1626 καὶ
1064 1600 1126 1636 δίχα
1145 1601 1194 1636 τῆς
1206 1603 1302 1637 νοερᾶς
1315 1602 1423 1636 φύσεως
1438 1602 1550 1629 δύναται
1566 1601 1635 1630 εἶναι
1644 1612 1650 1617 ·
1667 1603 1698 1629 τὸ
1707 1604 1735 1630 δὲ
1748 1603 1791 1629 λο-

1003 1647 1078 1680 γικὸν
1107 1647 1137 1673 οὐ
1153 1647 1273 1681 δύναται,
1292 1649 1316 1674 εί
1333 1648 1370 1684 μὴ
1391 1648 1430 1684 τῷ
1444 1649 1593 1684 αἰσθητικῷ
1611 1649 1787 1684 συγκραθείη.

1003 1693 1051 1720 Διὰ
1076 1693 1155 1720 τοῦτο
1178 1694 1330 1725 τελευταῖος
1345 1695 1360 1720 6
1379 1694 1531 1730 ἄνθρωπος.
1554 1695 1603 1721 Διὰ
1625 1696 1717 1730 πάσης
1736 1696 1789 1730 γὰρ

1004 1739 1075 1770 ίδέας
1091 1739 1145 1766 τῶν
1166 1739 1319 1775 ὁμωνύμως
1333 1740 1487 1774 λεγομένων
1500 1740 1594 1776 ψυχῶν
1610 1741 1787 1775 ἀνακιρνᾶται

1002 1785 1032 1811 τὸ
1044 1785 1152 1819 λογικὸν
1165 1785 1245 1817 ζῶον.
1265 1785 1400 1820 Τρέφεται
1415 1787 1462 1813 καὶ
1482 1786 1552 1812 κατὰ
1572 1786 1602 1812 τὸ
1616 1786 1728 1820 φυτικὸν
1740 1786 1787 1820 τῆς

1001 1829 1089 1866 ψυχῆς
1112 1827 1189 1861 εἶδος.
1206 1831 1244 1866 Τῇ
1261 1830 1289 1856 δὲ
1315 1830 1448 1866 αὐξητικῇ
1471 1831 1586 1866 δυνάμει
1606 1832 1622 1866 ἡ
1645 1830 1786 1866 αίσθητικὴ

984 1875 989 1881 “
1003 1875 1134 1911 προσφύει
1143 1884 1150 1891 ·
1160 1873 1219 1902 εἷτα
1226 1877 1258 1912 τῇ
1276 1876 1420 1911 αίσθητικῇ
1434 1877 1450 1911 ἡ
1463 1877 1512 1912 τῆς
1521 1878 1616 1913 νοερᾶς
1634 1877 1729 1909 οὐσίας
1736 1878 1788 1903 διέο

1002 1921 1107 1956 λαμψεν
1123 1921 1255 1957 ἐνέργεια.
1272 1921 1352 1948 Ὅθεν
1369 1922 1416 1948 καὶ
1433 1922 1535 1957 κυρίως
1549 1922 1644 1958 λογικὴ
1658 1922 1730 1958 ψυχὴ
1743 1923 1786 1949 καὶ

1001 1965 1082 2001 νοερὰ
1108 1965 1230 1999 λέγεται,
1256 1966 1271 2000 ἠ
1299 1965 1343 1992 διὰ
1362 1966 1470 1992 πάντων
1497 1966 1639 2002 διήκουσα.
1676 1967 1720 1993 Ἐν
1740 1967 1786 2002 μὲν

1001 2011 1055 2046 γὰρ
1070 2011 1110 2046 τῷ
1128 2010 1230 2046 λογικῷ
1250 2010 1297 2037 καὶ
1311 2011 1346 2038 τὰ
1360 2010 1441 2037 λοιπὰ
1458 2011 1636 2047 περιέλαϐεν,
1660 2012 1690 2038 ἐν
1705 2012 1733 2038 δὲ
1749 2011 1786 2047 τῷ

1001 2056 1151 2092 αἰσθητικῷ
1168 2056 1215 2082 καὶ
1229 2055 1259 2082 τὸ
1277 2056 1389 2090 φυτικὸν
1402 2056 1510 2088 πάντως
1524 2056 1592 2087 ἐστὶ,
1607 2057 1640 2084 τὸ
1661 2057 1690 2083 δὲ
1713 2066 1785 2091 φυτι-

1001 2102 1049 2129 κὸν
1062 2102 1126 2137 περὶ
1138 2101 1169 2128 τὺ
1181 2101 1273 2128 ὑλικὸν
1288 2101 1328 2128 θε.
1345 2121 1352 2128 .
1370 2122 1377 2128 .
1394 2122 1401 2129 .
1417 2122 1425 2130 .
1444 2121 1450 2129 .
1468 2121 1476 2129 .
1493 2122 1499 2128 .
1516 2121 1524 2129 .
1541 2121 1548 2129 .
1567 2121 1574 2129 .
1590 2121 1598 2129 .
1615 2124 1622 2130 .
1651 2102 1721 2138 πλὴν
1743 2103 1785 2129 καὶ

1001 2147 1087 2175 ταῦτα
1111 2147 1155 2174 διὰ
1175 2147 1224 2182 τὴν
1242 2147 1360 2183 ζωτικὴν
1385 2147 1537 2183 ἐνέργειαν,
1561 2148 1785 2184 καταχρηστικῶς

166 2193 227 2214 sese
242 2186 319 2213 didit.
337 2186 404 2215 Nam
421 2189 448 2216 in
462 2189 589 2218 rationali
603 2191 685 2218 etiam
700 2193 804 2227 reliqua
821 2201 947 2228 compre~

1006 2193 1081 2228 μυχαὶ
1096 2193 1285 2228 ὀνομάζονται.

166 2231 275 2264 hendit,
297 2241 359 2260 cum
379 2233 407 2261 in
430 2235 565 2263 sentiente
585 2238 736 2271 vegetativa
761 2239 813 2270 sit,
825 2246 886 2273 quae
902 2239 1050 2273 vegetativa
1066 2243 1173 2265 tantum
1189 2238 1215 2265 in
1230 2238 1311 2265 rebus
1324 2238 1427 2266 crassis
1441 2238 1560 2266 exsistit.
1574 2237 1676 2266 Verum
1694 2244 1721 2266 et
1737 2240 1783 2267 isla

166 2282 276 2313 propter
288 2279 396 2306 vitalem
408 2280 554 2309 edicaciam
568 2283 679 2311 abusive
689 2284 788 2311 anima;
800 2289 942 2312 vocantur.

202 2323 348 2352 Sciendum
366 2326 439 2360 quod
455 2334 516 2361 qua:
529 2327 600 2355 facta
615 2333 679 2356 sunt
693 2329 727 2356 ad
743 2329 770 2356 id
787 2329 948 2364 simpliciter

171 2374 201 2397 ut
220 2370 360 2404 vivamus,
381 2376 445 2400 sunt
461 2374 601 2401 cerebrum
612 2395 619 2407 ,
636 2383 683 2402 cor
699 2379 727 2402 et
740 2375 850 2410 pulmo,
864 2377 948 2411 hepar

164 2421 192 2443 ct
217 2423 321 2444 venter.
349 2417 452 2446 Horum
473 2419 546 2446 enim
570 2420 663 2455 aliquo
686 2421 767 2453 laeso,
793 2422 948 2449 necessario

164 2462 282 2489 moritur
297 2463 407 2491 animal.
425 2463 503 2492 Oculi
520 2469 610 2492 autem
622 2486 630 2499 ,
646 2474 743 2494 manus
756 2471 784 2494 et
799 2467 879 2501 pedes
891 2488 898 2500 ,
914 2467 948 2495 ad

165 2507 191 2534 id
205 2511 235 2534 ut
247 2508 315 2536 bene
328 2509 451 2537 vivamus
461 2530 468 2542 ,
485 2511 556 2539 facta
569 2517 642 2539 sunt.
657 2511 704 2540 llis
717 2513 790 2540 enim
807 2513 878 2541 laesis
888 2534 895 2546 ,
908 2513 949 2540 vi-

164 2554 203 2581 vit
217 2555 326 2588 quidem
342 2556 442 2584 animal
453 2576 461 2589 ,
477 2566 531 2585 non
546 2563 637 2586 autem
655 2559 734 2586 bene.
753 2559 812 2586 Alia
829 2560 948 2594 denique

164 2599 198 2626 ad
216 2601 439 2635 propagationem
458 2603 625 2636 posteritatis
642 2604 789 2638 pertinent.

201 2644 359 2673 Postremus
381 2651 441 2681 post
455 2648 620 2675 creationem
636 2656 651 2675 a
669 2647 723 2676 Deo
740 2648 888 2683 productus
904 2652 947 2676 est

164 2689 257 2717 homo.
278 2690 336 2718 Non
359 2692 431 2727 quod
455 2693 528 2720 velut
548 2694 609 2720 vilis
625 2694 696 2721 inter
713 2698 852 2728 postrema
868 2694 945 2728 abje-

164 2741 225 2762 ctus
241 2736 293 2768 sit,
308 2737 354 2764 sed
370 2745 418 2772 par
429 2743 488 2766 erat
504 2739 654 2775 principem
672 2745 737 2768 ante
751 2740 878 2768 subditos
891 2747 945 2767 non

1043 2329 1139 2356 Ἱστέον
1154 2330 1195 2356 ὃτι
1208 2329 1242 2356 τὰ
1258 2330 1388 2364 γεγονότα
1403 2330 1471 2366 πρὸς
1485 2330 1515 2356 τὸ
1529 2330 1621 2362 ἁπλῶς
1639 2330 1690 2365 ζῇν
1703 2332 1782 2366 ἡμᾶς,

1001 2374 1079 2406 εἰσὶν,
1103 2375 1263 2409 ἐγκέφαλος,
1288 2376 1386 2411 καρδία
1410 2376 1455 2403 καὶ
1477 2376 1615 2411 πνεύμων,
1637 2374 1716 2411 ἧπαρ
1742 2378 1783 2403 καὶ

1001 2420 1116 2456 γαστήρ.
1132 2420 1185 2447 Καί
1200 2428 1271 2452 τινος
1280 2420 1335 2455 γὰρ
1345 2421 1447 2448 τούτων
1468 2421 1609 2453 παθόντος,
1624 2421 1654 2453 ἐξ
1664 2422 1781 2456 ἀνάγκης

1000 2466 1031 2492 τὸ
1045 2465 1113 2498 ζῶον
1129 2466 1256 2501 τελευτᾷ·
1273 2466 1406 2502 ὀφθαλμοὶ
1419 2467 1447 2493 δὲ
1462 2467 1508 2494 καὶ
1522 2468 1613 2502 χεῖρες
1637 2468 1683 2493 καὶ
1708 2468 1782 2499 πόδες

1000 2511 1068 2546 πρὸς
1082 2510 1113 2537 τὸ
1124 2508 1153 2536 εὖ
1174 2509 1224 2546 ζῇν
1238 2512 1312 2546 ἡμᾶς
1328 2511 1467 2545 γεγόνασι.
1487 2511 1596 2538 Τούτων
1611 2510 1666 2547 γὰρ
1684 2511 1781 2537 παθόν-

997 2564 1061 2588 των,
1079 2556 1112 2591 ζῇ
1131 2556 1180 2590 μὲν
1198 2556 1228 2582 τὸ
1243 2555 1323 2588 ζῶον,
1346 2557 1376 2582 οὗ
1395 2556 1485 2588 καλῶς
1506 2556 1545 2583 δέ.
1567 2557 1652 2583 Ἀλλα
1672 2557 1701 2584 δὲ
1719 2558 1781 2592 πρὸς

997 2601 1121 2637 διαδοχὴν
1135 2601 1190 2628 τῶν
1206 2602 1402 2637 ἐπιγινομένων
1419 2602 1483 2630 εἰσί.

1034 2647 1191 2679 Τελευταῖος
1213 2647 1281 2682 μετὰ
1304 2647 1354 2683 τὴν
1371 2648 1460 2674 κτίσιν
1486 2648 1518 2674 ὲκ
1539 2648 1607 2675 Θεοῦ
1628 2648 1755 2684 παρήχθη
1768 2650 1781 2674 6

999 2690 1151 2727 ἄνθρωπος.
1168 2692 1223 2727 Οὐχ
1243 2692 1280 2724 ὡς
1302 2693 1455 2727 ἀπόϐλητος
1478 2694 1506 2719 ἐν
1530 2693 1653 2728 ἐσχάτοις
1667 2694 1781 2729 ἀπορῥια

999 2736 1075 2771 φείς·
1095 2737 1151 2764 ἀλλ’
1176 2737 1249 2769 εἰκὸς
1270 2736 1305 2773 ἦν
1327 2738 1371 2764 τὸν
1388 2738 1505 2773 ἄρχοντα
1522 2738 1575 2773 πρὸ
1593 2738 1648 2765 τῶν
1664 2739 1779 2774 ἀρχομέ-

200 2808 255 2850 (9§)
270 2808 313 2850 Ex
331 2809 411 2850 libro
438 2811 475 2838 De
489 2812 600 2841 Ιιοηιίμίε
619 2814 722 2849 oriﬁcio
746 2814 860 2850 passim,
879 2814 926 2842 sed
950 2809 1041 2840 omnia
1056 2810 1200 2838 commista
1217 2813 1245 2839 et
1265 2810 1326 2839 aliis
1347 2810 1439 2839 verbis
1464 2818 1601 2839 exorcssa.
1621 2810 1690 2840 Vide
1704 2820 1776 2848 capp.

164 2843 209 2876 29,
227 2844 253 2876 8,
269 2844 313 2877 30,
330 2845 358 2877 2,
375 2846 401 2879 ἲ,
419 2851 472 2875 etc.
