1907 3043
108 125 179 153 1085

107 189 162 210 νων
175 183 213 218 μὴ
230 182 416 217 ἀναφανῆναι·
435 182 502 218 μηδὲ
523 181 576 217 πρὸ
597 181 647 218 τὴν
669 181 831 209 πανδαισίαν
852 182 897 208 εὑ-

107 228 297 264 τρεπισθῆναι,
315 227 509 262 είσοικισθῆναι
526 227 573 254 τὸν
589 227 746 262 δαιτυμόνα.

142 273 301 309 Τιμιοπέρα
314 274 344 300 δὲ
353 274 443 308 πάσης
460 273 625 308 φαινομένης
633 273 682 308 τῆς
697 273 811 304 κτίσεως
823 273 839 308 ἡ
850 271 896 298 τοῦ

105 318 252 355 ἀνθρώπου
262 318 353 353 φύσις.
372 318 405 345 Ἦ
427 318 478 353 μὲν
490 317 545 353 γὰρ
564 317 652 349 κτίσις
667 317 719 344 ὑπὸ
738 316 806 343 Θεοῦ
830 317 898 344 ἀπο-

105 364 266 399 σχεδιάσθη,
286 363 354 400 ὁμοῦ
373 363 414 399 τῷ
429 364 622 400 προστάγματι
636 363 778 389 συστᾶσα·
802 361 849 388 ἐπὶ
868 361 897 388 δὲ

104 412 158 446 τῆς
172 411 219 438 τοῦ
234 411 376 447 ἀνθρώπου
387 411 569 446 κατασκευῆς,
589 409 712 446 [βουλῆς]
735 409 816 445 βουλὴ
830 418 898 445 προ-

105 459 227 493 ηγεῖται,
242 458 289 484 καὶ
303 457 391 484 πάντα
405 457 468 493 περί
481 456 563 484 αὐτοῦ
575 456 814 493 προδιασκοπείται
826 457 839 482 ό
855 455 898 482 λό-

105 512 167 537 γος·
177 501 237 530 εἷπε
254 503 308 539 γὰρ
316 504 330 529 ό
343 502 420 535 Θεὸς,
436 503 612 537 Ποιήσωμεν
625 502 792 537 ἄνθρωπον,
806 501 896 528 καὶτὰ

105 549 174 585 ἑξῆς
184 549 218 576 τὰ
233 550 297 585 περὶ
309 549 391 576 αὑτοῦ
401 557 408 564 ·
422 549 461 581 ὡς
472 549 525 585 πρὸ
539 549 590 584 τῆς
609 550 742 582 γενέσεως
753 548 803 583 τὴν
819 546 897 579 ἀξίαν

104 595 192 621 αὑτὸν
206 594 308 623 λαϐεῖν.
333 595 379 622 Διὸ
403 595 450 622 καὶ
474 595 539 630 ὕλην
562 596 612 630 τῆς
634 594 717 622 αὑτοῦ
742 594 898 625 συστάσεως

105 641 294 676 προητοίμασε
315 641 362 667 καὶ
381 641 448 676 πρὸς
462 642 537 667 ποῖον
556 640 711 676 ἀρχέτυπον
738 640 788 676 τὴν
804 640 896 674 ὁμοιό-

104 693 176 720 τητα
192 684 257 718 ἕξει,
272 685 435 720 διενοήσατο.
453 686 509 721 Τὴν
527 685 702 722 ἀνθρωπίνην
716 683 762 712 οὖν
780 685 861 720 φύσιν
881 686 896 711 6

106 731 299 766 άριστότεχνος
315 731 391 763 Θεὸς,
410 729 466 758 οἷόν
480 741 506 758 τι
519 731 634 769 ὄργανον
651 732 692 763 είς
712 731 870 766 βασιλείας..
886 750 893 757 .

105 777 271 811 ἐπιτήδειον,
287 777 497 812 ἐδημιούργησε.
509 779 566 809 τοίς
584 785 615 804 τε
632 777 702 804 κατά
721 777 811 812 ψυχὴν
829 784 895 812 προ·

104 824 254 858 τερήμασι,
278 824 326 850 καὶ
349 823 422 859 αὐτῷ
436 823 475 859 τῷ
488 823 535 851 τοῦ
557 824 682 859 σώματος
705 824 833 859 σχήματι.
862 823 894 849 Ἡ

106 868 158 902 μὲν
185 868 237 903 γὰρ
263 869 336 905 ψυχὴ
362 869 393 896 τὸ
419 869 557 904 βασιλικὸν
581 869 725 902 δείκνυσιν,
750 868 895 900 ἀδέσποτος

102 911 184 945 οὖσα,
212 915 259 940 καὶ
278 915 459 948 αὑτεξούσιος,
484 915 522 947 ὼς
542 915 624 942 εἰκὼν
641 915 708 942 Θεοῦ
729 914 895 942 κοινωνοῦσα

104 959 146 993 τῷ
158 959 316 995 ἀρχετύπῳ,
331 961 391 987 ἀντὶ
410 960 557 995 βασιλικῶν
581 960 691 995 ἀμφίων
706 961 756 996 τὴν
768 959 893 995 λαμπρό-

104 1014 175 1040 τητι
194 1006 353 1042 ὲνδεδυμένη
367 1007 421 1033 τῶν
438 1006 553 1042 ἀρετῶν,
571 1005 619 1033 καὶ
633 1006 682 1041 τῆς
699 1005 834 1040 ἰδιωτικῆς
847 1013 895 1031 τα-

105 1052 264 1087 πεινότητος
280 1052 317 1088 μὴ
334 1052 495 1087 μετέχουσα..

142 1140 201 1167 Μία
213 1140 241 1167 δὲ
254 1140 368 1176 δύναμις
377 1140 557 1176 ἀντιληπτικὴ
568 1139 623 1167 τῶν
633 1140 802 1176 πραγμάτων
813 1139 894 1172 αὐτὸς

105 1185 120 1210 6
129 1185 169 1220 τῷ
181 1184 317 1220 ἀνθρώπῳ
327 1185 485 1220 ἐγκείμενος
495 1184 567 1217 νοῦς·
583 1185 598 1211 6
613 1184 646 1212 δι’
661 1185 777 1211 ἑκάστου
785 1184 840 1211 τῶν
853 1185 895 1211 αί-

107 1231 265 1266 σθητηρίων
279 1230 394 1263 διεξιὼν,
416 1231 463 1258 καὶ
482 1231 535 1257 τῶν
548 1230 634 1257 ὄντων
647 1230 887 1265 ὲπιδρασσόμενος,

105 1275 162 1305 οἷόν
175 1286 216 1309 τις
229 1277 373 1314 χαρακτὴρ
385 1277 433 1312 τῆς
443 1277 490 1304 τοῦ
503 1276 571 1304 Θεοῦ
586 1278 650 1313 μιᾶς
662 1277 765 1309 οὐσίας,
775 1276 829 1303 τῶν
839 1285 895 1303 ποι-

107 1323 191 1349 κίλων
213 1323 373 1358 ποιημάτων
399 1323 583 1359 ἐνεργητικὸς.
614 1323 896 1358 Ἐπιστομιςέσθωσαν

106 1370 132 1395 oi
147 1368 273 1403 λέγοντες
290 1369 414 1405 ἀνόμοιον
428 1368 466 1404 τῷ
480 1370 568 1405 Πατρὶ
582 1369 628 1396 τὸν
639 1369 713 1401 Υίὺν,
727 1369 748 1404 ἢ
768 1369 799 1396 τὸ
817 1369 895 1403 ἀγιον

108 1414 222 1450 Πνεῦμα
239 1415 309 1441 κατά
318 1415 368 1451 τὴν
377 1415 470 1442 οὐσίαν
479 1424 486 1431 ·
497 1417 511 1442 6
524 1415 588 1451 γὰρ.
602 1415 788 1450 Ποιήσωμεν,
798 1415 893 1447 εἰπὼν,

107 1460 156 1488 καὶ
169 1460 213 1487 διὰ
226 1461 276 1495 τῆς
290 1460 474 1497 πληθυντικῆς
489 1461 615 1496 σημείας,
635 1462 684 1497 τὴν
698 1461 779 1496 ἁγίαν
793 1461 896 1497 Τριάδα

106 1506 241 1541 δηλώσης,
257 1508 307 1534 οὐκ
327 1507 360 1534 ἂν
374 1508 424 1543 τῆς
438 1508 541 1539 εἰκόνος
564 1507 714 1543 μοναδικῶς
729 1507 896 1543 ἐμνημόνευ-

107 1560 165 1584 οεν,
183 1553 264 1588 εἰπερ
278 1552 411 1588 ἀνομοίως
427 1551 484 1589 εἶχε
504 1552 572 1589 πρὸς
590 1552 620 1580 τὸ
641 1552 811 1588 ἀρχέτυπον·
831 1550 895 1578 ἀδύ-

106 1604 188 1623 νατον
211 1596 265 1632 γὰρ
285 1597 350 1632 μίαν
372 1597 463 1624 εἰκόνα
484 1598 622 1634 διαφόροις
643 1597 807 1634 ὁμοιωθῆναι
829 1605 896 1634 μορ-

107 1644 189 1678 φαῖς·
216 1643 240 1670 εἰ
265 1643 320 1679 γὰρ
346 1643 467 1679 διάφοροι
490 1641 560 1680 ἦσαν
579 1645 607 1671 αἱ
628 1643 733 1679 φύσεις,
751 1644 897 1679 διαφόρους

107 1688 154 1715 καὶ
169 1688 220 1719 τὰς
230 1689 337 1720 εἰκόνας
351 1689 543 1724 ἀνεστήσαντο.

143 1734 249 1768 Γυμνὸς
270 1734 299 1761 δὲ
318 1734 371 1761 τῶν
386 1736 418 1761 svi:
430 1735 480 1771 τῆς
500 1735 607 1770 φύσεως
622 1734 711 1762 ὃπλων
726 1735 773 1762 καὶ
789 1743 895 1769 προκα-

107 1778 257 1814 λυμμάτων
278 1781 293 1806 6
316 1779 469 1815 ἄνθρωπος,
491 1781 521 1807 οὐ
543 1781 640 1816 κέρασι
660 1780 893 1816 καθωπλισμένος,

106 1824 157 1851 οὐκ
175 1824 278 1859 ὀνύχων
296 1826 408 1861 ἀκμαῖς,
424 1826 474 1853 οὑκ
489 1826 605 1859 ὀδοῦσιν,
619 1827 636 1862 ἢ
657 1827 760 1862 κέντρῳ
779 1826 860 1858 ίώδει,
877 1826 894 1862 ἢ

105 1871 207 1906 τριχῶν
233 1871 373 1908 περιϐολῇ,
397 1872 413 1907 ἢ
436 1872 584 1908 πτερωτὸς,
610 1873 641 1899 οὐ
663 1873 812 1908 ταχύπους,
833 1873 893 1899 οὐδὲ

106 1917 287 1952 πολύσαρκος·
304 1918 351 1944 καὶ
362 1919 447 1946 ταῦτα
459 1918 563 1953 μέλλων
573 1919 677 1954 ἄρχειν,
688 1919 797 1951 οἰκείοις
814 1919 894 1946 αὐτὸν

105 1961 198 1993 ὅπλοις
227 1962 383 1998 πεφράχθαι
410 1964 509 1999 ἐχρῆν·
539 1964 608 1991 ἀλλά
634 1964 762 1996 εἰκότως·
790 1965 815 1991 εἰ
838 1964 894 2000 γὰρ

105 2007 192 2039 οὕτως
214 2005 280 2043 εἶχε,
293 2008 427 2044 θηριώδης
441 2017 482 2041 τις
496 2009 529 2036 ἂν
545 2007 578 2045 ἦν
593 2010 639 2037 καὶ
658 2010 831 2046 δυσάντητος,
846 2011 893 2037 καὶ

105 2053 155 2088 τὴν
168 2053 239 2080 κατὰ
262 2053 348 2081 ἄλλων
375 2055 500 2090 παρεῖδεν
528 2055 632 2091 ἀρχὴν,
655 2055 706 2090 τῆς
735 2056 893 2092 συνεργείας

105 2099 219 2126 ἐκείνων
241 2099 278 2135 μὴ
293 2099 428 2134 δεόμενος.
442 2100 501 2127 Νῦν
514 2101 543 2127 δὲ
562 2101 593 2127 τὸ
606 2101 700 2128 δοκοῦν
721 2101 828 2133 ἑπιδεὲς
842 2102 893 2137 τῆς

105 2145 223 2180 φύσεως,
248 2146 359 2180 ἀφορμὴ
382 2145 451 2181 πρὸς
472 2146 503 2173 τὸ
523 2148 634 2182 κρατεῖν
652 2146 707 2173 τῶν
728 2147 892 2183 ὑποχειρίων

104 2191 174 2217 ἐστί.
190 2189 239 2217 Διὰ
248 2190 326 2216 τοῦτο
337 2191 400 2226 παρ’
411 2191 492 2218 αὐτοῦ
507 2192 522 2218 ὁ
532 2191 594 2227 βοῦς
607 2193 659 2219 ὑπὸ
672 2192 754 2227 ζυγὸν
765 2193 890 2230 εἰσήχθη,

104 2235 120 2262 ό
134 2236 217 2267 ἵππος
231 2236 418 2272 ὲπεδαμάσθη.
433 2238 450 2272 ἡ
466 2238 610 2264 ἐπιστασία
625 2238 678 2264 τῶν
691 2239 833 2274 προὸάτων
848 2241 893 2268 διὰ

103 2281 153 2312 τὰς
174 2281 204 2314 ἐξ
217 2281 305 2308 αὐτῶν
329 2283 520 2318 προσαγωγὰς,
542 2283 576 2310 τὰ
599 2284 738 2320 ἀχθοφόρα
753 2285 810 2317 ζῶα
827 2286 893 2312 ὑπέ-

105 2325 225 2358 ζευκται.
256 2326 285 2352 '0
307 2326 380 2353 κύων
398 2327 442 2354 διὰ
466 2327 516 2363 τῆς
533 2327 588 2354 τῶν
607 2329 720 2356 ὀδόντων
739 2329 833 2365 λαϐῆς,
861 2331 891 2357 τὸ

104 2370 338 2405 καταγωνίζεσθαί
361 2381 419 2399 τινα
441 2374 560 2409 παρέσχε
577 2375 630 2401 τῶν
647 2375 740 2407 ζώων·
767 2378 890 2411 κεράτων

104 2415 150 2442 καὶ
177 2415 280 2450 ὀνύχων
314 2417 486 2453 ἰσχυρότερος
512 2418 683 2455 ἐπινενόηται
717 2421 731 2446 6
769 2422 887 2457 σίδηρος.

108 2459 292 2496 Ὗπηρετοῦσι
305 2461 334 2488 δὲ
351 2463 398 2489 καὶ
413 2463 447 2489 τὰ
458 2464 547 2498 ὖρνεα,
568 2465 614 2492 καὶ
630 2465 660 2492 τὺ
676 2466 769 2493 πτίλον
783 2468 887 2494 αὐτῶν·

104 2505 149 2531 καὶ
164 2508 196 2532 ἐκ
206 2505 347 2542 δερμάτων
360 2508 415 2534 τῶν
430 2508 507 2541 ζώων
522 2510 554 2536 τὸ
574 2510 716 2546 εὔτριπτον
733 2512 786 2539 τῶν
803 2513 891 2540 ποδῶν

103 2551 182 2586 ήμῶν
194 2551 351 2588 διετηρήθη.

137 2691 174 2717 Τδ
192 2691 222 2718 δὲ
242 2692 330 2728 ὄρθιον
345 2694 436 2729 σχῆμα
449 2695 497 2722 τοῦ
517 2695 671 2732 ἀνθρώπου,
691 2697 737 2724 καὶ
757 2699 785 2725 αἱ
799 2700 889 2735 χεῖρες

103 2736 149 2770 τῆς
162 2737 241 2769 ἀξίας
255 2737 406 2766 δεικνύουσι
421 2739 469 2775 τὴν
483 2740 622 2776 διαφορὰν,
637 2742 691 2768 τῶν
704 2742 790 2769 ἄλλων
810 2744 889 2776 ζώων

794 121 966 152 DIALOGUS
1001 122 1045 150 Ill.

1665 117 1734 145 i086

946 181 1072 216 prodire,
1090 187 1178 214 neque
1191 184 1337 214 antequam
1352 176 1508 213 omnigenis
1522 176 1653 204 refertum
1668 183 1733 210 epu-

946 227 981 254 lis
993 226 1146 254 convivium
1161 229 1348 260 appararetur,
1361 223 1500 252 introduci
1512 223 1730 251 convivatorein.

982 272 1128 300 Pretiosior
1147 277 1238 298 autem
1257 275 1300 298 est
1315 271 1434 298 humana
1449 274 1548 297 natura
1563 268 1638 295 omni
1654 274 1732 295 crea-

947 322 1007 345 tura
1017 325 1078 353 quas
1088 317 1177 345 oculis
1187 316 1322 344 cernitur.
1332 315 1400 343 Nam
1412 319 1510 343 caetera
1521 314 1631 350 quidem
1642 318 1732 341 creata

946 371 961 390 a
977 363 1032 392 Deo
1043 364 1121 399 quasi
1132 371 1165 391 ex
1181 368 1303 398 tempore
1315 361 1386 389 facta
1399 366 1480 394 sunt,
1492 360 1574 389 simul
1584 367 1646 387 cum
1659 366 1735 386 man-

946 410 1010 438 dato
1023 410 1143 438 exhibita
1158 419 1164 437 :
1181 409 1208 436 in
1224 408 1346 436 hominis
1361 412 1451 435 autem
1467 411 1605 434 structura
1619 405 1732 433 consul-

947 455 1014 483 tatio
1032 455 1174 491 pmeedit,
1199 453 1347 489 omniaque
1369 453 1403 480 de
1425 460 1458 480 eo
1481 452 1558 487 prius
1577 450 1734 478 considerat

947 501 1035 528 ratio:
1054 500 1121 528 dixit
1133 500 1207 529 enim
1222 499 1312 527 Deus:
1327 499 1473 525 Faciamus
1489 498 1619 525 hominem
1637 505 1733 524 secun-

946 547 1009 573 dum
1019 545 1159 581 imaginem
1173 545 1206 577 ³³,
1220 549 1247 572 et
1259 552 1320 579 qua
1332 544 1365 571 de
1377 552 1409 571 eo
1420 548 1591 578 sequuntur;
1607 547 1637 570 ut
1650 543 1733 570 etiam

946 592 1011 619 ante
1022 595 1112 619 ortum
1128 598 1209 618 suum
1224 590 1306 617 homo
1319 589 1478 624 dignitatem
1494 597 1571 616 suam
1586 588 1731 616 obtineret.

947 637 1007 664 Ideo
1024 641 1051 664 et
1069 637 1212 664 materiem
1229 636 1264 663 de
1280 643 1333 670 qua
1353 635 1530 667 conderetur,
1558 634 1732 669 praeparavit.

945 689 973 710 et
990 683 1024 710 ad
1043 683 1124 717 quale
1142 681 1281 716 exemplar
1300 681 1509 709 similitudinem
1527 680 1672 708 habiturus
1686 688 1732 707 es-

946 733 1004 760 set,
1020 728 1171 763 perpendit.
1188 727 1344 755 Humanam
1359 726 1444 761 igitur
1459 732 1587 753 naturam
1611 725 1733 760 optimus

945 773 1045 801 artifex
1062 773 1133 801 Deus
1147 773 1222 800 velut
1237 780 1372 808 organum
1394 771 1428 798 ad
1451 771 1527 806 regni
1552 771 1731 799 administra-

947 819 1049 846 tionem
1065 819 1192 846 idoneum
1207 817 1365 850 fabricavit,
1382 822 1410 845 et
1427 818 1525 845 animae
1543 816 1691 852 privilegiis
1704 821 1733 843 et

946 865 1035 893 forma
1053 865 1178 900 corporis
1196 864 1321 892 donavit.
1341 863 1482 899 Siquidem
1503 863 1593 890 anima
1612 862 1730 898 regalem

947 911 1117 946 maiestatem
1133 910 1268 942 ostendit,
1286 909 1388 937 nullius
1407 909 1528 936 dominio
1545 908 1666 943 subjecta
1677 926 1686 940 ,
1704 913 1732 934 et

945 957 1062 993 propriae
1072 955 1231 992 potestatis,
1245 960 1376 990 tanquam
1391 955 1481 990 imago
1498 954 1560 988 Dei,
1574 953 1731 981 communia

944 1011 1006 1032 cum
1022 1003 1169 1038 archetypo
1181 1002 1305 1037 quaedam
1322 1002 1441 1035 habens,
1455 1009 1505 1036 pro
1520 1000 1658 1035 regalibus
1672 1000 1732 1034 pal-

944 1049 989 1077 liis
1005 1049 1101 1077 induta
1118 1048 1264 1083 splendore
1279 1049 1411 1075 virtutum
1424 1067 1432 1080 ,
1448 1051 1476 1074 et
1490 1054 1552 1074 cum
1568 1046 1674 1081 plebeia
1687 1046 1731 1072 vi-

944 1096 1021 1123 litate
1038 1094 1106 1122 nihil
1122 1094 1300 1129 participans.

979 1140 1065 1169 Porro
1082 1148 1135 1168 una
1151 1139 1303 1175 perceptrix
1322 1146 1414 1167 rerum
1433 1138 1553 1166 facultas
1571 1137 1674 1165 homini
1691 1141 1734 1164 est

945 1187 1028 1214 insita
1040 1206 1048 1219 ,
1066 1186 1198 1213 nimirum
1214 1193 1293 1213 mens
1303 1205 1313 1218 ,
1327 1193 1389 1220 qua
1404 1192 1452 1220 per
1467 1184 1589 1220 singulas
1602 1191 1733 1211 sensuum

945 1234 1023 1261 sedes
1046 1233 1205 1261 discurrens
1228 1236 1256 1259 et.
1276 1239 1319 1259 res
1338 1239 1434 1259 omnes
1454 1230 1681 1266 apprehendens,
1701 1237 1734 1257 ac

945 1279 1020 1306 velut
1045 1277 1201 1313 exemplum
1222 1282 1249 1304 et
1271 1276 1362 1311 imago
1380 1276 1469 1304 unica:
1487 1276 1648 1303 substantia:
1664 1275 1735 1302 diri-

948 1333 989 1352 na:
998 1344 1005 1357 ,
1017 1325 1156 1352 variarum
1169 1325 1358 1359 operationum
1371 1323 1491 1350 eﬂ'ectrix
1505 1328 1557 1350 est.
1572 1323 1677 1350 Sileant
1686 1322 1733 1357 qui

945 1371 1046 1398 dicunt
1062 1370 1222 1406 inaequalem
1239 1369 1313 1397 Patri
1330 1368 1448 1400 Filium,
1463 1369 1505 1396 vel
1523 1367 1655 1403 Spiritum
1669 1375 1734 1395 san-

945 1421 1020 1445 ctum
1038 1416 1190 1444 secundum
1203 1415 1386 1443 substantiam
1401 1423 1408 1442 :
1425 1422 1487 1441 nam
1508 1415 1555 1449 qui
1570 1414 1658 1445 dixit,
1675 1413 1733 1440 Fa-

946 1464 1059 1495 ciamus,
1069 1462 1151 1497 idque
1165 1461 1263 1495 plurali
1277 1461 1491 1496 signiﬁcatione,
1505 1464 1628 1487 sanctam
1639 1458 1733 1486 Trini-

947 1507 1186 1536 tatemunanifeste
1199 1507 1316 1534 ostendit
1329 1515 1337 1540 ;
1352 1513 1439 1541 neque
1453 1505 1581 1540 imaginis
1595 1504 1731 1539 singulari

947 1561 1063 1581 numero
1083 1553 1247 1579 mentionem
1264 1551 1389 1584 fecisset,
1404 1551 1428 1578 si
1443 1550 1476 1577 ad
1491 1550 1668 1586 archetypum
1692 1550 1734 1576 in-

946 1599 1060 1637 aequalis
1071 1598 1168 1626 fuisset
1180 1607 1187 1625 ι
1203 1598 1300 1633 nequit
1313 1597 1386 1625 enim
1400 1597 1457 1624 fieri
1475 1601 1504 1624 ut
1518 1597 1608 1631 imago
1622 1603 1675 1623 una
1689 1595 1733 1622 di~

944 1647 1033 1675 versis
1051 1645 1150 1673 formis
1163 1645 1347 1680 respondeat;
1366 1652 1429 1671 nam
1446 1644 1470 1671 si
1485 1643 1600 1671 diversa!
1616 1642 1735 1670 fuissent

944 1697 1061 1724 naturae,
1072 1691 1195 1719 diversas
1205 1690 1287 1717 etiam
1301 1689 1433 1724 imagines
1445 1688 1642 1716 condidissent.

979 1737 1076 1766 Nudus
1094 1742 1205 1770 autem,
1221 1740 1249 1763 et
1265 1744 1281 1763 a
1298 1739 1402 1763 natura:
1419 1735 1505 1762 armis
1522 1742 1555 1762 ac
1573 1734 1736 1762 munitioni-

944 1784 997 1812 bus
1015 1783 1162 1811 destitutus
1181 1787 1223 1810 est
1241 1782 1341 1816 homo,
1364 1789 1419 1808 non
1437 1781 1570 1808 cornibus
1588 1785 1713 1808 armatus
1725 1801 1733 1813 ,

946 1838 1001 1858 uon
1022 1829 1154 1865 unguium
1171 1827 1230 1856 acie
1242 1848 1250 1862 ,
1268 1836 1322 1856 non
1338 1828 1466 1856 dentibus
1480 1833 1527 1855 aut
1544 1829 1639 1856 aculeo
1655 1836 1735 1856 vene-

927 1875 930 1878 ’
945 1881 1011 1903 nato
1022 1895 1030 1908 ,
1047 1875 1124 1903 nullo
1143 1875 1261 1910 pilorum
1277 1875 1462 1909 operimento,
1481 1882 1534 1902 non
1553 1874 1641 1902 alatus
1653 1895 1661 1908 ,
1678 1882 1732 1901 non

944 1922 1058 1957 pedibus
1079 1921 1162 1953 celer,
1182 1927 1272 1955 neque
1286 1927 1440 1947 carnosus:
1458 1924 1487 1946 at
1503 1927 1569 1947 vero
1588 1920 1664 1947 illum
1681 1920 1730 1954 qui

944 1969 1129 2003 imperaturus
1155 1970 1229 1998 erat,
1257 1966 1377 2001 propriis
1398 1968 1483 1993 armis
1507 1966 1651 2001 oportebat
1672 1973 1734 1993 esse

943 2014 1107 2042 instructum
1121 2021 1129 2047 ;
1145 2019 1239 2040 verum
1257 2019 1311 2038 non
1330 2011 1379 2039 abs
1394 2019 1424 2039 re
1441 2011 1520 2039 aliter
1536 2019 1580 2039 res
1596 2011 1687 2038 habet.
1703 2010 1732 2038 Si

942 2061 1014 2089 enim
1032 2060 1072 2087 sic
1088 2061 1262 2094 comparatus
1282 2057 1370 2089 foret,
1390 2057 1496 2085 ferinus
1514 2057 1614 2092 aliquis
1633 2061 1661 2084 et
1679 2064 1730 2083 oc-

941 2113 1026 2134 cursu
1042 2104 1172 2132 terribilis
1188 2106 1279 2134 esset,
1297 2103 1472 2138 aliorumque
1485 2103 1634 2138 negligeret
1647 2102 1730 2137 impe-

941 2151 1034 2184 rium,
1051 2149 1160 2177 illorum
1175 2149 1309 2184 adjutrice
1327 2155 1408 2183 opera
1424 2155 1481 2176 non
1497 2147 1633 2182 indigens.
1654 2146 1732 2174 Nunc

946 2201 1038 2225 autem
1056 2196 1083 2223 id
1098 2195 1171 2230 quod
1190 2195 1296 2222 videtur
1315 2194 1410 2222 deesse
1428 2198 1549 2226 naturae,
1569 2193 1678 2221 occasio
1691 2198 1733 2220 Bal

946 2242 980 2269 ad
994 2241 1191 2276 capessendum
1203 2240 1231 2266 in
1242 2239 1366 2274 subjecta
1380 2239 1536 2274 imperium.
1551 2238 1614 2266 Ideo
1627 2239 1661 2265 ab
1674 2239 1733 2273 ipso

946 2288 996 2315 bos
1011 2288 1076 2322 iugo
1092 2286 1222 2313 subactus
1232 2291 1288 2317 est,
1301 2292 1388 2319 equus
1403 2285 1541 2317 domitus,
1558 2285 1651 2311 ovium
1667 2291 1733 2311 cura

945 2333 1035 2360 habita
1050 2338 1160 2367 propter
1176 2335 1323 2366 proventus
1339 2330 1387 2365 qui
1402 2337 1434 2357 ex
1451 2330 1517 2365 ipsis
1534 2330 1732 2364 percipiuntur,

944 2379 1072 2406 animalia
1087 2377 1205 2412 denique
1224 2376 1380 2411 bajulandis
1398 2376 1530 2403 oneribus
1550 2375 1648 2402 idonea
1665 2374 1733 2410 jugo

942 2426 1053 2453 subacta
1068 2429 1141 2452 sunt.
1160 2423 1243 2451 Canis
1263 2423 1296 2450 ad
1317 2422 1442 2457 quasdam
1463 2422 1595 2448 animalia
1610 2422 1731 2449 dentium

943 2469 1160 2506 apprehensione
1183 2468 1331 2495 obtinenda
1355 2468 1436 2495 datus
1457 2471 1519 2494 est:
1553 2467 1684 2495 cornibus
1704 2473 1732 2494 et

944 2515 1080 2552 unguibus
1094 2514 1194 2541 fortius
1212 2513 1342 2548 quiddam
1358 2513 1544 2548 excogitatum
1560 2517 1603 2540 est
1617 2512 1730 2540 ferrum.

943 2560 1097 2589 lnserviunt
1110 2560 1174 2587 item
1190 2566 1254 2586 aves
1269 2563 1296 2586 et
1311 2565 1407 2593 pennae
1423 2558 1545 2593 ipsarum
1560 2566 1569 2592 ;
1585 2563 1613 2585 et
1628 2566 1662 2585 ex
1676 2560 1732 2586 ani-

943 2607 1055 2634 malium
1073 2605 1189 2641 pellibus
1208 2608 1323 2632 consuto
1340 2604 1433 2631 calceo
1449 2604 1549 2639 pedum
1565 2608 1726 2631 nostrorum

944 2651 1080 2680 teneritati
1096 2650 1259 2679 consulitur.

977 2698 1060 2726 Recta
1079 2698 1161 2725 etiam
1179 2696 1298 2725 hominis
1313 2695 1414 2729 facies,
1428 2701 1457 2725 et
1472 2705 1570 2725 manus
1584 2685 1727 2732 dignitaiis

941 2744 1127 2780 prmslantiam
1160 2743 1309 2770 ostendunt
1340 2752 1396 2778 prae
1425 2744 1530 2771 caztcris
1562 2743 1729 2771 animalibus

104 2780 330 2814 ῦποκυπτόντων,
364 2783 446 2815 πόδας
476 2784 591 2819 ἐχόντων
625 2786 694 2813 κατὰ
729 2787 883 2823 ἔμπροσθεν

947 2791 1061 2819 lcorsum
1078 2788 1283 2825 spectantibus,
1299 2797 1359 2824 qua:
1375 2789 1457 2825 pedes
1478 2789 1579 2818 habent
1596 2790 1679 2818 u,ti..tu
1693 2790 1732 2818 ad

139 2873 162 2890 "
184 2873 252 2902 Gen.
278 2875 361 2906 1.9.6.
