1907 3043
179 117 247 145 108³1

176 179 314 205 anteriora
329 177 447 206 membra
458 199 467 211 ,
483 183 625 214 propterea
638 178 711 213 quod
727 178 818 206 fulcro
829 178 874 204 illa
891 177 962 204 indi-

176 226 279 255 gerent.
297 221 484 256 Cooperantur
503 227 594 249 autem
615 229 711 249 manus
731 222 765 248 ad
785 228 892 248 omnem
913 228 961 247 ne-

176 265 333 292 cessitatem
352 271 406 293 tam
423 266 494 293 bello
510 274 592 300 quam
606 274 671 301 pace
684 288 691 299 ,
705 271 733 294 et
747 267 775 293 in
791 274 841 293 usu
857 273 961 293 sermo-

177 308 220 334 i-is
234 314 260 335 et
276 309 303 335 in
319 309 471 336 scribendis
488 310 596 336 litteris.
615 310 785 344 Atlaptamus
793 309 865 336 enim
879 316 961 337 voces

176 354 258 381 etiam
276 362 324 389 per
337 355 456 390 ipsarum
474 355 588 391 figuram
601 376 609 388 ,
628 356 665 382 ita
681 360 709 382 ut
725 356 866 390 proprium
881 355 961 390 quid-

176 401 240 427 dam
256 401 396 428 rationalis
414 406 518 428 natura:
537 409 636 429 manus
652 402 717 428 sint.
736 400 813 434 Quod
833 401 857 428 si
876 400 961 428 mani-

178 447 228 474 lms
243 447 325 474 homo
337 452 458 479 careret,
473 448 505 474 ad
519 447 724 474 similitudinem
738 446 961 482 quadrupedum,

178 494 210 520 ad
229 493 255 520 id
274 493 368 528 utique
381 498 540 528 comparata
568 493 652 521 iacies
675 498 750 521 esset
772 496 883 528 propter
907 492 961 520 cibi

178 538 385 570 necessitatem,
412 543 442 566 ut
468 539 500 566 ad
527 540 618 567 cibum
645 539 847 570 extenderetur,
878 538 959 566 simul

177 584 261 610 exiles
274 583 362 611 forent
377 592 475 616 nares;
490 585 560 612 unde
571 585 725 613 necessario
736 589 958 621 consequeretur,

177 621 208 656 ut
223 630 391 665 peregrinam
407 639 515 666 quoque
530 639 623 658 vocem
640 631 761 658 haberet.

213 674 378 710 Organicum
394 681 483 703 autem
500 677 532 704 ad
549 676 667 704 rationis
680 684 760 704 usum
779 681 902 711 paratum
919 680 963 704 est

178 729 288 756 corpus.
309 721 536 757 Quandoquidem
552 723 625 750 enim
648 723 813 750 intellectilis
834 722 958 758 quaedam

177 772 206 793 ct
217 767 378 801 incorporea
396 776 439 795 res
453 776 531 796 meus
556 773 616 801 est,
635 769 680 795 tali
697 776 767 803 opus
792 768 886 796 habuit
901 769 961 803 opi-

178 812 240 839 ﬁrio
251 832 258 843 ,
277 817 307 839 ut
321 820 369 846 per
383 813 503 848 aliquam
517 813 690 841 artiﬁciosam
707 814 843 841 rationem
858 819 962 840 motum

179 863 260 882 suum
277 857 482 890 manileslaret,
508 858 595 885 instar
621 859 715 893 plectri
741 859 848 886 vocales
872 863 963 893 partes

178 905 303 936 tangens.
322 901 423 936 Duplex
440 910 530 930 autem
551 908 594 931 est
610 904 693 938 hujus
712 904 809 940 organi
831 903 962 936 eﬂ'ectus,

177 946 248 974 alius
261 947 371 981 quidem
387 949 447 975 soni
459 969 466 980 ,
483 949 554 976 alios
570 957 634 976 vero
648 949 769 977 auditus.
791 949 824 977 Et
838 950 882 977 ille
897 950 962 985 qui-

177 993 239 1020 dem
257 1000 363 1028 semper
378 994 481 1028 aliquid
497 995 613 1028 emittit,
629 995 739 1023 auditus
757 1000 847 1022 autem
862 1003 959 1030 perpe—

178 1042 225 1065 tuo
241 1039 345 1073 recipit.
365 1039 467 1074 Estque
479 1039 590 1074 dignum
608 1039 805 1072 admiratione,
822 1041 960 1076 quomodo

177 1083 303 1111 confusio
315 1084 388 1111 nulla
402 1085 447 1112 tlat
459 1093 505 1118 per
516 1093 565 1113 eos
578 1086 624 1120 qui
637 1093 685 1120 per
698 1086 786 1121 ipsum
800 1087 961 1122 ingeruntur

177 1137 317 1158 sermones
335 1135 362 1158 et
380 1131 568 1166 cogitationes.
588 1132 618 1159 Id
634 1133 708 1167 quod
723 1134 805 1160 etiam
821 1133 850 1160 in
863 1134 960 1161 oculo-

176 1183 236 1202 rum
256 1176 415 1204 elﬁcacitate
439 1178 528 1205 locum
553 1179 647 1207 habet.
667 1178 736 1206 Nam
753 1186 801 1214 per
817 1179 867 1206 hos
882 1187 962 1208 mens

175 1229 208 1248 ea
222 1230 281 1256 quae
294 1228 359 1250 sunt
373 1227 448 1250 extra
463 1232 563 1260 corpus
576 1225 755 1260 apprehendit
767 1234 775 1253 :
791 1227 963 1262 unumquod-

177 1267 242 1294 libet
265 1273 355 1296 autem
380 1277 476 1297 eorum
501 1279 563 1305 quae
587 1272 659 1299 intro
678 1272 860 1306 recipiuntur,
882 1281 959 1302 mens

175 1314 351 1346 examinans,
372 1317 600 1345 convenientibus
619 1318 784 1353 cognitionis
797 1319 866 1347 locis
882 1327 960 1354 repo-

176 1360 231 1391 nit,
251 1360 396 1395 aliquoties,
413 1369 447 1389 ex
463 1361 581 1391 diversis
598 1371 728 1392 sensuum
750 1365 862 1393 sedibus
878 1373 960 1393 unam

174 1406 359 1440 cognitionem
381 1408 525 1440 excitans,
552 1417 704 1445 rursusque
726 1417 761 1438 ex
784 1419 840 1438 uno
868 1411 962 1447 aliquo

133 1453 135 1455 '
176 1459 261 1478 sensu
275 1453 349 1479 varia
365 1454 517 1488 percipiens
531 1463 538 1487 ;
553 1463 616 1482 nam
632 1455 656 1483 si
672 1457 735 1490 quis
755 1456 893 1484 audiverit
910 1465 962 1485 no-

176 1505 239 1524 men
252 1498 339 1526 mellis
349 1519 356 1531 ,
369 1499 451 1534 idque
464 1500 580 1533 viderit,
593 1501 771 1536 olfeceritque
801 1507 830 1530 et
842 1504 961 1538 tetigerit

174 1548 258 1578 atque
269 1545 433 1578 gustaverit,
445 1553 503 1573 rem
516 1553 599 1573 unam
611 1554 660 1582 per
673 1548 815 1576 universas
828 1556 960 1576 sensuum

176 1589 320 1617 facitItates
334 1591 470 1625 cognovit.
489 1590 586 1619 Varias
605 1600 670 1620 vero
685 1601 767 1621 voces
783 1602 832 1629 per
847 1595 961 1623 unicum

179 1635 301 1662 auditum
319 1637 450 1671 percipit,
467 1641 495 1663 et
513 1645 560 1671 per
574 1638 661 1665 visum
679 1638 778 1667 diversi
793 1640 902 1674 generis
916 1648 960 1668 res

175 1681 350 1714 considerat,
364 1683 489 1710 videlicet
505 1683 596 1711 album
612 1689 639 1711 et
652 1684 760 1719 nigrum
770 1706 778 1718 ,
796 1690 824 1713 et
839 1685 959 1714 fuscum.

209 1746 290 1774 Aliud
305 1754 369 1774 vero
388 1747 516 1782 quiddam
531 1755 613 1782 quam
629 1756 728 1776 sensus
751 1757 827 1777 mens
844 1755 906 1779 est:
935 1751 959 1779 si

176 1793 248 1819 cnim
265 1792 336 1819 idem
353 1796 435 1824 esset.
454 1801 516 1820 cum
536 1801 591 1820 uno
605 1794 698 1829 aliquo
713 1795 833 1829 ipsorum
847 1796 960 1824 haberet

176 1837 376 1872 cognationem,
397 1846 459 1866 cum
476 1840 590 1874 simplex
604 1841 657 1872 sit;
672 1848 745 1868 nunc
757 1846 847 1869 autem
867 1842 894 1869 in
911 1851 958 1870 va-

176 1883 232 1910 rios
250 1891 348 1911 sensus
366 1891 459 1918 sparsa
475 1889 527 1917 est,
544 1890 569 1912 et
584 1893 632 1920 per
645 1894 730 1913 unum
744 1887 892 1921 quemlibet
906 1888 959 1916 elli-

175 1928 276 1955 caeiter
292 1929 357 1963 agit,
379 1929 406 1956 in
419 1929 521 1956 unitate
537 1931 644 1957 varium
662 1931 791 1966 quiddam
811 1933 957 1966 exsistens,

175 1979 203 2000 et
221 1975 248 2001 in
263 1975 394 2003 varietate
406 1983 502 2002 unum.
519 1975 582 2003 Ideo
597 1977 779 2012 cognitionem
794 1979 888 2014 ellugit
898 1980 958 2014 ejus

176 2025 283 2052 natura,
303 2024 330 2048 et
352 2029 383 2048 ea
402 2022 460 2056 ipsa
481 2029 509 2049 re
522 2022 594 2057 quod
617 2024 745 2059 cognosci
768 2031 894 2060 nequeat,
916 2025 958 2053 in-

174 2067 447 2099 comprehensibilem
465 2068 538 2096 illam
555 2073 679 2096 naturam
696 2070 755 2104 ejus
770 2075 956 2105 repraesentat,

175 2111 221 2146 qui
235 2119 294 2138 eam
311 2112 461 2139 secundum
477 2113 621 2147 imaginem
639 2114 777 2148 propriam
795 2113 868 2142 fecit.

211 2157 243 2184 Et
257 2158 477 2192 quandoquidem
496 2158 568 2185 velut
591 2159 804 2186 instrumentum
819 2160 956 2195 quoddam

175 2203 311 2231 musicum
337 2210 437 2238 corpus
460 2203 560 2231 factum
576 2209 634 2237 est;
657 2206 887 2239 quemadmodum
911 2215 957 2234 ca-

175 2249 255 2276 nendi
271 2249 373 2283 peritus
395 2249 490 2277 vitiato
507 2250 689 2277 instrumento
708 2259 784 2278 suam
802 2257 886 2279 artem
910 2253 957 2280 de-

174 2302 327 2325 monstrare
346 2298 456 2332 nequit:
473 2298 511 2325 ita
529 2303 556 2326 et
573 2307 651 2327 mens
670 2307 718 2334 per
739 2300 895 2328 universum
913 2310 957 2329 or-

174 2351 274 2378 ganum
291 2343 429 2378 vagando,
447 2351 495 2378 per
507 2351 707 2372 consentaneas
722 2346 773 2373 sibi
787 2346 958 2375 eﬂicacitates

175 2390 402 2424 unumquodlibet
427 2391 610 2418 membrorum
627 2392 773 2427 attingens,
796 2392 822 2419 in
845 2393 878 2420 iis
894 2394 957 2428 quiv

174 2436 234 2462 dem
250 2435 296 2470 qui
311 2435 470 2462 naturaliter
485 2435 573 2463 aﬂ‘ecli
587 2442 659 2468 sunt.
676 2438 817 2471 proprium
833 2438 957 2466 cﬂ‘ectum

175 2481 267 2513 habet,
285 2481 312 2508 in
334 2481 450 2508 inlirmis
466 2485 556 2508 autem
578 2481 700 2509 inefﬁcax
722 2487 783 2509 est:
809 2490 863 2510 non
886 2483 956 2511 enim

174 2531 276 2561 partem
291 2527 400 2561 quidem
421 2527 542 2562 attingit,
556 2532 659 2562 partem
677 2535 742 2556 vero
757 2528 868 2557 deserit.

209 2583 443 2616 Quemadmodum
457 2583 521 2611 item
533 2591 612 2611 mens
626 2590 739 2612 ornatur
755 2586 957 2621 pulchritudine

175 2629 255 2664 primi
266 2629 431 2664 exemplaris
445 2629 539 2662 divini,
552 2630 633 2658 veluti
643 2630 700 2664 ejus
710 2631 868 2660 charactere
882 2633 957 2660 exal-

175 2680 248 2702 tala:
263 2675 304 2702 sic
323 2679 351 2701 et
366 2679 464 2702 natura
483 2683 499 2702 a
521 2681 611 2704 mente
629 2677 818 2704 administrata
832 2683 955 2710 ornatur,

174 2721 383 2756 contineturque
399 2729 495 2749 rursus
509 2723 544 2749 ab
557 2722 608 2749 hac
622 2723 759 2750 crassities
777 2728 877 2751 nostrze
888 2724 954 2751 sub-

175 2767 291 2798 stantiai,
301 2766 372 2794 circa
383 2775 464 2802 quam
476 2768 598 2796 cernitur
611 2773 718 2796 natura.
731 2768 766 2796 Ut
776 2775 865 2797 autem
878 2777 956 2798 meus

174 2814 294 2840 virorum
312 2813 482 2841 deformitate
496 2814 642 2841 obscurata
665 2814 783 2841 divinam
803 2815 956 2849 pulchritu~

178 2859 267 2888 ditem
284 2867 337 2888 non
355 2859 482 2892 admittit,
498 2860 551 2888 nisi
568 2865 711 2895 repurgata
725 2860 827 2890 fuerit:
841 2861 877 2890 ita
889 2869 955 2898 quo-

714 117 744 145 S.
765 115 912 145 CAESAR“
932 114 1096 144 GREGORII
1117 112 1268 142 FRATRIS

1732 107 1804 134 1088

1013 176 1098 209 κῶλα,
1121 175 1165 202 διὰ
1187 175 1215 201 δὲ
1235 173 1269 200 τὺ
1286 171 1389 199 δεῖσθαι
1411 170 1458 197 τοῦ
1480 169 1677 205 ὑπερείδοντος.
1703 167 1806 203 Συνερ,

1014 221 1091 254 γοῦσι
1107 219 1136 247 δὲ
1157 220 1185 247 αἱ
1200 220 1290 254 χεῖρες
1305 217 1375 244 κατὰ
1391 216 1480 242 πᾶσαν
1502 214 1594 251 χρείαν
1614 213 1660 240 ἐπὶ
1682 213 1805 247 πολεμον

1013 266 1059 293 καὶ
1085 266 1206 300 εἰρήνην,
1231 264 1278 290 καὶ
1298 264 1331 298 τῇ
1353 261 1400 288 τοῦ
1423 261 1502 295 λόγου
1525 260 1615 295 χρείᾳ,
1632 260 1681 285 καὶ
1697 260 1726 285 ὲν
1744 259 1804 289 τοῖς

1012 312 1184 347 γράμμασιν.
1208 309 1408 346 Ἐναρμὸζομεν
1429 307 1484 343 γὰρ
1506 307 1554 338 τὰς
1569 305 1661 340 φωνὰς
1683 304 1733 331 καὶ
1758 303 1806 330 διὰ

1012 356 1058 383 τοῦ
1073 355 1246 392 χαρακτῆρος
1266 353 1367 385 αὐτῶν,
1381 352 1452 380 ὥστε
1474 352 1522 378 καὶ
1540 351 1606 377 ἴδιον
1621 350 1670 384 τῆς
1687 349 1804 383 λογικῆς

1013 402 1119 437 φύσεως
1135 402 1164 428 αἰ
1180 400 1270 436 χεῖρές
1285 400 1363 426 εἰσιν.
1380 398 1412 425 Εἰ
1431 398 1459 424 δὲ
1474 397 1584 432 ἡμοίρει
1597 396 1651 422 τῶν
1666 394 1770 430 χειρῶν
1787 395 1805 420 6

1013 448 1164 483 ἄνθρωπος.
1191 445 1424 480 καθ’·ὀμοιότητα
1446 443 1500 470 τῶν
1527 441 1698 478 τετραπόδων
1722 448 1806 467 κατε-

1013 493 1148 526 σκευάσθη
1161 492 1193 519 ἂν
1205 492 1235 518 τὸ
1248 492 1392 527 πρόσωπον
1401 489 1445 516 διὰ
1458 489 1508 522 τὴν
1522 488 1570 523 τῆς
1579 487 1682 522 τροφῆς
1693 485 1803 521 χρείαν,

1012 538 1049 570 ὡς
1066 539 1197 573 προμήκη
1211 537 1262 572 τὴν
1283 535 1388 572 μορφὴν
1409 533 1489 567 εἶναι,
1509 534 1557 560 καί¹
1577 533 1639 564 τοὺς
1658 532 1803 567 μυκτῆρας

1012 583 1244 610 ἀπολεπτύνεσθαι
1254 591 1260 597 ·
1278 582 1316 614 ὡς
1329 581 1485 615 ἐπάναγκες
1499 577 1569 606 εἶναι
1581 578 1630 605 καὶ
1643 577 1693 614 τὴν
1710 576 1804 612 φωνὴν

1013 629 1154 656 ἀλλόκοτον
1173 629 1257 664 ἔχειν.

1054 674 1214 710 Ὀργανικὺν
1235 673 1265 700 δὲ
1289 671 1494 707 κατεσκευάσθη
1510 670 1541 698 τὸ
1564 669 1643 705 σῶμα
1663 667 1734 704 πρὸς
1752 666 1803 702 τὴν

1011 719 1058 746 τοῦ
1073 720 1152 754 λόγου
1169 719 1272 755 χρείαν.
1293 719 1370 745 Ἐπεὶ
1390 719 1482 754 νοερόν
1496 726 1522 744 τι
1538 716 1644 752 χρῆμα,
1663 713 1713 742 καὶ
1726 713 1803 741 ἀσώ-

1013 765 1096 800 ματόν
1121 765 1194 792 ἐστιν
1217 766 1233 792 6
1256 764 1336 797 νοῦς,
1362 765 1412 800 τῆς
1438 763 1564 799 τοιαύτης
1588 762 1684 798 ἐδεήθη
1713 769 1803 788 κατα-

1012 810 1123 845 σκευῆς,
1148 810 1192 836 ἴνα
1216 809 1262 836 διά
1296 817 1368 841 τινος
1382 809 1502 841 ἐπινοίας
1525 807 1574 843 τὴν
1587 807 1694 843 κίνησιν
1716 805 1802 833 αὑτοῦ

1011 857 1141 891 φανεροί,
1167 855 1306 891 πλήκτρου
1329 855 1407 890 δίκην
1432 855 1487 881 τῶν
1507 853 1666 888 φωνητικῶν
1696 852 1801 888 μορίων

1011 900 1172 935 ἁπτόμενος.
1188 900 1274 935 Διπλῆ
1289 900 1318 927 δὲ
1338 901 1402 935 περὶ
1417 900 1448 926 τὺ
1460 899 1575 935 ὄργανον
1590 899 1606 934 ἡ
1622 897 1767 934 ἐνέργεια·
1782 897 1801 932 ὴ

1015 944 1063 980 μὲν
1075 945 1222 980 ὴχαστικὴ,
1239 946 1257 980 ἡ
1272 945 1300 972 δὲ
1318 945 1466 980 ἀκουστική
1477 953 1484 960 ·
1507 945 1524 980 ὴ
1542 944 1591 980 μὲν
1618 943 1660 970 ἀεί
1683 951 1711 970 τι
1730 951 1801 978 προ-

1014 990 1092 1022 ίεται,
1107 991 1125 1026 ή
1135 990 1163 1016 δὲ
1176 991 1244 1026 ἀκοὴ
1264 990 1394 1026 δεχομένη
1405 990 1546 1026 διηνεκῶς,
1565 990 1612 1017 καὶ
1627 989 1720 1025 θαῦμα
1741 989 1803 1021 πῶς

1012 1035 1142 1071 σύγχυσις
1155 1036 1186 1062 οὐ
1200 1036 1304 1070 γίνεται
1324 1036 1370 1062 ἐπὶ
1391 1037 1448 1067 τοῖς
1464 1035 1496 1062 δι’
1513 1035 1598 1070 αὐτῆς
1612 1034 1802 1070 εἰσαγομένας

1010 1080 1100 1115 λόγοις
1115 1089 1144 1107 τε
1160 1081 1207 1108 καὶ
1223 1081 1350 1117 νοήμασι.
1365 1081 1451 1108 Τοῦτο
1465 1081 1512 1108 καὶ
1525 1081 1571 1107 ἐπὶ
1583 1081 1632 1115 τῆς
1645 1080 1701 1108 τῶν
1711 1081 1801 1115 ὄψεων

1009 1125 1147 1160 ἐνεργείας
1168 1125 1283 1160 γίνεται.
1306 1125 1363 1153 Καὶ
1385 1125 1430 1152 διὰ
1451 1125 1553 1152 τούτων
1569 1125 1623 1161 γὰρ
1637 1125 1651 1152 6
1667 1125 1731 1157 νοῦς
1745 1125 1802 1151 τῶν

1010 1169 1061 1202 ἔξω
1070 1169 1117 1197 τοῦ
1134 1169 1258 1205 σώματος
1268 1169 1459 1205 ὲπιδράσσεται
1469 1178 1476 1184 ·
1490 1169 1605 1196 ἕκαστον
1620 1169 1648 1196 δὲ
1667 1169 1724 1196 τῶν
1739 1169 1802 1195 εἰσ-

1009 1215 1150 1250 αγομένων
1173 1216 1188 1242 6
1213 1215 1274 1247 νοῦς
1298 1214 1430 1247 ἐξετάζων
1453 1215 1510 1246 τοῖς
1540 1213 1718 1250 καταλλήλοις
1749 1214 1801 1249 τῆς

1009 1259 1135 1294 γνώσεως
1149 1260 1242 1291 τόποις
1257 1259 1457 1288 ἐναποτίθεται,
1475 1258 1605 1290 πολλάκις
1617 1259 1650 1285 ὲκ
1663 1258 1802 1294 διαφόρων

1008 1305 1192 1342 αἰσθητηρίων
1215 1305 1280 1341 μίαν
1294 1305 1395 1340 γνῶσιν
1416 1305 1598 1341 συνεγείρων·
1619 1304 1702 1332 πάλιν
1721 1304 1745 1332 δ’
1766 1306 1802 1332 ὲκ

1010 1353 1075 1388 μιᾶς
1090 1352 1144 1379 τῶν
1158 1352 1310 1388 αἰσθήσεων
1334 1351 1443 1378 ποικίλα
1459 1350 1676 1386 καταλαμϐάνων
1687 1359 1696 1368 ⁸
1717 1350 1802 1378 ἀκού-

1010 1406 1060 1429 σας
1071 1397 1125 1433 γάρ
1136 1406 1179 1428 τις
1187 1397 1235 1424 τοῦ
1247 1397 1378 1433 ὀνόματος
1387 1397 1434 1424 τοῦ
1447 1397 1566 1432 μέλιτος.
1581 1396 1628 1424 καὶ
1643 1395 1706 1423 ἰδὼν
1720 1395 1801 1428 αὐτὸ,

1010 1442 1057 1469 καὶ
1073 1442 1246 1478 ὀσφρανθείς,
1268 1442 1315 1469 καὶ
1333 1442 1482 1477 ἁψάμενος,
1503 1443 1549 1469 καί.
1570 1442 1748 1477 γευσάμενος,
1769 1442 1800 1468 ἓν

1009 1489 1125 1524 πρᾶγμα
1144 1489 1178 1514 δι’
1190 1488 1259 1515 ὅλων
1280 1487 1333 1514 τῶν
1352 1488 1535 1524 αἰσθητηρίων
1549 1486 1691 1523 ἐγνώρισε.
1706 1487 1800 1514 Ποικί-

1008 1533 1057 1565 λας
1073 1534 1102 1560 δὲ
1115 1533 1207 1568 φωνὰς
1225 1533 1269 1561 διὰ
1290 1536 1355 1570 μιᾶς
1369 1534 1421 1569 τῆς
1443 1534 1527 1569 ἀκοῆς
1546 1534 1671 1568 ἐπέγνω·
1691 1534 1740 1560 καὶ
1754 1533 1799 1560 διὰ

1008 1580 1058 1615 τῆς
1075 1580 1197 1615 ὁράσεως
1217 1579 1382 1616 ἑτερογενῶν
1406 1579 1523 1616 Θεωρίας
1540 1577 1685 1612 κατέλαϐε,
1698 1578 1798 1606 λευκοῦ

1009 1632 1040 1650 τε
1054 1624 1102 1651 καὶ
1119 1625 1245 1660 μέλανος,
1259 1624 1308 1652 καὶ
1324 1625 1429 1660 φαιοῦ.,

1046 1747 1127 1774 ’Λλλο
1142 1747 1171 1774 δὲ
1190 1747 1266 1783 παρὰ
1284 1747 1334 1780 τὰς
1350 1747 1492 1784 αἰσθήσεις
1507 1747 1605 1775 tutus
1615 1745 1694 1779 νοῦς*
1705 1746 1733 1774 εί
1742 1747 1797 1782 γὰρ

1008 1793 1108 1820 ταύτὸν
1122 1791 1157 1828 ἦν
1184 1795 1218 1829 τῇ
1242 1793 1376 1829 αἰσθήσει,
1400 1794 1467 1830 πρὸς
1488 1793 1552 1829 μίαν
1574 1792 1664 1820 αὐτῶν
1684 1792 1741 1828 ἔχοι
1763 1792 1798 1819 ἂν

1009 1840 1172 1873 οἰκειότητα,
1188 1838 1291 1871 ἁπλοῦς
1311 1838 1367 1866 ὢν·
1388 1839 1436 1866 νῦν
1454 1839 1483 1866 δὲ
1503 1839 1544 1871 εἰς
1564 1838 1615 1874 τὴν
1636 1838 1797 1874 αἰσθητικὴν

1009 1883 1190 1919 πολυμέρειαν
1211 1884 1457 1919 διασπειρόμενος,’
1469 1884 1515 1911 καὶ
1535 1884 1568 1910 δι’
1583 1882 1702 1919 ἑκάστης
1723 1883 1797 1918 ἐνερ-

1008 1929 1075 1964 γῶν,
1090 1930 1119 1956 ὲν
1135 1931 1260 1966 μονότητι
1273 1930 1303 1956 τὸ
1317 1929 1448 1962 ποικίλον,
1469 1930 1498 1956 ὲν
1512 1929 1633 1964 ποικιλίᾳ
1645 1928 1677 1956 τὸ
1695 1929 1740 1956 ἓν*
1757 1928 1797 1954 διδ

1009 1975 1056 2002 καὶ
1076 1975 1215 2010 διαφεύγει
1238 1975 1289 2011 τὴν
1300 1976 1400 2010 γνῶσιν
1421 1976 1438 2010 ἡ
1462 1975 1543 2010 φύσις
1564 1974 1666 2002 αὑτοῦ·
1686 1974 1734 2001 καὶ
1757 1973 1797 2008 τῷ

1008 2021 1068 2048 κατ’
1078 2020 1160 2048 αὑτὸν
1172 2020 1314 2057 ἀγνώστῳ.
1324 2021 1373 2056 τὴν
1384 2013 1576 2055 ἀκατάληπτον
1586 2020 1669 2055 φύσιν
1677 2019 1726 2047 τοῦ
1736 2020 1796 2047 κατ’

1007 2068 1098 2094 εἰκόνα
1111 2067 1213 2094 οἰκείαν
1227 2068 1390 2103 ποιήσαντος
1403 2068 1485 2094 αὑτὸν
1502 2066 1652 2102 παριστῶν.

1049 2164 1126 2191 Ἐπεὶ
1146 2164 1175 2191 δὲ
1191 2163 1229 2196 ὥς
1253 2173 1279 2191 τι
1292 2164 1420 2200 μουσικὸν
1433 2164 1547 2199 ὄργανον
1564 2163 1595 2191 τὸ
1617 2163 1697 2200 σῶμα
1717 2163 1795 2200 δεδη-

1009 2209 1188 2246 μιούργηται·
1209 2209 1248 2242 ὡς
1271 2210 1398 2237 ἀδυνατεῖ
1418 2211 1433 2236 6
1457 2209 1585 2245 μελῳδεῖν
1603 2209 1796 2245 ἐπιστάμενος,

1007 2255 1090 2289 δεῖξαι
1111 2255 1161 2291 τὴν
1178 2255 1275 2290 τέχνην
1289 2256 1329 2287 εἰς
1345 2255 1394 2290 τὴν
1419 2254 1465 2281 τοῦ
1485 2255 1600 2292 ὀργάνου
1624 2255 1794 2291 ἀχρηστίαν

1007 2302 1078 2328 οὕτω
1098 2301 1145 2328 καὶ
1167 2302 1182 2328 6
1197 2301 1260 2332 νοῦς
1281 2301 1382 2336 διήκων
1404 2301 1438 2327 δι’
1460 2301 1521 2327 ὅλου
1537 2300 1584 2328 τοῦ
1601 2301 1718 2336 ὀργάνου
1736 2301 1795 2332 ταῖς

1007 2348 1144 2382 νοητικαίς
1162 2346 1323 2383 ἐνεργείαις,
1338 2347 1454 2374 ἑκάστου
1465 2347 1520 2373 τῶν
1537 2346 1627 2382 μελῶν
1640 2348 1795 2382 προσαπτό-

1009 2402 1098 2428 μενος,
1115 2393 1161 2420 ἐπὶ
1184 2393 1238 2419 τῶν
1259 2393 1308 2428 μὲν
1330 2393 1401 2420 κατὰ
1417 2392 1498 2428 φύσιν
1516 2392 1694 2428 διακειμένων
1709 2392 1741 2419 τδ
1757 2393 1792 2419 οἰ-

1008 2439 1079 2464 κεῖον
1095 2439 1257 2473 ἐνήργησεν,
1277 2438 1323 2464 ἐπὶ
1335 2438 1364 2464 δὲ
1380 2438 1433 2464 τῶν
1453 2437 1637 2464 ἀσθενούντων
1650 2437 1794 2474 ὴπράκτη-

1008 2492 1069 2510 σεν·
1092 2485 1122 2510 οὐ
1143 2484 1197 2520 γὰρ
1212 2484 1310 2520 μέρους
1326 2483 1451 2516 ἅπτεται,
1470 2484 1568 2520 μέρους
1585 2484 1614 2510 δὲ
1634 2484 1792 2518 ἀφίσταται,

1044 2592 1147 2627 Ὥσπερ
1160 2592 1188 2619 δὲ
1208 2593 1420 2627 κατακοσμεῖται
1446 2594 1460 2620 6
1475 2592 1538 2625 νοῦς
1555 2595 1588 2628 τῇ
1603 2593 1732 2628 ὁμοιώσει
1745 2594 1790 2621 τοῦ

1007 2636 1182 2672 πρωτοτύπου
1204 2636 1275 2663 θείου
1299 2637 1430 2669 κάλλους,
1453 2636 1509 2664 οἷόν
1533 2646 1559 2664 τι
1580 2638 1735 2673 κάτοπτρον
1753 2639 1790 2674 τῷ

1007 2681 1196 2717 ὲμφαινομένῳ
1217 2682 1370 2717 χαρακτῆρι
1389 2682 1591 2718 μορφούμενον·
1615 2683 1688 2710 οὕτω
1707 2685 1754 2711 καὶ
1771 2686 1787 2720 ὴ

1006 2725 1086 2759 φύσις
1100 2727 1152 2753 ὑπὸ
1167 2726 1214 2753 τοῦ
1233 2727 1292 2758 νοὸς
1311 2728 1525 2763 οἰκονομουμένη
1546 2730 1705 2763 κοσμεῖται·
1727 2738 1787 2756 συν-

1006 2770 1096 2805 ἐχεται
1110 2771 1138 2797 δὲ
1150 2771 1230 2798 πάλιν
1241 2772 1287 2798 ὑπ’
1301 2772 1386 2807 αὐτῆς
1396 2772 1425 2798 τὸ
1436 2772 1527 2800 ὑλικὸν
1540 2773 1588 2808 τῆς
1602 2774 1786 2806 ὑποστάσεως,

1006 2815 1069 2850 περί
1083 2815 1115 2851 ἣν
1130 2816 1269 2852 θεωρεῖται
1284 2818 1300 2852 ἡ
1312 2817 1401 2852 φύσις.
1418 2818 1522 2854 Ὥσπερ
1532 2818 1561 2845 δὲ
1572 2820 1587 2846 6
1598 2819 1661 2851 νοῦς
1678 2819 1731 2846 ὑπὸ
1739 2819 1787 2854 τῆς

1006 2862 1141 2897 ἀμορφίας
1154 2862 1208 2890 τῶν
1222 2863 1314 2890 παθῶν
1331 2863 1471 2899 ζοφωθείς,
1492 2865 1602 2898 άδεκτος
1617 2865 1722 2900 γίνεται
1741 2865 1785 2893 τσῦ
