1907 3043
139 168 151 194 1
157 167 210 194 089

139 223 215 250 θείου
229 221 354 255 κάλλους,
370 222 395 248 εί
410 222 448 258 μὴ
463 221 619 258 ἐκκαθαρθῇ
629 230 636 237 ·
657 221 728 249 οὓτω
742 223 790 249 καὶ
803 223 821 258 ἡ
842 224 870 249 ὲν
893 224 925 258 τῇ

138 269 290 295 ὑποστάσει
303 268 433 303 νοουμένη
447 267 528 302 φύσις
539 270 610 295 κατά
620 277 647 295 τι
667 268 799 301 παθοῦσα,
813 268 862 304 τὴν
879 269 926 295 τοῦ

139 314 200 346 νοὸς
221 314 362 349 ἐνέργειαν
384 313 416 339 οὐ
437 313 549 340 δύναται
568 313 704 346 δέξασθαι.
723 314 748 340 εἰ
765 313 802 349 μὴ
821 315 861 345 εἰς
878 313 927 349 τὴν

138 359 279 395 προτέραν
297 358 432 394 ἐπανέλθῃ
448 359 565 394 ὑγίειαν.

175 405 321 432 Δείκνυται
335 406 363 432 δὲ
381 406 428 432 καὶ
439 407 472 432 ὲκ
481 405 588 437 τούτου,
598 405 639 432 ὅτι
651 405 666 433 ό
682 405 744 438 νοῦς
756 406 806 441 τῆς
821 405 928 440 φύσεως

137 454 244 488 ἔχεται.
272 452 448 487 Συνεστάωης
479 453 529 488 μὲν
558 453 623 488 γὰρ,
657 453 705 479 καὶ
734 453 925 488 ἐγρηγορυίας,

138 492 250 534 ὲνερτεί
259 499 306 526 καὶ
320 500 453 526 κινεῖται¹
476 498 641 534 παρεθείσης
650 498 682 525 δὲ
699 498 738 533 τῷ
757 498 833 533 ὕπνῳ
851 498 927 531 μένει

136 544 284 578 ἀκίνητος·
300 543 352 576 τὰς
373 544 402 571 δὲ
424 543 485 570 καθ’
500 543 582 570 ὕπνον
597 543 758 577 φαντασίας,
780 542 927 578 ίνδάλματά

136 597 201 616 τινα
218 589 268 624 τῆς
287 589 360 616 κατὰ.
374 589 417 616 τὸν
443 588 503 616 θοῦν
517 589 658 624 ἐνεργείας
672 588 785 622 οἰόμεθα
796 596 802 603 ·
818 584 847 615 ἐν
861 588 925 615 ἀτό-

137 643 202 666 ποις
215 634 270 670 γάρ
289 635 337 662 καὶ
357 634 509 670 ἀμηχάνοις
524 633 654 666 πολλάκις
675 631 746 661 εἶναι
768 642 810 665 τις
833 633 924 661 δοκεῖ·

137 680 209 716 ὅπερ
220 680 270 707 οὐκ
288 679 322 707 ἂν
335 680 444 714 ἐγένετο
457 681 486 706 ὲν
499 680 663 716 ὲγρηγόρσει
672 687 679 695 ⁸
696 679 815 714 γίνονται
833 679 861 706 δὲ
878 680 926 706 καὶ

138 726 195 753 ἀπὺ
212 726 263 762 τῆς
280 726 354 761 ὴθῶν
367 725 562 758 καταστάσεώς
576 734 659 758 τισιν,
676 726 723 752 καὶ
736 725 803 752 ἄλλα
817 725 866 761 μὲν
877 725 924 752 τοῦ

137 772 274 807 ἀνδρείου,
294 771 362 798 ἄλλα
375 771 404 798 δὲ
418 771 465 798 τοῦ
484 771 571 798 δειλοῦ
584 772 618 798 τὰ
633 771 814 807 φαντάσματα
826 779 833 786 ·
857 771 924 798 ἀλλα

137 818 186 845 τοῦ
201 818 361 851 ἀκολάστου,
379 818 426 845 καὶ
443 817 511 845 άλλα
531 818 576 844 τοῦ
601 817 746 854 σώφρονος,
770 817 816 844 τοῦ
840 826 924 853 μετα-

136 864 245 891 δοτικοῦ
263 872 295 890 τε
316 863 364 890 καὶ
380 863 519 899 ἀπλήστου
529 872 536 879 ·
560 863 714 900 παραμένει
727 864 782 899 γὰρ
796 863 835 899 τῷ
857 871 924 899 μνη-

139 909 243 945 μονικῷ
254 909 303 944 τῆς
314 908 407 944 ψυχῆς
422 909 476 936 τῶν
488 909 643 945 ὲφημερίων
654 909 874 945 ἐπιτηδευμάτων
889 908 925 935 τὰ

137 955 309 990 ἀπηχήματα
319 963 327 970 ·
343 954 472 986 πολλάκις
487 955 514 981 δὲ
533 955 659 991 καὶπρὸς
671 955 721 987 τὰς
735 955 814 986 ποιὰς
828 954 923 990 σωμάο

136 1009 192 1028 των
210 1001 343 1032 διαθέσεις
358 1001 456 1036 δνειροι
470 1001 589 1037 γίνονται
600 1010 608 1016 ·
625 1001 698 1030 οὕτω
712 1002 766 1037 γὰρ
779 1002 794 1028 ὁ
807 1001 924 1038 διψώδης

136 1047 168 1074 ἐν
182 1048 284 1082 πηγαῖς
297 1043 368 1073 εἶναι
379 1046 463 1080 δοκεῖ,
485 1047 533 1073 καὶ
549 1047 676 1083 εὐωχίαις
692 1047 707 1074 ὁ
721 1047 824 1083 τροφῆς
841 1056 924 1083 προσ-

136 1091 281 1127 δεόμενος*
309 1091 358 1118 καὶ
383 1091 477 1125 ἁπλῶς
504 1092 674 1128 πολύτροπος
698 1093 715 1128 ἡ
742 1092 796 1120 τῶν
812 1093 923 1129 ὀνείρων

135 1135 198 1170 ὄψις
213 1136 282 1169 ἐστὶ,
308 1136 413 1172 ματαία
435 1136 479 1163 δέ·
499 1137 514 1163 ὸ
528 1137 582 1174 γὰρ
595 1137 657 1169 νοῦς
677 1139 709 1174 τῇ
732 1138 854 1174 ἀπραξίᾳ
869 1137 923 1165 τῶν

135 1181 289 1218 αίσθήσεων
304 1182 349 1209 διὰ
363 1182 411 1209 τοῦ
424 1183 509 1210 ὕπνου
524 1183 733 1218 συγκαλυφθεὶς,
748 1183 810 1210 οὗτε
823 1183 924 1220 ἐκλάμ-

135 1236 199 1255 πειν
213 1228 247 1255 δι’
266 1228 356 1255 αὐτῶν
369 1228 490 1260 δύναται,
505 1227 567 1256 οὔτε
587 1229 726 1262 παντελῶς
740 1229 923 1256 κατασϐέννυ-

135 1281 192 1301 ται.
212 1273 244 1300 El
255 1273 284 1300 δὲ
295 1274 342 1301 καὶ
357 1274 372 1301 ὁ
389 1274 440 1309 τῆς
451 1274 588 1309 Αἰγύπτου
602 1274 711 1310 Φαραὼ,
729 1275 776 1302 καὶ
789 1276 803 1302 ὁ
815 1275 922 1302 N4600-

136 1318 278 1354 χοδονόσορ
289 1318 322 1345 δι’
334 1319 467 1346 ἐνυπνίων
479 1320 519 1350 είς
531 1319 580 1354 τὴν
593 1319 648 1347 τῶν
660 1319 811 1356 μελλόντων
822 1320 922 1354 γνῶσιν

134 1363 304 1400 ὁδηγοῦνται,
330 1364 364 1391 δι’
386 1364 478 1402 ἕτερον
491 1365 653 1402 ᾠκονομήθη
677 1365 756 1393 τοῦτο
781 1366 857 1402 παρὰ
875 1366 921 1393 τοῦ

133 1409 222 1442 Θεοῦ,
251 1409 294 1436 ινα
320 1410 463 1448 φανερωθῇ
498 1412 515 1447 ὴ
551 1411 729 1448 κεκρυμμένη
756 1412 810 1441 τῶν
838 1412 922 1447 ἁγίων

136 1463 227 1490 σοφια.

175 1536 278 1563 ’ἰστέον
292 1536 323 1564 δὲ
336 1537 377 1564 δτι
392 1537 440 1565 τοῦ
462 1537 558 1573 νοητοῦ
569 1538 637 1574 πρὸς
648 1539 680 1566 τὸ
691 1540 847 1575 σωματικὸν
861 1549 920 1568 κοι-

135 1581 220 1608 νωνία
235 1582 372 1618 ἄφραστον
381 1583 430 1610 καὶ
442 1583 618 1621 ἀνεπινόητον
632 1584 682 1622 τὴν
694 1586 840 1622 συνάφειαν
852 1587 918 1624 ἔχει.

135 1625 191 1652 Καὶ
205 1626 284 1654 τοῦτο
302 1628 474 1665 προεγράφη.

409 1719 534 1747 ΠΕΥΣιΣ
551 1720 643 1748 eum.
714 1754 716 1757 I

169 1762 270 1793 Καλῶς
291 1763 362 1791 πάνυ
386 1763 439 1791 τῶν
457 1765 523 1800 περὶ
547 1765 691 1802 ἀνθρώπου
714 1767 919 1804 διευκριθέντων

132 1811 211 1846 ἡμῖν,
239 1809 291 1837 ποῦ
318 1818 360 1836 σοι
386 1809 460 1837 δοκεῖ
484 1811 617 1848 ὑπάρχειν
641 1813 655 1839 ὁ
683 1813 862 1849 παράδεισοςς
890 1816 920 1842 ὲν

133 1855 252 1891 οὐρανῷ,
274 1855 292 1890 ἢ
309 1855 357 1882 ἐπὶ
379 1855 450 1890 γῆς;
476 1857 508 1884 Οἱ
541 1857 590 1893 μὲν
614 1858 668 1894 γὰρ
688 1859 767 1886 αὐτὸν
796 1859 919 1894 λέγουσιν

134 1901 267 1937 ὑπάρχειν
294 1901 455 1937 ἐπουράνιον
486 1903 580 1938 νοητὸν
593 1925 601 1937 ,
626 1905 652 1931 at
678 1904 707 1931 δὲ
733 1905 855 1940 ἐπίγειον
877 1907 919 1933 αἰ-

135 1947 243 1983 εθητόν.

437 1995 617 2031 Ἀπόκρισις.

174 2040 254 2076 Ἐμοὶ
277 2041 404 2078 αἰσθητὸς
434 2042 509 2069 δοκεῖ
532 2043 675 2079 ὑπάρχειν,
700 2044 746 2072 καὶ
771 2045 818 2072 ἐπὶ
848 2046 916 2082 γῆς·

134 2087 228 2121 σαφῶς
248 2087 298 2114 καὶ
320 2087 446 2124 φανερῶς
469 2088 617 2125 διαρρήδην
640 2089 720 2116 τοῦτο
743 2089 846 2126 βοώσης
868 2091 918 2127 τῆς

133 2132 208 2165 Θείας
224 2133 344 2169 Γραφῆς.

408 2178 532 2206 ΠΕΥΣΙΣ
550 2180 639 2208 PMB'.

164 2223 201 2250 Τί
212 2220 258 2251 οῦν
282 2223 405 2259 βούλεται
420 2224 525 2257 Παῦλος
545 2225 642 2260 λέγων,
658 2224 730 2254 οἴδα
749 2226 915 2262 ἄνθρωπον,
934 2229 943 2237 “

132 2269 189 2303 πρὸ
219 2269 296 2296 ἐτῶν
321 2269 560 2304 δεκατεσσάρων,
580 2272 641 2299 sits
656 2272 691 2298 ἐν
717 2272 840 2306 σώματι,
857 2274 917 2301 εἶτε

131 2315 217 2348 ἐκτὸς
229 2314 283 2342 τοῦ
302 2315 449 2350 σώματος,
463 2318 519 2344 οὐκ
533 2316 600 2344 οἶδα
610 2325 617 2332 ·
632 2319 648 2345 ό
666 2318 738 2351 Θεὸς
749 2317 830 2346 οἶδεν
839 2327 847 2335 ·
867 2320 916 2346 καὶ

130 2358 197 2387 οἶδα
214 2360 268 2387 τὸν
286 2361 424 2389 τοιοῦτον
435 2362 597 2397 ,ἄνθρωπον
611 2363 780 2400 ἁρπαγέντα
801 2367 845 2399 εις
863 2366 916 2393 τὸν

130 2406 322 2440 παράδεισον,
337 2407 387 2434 καὶ
400 2408 552 2442 ἀκηκοότα
566 2408 678 2444 ἄρρητα
687 2410 814 2445 ῥήματα,
829 2411 848 2438 d
860 2413 915 2439 οὐκ

129 2451 202 2484 ἐξὸν
217 2451 361 2486 ἀνθρώπῳ
379 2452 532 2488 λαλῆσαι·
546 2454 578 2487 ἐξ
589 2451 626 2481 ὦν
647 2455 773 2490 δηλοῦται
792 2455 822 2482 ὲν
834 2455 915 2491 οὐρα-

130 2496 186 2526 νοῖς
207 2494 340 2531 ὑπάρχειν
356 2495 401 2523 τὸν
421 2497 600 2532 παράδεισον
625 2499 655 2525 οὺ
670 2499 724 2535 γὰρ
742 2497 828 2531 εἶπεν,
849 2501 914 2536 ’Λρ-

130 2539 252 2573 παγέντα
277 2540 318 2572 είς
341 2540 432 2575 τρίτον
456 2542 580 2577 οὐρανὸν,
609 2544 734 2570 κάκεῖθεν
758 2544 914 2572 καταϐάντα

129 2586 169 2617 είς
183 2585 229 2611 τδν
245 2585 408 2621 παράδεισον
422 2594 432 2604 υ
444 2587 501 2614 ἀλλ’
514 2588 543 2614 ἐν
564 2589 597 2624 τῇ
617 2589 729 2625 ἁρπαγῇ
750 2579 913 2626 ἀμφοτέρων

129 2628 263 2665 ἰιιινήέτθη-

433 2677 609 2712 Ἀπόκρισις.

169 2720 239 2747 Ἀλλ’
255 2721 305 2748 οὐκ
329 2722 358 2748 ἑν
382 2723 432 2758 μιᾷ
455 2724 585 2760 συντομία
610 2725 655 2752 τὸν
678 2725 792 2762 οὐρανὸν
806 2727 912 2755 καὶτὸν

130 2766 292 2801 παράδεισον
307 2769 524 2804 συναπεφήνατο.
542 2768 634 2798 Εἶδον
648 2772 712 2808 γὰρ,
741 2774 833 2809 φησιν,
858 2774 911 2801 ἄν’-

130 2814 248 2846 θρωπον
262 2813 431 2848 ἁρπαγέντα
446 2815 501 2849 ἕως
515 2817 615 2852 τρίτου
635 2819 775 2854 οὐρανοῦ,
791 2820 838 2848 καὶ
859 2821 911 2848 πά-

165 2910 187 2927 "
208 2909 229 2938 ll
252 2911 316 2941 Cor.
337 2921 386 2948 xu,
405 2914 465 2943 2-4.

825 166 996 194 DIALOGUS
1011 167 1055 195 Ill.

1691 172 1703 194 1
1707 171 1760 195 υυθ

980 231 1032 258 que
1058 226 1155 250 natura
1171 222 1251 250 alicui
1270 221 1409 250 vitiositati
1425 220 1554 253 obnoxia.
1577 221 1678 249 meritis
1695 229 1760 258 ope-

978 270 1110 296 rationem
1131 268 1270 302 suscipere
1290 276 1344 295 non
1365 272 1464 301 potest,
1491 267 1543 295 nisi
1567 267 1602 295 ad
1616 268 1760 303 pristinam

977 315 1087 343 redierit
1097 314 1251 342 sanitatem.

1011 403 1144 431 Przeterea
1159 403 1311 431 ostenditur
1326 411 1372 438 per
1389 403 1451 436 hoc,
1463 404 1536 438 quod
1549 412 1565 431 a
1579 410 1676 432 natura
1695 413 1761 439 pen-

974 449 1021 476 det
1038 456 1124 477 meas.
1136 448 1203 476 Cum
1218 449 1292 476 enim
1310 449 1354 476 illa
1375 449 1502 477 consistit
1521 452 1548 477 et
1569 451 1685 477 excitata
1705 455 1759 481 est.

976 494 1056 521 etiam
1071 494 1128 522 haec
1138 494 1231 522 elﬁcax
1249 498 1292 521 est
1305 499 1332 521 et
1345 498 1470 521 movetur
1483 504 1490 522 :
1504 496 1654 530 composita
1669 501 1759 523 autent

976 546 1084 570 somno,
1106 544 1199 566 manet
1222 539 1382 566 immobilis.
1407 538 1493 567 Porro
1516 548 1559 567 res
1584 541 1760 577 imaginanas

976 593 1037 620 qua:
1060 592 1108 620 per
1130 592 1257 612 somnum
1282 585 1361 618 ﬁunt,
1384 586 1531 613 simulacra
1551 588 1674 622 quaedam
1698 588 1759 623 ejus

975 639 1036 666 quae
1060 635 1102 658 est
1120 631 1148 659 in
1169 635 1260 658 mente
1279 631 1456 666 operationis,
1477 640 1538 660 esse
1561 638 1705 667 putamus;
1731 635 1759 662 in

975 677 1044 705 locis
1064 677 1136 705 enim
1156 677 1274 705 insolitis
1295 682 1323 705 et
1340 678 1478 713 perplexis
1495 679 1639 714 aliquoties
1661 681 1759 715 aliquis

975 724 1026 751 sibi
1039 724 1146 752 videtur
1163 732 1233 757 esse,
1247 724 1320 759 quod
1334 725 1361 752 in
1375 725 1503 760 vigilante
1516 727 1673 760 neutiquam
1688 727 1759 754 acci-

975 770 1059 798 deret.
1080 770 1213 799 Accidunt
1228 776 1317 798 autem
1335 771 1392 798 haec
1413 771 1549 806 aliquibus
1570 776 1596 799 et
1615 779 1630 799 a
1651 780 1758 799 morum

974 816 1180 849 coustitutioue,
1201 821 1321 852 suntque
1336 816 1388 843 alia
1415 815 1502 847 fortis.
1526 817 1579 844 alia
1604 818 1758 845 meticulosi

973 861 1176 896 phantasmata,
1199 863 1251 889 alia
1275 862 1491 897 intemperantis,
1511 862 1562 890 alia
1578 863 1672 896 sobrii,
1689 871 1759 898 prm-

975 912 1047 935 terea
1061 912 1089 935 et
1101 908 1233 941 liberalis,
1249 913 1276 936 et
1290 908 1348 944 ejus
1363 909 1408 944 qui
1425 909 1586 936 insatiabilis
1599 913 1758 942 est;rema-

974 959 1040 981 nent
1051 954 1124 982 enim
1146 955 1176 982 in
1190 955 1288 982 anima:
1301 955 1492 982 reminiscenle
1513 955 1577 982 sede
1597 955 1757 982 diurnorum

973 1000 1163 1027 exercitiorum
1178 1001 1255 1035 quasi
1273 1001 1380 1028 sonitus
1398 1000 1506 1027 relicti:
1523 1000 1667 1036 aliquoties
1676 1001 1756 1028 etiam

973 1045 1124 1073 secundum
1153 1041 1348 1081 corporearum
1374 1046 1538 1080 qualitatum
1560 1047 1758 1081 dispositioncs

973 1091 1110 1119 insomnia
1125 1091 1206 1119 ﬁunt.
1219 1091 1265 1119 Sic
1278 1092 1352 1119 enim
1367 1093 1523 1120 sitibuudus
1543 1092 1576 1119 ad
1596 1092 1685 1120 fontes
1698 1100 1758 1120 esse

974 1137 1024 1164 sibi
1040 1137 1167 1170 videtur;
1190 1141 1217 1164 et
1232 1137 1260 1164 in
1276 1138 1419 1171 conviviis,
1436 1138 1482 1173 qui
1503 1138 1557 1165 cibi
1578 1137 1688 1173 indigus
1703 1143 1756 1166 est.

975 1182 1094 1218 Denique
1111 1183 1251 1218 multiplex
1265 1183 1434 1211 somniorum
1448 1184 1552 1219 species
1567 1188 1619 1215 est,
1638 1183 1685 1210 sed
1709 1191 1757 1210 va-

973 1236 1026 1262 na;
1057 1236 1118 1256 nam
1147 1236 1225 1256 meus
1251 1233 1376 1256 cessante
1399 1236 1530 1258 sensuum
1547 1234 1608 1257 actu
1626 1237 1673 1265 per
1686 1237 1759 1257 som-

972 1281 1038 1302 num
1059 1278 1194 1306 contecta,
1218 1282 1307 1309 neque
1330 1282 1376 1309 per
1393 1274 1466 1310 ipsos
1479 1274 1585 1302 elucere
1595 1278 1692 1309 potest,
1711 1283 1758 1301 nc-

972 1326 1026 1354 que
1038 1326 1150 1354 prorsus
1165 1319 1357 1355 exstinguitur.
1375 1318 1452 1352 Quod
1468 1325 1558 1347 autem
1585 1327 1632 1347 rex
1647 1319 1756 1356 Egypti

972 1365 1088 1398 Pharao,
1102 1369 1130 1392 et
1139 1364 1394 1393 Nabuchodonosor
1405 1373 1453 1400 per
1466 1365 1602 1394 insomnia
1617 1367 1649 1392 ad
1661 1374 1756 1393 eorum

971 1411 1153 1447 cognitionem
1165 1410 1314 1444 ducuntur,
1331 1418 1391 1446 qua;
1404 1411 1496 1438 futura
1508 1415 1597 1443 erant,
1611 1411 1637 1438 id
1648 1416 1757 1446 propter

971 1457 1042 1486 aliud
1056 1465 1071 1485 ο
1082 1456 1138 1485 Deo
1149 1457 1336 1492 dispensatum
1348 1461 1400 1490 est,
1415 1462 1446 1485 ut
1457 1457 1678 1486 manifestaretur
1693 1459 1756 1486 abs-

971 1503 1078 1531 condita
1096 1507 1253 1531 sanctorum
1268 1503 1412 1538 sapientia.

1006 1549 1153 1577 Sciendum
1166 1556 1243 1580 vero,
1260 1549 1320 1584 ejus
1336 1549 1409 1584 quod
1425 1554 1467 1577 est
1480 1548 1634 1577 intelleclile
1648 1550 1680 1576 ad
1694 1558 1756 1578 cor—

970 1603 1085 1631 poream
1114 1595 1346 1628 communionem,
1374 1595 1538 1623 ineﬂ‘abilem
1563 1601 1590 1623 et
1617 1596 1754 1624 intellectu

971 1641 1275 1677 incomprehensibilem
1295 1641 1516 1676 conjunctionem
1541 1642 1650 1670 habere.
1667 1642 1755 1678 Atque

971 1687 1023 1716 hoc
1033 1688 1113 1715 etiam
1127 1687 1155 1715 in
1170 1687 1320 1722 pramissis
1336 1688 1466 1723 scriptum
1482 1692 1532 1715 est.

1176 1732 1432 1761 INTERROGATIO
1451 1733 1541 1761 CXLI.

1006 1778 1122 1812 Quando
1136 1778 1328 1814 percommode
1343 1778 1422 1806 nobis
1436 1779 1586 1813 exposuisti
1599 1787 1630 1807 ea
1642 1787 1703 1815 quae
1720 1780 1754 1807 ad

969 1823 1108 1851 hominem
1118 1824 1271 1859 pertinent:
1284 1823 1330 1851 ubi
1343 1823 1390 1851 tibi
1406 1824 1513 1852 videtur
1524 1832 1587 1853 esse
1600 1825 1754 1860 paradisus,

969 1877 1003 1897 an
1017 1869 1044 1897 in
1057 1870 1139 1902 ccelo,
1159 1869 1202 1897 vel
1219 1870 1311 1898 terra?
1325 1869 1392 1898 Nam
1413 1871 1458 1898 alii
1474 1869 1582 1906 quidem
1601 1872 1690 1906 ipsum
1711 1873 1755 1899 di-

970 1919 1037 1942 cunt
1057 1922 1117 1942 esse
1131 1915 1270 1942 cmlestem
1287 1919 1314 1943 et
1336 1915 1533 1948 intellectilem,
1559 1915 1605 1943 alii
1622 1923 1685 1943 vero
1703 1920 1756 1944 ter-

969 1966 1084 1989 restrem
1103 1969 1135 1990 ac
1153 1961 1293 1990 sensilem.

1283 2006 1437 2042 Responsio.

1004 2050 1070 2078 Mihi
1088 2051 1198 2080 sensilis
1215 2059 1275 2079 esse
1291 2052 1410 2085 videtur,
1427 2056 1454 2079 et
1468 2052 1494 2078 in
1511 2056 1600 2086 terra;
1615 2053 1753 2083 luculente

968 2104 1001 2124 ac
1013 2097 1158 2125 manifeste
1176 2098 1332 2133 diserteque
1348 2098 1374 2125 id
1394 2098 1564 2126 tradentibus
1577 2099 1688 2128 Litteris
1708 2110 1752 2129 sa-

967 2142 1033 2170 eris.

1170 2187 1428 2217 INTERROGATIO
1446 2188 1489 2216 CX
1495 2189 1550 2218 ιιι.

1003 2233 1074 2267 Quid
1090 2233 1173 2270 igitur
1191 2234 1242 2262 sibl
1256 2235 1313 2262 vult
1327 2235 1439 2268 Paulus,
1452 2235 1565 2262 dicens:
1583 2235 1652 2262 Novi
1665 2237 1751 2264 Immi-

966 2287 1037 2311 nem,
1052 2285 1112 2307 ante
1129 2288 1212 2307 annos
1229 2280 1437 2315 quatuordecim,
1451 2281 1504 2308 sive
1520 2281 1548 2307 in
1562 2289 1678 2316 corpore,
1699 2285 1751 2312 siue

966 2329 1043 2352 extra
1061 2333 1164 2360 corpus,
1181 2326 1278 2358 nescio,
1297 2325 1365 2352 Deus
1385 2326 1475 2358 nouit;
1489 2331 1515 2353 et
1528 2328 1587 2354 novi
1599 2327 1750 2363 liujurmodi

966 2369 1096 2397 hominem
1120 2377 1224 2404 raptum
1245 2371 1273 2397 in
1291 2370 1455 2405 paradisum,
1479 2376 1505 2398 et
1527 2372 1633 2400 audisse
1653 2382 1750 2401 arcana

965 2415 1052 2448 verba,
1064 2424 1122 2452 qua:
1134 2417 1176 2452 fas
1190 2425 1242 2444 non
1256 2418 1290 2444 sit
1307 2417 1405 2444 homini
1420 2417 1492 2452 loqui
1505 2417 1540 2446 ⁸³.
1558 2417 1663 2451 Quibus
1678 2421 1749 2447 indi-

965 2466 1045 2490 catur
1069 2463 1096 2490 in
1120 2463 1198 2490 caelis
1221 2470 1283 2491 esse
1303 2462 1471 2497 paradisum.
1495 2462 1554 2492 Non
1572 2464 1644 2492 enim
1669 2466 1748 2500 dixit,

966 2515 996 2536 se
1016 2513 1122 2542 raptum
1150 2510 1176 2536 in
1197 2509 1306 2537 tertium
1332 2517 1419 2545 usque
1439 2511 1550 2543 caelum.
1572 2516 1599 2539 et
1622 2513 1685 2540 inde
1701 2513 1742 2540 de

964 2554 1102 2582 scendisse
1116 2554 1141 2582 iu
1159 2555 1336 2590 paradisum;
1360 2555 1408 2583 sed
1429 2555 1455 2583 in
1471 2562 1550 2592 raptu
1570 2561 1748 2594 utrorumque

963 2602 1098 2630 meminit.

1278 2689 1429 2724 Responsio.

1001 2734 1035 2761 At
1049 2742 1103 2762 non
1118 2742 1174 2763 uno
1188 2737 1348 2771 compendio
1368 2738 1466 2766 cadum
1488 2742 1516 2766 et
1533 2740 1688 2775 paradisum
1708 2743 1739 2770 si-

965 2779 1021 2806 mul
1040 2779 1171 2808 deﬁnivit.
1189 2780 1258 2809 Novi
1268 2782 1352 2813 enim.
1370 2783 1468 2819 inquit.
1488 2785 1616 2813 horninem
1631 2795 1746 2822 raptum,

965 2833 1045 2861 usque
1073 2826 1101 2854 in
1122 2827 1228 2854 tertium
1262 2827 1364 2862 mlum,
1395 2833 1423 2857 et
1450 2829 1552 2864 denuo,
1574 2830 1609 2860 In
1635 2834 1740 2867 paradi-
