1907 3043
167 121 232 149 1091

166 187 234 205 sum.
250 177 412 206 Necessario
426 178 508 214 igitur
521 182 611 206 vestra
623 183 718 206 contra
734 187 782 206 vos
797 178 953 213 usurpanda

166 224 234 251 mihi
249 232 300 251 vos
312 228 365 255 est,
382 224 478 259 siCque
494 224 592 251 deinde
606 223 640 251 ad
654 224 761 251 articuli
775 224 952 259 quaestionem

167 269 338 296 redeundum
353 278 359 296 :
376 269 467 296 dicitis
481 269 553 296 enim
571 270 660 304 ipsum
682 277 737 296 non
752 269 865 300 dixisse,
881 270 953 304 quod

165 315 347 346 descenderit,
359 315 406 342 sed
417 315 489 350 quod
499 319 594 350 raptus
608 314 689 342 fuerit
700 315 727 342 in
737 315 895 350 paradisum
908 324 915 347 ;
927 321 954 342 et

165 360 228 387 inde
246 360 400 392 abstulerit,
420 364 450 387 ut
470 365 591 395 apparet,
612 360 828 388 clarissimorum
847 365 953 395 patrum

164 405 316 431 doctrinas.
328 404 555 439 Quandoquidem
567 405 640 431 cnim
659 412 713 432 non
731 404 801 432 dixit
815 412 845 432 se
858 412 955 432 ascen-

164 450 238 477 disse
251 450 278 476 in
312 450 480 484 paradisum,
508 450 555 477 sed
581 457 615 477 eo
636 455 745 485 raptum
767 457 838 481 esse,
862 457 953 477 annon

164 495 307 522 ascendit?
327 494 355 522 Si
371 503 436 523 vero
455 495 578 523 ascendit
593 502 655 523 cum
674 497 838 530 raperetur,1
847 498 955 522 constat

165 541 238 575 quod
259 546 287 568 et
307 541 479 569 descenderit
508 541 535 568 in
559 541 688 576 paradiso
716 545 824 575 raptus.
864 540 955 574 lnquit

164 588 250 618 enim,
273 587 307 614 Et
330 588 390 615 novi
412 587 564 622 hujusmudi
583 587 714 614 hominem
735 592 841 622 raptum
860 587 887 613 in
906 595 954 621 pa-

166 634 296 660 radicum.

361 689 621 718 lNTERROGATIO
645 689 687 717 CX
693 688 759 717 LIII.

203 747 255 775 Sed
281 747 346 782 quia
377 755 459 782 supra
484 755 535 775 nos
561 747 661 775 caelum
688 746 820 778 cernitur.
848 749 955 773 constat

167 793 256 827 ipsum
277 799 391 819 ascensu
415 800 494 819 usum
519 799 591 823 esse.
614 796 644 818 ut
665 798 747 826 supra
769 791 857 826 ipsum
869 794 951 823 esset,

167 837 213 863 ubi
228 840 254 863 et
268 836 426 871 paradisum
441 836 629 872 intelligimus.

484 881 639 916 Responsio.

202 927 259 955 Cur
277 928 358 962 igitur
375 935 428 954 non
449 932 596 962 utrumque
611 927 780 962 complexus,
807 927 904 963 inquit,
919 926 954 954 Et

166 974 226 1000 novi
245 974 398 1008 Imjusmadi
414 974 545 1000 hominem
563 977 670 1008 raptum
686 973 712 999 in
728 973 819 1000 malum
836 978 861 1000 et
876 981 955 1007 para-

165 1021 274 1047 disum?
287 1019 332 1047 sed
346 1019 490 1054 interiecto
501 1019 618 1045 articulo
628 1018 687 1045 loca
699 1018 833 1048 distinxit.
843 1018 953 1045 dicens:

168 1065 201 1092 Et
218 1065 277 1091 novi
290 1064 440 1096 huiusmodi
452 1063 582 1090 hominem
598 1067 702 1097 raptum
714 1063 742 1090 in
757 1063 863 1089 tertium
874 1071 955 1097 usque

166 1111 269 1140 mlum.
287 1115 312 1137 et
329 1118 432 1142 rursus,
453 1115 559 1143 raptum
575 1110 603 1136 in
626 1109 794 1144 paradisum.
815 1108 883 1136 lllnd
906 1116 956 1136 au-

167 1163 232 1189 tem,
246 1162 270 1184 et
288 1165 391 1189 rursus,
406 1156 439 1183 ad
454 1156 538 1183 alium
556 1155 674 1190 aliquem
696 1155 785 1182 locum
808 1155 953 1182 transfert:

166 1204 200 1230 ad
217 1203 425 1230 similitudinem
442 1201 544 1230 montis
555 1201 652 1229 declivi
665 1209 763 1236 campo
782 1201 954 1232 circumdati,

167 1250 194 1277 in
207 1257 266 1286 quo
282 1250 304 1277 si
320 1249 383 1284 quis
399 1255 459 1276 esse
474 1248 547 1280 velit,
563 1255 611 1283 per
623 1247 775 1283 ingressum
788 1247 815 1274 in
828 1254 955 1282 campum

168 1295 247 1322 facile
263 1295 290 1322 in
307 1302 370 1322 eum
386 1294 541 1329 perveniet;
560 1294 582 1321 si
598 1301 662 1320 vero
675 1293 763 1328 primo
775 1293 957 1320 conscendere

167 1345 288 1369 montem
316 1340 449 1372 voluerit.
478 1345 506 1368 et
529 1347 563 1367 ex
589 1346 623 1366 eo
645 1339 671 1366 in
697 1346 824 1373 campum
848 1338 956 1371 venire,

167 1388 282 1415 ()IIllliDO
299 1386 485 1414 necessarium
499 1389 541 1412 est
560 1390 590 1412 ut
604 1384 639 1411 ab
653 1384 762 1411 excelso
784 1383 911 1411 deveniat
929 1384 955 1410 in

167 1435 292 1469 planum.
315 1432 502 1460 Consimiliter
525 1436 591 1466 puto
613 1430 704 1457 divum
724 1429 883 1464 Apostolum
898 1430 956 1464 pri-

168 1487 245 1507 mum
260 1479 372 1515 quidem
386 1478 472 1506 cmlos
492 1477 661 1513 ingressum,
676 1475 739 1503 inde
754 1476 782 1503 in
799 1475 956 1510 paradisum

167 1527 311 1554 devolasse
325 1525 435 1553 deinde.
457 1524 522 1551 Fide
537 1528 628 1550 autem
649 1522 748 1558 dignus
763 1526 826 1549 ante
842 1521 957 1549 Paulum

169 1573 246 1600 testis
262 1579 353 1600 rerum
374 1571 529 1599 divinarum
546 1570 651 1605 peritus
668 1569 713 1596 ille
732 1568 854 1601 Solomo,
870 1567 959 1595 sensi-

169 1619 221 1645 lem
240 1626 322 1652 super
343 1623 444 1645 terram
464 1616 622 1652 paradisum
640 1616 786 1642 iudicans:
809 1614 957 1646 Descendit,

171 1664 270 1699 inquil,
290 1664 374 1699 frater
389 1672 460 1690 meus
482 1663 508 1689 in
532 1662 638 1688 [tortum
655 1669 733 1688 suum
746 1661 779 1694 “,
804 1660 886 1688 simul
905 1659 959 1686 Do-

171 1709 239 1737 mini
262 1709 420 1745 signilicans
438 1708 561 1735 divinum
578 1707 606 1734 in
626 1713 738 1734 carnem
760 1705 918 1736 adventum,
933 1708 960 1732 et

172 1756 247 1782 l’auli
271 1756 298 1782 in
323 1756 382 1790 ipso
404 1758 618 1789 praemonstraus
641 1752 802 1780 descensum
821 1759 852 1779 ex
871 1751 958 1782 caelis,

171 1806 318 1836 postquam
333 1809 415 1836 supra
434 1801 509 1836 ipsos
531 1809 546 1828 a
564 1806 637 1828 terra
655 1804 749 1834 raptus
765 1803 849 1827 esset.
864 1797 960 1825 Frater

172 1853 263 1875 auteln
287 1846 444 1874 Solomonis
467 1851 494 1874 et
511 1846 590 1873 Pauli
612 1845 763 1873 secundum
787 1851 897 1871 carnem
917 1848 961 1871 est

171 1893 311 1924 Christus,
327 1892 373 1927 qui
388 1891 415 1918 in
430 1892 540 1919 hortum
554 1899 634 1919 suum
650 1890 799 1918 descendit.
815 1889 848 1916 Et
865 1897 960 1916 rursus

171 1939 224 1966 alia
243 1939 348 1965 ratione
362 1938 483 1972 ipsorum
504 1937 602 1968 lrater,
615 1935 689 1971 quod
710 1935 791 1962 ambo
810 1935 961 1970 Syuagogm

172 1984 275 2011 alumni
289 1983 362 2015 facti,
380 1982 599 2011 circumcisionis
611 1982 729 2010 cultrum
745 1981 796 2009 sub
806 1981 872 2017 jugo
894 1980 961 2016 legis

172 2030 334 2057 tolerarunt.

366 2117 622 2147 INTERROGATIO
641 2117 769 2146 CXLIII‘.

205 2167 276 2200 Quid
299 2165 404 2201 igitur?
424 2164 493 2192 Num
510 2165 681 2192 Servatorem
700 2164 840 2191 Christum
859 2169 912 2189 non
929 2161 958 2190 in

173 2214 260 2245 cmlis,
277 2212 324 2240 sed
343 2213 371 2239 in
387 2216 459 2239 terra
476 2215 567 2245 putas,
582 2210 713 2242 animam,
736 2210 802 2236 dum
817 2208 959 2243 cruciﬁge-

173 2263 261 2291 retur,
272 2257 343 2292 apud
365 2255 450 2283 Deum
469 2256 613 2290 deponere,
637 2255 771 2282 dicentem
788 2265 793 2281 :
823 2253 915 2284 Pater,
935 2253 963 2279 in

173 2311 267 2331 manus
283 2307 342 2329 luas
362 2301 514 2328 commendo
527 2301 650 2334 spiritum
673 2307 759 2326 meum
775 2299 816 2325 “?
832 2298 866 2326 Et
881 2299 913 2325 ad
925 2298 965 2325 la-

174 2354 292 2378 tronem,
305 2346 390 2373 Hodie
403 2354 505 2373 mecum
518 2346 570 2372 eris
593 2346 620 2372 in
636 2345 761 2380 paradiso
772 2344 794 2360 "
805 2345 816 2371 ?
839 2343 867 2370 Si
883 2343 965 2379 igitur

175 2394 203 2420 in
216 2391 287 2420 cmio
308 2396 350 2419 est
365 2391 436 2418 Deus
453 2394 480 2417 ct
496 2389 575 2417 Pater
592 2389 705 2419 Christi.
727 2388 840 2415 omnino
863 2387 919 2414 illic
936 2391 965 2414 et

175 2438 318 2474 paradisus
333 2437 395 2470 erit,
409 2437 434 2463 in
450 2443 531 2471 quem
541 2435 668 2463 Christus
685 2442 715 2462 se
728 2433 855 2469 promisit
878 2433 965 2460 intro-

175 2486 322 2513 ducturum
330 2483 462 2510 latronem
476 2488 568 2510 secum
582 2480 754 2508 cruciﬁxum.

491 2527 646 2563 Responsio.

214 2575 406 2610 Blasphemum
421 2577 449 2601 et
461 2578 589 2601 extremae
609 2573 752 2600 dementia:
769 2572 835 2599 mihi
860 2571 966 2599 videtur

175 2629 249 2654 esse,
266 2621 293 2648 in
313 2621 383 2648 coelo
401 2620 443 2648 vel
459 2619 586 2654 paradiso
601 2623 720 2652 tantum,
743 2622 770 2646 et
790 2625 844 2645 non
865 2617 966 2652 ubique

177 2668 300 2695 divinum
322 2666 426 2693 Numen
443 2673 503 2693 esse
529 2664 658 2692 arbitrari
676 2674 683 2692 :
700 2664 727 2692 in
747 2664 875 2692 omnihtts
893 2663 966 2691 enim

179 2714 323 2746 exsistens,
337 2713 428 2740 omnia
444 2719 553 2747 quoque
564 2711 762 2747 complectitur,
774 2711 906 2743 coelestia,
915 2716 968 2738 ter-

181 2761 290 2794 restria,
312 2760 487 2788 subterranea
505 2758 640 2794 :proinde
662 2763 690 2786 et
713 2759 740 2786 in
758 2765 853 2786 orcum
875 2758 964 2793 ingre-

691 122 720 150 S.
740 121 889 150 CAESAR"
909 121 1073 149 GREGORII
1095 121 1243 150 FBATRlS

1721 122 1805 150 im

1004 178 1055 210 λίν,
1070 179 1120 211 Εἰς
1140 178 1194 205 τὸν
1207 177 1399 211 παράδεισον.
1422 177 1540 212 Ἀνάγκη
1553 174 1600 204 οὖν
1611 179 1644 213 τῇ
1666 172 1804 215 ὑμετέρᾳ

1005 223 1065 250 καθ’
1081 223 1156 258 ὑμῶν
1171 222 1322 258 χρήσασθαι
1337 223 1423 258 φωνῇ,
1438 222 1488 248 εἴθ’
1502 222 1589 254 οὕτως
1609 223 1655 249 ἐπὶ
1670 223 1721 258 τὴν
1742 224 1783 259 ζή
1795 239 1803 243 -

1002 276 1081 302 τησιν
1091 268 1137 294 τοῦ
1154 267 1254 304 ἄρθρου
1271 267 1416 302 φοιτῆσαι·
1433 267 1501 302 φατὲ
1515 267 1570 302 γὰρ
1592 267 1629 303 μὴ
1646 268 1803 304 εἰρηκέναι

1003 313 1095 344 αὐτὸν.
1112 313 1279 346 καταϐάντα,
1293 313 1350 340 ἀλλ’
1363 312 1522 349 ἁρπαγέντα
1536 315 1576 345 είς
1589 313 1634 340 τὸν
1655 315 1801 349 παράδειο

1005 367 1060 391 σον,
1075 360 1106 385 ἐκ
1128 359 1221 385 τούτου
1241 359 1444 393 ἁποσειόμενον,
1462 358 1498 390 ὡς
1510 358 1592 391 ἔοικε,
1604 358 1653 390 τὰς
1665 359 1720 386 τῶν
1733 360 1802 386 ἀοι-

1003 404 1089 439 δίμων
1117 403 1228 440 πατρῶν
1251 404 1386 436 παιδείας.
1415 405 1493 431 Ἐπεὶ
1505 405 1560 440 γὰρ
1576 405 1627 432 οὐκ
1645 405 1698 440 ἔφη
1722 406 1799 432 ἁνα-

1004 450 1099 481 6ἀντα.
1113 450 1170 477 ἀλλ’
1186 450 1355 486 ἁρπαγέντα,
1373 451 1450 487 παρὰ
1465 451 1543 479 τοῦτο
1563 450 1608 488 ἄρ’
1621 453 1671 479 οὐκ
1691 453 1798 479 ἀναϐέ-

1004 494 1105 530 6ηκεν;
1133 495 1165 522 Ei
1189 495 1218 522 δὲ
1241 495 1409 531 ἀναϐέϐηκεν
1429 497 1571 532 ἀρπαγεὶς,
1596 497 1719 533 δηλονότι
1743 499 1798 525 καὶ

1004 538 1190 576 χατᾶσέὸηκεν
1205 541 1234 567 ἐν
1247 542 1403 578 παραδείσῳ
1417 543 1560 578 ἁρπαγείς.
1578 543 1632 570 Καὶ
1644 542 1713 572 οἶδα
1723 544 1794 580 γὰρ,

1004 587 1080 621 φησὶ,
1097 587 1150 614 τὸν
1167 587 1302 615 τοιοῦτον
1319 588 1475 622 ἄνθρωπον
1488 587 1659 624 ἁρπαγέντα
1675 591 1719 623 είς
1736 589 1797 616 τὸν

1004 631 1198 666 παράδεισον.

1278 690 1401 716 ΠΕΥΣΙΣ
1420 689 1507 718 PMI".

1045 745 1115 772 Ἀλλ’
1146 745 1274 781 ὑπεράνω
1297 746 1376 782 ἡμῶν
1403 745 1539 782 ὁρώμενος
1565 746 1690 783 οὐρανὸς,
1714 747 1791 783 δηλοῖ

1003 791 1133 818 ἀναϐάσει
1149 791 1229 818 αὑτὸν
1249 792 1431 827 χρησάμενον,
1461 792 1588 828 ὑπεράνω
1613 791 1696 820 αὑτοῦ
1712 792 1789 828 γενέ-

1004 836 1077 870 σθαι,
1098 836 1162 863 ἔνθα
1174 836 1222 863 καὶ
1237 837 1283 863 τὸν
1299 837 1462 872 παράδεισον
1479 837 1601 873 νοοῦμεν.

1307 883 1489 917 Ἀπόκρισις.

1039 927 1088 954 Διὰ
1102 928 1129 954 τί
1146 925 1192 954 οὖν
1208 927 1245 963 μὴ
1266 927 1382 954 συνελὼν
1396 928 1459 964 ἔφη,
1477 929 1530 956 Καὶ
1547 927 1614 956 οἶδα
1626 929 1679 956 τὸν
1693 928 1790 956 τοιοῦ-

1004 980 1057 998 τον
1078 972 1235 1006 ἄνθρωπον
1256 972 1427 1007 ἁρπαγέντα
1449 974 1493 1006 εἷς
1519 974 1573 1000 τὸν
1596 974 1727 1008 οὐρανὸν
1741 973 1790 1000 καὶ

1005 1018 1205 1052 παράδεισον;
1231 1018 1299 1045 ἀλλὰ
1325 1020 1360 1054 τῇ
1387 1019 1541 1055 μεσεμόολῇ
1566 1019 1613 1046 τοῦ
1627 1020 1741 1056 ἄρθρου,
1757 1022 1791 1047 τὰ

1005 1064 1092 1100 χωρία
1112 1064 1246 1099 διέστησε,
1266 1065 1389 1099 φάσκων,
1409 1065 1463 1092 Καί
1489 1063 1556 1092 οἴδα
1578 1066 1631 1093 τὸν
1654 1066 1792 1093 τοιοῦτον

1005 1109 1161 1143 ἄνθρωπον
1185 1109 1355 1145 ἁρπαγέντα
1373 1109 1428 1144 ἓως
1456 1112 1555 1145 τρίτου
1578 1111 1726 1145 οὐρανοῦ⁹
1743 1111 1792 1137 καί

1005 1158 1109 1187 πάλιν,
1120 1157 1291 1192 ἁρπαγέντα
1302 1159 1346 1191 εὶς
1357 1158 1542 1192 παράδεισον
1554 1167 1560 1173 ·
1576 1159 1607 1186 τδ
1620 1159 1659 1192 δὲ,
1673 1159 1724 1186 καὶ
1737 1158 1793 1185 πά-

1005 1204 1064 1236 λινζ
1078 1203 1119 1237 ἐφ’
1145 1203 1239 1238 ἕτερον
1258 1203 1339 1230 τόπον
1359 1204 1421 1231 τινὰ
1446 1204 1622 1241 μεθίστησινθ
1645 1205 1718 1232 κατὰ
1742 1206 1793 1241 τὴν

1005 1250 1097 1277 εἰκόνα
1118 1249 1165 1276 τοῦ
1181 1252 1279 1286 πρανεϊ
1296 1251 1381 1287 πεδίῳ
1403 1252 1586 1287 κυκλουμένου
1612 1253 1703 1288 ὅρους,
1729 1253 1758 1280 ὲν
1772 1250 1794 1287 ᾧ

1005 1305 1047 1328 τις
1070 1296 1195 1331 γενέσθαι
1222 1297 1369 1333 ἀγάμενος.
1402 1297 1446 1325 διὰ
1473 1299 1522 1334 τῆς
1550 1299 1598 1326 ἐπὶ
1625 1299 1672 1326 τοῦ
1699 1300 1793 1327 πεδίου

1006 1343 1128 1378 πορείας,
1144 1342 1273 1378 εὐμαρῶς
1287 1343 1373 1379 τούτῳ
1395 1345 1537 1380 ἐπιφοιτᾷ·
1561 1346 1585 1372 εί
1607 1345 1635 1372 δὲ
1650 1345 1794 1381 βουληθείη

1007 1388 1114 1422 πρῶτον
1130 1387 1257 1423 ἐπιϐῆναι
1273 1387 1312 1422 τῷ
1329 1387 1397 1424 δρει,
1420 1388 1450 1421 ἐξ
1477 1388 1560 1416 αὑτοῦ
1582 1389 1611 1416 δὲ
1633 1389 1672 1425 τῷ
1698 1389 1794 1426 πεδίῳ,

1008 1434 1084 1460 πᾶσα
1098 1432 1204 1468 ἀνάγκη
1222 1433 1253 1460 ἐκ
1269 1433 1316 1460 τοῦ
1341 1434 1443 1470 ὑψηλοῦ
1466 1434 1512 1461 ἐπὶ
1534 1434 1564 1461 τὸ
1588 1435 1690 1471 πρανὲς
1714 1436 1796 1463 αὑτὸν

1009 1478 1221 1514 παραγενέσθαι.
1247 1479 1448 1515 Παραπλησίως
1463 1480 1534 1507 δοκῶ
1550 1480 1595 1507 τὸν
1616 1480 1688 1516 ἱερὸν
1713 1481 1797 1509 Ἀπό-

1009 1523 1110 1555 στολον,
1131 1523 1238 1559 πρῶτον
1264 1524 1314 1560 μὲν
1340 1526 1397 1557 τοῖς
1420 1524 1544 1560 οὐρανοῖς
1567 1526 1792 1561 ἑπιφοιτήσαντα,

1008 1567 1111 1594 ἐκεῖθεν
1124 1569 1163 1600 είς
1177 1568 1223 1595 τὸν
1237 1569 1401 1604 παράδεισον
1422 1570 1602 1605 καταπτῆναι.
1625 1570 1795 1603 Ἀξιόπιστος

1008 1614 1036 1641 δὲ
1051 1614 1103 1650 πρὸ
1118 1614 1224 1641 Παύλου
1242 1615 1346 1651 μάρτυς
1360 1616 1374 1642 6
1391 1615 1446 1642 τῶν
1460 1615 1540 1642 θείων
1559 1615 1641 1650 σοφὸς
1658 1616 1795 1652 Σολομὼν,

1009 1659 1136 1695 αἰσθητὸν
1146 1659 1193 1686 καὶ
1202 1660 1249 1687 ἐπὶ
1265 1660 1317 1695 γῆς
1327 1660 1414 1695 δηλῶν
1429 1660 1474 1687 τδν
1486 1661 1648 1696 παράδεισον
1657 1670 1665 1676 ·
1682 1662 1795 1696 Κατέϐη

1009 1706 1075 1740 γὰρ,
1094 1706 1187 1740 φησὶν,
1205 1707 1221 1732 ό
1239 1705 1401 1741 ἀδελφιδός
1415 1715 1474 1741 μου
1492 1708 1536 1740 είς
1551 1707 1606 1734 τὸν
1628 1706 1728 1742 κῆπον
1744 1709 1797 1734 αὺ-

1010 1751 1073 1783 τοῦ,
1092 1751 1160 1787 ὁμοῦ
1173 1752 1222 1788 τὴν
1238 1751 1284 1778 τοῦ
1297 1751 1399 1786 Κυρίου
1414 1752 1553 1788 σημαίνων
1567 1752 1727 1789 θεανδρικὴν
1737 1754 1797 1780 ἑπι-

1010 1797 1144 1833 φοίτησιν,
1161 1798 1209 1824 καὶ
1221 1797 1271 1833 τὴν
1288 1798 1395 1824 Παύλου
1407 1799 1435 1825 ὲν
1453 1798 1527 1834 αὐτῷ
1544 1799 1700 1834 προφαίνων
1713 1800 1797 1826 κατάο

1010 1843 1089 1869 ϐασιν
1102 1843 1132 1875 ἐξ
1147 1843 1278 1879 οὐρανῶν,
1296 1843 1365 1879 μετὰ
1374 1843 1422 1879 τὴν
1435 1844 1490 1871 ἀπὸ
1501 1843 1552 1879 τῆς
1565 1844 1616 1880 γῆς
1629 1845 1698 1881 ὑπὲρ
1709 1845 1799 1872 αὐτῶν

1010 1888 1138 1924 ἁρπαγήν
1149 1896 1156 1903 ·
1174 1888 1287 1923 ἁδελφὸς
1301 1889 1330 1915 δὲ
1343 1889 1514 1925 Σολομῶντος
1536 1889 1582 1916 καὶ
1600 1889 1708 1917 Παύλου
1728 1891 1799 1918 κατὰ

1012 1934 1101 1969 σάρκα
1124 1934 1138 1960 δ
1151 1934 1279 1971 Χριστὸς,
1295 1935 1309 1960 ὁ
1328 1935 1368 1966 είς
1381 1935 1428 1962 τὸν
1445 1936 1546 1970 κόσμον
1566 1936 1648 1962 αὑτοῦ
1666 1937 1797 1969 καταϐάς.

1011 1980 1067 2006 Καὶ
1097 1979 1177 2006 πάλιν
1199 1979 1292 2015 ἔτερος
1306 1980 1419 2014 ἀδελφὸς
1443 1980 1543 2013 αὐτῶν,
1564 1981 1648 2017 ἄμφω
1666 1982 1716 2017 τῆς
1738 1991 1800 2009 συν-

1012 2025 1123 2061 αγωγῆς
1140 2025 1277 2052 ὑπότιτθοι
1297 2025 1446 2061 γενόμενοι,
1462 2026 1510 2053 καὶ
1529 2027 1578 2062 τῆς
1595 2029 1745 2064 περιτομῆς
1769 2028 1800 2055 τὺ

1014 2071 1133 2106 σιδήριον
1145 2071 1375 2107 καρτερήσαντες,
1391 2072 1439 2098 καὶ
1453 2071 1491 2106 τῷ
1504 2072 1577 2106 ζυγῷ
1590 2072 1637 2100 τοῦ
1652 2073 1747 2109 νόμου.

1290 2117 1414 2144 ΠΕΥΣΙΣ
1430 2118 1507 2145 PMI"
1517 2120 1536 2146 '.

1045 2163 1078 2189 Τί
1101 2160 1162 2196 οὖν;
1187 2163 1301 2199 Σωτῆρα
1324 2164 1440 2199 Χριστὸν
1463 2165 1514 2191 οὐκ
1533 2166 1562 2191 ὲν
1583 2166 1717 2202 οὐρανοῖς,
1744 2166 1799 2195 ἀλλ’

1012 2210 1059 2236 ἐπὶ
1070 2211 1121 2244 γῆς
1133 2209 1252 2245 νομίζεις
1263 2210 1313 2245 τὴν
1323 2209 1411 2246 ψυχὴν
1424 2211 1452 2237 ὲν
1465 2211 1504 2247 τῷ
1520 2212 1701 2248 σταυροῦσθαι
1715 2222 1801 2250 παρα-

1013 2255 1143 2288 τίθεσθαι,
1158 2255 1280 2290 λέγοντα,
1295 2255 1402 2290 Πάτερ,
1421 2258 1464 2290 εὶς
1483 2257 1584 2292 χεῖράς
1601 2267 1660 2285 σου
1680 2260 1801 2293 παρατί-

1014 2303 1084 2336 θημι
1100 2301 1133 2327 τὸ
1149 2301 1266 2336 πνεῦμὰ
1279 2310 1354 2337 μου·
1371 2302 1417 2329 καὶ
1438 2303 1507 2338 πρὸς
1526 2303 1571 2330 τὸν
1586 2302 1697 2339 λῃστὴν,
1709 2304 1797 2339 Eripe-

1010 2356 1068 2382 ρον
1083 2349 1147 2382 μετ’
1163 2347 1236 2382 ἐμοῦ
1255 2348 1313 2382 ἔσῃ
1334 2348 1369 2375 ἐν
1389 2347 1429 2381 τῷ
1453 2349 1641 2384 παραδείσῳ;
1663 2350 1695 2376 Et
1711 2348 1758 2378 οὖν
1775 2352 1802 2377 ἐν

1015 2393 1121 2429 οὐρανῷ
1135 2393 1149 2419 ὀ
1163 2393 1229 2425 Θεὸς
1243 2394 1290 2420 καὶ
1301 2394 1396 2430 Πατὴρ
1411 2395 1457 2422 τοῦ
1475 2395 1603 2430 Χριστοῦ,
1621 2395 1680 2422 ἐκεῖ
1696 2396 1802 2428 πάντως

1016 2440 1062 2465 καὶ
1076 2439 1090 2465 δ
1107 2439 1277 2474 παράδεισος,
1293 2441 1321 2466 ὲν
1337 2437 1359 2474 ᾧ
1373 2441 1419 2468 τὸν
1437 2441 1535 2477 λῃστὴν
1554 2441 1675 2475 εἰσάγειν
1699 2442 1713 2468 δ
1736 2442 1802 2478 Χρι-

1017 2484 1078 2515 στὸς
1093 2483 1273 2520 ἐπηγγείλατο
1286 2485 1517 2521 συθ-ταυρούμενον
1536 2485 1620 2521 αὐτῷ.

1325 2531 1502 2566 Ἀπόκρισις.

1053 2575 1225 2611 Βλάσφημον,
1248 2576 1295 2603 καὶ
1319 2577 1409 2612 πάσης
1428 2578 1520 2610 ἀνοίας
1540 2587 1584 2614 μοι
1610 2579 1693 2611 δοκεῖ,
1713 2580 1742 2605 ἐν
1764 2578 1804 2606 οὒ-

1019 2621 1092 2657 ρανῴ
1118 2622 1136 2657 ἢ
1157 2623 1312 2659 παραδείσῳ
1337 2623 1427 2658 μόνον,
1445 2624 1493 2651 καὶ
1515 2623 1551 2660 μὴ
1575 2625 1663 2660 πάντη
1679 2625 1711 2652 τὸ
1729 2625 1803 2652 Θεῖον

1018 2666 1137 2694 οἴεσθαι·
1159 2668 1189 2695 ἐν
1216 2669 1284 2695 πᾶσι
1305 2668 1360 2704 γὰρ
1388 2669 1519 2705 ὑπάρχον,
1546 2669 1594 2696 καὶ
1618 2670 1728 2697 πάντων
1748 2671 1802 2697 ἐστὶ

1019 2712 1192 2748 περιεκτικδν
1210 2714 1342 2750 οὐρανίων
1364 2723 1394 2741 τε
1416 2715 1464 2742 καὶ
1487 2715 1631 2749 ἐπιγείων,
1656 2716 1704 2742 καὶ
1723 2724 1802 2742 κατα-

1017 2756 1128 2791 χθονίων
1138 2765 1144 2772 ·
1159 2756 1229 2785 ὥστε
1242 2757 1287 2786 οὖν
1299 2759 1344 2786 καὶ
1360 2760 1389 2788 ὲν
1402 2760 1440 2796 τῷ
1451 2759 1502 2797 ᾄδῃ
1515 2761 1680 2796 φοιτήσασαν
1692 2761 1742 2797 τὴν
1754 2759 1802 2789 τοῦ

215 2858 241 2878 υ
258 2857 337 2889 ﬁant.
361 2864 399 2889 γι,
428 2856 452 2890 l,
474 2863 530 2884 sec.
558 2855 640 2884 LXX.
679 2857 701 2874 "
724 2857 791 2886 Luc.
810 2865 888 2891 um,
913 2857 948 2885 46

1013 2857 1019 2873 ⁵
1044 2857 1109 2886 ibid.
1126 2858 1172 2886 45.
