1907 3043
92 131 163 159 1093

91 191 161 218 Θεοῦ
186 191 234 219 καὶ
259 193 344 227 Λόγου
372 192 558 228 σαρκωθέντος
573 191 672 226 ψυχὴν,
697 190 726 217 ὲν
746 191 807 222 ταῖς
831 198 884 216 πα-

92 238 191 273 τρῴοις
202 239 297 274 χερσὶν
313 238 398 274 αὐτὴν
418 238 551 273 ὑπάρχειν
565 237 654 272 φαμέν
663 245 670 252 σ
688 237 717 263 ὲν
731 236 887 271 παραδείσῳ

91 282 122 308 δι
137 283 277 318 γινόμενον
291 283 408 319 Χριστὸν
425 284 458 319 τῇ
474 283 590 318 θεότητι,
602 283 649 309 καὶ
664 281 711 308 τοῦ
725 280 824 317 λῃστοῦ
839 281 888 316 τὴν

92 329 182 365 ψυχὴν
203 331 436 366 συνεπαγόμενον·
461 330 509 357 καὶ
533 329 619 361 οὕτως
637 331 698 361 ταῖς
719 330 766 356 τοῦ
787 329 887 365 Γεννή-

92 383 175 410 τορος
202 376 341 411 παλάμαις
366 376 548 402 ἐνδιαιτᾶσθαι
581 375 662 402 αὐτὸν
692 374 885 409 ὁμολογοῦμεν.

98 420 129 447 '0
143 419 200 457 γὰρ
214 421 287 454 Θεὸς
299 420 382 456 ἡμῶν
396 421 431 447 ἐν
443 421 482 454 τῷ
496 419 611 455 οὐρανῷ
630 420 678 447 καὶ
690 420 724 446 ὲν
736 419 774 454 τῇ
790 419 839 454 τῇ,
853 419 889 446 ἐν

93 464 162 497 ταῖς
180 465 360 497 θαλάσσαις,
386 465 433 491 καὶ
462 465 497 491 ἐν
519 464 631 497 πάσαις
651 464 715 498 ταῖς
731 465 887 500 ἀϐύσσοις,

93 510 164 545 φησὶ
178 509 259 536 Δαὸὶδ
274 511 288 536 ὀ
301 510 354 536 τῶν
372 509 452 536 θείων
467 509 583 545 μελῳδός
593 518 599 524 ·
614 509 660 536 καὶ
676 509 767 542 πάλιν,
781 509 842 536 Ὅτι
854 510 889 536 ἐν

93 555 133 589 τῇ
150 555 227 590 χειρὶ
243 555 338 582 αὐτοῦ
360 555 397 582 τὰ
417 555 529 590 πέρατα
548 555 604 590 τῆς
621 555 692 590 γῆς·
708 555 756 582 καὶ
776 555 857 585 πάλιν
874 556 889 581 ὁ

93 601 190 633 αὐτὸς,
211 600 279 628 Ἐὰν
303 601 403 628 ἀναϐῶ
421 602 465 634 εις
482 600 536 628 τὸν
554 601 692 635 οὐρανὸν,
707 601 748 627 σὺ
766 598 886 627 ἐκείεἵ·

93 645 151 672 ἐὰν
169 645 284 673 καταϐῶ
297 648 340 679 εὶς
358 646 412 673 τὸν
426 646 514 680 ᾅδην,
527 646 623 680 πάρει.
641 647 672 673 El
695 646 723 673 δὲ
744 647 758 673 ὁ
775 646 889 682 οὐρανὸς

94 690 205 717 πάντων
221 691 294 718 ἐστὶν
307 691 466 727 ὑπέρτερος,
483 691 549 727 ᾅδης
564 691 593 718 δὲ
613 691 668 718 τῶν
689 691 758 718 ὅλων
780 691 890 726 βαθύτε-

97 745 155 772 ρος,
167 737 196 762 ὲν
206 736 310 768 τούτοις
321 737 350 763 δὲ
362 737 393 764 τὺ
403 737 478 763 Θεῖον
492 737 617 773 ὑπάρχει,
630 736 688 772 ἅμα
700 745 729 763 τε
741 737 788 764 καὶ
800 737 890 765 πάντα

95 783 235 819 περιέχειν
248 783 346 818 βοῶσιν
357 782 382 810 δι
394 783 543 816 θεσπέσιοι,
557 783 677 819 δηλονότι
691 783 761 810 καὶὸ
773 783 889 819 Χριστὸς

94 831 129 864 τῇ
148 829 253 864 θεότητι
270 830 356 866 πάντη
373 829 525 866 συμπαρὼν
538 829 577 865 τῷ
591 830 687 865 Πατρὶ,
702 831 731 856 ὲν
750 831 810 861 ταῖς
822 838 886 866 χερ-

96 875 140 901 civ
169 874 250 901 αὑτοῦ
275 875 452 911 παρατίθεται
476 875 526 910 τὴν
546 875 645 911 ψυχήν.
664 876 696 903 Et
718 874 773 911 γὰρ
787 877 884 912 ψυχαὶ

94 919 261 946 διωίωνὲν
268 920 342 954 χειρὶ
351 921 471 956 Κυρίου,
493 921 585 954 καθώς
600 930 682 957 φησιν
698 923 711 948 ὁ
725 921 882 957 Προφήτης,

98 964 187 999 πολλῷ
200 965 299 1000 μᾶλλον
310 965 357 992 τοῦ
371 966 438 993 Θεοῦ
455 967 502 993 καὶ
520 967 606 1001 Λόγου
615 975 622 982 ·
639 967 704 1002 παρ’
717 963 747 993 οῦ
764 966 882 1000 ἐπίγειον

95 1010 143 1036 καὶ
156 1009 284 1045 αἰσθητὸν
302 1010 432 1047 ὑπάρχειν
446 1011 491 1038 τὸν
505 1011 667 1047 παράδεισον
683 1009 863 1046 παιδευόμεθα
873 1018 880 1025 ·

94 1056 126 1082 οὐ
143 1055 197 1091 γάρ
214 1064 279 1092 φησι
296 1056 335 1092 τῷ
351 1057 398 1083 ἐπὶ
424 1056 501 1089 ξύλου
524 1057 767 1093 συναπῃωρημένῳ
787 1056 884 1092 λῃστῇ,

94 1101 231 1136 Σήμερον
238 1103 301 1137 μετ’
315 1102 387 1137 ἐμοῦ
402 1103 459 1137 ἔσῃ
467 1103 502 1129 ἐν
515 1103 555 1136 τῷ
567 1102 751 1137 παραδείσιιη
766 1103 886 1131 Ἀντεισ-

95 1149 158 1183 ἀγει
187 1149 275 1175 τοίνυν
295 1149 323 1175 ἐν
344 1149 500 1185 παραδείσῳ
522 1150 536 1176 ὸ
557 1150 603 1176 τὸν
619 1149 721 1184 λῃστὴν
738 1149 824 1185 Ἀδὰμ
840 1150 885 1183 ἑξ-

94 1194 200 1230 ορίσας,
212 1194 258 1221 τὸν
271 1194 390 1230 δυσμενῆ
405 1194 507 1231 λῃστὴν
523 1195 646 1230 ἐλεήσας.

377 1241 502 1267 ΠΕΥΣΙΣ
517 1240 605 1267 ΡΜΔ¹.

130 1286 163 1312 τι
180 1284 226 1312 οὖν
247 1285 370 1321 βούλεται
390 1286 513 1319 Ἡσαΐας,
532 1287 564 1313 ὲκ
586 1285 733 1322 προσώπου
748 1287 796 1314 τοῦ
818 1287 885 1314 Θεοῦ

93 1332 193 1367 λέγων,
215 1332 276 1359 Ἐπὶ
288 1332 347 1360 τῶν
359 1332 466 1368 χειρῶν
477 1341 537 1368 μου
557 1332 751 1369 ὲζὼγράφησά
769 1342 828 1360 σου
850 1335 886 1361 τὰ

94 1381 179 1415 τείχη
189 1389 196 1395 ⁸
214 1381 281 1416 ὅπερ
298 1381 410 1416 νοοῦμεν
426 1380 489 1416 περὶ
508 1380 555 1407 τοῦ
571 1381 732 1417 παραδείσου
747 1381 883 1415 λέγεσθαι.

95 1427 151 1454 Καὶ
164 1428 178 1454 ὁ
198 1427 357 1458 ’Δπόστολος
368 1426 396 1453 δὲ
411 1426 490 1453 τοῦτο
503 1426 589 1462 δηλῶν
603 1428 713 1462 γράφει,
735 1427 765 1455 Ἠ
776 1426 811 1453 δὲ
825 1427 885 1453 ἂνω

101 1473 295 1507 Ἰερουσαλὴμ
318 1472 460 1507 ἐλευθέρα
481 1463 576 1504 sui»,
597 1472 662 1507 ἥτις
685 1473 772 1500 ἐστὶν
786 1473 886 1508 μήτηρ

94 1517 196 1552 ἡμῶν·
216 1517 309 1553 ἥντινα
336 1517 386 1544 οὐκ
413 1516 496 1552 ἄλλην
524 1516 670 1553 δοκοῦμεν,
695 1517 713 1552 ἢ
737 1517 783 1544 τὸν
802 1516 886 1552 παρά-

94 1564 194 1592 δεισον.

400 1611 580 1645 Ἀπόκρισις.

131 1655 294 1691 Συνηγορεῖν
308 1655 407 1692 μᾶλλον
421 1656 438 1692 ἢ
451 1657 612 1692 κατηγορεῖν
630 1663 675 1691 μοι
693 1654 810 1688 ἐοίκατε,
825 1654 886 1681 ἀντὶ

96 1701 262 1736 παραδείσου
285 1702 438 1737 φυτοκόμου
462 1702 505 1730 κοὶ
526 1699 722 1736 φρουροπώρου
741 1700 822 1727 πόλιν
837 1700 886 1727 καὶ

95 1746 172 1782 τείχη
190 1755 235 1782 μοι
251 1747 431 1783 παράγοντες.
449 1746 500 1779 Τὶς
519 1747 548 1774 δὲ
567 1747 614 1774 καὶ
632 1745 775 1781 ὁμωνυμία
791 1753 886 1781 παρα-

95 1793 185 1819 δείσου
202 1793 249 1819 καὶ
266 1793 451 1829 Ἰερουσαλὴμ,
472 1792 489 1828 ἢ
513 1792 628 1828 οὐρανοῦ
653 1792 700 1818 καὶ
721 1792 771 1827 τῆς
795 1791 885 1827 Ἐδὲμ,

97 1838 126 1863 ὲν
171 1838 217 1864 τὸν
238 1837 401 1872 παράδεισον
423 1837 525 1872 Μωσῆς
538 1837 590 1863 ὑπὸ
603 1835 671 1863 Θεοῦ
688 1836 833 1871 γενόμενον
844 1835 888 1870 δη-

96 1885 148 1916 λοῖ,
164 1885 285 1918 φάσκων,
310 1883 364 1910 Καὶ
393 1883 560 1918 ἐφύτευσεν
579 1884 596 1909 ὀ
617 1883 688 1916 Θεὸς
704 1882 888 1917 παράδεισον

95 1930 131 1956 ἐν
150 1929 235 1964 Ἐδὲμ
253 1929 326 1956 κατὰ
338 1928 499 1961 ἀνατολάς·
517 1928 577 1964 οὐχὶ
600 1927 629 1954 δὲ
650 1929 680 1955 ἐν
695 1928 803 1963 οὐρανῷ
817 1927 888 1955 κατὰ

96 1975 242 2006 ἀνατολάς
263 1975 316 2002 Καὶ
344 1974 433 2010 πηγὴ,
451 1974 544 2010 φησὶν,
566 1973 718 2001 ἀναϐαίνει
743 1973 779 2006 ἐξ
804 1973 888 2008 Ἐδὲμ

97 2021 226 2052 ποτίᾱιν
238 2021 292 2048 τὸν
307 2021 504 2056 παράδεισον·
521 2020 580 2056 οὐχὶ
594 2019 622 2047 δὲ
634 2019 792 2048 καταϐαίνει
804 2019 833 2053 ἐξ
847 2020 889 2047 οὐ·

98 2067 194 2103 ρανοῦ·
211 2067 265 2094 Kal
287 2067 419 2102 ποταμὸς
441 2067 632 2100 ἐκπορεύεται
657 2065 692 2098 ἐξ
708 2065 804 2100 Ἓδὲμ,
827 2066 887 2101 οὐχὶ

97 2114 124 2140 δὲ
137 2114 258 2140 κάτεισιν
269 2113 298 2146 ἐξ
309 2112 430 2149 οὐρανῶν
440 2121 447 2128 ·
466 2110 570 2144 Οὗτος,
586 2112 663 2146 φησὶ,
686 2110 829 2146 μερίζὲται
843 2112 887 2144 εἰς

97 2159 249 2193 τέσσαρας
266 2159 370 2193 ἀρχὰς,
384 2159 444 2194 οὐχὶ
454 2158 483 2185 δὲ
495 2158 628 2194 καταρρεῖ
638 2158 678 2189 εἰς
693 2158 780 2193 ἀρχὰς
792 2157 887 2184 τέσσα-

98 2214 158 2241 ρας.
175 2204 231 2231 Ποῦ
254 2204 282 2231 δὲ
298 2205 326 2231 ὲν
346 2204 452 2240 οὐρανῷ
475 2205 564 2236 συκαῖ,
585 2203 715 2238 φοίνικες,
739 2203 786 2230 καὶ
813 2203 884 2238 ῥοαὶ,

97 2252 145 2278 καὶ
158 2250 193 2277 τὰ
206 2251 296 2283 λοιιιιτὰ1
310 2248 351 2282 οἷς
364 2250 524 2287 παράδεισος
540 2249 701 2284 πυκάζεται,
717 2250 764 2276 καὶ
779 2249 885 2277 θάλλειν

97 2298 222 2332 πέφυκει
241 2296 296 2323 Ποῦ
310 2296 339 2323 δὲ
351 2297 379 2322 ὲν
393 2296 516 2332 οὐρανοῖς
526 2296 614 2332 κρήνη
636 2295 683 2323 καὶ
698 2295 825 2331 ποταμοὶ,
838 2297 886 2322 καὶ

99 2343 182 2378 φυτὸν
198 2342 393 2378 παραϐάσεωςς
419 2342 517 2368 ΙἌκουε
533 2341 622 2369 τοίνυν
637 2341 684 2368 τοῦ
707 2341 885 2377 συγγραφέως

98 2387 160 2419 τοὺς
175 2388 208 2413 ὲκ
224 2387 286 2422 μιᾶς
307 2387 410 2422 κρήνης
433 2386 617 2422 ἁτιορῤέοντας
641 2385 776 2421 τέσσαρας
795 2394 887 2412 ποτα-

100 2434 166 2468 μους
179 2432 438 2468 προσαγορεύοντος,
451 2432 498 2459 καὶ
511 2432 593 2459 οἱονεὶ
604 2432 886 2465 δακτυλοδεικτοῦντος

99 2478 198 2508 αὐτοὺς
208 2479 242 2513 τῇ
257 2477 436 2513 προσηγορίᾳ.
451 2479 504 2505 Kal
520 2477 613 2512 ὄνομα
625 2477 665 2510 τῷ
678 2478 723 2504 ἐνὶ
739 2478 884 2506 Φεισσών.

101 2521 196 2556 Οὗτος
211 2523 245 2549 δὲ
261 2523 318 2556 τὴν
332 2523 495 2556 ΑΖθιοπίαν,
518 2524 594 2559 φησὶ,
612 2523 660 2550 καὶ
678 2524 735 2558 τὴν
757 2524 889 2559 Ἰνδικὴν

99 2568 283 2603 παροδεύψ,
300 2568 419 2604 Γάγγης
434 2569 501 2604 παρ’
512 2569 611 2596 αὐτῶν
621 2570 870 2604 προσαγορεύεται
878 2578 886 2586 ο

100 2614 177 2650 παρὰ
206 2614 235 2641 δὲ
265 2614 391 2651 Ἕλλησιν
418 2614 522 2651 Ἴστρος
553 2615 601 2642 καὶ
629 2615 708 2647 Ἰνδὸς
747 2616 885 2651 ποταμός·

101 2660 178 2696 παρὰ
190 2660 219 2686 δὲ
239 2660 377 2697 Ίλλυρίοις
391 2661 437 2688 καὶ
457 2661 604 2692 Ῥιπιανοῖς
616 2661 671 2692 τοῖς
684 2661 825 2697 παροικοις
840 2661 886 2689 τοῦ

103 2707 227 2742 Ἴστρου.
253 2706 406 2742 Δανούΰης·
435 2707 510 2743 παρὰ
537 2707 565 2733 δὲ
591 2706 699 2739 Γάτοοις
722 2707 884 2739 Δουναῦτις·

101 2753 192 2780 πᾶσαν
204 2753 233 2779 δὲ
253 2753 302 2789 τὴν
315 2753 367 2788 γῆν
387 2754 485 2780 usus:
501 2753 620 2785 κυκλῶν,
632 2753 680 2789 τὴν
697 2754 826 2790 δευτέραν
841 2754 887 2781 Ai-

137 2845 159 2861 "
182 2844 254 2874 Psal.
272 2851 382 2875 currv,
406 2843 432 2870 6.
470 2843 492 2859 "
513 2841 586 2870 Psal.
605 2849 677 2874 xcw,
694 2842 720 2868 4.
759 2842 781 2858 ³⁸
802 2841 874 2869 Psal.
900 2849 1033 2872 cxxxvm.
1055 2840 1082 2868 8.
1120 2840 1143 2856 '°
1159 2839 1213 2875 Sap

781 129 957 158 DIALOGUS
991 129 1034 157 Ill.

1653 127 1724 154 ιυοι

937 190 1055 217 dientem
1071 189 1116 216 Dei
1128 194 1154 216 et
1175 188 1254 216 Verbi
1273 188 1405 216 incarnati
1425 195 1536 216 carnem
1553 187 1581 215 in
1603 187 1724 222 paternis

938 234 1066 261 manibus
1083 242 1143 262 esse
1168 235 1294 262 dicimus.
1319 234 1348 261 In
1374 234 1502 270 paradiso
1525 237 1616 261 autem
1638 232 1724 260 fuisse

937 280 1078 308 Christum
1091 280 1244 312 divinitate,
1263 285 1291 307 et.
1309 288 1362 308 una
1377 280 1491 307 latronis
1502 280 1620 306 animam
1638 278 1725 306 addu-

938 325 1021 359 xisse,
1048 326 1143 361 sicque
1170 327 1196 353 in
1214 326 1351 354 Genitoris
1376 326 1504 353 manibus
1526 326 1616 360 ipsum
1638 325 1724 352 fuisse

938 372 1108 399 conﬁtemur.
1126 371 1196 398 Deus
1210 372 1282 399 enim
1298 373 1420 399 nosterin
1433 371 1509 402 mlo,
1522 376 1546 398 et
1557 371 1585 397 in
1601 375 1682 403 terra,
1698 375 1723 397 et

938 416 966 443 in
978 417 1056 450 mari,
1069 422 1092 444 et
1106 417 1132 443 in
1144 418 1263 444 omnibus
1281 417 1383 452 abyssi:
1394 416 1428 450 ",
1447 417 1535 452 inquit
1551 415 1667 444 Davides
1679 415 1724 442 di—

937 462 1063 490 vinorum
1088 463 1133 490 ille
1154 463 1304 490 carminum
1329 466 1425 490 auctor
1442 471 1449 489 :
1464 467 1489 490 et
1516 471 1613 490 rursus
1627 471 1634 490 :
1647 461 1723 495 Quo-

939 509 1009 536 niam
1024 509 1051 535 iu
1062 517 1142 536 manu
1156 509 1213 544 ejus
1226 514 1286 536 sunt
1305 509 1370 544 ﬁnes
1389 513 1466 536 terra:
1474 508 1497 525 ⁸⁸
1509 517 1516 542 ;
1530 513 1556 536 et
1566 509 1664 536 iterum
1681 508 1723 535 in—

938 555 998 591 quit
1019 555 1090 583 idem
1107 565 1114 584 :
1135 555 1165 583 Si
1177 556 1205 582 in
1225 555 1319 583 caelum
1337 556 1488 587 ascendere,
1517 560 1545 582 tu
1559 555 1616 582 illic
1627 563 1672 587 es;
1699 555 1724 581 si

938 601 1093 629 descendero
1116 602 1143 628 in
1156 610 1256 634 arcum,
1288 606 1315 628 tu
1345 601 1407 628 ades
1416 602 1449 628 ‘°.
1473 601 1550 634 Quod
1576 600 1599 629 si
1622 601 1723 628 caelum

938 648 1059 676 onmium
1072 653 1114 676 est
1128 656 1276 681 summum,
1303 656 1385 676 orcus
1408 653 1499 675 autem
1521 648 1643 674 omnium
1662 647 1724 674 inﬁ-

938 702 1012 725 mus,
1024 698 1052 721 et
1067 694 1094 721 in
1110 694 1143 722 iis
1159 693 1264 722 Numen
1290 699 1341 726 est,
1359 694 1495 728 simulque
1515 693 1603 729 ipsum
1630 692 1723 720 omnia

939 739 1077 767 continere
1113 739 1232 767 clamant
1259 739 1309 766 viri
1329 739 1565 771 divinizconstat,
1598 738 1670 774 quod
1696 744 1724 766 et

939 784 1064 813 Christus
1086 785 1229 812 divinitate
1251 785 1352 819 ubique
1373 792 1494 819 praesens
1513 783 1599 816 Patri,
1623 784 1723 811 nihilo-

939 831 1030 858 minus
1051 831 1078 857 in
1093 831 1219 858 manibus
1236 830 1295 865 ejus
1303 831 1458 865 deposuerit
1473 830 1639 858 animam.Si
1649 831 1721 858 enim

936 876 1174 910 animazjustorum
1189 875 1216 902 in
1232 883 1313 902 manu
1330 875 1434 902 Domini
1444 876 1476 907 '°.
1491 876 1721 909 quemadmodum

935 919 1022 956 inquit
1036 920 1181 956 Propheta,
1197 921 1283 948 multo
1296 922 1382 956 magis
1396 921 1442 948 Dei
1458 926 1485 948 et
1501 921 1583 949 Verbt
1597 942 1604 954 ,
1619 921 1652 949 dc
1666 930 1722 957 quo

933 969 1088 993 terrestrem
1109 970 1136 993 et
1156 966 1283 993 sensilem
1311 973 1372 994 esse
1388 966 1544 1002 paradisum
1568 967 1719 1000 docemur;

934 1018 988 1038 non
999 1011 1071 1038 enim
1085 1011 1174 1046 inquit
1193 1012 1227 1039 ad
1254 1012 1386 1040 latronem
1411 1013 1438 1039 in
1452 1012 1524 1047 ligno
1548 1021 1640 1041 Secum
1660 1022 1723 1042 sus-

938 1063 1063 1090 pensum,
1086 1057 1170 1083 Hodie
1180 1066 1279 1084 mecum
1289 1058 1340 1085 eris
1352 1058 1379 1084 in
1390 1057 1535 1092 paradiso?
1548 1058 1662 1087 Reducit
1674 1060 1724 1096 igi-

939 1105 983 1128 tur
998 1102 1024 1129 in
1045 1103 1201 1137 paradisum
1227 1105 1273 1139 qui
1293 1105 1425 1131 latronem
1450 1104 1585 1132 Adamum
1602 1105 1628 1132 in
1651 1107 1724 1133 exsi-

938 1146 1004 1174 lium
1024 1153 1126 1184 egerat,
1150 1149 1291 1177 iuimicum
1316 1150 1459 1182 latronem,
1492 1150 1571 1186 cujus
1595 1152 1724 1180 misertus

937 1200 1004 1222 erat.

1127 1240 1384 1268 lNTERROGATIO
1411 1240 1527 1269 CXLIV.

971 1284 1041 1318 Quid
1059 1286 1142 1321 igitur
1161 1287 1212 1314 sibi
1237 1287 1294 1314 vult
1314 1287 1409 1318 Isaias,
1431 1286 1457 1313 in
1475 1294 1590 1322 persena
1613 1287 1660 1314 Dei
1682 1288 1724 1315 di-

936 1338 1001 1358 oens
1018 1339 1024 1357 :
1042 1330 1075 1358 In
1097 1332 1218 1359 manibus
1235 1332 1299 1359 meis
1325 1333 1432 1366 ἀερίνηπί
1451 1340 1540 1360 muros
1562 1333 1673 1360 tuos"?
1696 1333 1724 1360 Μ

938 1377 1010 1412 quod
1025 1377 1059 1405 de
1075 1378 1203 1412 paradiso
1218 1378 1270 1406 dici
1290 1378 1474 1414 intelligimus.
1490 1379 1542 1407 Sed
1562 1384 1590 1407 et
1603 1381 1723 1415 Aposto~

937 1422 979 1449 lus
994 1422 1063 1450 idem
1080 1422 1122 1450 his
1138 1423 1227 1450 verbis
1241 1423 1427 1455 indicat,Qua:
1443 1432 1548 1450 sursum
1564 1431 1613 1455 est.
1628 1424 1724 1452 Hiero-

938 1468 1049 1502 solyma,
1068 1467 1151 1494 libera
1175 1473 1222 1498 est,
1245 1476 1303 1503 qua
1331 1473 1369 1495 est
1398 1474 1482 1496 mater
1499 1474 1589 1496 nostra
1602 1471 1635 1497 “.
1657 1469 1725 1497 Eam

938 1521 1002 1542 vero
1016 1513 1118 1541 nullam
1134 1519 1262 1549 putamus
1278 1514 1371 1547 aliam,
1387 1523 1470 1550 quam
1487 1516 1657 1550 paradisum.

1253 1605 1407 1640 Responsio.

969 1648 1139 1677 Patrocinari
1169 1649 1261 1684 potius
1287 1658 1368 1685 quam
1392 1650 1530 1679 adversari
1559 1651 1625 1679 mihi
1649 1651 1724 1679 vide-

937 1695 1002 1722 mini
1016 1702 1065 1730 pro
1079 1695 1208 1730 paradiso
1221 1695 1365 1723 arboribus
1378 1697 1484 1724 consito
1499 1701 1526 1724 et
1539 1704 1618 1732 poma
1635 1703 1725 1726 custo-

936 1740 1039 1772 diente,
1052 1740 1190 1767 civitatem
1206 1744 1234 1768 et
1245 1748 1340 1769 muros
1356 1741 1422 1768 mihi
1433 1741 1609 1770 adducentes.
1621 1743 1725 1771 Estau-

938 1791 991 1814 tem
1005 1786 1086 1813 etiam
1117 1785 1297 1820 aequivocatio
1325 1787 1443 1821 paradisi
1471 1791 1499 1814 et
1517 1786 1722 1824 Hierosolymo.

939 1832 981 1859 vel
994 1832 1056 1859 caeli
1070 1835 1098 1859 et
1114 1831 1210 1863 Edem,
1222 1832 1268 1859 ubi
1287 1832 1441 1866 paradisum
1457 1841 1472 1860 a
1488 1832 1651 1861 Deoiactum
1664 1835 1724 1861 Mo-

937 1884 982 1905 ses
996 1877 1108 1910 indicat,
1124 1877 1216 1905 dicens
1230 1886 1237 1905 :
1256 1876 1291 1904 Et
1304 1878 1435 1912 plantavit
1449 1878 1517 1905 Deus
1531 1879 1685 1914 paradisum
1696 1881 1724 1907 in

938 1922 1022 1950 Edent
1032 1923 1067 1949 ad
1086 1923 1211 1949 orientem
1222 1922 1246 1938 ’³
1261 1932 1268 1950 :
1287 1930 1340 1949 non
1360 1929 1449 1950 autem
1465 1924 1491 1950 in
1506 1925 1575 1951 caelo
1585 1925 1617 1951 ad
1632 1926 1723 1953 oricu-

937 1972 1002 1996 tem.
1031 1968 1064 1995 Et
1075 1968 1145 2002 fons,
1165 1968 1263 2002 inquit.
1278 1968 1394 1994 ascendit
1411 1977 1444 1996 ex
1464 1968 1547 1996 Etlem
1560 1971 1594 1996 ad
1608 1970 1724 2005 irrigan-

937 2014 1001 2040 dum
1016 2013 1223 2048 paradisum”:
1242 2020 1296 2040 non
1314 2018 1415 2045 autem,
1433 2014 1573 2042 descendit
1591 2023 1624 2042 ex
1642 2016 1722 2043 ctelo.

937 2059 973 2086 Et
991 2059 1086 2093 ﬂuvius
1103 2059 1238 2094 egreditur
1251 2066 1283 2085 ea:
1296 2058 1420 2092 Edem",
1430 2067 1483 2087 non
1499 2064 1599 2094 autem,
1612 2062 1724 2089 descen-

936 2107 976 2134 dit
991 2114 1023 2134 ex
1036 2106 1123 2133 cmlis.
1138 2105 1200 2137 llic,
1216 2105 1315 2141 inquit,
1332 2106 1461 2133 dividitur
1474 2107 1502 2133 in
1522 2113 1636 2142 quatuor
1651 2109 1725 2142 prin-

937 2153 1049 2187 cipia",
1062 2160 1117 2180 non
1133 2157 1237 2185 autem,
1251 2153 1379 2180 deorsum
1389 2153 1448 2180 ﬂuit
1458 2154 1484 2181 in
1496 2159 1613 2189 quatuor
1623 2156 1723 2190 capita.

944 2199 996 2227 Ubi
1011 2202 1101 2226 autem
1117 2198 1144 2225 in
1158 2197 1228 2225 coalo
1245 2202 1309 2225 sunt
1326 2197 1380 2229 ﬁci.
1397 2198 1504 2233 palmae,
1525 2201 1595 2227 mala
1614 2201 1724 2235 punica,

938 2249 1036 2272 caetera
1048 2251 1110 2279 quas
1127 2243 1272 2278 paradisus
1294 2243 1411 2278 plurima
1432 2246 1564 2277 continet,
1587 2247 1724 2281 etquibus

938 2290 1016 2318 ﬂoret
1027 2289 1206 2317 naturaliter?
1220 2289 1271 2316 Ubi
1289 2297 1354 2316 vero
1369 2289 1395 2316 in
1412 2290 1483 2317 coelo
1501 2289 1561 2318 fons
1571 2295 1597 2318 et
1612 2291 1723 2319 ﬂumina

938 2341 966 2364 et
981 2336 1063 2363 arbor
1076 2334 1320 2369 transgressionis?
1344 2334 1414 2362 Audi
1437 2335 1518 2371 igitur
1534 2335 1653 2363 historiae
1675 2345 1724 2364 au-

938 2387 1040 2410 ctorem
1052 2388 1084 2407 ex
1099 2387 1154 2407 uno
1170 2379 1247 2406 fonte
1260 2384 1379 2414 quatuor
1393 2379 1504 2407 ﬂumina
1518 2381 1653 2408 eﬂluentia
1666 2390 1725 2416 pro-

934 2427 1117 2456 nuntiantem.
1133 2429 1160 2452 et
1176 2432 1206 2452 ea
1223 2425 1302 2459 quasi
1325 2424 1410 2459 digito
1424 2425 1655 2453 demonstrantem
1677 2434 1724 2460 per

936 2474 1021 2509 ipsam
1033 2471 1251 2507 appellationem.
1273 2469 1308 2496 Et
1321 2471 1368 2496 nni
1391 2478 1483 2497 nomen
1502 2469 1601 2498 Phison
1613 2471 1648 2498 ".
1672 2471 1724 2499 llic

935 2527 994 2547 vero
1020 2517 1198 2551 .Ethiopiam,
1220 2515 1318 2551 inquit,
1345 2521 1370 2543 et
1389 2515 1496 2542 Indiam
1525 2517 1721 2550 prwtertabens,

936 2563 1039 2599 Ganges
1056 2563 1089 2589 ab
1101 2562 1166 2596 ipsis
1184 2561 1335 2595 appellatur
1345 2561 1378 2589 ".
1406 2561 1485 2594 Apud
1503 2561 1612 2589 Graecos
1631 2567 1722 2591 autem

937 2609 1006 2638 Ister
1016 2613 1043 2636 et
1059 2608 1141 2635 ludus
1159 2606 1258 2635 ﬂuvius
1282 2606 1394 2634 dicitur.
1413 2607 1492 2642 Apud
1508 2608 1613 2644 lllyrios
1632 2613 1723 2637 autem

938 2663 966 2687 et
978 2658 1109 2693 Ripiauos
1122 2655 1229 2683 accolas
1246 2654 1376 2688 ﬂuminis,
1385 2654 1504 2683 Danubis
1516 2664 1523 2688 ;
1536 2656 1607 2690 apud
1619 2655 1724 2685 Gothos

938 2711 1005 2732 vero
1016 2701 1158 2729 Dunautis.
1168 2699 1283 2728 Omnem
1301 2707 1365 2727 vero
1378 2705 1478 2727 terram
1495 2699 1582 2728 Evilat
1607 2701 1725 2729 circum-

941 2752 1010 2783 iens,
1023 2747 1171 2777 secundam
1187 2746 1312 2774 videlicet
1325 2745 1493 2781 Ethiopian:
1512 2751 1539 2775 et
1554 2751 1645 2782 partes
1662 2746 1724 2783 Ely-

1216 2860 1222 2866 .
1241 2846 1284 2870 ιιι,
1301 2838 1325 2866 Ι.
1342 2838 1363 2854 ἰ
1380 2836 1432 2867 lsa.
1452 2846 1527 2872 ms,
1543 2838 1586 2867 ‘16.
1624 2839 1647 2856 "
1661 2839 1721 2870 Gal.

106 2888 142 2913 Iv,
155 2881 198 2909 26.
237 2880 261 2897 ’⁸
276 2879 345 2906 Gen.
364 2873 394 2912 Il,
416 2879 443 2906 8.
477 2880 501 2894 "
517 2877 583 2905 ibid.
602 2877 628 2904 6.
666 2877 688 2893 ’⁵
705 2877 770 2905 ibid.
791 2876 833 2905 i0.
871 2877 885 2894 "

938 2877 982 2905 ιίιί.
1020 2877 1042 2893 ’⁷
1058 2875 1124 2906 ibid.
1141 2875 1184 2903 Η.
1196 2873 1204 2875 ἡ
1222 2874 1328 2903 "'ibid.
1349 2873 1394 2902 15.
