1907 3043
80 111 150 140 I007

80 167 176 199 ζοντες
188 167 291 201 αὖτοϊς,
306 168 349 195 διὰ
364 169 410 195 τοῦ
429 170 610 205 παραθέοντος
632 164 716 202 rei-iv.
736 172 834 199 Νείλου
850 173 876 199 δὲ

81 216 151 249 παρ’
177 215 269 246 αὐτοῖς
290 217 559 251 προσαγορευομένου
583 219 772 251 ἀναπλέοντες,
802 219 878 246 ἐττει-

83 259 171 294 ρῶντο
183 260 220 294 τῷ
232 260 332 296 ῥείθρῳ
344 262 512 297 χειραγωγού
517 272 591 298 μενοι
603 264 739 299 εὑρίσκειν
752 265 797 291 τὸν
809 266 878 300 μετὰ

80 304 129 331 τὸν
146 305 232 340 ’Λδὰμ
247 306 330 333 πᾶσιν
348 306 462 334 ἀθέατον
477 308 655 343 παράδεισον·
681 311 727 336 ἐπὶ
747 311 878 346 μήκιστον

81 350 112 377 δὲ
127 351 326 386 ἀνανηξάμενοι
341 352 446 387 χρόνον,
461 354 507 379 καὶ
524 353 576 386 ἔξω
590 355 639 390 τῆς
658 355 818 391 οἰκουμένης
833 365 878 389 γε-

82 396 207 432 νόμενοι,
228 398 276 424 καὶ
296 398 325 424 ὲν
345 399 497 434 ἀμηχάνοις
513 400 553 435 τῷ
572 401 639 434 πυρὶ
657 400 704 427 τοῦ
722 401 797 436 ἡλίου
815 411 880 428 κατ-

82 442 239 476 εφλὲγοντο,
266 443 312 470 καὶ
337 444 384 470 τοῦ
405 444 539 480 ῥεύματος
554 446 657 472 ἐκεῖθεν
676 446 880 481 παφλάζοντος,

81 487 138 514 οὐδ’
154 488 250 523 ἄκροις
270 489 326 519 τοῖς
343 489 485 522 δακτύλοις
507 491 523 526 ἢ
547 491 646 526 χείλεσι
671 493 767 527 ψαύειν
788 493 880 520 λοιπὸν

81 533 130 560 τοῦ
149 534 232 560 πότου
248 534 406 570 δυνάμενοι,
424 536 470 562 ἐπὶ
490 536 538 571 τὴν
558 537 619 564 ὅθεν
635 537 803 573 ἀπενήξαντο
817 539 880 571 τοὺς

81 579 179 611 οἴακας
207 579 351 612 ἰϐύνοντες,
376 582 410 616 τῇ
435 582 605 618 ἑνεγκαμένῃ
636 584 878 620 εἰσεκομίσθησαν·

84 625 148 660 μηδ’
171 625 261 652 ὁτιοῦν
282 626 337 653 τῶν
362 627 482 663 σιτηρῶν
508 629 684 664 ἐπαγόμενοι,
714 630 754 666 τῷ
784 631 881 666 μακρῷ

82 671 324 707 ἑτδαπανηϐέντων
341 673 439 709 χρόνῳ,
459 673 497 706 ὥς
511 683 583 705 τινες
598 675 755 709 Αἰγυπτίων
773 677 881 712 ἱστόρη-

83 725 145 744 σαν.
172 718 204 743 οἱ
229 718 258 745 δὲ
280 719 480 754 ἀστοχήσαντες
509 719 649 756 πλωτῆρες
676 719 722 747 τοῦ
747 722 881 758 μακαρίου

83 761 231 798 θεάματος,
247 763 369 799 ἐναργῶς
385 765 420 791 τὰ
442 764 489 791 τοῦ
512 765 596 800 σοφοῦ
618 766 789 801 Σολομῶντος
805 769 884 794 ἐπαι-

82 807 229 843 δεύθησαν·
240 810 392 844 Βαθύτερά
401 818 460 838 σου
465 810 508 845 μὴ
518 811 635 845 ἐρεύνα,
649 813 698 839 καὶ
710 813 883 847 ὑψηλότερά

81 859 143 879 σου
149 854 192 887 μὴ
202 853 333 886 ἐξέταζε’
350 853 369 881 ἂ
382 856 553 890 προσετάγιη
565 864 627 888 σοι,
642 857 736 885 ταῦτα
749 858 881 886 διανοοῦ.

82 897 117 924 Et
126 898 157 925 δὲ
169 898 241 925 κατὰ
261 899 401 935 Ὠριγένην
413 901 458 927 τὸν
470 901 662 933 ἀνοσιώτατον,
680 903 730 929 οὐκ
745 903 792 930 ἐπὶ
804 905 855 939 γῆς
869 906 883 931 ὀ

82 943 259 978 ὠαράδεισος,
277 945 337 978 πῶς
356 946 397 977 εἰς
421 946 472 981 τὴν
493 947 613 983 ἱστορίαν
627 948 732 975 ἐκείνου
747 949 882 984 Αἴγυπτος

83 989 214 1025 πέπομφε
227 999 234 1023 ;
249 990 308 1023 πῶς
328 991 356 1018 δὲ
378 993 425 1018 καὶ
449 993 570 1028 Μωῦσῆς
583 995 597 1020 ὸ
613 994 667 1020 τῶν
684 994 763 1022 θείων
777 995 884 1031 πρῶτος

83 1036 261 1071 συγγραφεύς
270 1045 361 1072 φησιν,
374 1039 429 1065 Kal
441 1038 550 1072 κατέϐη
562 1039 668 1073 Κύριος
678 1042 722 1073 εἰς
732 1040 786 1067 τὸν
796 1041 884 1074 παρά-

82 1081 198 1114 δεισον,
213 1082 274 1118 οὐχὶ
287 1082 326 1115 δὲ,
348 1083 460 1118 Ἀνέ6η;
475 1085 529 1111 Καὶ
543 1084 684 1119 εἰσήγαγε
706 1086 814 1119 Κύριος
831 1086 885 1112 τὸν

90 1128 179 1163 Ἀδὰμ
194 1130 239 1162 εὶς
253 1129 307 1156 τὸν
323 1130 517 1164 παράδεισον,
538 1131 599 1166 οὐχὶ
610 1131 648 1163 δὲ,
670 1131 836 1166 ’Λνήγαγεν;
853 1132 884 1158 Et

82 1173 114 1201 δὲ
128 1174 180 1200 οὐκ
202 1175 249 1201 ἐπὶ
275 1175 328 1210 γῆς
350 1176 365 1201 ὁ
384 1175 558 1211 παράδεισος,
573 1177 644 1204 κατὰ
663 1177 710 1203 τὸν
724 1177 882 1212 μυθολόγον,

83 1221 147 1247 οὐδὲ
163 1221 180 1256 ἠ
197 1221 286 1257 κρήνη
299 1222 440 1257 τετραχῶς
454 1222 640 1258 διαιρουμένη,
657 1222 739 1250 πόθεν
754 1222 800 1250 οὖν
815 1216 883 1258 προ-

84 1268 175 1302 χεῖται
194 1267 277 1300 Γεὼν,
295 1268 425 1301 Φεισσὼν,
440 1268 545 1304 Τίγρις,
560 1269 717 1304 Εὐφράτης.
736 1269 791 1296 Ποῦ
810 1270 838 1297 δὲ
856 1272 884 1296 ἐν

83 1313 210 1348 οὐρανοῖς
223 1312 304 1348 συκῆ.
317 1313 333 1348 ἢ
349 1314 482 1349 σταφυλὴ,
497 1311 538 1345 οἷς
551 1315 724 1350 παραϐάντες
736 1316 885 1351 περιεστεί-

84 1358 166 1384 λαντο
177 1367 186 1390 ;
203 1358 235 1385 Εί
248 1359 276 1385 δὲ
286 1359 489 1394 οὺίαίσθητὸν,
505 1361 551 1386 καὶ
568 1360 633 1396 παρ’
646 1361 713 1396 ἡμῖν
726 1361 756 1388 τὸ
774 1362 882 1397 χωρίον,

83 1404 147 1431 οὐδὲ
163 1404 235 1439 συκῆ
259 1405 381 1437 πάντως’
401 1406 426 1431 εἰ
442 1405 465 1432 δ’
481 1406 531 1441 οὺχ
556 1407 676 1441 ὑπάρχει
697 1407 727 1433 τὸ
744 1407 837 1441 φυτὸν,
852 1407 883 1433 οὺ

85 1451 260 1488 βεϐρώκασιν
283 1452 308 1478 οἱ
335 1452 522 1488 προπάτορες·
551 1453 575 1479 εί
601 1452 631 1479 δὲ
657 1452 707 1479 οὐκ
731 1453 828 1484 ἔδοντο,
852 1454 883 1479 οὺ

85 1497 260 1533 παρέϐησαν,
277 1497 332 1524 οὐδ’
345 1498 465 1533 ὑπάρχει
479 1499 494 1524 ὁ
512 1498 608 1533 Ἀδὰμ,
618 1498 679 1525 οὐδὲ
694 1498 724 1531 ἐξ
743 1498 847 1525 ἐκείνου
865 1501 883 1534 ὴ

85 1543 156 1576 Εὔα,
167 1543 227 1570 οὐδὲ
244 1542 273 1575 ἐξ
287 1543 386 1578 ἀμφοῖν
399 1545 489 1579 ἡμεῖς,
504 1543 560 1570 οὗθ’
577 1544 670 1579 ἕτερος
683 1544 744 1571 καθ’
760 1545 845 1580 ἡμᾶς.

777 114 951 144 DlALOGUS
972 115 1014 142 lll.

1646 118 1716 146 1098

929 173 1002 208 quod
1025 173 1100 208 ipsos
1115 174 1249 208 portabat,
1274 172 1384 200 ﬂumine
1405 170 1545 206 habentes,
1563 173 1717 208 eodemque

929 223 955 244 et
968 218 1106 252 legumina
1122 217 1343 251 madefacientes,
1360 222 1387 245 et
1400 217 1452 244 sibi
1476 218 1508 245 ad
1525 217 1615 246 cibum
1631 218 1717 244 emol-

930 263 1037 295 lientes,
1053 272 1100 298 per
1115 268 1369 299 praatercurrcntem
1392 264 1524 297 Geonem,
1555 263 1626 299 apud
1641 263 1719 298 ipsos

930 315 1020 337 autem
1033 309 1123 337 Nilum
1139 304 1316 345 appellatum,
1331 310 1502 344 navigantes,
1512 313 1651 336 tentarunt
1665 309 1718 336 ilu-

930 357 1013 384 minis
1031 356 1113 384 ductu
1131 356 1254 383 invenire
1281 360 1343 391 post
1357 356 1492 383 Adamum
1510 355 1614 383 nemini
1628 355 1718 382 visum

930 402 1098 437 paradisum.
1114 401 1264 436 Postquam
1294 406 1385 429 antem
1415 405 1539 436 tempore
1558 401 1719 436 longissimo

930 448 1104 481 navigarunt,
1114 453 1141 476 et
1151 453 1228 475 extra
1246 447 1420 475 habitabilem
1436 449 1530 475 orbem
1545 448 1626 474 delati
1644 453 1718 476 sunt.

931 495 959 521 in
976 494 1132 522 diilicilibus
1159 494 1227 521 locis
1244 494 1305 528 igne
1321 493 1387 521 solis
1405 493 1601 524 adurebantur,
1627 493 1720 520 ilumi-

931 548 1020 575 neque
1032 540 1088 567 illic
1101 544 1157 567 toto
1174 540 1305 571 fervente,
1323 546 1386 566 cum
1417 547 1451 566 ne
1477 539 1587 573 quidem
1604 538 1720 566 summis

932 585 1025 620 digitis
1045 589 1092 612 aut
1111 585 1192 612 labiis
1213 584 1279 611 illud
1304 584 1422 618 amplius
1438 584 1571 619 attingere
1597 588 1720 618 possent,

932 632 967 659 ad
983 639 1043 659 eam
1058 631 1130 658 unde
1142 630 1250 665 navigio
1265 634 1397 658 venerant
1413 634 1513 657 terram
1537 629 1721 664 gubernacula

932 677 1092 713 dirigentes,
1112 677 1140 703 in
1154 677 1272 711 patriam
1288 676 1370 703 delati
1388 679 1462 709 sunt,
1479 683 1532 702 non
1552 679 1721 710 reportante:

933 722 1081 758 quidquam
1113 725 1302 752 commeatus,
1330 721 1457 748 omnibus
1485 720 1565 755 longo
1591 721 1721 755 temporis

933 768 1022 802 spatio
1034 767 1197 802 absumptis,
1220 771 1249 794 ut
1274 766 1357 801 aliqui
1388 765 1578 802 Egyptiorum
1603 766 1721 793 tradide~

936 819 1010 840 runt.
1026 812 1162 840 Caeterum
1182 811 1209 838 hi
1233 816 1322 838 nautas
1342 811 1388 846 qui
1405 819 1421 838 a
1453 811 1532 838 beato
1548 811 1594 837 illo
1616 818 1723 845 specta-

936 858 999 886 culo
1018 857 1191 888 aberrarunt,
1218 857 1371 884 clarissime
1395 857 1527 891 sapientis
1550 856 1623 884 illius
1642 855 1721 883 Salo-

936 904 1025 931 monis
1038 904 1121 931 verba
1139 902 1314 930 didicerunt:
1342 901 1525 937 I'rofundiora
1555 906 1579 928 te
1598 910 1628 928 ne
1643 910 1719 930 ceru—

935 951 1008 982 leris,
1024 955 1049 977 et
1066 950 1222 977 sublimiora
1237 954 1260 976 te
1272 957 1302 975 ne
1318 949 1452 982 inquiras:
1467 957 1525 984 quia
1537 948 1583 976 tibi
1595 949 1722 975 mandatu

934 1002 1006 1028 sum,
1019 997 1068 1024 illa
1080 996 1192 1032 cogila’.
1203 995 1281 1028 Quod
1297 995 1321 1023 si
1333 994 1481 1022 secundum
1491 994 1633 1030 Origenem
1645 994 1721 1021 illum

936 1041 1048 1076 impium
1076 1048 1131 1067 non
1160 1045 1203 1067 est
1218 1040 1246 1066 in
1275 1045 1347 1067 terra
1364 1039 1508 1074 paradisus
1520 1061 1527 1072 ,
1545 1040 1721 1074 quamobrem

935 1093 1001 1114 suos
1019 1086 1146 1112 homines
1161 1085 1194 1112 ad
1219 1085 1295 1111 illum
1309 1085 1508 1120 inspiciendum
1524 1085 1657 1120 Egyptus
1673 1085 1722 1112 ab-

935 1131 1058 1166 legavit?
1075 1129 1220 1164 Quomodo
1240 1131 1303 1156 item
1322 1129 1410 1157 Moses
1426 1130 1530 1164 primns
1546 1130 1590 1157 ille
1605 1130 1723 1164 scriptor

935 1185 1026 1205 rerum
1039 1177 1193 1204 divinarum
1209 1176 1299 1211 inquit
1317 1184 1324 1202 :
1340 1176 1374 1203 Et
1391 1176 1525 1203 descendit
1546 1176 1674 1204 Dominus
1695 1177 1723 1203 in

934 1223 1113 1257 paradisum:
1139 1229 1193 1249 non
1225 1227 1332 1253 autem,
1358 1220 1550 1248 ascendit?Et
1574 1221 1724 1248 introduxit

935 1268 1065 1296 Dominus
1084 1268 1214 1294 Manium
1228 1268 1256 1294 in
1271 1267 1526 1302 poradisum‘mon
1539 1272 1642 1299 autem,
1658 1269 1724 1296 sub—

935 1316 1030 1344 vexit?
1048 1315 1197 1347 Praeterea,
1212 1315 1235 1342 si
1253 1322 1358 1342 nonest
1373 1315 1400 1342 in
1419 1320 1492 1342 terra
1510 1315 1663 1350 paradisus.
1694 1320 1725 1342 ut

935 1362 1099 1397 vaniloquus
1115 1361 1160 1388 ille
1175 1366 1303 1396 nugatur,
1322 1369 1411 1396 neque
1427 1361 1489 1388 fons
1502 1361 1547 1389 ille
1561 1362 1725 1397 quadripar-

936 1409 986 1436 tito
1000 1408 1117 1440 divisus,
1133 1407 1205 1434 unde
1218 1407 1381 1435 diil‘unditnr
1397 1407 1483 1439 Geon,
1495 1407 1609 1441 Phison,
1621 1407 1724 1443 Tigris.

935 1453 1098 1488 Euphrates.
1116 1452 1168 1480 Ubi
1180 1458 1271 1480 autem
1286 1452 1312 1479 in
1326 1452 1403 1480 ccelis
1415 1452 1494 1484 ﬁcus,
1507 1457 1555 1479 aut
1568 1461 1632 1482 uva.
1652 1461 1724 1487 quo-

935 1506 998 1526 rum
1013 1498 1138 1526 consutis
1155 1497 1229 1525 foliis
1247 1497 1373 1524 homines
1390 1497 1428 1524 illi
1444 1498 1523 1532 primi
1537 1502 1599 1532 post
1616 1498 1724 1532 lapsum

935 1551 997 1571 sese
1022 1543 1170 1578 tegebant?
1195 1541 1255 1569 Jam
1282 1542 1411 1577 sineque
1440 1542 1550 1570 scnsilis
1566 1548 1617 1575 est,
1635 1551 1724 1578 neque

87 1591 161 1627 apud
176 1598 227 1618 nos
241 1598 273 1618 ea
289 1590 364 1626 regio
380 1599 387 1617 :
404 1598 438 1618 ne
456 1590 567 1625 quidem
583 1590 694 1618 omnino
708 1591 735 1618 in
754 1598 786 1618 ea
808 1591 875 1618 licus
890 1595 960 1618 erat.
976 1589 1004 1617 Si
1020 1597 1075 1617 non
1092 1594 1152 1617 erat
1165 1589 1246 1616 arbor
1263 1589 1291 1616 in
1308 1596 1350 1622 ea,
1369 1596 1424 1615 non
1440 1589 1521 1615 etiam
1536 1589 1720 1624 comederunt;

85 1639 167 1673 primi
183 1643 310 1674 parentes
324 1647 330 1665 :
343 1638 417 1673 quod
431 1637 455 1665 si
470 1645 525 1665 non
539 1638 728 1671 comederunt,
744 1645 833 1673 neque
841 1637 1006 1674 transgressi
1017 1642 1082 1666 sunt
1095 1647 1101 1664 :
1115 1645 1166 1665 nec
1180 1636 1284 1664 exstitit
1296 1636 1428 1668 Adamus,
1443 1644 1531 1671 neque
1548 1643 1581 1664 ex
1595 1637 1641 1664 illo
1657 1637 1724 1672 Eva,

87 1691 180 1719 neque
196 1690 231 1710 ex
248 1683 384 1711 ambobus
401 1690 462 1715 nos,
476 1690 566 1718 neque
582 1683 652 1710 alius
671 1687 733 1718 post
750 1690 810 1711 nos.

367 1728 492 1754 ΠΕΥΣΙΣ
507 1727 601 1756 PMII’.

121 1773 156 1799 τί
171 1771 236 1805 οὖν;
259 1773 304 1800 τὸν
320 1773 442 1801 διάϐολον
457 1775 486 1801 οὐ
502 1774 622 1810 νομίζεις
635 1774 683 1801 τοῦ
706 1775 819 1810 ουρανοῦ
837 1777 884 1801 ὲκ-

86 1820 278 1852 πεπτωκέναι;
293 1820 399 1856 Ὠσπερ
413 1820 467 1856 γὰρ
480 1820 523 1846 ἐπ’
537 1822 652 1853 ἐκείνου,
667 1821 752 1853 οὕτως
771 1822 817 1848 καὶ
837 1823 883 1848 ἐπὶ

85 1866 134 1893 τοῦ
156 1866 301 1900 ἀνθρώπου
326 1866 452 1902 λέγομεν,
476 1867 525 1902 τὴν
550 1867 686 1894 ἔκπτωσιν
710 1868 829 1904 δηλονότι
850 1869 883 1896 ἐκ

86 1911 134 1938 τοῦ
152 1910 279 1947 οὐρανοῦ.

402 1958 578 1991 Ἀπόκρισις.

135 2003 338 2039 Ἀναμφιὸὀλως
352 2003 440 2038 φαμὲν
461 2002 515 2029 τῶν
532 2001 724 2037 ὑπερκοσμίων
742 2002 882 2037 κατερρω-

93 2049 220 2084 γέναιτδν
227 2049 380 2085 ἀρχέκακον
389 2049 513 2084 δαίμονα,
520 2048 567 2075 τοῦ
574 2047 675 2083 Οεωροῦ
683 2048 736 2074 τῶν
742 2048 881 2082 Χερουϐὶμ

98 2095 229 2130 Ἰεζεκιὴλ
250 2095 316 2130 (98⁶)
334 2095 414 2121 αὑτὸν
432 2094 648 2129 ἀποδυρομένου,
660 2093 706 2120 καὶ
722 2093 880 2128 φάσκοντος,

93 2140 160 2174 Πῶς
172 2140 319 2174 ἐξέπεσεν
328 2140 362 2166 ὲκ
380 2139 434 2166 τοῦ
448 2138 601 2173 οὐρανοῦὸ
618 2138 783 2172 Ἑωσφόρος
791 2147 799 2169 ;
808 2139 880 2173 Συμ-

93 2185 191 2219 φώνως
204 2184 233 2211 δὲ
249 2184 287 2220 τῷ
300 2185 391 2220 οἰκέτῃ
406 2185 435 2210 ὲν
450 2183 624 2218 Εὑαγγελίοις
640 2184 720 2218 φησὶν
738 2184 752 2209 ὁ
769 2183 879 2218 Κύριος,

99 2231 261 2266 Ἐθεώρουν
284 2230 337 2258 τὸν
361 2231 500 2258 Σατανᾶν
513 2231 555 2264 ὡς
567 2230 728 2264 ἀστραπὴν
749 2231 883 2256 πεσόντα

91 2279 125 2306 ἐκ
138 2278 191 2305 τοῦ
203 2274 333 2312 οὗρανοῦ
345 2284 354 2294 ⁸
366 2278 412 2304 ἐπὶ
424 2277 452 2304 δὲ
461 2277 508 2304 τοῦ
522 2276 618 2311 Ἀδὰμ.
628 2276 739 2303 οὐδέπου
748 2276 797 2311 τῆς
808 2275 883 2307 θείας

92 2322 204 2357 Πυκτῆς
231 2321 309 2349 τοῦτο
330 2322 455 2357 κείμενον
469 2321 657 2357 εὑρεθήσεται.
678 2320 709 2348 Εἰ
731 2320 785 2356 γὰρ
804 2321 882 2356 καὶὴ

93 2368 224 2404 συνήθειά
239 2377 304 2404 φησι
318 2368 348 2395 τὸ
365 2368 492 2401 ἐξέπεσε
513 2369 577 2404 περὶ⁸
596 2368 643 2394 τοῦ
660 2367 813 2403 ἀνθρώπου,
837 2368 883 2394 καὶ

93 2414 165 2449 μετὰ
176 2413 226 2448 τὴν
240 2412 377 2439 ἔκπτωσίν
397 2420 463 2447 φησι
476 2412 523 2438 τοῦ
546 2412 643 2447 Ἀδὰμ,
660 2413 689 2438 οὐ
707 2412 798 2446 μέντοι
817 2412 883 2446 πρό-

93 2467 200 2487 κεινται
221 2459 246 2485 οἱ
263 2459 373 2494 οὐρανοὶ
387 2459 421 2493 τῇ
442 2458 588 2489 ἐκπτώσει,
606 2457 696 2488 καθὼς
715 2457 760 2483 ἐπὶ
772 2457 819 2483 τοῦ
836 2457 884 2482 Βε-

92 2506 165 2532 λιάλ.
189 2504 360 2531 Ἐκπτωσιν
380 2503 409 2530 δέ
430 2512 520 2538 φαμεν
542 2503 634 2530 καὶτὸ
651 2504 684 2529 ἐκ
704 2503 817 2529 πλούτου
837 2503 884 2528 καὶ¹

95 2550 277 2586 περιφανείας
291 2551 331 2581 εἰς
343 2550 479 2585 πτωχείαν
494 2549 598 2580 ἐλάσαι,
618 2549 665 2575 καὶ
681 2549 729 2584 τὴν
745 2548 774 2580 ἐξ
784 2549 884 2583 ἀρετῆς

92 2598 140 2624 ἐπὶ
164 2597 196 2623 τὸ
219 2597 308 2631 χεῖρον
329 2596 519 2630 ὑπονόστησιν,
543 2596 589 2621 καὶ
614 2595 663 2629 τὴν
683 2596 714 2621 ἐκ
738 2595 885 2630 παρθενίας

94 2643 141 2670 ἐπὶ
155 2643 285 2676 λαγνείαν
304 2642 442 2678 ἀφορμὴν,
463 2641 510 2668 καὶ
528 2641 578 2676 τὴν
593 2640 670 2674 λῆξιν
685 2639 732 2666 τοῦ
750 2640 882 2674 σώματος.

91 2685 157 2724 Ἀρ*
172 2686 220 2714 οὖν
239 2687 293 2714 τῶν
316 2687 438 2723 οὐρανῶν
454 2687 665 2714 ἐκπεπτώκασιν
689 2684 777 2718 οὗτοις
800 2686 886 2713 Οὐδα-

1124 1725 1382 1754 INTERROGATIO
1397 1725 1535 1754 CXLVIII.

971 1773 1041 1807 Quid
1053 1773 1206 1809 igitur?an
1235 1773 1375 1800 diabolum
1403 1780 1456 1800 non
1483 1779 1562 1808 putas
1588 1775 1725 1802 excidisse

936 1819 1026 1846 caelo?
1042 1818 1278 1851 Quemadmodum
1295 1819 1367 1845 enim
1388 1819 1422 1845 de
1438 1819 1495 1851 illo,
1512 1820 1552 1847 sic
1566 1825 1593 1847 et
1616 1821 1649 1848 de
1676 1822 1725 1847 ho-

936 1865 1010 1892 mine
1026 1864 1154 1894 dicimus.
1169 1864 1275 1898 lapsum
1294 1863 1422 1891 videlicet
1435 1872 1468 1891 ex
1481 1865 1569 1892 caelis.

1253 1953 1403 1986 Responsio.

971 1999 1069 2027 Procul
1083 1999 1166 2026 dubio
1190 1999 1310 2026 dicimus
1331 2007 1363 2026 ex
1382 2000 1602 2028 ultramundams
1625 2003 1723 2036 praeci-

936 2045 1051 2079 pitatum
1069 2049 1208 2072 auctorem
1224 2045 1300 2072 illum
1316 2045 1380 2072 mali
1393 2046 1555 2079 daemonem,
1572 2052 1724 2081 spectatore

937 2091 1121 2118 cheruborum
1139 2091 1282 2118 Ezechielo
1301 2091 1390 2126 ipsum
1403 2092 1571 2127 deplorante,
1586 2099 1668 2128 atque
1679 2094 1724 2121 di-

935 2143 1014 2165 cente
1026 2147 1033 2164 :
1050 2137 1186 2170 Quomodo
1198 2139 1296 2166 excidit
1311 2140 1375 2166 calo
1388 2138 1495 2173 Lucil"
1504 2139 1532 2164 ‘?
1543 2138 1726 2168 Consentinus

935 2189 1027 2211 autem
1043 2191 1106 2211 cum
1128 2191 1208 2211 servo
1228 2185 1255 2211 in
1283 2184 1429 2219 Evangelio
1454 2183 1596 2216 Dominus,
1619 2185 1724 2220 inquit:

941 2229 1067 2257 Videbam
1086 2230 1219 2257 Satanam
1233 2231 1314 2257 ueluti
1329 2231 1420 2266 fulgur
1427 2230 1459 2256 de
1473 2230 1538 2257 calo
1554 2230 1689 2258 cadentem
1702 2232 1723 2259 ⁸,

936 2276 975 2304 De
990 2276 1096 2303 Adamo
1108 2281 1199 2303 autem
1222 2277 1273 2304 hoc
1289 2284 1425 2311 nusquam
1443 2277 1471 2303 in
1488 2276 1589 2303 divinis
1615 2277 1725 2305 Litteris

936 2322 1054 2358 positum
1073 2323 1237 2350 invenietur.
1264 2322 1429 2358 Quanquam
1449 2323 1523 2350 enim
1553 2324 1724 2350 consuetudo

937 2368 1051 2396 verbum
1067 2368 1207 2395 excidendi
1223 2373 1337 2403 usurpet
1355 2368 1389 2394 de
1406 2367 1527 2400 homine,
1544 2368 1663 2402 itemque
1677 2376 1725 2395 vo-

937 2414 1065 2441 cabulum
1081 2414 1174 2448 lapsus
1189 2414 1223 2441 de
1237 2414 1357 2441 Adamo:
1376 2422 1431 2441 non
1446 2419 1535 2441 tamen
1549 2414 1724 2448 prazpositum

938 2463 980 2485 est
995 2459 1057 2486 coeli
1071 2466 1169 2486 nomen
1199 2464 1262 2486 ante
1287 2467 1395 2490 casum,
1429 2459 1661 2494 quemadmodum
1691 2461 1724 2487 de

936 2504 1095 2531 Bclialo.Et
1109 2505 1191 2531 verbo
1205 2505 1324 2532 excidere
1351 2505 1453 2532 utimur
1479 2505 1573 2538 etiam,
1601 2512 1659 2532 cun?
1691 2513 1725 2533 ev

936 2550 1038 2577 divitiis
1050 2555 1077 2578 et
1093 2550 1238 2588 splendore
1257 2551 1291 2578 ad
1306 2556 1494 2585 paupertatem
1512 2550 1574 2585 quis
1602 2551 1723 2582 devenit.

938 2596 979 2622 vel
999 2604 1013 2622 ιι
1035 2601 1136 2626 virtute
1149 2597 1182 2625 ad
1200 2596 1265 2623 vitia
1281 2597 1360 2630 redit,
1375 2596 1416 2623 vel
1435 2604 1469 2623 ex
1497 2596 1657 2631 virginitate
1684 2598 1718 2624 εισι

937 2643 1129 2670 scortationem
1145 2643 1210 2675 ruit,
1234 2643 1276 2670 vel
1302 2650 1364 2670 cum
1391 2649 1493 2677 corpus
1520 2643 1623 2671 interit.
1654 2642 1723 2670 Num

936 2689 1018 2724 igitur
1034 2696 1065 2716 ex
1081 2689 1158 2716 caelis
1171 2689 1330 2716 exciderunt
1349 2689 1410 2716 illi?
1424 2689 1603 2724 Nequaquam
1617 2700 1625 2716 ε
1637 2691 1723 2718 enim-

125 2762 136 2778 ³
149 2764 232 2792 Ειτη.
247 2772 289 2796 ιιι,
301 2764 346 2791 22.
385 2765 396 2780 ⁸
410 2764 477 2792 Gen.
497 2773 528 2797 ll,
546 2765 590 2792 15.
630 2766 640 2781 ⁵
654 2765 705 2793 Isa.
720 2773 776 2797 xiv,
790 2766 831 2792 12.
858 2766 867 2780 ⁴¹

939 2787 946 2793 .
965 2775 991 2798 ι,
1010 2767 1052 2794 18.

125 2855 192 2891 (98‘)
212 2854 365 2889 Ἰεζεχιήλ.
388 2855 523 2883 Memoria:
545 2855 620 2891 lapsu
647 2856 814 2886 Ezechielem
840 2866 888 2892 pro
902 2859 971 2886 Isaia
985 2858 1078 2886 cttavit
1092 2862 1196 2886 auctor.

255 2903 392 2933 PATROL
412 2903 469 2932 (in.
486 2903 573 2934 XXX
582 2903 661 2934 Vl“.
