1907 3043
96 183 172 213 {I05

94 248 158 272 σεν.
172 242 187 268 ὁ
207 242 294 276 Λόγος
312 243 359 269 καὶ
372 243 447 274 Θεὸς,
457 242 552 277 βροτὸς
566 243 677 277 γέγονεν
695 244 724 277 ἐξ
734 243 890 280 ἀπόρῤήτου

100 287 270 323 συλλήψεως.
292 288 328 314 Οὺ
349 289 394 315 διὰ
413 289 463 321 τὰς
487 289 575 324 ψυχὰς
600 289 689 316 τοίνυν
708 290 742 316 τὰ
760 289 889 324 σώματαο

101 334 159 361 ,οὗθ’
176 334 271 370 ἓτερον
299 334 354 370 γὰρ
375 334 470 370 ἑτέρου
490 335 719 370 προγενέστερον·
733 335 790 361 ἀλλ’
809 336 892 370 ἄμφω

56 376 65 414 ξ
100 380 251 415 ἀφράστως
267 379 303 407 δι’
324 381 488 415 ἁγαθότητα,
504 380 533 406 ὲν
545 380 644 416 ἀκαρεῖ
666 380 732 412 Θεὸς
748 381 892 416 ἐδημιούρ-

56 418 65 435 ί·
101 434 197 461 γησεν.
220 425 407 461 Ἑκτραπέντα
419 425 448 452 δὲ
463 425 510 452 τοῦ
524 425 638 460 ἀγαθοῦ,
656 426 702 452 καὶ
715 426 892 461 γυμνωθέντα

100 473 153 507 τῆς
176 471 313 507 θεότητος,
342 472 423 498 πάλιν
449 472 481 498 δι’
506 472 666 506 ἀγαοότητα
690 472 782 508 δέρρει
813 482 890 508 περι-

100 516 217 548 έστειλε,
232 516 266 551 τῷ
281 517 402 551 στεγάνῳ
416 517 556 552 περιέπων
569 517 599 543 τὸ
615 517 718 543 ἁπαλὸν
735 517 782 544 τοῦ
795 517 889 553 σώμα-

100 570 159 594 τος,
171 563 233 597 ἄρτι
242 561 294 594 ἔξω
304 562 448 597 γενόμενον
459 561 509 597 τῆς
522 563 550 588 ἐν
563 562 720 598 παραδείσῳ
732 564 837 599 τρυφῆς
844 565 890 591 καὶ

100 607 152 641 τῆς
167 607 241 639 θείας
250 607 405 642 περιϐολῆς,
420 607 482 642 ἄρτι
494 607 548 634 τῶν
566 608 654 634 πόνων
665 609 828 644 ἁπτόμενον,
840 609 888 644 τῆς

100 653 233 679 ἐπιπόνου
249 652 321 688 ζωῆς
347 654 393 679 καὶ
411 653 522 688 ἱδρῶτος
543 654 572 680 ὲν
585 654 668 689 πείρᾳ
681 655 840 689 γενόμενον*
858 655 888 681 οὺ

100 697 275 734 προῦπαρξιν
298 698 397 731 τοίνυν,
412 699 443 725 οὐ
461 698 637 735 συνύπαρξιν,
661 699 692 725 οὐ
709 699 888 736 μεούπαρξιν,

100 743 174 769 ὅσιον
191 742 328 770 παιδεύειν
337 750 344 757 ⁶
358 743 401 769 ἵνα
419 743 456 778 μὴ
469 743 499 769 τὸ
512 744 561 779 μὲν
576 744 720 771 ἐκπίπτειν
734 744 823 780 ψυχὰς
836 745 889 772 τῶν

100 788 235 824 οὐρανῶν,
253 789 301 815 καὶ
325 788 476 823 ὲνείρεσοαι
499 788 623 824 σώμασιν
639 790 826 825 ἁπατηθῶμεν
839 799 846 806 ·
861 791 890 817 τὸ

99 835 141 866 δὲ,
161 835 226 866 τοὺς
255 835 482 870 παρθενεύοντας,
504 835 633 867 καὶτοὺς
661 837 815 871 ἐγκρατεῖς,
843 836 890 862 καὶ

100 882 165 912 τοὺς
190 881 345 916 γονορρυείς
370 880 553 916 ψυχοκτόνους
579 881 835 917 βλασφημήσωμεν,
861 883 890 909 ὲν

99 929 133 963 τῇ
149 928 231 962 ὀσφύϊ
244 927 291 954 καὶ
304 926 343 962 τῷ
362 927 499 962 σπέρματι
514 927 564 959 τὰς
577 927 665 962 ψυχὰς
689 928 888 963 κατεμπνίγον-

98 982 160 1004 τας.
175 973 274 1009 Πόρῤω
283 973 305 999 δ’
317 972 436 1006 ἀφάλλου
452 972 498 999 καὶ
512 973 566 999 τῶν
580 973 734 1008 ληρούντων
751 973 890 1010 μεούπαρ-

99 1018 142 1050 ειν
151 1027 158 1033 '
177 1019 207 1045 οὐ
225 1018 280 1054 γὰρ
296 1017 480 1054 πρεσϐύτερος
493 1018 541 1045 καὶ
553 1017 684 1054 νεώτερος
698 1018 779 1050 αὐτὸς
792 1019 889 1046 ἑαυτοῦ

101 1063 209 1099 βροτός.

791 188 964 217 DIALOGUS
996 189 1036 219 IlI.

1659 191 1727 218 “06

941 243 1031 271 factus
1049 248 1090 272 est
1112 251 1160 279 per
1188 244 1350 271 inen‘abilcm
1373 251 1589 280 conceptionem.
1608 245 1727 274 Proinde

941 297 995 316 non
1016 294 1080 317 sunt
1097 297 1211 325 corpora
1236 295 1344 325 propter
1363 291 1481 323 animas,
1504 299 1592 326 neque
1612 292 1726 319 alterum

942 336 1026 362 altero
1047 336 1218 371 generatione
1236 336 1312 370 prius
1332 340 1385 368 est,
1405 336 1452 363 sed
1472 341 1586 371 utraque
1605 337 1728 364 inellabi-

941 381 1003 407 liter
1015 387 1123 416 propter
1136 381 1284 408 bonitatem
1299 381 1369 409 Deus
1383 381 1408 408 iu
1422 387 1559 409 momento
1573 382 1726 410 fabricavit.

941 424 1130 451 Abalienatum
1147 430 1236 451 autem
1252 433 1267 451 a
1284 425 1365 456 bono,
1383 425 1579 460 divinitathue
1595 426 1725 454 nudatum

941 478 1037 497 rursus
1066 475 1175 505 propter
1200 471 1348 498 bonitatem
1381 472 1516 503 contexit,
1543 473 1628 498 solida
1660 473 1726 507 pelle

941 524 1041 543 ornans
1053 537 1059 548 ,
1076 523 1138 542 cum
1157 516 1284 544 teneritas
1296 517 1352 551 jam
1368 523 1444 544 extra
1463 518 1580 552 paradisi
1604 518 1728 552 volupta-

941 567 994 588 tem
1013 562 1187 594 divinamque
1206 562 1383 590 munitionem
1406 567 1494 594 esset,
1509 569 1536 590 et
1549 563 1604 597 jam
1620 564 1726 591 labores

940 612 1112 642 capesseret.
1134 607 1353 643 laboriosamque
1375 607 1457 635 vitam
1489 615 1570 643 atque
1599 611 1725 636 stnlorem

940 653 1118 688 experiretur.
1163 653 1280 680 Proinde
1305 661 1393 688 neque
1424 655 1500 688 prius
1533 654 1725 685 exsistcntent.

941 706 1029 733 neque
1051 697 1258 726 coexsistentem
1291 707 1379 734 neque
1404 700 1640 734 postexsistenlctn
1668 701 1724 726 ani-

941 752 1013 771 mam
1025 745 1111 778 pietas
1126 744 1205 772 docet
1215 765 1222 776 ,
1236 752 1270 771 ne
1281 745 1378 779 partim
1391 746 1478 772 delabi
1489 753 1521 772 ex
1534 746 1611 773 caelis
1622 747 1727 774 animas

940 795 967 816 et
981 790 1065 817 inseri
1082 790 1242 825 corporibus
1254 790 1323 818 falso
1336 791 1525 819 existimemus
1535 812 1542 823 ,
1559 793 1655 826 partim
1671 800 1724 818 scr-

941 841 1033 863 vantes
1061 836 1232 869 castitatem,
1256 842 1284 864 et
1313 842 1509 871 temperantes,
1539 843 1586 864 aut
1615 835 1727 865 Seminis

942 882 1044 909 ﬂuxum
1058 881 1203 916 patientes,
1215 882 1288 909 velut
1299 882 1451 910 animarum
1467 883 1603 910 oecisorcs
1622 883 1726 910 calum-

944 929 1066 960 niemur,
1090 927 1116 954 iu
1143 927 1235 954 lumbo
1256 933 1282 955 et
1301 929 1407 956 semine
1426 929 1532 956 animas
1551 929 1726 957 suﬂ'ocantes.

943 973 1034 1008 Longe
1059 974 1141 1000 etiam
1165 974 1231 1000 mibi
1249 974 1330 1000 velim
1347 975 1381 1001 ab
1406 982 1437 1001 ea
1457 976 1564 1002 resilias
1587 976 1724 1010 opinione.

942 1019 1016 1054 quod
1030 1027 1144 1054 corpore
1158 1021 1291 1054 posterior
1303 1021 1338 1047 sit
1353 1021 1443 1047 anima
1455 1030 1461 1053 ;
1474 1029 1528 1048 non
1542 1022 1613 1049 enim
1636 1022 1726 1056 seipso

943 1064 983 1090 vel
995 1064 1083 1098 major
1099 1064 1139 1091 vel
1155 1065 1243 1091 minor
1260 1069 1338 1092 aetate
1348 1069 1390 1092 est
1406 1066 1497 1092 Itomo.

189 1149 272 1186 (Ηιιέ
282 1151 364 1178 etiam
375 1151 407 1177 de
423 1150 477 1177 alio
493 1154 555 1177 sum
569 1149 692 1184 adjecto;
703 1158 766 1176 nam
781 1149 923 1178 Maximus
936 1151 1113 1186 Philosophus
1125 1151 1294 1180 Christianus
1312 1158 1368 1187 post
1386 1152 1534 1180 Cwsurium
1549 1154 1638 1188 uixit.)

330 1233 386 1260 Τοῦ
407 1233 494 1268 ἁγίου
509 1231 656 1266 Μαξίμου.

140 1277 251 1314 Ἐπειδὴ
265 1279 280 1305 ὁ
302 1278 505 1314 προηγούμενος
523 1277 623 1310 σκοπὸς
640 1276 687 1304 τοῦ
708 1275 775 1303 Θεοῦ
792 1273 836 1310 ἦν.
851 1275 887 1309 μὴ

96 1324 143 1350 διὰ
156 1324 247 1359 γάμου
262 1324 385 1358 γίνεσθαι
405 1324 478 1359 ἡμᾶς
496 1324 543 1351 καὶ
556 1323 674 1359 φθορᾶς·
692 1323 746 1358 ἠδὲ
762 1322 887 1357 παράϐα-

99 1379 142 1402 σις
166 1370 212 1396 τὸν
240 1370 330 1405 γάμον
356 1370 504 1406 εἰσήγαγε·
529 1369 572 1396 διὰ
587 1369 666 1396 τοῦτο
690 1368 790 1400 πάντες
814 1369 838 1394 οι
859 1367 888 1399 ἐξ

105 1416 203 1451 Ἀδὰμ,
226 1416 424 1446 ὑποπίπτοντες
436 1416 470 1451 τῇ
484 1415 531 1441 τοῦ
556 1414 725 1451 προπάτορος
742 1413 886 1448 καταδίκῃ,

98 1463 128 1488 ἐν
148 1461 274 1497 ἀνομίαις
295 1461 538 1496 συλλαμὸὰνονται.
562 1461 598 1488 Τὸ
612 1460 651 1493 δὲ,
673 1461 722 1486 Ἐν
732 1460 887 1494 ἁμαρτίαις

97 1507 250 1541 ἐλίσσησέ
270 1515 309 1542 με
330 1508 349 1541 ἠ
370 1506 469 1542 μήτηρ
493 1515 569 1541 μου,
589 1507 630 1533 ὅτι
655 1506 808 1541 προμήτωρ
830 1504 887 1531 Εὕα

98 1553 195 1589 πρώτη
223 1552 352 1588 ὲκίσσησε
374 1553 423 1588 τὴν
438 1553 552 1588 ἡδονήν
567 1552 611 1579 διὰ
634 1552 713 1579 τοῦτο
737 1551 783 1579 καὶ
808 1552 887 1587 ἡμεῖς

98 1598 245 1625 κισσᾶσοαι
270 1598 385 1634 λέγομεν
408 1599 436 1626 ἐν
460 1598 618 1634 ἁμαρτίαις,
632 1598 670 1630 ὡς
690 1598 887 1629 ὑποπίπτοντες

97 1646 131 1680 τῇ
145 1644 255 1679 ὲκείνης
271 1645 415 1679 καταδίκῃ.

376 1689 500 1716 ΠΕΥΣΙΣ
523 1689 610 1716 PNB'.

133 1736 166 1762 Τί
180 1733 246 1768 οὖν;
271 1735 437 1770 βυρσοτόμον
460 1735 476 1770 ἢ
496 1734 635 1769 ζωοθύτην
651 1734 797 1770 ὀφείλομεν
817 1735 888 1761 νοεῖν

98 1782 145 1808 τὸν
156 1781 234 1814 Θεὸν,
250 1781 294 1808 ἵνα
305 1781 350 1808 τὸν
367 1781 453 1816 ’Δδὰμ
467 1781 565 1818 ἐνδύσῃ
575 1781 639 1813 τοὺς
653 1781 770 1816 χιτῶνας
787 1780 889 1816 δερμα-

98 1827 186 1860 τίνους
198 1837 205 1860 ;

406 1872 584 1907 Ἀπόκρισις.

139 1919 268 1955 Ἐροίμην
286 1927 314 1945 σε
331 1918 378 1945 καὶ
401 1918 466 1952 ἐγὼ,
487 1914 509 1944 ὦ
531 1917 741 1952 φιλονεικότατε,
756 1917 781 1943 τί
802 1918 887 1952 εὐμα-

98 1966 227 2002 ρέστερον
239 1966 286 1992 καὶ
295 1964 493 2000 εὐκοπώτερον,
506 1964 620 2000 οὐρανὸν
629 1963 659 1995 ἐξ
673 1963 775 1990 ὑδάτων
787 1964 885 1998 πῆξαι,

98 2014 145 2039 καὶ
156 2013 209 2048 γῆν
224 2012 266 2038 ἐπ’
282 2012 394 2046 ἁῦύσσῳ
407 2010 583 2046 θεμελιῶσαι,
594 2010 639 2036 καὶ
653 2009 682 2036 τὸ
701 2010 797 2045 μυρίον
815 2009 886 2046 ὕδωρ

98 2061 127 2086 ἐν
137 2060 186 2094 μιᾷ
202 2059 346 2093 συναγωγῇ
361 2057 515 2087 συνελάσαι,
535 2057 582 2083 καὶ
599 2056 638 2090 τῷ
651 2055 809 2091 καταλλήλῳ
821 2055 886 2082 ἓκα·

98 2114 161 2132 στον
179 2104 372 2139 διακοσμῆσαι,
394 2103 506 2138 ἄστροις
527 2102 577 2137 μὲν
598 2101 768 2135 καταστέψαι
782 2101 827 2127 τὸν
841 2100 885 2127 οὺ-

98 2151 189 2188 ρανδν,
218 2152 311 2186 φυτοῖς
336 2150 365 2176 δὲ
384 2149 505 2176 ποικίλαι
532 2148 580 2183 τὴν
600 2148 707 2183 χέρσον,
726 2147 842 2178 πλωτοῖς
857 2147 885 2173 δὲ

97 2197 231 2233 τεχνῶσαι
243 2196 292 2232 τὴν
305 2195 478 2230 θάλατταν,ῆ
493 2195 583 2230 δέῤῥιν
600 2194 729 2229 συνεῖραι,
741 2193 788 2220 καὶ
805 2201 880 2228 περιο

96 2242 202 2269 στεῖλαι
215 2241 261 2268 τὸν
271 2240 463 2276 γυμνωθέντα;
479 2239 581 2266 πλάσαι
590 2238 620 2264 τὸ
631 2237 724 2273 ζῶονῆ
736 2237 883 2272 ἁμφιάσαι;

97 2288 232 2316 θάλατταν
245 2286 433 2322 διαχερσῶσαι
450 2285 488 2321 τῷ
507 2285 707 2320 προστάγματι,
725 2284 771 2310 καὶ
788 2282 883 2316 ἑξακο-

97 2335 157 2366 σίας
173 2333 278 2370 ἀνδρῶν
295 2333 418 2368 χιλιάδας
437 2333 486 2358 σὺν
510 2332 617 2366 γυναιᾷ
644 2331 691 2357 καὶ
715 2330 820 2362 τέκνοις
837 2331 883 2357 ἁν-

97 2380 188 2415 ίκμοις
204 2380 267 2406 ποσὶ
283 2378 472 2412 διαϐιϐάσαι,ἢ
489 2377 583 2412 χιτῶσι
599 2376 791 2412 προστάγματι
806 2385 883 2411 περι-

97 2427 200 2453 στεῖλαι
214 2427 277 2458 τοὺς
293 2426 453 2461 δεομένους;
479 2424 559 2460 ῥῆξαι
572 2423 734 2459 άκρότομον,
751 2423 797 2449 καὶ
813 2422 882 2457 ὕδωρ

96 2473 230 2507 inﬁdam,
252 2470 385 2505 ἀνακόψαι
409 2470 441 2496 τὸ
463 2469 593 2505 Ἰορδάνου
619 2467 735 2503 ῥεῖθρον,
751 2467 798 2494 καὶ
821 2467 883 2494 λαὸν

95 2517 245 2551 διαγαγεῖν,
259 2516 276 2551 ἢ
302 2515 332 2542 τὸ
355 2515 457 2550 γυμνὸν
474 2513 634 2549 περιϐάλαι;
654 2512 788 2547 ἀνακόψαι
808 2512 880 2547 χοῦν,

96 2563 232 2599 νευρῶπαι
245 2563 291 2589 καὶ
319 2562 452 2597 ψυχῶσαι,
473 2561 490 2596 ἢ
505 2561 640 2596 ἁμφιάσαι
656 2559 686 2586 τὸ
699 2558 728 2591 ἐξ
742 2558 824 2585 αὐτοῦ
838 2558 881 2584 λο-

96 2611 173 2645 γικόν
183 2619 190 2644 ;

377 2699 500 2727 ΠΕΥΣΙΣ
519 2699 603 2726 ΡΝΓ¹.

131 2748 201 2776 Εἰπὲ
229 2745 276 2775 οὖν
291 2747 356 2783 ἡμῖν
369 2746 411 2778 τίς
424 2747 439 2772 ὸ
453 2745 548 2777 Θύσας,
568 2745 614 2772 καὶ
628 2744 653 2771 τί
668 2744 697 2770 τὸ
709 2744 787 2770 τυοὲν
802 2743 881 2775 ζῶον,

95 2795 126 2827 ἐξ
149 2792 181 2821 οὗ
209 2793 244 2820 τὰ
263 2792 395 2828 δέρματα,
413 2792 460 2818 καὶ
479 2791 521 2823 τίς
537 2792 551 2817 ὁ
570 2791 658 2826 βάψας
674 2790 770 2822 αὐτόνς
782 2790 813 2815 Ei

97 2842 158 2876 περὶ
171 2840 272 2867 mirum
283 2838 389 2874 ἀποδῷς
403 2838 450 2864 τὸν
462 2838 550 2872 λόγον,
568 2837 676 2872 ἀνάγκη
693 2837 766 2872 ἡμᾶς
784 2836 881 2871 μηκέτι

97 2889 149 2918 τοῖς
161 2887 236 2922 παρὰ
251 2886 297 2913 σοῦ
311 2885 467 2920 λεγομένοις
479 2883 631 2916 ἐνδοιάζειν.

1180 1229 1223 1257 Ex
1238 1237 1330 1259 saucio
1351 1232 1480 1260 Maximo.

974 1275 1199 1311 Quandoquidem
1210 1277 1367 1312 principalis
1376 1277 1421 1305 Dei
1431 1286 1529 1312 scopus
1539 1282 1608 1309 erat,
1617 1286 1668 1305 non
1680 1285 1726 1313 per

939 1322 1097 1357 conjugium
1111 1327 1139 1350 et
1151 1323 1354 1358 corruptionem
1364 1332 1413 1352 nos
1427 1325 1559 1359 generari,
1573 1330 1726 1359 transgres-

937 1369 980 1395 sio
1012 1373 1105 1395 autem
1135 1369 1294 1404 conjugium
1329 1370 1480 1397 introduxit
1511 1378 1517 1394 :
1543 1370 1604 1397 ideo
1631 1378 1726 1397 omnes

941 1414 989 1448 qui
1009 1422 1043 1441 ex
1062 1415 1166 1442 Adamo
1184 1415 1298 1449 subjecti
1316 1421 1380 1443 sunt
1398 1417 1476 1450 primi
1499 1417 1619 1450 parentis
1641 1417 1726 1443 nostri

939 1459 1170 1491 condemnatioui,
1191 1460 1217 1486 in
1234 1461 1424 1495 iniquitatibus
1443 1461 1644 1496 concipiuntur.
1660 1462 1725 1488 Illud

941 1509 1030 1532 autem
1043 1504 1074 1531 lu
1090 1506 1202 1539 peccatis
1211 1507 1327 1540 concepit
1339 1515 1379 1534 me
1391 1512 1475 1533 molcr
1488 1516 1555 1540 mea,
1565 1507 1643 1534 docet
1654 1508 1725 1541 quod

940 1551 1026 1585 prima
1054 1559 1151 1586 parens
1174 1553 1228 1579 Eva
1248 1552 1334 1586 prima
1351 1553 1536 1586 concupiverit
1551 1552 1724 1586 volutptatem.

940 1596 1084 1630 Propterea
1107 1602 1133 1624 rt
1155 1605 1203 1624 nos
1221 1597 1378 1624 dicimurin
1396 1598 1512 1632 peccatis
1534 1598 1650 1632 concipi,
1667 1603 1726 1625 t'n-

940 1650 1021 1677 quam
1040 1643 1114 1670 illius
1127 1642 1348 1670 condemnationi
1369 1644 1496 1677 subjecti.

1159 1687 1418 1716 INTERROGATIO
1437 1688 1513 1716 CLII.

974 1731 1043 1759 Num
1061 1733 1144 1768 igitur
1157 1733 1199 1760 vel
1218 1734 1354 1761 lanionem
1374 1734 1415 1761 vel
1435 1734 1582 1761 corianum
1594 1740 1725 1761 ueoemus

939 1778 1095 1806 existimare
1119 1778 1222 1812 Deum,
1247 1783 1277 1806 ut
1310 1779 1444 1806 Adamum
1459 1779 1584 1807 indueret
1606 1779 1725 1814 pelliceis

939 1824 1058 1851 tunicis?

1253 1871 1406 1907 Responsio.

985 1915 1082 1944 Merito
1103 1921 1130 1944 et
1146 1924 1197 1951 ego
1225 1925 1258 1944 ex
1281 1922 1307 1944 le
1326 1918 1498 1952 quaesierim,
1526 1919 1724 1946 contentiosis-

937 1962 1015 1994 sime,
1042 1962 1107 1997 quid
1132 1962 1218 1990 levius
1233 1969 1260 1990 et
1275 1962 1394 1991 facilius.
1413 1965 1512 1991 cadum
1532 1972 1565 1991 ex
1584 1966 1664 1999 aquis
1679 1965 1725 1992 ltr-

937 2015 1044 2039 niasse,
1060 2011 1161 2034 terram
1176 2015 1258 2042 super
1272 2008 1401 2044 abyssum
1423 2008 1570 2041 fundasse,
1586 2015 1613 2036 et
1634 2010 1719 2037 inlini-

936 2057 990 2079 tam
1006 2060 1105 2088 aquam
1131 2053 1158 2080 in
1175 2061 1256 2080 unam
1272 2055 1510 2090 congregationem
1527 2056 1660 2091 coegisse,
1678 2064 1723 2083 ra<

936 2098 1010 2126 tione
1050 2099 1228 2126 conveniente
1263 2107 1347 2126 unum
1385 2101 1526 2135 quodlibet
1555 2110 1703 2130 exornassc

935 2145 1017 2172 astris
1032 2145 1139 2180 quidem
1156 2145 1307 2173 illustrasse
1328 2146 1439 2180 ccelum,
1452 2148 1552 2182 plantis
1568 2153 1659 2175 autent
1674 2157 1706 2176 va

936 2191 1054 2226 riegasse
1073 2196 1184 2223 terram,
1199 2192 1364 2226 aquatilibus
1380 2193 1513 2220 scatur-ile
1528 2193 1624 2221 fecisse
1637 2203 1721 2227 mare,

935 2245 969 2264 an
1000 2237 1096 2271 pellent
1121 2242 1283 2266 connectere
1303 2243 1331 2266 et
1351 2243 1494 2274 contegere
1524 2241 1648 2267 nudum?
1671 2242 1722 2268 tiu~

937 2291 1000 2318 gere
1020 2283 1136 2317 animal,
1159 2289 1206 2310 aut
1229 2285 1347 2312 vestire?
1370 2293 1446 2312 mare
1463 2286 1549 2312 instar
1563 2290 1643 2313 terra:
1658 2294 1721 2320 pcr-

937 2328 1051 2355 meabile
1066 2327 1162 2355 fecisse
1180 2334 1326 2363 pracepto,
1339 2334 1366 2356 et
1381 2336 1510 2357 sexcenta
1526 2331 1646 2358 virorum
1660 2332 1722 2358 mil-

935 2374 970 2401 lia
993 2382 1055 2402 cum
1076 2375 1248 2407 mulieribus,
1266 2379 1293 2402 et
1315 2375 1408 2403 liberis
1435 2377 1516 2403 siccis
1535 2377 1647 2410 pedibus
1664 2382 1720 2404 tra-

934 2422 1056 2452 duxisse,
1085 2425 1133 2448 aut
1150 2422 1251 2448 tunicis
1268 2427 1403 2456 praecepto
1418 2424 1573 2449 contexisse
1596 2424 1720 2458 indigos‘.’

934 2467 1040 2500 rupisse
1053 2474 1160 2497 saxum,
1178 2472 1204 2494 et
1223 2475 1300 2501 aqua:
1324 2466 1425 2494 fontem
1445 2469 1608 2502 produxisse
1616 2470 1628 2495 ’ἒ
1650 2477 1720 2496 reso-

937 2520 1017 2539 casse
1035 2511 1164 2539 Iordanis
1184 2520 1309 2543 amnem.
1338 2513 1522 2548 populumque
1544 2514 1719 2548 perduxisse.

933 2564 980 2585 aut
1008 2559 1097 2586 nudos
1114 2559 1275 2593 operuisse?
1291 2559 1427 2593 pulverem
1449 2560 1539 2587 nervis
1554 2561 1680 2588 ﬁrmasse
1695 2568 1721 2588 et

932 2605 1079 2636 animasse,
1100 2612 1133 2631 an
1153 2612 1185 2630 ex
1200 2605 1311 2638 pulvere
1332 2605 1432 2631 factum
1454 2606 1569 2632 rationis
1583 2607 1720 2641 particeps

933 2651 1033 2678 animal
1050 2650 1212 2677 vestivisse?

1140 2695 1398 2723 INTERROGATIO
1417 2696 1505 2724 CLIII.

967 2742 1086 2770 Ostende
1102 2743 1184 2777 igitur
1204 2743 1294 2774 nobis,
1311 2750 1415 2777 quaso,
1435 2744 1496 2778 quis
1511 2743 1593 2771 fuerit
1615 2745 1660 2772 ille
1671 2748 1718 2780 qui

932 2788 1070 2817 mactavit,
1084 2792 1110 2815 et
1127 2788 1265 2822 quodnam
1283 2781 1429 2815 mactatifm
1445 2789 1556 2819 animal,
1574 2789 1643 2816 unde
1661 2792 1717 2824 pel--

933 2835 971 2862 Ics
987 2834 1107 2866 fuerunt,
1130 2839 1156 2862 ct
1176 2835 1238 2869 quis
1253 2835 1297 2862 ille
1309 2834 1355 2869 qui
1374 2842 1421 2862 eas
1434 2835 1590 2862 consuerit?
1610 2835 1676 2862 Nam
1693 2837 1716 2863 si

932 2881 966 2907 de
995 2881 1036 2907 bis
1058 2881 1190 2909 rationem
1210 2880 1377 2911 reddideris,
1395 2881 1577 2909 necessarium
1595 2882 1647 2909 crit
1668 2889 1717 2910 nos

933 2934 983 2954 non
1005 2926 1119 2962 amplius
1137 2927 1169 2954 de
1190 2927 1244 2954 tuis
1259 2927 1338 2955 dictis
1358 2927 1505 2962 ambigere.
