1907 3043
167 182 235 210 “07

482 246 636 282 Responsio.

201 290 342 319 Ostendite
363 292 446 328 igitur
469 298 497 320 et
516 301 565 322 vos
595 295 713 322 convivii
732 300 908 327 structorem,
933 301 959 324 et

172 337 296 365 animalia
324 343 454 371 mactata,
475 344 503 366 et
521 340 584 375 quis
599 348 696 368 eorum
712 349 845 371 numerus
858 343 960 378 quibus

169 384 284 412 celebris
300 384 344 412 ille
360 385 521 415 rubefactus
535 391 579 419 est
593 386 682 421 Nilus,
697 393 725 416 et
739 389 884 417 confestim
898 394 959 422 lane

170 434 226 456 tum
238 430 339 458 flumen
350 431 377 458 in
389 433 551 467 sanguinem
570 437 716 466 mutatum,
730 442 779 470 per
793 434 880 463 Deum
891 435 959 462 Mosi

168 475 317 508 obedicns,
337 477 383 504 ubi
399 482 530 512 praeterea
554 487 653 508 carnes
673 484 728 508 tam
747 480 887 509 immensae
901 489 959 508 uia-

168 522 296 550 ctatiouis
311 530 455 558 pecorum,
467 532 516 560 per
537 533 598 561 qua
616 526 642 553 in
665 527 827 562 sanguinem
849 528 960 563 naviga-

168 568 230 595 bilis
248 568 460 598 transformatus
474 577 516 599 est
529 572 639 600 amnis?
658 572 801 607 Quomodo
817 574 882 601 item
896 582 961 601 san-

167 619 229 642 ctus
245 620 273 642 ct
287 623 336 651 per
354 624 384 644 se
397 617 551 646 subsistens
577 618 657 646 vivus
678 618 767 652 Deus,
791 627 823 647 ac
840 619 960 647 Verbum

169 668 279 689 carnem
300 666 422 697 gestans.
443 667 470 690 et
487 671 537 698 pro
554 664 633 698 nobis
655 672 690 692 ex
717 670 896 693 monumento
918 673 961 693 re-

169 715 297 742 surgens,
321 708 348 736 in
370 708 431 744 ipso
450 709 554 744 relictis
577 710 755 743 indumentis,
774 715 886 739 nonest
909 720 961 739 nu-

168 753 221 780 dus
237 754 423 788 conspectus?
449 753 518 787 Quis
540 759 583 782 est
607 755 654 790 qui
674 755 804 790 praebeat,
825 755 872 791 qui
894 764 961 784 con-

168 804 242 831 suat,
260 799 324 833 quis
343 804 386 827 est
403 801 450 836 qui
471 801 612 841 cooperiat
629 802 833 837 cooperientem
852 804 962 830 univcr-

169 843 216 871 sa?
234 844 313 878 Quod
333 845 356 877 si
367 845 413 877 illa
430 853 479 881 per
496 846 618 874 divinam
630 848 689 882 ejus
702 848 851 877 adfuerunt
862 849 961 877 volun-

170 895 270 924 uitem,
297 891 444 921 credamus
465 893 547 921 etiam
571 894 675 928 primos
701 900 829 931 parentes
852 901 964 924 nostros

170 944 220 965 oer
231 938 300 965 hanc
313 938 428 972 amictqs
438 946 501 967 esse
513 939 645 974 pellibus;
661 948 715 968 non
723 941 797 970 enim
810 942 963 970 secundum

170 982 244 1010 illius
258 983 399 1026 vaniloqui
408 984 566 1027 opinionem
576 1006 584 1019 ,
595 993 711 1021 corpora
725 991 818 1015 nostra
830 995 870 1015 ea:
879 987 964 1023 pelles

170 1034 245 1059 sunt.
261 1029 363 1064 quibus
375 1035 521 1066 postquam
535 1031 570 1059 de
589 1032 681 1060 vetitis
695 1033 884 1067 eomederant,
899 1035 961 1062 ani-

171 1082 222 1102 mae
237 1076 415 1104 circumdatae
441 1082 523 1111 sunt;
552 1086 615 1105 nam
638 1083 702 1106 ante
722 1087 802 1107 esum
823 1085 851 1108 et
870 1085 962 1109 trans-

170 1121 340 1156 gressionem
364 1121 493 1151 formatio
513 1131 661 1158 corporum
686 1125 825 1161 descripta
847 1131 901 1159 est,
916 1128 963 1155 sed

170 1171 198 1193 et
211 1171 288 1194 costa
312 1167 339 1194 in
362 1167 505 1195 mulierem
520 1168 627 1197 Adamo
643 1168 715 1197 facta
729 1174 794 1198 ante
809 1175 964 1206 transgres-

171 1214 276 1240 sionem
294 1213 384 1242 ablata
399 1219 450 1249 est,
471 1222 533 1243 cum
549 1215 576 1243 in
591 1221 704 1251 experte
719 1218 844 1252 corporis
858 1223 963 1246 costam

171 1263 293 1287 statuere
309 1260 459 1293 absurdum
484 1262 530 1289 sit.
551 1262 618 1295 Quae
636 1263 700 1290 item
720 1265 872 1292 necessitas
891 1266 966 1301 ipsos

172 1306 260 1341 coegit
276 1306 350 1334 loliis
364 1306 406 1341 ﬁci
423 1309 542 1345 contegi,
556 1310 579 1337 si
596 1315 676 1337 erant
688 1311 860 1346 incorporei?

384 1354 488 1387 INTER
494 1355 647 1387 llOGATlO
661 1357 752 1391 ρων.

208 1399 248 1427 Ex
267 1408 366 1436 magno
389 1400 492 1429 Davide
515 1402 661 1437 discimus,
687 1404 795 1434 animas
821 1410 886 1433 ante
904 1414 966 1434 cor-

172 1452 239 1479 pora
255 1453 326 1474 esse.
346 1445 436 1482 lnquit
449 1447 523 1476 enim
538 1449 572 1476 ad
589 1448 675 1476 Deum
691 1457 697 1476 :
716 1450 815 1479 .ilauuc
828 1456 881 1478 tute
895 1453 965 1485 lece-

173 1497 235 1518 rum‘
258 1500 299 1519 me
316 1493 448 1526 minimam
464 1493 628 1530 intelligens)
644 1500 669 1525 et
684 1496 864 1530 [armaverunt
877 1506 917 1526 me
931 1499 964 1532 '°,

173 1539 286 1574 (corpus
303 1539 450 1574 videlicet).

495 1585 652 1621 Responsio.

207 1632 267 1661 Non
294 1633 384 1661 minor
407 1638 468 1661 erat
490 1633 592 1662 Davide
615 1642 731 1670 magnus
755 1635 801 1664 Ille
825 1636 912 1665 Jobus
938 1637 966 1665 in

173 1678 292 1713 justitia.
328 1687 417 1714 neque
443 1679 550 1708 minore
574 1685 669 1716 septus
688 1682 821 1716 potentia.
840 1682 965 1712 Celebris

175 1725 248 1751 enim
263 1728 291 1751 et
307 1724 352 1752 hic
369 1732 415 1752 rex
438 1724 500 1758 fuit,
520 1731 548 1753 et
565 1734 614 1761 par
630 1727 656 1754 ei
676 1735 738 1755 cum
765 1727 867 1756 Davide
886 1729 967 1764 justi-

176 1770 221 1797 tiaa
248 1770 428 1806 veritatisque
457 1772 644 1800 testimonium
671 1782 686 1801 a
718 1773 772 1801 Deo
799 1775 966 1809 perhibitum

174 1818 332 1854 est..Atltic
340 1824 376 1846 att
392 1819 425 1847 ad
443 1819 527 1848 Deum
544 1828 551 1846 :
570 1819 664 1847 Manus
682 1826 734 1848 tum
745 1821 864 1856 fecerunt
879 1830 920 1849 me
933 1823 966 1850 ".

176 1864 210 1892 Et
230 1873 329 1894 rursus
350 1874 356 1892 :
383 1865 514 1894 Memento
537 1868 607 1902 quod
628 1867 715 1894 intum
734 1877 774 1895 me
793 1869 918 1903 formasti
932 1870 966 1896 “.

176 1911 247 1940 Num
259 1912 341 1948 igitur
356 1918 498 1948 propterea
509 1914 583 1949 quod
604 1914 695 1949 priore
706 1914 766 1942 loco
783 1915 895 1950 ponitur
909 1916 966 1943 for-

176 1959 273 1989 matio.
291 1959 415 1987 dicemus
430 1965 494 1988 ante
506 1960 625 1988 animam
643 1968 744 1996 corpus
759 1961 838 1989 esse?
852 1966 900 1990 aut
910 1962 968 1989 t‘or-

176 2004 307 2032 mationis
328 2005 363 2032 ab
387 2005 448 2040 ipso
472 2005 610 2033 mentione
634 2005 723 2038 facta,
745 2010 773 2033 et
790 2005 897 2034 factura
913 2014 968 2034 nou

177 2052 280 2083 addita,
299 2052 359 2080 ideo
374 2051 464 2086 ipsum
480 2051 632 2079 inanimum
645 2051 786 2084 dicemus,
804 2052 846 2078 vel
868 2051 969 2079 aliter?

177 2097 404 2132 Quandoquidem
426 2097 515 2132 inquit
529 2096 618 2125 Moses
635 2097 747 2127 divinus
762 2097 807 2125 ille
819 2098 968 2125 ereationis

176 2142 341 2177 descriptor,
365 2141 438 2176 quod
461 2147 573 2177 accepto
594 2141 666 2169 Deus
690 2142 802 2177 pulvere
821 2147 900 2170 terra:
915 2142 968 2170 for-

177 2189 295 2218 tnaverit
312 2188 463 2220 hominem,
474 2193 502 2216 et
513 2196 568 2215 non
583 2188 690 2216 addidit
705 2189 778 2224 quod
795 2189 889 2216 eadem
901 2189 967 2217 hora

177 2241 206 2264 et
231 2240 369 2263 momento
388 2234 477 2269 ipsum
497 2234 653 2269 perfecerit,
679 2243 746 2262 num
765 2235 868 2263 idcirco
891 2235 969 2270 prius

177 2281 287 2316 quidem
312 2281 451 2308 exstitisse
478 2281 624 2313 verticem,
652 2282 713 2309 loco
734 2281 856 2309 secundo
877 2287 968 2309 autem

178 2329 285 2361 oculos,
303 2327 384 2355 tertio
402 2327 520 2358 collum,
535 2331 563 2354 et
580 2331 718 2361 postremo
732 2326 842 2354 tandem
856 2327 927 2354 talos
943 2332 972 2355 et

179 2375 263 2410 pedes
278 2373 455 2410 putabimus?
469 2374 601 2409 Apagesis
618 2381 681 2401 cum
703 2373 838 2408 ejusmodi
862 2374 970 2402 delirio.

182 2419 258 2447 Unde
277 2419 351 2447 enim
368 2419 500 2451 sciemus,
513 2419 587 2454 quod
605 2427 659 2447 non
676 2427 691 2446 a
705 2419 805 2453 plantis
819 2424 867 2446 aut
880 2419 970 2455 lingua

180 2474 261 2492 ursus
278 2465 314 2492 sit
338 2469 461 2492 tinstram
477 2464 645 2491 creationem
669 2463 790 2499 optimus
811 2468 839 2491 et
861 2463 971 2498 sapien-

181 2513 306 2540 tissimus
325 2511 423 2539 artifex
438 2510 529 2538 Deus?

398 2556 658 2585 lNTERROGATlO
677 2556 754 2584 CLV.

216 2604 275 2637 Qua
293 2605 319 2631 in
341 2612 370 2631 rc
386 2604 434 2631 tibi
450 2604 558 2631 videtur
572 2603 656 2631 homo
670 2612 732 2631 esse
752 2604 840 2631 factus
856 2605 889 2631 ad
904 2604 973 2631 inta-

181 2650 271 2683 giuem
291 2649 359 2676 Dei?
384 2648 454 2676 Num
473 2649 500 2676 iu
516 2650 619 2682 anima,
640 2654 770 2684 tanquam
791 2649 888 2684 spiritu
903 2654 930 2676 et
945 2657 974 2676 re

181 2695 383 2730 itiaspectabili,
400 2704 434 2723 an
455 2696 480 2722 iu
501 2703 616 2729 corpore
632 2688 773 2730 multiplex
791 2697 852 2723 est?

497 2742 652 2777 Responsio.

219 2790 247 2818 In
273 2794 383 2820 neutro,
398 2793 578 2823 prteterquam
602 2788 630 2814 in
644 2787 742 2815 anima:
757 2788 973 2816 immortalitate.

184 2836 251 2863 Etin
267 2843 311 2868 eo,
327 2834 399 2870 quod
414 2834 543 2862 omnibus
556 2833 731 2861 dominatur:
747 2841 834 2868 neque
846 2839 936 2862 tamen
948 2835 974 2861 in

184 2882 228 2909 his
239 2881 322 2907 etiam
338 2885 429 2907 servat
443 2884 565 2907 exactam
582 2879 616 2906 ad
633 2878 885 2916 Deumqualitatem
897 2885 923 2908 et
938 2881 975 2908 si-

224 2947 495 2982 "i‘sal.cxvtn,75.
536 2946 658 2982 “Jobs,
672 2948 697 2975 8.
739 2947 835 2976 “ibid.
857 2948 883 2975 9.

715 187 745 215 S.
760 187 912 216 CAESAR"
930 186 1094 216 GREGOIllI
1115 188 1268 218 FBATRIS

1740 184 1819 214 “09

1321 249 1504 283 Ἀπόκρισις.

1049 295 1158 328 Δείξατε
1169 293 1215 322 οὖν
1241 295 1288 322 καὶ
1301 294 1380 330 ὑμεῖς
1394 294 1440 320 τὸν
1464 292 1624 328 δαιτυμόνα,
1644 291 1697 319 καὶ
1711 293 1750 320 τά
1759 299 1817 318 τυ-

1014 341 1094 368 θέντα
1108 340 1177 373 ζῶα,
1202 341 1249 374 καὶ
1265 340 1307 373 τίς
1335 341 1350 367 ὸ
1375 339 1493 376 ἀριθμὸς
1507 338 1596 366 αὐτῶν
1607 346 1614 355 ·
1627 338 1658 370 ἐξ
1674 336 1713 367 ὢν
1725 337 1815 365 66m.-

1014 387 1112 423 ϐόητος
1125 387 1298 421 πεφοινικται
1317 386 1425 419 Νεῖλος,
1440 386 1487 412 καὶ
1509 384 1615 420 ἀθρόως
1632 384 1664 411 τὸ
1686 384 1815 411 τοιοῦων

1014 433 1105 470 ῥεῦμα
1119 434 1159 464 εἰς
1173 429 1244 468 αἷμα
1267 433 1396 468 μετέστη,
1408 431 1453 459 διὰ
1468 430 1537 458 Θεοῦ
1552 431 1592 466 τῷ
1612 430 1701 466 Μωσῇ
1715 429 1815 457 mea.
1859 454 1866 465 τ

1016 487 1114 514 μενον;
1131 479 1185 506 Ποῦ
1200 479 1235 506 τὰ
1257 479 1325 514 κρέα
1338 478 1389 514 τῆς
1405 477 1520 513 ἀπείρου
1543 476 1758 512 κτηνοσφαγίας,
1773 476 1815 503 δι’

1013 522 1052 552 ὧν
1063 525 1103 557 είς
1118 523 1188 559 αἷμα
1199 524 1230 551 τὸ
1252 523 1414 560 ναυσιπόρον
1431 523 1535 558 μετέφυ
1550 522 1679 559 ῥεῖθρον;
1701 522 1766 553 Πῶς
1779 521 1815 549 δὲ

1015 571 1063 598 καὶ
1075 571 1090 598 ό
1109 571 1187 605 ἅγιος
1208 570 1256 597 καὶ
1270 569 1487 603 αὑθυπόστατος,
1503 569 1557 601 ζῶν
1573 567 1708 601 Θεὸς,καὶ
1721 567 1815 602 Λόγος

1015 616 1204 652 σαρκοφορῶν,
1220 616 1267 642 καὶ
1288 616 1321 642 ὲκ
1341 615 1388 642 τοῦ
1405 615 1477 650 ὑπὲρ
1495 613 1573 650 ἡμῶν
1592 614 1679 648 τάφου
1697 612 1815 640 ἀνιστάτ

1015 671 1106 698 μενος,
1121 663 1150 689 ἐν
1166 661 1242 697 αὐτῷ
1264 661 1431 694 καταλείψας
1461 660 1497 688 τὰ
1518 660 1610 696 ἄμφια
1622 680 1630 692 ,
1653 659 1684 686 οὐ
1702 658 1814 694 γυμνὸς

1012 708 1124 744 ὡράθη;
1137 708 1207 740 Τίςό
1218 707 1438 743 παρασχόμενος,
1447 706 1489 738 τίς
1502 707 1517 733 ὁ
1528 705 1628 741 ράψας,
1640 705 1682 737 τίς
1696 706 1711 731 ὁ
1726 713 1815 741 περι-

1014 754 1105 782 ϐαλὼν
1118 754 1164 782 τὸν
1191 753 1335 789 περίϐολον
1358 753 1405 780 τοῦ
1423 752 1543 785 παντόςς
1567 752 1598 778 El.
1617 751 1646 778 δὲ
1667 750 1756 778 ταῦτα
1768 749 1814 785 τῷ

1014 803 1080 838 Θειῳ
1099 801 1183 828 αὐτοῦ
1208 800 1371 837 παρυπέστη
1395 798 1558 834 βουλήματι,
1582 797 1739 833 πεισθῶμεν
1760 798 1814 824 καὶ

1013 849 1077 880 τοὺς
1093 847 1271 884 προπάτορας
1283 845 1362 882 ἡμῶν
1374 845 1463 880 τούτῳ
1477 843 1675 880 περιϐληθῆναι
1689 843 1739 875 τὰς
1751 843 1814 880 5gp-

1016 895 1092 930 ρεις·
1123 894 1155 921 οὐ
1182 892 1238 928 γὰρ
1262 892 1334 918 κατὰ
1357 891 1403 918 τὸν
1424 890 1613 925 είκαιολέσχην
1625 888 1662 916 τὰ
1693 888 1814 924 σώματα

1014 940 1129 976 ἡμῶναι
1143 940 1251 976 δέρρεις
1267 939 1447 974 ὑπάρχουσιν,
1462 937 1496 969 ἃς
1511 937 1579 972 μετὰ
1591 936 1623 963 τὸ
1632 935 1740 962 ἒδεσθαι
1754 935 1813 961 τῶν

1014 987 1247 1023 ἀπηγορευμένων
1265 986 1295 1012 at
1322 985 1407 1021 ψυχαὶ
1422 983 1579 1019 περιέθεντο
1590 991 1598 997 ·
1617 982 1671 1018 πρὸ
1687 982 1743 1018 γάρ
1758 982 1812 1017 τῆς

1016 1033 1145 1070 βρώσεως
1174 1033 1222 1060 καὶ
1246 1034 1297 1068 τῆς
1316 1030 1512 1067 παραϐάσεως,
1536 1030 1554 1064 ἡ
1571 1028 1670 1060 πλάσις
1683 1027 1739 1054 τῶν
1756 1036 1812 1054 σω-

1016 1081 1109 1117 μάτων
1119 1079 1338 1116 ἀναγέγρατιται,
1353 1077 1421 1105 ἀλλά
1433 1077 1483 1113 τὴν
1496 1075 1618 1112 πλευρὰν
1632 1075 1672 1108 είς
1690 1075 1812 1109 γυναῖκα

1015 1129 1030 1154 ό
1049 1127 1135 1162 ’Δδὰμ
1151 1126 1205 1162 πρὸ
1218 1126 1268 1162 τῆς
1276 1123 1461 1161 παραϐάσεως
1475 1121 1615 1160 ἀφῃρέθη·
1635 1121 1682 1148 ἐπὶ
1695 1120 1725 1154 δὲ
1734 1121 1810 1148 ἀσω-

1016 1174 1103 1210 μάτου
1128 1171 1248 1208 πλευρὰν
1274 1170 1389 1202 ἀπεικὸς
1403 1168 1519 1196 οἴεσθαι.
1541 1168 1589 1200 Τίς
1604 1168 1626 1194 δ’
1651 1167 1746 1198 αὐτοῖς
1761 1167 1810 1199 καὶ

1015 1220 1122 1256 ἀνάγκη
1135 1218 1223 1255 φῦλλσ.
1237 1218 1322 1253 συκῆς
1331 1215 1588 1253 περιϐεϐλῆσθαι,εἰ
1598 1214 1724 1250 ὑπῆρχον
1735 1212 1808 1241 ἀσώ-

1017 1276 1097 1303 ματοι
1113 1278 1120 1301 ;

1296 1356 1422 1384 ΠΕΥΣΙΣ
1441 1355 1527 1384 ΡΝΔ’.

1057 1406 1105 1434 Ἐκ
1124 1405 1172 1433 τοῦ
1200 1404 1318 1441 μεγάλου
1342 1402 1425 1432 Δαϐὶδ
1447 1401 1632 1437 μανθάνομεν,
1655 1398 1704 1431 τὰς
1720 1397 1810 1433 ψυχὰς

1016 1449 1236 1486 προγενεστέρας
1258 1447 1394 1484 ὑπάρχειν
1419 1446 1474 1473 τῶν
1496 1445 1641 1481 σωμάτων.
1658 1443 1742 1477 Λέγει
1757 1442 1812 1478 γὰρ

1017 1496 1085 1532 πρὸς
1097 1495 1173 1528 Θεὸν,
1189 1496 1224 1522 Al
1241 1493 1339 1529 χεῖρές
1355 1501 1414 1521 σου
1432 1490 1584 1526 ἐποίησάν
1592 1499 1631 1525 με
1645 1489 1706 1524 (τὴν
1722 1488 1812 1524 ψυχὴν

1017 1541 1115 1577 λέγων)
1130 1540 1180 1568 καί
1193 1539 1335 1568 ἐπλασὼν·
1345 1547 1384 1574 με
1399 1538 1439 1574 (τὺ
1451 1537 1533 1574 σῶμα
1547 1535 1692 1572 δηλονότι).

1327 1586 1504 1620 Ἀπόκρισις.

1053 1633 1110 1669 Οὐχ
1121 1633 1215 1672 ᾖττων
1226 1632 1273 1659 τοῦ
1290 1631 1373 1658 Δαϐὶδ
1386 1631 1401 1657 ὁ
1421 1630 1509 1666 μέγας
1526 1628 1587 1656 Ἰὼϐ
1600 1629 1630 1655 ὲν
1641 1627 1814 1672 δικαιοσένῃ,

1017 1678 1072 1706 οὐδ’
1092 1669 1130 1704 ἐν’
1142 1677 1273 1714 περιϐολῇ
1290 1675 1431 1711 δυνάμεως
1442 1673 1588 1710 ’βασιλεὺς
1605 1672 1659 1709 γὰρ
1673 1672 1722 1699 καὶ
1734 1669 1814 1703 οὗτος

1017 1723 1221 1760 διαθρὺλλητος,
1235 1723 1283 1749 καὶ
1299 1723 1346 1749 ῐσα
1359 1721 1398 1756 τῷ
1414 1719 1475 1756 Θεῷ
1490 1720 1555 1755 περὶ
1568 1718 1743 1754 δικαιοσύνης
1765 1717 1815 1745 καὶ

1017 1771 1146 1807 ἀληθείας
1158 1771 1210 1797 ὑπὸ
1220 1769 1288 1797 Θεοῦ
1306 1767 1540 1805 μαρτυρούμενος.
1556 1767 1625 1802 Φησὶ
1639 1765 1668 1793 δὲ
1684 1765 1724 1801 τῷ
1742 1765 1814 1800 Θεῷ,

1018 1818 1053 1844 Δί
1070 1815 1231 1851 χεῷἐςσου
1247 1814 1399 1849 ἐποίησάν
1403 1822 1456 1849 με·
1473 1813 1522 1840 καὶ
1538 1812 1631 1844 πάλιν,
1654 1811 1816 1846 Μνήσθητι

1019 1862 1064 1889 ὅιι
1088 1861 1189 1896 πηλόν
1209 1869 1248 1896 με
1277 1860 1427 1893 ἔπλασας.
1442 1857 1506 1894 'Ap‘
1517 1855 1564 1885 οὖν
1578 1856 1655 1893 παρὰ
1668 1857 1749 1884 τοῦτο
1764 1857 1816 1892 τῆς

1019 1909 1148 1940 πλάσεως
1177 1906 1378 1944 προταγείσης,
1402 1905 1518 1942 ἐροῦμεν
1550 1904 1741 1940 προϋπάρχειν
1763 1903 1816 1938 τῆς

1018 1955 1107 1990 ψυχῆς
1117 1954 1149 1981 τδ
1161 1953 1243 1988 σῶμα
1253 1953 1286 1989 ςῆ
1300 1950 1333 1980 αὖ
1347 1952 1440 1983 πάλιν,
1454 1951 1505 1987 τῆς
1516 1951 1643 1982 πλάσεως
1652 1950 1719 1985 παρ’
1730 1947 1814 1976 αὑτοῦ

1020 2000 1161 2037 ῥηθεισης,
1175 1999 1225 2034 τῆς
1238 1999 1268 2028 δὲ
1285 1999 1423 2035 ποιήσεως
1437 1997 1468 2024 οὐ
1488 1996 1698 2033 προστεθείσης,
1710 1995 1816 2030 ἄψυχον

1019 2047 1097 2083 παρὰ
1112 2045 1192 2077 τοῦτο
1211 2045 1328 2081 ἐροῦμεν
1345 2044 1436 2077 αὑτὸν,
1456 2043 1558 2079 ἑτέρως
1578 2051 1626 2076 τες
1648 2041 1725 2069 Ἐπεί
1749 2049 1816 2076 φησι

1019 2092 1148 2127 Mue-71:6
1161 2092 1232 2124 θεῖος
1245 2092 1421 2127 συγγραφεὺς
1437 2090 1486 2125 τῆς
1502 2090 1628 2121 κτίσεως,
1644 2088 1701 2116 Καὶ
1714 2088 1817 2115 ,λαϐὼν

1021 2140 1038 2166 d
1051 2138 1121 2171 Θεὸς
1137 2137 1214 2173 χοῦν
1232 2137 1293 2167 ἀπὸ
1305 2136 1361 2177 τῆς
1371 2136 1437 2172 γῆς,
1451 2137 1568 2164 ἔπλασε
1581 2135 1634 2162 τὸν
1646 2135 1815 2169 ἄνθρωπον·

1023 2186 1070 2213 καὶ¹
1084 2185 1135 2212 οὐκ
1164 2185 1315 2220 ἐπήγαγεν,
1331 2184 1373 2211 ὅτι
1387 2183 1492 2220 αὐθωρὶ
1517 2183 1566 2210 καὶ
1587 2183 1616 2209 ἐν
1639 2182 1735 2218 ἀτόμῳ
1757 2181 1816 2209 ὅλον

1024 2231 1104 2259 αὑτὸν
1117 2232 1173 2267 ἀπή
1179 2239 1266 2267 ρτισεξ
1283 2230 1471 2266 προῠπάρχειν
1481 2230 1531 2266 μὲν
1544 2229 1594 2265 τὴν
1609 2228 1744 2265 κορυφὴν,
1758 2228 1816 2255 δευ-

1022 2277 1143 2313 τερεύειν
1156 2277 1186 2303 δὲ
1201 2277 1252 2310 τὰς
1275 2277 1362 2312 δψεις,
1373 2275 1509 2312 τριτεύειν
1530 2275 1559 2304 δὲ
1576 2275 1623 2302 τὸν
1642 2275 1756 2310 αὐχένα,
1771 2275 1816 2301 καὶ

1023 2325 1211 2362 μεθυπάρχειν
1222 2325 1257 2352 τὰ
1281 2324 1373 2360 σφυρὰ
1390 2324 1438 2352 καὶ
1458 2323 1508 2355 τὰς
1524 2323 1628 2359 βάσεις,
1647 2322 1724 2358 παρὰ
1735 2321 1815 2349 τοῦτο

1021 2371 1183 2407 νοήσωμεν;
1201 2371 1310 2404 ’Λπαγε
1328 2369 1379 2405 τῆς
1400 2369 1551 2405 φλυαρίαςῑ
1569 2368 1651 2395 πόθεν
1674 2368 1730 2403 γὰρ
1744 2368 1815 2394 εἰσόο

1024 2418 1104 2454 μεθα,
1130 2418 1172 2445 ὅτι
1196 2417 1247 2444 οὐκ
1269 2416 1324 2444 ἀπὺ
1345 2416 1402 2443 τῶν
1425 2415 1581 2452 πελμάτων,
1594 2415 1612 2450 ἦ
1630 2415 1680 2450 τῆς
1694 2414 1814 2449 γλώττης

1023 2463 1125 2500 ήρξατο
1138 2464 1216 2500 ἡμῶν
1240 2463 1290 2498 τῆς
1315 2462 1498 2498 δημιουργίας
1518 2463 1534 2489 ό
1556 2461 1749 2497 ἁριστότεχνος
1770 2460 1814 2487 καὶ

1024 2511 1161 2545 πάνσοφος
1174 2509 1241 2541 Θεός
1254 2517 1261 2541 ;

1307 2555 1432 2582 ΗΕΥΣΙΣ
1444 2554 1531 2584 PNE’.

1066 2604 1110 2630 Ἐν
1124 2604 1177 2630 Ιτίνι
1194 2611 1236 2629 σοι
1250 2603 1325 2630 δοκεί
1340 2602 1371 2629 τὸ
1385 2603 1444 2628 κατ’
1462 2601 1555 2627 εἰκόνα
1571 2600 1640 2626 Θεοῦ
1657 2599 1731 2635 ἔχειν
1744 2600 1759 2626 ό
1773 2600 1816 2627 ἄν·

1025 2650 1134 2685 θρωπος
1147 2658 1155 2682 ;
1176 2650 1219 2677 'Ev
1233 2651 1267 2685 τῇ
1278 2650 1351 2684 ψυχῇ
1368 2650 1406 2681 ὡς
1421 2647 1529 2683 πνεῦμα
1553 2646 1623 2683 οὔσῃ
1640 2646 1688 2672 καὶ
1700 2646 1815 2681 ἀοράτῳ,

1025 2697 1041 2732 ἥ
1055 2697 1085 2724 ἐν
1098 2696 1138 2732 τῷ
1152 2695 1258 2732 σώματι
1273 2695 1462 2731 πολυπλασίᾳ;

1334 2742 1498 2776 Ἀπόκρισις
1503 2759 1511 2767 .

1067 2790 1112 2816 Ἐν
1122 2788 1267 2824 οὐδετέρῳ,
1292 2787 1362 2823 πλὴν
1389 2788 1418 2813 ἐν
1436 2786 1475 2821 τῷ
1493 2785 1622 2821 ἀθανάτῳ
1644 2785 1694 2819 τῆς
1719 2784 1814 2820 ψυχῆς,

1026 2836 1073 2863 καὶ
1085 2836 1114 2862 ἐν
1126 2835 1166 2870 τῷ
1178 2834 1288 2861 πάντων
1300 2835 1396 2869 ἄρχειν
1410 2833 1490 2860 αὐτόν
1498 2842 1505 2848 ·
1520 2832 1574 2859 οὐδ’
1587 2833 1617 2859 ὲν
1630 2832 1737 2863 τούτοις
1755 2831 1813 2867 μέν·

1029 2890 1068 2909 τοι
1080 2881 1161 2914 σώζει
1192 2880 1242 2916 τὴν
1268 2881 1370 2916 ἀκριϐῆ
1398 2880 1464 2916 πρὸς
1482 2879 1514 2906 τὸ
1534 2879 1613 2906 Θεῖον
1642 2879 1755 2913 ἰσότητα
1772 2878 1813 2906 καὶ
