1907 3043
82 187 157 215 1109

81 246 218 277 ὁμοίωσιν
227 253 235 260 ·
247 244 333 280 ἄμφω
342 243 397 279 γὰρ
407 241 514 274 κτιστὰ,
529 242 547 278 ἦ
560 250 590 268 τε
604 241 678 277 ψυχὴ
691 240 738 268 καὶ
747 240 777 267 τὸ
788 240 879 276 σῶμα,

82 291 132 317 καὶ
150 289 267 317 σύνθετα
281 290 315 324 τῇ
335 289 403 325 πρὸς
415 288 517 324 ἄλληλα
528 287 659 324 συναφείᾳ
672 288 719 314 καὶ
737 287 879 323 κοινωνίᾳ·

83 336 213 362 σδνθέσει
229 335 258 362 δὲ
271 335 380 366 πάντως
394 334 490 361 ἕπεται
507 334 658 366 διάστασις,
673 334 721 360 καὶ
734 333 879 369 διαίρεσις’

83 382 117 408 τὸ
131 382 161 409 δὲ
178 381 257 407 Θεῖον
283 380 430 408 ἀσύνθετον
461 380 579 415 ὑπάρχει
594 380 642 406 καὶ
660 379 823 415 ἀδιαίρετον,
835 378 883 406 καὶ

85 427 304 463 ἀσχημάτιστον,
318 427 384 453 αὐτὸ
397 426 439 460 ἐφ’
456 425 552 452 ἑαυτοῦ
569 425 659 461 μένον,
674 426 721 452 καὶ
733 426 777 453 ἀεὶ
789 424 881 452 ὡσαύ-

87 483 143 504 τως
160 474 232 509 ἔχον.
244 473 303 500 οὐδ’
319 471 352 500 αὖ
370 472 451 499 πάλιν
459 473 488 499 ὲν
504 472 543 508 τῷ
553 471 659 508 ἀρχικῷ
675 471 755 504 σώζει
772 471 840 507 πρὸς
852 471 883 498 τὺ

88 517 245 555 ἀρχέτυπον
267 520 317 555 τῆς
341 518 446 550 εἰκόνος
469 518 519 553 τὴν
541 518 680 553 ὁμοίωσιν.
700 517 737 544 Οὺ
756 517 811 553 γὰρ
827 517 883 543 ἰσο-

89 566 173 601 ιλεὴς
193 565 232 601 τῷ
247 565 415 601 ἐγχειροῦντι
444 566 458 591 ὁ
479 564 669 600 κομιζόμενος.
697 564 727 590 Ὀ
756 563 806 599 μὲν
829 563 883 599 γὰρ

60 638 63 640 _
90 609 231 645 παρέχων,
247 608 397 644 ἀπροσδεὴς
421 607 538 643 ὑπάρχει
561 607 669 639 πάντως
682 603 713 633 οὗ
729 601 881 642 παρέσχεν·

89 657 104 681 ὁ
119 655 148 680 δὲ
160 653 358 688 ὑποδεξάμενος
364 652 454 688 ἐνδεὴς
463 653 581 688 ὑπάρχει
587 652 687 691 παντὸς
695 652 742 679 τοῦ
750 652 882 683 δοθέντος.

91 701 149 726 Καὶ
163 699 177 726 ό
193 700 241 735 μὲν
254 700 329 734 παρὰ
354 698 421 726 Θεοῦ
435 698 490 725 τῶν
504 698 654 725 συνδούλων
670 698 765 734 ἄρχειν
778 697 863 732 ἐτάγη
875 705 883 713 ’

91 745 107 770 ὸ
123 745 152 771 δὲ
163 745 230 777 Θεὸς
241 744 427 780 παρόὺδενὺς,
436 744 613 780 αὐτοκράτωρ
624 753 654 771 τε
667 745 715 772 καὶ
729 742 884 779 παντοκρά-

91 798 151 824 τωρ
166 790 308 825 ὑπάρχων.

371 882 498 909 nem:
515 882 610 916 ΡΝεῖν.

140 928 208 955 Ἀλλ’
223 928 340 956 ἕκαστον
357 927 417 955 καθ’
432 927 512 954 ἑαυτδ
525 928 673 963 οκόπησον¹
691 929 741 964 τήν
753 936 783 955 τε
796 927 887 964 ψυχὴν

98 975 171 1007 ἰδίως
183 994 191 1006 ,
208 975 256 1001 καὶ
268 974 348 1010 σῶμα
367 974 469 1011 ἑτέρως
484 982 492 990 ’
509 974 558 1001 καὶ
573 974 674 1006 ἀπόδος
690 975 758 1010 ἡμῖν
772 970 833 1008 ὲνῷ
848 975 887 1001 δο-

96 1021 154 1052 κείς
162 1019 194 1046 τὸ
204 1020 264 1046 κατ’
275 1019 366 1046 εἰκόνα
378 1018 455 1046 Θεοῦ.

405 1097 590 1132 Ἀπόκρισις.

132 1142 285 1180 οὐδέτερον
301 1143 346 1170 τοῦ
367 1144 461 1180 ἑτέρου
479 1144 619 1180 διακριθὲν
635 1144 754 1180 ὑπάρχει
769 1144 868 1180 βροτὸς
879 1164 887 1177 ,

99 1187 117 1226 ᾖ
144 1190 195 1225 μὲν
217 1190 273 1225 γὰρ
297 1191 422 1225 πνεῦμα,
450 1190 501 1217 οὐκ
518 1190 676 1226 ἅνθρωπος·
733 1190 762 1217 δὲ
784 1191 888 1226 πηλὸς,

100 1237 198 1271 ἄλογος
211 1237 259 1264 καὶ
271 1236 435 1272 ἀναίσθητος
445 1245 453 1252 ·
469 1236 500 1268 ἐξ
511 1237 612 1272 ἀμφοῖν
622 1237 651 1264 δὲ
664 1234 706 1268 εἷς
718 1236 890 1264 ἀποτελεῖται

103 1283 198 1318 βροτός
210 1291 217 1298 ·
234 1283 281 1310 καὶ
295 1284 312 1318 ἡ
327 1283 377 1319 μὲν
389 1281 529 1310 ἀλλοιώσει
545 1283 592 1310 καὶ
606 1285 721 1318 τροπαῖς
736 1283 890 1315 ὑπόκειται,

100 1327 135 1354 τὰ
155 1327 480 1363 μὲνίλὲπιλανθανομένη,
499 1327 534 1354 τὰ
559 1327 588 1353 δὲ
611 1327 838 1362 μνημονεύουσα.
861 1328 890 1354 ὲν

102 1373 220 1410 ἀφθονίᾳ
231 1374 403 1409 πραγμάτων
413 1372 581 1409 γαννυμένη,
595 1373 644 1399 καὶ
655 1373 787 1410 βλοσυρὸς
801 1373 891 1409 ὑπάρ-

103 1428 198 1455 χουσα,
216 1419 388 1456 ποτνιωμένη
402 1419 431 1446 δὲ
450 1419 497 1446 καὶ
513 1418 676 1455 σκυθρωπὸς
694 1420 723 1446 ὲν
739 1419 838 1455 ἐνδείᾳ,
852 1419 891 1455 πὴ

105 1465 156 1501 μὲν
179 1465 285 1501 σεμνὰ,
307 1465 346 1500 πὴ
368 1465 398 1492 δὲ
414 1465 553 1492 ἀκόλαστα
570 1465 751 1501 λογιζομένη,
778 1464 826 1492 νῦν
843 1465 892 1501 μὲν

102 1511 205 1545 δίκαια,
223 1511 272 1538 νῦν
291 1510 320 1538 δὲ
333 1511 413 1539 ἄδικα
426 1511 632 1547 προαιρουμένη
643 1530 651 1543 ,
666 1510 715 1538 νῦν
731 1511 781 1547 μὲν
796 1510 893 1546 φιλάν-

104 1556 214 1593 θρωπος
226 1575 234 1589 ,
256 1556 304 1583 νῦν
325 1556 354 1584 δὲ
374 1556 560 1592 ἀπάνθρωπος
576 1557 707 1592 γινομένη
718 1577 726 1590 ,
748 1557 778 1585 ἐν
795 1557 894 1592 ἀκαρεῖ

103 1601 270 1637 ὀργιζομένη
281 1621 288 1634 ,
309 1602 356 1628 καὶ¹
377 1602 406 1628 ὲν
426 1601 521 1637 ἀτόμῳ
537 1601 713 1638 ἡμερουμένη
724 1621 733 1635 ,
749 1603 893 1637 μερισμοῖς

104 1648 152 1674 καὶ
176 1647 340 1683 μεταὸολαῖς
355 1647 523 1680 ὑπείκουσα,
545 1647 638 1679 καθώς
652 1655 735 1683 φησιν
755 1648 770 1674 ὁ
792 1647 894 1683 ὑψηλὸς

110 1693 287 1726 Ἀπὸστολος,
303 1694 452 1730 διαρρήδην
462 1693 548 1729 βοῶν·
558 1693 624 1722 Ζῶν
637 1693 693 1729 τὰρ
706 1695 723 1721 ὁ
738 1695 830 1728 λόγος
839 1693 895 1723 τοῦ

106 1739 182 1767 Θεοῦ
198 1739 249 1766 καί
270 1739 395 1773 ἐνεργής
407 1759 415 1771 ,
439 1738 490 1766 καὶ
504 1738 668 1774 τομώτερος
693 1738 769 1773 ὑπὲρ
790 1737 895 1767 πᾶσαν

103 1785 255 1820 μάχαιραν
276 1784 431 1820 δΙστομον,
456 1784 507 1811 καὶ
528 1785 736 1819 διικνούμενος
754 1784 824 1819 ἄχρι
843 1793 896 1820 με-

104 1831 340 1866 ρισμοῦψυχῆς
364 1831 414 1859 καὶ
431 1832 611 1865 πνεύματος,
643 1831 693 1858 καί
713 1830 896 1865 διακριτικὸς

106 1876 303 1910 ἐνθυμήσεων
322 1876 371 1902 καὶ
391 1875 541 1903 διανοιῶν.
556 1875 620 1907 Πῶς
638 1873 684 1902 οὖν
703 1876 747 1905 οἵα
768 1885 799 1903 τε
813 1876 896 1903 εἰκὼν

108 1922 245 1957 ὑπάρχει,
271 1921 318 1949 τοῦ
336 1921 516 1950 ἀναλλοιὼτον
537 1921 604 1949 Θεοῦ
633 1922 776 1957 μερισμοῖς
795 1922 896 1949 1ὕποπί-

109 1968 277 2001 πτουσα,καὶ
283 1967 474 2003 διακρινομένη
486 1966 535 1999 τὰς
547 1967 709 2003 ἐνθυμήσεις
723 1968 770 1995 καὶ
782 1968 897 2000 ἐννοίας,

108 2015 138 2040 οὺ
155 2013 236 2049 μόνον
250 2013 303 2040 ὑπὸ
316 2013 395 2047 Θεοῦ,
411 2013 480 2041 ἀλλὰ
496 2013 543 2042 καὶ
553 2013 607 2041 ὑπὸ
618 2013 673 2040 τῶν
688 2013 771 2040 αὐτοῦ
789 2022 898 2050 προφη-

108 2060 163 2089 τῶν
179 2059 311 2092 πολλάκις
330 2059 365 2087 ea;
387 2059 432 2087 διὰ
450 2059 549 2095 βάθους
572 2060 756 2097 ὲλεγχομένης
776 2061 844 2088 Θεοῦ
868 2061 897 2088 δὲ

110 2106 159 2140 τὴν
173 2105 271 2141 βουλὴν
287 2106 304 2141 ἢ
323 2105 471 2141 ἐνθύμησιν
485 2106 528 2138 τίς
539 2106 744 2141 καταλήψεται,
758 2106 806 2134 τοῦ
822 2106 897 2143 ἱεροῦ

116 2152 280 2180 Ἀποστόλου
296 2151 422 2187 βοῶντοςν
440 2152 487 2185 Τίς
503 2152 581 2187 ἔγνω
593 2152 669 2180 γοῦν
681 2153 792 2187 Κυρίου
802 2153 839 2188 ;ἢ
852 2154 899 2187 τις

110 2199 286 2232 σύμϐουλος
298 2198 392 2225 αὐτοῦ
415 2197 553 2233 ἐγένετο;
569 2199 601 2225 Ei
621 2197 668 2226 οὖν
683 2199 715 2225 τὸ
732 2198 899 2235 κυριώτερον

110 2244 158 2272 τοῦ
172 2244 344 2279 ἀνθρωπίνου
354 2244 556 2279 ωγκράματος,
565 2245 582 2280 ὴ
595 2243 837 2281 ψυχὴ,ἀπελείφθη
849 2247 900 2280 τῆς

112 2290 190 2321 θείας
203 2289 307 2320 εἰκόνος
321 2289 370 2317 καὶ
391 2289 567 2325 ὁμοιότητος,
582 2289 658 2324 πόσῳ
676 2289 775 2325 μᾶλλον
791 2290 900 2326 ἐκείνης

112 2335 209 2371 πόρρω
222 2335 372 2370 φανήσεται
385 2335 402 2370 ἠ
418 2334 465 2361 τοῦ
482 2334 610 2370 σώματος
625 2334 784 2370 παραϐολῆς
801 2334 838 2361 Τὸ
851 2335 901 2370 μὲν

113 2382 168 2418 γὰρ
189 2378 245 2408 οἷον
268 2382 386 2417 ὑπάρχει
403 2381 551 2416 ἄφθαρτον,
567 2381 598 2408 τὺ
613 2380 644 2408 δὲ
664 2380 745 2417 σῶμα
760 2381 880 2417 φθαρτόν
892 2389 900 2397 ·

113 2430 144 2456 τὸ
158 2430 209 2464 μὲν
222 2428 358 2464 ἀμέγεθες
374 2428 423 2456 καὶ
437 2427 550 2461 ἄποσον,
564 2429 595 2455 τὸ
611 2428 640 2455 δὲ
654 2428 742 2464 βραχὺ
762 2428 810 2455 καὶ
823 2437 901 2464 περι-

113 2475 234 2510 ληπτὸν·
252 2473 283 2500 τὺ
307 2473 356 2508 μὲν
380 2472 572 2508 ἀκατάληπτον
597 2472 646 2499 καὶ
665 2473 721 2508 ἁφῇ
733 2492 741 2505 ,
756 2473 804 2500 καὶ
818 2473 849 2499 τὸ
872 2473 902 2500 δὲ

113 2521 200 2548 ἁπτὸν
228 2519 275 2546 καὶ
295 2519 414 2554 ροὦδες·
437 2518 468 2545 τὸ
495 2518 545 2554 μὲν
572 2518 720 2554 ἀσώματον
736 2520 783 2545 καὶ
809 2518 903 2551 ἄῦλον,

115 2566 216 2596 παντὸς
232 2564 317 2599 ὕψους
333 2565 481 2599 μετέωρον,
494 2563 543 2590 καὶ
557 2563 720 2599 ὑπέρτερον,
731 2563 763 2590 τὺ
773 2564 802 2593 δὲ
815 2564 903 2599 βραχὺ

115 2612 163 2638 καὶ
174 2610 278 2642 ὑλικὸν,
291 2608 428 2644 γεωπετὲς
437 2609 483 2635 καὶ
491 2608 641 2644 χθαμαλὸν,
650 2609 714 2644 περὶ
724 2608 759 2637 τὰ
772 2609 847 2638 κάτω
855 2618 904 2638 κα-

115 2656 288 2691 λινδούμενον
300 2663 307 2669 ·
322 2654 353 2682 τὸ
371 2654 420 2690 μὲν
435 2654 486 2681 οὐκ
501 2653 590 2686 αὔξει,
606 2654 637 2680 οὐ
656 2654 745 2689 λήγει,
757 2655 806 2690 οὺχ
825 2655 904 2690 ὑφίε-

115 2711 177 2734 ται,
201 2702 232 2728 οὐ
259 2700 383 2736 μειοῦται
394 2707 401 2714 ’
418 2699 456 2735 μὴ
471 2699 564 2726 τοίνυν
575 2699 622 2726 Eoo
639 2701 698 2732 τοῖς
714 2700 790 2728 κάτω
805 2709 903 2728 πεπει-

117 2749 228 2785 σμένος,
256 2747 324 2783 μηδὲ
350 2745 522 2783 μελογραφοῦ
547 2745 577 2773 τὸ
591 2745 679 2778 Θείον,
708 2746 813 2774 ἐπαΐων
836 2747 904 2775 Θεοῦ

115 2796 286 2829 φάσκοντος,
303 2794 345 2821 ὅτι
367 2794 436 2828 Ἆρῶ
451 2794 495 2825 εἰς
509 2792 563 2819 τὸν
590 2792 721 2826 οὐρανὸν
746 2793 805 2828 τὴν
822 2794 906 2829 χεῷά

114 2850 184 2875 μου,
202 2840 254 2867 καὶ
268 2839 396 2874 ὀμοῦμαι
410 2839 446 2873 τῇ
462 2837 546 2872 δεξιᾷ
554 2847 626 2873 μου,
643 2839 693 2866 καὶ
707 2838 778 2873 ἐρᾶν
792 2840 839 2867 καὶ
852 2841 903 2867 πά-

118 2886 170 2920 λιν,
190 2886 224 2912 '0
245 2885 374 2919 οὐρανός
388 2892 439 2919 μοι
453 2884 574 2918 θρόνος.
593 2884 612 2917 ἠ
631 2882 665 2909 δὲ
685 2883 723 2918 γῆ
742 2885 904 2913 ὑποπόδιον

152 2945 176 2961 ’⁸
192 2943 275 2972 ilcbr.
289 2943 379 2976 ",12.
418 2943 440 2959 "
460 2942 537 2970 Rom.
552 2948 590 2974 xl,
603 2941 645 2969 54.

778 177 952 207 DIALOGUS
967 178 1009 207 llI.

1650 177 1719 205 “t0

933 239 1131 273 militudinem;
1154 243 1269 274 utraque
1283 239 1355 266 enim
1371 244 1463 267 creata
1479 242 1553 270 sunt,
1562 243 1617 266 tam
1628 239 1719 266 anima

933 294 1016 320 quam
1032 294 1145 321 corpus,
1163 290 1191 314 et
1213 285 1367 320 composita
1392 289 1489 312 mutua
1506 284 1680 319 copulatione
1693 289 1722 312 et

932 332 1136 359 etnnmunione.
1149 330 1382 365 Compositionem
1396 334 1487 357 autem
1503 336 1618 364 prorsus
1632 328 1722 364 sequi-

933 381 977 404 tur
996 376 1131 411 separatio
1152 380 1235 410 alque
1251 374 1359 402 divisio.
1383 373 1455 402 Deus
1471 378 1561 401 autem
1580 373 1722 408 incompo-

935 423 1009 451 situs
1024 427 1067 450 est
1075 427 1103 450 et
1117 421 1301 454 indivisibilis,
1314 426 1342 449 et
1354 421 1427 449 nulla
1450 427 1596 456 expressus
1616 419 1703 447 forma
1713 439 1721 452 ,

934 469 992 502 ipse
1013 476 1060 504 per
1080 469 1200 503 seipsum
1224 475 1348 499 manens,
1362 472 1389 495 et
1401 474 1510 502 semper
1526 466 1622 494 eodem
1641 465 1723 493 modo

933 514 1057 542 affectus.
1074 513 1168 549 Neque
1182 514 1246 542 item
1274 513 1302 541 in
1320 513 1461 541 dominatu
1475 517 1567 541 servat
1578 512 1612 540 ad
1627 512 1722 540 arche-

934 567 1029 598 typum
1051 561 1178 598 imaginis
1193 560 1416 589 similitudinem.
1432 558 1492 587 Non
1514 559 1586 586 enim
1599 558 1722 594 ejusdem

934 608 1048 636 honoris
1073 612 1116 635 est
1136 615 1198 635 cum
1213 607 1309 634 datore
1331 606 1375 635 bis
1395 615 1442 642 qut
1461 604 1573 641 accipit.
1592 604 1660 632 Nam
1676 602 1724 639 qiii

934 654 1047 688 praebet,
1067 652 1179 680 omnino
1197 660 1252 680 non
1269 651 1380 687 indigus
1403 656 1446 679 est
1465 651 1526 687 ejus
1544 649 1617 686 quod
1637 645 1723 678 dedit.

934 698 1086 732 Quiautem
1101 699 1208 733 recipit,
1221 697 1331 733 indigus
1342 697 1405 732 ejus
1415 702 1457 725 est
1471 697 1544 732 quod
1565 697 1660 725 datum
1671 700 1725 724 est.

934 744 969 772 Et
987 744 1033 772 hic
1054 744 1166 780 quidem
1188 751 1203 771 a
1230 743 1287 771 Deo
1314 743 1456 771 conservis
1477 742 1613 770 dominari
1629 742 1726 777 jussus

934 795 998 818 est:
1015 789 1085 818 Deus
1104 795 1194 817 autem
1215 797 1232 817 a
1255 789 1380 821 nemine,
1409 796 1471 816 cum
1490 788 1549 823 ipse
1569 795 1618 824 per
1645 795 1674 815 se
1691 786 1728 815 sit

936 838 1052 873 propria:
1067 837 1212 873 potestatis
1225 835 1369 868 Dominus,
1390 841 1418 863 et
1437 835 1620 870 omnipotens.

1138 881 1400 910 INTERROGATIO
1419 880 1511 909 CLVI.

978 929 1014 957 At
1026 929 1252 965 unumquodlibet
1267 936 1315 963 per
1325 936 1354 956 se
1367 927 1520 958 considera,
1532 934 1655 955 seorsum
1669 925 1728 953 ani-

937 981 1022 1007 mam,
1033 979 1061 1002 et
1083 981 1116 1002 ex
1132 974 1216 1002 altera
1237 978 1314 1008 parte
1335 980 1457 1007 corpus;
1480 977 1509 1000 et
1524 979 1631 1007 expone
1647 971 1729 999 nobis

940 1020 968 1047 in
984 1027 1039 1055 quo
1055 1024 1134 1055 putes
1149 1026 1211 1048 esse
1222 1018 1248 1046 id
1260 1018 1333 1054 quod
1353 1022 1396 1046 est
1412 1016 1564 1046 secundum
1579 1015 1728 1052 imaginem

940 1065 999 1094 Dei.

1261 1099 1414 1135 Responsio.

974 1145 1105 1173 Neutrum
1137 1146 1171 1173 ab
1198 1145 1284 1172 altero
1301 1149 1457 1180 separatum
1487 1148 1530 1172 est
1549 1143 1643 1171 homo:
1664 1150 1728 1169 nam

945 1193 1018 1220 aliud
1031 1192 1142 1228 quidem
1158 1192 1281 1228 spiritus.
1295 1199 1349 1218 non
1365 1192 1464 1223 homo;
1478 1190 1551 1218 aliud
1563 1198 1627 1218 vero
1644 1190 1730 1216 lutum

941 1238 1056 1266 rationis
1067 1241 1093 1265 et
1108 1245 1207 1265 sensus
1224 1244 1339 1272 expers:
1353 1244 1385 1263 ex
1401 1236 1525 1272 utrisque
1545 1241 1636 1263 autem
1656 1242 1726 1261 unus

940 1282 1081 1318 perﬁcitur
1104 1283 1198 1311 homo.
1225 1282 1313 1317 Atque
1337 1282 1383 1309 ill'.
1400 1281 1510 1317 quidem
1533 1280 1684 1308 alteratioui
1705 1284 1733 1307 et

942 1328 1143 1356 mutationibus
1156 1328 1345 1360 obnoxiae",
1359 1328 1411 1355 alia
1428 1327 1538 1363 quidem
1557 1327 1732 1360 obliviscens,

942 1375 995 1402 alia
1007 1382 1071 1402 vero
1089 1374 1118 1402 in
1142 1374 1271 1402 memori'
1298 1374 1428 1406 retinens,
1454 1379 1481 1401 et
1508 1374 1535 1400 in
1560 1373 1733 1401 multitudine

942 1427 1035 1448 rerum
1056 1419 1117 1447 laeta
1138 1424 1166 1447 et
1181 1419 1335 1447 truculenta
1349 1419 1376 1446 in
1404 1419 1482 1451 alios,
1504 1419 1624 1447 demissa
1641 1423 1733 1446 autem

943 1471 970 1492 et
1001 1465 1096 1493 tetrica
1124 1472 1188 1492 cum
1215 1465 1328 1500 indiget.
1341 1465 1417 1492 Alias
1443 1465 1555 1500 quidem
1577 1465 1691 1493 honesta
1706 1469 1734 1492 et

945 1511 1048 1547 gravis,
1067 1510 1135 1538 alias
1160 1517 1226 1537 vero
1244 1510 1344 1538 lasciva
1359 1510 1508 1546 cogitans;
1524 1518 1598 1538 nunc
1622 1511 1732 1545 quidem

943 1558 1028 1592 justa,
1058 1564 1131 1584 nunc
1157 1560 1247 1584 autem
1263 1556 1365 1590 injusta
1387 1557 1508 1591 eligens;
1533 1564 1607 1583 nunc
1623 1556 1733 1590 quidem

945 1604 1073 1638 benigna,
1099 1609 1172 1629 nunc
1187 1609 1253 1630 vero
1279 1602 1448 1636 inhumana;
1474 1603 1502 1629 in
1521 1599 1649 1637 temporis
1675 1610 1734 1629 mo-

945 1655 1037 1678 mento
1052 1649 1185 1680 irascens,
1205 1652 1232 1674 et
1249 1648 1276 1675 in
1300 1653 1402 1682 puncto
1418 1648 1536 1684 placata,
1551 1648 1736 1676 divisionibus

945 1699 970 1723 et
985 1694 1184 1722 mutationibus
1214 1693 1352 1726 obnoxia,
1381 1693 1614 1728 quemadmodum
1645 1692 1735 1728 inquit

945 1740 1063 1768 eximius
1078 1741 1122 1768 ille
1139 1740 1295 1775 Apostolus,
1309 1740 1412 1768 diserte
1422 1740 1564 1768 clamans:
1592 1739 1670 1766 Vivus
1695 1744 1734 1766 est

945 1794 1030 1814 sermo
1047 1786 1096 1813 Dei
1119 1791 1143 1813 et
1158 1787 1259 1821 efficax.
1276 1793 1308 1812 ac
1328 1787 1514 1820 penetrantiar
1541 1786 1632 1820 quavis
1646 1785 1736 1820 gladio

946 1833 1069 1867 utrinque
1084 1832 1225 1864 incidente,
1247 1836 1272 1858 et
1290 1832 1444 1866 pertingens
1476 1839 1558 1866 usque
1574 1832 1609 1858 ad
1626 1831 1735 1858 divisio-

946 1887 1004 1906 nem
1017 1878 1127 1913 spiritur
1147 1882 1172 1905 et
1183 1878 1291 1909 animat,
1324 1882 1348 1904 et
1363 1877 1493 1904 discretor
1509 1877 1700 1912 cogitationum
1711 1881 1736 1904 et

946 1925 1121 1951 intentionum
1137 1924 1171 1951 ".
1186 1923 1331 1956 Quomodo
1344 1923 1429 1958 igitur
1454 1928 1543 1958 potest
1571 1923 1662 1958 imago
1674 1931 1737 1951 esse

947 1971 1128 1999 immutabilis
1152 1970 1198 1998 Dei
1225 1970 1409 1998 divisionibus
1434 1970 1573 2002 obnoxia,
1603 1975 1632 1998 et
1657 1970 1736 2004 cujus

947 2018 1133 2053 dijudicantur
1146 2017 1328 2052 cogitationes
1339 2021 1367 2044 et
1384 2016 1561 2048 intentiones,
1578 2024 1632 2043 non
1645 2016 1735 2044 solum

948 2072 963 2091 a
977 2063 1040 2096 Deo,
1053 2063 1100 2091 sed
1115 2063 1198 2090 etiam
1214 2063 1248 2089 ab
1272 2062 1333 2098 ejus
1345 2063 1467 2094 vatibus.
1488 2063 1636 2098 aliquoties
1653 2063 1736 2090 etiam

948 2110 982 2136 de
997 2108 1148 2136 reconditis
1170 2107 1316 2136 convicta?
1341 2107 1495 2135 Consilium
1519 2112 1610 2135 autem
1632 2108 1737 2143 cogita-

949 2155 1085 2182 tionemve
1100 2153 1145 2181 Dei
1159 2154 1222 2188 quis
1236 2152 1432 2188 deprehendet.
1448 2153 1512 2180 divo
1530 2152 1661 2187 Apostolo
1676 2153 1734 2180 ela-

950 2205 1060 2228 maute:
1075 2199 1140 2232 Quis
1158 2200 1277 2235 cognouit
1293 2203 1405 2225 mentem
1419 2198 1537 2232 Domini,
1557 2203 1604 2225 aut
1616 2199 1641 2225 ei
1655 2198 1707 2232 fuit
1720 2207 1737 2225 α

949 2246 1069 2274 consiliis
1084 2245 1125 2272 ’δί’
1139 2246 1169 2272 Si
1179 2245 1263 2280 igitur
1278 2245 1351 2280 quod
1370 2245 1459 2281 magis
1472 2250 1515 2273 est
1527 2244 1668 2280 proprium
1686 2244 1737 2272 bu-

952 2301 1039 2321 mannt
1052 2292 1269 2327 compositionis,
1289 2292 1346 2326 ipsa
1366 2298 1465 2325 netnpe
1481 2290 1585 2328 anima.
1605 2290 1689 2317 distat
1703 2290 1739 2317 ab

951 2339 1070 2373 imagine
1086 2338 1322 2373 similitudiueque
1341 2337 1453 2364 divina:
1479 2341 1584 2371 quanto
1598 2336 1685 2371 magis
1704 2337 1739 2364 ab

951 2385 997 2413 illa
1023 2386 1103 2420 longe
1126 2385 1229 2412 distare
1250 2384 1391 2419 apparebit
1405 2385 1578 2418 comparatio
1592 2383 1740 2418 corporis?

951 2431 1018 2458 Nam
1045 2432 1142 2458 borum
1168 2431 1284 2457 alterum
1309 2430 1518 2462 incorruptibile
1541 2433 1594 2461 est,
1621 2429 1739 2456 alterum

953 2481 1044 2504 autem
1061 2475 1251 2510 corruptibile,
1265 2479 1292 2502 et
1308 2475 1373 2502 illud
1397 2474 1507 2509 quidem
1539 2474 1740 2509 magnitudinis

951 2522 1151 2557 etquantitatis
1176 2529 1274 2556 expers
1296 2527 1349 2552 est,
1378 2521 1430 2547 lmc
1446 2526 1536 2547 autent
1563 2520 1691 2555 exiguum
1713 2525 1741 2547 et

951 2566 1208 2602 eomprebcusibile.
1237 2566 1303 2593 Illud
1324 2565 1434 2601 quidem
1461 2565 1740 2600 incomprehensibilc

952 2617 1037 2644 tactu,
1053 2612 1105 2639 hoc
1114 2616 1205 2639 autem
1220 2610 1293 2645 tangi
1313 2615 1405 2646 potest
1424 2617 1458 2637 ac
1470 2609 1574 2637 ﬂuxum
1593 2614 1655 2642 est;
1674 2609 1740 2637 illuvl

953 2659 1144 2693 incorporeum
1164 2662 1193 2684 et
1207 2664 1305 2692 expers
1328 2656 1451 2684 materne
1480 2663 1595 2689 crassae,
1611 2655 1686 2682 omni
1702 2655 1737 2682 al-

953 2702 1070 2731 titudine
1085 2701 1231 2730 sublimius
1256 2707 1284 2729 et
1297 2699 1566 2736 supereminentius;
1585 2700 1637 2727 hoc
1649 2705 1740 2727 auter

952 2749 1080 2784 exiguum
1107 2753 1134 2776 et
1148 2752 1230 2776 certae
1247 2747 1420 2783 quantitatis,
1444 2747 1471 2774 in
1495 2751 1568 2774 terra
1600 2754 1699 2782 repens
1713 2751 1740 2774 et

953 2793 1067 2826 humile,
1079 2793 1152 2821 circa
1169 2793 1226 2820 haec
1249 2792 1378 2820 interiora
1396 2799 1521 2820 versans.
1538 2791 1607 2819 Illud
1624 2792 1741 2826 denique

955 2849 1009 2868 non
1027 2841 1135 2870 crescit.
1154 2846 1208 2866 non
1219 2839 1330 2872 desinit,
1345 2846 1399 2866 non
1416 2837 1550 2870 subsidet,
1568 2846 1621 2865 non
1638 2838 1724 2865 minui

958 2892 1012 2915 tur.
1029 2885 1146 2914 Proinde
1156 2890 1184 2912 tu
1196 2885 1305 2920 quidem
1320 2884 1496 2913 inferioribus
1511 2884 1554 2912 his
1577 2884 1745 2919 tequicscas.
