1907 3043
196 141 262 170 “ll

195 206 282 232 neque
306 197 413 226 Numen
437 200 569 227 membris
603 201 835 236 circumscribas.
865 206 981 234 audiens

193 243 278 271 Deum
291 244 443 272 dicentem:
463 245 566 272 Tollam
587 247 615 273 in
640 247 734 274 rwlum
758 257 865 277 manum
884 260 978 284 meam,

193 293 217 314 et
231 287 340 322 juraba,
356 294 434 323 atque
446 290 533 316 dicam
550 291 583 318 ".
602 291 634 318 Et
662 300 758 320 rursus
773 302 780 320 :
799 294 899 322 (Im/um
916 297 980 324 milii

195 334 302 359 thronus
311 339 359 366 est,
372 339 442 360 terra
454 340 541 362 autem
553 337 695 364 scabellum
710 340 803 373 pedum
817 349 932 367 meorum
945 343 978 369 “.

194 380 349 414 lterumque
391 382 548 415 prophetam
586 383 720 411 dicentem
750 395 755 412 :
788 385 841 418 Qui
876 395 979 414 mensus

193 430 230 450 est
247 425 480 459 ca’lumpnlmo,“
493 433 592 455 terram
613 437 700 464 pugno
711 431 745 457 ’⁷.
766 431 799 458 Et
813 432 889 465 alibi,
905 434 979 468 quod

193 471 471 506 d1giioexsculpsepit
498 473 605 501 tabulas
634 475 754 510 lapideas
782 477 816 508 “,
843 485 912 512 quas
930 479 977 506 Dei

193 517 338 549 spei-latori
366 516 432 544 Mosi
447 518 568 547 tradidit.
586 519 680 555 Neque
696 522 768 556 quod
793 523 880 558 inquit
899 524 978 551 Davi-

192 561 240 588 des
254 562 298 589 ille
324 562 479 590 divinorum
492 566 646 592 carminum
660 572 774 594 auctor:
793 567 909 601 [ut-lina,
924 570 978 596 Do-

192 608 272 640 mine,
281 616 371 634 aurem
384 613 466 641 tuam,
485 615 507 636 et
519 611 616 638 exaudi
635 620 674 638 me
693 612 734 645 ";
752 618 800 641 et:
818 615 859 640 Ad
876 623 916 642 me
936 624 977 643 re-

193 654 272 686 spice,
287 658 312 680 et
327 655 449 682 miserere
469 657 521 682 mei
534 656 574 682 '°:
598 657 699 685 idcirco
723 658 838 686 formam
854 661 978 696 assignes

191 698 312 730 humini.
328 701 459 731 membris
483 701 571 736 ipsum
595 707 621 730 et
636 711 739 738 organo
757 705 925 733 describens.
949 705 977 733 Si

191 745 263 775 enim
283 751 380 773 ventus
400 747 509 781 spirans
524 748 624 783 ubique
637 757 760 784 praesens
777 756 829 780 est,
848 757 871 779 et
891 760 937 780 aer
951 753 977 780 in

191 797 221 816 se
240 790 430 824 complectitur
457 793 595 824 universa,
609 800 712 828 quanto
736 797 823 831 magis
841 797 896 830 ille,
928 799 976 832 qui

191 835 280 868 ipsum
301 837 405 871 spirare
420 837 512 871 jussit.
524 844 552 866 et
562 846 657 868 ventos
673 841 770 869 flantes
780 846 976 880 congregavit?

191 880 296 908 Solium
315 883 509 918 complectitur
529 885 680 918 setlenlem,
697 892 724 914 at
739 887 811 916 Deus
824 890 978 925 incompre-

191 927 334 954 hensibilis
347 934 400 956 est.
424 928 500 962 Quod
519 931 541 957 si
557 935 584 958 et
607 937 706 959 terram
723 935 870 962 scabellum
884 936 976 968 habet,

189 974 327 1008 quomodo
356 975 420 1002 dum
447 976 614 1011 incedimus,
641 983 689 1005 aut
715 988 843 1014 aramus,
870 987 918 1009 aut
942 983 976 1010 ab

189 1020 294 1046 oriente
303 1019 335 1046 ad
346 1021 515 1048 occidentem
528 1024 676 1056 currimus.
688 1025 882 1060 imperatorum
895 1027 974 1063 jussu

189 1073 275 1099 equas
302 1070 412 1100 agentes
435 1071 461 1093 et
478 1068 683 1101 compellentes,
705 1078 757 1097 non
789 1071 928 1099 allidimur
941 1073 973 1100 ad

189 1111 276 1145 ipsius
297 1111 398 1145 pedes?
421 1111 565 1145 Quomodo
589 1121 656 1142 vero
680 1122 742 1142 cum
767 1117 854 1144 caelos
881 1118 974 1152 palmo

188 1164 301 1184 mensus
315 1162 367 1189 est,
379 1162 406 1184 et
432 1165 552 1192 superne
565 1159 677 1192 insidet,
695 1169 793 1190 rursus
817 1162 843 1189 in
858 1163 972 1196 caelum,

187 1201 289 1237 inquit,
308 1202 386 1236 cﬂert
411 1204 542 1233 manum?
556 1204 701 1241 Quomodo
717 1215 783 1236 vero
800 1209 882 1236 tantis
898 1210 972 1245 digi-

188 1248 223 1276 tis
235 1248 338 1283 absque
348 1249 423 1276 ascia
442 1250 548 1277 tabulas
562 1251 667 1286 polivit,
685 1253 790 1289 absque
812 1255 884 1290 stylo
898 1256 971 1282 scqu

745 147 772 174 S.
790 148 938 178 CzESAml
957 151 1119 181 GREGORII
1138 154 1290 184 FRATRIS

1754 159 1830 186 μη

1033 207 1093 234 τῶν
1109 210 1211 237 ποδῶν
1219 220 1294 245 μου·
1311 212 1358 239 καὶ
1372 213 1453 240 πάλιν
1465 221 1512 239 του
1529 213 1667 248 προφήτου
1684 213 1827 246 λέγοντος,

1039 254 1064 280 Ὀ
1075 256 1228 290 μετρήσας
1241 258 1295 284 τὸν
1311 260 1440 293 οὐρανὸν
1453 259 1590 294 σπιθαμῇ
1599 279 1606 292 ,
1627 259 1678 286 καὶ
1695 259 1754 292 τὴν
1764 259 1826 294 γῆν

1032 299 1119 333 dum!
1129 308 1135 314 '
1154 304 1201 329 καὶ
1219 303 1350 339 ἑτέρωθι,
1365 305 1407 331 ὅτι
1424 305 1549 341 δακτύλῳ
1567 305 1690 341 χαράξας
1713 305 1826 336 πλάκας

1032 346 1148 380 λιθίνους
1164 348 1203 384 τῷ
1236 350 1336 387 θεόπτῃ
1361 351 1448 387 Μωσῇ
1472 352 1631 387 ἐνεχείρισε.
1658 352 1730 386 Μηδ’
1759 353 1775 378 ὃ
1796 360 1825 378 τι

1032 391 1099 425 φησι
1114 391 1194 418 Δα6ὶδ
1213 393 1227 418 ὁ
1246 393 1301 419 τῶν
1324 393 1403 421 θείων
1426 394 1559 429 μελῳδός·
1581 394 1704 426 Κλῖνον.
1719 395 1822 428 Κύριε,

1031 436 1062 462 τὸ
1072 434 1126 469 οὖς
1139 446 1207 469 σου,
1218 439 1266 464 καὶ
1282 438 1454 466 ἐπάκουσὼ·
1465 447 1538 474 μου·
1553 440 1611 471 καὶ,
1635 440 1824 472 Ἐπίσλεψ-σν

1031 483 1076 509 ἐπ’
1090 483 1152 517 ἐμὲ,
1167 484 1214 510 καί
1224 483 1354 517 ἐλέησόν
1361 493 1408 518 με,
1422 485 1497 523 παρὰ
1509 485 1587 511 τοῦτο
1603 485 1775 520 σχηματίσῃς
1791 485 1822 511 τὸ

1030 528 1118 561 Θείον,
1137 529 1246 564 μέλεσιν
1262 529 1328 556 αὐτὸ
1349 530 1396 556 καὶ
1413 531 1520 566 ὀργάνῳ
1535 530 1704 565 διαγράφων.
1719 530 1751 557 Εἰ
1765 530 1821 564 γὰρ

1029 575 1044 600 ὀ
1057 574 1154 609 ἄνεμος
1169 575 1257 602 πνέων
1271 575 1358 610 πάντη
1373 576 1499 610 πάρεστι,
1512 576 1559 602 καὶ
1569 577 1582 602 ὁ
1592 575 1647 611 ἀὴρ
1657 576 1822 610 ἐμπεριέχει

1030 620 1064 646 τὰ
1080 622 1235 655 σύμπαντα,
1256 621 1331 656 πόσῳ
1351 621 1452 656 μᾶλλον
1468 623 1482 647 ὀ
1497 621 1528 648 τὸ
1542 623 1617 647 πνεῖν
1635 621 1710 656 αὺτῷ
1723 621 1821 647 ἐπιτά-

1030 666 1078 699 ξας
1091 686 1098 698 ,
1114 667 1161 692 καὶ
1177 667 1293 693 πνέοντα
1315 666 1432 699 συνάξας
1447 676 1454 700 ;
1474 667 1504 694 '0
1519 667 1612 702 θρόνος
1628 667 1753 701 περιέχει
1771 667 1820 692 τὸν

1030 712 1196 747 καθήμενον,
1213 712 1243 738 τὸ
1256 712 1284 738 δὲ
1298 713 1374 740 Θεῖον
1389 713 1587 748 ἀπερίληπτον.
1604 712 1636 738 Εἰ
1654 713 1682 738 δὲ
1698 713 1746 739 καὶ
1768 713 1820 748 τὴν

1029 758 1080 792 γῆν
1095 757 1150 792 ἕχει
1166 758 1320 790 ὑποπόδιον,
1342 758 1401 789 πῶς
1422 758 1617 794 βαδίξοντες,ῆ
1635 758 1779 793 ἀροῦντες,
1801 759 1818 792 ἢ

1030 804 1083 830 ἀπὸ
1097 804 1147 838 τῆς
1162 804 1232 838 ἑῴας
1248 805 1294 830 ὲπί
1311 804 1360 839 τὴν
1379 804 1514 839 Ἑσπέραν
1527 804 1644 835 θέοντες,
1665 803 1818 838 βασιλικοῖς

1029 849 1237 884 προστάγμασιν
1256 850 1488 885 ἱππηλατοῠντες,
1507 849 1554 876 καὶ
1575 849 1768 880 συνωθοῦντες,
1785 849 1816 874 σὺ

1028 895 1273 929 προσαραττόμεθα
1286 895 1368 925 αὐτοῦ
1383 897 1439 926 τοῖς
1451 895 1530 921 ποσίν
1543 903 1550 927 ;
1567 895 1629 926 Πῶς
1641 894 1670 920 δὲ
1687 893 1813 928 σπιθαμῇ

1027 939 1072 966 τὸν
1088 941 1202 976 οὐρανὸν
1218 940 1358 976 μετρήτας
1371 961 1379 972 ,
1394 941 1441 966 καί
1456 940 1511 967 ἄνω
1535 940 1692 975 καθήμενος
1706 960 1714 970 ,
1733 939 1816 965 πάλιν

1027 986 1067 1016 εἰς
1082 985 1194 1020 οὐρανόν
1209 994 1291 1021 φησιν
1303 986 1390 1021 αἴρειν
1402 986 1451 1021 τὴν
1465 988 1560 1021 χεῖρα;
1574 986 1636 1017 Πῶς
1651 986 1679 1011 δὲ
1693 986 1722 1012 ἐν
1733 984 1817 1011 τοιοῦ-

1026 1037 1082 1060 τοις
1101 1029 1242 1061 δακτύλοις
1253 1030 1336 1066 χωρὶς
1356 1030 1452 1065 ἀξίνης
1467 1030 1572 1061 πλάκας
1592 1029 1743 1063 ἐλάξευσεὶ
1763 1037 1815 1063 Χω⁹

1030 1075 1071 1111 ρὶς
1087 1076 1220 1111 γραφίδος
1238 1076 1364 1112 ἐτόρευσε
1379 1085 1385 1108 ;
1402 1077 1449 1103 καὶ
1468 1076 1506 1111 τῷ
1520 1075 1653 1111 νομοθέτῃ
1669 1076 1698 1101 ἐν
1719 1075 1816 1106 αὑταῖς

1026 1122 1072 1148 τὸν
1093 1123 1174 1157 νόμον
1194 1123 1303 1158 γράψας
1327 1123 1510 1156 ἐπιδέδωκεν;
1539 1122 1710 1157 Ἀνασφήλας
1725 1121 1815 1147 τοίνυν

1027 1167 1077 1194 κᾶν
1096 1168 1155 1203 ὀψὲ.
1169 1168 1300 1204 ὀφθαλμῷ
1313 1169 1432 1200 διανοίας
1445 1168 1522 1204 ἄθρει
1537 1168 1569 1204 δὴ
1581 1169 1708 1203 νοήματα
1726 1167 1816 1202 ὑπάρ-

1026 1220 1083 1245 χειν
1097 1212 1194 1246 ταῦτα,
1210 1213 1226 1247 ἢ
1241 1213 1379 1248 σχήματα,
1392 1213 1440 1239 καὶ
1455 1212 1503 1239 θέα
1518 1221 1563 1248 μοι
1577 1211 1608 1244 ἐξ
1625 1211 1753 1243 εὐτελοῦς
1767 1210 1815 1243 καὶ

1027 1257 1156 1293 βραχείας
1167 1258 1235 1294 πρὸς
1250 1258 1280 1284 τὸ
1295 1258 1371 1286 Θεῖον
1383 1257 1551 1294 παραϐολῆς.

188 1295 252 1329 psit,
269 1299 295 1321 et
311 1295 336 1321 in
353 1295 395 1322 eis
415 1295 501 1331 legent
519 1298 697 1332 perscriptum
718 1299 867 1334 Iegislatori
887 1302 1019 1329 tradidit?
1043 1303 1158 1331 Mentem
1183 1305 1266 1338 igitur
1285 1305 1327 1332 vel
1348 1312 1411 1333 sero
1430 1305 1540 1332 tandem
1563 1303 1664 1338 recipe,
1681 1307 1709 1331 et
1728 1303 1816 1332 oculis

187 1341 288 1368 mentis
302 1342 393 1377 aspice
409 1342 460 1370 ista
481 1344 660 1379 cogitationes
677 1351 782 1374 tantum
796 1353 823 1375 et
838 1349 939 1384 ﬁguras
951 1357 1024 1385 esse,
1042 1351 1124 1386 idque
1138 1353 1282 1380 considera
1298 1359 1330 1380 ex
1351 1352 1397 1379 vili
1413 1357 1441 1380 et
1456 1353 1553 1387 exigua
1565 1352 1598 1379 ad
1613 1351 1721 1378 Numen
1738 1359 1815 1378 com-

187 1390 336 1423 paratione.

222 1435 295 1462 Mare
304 1436 395 1462 omnia
412 1436 599 1471 magnitudine
610 1445 744 1474 superans
753 1441 898 1474 elementa,
912 1444 953 1470 vel
961 1459 969 1463 -

187 1486 218 1511 ut
234 1489 266 1507 ex
277 1481 345 1508 cado
368 1486 444 1516 gutta
459 1487 511 1514 est,
526 1488 554 1522 et
569 1484 697 1512 universa
710 1487 792 1513 veluti
807 1488 878 1514 stilla
893 1495 969 1522 sunt,

187 1526 210 1552 si
234 1526 266 1552 a.l
286 1526 409 1553 divimtm
431 1527 496 1555 illud
520 1520 632 1563 pelagus
652 1532 830 1559 conferantur
849 1542 856 1559 :
877 1542 972 1568 quem-

187 1572 334 1599 admodum
359 1573 448 1608 inquit
471 1573 606 1608 Propheta
633 1575 665 1602 ".
691 1575 885 1606 Verumtamen
907 1588 971 1607 cum

187 1618 303 1652 simplex
324 1619 456 1653 quiddam
483 1620 535 1652 sit,
558 1621 688 1657 nullaque
707 1622 794 1652 forma
813 1626 972 1660 praeditum,

187 1663 289 1694 clamat
303 1664 406 1698 absque
421 1672 480 1697 ore,
498 1667 587 1693 currit
604 1667 709 1702 absque
724 1669 859 1703 pedibus;
875 1671 972 1704 insilit,

187 1714 215 1735 et
228 1709 262 1736 ad
278 1709 464 1738 festinandum
491 1711 595 1746 absque
618 1713 691 1741 tibiis
711 1714 845 1750 insurgit;
871 1716 974 1745 detinet

188 1756 417 1789 navigautesnon
427 1757 529 1784 habens
545 1765 663 1791 manus;
676 1759 701 1786 in
718 1760 837 1789 sublime
851 1763 973 1790 elevatur

187 1801 293 1835 absque
301 1801 352 1829 alis
364 1811 372 1835 ;
386 1801 612 1831 suifocatmultos
625 1805 731 1840 absque
743 1807 801 1833 vola
818 1808 972 1844 veldigitis,

187 1851 235 1874 aut
247 1847 377 1878 nexibus;
390 1848 501 1876 insonat
518 1853 545 1875 et
557 1850 667 1884 exspuit
691 1850 773 1878 labiis
787 1860 905 1886 carens;
924 1862 972 1880 ru-

187 1893 269 1927 pibus
290 1893 378 1920 allidit
404 1894 507 1929 absque
531 1896 660 1929 brachiis,
686 1897 797 1926 elevans
833 1899 971 1928 immensa

189 1938 308 1966 l'ereutcs
319 1946 403 1967 onera
421 1948 522 1973 naves;
544 1942 648 1977 absque
661 1944 789 1971 dentibus
805 1945 928 1978 devorat.
946 1952 974 1974 et

187 1985 304 2012 \iciuam
339 1992 440 2014 terram
464 1994 589 2016 excavat.
617 1989 645 2016 Si
672 1997 739 2018 vero
766 1999 828 2018 cum
854 1994 971 2028 simplex

186 2030 315 2063 quiddam
334 2037 428 2058 natura
443 2032 479 2059 sit
507 2037 533 2059 et
550 2033 665 2065 ﬂuxum,
692 2035 743 2063 ista
761 2036 849 2064 facere
876 2039 946 2066 solet
962 2048 970 2065 :

186 2080 293 2109 quanto
321 2077 407 2112 magis
424 2084 555 2112 praestare
569 2084 658 2114 potest
677 2081 736 2109 have
759 2083 792 2115 is,
809 2084 856 2118 qui
887 2085 971 2119 hujus

187 2121 388 2149 intolerabilem
403 2123 558 2151 violentiam
577 2131 659 2160 atque
675 2127 846 2161 tyrannidem
864 2130 972 2164 paucis-

187 2166 257 2194 sima
271 2175 353 2197 ari-na
376 2168 533 2201 refrenavit,
552 2175 580 2197 et
598 2173 678 2206 quasi
693 2173 784 2200 l'erreo
800 2182 881 2202 muro
896 2176 970 2203 circa

187 2213 276 2246 ipsum
291 2214 382 2247 posuit
398 2216 568 2243 terminum?
585 2216 635 2244 Per
662 2217 762 2245 ﬂuctus
784 2221 857 2247 enim
871 2221 903 2247 ad
920 2229 969 2248 ex-

185 2259 313 2286 teriorem
335 2260 471 2295 regionem
489 2262 620 2296 impetum
645 2263 759 2296 faciens,
777 2273 860 2292 arena
887 2267 968 2300 quasi

185 2306 263 2333 {ri-uo
280 2301 428 2339 inhibetur,
442 2309 509 2335 etin
524 2317 650 2343 spumam
667 2310 768 2345 impetu
781 2312 913 2344 resoluto,
935 2313 969 2339 ad

183 2353 303 2386 seipsum
332 2355 487 2382 revertitur.
524 2354 656 2382 Similiter
678 2361 705 2382 et
734 2356 847 2390 spiritus
882 2358 968 2389 venti,

185 2398 247 2424 licet
262 2399 375 2433 simplex
386 2400 430 2430 sit.
444 2399 512 2427 ﬂans
535 2401 637 2428 listulat
650 2401 755 2435 absque
786 2402 878 2434 labiis,
897 2408 970 2431 tecta

183 2442 277 2476 dcjirit
293 2444 397 2477 absque
412 2445 543 2474 lu-achiis.
561 2446 712 2473 vindemiat
740 2446 857 2478 fructus.
882 2449 966 2475 arbo-

183 2496 228 2515 res
243 2490 391 2523 quatiendo
413 2490 515 2524 absque
541 2492 680 2522 manibus.
700 2492 849 2526 dejiciens;
866 2494 971 2520 excutit

184 2541 209 2560 cl
221 2534 364 2562 fervefacit
382 2536 463 2562 veluti
481 2537 578 2563 l‘oruax
593 2538 733 2572 abyssum,
748 2544 775 2565 ct
789 2548 851 2573 qum
866 2540 968 2566 suntin

183 2580 271 2606 fundo
297 2580 324 2606 iu
343 2581 514 2615 superﬁciem
540 2584 705 2616 trauspouit,
733 2591 787 2609 non
807 2584 968 2616 ventilabro,

184 2633 238 2654 non
255 2626 364 2653 sarculo
382 2631 478 2659 utens;
496 2628 592 2654 nititur
607 2636 639 2654 ex
655 2628 782 2659 adverso,
798 2634 826 2656 et
836 2630 966 2657 resistens

183 2670 288 2698 inhibet
301 2678 316 2697 a
331 2679 412 2698 cursu
433 2672 556 2707 ingentes
569 2681 662 2704 naves,
687 2674 844 2708 pectoribus
873 2680 900 2701 et
916 2675 967 2702 lm-

182 2718 266 2744 Iucris
279 2725 386 2745 carens.
399 2718 474 2745 Alias
486 2725 575 2747 autem
588 2721 692 2748 albatas
708 2722 794 2748 instar
807 2722 899 2748 ovium
915 2723 962 2749 im-

182 2763 258 2804 pellit
274 2763 300 2790 in
308 2764 402 2798 pelago
410 2765 483 2791 velut
497 2766 522 2792 in
532 2771 609 2799 prato
624 2766 664 2793 vel
679 2774 787 2801 catnpo,
808 2775 862 2794 non
875 2767 966 2795 hastili

225 2844 248 2860 κ
269 2844 346 2872 Dcut.
360 2854 446 2879 xxx”,
457 2847 501 2874 40.

180 2887 254 2911 utr,
270 2880 315 2912 l9;
331 2889 428 2913 nnv,
446 2882 486 2908 l6.

554 2849 577 2864 ’⁸
595 2849 645 2875 lsa.
674 2857 746 2880 val.
766 2851 788 2878 l.

527 2883 546 2898 ³¹
564 2883 615 2911 lsu.
630 2893 671 2917 XL,
696 2885 735 2911 15.

839 2853 860 2867 ιτ
884 2852 934 2880 lsa.
951 2860 994 2886 XL,
1012 2852 1052 2879 l2.

1065 1445 1096 1470 Ὶί
1111 1443 1229 1470 θάλαττα
1244 1443 1353 1479 μεγέθει
1365 1444 1473 1470 πάντων
1488 1443 1658 1478 ὑπερέχουσα
1674 1441 1730 1468 τῶν
1745 1449 1816 1467 στοι-

1024 1490 1122 1524 χείων⁶
1144 1490 1182 1520 ὡς
1204 1488 1312 1522 σταγὼν
1336 1489 1390 1515 ἀπὸ
1417 1490 1516 1520 κάδου,
1542 1489 1589 1515 καὶ
1614 1488 1653 1520 ὡς
1677 1489 1756 1523 ῥανὶς
1781 1486 1818 1513 τὰ.

1025 1536 1169 1570 σύμπαντα
1201 1535 1270 1570 πρὸς
1301 1536 1332 1562 τὺ
1353 1536 1431 1562 Θεῖον
1462 1536 1579 1571 ὑπάρχει
1612 1535 1818 1570 συγκρινόμενα

1025 1582 1142 1615 πέλαγος
1153 1601 1160 1613 ,
1180 1582 1271 1613 καθώς
1287 1591 1369 1617 φησιν
1390 1584 1405 1608 ὁ
1422 1583 1578 1618 προφήτης·
1597 1581 1654 1607 ἀλλ’
1671 1578 1720 1607 οὖν
1739 1581 1818 1616 ὅμως

1024 1627 1097 1662 ἁπλῆ
1111 1636 1152 1659 τις
1168 1627 1329 1663 ὑπάρχουσα
1353 1628 1400 1654 καὶ
1423 1629 1643 1663 ἀσχημάτιστος,
1663 1627 1713 1661 βοᾷ
1730 1626 1816 1662 χωρὶς

1025 1674 1167 1708 στόματος,
1181 1674 1274 1710 τρέχει
1293 1675 1356 1701 ἄνευ
1372 1674 1473 1707 ποδῶν,
1487 1674 1630 1708 ἐφάλλεται
1649 1675 1695 1700 καὶ
1712 1674 1817 1699 ἐπιτω-

1024 1720 1100 1752 θάζει
1127 1720 1192 1746 ἄνευ
1210 1720 1317 1747 σκελῶν
1339 1720 1492 1747 οίδαίνουσα
1505 1729 1511 1735 ·
1529 1720 1638 1754 κατέχει
1656 1720 1721 1751 τοὺς
1739 1719 1816 1745 πλωο

1023 1766 1109 1801 τῆρας
1133 1766 1170 1801 μὴ
1190 1766 1344 1802 κεκτημένη
1360 1768 1463 1803 χεῖρας·
1478 1767 1517 1798 είς
1532 1766 1598 1801 ὕψος
1615 1765 1814 1801 μετεωρίζεται

1023 1811 1088 1838 ἄνευ
1105 1811 1214 1846 πτερῶν
1224 1819 1230 1825 ·
1244 1811 1335 1845 πνίγει
1351 1811 1466 1843 πολλοὺς
1481 1811 1545 1837 ἄνευ
1563 1811 1672 1846 ταρςῶν
1688 1811 1706 1846 ἢ
1718 1810 1817 1837 δακτῦ-

1023 1855 1092 1888 λων,
1114 1855 1130 1890 ἦ
1148 1855 1293 1889 ἀγκαλῶν·
1313 1855 1429 1887 σιαλίζει
1455 1856 1501 1882 καὶ
1524 1854 1679 1888 ἀποπτύει,
1700 1855 1816 1890 χειλέων

1023 1900 1126 1936 ἕρημος
1138 1908 1145 1916 ·
1163 1901 1347 1937 προσαράττει
1359 1902 1420 1932 ταῖς
1436 1901 1551 1936 πέτραις
1565 1901 1630 1928 ἄνευ
1650 1901 1813 1935 βραχιόνων,

1022 1947 1173 1982 ὲπαὶρουσα
1190 1947 1238 1978 τὰς
1255 1947 1438 1983 μυριοφὸρους
1453 1947 1584 1978 ὁλκάδας·
1600 1947 1687 1982 χωρὶς
1698 1947 1815 1973 ὀδόντων

1023 1992 1145 2018 ύπεσθίει
1169 1992 1218 2018 καὶ
1241 1993 1387 2028 ὑποτρύνει
1406 1992 1456 2027 τὴν
1470 1992 1578 2026 γείτονα
1601 1992 1710 2027 χέρσον.
1727 1992 1760 2018 Εἰ
1785 1992 1813 2018 δὲ

1024 2037 1095 2072 ἁπλῆ
1119 2037 1168 2072 τὴν
1191 2036 1271 2071 φύσιν
1295 2037 1343 2063 καὶ
1363 2037 1483 2072 ῥοώδης,
1502 2036 1589 2063 ταῦτα
1611 2037 1679 2072 δρᾷν
1705 2036 1812 2069 εἴωθεν,

1023 2084 1098 2118 πόσῳ
1113 2082 1212 2118 μᾶλλον
1224 2084 1238 2109 ὁ
1249 2083 1349 2118 ταύτης
1361 2083 1410 2118 τὴν
1425 2083 1561 2117 ἀφόρητον
1577 2082 1637 2117 βίαν
1649 2082 1696 2109 καὶ
1713 2091 1813 2117 τυραν-

1022 2128 1081 2154 νίδα
1093 2128 1252 2163 βραχυτάτῳ
1264 2128 1370 2163 ψάμμῳ
1381 2127 1541 2163 χαλινώσας,
1557 2129 1605 2154 καὶ
1614 2129 1696 2155 οἱονεὶ
1711 2129 1813 2163 σιδήρῳ

1021 2174 1106 2208 τείχει
1129 2173 1213 2208 αὐτὴν
1232 2174 1411 2209 περιορίσαςς
1435 2174 1601 2209 Ἐφορμῶσα
1617 2174 1672 2209 γὰρ
1694 2174 1740 2201 διὰ
1758 2174 1814 2200 τῶν

1023 2219 1151 2254 κυμάτων
1162 2219 1208 2245 ἐπὶ
1218 2219 1267 2255 τὴν
1278 2219 1330 2251 ἔξω
1340 2220 1441 2255 χώραν,
1450 2221 1532 2246 οἱονεὶ
1546 2220 1648 2255 χαλινῷ
1658 2221 1692 2256 τῇ
1704 2221 1812 2256 ψάμμῳ

1022 2266 1189 2300 κρουσμένη,
1215 2265 1255 2296 εἰς
1275 2265 1361 2300 ἀφρὸν
1377 2265 1427 2300 τὴν
1446 2266 1534 2301 ὁρμὴν
1550 2265 1718 2297 διαλύσασα,
1743 2267 1812 2300 πρὸς

1022 2312 1120 2346 ἑαυτὴν
1139 2311 1284 2346 ἐπανῆκεν.
1309 2311 1445 2342 Ὡσαύτως
1458 2313 1505 2338 καὶ
1522 2312 1552 2338 τὸ
1566 2312 1679 2347 ἀνέμιον
1700 2312 1812 2347 πνεῦμα

1020 2357 1123 2384 ἁπλοῦν
1139 2358 1277 2393 ὑπάρχον,
1294 2358 1374 2384 πνέον
1390 2358 1496 2393 συρίζει
1509 2358 1574 2384 ἄνευ
1603 2358 1731 2394 χειλέων,
1747 2359 1810 2394 ὀρό-

1022 2411 1088 2436 φους
1101 2403 1227 2438 καθαιρεῖ
1240 2403 1304 2429 ἄνευ
1320 2402 1479 2437 βραχιόνων,
1494 2404 1584 2439 τρυγᾷ.
1595 2405 1659 2435 τοὺς
1673 2405 1809 2440 καρποὺς,

1022 2449 1164 2474 κατασεῖον
1185 2448 1219 2474 τὰ
1242 2448 1314 2481 φυτὰ
1336 2448 1398 2474 ἄνευ
1425 2449 1544 2483 χειρῶν·
1569 2449 1734 2484 ἐκμοχλεύει
1761 2450 1808 2477 καὶ

1019 2494 1181 2528 ἀναϐράττει
1195 2493 1289 2529 ὥσπερ
1304 2494 1430 2528 χαλκεῖον
1448 2494 1497 2529 τὴν
1512 2494 1628 2520 ἄϐυσσον
1641 2503 1648 2511 δ
1667 2496 1715 2522 καὶ
1727 2496 1760 2522 τὰ
1779 2497 1809 2522 ἐν

1017 2539 1056 2574 τῷ
1079 2539 1196 2574 πυθμένι
1216 2541 1250 2574 τῇ
1266 2540 1412 2575 ἐπιφανείᾳ
1429 2540 1577 2566 διατίθεται
1592 2561 1598 2571 ,
1613 2540 1644 2567 οὐ
1661 2541 1754 2576 πτύῳ,
1777 2542 1807 2568 οὐ

1020 2585 1145 2621 σκαπανῃ
1157 2585 1308 2621 χρώμενον,
1322 2586 1502 2621 ἀντερίζεται,
1520 2587 1566 2612 καὶ
1579 2587 1735 2613 ἀπιῧαῖνον
1753 2588 1808 2622 εἵρ-

1018 2640 1061 2665 γει
1073 2631 1119 2657 τοῦ
1135 2632 1234 2666 δρόμου
1249 2632 1298 2663 τὰς
1315 2632 1497 2667 μυριοιρὸρους
1510 2631 1565 2658 τῶν
1581 2632 1665 2667 νηῶν,
1688 2633 1808 2668 στέρνων

1018 2679 1066 2704 καὶ
1081 2678 1163 2712 ῶμων
1177 2677 1290 2713 ἄμοιρον
1300 2687 1307 2692 ·
1324 2679 1419 2713 ἐτέρας
1434 2678 1461 2704 δὲ
1475 2678 1715 2713 λευχειμονούσας,
1729 2680 1806 2714 δίκην

1019 2723 1161 2759 προϐάτων
1175 2723 1291 2754 ἐλαύνει,
1313 2723 1407 2759 ὥσπερ
1428 2724 1473 2750 ἐπὶ
1491 2724 1604 2759 λειμῶνι
1620 2724 1638 2759 ἢ
1655 2725 1751 2760 πεδίῳ,
1767 2725 1806 2760 τῷ

1018 2768 1140 2803 πελάγει,
1153 2769 1183 2796 οὐ
1197 2770 1374 2806 σειρομάστῃ,
1387 2770 1417 2796 οὐ
1429 2769 1539 2804 βάκτρῳ
1548 2771 1637 2803 παῖον,
1649 2771 1804 2806 ἐρυθραίνει

1696 2855 1717 2869 ³ο
1730 2854 1803 2884 Ριὶίν

1108 2855 1129 2869 ⁸³³
1144 2853 1220 2881 Deut.
1239 2862 1275 2887 ix,
1293 2854 1332 2881 10.
1381 2855 1401 2870 ⁵³
1420 2854 1489 2881 Ρειιι.
1505 2862 1604 2887 Lxxxv,
1620 2855 1644 2881 ι.
