1907 3043
105 181 174 210 1115

103 241 152 272 τὰς
170 241 230 268 λίαν
247 241 391 276 ὠχριώσας
407 242 602 280 βροτοπορίας,
615 245 704 271 οὐδενὶ
721 246 810 281 φυκίῳ
823 247 893 273 πάσ-

104 295 150 313 σον
165 287 262 318 αὑτάς.
276 288 308 314 Et
324 286 370 315 οὖν
387 288 507 316 θάλαττα
522 291 568 316 καὶ
583 290 683 326 ἄνεμος
698 291 751 317 τῶν
767 292 815 327 μὲν
832 301 893 318 συν-

103 333 204 359 δούλων
225 333 334 360 πάντων
355 334 464 368 μεγέθει
479 335 647 371 ὑπερέχοντα
658 357 665 368 ,
681 336 813 369 κώνωπος
835 338 864 364 δὲ
878 339 895 373 ἦ

102 379 226 413 ἐμπίδος,
242 379 259 415 ἢ
273 380 371 407 κόκκου
380 381 525 413 σινάπεως,
533 382 550 417 ἣ
562 391 634 414 τινος
643 383 809 418 βραχυτέρου
820 382 896 415 τάξιν

103 424 237 459 ἐπέχοντα
252 425 320 461 πρὸς
330 426 359 452 τὺ
371 426 447 452 Θεῖον
456 427 664 462 συγκρινόμενα,
681 429 739 464 βοᾷ,
750 429 894 459 ὡκυποδεί.

104 469 268 502 ὲπιτωθάζει
281 490 288 502 ,
304 473 409 505 κρατεῖ,
435 471 523 506 εἴργει
538 472 585 497 τοῦ
602 473 695 507 πρόσω
705 494 712 506 ,
733 474 832 508 χειρῶν
848 474 896 500 καὶ

105 522 155 550 σχη
161 515 253 549 μάτων
259 515 359 551 ἔρημα,
370 517 638 552 εὐεργετεί,κολάζει,
649 518 798 550 πλουτίζει,
808 520 905 549 ποντί-,

102 560 155 593 ζει,
163 561 235 594 ἄγει,
244 562 356 596 ἀπάγει,
364 563 397 588 σὺ
404 562 477 590 διὰτί
484 563 661 598 σχηματίζεις
671 564 701 590 τὸ
710 561 826 595 Θεῖον,ὧ
837 565 895 597 ἀξι-

103 605 214 640 ἑραστε,
227 607 274 634 καὶ
289 608 469 644 μελογραφεῖς
480 609 509 635 τὸ
517 609 620 636 ἁπλοῦν
629 610 675 636 καὶ
683 610 839 643 ἀσύνθετον,
848 611 895 638 καὶ

102 652 317 687 ἀσχημάτιστον,
329 654 445 687 ἀκούων,
459 655 581 687 κλῖνον,
591 656 688 690 Κύριε,
700 656 733 682 τὸ
747 654 802 689 οὖς
813 665 871 683 σου
885 664 891 672 ⁵

103 698 151 724 καὶ
167 699 258 731 πάλιν,
275 699 458 734 Ἐπίϐλεψον
466 701 580 736 ἐπ’ἐμέ⁶
595 702 642 728 καὶ
657 702 748 736 πάλιν,
768 702 895 734 Ἑξαπύ-

102 745 236 777 ﬁndor,
254 745 342 780 Κύριε
352 766 360 778 ,
374 746 432 780 τὴν
445 747 528 781 χεῖρά
543 755 601 774 σου
615 747 650 779 ἐξ
660 748 770 782 ὕψους,
786 748 893 780 ἐξελοῦ

99 798 147 823 με,
163 790 214 816 καὶ
228 791 323 823 ῥῦσαι
336 801 385 826 με,
402 793 450 818 καὶ
462 793 511 819 ὅσα
531 793 642 820 τοιαῦτα
656 803 663 828 ;
683 795 789 828 Ἀπαγε
803 795 892 820 τοίνυν

101 836 129 866 ἐν
152 836 226 872 ψυχῇ
247 837 263 873 ἢ
285 838 390 873 σώματι
417 839 555 874 ὁρίζεσθαι
581 839 693 875 βροτοὺς
716 840 776 866 κατ’
801 841 893 866 εἰκόνα

100 881 169 908 Θεοῦ
189 883 331 918 ὑπάρχειν.
352 885 414 916 Πῶς
426 885 480 920 γὰρ
495 885 530 912 τὰ
543 885 693 921 εὐχείρωτοι
709 886 755 912 καὶ
771 886 897 912 enm-3-»

102 939 183 966 μενα,
199 931 274 963 εἰκὸς
289 932 365 959 ἐσται
380 933 418 967 τῷ
432 934 502 968 Θείῳ
520 934 714 970 παραϐάλλειν,
726 934 765 970 τῷ
779 935 824 961 διὰ
842 935 887 961 τοῦ

101 977 242 1011 προψήτου
259 977 365 1011 βοῶντι,
387 979 460 1013 Ἐγώ
470 980 539 1014 ειμι,
555 980 603 1006 καὶ
618 981 673 1007 οὐκ
687 980 871 1014 ᾐλλοίωμαι;

803 185 974 214 DlALOGUS
988 185 1031 214 Ill.
1067 210 1070 212 .

1666 186 1736 214 1114

945 249 987 275 vel
1002 248 1099 275 haeulo
1114 247 1230 280 feriens;
1251 246 1386 275 mliefacit
1397 246 1478 274 valde
1494 246 1625 281 pallentia
1640 246 1731 273 homi-

946 294 1028 322 nibus
1055 294 1272 329 transportandis
1290 298 1384 328 parata
1418 293 1538 327 navigia.
1567 293 1642 319 nullo
1673 293 1732 327 ipsa

948 340 1010 368 fuco
1020 341 1142 368 varians.
1172 341 1200 367 Si
1221 340 1305 375 igitur
1322 347 1399 367 mare
1411 345 1438 367 et
1455 343 1563 372 ventus,
1591 339 1732 366 conservis

947 387 1055 422 quidem
1082 386 1210 413 omnibus
1227 386 1413 419 magnitudine
1444 387 1613 419 prazstantia,
1627 385 1729 413 culicis

947 438 1037 460 autent
1051 433 1092 460 vel
1106 433 1246 463 mulionis.
1271 432 1312 459 vel
1328 432 1404 466 grani
1420 432 1535 467 sinapis.
1553 437 1600 458 aut
1616 432 1732 466 alicujus

945 479 983 504 rei
999 478 1111 504 minoris
1122 478 1211 505 locum
1225 478 1385 509 obtinentia.
1397 478 1421 504 si
1435 485 1496 504 cum
1517 477 1570 504 Deo
1588 477 1732 504 conferan—

946 527 1001 553 tur.
1034 523 1165 554 clamant,
1181 523 1284 550 velocia
1309 527 1384 553 sunt,
1408 523 1594 554 insectantur,
1625 521 1732 549 fortiter

946 568 1071 599 vincunt,
1089 575 1265 603 progressum
1283 569 1447 603 impediunt,
1457 568 1586 595 manibus
1595 572 1621 594 et
1634 568 1731 596 formis

945 615 1074 646 carentia,
1093 614 1278 646 benefaciunt,
1297 615 1427 648 puniunt,
1443 614 1553 641 divitias
1572 613 1728 647 conferunt,

945 659 1125 695 suhmergunt
1152 665 1245 694 ponto,
1262 660 1375 691 ducunt,
1401 660 1551 692 abducunt,
1567 667 1616 686 cur
1634 664 1672 692 tn,
1688 660 1730 686 vir

943 705 1153 740 przeclarissimc
1181 713 1212 732 ac
1234 705 1313 732 nohis
1327 705 1420 737 charc,
1444 705 1559 732 formam
1583 705 1682 732 tribuis
1701 709 1729 732 et

944 751 1060 778 ascribis
1077 750 1199 777 membra
1215 749 1326 777 Numini
1345 750 1462 784 simplici
1483 755 1509 776 et
1532 750 1726 784 incomposito,

943 802 970 823 (ιι
988 797 1059 823 nulla
1077 796 1164 823 forma
1180 803 1320 830 expresso,
1339 797 1403 823 dum
1423 796 1500 823 audis
1517 806 1522 823 :
1538 795 1658 827 Inclina,
1677 795 1730 821 Da-

943 843 1024 875 mine,
1049 850 1139 868 aurem
1161 848 1245 872 luant,
1261 847 1286 868 et
1312 841 1409 867 exaudi
1426 849 1465 867 me
1481 841 1524 867 “‘3
1540 840 1622 867 Item:
1640 840 1671 867 Et
1688 849 1729 868 re-

942 889 1011 922 spice
1024 887 1058 914 ad
1074 896 1114 914 me
1129 887 1160 919 ³⁵,
1179 892 1205 914 et
1221 897 1227 914 ι
1251 886 1329 914 Mitte
1349 895 1458 913 manum
1477 891 1550 913 tuam
1564 895 1596 913 ea:
1612 887 1678 917 alio.
1703 891 1728 914 et

943 934 1012 966 en‘pe
1025 938 1103 967 atque
1114 933 1197 959 libera
1218 941 1257 959 me
1268 933 1308 965 3‘;
1326 937 1352 960 et
1366 940 1426 967 qua:
1440 938 1505 960 sunt
1518 933 1651 966 ejusmodi
1663 933 1726 959 alia.

944 978 1063 1006 Proinde
1077 979 1149 1006 absit
1164 984 1193 1006 ut
1206 979 1356 1006 secundum
1370 979 1490 1006 animam
1508 983 1555 1005 aut
1574 987 1672 1014 corpus
1681 979 1728 1006 de-

101 1024 180 1051 finias
199 1024 326 1053 homines
344 1033 405 1054 esse
423 1025 509 1054 factos
525 1028 558 1054 ad
576 1027 723 1062 imaginem
738 1027 797 1057 Dei.
811 1026 957 1060 Quomodo
973 1026 1046 1054 enim
1062 1027 1262 1061 comprehensu
1280 1025 1369 1054 facilia
1385 1031 1412 1054 et
1427 1026 1568 1055 mutabilia
1583 1026 1728 1055 conveniet

100 1072 124 1099 ei
145 1072 310 1104 assimilare,
333 1074 380 1108 qui
401 1074 502 1101 clamat
518 1083 566 1109 per
581 1075 742 1110 prophetam
757 1084 764 1102 :
781 1075 837 1109 Ego
854 1083 923 1106 sum,
939 1079 964 1102 et
979 1083 1031 1101 non
1046 1079 1134 1101 niutor
1153 1074 1194 1100 ³⁵ἳ

135 1118 204 1144 Οὔτε
222 1119 278 1153 (99)
294 1120 308 1145 ὁ
322 1119 392 1152 (ista;
407 1120 534 1155 ψεύδεται
548 1122 628 1156 λόγος
642 1123 703 1148 κατ’
716 1122 809 1149 εἰκόνα
822 1120 889 1148 Θεοῦ

100 1165 186 1197 εἰπὼν
205 1166 369 1202 γεγενῆσθαι
383 1167 428 1193 τὸν
440 1168 582 1204 ἄνθρωπον
592 1175 599 1182 ·
615 1167 704 1203 οὕτεή
719 1167 823 1202 ἐλεεινὴ
839 1166 890 1201 τῆς

100 1211 275 1247 ἀνθρωπίνης
288 1213 395 1247 φύσεως
409 1213 581 1247 ταλαιπωρία
593 1214 626 1248 τῇ
644 1212 825 1248 μακαριότητι
839 1211 890 1246 τῆς

99 1256 221 1289 ἀπαθοῦς
247 1257 373 1294 θεότητος
399 1258 609 1293 καθωμοίωται·
631 1259 737 1293 ἀνάγκη
765 1258 819 1293 γὰρ
840 1258 890 1284 ἐπὶ

99 1304 132 1337 τῇ
148 1303 310 1338 συγκρίσει,
327 1303 344 1339 ἦ
363 1303 483 1338 παθητὸν
499 1304 530 1330 τὸ
553 1304 643 1335 Θεϊον,
663 1304 679 1339 ἢ
695 1303 800 1334 ἀπαθὲς
818 1302 888 1328 εἶναι

99 1347 129 1373 τὺ
143 1347 322 1383 ἀνθρώπινον.
344 1348 515 1380 Ἐξεταστέον
527 1346 574 1376 οὖν
589 1349 648 1380 πῶς
660 1349 752 1384 ὅμοιον
767 1348 807 1383 τῷ
819 1348 889 1382 Θείῳ

99 1393 257 1429 ὠνόμασται
283 1395 312 1420 τὸ
338 1394 518 1430 ἀνθρώπινον.
541 1396 625 1430 Φησὶν
651 1396 667 1431 ἡ
694 1395 808 1430 Γραφή·
832 1394 886 1421 Kul

99 1440 246 1473 ἐποίησεν
263 1443 279 1467 ὁ
295 1441 366 1474 Θεὸς
376 1441 430 1467 τὸν
445 1441 610 1475 ἄνθρωπον,
623 1443 685 1469 κατ’
700 1443 802 1469 εἰκόνα
814 1442 887 1469 Θεοῦ

99 1486 248 1519 ἐποίησεν
262 1488 364 1514 αὐτόν.
381 1487 465 1514 Πάλιν
479 1488 688 1523 ὲπαναλάμὸανε
697 1496 703 1502 '
717 1488 828 1523 Ἀρσεν
838 1487 888 1514 καὶ

99 1531 178 1564 θῆλυ
198 1532 344 1565 ἐποίησεν
358 1534 479 1566 αὐτούς.
498 1534 586 1570 ’Ὅπερ
604 1534 651 1560 καὶ
668 1533 806 1569 ἀλλότριον
819 1532 888 1559 Θεοῦ

99 1577 173 1603 ἐστιν
185 1585 192 1592 ο
208 1577 255 1603 καὶ
267 1577 370 1609 λοιπὸν,
385 1580 401 1613 ἡ
415 1578 496 1605 εἰκὼν
509 1579 560 1605 οὑκ
577 1579 633 1613 ἔχει
645 1578 674 1604 τδ
688 1577 734 1604 τοῦ
751 1577 889 1613 πρωτοτό-

100 1632 151 1649 που
166 1623 308 1658 ὁμοίιιιμα·
329 1625 345 1659 ἡ
359 1624 386 1650 δὲ
405 1624 480 1656 λύσις
493 1625 588 1651 τούτου
604 1624 730 1659 τοιαύτη·
743 1623 830 1658 Διπλῆ
846 1623 887 1654 τίς

99 1669 172 1695 ἐστιν
189 1669 205 1704 ή
219 1669 269 1703 τῆς
283 1669 390 1704 φύσεως
404 1669 484 1705 ἡμῶν
497 1670 653 1705 κατασκευή
668 1678 675 1685 ·
693 1670 709 1704 ὴ
725 1669 774 1704 μὲν
788 1669 885 1704 νοερὰ,

98 1712 158 1747 ἥτις
174 1712 221 1738 καὶ
244 1713 273 1738 ἐν
289 1713 397 1748 μεθέξει
413 1714 521 1740 πάντων
538 1714 591 1740 τῶν
605 1713 713 1748 ἀγαθῶν
726 1712 803 1744 οὖσα,
826 1715 886 1740 κατ’

100 1759 195 1785 εἰκόνα
214 1759 282 1786 θεοῦ
302 1760 430 1794 γενέσθαι
454 1761 578 1794 λέγεται·
599 1762 615 1795 ή
642 1760 671 1786 δὲ
685 1761 754 1796 πρὸς
770 1761 820 1796 τὴν
838 1760 886 1787 τοῦ

99 1806 214 1840 ἄρρενος
227 1805 275 1832 καὶ
292 1805 387 1841 θήλεος
407 1806 595 1842 μεμερισμένην]
614 1806 753 1841 διαφοράν.
778 1806 887 1841 Ἐπειδὴ

97 1851 125 1877 δὲ
140 1851 221 1886 μόνον
235 1851 266 1877 τὸ
278 1851 355 1882 Θεῖον
367 1852 516 1887 ἄτρεπτον,
529 1851 559 1877 τὸ
577 1852 606 1878 δὲ
620 1852 754 1888 ἡμέτερον
772 1852 887 1887 τρεπτὸν

98 1896 141 1931 (ἐκ
156 1896 203 1923 τοῦ
223 1896 260 1932 μὴ
284 1896 360 1928 ὄντος
373 1897 427 1933 γὰρ
443 1897 570 1935 ἤρξατο),
585 1899 598 1924 ὁ
615 1898 668 1933 πρὸ
688 1899 738 1932 τῆς
754 1898 887 1932 γενέσεως

96 1943 131 1969 τὰ
152 1942 242 1969 πάντα
257 1943 351 1975 εἰδὼς,
367 1945 500 1979 προγνοὺς
515 1944 582 1979 πρὸς
596 1944 610 1970 ὅ
622 1953 648 1970 τι
665 1943 742 1979 ῥέπει
759 1944 775 1979 ή
791 1943 887 1977 αὐτεξ-

97 1988 189 2020 ούσιος
212 1989 263 2024 τῆς
284 1990 459 2026 ἀνθρωπίνης
484 1990 670 2025 προαιρέσεως
690 1990 806 2025 κίνησις,
829 1990 888 2016 ὲπι-

99 2036 228 2071 τεχνᾶται
246 2037 278 2071 τῇ
299 2036 383 2063 εἰκόνι
397 2037 447 2071 τὴν
462 2037 531 2063 κατὰ
548 2035 577 2062 τὸ
594 2036 677 2071 ἄρρεν
691 2036 738 2062 καὶ
753 2035 819 2071 θῆλυ
833 2035 888 2062 δια-

97 2081 195 2119 φοράν.
215 2081 305 2107 Εἰπὼν
324 2082 352 2108 δὲ
377 2083 391 2108 ὁ
414 2082 492 2116 λόγος
513 2083 554 2108 ὅτι
575 2081 702 2117 ἐποίησεν
728 2082 742 2108 ὁ
756 2081 822 2112 Θεὸς
842 2081 887 2108 τὸν

97 2126 259 2161 ἄνθρωπον,
277 2127 315 2162 τῷ
332 2127 467 2164 καθολικῴ
490 2127 612 2162 ὀνόματι,
638 2128 683 2154 καὶ
706 2127 745 2163 τῷ
769 2128 887 2163 ἀορίστῳ

96 2175 147 2209 τῆς
168 2175 307 2210 σημασίας
329 2175 402 2202 ἆπαν
422 2177 623 2212 συμπεριέλαϐε
643 2177 673 2203 τὸ
696 2177 885 2211 ἀνθρώπινον*

95 2222 126 2248 οὗ
139 2222 195 2257 γὰρ
206 2222 399 2257 συνωνομάσθη
410 2222 449 2257 τῷ
461 2223 590 2257 κτίσματι
604 2223 650 2249 νῦν
661 2223 675 2248 ὁ
692 2223 786 2258 Ἀδὰμ,
796 2222 888 2254 καθὼς

96 2268 125 2292 ἐν
140 2269 197 2298 τοῖς
222 2267 334 2302 ἐφεξῆς,
351 2267 419 2294 ἀλλὰ
439 2270 453 2294 ὀ
470 2268 583 2294 καθόλου
600 2268 754 2304 ἄνθρωπος.
769 2269 814 2295 Διὸ
827 2269 887 2296 οὐδὲ

95 2313 125 2338 ἐν
138 2311 178 2346 τῷ
197 2312 281 2347 ’Λδὰμ
291 2312 363 2347 μόνῳ
376 2313 406 2338 τὸ
417 2314 479 2340 κατ’
490 2314 583 2340 εἰκόνα
593 2314 659 2340 Θεοῦ
672 2314 798 2348 γενέσθαι
814 2314 896 2342 ἔστιν·

97 2358 180 2389 ἰδεῖν,
201 2357 259 2384 ἀλλ’
276 2359 303 2384 ἐν
319 2358 400 2384 παντὶ
425 2359 573 2395 ἀνθρώπῳ
597 2361 697 2395 ὁμοίως
718 2360 772 2396 γὰρ
786 2360 842 2395 ἔχει
868 2361 882 2387 ὅ

94 2412 124 2430 τε
140 2404 249 2439 πρῶτος
266 2404 509 2437 κατασκευασθεὶς,
525 2406 571 2432 καὶ
584 2407 597 2432 ό
613 2405 766 2437 τελευταῖος
777 2405 885 2432 πάντων

95 2450 288 2485 γενησόμενος.
313 2450 342 2477 '0
356 2451 421 2484 γοῦν
439 2451 512 2478 ἆπαν
536 2451 566 2477 τὸ
585 2451 754 2488 ἀνθρώπινον
777 2452 820 2478 διὰ
835 2452 885 2487 τῆς

95 2495 307 2530 προγνωστικῆς
324 2497 494 2532 κατανοήσας
512 2497 650 2533 ἐνεργείας
661 2517 668 2529 ,
685 2498 732 2524 καὶ
753 2498 785 2532 τῇ
809 2499 886 2531 ἐσαγ-

94 2541 171 2575 γέλῳ
197 2540 273 2575 λήξει
300 2542 437 2578 τιμήσας,
459 2542 553 2578 ἐπειδὴ
572 2543 680 2578 προεῖδε
707 2543 745 2578 μὴ
770 2543 886 2569 εὐθυπο-

95 2587 199 2622 ροῦσαν
221 2587 288 2622 πρὸς
312 2589 342 2614 τὸ
367 2588 448 2614 καλὸν
475 2588 524 2624 τὴν
553 2588 728 2624 ἀνθρωπίνην
754 2588 885 2624 προαίρε-

93 2642 160 2663 σιν.
189 2633 227 2665 ὡς
255 2634 288 2660 ἂν
315 2633 352 2669 μὴ
387 2634 531 2670 κολοϐωθῇ
563 2635 594 2660 τὸ
623 2634 678 2661 τῶν
706 2634 885 2670 ἀνθρωπίνων

91 2679 190 2714 ψυχῶν
209 2679 327 2716 πλῆθος,
350 2680 475 2707 ἐκπεσὼν
503 2681 609 2707 ἐκείνου
627 2680 674 2707 τοῦ
691 2681 793 2716 τρόπον
821 2680 883 2707 καθ’

91 2725 121 2751 ὃν
148 2726 172 2751 οἱ
199 2725 309 2760 ἄγγελοι
338 2725 406 2761 πρὸς
431 2726 532 2760 πλῆθος
551 2726 719 2761 ηὐξήθησαν,
743 2727 793 2762 τὴν
816 2735 882 2752 κατ-

94 2770 211 2805 άλληλον
235 2772 291 2803 τοῖς
314 2772 353 2803 εἰς
375 2771 512 2807 ἁμαρτίας
531 2771 720 2805 agonem“:
733 2771 782 2806 τῆς
798 2771 882 2806 αὐξή-

133 2837 157 2853 ³¹
171 2836 243 2864 Psal.
262 2844 363 2868 Lxxxv,
383 2836 409 2863 1.
448 2835 469 2852 ⁸³
485 2835 557 2863 Psal.
573 2843 667 2869 cum,
682 2836 706 2863 7.

136 2895 191 2928 (99)
205 2894 282 2922 Οὔτε
345 2903 371 2921 τ.
385 2897 414 2922 .1.
432 2895 567 2930 Ῥαψῳόία
590 2896 623 2922 ab
636 2895 698 2923 aliis
713 2900 815 2922 temore
831 2895 879 2921 ad-

99 2930 170 2965 iecta
188 2931 220 2957 ad
234 2931 315 2959 linem
332 2930 471 2958 verborum
490 2931 610 2959 Camarii.
629 2931 698 2958 Sunt
715 2935 803 2958 autem
820 2931 875 2958 hare

745 2835 769 2852 "
782 2836 849 2863 ibid.
866 2835 908 2863 16.

976 1120 1070 1155 Neque
1090 1128 1154 1148 vero
1170 1120 1278 1148 divinus
1299 1127 1390 1148 sermo
1407 1120 1494 1147 falsus
1507 1123 1558 1152 est,
1576 1120 1669 1148 dicens
1682 1127 1726 1147 se-

940 1167 1060 1195 cundum
1084 1166 1230 1202 imaginem
1246 1167 1291 1194 Dei
1308 1167 1410 1194 factum
1434 1174 1495 1194 esse
1510 1166 1660 1198 hominem,
1678 1174 1726 1194 ne-

940 1220 993 1247 que
1006 1212 1169 1240 miserabilis
1183 1213 1309 1240 humanae
1323 1217 1429 1240 natura!
1444 1212 1591 1240 infelicitas
1601 1211 1725 1239 beatitati

940 1257 1115 1285 ail‘ectionum
1140 1258 1260 1293 expertis
1280 1257 1432 1285 divinitatis
1451 1262 1494 1284 est
1507 1257 1617 1284 similis.
1633 1257 1660 1284 In
1676 1256 1727 1283 ho-

940 1312 999 1331 rum
1012 1312 1129 1338 namque
1137 1304 1282 1331 collatione
1297 1311 1439 1331 necessum
1451 1309 1503 1334 est,
1515 1303 1725 1337 autpassibilem

940 1358 1000 1377 esse
1014 1350 1198 1381 divinitatem,
1211 1354 1259 1377 aut
1272 1349 1471 1376 humanitatem
1483 1347 1727 1383 impassibilennEt

939 1395 1055 1430 proinde
1071 1395 1278 1430 disquirendum
1296 1400 1348 1425 est,
1358 1394 1498 1429 quomodo
1513 1393 1723 1421 humanitasdi-

939 1441 1044 1468 vinitati
1061 1441 1158 1468 similis
1170 1441 1242 1467 dicta
1258 1440 1303 1467 sit.
1324 1439 1466 1474 Scriptura
1479 1439 1587 1473 inquit:
1609 1438 1644 1465 Et
1662 1439 1724 1473 fecit

939 1487 1009 1514 Deus
1030 1487 1170 1517 Immineat,
1194 1485 1337 1513 secundum
1351 1485 1491 1520 imaginem
1514 1484 1562 1510 Dei
1576 1484 1636 1518 fecit
1653 1492 1722 1511 tum.

939 1532 1041 1559 Deinde
1057 1531 1167 1566 subjicit
1180 1539 1186 1558 :
1204 1530 1306 1556 Marem
1318 1534 1343 1556 et
1354 1526 1479 1564 feminam
1491 1529 1552 1563 fecit
1569 1529 1640 1564 ipso:
1650 1528 1682 1554 ".
1696 1528 1725 1555 Id

938 1579 1011 1614 quod
1028 1586 1042 1605 a
1051 1579 1106 1605 Deo
1114 1577 1233 1605 alienum
1246 1575 1418 1604 est.Proinde
1429 1576 1512 1610 hujus
1525 1580 1647 1610 respectu
1656 1576 1725 1602 ima-

938 1631 1036 1659 gonOn
1051 1623 1132 1651 habet
1158 1623 1238 1658 primi
1256 1621 1421 1656 exemplaris
1431 1621 1650 1649 similitudinem.
1668 1620 1725 1647 [luo

935 1671 981 1706 jus
995 1674 1084 1696 autem
1100 1669 1201 1697 solutio
1215 1668 1277 1695 talis
1295 1667 1420 1702 quaedam
1437 1671 1480 1694 est
1497 1675 1505 1694 :
1527 1667 1629 1700 Duplex
1646 1674 1723 1702 qure-

937 1717 999 1743 dam
1018 1719 1060 1743 est
1076 1719 1181 1742 natura:
1195 1719 1296 1741 nostra;
1309 1718 1447 1741 structura
1462 1722 1469 1740 :
1486 1713 1539 1740 alia
1554 1713 1664 1748 quidem
1682 1713 1725 1739 in-

939 1762 1085 1794 tellectilis,
1099 1768 1159 1796 qua).
1172 1768 1234 1788 cum
1250 1761 1277 1788 in
1292 1760 1414 1786 omnium
1430 1760 1565 1786 honorum
1578 1758 1724 1793 participa-

938 1810 1014 1837 tione
1038 1809 1085 1841 sit,
1111 1807 1262 1835 secundum
1288 1807 1435 1841 imaginem
1458 1805 1506 1833 Dei
1537 1805 1637 1832 dicitur
1662 1812 1725 1832 esse

938 1855 1026 1888 facta;
1048 1855 1100 1882 alia
1116 1858 1205 1881 autem
1220 1853 1247 1880 in
1264 1853 1349 1880 maris
1369 1857 1397 1879 et
1414 1851 1524 1879 feminae
1543 1850 1724 1879 differentiam

938 1901 1035 1930 divisa.
1052 1899 1277 1934 Quandoquidem
1294 1903 1386 1925 autem
1407 1898 1465 1925 sola
1480 1897 1607 1924 divinitas
1621 1896 1724 1923 immu-

938 1947 1031 1975 tabilis
1043 1951 1096 1977 est,
1112 1951 1205 1972 nostra
1217 1952 1281 1970 vero
1295 1947 1392 1970 natura
1401 1942 1539 1970 mutabilis
1550 1941 1722 1976 (cmpitenim

937 2001 999 2022 esse
1022 1993 1056 2020 de
1085 1991 1195 2024 nihilo),
1215 1990 1262 2026 qui
1287 1995 1350 2017 ante
1374 1988 1575 2024 generationem
1600 1987 1722 2014 onmium

938 2040 1067 2075 pra‘scius
1097 2042 1172 2070 erat,
1207 2036 1372 2071 praacognito
1401 2035 1434 2062 ad
1460 2034 1524 2069 quid
1554 2034 1723 2061 declinatur:

938 2090 1011 2114 esset
1026 2085 1135 2120 propria
1151 2087 1283 2118 potestate
1294 2082 1423 2117 praeditus
1439 2081 1563 2108 humana:
1574 2079 1724 2106 voluntatis

938 2137 1046 2162 motus,
1061 2129 1172 2156 adhibet
1187 2128 1299 2162 opiﬁci»
1316 2125 1444 2160 imaginis
1468 2133 1539 2156 eam,
1559 2132 1620 2159 quae
1634 2127 1676 2150 est
1694 2124 1724 2150 in

938 2184 1014 2203 mare
1033 2180 1059 2202 et
1075 2175 1184 2206 femina,
1208 2172 1399 2200 differentiam.
1416 2171 1485 2198 Cum
1503 2170 1603 2197 dicitur
1619 2174 1723 2201 autem,

937 2222 1010 2257 quod
1035 2220 1130 2248 fecerit
1147 2219 1218 2246 Deus
1242 2219 1390 2249 hominem,
1403 2215 1550 2243 universali
1563 2219 1588 2242 et
1603 2215 1722 2242 indetcr-

938 2268 1041 2294 minato
1070 2265 1180 2293 nomine
1215 2263 1423 2299 significationis
1457 2262 1611 2288 universam
1647 2267 1723 2286 com-

938 2315 1033 2348 plexus
1047 2317 1090 2340 est
1110 2311 1306 2338 humanitatem
1321 2319 1327 2336 :
1343 2317 1395 2336 non
1409 2309 1482 2336 enim
1500 2315 1554 2334 una
1569 2315 1631 2334 cum
1646 2314 1723 2334 crea-

938 2352 965 2387 to
976 2366 1047 2386 nunc
1059 2357 1160 2385 mentio
1171 2357 1199 2383 fit
1211 2356 1318 2388 Adaini,
1330 2354 1559 2389 quemadmodum
1571 2353 1596 2380 in
1608 2360 1724 2387 sequen-

938 2405 1023 2435 tibus,
1035 2404 1081 2431 sed
1095 2404 1178 2430 homo
1191 2402 1348 2428 nominatur
1361 2401 1495 2427 universe.
1513 2399 1574 2425 ldco
1587 2405 1673 2433 neque
1695 2398 1722 2424 in

899 2454 902 2457 '
936 2451 996 2478 solo
1009 2448 1114 2476 Adamo
1132 2452 1299 2475 structuram
1322 2454 1382 2480 quae
1405 2445 1555 2472 secundum
1576 2444 1723 2478 imaginem

938 2496 984 2522 Dei
1010 2499 1062 2527 cst,
1080 2494 1173 2521 videre
1192 2493 1264 2522 licet,
1284 2491 1331 2518 sed
1352 2492 1378 2517 in
1395 2491 1492 2525 quovis
1505 2489 1624 2517 homine.
1639 2489 1722 2515 Simi-

936 2541 997 2568 liter
1009 2540 1081 2567 cnim
1097 2539 1211 2566 affectus
1224 2542 1266 2565 est
1280 2536 1327 2571 qui
1343 2537 1448 2570 primus
1464 2539 1506 2562 est
1523 2535 1621 2566 factus,
1638 2539 1666 2561 et
1677 2528 1731 2568 qui

937 2591 1094 2620 postremus
1111 2585 1235 2612 omnium
1251 2583 1361 2610 futurus
1379 2587 1429 2609 est.
1446 2581 1497 2614 Qui
1516 2581 1598 2615 igitur
1613 2587 1723 2607 omnem

937 2631 1138 2659 humanitatem
1160 2637 1208 2665 per
1229 2631 1494 2664 prmeognoscentem
1518 2627 1572 2654 vim
1605 2626 1722 2653 faculta-

935 2682 1043 2711 temque
1059 2683 1137 2703 suam
1163 2674 1397 2704 consideraverat.
1414 2677 1441 2699 et
1462 2673 1521 2707 pari
1538 2680 1600 2699 cum
1619 2671 1723 2706 angelis

937 2727 1010 2750 sorte
1035 2723 1229 2753 honoraverat,
1246 2719 1468 2755 quandoquidem
1486 2717 1653 2752 praevidebat
1667 2724 1721 2744 non

937 2773 1009 2796 recte
1026 2768 1210 2802 ingressuram
1236 2766 1262 2793 in
1281 2766 1353 2792 bono
1375 2765 1521 2791 humanam
1543 2763 1722 2794 voluntatem,

947 2835 970 2851 ³⁸
986 2834 1101 2862 Malach.
1119 2842 1160 2867 Ill,
1178 2834 1204 2860 6.
1243 2833 1266 2849 ³⁸
1279 2833 1347 2860 Gen.
1369 2840 1388 2865 t.
1407 2832 1453 2860 26.

932 2894 1057 2935 Nyssrni.
1090 2895 1125 2922 De
1149 2894 1260 2922 hominis
1282 2898 1433 2925 structura,
1458 2901 1517 2928 cap.
1540 2893 1570 2920 Π
1596 2897 1623 2920 ct
1650 2892 1721 2919 alius

932 2938 1044 2965 passim.
