1907 3043
188 178 256 206 HIS

187 244 220 263 ne
230 236 428 266 diminueretur
446 237 629 266 humanarum
652 238 807 267 animarum
828 239 974 268 multitudo

188 283 329 312 declinans
353 283 388 312 ab
413 284 461 311 illo
482 285 564 312 modo
586 292 642 320 quo
664 285 752 320 angeli
774 290 918 313 creverunt
945 286 972 313 in

188 329 401 361 multitudinem,
425 330 452 357 in
474 335 586 365 peccata
609 331 743 366 prolapsis
767 331 973 359 convenientem

188 379 324 408 praeparat
349 375 511 404 incrementi
531 376 677 410 rationem,
696 385 745 413 pro
766 378 889 413 angelica
908 384 974 406 eon-

189 420 353 454 versatione,
363 421 474 449 brutum
483 429 516 449 ac
523 422 640 450 rationis
650 427 789 458 expertem
798 425 973 460 propagatio-

189 465 232 493 nis
245 466 355 494 modum
371 467 498 495 humanae
512 473 616 496 natura!
629 469 754 497 tribuens
766 491 774 503 ,
791 470 971 505 quemadmo-

188 512 252 538 dum
270 512 358 547 inquit
377 512 494 541 Davides
513 523 520 541 :
545 513 632 541 Homo
657 522 718 541 cum
735 519 801 542 esset
826 515 854 542 in
875 515 973 543 honore

189 565 241 584 non
257 557 386 585 intellexit
400 558 446 585 "‘.
462 558 540 587 Unde
556 567 619 587 cum
634 559 766 594 iumentis
785 564 813 588 et
828 561 973 595 pecoribus

188 603 306 631 allinitas
334 604 380 631 illa
402 609 506 638 nostra,
524 612 714 640 saepenumero
735 605 835 634 melius
853 606 974 641 contegit

188 649 336 681 deteriore,
352 649 377 677 si
390 650 454 685 quis
468 651 590 678 animum
604 651 638 678 ad
652 651 718 679 vitia
730 651 888 680 detraxerit.
904 651 973 680 Nam

189 694 222 722 ad
235 695 415 722 vitiositatern
430 695 564 723 accedens
578 697 680 724 mentis
696 696 827 730 ellicacia,
840 697 973 733 multipli-

189 749 248 768 cem
263 749 354 768 rerum
370 741 553 769 absurdarum
566 742 782 777 procreationem
801 742 928 771 instituit.
943 742 972 771 Si

189 793 255 813 vero
269 794 286 814 a
310 787 415 814 ratione
438 787 506 814 nihil
529 787 590 821 opis
608 791 636 814 et
655 787 749 815 auxilii
765 788 900 816 vitiositas
923 788 973 816 ha-

189 831 288 865 buerit,
310 833 402 860 statim
424 832 594 860 dissolvitur.
616 832 644 860 ln
664 833 743 861 beata
760 833 843 869 igitur
861 834 907 862 illa
924 842 973 862 na-

189 882 249 904 tura
266 878 350 906 maris
364 883 391 906 et
412 877 520 906 femina:
542 879 688 907 discrimen
706 879 811 907 nullum
827 884 881 907 est.
899 879 973 913 Qua-

188 928 298 958 propter
310 931 373 951 cum
388 923 526 951 hominem
536 924 571 952 ad
584 924 730 959 imaginem
744 925 787 952 sui
800 925 972 959 concederet,

188 977 243 996 non
256 969 421 1005 augescendi
437 977 522 1005 seque
535 969 719 1004 ampliﬁcandi
736 971 792 998 vim
805 971 909 998 homini
925 971 974 999 ad-

188 1015 266 1048 didit,
287 1015 334 1043 sed
348 1023 411 1043 cum
433 1015 461 1043 in
477 1024 582 1044 marem
597 1024 630 1044 ac
646 1016 776 1044 feminam
797 1024 860 1044 eum
875 1017 974 1045 distin-

188 1065 292 1096 gueret,
310 1061 399 1096 inquit
418 1071 426 1089 :
447 1061 563 1090 Crescite
578 1067 603 1090 et
629 1063 854 1097 multiplicamini,
877 1068 902 1091 et
918 1063 972 1090 im-

188 1107 256 1140 piete
271 1112 369 1134 terram
381 1107 415 1140 ³⁷,
426 1111 454 1135 et
467 1115 529 1143 quae
541 1113 701 1143 sequuntur;
716 1117 769 1144 qua
783 1109 893 1144 quidem
906 1116 974 1136 voce

189 1152 267 1186 prius
282 1153 364 1180 etiam
381 1153 415 1180 ad
428 1153 555 1181 animalia
572 1154 653 1182 bruta
664 1153 736 1183 Deus
750 1163 818 1183 usus
832 1154 930 1183 fuerat.
943 1154 973 1182 Si

188 1199 263 1225 enim
283 1198 438 1227 istiusmodi
454 1207 507 1227 vox
526 1200 599 1228 dicta
613 1199 720 1232 fuisset,
737 1200 847 1235 quando
858 1200 885 1227 id
901 1200 972 1235 quod

189 1244 340 1271 secundum
358 1245 504 1280 imaginem
516 1249 570 1278 est,
582 1245 657 1278 fecit,
676 1253 730 1273 non
750 1245 846 1280 utique
862 1245 973 1273 animali

190 1290 365 1323 generatione
374 1291 598 1326 indiguissemus.
611 1291 717 1319 Idcirco
725 1296 814 1320 autem
821 1298 974 1327 congruens

191 1335 331 1363 hominum
346 1337 478 1364 creationi
494 1342 601 1372 tempus
618 1337 782 1371 destinavit,
797 1341 828 1366 ut
842 1345 896 1365 una
911 1345 973 1364 cum

188 1382 343 1410 animarum
374 1383 573 1418 productione,
603 1391 665 1419 qua:
692 1388 757 1412 ante
788 1384 975 1412 determinatze

189 1431 265 1460 sunt,
280 1427 369 1462 ipsum
384 1429 578 1463 eompleretur,
599 1433 711 1465 tumque
724 1434 871 1465 utrumque
883 1437 975 1458 cessa-

191 1477 241 1505 ret,
255 1477 338 1508 atque
352 1474 389 1501 ita
398 1474 475 1502 fieret
487 1474 571 1510 hujus
583 1475 704 1504 universi
714 1475 874 1503 reformatio
884 1482 916 1504 ac
928 1483 975 1511 ge—

190 1519 265 1546 neris
279 1519 391 1547 humani
406 1520 532 1554 mutatio,
548 1528 564 1548 a
577 1525 684 1548 terreno
697 1521 724 1548 in
739 1521 766 1548 id
783 1521 856 1556 quod
869 1521 975 1557 passio-

189 1564 233 1591 nis
249 1572 346 1599 expers
362 1570 414 1597 est,
434 1570 462 1593 et
473 1562 617 1594 aeternum.
636 1566 782 1594 Sciendum
795 1566 868 1602 quod
883 1567 975 1602 imago

189 1610 298 1644 quidem
318 1611 365 1638 Dei
379 1616 421 1639 est
435 1619 496 1646 quae
512 1612 541 1639 in
564 1617 622 1640 tota
639 1612 810 1640 humanitate
830 1612 976 1648 perfectio-

190 1663 251 1682 nem
265 1655 370 1684 habuit.
388 1656 479 1692 Inquit
494 1657 580 1690 enim,
596 1658 670 1693 quod
683 1657 780 1686 fecerit
797 1657 870 1685 Deus
887 1657 977 1685 homi-

191 1710 264 1735 nem,
274 1710 327 1730 non
341 1703 488 1731 Adamum.
499 1703 649 1740 Postquam
664 1710 754 1732 autem
766 1704 914 1733 addidisset
925 1705 976 1732 hu-

729 179 760 208 S.
779 179 930 208 CESARII
946 178 1110 208 GREGOBII
1128 179 1279 209 FRATRIS

1741 177 1818 206 IlI-'3

1027 248 1097 272 σεως
1125 240 1327 273 κατασκευάζει
1350 240 1485 268 ἐπίνοιαν·
1502 239 1564 268 ἀντὶ
1587 239 1636 275 τῆς
1659 237 1816 273 ἀγγελικῆς

1023 285 1161 320 διαγωγῆς
1183 284 1232 321 τὴν
1253 285 1376 322 κτηνὼδη
1393 286 1440 313 καὶ
1453 285 1550 319 ἄλογον
1570 284 1620 320 τῆς
1636 283 1666 317 ιε
1686 282 1816 318 ἀλλήλων

1024 330 1148 366 διαδοχῆς
1159 331 1263 367 τροπὴν
1275 331 1448 367 ὲμφυτεύσας
1458 332 1492 366 τῇ
1505 329 1707 366 ὰνθρωπότητι,
1718 329 1758 360 ὡς
1767 328 1815 354 λέ-

1023 384 1067 410 γει
1080 376 1170 409 Δαϐιδ,
1187 377 1233 404 καὶ
1247 378 1414 412 Ἀνθρωπος
1427 376 1463 403 ἐν
1474 375 1542 411 τιμῇ
1554 374 1596 402 ὢν
1609 375 1646 402 οὐ
1659 373 1813 408 συνῆκεν.

1024 422 1106 449 Ὅθεν
1123 423 1140 458 η
1154 423 1222 458 πρὸς
1237 423 1267 450 τὸ
1281 423 1417 458 κτηνῶδες
1438 422 1584 456 συγγένεια
1601 420 1679 456 ἡμῶν
1703 428 1812 454 συγκα-
1857 439 1861 444 .

1023 467 1119 494 λύπτει
1133 468 1263 500 πολλάκις
1278 469 1309 495 τὸ
1322 469 1444 504 κρεῖττον
1457 468 1497 503 τῷ
1511 467 1628 502 χείρονι,
1644 466 1756 493 ἐπειδάν
1767 473 1814 496 τις
1855 483 1862 497 ,

1023 513 1093 550 πρὸς
1105 513 1140 540 τὰ
1157 513 1230 549 πάθη
1249 513 1294 540 τὸν
1316 512 1378 540 νοῦν
1395 512 1560 549 καθελκύσῃ.
1577 512 1633 547 Τὴν
1655 511 1711 547 γὰρ
1734 510 1814 545 παρὰ

1022 559 1069 586 τοῦ
1083 559 1142 591 νοὸς
1153 559 1312 596 συνεργειαν
1326 559 1389 590 δοὺς
1400 558 1440 594 τῷ
1454 558 1547 590 πάθει,
1557 557 1692 592 πολύχουν
1709 556 1813 591 ἀπειρ-

1023 605 1127 640 γάσατο
1141 605 1196 632 τῶν
1211 605 1321 632 ἀτόπων
1340 604 1390 641 τὴν
1409 604 1527 638 γένεσιν.
1548 603 1580 630 Et
1600 603 1629 629 δὲ
1644 602 1694 638 τὴν
1716 602 1750 628 ἐκ
1762 600 1812 627 τοῦ

1023 650 1154 685 λογισμοῦ
1168 650 1327 686 συμμαχίαν
1340 650 1391 684 οὐχ
1407 648 1462 681 ἔξει
1474 648 1504 675 τὸ
1516 647 1601 680 πάθος
1610 668 1618 681 ,
1634 647 1739 683 ταχέως
1751 646 1812 673 δια-

1024 697 1126 724 λύεται.
1155 697 1195 733 Τῇ
1212 697 1303 732 μέντοι
1319 696 1443 732 μακαρίᾳ
1457 696 1537 732 φύσει
1554 696 1571 731 ὴ
1583 694 1655 722 κατὰ
1667 693 1752 729 ἄρρεν
1763 692 1813 718 καὶ

1023 741 1089 777 Θῆλυ
1103 741 1220 778 διαφορὰ
1234 741 1284 768 οὐκ
1304 741 1387 773 ἐστιν,
1399 740 1460 767 ὅθεν
1473 741 1527 767 οὐδ’
1541 740 1586 767 ὅτε
1599 739 1631 766 τὸ
1644 738 1704 765 κατ’
1720 737 1813 764 εἰκόνα

1022 787 1144 822 ἐποίησε,
1167 786 1229 813 τότε
1248 786 1299 822 τὴν
1321 786 1369 813 τοῦ
1384 785 1546 818 αὐξάνεσθαι
1561 785 1609 812 καὶ
1628 782 1813 818 πληθύνεσθαι

1022 833 1135 869 δύναμιν
1151 833 1191 869 τῷ
1205 832 1342 869 ἀνθρώπῳ
1355 832 1525 868 προσέθηκεν
1536 840 1544 848 ·
1556 827 1614 858 ἀλλ’
1631 830 1675 857 ὅτε
1690 829 1808 864 διέκρινε

1025 881 1058 916 τῇ
1084 879 1155 907 κατὰ
1173 879 1204 906 τὸ
1220 879 1306 915 ἄρρεν
1322 879 1370 906 καὶ
1390 879 1456 914 θῆλυ
1479 878 1612 913 διαφορᾷ,
1626 877 1689 904 τότε
1711 874 1811 910 φησὶν.

1024 926 1198 959 Αὐξάνεσθε
1207 925 1256 953 καὶ
1271 926 1475 959 πληθύνεσθε,
1485 924 1532 951 καὶ
1544 923 1579 951 τὰ
1590 922 1663 959 ἑξῆς·
1679 922 1813 958 πρότερον

1026 973 1073 1000 ἐπὶ
1088 973 1143 1000 τῶν
1155 973 1260 1007 ἀλόγων
1275 971 1351 1008 παρὰ
1363 971 1410 998 τοῦ
1426 971 1494 997 Θεοῦ
1507 970 1557 1006 τῆς
1572 968 1703 1004 τοιαύτης
1717 966 1811 1001 φωνῆς

1027 1018 1172 1055 ρηθείσης·
1192 1020 1217 1046 εί
1241 1018 1296 1054 γὰρ
1321 1019 1338 1053 ἠ
1353 1017 1466 1052 τοιαύτη
1484 1015 1559 1051 φωνὴ
1579 1014 1680 1051 ἐρρέθη
1692 1034 1700 1046 ,
1717 1014 1762 1040 ὅτε
1782 1012 1814 1038 τὸ

1027 1065 1086 1093 κατ’
1098 1065 1190 1092 είιιόνα
1202 1065 1339 1100 ἐποίησεν,
1351 1064 1402 1091 οὐκ
1414 1063 1447 1095 ἂν
1459 1064 1510 1099 τῆς
1520 1061 1644 1095 ζωώδους
1657 1059 1812 1095 γεννήσεως

1026 1111 1257 1148 προσεδεήθημεν.
1272 1111 1323 1137 Διὰ
1336 1109 1416 1136 τοῦτο
1429 1109 1457 1136 δὲ
1471 1109 1519 1136 καὶ¹
1529 1108 1574 1135 τδν
1589 1107 1748 1142 σύμμετρον
1759 1104 1813 1131 τῶν

1026 1157 1179 1193 ἀνθρώπων
1207 1156 1302 1192 χρόνον
1318 1155 1482 1190 κατενόησεν
1504 1155 1538 1189 τῇ
1553 1152 1710 1187 κατασκευῇ
1720 1170 1729 1182 .
1743 1149 1813 1176 ὥστε

1026 1204 1060 1239 τῇ
1071 1203 1180 1239 παρόδῳ
1187 1202 1242 1229 τῶν
1249 1200 1462 1237 προορισϐεισῶν
1472 1199 1565 1235 ψυχῶν
1574 1196 1814 1233 συναπαρτηθῆναι

1027 1248 1108 1275 αὐτόν
1118 1257 1125 1264 ·
1137 1248 1185 1274 καὶ
1195 1247 1255 1274 τότε
1266 1247 1361 1282 στῆναι
1372 1246 1526 1281 ἀμφότερα,
1544 1244 1592 1271 καὶ
1602 1243 1691 1274 οὕτως
1704 1242 1756 1277 τὴν
1767 1240 1815 1267 τοῦ

1027 1293 1129 1325 παντὸς
1152 1292 1374 1328 ἀναστοιχείωσιν
1395 1291 1543 1327 γενέσθαι,
1560 1290 1608 1317 καὶ
1627 1288 1745 1324 ἄμειψιν
1765 1287 1810 1314 τοῦ

1026 1339 1198 1376 ἀνθρωπίνου
1211 1340 1244 1366 ὲκ
1255 1338 1302 1366 τοῦ
1312 1337 1429 1373 γεώδους
1444 1338 1491 1364 ἐπὶ
1498 1337 1529 1363 τδ
1541 1335 1645 1367 ἀπαθὲς
1657 1334 1706 1361 καὶ
1717 1334 1812 1361 ἀΐδιον.

1034 1385 1131 1413 ’ἰστέον
1143 1385 1181 1418 δὲ,
1195 1385 1236 1412 ὅτι
1249 1386 1265 1420 ή
1281 1385 1330 1420 μὲν
1343 1383 1426 1410 είκὼν
1445 1383 1492 1410 τοῦ
1511 1382 1589 1412 Θεοῦ,
1603 1382 1621 1417 ἡ
1644 1381 1673 1407 ὲν
1693 1381 1770 1415 πάσῃ
1781 1380 1812 1414 τῇ

1026 1431 1215 1466 ἁνθρωπότητι
1233 1430 1264 1457 τὸ
1284 1429 1360 1462 τέλος
1375 1429 1469 1464 ἔσχεν·
1484 1426 1545 1455 εἷπε
1559 1427 1614 1462 γὰρ
1629 1426 1692 1458 καὶ1
1712 1426 1754 1452 r'm.
1768 1425 1813 1452 καὶ

1027 1476 1156 1512 ἐποίησεν
1164 1477 1179 1503 6
1192 1475 1258 1507 Θεὸς
1270 1475 1315 1502 τὸν
1326 1475 1480 1510 ἄνθρωπον,
1495 1472 1555 1508 οὐχὶ
1563 1472 1609 1499 τὸν
1628 1471 1725 1506 Ἀδάμ.
1737 1470 1813 1498 Μετὰ

1026 1523 1056 1550 δὲ
1064 1523 1095 1550 τδ
1102 1523 1251 1558 ἐπαγαγεῖν
1261 1522 1311 1557 τῆς
1322 1521 1494 1558 ἀνθρωπίνης
1506 1520 1613 1555 φύσεως
1624 1518 1659 1545 τὰ
1670 1516 1812 1553 ίδιώματα,

1027 1568 1112 1603 ἠγουν
1127 1567 1157 1594 τὸ
1173 1567 1256 1604 ἄρσεν
1279 1567 1327 1594 καὶ
1351 1567 1417 1601 θῆλυ
1428 1586 1435 1598 ,
1450 1566 1511 1592 τότε
1536 1564 1714 1599 ἐπωνόμασεν
1735 1562 1814 1589 αὐτὸν

1035 1613 1138 1649 Ἀδὰμ,
1162 1613 1223 1649 ἦτοι
1245 1613 1339 1648 γήϊνον
1361 1612 1486 1647 πλάσμα,
1502 1609 1643 1646 Ἐϐραϊστί
1656 1617 1663 1623 ·
1688 1607 1782 1639 καθὼς
1800 1608 1814 1633 6

1029 1659 1135 1691 Παῦλος
1150 1659 1194 1686 διὰ
1208 1659 1257 1695 τῆς
1276 1658 1401 1691 Ἑλλάδος
1422 1657 1513 1694 φωνῆς
1542 1656 1647 1691 χοτκὸν
1659 1653 1744 1681 αὑτὸν
1757 1653 1813 1680 ὀνο-

1031 1703 1123 1740 μάξει.

191 1758 278 1778 Inanis:
295 1757 397 1779 natura:
412 1753 600 1788 proprietates,
622 1753 747 1781 videlicet
766 1761 871 1781 marem
884 1756 912 1780 et
928 1752 1069 1784 feminam,
1088 1756 1153 1779 tunc
1173 1755 1202 1779 et
1225 1758 1323 1778 nomen
1342 1749 1438 1777 Adami
1455 1748 1566 1784 adjecit,
1586 1747 1661 1784 quod
1685 1751 1814 1775 terrestre

190 1796 349 1832 ﬁgmentum
370 1797 515 1833 signiﬁcat,
531 1798 559 1824 in
575 1798 667 1833 lingua
684 1797 808 1831 Hebma,
825 1798 896 1826 sicut
914 1797 1016 1826 Paulus
1028 1797 1122 1826 Gmca
1136 1803 1203 1824 voce
1216 1796 1365 1832 pulvereum
1384 1795 1473 1830 ipsum
1487 1794 1610 1822 nominat
1621 1793 1654 1822 ³³.

397 1853 654 1882 INTERROGATIO
673 1854 775 1882 CLVII.

226 1911 300 1938 Idem
324 1911 404 1940 nobis
425 1911 534 1940 videtur
554 1919 616 1940 esse
637 1919 714 1939 mens
726 1916 753 1939 et
771 1911 873 1938 anima.
896 1910 975 1944 Quod

190 1956 263 1984 enim
277 1962 319 1985 est
330 1958 427 1995 oculus
440 1957 468 1986 in
483 1965 608 1993 corpore,
620 1957 647 1985 id
660 1958 774 1984 omnino
786 1965 864 1984 mens
876 1957 903 1984 in
917 1957 977 1984 ani-

192 2011 237 2030 ma
255 2004 443 2038 inaspectabili
460 2009 513 2036 est,
527 2009 554 2031 et
568 2004 626 2039 ipsa
649 2003 865 2038 inaspectahilis,
883 2002 979 2031 invisi-

191 2049 255 2076 hilis
269 2049 414 2078 exsistens.
429 2050 525 2085 Itaque
547 2051 618 2080 scire
633 2049 771 2085 cupimus,
785 2057 820 2076 an
843 2057 922 2077 mens
942 2049 979 2077 sit

191 2095 343 2122 secundum
359 2095 505 2129 imayinem
520 2095 578 2123 Dei.

506 2141 659 2178 Responsio.
698 2147 701 2150 '

226 2186 265 2215 Ne
282 2194 360 2215 mens
375 2187 486 2222 quidem
501 2192 529 2215 et
541 2187 632 2214 anima
648 2186 798 2215 secundum
820 2194 910 2214 meam
931 2186 978 2214 de-

189 2233 413 2262 terminationem
438 2233 509 2260 idem
532 2238 606 2261 sunt.
631 2232 713 2266 Quod
737 2233 760 2260 si
784 2232 872 2267 ipsam
894 2232 976 2260 etiam

189 2280 264 2308 aliud
280 2270 408 2315 quiddam
424 2280 458 2307 ab
469 2280 561 2307 anima
573 2280 712 2307 diversum
727 2281 796 2307 ratio
807 2278 979 2306 demonstra-

191 2326 270 2357 verit,
284 2334 372 2361 neque
383 2325 424 2354 sic
438 2326 490 2353 erit
509 2325 599 2360 imago
615 2324 675 2358 Dei,
690 2332 752 2359 quae
764 2324 935 2359 corruptioni
951 2328 979 2351 et

189 2371 366 2400 mutabililati
385 2371 491 2403 subest,
503 2369 734 2405 quemadmodum
756 2369 845 2403 inquit
865 2368 975 2396 sublimi

191 2422 281 2445 mente
295 2417 425 2453 praeditus
437 2417 600 2452 Apostolus:
614 2415 734 2443 Cantabo
747 2415 852 2450 spiritu,
865 2417 977 2442 cantabo

188 2469 214 2492 et
230 2469 313 2491 nteute
325 2463 358 2497 ³³,
381 2463 507 2498 spiritum
527 2462 647 2489 animam
662 2469 725 2489 esse
739 2461 883 2492 deﬁniens,
900 2467 978 2487 tuen-

189 2515 243 2538 tem
260 2515 351 2537 autem
367 2509 427 2544 ejus
441 2508 618 2543 principalem
635 2513 663 2535 et
675 2507 895 2542 gubernatricem
909 2507 976 2539 vim,

187 2555 231 2582 cui
247 2554 378 2582 obedicns
393 2558 420 2581 ct
435 2554 507 2581 velut
518 2553 573 2588 regi
595 2552 623 2579 in
638 2552 726 2587 capite
741 2551 894 2586 praesidenti
911 2550 977 2578 sub-

189 2602 245 2628 limi
269 2601 332 2628 duci
357 2601 462 2627 interna
483 2599 574 2627 cordis
595 2598 712 2626 consilia
727 2597 862 2629 deferens,
880 2596 975 2624 multis

189 2653 270 2682 calitu
294 2646 412 2674 difﬁcilis
437 2649 490 2678 est,
517 2652 673 2680 repugnans
689 2643 847 2679 cogitationi
873 2643 976 2677 cogita-

190 2695 265 2721 tione
289 2692 511 2727 superveniente,
534 2695 562 2718 et
588 2697 636 2725 per
658 2689 905 2717 considerationem
927 2687 976 2714 de-

191 2740 309 2767 mentiae.
335 2739 378 2766 Ea;
403 2738 480 2765 corde
510 2737 581 2764 enim
608 2736 777 2771 egrediuntur
804 2735 977 2770 cogitationes

191 2787 270 2814 mulce
280 2788 314 2820 δ’,
334 2787 423 2822 inquit
438 2785 581 2813 Dominus.
595 2783 626 2811 Si
643 2784 724 2819 igitur
735 2783 911 2818 impugnante
927 2789 978 2809 nos

193 2833 356 2868 cogitatione
365 2841 398 2861 ex
410 2832 503 2864 corde,
516 2830 726 2867 opposuerimus
741 2829 978 2865 supervenientem

1308 1853 1432 1880 ΠΕΥΣΙΣ
1449 1852 1532 1879 PNZ'.

1063 1912 1168 1939 Ταυτδν
1192 1911 1258 1947 ἡμῖν
1277 1911 1353 1938 δοκεῖ
1372 1911 1387 1938 ό
1401 1910 1464 1942 νοῦς
1480 1910 1528 1938 καὶ
1540 1910 1558 1945 ἡ
1576 1909 1659 1946 ψυχή.
1681 1911 1715 1937 '0
1729 1910 1784 1946 γὰρ
1799 1911 1813 1937 6

1027 1957 1166 1992 ὀφθαλμὸς
1179 1957 1209 1983 ὲν
1221 1955 1260 1991 τῷ
1275 1955 1382 1992 σώματι
1399 1955 1447 1988 ὢν,
1463 1955 1510 1983 καὶ
1528 1955 1596 1982 αὐτὸ
1613 1955 1694 1982 τοῦτο
1706 1956 1813 1987 πάντως

1025 2002 1088 2035 νοῦς
1104 2003 1134 2029 ἐν
1147 2003 1180 2037 τῇ
1204 2001 1312 2038 ἀοράτῳ
1333 2001 1426 2036 ψυχῇ,
1444 2001 1560 2037 ἀόρατος
1583 2000 1621 2027 ὢν
1642 2001 1690 2028 καὶ
1713 2001 1811 2032 αὑτός·

1024 2049 1088 2076 ἐπεὶ
1098 2048 1282 2086 ὴρωτήσαμεν
1291 2048 1316 2075 εί
1324 2048 1339 2074 6
1351 2047 1414 2080 νοῦς
1425 2047 1543 2083 ὑπάρχει
1556 2048 1616 2074 κατ’
1627 2047 1722 2075 είκόνα
1735 2046 1810 2074 Θεοῦ.

1335 2145 1513 2180 Ἀπόκρισις.

1066 2193 1133 2220 οὐδὲ
1147 2193 1162 2219 6
1176 2191 1238 2224 νοῦς
1256 2193 1304 2219 καὶ
1321 2193 1339 2227 ἡ
1360 2190 1433 2226 ψυχὴ
1453 2190 1524 2218 κατά
1544 2198 1576 2225 γε
1594 2191 1641 2217 τὸν
1663 2190 1731 2226 ἐμὸν
1754 2190 1812 2226 ὅρον

1029 2239 1127 2266 ταυτὸν
1141 2238 1267 2274 ὑπάρχει.
1282 2237 1313 2264 Εἰ
1326 2238 1354 2264 δὲ
1364 2237 1410 2263 καὶ
1421 2237 1513 2273 ἕτερόν
1525 2245 1552 2263 τι
1564 2235 1641 2271 παρὰ
1651 2236 1702 2272 τὴν
1716 2236 1812 2271 ψυχὴν,

1030 2285 1045 2311 6
1057 2285 1135 2318 λόγος
1150 2283 1231 2310 αὑτὸν
1249 2283 1395 2316 ἀποδείξει,
1408 2283 1462 2310 οὐδ’
1479 2282 1566 2314 οὕτως
1582 2281 1665 2309 εἰκὼν
1679 2282 1757 2309 ἔσται
1769 2281 1811 2309 τοῦ

1030 2329 1108 2359 Θεοῦ,
1122 2331 1136 2356 6
1148 2329 1235 2365 φθορᾷ
1248 2329 1295 2356 καὶ
1306 2328 1446 2356 ἀλλοιώσει
1460 2328 1656 2363 κρατούμενος,
1666 2328 1759 2360 καθώς
1770 2337 1814 2362 φη-

1030 2383 1072 2402 σιν
1082 2376 1096 2402 6
1108 2375 1209 2410 ὑψηλὸς
1220 2375 1389 2406 Ἀπόστολοςυ
1406 2374 1497 2402 Ψαλῶ
1505 2373 1545 2407 τῷ
1559 2374 1716 2409 πνεύματι,
1729 2373 1814 2408 ιιι-ιι.ιὼ

1030 2421 1079 2447 καί
1094 2420 1134 2453 τῷ
1146 2421 1210 2448 νοΐ·
1228 2420 1338 2456 πνεῦμα
1351 2419 1400 2456 τὴν
1413 2419 1503 2454 ψυχὴν
1521 2418 1680 2454 ὁριζόμενος
1689 2439 1697 2449 ,
1711 2419 1775 2445 νοῦν
1788 2418 1814 2444 δὲ

1027 2467 1075 2494 τὸν
1097 2467 1183 2502 αὐτῆς
1197 2467 1319 2502 ἡγεμόνα
1330 2487 1338 2499 ,
1364 2466 1412 2493 καὶ
1427 2465 1562 2501 πρύτανιν
1575 2473 1582 2480 ·
1602 2461 1625 2499 ᾧ
1644 2465 1793 2492 ὑπείκουσα
1806 2484 1813 2495 .

1029 2513 1076 2540 καὶ
1091 2512 1186 2547 ὥσπερ
1207 2511 1312 2547 βασιλεῖ
1329 2511 1369 2547 τῷ
1384 2511 1414 2538 ἐν
1431 2512 1466 2547 τῇ
1488 2511 1593 2546 κεφαλῇ
1615 2510 1814 2546 προκαθημένῳ

1029 2557 1124 2593 ὑψηλῷ
1136 2557 1251 2593 ἡγεμόνι
1262 2557 1297 2583 τὰ
1307 2556 1438 2592 ἐγκάρδια
1451 2556 1622 2591 βουλεύματα
1631 2556 1814 2591 ἀναφέρουσα,

1028 2603 1180 2635 δυσάλωτος
1208 2604 1264 2633 τοῖς
1289 2602 1397 2634 πολλοῖς
1419 2602 1545 2637 γίνεται·
1569 2601 1815 2637 ἁντιστρατεύουσα

1028 2649 1074 2675 τὸν
1090 2647 1265 2683 ἐπιλογισμὸν
1274 2648 1312 2683 τῷ
1319 2647 1451 2683 λογισμῷ,
1460 2647 1507 2674 καὶ
1519 2646 1568 2682 τὴν
1578 2647 1700 2673 ἐπίνοιαν
1707 2648 1741 2682 τῇ
1751 2647 1814 2673 ἁπιε

1029 2693 1099 2729 νοίᾳ.
1114 2693 1161 2721 Ἐκ
1172 2693 1226 2728 γὰρ
1235 2692 1290 2726 τῆς
1301 2691 1425 2726 καρδίας
1442 2691 1616 2726 ἐξέρχονται
1627 2689 1813 2726 διαλογισμοὶ

1029 2737 1166 2772 πονηροὶ,
1190 2737 1271 2772 φησὶν
1291 2737 1306 2763 6
1327 2737 1440 2772 Κύριος.
1462 2736 1525 2763 Ἐὰν
1542 2734 1589 2763 οὖν
1609 2735 1813 2771 πολιορκοῦντος

1031 2785 1104 2820 ἡμᾶς
1117 2783 1165 2811 τοῦ
1180 2784 1212 2810 ὲκ
1222 2784 1271 2819 τῆς
1288 2783 1401 2819 καρδίας
1413 2782 1556 2818 λογισμοῦ,
1569 2782 1759 2817 ἀντιτάξωμεν
1771 2781 1812 2808 τὸν

1032 2831 1207 2867 ἐπιλογισμὸν
1223 2832 1256 2858 ὲκ
1279 2830 1326 2857 τοῦ
1341 2829 1403 2860 νοῦ,
1426 2828 1509 2855 οἱονεὶ
1530 2827 1563 2854 ἐκ
1582 2827 1715 2863 βασιλέως
1732 2834 1811 2854 κατα-

231 2916 264 2933 "'
280 2916 352 2945 Psal.
365 2923 460 2950 sum,
478 2916 522 2950 13,
541 2915 586 2942 2|.
627 2915 647 2932 ³⁷
665 2914 731 2943 Gen.
750 2922 768 2949 I,
788 2914 832 2941 28.
870 2914 892 2930 "
916 2913 926 2940 Ι
945 2913 1008 2942 Cor.
1030 2920 1074 2947 xv,
1090 2911 1134 2939 l8.
1173 2910 1194 2926 ⁷³
1210 2909 1219 2937 l
1234 2910 1295 2938 Cor.
1317 2916 1372 2940 xw,
1393 2907 1433 2934 15.
1472 2906 1494 2921 ⁵ο
1510 2905 1605 2933 Manu.
1624 2913 1670 2940 xv,
1685 2905 1728 2933 l9.
