1907 3043
76 193 140 221 IH7

74 252 167 289 πεμφθ
174 252 238 281 bna
252 253 343 289 νόμον,
358 253 455 280 θᾶττον
469 253 568 289 ἠρεμεῖ
583 253 614 280 τὸ
630 253 717 285 πάθος
729 262 736 269 ·
759 253 806 280 καὶ
820 252 869 280 ἐὰν

74 302 107 335 τῇ
120 300 239 335 ἀπονοίᾳ
252 300 302 335 τὴν
314 301 435 327 ἐπίνοιαν
449 300 652 335 ὲπεισάγωμεν,
663 298 742 332 αὖθις
752 300 867 328 κατεάσ-

77 353 151 371 σεται
176 345 194 380 ἡ
210 337 312 380 οῖδησις
325 344 376 380 τῆς
395 344 563 381 ὑπεροψίας·
586 345 633 371 καὶ¹
650 346 664 371 ὁ
677 344 800 380 βρασμὺς
818 344 866 371 τοῦ

78 390 166 425 θυμοῦ
185 390 381 422 κατευνάζεται
398 398 431 416 πε
437 390 463 424 pl
476 390 507 417 τδ
520 390 650 425 δύστηνον
668 389 748 425 σῶμα
758 389 867 424 παφλά-

79 437 145 467 ζων.
176 436 305 463 Ἀπόνοια
319 436 373 472 γὰρ
396 436 515 463 ἀπουσία
530 437 647 472 ὑπάρχει
667 436 715 463 τοῦ
737 436 800 468 νοῦ,
819 437 869 472 τῆς

78 482 169 517 ψυχῆς
192 481 390 519 ἀπωθουμένης
414 482 497 509 αὐτοῦ
518 482 567 517 τὴν
586 482 740 518 καθήγησιν
763 483 791 509 ἐν
812 483 869 514 τοῖς

79 528 241 562 πρακτέοις,
255 528 302 554 καὶ
314 528 527 564 προσχωρούοης
541 527 579 563 τῷ
589 529 726 564 ὑποφήτῃ.
749 528 870 555 Ἐπίνοια

79 575 108 600 δὲ
129 575 248 610 ὑπάρχει
268 574 441 610 ἐπιφοίτησις
463 576 511 602 καὶ
530 575 662 612 ἐπαγωγὴ
675 575 722 602 τοῦ
742 576 789 602 νοῦ
802 584 809 591 ·
824 576 871 602 καὶ

79 619 239 654 νουθέτησις
265 619 282 654 ὴ
297 619 371 651 θέσις
388 619 435 646 τοῦ
448 619 494 647 νοῦ
507 628 514 636 ’
533 620 567 655 ἢν
586 620 737 648 ἐντίθενται
753 621 779 647 οἱ
802 621 871 648 καο-

79 665 183 704 ηγηταὶ
194 666 250 698 τοῖς
258 666 409 702 φοιτηταῖς,
422 665 609 699 νουθετοῦντες
621 666 729 699 αὐτούς.

362 766 485 793 ΠΕΥΣΙΣ
506 767 594 794 PNII‘.

117 811 152 843 Τί
167 808 232 845 οὖν;
247 811 272 838 οἱ
288 811 372 847 μηδὲν
389 811 532 845 μαθόντες,
548 812 594 840 τὸν
603 813 666 840 νοῦν
682 813 731 841 οὐκ
746 814 871 850 έχουσιν;

385 899 568 936 Ἀπόκρισις.

118 953 232 989 Ἔχουσι
257 954 323 989 μὲν,
348 955 452 983 ὲοίκασι
471 956 500 983 δὲ
523 959 580 989 τοῖς
601 958 762 994 ρυπώμοσιν
781 959 834 995 (Ι),
852 960 870 995 ἠ

81 999 252 1034 ρακαμφίοις
263 1019 271 1032 ,
291 1000 384 1036 ἐσθῆτι
401 1001 452 1036 μὲν
472 1001 692 1038 περικειμένοις,
708 1004 870 1040 διεῤῥωγότι

79 1045 110 1072 δί
132 1045 179 1071 καὶ
204 1045 305 1081 ἀτίμῳ.
325 1045 387 1073 Ὅτι
420 1044 468 1074 οὖν
489 1048 584 1083 ἓτερον
607 1048 684 1084 παρά
707 1048 757 1085 τὴν
781 1049 871 1085 ψυχὴν

81 1091 215 1128 ὑπάρχειν
226 1091 272 1118 τὸν
285 1091 357 1126 νοῦν,
366 1093 516 1129 ἀξιοπίστῳ
532 1095 651 1131 μάρτυρι
663 1094 702 1130 τῷ
717 1095 871 1131 ’Δποστόλῳ

80 1137 265 1176 χρησάμενος,
279 1138 408 1175 ἀνωτέρω
423 1140 562 1174 ἀπέδειξα.
578 1141 610 1167 Εἰ
629 1140 657 1168 δὲ
673 1143 871 1177 ἐναργεστέραν

82 1184 148 1214 tam;
162 1183 341 1219 καραδοκεῖτε
352 1185 500 1219 ἀπόφασιν,
519 1186 657 1222 ἀθρήσατέ
674 1195 720 1222 μοι
731 1187 795 1219 τοὺς
810 1196 872 1223 μαι-

80 1229 211 1264 νομένους
233 1229 281 1256 καὶ
296 1229 450 1265 ἔκφρονας,
474 1231 523 1263 τὰς
548 1232 599 1267 μὲν
622 1232 711 1268 ψυχὰς
736 1232 869 1269 ἔχοντας,

80 1275 126 1302 τὸν
150 1275 179 1302 δὲ
202 1275 264 1302 νοῦν
289 1276 327 1312 μὴ
351 1276 481 1311 ἔχοντας·
502 1278 571 1314 ὅπερ
595 1279 713 1315 ὑπάρχει
739 1280 869 1308 ἀπόνοιιν

80 1321 287 1354 ἁποσφαλέντος
305 1322 397 1354 αὐτοῖς
417 1322 465 1351 τοῦ
494 1323 558 1356 νοῦ,
588 1324 696 1360 ὀχληρῷ
719 1333 774 1352 τινι
799 1335 871 1361 παρ-

79 1366 226 1399 ωσθέντος.
243 1368 299 1395 Θέα
323 1377 370 1403 μοι
392 1369 516 1401 καὶτοὺς
532 1370 708 1404 ὑποτίτθους,
731 1372 871 1408 ἐμψύχους

82 1413 143 1447 μὲν,
161 1412 226 1439 νοῦν
239 1413 269 1440 δὲ
283 1413 321 1449 μὴ
333 1413 454 1450 ἔχοντας,
473 1414 549 1442 οὔπω
560 1415 609 1450 τῆς
623 1416 764 1449 νουθεσίας
779 1418 871 1450 αὐτοῖς

81 1458 158 1494 παρὰ
175 1458 244 1485 Θεοῦ
255 1459 415 1495 γενομένης,
433 1460 477 1488 διὰ
488 1460 519 1487 τὸ
530 1461 623 1493 ἀτελὲς
638 1462 686 1489 καὶ
695 1463 871 1491 ἀνεπίδεκτον

80 1504 130 1538 τῆς
143 1503 267 1538 φύσεως·
279 1504 298 1531 ἃ.
313 1505 359 1531 καὶ
374 1506 450 1540 παρά
461 1506 511 1541 τὴν
523 1507 570 1533 τοῦ
586 1507 632 1534 νοῦ
647 1509 792 1541 ἀπουσίαν,
806 1509 872 1536 πολ-

80 1550 161 1581 λάκις
177 1550 310 1586 φασγάνῳ
325 1552 529 1586 περιχαίνοντα,
547 1553 564 1588 ἢ
589 1553 663 1589 ὑάλῳ
674 1574 682 1586 ,
698 1555 715 1590 ἡ
729 1564 801 1587 τινος
820 1565 870 1582 κα-

81 1595 130 1622 κοῦ
160 1595 199 1628 ὡς
225 1596 327 1631 ἀγαθοῦ
366 1598 584 1634 ἀπαρυσάμινα.
612 1600 708 1628 θᾶττον
735 1602 870 1629 οἴκτιστον

81 1642 275 1677 ἀπηνέγκαντο
288 1643 413 1678 θάνατον,
431 1644 478 1680 βίᾳ.
497 1645 544 1672 τοῦ
561 1644 611 1681 ζῇν
628 1646 818 1683 ἀπορραγέντα
835 1649 868 1683 τῇ

81 1688 210 1724 ἀπονοίᾳ.

364 1776 489 1805 ΠΕΥΣῘΣ
503 1777 590 1807 ΡΝΕΥ.

118 1832 226 1859 Οὐκοῦν
237 1852 245 1864 ,
270 1833 295 1860 εί
311 1833 360 1868 τῆς
377 1834 466 1872 ψυχῆς
489 1835 600 1873 ἡγεμὼν
624 1837 640 1862 ὁ
657 1836 717 1869 νοῦς
736 1837 871 1873 ὑπάρχει,

85 1878 132 1905 καὶ
151 1880 186 1914 τῇ
203 1879 254 1914 μὲν
271 1879 406 1916 παρουσίᾳ
420 1880 514 1907 τούτου
531 1881 684 1916 σωζόμεθα,
698 1884 732 1917 τῇ
748 1883 776 1909 δὲ
787 1884 872 1910 ἀπου-

84 1925 131 1960 οίςι
155 1924 288 1960 μηδαμῶς
302 1933 309 1940 ·
326 1926 436 1957 πάντως
456 1927 522 1962 ἡμῖν
544 1927 575 1954 ὲν
599 1927 688 1964 τούτῳ
703 1928 822 1964 ὑπάρχει
842 1929 873 1956 τὸ

85 1971 146 1998 κατ’
163 1971 256 1999 εἰκόνα
269 1971 348 2005 Θεοῦ,
365 1971 402 2004 ὡς
416 1973 559 2007 σωτήριον.

391 2061 573 2095 Ἀπόκρισις.

120 2116 153 2143 Ei
172 2116 221 2143 καὶ
239 2116 362 2152 ἡγεμόνα
381 2117 432 2152 τῆς
447 2117 538 2153 ψυχῆς
561 2118 630 2155 ἔφην
650 2119 696 2146 τὺν
717 2119 790 2152 νοῦν,
814 2120 874 2148 ἀλλ’

85 2161 166 2195 αὖθις
181 2164 257 2200 παρὰ
278 2164 362 2191 τόπον
377 2164 455 2201 ἔφην,
480 2165 541 2201 μηδ’
563 2166 646 2194 αὑτὸν
661 2167 796 2203 ὑπάρχειν
813 2169 874 2194 κατ’

86 2210 179 2236 εἰκόνα
195 2209 273 2236 Θεοῦ.
293 2210 357 2242 Πῶς
379 2210 434 2246 γὰρ
446 2210 523 2238 ἔσται
537 2211 620 2238 είκὼν
634 2212 681 2239 τοῦ
705 2213 844 2250 ἀφθάρτου
860 2215 875 2241 ὁ

85 2256 208 2290 φθαρτὸς
234 2257 282 2283 καὶ
304 2257 467 2292 εὐχείρωτος
478 2278 486 2290 ,
511 2259 526 2284 ό
543 2259 717 2294 αίχμάλωτος
733 2261 780 2287 τοῦ
798 2261 873 2296 ισχυ-

87 2301 151 2336 ροῦ,
168 2301 215 2327 καὶ
230 2302 272 2328 ἀεὶ
291 2302 422 2334 ὡσαύτως
445 2303 583 2339 ἀτρέπτου
610 2305 752 2340 μένοντος;
774 2306 803 2333 '0
819 2307 874 2342 γὰρ

85 2349 136 2384 τὴν
156 2347 367 2383 παρωθούμενος
378 2369 386 2381 ,
410 2348 427 2384 ἢ
443 2349 491 2376 τοῦ
513 2349 669 2385 αἱρεθέντος
682 2351 732 2387 τὴν
750 2352 875 2385 ἐξουσίαν

85 2394 115 2420 οὺ
140 2394 223 2429 μόνος
239 2393 320 2428 ἔχων,
341 2394 399 2421 ἀλλ’
417 2395 578 2437 ὑποχωρῶν,
602 2396 619 2432 ἧ
641 2399 875 2435 συγκαταπίπτων

86 2440 125 2475 τῷ
151 2440 253 2475 χείρονι
266 2460 274 2470 ,
295 2441 346 2466 οὑκ
364 2441 398 2467 ἂν
416 2441 492 2468 ἕσται
512 2443 593 2469 είκὼν
612 2443 658 2470 τοῦ
683 2444 810 2477 ἀκὶιινοῦς
828 2446 876 2473 καὶ

86 2484 251 2521 ἀχειρώτου.
270 2486 382 2518 Τούτοις
395 2486 424 2513 δὲ
439 2487 453 2513 ὁ
471 2486 534 2519 νοῦς
549 2489 579 2514 ὲν
600 2489 756 2525 παραδείσῳ
779 2490 877 2517 ὑπέκυ-

84 2530 148 2565 ψεν,
174 2530 193 2565 ἢ
215 2530 376 2566 ὑπεχώρησε
392 2533 425 2567 τῇ
442 2533 580 2569 συμὸουλῇ
602 2534 650 2560 τοῦ
665 2535 762 2568 ὄφεως.
784 2535 800 2571 ἢ
823 2537 878 2563 ἀπ-

85 2575 188 2606 ωσθεὶς
197 2575 252 2602 ἀπὸ
263 2576 313 2611 τῆς
325 2577 425 2612 ψυχῆς,
435 2578 452 2613 ἦ
469 2580 685 2612 συγκαταπεσὼν
697 2581 776 2618 αὐτῇ.
790 2582 877 2618 Ὅπερ

86 2619 176 2655 δηλῶν
193 2620 209 2646 ό
232 2620 379 2656 ὑψηλόνους
399 2622 558 2656 ’Δπόστολός
576 2633 653 2660 φησι·
673 2626 820 2661 Φοϐοῦμαι
836 2627 877 2662 μὴ

87 2666 185 2693 πάλιν
190 2666 287 2693 ἐλθὼν
298 2667 391 2702 θὸφις
403 2668 547 2704 ἀπατήσῃ
557 2669 642 2705 τινὰς
650 2671 741 2706 ὑμῶν,
748 2673 797 2700 καὶ
806 2675 878 2708 φθαν-

84 2712 124 2746 ρῇ
143 2713 180 2739 τὰ
193 2713 328 2748 νοήματα
350 2715 443 2749 ὑμῶν·
457 2716 571 2751 ἑτέρωθι
583 2717 612 2744 δὲ
620 2718 684 2750 τοὺς
696 2719 746 2755 ἤδη
761 2720 875 2753 ἁλόντας

89 2759 230 2794 κωμῳδῶν
257 2768 356 2795 φησιν·
376 2761 536 2795 Ἄνθρωποι
558 2765 791 2799 κατεφθαρμένοι
819 2766 872 2793 τὸν

124 2829 146 2845 ⁸·
166 2828 189 2859 ιι
200 2828 265 2861 Cor.
284 2837 323 2862 τι,
337 2829 365 2857 5.

777 190 950 221 DIALOGUS
969 191 1012 219 IlI.

1641 185 1710 216 1118

914 252 1109 288 cogitationem
1128 259 1161 279 ex
1178 255 1279 282 mente.
1306 253 1435 284 tanquam
1459 256 1474 276 a
1498 248 1560 283 lege
1580 247 1710 275 emissam

917 299 1015 334 legem,
1029 298 1111 326 citius
1124 297 1242 332 quiescit
1255 296 1384 329 alfectus;
1398 300 1426 323 et
1438 294 1461 322 si
1480 293 1625 321 dementia:
1642 300 1711 320 eou-

918 344 1116 372 siderationem
1130 343 1417 378 superinduxerimns,
1431 341 1505 368 illico
1514 339 1622 367 desinet
1632 337 1710 365 inIla-

918 390 957 418 tio
981 389 1162 425 arrogantiae.
1192 393 1220 416 et
1242 387 1448 416 eITervescentia
1480 387 1528 414 im
1552 385 1714 419 censopitnr

919 435 992 463 circa
1010 443 1110 471 corpus
1121 434 1216 462 infelix
1230 434 1332 469 ubique
1354 434 1473 461 fervens.
1489 431 1630 459 Dementia
1638 430 1711 458 enim

919 482 1041 510 absentia
1057 482 1158 509 mentis
1172 485 1225 514 est,
1240 481 1332 508 anima
1350 479 1501 515 repellente
1514 478 1574 513 ejus
1591 475 1713 512 discipli-

919 536 982 555 nam
1001 528 1027 555 in
1044 528 1126 555 rebus
1141 527 1264 562 agendis,
1288 532 1316 554 et
1332 526 1480 554 accedente
1495 524 1530 551 ad
1553 523 1638 551 alium
1654 529 1713 549 ma-

920 574 1047 609 gistrum.
1067 572 1259 601 Consideratio
1271 578 1362 600 autem
1381 576 1424 598 est
1443 577 1573 598 accessus
1586 573 1614 597 et
1636 575 1714 595 man-

920 619 1054 648 suelactio
1074 619 1186 652 mentis,
1215 623 1243 645 et
1263 617 1414 645 admonitio
1434 621 1477 644 est
1507 614 1586 650 quasi
1614 613 1715 641 mentis

920 664 1032 698 positio.
1047 671 1128 699 quam
1153 663 1252 690 indunt
1279 665 1461 698 praeceptores
1478 659 1631 695 discipulis.
1647 658 1712 686 dum

921 710 996 745 ipsos
1011 710 1171 737 admonent.

1117 763 1380 793 INTERROGATIO
1404 762 1519 791 CLVIII.

959 811 1029 839 Num
1051 811 1134 847 igitur
1156 811 1204 846 qui
1226 810 1297 838 nihil
1325 810 1492 842 didicerunt,
1515 813 1634 836 mentem
1657 814 1713 834 non

922 859 1025 887 habent
1035 857 1047 884 ?

1243 901 1402 937 Responsio.

957 959 1063 987 Habent
1074 958 1196 994 quidem,
1219 958 1268 986 sed
1287 957 1465 992 squaloribus
1486 960 1535 984 aut
1553 955 1715 983 indumento

920 1006 1011 1033 lacero
1036 1005 1143 1032 vestitis
1166 1004 1283 1035 similes,
1309 1003 1358 1039 qui
1385 1007 1462 1031 veste
1487 1002 1598 1037 quidem
1621 999 1715 1028 amicti

920 1055 995 1084 sunt,
1025 1050 1073 1078 sed
1099 1054 1229 1085 corrupta
1255 1054 1283 1077 et
1314 1048 1511 1084 ignominiosa.
1536 1047 1623 1075 Porro
1641 1046 1715 1082 quod

919 1096 993 1123 aliud
1010 1095 1152 1131 quiddam,
1174 1103 1257 1131 quam
1276 1095 1382 1128 anima,
1403 1094 1439 1122 sit
1455 1102 1544 1125 mens,
1560 1093 1613 1120 lide
1631 1092 1716 1128 digno

920 1151 987 1170 usus
1005 1147 1075 1170 teste
1095 1141 1239 1177 Apostolo,
1263 1148 1347 1176 supra
1370 1138 1570 1168 demonstravi.
1588 1138 1667 1171 Quod
1690 1137 1715 1165 si

919 1189 1111 1217 evidentiorem
1123 1188 1291 1223 exspectatis
1302 1186 1576 1219 demonstrationem,
1586 1184 1715 1213 conside-

920 1240 979 1263 rate
994 1235 1061 1262 mibi
1075 1235 1186 1263 insanos
1203 1239 1231 1262 ct
1242 1238 1333 1262 mente
1345 1237 1453 1268 captos,
1469 1232 1516 1266 qui
1532 1231 1639 1258 animas
1654 1230 1718 1266 qni-

919 1281 981 1309 dcm
1003 1281 1115 1313 habent,
1136 1284 1254 1307 mentem
1270 1287 1324 1306 non
1340 1278 1459 1310 habent;
1476 1277 1503 1304 id
1517 1277 1592 1312 quod
1609 1281 1651 1303 est
1666 1276 1716 1302 dc-

920 1327 1032 1359 mentia,
1050 1327 1160 1361 quando
1182 1326 1208 1352 in
1221 1325 1288 1360 ipsis
1300 1323 1440 1352 aberravit
1454 1330 1543 1355 mens,
1560 1326 1608 1350 aut
1622 1321 1715 1356 aliqua

919 1372 1124 1408 perturbatione
1147 1379 1265 1399 excussa
1289 1375 1341 1398 est.
1367 1370 1467 1405 Aspice
1491 1370 1557 1397 item
1582 1369 1717 1397 lactentes

919 1418 1049 1449 infantes.
1064 1418 1202 1445 animatos
1214 1418 1338 1452 quidem,
1350 1417 1397 1445 sed
1411 1420 1530 1444 mentem
1544 1423 1599 1443 non
1613 1415 1716 1443 haben-

920 1470 974 1499 tes,
997 1465 1119 1492 nondum
1141 1463 1358 1491 admonitionem
1385 1462 1517 1490 divinitus
1540 1465 1716 1493 consecutos,

920 1516 1030 1548 propter
1052 1510 1301 1546 imperfectionem.
1323 1513 1351 1537 et
1364 1511 1438 1544 quod
1453 1508 1513 1543 ejus
1529 1508 1652 1535 nondum
1674 1511 1718 1534 est

921 1566 1006 1593 capax
1022 1561 1119 1584 natura
1133 1565 1140 1583 :
1154 1556 1200 1592 qui
1214 1560 1242 1583 et
1255 1559 1367 1590 propter
1380 1554 1534 1582 absentiam
1551 1554 1652 1581 mentis
1665 1553 1717 1580 ali-

921 1604 1029 1639 quoties
1049 1603 1138 1639 gladio
1155 1607 1203 1629 aut
1222 1602 1294 1629 vitro
1315 1601 1440 1633 inhiant,
1461 1604 1509 1628 aut
1531 1599 1634 1634 aliquid
1651 1598 1716 1626 mali

920 1649 995 1677 velut
1009 1649 1109 1676 bonum
1124 1648 1327 1679 exhaurientes,
1343 1654 1407 1674 mox
1423 1645 1658 1673 luctuosissimam
1672 1653 1716 1672 re—

921 1699 1065 1731 portarunt
1075 1699 1203 1727 mortem,
1218 1693 1274 1721 vita
1287 1692 1420 1721 violenter
1433 1691 1524 1719 ablata
1537 1699 1585 1727 per
1600 1691 1716 1718 demen-

922 1741 1000 1770 liam.

1131 1783 1393 1813 INTERROGATIO
1409 1783 1491 1812 CLIX

961 1845 988 1871 Si
1001 1844 1082 1879 igitur
1094 1843 1193 1870 anima;
1208 1842 1386 1878 gubernatrix
1398 1841 1441 1869 vis
1451 1844 1495 1868 est
1506 1847 1594 1870 meus.
1606 1843 1634 1866 et
1644 1846 1715 1874 pra--

924 1891 1011 1917 scotia
1029 1889 1139 1925 quidem
1164 1889 1246 1923 hujus
1266 1895 1420 1919 servamur,
1440 1886 1563 1914 absentia
1579 1893 1644 1912 vero
1668 1892 1716 1912 ne—

924 1943 1060 1970 quaquam
1077 1945 1083 1962 :
1101 1934 1214 1962 omnino
1233 1933 1314 1961 nobis
1332 1933 1360 1960 in
1377 1940 1409 1960 ea
1425 1937 1467 1960 est
1484 1932 1510 1959 id
1529 1931 1601 1967 quod
1617 1938 1715 1958 secun-

924 1982 988 2008 dum
1011 1981 1157 2016 imaginem
1173 1980 1219 2008 Dei
1237 1985 1290 2014 est,
1309 1983 1439 2014 tanquam
1455 1978 1483 2006 in
1499 1985 1533 2006 eo
1546 1977 1620 2013 quod
1639 1976 1714 2004 salu-

924 2031 979 2054 tem
995 2031 1117 2062 praestat.

1241 2070 1396 2105 Responsio.

960 2127 1035 2156 Licet
1050 2127 1147 2155 anima:
1165 2127 1382 2162 gubernatricem
1394 2127 1439 2154 vix
1455 2126 1571 2154 dixerim
1583 2129 1715 2158 mentem.

925 2172 1018 2201 itidem
1035 2178 1126 2200 tamen
1140 2173 1204 2200 alibi
1219 2173 1288 2205 dixi,
1303 2181 1390 2208 neque
1404 2173 1475 2200 banc
1488 2181 1549 2200 esse
1561 2174 1714 2200 secundum

927 2220 1074 2254 imaginem
1098 2219 1157 2247 Dei.
1179 2219 1325 2253 Quomodo
1347 2219 1420 2247 enim
1441 2219 1493 2246 crit
1509 2219 1598 2254 imago
1622 2219 1715 2246 incor-

925 2266 1062 2301 ruptibilis
1073 2273 1106 2293 ea
1120 2273 1181 2300 qua:
1205 2265 1392 2301 corruptibilis
1407 2268 1450 2292 est
1465 2270 1492 2293 et
1504 2270 1586 2301 captu
1605 2265 1695 2293 facilis
1705 2285 1714 2298 ,

926 2313 1031 2348 captiva
1055 2312 1172 2344 robusti.
1192 2316 1220 2340 et
1247 2320 1355 2347 semper
1384 2312 1510 2340 similiter
1534 2311 1715 2339 immutabilis

927 2358 1080 2388 manentis?
1096 2357 1164 2385 Nam
1182 2365 1243 2392 quae
1257 2364 1304 2392 per
1315 2357 1388 2385 aliud
1404 2358 1541 2385 excutitur
1556 2363 1603 2384 aut
1618 2356 1716 2392 degra-

926 2408 1016 2435 vatur,
1038 2407 1086 2430 aut
1109 2403 1170 2438 ejus
1191 2403 1264 2437 quod
1286 2403 1372 2430 voluit
1396 2408 1554 2438 potestatem
1579 2411 1633 2430 non
1655 2402 1714 2430 sola

927 2449 1042 2480 habens,
1057 2448 1103 2476 sed
1118 2456 1179 2483 quae
1192 2448 1322 2481 declinat.
1337 2453 1385 2476 aut
1398 2448 1554 2476 succumbit
1572 2448 1712 2480 deteriori,

928 2503 982 2522 non
1002 2495 1055 2522 erit
1081 2494 1172 2530 imago
1189 2495 1249 2529 ejus
1271 2495 1318 2530 qui
1349 2502 1403 2521 non
1422 2494 1539 2522 ﬂectitur
1557 2499 1586 2521 et
1610 2494 1714 2521 incolu-

928 2540 1118 2576 prebensibilis
1129 2547 1180 2568 est.
1198 2540 1259 2568 Istis
1271 2545 1361 2568 autem
1380 2548 1457 2568 mens
1472 2540 1498 2567 in
1511 2539 1639 2575 paradiso
1651 2547 1715 2567 suc-

927 2586 1033 2618 cubuit.
1052 2591 1100 2614 aut
1112 2592 1173 2622 post
1186 2586 1238 2614 ista
1250 2586 1360 2613 deﬂexit
1375 2586 1493 2614 consilio
1510 2586 1656 2621 serpentis.
1667 2591 1716 2613 aut

927 2633 1035 2667 repulsa
1051 2633 1086 2660 ab
1099 2633 1201 2666 anima,
1213 2637 1260 2659 aut
1272 2641 1333 2660 t'lllll
1350 2632 1408 2667 ipsa
1423 2632 1581 2660 concidens.
1597 2631 1625 2660 Id
1639 2632 1713 2667 quo.l

928 2678 1037 2705 sublimi
1060 2683 1149 2706 mente
1166 2678 1297 2714 praeditus
1320 2679 1468 2714 Apostolus
1491 2678 1650 2714 signiﬁcans
1669 2677 1713 2705 in-

927 2724 985 2758 quit
998 2732 1006 2751 :
1024 2723 1113 2751 Metuo
1129 2733 1161 2752 ne
1176 2732 1266 2751 rursus
1279 2726 1382 2751 veniens
1401 2733 1505 2759 serpens
1522 2724 1652 2759 deceperit
1664 2723 1715 2751 ali-

927 2777 991 2796 uuos
1011 2775 1133 2802 vestrum,
1155 2775 1179 2797 et
1197 2771 1342 2805 corruperit
1361 2778 1453 2798 sensus
1474 2776 1573 2798 vestros
1590 2770 1623 2798 δ’.
1641 2769 1713 2799 Alibi

125 2899 164 2933 (I)
197 2898 381 2946 :prtbzmstv.
413 2900 460 2929 llic
489 2901 630 2937 legendum
662 2904 821 2939 ρυπείχιθσιν
850 2912 871 2932 m

933 2914 941 2936 ι
970 2911 1133 2944 Colelerius,
1150 2914 1178 2938 ut
1206 2909 1334 2946 superius
1357 2911 1498 2940 innuimus
1519 2910 1553 2938 ad
1578 2909 1710 2946 Inlerrog.

91 2940 146 2968 est,
160 2939 217 2962 not.
233 2935 278 2962 ot.
