1907 3043
91 139 156 168 H21

90 197 154 224 κόνα
176 195 260 223 αὑτοῦ
287 196 369 231 μέσον
389 195 474 231 αὐτῆς
495 196 612 231 ἵστησιν,
636 195 680 222 ἵνα
703 196 770 230 τιμᾷ
790 195 825 221 τὰ
841 196 881 226 εἰς

89 243 166 276 δόξαν
181 242 293 268 ἐκείνων
307 251 313 256 ·
329 241 417 274 οὕτως
441 242 488 268 καὶ
501 243 515 268 ὁ
534 241 600 272 Θεὸς
618 241 664 267 τὸν
687 241 788 276 κόσμον
803 241 882 276 ποιὴ-

90 297 149 319 σις,
167 287 229 314 κατ’
248 287 340 314 εἰκόνα
356 286 439 313 αὑτοῦ
455 287 502 313 τὸν
521 286 663 322 ἄνθρωπον
680 285 806 320 ἐποίησεθ
821 284 881 311 κατ’

89 333 182 360 εἰκόνα
197 333 236 365 δὲ,
256 333 301 359 διὰ
324 332 354 359 τὸ
368 332 492 359 δεκτικὸν
507 329 579 359 εἶναι
602 332 703 368 ἀρετῆς
715 331 762 358 καὶ
783 331 883 365 ἁγαθό-

89 387 170 414 τητος
179 387 185 394 ·
203 379 270 414 φησί
280 379 343 414 γάρ’
355 379 483 405 Γίνεσθε
497 378 585 413 ἅγιοι,
596 378 641 404 ὅτι
651 377 708 412 ἐγὼ
720 377 803 412 ἅγιός
813 378 880 411 εἰμι·

89 425 136 451 καὶ
151 425 166 450 ὁ
186 424 355 455 Ἀπόστολος·
375 424 478 457 Καθὼς
496 424 684 458 ὲφορέσαμεν
705 423 763 457 τὴν
781 423 883 450 εἰκόνα

90 470 144 496 τοῦ
161 470 279 504 χοϊκοῦ,
297 469 473 504 φορέσωμεν
487 469 537 496 καὶ
549 469 607 503 τὴν
618 469 719 495 εἰκόνα
730 468 783 495 τοῦ
798 468 883 495 ἐπου-

87 516 206 549 ρανίου.
222 516 260 542 Οὐ
283 516 356 542 δοκεί
383 524 428 551 μοι
442 515 472 542 δὲ
491 515 563 542 κατὰ
578 515 609 541 τὺ
626 515 734 550 ἄρχειν,
759 514 820 540 ἐπεὶ
837 513 883 540 καὶ

90 563 115 588 οὶ
127 561 240 595 ἄγγελοι
257 561 369 596 ἀρχικαὶ
394 560 514 594 ἐξουσίαι
537 559 680 594 λέγονται·
698 559 746 586 καὶ
770 559 784 585 ὁ
798 558 882 593 ἥλιος,

92 607 139 633 καὶ
158 608 174 641 ἡ
202 607 300 641 σελήνη
322 607 417 641 ἄρχειν
434 607 484 641 τῆς
503 605 610 641 ἡμέρας
634 605 682 631 καὶ
703 605 753 639 τῆς
767 603 863 635 νυκτός
875 611 883 618 ·

91 653 141 679 ἀλλ
167 653 198 679 οὐ
221 652 265 678 διὰ
281 652 360 679 τοῦτο
374 653 434 679 κατ’
449 652 544 678 εἰκόνα
557 651 682 685 λέγονται
705 650 782 677 Θεοῦ.
799 649 884 677 Πάλιν

91 701 106 725 ο
122 699 283 730 ’Λπόστολος
294 698 390 732 λέγων,
408 699 439 724 '0
451 698 528 732 ἀνήρ
538 698 602 724 ἐστι
613 698 677 723 κατ’
686 697 787 723 εἰκόνα
799 695 883 727 Θεοῦ,

93 746 111 779 ἡ
132 745 167 771 δὲ
186 745 276 779 γυνὴ,
303 745 378 776 δόξα
396 744 523 778 ἀνδρός·
546 743 587 775 τὺ,
605 744 734 778 ὁμότιμον
749 742 789 777 τῷ
809 741 885 777 ἀνδρὶ

92 791 221 825 γενέσθαι
243 791 292 826 τὴν
318 792 447 825 γυναῖκα,
469 789 692 825 ὴκρωτηριᾶσθαι
715 789 743 815 δὲ
766 789 834 823 αὐτῇ
851 789 885 814 τὰ

91 838 143 872 τῆς
161 836 246 872 τιμῆς
270 836 339 872 μετὰ
363 836 411 872 τὴν
438 836 594 871 παράϐασιν
617 835 708 870 δηλοῖ·
727 835 757 862 τδ
774 834 802 861 δὲ
820 834 884 861 καθ’

93 884 249 918 ὁμοίωσιν,
264 884 328 914 ἴσως
342 884 374 909 ὲκ
391 881 620 918 παραλλήλου,ὡς
633 882 674 914 τὸ,
692 881 882 915 Ἐκοιμήθην,

93 929 144 956 καί
158 929 285 956 ὕπνωσα
295 937 302 944 ·
320 929 367 956 καὶ
379 929 419 959 τὸ,
435 927 584 962 Μακάριος
597 929 614 955 ό
626 927 740 954 συνιὼν
751 926 799 954 ἐπὶ
810 933 885 952 πτω-

93 976 151 1010 χὸν
162 975 213 1002 καὶ
228 975 352 1009 πένητα,
368 974 476 1010 ἐλέχθη.
529 1004 531 1007 _

379 1105 504 1132 ΠΕΥΣΙΣ
520 1104 601 1132 ΡΞΑ¹.

131 1153 188 1180 Καὶ
201 1152 246 1178 διὰ
255 1152 282 1178 τί
294 1151 349 1187 ἄρα
361 1151 415 1178 τῶν
430 1151 528 1187 ἰχθύων
545 1151 639 1187 ἄρχειν
658 1151 823 1187 ἐτάχθημεν,
838 1151 886 1178 καὶ

94 1200 148 1225 τῶν
164 1198 308 1229 πετεινῶν,
331 1199 378 1224 καὶ
393 1197 480 1229 οὕτως
501 1197 618 1232 κτηνῶν,
642 1197 689 1224 καὶ
710 1196 824 1233 θηρίων,
840 1197 887 1223 καὶ

94 1243 228 1270 πετεινῶν
257 1243 303 1270 καὶ
318 1242 440 1276 ἑρπετῶν
451 1251 459 1274 ;

402 1287 584 1321 Ἀπόκρισις.

129 1333 243 1368 Πρῶτον
264 1333 319 1359 τῶν
331 1332 533 1369 ἀσθενεστέρων
547 1332 631 1359 ἔδωκε
643 1332 826 1367 κατατολμᾷν,
840 1332 888 1359 καὶ

92 1380 182 1412 οὕτως
204 1379 349 1414 θαρσήσων
368 1379 402 1405 τὰ
421 1378 476 1404 τῶν
502 1377 684 1413 ἰσχυροτέρων
709 1379 819 1413 κρατεῖν
840 1377 888 1412 θη-

95 1426 150 1460 ρῶν
164 1434 172 1440 ο
189 1425 206 1460 ἢ
231 1425 271 1451 ὅτι
298 1423 406 1461 πρῶτον
421 1424 453 1449 ὲκ
467 1422 522 1449 τῶν
546 1421 650 1448 ὑδάτων
673 1421 704 1448 τὸ
721 1422 818 1456 νηκτὸν
840 1421 888 1448 καὶ

94 1470 199 1506 πτηνόν
213 1468 331 1505 προῆλθε
345 1469 423 1503 γένος
432 1476 439 1482 ·
451 1465 500 1494 εἷθ’
511 1467 597 1499 οὕτως
605 1466 756 1502 ἐξεϐράσθη
766 1466 817 1501 τῆς
829 1466 889 1501 χέρ-

95 1525 144 1544 σου
161 1516 196 1543 τὰ
210 1515 302 1551 θηρία,
325 1515 371 1541 καὶ
388 1515 474 1549 κτήνη
499 1513 547 1540 καὶ
566 1513 679 1550 ἑρπετά.
694 1513 735 1539 Τὰ
758 1510 804 1538 οὖν
820 1511 888 1547 πρό-

94 1570 164 1597 γονσ.
182 1561 294 1592 εἰκότως
310 1560 357 1586 καὶ
375 1559 471 1596 πρῶτα
489 1560 529 1590 εἰς
543 1558 664 1585 δουλείαν
686 1557 791 1594 βροτοῖς
814 1565 887 1592 παρ-

95 1609 210 1644 εσχέθη.

337 1691 339 1694 ⁴
377 1680 505 1707 ΠΕΥΣΙΣ
525 1679 607 1706 ΡΞΒί.

133 1738 190 1765 Καὶ
206 1737 264 1768 πῶς
280 1737 364 1772 ἐσμεν
384 1736 514 1772 ἄρχοντες
534 1735 641 1770 κτηνῶν
658 1735 706 1761 καὶ
728 1733 828 1769 θηρίων
843 1733 890 1760 καὶ

97 1785 234 1822 ἑρπετῶν,
254 1784 355 1811 ὁπόταν
369 1783 449 1814 λέων,
471 1781 582 1817 ἄρκτος,
605 1780 696 1812 Λύκος,
716 1780 788 1815 ὄφις,
809 1789 890 1815 σκορ-

98 1832 172 1864 πίος,
196 1831 286 1857 πάντα
310 1830 376 1865 ἡμῖν
401 1828 589 1858 ἐπανίσταται,
608 1826 642 1852 τὰ
667 1827 716 1861 μὲν
740 1826 889 1862 σπαράξαι,

97 1878 132 1904 τὰ
146 1877 176 1903 δὲ
193 1876 292 1912 πλῆξαι
320 1876 368 1902 καὶ
382 1873 425 1902 διὰ
439 1873 487 1901 τοῦ
509 1873 549 1901 ἰοῦ
563 1874 636 1910 ἡμᾶς
656 1872 811 1899 θανατῶσαι
827 1872 890 1907 βου-

97 1923 201 1958 λόμενα
217 1929 224 1952 ;

406 1976 586 2009 Ἀπόκρισις.

141 2023 284 2058 Ἀνωτέρω
303 2030 366 2053 που,
382 2020 497 2048 καθόσον
516 2017 571 2051 οἷός
583 2019 613 2045 τέ
632 2019 702 2054 εἰμι,
718 2019 782 2054 περὶ
797 2019 893 2045 τούτου

99 2069 301 2105 ἀπεφηνάμην·
317 2067 365 2094 καὶ
389 2065 596 2101 περιττολογίας
618 2073 665 2100 μοι
687 2064 761 2092 δοκεῖ
772 2065 827 2096 τοῖς
845 2065 893 2091 αὑ-

98 2118 156 2149 τοῖς
170 2113 398 2150 ὲγκαλινδεῖσθαι,
416 2112 483 2148 μηδὲ
501 2112 552 2147 τῆς
564 2112 639 2147 ὥρας
652 2111 778 2147 ἐχούσης.

384 2169 509 2196 [ΙΕΥΣΙΣ
527 2169 608 2196 ΡΞΓ¹.

142 2229 285 2264 ’Δνωτέρω
314 2226 403 2259 εἶπας,
429 2227 470 2253 ὅτι
492 2226 544 2261 πρὸ
562 2226 612 2261 τῆς
642 2226 779 2261 ἁμαρτίας
801 2224 891 2251 πάντα

99 2277 167 2312 ἡμῖν
181 2275 217 2301 τὰ
231 2274 313 2309 θηρία
332 2273 379 2300 καὶ
394 2273 497 2308 ἑρπετὰ
519 2272 669 2302 ὑπέκυπτε,
686 2271 731 2298 καὶ
750 2271 873 2305 ἐφοϐεῖτο
883 2279 890 2285 ·

101 2322 176 2358 μετὰ
194 2321 223 2348 δὲ
243 2320 292 2356 τὴν
311 2319 475 2354 παράϐασιν,
496 2318 666 2345 ἐκπεσόντων
682 2317 761 2352 ἡμῶν
781 2317 830 2352 τῆς
844 2318 893 2352 ἀρ-

100 2368 163 2404 χῆς,
181 2367 270 2393 πάντα
285 2367 350 2401 ἡμῖν
366 2365 560 2398 ἐπαναστῆναι,
574 2363 621 2390 καὶ
636 2362 722 2395 οὕτως
743 2363 815 2398 ἔχειν
838 2363 892 2389 ἀπ-

101 2413 217 2446 έδειξας.
232 2411 290 2438 Νὖν
301 2411 330 2438 δὲ
345 2410 481 2446 ζητοῦμεν
495 2409 609 2436 ἀκοῦσαι
629 2408 673 2434 διὰ
686 2408 711 2434 τί
728 2409 765 2444 μὴ
784 2409 831 2435 καὶ
846 2409 893 2435 οὑ-

103 2458 186 2494 ρανοῦ
197 2458 246 2484 καὶ
258 2457 309 2492 γῆς
320 2457 367 2483 καὶ
379 2456 517 2491 θαλάσσης
530 2456 578 2481 καὶ
589 2454 731 2489 ποταμῶν.
747 2454 793 2481 καὶ
806 2455 893 2489 ήλίου,

101 2506 149 2532 καὶ
160 2504 287 2539 σελήνης,
301 2503 349 2529 καὶ
362 2501 451 2536 νεφῶν
466 2501 596 2537 ἄρχομεν,
610 2501 635 2526 εἰ
647 2501 706 2526 κατ’
721 2500 812 2526 εἰκόνα
827 2500 894 2527 Θεοῦ

101 2552 203 2586 ἐσμεν·
222 2550 238 2576 ὁ
256 2549 310 2585 γὰρ
325 2547 402 2580 Θεὸς,
417 2546 527 2574 πάντων
541 2546 623 2582 ἀρχή.

409 2646 586 2680 Ἀπόκρισις.

141 2704 170 2730 ’0
181 2702 247 2738 περὶ
260 2702 315 2728 τῶν
329 2702 432 2738 θηρίων
463 2702 511 2728 καὶ
525 2703 571 2728 ἐπὶ
586 2703 691 2735 τούτοις
703 2689 837 2738 ’ἁρμόττει
852 2702 895 2730 λό-

105 2757 152 2784 γος
164 2758 171 2765 ·
184 2750 209 2775 οἰ
223 2748 279 2783 γὰρ
291 2748 340 2783 τὴν
349 2748 442 2774 εἰκόνα
458 2748 517 2783 ἅμα
538 2749 780 2784 παραχαράξαντες
793 2749 837 2776 διὰ
848 2749 895 2776 τοῦ

106 2796 262 2832 ὑπαχθῆναι
278 2794 317 2829 τῷ
334 2794 446 2828 χείρονι,
464 2795 531 2829 μηδὲ
546 2794 596 2829 τῆς
613 2795 699 2830 ἀρχῆς
718 2795 895 2822 ἐκπεπτωκό-

109 2851 162 2873 τες,
173 2842 220 2868 καὶ
236 2839 340 2867 τούτων
356 2839 479 2874 ὑπῆρχον
492 2840 632 2875 ἄρχοντες,

780 136 954 166 DIALOGUS
969 135 1010 164 III.

1646 132 1717 163 I12!

931 196 970 222 vit
985 195 1132 228 civitatem,
1149 194 1177 222 in
1194 194 1253 229 ejus
1273 194 1391 221 medium
1407 191 1553 229 imaginem
1569 202 1648 221 suam
1661 201 1718 223 sta-

933 241 992 274 tuit,
1015 246 1044 268 ut
1071 241 1219 268 honorelur
1243 241 1270 267 in
1295 240 1425 269 honorem
1454 240 1519 267 sai:
1535 240 1571 268 ita
1596 245 1623 267 et
1645 239 1718 268 Deus

932 291 1075 322 postquam
1099 287 1230 313 mundum
1250 285 1370 317 fecisset,
1392 286 1543 313 secundum
1565 285 1713 321 imaginem

933 341 1010 360 suam
1026 333 1163 359 hominem
1180 331 1244 358 fecit
1259 340 1265 357 :
1283 331 1434 359 secundum
1449 332 1595 366 imaginem
1612 337 1715 362 autem,

933 379 1004 414 quod
1035 386 1120 414 capax
1145 381 1218 405 esset
1245 378 1356 405 virtutis
1391 382 1418 404 et
1448 377 1577 404 bonitatis
1601 386 1608 403 :
1630 377 1717 412 inquit

932 426 1005 453 enim
1023 433 1029 451 :
1050 425 1143 452 Sancti
1160 428 1251 456 estote,
1276 423 1401 459 quoniam
1421 431 1468 458 ego
1483 429 1590 450 sanctus
1608 423 1717 456 sum“;

933 476 960 498 et
972 471 1117 506 Apostolus
1134 480 1142 498 :
1156 469 1383 502 Quemadmodum
1405 469 1563 504 gestavimus
1577 469 1718 504 imaginem

935 519 1052 551 terreni,
1069 522 1197 552 gestamus
1222 521 1246 543 et
1269 516 1409 551 imaginem
1429 515 1539 541 caelestis
1548 515 1581 541 '°.
1605 514 1663 541 Non
1677 514 1720 541 vi-

935 564 1014 591 detur
1035 569 1125 590 autem
1142 563 1207 589 mihi
1229 563 1379 589 secundum
1395 562 1558 594 dominium,
1583 561 1718 596 siquidem

935 615 961 636 et
977 609 1076 644 angeli,
1093 609 1262 643 principatus
1281 613 1308 635 et
1322 612 1469 642 potestates
1481 608 1620 640 dicuntur,
1634 612 1661 635 et
1678 607 1721 635 sol

935 660 961 682 et
977 655 1041 681 luna
1066 654 1202 681 dominari
1220 653 1273 680 diei
1286 658 1312 680 et
1331 653 1420 686 nocti;
1443 661 1530 687 neque
1545 658 1635 680 tamen
1659 653 1720 680 ideo

936 700 1086 728 secundum
1113 699 1259 735 imaginem
1287 698 1334 726 Dei
1362 698 1433 726 facta
1454 699 1590 726 dicuntur.
1616 699 1722 727 Rursus

936 746 1024 780 inquit
1040 745 1185 780 Apostolus
1202 754 1209 772 :
1231 744 1275 772 Vir
1290 750 1327 771 est
1347 746 1490 772 secundum
1505 745 1646 780 imaginem
1661 745 1721 776 Dei,

936 792 1032 818 mulier
1046 796 1134 818 autem
1157 791 1241 826 gloria
1263 791 1312 817 viri
1329 791 1411 824 est",
1437 791 1509 826 quod
1529 791 1650 826 ejusdem
1673 792 1723 818 bo-

938 837 1013 864 noris
1030 845 1092 864 cum
1106 837 1166 864 viro
1186 836 1286 864 femina
1305 836 1396 868 fuerit.
1420 837 1542 864 amiserit
1564 843 1653 865 autem
1673 838 1723 865 bo-

937 891 1032 910 norem
1061 888 1122 918 post
1147 883 1405 918 transgressionem,
1434 882 1607 917 significans;
1631 891 1723 910 securi-

935 929 999 956 dum
1019 929 1221 956 similitudinem
1238 933 1329 956 autem
1344 927 1414 956 forte
1435 936 1485 963 pro
1500 929 1594 956 eodem
1611 929 1722 962 dicitur,

936 980 967 1003 ut
993 975 1066 1002 hoc:
1087 975 1206 1002 Dormivi
1229 980 1252 1002 et
1277 976 1377 1010 sopitus
1402 976 1514 1009 sum";
1532 980 1559 1003 et
1588 980 1617 1003 ut
1631 976 1696 1004 illud
1713 985 1722 1003 :

937 1020 1033 1047 Beatus
1059 1021 1103 1055 qui
1130 1020 1291 1047 intellectum
1318 1021 1394 1048 habet
1424 1029 1503 1054 super
1529 1029 1668 1056 pauperem
1697 1025 1724 1049 et

935 1076 1044 1102 egenum
1055 1067 1088 1094 ".

1147 1112 1406 1140 INTERROGATIO
1425 1112 1516 1140 CLXI.

972 1157 1063 1190 Quare
1088 1165 1153 1185 vero
1180 1159 1300 1193 primum
1323 1158 1445 1193 piscibus
1467 1159 1603 1187 dominari
1626 1167 1726 1195 prazce-

937 1209 1012 1238 ptum
1032 1209 1073 1231 est
1097 1208 1123 1231 et
1142 1204 1310 1236 volucribus,
1334 1211 1367 1232 ac
1381 1204 1508 1240 deinceps
1521 1205 1663 1241 jumentis,
1679 1207 1726 1235 be-

938 1249 998 1276 stiis
1011 1254 1037 1276 et
1055 1248 1197 1283 reptilibus

1256 1295 1407 1330 Responsio.

974 1338 1095 1366 Primum
1128 1340 1154 1367 in
1181 1341 1332 1369 inﬁrmiora
1355 1342 1430 1369 dedit
1455 1342 1609 1376 audaciam,
1633 1349 1662 1372 ut
1687 1345 1729 1373 sic

939 1384 1068 1419 deinceps
1091 1386 1272 1414 conﬁdentior
1289 1387 1378 1415 factus
1398 1388 1480 1415 etiam
1501 1388 1661 1418 fortioribus
1681 1391 1727 1418 be-

940 1431 999 1458 stiis
1015 1431 1220 1466 dominaretur;
1244 1437 1291 1460 aut
1305 1433 1378 1468 quod
1396 1435 1514 1469 primum
1534 1443 1565 1463 ex
1585 1437 1663 1471 aquis
1679 1445 1729 1464 na-

941 1477 1015 1504 tatile
1029 1477 1190 1512 volatileque
1211 1485 1297 1512 genus
1317 1479 1427 1513 prodiit,
1450 1480 1577 1515 deinceps
1602 1489 1635 1509 ex
1654 1487 1729 1510 terra

941 1523 1078 1558 productze
1098 1529 1163 1551 sunt
1183 1524 1285 1555 bestiae.
1314 1525 1472 1559 ctjumenta
1494 1531 1520 1553 et
1534 1527 1651 1562 reptilia.
1671 1528 1730 1555 Pri-

939 1577 1013 1596 mum
1028 1570 1109 1605 igitur
1124 1574 1186 1597 nata
1211 1571 1309 1598 merito
1331 1579 1440 1606 quoque
1456 1572 1574 1607 primum
1595 1579 1658 1600 sunt
1673 1574 1724 1601 bo-

939 1615 1044 1642 miuum
1058 1616 1181 1643 servituti
1198 1616 1330 1650 subjecta.

1142 1672 1403 1701 INTERROGATIO
1423 1674 1526 1702 CLXII.

976 1729 1009 1756 Et
1030 1730 1168 1765 quomodo
1188 1738 1284 1759 sumus
1311 1731 1433 1765 domini,
1456 1739 1518 1760 cum
1541 1740 1576 1760 ex
1594 1733 1732 1767 jumentis

940 1780 968 1802 et
986 1776 1090 1808 bestiis,
1105 1781 1132 1803 et
1159 1777 1301 1812 reptilibus
1323 1777 1487 1813 quandoque
1503 1779 1556 1811 leo,
1572 1786 1664 1812 ursus,
1688 1779 1732 1806 Iu-

941 1829 1003 1857 pus,
1028 1829 1151 1857 serpens,
1180 1823 1314 1858 Scorpius,
1341 1824 1432 1851 omnia
1454 1823 1571 1859 denique
1598 1825 1734 1854 adversus

941 1873 1068 1902 surgunt,
1092 1868 1189 1903 partim
1217 1869 1328 1904 quidem
1351 1870 1515 1905 discerpere,
1538 1871 1637 1906 partim
1665 1879 1734 1900 vero

941 1919 1095 1948 percutere,
1111 1923 1144 1942 ac
1160 1923 1265 1944 veneno
1279 1924 1330 1943 nos
1347 1924 1446 1944 necare
1461 1917 1600 1945 volentia?

1261 1971 1413 2007 Responsio.

979 2017 1006 2044 In
1021 2017 1210 2052 superioribus
1232 2018 1343 2050 alicubi,
1361 2022 1494 2052 quantum
1510 2026 1579 2046 mea:
1595 2019 1734 2048 facultatis

942 2068 995 2093 est.
1014 2063 1040 2090 id
1061 2062 1212 2096 declaravi;
1234 2071 1522 2099 supervacaneumque
1545 2065 1610 2091 mibi
1627 2065 1734 2092 videtur

944 2110 1040 2136 iisdem
1053 2109 1196 2144 implicari.
1213 2117 1275 2137 cum
1290 2114 1397 2144 tempus
1409 2118 1464 2137 non
1478 2115 1614 2145 suppetat.

1138 2165 1396 2194 IN’FERROGA'I‘IO
1422 2167 1537 2195 CLXIII.

980 2223 1008 2250 In
1031 2224 1218 2259 superioribus
1239 2224 1342 2254 dixisti.
1370 2224 1443 2259 quod
1473 2231 1568 2252 omnes
1592 2224 1685 2261 bestia:
1705 2229 1734 2253 et

946 2270 1050 2304 reptilia
1066 2274 1127 2296 ante
1143 2275 1283 2304 peccatum
1300 2278 1328 2297 se
1344 2271 1423 2298 nobis
1436 2270 1624 2303 submiserint,
1641 2276 1669 2298 et
1684 2279 1734 2299 nos

945 2316 1061 2343 reverita
1087 2316 1157 2349 sint;
1179 2321 1240 2350 post
1263 2317 1506 2351 transgressionem
1530 2322 1633 2349 autem,
1655 2321 1732 2351 post-

946 2369 1028 2396 quam
1041 2369 1091 2389 nos
1106 2370 1138 2388 ex
1150 2361 1306 2389 dominandi
1319 2367 1453 2397 potestate
1466 2363 1625 2395 excidimus,
1639 2363 1733 2390 omnia

946 2408 1077 2435 adversus
1105 2416 1155 2435 nos
1180 2407 1324 2443 insurgant
1340 2419 1346 2436 :
1363 2410 1457 2444 sicque
1482 2417 1539 2437 rem
1567 2410 1666 2436 habere
1689 2409 1736 2436 dc-

946 2454 1115 2481 monstrasti.
1132 2453 1208 2482 Nunc
1221 2460 1310 2482 autem
1329 2454 1425 2482 audire
1439 2456 1598 2490 qumrimus,
1613 2463 1663 2482 cur
1681 2463 1734 2483 non

946 2504 974 2526 et
994 2500 1075 2533 emlo,
1100 2505 1126 2527 et
1149 2506 1237 2533 terrae,
1254 2506 1281 2528 et
1303 2501 1382 2533 mari,
1401 2505 1427 2528 et
1445 2501 1614 2534 fluminibus,
1637 2501 1687 2528 soli
1707 2504 1735 2528 et

947 2545 1029 2579 luna},
1043 2551 1070 2573 et
1089 2546 1205 2574 nubibus
1231 2547 1414 2579 dominemur,
1437 2547 1460 2574 si
1475 2547 1624 2574 secundum
1640 2547 1736 2583 imagi-

950 2599 1012 2619 nem
1028 2592 1075 2619 Dei
1090 2600 1186 2620 sumus
1203 2603 1209 2620 :
1229 2593 1300 2620 Deus
1313 2593 1386 2620 enim
1402 2593 1530 2621 omnibus
1545 2593 1669 2628 imperat.

1260 2649 1414 2684 Responsio.

982 2704 1061 2738 Quod
1077 2705 1180 2732 dictum
1196 2706 1230 2732 de
1248 2706 1340 2733 bestiis
1354 2711 1405 2740 est,
1421 2707 1502 2734 etiam
1518 2707 1578 2735 istis
1590 2707 1735 2743 convenit;

949 2759 1012 2778 nam
1025 2752 1070 2786 qui
1088 2759 1151 2779 mox
1165 2752 1350 2787 depravarunt
1365 2753 1511 2789 imaginem
1526 2762 1574 2788 per
1586 2754 1736 2790 subiectio-

949 2805 1010 2824 nem
1042 2797 1202 2830 deterioris,
1228 2798 1281 2825 nisi
1306 2798 1422 2833 imperio
1446 2799 1628 2834 excidissent,
1652 2802 1736 2830 etiam

950 2841 1063 2869 istorum
1078 2842 1182 2870 domini
1197 2843 1323 2871 fuissent.

143 2907 166 2924 δ’
184 2907 270 2936 Levit.
284 2914 322 2941 XI,
339 2907 381 2934 44.
419 2907 442 2923 ⁸ο
457 2907 466 2934 I
480 2907 543 2936 Cor.
560 2916 603 2942 xv,
619 2908 663 2936 49.
702 2909 723 2925 ⁸¹
748 2908 833 2937 Ι(1‹›ι·.
848 2917 886 2942 xu,

964 2911 985 2926 “
998 2909 1070 2939 Psal.
1084 2919 1110 2944 γ,
1123 2911 1148 2938 6.
1187 2912 1210 2928 ‘”
1223 2911 1296 2940 Psal.
1311 2921 1354 2946 XL,
1373 2913 1400 2940 2.
