1907 3043
101 124 166 152 1123

99 183 192 208 εδωκε·
208 181 240 209 τὸ
262 181 291 208 δὲ
316 182 380 208 καθ’
401 182 552 216 ὁμοίωσιν.
572 180 718 217 ἐσιώπησε.
737 181 806 216 Φησὶ
825 181 880 215 γὰρ

99 228 115 260 ὴ
134 225 239 261 Γραφὴ,
265 226 321 253 Καὶ
339 226 485 260 ἐποίησεν
507 228 524 254 ό
548 226 620 260 Θεὸς
643 226 698 253 τὸν
712 226 878 260 ἄνθρωπον,

99 272 160 297 κατ’
169 271 270 298 εικόνα
281 272 355 299 Θεοῦ
366 272 512 306 ἐποίησεν
519 273 626 299 αὐτόν’
639 273 733 307 ἄρσεν
742 273 790 300 καὶ
803 272 880 306 θῆλυ

99 315 240 349 ἐποίησεν
251 317 361 349 αὐτούς
370 325 377 332 ·
390 317 437 343 καὶ
449 317 480 343 οὺ
491 317 650 352 πρόσκειται
660 317 700 343 ὃτι
710 316 770 344 καθ’
785 316 880 352 ὁμοίω-

98 371 141 387 σιν

403 450 584 484 Ἀπόκρισις.

133 497 179 532 Μὴ
194 496 355 532 βουλόμενον
364 496 396 523 τὺ
409 496 486 523 Θεῖον
501 496 603 532 ἀργοὺς
615 496 663 523 καὶ
677 495 814 532 ῥᾳθύμους
825 495 880 523 δια-

100 542 174 569 σιοῦν
189 543 272 577 ἡμᾶς,
290 541 488 577 παραπλησίως
514 541 595 573 συῶν,
611 541 628 576 ἢ
655 540 765 576 μονιῶν,
778 541 796 577 ἢ
814 550 882 577 προ-

99 587 258 619 6άτων,καὶ
277 587 331 613 τῶν
354 586 454 613 λοιπῶν
476 587 615 622 ὲρημικῶν
638 585 752 621 ἀλόγων,
769 586 829 621 μηδ’
847 584 881 613 αὖ

100 633 180 660 πάλιν
194 632 325 668 ἀμίσθους
344 632 481 668 γεραίρειν
495 633 569 668 ἡμᾶς
587 632 713 665 ἀναξίως,
725 633 754 659 ὲν
769 633 802 668 τῇ
816 633 882 667 ἡμε-

99 679 166 715 τέρᾳ
180 679 323 706 κατέλιπεν
346 678 454 713 ἐξουσίᾳ
476 678 662 713 ἐξομοιοῦσθαι
677 677 751 713 αὐτῷ
773 678 816 705 διὰ
832 678 882 714 τῆς

99 725 168 760 πρὸς
181 724 261 752 αὑτὸν
276 725 428 760 μιμήσεως,
441 725 487 751 καὶ
499 724 549 759 τῆς
560 724 615 751 τῶν
629 724 734 759 ἀρετῶν
744 724 883 760 κατορθώ-

99 780 168 802 σεως
184 771 231 798 καὶ
245 770 411 803 ἐπιδείξεως,
427 771 500 802 ὅπως
512 771 545 806 τῇ
559 771 624 806 περὶ
644 771 690 797 τὸν
703 771 786 803 πέλας
800 771 882 807 κηδε-

100 817 181 853 μονίᾳ.
195 816 400 852 ὲξομοιωθῶμεν
416 816 500 852 αὐτῷ,
518 816 632 843 καθόσον
649 813 703 843 οἷόν
726 825 756 843 τε
771 818 805 852 τῇ
821 817 884 852 βρο-

98 862 153 888 τῶν
172 862 251 896 φύσει
265 862 333 898 πρὸς
347 862 413 889 Θεὸν
424 862 587 897 ἁμιλλᾶσθαι
598 871 605 877 ·
625 862 719 889 Γίνου
731 864 784 898 γὰρ
795 863 884 897 ὀρφα-

99 908 165 940 Voig-
182 908 222 941 ὡς
233 907 341 942 πατὴρ,
355 907 405 934 καὶ
423 908 489 935 ἀντὶ
500 907 610 942 ἀνδρὸς
621 907 658 942 τῇ
672 908 762 942 μητρὶ
773 908 882 940 αὐτῶν,

100 954 181 989 φησὶν
189 955 204 980 ό
215 953 271 980 τῶν
284 953 363 980 Θείων
375 954 455 988 σοφὸς
467 952 591 988 Σολομῶν
602 960 608 968 ·
622 953 702 985 αὐτὸς
711 954 740 980 δὲ
751 955 780 980 ἐν
794 954 882 988 Εὐαγ-

99 999 199 1031 γελίοις
213 999 295 1034 φησὶν
306 1000 320 1026 ὀ
332 999 442 1034 Κύριος·
456 999 601 1033 Μακάριοι
611 1000 639 1026 οἱ
652 999 824 1034 ἐλεήμονες,
838 999 882 1027 ὅτι

98 1045 185 1072 αὐτοὶ
205 1045 436 1079 ἐλεηθήσονταν
453 1045 500 1071 καὶ
517 1045 612 1072 πάλιν·
630 1045 774 1080 Μακάριοι
794 1047 822 1073 οἱ
841 1047 882 1073 εὶ-

95 1089 263 1124 ρηνοποιοὶ,
280 1089 325 1116 ὅτι
336 1090 419 1117 αὐτοὶ
431 1090 488 1116 vlo!
504 1090 577 1117 Θεοῦ
595 1090 812 1125 κληθήσονται.
828 1092 884 1118 Καὶ

99 1136 191 1167 πάλιν.
207 1135 320 1163 Μάθετε
330 1135 380 1162 ἀπ’
394 1135 466 1170 ἐμοῦ
479 1135 523 1162 ὅτι
535 1135 629 1169 πρᾶός
640 1137 708 1171 ειμι,
722 1137 770 1163 καὶ
785 1143 884 1163 ταπει-

97 1183 153 1215 νὸς
165 1181 203 1216 τῇ
215 1182 331 1216 καρδίᾳ,
343 1182 391 1209 καὶ
410 1182 552 1217 εὑρήσετε
563 1182 735 1210 ἀνάπαυσιν
746 1183 811 1216 ταῖς
823 1185 884 1217 ψυ-

98 1228 168 1263 χιιῖς
181 1227 273 1262 ὑμῶν.
286 1227 430 1263 Γενώμεθα
444 1225 490 1254 οὗν
509 1226 691 1264 φιλάνθρωποι
710 1229 757 1255 καὶ
770 1229 884 1265 ἐλεήμο-

99 1282 156 1306 νες,
170 1274 246 1300 αὐτοὶ
258 1273 348 1305 ἐλέους
361 1273 492 1309 δεόμενοι,
509 1275 721 1311 οξκτειρήπωμεν
734 1275 779 1301 τὸν
789 1274 819 1302 εὖ
829 1285 882 1302 πα-

98 1319 158 1345 θεῖν
176 1318 317 1354 δεόμενον·
342 1318 420 1345 τοῦτο
443 1318 497 1354 γὰρ
511 1320 525 1345 ὁ
540 1319 606 1351 Θεδς
624 1321 680 1351 τοῖς
700 1320 836 1355 δεομένοις
852 1312 883 1347 εὖ

98 1364 196 1397 ποιῶν,
217 1365 240 1391 sl
267 1364 423 1400 ποιήσωμεν
442 1365 457 1391 ὃ
472 1365 568 1392 παθεῖν
593 1365 718 1401 θέλομεν·
738 1368 810 1393 ποιεῖ
830 1366 884 1401 γὰρ

96 1410 168 1445 ἡμῖν
181 1410 196 1436 ὁ
209 1409 274 1441 Θεὸς
287 1408 302 1435 ὃ
311 1409 333 1436 δ’
348 1409 381 1436 ἂν
395 1409 563 1445 ποιήσωμεν.

375 1455 499 1482 mam:
518 1456 607 1490 psq'.

140 1499 210 1526 Ἀλλ’
224 1499 274 1527 οὐκ
287 1497 362 1527 εἶπεν
372 1500 387 1527 ὁ
401 1500 477 1533 Θεὸς,
490 1501 650 1536 Ποιήσωμεν
664 1500 805 1538 ἄνθρωπον
821 1501 885 1537 μὲλ-

97 1545 180 1572 λοντα
191 1545 225 1572 δι’
239 1545 340 1581 ἀρετῆς
352 1545 538 1581 ἐξομοιοῦσθαι
552 1546 618 1582 ἡμῖν
628 1555 636 1562 ·
652 1547 710 1574 ἀλλ’
724 1548 823 1580 εὐθέως
842 1548 884 1575 τέ-

97 1591 171 1618 λειον
185 1591 233 1618 καὶ
245 1591 446 1627 ἀπηρτισμένον
456 1589 524 1618 εἶναι
534 1592 708 1628 δημιουργεῖν
720 1593 809 1620 αὐτόν.
822 1591 883 1629 Ἆρ’

97 1635 145 1664 οὖν
157 1637 246 1670 ἄλλως
261 1637 311 1672 μὲν
327 1634 398 1671 εἷπε,
412 1637 498 1670 ἄλλως
511 1637 540 1665 δὲ
554 1638 697 1674 ἐποίησεν;

406 1682 580 1716 Ἀπόκρισις.

134 1728 219 1755 οὐδὲν
232 1727 335 1755 τούτων
351 1728 559 1764 ὑστεροὸουλίας
574 1729 722 1765 κατηγορεῖ
737 1728 784 1756 τοῦ
795 1729 863 1756 Θεοῦ
874 1736 883 1745 ·

97 1772 169 1800 ἀλλὰ
181 1773 318 1808 σπινθῆρα
336 1772 383 1799 τοῦ
400 1772 469 1808 πρὸς
481 1772 561 1800 αὑτὸν
574 1773 675 1809 ἔρωτος
702 1774 768 1808 ἡμῖν
784 1774 885 1807 ἐγκατ-

99 1818 206 1849 έλιπεν.
218 1817 289 1844 ὥστε
307 1817 351 1845 διὰ
364 1819 506 1853 μιμήσεως
519 1817 589 1854 πρὸς
598 1819 643 1846 τὸν
659 1819 764 1845 ἐκείνου
781 1819 884 1855 πυρσὸν

97 1863 279 1900 ἁμιλλᾶσθαιο
293 1864 386 1900 ἕτερος
408 1863 438 1890 δὲ
457 1864 507 1899 οὺχ
529 1864 648 1899 ὑπῆρχεν
671 1864 713 1891 ἔτι
727 1865 742 1890 ὁ
761 1864 814 1891 ὑπὸ
836 1864 884 1892 τοῦ

97 1909 290 1944 παραγομένου
304 1907 382 1941 αὖθις
393 1908 507 1943 ὀφείλων
523 1907 552 1936 εὖ
566 1909 662 1936 παθεῖν
671 1917 679 1925 ο
692 1909 722 1936 τὸ
735 1910 764 1936 δὲ
776 1909 883 1945 μέλλον,

97 1955 157 1987 τοῖς
169 1955 200 1988 ἐξ
225 1955 328 1982 ἐκείνου
352 1955 492 1991 προϊοῦσιν
514 1955 626 1988 εἰκότως
645 1956 801 1992 ἀπένειμεν.
818 1959 884 1986 Σκο-

98 2001 234 2036 πήσωμεν
247 2001 276 2028 δὲ
288 2002 336 2028 καὶ
351 2002 452 2038 ἑτέρως
458 2000 662 2030 τὸκατέίκόνα
669 2003 718 2030 καὶ
726 2003 880 2038 ὁμοίωσιν,

96 2046 176 2073 οὐδὲν
189 2046 243 2073 τῶν
259 2046 411 2082 εἰρημένων
426 2048 679 2084 παραγραφόμενοι,
693 2048 750 2075 ἀλλ’
760 2050 793 2076 ἐκ
803 2057 883 2084 περι-

95 2093 194 2124 ουσίας
210 2092 259 2125 τὰς
284 2092 433 2126 ἀποδείξεις
455 2093 685 2129 περιποιούμενοι.
702 2094 771 2130 Φησὶ
796 2095 851 2130 γὰρ
868 2096 883 2122 ὁ

95 2139 177 2170 Θεὸς,
189 2139 363 2174 Ποιήσωμεν
372 2138 527 2172 ἄνθρωπον
538 2140 601 2166 κατ’
611 2140 713 2166 εἰκόνα
724 2139 774 2167 καὶ
785 2141 884 2175 ὁμοίω-

95 2192 152 2211 σιν
169 2184 325 2218 ἡμετέραν,
338 2184 368 2210 τὸ
383 2183 477 2219 μέλλον
499 2184 537 2216 ὡς
557 2185 607 2221 ἥδη
625 2184 710 2221 παρὸν
733 2186 883 2220 ἐπιστάμε-

95 2238 144 2262 νος
155 2238 163 2245 ⁸
183 2230 231 2257 καὶ
249 2230 302 2266 πρὸ
319 2230 365 2256 τοῦ
379 2230 493 2265 δρᾶσθαι
514 2230 550 2257 τὰ
574 2230 671 2262 πάντα,
688 2231 882 2267 προγινώσκων

95 2276 215 2303 ἑκάστου
231 2275 278 2311 τὴν
293 2275 417 2302 ἔκϐασιν·
433 2275 470 2307 ὼς
486 2276 532 2302 ὲπὶ
542 2275 589 2302 τοῦ
608 2276 693 2303 Ἡσαῦ
706 2277 752 2303 καὶ
761 2276 807 2303 τοῦ
829 2277 880 2303 Ία-

94 2321 167 2353 me.
185 2321 240 2357 πρὸ
263 2321 309 2348 τοῦ
331 2320 514 2356 συλληφθῆναι
538 2321 636 2354 αὐτοὺς
656 2322 686 2348 ὲν
709 2323 744 2357 τῇ
768 2321 882 2358 μητρῷα

94 2368 186 2403 νηδύϊ,
198 2368 217 2403 ἢ
231 2368 280 2403 τῆς
296 2368 431 2403 πατρικῆς
445 2367 627 2403 ἀποκριθῆναι
642 2367 756 2402 ὀσφύος’
769 2368 882 2402 φάσκων

93 2414 140 2441 διὰ
158 2412 207 2440 τοῦ
223 2413 372 2448 Μαλαχίου·
401 2414 455 2440 Τὸν
474 2413 578 2440 Ἰακὼϐ
600 2414 753 2449 ἠγάπησα,
772 2414 825 2440 τὸν
848 2413 882 2440 δὲ

100 2458 200 2486 Ἠσαῦ
214 2458 345 2493 ἐμίσησα
358 2466 365 2473 '
381 2459 419 2490 ὡς
431 2459 479 2485 ἐπὶ
496 2458 544 2485 τοῦ
565 2459 697 2494 Ἱερεμίου
713 2459 810 2494 λέγων’
822 2459 884 2493 Πρὺ

93 2505 151 2532 τοῦ
168 2512 207 2532 σε
218 2504 333 2531 πλάσαι
349 2505 382 2531 ἐν
394 2505 503 2538 κοιλίᾳ,
522 2500 683 2540 ἐπίσταμαι
700 2513 747 2535 σε.
760 2506 808 2532 καὶ
827 2505 885 2539 πρὸ

92 2551 151 2578 τοῦ
172 2550 307 2584 ἐξελθεῖν
319 2551 354 2578 ἐκ
371 2551 498 2585 μήτρας,
516 2551 625 2586 ily-laud
648 2559 698 2578 σε·
712 2551 750 2583 ὡς
772 2551 818 2578 ἐπὶ
837 2551 884 2578 τοῦ

99 2596 200 2629 Ἰούδα,
220 2597 376 2632 προφαίνων
396 2596 479 2623 αὐτοῦ
494 2597 544 2632 τὴν
566 2596 721 2632 προδοσίαν,
743 2597 809 2632 μηδὲ
831 2597 885 2623 τῶν

91 2642 199 2678 γονέων
217 2641 299 2668 αὑτοῦ
316 2641 357 2668 ἔτι
377 2642 563 2677 ὑπαρχόντων,
577 2643 644 2678 φησὶ
658 2642 702 2669 διὰ
721 2642 768 2669 τοῦ
784 2642 882 2669 θεσπε-

93 2688 156 2714 σίου
173 2687 265 2714 Δασίδ·
285 2687 317 2714 '0
329 2687 438 2716 ἐσθίων
447 2687 556 2721 ἄρτους
563 2696 623 2722 μου
637 2687 822 2722 ἐμεγάλυνεν
835 2688 882 2714 ἐπ’

91 2733 149 2768 ἐμὲ
160 2733 361 2768 πτερνισμόνο
374 2733 413 2766 ὡς
427 2734 474 2761 ἐπὶ
486 2733 533 2760 τοῦ
544 2734 693 2769 κορυφαίου
706 2734 760 2760 τῶν
770 2733 883 2761 ἀποστό-

92 2778 150 2805 λων
167 2778 271 2814 Πέτρου
286 2778 332 2805 διὰ
354 2777 402 2805 τοῦ
415 2778 559 2806 θισπεσίου
579 2779 670 2806 Δεισίδ⁸
688 2780 742 2807 Καὶ
757 2781 784 2807 οἱ
797 2780 882 2807 ἐπαι-

791 120 962 150 DIALOGUS
978 120 1022 148 lll.

1646 115 1715 143 H30

933 186 991 205 nem
1008 183 1125 204 nostram
1141 177 1163 192 "
1181 184 1187 202 :
1203 176 1228 204 id
1241 175 1351 211 quidem
1367 175 1438 210 quod
1454 174 1605 202 secundum
1620 173 1718 209 imagi-

933 230 995 252 nem
1009 228 1051 251 est
1067 223 1183 258 repetiit,
1198 223 1224 250 id
1240 228 1329 250 autem
1337 222 1409 258 quod
1423 222 1572 249 secundum
1588 221 1715 250 simium--

931 270 1022 297 dinem
1039 273 1090 301 est.
1109 270 1214 297 tacuit?
1229 269 1317 303 luqnit
1332 269 1405 296 enim
1422 267 1563 303 Scriptura
1580 276 1590 294 ε
1606 267 1642 294 Ει
1653 267 1716 302 fecit

931 314 1003 342 Deus
1022 315 1162 346 hominem.
1178 315 1320 341 secundum
1332 313 1473 349 imaginem
1486 313 1534 340 Dei
1545 313 1606 348 fecit
1617 314 1714 348 ipsum,

931 369 1030 388 marem
1051 367 1075 388 et
1088 361 1212 393 [emittant
1225 361 1287 395 fecit
1297 369 1340 387 eos
1356 360 1380 376 "
1395 369 1403 387 :
1417 365 1511 388 etnon
1525 363 1567 387 est
1582 359 1714 392 additum,

931 407 1002 443 quod
1013 407 1162 435 secundum
1179 406 1394 434 similitudinem.

1247 451 1399 485 Responsio.

965 497 1036 531 Quia
1055 497 1141 524 noluit
1159 497 1231 525 Deus
1256 505 1306 524 nos
1321 497 1428 524 desides
1442 501 1468 524 et
1484 498 1610 525 socordes
1630 497 1714 525 vitam

931 551 1021 579 agere,
1038 543 1124 571 instar
1146 551 1225 571 suum
1243 547 1290 570 aut
1306 550 1448 578 porcorum
1468 543 1651 576 silvestrium,
1667 549 1715 571 aut

930 589 1023 616 ovium
1045 593 1072 616 et
1084 593 1247 616 ceterorum
1261 589 1366 616 ratione
1378 588 1526 615 carentium
1543 589 1713 621 animalium,

933 642 1020 670 neque
1035 635 1098 662 item
1114 635 1215 662 nullam
1231 634 1383 662 mercedem
1397 634 1519 667 meritos,
1535 634 1644 669 indigne
1662 635 1714 661 ho-

933 687 1049 713 norare;
1062 681 1088 707 in
1102 685 1195 708 nostra
1204 684 1336 715 potestate
1351 680 1471 715 reliquit,
1488 684 1518 707 ut
1532 679 1716 708 assimilemur

933 725 984 761 ipsi
998 733 1045 761 per
1066 726 1242 754 imitationem
1261 733 1324 760 erga
1344 726 1436 758 illum,
1464 732 1491 753 et
1513 734 1560 761 per
1583 727 1713 754 virtutum

932 770 1129 798 correctionem
1151 774 1180 798 et
1203 770 1473 804 demonstrationem,
1492 776 1523 798 ut
1545 779 1609 806 erga
1627 772 1716 806 proxi-

933 823 1008 843 mum
1025 816 1168 844 sedulitate
1183 816 1367 844 assimilemur
1383 816 1445 851 ipsi.
1460 821 1591 851 quantum
1611 817 1646 844 ab
1662 818 1714 844 hu-

933 869 1012 889 mana
1029 866 1126 889 natura
1138 861 1319 890 contendente
1333 861 1368 889 ad
1382 862 1466 889 Deum
1479 863 1601 897 praestari
1615 867 1714 898 potest.

932 905 1021 935 Nam:
1038 905 1104 934 Esto
1118 907 1226 942 pupillis
1238 913 1267 933 ut
1290 912 1375 941 pater,
1392 911 1416 934 et
1428 908 1544 942 ipsarum
1559 909 1643 935 matri
1665 917 1714 943 pro

932 952 999 984 viro,
1014 952 1104 986 inquit
1119 959 1210 979 rerum
1221 952 1372 979 divinarum
1384 953 1486 987 peritus
1499 953 1542 980 ille
1554 953 1663 981 Salomo
1678 955 1711 982 ".

933 996 979 1024 llle
994 1001 1085 1024 autem
1102 997 1130 1024 in
1146 996 1294 1032 Evangelia
1307 997 1439 1025 Dominus
1455 998 1543 1033 inquit
1557 1008 1564 1026 :
1579 998 1655 1026 Beati
1667 1002 1714 1026 mi-

932 1043 1092 1076 sericordes,
1111 1045 1236 1078 quoniam
1259 1045 1311 1079 ipsi
1335 1045 1544 1074 misericordiam
1559 1055 1714 1082 consequen-

934 1093 977 1116 tur
987 1089 1021 1116 “.
1036 1089 1070 1116 Ει
1090 1089 1187 1116 iterum
1203 1099 1210 1118 :
1224 1089 1300 1116 Beati
1317 1091 1431 1125 paciﬁci,
1451 1093 1576 1126 quoniam
1592 1094 1643 1127 ipsi
1664 1094 1717 1127 lilii

933 1134 982 1162 Dei
1004 1135 1166 1162 vocabuntur
1182 1136 1215 1162 εί.
1241 1135 1305 1164 ltem
1323 1146 1330 1164 :
1352 1137 1480 1164 Discitea
1499 1146 1538 1165 me
1556 1139 1624 1173 quod
1644 1140 1716 1166 utilis

932 1188 991 1206 sum
1008 1187 1033 1207 et
1044 1180 1152 1207 humilis
1164 1182 1252 1214 corde,
1263 1187 1288 1209 et
1302 1182 1435 1209 invenietis
1446 1184 1560 1217 requiem
1577 1185 1716 1211 animabus

932 1227 1025 1253 vestris
1037 1227 1071 1254 ".
1090 1226 1182 1254 Simus
1197 1234 1262 1262 ergo
1277 1227 1387 1255 beneﬁci
1399 1233 1426 1255 et
1442 1229 1649 1262 misericordes;
1663 1230 1715 1264 ipsi

934 1272 1127 1300 misericordiae
1146 1272 1230 1307 indigi
1245 1272 1423 1300 misereantur
1438 1273 1507 1307 ejus,
1524 1274 1570 1309 qui
1583 1274 1717 1302 beneﬁcio

933 1317 1002 1346 allici
1018 1322 1103 1353 rogat.
1123 1316 1179 1346 Hoc
1194 1318 1266 1345 enim
1284 1318 1415 1346 beneﬁcio
1429 1317 1501 1346 Deus
1518 1323 1646 1354 rogantes
1659 1321 1717 1348 aliis

933 1365 980 1397 cit,
1000 1364 1022 1392 si
1039 1363 1183 1392 fecerimus
1201 1364 1274 1399 quod
1301 1364 1380 1391 nobis
1410 1363 1470 1391 ﬂeri
1492 1364 1627 1393 volumus.
1642 1365 1717 1393 Facit

933 1410 1004 1438 euitn
1023 1409 1101 1438 nobis
1121 1409 1203 1441 Deus.
1220 1409 1400 1444 quodcunque
1416 1417 1465 1437 nos
1480 1410 1541 1438 aliis
1559 1410 1716 1439 fecerimus.

1130 1454 1389 1482 INTERROGATIU
1410 1455 1524 1482 CLXVI.

969 1501 1050 1537 Atqui
1066 1508 1121 1529 non
1139 1501 1207 1528 dixit
1220 1500 1291 1529 Deus
1308 1500 1471 1529 :Faciamus
1489 1503 1625 1530 hominem
1638 1503 1717 1530 nobis

935 1555 983 1583 per
998 1547 1125 1574 virtutem
1148 1546 1365 1580 assimilandum,
1382 1548 1428 1575 sed
1453 1549 1544 1575 statim
1566 1549 1715 1583 perfectqu

934 1597 961 1620 et
976 1592 1130 1620 absolutum
1143 1592 1212 1619 dixit
1222 1599 1251 1620 se
1263 1593 1352 1627 ipsqu
1367 1592 1466 1621 facere.
1486 1592 1557 1621 Num
1572 1594 1653 1629 igitur
1664 1595 1715 1621 ali-

935 1643 976 1667 ter
989 1639 1097 1675 quidem
1115 1638 1193 1672 dixit,
1207 1638 1285 1666 aliter
1303 1643 1392 1665 autem
1409 1638 1484 1667 fecit.

1248 1682 1401 1718 Responsio.

969 1727 1042 1756 Nihil
1057 1729 1153 1756 horum
1169 1728 1257 1764 arguit
1271 1729 1297 1756 in
1311 1728 1367 1756 Deo
1378 1730 1553 1758 mutationem
1565 1732 1715 1765 sententiae.

934 1775 982 1802 sed
1004 1775 1031 1802 in
1045 1775 1120 1802 urbis
1138 1775 1284 1802 scintillam
1299 1777 1402 1802 amoris
1416 1783 1480 1810 erga
1501 1784 1530 1804 se
1550 1778 1672 1812 reliquit,
1688 1784 1716 1806 ut

935 1825 982 1853 per
994 1817 1172 1846 imitationem
1186 1818 1219 1844 ad
1229 1818 1300 1846 illius
1313 1817 1400 1846 facem
1413 1821 1617 1849 contendamus.
1636 1822 1716 1849 Alius

934 1864 1006 1890 enim
1026 1862 1147 1890 nondum
1168 1867 1237 1895 erat,
1259 1864 1304 1898 qui
1329 1864 1364 1890 ah
1380 1871 1412 1891 eo
1432 1864 1478 1899 qui
1506 1866 1715 1900 producebatur,

935 1917 997 1936 mox
1006 1915 1079 1936 esset
1091 1909 1278 1936 oblectandus.
1290 1907 1422 1936 Futurum
1435 1914 1525 1937 autem
1538 1912 1635 1939 merito
1651 1912 1715 1944 illis,

934 1954 980 1989 qui
1002 1962 1035 1981 ex
1061 1954 1108 1982 illo
1123 1955 1302 1990 progressuri‘
1316 1959 1405 1988 erant,
1428 1955 1531 1983 tribuit.
1553 1955 1715 1985 Considere-

935 2007 995 2028 mus
1016 2005 1105 2028 autem
1132 2001 1213 2027 etiam
1236 2001 1290 2028 alio
1306 2001 1396 2032 modo.
1419 2002 1486 2030 nihil
1501 2010 1596 2031 eorum
1611 2011 1671 2038 qua:
1683 2005 1716 2032 de

934 2045 1051 2081 imagine
1069 2050 1097 2073 et
1122 2046 1299 2074 similitudine
1323 2047 1394 2074 dicta
1423 2052 1502 2080 sunt,
1526 2048 1714 2083 depravantes.

934 2092 981 2119 sed
1010 2099 1043 2119 ex
1069 2092 1215 2119 abundanti
1240 2092 1486 2120 demonstrationes
1513 2095 1645 2128 quasdam
1671 2103 1714 2130 pe-

934 2143 1029 2166 tentes.
1048 2137 1137 2173 lnquit
1158 2138 1231 2165 enim
1258 2137 1330 2166 Deus
1347 2147 1353 2166 :
1371 2137 1515 2166 Faciamus
1530 2139 1660 2167 [remittent
1676 2149 1711 2168 se-

934 2184 1048 2211 cundum
1069 2185 1209 2219 imaginem
1237 2189 1262 2210 et
1286 2184 1486 2211 similitudinem
1512 2190 1640 2213 nostram.
1660 2185 1714 2213 Fu-

935 2235 1027 2257 turum
1056 2230 1129 2257 velut
1152 2230 1209 2264 jam
1231 2237 1351 2264 prmsens
1376 2231 1498 2263 sciebat,
1515 2235 1543 2258 et
1570 2235 1715 2266 antequam

932 2274 1034 2302 iaceret
1046 2275 1156 2306 omnia,
1176 2282 1397 2310 praecognoscens
1421 2275 1638 2310 uniuscujusque
1659 2278 1716 2304 exi—

932 2325 1001 2348 tum.
1015 2320 1249 2354 Qucmadmodum
1263 2322 1296 2347 de
1309 2320 1398 2348 Esauo
1409 2325 1436 2348 et
1445 2320 1555 2354 Jacoho,
1570 2326 1715 2356 antequam

932 2365 1141 2400 conciperentur
1160 2365 1187 2392 in
1200 2370 1277 2392 utero
1290 2369 1421 2398 materno,
1439 2371 1486 2393 aut
1499 2370 1647 2401 antequam
1663 2374 1716 2394 ex-

932 2415 1107 2439 cernerentur
1127 2418 1143 2439 e
1167 2410 1261 2438 lumbo
1284 2416 1418 2446 paterno,
1435 2411 1529 2439 dicens
1555 2419 1603 2447 per
1633 2411 1715 2439 Mala-

932 2457 1022 2485 chiam
1037 2465 1044 2483 :
1060 2456 1192 2484 Iacobum
1209 2457 1312 2484 dilexi:
1327 2456 1427 2484 Esaum
1444 2466 1502 2485 vero
1514 2458 1575 2485 odio
1586 2457 1667 2485 Itabui
1680 2458 1714 2486 ".

933 2502 1010 2530 Sicut
1023 2507 1051 2529 et
1071 2502 1105 2529 de
1122 2501 1238 2530 Jeremia
1259 2503 1325 2530 dicit
1339 2511 1346 2530 :
1366 2503 1514 2538 Antequam
1531 2508 1555 2531 te
1566 2503 1714 2538 formarem

932 2549 961 2576 in
980 2542 1064 2582 utero,
1084 2548 1144 2576 novi
1163 2552 1197 2580 te.
1210 2553 1235 2575 et
1247 2553 1386 2584 antequam
1397 2556 1411 2575 e
1427 2549 1536 2576 matrice
1545 2550 1714 2585 egrederem,

933 2594 1096 2629 sanctiﬁcavi
1112 2599 1136 2622 te
1149 2594 1182 2621 “.
1196 2593 1272 2622 Sicut
1281 2599 1307 2622 et
1321 2595 1354 2622 de
1365 2593 1432 2622 Juda
1448 2600 1661 2629 pratmonstrans
1672 2595 1714 2630 ip-

934 2640 992 2668 sius
1006 2640 1188 2675 proditiouem
1200 2660 1208 2673 .
1225 2648 1288 2668 cum
1307 2641 1396 2668 adhuc
1412 2648 1444 2668 ne
1464 2641 1574 2676 quidem
1591 2646 1712 2676 parcnte'

935 2686 1021 2721 ipsius
1046 2691 1149 2720 essent,
1176 2687 1265 2722 inquit
1291 2695 1338 2721 per
1361 2686 1487 2715 Davidem
1504 2687 1580 2715 illum
1593 2687 1714 2715 divinum

934 2737 1023 2759 vatem
1049 2741 1057 2759 :
1085 2732 1137 2766 Qui
1154 2741 1254 2760 mecum
1269 2733 1322 2760 edit
1337 2741 1428 2768 partes,
1451 2741 1575 2768 magnum
1599 2733 1716 2761 instituit

935 2778 1059 2806 adversus
1077 2787 1116 2806 me
1134 2779 1225 2806 dolum
1241 2779 1275 2806 ".
1291 2778 1367 2807 Sicut
1378 2782 1405 2807 et
1421 2779 1455 2806 de
1467 2778 1589 2815 principe
1607 2784 1708 2814 aposto-

130 2832 330 2873 ξῦεμβυ.
367 2833 806 2873 "_ihid.g7._"l-}ccli.tv,10.
842 2833 882 2862 σο]

935 2833 974 2862 th.
987 2842 1013 2869 ν,
1031 2834 1056 2862 7.
1094 2835 1200 2873 ⁸¹,ὶι›ἱᾱ.
1216 2836 1242 2865 9.
1281 2835 1303 2853 "
1315 2835 1410 2864 Matth.
1427 2835 1522 2870 “.29.
1561 2835 1585 2853 ⁶⁹
1602 2836 1715 2866 Ialaclu

97 2884 118 2901 ,,
133 2866 163 2895 2.
201 2868 225 2886 “
239 2867 341 2897 Jerem.
355 2876 374 2902 ι,
391 2868 418 2895 5.
456 2868 479 2885 ⁸⁸
494 2868 569 2900 Psal.
585 2877 630 2900 ιι.
646 2868 686 2898 10.
