1910 3038
83 134 158 161 “'29

82 191 175 226 τούτῳ
200 191 357 226 ταφήσομαι
384 190 429 218 διὰ
456 192 519 224 τοὺς
545 193 574 218 ὲν
600 193 649 228 ἅδῃ
675 193 876 229 τυγχάνοντας·

80 244 104 262 τι
116 237 175 270 ὑτῳ
191 236 273 263 οἱονεὶ
287 237 376 273 πέτρᾳ
393 239 505 273 πατάξω
524 239 630 266 ἐκείνου
647 238 746 270 πύλας,
761 238 879 273 ἐξάγων

80 281 314 317 πεπεδημένους
328 283 362 310 ἐν
373 284 505 319 ἀνδρείᾳ,
528 285 619 316 καθώς
634 294 716 321 φησιν
735 286 750 312 ὁ
771 285 852 312 Δαῦὶδ
865 285 879 311 ὁ

80 326 197 362 οἰκέτης
224 336 288 363 μου·
315 328 401 364 τούτῳ
423 331 462 361 εὶς
478 331 610 366 οὐρανοὺς
633 330 822 366 ἀναϐήσομαι,
841 330 878 365 μὴ

80 372 198 408 χρῄζων
209 373 380 408 ἀναϐάσεως,
397 375 412 401 ὁ
430 376 542 411 πληρῶν
557 376 593 402 τὰ
612 377 758 412 σύμπαντα
769 385 776 391 ·
793 375 880 411 τούτῳ

81 419 117 444 ἐκ
137 418 235 451 δεξιῶν
254 419 410 456 καθήσομαι
429 421 478 448 τοῦ
500 422 705 457 ἀσχηματίστου
727 422 848 458 Πατρὸς,
866 422 881 448 ὁ

82 465 148 490 κατ’
173 465 256 493 αὑτὸν
283 466 504 502 ἀσχημάτιστος·
534 468 614 495 τοῦτο
636 469 697 496 κατ’
719 469 810 496 εἰκόνα
834 468 882 495 καλ¹

82 510 219 544 ὁμοίωσιν
232 511 278 538 τοῦ
294 512 340 538 ὑπ’
354 513 421 547 ἐμοῦ
437 513 586 548 γενομένου
601 514 727 548 γενέσθαι
742 515 786 541 ἐπ’
803 514 882 549 ἐσχά-

83 565 132 582 του
157 556 212 583 τῶν
233 557 336 593 χρόνων
356 559 504 594 ηὑδόκησα,
520 560 676 595 προωρίσας
695 560 805 595 ἐμαυτῷ
828 561 879 596 τῆς

83 602 268 638 δημιουργίας
282 604 312 631 τὸ
327 604 467 639 ἐσόμενον.
481 605 513 632 Εἰ
527 605 616 632 τοίνυν
630 605 704 632 δοκεῖ
718 615 758 633 σοι
772 606 881 641 βέϐαιος

83 649 99 674 ὁ
115 648 165 683 τῆς
179 649 283 681 εἰκόνος
300 650 346 676 καὶ
360 650 516 686 ὁμοιώσεως
530 651 618 685 λόγος,
632 651 770 687 ἠρεμείτω
784 653 800 687 ὴ
817 652 882 687 περὶ

84 692 191 728 ταύτης
210 693 257 720 τοῦ
277 693 370 721 λοιποῦ
386 694 510 730 ζήτησις.

85 738 212 766 futurum
241 741 302 767 erit.
326 741 404 774 Quod
433 742 456 769 si
483 742 530 770 tibi
557 743 664 770 videtur
688 748 761 771 certa
787 744 846 771 haec
864 743 897 771 de

85 786 208 821 amplius
220 786 254 814 de
268 795 300 814 ea
318 789 504 816 percunctari.

371 834 496 861 ΠΕΥΣΙΣ
512 835 595 863 ΡΞΖ’.

122 876 158 903 Τί
170 874 229 909 οὖν,
242 878 259 914 ἡ
274 878 359 913 Τριὰς
373 879 519 916 ὲσαρκώθη
538 881 585 907 καὶ
599 880 809 916 ὲνηνθρώπησεν
822 889 828 914 ;
843 881 880 907 Οὐ

85 923 141 958 γὶιρ
164 922 242 950 εἶπεν
258 925 272 950 ὁ
292 925 368 956 Θεὸς,
392 925 567 962 Ποιήσωμεν
587 926 744 961 ἄνθρωπον
759 928 823 954 κατ’
840 928 881 954 ει-

85 969 164 995 κόνα
189 970 239 996 καὶ
262 971 416 1005 ὁμοίωσιν,
438 971 515 1005 ἀλλὰ,
544 972 885 1010 Ποιήσωμεν-ἄνθρωπον

85 1016 153 1042 κατ’
168 1016 270 1043 εἰκόνα
286 1017 334 1043 καὶ
350 1018 503 1052 ὁμοίωσιν,
527 1019 578 1045 οὐκ
596 1019 676 1054 ἐμὴν,
699 1018 756 1045 ἀλλ’
779 1019 882 1053 ἡμετέ-

82 1070 155 1095 ραν.

401 1109 579 1144 Ἀπόκρισις.

126 1152 159 1178 Εἰ
175 1154 232 1185 τοῖς
252 1152 315 1189 ἑξῆς
334 1153 374 1189 τῷ
392 1154 464 1190 λόγῳ
481 1155 610 1191 ἐπιϐῆναι
629 1155 804 1192 θελήσωμεν,
818 1157 882 1183 ἑαυε

85 1201 138 1236 τὴν
160 1200 269 1231 πάντως
288 1201 305 1236 ἡ
321 1200 451 1236 θεηγορία
474 1201 654 1237 διασαφήσει.
675 1201 803 1236 λέγουσα,
825 1203 880 1229 Kal

84 1246 245 1280 ἐποίησεν,
262 1246 322 1282 οὐχὶ
338 1246 481 1282 ἐποίησαν,
497 1249 513 1274 ὀ
531 1248 612 1281 Θεὸς,
630 1248 679 1283 οὐχ
700 1249 724 1274 ot
741 1247 813 1280 Osci,
828 1247 883 1274 τὸν

85 1293 247 1327 ἄνθρωπον
271 1293 335 1319 κατ’
357 1294 460 1320 εἰκόνα
480 1293 572 1326 Θεοῦ,
592 1294 653 1329 οὐχὶ
670 1293 749 1320 θεῶν.
768 1293 817 1320 Δια
836 1291 881 1320 οὖν

85 1338 136 1366 τοῦ
153 1339 346 1374 Ποιήσωμεν,
367 1339 401 1366 τὰ
417 1339 481 1376 τρία
498 1340 661 1375 σημαίνεται
677 1340 811 1375 πρόσωπα
831 1340 881 1375 τῆς

86 1385 222 1421 Θεότητος
232 1393 240 1400 ο
254 1385 298 1412 διὰ
314 1385 343 1412 δὲ
358 1385 406 1412 τοῦ
424 1385 582 1419 Ἐποίησεν
591 1406 599 1419 ,
621 1386 651 1412 τὸ
667 1386 754 1412 ἑνικὸν
767 1386 817 1421 τῆς
830 1385 881 1420 φύ-

87 1439 160 1463 σεως
176 1431 225 1458 καὶ
242 1431 292 1466 τῆς
310 1430 418 1466 βουλῆς,
436 1431 483 1458 καὶ
498 1431 544 1458 τοῦ
561 1431 708 1467 δράματος.
731 1431 774 1463 Ὠς
789 1432 836 1458 καὶ
852 1431 882 1464 ἐξ

87 1478 176 1513 αὐτῆς
191 1478 314 1513 ἔγνωμεν
326 1478 376 1513 τῆς
390 1477 570 1514 δημιουργίας
585 1477 673 1513 ἡμῶν.
688 1477 742 1505 Kal
757 1477 883 1510 ἐποίησε

87 1524 143 1560 γὰρ
164 1525 180 1551 ὀ
199 1524 271 1557 Θεὸς
290 1524 344 1550 τὸν
360 1524 528 1557 ἄνθρωπον,
547 1523 664 1551 ἐνταῦθα
683 1523 712 1550 τὸ
730 1523 818 1550 ἑνικὸν
835 1524 884 1559 τῆς

88 1571 199 1605 φύσεως
215 1571 324 1598 πάντων
337 1569 440 1606 βροτῶν
456 1570 607 1605 παριστῶνο
626 1571 733 1605 ’Ἆρα-εν
743 1570 791 1596 καὶ
804 1569 883 1603 θῆλυ

87 1617 236 1650 ἐποίησεν
259 1616 387 1649 αὐτούς·
411 1615 528 1643 ἐνταῦθα
553 1616 687 1652 πρόσωπα
707 1615 804 1652 δηλῶν.
829 1616 885 1642 Καὶ

88 1662 205 1697 ἑτέρωθί
222 1670 316 1697 φησιν,
337 1661 501 1696 Ἑξαλείψω
515 1661 569 1688 τὸν
580 1661 739 1695 ἄνθρωπον
754 1661 813 1688 ἀπὸ
828 1661 884 1695 τῆς

88 1707 147 1743 γῆς
165 1707 202 1734 ὃν·
219 1707 365 1742 ἐποίησα·
392 1707 514 1741 καίτοιγε
537 1706 662 1733 πλεῖσται
687 1706 815 1742 μυριάδες
837 1707 884 1732 ἀν-

89 1753 209 1789 θρώπων
222 1753 355 1789 ὑπῆρχον,
367 1753 391 1780 οἱ
407 1753 454 1780 ἐπὶ
469 1753 530 1779 Νῶε
542 1752 786 1784 κατακλυσθέντες.
800 1753 824 1779 εὶ
837 1752 883 1779 κα)¹

89 1800 182 1826 ἑνικὸν
197 1799 227 1825 τὺ
243 1799 330 1834 (Siqua:
345 1799 460 1835 ἑτέρωθι
475 1799 502 1825 δὲ
518 1799 563 1826 τὸν
577 1798 734 1834 Φαραώνιον
745 1807 884 1834 πανστρα-

89 1846 135 1881 τιᾷ
152 1844 285 1880 βυθισμὸν
302 1844 480 1880 τραγῳδοῦσα
502 1845 518 1880 ἡ
539 1844 599 1871 θεία
620 1845 669 1880 τῆς
690 1845 801 1881 Μαρίης
817 1843 883 1880 ᾠδὴ,

92 1894 233 1928 ’ᾼσωμεν
244 1891 285 1925 τῷ
297 1892 406 1926 Κυρίῳ,
428 1892 522 1926 φησὶν,
538 1891 668 1924 ἐνδόξως
690 1892 744 1926 γὰρ
764 1891 886 1923 δεδόξα-

89 1945 172 1965 σται·
192 1938 287 1964 ἵππον
299 1938 350 1964 καὶ
362 1936 517 1971 ἀναϐάτην
526 1937 649 1971 ἕρῤιψεν
659 1938 702 1970 εὶς
714 1937 882 1964 θάλασσαν·

90 1984 121 2010 τὸ
138 1983 240 2018 πλῆθος
254 1983 303 2018 τῆς
320 1983 404 2009 ἵππου
421 1982 531 2014 ἑνικῶς,
550 1982 596 2009 καὶ
610 1982 658 2008 τοῦ
673 1982 789 2018 στρατοῦ
804 1982 885 2009 πάλιν

90 2029 222 2061 ὡσαύτως
250 2028 448 2064 μελῳδήσασα,
476 2029 586 2056 πάντων
613 2028 821 2055 καταποθέντων
846 2028 885 2064 τῷ

97 2075 253 2111 Ἔρυθραίῳ
269 2075 395 2109 πελάγει,
409 2074 468 2110 ἅμα
481 2074 520 2110 τῷ
532 2074 656 2110 δυστήνῳ
673 2073 762 2101 αὐτῶν
776 2074 882 2101 ἄνακτι·

91 2121 163 2157 πρὸς
179 2121 207 2148 δὲ
221 2121 267 2148 τὸν
284 2121 387 2148 Μωσέα
404 2121 498 2156 φησιν,
523 2119 596 2154 Ἐγὼ
618 2121 634 2146 ὁ
650 2120 723 2152 Θεὸς
746 2120 884 2155 Ἀϐραὰμ,

91 2168 141 2194 καὶ
157 2169 174 2194 ό
189 2166 261 2199 Θεὸς
284 2167 396 2198 Ἰσαὰκ.
413 2166 463 2194 καὶ
477 2168 493 2193 d
510 2166 582 2199 Θεὸς
603 2165 715 2193 Ἰακώϐ·
733 2165 776 2192 διὰ
792 2166 841 2201 μὲν
855 2165 885 2192 τὸ

98 2212 174 2247 Ἐγὼ
188 2213 219 2239 τὺ
238 2213 327 2239 ἑνικὸν
344 2213 393 2239 καὶ
410 2212 509 2239 ταύτὸν
526 2211 645 2247 δηλοῦσα
669 2212 685 2247 ἠ
704 2211 764 2238 Θεία
778 2211 863 2246 Τριάς
876 2220 882 2227 ·

93 2260 138 2286 διὰ
154 2259 183 2286 δὲ
199 2259 230 2286 τὸ
242 2260 316 2294 τρεῖς
332 2259 363 2285 τὸ
383 2257 456 2291 Θεὸς
473 2259 586 2292 φωνᾶσα
600 2258 649 2294 t5),
665 2258 713 2290 τὰς
728 2259 802 2293 τρεῖς
819 2259 884 2284 ἑαυ-

91 2306 142 2340 τῆς
154 2304 329 2336 ὑποστάσεις,
344 2304 392 2331 καὶ
405 2304 538 2339 πρόσωπα
552 2303 713 2339 παριστῶσα
723 2312 729 2317 ·
744 2303 816 2336 ἅπαξ
834 2303 884 2338 μὲν

92 2354 123 2378 τὸ
143 2351 229 2386 Ἐγὼ,
243 2350 335 2386 τρίτον
351 2350 379 2377 δὲ
398 2350 428 2376 τὸ
447 2351 520 2382 Θεὸς
542 2349 734 2385 φθεγξαμένη·
750 2349 818 2377 ἀλλὰ
837 2350 884 2377 καὶ

93 2396 111 2431 ὴ
132 2396 217 2422 πᾶσιν
239 2394 342 2429 ἄκρατος
367 2394 414 2421 καὶ
432 2394 597 2430 ἀπόρρητος,
620 2394 653 2420 ἐκ
675 2394 724 2430 τῆς
746 2394 886 2426 ἁείπαιδος

95 2441 204 2476 Μαρίας
219 2441 249 2468 ὲν
267 2441 348 2480 σαρκὶ
365 2440 510 2476 θεανδρικὴ
527 2440 683 2475 θεοφάνεια,
701 2440 746 2466 τοῦ
765 2441 814 2476 μὲν
829 2441 886 2468 Πα-

94 2487 158 2523 τρὸς
174 2486 362 2523 βουληθέντος,
380 2486 426 2513 τοῦ
440 2487 470 2513 δὲ
490 2486 556 2514 Υἰοῦ
572 2486 762 2522 σαρκωοὲντος
775 2507 781 2519 ,
795 2487 842 2514 τοῦ
857 2487 886 2514 δὲ

95 2532 253 2567 Πνεύματος
269 2532 497 2568 συνεργήσαντος.
515 2533 593 2566 φαῖεν
612 2532 645 2559 ἂν
662 2532 818 2567 γεγονέναι’
836 2533 886 2560 οὐκ

94 2579 190 2614 ἀτονία
202 2578 249 2605 τοῦ
263 2578 321 2610 ἑνὸς
335 2579 404 2614 πρὸς
418 2578 449 2604 τὸ
462 2578 564 2614 δρᾶμα,
578 2577 647 2605 ἀλλὰ
661 2579 728 2606 πᾶσι
742 2578 886 2614 συμφωνίᾳ

94 2635 125 2652 τε
139 2626 188 2653 καὶ
202 2625 309 2661 ἑνότητι
323 2626 370 2652 καὶ
382 2625 527 2661 ταυτότητι
539 2625 590 2660 τῆς
606 2626 670 2660 μιᾶς
685 2625 784 2660 βουλῆς
798 2635 828 2652 τε
839 2627 886 2653 καὶ

96 2671 249 2705 αὑθεντίας,
267 2672 315 2698 καὶ
339 2671 480 2706 βασιλείας
501 2672 551 2707 τῆς
575 2673 604 2698 ὲν
629 2672 738 2708 Τριάδι,
755 2673 848 2699 εἴωθεν
868 2674 885 2708 ὴ

96 2717 192 2753 Γραφὴ
207 2717 307 2753 τριχῶς
323 2717 357 2744 τὰ
376 2717 461 2745 πολλὰ
479 2719 528 2753 τῆς
546 2717 689 2753 θεουργιας
704 2718 817 2754 διαιρεῖν
828 2728 834 2733 ο
851 2719 886 2745 τὰ

781 133 955 162 MALOGUS
986 134 1031 162 ill.

1655 136 1723 164 “30

932 193 1029 220 faciam
1042 193 1075 220 ab
1087 193 1187 220 Judaais
1202 195 1415 228 eomprebenSus
1429 194 1721 230 incomprehensibilis,

933 240 1004 267 idem
1030 245 1156 268 mortuus
1181 241 1353 272 immortalis,
1378 242 1457 268 morti
1487 250 1562 270 mors
1587 252 1593 270 :

933 287 1046 320 Sepeliar
1072 291 1182 321 propter
1205 294 1264 319 eos,
1282 287 1328 321 qui
1352 287 1378 314 in
1409 295 1476 315 orco
1499 293 1564 315 sunt
1590 298 1597 315 :
1621 290 1722 317 idcirco

933 332 1015 359 veluti
1038 340 1134 359 sarum
1148 333 1257 366 aliquod
1272 333 1421 368 percutiam
1444 334 1517 362 illius
1534 341 1637 370 portas,
1660 338 1722 364 edu-

933 386 992 404 cens
1017 379 1116 404 vinctos
1137 379 1162 405 in
1188 378 1355 413 fortitudine,
1375 380 1604 414 quemadmodum
1635 383 1725 418 inquit

935 424 1050 452 Davides
1072 432 1167 452 servus
1193 433 1271 453 meus
1291 427 1324 453 "°.
1342 427 1449 454 Idcirco
1467 428 1551 455 etelos
1564 429 1722 460 ascendam.

935 478 988 497 non
1021 470 1145 506 indigens
1171 473 1344 503 ascensione.
1368 478 1497 508 tanquam
1526 474 1642 510 implens
1661 477 1724 503 uni-

1621 243 1723 270 idcirco

934 524 1023 543 versa.
1036 516 1138 544 Idcirco
1150 525 1165 544 a
1178 517 1282 545 dextris
1294 519 1394 546 sedebo
1416 520 1489 547 nulla
1498 519 1586 548 forma
1599 523 1721 555 expressi

933 560 1033 595 Patris,
1047 568 1074 590 et
1094 563 1152 598 ipse
1166 564 1198 590 ad
1215 564 1288 591 illius
1311 564 1517 593 similitudinem
1542 568 1614 594 nulla
1633 568 1720 595 forma

933 615 1089 643 expressus.
1106 609 1161 637 H0c
1178 610 1326 638 secundum
1344 611 1488 647 imaginem
1514 617 1541 640 et
1566 614 1724 642 similitudi-

935 662 996 681 nem
1005 654 1065 690 ejus
1076 655 1121 690 qui
1134 663 1149 682 a
1166 663 1209 683 me
1220 656 1308 684 factus
1324 662 1375 689 est,
1393 659 1538 692 postremis
1553 661 1722 696 temporibus

936 698 993 726 fieri
1008 700 1106 734 placet,
1124 701 1170 736 qui
1194 701 1322 729 constitui
1340 702 1405 730 mihi
1416 704 1466 739 ipsi
1487 705 1559 740 quod
1573 707 1600 733 in
1613 707 1722 742 opiﬁcio

929 744 1047 781 imagine
1075 752 1103 774 et
1127 748 1306 776 similitudine
1336 750 1444 784 oratio,
1473 751 1568 780 desine
1594 753 1722 789 deinceps

1124 834 1384 865 lNTERROGATIO
1404 837 1529 867 CLXVII.

967 881 1038 915 Quid
1059 881 1159 916 igitur?
1183 881 1253 909 Num
1275 882 1396 912 Trinitas
1419 885 1558 914 incarnata
1583 893 1609 914 et
1639 890 1722 917 homo

932 928 1002 955 facta
1026 928 1088 955 est?
1104 927 1163 955 Non
1189 929 1260 955 enim
1275 929 1344 956 dixit
1365 929 1446 961 Deus.
1467 931 1611 961 Faciamus
1632 936 1722 962 homi-

931 982 993 1001 nem
1007 974 1156 1001 secundum
1169 974 1314 1009 imaginem
1329 985 1335 1002 :
1352 977 1410 1007 sed,
1430 977 1574 1006 Faciamus
1589 980 1721 1008 hominem

932 1021 1074 1048 secundum
1086 1021 1227 1055 imaginem
1243 1026 1267 1048 et
1282 1022 1482 1050 similitudinem
1492 1032 1545 1051 non
1559 1033 1659 1059 meam,
1675 1028 1721 1054 sed

932 1070 1058 1092 nostram.

1250 1109 1400 1144 Responsio.

969 1155 997 1183 Si
1019 1155 1045 1182 in
1064 1156 1098 1182 iis
1115 1163 1177 1190 quae
1193 1156 1289 1184 ordine
1314 1158 1340 1184 in
1361 1165 1394 1185 eo
1412 1166 1539 1187 sermone
1559 1167 1722 1196 sequuntur,

932 1198 1035 1234 ingredi
1054 1200 1238 1233 voluerimus,
1258 1202 1435 1235 semetipsum
1452 1204 1532 1239 plane
1544 1206 1653 1235 divinus
1670 1216 1724 1235 ser-

933 1252 978 1272 mo
1002 1245 1162 1278 declarabit,
1191 1247 1284 1274 dioens
1311 1257 1317 1274 :
1346 1247 1380 1275 Et
1406 1249 1480 1283 fecit,
1503 1259 1556 1278 non
1576 1251 1722 1280 fecerunt:

933 1289 1012 1323 Deus,
1027 1298 1082 1318 non
1103 1291 1158 1323 dii',
1184 1292 1314 1320 hominem
1340 1295 1484 1322 secundum
1499 1297 1639 1332 imaginem
1666 1299 1724 1332 Dei,

933 1343 986 1362 non
1010 1337 1133 1364 deorum.
1146 1336 1198 1365 Per
1214 1339 1238 1365 id
1268 1339 1349 1374 igitur
1363 1341 1436 1375 quod
1450 1341 1548 1377 inquit.
1569 1344 1723 1378 Faciamus.

932 1384 988 1408 tres
1011 1382 1166 1409 indicantur
1195 1391 1317 1418 persona:
1332 1385 1499 1420 divinitatis;
1515 1397 1562 1423 per
1585 1391 1611 1417 id
1633 1397 1723 1420 autem

932 1427 1005 1461 quod
1035 1429 1131 1464 inquit,
1153 1429 1240 1461 Fecit,
1261 1432 1351 1459 unitas
1377 1438 1482 1461 natura:
1513 1441 1540 1462 ct
1562 1439 1670 1467 consilii
1699 1445 1725 1466 et

933 1474 1034 1508 operis,
1052 1478 1283 1509 quematmodum
1308 1482 1335 1504 et
1352 1486 1384 1506 ex
1408 1485 1500 1507 nostra
1525 1483 1663 1511 creatione
1676 1491 1724 1511 eo-

934 1521 1087 1556 gnovimus.
1098 1522 1164 1549 Nam
1178 1524 1251 1558 quod
1264 1525 1362 1559 inquit,
1377 1525 1409 1552 Et
1419 1527 1480 1560 fecit
1496 1527 1567 1555 Deut:
1581 1530 1723 1561 hominem.

934 1568 1066 1595 unitatem
1095 1574 1200 1596 natura:
1227 1571 1348 1598 omnium
1373 1572 1514 1601 hominum
1529 1574 1724 1605 demonstrat:

935 1612 1084 1640 Masculum
1101 1619 1125 1641 et
1152 1615 1279 1650 feminam
1304 1616 1366 1650 fecit
1388 1626 1442 1651 eos,
1459 1627 1590 1654 personas
1611 1622 1724 1652 indicat.

935 1658 968 1685 Et
994 1660 1059 1686 alibi
1085 1660 1197 1695 inquit:
1220 1661 1316 1689 Delebo
1349 1663 1480 1691 hominem
1504 1666 1536 1692 de
1561 1672 1632 1694 terra
1650 1677 1725 1703 qurm

934 1705 985 1740 feci
1008 1707 1041 1733 ⁷¹.
1074 1707 1156 1742 Atqui
1181 1709 1304 1742 plurima:
1326 1710 1463 1744 myriadcs
1488 1712 1629 1741 hominum
1647 1722 1726 1743 erant

934 1751 981 1786 qui
998 1754 1167 1788 temporibus
1180 1753 1236 1781 Noe
1247 1754 1350 1782 diluvio
1364 1757 1445 1784 mersi
1462 1763 1536 1790 sunt,
1554 1760 1616 1788 licet
1630 1761 1725 1797 singu—

935 1798 990 1825 lare
1028 1799 1141 1827 verbum
1167 1800 1213 1828 sit.
1247 1801 1318 1828 Alibi
1354 1803 1417 1829 item
1452 1805 1537 1833 totius
1560 1806 1724 1837 Pharaouici

934 1845 1073 1873 exercitus
1088 1846 1306 1874 submersionem
1318 1856 1420 1876 canens
1431 1858 1539 1878 sacrum
1555 1853 1619 1881 illud
1635 1855 1726 1884 Mariae

934 1898 1044 1919 carmen
1062 1901 1068 1919 :
1085 1892 1228 1921 Cantemus
1249 1894 1376 1928 Domino,
1397 1897 1496 1933 inquit,
1517 1900 1631 1934 gloriose
1656 1904 1724 1929 enim

935 1938 1100 1973 glariﬁcatus
1134 1944 1173 1966 est
1194 1948 1203 1966 :
1230 1949 1325 1975 equum
1348 1947 1373 1969 et
1394 1951 1558 1972 ascensorem
1579 1947 1674 1981 dejecit
1699 1950 1726 1976 in

935 1992 1008 2011 mare
1023 1985 1055 2012 ".
1080 1984 1279 2014 Multitudinem
1307 1989 1447 2022 equitatus
1475 1991 1657 2027 singulariter,
1682 1995 1727 2022 iti-

935 2030 1052 2066 demque
1077 2033 1212 2061 exercitus
1229 2034 1357 2062 similiter
1381 2037 1540 2071 deeantans,
1555 2041 1683 2069 omnibus
1699 2042 1726 2070 in

937 2076 1030 2104 Rubro
1052 2078 1120 2106 mari
1140 2079 1290 2108 submersis
1312 2089 1364 2109 una
1378 2091 1439 2110 cum
1459 2084 1558 2113 infelici
1583 2094 1646 2122 rege
1663 2096 1724 2116 suo.

936 2122 977 2150 Ad
1002 2121 1106 2150 Mosem
1123 2129 1214 2152 autem
1238 2126 1349 2161 inquit:
1368 2127 1424 2163 Ego
1439 2128 1507 2156 Deus
1526 2121 1681 2164 Abrahami,
1701 2141 1726 2162 ει

936 2167 1007 2195 Deus
1020 2168 1121 2202 Isaaci,
1138 2175 1162 2197 et
1182 2172 1253 2198 Deus
1273 2171 1369 2200 Jacobi
1394 2174 1427 2201 ⁷³.
1446 2175 1497 2203 Per
1518 2177 1583 2206 illud
1605 2180 1725 2214 quidem,

938 2213 1005 2250 Ego,
1019 2216 1150 2243 unitatem
1164 2222 1190 2244 et
1201 2216 1369 2246 identilatem
1381 2228 1459 2248 suam
1477 2213 1634 2257 signiﬁcans
1649 2233 1726 2254 sacra

938 2259 1078 2293 Trinitas;
1095 2269 1142 2296 per
1154 2262 1180 2289 id
1194 2270 1258 2290 vero
1278 2265 1350 2298 quod
1366 2272 1408 2293 ter
1424 2266 1493 2294 Deus
1504 2268 1582 2301 dixit,
1596 2274 1650 2297 tres
1662 2279 1727 2300 suas

939 2305 1098 2341 hypostases
1117 2312 1143 2334 et
1163 2315 1294 2342 personas
1313 2310 1520 2346 demonstrans;
1552 2316 1634 2343 semel
1666 2318 1727 2352 qui-

936 2351 997 2378 dem
1025 2350 1090 2386 Ego,
1109 2355 1150 2379 ter
1173 2357 1264 2380 autem
1289 2353 1357 2381 Deus
1379 2355 1484 2384 dicens.
1506 2356 1557 2385 Sed
1581 2363 1608 2386 et
1623 2367 1654 2387 ea
1668 2350 1728 2395 quae

937 2397 1064 2424 omnibus
1076 2403 1118 2424 est
1129 2397 1271 2426 ineﬂ‘abilis
1281 2405 1308 2427 et
1322 2401 1491 2436 abscondita,
1511 2411 1545 2431 ex
1558 2403 1643 2432 Maria
1656 2414 1728 2434 sem~

936 2450 985 2478 per
1001 2444 1104 2479 virgine
1120 2445 1187 2471 uniti
1209 2453 1272 2473 cum
1289 2446 1343 2475 Deo
1359 2448 1479 2476 hominis
1495 2450 1522 2476 in
1538 2458 1622 2478 carne
1634 2459 1727 2480 Sancta

936 2490 1081 2526 apparitio,
1096 2491 1185 2519 Patris
1199 2493 1309 2527 quidem
1333 2495 1380 2529 qui
1398 2496 1493 2527 voluit.
1519 2497 1579 2524 Filii
1600 2506 1665 2526 vero
1681 2500 1728 2534 qui

937 2537 1096 2566 incarnatus
1107 2543 1159 2572 est,
1175 2538 1294 2574 Spiritus
1305 2541 1392 2568 sancti
1404 2547 1494 2569 autem
1506 2543 1552 2577 qui
1565 2549 1727 2578 cooperatus

938 2588 990 2615 est,
1003 2583 1088 2613 fuisse
1103 2585 1155 2612 dici
1180 2590 1273 2621 queat.
1298 2585 1356 2614 Non
1379 2592 1488 2623 propter
1511 2589 1726 2619 inemcacitatem

938 2629 1020 2656 unius
1031 2629 1064 2656 ad
1077 2629 1269 2664 perliciendum
1282 2631 1308 2658 id
1321 2638 1401 2666 opus,
1417 2633 1462 2660 sed
1473 2639 1582 2669 propter
1593 2635 1727 2670 integrum

939 2682 1115 2707 consensum,
1133 2679 1160 2703 et
1174 2676 1319 2709 unitatem,
1336 2682 1363 2704 et
1383 2677 1551 2707 identitatem
1566 2681 1646 2708 unius
1658 2689 1726 2708 con-

940 2720 1008 2754 silii,
1027 2724 1054 2747 et
1070 2721 1257 2754 auctoritaris,
1286 2728 1312 2750 et
1338 2723 1414 2758 regni
1442 2724 1468 2751 in
1493 2724 1636 2760 Trinitate,
1659 2727 1727 2756 solet

129 2808 153 2824 "
167 2807 240 2835 Psal.
255 2815 339 2841 urit,
357 2807 384 2835 9.
423 2809 444 2824 "
465 2807 533 2836 Gen.
551 2816 590 2840 vr,
605 2809 632 2836 7.
670 2810 691 2824 ⁷²
704 2808 791 2837 Exod.
809 2818 854 2842 xv,
880 2811 905 2844 l,
921 2810 966 2837 2i.
1005 2810 1029 2828 "
1049 2809 1135 2837 Exod.
1156 2811 1256 2844 "1,15,
1275 2812 1318 2839 16.

129 2885 169 2921 (5)
192 2887 306 2921 Τρεῖς...
324 2885 460 2921 φωνᾶσα.
479 2887 521 2914 An
544 2887 688 2923 legendum
709 2889 803 2925 τρὶς...
827 2898 884 2924 φων

936 2898 975 2917 :aJ.
990 2890 1030 2919 vel
1049 2889 1193 2924 φωνοῦσαῖ
1211 2889 1288 2919 Enn.

256 2933 391 2964 PATIOL.
404 2934 464 2966 Gn.
482 2934 661 2968 XXXVI“.

1520 2944 1560 2974 36
