1910 3038
219 118 284 145 “3|

216 176 356 208 Scriptura
374 173 509 208 tripartito
527 174 609 200 multa
631 173 728 200 divinae
749 174 913 207 operationis
931 173 1001 200 divi«

218 222 298 253 dere;
316 220 421 247 Veteris
437 219 547 253 quidem
562 218 729 246 Testamenti
750 226 830 253 opera
844 219 877 245 ad
894 218 1002 246 Patrem

215 268 345 299 referens,
360 266 427 294 Novi
445 274 507 294 vero
521 266 554 293 ad
571 265 617 293 Dei
628 266 724 293 Filium
736 266 885 298 Christum,
900 271 927 293 et
942 274 1002 301 qua:

177 330 179 332 -
215 323 287 343 nunc
303 316 329 342 in
340 314 465 350 praesenti
477 313 607 340 divinitus
619 314 686 340 liunt
697 334 703 345 ,
720 313 752 340 ad
769 313 899 348 Spiritum
913 318 1048 340 sanctum.

400 360 657 388 INTERROGATIO
675 360 816 395 ςεωινιιι.

251 408 282 434 At
310 415 364 433 non
380 407 447 433 dixit
472 406 554 438 Deus,
582 406 725 433 Faciamus
746 407 883 433 hominem
900 414 998 434 secun-

213 455 277 481 dum
298 454 443 488 imaginem
460 458 487 480 et
507 453 724 485 similitudinem,
742 453 769 479 in
784 460 837 488 qua
852 453 997 487 aliquando

212 501 321 528 futurus
332 496 412 532 'sum,
433 499 481 526 sed
495 499 551 533 jam
566 503 736 526 constantem
753 503 780 525 et
794 499 941 533 perfectam
956 500 996 526 in-

212 547 294 576 dicat.
322 546 438 573 dicens:
459 543 493 570 Et
514 544 576 578 fecit
606 544 674 570 Deus
695 545 835 575 hominem.
856 545 997 571 secundum

211 592 352 625 imaginem
384 589 431 616 Dei
461 589 522 623 fecit
549 590 633 623 ipsum
657 597 665 615 :
693 597 754 623 quae
781 590 889 624 quidem
915 589 998 617 Mosis

211 639 291 663 verba
307 642 377 662 sunt.

526 679 678 715 Responsio.

245 726 302 754 Nisi
317 727 378 753 data
411 733 491 760 opera
518 726 680 754 contendere
710 725 831 753 volentes
851 726 995 760 perturba-

210 778 304 799 rentur
322 772 348 798 in
362 771 396 798 iis
410 779 472 805 quae
489 771 561 798 dicta
573 777 647 802 sunt.
665 778 719 797 non
737 770 785 797 abs
802 778 831 797 re
841 771 996 798 viderentur

209 817 276 845 mihi
303 824 335 844 ea
363 824 423 851 qua:
456 817 526 843 hanc
551 816 701 851 imaginem
725 821 903 847 concernunt,
935 820 995 850 apte

207 863 369 897 respondere
391 861 428 888 ad
452 865 573 889 sanctam
603 861 799 895 apparitionem
814 860 894 888 Verbi
923 861 995 895 apud

207 916 259 936 nos
274 908 385 940 factam,
399 908 583 935 testimonium
597 907 755 942 perhibente
769 907 834 935 mihi
855 907 947 935 multis
965 907 991 934 in

207 954 275 982 locis
298 958 360 981 ante
379 954 527 980 multorum
549 958 702 987 temporum
720 961 808 980 annos
834 953 993 988 prophetico

207 1005 293 1032 coetu.
308 999 355 1035 qui
370 1004 432 1034 post
452 1007 481 1027 se
504 999 622 1026 futuram
645 997 724 1026 Verbi
748 999 774 1026 in
800 1006 883 1026 carne
909 999 991 1026 vitam

205 1045 278 1072 velut
289 1045 344 1080 jam
356 1050 514 1079 praesentem
531 1044 668 1078 przedicat.
681 1044 764 1072 [sitias
775 1044 883 1079 quidem
900 1049 991 1070 vatum

205 1091 450 1118 excellentissimus
469 1091 572 1118 diserte
584 1091 700 1118 clamat:
719 1090 790 1117 Puer
800 1095 878 1117 natus
895 1094 934 1116 est
948 1098 992 1116 no-

207 1138 257 1168 bis.
281 1142 306 1164 et
334 1137 412 1163 datus
435 1141 483 1168 est,
511 1141 536 1163 et
566 1136 700 1163 vocabitur
725 1144 818 1163 nomen
845 1135 901 1170 ejus
921 1135 991 1162 Deus

207 1183 284 1217 fortis
297 1182 332 1215 ’⁸,
351 1182 465 1210 necdum
481 1187 567 1209 matre
584 1183 644 1217 ejus
669 1182 818 1210 secundum
833 1189 943 1209 carnem
959 1188 992 1209 ac

206 1235 313 1262 semper
339 1227 443 1262 virgine
455 1227 643 1254 cxsistentiam
665 1231 801 1253 assecuta.
822 1226 897 1253 Alius
907 1227 989 1252 etiam

205 1273 368 1308 quingentos
391 1277 417 1298 et
444 1271 562 1306 amplius
577 1278 665 1298 anno:
680 1275 742 1297 ante
764 1270 831 1297 uniti
854 1278 915 1297 cum
935 1270 990 1298 Deo

206 1319 325 1345 hominis
341 1322 367 1345 et
383 1316 462 1344 Verbi
477 1317 681 1348 exaltationem,
708 1317 781 1344 velut
795 1317 840 1351 qui
854 1317 909 1351 jam
926 1325 989 1344 cru-

204 1363 300 1391 ciﬁxus
315 1368 397 1396 esset,
414 1369 441 1390 et
456 1371 472 1390 e
487 1368 662 1390 monumento
687 1362 880 1389 resurrexisset
895 1366 988 1388 astan-

203 1416 258 1438 tem
280 1411 392 1446 rogabat
414 1419 421 1437 :
444 1409 578 1442 Quidnam
601 1409 650 1436 illa
674 1409 781 1435 vulnera
813 1417 859 1443 per
889 1409 988 1435 medius

204 1462 364 1483 inunustuas
375 1457 416 1482 ⁷⁸2
430 1456 479 1483 Cui
495 1455 565 1483 Deus
578 1455 698 1482 nondum
714 1454 883 1486 incarnatus.
900 1459 987 1481 vatem

204 1502 380 1529 nihilominus
396 1502 572 1532 conﬁrmans,
584 1502 658 1528 velut
671 1502 721 1528 ista
735 1501 789 1535 jam
802 1501 871 1527 facta
887 1505 987 1532 essent,

202 1548 291 1582 inquit
308 1558 314 1574 :
348 1547 411 1575 "nec
425 1553 486 1574 sunt
510 1547 629 1579 vulnera,
645 1548 737 1582 quibus
753 1547 863 1581 allectus
880 1555 936 1573 sum
961 1547 987 1573 in

204 1595 281 1620 domo
296 1593 385 1619 dilecti
403 1593 452 1619 mei
467 1593 501 1620 ".
523 1592 639 1620 Davides
661 1598 751 1619 autem
775 1592 927 1620 Carminium
946 1592 991 1619 ille

203 1639 357 1666 divinorum
372 1643 467 1666 auctor
483 1644 546 1666 ante
561 1639 634 1666 mille
651 1639 708 1674 jam
726 1646 812 1666 annos
828 1639 911 1666 veluti
924 1646 991 1673 prae-

198 1689 319 1716 .nentem,
334 1690 381 1711 aut
409 1678 574 1719 praeteritam
588 1684 674 1719 ipsius
687 1685 714 1711 in
732 1691 846 1719 corpore
858 1684 891 1711 ad
905 1683 990 1711 caelos

199 1730 392 1758 ascensionem
406 1730 505 1757 cecinit
519 1738 526 1756 :
540 1730 662 1756 Ascendit
680 1729 750 1756 Deus
769 1730 797 1755 in
816 1729 912 1764 jubilo,
933 1729 989 1756 Do-

205 1775 329 1811 minusjn
343 1783 403 1802 voce
414 1775 483 1802 tubw
497 1775 530 1800 ".

402 1819 658 1847 INTERROGATIO
678 1819 793 1847 CLXIX.

240 1868 273 1894 At
294 1867 433 1901 quomodo
451 1867 478 1893 in
506 1866 694 1901 superioribus
717 1866 833 1900 rejecisti
856 1873 914 1899 eos,
941 1866 988 1901 qui

202 1913 326 1940 membra
344 1912 399 1940 Deo
410 1912 561 1946 ascribunt,
574 1916 601 1939 et
613 1913 732 1938 humana
748 1911 835 1938 forma
846 1911 988 1945 praeditum

204 1958 346 1990 dicunt,.et
361 1966 456 1985 rursus
466 1958 537 1985 idem
548 1957 654 1985 asseris
666 1958 755 1992 ipsum
765 1964 826 1984 esse
836 1958 907 1984 sicut
920 1965 969 1984 nos
978 1957 990 1984 ἲ

520 2004 673 2038 Responsio.

241 2048 300 2076 Non
324 2057 395 2078 esse.
413 2049 460 2076 sed
486 2049 560 2076 nasci
587 2049 653 2080 dixi,
668 2049 775 2076 unitum
795 2053 823 2076 et
850 2048 940 2075 anima
962 2053 989 2076 et

204 2102 320 2129 corpore
336 2096 448 2122 nostris.
463 2094 607 2129 Siquidem
624 2095 711 2129 ipsum
727 2099 851 2121 sanctum
868 2093 987 2121 Verbum

204 2141 293 2167 nostri
315 2139 403 2167 simile
423 2139 523 2167 factum
536 2145 588 2172 est,
600 2144 627 2166 et
642 2141 724 2166 vitam
740 2140 809 2166 inter
822 2147 875 2166 nos
893 2147 986 2174 agens.

204 2193 267 2213 cum
280 2190 352 2213 esset
365 2186 437 2220 quod
454 2190 522 2217 erat,
537 2189 564 2213 et
584 2190 742 2213 cerneretur
752 2185 824 2220 quod
848 2193 901 2212 non
917 2189 985 2217 erat,

204 2232 292 2266 inquit
305 2232 338 2258 ad
354 2239 463 2258 sacrum
477 2231 664 2266 apostolorum
678 2235 791 2262 coelum.
814 2238 908 2265 panem
927 2229 986 2257 dis-

201 2278 326 2305 tribuens
344 2287 350 2304 :
369 2278 498 2311 Accipite,
520 2277 644 2303 comedite
655 2278 686 2303 de
700 2277 747 2303 hoc
763 2285 851 2303 omnes
869 2284 878 2303 :
891 2276 938 2302 hoc
947 2280 985 2303 est

201 2332 296 2359 corpus
320 2331 405 2350 meum
431 2323 454 2339 ⁷⁸
470 2332 480 2349 :
502 2323 622 2351 nondum
645 2322 815 2350 immolatqu
829 2330 924 2354 carne;
946 2326 982 2353 et,

202 2368 329 2402 Accipite,
348 2367 428 2394 bibite
442 2376 452 2393 .'
471 2367 517 2394 lu'c
531 2372 568 2394 est
589 2367 696 2401 sanguis
713 2375 785 2393 meus
802 2367 824 2382 "
842 2375 848 2393 :
864 2367 984 2394 nondum

203 2414 372 2440 vulneratum
386 2413 413 2439 in
430 2420 511 2440 cruce
526 2421 574 2448 per
594 2414 716 2440 lanceam
737 2412 764 2438 in
785 2412 879 2440 latere.
893 2411 926 2439 Et
942 2412 983 2438 vi-

201 2459 298 2485 demus
310 2462 434 2485 sanctum
444 2458 520 2484 illum
534 2466 630 2492 panem
647 2458 727 2485 hodie
736 2459 763 2484 in
778 2465 824 2484 ara
841 2457 983 2484 incruenta

204 2509 325 2538 tempore
340 2503 424 2530 divini
443 2508 470 2530 et
485 2504 592 2539 mystici
607 2503 698 2536 cilicii,
718 2504 744 2530 in
761 2503 900 2538 impolluta
920 2511 984 2538 pro~

200 2548 318 2583 positum
335 2555 440 2579 mcnsa,
460 2555 513 2574 non
531 2552 621 2574 tamen
643 2547 759 2574 similem
783 2546 892 2580 imagini
907 2546 982 2573 salu—

198 2591 271 2620 tiferi
288 2593 410 2627 corporis
432 2591 480 2619 Dei
498 2597 525 2619 et
545 2592 644 2624 Verbi;
666 2599 754 2626 neque
776 2591 839 2618 item
863 2591 984 2618 immisto

200 2639 286 2674 ipsius
306 2637 443 2672 sanguini,
466 2645 519 2664 una
539 2645 601 2665 cum
620 2645 690 2672 pane
710 2636 879 2671 propositum
901 2643 984 2671 pocu-

201 2685 255 2711 lum
272 2684 336 2710 vin'i.
360 2682 419 2710 Non
436 2683 620 2710 membrorum
636 2682 784 2710 articulatae
803 2681 982 2713 distinctioni.

200 2738 253 2757 non
270 2729 371 2756 carnali
394 2734 421 2755 et
444 2729 600 2763 sanguinea:
616 2728 751 2762 qualitati,
773 2735 828 2754 non
851 2726 980 2754 invisibili

198 2779 227 2800 et
240 2774 396 2801 abscondite
411 2774 494 2800 unita:
508 2781 571 2801 cum
586 2774 646 2809 ipso
663 2773 758 2800 forma:
766 2773 869 2808 experti
882 2773 981 2800 divini-

763 117 790 144 S.
810 117 956 145 C£SARJI
973 117 1135 145 GREGOKII
1150 118 1300 146 FRATRIS

1771 121 1844 148 “1':

1059 175 1107 208 μὲν
1122 175 1170 208 τῆς
1181 175 1300 206 Haloti;
1314 175 1448 210 Δίαοήκης
1460 178 1501 206 εις
1515 178 1560 201 τὴν
1570 167 1841 210 Πατςραανάγουςτ

1056 220 1090 245 τὰ
1104 220 1131 245 δὲ
1144 220 1190 254 τῆς
1205 220 1286 252 Νέας,
1302 222 1341 252 εἰς
1354 221 1400 247 τὸν
1414 221 1460 247 τοῦ
1476 221 1543 248 Θεοῦ
1559 222 1646 248 Παῖδα
1662 223 1791 257 Χριστόν·
1808 223 1843 248 τὰ

1055 267 1083 293 δὲ
1096 267 1249 299 ἑνεστώτως
1261 267 1341 300 οείως
1353 268 1479 304 δρώμενα
1491 270 1530 300 εἰς
1541 269 1572 295 τὺ
1587 269 1663 301 ἅγιον
1679 268 1805 304 Πνεῦμα.

1330 363 1454 389 ΠΕΥΣΙΣ
1470 363 1554 389 PEH’.

1092 407 1160 434 Ἀλλ’
1171 409 1221 435 οὐκ
1236 405 1311 436 εἶπεν
1324 410 1338 435 ό
1353 408 1428 441 Θεὸς,
1444 409 1603 444 Ποιήσωμεν
1619 409 1763 443 ἄνθρωπον
1776 411 1839 436 κατ’

1051 454 1142 480 εἰκόνα
1157 455 1203 480 καὶ
1221 454 1364 488 ὁμοίωσιν.
1378 454 1412 489 ἥν
1429 454 1517 489 μέλλω
1534 455 1599 481 ποτὲ
1617 455 1740 488 γίνεσθαι
1753 464 1759 470 ·
1780 456 1839 482 ἀλλ’

1050 499 1100 534 ἥδη
1127 499 1249 526 ἑστῶσαν
1271 500 1317 526 καὶ
1343 500 1550 535 ἀπηρτισμένην
1577 500 1720 535 ἐμφαίνει,
1739 500 1837 534 λέγων·

1050 545 1104 571 Καὶ
1119 545 1263 578 ἐποίησεν
1277 547 1293 572 ὀ
1311 545 1383 577 Θεὸς
1397 545 1450 572 τὸν
1467 544 1633 579 ἄνθρωπον,
1651 546 1714 572 κατ’
1733 547 1838 572 εικόνι»

1051 590 1124 616 Θεοῦ
1141 590 1284 623 ἐποίησεν
1296 590 1398 622 αὑτὸν,
1413 590 1486 623 λέγει
1500 591 1608 625 Μωσῆς.

1353 682 1533 715 Ἀπόκρισις.

1083 728 1115 754 Εἰ
1133 727 1171 763 μὴ
1187 728 1345 762 φιλονεικεῖν
1360 727 1515 762 βουλόμενοι
1530 727 1701 762 κεραίνονται
1717 727 1787 762 πρὸς
1802 728 1834 754 τὰ

1050 773 1176 808 ρηθέντα,
1193 773 1267 799 δοκεῖ
1282 781 1326 807 μοι
1343 772 1455 804 εἰκότως
1470 772 1635 807 ὲνηρτῆσθαι
1650 773 1683 799 τὰ
1696 773 1748 808 τῆς
1764 774 1836 799 εἰκό-

1049 827 1093 850 νος
1116 819 1149 853 τῇ
1165 818 1225 845 καθ’
1240 818 1314 853 ἡμᾶς
1332 817 1476 854 θεοφανειᾳ
1490 818 1538 844 ’τοῦ
1555 818 1654 852 Λόγου,
1673 827 1834 853 συμμαρτυ·

1051 864 1149 899 ρούσης
1176 872 1221 898 μοι
1244 862 1376 898 πολλαχοῦ
1401 864 1450 898 τῆς
1477 863 1649 899 προψητικῆς
1671 864 1834 899 όμηγὺρεως

1046 910 1099 945 πρὸ
1114 909 1218 936 πολλῶν
1234 910 1287 936 τῶν
1300 911 1414 944 χρόνων.
1432 909 1481 945 τὴν
1496 912 1554 944 μετ’
1570 910 1666 941 αὐτοὺς
1681 910 1833 944 μέλλουσαν

1046 955 1153 982 ἔσεσθαι
1172 955 1338 990 σαρκοφόρον
1357 955 1404 982 τοῦ
1427 955 1513 989 Λόγου
1532 955 1635 990 βίωσίν,
1655 955 1693 986 ὡς
1709 955 1762 990 ἤδη
1778 957 1832 982 ἑνε-

1047 1001 1152 1028 στῶσαν
1168 1002 1355 1036 κηρύττοντες.
1385 1001 1498 1033 Ἡσαΐας
1512 1001 1560 1036 μὲν
1576 1003 1590 1028 ό
1610 1001 1662 1027 τῶν
1685 1003 1832 1037 προφητῶν

1045 1047 1210 1081 ὑψηλότατος
1239 1047 1387 1083 διαρρήδην
1416 1047 1501 1082 βοῶν,
1533 1047 1656 1074 Παιδίον
1685 1048 1830 1082 ἐγεννήθη

1044 1093 1126 1128 ἡμῖν,
1149 1094 1199 1120 καὶ
1219 1093 1318 1127 ἐδόθη.
1337 1094 1385 1120 καὶ
1409 1093 1542 1120 καλεῖται
1566 1094 1598 1120 τὸ
1621 1093 1716 1128 ὄνομα
1740 1095 1831 1122 αὐτοῦ

1046 1139 1114 1171 Θεὸς
1134 1139 1258 1173 ἰσχυρός
1271 1148 1276 1153 ·
1294 1138 1353 1165 οὐδὲ
1370 1138 1418 1173 τῆς
1431 1139 1500 1165 κατὰ
1514 1139 1602 1174 σάρκα
1616 1140 1735 1175 μητέρος
1751 1140 1830 1166 αὑτοῦ

1045 1183 1092 1210 καὶ
1109 1183 1258 1215 ἀείπαιδος,
1270 1184 1309 1215 εἰς
1320 1184 1351 1210 τὸ
1366 1181 1434 1210 εἶναι
1448 1184 1488 1210 ἑτι
1505 1183 1700 1219 παραχθείς-ης.
1718 1185 1829 1219 Ἕτερος

1043 1229 1071 1256 δὲ
1087 1230 1138 1265 πρὸ
1151 1230 1333 1256 πεντακοσίων
1352 1230 1398 1256 καὶ
1415 1230 1471 1256 ἄνω
1485 1230 1588 1264 χρόνων
1605 1231 1653 1265 τῆς
1667 1230 1829 1266 θεανδρὶκῆς

1043 1275 1089 1302 τοῦ
1105 1275 1191 1309 Λόγου
1210 1275 1308 1309 ὂψεως,
1323 1275 1360 1306 ὡς
1377 1275 1426 1310 ἤδη
1449 1275 1648 1310 σταυρωθέντα,
1665 1277 1713 1302 καὶ
1734 1279 1766 1303 ὲκ
1785 1278 1828 1303 τᾶ-

1044 1329 1094 1354 φου
1113 1321 1275 1352 ἀναστάντα,
1291 1321 1338 1346 καὶ
1353 1320 1552 1355 παριστάμενον
1568 1321 1678 1357 ἠρώτα·
1696 1322 1727 1348 TI
1742 1320 1827 1350 αὗται

1042 1367 1071 1391 ai
1085 1365 1196 1399 πληγαὶ
1205 1366 1263 1392 ἀνὰ
1272 1366 1370 1400 μέσον
1384 1364 1442 1392 τῶν
1457 1365 1563 1400 χειρῶν
1575 1374 1633 1393 σου
1641 1375 1651 1399 ;
1666 1367 1738 1402 Πρὸς
1757 1369 1787 1394 ὃν
1799 1368 1827 1393 τὸ

1042 1409 1118 1436 Θεῖον
1136 1411 1217 1445 μήπω
1238 1410 1378 1446 σαρκωθὲν
1388 1431 1395 1441 ,
1413 1410 1547 1446 κρατῦνον
1561 1411 1589 1437 δὲ
1604 1411 1638 1438 τὰ
1652 1412 1700 1439 τοῦ
1721 1415 1825 1448 προφή-

1042 1464 1100 1488 του,
1119 1455 1156 1487 ὡς
1169 1456 1218 1490 ἢδη
1233 1456 1402 1491 ὲκὸεὸηκότα
1412 1476 1419 1488 ,
1433 1457 1524 1491 φησὶν,
1546 1455 1638 1485 Αὗται
1659 1460 1689 1485 al
1703 1461 1823 1494 πληγαὶ.

1042 1499 1089 1533 αῖς
1101 1501 1238 1535 ἐπλήγην
1251 1502 1285 1528 ἐν
1297 1501 1337 1534 τῷ
1350 1502 1422 1534 οτχῳ
1437 1503 1490 1530 τοῦ
1500 1504 1654 1538 ἀγαπητοῦ
1660 1514 1731 1539 μου.
1747 1506 1826 1532 Δασὶδ

1041 1547 1068 1573 δὲ
1084 1548 1098 1574 ό
1114 1547 1166 1573 τῶν
1183 1547 1259 1573 θείων
1276 1548 1393 1583 μελῳδὸς
1409 1549 1460 1582 πρὸ
1477 1549 1569 1584 χιλίων
1584 1550 1634 1584 ἤδη
1658 1550 1772 1586 χρόνων,
1788 1552 1824 1583 ὡς

1042 1593 1193 1619 ἐνεστῶσαν
1215 1593 1231 1628 ἢ
1250 1595 1445 1628 παριρχηκυῖαν
1460 1594 1510 1629 τὴν
1537 1596 1577 1627 εἰς
1595 1595 1728 1631 οὐρανοὺς
1744 1597 1824 1623 αὐτοῦ

1042 1638 1253 1672 σωματωϐέντος
1266 1638 1357 1665 ἄνοδον
1376 1639 1579 1675 ἐτραγῲδησεν·
1599 1641 1699 1675 Ἀνέϐη
1715 1643 1732 1668 ό
1755 1643 1824 1676 Θεὸς

1040 1682 1075 1709 ἐν
1095 1682 1265 1717 ἀλαλαγμῷ,
1283 1685 1299 1709 ό
1315 1684 1422 1717 Κύριος
1438 1684 1472 1710 ἐι·
1489 1684 1574 1719 φωνῇ
1591 1679 1772 1721 σάλπιγγος.

1324 1817 1447 1844 [ΙΕΥΣΙΣ
1463 1818 1543 1844 ΡΞΘ.

1078 1863 1132 1888 Καὶ
1150 1862 1205 1893 πῶς
1219 1862 1346 1897 ἀνωτέρω
1366 1863 1542 1898 ἀποκηρύξας
1559 1864 1622 1895 τοὺς
1638 1865 1823 1900 μελογράφον-

1041 1916 1090 1939 τας
1109 1908 1139 1934 τὸ
1151 1909 1238 1939 Θεῖον,
1258 1909 1305 1935 καὶ
1326 1908 1559 1945 ἀνθρωπόμορφον
1581 1910 1720 1944 λέγοντας,
1744 1912 1823 1938 πάλιν

1040 1954 1120 1986 αὐτὸς
1133 1954 1266 1990 ἀποκρίνῃ
1281 1954 1341 1981 καθ’
1357 1955 1430 1989 ἡμᾶς
1445 1955 1511 1981 αὐτὸ
1526 1955 1674 1991 ὑπάρχειν;

1342 2000 1520 2034 Ἀπόκρισις.

1074 2042 1130 2078 Οὐχ
1154 2043 1297 2079 ὑπάρχειν,
1325 2044 1392 2070 ἀλλὰ
1421 2045 1542 2078 γίνεσθαι
1574 2045 1656 2080 ἔφην,
1684 2048 1821 2082 ἡνωμένον

1038 2088 1110 2123 ψυχῇ
1124 2097 1153 2114 τε
1173 2089 1219 2114 καὶ
1237 2088 1341 2124 σώματι
1353 2091 1409 2122 τοῖς
1421 2090 1566 2126 ἡμετέροις
1578 2099 1585 2106 ⁸
1606 2091 1666 2117 ἐπεὶ
1683 2093 1729 2118 καὶ
1744 2094 1759 2118 ὁ
1774 2094 1821 2119 αῦ-

1039 2134 1084 2165 τὺς
1101 2135 1116 2160 ό
1138 2134 1215 2168 ἅγιος
1234 2135 1318 2168 Λόγος
1335 2135 1396 2162 καθ’
1416 2137 1491 2170 ἡμᾶς
1512 2136 1667 2171 γενόμενος.
1690 2139 1738 2164 καὶ
1755 2147 1821 2174 συμ-

1038 2179 1174 2206 ϐιωτεύων
1187 2181 1262 2216 ἡμῖν,
1275 2180 1313 2207 ὢν
1326 2181 1394 2216 ὅπερ
1408 2180 1442 2217 ἦν
1456 2203 1462 2213 ,
1480 2182 1527 2208 καὶ
1538 2182 1675 2217 ὁρώμενος
1687 2183 1756 2219 ὅπερ
1773 2185 1820 2210 οὐκ

1037 2223 1081 2261 ἦν,
1095 2226 1160 2260 φησὶ
1170 2226 1208 2261 τῷ
1221 2227 1306 2262 θιάσῳ
1316 2226 1369 2253 τῶν
1381 2227 1546 2259 ἀποστόλων,
1561 2228 1642 2263 ἄρτον
1653 2229 1819 2265 ὲπιδιαιρῶν·

1039 2270 1157 2303 Λάϐετε,
1175 2271 1283 2306 φάγετε
1300 2271 1335 2304 ἐξ
1350 2272 1442 2298 αὐτοῦ
1457 2272 1584 2306 πάντες.
1599 2273 1688 2300 τοῦτό
1706 2275 1771 2302 ἐστι
1788 2274 1820 2302 τὸ

1040 2315 1126 2350 σῶμά
1139 2325 1198 2350 μου
1208 2325 1214 2331 ·
1230 2318 1312 2352 μήπω
1339 2318 1430 2349 τυθεὶς
1457 2319 1490 2353 τῇ
1513 2319 1610 2354 σαρκί·
1625 2319 1682 2352 καὶ,
1700 2320 1818 2352 Λάϐετε,

1039 2362 1137 2394 πίει-ε,
1152 2362 1240 2389 τοῦτό
1253 2362 1317 2389 ἐστι
1332 2362 1365 2389 τὸ
1377 2360 1447 2397 αἷμά
1458 2372 1528 2397 μου,
1543 2364 1626 2400 μήπω
1643 2365 1761 2401 τρωθεὶς
1776 2368 1819 2394 ἐπὶ

1039 2407 1148 2442 σταυρῷ
1169 2406 1241 2442 δόρει
1261 2407 1310 2442 τὴν
1331 2407 1463 2443 πλευράν.
1484 2408 1539 2434 Καὶ
1558 2409 1666 2444 ὁρῶμεν
1678 2411 1725 2437 τὸν
1742 2412 1817 2446 ἅγιον

1036 2452 1138 2478 ἐκεῖνον
1154 2452 1234 2487 ἄρτον
1255 2453 1373 2488 τήμερον
1389 2454 1418 2480 ὲν
1434 2453 1474 2489 τῷ
1490 2454 1650 2490 ἀναιμάκτῳ
1671 2456 1818 2493 Quotam-

1036 2498 1086 2534 ρίῳ
1106 2498 1176 2525 κατὰ
1192 2498 1236 2525 τὸν
1256 2499 1351 2534 καιρόν
1373 2500 1422 2534 τῆς
1441 2499 1517 2532 θείας
1533 2501 1580 2526 καὶ
1596 2503 1731 2537 μυστικῆς
1747 2503 1818 2530 τελε-

1034 2545 1095 2580 τῆς,
1112 2544 1158 2570 ἐπὶ
1176 2544 1225 2578 τῆς
1244 2545 1378 2579 ἀχράντου
1401 2545 1593 2580 προτιθέμενον
1610 2548 1766 2583 τραπέζης·
1783 2549 1819 2584 μὴ

1034 2589 1140 2616 ἐοικότα
1155 2589 1183 2615 δὲ
1197 2591 1228 2624 τῇ
1242 2590 1326 2616 εἰκόνι
1340 2590 1386 2616 τοῦ
1402 2590 1535 2626 σωτηρίου
1551 2591 1673 2627 σώματος
1689 2593 1737 2619 τοῦ
1752 2593 1817 2620 Θεοῦ

1032 2635 1080 2662 καὶ
1095 2635 1198 2669 Λόγου·
1218 2635 1285 2670 μηδὲ
1301 2635 1341 2671 τῷ
1360 2636 1555 2672 ἐγκεκραμένῳ
1577 2639 1651 2674 αὑτῷ
1673 2639 1770 2674 αἵματι
1788 2640 1817 2666 τὸ

1033 2679 1283 2716 συμπροτιθέμενον
1297 2681 1336 2716 τῷ
1349 2682 1422 2717 ἄρτῳ
1437 2684 1566 2718 ποτήριον
1578 2683 1624 2710 τοῦ
1637 2683 1725 2710 οἴνου·
1740 2686 1771 2711 οὐ
1785 2686 1815 2719 τῇ

1033 2726 1088 2752 τῶν
1104 2726 1193 2761 μελῶν
1208 2727 1380 2762 διαρθρώσει,
1398 2728 1428 2754 οὑ
1450 2730 1484 2764 τῇ
1508 2731 1624 2765 σαρκικῇ
1643 2730 1691 2756 καὶ
1706 2731 1815 2764 αἱμώδει

1034 2771 1156 2807 ποιότητι
1166 2780 1172 2786 ·
1189 2772 1220 2798 οὐ
1235 2774 1268 2808 τῇ
1287 2773 1395 2808 ἀοράτῳ
1409 2773 1456 2800 καὶ
1468 2774 1578 2808 ἀφανῶς
1592 2774 1721 2811 ἡνωμένη
1735 2775 1816 2810 ἀσχη-

234 2853 258 2870 "
270 2853 320 2882 lia.
337 2861 373 2887 Ix,
388 2853 413 2881 6.
453 2854 477 2870 "
492 2853 575 2883 Zach.
589 2862 649 2889 ml,
669 2854 696 2883 6.
735 2855 758 2870 "
770 2852 837 2883 ibid.
882 2854 905 2871 '"
922 2852 989 2883 Psal.

1045 2861 1080 2889 VI,
1096 2853 1124 2882 6.
1165 2853 1188 2870 ⁷⁸
1200 2853 1294 2884 Matth.
1311 2863 1384 2888 uvr,
1405 2855 1450 2883 26.
1494 2855 1516 2871 ⁷’
1538 2854 1606 2883 ibid.
1620 2853 1668 2887 27,
1686 2853 1733 2881 28.
