1910 3038
60 174 123 200 ll33

59 232 180 268 ματίστῳ
207 233 331 267 θεότητι·
351 232 382 259 τὸ
408 232 455 268 μὲν
482 231 536 268 γὰρ
559 231 686 267 ιναιμον,
705 231 842 267 ἔμψυχον,

61 279 235 313 κατάνευρον,
250 278 373 314 ἐρυθρὸν,
391 278 600 315 διηρθρωμένον,
612 277 746 308 ποικίλαις
760 277 844 312 ἀρτη-

60 324 131 359 ρῖαις
143 324 191 350 χαὶ
205 323 319 358 φλέϐαις
333 343 340 351 .
358 344 365 351 .
384 344 391 350 .
409 343 417 351 .
435 325 557 359 χόμενον,
573 321 613 355 οἷς
627 323 674 350 καὶ
688 323 702 349 ὁ
715 322 844 357 δημιουρ-

58 370 106 403 γὸς
121 370 207 403 Λόγος
227 369 421 396 διαπέπλεκται
442 365 521 405 μέχρι
542 368 643 405 τριχῶν
663 368 710 395 καὶ
724 367 843 403 ὀνύχων·

59 416 127 442 Θεοῦ
142 415 196 450 γὰρ
207 415 287 451 τρίχα
301 415 371 450 φημὶ
385 416 434 451 τὴν
448 415 577 451 Χριστοῦ,
590 414 691 450 ὁμοίως
705 414 751 441 καὶ
762 414 845 441 πόδας

60 461 108 488 καὶ
129 460 244 495 ὄνυχας,
262 460 309 486 καὶ
325 458 394 495 αἷμα
412 461 460 487 καὶ
476 460 558 495 ὕδωρ.
584 460 622 486 Δι’
643 460 693 495 ἐμὲ
714 459 768 495 γὰρ
790 461 845 490 τοῖς

60 508 138 542 ἐμοῖς
169 507 184 533 ὸ
214 506 298 540 Λόγος
317 506 435 540 ἥνωται·
463 506 510 533 χαὶ
532 506 588 532 ἔστι
615 505 645 532 τδ
669 506 717 541 μὲν
744 505 844 541 apem,

59 551 274 588 διηρθρωμένον,
292 551 464 586 πορευτικὸν,
478 550 631 586 δραστικὺν,
647 551 678 577 τὸ
689 550 717 577 δὲ
735 558 847 585 περιφε-

63 598 119 633 ρὲς,
137 596 322 632 ἀνάρθρωτον,
343 596 456 632 ἄψυχον,
474 597 586 632 ἄναιμον
597 619 604 632 ,
622 596 766 632 ἀκίνητον,
782 596 846 623 οὐθ-

61 643 149 678 ετέρῳ
168 642 264 675 ὲοικδς,
282 643 312 668 οὐ
335 642 373 678 τῷ
391 642 521 678 ὁρωμένῳ
541 642 586 669 τοῦ
601 642 715 677 ἀοράτου
731 641 846 676 θεότητι,

62 687 228 722 πιστεύομεν
239 687 268 713 δὲ
280 687 354 722 ὅμως
368 688 401 722 τῇ
412 687 551 723 θεηγορίᾳ,
568 687 614 714 καί
627 688 676 722 οὐχ
692 686 729 719 ὠς
744 687 846 722 ὅμοιον,

61 733 79 768 ἢ
98 732 166 758 ἶσον·
181 731 250 758 ἀλλά
262 732 363 767 κυρίως
378 733 425 759 καὶ
439 733 579 768 ἀραρότως
593 733 657 759 αὐτὸ
671 733 803 768 ὑπάρχειν
817 732 848 759 τὸ

63 777 134 804 θεῖον
152 776 241 812 σῶμα,
261 777 290 803 τὸ
304 777 350 804 ἐπὶ
365 777 416 812 τῆς
438 777 513 810 θείας
534 779 673 814 τραπέζης
689 778 847 816 ἱερουργού-

65 830 144 857 μενον
156 841 164 854 ,
182 822 228 848 καὶ
242 821 280 857 τῷ
296 821 382 857 θιάσῳ
404 822 491 858 πάντη
508 823 635 859 ἀτμήτως
650 823 847 859 διαιρούμενον,

63 868 110 893 καὶ
133 867 259 902 ἀλήκτως
286 867 472 903 μετεχόμενον.
489 868 556 894 Οὐδὲ
576 868 630 904 γὰρ
645 869 659 895 ὁ
671 869 746 904 ἥλιος
770 868 846 904 λήγει

63 914 118 945 τοῖς
131 912 269 948 δεομένοις
279 913 308 940 τὺ
323 913 422 948 φέγγος
438 913 564 949 παρέχων
575 922 581 929 ·
596 913 657 940 οὐδὲ
672 914 788 941 θάλαττα
803 914 848 941 διὰ

62 959 109 985 τοῦ
124 958 188 990 ἁλὸς
203 958 369 994 μετεχομένη
383 958 429 985 τοῦ
440 958 536 990 κύτους
546 958 664 993 ὑφίεται·
679 959 740 986 οὐδὲ
752 959 781 986 τὸ
793 959 848 994 πῦρ

65 1005 167 1040 μυρίας
182 1004 311 1038 ὑφάπτων
327 1004 471 1040 λαμπάδας
493 1005 669 1041 μαραίνεται,
683 1005 699 1040 ἢ
717 1005 848 1040 μειοῦται,

67 1051 104 1086 μὴ
125 1050 263 1082 λείποντος
289 1051 335 1077 τοῦ
363 1051 587 1086 ὑποστρέφοντος,
612 1052 658 1078 καὶ
680 1052 725 1078 τὸν
749 1051 851 1086 πυρσὸν

65 1097 219 1133 ἰγείροντος
230 1105 237 1112 ⁸
254 1097 307 1125 οὐδ’
321 1095 353 1124 αὖ
373 1097 453 1124 πάλιν
467 1099 481 1124 ὁ
494 1098 548 1133 ἀὴρ
562 1099 594 1133 τῇ
612 1099 732 1134 ἀναπνοῇ
745 1098 852 1125 πάντων

66 1143 197 1179 ὶμψύχων
214 1143 386 1179 βραχύνεται.
402 1144 457 1170 Καὶ
471 1143 561 1176 πάλιν,
584 1144 615 1170 '0
627 1143 670 1178 μὴ
691 1144 851 1174 πιστεύων,

66 1190 160 1224 φησὶν.
178 1190 222 1223 εις
237 1189 306 1224 ἐμὲ,
321 1189 380 1223 ἤδη
405 1189 532 1222 κέκριται
545 1210 552 1222 ,
569 1190 660 1225 μήπου
674 1189 768 1224 κρίνας
781 1188 851 1215 τινά.

72 1235 103 1262 '0
116 1235 152 1262 δὲ
164 1236 316 1263 πιστεύων
330 1237 373 1267 εὶς
389 1235 457 1270 ἐμὲ,
473 1235 535 1270 ἔχει
551 1235 621 1270 ζωὴν
639 1235 759 1262 αιώνιογ
771 1242 778 1250 ’
802 1235 854 1270 μή-

66 1289 119 1308 που
131 1281 160 1307 δὲ
175 1281 314 1317 εἰληφότες
324 1281 409 1316 αὐτὴν
422 1281 446 1307 οἱ
461 1280 646 1313 πιστεύοντες,
659 1280 740 1316 μέχρι
752 1280 853 1316 ταύτης

66 1326 258 1361 ἀπαλλαγῆναι
274 1327 323 1362 τῆς
341 1326 480 1361 ὲμπαθοῦς
496 1327 542 1353 καὶ
558 1326 689 1358 ὑλώδους⁴
706 1327 738 1353 ὲκ
753 1326 854 1361 ταύτης

66 1372 121 1407 γὰρ
149 1372 192 1398 ἐπ’
218 1372 326 1407 εκείνην
347 1371 529 1407 διαδαίνομεν.
563 1371 641 1399 Ἀλλά
665 1373 698 1406 τῇ
725 1371 854 1406 θεηγορίᾳ.

67 1416 252 1449 πιστεύοντες,
267 1418 312 1444 καὶ
324 1417 354 1444 τδ
370 1417 465 1452 μέλλον
476 1417 606 1452 ἀσφαλῶς
620 1417 736 1452 ἔχοντες,
751 1417 789 1448 ὡς
803 1417 854 1452 ήδη

67 1463 271 1497 ὲγκαθεστῶτες
296 1463 364 1499 αὐτῇ
393 1462 562 1498 διακείμεθα.
594 1463 710 1499 Ὁμοίως
732 1462 856 1494 νοοῦντες

67 1511 114 1536 καὶ
131 1510 178 1536 τὸν
197 1510 261 1544 περὶ
276 1509 324 1545 τῆς
337 1509 440 1541 εἰκόνος
458 1509 536 1544 λόγον
546 1529 553 1541 ,
567 1509 605 1544 τῷ
620 1507 778 1545 προορισμῷ
794 1508 854 1535 καθ’

66 1555 140 1589 ἡμᾶς
165 1554 216 1590 τῆς
236 1554 283 1581 τοῦ
293 1553 379 1589 Λόγου
400 1554 565 1591 μορφώσεώς
591 1563 620 1581 τε
642 1555 689 1582 καὶ
704 1555 856 1590 γεννήσεως

67 1601 114 1626 καὶ
138 1600 300 1635 βιοτεύσεως
321 1600 528 1636 ἀπαρτίζεσθαι,
557 1600 679 1636 ἀπούσης
703 1600 785 1627 αὑτοῦ
804 1600 853 1635 τῆς

67 1646 175 1673 ἀνοσίου
188 1646 298 1677 κακίας.

748 171 919 199 DlALOGUS
938 171 980 199 Ill.

1612 172 1680 198 HM

895 230 953 258 tati.
982 229 1047 257 Illud
1070 230 1141 258 enim
1166 231 1327 265 sanguinem
1354 230 1486 263 continet,
1516 230 1679 263 animatum,

895 277 1021 309 rubrum,
1035 280 1062 303 et
1073 277 1249 304 articulatunt
1264 281 1317 308 est,
1332 281 1359 304 et
1376 277 1460 304 rariis
1476 277 1584 304 arteriis
1598 281 1680 312 atque

896 322 972 349 venis
985 322 1154 354 distinctum,
1170 322 1271 357 quibus
1287 327 1314 350 et
1329 322 1419 357 opilex
1436 323 1480 350 ille
1496 322 1615 350 Verbum
1632 331 1680 350 ra-

896 368 1014 403 riegatus
1037 373 1096 395 erat
1121 376 1206 403 usque
1233 368 1266 396 ad
1292 368 1362 403 pilos
1387 367 1414 396 ct
1432 377 1546 404 ungues.
1566 369 1680 397 Comam

896 414 968 441 enim
996 412 1044 441 Dei
1065 421 1135 441 voco
1160 413 1263 441 Christi
1281 421 1399 447 comam,
1418 415 1544 442 similiter
1556 420 1584 442 et
1598 416 1681 450 pedes

896 463 923 486 et
941 466 1056 494 ungues,
1077 463 1105 486 et
1125 459 1299 494 sanguinem,
1319 464 1346 486 et
1372 467 1482 494 aquam.
1506 459 1621 494 Propter
1638 469 1681 488 me

897 504 969 532 enim
985 505 1052 532 meis
1064 505 1170 532 unitum
1187 509 1228 532 est
1244 505 1370 533 Verbum.
1391 505 1492 541 Estque
1506 506 1559 533 hoc
1571 507 1680 541 quidem

897 553 1016 577 erectum
1039 549 1153 577 artubus
1177 550 1371 584 compositum,
1394 551 1535 579 incedendi
1555 552 1609 579 vim
1632 552 1682 580 ha-

898 595 965 622 bens
977 598 1005 622 et
1019 595 1115 630 agendi
1135 605 1142 622 :
1165 595 1231 623 illud
1252 600 1343 623 autem
1360 597 1519 630 rotundum,
1542 605 1596 624 non
1617 599 1683 626 arti-

898 640 1029 673 culatum,
1046 640 1238 675 inanimatum,
1256 642 1389 676 sanguine
1402 649 1509 675 carens,
1532 643 1681 676 immobile,

898 690 925 714 et
936 691 1033 714 neutro
1048 687 1137 714 simile
1154 697 1161 714 ι
1177 694 1231 714 non
1248 687 1272 714 ei
1288 687 1335 722 qui
1350 687 1482 721 cernitur,
1498 693 1524 715 et
1538 688 1683 716 invisibilis

898 736 940 759 est
964 732 1114 760 divinitate.
1144 733 1287 760 Credimus
1322 732 1501 760 nihilominus
1533 733 1682 761 secundum

900 785 1054 806 sermonem
1083 778 1216 811 divinum,
1245 779 1352 806 etiamsi
1378 787 1433 806 non
1457 779 1494 807 sit
1525 779 1614 808 simile
1641 780 1684 808 vel

899 824 1014 860 aequale,
1031 824 1140 860 proprie
1152 828 1243 852 tamen
1263 828 1290 852 et
1303 825 1494 852 convenienter
1509 824 1536 852 id
1550 833 1611 853 esse
1625 833 1684 853 cor-

900 878 952 906 pus
966 870 1101 902 divinum,
1116 870 1188 906 quod
1207 871 1233 897 in
1256 870 1347 897 divina
1365 878 1459 898 mensa
1481 875 1575 899 sancte
1588 878 1684 900 conse-

901 920 1003 948 cratur,
1032 920 1058 944 et
1080 916 1209 944 universo
1230 917 1312 945 coetui
1338 924 1415 944 sacro
1437 917 1540 952 absque
1563 919 1684 946 sectione

901 961 1042 994 dividitur,
1066 965 1094 989 et
1116 962 1220 996 absque
1240 961 1346 989 defectu
1374 962 1564 996 participatur.
1590 962 1685 998 Neque

901 1007 973 1033 enim
998 1007 1038 1034 sol
1064 1007 1164 1034 desinit
1186 1006 1303 1042 indignis
1327 1007 1414 1035 lucem
1443 1008 1573 1042 praebere,
1598 1017 1685 1044 neque

902 1058 979 1078 mare
999 1059 1047 1086 per
1071 1051 1154 1078 salem
1177 1051 1379 1086 participatum,
1399 1058 1486 1086 usque
1510 1051 1542 1078 ad
1569 1052 1684 1079 fundum

903 1096 1073 1128 exhauritur,
1091 1103 1179 1128 neque
1197 1096 1267 1131 ignis
1288 1095 1408 1123 inlinitas
1429 1096 1596 1124 succendens
1612 1096 1685 1124 faces

903 1142 1055 1177 languescit
1082 1146 1129 1170 aut
1151 1142 1295 1174 minuitur,
1322 1150 1374 1169 non
1399 1142 1544 1170 deficiente
1562 1150 1596 1170 eo
1615 1143 1686 1177 quod

903 1188 1008 1221 subest,
1019 1192 1046 1216 et
1059 1188 1196 1216 ﬂammam
1207 1188 1316 1215 excitat.
1326 1187 1418 1223 Neque
1429 1189 1493 1216 item
1507 1196 1554 1216 aer
1563 1189 1687 1217 omnium

904 1234 1087 1262 animatorum
1106 1235 1286 1270 respiratione
1312 1235 1492 1262 imminuitur.
1516 1235 1621 1264 Rursus
1639 1237 1687 1265 ait.

905 1279 957 1312 Qui
969 1288 1019 1306 non
1035 1281 1118 1307 credit
1135 1281 1161 1307 in
1175 1289 1224 1311 me,
1239 1280 1298 1315 jam
1313 1281 1502 1308 condemnatus
1515 1287 1552 1308 est
1567 1282 1590 1298 ⁸⁸
1606 1290 1687 1309 :cum

904 1327 1024 1354 nondum
1046 1327 1196 1362 iudicasset
1211 1335 1387 1362 quemquam.
1409 1327 1462 1359 Qui
1484 1335 1543 1354 vero
1564 1328 1646 1354 credit
1660 1328 1688 1354 in

904 1380 955 1404 me,
969 1372 1045 1399 habet
1061 1374 1142 1399 vitam
1153 1377 1279 1399 extentam
1293 1373 1327 1404 ",
1341 1380 1372 1399 ea
1394 1373 1514 1400 nondum
1534 1377 1640 1408 recepta
1653 1374 1688 1399 ab

905 1418 939 1446 iis
967 1418 1014 1453 qui
1042 1418 1167 1450 credunt,
1186 1418 1273 1445 donec
1297 1417 1349 1445 hac
1375 1417 1515 1446 aﬂectibus
1532 1419 1648 1446 obnoxia
1662 1423 1690 1445 et

905 1471 997 1491 crassa
1014 1464 1069 1491 vita
1094 1464 1201 1491 liberati
1219 1463 1330 1492 fuerint.
1345 1463 1383 1491 Ex
1407 1465 1458 1492 hac
1478 1464 1550 1492 enim
1567 1464 1600 1492 ad
1615 1464 1688 1491 illam

908 1509 1066 1537 transimus.
1091 1508 1144 1537 Sed
1169 1510 1290 1537 sermoni
1316 1509 1409 1537 divino
1433 1510 1592 1543 credentes,
1617 1509 1691 1537 futu-

908 1562 1026 1589 rumque
1037 1559 1112 1582 certo
1126 1559 1261 1587 tenentes.
1278 1555 1361 1582 veluti
1377 1555 1399 1582 si
1413 1555 1468 1590 jam
1492 1557 1519 1583 in
1536 1564 1568 1583 ea
1589 1556 1690 1584 consti—

907 1598 957 1626 tuti
972 1599 1069 1632 simus,
1085 1600 1120 1626 ita
1133 1607 1229 1627 sumus
1241 1599 1341 1627 allecti.
1357 1599 1489 1628 Similiter
1510 1601 1691 1637 intelligamus

906 1650 933 1672 et
949 1651 1009 1672 eum
1024 1645 1070 1680 qui
1086 1644 1120 1673 de
1128 1645 1180 1673 hac
1191 1646 1309 1681 imagine
1320 1651 1372 1678 est,
1388 1654 1552 1680 sermonem,
1566 1654 1613 1682 per
1624 1655 1692 1682 pras-

68 1685 215 1719 dit-tiouem
240 1691 385 1727 quamdam
413 1691 460 1720 Dei
488 1691 568 1719 Verbi
589 1691 779 1719 formationem
807 1696 834 1719 et
861 1690 1040 1723 nativitatem,
1056 1691 1138 1718 vitam
1162 1691 1279 1727 denique
1300 1696 1399 1719 nostrae
1423 1692 1539 1719 similem
1561 1698 1623 1727 apte
1646 1693 1692 1720 de-

67 1742 192 1774 clarare;
213 1739 253 1767 sic
273 1743 364 1767 tamen
380 1743 410 1767 ut
429 1740 519 1768 omnis
534 1740 669 1767 vitiositas
685 1740 854 1768 excludatur.

361 1808 484 1835 ΠΕΥΣΙΣ
500 1808 560 1835 PO'.

103 1853 219 1885 Οὐκοῦν,
236 1854 260 1879 εί
278 1852 428 1888 προώρισεν
444 1852 533 1887 ἑαυτῷ
549 1852 597 1887 τὴν
614 1851 819 1887 ἑνανθρὼπησιν
840 1853 854 1879 ὸ

69 1900 143 1932 Θεδς.
159 1899 275 1927 ἀναίτιοί
292 1900 360 1925 είσιν
380 1899 405 1925 ot
424 1899 629 1935 σταυρώσαντες
647 1899 727 1925 αὑτὸν
745 1899 770 1924 οί
791 1899 855 1925 Ίου-

69 1947 148 1974 δαῖοι.

378 1991 401 2017 Ἃ
406 1991 554 2024 πόκρισις.

109 2038 238 2064 ’Δναίτιοι
255 2036 389 2072 ὑπῆρχον,
406 2037 429 2063 εἰ
449 2037 486 2072 μὴ
503 2035 692 2072 προηγορεύθη
708 2036 798 2067 αὐτοῖς
816 2035 859 2063 διὰ

70 2085 152 2118 νόμου
171 2084 220 2110 καὶ
234 2083 381 2119 προφητῶν
393 2103 399 2114 ,
420 2083 470 2109 οὐχ
485 2081 649 2116 ἀλλοφύλων,
671 2081 739 2108 ἀλλά
760 2090 860 2116 συγγε-

70 2131 123 2157 νῶν
138 2132 186 2158 καὶ
206 2130 350 2166 ὁμαίμων,
371 2129 418 2156 καὶ
445 2128 648 2163 συναδολεσχῶν
673 2128 722 2163 τῆς
744 2128 860 2163 νομικῆς

71 2176 211 2208 παιδείας,
228 2174 377 2210 ἀπέχεσθαι
394 2174 443 2210 τῆς
464 2174 533 2201 κατά
552 2173 668 2209 Χριστὸν
689 2173 854 2205 θεοκτονίας,

71 2222 119 2248 καὶ
139 2222 177 2257 μὴ
203 2221 369 2257 παρανομεῖν
397 2220 501 2254 ἀλόγως
523 2220 568 2246 τὸν
588 2220 674 2254 Λόγον
694 2220 737 2246 διὰ
757 2219 857 2254 σαρκὸς

70 2267 248 2303 ἀναιροῦντας
258 2275 265 2282 ·
281 2266 356 2293 οὐδὲν
370 2265 414 2292 διὰ
427 2266 477 2300 τῆς
492 2265 689 2300 εἰκαιολεσχίας
704 2264 855 2297 ἀπώναντο,

70 2315 178 2350 ἀνόμως
200 2313 240 2348 τῷ
261 2313 334 2348 νόμῳ
353 2313 520 2348 χρησάμενοι
533 2321 538 2327 ·
553 2312 583 2338 οὺ
610 2312 664 2348 γὰρ
681 2312 755 2347 νόμῳ
773 2320 857 2347 προσ-

70 2360 215 2395 ηλωμένοι,
232 2359 279 2385 καὶ
303 2359 336 2385 ὲκ
365 2358 459 2389 παιδὸς
486 2357 566 2384 αὑτὸν
594 2357 810 2393 κατηχούμενοι,
828 2358 857 2384 ὲν

71 2406 201 2441 ἀμαθείᾳ,
227 2404 328 2440 μᾶλλον
349 2403 378 2430 δὲ
397 2403 519 2438 ἀπωλείᾳ
540 2403 731 2436 πολιωθέντες,
758 2404 859 2430 ἐκεῖνον

71 2451 223 2487 ὴθὲτησαν-
245 2450 279 2476 τὰ
295 2449 323 2476 δὲ
344 2449 431 2484 ἄνομα
453 2448 534 2483 ἔθνη,
556 2449 624 2484 μήτε
646 2450 720 2485 νόμῳ
745 2457 860 2484 συντρα-

72 2497 165 2530 φέντα,
183 2495 250 2531 μήτε
265 2494 357 2521 τοῦτον
367 2493 567 2529 κατηχηθέντα,
580 2493 744 2528 εὐνόμησαν,
754 2494 860 2525 ἑαυτοῖς

72 2542 152 2576 νόμος
166 2541 316 2575 γενόμενοι,
332 2539 379 2566 καὶ
390 2539 436 2566 τὺν
450 2539 525 2573 σφῶν
540 2539 653 2574 ποιητὴν
667 2539 809 2573 ἀγάμενοι,
826 2539 858 2566 ὲκ

75 2586 160 2620 μόνων
176 2586 229 2612 τῶν
243 2585 308 2620 παρ’
323 2583 405 2611 αὑτοῦ
418 2583 574 2619 δρωμένων,
586 2584 651 2611 Θεὸν
665 2584 798 2620 ὑπάρχειν
810 2584 858 2611 αὐ-

73 2631 115 2658 τὸν
130 2630 300 2657 πιστεύονταΔ

352 2728 477 2754 ΠΕΥΣΙΣ
495 2728 580 2754 ΡοΔ¹.

113 2774 222 2810 Ἐπειδὴ
233 2773 362 2809 ἀνωτέρω
371 2771 452 2805 εἶπας
462 2775 490 2800 ὲν
502 2775 534 2809 τῇ
546 2774 599 2800 τῶν
608 2774 712 2810 ἀρετῶν
720 2775 859 2803 τελειώσει

76 2820 262 2855 ἐξομοιοῦσθαι
279 2820 352 2855 ἡμᾶς
370 2819 409 2854 τῷ
427 2819 502 2855 Θεῷ,
523 2820 570 2846 καὶ
593 2820 749 2855 ὲπηγγείλω
771 2821 860 2856 λέγειν

109 2909 129 2925 ³⁸
147 2908 226 2937 Joan.
244 2917 286 2941 ιιι,
301 2908 343 2936 l8.
381 2908 401 2925 "
414 2908 491 2936 Joan.
503 2917 540 2942 VI,
554 2910 597 2938 47.

1111 1805 1370 1835 lN'l‘ERROGATlO
1389 1806 1494 1835 CLXX.

944 1853 1015 1889 Ergo
1025 1853 1047 1881 si
1065 1853 1116 1880 sibi
1126 1853 1271 1887 praatinivit
1283 1852 1408 1880 humanae
1423 1854 1513 1881 carnis
1527 1854 1694 1888 assumptio-

910 1907 970 1926 nem
986 1899 1067 1930 Deus,
1085 1898 1164 1933 culpa
1176 1902 1271 1925 carent
1284 1896 1369 1925 Judaei
1383 1899 1430 1933 qui
1445 1899 1533 1933 ipsum
1550 1899 1694 1927 cruciﬁxu-

910 1950 984 1972 runt.

1224 1989 1377 2025 Responsio.

943 2036 1102 2064 Caruissent
1116 2035 1204 2068 culpa,
1220 2034 1243 2063 si
1267 2043 1320 2062 non
1337 2036 1496 2070 pmdietum
1512 2037 1579 2072 ipsis
1599 2037 1695 2065 fuisset

909 2090 957 2117 per
971 2083 1055 2116 legem
1071 2086 1098 2109 et
1110 2081 1265 2116 prophetas.
1279 2089 1332 2109 non
1345 2081 1520 2117 alienigenas,
1534 2082 1581 2110 sed
1595 2090 1693 2118 cogna-

910 2133 951 2155 tos
968 2133 994 2155 et
1010 2127 1241 2163 consanguineos,
1259 2133 1285 2154 et
1302 2127 1328 2154 in
1345 2128 1438 2154 eodem
1453 2128 1583 2156 exercitio
1600 2129 1694 2164 legalis

909 2174 1060 2209 disciplinae
1078 2173 1254 2204 constitutos,
1281 2180 1336 2208 quo
1360 2173 1528 2201 abstinerent
1551 2182 1567 2202 a
1592 2174 1638 2202 Dei
1665 2175 1694 2202 in

910 2219 1019 2246 Christo
1040 2225 1116 2249 nece,
1134 2222 1162 2245 et
1183 2225 1216 2245 ne
1237 2222 1331 2245 contra
1354 2217 1439 2253 legem
1453 2223 1573 2253 agerent,
1591 2219 1695 2255 alisque

911 2264 1016 2291 ratione
1032 2262 1150 2290 Verbum
1169 2270 1218 2296 per
1234 2270 1344 2290 carnem
1365 2262 1530 2292 occidentes.
1549 2263 1612 2292 Ideo
1628 2265 1694 2292 nihil

910 2316 943 2335 ex
954 2309 1031 2335 vanis
1047 2308 1100 2335 illis
1116 2308 1262 2342 garritibus
1282 2308 1406 2336 utilitatis
1433 2314 1623 2344 perceperunt,
1638 2310 1696 2345 lege

911 2353 1047 2387 illegitime
1065 2354 1117 2381 usi.
1132 2352 1192 2380 Non
1211 2354 1283 2380 enim
1298 2354 1348 2388 legi
1367 2354 1546 2388 adhaerentes,
1563 2360 1590 2383 et
1601 2363 1616 2382 a
1626 2364 1694 2391 pue-

908 2406 939 2426 ro
957 2399 982 2425 in
1001 2406 1033 2425 ea
1051 2398 1179 2429 instituti,
1194 2397 1221 2424 in
1236 2397 1357 2430 inscitia,
1373 2397 1429 2425 imo
1445 2399 1597 2434 perditione
1615 2406 1694 2428 sene-

909 2449 1015 2472 scentes
1027 2444 1104 2471 illum
1120 2444 1288 2478 rejeeissent.
1308 2444 1344 2470 At
1362 2449 1456 2478 gentes
1470 2445 1570 2480 quibus
1584 2446 1627 2474 lex
1641 2447 1695 2474 lata

909 2498 963 2517 non
981 2489 1043 2521 fuit,
1058 2493 1085 2516 et
1097 2497 1159 2524 quae
1178 2489 1205 2516 in
1225 2488 1283 2524 lege
1298 2489 1420 2516 educatae
1444 2497 1498 2517 non
1521 2496 1598 2518 erant
1610 2499 1698 2526 neque

910 2536 938 2562 in
951 2543 982 2562 ea
999 2535 1140 2567 institutae,
1157 2534 1226 2561 bene
1246 2538 1274 2560 et
1295 2533 1414 2569 legitime
1431 2534 1568 2567 vixerunt,
1579 2535 1698 2563 sibimet~

911 2580 977 2615 ipsis
992 2580 1034 2606 lex
1048 2579 1137 2611 facta,
1160 2587 1295 2613 suumque
1317 2579 1486 2606 conditorem
1508 2580 1648 2615 amplexa.
1663 2588 1697 2608 ex

911 2627 945 2655 iis
960 2627 1025 2655 solis
1044 2634 1105 2662 qua
1120 2626 1154 2653 ah
1170 2626 1229 2661 ipso
1250 2625 1319 2654 facta
1341 2631 1414 2658 sunt,
1434 2625 1517 2654 Deum
1535 2627 1623 2662 ipsum
1637 2635 1698 2656 esse

912 2673 1098 2701 crediderunt.

1111 2727 1370 2757 INTERROGATIO
1388 2728 1503 2756 CLXXI.

948 2775 1174 2810 Quandoquidem
1189 2775 1216 2802 in
1236 2774 1452 2810 pmcedenti'bus
1475 2774 1578 2807 dixisti,
1597 2775 1624 2802 in
1641 2774 1698 2802 vir-

914 2825 1002 2850 tutum
1018 2820 1186 2857 perfectione
1201 2828 1251 2849 nos
1265 2820 1414 2849 assimilari
1435 2819 1500 2853 Deo,
1515 2823 1595 2856 teque
1610 2821 1700 2849 dictu-
