1910 3038
66 167 132 194 “57

65 227 112 254 καὶ
136 225 259 261 μετέλθοι
282 226 332 261 τὴν
353 225 454 262 ἀρετὴν
469 225 628 258 ἀπελπίζων
646 224 699 259 τῆς
718 224 855 260 τελειότη-

66 280 125 304 τοςς

373 317 556 350 Ἀπόκρισις.

108 364 187 391 Ἀλλὰ
208 364 257 400 μὴ,
282 363 376 399 ἐπειδὴ
406 363 436 390 τὸ
460 361 626 398 ζητούμενον
649 361 770 396 ἄληπτον
786 362 800 388 δ
815 361 858 387 λό-

66 419 113 444 γος
134 409 245 442 ἔδειξεν,
259 410 310 444 τῆς
335 408 513 444 ἐνδεχομένης
537 407 640 443 ἀρετῆς
665 407 858 443 ἀμελήσωμεν,

67 455 115 490 τῆς
131 454 272 486 παντελῶς
298 453 497 489 Θεηγορούσης,
516 453 644 480 Γίνεσθε
663 452 771 480 τέλειοι
791 453 858 486 ὡςό

66 500 168 534 Πατὴρ
183 499 267 534 ὑμῶν
279 500 295 526 ό
310 499 449 532 οὐράνιος
463 498 577 531 τέλειός
589 498 684 526 ἐστιν.
699 498 736 524 Ub
750 497 858 529 πάντως

66 547 99 581 τῇ
121 545 324 581 ἀπαραϐλήτῳ,
348 544 396 571 καὶ
419 544 490 579 ὑπὲρ
508 544 585 578 λόγον
608 543 656 571 καὶ
678 543 783 571 ἔννοιαν
798 544 858 580 θείᾳ

67 591 147 626 φύσει
170 591 244 626 ἡμᾶς
270 589 510 617 συναποτείνεσθαι
525 589 762 625 διακελευόμενος·
787 590 859 625 ἀμή-

67 646 147 672 χανον
167 638 237 672 γάρ·
264 635 331 663 ἀλλὰ
358 636 389 662 τὸ
413 636 520 670 ἐκείνης
541 635 682 671 μιμεῖσθαι
707 635 859 671 φιλάνθρω-

68 691 128 715 πον,
156 683 203 709 καὶ
222 682 393 717 εὐπρόσιτον,
414 681 462 708 καὶ
482 680 654 715 πανάγαθον·
681 682 772 708 πᾶσαν
793 681 858 717 περὶ

67 730 112 756 τὸν
127 729 211 760 πέλας
228 728 428 763 εὺσπλαγχνίαν
448 727 679 762 ἐπιδεικνύμενοι,
694 726 746 754 κᾶν
762 726 858 762 ἐχθρὸς

68 775 179 809 ὑπάρχῃ
197 774 249 801 κα)⁸
272 773 428 805 ἐπίϐουλος·
447 774 535 801 πάντα
549 773 604 809 γὰρ
618 773 700 800 πᾶσιν
719 773 861 807 ἐπικουρεῖ

67 821 97 847 τὸ
122 820 211 853 Θεῖον,
242 820 289 846 καί
315 820 439 854 ἀφθόνως
461 818 594 854 πηγάζει·
624 818 859 854 προλαμϐάνωμεν

66 865 182 902 δωρεαῖς
196 866 246 898 τὰς
262 865 318 893 τῶν
331 865 526 901 συμφερόντων
546 865 685 900 αἰτήσεις,
699 864 762 899 παρ’
783 864 858 890 οὐδε-

68 913 112 944 νδς
136 912 164 939 δὲ
192 913 253 939 κατ’
273 912 351 944 ἀξίαν
377 911 537 947 τιμώμενοι.
566 910 745 946 Μετέλθωμεν
769 910 860 936 τοίνυν

68 959 129 986 καθ’
146 959 207 985 ὅσον
218 955 273 985 οἶόν
287 966 318 984 τε
333 957 383 993 τὴν
397 957 508 993 ἀρετὴν,
525 956 634 992 κούφοις
645 965 675 982 τε
689 956 737 983 καὶ
748 957 859 987 πυκνοῖς

68 1006 125 1036 τοῖς
140 1004 243 1039 ἆλμασι
263 1004 332 1039 πρὸς
358 1004 443 1039 αὐτὴν
467 1002 673 1038 συναλλόμενοι,
698 1003 722 1029 ει
742 1002 789 1028 καὶ
811 1002 860 1037 τῆς

69 1050 193 1086 κορυφῆς
218 1049 362 1085 ἐφικέσθαι
386 1049 537 1085 ἀμήχανον.
559 1048 636 1075 Ἐπεὶ
654 1047 709 1084 γὰρ
727 1047 783 1074 τῶν
796 1047 861 1074 καλ-

68 1096 168 1122 λίστων
188 1095 235 1122 καὶ
250 1095 287 1131 μὴ
309 1094 356 1122 τοῦ
370 1095 472 1127 παντὸς
483 1095 575 1129 τυχεῖν
597 1091 652 1125 οἶός
669 1101 700 1120 τε
713 1091 758 1128 ἢν,
771 1092 800 1119 τὸ
814 1093 861 1119 καὶ.

71 1142 173 1177 μέρους
196 1142 344 1177 ἐπιτυχεῖν,
360 1141 455 1177 κέρδος
469 1141 585 1176 ὑπάρχει
602 1141 633 1167 οὐ
643 1140 674 1166 τὸ
687 1139 785 1175 τυχόν
801 1140 862 1166 ἐπεὶ

70 1188 124 1223 γὰρ
137 1188 188 1222 τὴν
207 1188 322 1222 κρήνην,
338 1186 355 1222 ἦ
378 1186 430 1221 τὴν
446 1186 540 1222 ὑδρίαν
564 1186 671 1212 ἐκπιεῖν
693 1185 741 1220 οὺχ
757 1182 809 1211 οἶοί
832 1184 862 1211 τέ

70 1235 164 1269 ἐσμεν,
181 1231 285 1268 ἆρ“οὺκ
300 1233 443 1267 ὀφείλομεν
457 1233 490 1268 τῇ
502 1231 661 1268 ἐγχωρούσῃ
677 1230 805 1266 μετουσίᾳ
815 1231 862 1257 τὸν

71 1279 195 1315 φλογμὸν
216 1278 263 1305 τοῦ
284 1278 378 1313 δίψους
394 1278 559 1309 ἀκέσασθαι;
572 1277 588 1312 ἢ
604 1277 644 1303 ὃτι
658 1276 719 1303 ὅλον
729 1276 776 1303 τὸν
794 1276 863 1311 ἀέρα

72 1326 178 1351 σπᾶσαι
191 1324 342 1359 ἀμήχανον,
356 1323 431 1359 παρὰ
441 1322 519 1349 τοῦτο
533 1322 586 1348 οὐδ’
608 1322 737 1348 ἀναπνεῖν
759 1321 863 1356 ὀφείλο-

73 1379 142 1405 μεν;
171 1368 189 1404 ἢ
210 1370 251 1396 ὃτι
267 1370 358 1396 πᾶσαν
372 1369 422 1404 τὴν
432 1368 605 1404 διαλεκτικὴν
618 1368 668 1394 οὐκ
681 1366 862 1403 ἐπιστάμεθα,

71 1415 124 1442 οὔδ’
146 1415 216 1446 ὅλως
234 1415 348 1450 φράζειν
366 1414 527 1450 ὸφείλομεν;
550 1414 645 1441 Hdde»
658 1414 748 1441 τοίνυν
766 1414 864 1441 ἐπιδει-

73 1461 151 1488 κτιον
164 1461 282 1497 σπουδὴν
301 1461 337 1496 μὴ
357 1461 444 1495 πάντη
469 1462 596 1488 ἐκπεσεῖν
619 1461 670 1496 τῆς
686 1460 864 1496 ἐνδεχομένης

72 1506 257 1542 τελειότητος·
285 1506 353 1533 ἀλλὰ
375 1506 502 1533 τοσοῦτον
524 1506 610 1542 αὐτὴν
635 1506 863 1542 περιπτύξασθαι,

73 1552 135 1578 ἦσον
149 1553 217 1587 ἡμῖν
231 1552 278 1578 καὶ
291 1552 361 1588 ὑπὲρ
379 1551 429 1588 τὴν
442 1551 555 1588 δύναμιν
565 1559 572 1566 ·
590 1551 731 1579 ἐπαινετὸν
744 1551 799 1587 γὰρ
815 1552 864 1578 a23-

72 1597 123 1632 τῆς
136 1597 168 1624 τδ
179 1597 380 1633 πλεονέκτημα.
406 1597 452 1624 Διὸ
464 1597 601 1632 τελειότης
615 1596 690 1623 δοκεῖ
703 1605 748 1632 μοι
764 1597 864 1632 ἀρετῆς

73 1643 103 1670 τὸ
134 1643 260 1669 σπεύδειν
285 1644 329 1670 ἀεὶ
358 1644 388 1669 ὲν
405 1642 444 1678 τῷ
458 1642 534 1678 καλῷ
553 1643 585 1669 τὸ
608 1642 689 1669 πλέον
712 1642 794 1678 ἔχειν,
817 1643 864 1669 καὶ

73 1686 231 1722 δικαιοσύνῃ
250 1686 344 1723 βαρεῖν
363 1687 414 1723 τὴν
432 1687 549 1715 ἀδικίαν.
572 1687 747 1724 ¹Δπορῤήτως
765 1687 820 1723 γὰρ
830 1689 862 1724 τῇ

74 1733 210 1768 διακρίσει
237 1733 288 1769 τῆς
315 1733 451 1769 θειότητος
475 1734 724 1770 ἁντισηιουμᾶνων,
749 1734 796 1761 καὶ
817 1735 864 1760 ἁν-

74 1778 296 1813 τιμετρουμένων
319 1780 348 1806 ἐν
364 1779 463 1814 ἀκαρεῖ
483 1779 538 1806 τῶν
559 1779 666 1816 ἑκάστῳ
681 1779 865 1815 βεϐιωμένων,

74 1823 117 1850 διὰ
128 1824 177 1850 τοῦ
192 1824 442 1860 ὑπερεκπίπτοντος
458 1825 542 1852 καλοῦ
559 1834 589 1852 τε
610 1825 658 1852 καὶ
672 1825 794 1860 χείρονος
817 1825 867 1857 τὰς

75 1870 194 1905 ἀμοιϐὰς
227 1870 414 1907 κομιζόμενοι,
444 1872 512 1907 πρὸς
535 1872 598 1904 τοὺς
621 1872 731 1906 ὁμοίους
753 1871 868 1908 ἀποκρι-

75 1916 196 1952 νώμεθα,
224 1918 481 1954 συγγεραιρεῖσθαι,
508 1918 524 1954 ἢ
546 1917 774 1954 συντιμωρεῖσθαι
804 1919 869 1954 μέλ-

76 1969 177 1994 Αοντες.

755 165 928 195 DlALOGUS
947 165 989 193 lll.

1627 163 1696 192 ιιδς

909 223 1031 259 polliceri
1044 230 1099 250 non
1120 222 1228 258 potest?
1245 221 1390 256 Quomodo
1410 228 1476 249 vero
1499 221 1628 248 virtutem
1645 229 1694 249 oa-

909 274 1000 305 pesset
1012 270 1113 305 aliquis
1129 269 1164 297 de
1177 269 1237 305 ejus
1252 269 1420 304 perfectione
1436 268 1607 304 desperans?

1226 314 1382 348 Responsio.

944 361 994 394 Ne.
1007 361 1230 397 quandoquidem
1245 360 1271 388 id
1284 360 1359 396 quod
1380 359 1408 387 in
1425 358 1581 394 quastione
1597 365 1698 393 propo-

909 407 992 435 situm
1009 412 1051 435 est
1065 407 1330 442 incomprehensum
1347 406 1440 433 oratio
1457 408 1553 433 nostra
1582 404 1699 431 demon-

909 454 1017 485 stravit,
1036 454 1166 481 virtutem
1188 461 1250 487 quae
1268 452 1364 488 perlici
1397 456 1492 487 potest
1512 450 1698 486 negligamus,

910 507 971 533 qua
1003 499 1084 534 plane
1115 503 1210 526 sancte
1234 492 1430 529 conciettatur,
1455 496 1548 524 Eslotc
1574 495 1696 530 perfecti.

909 543 1131 578 quenmdmodum
1144 542 1226 570 Pater
1240 547 1324 570 uester
1335 542 1448 569 scelestis
1461 542 1592 577 perfectus
1606 545 1645 568 est
1662 539 1696 567 ".

909 589 1015 622 Quibus
1041 589 1130 617 verbis
1160 596 1215 616 non
1244 596 1306 616 cum
1336 588 1450 616 omnino
1476 585 1697 622 incomparabili,

910 639 938 662 et
965 635 1101 662 rationem
1133 635 1358 670 intellectumque
1371 638 1519 669 superante
1541 633 1633 661 divina
1649 640 1699 659 nn-

908 685 970 707 tura
988 685 1096 708 nosmet
1109 684 1140 708 ut
1168 680 1349 708 extendamus
1367 680 1446 716 jubet
1472 679 1509 714 (id
1535 679 1608 706 enim
1638 679 1697 706 ﬁeri

910 726 1027 762 nequit)I
1053 726 1101 754 sed
1115 731 1144 753 ut
1159 726 1233 754 illius
1248 726 1390 754 imitemur
1402 725 1601 760 benignitatem
1614 729 1642 752 et
1656 723 1695 751 la-

910 772 1040 800 eilitatem
1057 793 1064 804 .
1087 773 1332 808 omnimodamquo
1352 772 1504 800 bonitatem
1531 776 1558 800 et
1589 778 1698 798 omnem

910 826 974 855 erga
1011 819 1168 854 proximum
1200 819 1305 847 intimae
1341 818 1529 846 miserationis
1565 818 1696 845 “Tectum

911 865 1100 898 ostendamus,
1120 865 1230 892 etiamsi
1258 865 1294 892 sit
1321 864 1452 892 inimicus
1478 869 1507 892 et
1541 864 1698 892 insidiator.

911 911 1008 939 Omnia
1034 910 1107 938 enim
1144 911 1275 938 omnibus
1296 911 1452 946 suppeditat
1477 911 1558 943 Deus,
1577 915 1606 937 et
1631 909 1700 937 aifa-

911 957 958 983 tim
980 957 1059 991 quasi
1085 957 1119 983 de
1141 956 1217 983 fonte
1243 955 1364 991 quodam
1395 963 1508 983 manare
1535 955 1609 983 facit.
1625 955 1700 982 Prte-

911 1003 1053 1029 veniamus
1080 1001 1160 1030 donis
1182 1002 1290 1029 utilium
1311 1009 1403 1029 rerum
1435 1001 1600 1036 petitiones,
1614 1008 1630 1028 a
1649 1008 1700 1028 ne-

912 1049 986 1076 mine
1001 1048 1154 1076 secundum
1179 1048 1340 1083 dignitatem
1361 1047 1499 1075 honorati.
1516 1047 1701 1082 Capessamus

912 1095 996 1129 igitur
1009 1102 1059 1130 pro
1084 1094 1190 1122 viribus
1206 1094 1346 1127 virtutem,
1366 1093 1474 1121 levibus
1499 1099 1527 1121 et
1546 1092 1651 1120 crebris
1666 1092 1699 1119 ad

913 1142 1001 1176 ipsam
1030 1140 1146 1168 saltibus
1171 1141 1345 1172 assilientes,
1366 1139 1474 1167 etiamsi
1502 1139 1535 1167 ad
1562 1147 1700 1167 summum

913 1187 1066 1223 pertingere
1082 1194 1257 1222 nequaquam
1284 1187 1435 1221 possimus.
1452 1185 1521 1213 Nam
1538 1185 1566 1213 in
1582 1185 1617 1213 iis
1636 1193 1698 1220 qua:

914 1241 969 1268 prae
984 1233 1091 1261 caeteris
1111 1233 1225 1268 pulchra
1251 1237 1326 1265 sunt,
1357 1234 1446 1268 ipsum
1463 1237 1550 1260 totum
1565 1231 1630 1259 licet
1640 1238 1703 1258 eon-

914 1279 992 1314 sequi
1020 1287 1152 1314 nequeas,
1182 1279 1224 1306 vel
1249 1284 1354 1315 partem
1376 1278 1486 1313 assequi
1505 1279 1612 1306 lucrum
1628 1277 1702 1305 haud

913 1325 1026 1360 vulgare
1056 1315 1107 1353 est.
1125 1324 1232 1352 Etenim
1256 1326 1278 1352 si
1306 1325 1425 1352 maxime
1451 1324 1552 1352 fontem
1577 1328 1626 1352 aut
1653 1331 1703 1351 vas

915 1371 1058 1406 aquarium
1073 1371 1182 1398 ebibere
1204 1379 1257 1398 non
1273 1378 1432 1406 possumus.
1459 1378 1526 1397 num
1551 1375 1700 1405 propterea

916 1424 970 1443 non
998 1416 1129 1444 debemus
1151 1424 1283 1444 concessa
1316 1416 1448 1444 fruitiene
1478 1416 1581 1444 mederi
1611 1416 1703 1443 ardori

916 1462 994 1490 sitis?
1008 1462 1062 1489 Aut
1077 1463 1152 1498 ,quia
1180 1468 1210 1490 ut
1234 1463 1395 1491 universum
1420 1470 1514 1490 aerem
1528 1463 1703 1490 attrahamus

921 1508 981 1535 lieri
1005 1516 1059 1536 non
1079 1513 1185 1543 potest.
1201 1507 1264 1535 ideo
1291 1516 1381 1543 neque
1394 1508 1533 1543 respirare
1549 1508 1705 1535 debemus?

916 1554 970 1582 Aut
984 1555 1047 1590 quia
1079 1558 1164 1581 totam
1178 1553 1334 1582 disserendi
1350 1559 1436 1581 artem
1452 1562 1507 1581 non
1539 1554 1654 1587 scimus,
1671 1561 1704 1580 ne

917 1606 1032 1635 prorsus
1057 1599 1169 1634 quidem
1196 1598 1247 1626 fari
1267 1599 1417 1627 debemus?
1433 1598 1521 1627 Omne
1538 1599 1623 1635 igitur
1647 1605 1706 1626 slu-

917 1646 991 1673 dium
1013 1645 1209 1677 adhibendum,
1241 1653 1276 1673 ne
1303 1645 1465 1674 excidantus
1480 1653 1512 1674 ea
1535 1645 1704 1680 perfectione

917 1699 979 1726 qua:
998 1691 1157 1725 contingere
1182 1695 1282 1725 potest.
1307 1691 1379 1725 Quin
1398 1692 1486 1726 ipsam
1512 1697 1590 1719 tanto
1616 1693 1705 1727 magis

917 1736 1044 1772 amplecti
1064 1737 1207 1768 debemus,
1219 1741 1323 1772 quanto
1335 1737 1440 1765 viribus
1456 1738 1559 1765 nostris
1576 1739 1704 1772 superior

914 1787 970 1816 est;
986 1783 1130 1810 laudabilis
1155 1783 1227 1810 enim
1250 1787 1291 1810 est
1309 1783 1371 1818 ejus
1392 1783 1531 1818 copiasior
1553 1784 1704 1819 possessio.

916 1829 980 1856 Ideo
994 1829 1061 1856 mihi
1078 1829 1185 1857 videtur
1198 1829 1333 1864 perfectio
1340 1830 1461 1862 virtutis.
1478 1831 1501 1857 si
1522 1830 1584 1865 quis
1597 1838 1706 1866 semper

917 1875 1040 1906 festinet,
1060 1875 1127 1902 utin
1140 1875 1213 1903 bono
1227 1876 1289 1910 plus
1304 1875 1414 1907 habeat,
1430 1876 1573 1911 etjustitia
1591 1876 1702 1912 injusti—

918 1920 983 1947 tiam
1001 1920 1144 1955 deprimat.
1165 1918 1338 1948 lneﬂ'abiliter
1349 1920 1422 1948 enim
1450 1928 1498 1955 per
1511 1920 1652 1954 judicium
1665 1921 1707 1948 di-

918 1965 1013 1993 vinum
1039 1965 1073 1993 ad
1094 1965 1225 1993 trutinam
1248 1965 1377 2000 appensis
1403 1966 1615 2001 ponderatisque
1642 1973 1701 1993 mo-

76 2016 168 2037 mento
195 2012 326 2046 temporis
343 2011 376 2039 iis
392 2020 452 2046 quae
466 2012 501 2040 ab
515 2011 731 2047 unoquolibetin
739 2010 852 2039 hacvita
860 2012 930 2042 facta
945 2018 1020 2045 sunt,
1036 2017 1118 2048 prout
1136 2013 1179 2041 vel
1204 2013 1292 2041 virtus
1307 2012 1348 2040 vel
1375 2013 1510 2041 vitiositas
1524 2014 1704 2049 superaverit.

75 2058 322 2085 remunerationem
348 2063 537 2094 reportantes,
563 2059 598 2086 ad
621 2060 708 2087 nostri
736 2060 839 2088 similes
869 2061 1088 2096 aggregabimur,
1104 2069 1156 2088 una
1174 2068 1236 2088 cum
1254 2060 1314 2088 aliis
1332 2066 1380 2088 aut
1408 2061 1560 2089 honorandi
1581 2062 1704 2097 praemio,

76 2109 122 2131 aut
137 2104 271 2132 aﬂiciendi
286 2105 429 2140 supplicio.

360 2160 484 2187 ΠΕΥΣΙΣ
502 2161 584 2187 ΡοΓ¹.

111 2203 179 2230 Τίνα
191 2204 226 2231 τὰ
245 2205 302 2240 εἴδη
316 2205 366 2240 τῆς
380 2206 489 2242 ἀρετῆς,
505 2206 551 2233 καὶ
577 2206 665 2240 πόσας
687 2207 733 2233 καὶ
749 2207 772 2233 εί
786 2207 867 2233 δονα-

76 2249 120 2275 τδν
144 2249 188 2276 διὰ
211 2251 275 2285 μιᾶς
302 2251 391 2278 αὐτῶν
418 2252 604 2288 κατορθῶσαι;
624 2253 661 2279 Οὐ
687 2252 741 2288 γὰρ
765 2253 865 2284 πάντες

75 2294 125 2326 τὰς
154 2295 245 2327 πάσας
269 2295 393 2323 δύνανται
425 2297 608 2332 κατορθῶσαι.
637 2298 716 2329 Ἴσως
743 2298 796 2333 γάρ
822 2306 864 2329 τις

77 2341 192 2373 ξενίζειν
208 2342 284 2373 τινὰς
300 2341 344 2368 διὰ
365 2343 460 2370 πενίαν
471 2345 501 2370 οὺ
513 2343 633 2374 δύναται,
651 2342 865 2379 ὲγκρατεύεσθαι

77 2387 124 2412 καὶ
140 2389 290 2422 σωφρονεῖν
311 2387 421 2414 δύναται
435 2409 442 2420 ,
459 2389 475 2423 ἢ
493 2389 637 2424 ὑπομένειν
651 2389 679 2415 ὲν
697 2390 869 2424 πειρασμοῖς,

76 2432 245 2467 ἢδιδὰσκειν
269 2433 303 2460 τὰ
327 2434 436 2468 εὐσεῦῆ.
457 2434 552 2466 Ἀλλος
632 2435 793 2470 μεταδίδωσι
815 2436 870 2465 τοῖς

77 2478 176 2512 πένησι
201 2478 236 2504 τὰ
254 2479 390 2513 ἀναγκαῖα
406 2479 474 2514 πρὸς
488 2480 518 2506 τὸ
533 2480 582 2515 ζῇν
593 2489 599 2496 ·
613 2480 693 2511 ἄλλος
712 2480 739 2506 δὲ
753 2480 871 2507 διακονεί

77 2521 193 2556 δωρεάν.
215 2522 247 2548 Τί
264 2520 324 2556 οὖν;
342 2522 392 2549 Διὰ
410 2524 475 2558 μιᾶς
488 2523 592 2550 τούτων
607 2524 637 2550 οὐ
653 2524 763 2551 δύναται
783 2524 870 2551 ἀπαλ-

77 2566 192 2604 λαγῆναι
207 2569 257 2603 τῆς
272 2569 382 2595 αἰωνίου
397 2569 528 2604 κρίσεωςς

388 2699 570 2733 Ἀπόκρισις.

110 2744 188 2770 Πᾶσα
207 2743 257 2778 μὲν
272 2744 356 2780 ἀρετὴ
373 2746 606 2781 περισπούδαστος
630 2747 748 2784 ὑπάρχει
764 2751 820 2781 τοῖς
836 2750 866 2776 τὺ

78 2786 186 2822 λογικὴν
215 2789 253 2824 μὴ
277 2791 479 2826 ἀμαυρωοεῖσιν
504 2792 557 2819 om
577 2792 627 2828 τῆς
650 2793 726 2829 ὕλης,
744 2796 819 2831 παρά
836 2804 867 2822 τε

79 2835 131 2865 τοῖς
149 2835 310 2870 ἀρτίφροσιν
327 2836 444 2872 άληθῶς.
470 2839 546 2866 Πᾶσα
570 2839 597 2865 δὲ
621 2840 703 2866 κακία
727 2839 867 2876 βδελυκτὴ,

116 2923 140 2939 ⁸⁹
154 2923 250 2954 Matth.
264 2932 289 2958 ν,
309 2925 354 2954 48.

1102 2157 1363 2185 INTERROGATIO
1377 2157 1520 2187 CLXXIII.

953 2205 1018 2238 Quae
1037 2210 1102 2231 sunt
1127 2204 1232 2238 species
1254 2204 1372 2236 virtutis,
1405 2209 1433 2231 et
1461 2204 1548 2239 quot?
1564 2210 1613 2233 aut
1636 2214 1702 2234 num

918 2250 973 2277 ﬁeri
1006 2254 1095 2284 potest
1124 2253 1154 2275 ut
1180 2249 1267 2283 ipsam
1297 2253 1371 2276 recte
1397 2257 1445 2284 per
1472 2257 1556 2277 unam
1583 2249 1704 2286 aliquam

917 2295 1111 2331 perﬁciamus?
1125 2294 1183 2321 Non
1211 2295 1285 2323 enim
1302 2295 1418 2330 quilibet
1432 2302 1548 2330 possunt
1562 2297 1702 2331 quaslibet

918 2343 1056 2374 prmstare.
1069 2338 1206 2365 Fortassis
1229 2337 1302 2365 enim
1320 2338 1359 2371 ﬁt,
1378 2343 1409 2365 ut
1435 2339 1498 2374 quis
1515 2340 1624 2375 aliquos
1639 2349 1704 2376 pro-

917 2389 978 2419 pter
1002 2388 1189 2420 paupertatem
1213 2383 1334 2418 hospitio
1355 2385 1483 2420 excipere
1507 2390 1636 2420 nequeat,
1655 2387 1705 2422 qui

917 2435 1008 2458 tamen
1026 2435 1180 2465 temperans
1203 2433 1230 2456 et
1242 2430 1351 2457 sobrius
1362 2438 1423 2458 esse
1435 2436 1534 2465 potest,
1552 2437 1600 2460 aut
1616 2434 1705 2461 susti-

919 2483 983 2503 nere
1001 2476 1176 2508 tentationes,
1191 2480 1238 2502 aut
1264 2475 1364 2503 docere
1377 2476 1515 2511 pietatem.
1529 2478 1609 2506 Alius
1636 2479 1703 2508 item

920 2521 1033 2556 largitur
1061 2520 1231 2555 pauperibus
1255 2519 1289 2547 ad
1314 2520 1397 2548 vitam
1427 2523 1604 2551 necessaria:
1633 2524 1704 2552 alius

921 2566 1006 2601 gratis
1024 2566 1170 2593 ministrat.
1189 2565 1260 2598 Quid
1289 2565 1392 2601 igitur?
1414 2574 1480 2593 num
1508 2575 1557 2603 per
1587 2568 1701 2597 istarum

921 2620 1004 2639 unam
1029 2612 1148 2646 aliquam
1169 2617 1271 2639 aeterno
1298 2612 1433 2647 supplicio
1453 2613 1565 2642 liberari
1579 2623 1634 2643 non
1653 2624 1704 2651 po-

923 2663 973 2685 test
981 2657 994 2683 ἲ

1235 2701 1389 2737 Responsio.

957 2748 1053 2776 Omnis
1074 2747 1185 2783 quidem
1201 2747 1289 2775 virtus
1317 2748 1466 2776 excolenda
1485 2753 1526 2777 est
1545 2750 1589 2783 iis,
1605 2751 1706 2786 quibus

921 2794 1037 2821 rationis
1059 2793 1102 2820 vis
1125 2800 1141 2820 a
1163 2793 1266 2820 crassis
1291 2792 1375 2820 rebus
1401 2793 1548 2822 obscurata
1573 2803 1627 2823 non
1653 2802 1705 2830 est,

921 2846 947 2869 ct
975 2840 1047 2876 apud
1068 2847 1116 2869 eos
1139 2838 1186 2874 qui
1210 2846 1275 2867 vere
1302 2843 1367 2868 sunt
1379 2847 1454 2868 sanm
1481 2841 1592 2868 mentis.
1609 2841 1707 2872 Omnis
