1910 3038
237 147 252 172 ’1
261 146 308 174 159

240 209 331 232 autem
347 206 483 232 vitiosuas
508 206 702 239 abominanda.
734 213 826 243 utpote
842 218 903 244 quae
917 211 1026 238 virtutis

239 250 396 279 adversaria
411 256 463 283 est,
489 257 592 280 nostra:
611 261 769 289 repugnans
796 261 910 284 natura.
940 257 1026 285 Parro

240 296 348 324 virtutis
372 297 457 332 aliqui
470 298 577 333 species
594 305 716 334 quatuor
730 308 791 328 esse
812 301 952 334 dixerunt,
970 302 1026 330 [οι--

205 364 207 367 .
239 341 395 373 titudinem.
407 343 592 378 prudentiam,
605 346 815 380 temperantiam
829 351 856 374 et
869 347 1002 382 justitiam
1018 358 1024 375 :

237 396 300 422 quae
325 389 439 423 pulchra
465 390 577 424 quidem
605 395 681 424 sunt,
708 392 755 420 sed
783 393 858 420 humi
873 398 972 428 repunt
999 399 1026 421 et

237 433 363 461 innatant
382 439 473 467 terras,
498 442 617 470 suntque
643 437 805 465 demissiora
835 446 918 474 quam
943 440 1025 467 caele-

237 483 287 506 IIIS
304 479 349 506 illa
366 481 535 508 sublimitas.
562 481 763 510 Fortitudinem
781 483 854 509 enim
884 483 1025 515 dixerunt.

237 531 298 558 qua:
312 525 385 552 vitiis
407 526 533 558 resistat;
560 528 781 562 temperantiam.
799 529 933 556 adversus
961 529 1025 556 affe-

236 574 299 596 ctus
314 570 397 597 robur
409 575 438 598 et
449 571 590 599 victoriam
602 582 608 604 ;
619 573 802 607 prudentiam,
816 574 843 600 in
869 575 1025 602 civitatibus

235 617 367 651 optimam
384 625 475 645 rerum
492 619 666 653 publicarum
688 620 928 653 constitutionem;
943 621 1024 656 justi-

236 662 314 693 tiam,
329 670 391 696 qua:
408 663 670 691 laudabilitercurat
686 665 748 692 vita:
763 665 899 700 cujusque
909 671 1022 693 sortem.

237 708 302 736 Ideo
317 714 453 745 putarunt
480 710 605 737 ordinem
634 711 781 745 quemdam
797 719 828 739 se
853 712 971 744 sancire.
1000 713 1023 740 si

235 754 428 782 cohibuissem
442 755 515 782 modi
532 763 675 783 excessum
689 756 716 783 in
739 764 774 784 eo
789 757 862 792 quod
877 757 904 784 in
921 762 1024 784 utram-

235 807 289 835 que
305 805 410 835 partem
427 802 544 829 nimium
574 807 633 830 est:
651 803 798 830 sublimius
810 808 900 830 autem
918 804 1022 838 aliquid

235 853 324 881 neque
341 847 463 882 cogitare
489 855 578 883 neque
596 848 688 883 eloqui
711 854 871 883 potuerunt,
894 853 921 876 et
933 858 1022 884 quan-

234 897 292 918 tum
320 891 347 918 in
369 891 436 926 ipsis
466 891 528 924 fuit,
558 893 684 920 virtutem
713 894 740 920 in
771 894 805 921 iis
830 899 935 921 tantum
961 902 1022 929 quae

233 942 395 969 cernuntur.
426 938 609 972 incluserunt,
641 940 710 966 nihil
741 941 908 968 arbitrantes
934 941 1021 976 ipsam

235 982 336 1010 habere
351 983 394 1009 vel
411 983 540 1015 sublime,
559 984 601 1011 vel
626 985 700 1019 quod
717 985 853 1012 cwlorum
866 985 959 1013 decori
985 986 1022 1013 si-

234 1029 299 1057 mile
315 1029 361 1057 sit.
378 1028 434 1058 Nos
459 1035 551 1058 autem
578 1036 775 1066 praeceptorem
792 1032 926 1059 eximium
944 1032 1021 1059 illum

232 1074 395 1110 Apostolum
411 1076 556 1109 habemus,
571 1077 673 1104 multas
699 1077 810 1112 quidem
833 1078 943 1105 virtutis
958 1085 1021 1112 spe-

232 1121 288 1148 cies
301 1126 502 1153 reeensentent.
524 1127 580 1150 tres
596 1127 687 1150 autem
710 1131 766 1158 prae
777 1124 883 1151 caeteris
893 1124 1022 1151 omnibus

231 1166 364 1202 insignes,
391 1167 483 1200 ﬁdem,
507 1176 596 1203 spem,
612 1170 773 1197 charitatem
794 1170 827 1196 ⁸³.
847 1170 969 1203 Quarum
990 1170 1022 1197 ii-

231 1212 281 1239 des
295 1212 405 1247 quidem
424 1213 469 1240 dat
496 1214 655 1242 hominibus
670 1223 701 1242 ea
717 1223 778 1250 quae
797 1223 879 1250 supra
897 1220 1021 1243 naturam

232 1262 306 1289 sunt,
322 1258 502 1286 intellectibus
514 1260 654 1287 ascribens
666 1268 727 1287 eum
743 1261 789 1295 qui
805 1261 894 1287 adhuc
903 1261 1018 1288 circum-

233 1305 313 1331 datus
330 1308 372 1331 est
398 1305 558 1333 indumento
582 1313 682 1333 crassm
710 1307 831 1333 materiei
846 1301 954 1334 'multis
979 1307 1020 1334 af-

232 1349 397 1378 lectionibus
417 1350 546 1378 obnoxio.
572 1350 640 1378 Nam
656 1360 717 1386 quae
743 1354 902 1387 angelorum
918 1357 944 1380 et
959 1353 1020 1380 reli-

232 1403 351 1430 quorum
371 1404 456 1424 carne
476 1397 629 1424 carentium
648 1397 758 1426 ordines
779 1399 952 1432 ignorarunt,
969 1399 1020 1425 ho-

232 1449 295 1469 rum
309 1442 384 1469 humi
400 1442 488 1470 aﬂisis
499 1448 525 1470 et
538 1444 563 1470 iu
582 1449 652 1470 terra
667 1445 843 1472 versantibus
861 1445 1020 1472 hominibus

232 1488 378 1516 scientiam
395 1489 511 1524 largitur
526 1489 603 1521 ﬁdes,
617 1494 645 1516 et
666 1490 776 1518 instruit
791 1499 849 1523 eos,
879 1490 1019 1519 adducens

231 1538 353 1561 mentem
382 1534 416 1562 ad
441 1535 560 1570 regalem
582 1540 609 1563 et
633 1537 708 1563 nulla
736 1536 822 1563 [οΙἪΙίΙ
857 1542 1017 1572 expressum

230 1579 373 1612 thronum,
385 1584 413 1607 et
431 1587 480 1615 per
490 1581 658 1615 exquisitum
674 1580 911 1617 reiulgentemque
925 1582 1017 1617 splen-

230 1625 323 1652 dorem
338 1625 467 1660 principii
485 1627 607 1661 expertis
619 1632 647 1654 et
663 1627 830 1662 incorrupta:
847 1633 951 1655 naturae
969 1635 1015 1655 ca-

230 1672 344 1707 liginem
361 1680 492 1700 sensuum
514 1673 663 1708 depellens.
683 1679 709 1701 et
736 1675 758 1701 si
775 1675 839 1709 quid
855 1682 978 1702 crassum
992 1679 1019 1701 et

231 1718 388 1745 nubilosum
399 1727 433 1746 ex
444 1719 498 1747 illis
511 1724 563 1753 est,
584 1727 599 1747 a
616 1725 707 1747 mente
720 1726 864 1755 postquam
879 1720 1019 1753 abstersit.

231 1763 298 1791 facit
310 1769 338 1791 ut
354 1764 479 1798 adjuncti
496 1765 563 1792 socii
581 1765 649 1792 nihil
674 1765 788 1794 absurdi
806 1766 921 1794 credant
936 1774 1013 1794 com-

782 151 810 178 S.
833 152 981 180 CAZSARH
1001 152 1165 181 CHEGORH
1185 148 1337 179 FRATRIS

1799 147 1857 175 illi)

1080 209 1123 237 οἷα
1151 210 1183 246 δὴ
1207 208 1354 240 ἀντίπαλος
1381 206 1513 242 ισταμένη
1540 205 1586 233 τοῦ
1603 204 1768 241 κρείττονος,
1797 205 1857 230 κατὰ

1080 257 1128 291 τῆς
1155 256 1291 291 ἡμετέρας
1320 253 1506 288 ἀγωνιζομένη
1537 252 1654 287 φύσεως.
1685 251 1798 286 Ἀρετῆς
1824 249 1858 277 οὖν

1081 303 1138 337 εἴδη
1153 302 1270 337 τέταρτα
1295 308 1366 331 τινες
1383 300 1521 334 ἔφρασαν·
1537 298 1572 325 τὰ
1591 299 1619 325 δὲ
1645 298 1789 333 ὑπάρχειν,
1809 297 1857 322 ’Δγ-

1079 347 1180 382 δρείαν,
1205 346 1356 381 Φρόνησιν,
1383 345 1580 380 Σωφροσύνην,
1603 344 1649 370 καὶ
1671 342 1857 376 Δικαιοσύνηνι

1080 393 1151 428 ἅπερ
1167 392 1238 419 καλὰ
1251 392 1300 428 μὲν
1314 391 1452 426 τυγχάνει,
1466 389 1592 425 χθαμαλὰ
1615 389 1644 415 δὲ
1657 389 1747 424 ἕρπει,
1764 388 1814 415 καὶ
1823 388 1857 414 ἐπὶ

1079 439 1127 474 τῆς
1143 438 1243 474 χέρσου
1264 438 1385 473 νήχεται,
1405 434 1547 470 κατώτερα
1573 435 1740 469 τυγχάνοντα
1760 434 1810 469 τῆς
1827 434 1857 459 οἰκ

1081 485 1174 520 ρανίου
1201 484 1308 520 ἀψίδος·
1335 482 1459 517 ἀνδρείαν
1484 481 1538 516 γὰρ
1562 482 1716 516 φήσαντες,
1741 479 1791 513 τὴν
1818 480 1857 513 τῆς

1080 532 1146 567 ὕλης
1178 530 1343 565 ἀντίμαχον·
1376 530 1423 556 καὶ
1450 527 1636 563 σωφροσύνην,
1668 526 1698 552 τὸ
1718 526 1788 552 κατὰ
1812 525 1857 551 τῶν

1079 577 1174 604 παθῶν
1188 576 1289 612 κράτος
1303 575 1349 602 καὶ
1369 575 1463 609 νίκην·
1481 573 1611 608 φρόνησιν
1632 571 1670 600 δὲ,
1686 571 1735 606 τὴν
1755 571 1783 596 ὲν
1807 571 1857 600 ταῖς

1079 621 1188 649 πόλεσιν
1210 620 1439 657 ἀριστοκρατίαν·
1463 617 1635 652 δικαιοσύνην
1656 616 1695 650 δὲ,
1719 616 1769 650 τὴν
1792 616 1857 642 κύδι-

1080 677 1130 704 μον
1145 667 1192 695 τοῦ
1213 667 1270 703 βίου
1287 666 1393 702 μερίδα.
1408 666 1455 697 ’Ὡς
1475 673 1507 698 γε
1519 664 1603 699 ᾤοντο
1614 663 1690 695 τάξιν
1710 661 1772 688 τινὰ
1786 670 1857 695 νομο-

1079 714 1229 745 θετοῦντες,
1242 712 1440 748 χαλινώσαντες
1453 711 1502 746 τὴν
1519 711 1562 745 ἐφ’
1577 709 1695 744 ἑκάτερα
1712 707 1760 734 τοῦ
1777 707 1858 733 πλείο-

1078 768 1122 791 νος
1146 759 1292 795 ἅμετρίαν”
1320 757 1484 792 ὑψηλότερον
1503 756 1533 783 δέ
1550 764 1577 782 τι
1605 755 1672 790 μήτε
1691 754 1800 788 νοῆσαι,
1817 753 1858 787 μήθ

1077 815 1107 833 τε
1137 805 1252 840 ὲκφάναι
1273 802 1324 831 οἶοί
1339 812 1368 830 τε
1381 811 1388 818 ·
1411 803 1441 829 τό
1467 811 1496 829 τε
1511 802 1555 828 ἐπ’
1580 801 1671 832 αὐτοῖς
1697 799 1746 835 τὴν
1768 799 1857 834 ἀρετὴν

1076 853 1133 883 τοῖς
1145 851 1293 887 ὁρωμένοις
1311 849 1501 885 περιέκλεισαν
1521 847 1611 882 μόνον,
1627 845 1709 882 μηδὲν
1729 845 1858 879 οἰηθέντες

1075 896 1161 932 αὐτὴν
1185 895 1256 931 ἔχειν
1271 894 1372 930 ὑψηλόν
1382 902 1427 925 τε,
1449 893 1494 919 καὶ
1511 893 1560 928 τῆς
1573 891 1626 918 τῶν
1640 890 1764 926 οὐρανῶν
1787 890 1857 916 εὐκο·

1075 943 1158 977 σμίας
1186 941 1346 977 ἐφάμιλλον.
1372 940 1469 975 Ἡμεῖς
1493 939 1522 965 δὲ
1541 937 1718 973 καθηγεμόνα
1739 936 1785 963 τὸν
1797 936 1858 970 ὑψη·

1074 988 1118 1015 λὸν
1139 987 1299 1014 Ἀπόστολον
1318 986 1434 1021 ἔχοντες,
1456 984 1542 1012 πολλὰ
1556 984 1605 1019 μὲν
1619 983 1676 1018 εἴδη
1698 982 1800 1018 ἀρετῆς
1814 982 1858 1007 ἁπ-

1075 1032 1287 1068 αριθμούμενον,
1306 1031 1371 1066 τρία
1401 1031 1510 1057 πάντων
1538 1028 1674 1064 ἐξαίρετα,
1695 1027 1798 1058 πίστιν,
1825 1026 1857 1052 ὲλο

1078 1078 1153 1110 πίδα,
1172 1077 1298 1112 ἀγάπην·
1322 1073 1360 1103 ὧν
1383 1076 1401 1111 ἡ
1422 1075 1472 1110 μὲν
1492 1075 1582 1106 πίστις
1606 1073 1733 1109 δωρεῖται
1761 1072 1858 1108 βροτοξ

1072 1124 1108 1151 τὰ
1132 1124 1202 1161 ὑπὲρ
1231 1121 1321 1157 φύσιν,
1337 1122 1394 1152 τοῖς
1403 1121 1508 1156 νοητοῖς
1522 1118 1740 1154 καταγράφουσα
1760 1117 1806 1144 τὸν
1823 1118 1857 1143 ἔτι

1072 1168 1263 1205 περικείμενον
1275 1167 1306 1194 τὸ
1317 1166 1472 1198 πολυπαθὲς
1485 1165 1535 1201 τῆς
1549 1164 1615 1200 ὕλης
1630 1164 1813 1200 περιϐόλαιον.
1829 1164 1858 1189 ’Ἀ

1072 1215 1126 1248 γὰρ
1142 1214 1170 1240 αἱ
1194 1213 1248 1240 τῶν
1268 1213 1391 1248 ἀγγέλων
1408 1211 1523 1238 καὶτῶν
1546 1210 1645 1238 λοιπῶν
1666 1210 1798 1245 ἀσάρκων
1817 1209 1858 1235 τά·

1072 1261 1128 1294 ξεις
1143 1261 1289 1296 ἠγνόησαν,
1303 1260 1406 1288 τούτων
1418 1261 1474 1291 τοῖς
1492 1258 1675 1295 χαμαιπόροις
1687 1257 1736 1284 καὶ
1752 1257 1799 1284 ἐπὶ
1812 1256 1858 1290 γῆς

1072 1306 1289 1340 καλινδουμένοις
1311 1305 1417 1340 βροτοῖς
1434 1304 1482 1340 τὴν
1499 1304 1655 1338 ἐπιστήμην
1675 1303 1825 1337 εἰσηγεῖται
1843 1302 1858 1335 ἡ

1072 1353 1173 1384 πίστις,
1189 1351 1235 1378 καὶ
1251 1351 1421 1377 ὑπώείκνυσι
1438 1351 1612 1386 προσάγουσα
1626 1349 1675 1384 τὴν
1690 1348 1811 1375 διάνοιαν
1823 1347 1858 1382 τῷ

1073 1397 1204 1432 βασιλικῷ
1225 1405 1255 1423 τε
1278 1397 1324 1422 καὶ
1346 1395 1543 1431 ἀσχηματίστῳ
1566 1394 1668 1430 θρόνῳ’
1694 1394 1744 1420 καὶ¹
1762 1393 1858 1430 ἀκριῆῆ

1071 1447 1150 1472 ἔναστ
1156 1444 1294 1479 ράπτουσα
1308 1443 1357 1478 τὴν
1370 1443 1465 1478 αἴγλην
1482 1442 1532 1477 τῆς
1546 1442 1664 1477 ἀνάρχου
1679 1441 1728 1468 καὶ
1743 1440 1858 1476 ἀκράτου

1071 1491 1196 1525 φύσεως,
1215 1491 1247 1525 τῇ
1272 1489 1375 1516 ἐκεῖθεν
1405 1489 1531 1523 ἀστραπῇ
1557 1488 1607 1523 τὴν
1629 1487 1713 1522 ἀχλὺν
1741 1487 1797 1513 τῶν
1820 1487 1859 1512 al-

1071 1537 1192 1572 σθήσεων
1209 1535 1412 1566 ἀπελαύνουσα,
1438 1535 1486 1562 καὶ
1503 1534 1529 1561 εί
1549 1529 1576 1560 τι
1600 1534 1673 1569 παχὺ
1704 1533 1754 1560 καὶ
1779 1532 1858 1566 νεφῶ-

1071 1583 1115 1614 δες
1137 1581 1192 1609 τῶν
1212 1582 1276 1617 τῇδε
1299 1581 1345 1608 τοῦ
1360 1580 1405 1607 νοῦ
1429 1580 1600 1614 ἁπολήσασα,
1622 1579 1740 1615 παρέχει
1762 1579 1859 1612 ἑταιρι-

1071 1627 1172 1663 ζομένη
1202 1627 1279 1654 οὐδὲν
1300 1627 1401 1654 ἄτοπον
1433 1625 1573 1652 πιστεύειν
1607 1625 1779 1660 πεπρᾶχθαι,
1808 1623 1859 1650 τῶν

1076 1673 1218 1709 προτέρων
1232 1673 1384 1708 ἀμνηστίαν
1408 1672 1455 1698 κα)⁸
1473 1671 1608 1707 ἀπύνηψιν
1627 1670 1666 1706 τῷ
1683 1669 1790 1706 λουτρῷ
1813 1676 1858 1695 πο-

1073 1720 1223 1756 τισαμένη·
1247 1718 1294 1746 καὶ
1310 1719 1390 1745 οίονεὶ
1415 1718 1524 1749 ἀείπαις
1546 1718 1594 1744 καὶ
1618 1716 1734 1752 ἄμωμος
1756 1717 1856 1749 ἀναφα-

1071 1767 1159 1793 νείσα.

231 1811 357 1846 missum,
370 1813 491 1847 priorum
512 1812 648 1842 oblivione
673 1821 720 1848 per
746 1814 913 1842 ablutionem
938 1818 965 1842 et
990 1815 1128 1842 lavacrum
1153 1812 1236 1845 facta,
1263 1811 1341 1847 quasi
1369 1819 1475 1846 semper
1498 1810 1575 1845 virgo
1598 1813 1625 1836 et
1647 1808 1856 1835 incontaminala

232 1868 376 1896 apparens.

422 1905 680 1934 INTERROGATIO
694 1905 837 1933 CLXXIV.

269 1952 340 1985 Quid
357 1953 408 1980 sibi
426 1953 484 1979 vult
505 1952 649 1984 Domitius,
668 1960 730 1979 cum
750 1952 786 1979 ait
802 1962 808 1979 :
827 1952 847 1978 Α
863 1952 953 1979 diebus
971 1961 1015 1979 au-

232 2004 282 2025 tem
295 1999 407 2025 Joannis
424 1997 554 2033 Baptista:
572 2006 679 2032 regnum
694 1997 820 2024 cmlsrum
842 1997 894 2023 vim
910 1998 1021 2031 patitur,

227 2049 254 2072 et
268 2045 373 2071 uiolenti
385 2045 492 2079 rapiunt
508 2044 574 2070 illud
586 2044 609 2060 ⁸⁸
621 2044 632 2070 ?
651 2044 759 2071 Scimus
771 2048 860 2070 autem
879 2044 951 2077 quod
963 2051 1022 2069 om-

234 2091 277 2116 nis
291 2089 446 2123 (violentia)
458 2089 687 2116 condemnatione
699 2088 922 2115 etmaletlictione
941 2088 1021 2123 digna

233 2136 284 2162 sit:
298 2136 436 2170 quomodo
445 2135 527 2169 igitur
536 2134 717 2169 intelligemus
730 2134 781 2161 hoc
790 2133 896 2160 Domini
906 2133 1020 2161 dictum?

550 2221 705 2257 Responsio.

269 2267 337 2301 Quia
353 2266 473 2295 Joannes
488 2267 594 2302 primus
610 2267 670 2302 ejus
686 2268 818 2301 temporis
842 2267 917 2301 regni
936 2268 1016 2294 casio.

233 2322 295 2341 rum
309 2313 457 2341 adventum
471 2313 630 2341 hOminibus
647 2313 832 2345 annuutiavit,
848 2317 875 2340 et
888 2312 1019 2341 Servator

232 2359 361 2393 deinceps
374 2358 559 2394 advenit;qui
582 2358 696 2386 ﬁrmiter
711 2363 739 2386 et
764 2359 871 2387 sincere
895 2359 1018 2391 credunt,

232 2412 281 2440 per
307 2412 447 2432 summum
478 2405 637 2432 exercitium
675 2410 703 2433 et
740 2405 905 2433 laboriosam
935 2406 1019 2433 vitam

234 2451 365 2479 terminos
404 2456 509 2480 natura:
543 2452 786 2484 transcendentes,
825 2457 853 2480 et
889 2453 924 2480 ad
956 2452 1022 2480 affe-

233 2503 327 2525 ctuum
340 2497 576 2525 mortiﬁcationem
588 2498 711 2525 translati
722 2498 749 2525 in
759 2505 883 2533 corpore.
896 2502 923 2526 et
936 2505 969 2525 ex
981 2505 1015 2526 eo

233 2544 375 2571 obstacula
404 2544 625 2578 supervolantes,
658 2545 857 2572 mortilicantes
883 2545 1015 2580 concupi-

234 2589 356 2617 scentias
369 2590 505 2625 corporis,
533 2598 583 2625 per
596 2595 739 2625 angustam
753 2595 781 2617 et
808 2590 1018 2618 laboriosiorem

238 2636 310 2663 viam
327 2636 354 2663 in
381 2636 530 2664 virtutibus
549 2637 746 2672 ingredientes.
763 2644 792 2664 se
819 2637 952 2664 violenter
980 2644 1023 2664 co-

234 2688 310 2717 gunt,
319 2682 354 2709 ad
368 2683 507 2716 praemium
521 2690 642 2717 superna:
658 2683 801 2709 vocationis
815 2682 1020 2718 compellentes,

235 2733 263 2755 ut
275 2728 363 2764 inquit
377 2728 457 2756 divus
472 2729 620 2763 Apostolus
635 2729 671 2756 ⁸⁸.

426 2774 684 2802 INTERROGATIO
700 2774 828 2802 CLXXV.

269 2819 339 2853 Quid
347 2820 484 2856 signiﬁcat
492 2820 634 2853 Dominus.
647 2821 681 2848 de
689 2821 783 2849 eodem
795 2820 899 2849 Joanne
909 2820 1019 2849 dicens:

1353 1901 1478 1927 ΠΕΥΣΙΣ
1496 1901 1577 1927 ΡοΔ’.

1110 1948 1141 1974 Τί
1155 1948 1278 1983 βούλεται
1290 1948 1376 1982 λέγων
1390 1949 1404 1974 ό
1414 1947 1526 1983 Κύριος,
1544 1946 1610 1973 Ἀπὸ
1625 1945 1659 1972 δὲ
1673 1945 1734 1971 τῶν
1746 1943 1857 1979 ῆιιειὼν·

1077 1992 1218 2020 Ἰωάννου
1238 1993 1291 2020 τοῦ
1315 1991 1486 2019 Βαπτιστοῦ
1510 1991 1566 2024 ἕως
1593 1991 1658 2025 ἄρτι
1675 1991 1695 2024 ὴ
1714 1991 1855 2022 ,βασιλεία

1071 2037 1130 2064 τῶν
1149 2038 1285 2073 οὐρανῶν
1297 2036 1440 2071 βιάζεται,
1462 2037 1513 2064 καὶ
1527 2038 1554 2064 οι
1574 2036 1700 2069 βιασταὶ
1715 2036 1854 2070 ἁρπάζου-

1071 2092 1123 2110 σιν
1150 2084 1265 2118 αὑτήν;
1287 2084 1405 2119 Οἴδαμεν
1428 2083 1456 2110 δὲ
1485 2084 1526 2110 ὅτι
1555 2083 1646 2118 πάσης
1670 2083 1791 2118 κρίσεως
1815 2083 1854 2107 καὶ

1073 2131 1196 2166 κατάρας
1221 2130 1296 2157 ἐστὶν
1309 2129 1393 2163 ἄξιος.
1410 2129 1472 2161 Πῶς
1492 2127 1538 2156 οὖν
1553 2129 1608 2165 ἄρα
1622 2129 1757 2164 νοήπομεν
1771 2128 1801 2155 τὸ
1814 2128 1854 2154 τοῦ

1074 2176 1176 2212 Κυρίου
1188 2176 1278 2212 ρἧα;

1378 2223 1556 2256 Ἀπόκρισις.

1099 2268 1219 2294 Ἰωάννου
1230 2267 1337 2303 πρώτου
1348 2268 1502 2304 αὑθήμερον
1512 2268 1590 2303 ἥκειν
1601 2269 1650 2303 τὴν
1661 2267 1799 2302 βασιλείαν
1808 2265 1854 2292 τῶν

1071 2314 1195 2350 οὐρανῶν
1215 2314 1320 2350 βροτοῖς
1337 2314 1580 2349 καταγγείλαντος,
1598 2314 1646 2341 καὶ
1665 2313 1713 2340 τοῦ
1736 2313 1854 2348 Σωτῆρος

1071 2361 1168 2388 θᾶττον
1184 2361 1359 2393 ἐπιστάντος·
1384 2362 1409 2388 oi
1425 2361 1567 2398 ἀραρότως
1584 2362 1632 2388 καὶ
1646 2361 1800 2396 εἰλικρινῶς
1816 2369 1852 2385 πι-

1071 2407 1222 2441 στεύοντες,
1237 2408 1271 2435 δι’
1287 2408 1441 2444 ἀκροτάτης
1455 2408 1598 2444 ἀσκήσεως
1614 2408 1662 2434 καὶ
1677 2407 1852 2443 σκληρουχὶις

1071 2455 1134 2487 τοὺς
1154 2455 1234 2490 ὄρους
1247 2455 1298 2489 τῆς
1314 2454 1421 2489 φύσεως
1443 2454 1662 2491 ὑπερϐαίνοντες,
1677 2454 1726 2480 καὶ
1742 2453 1808 2489 πρὸς
1827 2451 1852 2478 τὺ

1071 2500 1178 2532 ἀπαθὲς
1192 2500 1384 2536 μεθιστάμενοι
1402 2500 1430 2526 ὲν
1447 2499 1571 2535 σώματι,
1593 2499 1640 2525 καὶ
1658 2498 1693 2525 τὰ
1718 2499 1751 2525 ἐκ
1766 2497 1851 2524 τούτου

1073 2545 1221 2581 κωλύματα
1235 2546 1450 2582 ὑπεριπτὰμενοι
1459 2566 1467 2578 ,
1481 2545 1641 2581 νεκροῦντες
1654 2543 1703 2576 τὰς
1714 2543 1851 2578 ἐπιθυμίας

1071 2591 1119 2618 τοῦ
1137 2591 1264 2626 σώματος
1274 2611 1281 2623 ,
1296 2592 1340 2618 διὰ
1354 2592 1404 2627 τῆς
1426 2591 1521 2626 στενῆς
1536 2590 1583 2617 καὶ
1598 2590 1786 2625 πονικωτέρας
1800 2586 1852 2614 όὸοὖ

1071 2638 1132 2669 ταῖς
1147 2638 1259 2673 ἀρεταῖς
1279 2637 1432 2673 βαίνοντες,
1456 2638 1526 2671 σφᾶς
1547 2636 1704 2671 βιάζονται,
1729 2636 1801 2670 πρὸς
1823 2632 1851 2658 τὸ

1068 2682 1211 2717 βραϐεῖον
1225 2682 1280 2717 τῆς
1300 2682 1361 2710 ἅνω
1378 2682 1515 2718 κλήσεως
1530 2681 1715 2716 ἐπειγόμενοι,
1729 2679 1766 2712 ὦς
1781 2685 1849 2713 φησιν

1075 2729 1146 2765 ἱερὸς
1163 2728 1330 2760 Ἀπόστολος.

1355 2773 1478 2800 ΠΕΥΣΙΣ
1495 2772 1579 2799 PUE'.

1111 2821 1143 2848 Ti
1162 2822 1288 2858 σημαίνει
1303 2822 1316 2848 ό
1328 2820 1429 2856 Κύριος
1443 2819 1529 2854 λέγων
1542 2818 1607 2854 περὶ
1617 2816 1665 2845 τοῦ
1677 2815 1760 2844 αὑτοῦ
1775 2812 1846 2841 ἰωάν

273 2889 316 2920 “l
329 2890 392 2927 Cor.
412 2893 529 2928 “1,15.
566 2894 589 2910 υ
603 2893 698 2923 Matth.
710 2901 749 2928 ιι,
764 2893 807 2923 12.
845 2894 867 2910 "
883 2891 998 2929 Philipp.
1016 2901 1057 2927 ιιι,
1071 2893 1113 2921 Η.
