1910 3038
73 156 138 185 NH

71 224 129 247 vou,
147 215 202 243 Καὶ
218 217 246 244 ει
260 217 362 244 θέλετε
379 217 533 251 δέξασθαι,
549 215 642 252 οὗτός
656 218 742 246 ἐστιν
759 221 863 254 Ἠλίας

72 264 88 288 ό
102 262 225 296 μέλλων
236 262 393 298 ἓρχεσθαι;
405 263 523 299 Οἴδαμεν
534 264 562 291 δὲ
577 265 618 292 ὅτι
636 265 763 301 Ἰωάννην
778 267 866 303 Ἠρώ-

71 308 121 343 δης
144 308 299 344 ἀπέτεμεν
321 309 368 336 καὶ
390 309 450 342 πῶς
465 310 547 337 πάλιν
567 310 661 342 Ἠλίας
684 312 764 344 αὐτὸς
787 310 865 344 οὗτος

72 354 217 388 γενήσεται
225 363 232 387 ς

385 401 563 435 Ἀπόκρισις.

116 444 160 470 Ἐν
175 445 311 480 πνεύματι
327 445 373 472 καὶ
389 445 505 481 δυνάμει
525 446 628 480 Ἠλίου,
648 448 804 484 ἔμπροσθεν
816 450 866 475 αὖ·

72 489 121 515 τοῦ
135 490 323 516 ἀποσταλέντα
332 490 360 516 ἐν
367 492 402 526 τῇ
414 490 559 527 Θεανδρικῇ
573 492 758 528 ἐπιφοιτήσει,
773 493 867 520 Ἠλίαν

72 535 188 568 ιίκότως
204 535 415 572 προσαγορεύει,
438 536 484 563 διά
498 546 529 564 τε
549 538 600 574 τῆς
621 539 732 575 χάριτος
746 539 794 575 τὴν
811 540 866 567 ίσό-

72 590 154 617 τητα,
172 582 219 609 καὶ
233 582 284 617 τῆς
298 583 454 619 οἰκονομίας
468 583 498 610 τὸ
514 584 674 620 ἐφάμιλλον.
708 586 792 622 Ἀρχὴ
812 586 866 621 γὰρ

73 628 120 655 καὶ
132 628 208 661 τέλος
222 628 277 656 τῶν
291 629 338 656 δύο
351 630 494 658 Διαθτικῶν
502 630 614 665 γέγονεν
630 631 756 666 Ἰωάννης
768 640 774 646 ·
791 633 866 664 τέλος

74 675 124 709 μὲν
140 674 187 701 τοῦ
201 675 296 710 νόμου,
316 675 388 711 ἀρχὴ
412 675 468 703 τῶν
486 676 674 711 Εὑαγγελίων,
688 677 761 704 τοῦτ’
781 678 865 710 ἔστιν,

72 721 171 756 ἑτέρας
188 721 264 756 παρὰ
280 721 329 757 τὴν
351 722 467 758 νομικὴν
484 723 598 758 ἀγωγήν
619 732 648 750 τε
665 724 713 751 καὶ
727 724 866 751 πολιτείαν

72 766 246 802 καθηγητὴς.
264 766 382 802 ὀμοίως
400 768 447 795 καὶ
465 769 559 796 Ἠλίαν
578 770 777 806 καραδοκῶμεν
791 772 820 797 ὲν
833 772 865 806 τῇ

73 812 219 849 θεανδρικῇ
244 814 360 850 δευτέρᾳ
387 815 505 852 Χριστοῦ
534 817 704 851 ἐπιφοιτήσει
728 816 817 853 βραχύ
839 826 865 843 τι

73 859 248 894 προήκοντα,
277 859 367 896 πέρας
391 860 440 896 μὲν
466 861 600 897 ὑπάρχειν
636 862 686 897 τῆς
712 862 866 898 ἐνεστώσης

73 904 187 939 ἀγωγῆς
201 913 232 931 τε
248 905 294 932 καὶ
309 905 392 942 ζωῆς.
409 908 497 943 ἀρχὴν
508 908 536 934 δὲ
551 908 601 943 τῆς
617 908 781 944 μελλούσης·
795 908 867 935 κατὰ

71 949 100 976 δὶ
122 950 249 986 Ἰωάννην
262 951 309 977 καὶ
325 952 406 979 αὐτὸν
420 953 473 979 ὑπὸ
488 953 536 979 τοῦ
547 954 642 989 νοητοῦ
665 955 784 990 Ἡρώδου
797 956 866 992 ὑπὲρ

72 996 218 1031 ἀτρεκείας
235 998 473 1034 μιαιφονούμενον.

365 1088 489 1114 ΠΕΥΣΙΣ
508 1089 599 1121 poq'.

109 1127 173 1159 Πῶς
183 1128 291 1162 μείζων
301 1129 336 1156 ἐν
352 1130 506 1164 γεννητοῖς
520 1130 670 1164 γυναικῶν
691 1130 832 1165 Ἰωάννης
847 1133 864 1159 ὀ

73 1174 267 1209 Hannoni“
287 1176 342 1202 Καὶ
362 1177 386 1201 ει
403 1177 546 1212 προφήτης
567 1174 612 1212 ἦν,
628 1177 652 1203 τί
670 1178 863 1214 περισσότερον

73 1217 131 1255 εἶχε
148 1223 305 1256 προφήτους
316 1222 358 1248 ὃτι
369 1222 456 1255 οὕτως
471 1223 544 1258 λέγει
555 1226 570 1251 ὁ
587 1225 688 1261 Κύριος
701 1227 729 1252 ὲν
745 1226 865 1260 Εὑαγγε-

73 1266 154 1298 λίοις.
180 1267 230 1294 Διὰ
250 1267 277 1294 τί
295 1268 318 1294 δ’
335 1268 390 1304 ἄρα
406 1269 507 1305 μείζων
534 1270 643 1298 πάντων
664 1272 716 1299 ὑπὸ
732 1272 779 1299 τοῦ
808 1274 865 1300 Σω-

72 1313 156 1348 τῆρος
182 1314 386 1350 μαρτυρηθεὶς,
412 1315 457 1342 τὸν
477 1317 573 1343 ἑαυτοῦ
599 1318 705 1354 πατέρα
726 1320 864 1355 Ζαχαρίαν

72 1359 227 1393 ἐφίμωσεη

389 1407 565 1441 Ἀπόκρισις.

108 1451 222 1486 ιἸοικίλη
242 1460 288 1486 μοι
304 1452 379 1479 δοκεῖ
393 1454 409 1488 ὴ
428 1454 493 1489 περὶ
507 1454 603 1481 τούτου
615 1455 781 1492 διασάφησις
792 1465 799 1471 ’
817 1459 864 1484 καὶ

72 1496 126 1531 πρό
141 1505 175 1531 γε
199 1498 309 1524 πάντων
327 1499 404 1534 ὑμῶν
419 1500 510 1527 αὐτῶν
531 1501 744 1536 ὁμολογούντων,
764 1504 864 1539 μείζων

72 1543 183 1570 πάντων
200 1543 314 1580 βροτῶν,
337 1538 384 1573 καὶ
400 1546 565 1583 ὑψηλότερος
577 1549 735 1584 προφητῶν,
752 1551 804 1577 ὑπὸ
815 1552 862 1578 τοῦ

73 1589 176 1624 Κυρίου
196 1591 394 1626 μαρτυρεῖσθαι
411 1591 456 1618 τὸν
475 1592 612 1628 Ἰωάννην,
629 1595 680 1621 οὐχ
704 1594 801 1631 ἔχομεν
818 1596 864 1622 λό’

72 1643 120 1669 γον
132 1635 181 1662 τοῦ
199 1636 300 1668 ζῶντος
319 1637 407 1672 Λόγου
431 1637 577 1674 ἀνώτερον,
604 1641 794 1676 μαρτυροῦντα
830 1644 862 1678 τῇ

73 1681 166 1716 βοὼση
182 1683 213 1708 ἐν
226 1684 259 1718 τῇ
276 1683 372 1719 ἐρήμῳ
395 1685 482 1720 φωνῇ,
506 1685 682 1720 Ἑτοιμάζειν
700 1688 753 1720 τὰς
775 1688 864 1722 ὀδοὺς

73 1727 126 1755 τοῦ
140 1727 264 1762 Κυρίου,
274 1729 324 1755 καὶ
332 1729 451 1762 εὐθείας
459 1730 556 1757 ποιεῖν
568 1730 621 1764 τὰς
629 1732 748 1766 τρίϐους
759 1734 862 1762 αὐτοῦ.

79 1773 160 1800 Ἀλλά
179 1773 230 1806 τὰς
249 1775 377 1810 ἀφορμὰς
395 1777 459 1812 περὶ
472 1776 522 1811 τῆς
536 1778 627 1812 φωνῆς
643 1780 710 1807 Ἀπὸ
721 1779 765 1806 τοῦ
775 1777 863 1814 Λόγου

73 1819 267 1855 κομισάμενοι,
283 1820 374 1855 λόγον,
388 1822 532 1858 οὺθετέρου
547 1824 607 1850 κατ’
619 1824 781 1856 samem
793 1826 863 1852 κατὰ

71 1865 188 1901 δύναμιν
200 1866 271 1901 ὲμὴν
285 1867 348 1902 περὶ
363 1867 479 1894 ἑκάστου
490 1869 632 1896 ἀποδώσω.
647 1870 756 1902 Μείζων
774 1872 863 1898 τοίνυν

73 1911 183 1938 πάντων
197 1912 227 1938 ὲν
247 1914 389 1948 γεννητοῖς
405 1914 543 1948 γυναικῶν
565 1916 700 1951 Ἰωάννης,
717 1917 758 1944 ὅτι
781 1919 809 1944 ἐν
830 1921 861 1954 τῇ

73 1956 189 1992 μητρώᾳ
207 1957 284 1992 νηδύϊ
305 1959 437 1994 ὑπάρχων
453 1959 503 1991 ἔτι,
526 1961 573 1987 καὶ
598 1962 635 1998 μή
660 1972 710 1989 που
735 1964 781 1990 τοῦ
801 1965 862 1991 καθ’

73 2003 146 2037 ἡμᾶς
163 2003 222 2038 βίου
237 2004 356 2038 ψαύσας,
372 2007 560 2041 προεφήτευσε
578 2009 610 2044 τῇ
626 2009 742 2046 μητρῷα
754 2011 862 2048 γλώττῃ

71 2049 180 2085 ὀργάνῳ
197 2051 380 2095 χρησάμξνος,
395 2054 441 2080 καὶ
454 2054 483 2080 ὲν
497 2054 587 2081 σκότει
603 2055 752 2089 λανθάνων,
764 2059 794 2085 τὸ
805 2059 862 2093 φῶς

71 2095 99 2120 ὲν
120 2096 221 2131 γαστρὶ
235 2096 285 2132 τῆς
306 2098 448 2131 ἀειπαιδος
474 2100 584 2135 Μαρίας
601 2103 786 2138 σαρκούμενον
811 2105 862 2132 οὐκ

70 2141 190 2176 ἠγνόησε
202 2149 209 2156 ·
226 2142 276 2177 τὴν
287 2143 431 2179 ἀστραπὴν
444 2145 524 2172 οἱονεὶ
538 2147 571 2173 δι’
585 2147 655 2181 ὀπῆς
669 2157 741 2181 τινος
753 2150 800 2177 τοῦ
811 2153 862 2187 τῆς

71 2187 210 2223 φερούσης
222 2189 367 2223 στόματος,
379 2191 411 2225 τῇ
428 2192 589 2226 περιπτύξει
604 2194 650 2220 καὶ
665 2194 798 2230 φιλήματι
811 2198 860 2233 τῆς

70 2233 201 2281 Geo-(popae
219 2235 338 2267 νεάνιδος
361 2238 547 2273 σπασάμενος,
573 2239 667 2275 ἀρθεὶς
688 2242 720 2277 τῇ
746 2245 861 2281 μητρῲᾳ

69 2278 178 2317 γλώττῃ
198 2281 342 2316 ἀνεϐόησε,
359 2283 454 2309 Πόθεν
467 2292 517 2318 μοι
533 2284 630 2317 τοῦτο,
653 2287 703 2313 ἵνα
724 2288 743 2321 ἠ
763 2278 860 2324 μήτὴρ

69 2325 124 2354 τοῦ
143 2326 258 2360 Κυρίου
272 2335 333 2361 μου
349 2327 424 2361 ἔλθῃ
441 2328 517 2362 πρὸς
538 2329 596 2363 μέ;
616 2330 644 2356 ’0
663 2331 812 2368 εὐγνώμων
823 2336 861 2361 oi-

68 2373 152 2408 κέτης
171 2372 280 2406 ἐπέγνω
302 2373 347 2399 τὸν
364 2374 504 2409 Δεσπότην
525 2383 532 2390 ·
548 2377 595 2402 καὶ
616 2377 736 2413 σκαίρων
752 2379 861 2411 sane-

68 2418 131 2445 σθαι
156 2418 207 2453 τῆς
231 2419 359 2454 γαστρὸς,
385 2420 453 2456 πρὸς
474 2421 524 2456 τὴν
549 2421 686 2450 διακονίαν
710 2424 756 2450 τοῦ
779 2425 859 2460 λόγου

67 2464 211 2498 ιπείγεται
236 2464 392 2500 προφθάσαι
411 2466 458 2493 τὸν
481 2466 625 2502 Ἰορδάνην,
643 2469 691 2495 καὶ
715 2470 858 2506 ἑτοιμάσαι

66 2510 97 2536 τὸ
122 2510 194 2545 ὑπὲρ
216 2510 295 2545 ἡμῶν
311 2511 382 2538 κατὰ
403 2512 492 2547 σάρκα
513 2511 637 2549 λουτρόν.
654 2514 814 2542 Πλεονεκτεῖ
830 2517 859 2543 δὲ

68 2556 230 2592 προφητῶν,
247 2556 284 2592 τῷ
299 2558 346 2584 καὶ
360 2557 443 2585 αὐτὸν
456 2559 575 2595 ἀθρῆσαι
589 2562 619 2587 ἐν
638 2562 719 2595 σαρκὶ
732 2562 777 2589 τὸν
792 2572 859 2599 προ-

67 2603 266 2638 φητευόμενον,
282 2604 330 2630 καὶ
355 2604 405 2639 τῆς
424 2605 529 2632 ἐκείνου
551 2607 674 2642 κορυφῆς
692 2608 807 2643 ψαῦσαι,
824 2608 859 2646 ἧς

66 2648 163 2683 τρέμει
175 2647 212 2674 τὰ
221 2647 378 2683 σύμπαντα,
390 2649 420 2676 δν
431 2650 531 2682 πάντες
545 2652 713 2688 πατριάρχαι
727 2654 774 2680 καὶ
789 2663 857 2690 προ-

67 2693 153 2727 ιρῆται
175 2692 208 2719 δι’
224 2693 339 2730 ὀνείρων
355 2693 371 2729 ἢ
393 2695 564 2730 αἰνιγμάτων
582 2697 670 2732 μόνων
689 2699 860 2735 ὲφαντάσθη-

68 2748 128 2771 σαν,
145 2739 200 2775 πρὸ
216 2740 266 2775 τῆς
290 2740 450 2777 θεανδρικῆς
472 2741 520 2768 τοῦ
531 2743 618 2777 Λόγου
641 2743 802 2779 θεοφανείας
813 2746 859 2773 τὸν

68 2786 124 2820 βίον
139 2787 318 2822 ἀμείψαντες.
332 2787 369 2814 Τὸ
381 2787 410 2814 δὲ
421 2788 561 2823 κωφεῦσαι
576 2790 623 2816 τὸν
643 2791 790 2828 Ζαχαρίαν,
808 2793 859 2828 τὴν

68 2833 194 2869 γέννησιν
208 2833 255 2860 τοῦ
271 2834 367 2866 παιδὸς
379 2835 609 2870 εὐαγγελισθέντα
637 2838 667 2864 οὐ
680 2840 740 2865 κατ’
754 2840 856 2876 ἔκπλη-

776 161 947 190 οιΑιοευε
965 163 1009 190 ΙΠ.

1638 157 1711 187 “42

917 221 953 248 Et
971 223 993 249 si
1007 222 1085 249 uultis
1098 223 1221 257 recipere,
1233 223 1275 250 hic
1287 228 1326 250 ut
1339 222 1415 250 Elia:
1429 223 1474 258 qui
1486 227 1610 250 venturus
1623 222 1709 249 est“?

919 267 1028 294 Scimus
1042 273 1143 299 autem,
1168 269 1241 303 quod
1257 268 1391 296 Joannem
1414 268 1536 296 Herodes
1556 268 1710 301 decollavit,

918 317 945 340 et
959 312 1097 348 quomodo
1116 321 1211 340 rursus
1228 313 1299 340 ﬁlias
1315 314 1358 341 hic
1372 314 1442 341 idem
1453 313 1523 340 erit?

1235 400 1390 430 Responsio.

955 447 984 472 ln
1003 446 1100 481 spiritu
1115 451 1143 474 et
1161 446 1261 473 virtute
1273 445 1339 473 Elia:
1355 450 1418 473 ante
1434 453 1464 472 se
1478 445 1593 472 missum
1615 444 1642 472 in
1659 451 1710 471 suo

918 491 988 518 uniti
1004 499 1066 518 cum
1087 491 1142 519 Deo
1155 492 1274 520 hominis
1297 491 1415 519 adventu
1436 491 1522 518 Eliam
1541 491 1640 518 merito
1660 498 1708 524 ap-

918 538 1008 572 pellat.
1028 539 1093 565 item
1112 542 1222 573 propter
1242 538 1336 573 gratiae
1352 538 1535 573 aequalitatem
1552 541 1579 564 et
1590 536 1708 564 admini—

918 584 1057 611 strationis
1075 584 1293 612 similitudinem.
1325 583 1491 619 Principium
1508 583 1581 611 enim
1604 587 1630 610 et
1646 583 1710 610 tinis

917 630 1033 658 duorum
1048 630 1285 658 Testamentorum
1301 630 1351 657 l'uit
1366 629 1484 658 Joannes
1501 639 1507 656 :
1525 629 1587 657 ﬁnis
1598 629 1707 664 quidem

917 675 995 711 legis,
1017 676 1182 711 principium
1210 683 1274 703 vero
1293 675 1442 711 Evangelii,
1462 676 1513 702 hoc
1526 679 1578 708 est,
1597 675 1708 702 alterius

916 729 998 756 quam
1015 722 1110 756 legalis
1125 722 1305 750 institutionis
1321 726 1348 750 et
1364 722 1425 749 vitae
1444 721 1584 756 magister.
1604 721 1708 748 Simili-

916 772 959 795 ter
979 773 1006 796 ct
1023 768 1108 796 Eliam
1129 773 1322 803 evspectamus
1348 769 1376 795 in
1402 767 1522 795 secundo
1552 767 1619 794 uniti
1644 775 1707 794 cum

918 814 973 841 Deo
986 814 1106 842 hominis
1119 814 1221 842 Christi
1236 815 1365 847 adventu,
1393 814 1534 849 paululum
1550 815 1708 849 praeceden—

917 865 983 892 tem,
1001 859 1048 894 qui
1068 859 1196 887 ostendat
1210 859 1291 886 linem
1309 859 1419 894 quidem
1432 867 1492 887 esse
1504 860 1646 894 praesentis
1665 861 1708 887 in;-

917 905 1068 932 stitutionis
1083 910 1110 932 et
1124 906 1196 937 vitae,
1209 905 1373 940 principium
1383 909 1473 933 autem
1492 905 1707 939 futuraeQuem-

917 951 1063 979 admodum
1079 957 1170 979 autem
1187 957 1300 979 necatus
1316 956 1356 978 est
1371 951 1501 982 Joannes,
1520 952 1558 978 ita
1573 957 1601 978 et
1618 953 1705 987 ipsum

917 997 951 1023 ab
968 997 1118 1024 intcllectili
1133 996 1239 1024 Herode
1259 1001 1368 1032 propter
1385 997 1525 1024 veritatem
1544 998 1706 1026 interﬁcien-

915 1043 980 1070 dum
996 1043 1143 1070 credimus.

1107 1088 1364 1117 INTERROGATIO
1376 1089 1516 1116 CLXXVI.

951 1133 1094 1166 Quomodo
1114 1135 1200 1169 major
1218 1135 1287 1161 inter
1302 1139 1378 1161 natos
1395 1143 1427 1162 ea:
1451 1135 1605 1162 muiieriims
1622 1134 1707 1161 Joan-

915 1186 960 1206 nes
971 1178 1095 1215 Baptista
1110 1180 1194 1207 est"?
1207 1179 1240 1207 Et
1256 1180 1279 1207 si
1293 1181 1425 1215 propheta
1440 1179 1501 1212 fuit,
1514 1180 1579 1214 quid
1590 1180 1706 1214 amplius

916 1224 1011 1253 habuit
1026 1233 1108 1261 quam
1127 1226 1279 1262 propheta?
1301 1226 1341 1254 sic
1358 1227 1430 1254 enim
1446 1227 1513 1254 dicit
1527 1226 1658 1254 Dominus
1678 1227 1705 1253 in

916 1269 1072 1305 Evangelia.
1094 1270 1186 1304 Quare
1203 1275 1294 1299 autem
1309 1271 1396 1306 major
1414 1272 1534 1298 omnium
1551 1271 1707 1298 testimonio

916 1315 1071 1344 Servatur-is
1093 1316 1246 1351 perhibitus
1258 1322 1310 1348 est,
1335 1317 1381 1352 qui
1395 1324 1446 1344 suo
1468 1317 1554 1352 ipsius
1576 1317 1661 1351 patris
1675 1325 1706 1344 os

914 1362 1072 1389 obturavit?

1236 1407 1376 1441 Responsio
1381 1428 1387 1433 .

951 1453 1033 1481 Varia
1053 1454 1120 1488 mihi
1144 1455 1177 1482 de
1201 1454 1253 1481 hoc
1278 1454 1385 1481 videtur
1410 1462 1469 1481 esse
1489 1454 1648 1481 declaratio.
1673 1453 1706 1482 Et

914 1499 1024 1535 quidem
1041 1504 1104 1527 ante
1116 1500 1209 1527 omnia
1222 1500 1425 1535 vobismetipsis
1450 1500 1609 1530 fatentibus.
1633 1502 1705 1535 quod

915 1547 1003 1581 major
1015 1546 1143 1573 omnibus
1153 1545 1315 1573 mortalibus
1332 1550 1359 1573 et
1373 1545 1505 1573 excelsior
1519 1545 1657 1580 prophetis
1667 1551 1706 1572 Ie-

916 1592 1043 1619 stimonio
1052 1591 1159 1619 Domini
1171 1591 1346 1626 perhibeatur
1354 1590 1490 1618 Joannes:
1507 1599 1560 1618 non
1573 1591 1706 1618 habemus

917 1638 1029 1665 verbum
1046 1637 1153 1666 vivente
1169 1637 1259 1666 Verbo
1272 1637 1481 1672 pracellenlius,
1497 1638 1568 1671 quod
1584 1637 1706 1664 testimoo

917 1684 963 1711 nio
989 1688 1031 1712 est
1057 1684 1117 1712 voci
1147 1684 1174 1711 in
1199 1684 1305 1711 deserto
1333 1683 1461 1711 clamanti
1483 1691 1490 1710 :
1523 1683 1620 1710 l’aralc
1648 1684 1705 1710 ria:

916 1730 1034 1763 Domini,
1054 1735 1078 1757 et
1105 1736 1189 1757 rectas
1204 1731 1284 1765 facile
1307 1730 1415 1757 semitas
1433 1730 1530 1764 ejus”.
1555 1729 1606 1757 Sed
1626 1737 1706 1757 occa-

914 1777 1040 1804 sionibus
1056 1777 1089 1805 de
1098 1784 1167 1805 voce
1177 1785 1192 1804 a
1202 1777 1286 1804 Verbo
1301 1776 1430 1811 sumptis,
1447 1777 1577 1803 rationem
1589 1784 1621 1803 ex
1637 1784 1706 1804 neu-

916 1824 985 1851 trius
1006 1824 1116 1858 quidem
1133 1823 1276 1859 dignitate,
1303 1831 1351 1859 pro
1373 1831 1432 1851 mea
1458 1828 1547 1850 tamen
1574 1823 1644 1849 virili
1671 1823 1705 1850 de

915 1871 1029 1905 singulis
1053 1871 1174 1898 reddam.
1196 1870 1280 1905 Major
1302 1877 1368 1904 ergo
1387 1869 1515 1897 omnibus
1540 1870 1610 1896 inter
1626 1875 1705 1896 nalol

915 1918 1059 1945 mulierum
1078 1916 1208 1949 Joannes,
1232 1915 1306 1952 quod
1328 1923 1389 1943 cum
1404 1915 1493 1943 adhuc
1509 1915 1536 1942 in
1555 1919 1632 1944 utero
1647 1923 1706 1942 ma-

915 1968 992 1991 terno
1009 1968 1091 1995 esset.
1115 1967 1294 1998 nostramque
1315 1962 1398 1993 vitam
1420 1961 1541 1989 nondum
1559 1961 1703 1997 attigisset,

914 2010 1078 2037 vaticinatus
1092 2009 1137 2042 sit,
1153 2010 1335 2036 instrumento
1347 2013 1468 2035 materna
1481 2008 1571 2043 lingua
1588 2016 1665 2040 usus.
1677 2013 1705 2035 ct

914 2056 941 2082 in
965 2056 1084 2083 tenebris
1106 2055 1202 2088 latens,
1223 2055 1314 2082 lumen
1335 2055 1362 2081 in
1385 2054 1447 2081 alvo
1463 2062 1569 2089 semper
1591 2055 1705 2090 virginis

914 2101 1006 2129 Mariae
1020 2103 1192 2129 incarnatum
1209 2109 1262 2128 non
1277 2100 1423 2136 ignoravit,
1436 2100 1543 2136 fulgore
1559 2100 1642 2128 veluti
1656 2108 1704 2135 per

914 2147 1036 2176 foramen
1055 2147 1176 2183 aliquod,
1191 2155 1240 2182 per
1256 2155 1287 2175 os
1301 2147 1362 2182 ejus
1371 2155 1433 2183 quae
1447 2148 1580 2183 gestabat.
1601 2147 1705 2182 ample-

915 2203 949 2223 xu
967 2200 995 2223 et
1009 2194 1104 2222 osculo
1124 2194 1209 2222 Deum
1224 2194 1356 2229 gestantis
1371 2194 1468 2229 puellae
1483 2194 1593 2227 hausto,
1616 2194 1704 2221 eleva—

914 2247 958 2270 tus
973 2248 1095 2268 materna
1113 2241 1204 2276 lingua
1228 2241 1407 2268 exclamavit:
1429 2240 1503 2268 Unde
1516 2241 1582 2267 milii
1594 2241 1652 2272 hoc,
1673 2245 1702 2267 ut

913 2293 998 2314 mater
1007 2286 1113 2313 Domini
1130 2287 1181 2313 mei
1191 2286 1276 2313 veniat
1286 2286 1321 2312 ad
1336 2286 1424 2312 me"?
1436 2286 1537 2314 Gratus
1549 2294 1645 2314 servus
1654 2285 1703 2313 Do-

911 2334 1016 2360 minum
1032 2333 1170 2368 cognovit,
1190 2338 1217 2359 et
1232 2332 1353 2368 gestiens
1365 2333 1502 2360 exsultare
1522 2332 1548 2359 in
1566 2338 1658 2360 ventre
1667 2332 1701 2360 ad

910 2379 1095 2406 ministerium
1105 2379 1179 2406 verbi
1199 2379 1356 2413 impellitur,
1378 2379 1411 2406 ad
1426 2379 1647 2413 prasveniendum
1666 2379 1700 2407 ad

909 2426 1066 2458 Jordanem,
1079 2431 1106 2452 et
1119 2425 1270 2460 parandum
1283 2425 1335 2459 ipsi
1344 2425 1494 2452 secundum
1504 2433 1614 2452 carnem
1627 2426 1701 2460 quod

911 2479 960 2507 pro
979 2472 1059 2499 nobis
1072 2477 1141 2505 erat,
1165 2472 1314 2499 lavacrum.
1338 2471 1425 2507 Major
1445 2476 1535 2499 autem
1561 2473 1700 2508 prophetis

908 2524 960 2551 est,
982 2518 1054 2554 quod
1076 2519 1165 2553 ipsum
1190 2519 1223 2546 de
1238 2526 1293 2554 quo
1317 2519 1354 2545 illi
1378 2519 1609 2553 vaticinabantur,
1633 2519 1701 2547 vidit

910 2564 937 2591 iu
952 2571 1046 2595 carne,
1070 2564 1197 2599 illiusque
1207 2564 1339 2592 verticem
1361 2564 1458 2599 tetigit,
1472 2572 1526 2599 quo
1550 2566 1701 2592 contremi-

909 2614 990 2637 scunt
1006 2610 1145 2642 univcrsa,
1164 2617 1244 2645 quem
1257 2617 1352 2637 omnes
1367 2609 1529 2644 patriarchae
1541 2615 1569 2637 et
1585 2611 1702 2645 prophe-

910 2662 944 2683 tae
961 2663 1008 2690 per
1018 2656 1121 2683 somnia
1136 2661 1182 2683 aut
1194 2655 1339 2691 :enigmata
1351 2660 1456 2683 tantum
1469 2656 1609 2691 imaginati
1624 2662 1699 2690 sunt,

911 2708 973 2730 ante
996 2703 1065 2730 uniti
1090 2711 1153 2730 cum
1171 2702 1226 2730 Deo
1242 2703 1361 2731 hominis
1384 2702 1462 2731 Verbi
1480 2703 1600 2731 divinam
1614 2711 1699 2739 appa-

911 2749 1036 2776 ritioncm
1061 2749 1116 2776 vita
1133 2748 1264 2776 defuncti.
1279 2749 1357 2782 Quod
1377 2753 1468 2777 autem
1495 2754 1587 2777 mutus
1610 2749 1700 2778 factus

911 2799 952 2822 est
964 2794 1122 2827 Zacharias,
1139 2799 1281 2830 postquam
1303 2795 1341 2822 illi
1359 2795 1406 2822 [iiii
1425 2796 1578 2831 procreatio
1591 2804 1700 2824 annun-

910 2841 974 2868 tiata
989 2840 1094 2875 fuisset,
1110 2841 1136 2869 id
1149 2849 1202 2869 non
1213 2849 1247 2869 ex
1255 2841 1477 2870 consternatione
1487 2843 1625 2878 conspecti
1639 2850 1654 2870 a
1668 2850 1699 2871 se

104 2906 127 2921 ⁸·
139 2906 223 2935 Matth
248 2915 286 2942 XI,
298 2907 339 2935 Η..
378 2909 399 2925 ⁸⁷
413 2909 479 2937 ibid.
495 2909 536 2937 Η.
576 2911 596 2930 ³⁸
610 2911 705 2940 Matth.
724 2921 763 2948 ιιι,
780 2914 805 2942 5.
840 2915 861 2931 ⁸⁵

917 2923 944 2944 c.
967 2924 985 2949 ι,
997 2915 1046 2944 43.
