1910 3038
129 101 201 130 1145

127 163 180 189 καὶ
195 161 284 195 Λόγου
298 162 431 198 ἒτόλμησε
444 163 619 199 πῳσψαῦσαι
630 162 678 189 τοῦ
690 162 840 198 φρικώδους
852 164 920 190 ὲκεί-

125 216 180 234 νου
194 207 321 243 στήθους,
335 209 378 243 ἐφ’
394 206 424 236 οὗ
437 205 515 241 οὗτος
527 209 541 235 ὁ
564 210 701 244 Ἰωάννης,
714 207 758 236 οἷα
773 210 864 244 πατὴρ
877 208 918 243 ἐφ’

126 253 184 288 υίῷ
192 254 367 289 διαχεόμενος
379 255 516 282 ἀνέκειτο·
530 255 635 282 ἐκεῖθεν
644 256 690 281 τὸν
702 254 820 291 περὶτοῦ
833 255 918 288 Λόγου

126 297 213 332 λόγον
229 300 416 334 ἀρυσάμενος·
434 300 479 327 καὶ
495 300 527 335 δὴ
542 301 596 332 τοῖς
614 301 660 326 ὑπ’
674 300 788 336 οὐρανοῦ
807 300 920 336 βροντή-

128 354 181 376 σας
189 345 230 376 to,
247 345 298 372 Ἐν
308 345 387 379 ἀρχῇ
399 343 438 380 ἦν
449 347 464 372 ό
478 347 583 380 Λόγος,
598 346 648 373 καὶ
659 347 675 373 ὀ
688 347 783 380 Λόγος
794 344 833 380 ἦν
845 344 925 379 πρὸξ

128 391 190 434 τρε
198 390 284 421 Θεὸν,
299 391 349 417 καὶ
368 391 440 424 Θεὸς
453 389 492 425 ἦν
505 393 522 418 ὀ
538 392 643 426 Λόγος.
665 392 783 422 Ἐκεῖνος
802 390 833 417 τὸ
850 391 920 418 θεῖον

127 436 179 462 καὶ
197 437 332 470 πανάγιον
352 437 464 472 Πνεῦμα
479 438 508 463 ἐν
521 437 586 464 εῖδει
604 438 768 473 περιστερᾶς
789 437 920 464 ἐθεάσατο

129 482 226 516 μόνον,
243 483 289 508 ἐπὶ
305 482 352 508 τὸν
367 483 454 516 Λόγον
467 483 548 518 σαρκὶ
562 483 744 517 βαπτισθέντα
760 483 788 516 ἐξ
799 483 921 519 οὐρανῶν

127 528 328 562 ἑπιπτάμενον.
347 526 430 560 Οὗτος
448 528 477 555 δὲ
496 530 525 555 ὲν
545 529 610 555 εῖδει
633 529 756 565 γλώττης
777 529 863 564 πυρὸς
875 530 921 556 ἐπὶ

128 574 181 609 τῆς
195 575 298 606 οικείας
310 575 418 608 ἐδέξατο
429 575 559 611 κεφαλῆς,
572 576 629 611 ἅμα
640 578 696 607 τοῖς
712 577 919 611 συμφοιτηταῐς,

128 619 160 645 ἑν
179 621 213 655 τῇ
229 621 321 656 ἡμέρᾳ.
336 622 385 656 τῆς
401 622 602 657 Πεντηκοστῆς,
615 622 704 654 καθὼς
719 623 733 648 ὁ
749 622 836 658 μέγας
852 623 920 648 Λου-

129 666 183 696 κᾶς
198 666 247 697 τὰς
257 666 383 700 Πράξεις
396 668 510 702 γράφων
520 667 575 694 τῶν
590 668 745 694 ἀποστόλων
761 668 920 703 ἱστόρησεν⁷

95 713 239 758 ἰὲκεῖνος
259 715 457 748 καρατομεῖται
473 713 507 740 δι’
519 714 630 749 ἑταίραν
648 714 796 740 ἀκόλαστον
809 715 921 749 ἀδελφό-

130 766 213 793 μιγα,
230 759 280 793 τὴν
298 758 416 794 Ἡρώδου
437 761 563 793 γυναῖκα,
577 760 728 795 γενομένην
742 760 790 786 τοῦ
805 760 920 794 ἀδελφοῦ

128 803 234 829 αὑτοῦ·
251 800 328 835 οὗτος
354 805 424 840 ὑπὲρ
449 805 495 832 τοῦ
518 805 622 839 Κυρίου
638 807 683 832 τὸν
709 807 794 841 τάφον
811 807 921 841 οἰκῆσαι

129 847 318 883 κατακριθεὶς,
334 849 446 885 ὕστερον
460 850 583 885 τελευτᾷ.
603 851 719 883 Ἐκεῖνος
731 852 859 883 ὲόάπτιςε
872 852 922 886 μό·-

131 901 176 918 νον
186 893 258 924 ,τοὺς
276 894 445 928 προσιόντας,
463 895 574 930 Πνεῦμα
589 896 617 922 δὲ
635 896 705 923 θεῖον
729 897 816 924 οὐδενὶ
833 906 921 933 παρα-

108 944 111 951 λ
131 939 208 972 σχεῖν
220 937 276 970 οἷός
291 947 320 965 τε
332 937 366 974 ἦν
380 949 388 956 ι
401 940 441 966 διὸ
455 941 517 973 τοὺς
535 941 581 967 ὑπ’
595 943 698 968 ἐκείνου
715 942 920 978 βαπτισθέντας,

129 981 210 1016 οἶτος
227 984 286 1020 ἃμα
308 986 356 1012 καὶ
374 987 398 1012 oi
418 985 506 1013 λοιποὶ
532 987 714 1020 ἀνεὸἀπτιζον
733 989 757 1015 οἰ
777 988 922 1015 ἀπόστολοι

133 1030 204 1065 πρὸς
217 1029 367 1062 τελείωσιν,
380 1032 427 1058 καὶ
435 1032 659 1067 χειροτεθοῦντες,
672 1033 830 1069 Πνεύματος
844 1034 921 1068 ἁγίου

132 1075 287 1109 μετεδίδουν
314 1078 371 1109 τοῖς
394 1079 499 1110 πιστοῖς
525 1080 565 1111 είς
587 1080 707 1115 σημείων
730 1080 776 1106 καὶ
800 1081 922 1116 τεράτων

131 1121 274 1155 ἐπίδειξιν.
301 1122 420 1155 Ἐκεῖνος
434 1123 536 1159 μείζων
550 1125 661 1152 πάντων
675 1127 704 1152 ἐν
717 1127 855 1161 γεννητοῖς
874 1135 922 1161 γυ-

131 1167 234 1193 ναικῶν
253 1168 388 1204 ὑπάρχειν
411 1170 590 1206 ἐμαρτυρήθη
618 1171 694 1208 παρὰ
714 1171 762 1198 τοῦ
784 1173 919 1208 μείζονος·

131 1209 211 1245 οὗτος
227 1213 285 1247 φῶς
307 1214 354 1241 τοῦ
373 1216 476 1251 κόσμου
503 1217 604 1253 ἐκλήθη
625 1218 701 1254 παρὰ
721 1217 768 1245 τοῦ
794 1219 921 1255 ἀληθινοῦ

132 1259 181 1285 καὶ
198 1259 348 1295 ἀγεννητου
367 1262 413 1288 καὶ
432 1262 476 1289 ἀεὶ
496 1262 573 1294 ὄντος
588 1263 656 1291 Θεοῦ
678 1264 798 1300 μεγάλου
823 1266 920 1300 φωτός.

140 1306 259 1345 Ἐκεῖνος
273 1307 320 1333 τὸν
337 1307 393 1343 βίον
408 1309 509 1344 ἦμειψε
527 1310 610 1345 μηδὲν
624 1312 736 1346 σημεῖον
752 1312 921 1347 πεποιηκὼς,

135 1351 197 1386 μηδ’
214 1352 282 1383 ὅλως
301 1352 561 1389 θαυματουργήσας,
577 1355 669 1387 καθώς
682 1365 748 1391 φησι
762 1357 825 1392 περὶ
838 1357 921 1384 αὑτοῦ

133 1397 164 1422 τὴ
175 1397 352 1432 Εὑαγγέλιον,
369 1399 436 1434 μηδέ
451 1408 477 1426 τι
490 1400 610 1431 ἀκούσας
628 1401 681 1427 τῶν
699 1402 757 1428 ἐκεῖ
773 1401 921 1437 μελλόντων

133 1442 226 1478 αὐτῷ·
247 1440 326 1476 οὗτος
349 1445 564 1479 συγκαθέζεσθαι
589 1447 712 1482 Χριστῷ,
735 1449 783 1474 καὶ
808 1448 921 1484 νεύματι

134 1488 218 1515 αὑτοῦ
232 1489 337 1524 κρίνειν
348 1490 397 1522 τὰς
413 1491 500 1525 φυλὰς
518 1491 565 1518 τοῦ
584 1493 703 1529 Ἰσραὴλ,
717 1495 792 1530 παρὰ
803 1494 921 1530 Χριστοῦ

135 1534 329 1569 θεηγοροῦντος
343 1535 510 1571 ἐπήγγελται
527 1537 586 1573 ἅμα
600 1540 656 1570 τοῖς
668 1538 781 1566 δώδεκα.
806 1540 922 1572 Ἐκεῖνος

133 1580 254 1614 οὐδαμοῦ
277 1582 469 1616 μακαρίζεται,
488 1583 535 1610 καὶ
554 1584 640 1619 μέγας
657 1585 787 1620 ὑπάρχων
808 1586 837 1612 ὲν
860 1586 923 1622 βρο-

133 1627 205 1657 τοῖς·
220 1623 297 1658 οὗτος
311 1627 446 1661 ἀπόδειξιν
468 1629 613 1664 λαμϐάνων
632 1631 680 1658 τοῦ
702 1632 812 1666 μείζους
832 1633 921 1668 ὑπάρ-

137 1679 209 1705 χειν,
233 1671 286 1698 ὑπὸ
310 1672 357 1699 τοῦ
382 1673 505 1709 μάκαρος
531 1674 598 1702 Θεοῦ
620 1677 668 1702 κοιλ⁸
690 1677 817 1713 Σωτῆρος
842 1678 921 1713 ἡμῶν

141 1716 228 1751 Ἰησοῦ
245 1718 372 1752 Χριστοῦ.
386 1719 414 1751 ὃς
428 1728 510 1755 φησιν
522 1721 628 1753 αὐτοῖς·
651 1723 739 1757 Ἀμὴν
750 1723 827 1758 λέγω
839 1724 920 1758 ὑμῖν,

135 1763 243 1790 πολλοὶ
259 1763 409 1798 προφῆται
423 1766 472 1792 καὶ
486 1767 594 1794 δίκαιοι
603 1767 798 1802 ἐπεθύμησαν
810 1769 883 1795 ὶὸεἱιν
902 1768 921 1796 d

131 1808 274 1840 βλέπετε.
292 1810 341 1836 καὶ
361 1811 416 1837 οὐκ
429 1809 522 1844 εἶδον,
538 1813 587 1839 καί
602 1814 732 1840 ἀκοῦσαι
750 1814 768 1840 ἆ
785 1815 920 1847 ἀκούετε,

134 1854 184 1881 καὶ
201 1856 255 1882 οὐκ
269 1855 421 1889 ἥκουσανο
434 1857 517 1892 ὑμῶν
527 1858 561 1884 δὲ
571 1859 710 1893 μακάριοι
721 1862 747 1887 οἱ
760 1861 919 1896 ὀφθαλμοὶ,

135 1899 179 1925 ὅτι
193 1899 332 1931 βλέπετε,
353 1902 402 1928 καί
421 1902 457 1929 τὰ
474 1900 543 1937 ὦτα,
559 1904 604 1931 ὅτι
625 1906 758 1933 ἀκούετε.
776 1908 921 1944 Προφήτην

134 1945 163 1972 δὲ
180 1947 227 1972 καὶ
246 1946 348 1973 δίκαιον
370 1948 417 1975 τὸν
449 1949 574 1985 Ἰωάννην
600 1951 733 1987 ὑπάρχειν
755 1954 855 1985 πάντες
876 1964 921 1982 πι-

136 1993 277 2028 στεύομεν.
309 1994 426 2026 Ἐκεῖνος
443 1996 593 2030 ὲγγίσασαν
610 1999 643 2033 τῇ
667 1999 755 2034 οἰκείᾳ
773 2001 857 2036 μητρὶ
870 2001 920 2036 τὴν

133 2038 178 2064 τοῦ
192 2039 327 2075 ἀπάτορος
343 2041 459 2068 ἐνταῦθα
475 2042 581 2078 μητέρα
594 2043 694 2077 δείσας,
706 2045 834 2081 ἓσκαιρεν
844 2045 921 2079 ἐξάλ-

134 2084 236 2116 λεσθαι,
261 2086 311 2120 τῆς
336 2086 472 2123 φερούσης
494 2088 725 2122 κινδυνεύων,μὴ
755 2092 845 2127 φέρων
871 2093 920 2129 τὴν

134 2131 272 2166 πυρφόρον
285 2133 458 2166 ἐγγίζουσαν·
469 2133 562 2160 τοῦτον
572 2134 600 2160 δὲ
612 2135 656 2170 ἐφ’
667 2136 764 2163 ἑαυτοῦ
779 2138 888 2174 συνίστη
894 2147 919 2166 σι

135 2177 179 2202 καὶ
195 2177 375 2212 παρατίθεται
391 2180 423 2214 τῇ
438 2179 526 2215 οἰκεία
541 2181 649 2216 μητρὶό
669 2183 729 2208 κατ’
741 2183 834 2210 οὐσίαν
849 2185 920 2220 ἁμή-

134 2230 199 2256 τωρ,
217 2223 266 2249 καὶ
280 2224 342 2249 κατ’
358 2224 514 2259 οἰκονομίαν
527 2226 651 2263 ἀπάτωρ.
673 2228 751 2254 Κατὰ
763 2229 808 2254 τὸν
825 2231 921 2266 καιρὸν

134 2267 180 2295 τοῦ
199 2269 334 2304 σωτηρίου
352 2270 455 2303 πάθους
470 2271 509 2306 τῷ
534 2273 641 2308 σταυρῷ
658 2274 840 2309 παρεστῶσιν,
858 2277 920 2304 ἁτε-

134 2313 209 2345 νίσας
225 2313 263 2349 τῷ
285 2315 406 2352 Ἰωάννῃ,
425 2318 490 2352 φησὶ
501 2319 533 2353 τῇ
549 2319 648 2354 ἀγάμῳ
658 2321 704 2347 καὶ
722 2323 815 2357 μητρὶ,
840 2323 918 2351 Ἰδοὺ

135 2361 150 2386 d
163 2360 228 2392 υἱός
242 2368 310 2393 σου,
326 2361 460 2390 ἀνάπαλιν
472 2363 500 2390 δὲ
518 2365 586 2400 πρὸς
601 2366 715 2399 ἐκεῖνον,
737 2367 809 2395 Ἰδοὺ
824 2370 843 2402 ἡ
857 2370 916 2404 μή·

135 2413 187 2439 τηρ
199 2413 258 2433 σου
267 2414 273 2421 ·
287 2407 399 2443 θάτερον
412 2408 517 2444 θατέρῳ
531 2410 589 2436 ἀνθ’
600 2411 696 2438 ἑαυτοῦ
712 2414 854 2447 συνιστῶν,
873 2416 920 2443 ml.

135 2452 273 2488 ἑκατέρων
288 2453 337 2489 τὴν
354 2455 488 2489 ἀμείωτον
505 2456 553 2482 καὶ
572 2456 710 2492 ἀνέπαφον
724 2460 857 2496 παρθένον
873 2462 919 2498 δη-

137 2499 282 2533 μηγορεύει
296 2499 430 2534 θεομάχοι)
445 2501 635 2536 πανηγύρεως.

827 102 998 131 DIALOGUS
1017 104 1058 132 ΙΙΙ.

1688 101 1704 136 ,1
1713 101 1762 129 ue

972 163 1063 197 ptista,
1086 170 1147 189 non,
1157 162 1281 197 angelus,
1298 169 1352 188 non
1379 161 1570 196 archangelus,
1590 168 1677 196 neque
1690 161 1761 190 alius

971 209 1114 243 quisquam
1131 208 1264 236 ineat-nati
1280 207 1325 234 Dei
1339 211 1366 235 et
1380 206 1462 235 Verbi
1483 215 1568 235 ausus
1582 206 1635 234 fuit
1647 207 1761 241 attinge-

972 264 1000 282 re
1016 255 1080 282 illud
1097 254 1269 282 formidabile
1285 258 1389 287 pectus,
1417 261 1499 288 super
1515 260 1571 288 quo
1586 253 1629 280 hic
1644 252 1760 281 Joannes

971 301 1043 328 velut
1064 305 1139 336 pater
1159 308 1242 335 super
1263 300 1346 326 filium
1363 298 1481 327 diﬂusus
1497 298 1631 330 recubuit,
1651 298 1713 325 inde
1729 299 1760 326 de

974 347 1060 375 Verbo
1081 347 1192 374 verbum
1210 346 1310 377 hausit,
1329 351 1411 381 atque
1427 345 1554 372 omnibus
1571 345 1623 372 sub
1636 345 1705 371 caelo
1721 344 1762 370 in-

971 393 1060 420 tonuit
1075 392 1158 420 illud:
1182 391 1215 419 In
1230 392 1361 426 principia
1377 395 1434 418 erat
1457 390 1629 420 Verbum...“
1651 389 1763 416 Verbum

971 445 1026 466 erat
1042 439 1112 473 apud
1126 437 1221 469 Deum,
1242 443 1266 464 et
1282 436 1351 464 Deus
1364 441 1422 463 erat
1449 435 1560 466 Verban
1572 434 1606 462 ".
1632 433 1678 461 Ille
1694 435 1764 461 divi-

972 493 1036 512 num
1046 489 1072 511 et
1082 487 1285 511 sacrosanctum
1297 482 1428 517 Spiritum
1442 481 1469 508 in
1484 480 1574 515 specie
1586 480 1720 507 columba:
1727 479 1765 507 vi-

971 530 1010 557 dit
1030 534 1134 556 tantum
1159 536 1241 563 super
1254 527 1371 554 Verbum
1397 527 1424 553 in
1438 533 1521 554 carne
1548 526 1712 561 baptizatum
1730 533 1763 552 ex

971 575 1048 602 caelis
1062 575 1217 602 volantem:
1233 574 1278 600 hic
1289 578 1378 600 autem
1400 572 1490 607 specie
1506 572 1604 608 lingua:
1623 572 1694 606 ignis
1714 579 1763 598 su-

972 627 1019 655 per
1036 627 1116 646 suum
1142 619 1228 653 ipsius
1252 619 1392 653 proprium
1410 618 1515 652 accepit
1538 621 1620 652 caput
1635 624 1687 643 una
1699 624 1762 644 cum

972 665 1167 700 condiscipulis
1179 665 1205 691 in
1218 665 1261 691 die
1270 664 1454 696 Pentecostes,
1467 662 1696 698 quemadmodum
1705 670 1764 689 ma-

972 720 1042 747 gnus
1057 712 1102 739 ille
1117 711 1207 738 Lucas
1217 711 1283 738 Acta
1299 710 1423 738 scribens
1434 709 1468 737 de
1479 709 1611 744 apostolis
1624 709 1763 736 memoriae

972 758 1091 793 prodidit
1109 759 1144 786 ".
1165 757 1211 784 Ille
1230 757 1319 792 capite
1338 760 1482 783 truncatur
1501 761 1614 790 propter
1631 755 1761 782 lascivum

973 808 1110 836 scortum,
1126 804 1199 838 quod
1214 810 1277 830 cum
1299 802 1430 829 fratribus
1447 809 1503 828 rem
1522 800 1654 832 habebat,
1675 799 1762 827 Hero-

972 851 1014 878 dis
1031 858 1162 883 uxorem,
1183 857 1245 885 quae
1271 849 1359 876 fuerat
1385 852 1465 875 antea
1493 847 1587 875 fratris
1611 848 1694 882 ejus;
1715 846 1761 873 hic

972 897 1171 924 condemnatus
1185 895 1231 930 qui
1247 903 1296 930 pro
1311 894 1427 921 Domino
1440 893 1474 920 ad
1490 894 1645 928 sepulcrum
1662 893 1763 927 migra-

972 948 1031 976 ret,
1047 943 1175 977 deinceps
1187 942 1315 969 moritur.
1332 941 1379 968 Ille
1395 940 1551 975 baptizabat
1563 944 1667 966 tantum
1683 938 1716 965 ad
1731 945 1761 964 se

973 990 1134 1024 accedentes
1146 1011 1153 1022 ,
1171 988 1303 1024 Spiritum
1320 992 1411 1015 autem
1429 990 1555 1015 sanctum
1574 985 1675 1013 nemini
1692 992 1762 1019 pra:-

973 1040 1047 1063 stare
1063 1039 1192 1070 poterat:
1212 1034 1393 1069 quamobrem
1413 1041 1460 1060 eos
1480 1032 1527 1067 qui
1546 1031 1581 1058 ab
1599 1031 1660 1065 ipso
1677 1030 1764 1064 bapti-

973 1082 1025 1109 zati
1041 1086 1139 1113 erant,
1158 1081 1203 1108 hic
1219 1085 1246 1108 et
1262 1079 1360 1115 reliqui
1377 1079 1493 1114 apostoli
1510 1077 1714 1112 rebaptizabant
1728 1076 1761 1103 al

973 1128 1164 1163 perfectionem
1176 1147 1183 1160 ,
1198 1127 1427 1162 imponentesque
1440 1133 1540 1152 manus
1552 1124 1685 1159 Spiritum
1701 1130 1764 1149 san-

972 1179 1046 1202 ctum
1065 1173 1253 1209 largiebantur
1274 1172 1417 1203 ﬁdelibus,
1438 1171 1472 1198 ad
1492 1171 1634 1205 signorum
1653 1173 1680 1196 et
1699 1176 1763 1204 pro-

973 1220 1108 1256 digiorum
1126 1219 1285 1246 editionem.
1307 1218 1355 1245 Ille
1370 1217 1460 1252 major
1473 1216 1604 1244 omnibus
1621 1216 1693 1243 inter
1710 1221 1762 1241 na-

974 1273 1016 1296 tos
1040 1268 1186 1296 mulierum
1213 1273 1274 1294 esse
1299 1265 1457 1293 testimonio
1476 1263 1588 1299 majoris
1607 1262 1761 1298 perhibitus

973 1319 1035 1346 est;
1054 1314 1100 1342 hic
1116 1314 1208 1340 lumen
1223 1312 1318 1340 mundi
1335 1315 1447 1339 vocatus
1462 1318 1477 1337 a
1489 1317 1552 1337 vera
1565 1330 1572 1343 ,
1586 1313 1614 1336 ct
1627 1308 1760 1343 ingenita.

972 1365 1000 1389 et
1015 1368 1123 1395 semper
1137 1359 1288 1387 exsistente
1302 1365 1401 1393 magna
1416 1357 1461 1384 illa
1476 1356 1548 1384 luce.
1561 1355 1607 1382 Ille
1619 1363 1634 1382 e
1647 1355 1702 1382 vita
1716 1362 1764 1382 ex-

972 1407 1055 1434 cessit
1075 1405 1151 1432 nullo
1169 1404 1242 1431 facto
1260 1404 1356 1438 signo,
1375 1409 1464 1437 neque
1481 1408 1596 1436 prorsus
1616 1400 1673 1427 ullo
1691 1401 1764 1427 edito

973 1451 1122 1483 miraculo,
1144 1449 1376 1485 quemadmodum
1395 1449 1429 1476 de
1449 1448 1509 1482 ipso
1530 1446 1656 1482 perhibet
1675 1445 1765 1473 Eran-

973 1499 1074 1534 gelium
1091 1498 1125 1530 ",
1146 1503 1235 1531 neque
1255 1501 1392 1530 quoquam
1412 1493 1506 1521 audito
1522 1500 1616 1520 eorum
1634 1499 1696 1526 quae
1711 1491 1763 1518 sibi

972 1543 1027 1570 illic
1046 1542 1137 1569 futura
1154 1544 1232 1568 erant
1247 1547 1255 1572 ;
1271 1539 1314 1566 hic
1328 1546 1383 1565 una
1400 1546 1461 1565 cum
1480 1537 1590 1564 Christo
1607 1536 1720 1567 sedere,
1737 1539 1766 1563 et

972 1597 1023 1616 suo
1043 1593 1109 1616 nutu
1128 1587 1253 1622 judicare
1273 1585 1360 1613 tribus
1381 1584 1488 1611 Israelis
1507 1591 1522 1610 a
1538 1581 1650 1610 Christo
1667 1582 1764 1616 praedi-

971 1640 1050 1663 cante
1074 1633 1285 1669 promissionem
1309 1630 1414 1665 accepit
1439 1637 1493 1656 una
1519 1636 1582 1656 cum
1606 1627 1762 1655 duodecim.

971 1681 1018 1708 Ille
1044 1687 1179 1714 nusquam
1211 1679 1306 1705 beatus
1331 1676 1536 1711 pronuntiatur,
1562 1675 1625 1702 licet
1648 1681 1765 1709 magnus

970 1731 1044 1754 esset
1061 1726 1132 1752 inter
1149 1724 1276 1751 homines
1292 1731 1300 1756 ;
1315 1722 1360 1749 hic
1377 1721 1642 1749 demonstrationem
1663 1721 1767 1755 accipit

971 1772 1046 1807 ejus,
1063 1771 1137 1806 quod
1154 1770 1241 1804 major
1255 1769 1306 1800 sit,
1321 1776 1336 1796 a
1351 1768 1431 1795 beato
1447 1767 1501 1794 Deo
1517 1772 1543 1794 et
1556 1767 1701 1794 Set-valere
1714 1774 1764 1793 no-

971 1823 1029 1846 stro
1044 1817 1108 1845 Jesu
1125 1817 1236 1844 Christo
1247 1837 1254 1848 ,
1272 1815 1318 1850 qui
1335 1815 1424 1850 inquit
1441 1814 1507 1849 ipsis
1521 1823 1528 1841 :
1545 1813 1630 1840 Amen
1643 1813 1701 1840 dico
1718 1822 1765 1840 ινι-

971 1864 1027 1896 bis,
1052 1863 1129 1890 multi
1145 1862 1280 1897 propheta:
1298 1865 1322 1887 et
1340 1860 1408 1895 justi
1427 1859 1644 1886 desideraverunt
1675 1858 1766 1885 uidere

970 1918 1028 1944 qut:
1042 1910 1134 1936 ridetis
1145 1929 1151 1941 ,
1166 1913 1189 1934 et
1204 1915 1255 1934 non
1271 1907 1390 1934 viderunt
1401 1926 1408 1937 ,
1424 1910 1449 1932 et
1462 1905 1556 1931 audire
1570 1913 1628 1940 qute
1643 1904 1743 1930 auditis
1755 1924 1761 1934 ,

970 1961 995 1983 et
1012 1964 1062 1982 mm
1077 1955 1229 1981 audierunt.
1246 1952 1332 1979 Vestri
1348 1957 1436 1978 autem
1453 1951 1523 1977 beati
1536 1957 1596 1978 sunt
1612 1949 1681 1977 oculi
1695 1949 1761 1984 quia

969 2002 1064 2029 videtis
1074 2022 1081 2035 ,
1095 2005 1119 2028 et
1135 2008 1212 2026 aures
1227 1999 1290 2034 quia
1305 1998 1404 2024 auditis
1419 1997 1450 2024 ⁸⁷.
1465 1997 1542 2029 Quod
1559 1995 1678 2023 Joannes
1697 2003 1760 2029 pro-

973 2049 1053 2083 pheta
1081 2047 1130 2079 sit,
1158 2053 1254 2073 omnes
1275 2045 1422 2072 credimus.
1450 2043 1497 2070 Ille
1523 2042 1763 2077 appropinquante

974 2093 1053 2121 matri
1071 2100 1127 2121 sua:
1143 2100 1174 2120 ea
1191 2099 1251 2126 qua:
1269 2090 1393 2126 gestabat
1413 2090 1499 2116 lilium
1517 2088 1577 2116 sine
1594 2092 1684 2122 patre,
1700 2095 1762 2113 ma-

973 2146 1040 2167 trem
1059 2139 1208 2170 reveritus,
1227 2136 1319 2172 gestiit
1336 2135 1489 2163 exsilicndo
1501 2155 1508 2167 ,
1527 2141 1559 2161 ac
1575 2134 1650 2160 velut
1667 2132 1760 2159 immi-

974 2190 1055 2213 nente
1075 2186 1126 2213 sibi
1145 2193 1160 2211 a
1179 2187 1335 2219 praegnante
1350 2182 1561 2217 periculo,-non
1579 2179 1680 2208 ferebat
1700 2187 1762 2205 eam

969 2242 1030 2269 qua:
1045 2233 1132 2260 facem
1147 2232 1270 2267 gestabat
1284 2230 1398 2265 propius
1412 2229 1543 2256 accedere
1557 2237 1564 2260 ;
1580 2228 1654 2254 hunc
1669 2231 1759 2253 autent

969 2281 996 2307 in
1023 2279 1117 2306 eodem
1139 2279 1200 2305 loco
1220 2277 1335 2308 statuit,
1357 2281 1384 2303 et
1403 2274 1578 2303 commendat
1598 2273 1677 2301 matri
1696 2280 1760 2307 pro-

968 2325 1033 2361 pria:
1047 2325 1092 2360 qui
1107 2323 1257 2351 secundum
1275 2322 1459 2350 substantiam
1475 2326 1589 2348 matrem
1607 2327 1661 2346 non
1677 2319 1760 2346 hahe-

967 2372 1011 2398 bat
1024 2392 1029 2403 ,
1041 2375 1068 2397 et
1080 2369 1228 2397 secundum
1239 2368 1472 2403 dispensationem
1483 2371 1542 2393 erat
1555 2366 1658 2400 absque
1671 2369 1756 2400 patre.

974 2416 1108 2451 Tempore
1122 2414 1269 2442 salutifera:
1284 2414 1423 2449 passionis
1442 2413 1516 2440 cruci
1532 2411 1700 2443 astantibus,
1717 2411 1759 2437 in-

973 2463 1055 2490 tentis
1070 2463 1096 2488 in
1109 2462 1241 2488 Joannem
1254 2460 1341 2487 oculis
1352 2480 1359 2492 ,
1374 2459 1462 2494 inquit
1472 2459 1495 2486 ei
1509 2466 1570 2493 quze
1585 2457 1643 2485 sola
1656 2457 1760 2490 absque

974 2507 1089 2543 nuptiali
1103 2505 1301 2533 consuetudine
1315 2510 1401 2532 mater
1411 2508 1467 2537 est,
1481 2503 1549 2530 Ecce
1560 2503 1634 2539 filius
1646 2508 1705 2530 tuus
1715 2502 1757 2536 ηε

136 2543 260 2595 “Iunii”?
278 2553 372 2573 Γυτευε
389 2547 422 2595 “fi
440 2546 532 2578 mum,
551 2546 623 2595 Et“?
636 2554 720 2577 πιπτει·
739 2555 786 2578 tua
802 2553 824 2570 "
838 2563 847 2582 :
863 2556 979 2584 alterum
996 2554 1074 2583 alteri
1092 2561 1140 2588 pro
1157 2552 1304 2587 semetipso
1321 2551 1517 2580 commendans
1530 2570 1537 2583 ,
1554 2550 1698 2585 utriusque
1715 2549 1759 2576 in-

135 2591 348 2617 eontaminatam
364 2595 392 2618 et
410 2591 540 2619 intactam
557 2593 739 2628 virginitatem
756 2599 915 2632 perhibente
930 2603 1012 2630 etiam
1029 2601 1076 2628 illo
1093 2603 1165 2628 coetu
1177 2620 1184 2631 .
1203 2599 1248 2634 qui
1267 2599 1322 2626 Deo
1338 2601 1481 2632 repugnat.

168 2646 222 2673 Καὶ
242 2646 384 2674 συνελόντα
398 2648 489 2682 φάναι,
507 2650 622 2685 Χριστὸς
636 2651 753 2689 ὑπάρχει
768 2655 783 2689 ἠ
797 2654 918 2690 βασιλεία

135 2692 186 2718 τῶν
199 2693 331 2727 οὐρανῶν.
349 2693 379 2719 '0
395 2692 441 2720 οὖν
454 2694 523 2721 κατὰ
534 2695 615 2731 νόμον
630 2697 730 2730 τέλειος
744 2701 792 2727 καὶ
802 2701 918 2737 ἀκριϐὴς

141 2738 264 2774 Ἰωάννης
281 2739 370 2774 ἥττων
386 2748 431 2774 μοι
449 2739 523 2767 δοκεῖ
540 2741 595 2767 τῶν
615 2743 654 2774 εἰς
673 2743 718 2771 τὸν
743 2745 856 2773 θάνατον
870 2747 916 2774 τοῦ

170 2856 192 2873 ’⁵
211 2855 289 2885 Joan.
304 2865 322 2891 ι,
342 2857 367 2885 I.

1008 2657 1042 2684 Et
1062 2660 1092 2683 ut
1109 2655 1267 2683 summatim
1288 2654 1397 2686 dicam,
1423 2652 1549 2680 Christus
1574 2655 1616 2679 est
1643 2659 1757 2687 regnum

971 2702 1113 2730 cmlorum.
1131 2700 1182 2734 Qui
1198 2701 1280 2736 igitur
1295 2698 1446 2726 secundum
1467 2698 1552 2733 legem
1573 2697 1713 2733 perfectus
1732 2704 1759 2726 et

970 2749 1111 2776 absolutus
1125 2751 1184 2775 erat
1200 2745 1320 2775 Joannes
1331 2765 1338 2777 ,
1354 2745 1445 2772 minor
1463 2744 1529 2772 mihi
1543 2744 1649 2771 videtur
1663 2744 1696 2771 iis
1709 2744 1757 2779 qui

408 2857 429 2874 "
442 2858 502 2886 Act.
516 2866 546 2893 ιι,
566 2859 592 2888 5.
629 2860 652 2877 "
666 2859 743 2889 Joan.
757 2869 785 2895 ι,
806 2861 849 2889 il.
887 2862 1016 2891 "Matth.
1033 2870 1091 2895 xm,
1109 2862 1152 2897 I6,
1170 2862 1212 2891 Π.
1241 2862 1272 2901 Δ³⁸
1285 2860 1363 2889 Ioan.
1381 2868 1438 2894 xu,
1453 2858 1499 2890 26.
1537 2860 1560 2877 "
1576 2859 1642 2888 ibid.
1654 2859 1700 2887 27.
