  <div class='ocr_page' id='page_1' title='image "/cluster/home/n/w/nwhite01/storage/ocr_20150623/38/njp.32101077772570/583.png"; bbox 0 0 1910 3038; ppageno 0'>
   <div class='ocr_carea' id='block_1_1' title="bbox 145 82 214 111">
    <p class='ocr_par' dir='ltr' id='par_1_1' title="bbox 145 82 214 111">
     <span class='ocr_line' id='line_1_1' title="bbox 145 82 214 111; baseline 0.014 -1"><span class='ocrx_word' id='word_1_1' title='bbox 145 82 214 111; x_wconf 74' lang='grc' dir='ltr'><strong>ΗΠ</strong></span> 
     </span>
    </p>
   </div>
   <div class='ocr_carea' id='block_1_2' title="bbox 144 141 928 184">
    <p class='ocr_par' dir='ltr' id='par_1_2' title="bbox 144 141 928 184">
     <span class='ocr_line' id='line_1_2' title="bbox 144 141 928 184; baseline 0.011 -16"><span class='ocrx_word' id='word_1_2' title='bbox 144 142 170 169; x_wconf 90' lang='lat' dir='ltr'><strong>in</strong></span> <span class='ocrx_word' id='word_1_3' title='bbox 190 146 304 170; x_wconf 77' lang='lat' dir='ltr'><strong>mortem</strong></span> <span class='ocrx_word' id='word_1_4' title='bbox 319 141 426 171; x_wconf 89' lang='lat' dir='ltr'><strong>Domini</strong></span> <span class='ocrx_word' id='word_1_5' title='bbox 441 145 570 180; x_wconf 81' lang='lat' dir='ltr'><strong>baptizati</strong></span> <span class='ocrx_word' id='word_1_6' title='bbox 591 154 665 174; x_wconf 83' lang='lat' dir='ltr'><strong>sunt.</strong></span> <span class='ocrx_word' id='word_1_7' title='bbox 686 148 762 176; x_wconf 75' lang='lat' dir='ltr'><strong>Nihit</strong></span> <span class='ocrx_word' id='word_1_8' title='bbox 781 151 850 176; x_wconf 73' lang='lat' dir='ltr'><strong>enim</strong></span> <span class='ocrx_word' id='word_1_9' title='bbox 870 159 928 184; x_wconf 80' lang='lat' dir='ltr'><strong>per-</strong></span> 
     </span>
    </p>
   </div>
   <div class='ocr_carea' id='block_1_3' title="bbox 143 187 928 228">
    <p class='ocr_par' dir='ltr' id='par_1_3' title="bbox 143 187 928 228">
     <span class='ocr_line' id='line_1_3' title="bbox 143 187 928 228; baseline 0.011 -15"><span class='ocrx_word' id='word_1_10' title='bbox 143 188 205 221; x_wconf 79' lang='lat' dir='ltr'><strong>fecit</strong></span> <span class='ocrx_word' id='word_1_11' title='bbox 224 187 286 221; x_wconf 71' lang='lat' dir='ltr'><strong>lex,</strong></span> <span class='ocrx_word' id='word_1_12' title='bbox 306 194 336 215; x_wconf 93' lang='lat' dir='ltr'><strong>ut</strong></span> <span class='ocrx_word' id='word_1_13' title='bbox 355 189 443 225; x_wconf 89' lang='lat' dir='ltr'><strong>inquit</strong></span> <span class='ocrx_word' id='word_1_14' title='bbox 463 199 578 226; x_wconf 77' lang='lat' dir='ltr'><strong>magnus</strong></span> <span class='ocrx_word' id='word_1_15' title='bbox 599 193 624 219; x_wconf 92' lang='lat' dir='ltr'><strong>in</strong></span> <span class='ocrx_word' id='word_1_16' title='bbox 646 193 703 228; x_wconf 79' lang='lat' dir='ltr'><strong>lege</strong></span> <span class='ocrx_word' id='word_1_17' title='bbox 722 199 748 222; x_wconf 85' lang='lat' dir='ltr'><strong>et</strong></span> <span class='ocrx_word' id='word_1_18' title='bbox 768 196 885 222; x_wconf 84' lang='lat' dir='ltr'><strong>eximius</strong></span> <span class='ocrx_word' id='word_1_19' title='bbox 903 196 928 222; x_wconf 92' lang='lat' dir='ltr'><strong>in</strong></span> 
     </span>
    </p>
   </div>
   <div class='ocr_carea' id='block_1_4' title="bbox 144 232 930 275">
    <p class='ocr_par' dir='ltr' id='par_1_4' title="bbox 144 232 930 275">
     <span class='ocr_line' id='line_1_4' title="bbox 144 232 930 275; baseline 0.011 -16"><span class='ocrx_word' id='word_1_20' title='bbox 144 232 291 268; x_wconf 68' lang='lat' dir='ltr'><strong>Evangelio</strong></span> <span class='ocrx_word' id='word_1_21' title='bbox 308 236 473 269; x_wconf 80' lang='lat' dir='ltr'><strong>Apostolus,</strong></span> <span class='ocrx_word' id='word_1_22' title='bbox 492 238 517 264; x_wconf 89' lang='lat' dir='ltr'><strong>in</strong></span> <span class='ocrx_word' id='word_1_23' title='bbox 535 239 659 266; x_wconf 87' lang='lat' dir='ltr'><strong>omnium</strong></span> <span class='ocrx_word' id='word_1_24' title='bbox 679 241 845 275; x_wconf 77' lang='lat' dir='ltr'><strong>experientia</strong></span> <span class='ocrx_word' id='word_1_25' title='bbox 863 249 930 268; x_wconf 89' lang='lat' dir='ltr'><strong>cou-</strong></span> 
     </span>
    </p>
   </div>
   <div class='ocr_carea' id='block_1_5' title="bbox 145 279 931 322">
    <p class='ocr_par' dir='ltr' id='par_1_5' title="bbox 145 279 931 322">
     <span class='ocr_line' id='line_1_5' title="bbox 145 279 931 322; baseline 0.013 -17"><span class='ocrx_word' id='word_1_26' title='bbox 145 279 256 307; x_wconf 78' lang='lat' dir='ltr'><strong>stitutus</strong></span> <span class='ocrx_word' id='word_1_27' title='bbox 275 281 293 307; x_wconf 89' lang='lat'><strong>&#39;.</strong></span> <span class='ocrx_word' id='word_1_28' title='bbox 313 281 383 316; x_wconf 76' lang='lat' dir='ltr'><strong>Ergo</strong></span> <span class='ocrx_word' id='word_1_29' title='bbox 400 282 425 309; x_wconf 91' lang='lat' dir='ltr'><strong>in</strong></span> <span class='ocrx_word' id='word_1_30' title='bbox 441 285 615 317; x_wconf 76' lang='lat' dir='ltr'><strong>generatione</strong></span> <span class='ocrx_word' id='word_1_31' title='bbox 630 292 679 312; x_wconf 84' lang='lat' dir='ltr'><strong>sua</strong></span> <span class='ocrx_word' id='word_1_32' title='bbox 690 306 698 317; x_wconf 93' lang='grc'><strong>,</strong></span> <span class='ocrx_word' id='word_1_33' title='bbox 713 291 739 313; x_wconf 87' lang='lat' dir='ltr'><strong>et</strong></span> <span class='ocrx_word' id='word_1_34' title='bbox 753 289 810 314; x_wconf 83' lang='lat' dir='ltr'><strong>suis</strong></span> <span class='ocrx_word' id='word_1_35' title='bbox 827 292 931 322; x_wconf 84' lang='lat' dir='ltr'><strong>tempo-</strong></span> 
     </span>
    </p>
   </div>
   <div class='ocr_carea' id='block_1_6' title="bbox 145 325 932 367">
    <p class='ocr_par' dir='ltr' id='par_1_6' title="bbox 145 325 932 367">
     <span class='ocr_line' id='line_1_6' title="bbox 145 325 932 367; baseline 0.011 -16"><span class='ocrx_word' id='word_1_36' title='bbox 145 325 220 352; x_wconf 85' lang='lat' dir='ltr'><strong>ribus</strong></span> <span class='ocrx_word' id='word_1_37' title='bbox 235 326 322 360; x_wconf 63' lang='lat' dir='ltr'><strong>major</strong></span> <span class='ocrx_word' id='word_1_38' title='bbox 336 332 396 354; x_wconf 82' lang='lat' dir='ltr'><strong>erat</strong></span> <span class='ocrx_word' id='word_1_39' title='bbox 408 329 537 356; x_wconf 79' lang='lat' dir='ltr'><strong>omnibus</strong></span> <span class='ocrx_word' id='word_1_40' title='bbox 551 329 679 358; x_wconf 82' lang='lat' dir='ltr'><strong>Joannes.</strong></span> <span class='ocrx_word' id='word_1_41' title='bbox 696 331 835 366; x_wconf 82' lang='lat' dir='ltr'><strong>Siquidem</strong></span> <span class='ocrx_word' id='word_1_42' title='bbox 852 341 932 367; x_wconf 78' lang='lat' dir='ltr'><strong>repu-</strong></span> 
     </span>
    </p>
   </div>
   <div class='ocr_carea' id='block_1_7' title="bbox 145 372 929 412">
    <p class='ocr_par' dir='ltr' id='par_1_7' title="bbox 145 372 929 412">
     <span class='ocr_line' id='line_1_7' title="bbox 145 372 929 412; baseline 0.011 -15"><span class='ocrx_word' id='word_1_43' title='bbox 145 377 240 405; x_wconf 75' lang='lat' dir='ltr'><strong>gnaret</strong></span> <span class='ocrx_word' id='word_1_44' title='bbox 251 372 302 399; x_wconf 85' lang='lat' dir='ltr'><strong>sibi</strong></span> <span class='ocrx_word' id='word_1_45' title='bbox 318 373 368 407; x_wconf 87' lang='lat' dir='ltr'><strong>ipsi</strong></span> <span class='ocrx_word' id='word_1_46' title='bbox 384 373 455 402; x_wconf 77' lang='lat' dir='ltr'><strong>Deus</strong></span> <span class='ocrx_word' id='word_1_47' title='bbox 467 375 500 402; x_wconf 88' lang='lat' dir='ltr'><strong>ad</strong></span> <span class='ocrx_word' id='word_1_48' title='bbox 515 375 688 404; x_wconf 83' lang='lat' dir='ltr'><strong>Solomonem</strong></span> <span class='ocrx_word' id='word_1_49' title='bbox 701 378 810 412; x_wconf 84' lang='lat' dir='ltr'><strong>quidem</strong></span> <span class='ocrx_word' id='word_1_50' title='bbox 822 379 929 406; x_wconf 88' lang='lat' dir='ltr'><strong>dicens:</strong></span> 
     </span>
    </p>
   </div>
   <div class='ocr_carea' id='block_1_8' title="bbox 146 417 932 461">
    <p class='ocr_par' dir='ltr' id='par_1_8' title="bbox 146 417 932 461">
     <span class='ocr_line' id='line_1_8' title="bbox 146 417 932 461; baseline 0.013 -18"><span class='ocrx_word' id='word_1_51' title='bbox 146 417 220 444; x_wconf 71' lang='lat' dir='ltr'><strong>Sicut</strong></span> <span class='ocrx_word' id='word_1_52' title='bbox 240 427 291 445; x_wconf 87' lang='lat' dir='ltr'><strong>non</strong></span> <span class='ocrx_word' id='word_1_53' title='bbox 311 419 363 454; x_wconf 84' lang='lat' dir='ltr'><strong>[uit</strong></span> <span class='ocrx_word' id='word_1_54' title='bbox 384 426 445 447; x_wconf 82' lang='lat' dir='ltr'><strong>ante</strong></span> <span class='ocrx_word' id='word_1_55' title='bbox 459 426 498 453; x_wconf 75' lang='lat' dir='ltr'><strong>te,</strong></span> <span class='ocrx_word' id='word_1_56' title='bbox 518 427 542 449; x_wconf 89' lang='lat' dir='ltr'><strong>et</strong></span> <span class='ocrx_word' id='word_1_57' title='bbox 557 429 615 457; x_wconf 77' lang='lat' dir='ltr'><strong>post</strong></span> <span class='ocrx_word' id='word_1_58' title='bbox 631 428 655 450; x_wconf 78' lang='lat' dir='ltr'><strong>te</strong></span> <span class='ocrx_word' id='word_1_59' title='bbox 669 433 720 451; x_wconf 83' lang='lat' dir='ltr'><strong>non</strong></span> <span class='ocrx_word' id='word_1_60' title='bbox 736 431 824 460; x_wconf 76' lang='lat' dir='ltr'><strong>surget</strong></span> <span class='ocrx_word' id='word_1_61' title='bbox 838 427 884 461; x_wconf 83' lang='lat' dir='ltr'><strong>qui</strong></span> <span class='ocrx_word' id='word_1_62' title='bbox 897 427 932 453; x_wconf 81' lang='lat' dir='ltr'><strong>sit</strong></span> 
     </span>
    </p>
   </div>
   <div class='ocr_carea' id='block_1_9' title="bbox 144 464 932 504">
    <p class='ocr_par' dir='ltr' id='par_1_9' title="bbox 144 464 932 504">
     <span class='ocr_line' id='line_1_9' title="bbox 144 464 932 504; baseline 0.011 -15"><span class='ocrx_word' id='word_1_63' title='bbox 144 464 239 490; x_wconf 76' lang='lat' dir='ltr'><strong>similis</strong></span> <span class='ocrx_word' id='word_1_64' title='bbox 255 464 303 492; x_wconf 79' lang='lat' dir='ltr'><strong>tibi</strong></span> <span class='ocrx_word' id='word_1_65' title='bbox 321 466 341 493; x_wconf 84' lang='lat'><strong>’.</strong></span> <span class='ocrx_word' id='word_1_66' title='bbox 363 465 401 493; x_wconf 85' lang='lat' dir='ltr'><strong>De</strong></span> <span class='ocrx_word' id='word_1_67' title='bbox 419 465 524 495; x_wconf 82' lang='lat' dir='ltr'><strong>Joanne</strong></span> <span class='ocrx_word' id='word_1_68' title='bbox 544 472 633 495; x_wconf 90' lang='lat' dir='ltr'><strong>autem</strong></span> <span class='ocrx_word' id='word_1_69' title='bbox 646 489 653 501; x_wconf 91' lang='lat'><strong>,</strong></span> <span class='ocrx_word' id='word_1_70' title='bbox 674 471 746 504; x_wconf 85' lang='lat' dir='ltr'><strong>quod</strong></span> <span class='ocrx_word' id='word_1_71' title='bbox 766 479 818 497; x_wconf 87' lang='lat' dir='ltr'><strong>non</strong></span> <span class='ocrx_word' id='word_1_72' title='bbox 837 479 932 498; x_wconf 81' lang='lat' dir='ltr'><strong>surre-</strong></span> 
     </span>
    </p>
   </div>
   <div class='ocr_carea' id='block_1_10' title="bbox 145 510 933 550">
    <p class='ocr_par' dir='ltr' id='par_1_10' title="bbox 145 510 933 550">
     <span class='ocr_line' id='line_1_10' title="bbox 145 510 933 550; baseline 0.011 -15"><span class='ocrx_word' id='word_1_73' title='bbox 145 510 215 537; x_wconf 85' lang='lat' dir='ltr'><strong>xerit</strong></span> <span class='ocrx_word' id='word_1_74' title='bbox 233 511 304 538; x_wconf 67' lang='lat' dir='ltr'><strong>iutvr</strong></span> <span class='ocrx_word' id='word_1_75' title='bbox 323 517 402 539; x_wconf 88' lang='lat' dir='ltr'><strong>natos</strong></span> <span class='ocrx_word' id='word_1_76' title='bbox 422 520 456 540; x_wconf 87' lang='lat' dir='ltr'><strong>ex</strong></span> <span class='ocrx_word' id='word_1_77' title='bbox 477 513 638 542; x_wconf 84' lang='lat' dir='ltr'><strong>mulieribus</strong></span> <span class='ocrx_word' id='word_1_78' title='bbox 658 516 745 550; x_wconf 84' lang='lat' dir='ltr'><strong>major</strong></span> <span class='ocrx_word' id='word_1_79' title='bbox 764 524 809 544; x_wconf 71' lang='grc' dir='ltr'>(ιο.</span> <span class='ocrx_word' id='word_1_80' title='bbox 830 517 933 544; x_wconf 88' lang='lat' dir='ltr'><strong>Secun-</strong></span> 
     </span>
    </p>
   </div>
   <div class='ocr_carea' id='block_1_11' title="bbox 145 556 933 592">
    <p class='ocr_par' dir='ltr' id='par_1_11' title="bbox 145 556 933 592">
     <span class='ocr_line' id='line_1_11' title="bbox 145 556 933 592; baseline 0.011 -11"><span class='ocrx_word' id='word_1_81' title='bbox 145 556 209 582; x_wconf 90' lang='lat' dir='ltr'><strong>dum</strong></span> <span class='ocrx_word' id='word_1_82' title='bbox 224 556 308 590; x_wconf 79' lang='lat' dir='ltr'><strong>legem</strong></span> <span class='ocrx_word' id='word_1_83' title='bbox 324 558 412 592; x_wconf 87' lang='lat' dir='ltr'><strong>major</strong></span> <span class='ocrx_word' id='word_1_84' title='bbox 425 564 483 586; x_wconf 88' lang='lat' dir='ltr'><strong>erat</strong></span> <span class='ocrx_word' id='word_1_85' title='bbox 498 565 523 587; x_wconf 88' lang='lat' dir='ltr'><strong>et</strong></span> <span class='ocrx_word' id='word_1_86' title='bbox 539 561 689 588; x_wconf 71' lang='lat' dir='ltr'><strong>absolutior</strong></span> <span class='ocrx_word' id='word_1_87' title='bbox 703 563 841 590; x_wconf 83' lang='lat' dir='ltr'><strong>omnibus.</strong></span> <span class='ocrx_word' id='word_1_88' title='bbox 861 564 933 590; x_wconf 66' lang='lat' dir='ltr'><strong>Pras-</strong></span> 
     </span>
    </p>
   </div>
   <div class='ocr_carea' id='block_1_12' title="bbox 145 603 934 643">
    <p class='ocr_par' dir='ltr' id='par_1_12' title="bbox 145 603 934 643">
     <span class='ocr_line' id='line_1_12' title="bbox 145 603 934 643; baseline 0.008 -14"><span class='ocrx_word' id='word_1_89' title='bbox 145 603 291 630; x_wconf 82' lang='lat' dir='ltr'><strong>stanliores</strong></span> <span class='ocrx_word' id='word_1_90' title='bbox 316 609 407 631; x_wconf 90' lang='lat' dir='ltr'><strong>autem</strong></span> <span class='ocrx_word' id='word_1_91' title='bbox 436 611 500 633; x_wconf 81' lang='lat' dir='ltr'><strong>sunt</strong></span> <span class='ocrx_word' id='word_1_92' title='bbox 519 607 646 640; x_wconf 76' lang='lat' dir='ltr'><strong>apostoli.</strong></span> <span class='ocrx_word' id='word_1_93' title='bbox 673 606 732 634; x_wconf 86' lang='lat' dir='ltr'><strong>Non</strong></span> <span class='ocrx_word' id='word_1_94' title='bbox 753 609 825 635; x_wconf 83' lang='lat' dir='ltr'><strong>enim</strong></span> <span class='ocrx_word' id='word_1_95' title='bbox 846 608 934 643; x_wconf 90' lang='lat' dir='ltr'><strong>inquit</strong></span> 
     </span>
    </p>
   </div>
   <div class='ocr_carea' id='block_1_13' title="bbox 145 646 932 687">
    <p class='ocr_par' dir='ltr' id='par_1_13' title="bbox 145 646 932 687">
     <span class='ocr_line' id='line_1_13' title="bbox 145 646 932 687; baseline 0.011 -14"><span class='ocrx_word' id='word_1_96' title='bbox 145 646 277 675; x_wconf 82' lang='lat' dir='ltr'><strong>Dmniuus</strong></span> <span class='ocrx_word' id='word_1_97' title='bbox 289 670 296 683; x_wconf 91' lang='lat'><strong>,</strong></span> <span class='ocrx_word' id='word_1_98' title='bbox 315 651 387 684; x_wconf 91' lang='lat' dir='ltr'><strong>quod</strong></span> <span class='ocrx_word' id='word_1_99' title='bbox 405 659 459 678; x_wconf 93' lang='lat' dir='ltr'><strong>non</strong></span> <span class='ocrx_word' id='word_1_100' title='bbox 478 657 646 680; x_wconf 71' lang='lat' dir='ltr'><strong>surrecturus</strong></span> <span class='ocrx_word' id='word_1_101' title='bbox 661 654 696 680; x_wconf 82' lang='lat' dir='ltr'><strong>sit</strong></span> <span class='ocrx_word' id='word_1_102' title='bbox 714 654 801 687; x_wconf 82' lang='lat' dir='ltr'><strong>major</strong></span> <span class='ocrx_word' id='word_1_103' title='bbox 817 662 866 686; x_wconf 86' lang='lat' dir='ltr'><strong>eo,</strong></span> <span class='ocrx_word' id='word_1_104' title='bbox 885 655 932 682; x_wconf 83' lang='lat' dir='ltr'><strong>sed</strong></span> 
     </span>
    </p>
   </div>
   <div class='ocr_carea' id='block_1_14' title="bbox 145 695 934 735">
    <p class='ocr_par' dir='ltr' id='par_1_14' title="bbox 145 695 934 735">
     <span class='ocr_line' id='line_1_14' title="bbox 145 695 934 735; baseline 0.01 -15"><span class='ocrx_word' id='word_1_105' title='bbox 145 695 218 729; x_wconf 89' lang='lat' dir='ltr'><strong>quod</strong></span> <span class='ocrx_word' id='word_1_106' title='bbox 236 703 288 722; x_wconf 91' lang='lat' dir='ltr'><strong>non</strong></span> <span class='ocrx_word' id='word_1_107' title='bbox 304 697 437 728; x_wconf 72' lang='lat' dir='ltr'><strong>surrexit,</strong></span> <span class='ocrx_word' id='word_1_108' title='bbox 453 702 582 732; x_wconf 89' lang='lat' dir='ltr'><strong>tanquam</strong></span> <span class='ocrx_word' id='word_1_109' title='bbox 597 699 654 726; x_wconf 84' lang='lat' dir='ltr'><strong>suis</strong></span> <span class='ocrx_word' id='word_1_110' title='bbox 669 701 849 735; x_wconf 89' lang='lat' dir='ltr'><strong>temporibus.</strong></span> <span class='ocrx_word' id='word_1_111' title='bbox 864 701 934 728; x_wconf 84' lang='lat' dir='ltr'><strong>Ante</strong></span> 
     </span>
    </p>
   </div>
   <div class='ocr_carea' id='block_1_15' title="bbox 146 743 934 779">
    <p class='ocr_par' dir='ltr' id='par_1_15' title="bbox 146 743 934 779">
     <span class='ocr_line' id='line_1_15' title="bbox 146 743 934 779; baseline 0.009 -13"><span class='ocrx_word' id='word_1_112' title='bbox 146 746 276 776; x_wconf 86' lang='lat' dir='ltr'><strong>utrosque</strong></span> <span class='ocrx_word' id='word_1_113' title='bbox 287 749 376 769; x_wconf 90' lang='lat' dir='ltr'><strong>autem</strong></span> <span class='ocrx_word' id='word_1_114' title='bbox 390 743 448 771; x_wconf 84' lang='lat' dir='ltr'><strong>illos</strong></span> <span class='ocrx_word' id='word_1_115' title='bbox 462 744 550 779; x_wconf 84' lang='lat' dir='ltr'><strong>inquit</strong></span> <span class='ocrx_word' id='word_1_116' title='bbox 560 745 592 771; x_wconf 90' lang='lat' dir='ltr'><strong>ad</strong></span> <span class='ocrx_word' id='word_1_117' title='bbox 605 745 743 773; x_wconf 86' lang='lat' dir='ltr'><strong>diabolum</strong></span> <span class='ocrx_word' id='word_1_118' title='bbox 757 746 827 774; x_wconf 83' lang='lat' dir='ltr'><strong>Deus</strong></span> <span class='ocrx_word' id='word_1_119' title='bbox 841 756 846 773; x_wconf 95' lang='lat'>:</span> <span class='ocrx_word' id='word_1_120' title='bbox 863 746 934 773; x_wconf 70' lang='lat' dir='ltr'><strong>Num</strong></span> 
     </span>
    </p>
   </div>
   <div class='ocr_carea' id='block_1_16' title="bbox 145 787 934 827">
    <p class='ocr_par' dir='ltr' id='par_1_16' title="bbox 145 787 934 827">
     <span class='ocr_line' id='line_1_16' title="bbox 145 787 934 827; baseline 0.008 -14"><span class='ocrx_word' id='word_1_121' title='bbox 145 787 289 815; x_wconf 76' lang='lat' dir='ltr'><strong>observasti</strong></span> <span class='ocrx_word' id='word_1_122' title='bbox 304 794 387 816; x_wconf 79' lang='lat' dir='ltr'><strong>mente</strong></span> <span class='ocrx_word' id='word_1_123' title='bbox 401 794 447 816; x_wconf 84' lang='lat' dir='ltr'><strong>tua</strong></span> <span class='ocrx_word' id='word_1_124' title='bbox 461 799 563 817; x_wconf 81' lang='lat' dir='ltr'><strong>servum</strong></span> <span class='ocrx_word' id='word_1_125' title='bbox 581 800 665 818; x_wconf 87' lang='lat' dir='ltr'><strong>meum</strong></span> <span class='ocrx_word' id='word_1_126' title='bbox 680 791 778 819; x_wconf 78' lang='lat' dir='ltr'><strong>Jobum</strong></span> <span class='ocrx_word' id='word_1_127' title='bbox 788 814 795 825; x_wconf 86' lang='grc'><strong>,</strong></span> <span class='ocrx_word' id='word_1_128' title='bbox 810 794 934 827; x_wconf 81' lang='lat' dir='ltr'><strong>quoniam</strong></span> 
     </span>
    </p>
   </div>
   <div class='ocr_carea' id='block_1_17' title="bbox 146 837 936 872">
    <p class='ocr_par' dir='ltr' id='par_1_17' title="bbox 146 837 936 872">
     <span class='ocr_line' id='line_1_17' title="bbox 146 837 936 872; baseline 0.01 -13"><span class='ocrx_word' id='word_1_129' title='bbox 146 842 198 860; x_wconf 85' lang='lat' dir='ltr'><strong>nun</strong></span> <span class='ocrx_word' id='word_1_130' title='bbox 215 841 253 861; x_wconf 77' lang='lat' dir='ltr'><strong>est</strong></span> <span class='ocrx_word' id='word_1_131' title='bbox 271 843 348 869; x_wconf 86' lang='lat' dir='ltr'><strong>super</strong></span> <span class='ocrx_word' id='word_1_132' title='bbox 365 840 463 862; x_wconf 79' lang='lat' dir='ltr'><strong>terram</strong></span> <span class='ocrx_word' id='word_1_133' title='bbox 481 837 558 864; x_wconf 86' lang='lat' dir='ltr'><strong>homo</strong></span> <span class='ocrx_word' id='word_1_134' title='bbox 574 839 642 865; x_wconf 83' lang='lat' dir='ltr'><strong>sicut</strong></span> <span class='ocrx_word' id='word_1_135' title='bbox 657 839 712 872; x_wconf 84' lang='lat' dir='ltr'><strong>ipse</strong></span> <span class='ocrx_word' id='word_1_136' title='bbox 729 839 739 854; x_wconf 89' lang='grc'><em>³</em></span> <span class='ocrx_word' id='word_1_137' title='bbox 752 839 764 866; x_wconf 85' lang='lat'><strong>?</strong></span> <span class='ocrx_word' id='word_1_138' title='bbox 779 839 811 866; x_wconf 86' lang='lat' dir='ltr'><strong>Et</strong></span> <span class='ocrx_word' id='word_1_139' title='bbox 828 841 860 866; x_wconf 89' lang='lat' dir='ltr'><strong>ad</strong></span> <span class='ocrx_word' id='word_1_140' title='bbox 879 839 936 866; x_wconf 78' lang='lat' dir='ltr'><strong>Mo-</strong></span> 
     </span>
    </p>
   </div>
   <div class='ocr_carea' id='block_1_18' title="bbox 147 881 934 917">
    <p class='ocr_par' dir='ltr' id='par_1_18' title="bbox 147 881 934 917">
     <span class='ocr_line' id='line_1_18' title="bbox 147 881 934 917; baseline 0.008 -11"><span class='ocrx_word' id='word_1_141' title='bbox 147 888 203 907; x_wconf 84' lang='lat' dir='ltr'><strong>sem</strong></span> <span class='ocrx_word' id='word_1_142' title='bbox 222 881 328 915; x_wconf 86' lang='lat' dir='ltr'><strong>inquit:</strong></span> <span class='ocrx_word' id='word_1_143' title='bbox 349 881 417 908; x_wconf 70' lang='lat' dir='ltr'><strong>Not-5</strong></span> <span class='ocrx_word' id='word_1_144' title='bbox 434 888 458 909; x_wconf 84' lang='lat' dir='ltr'><strong>te</strong></span> <span class='ocrx_word' id='word_1_145' title='bbox 472 890 528 916; x_wconf 72' lang='lat' dir='ltr'><strong>pm:</strong></span> <span class='ocrx_word' id='word_1_146' title='bbox 548 885 650 910; x_wconf 77' lang='lat' dir='ltr'><strong>cunctis</strong></span> <span class='ocrx_word' id='word_1_147' title='bbox 669 884 830 917; x_wconf 77' lang='lat' dir='ltr'><strong>hominibus,</strong></span> <span class='ocrx_word' id='word_1_148' title='bbox 847 891 870 912; x_wconf 82' lang='lat' dir='ltr'><strong>et</strong></span> <span class='ocrx_word' id='word_1_149' title='bbox 892 886 934 912; x_wconf 77' lang='lat' dir='ltr'><strong>iu-</strong></span> 
     </span>
    </p>
   </div>
   <div class='ocr_carea' id='block_1_19' title="bbox 147 927 935 967">
    <p class='ocr_par' dir='ltr' id='par_1_19' title="bbox 147 927 935 967">
     <span class='ocr_line' id='line_1_19' title="bbox 147 927 935 967; baseline 0.01 -16"><span class='ocrx_word' id='word_1_150' title='bbox 147 927 240 952; x_wconf 76' lang='lat' dir='ltr'><strong>venisti</strong></span> <span class='ocrx_word' id='word_1_151' title='bbox 267 928 380 961; x_wconf 81' lang='lat' dir='ltr'><strong>gratiam</strong></span> <span class='ocrx_word' id='word_1_152' title='bbox 407 936 498 955; x_wconf 80' lang='lat' dir='ltr'><strong>coram</strong></span> <span class='ocrx_word' id='word_1_153' title='bbox 520 938 559 956; x_wconf 83' lang='lat' dir='ltr'><strong>me</strong></span> <span class='ocrx_word' id='word_1_154' title='bbox 579 930 600 957; x_wconf 75' lang='grc'><strong>⁸.</strong></span> <span class='ocrx_word' id='word_1_155' title='bbox 623 930 699 958; x_wconf 87' lang='lat' dir='ltr'><strong>Sicut</strong></span> <span class='ocrx_word' id='word_1_156' title='bbox 720 931 802 966; x_wconf 76' lang='lat' dir='ltr'><strong>igitur</strong></span> <span class='ocrx_word' id='word_1_157' title='bbox 822 940 935 967; x_wconf 78' lang='lat' dir='ltr'><strong>magnus</strong></span> 
     </span>
    </p>
   </div>
   <div class='ocr_carea' id='block_1_20' title="bbox 146 973 934 1010">
    <p class='ocr_par' dir='ltr' id='par_1_20' title="bbox 146 973 934 1010">
     <span class='ocr_line' id='line_1_20' title="bbox 146 973 934 1010; baseline 0.006 -12"><span class='ocrx_word' id='word_1_158' title='bbox 146 979 207 998; x_wconf 84' lang='lat' dir='ltr'><strong>cum</strong></span> <span class='ocrx_word' id='word_1_159' title='bbox 223 976 296 999; x_wconf 71' lang='lat' dir='ltr'><strong>eSset</strong></span> <span class='ocrx_word' id='word_1_160' title='bbox 309 973 367 1000; x_wconf 86' lang='lat' dir='ltr'><strong>suis</strong></span> <span class='ocrx_word' id='word_1_161' title='bbox 385 974 554 1008; x_wconf 83' lang='lat' dir='ltr'><strong>temporibus</strong></span> <span class='ocrx_word' id='word_1_162' title='bbox 569 974 699 1004; x_wconf 87' lang='lat' dir='ltr'><strong>Enocbus</strong></span> <span class='ocrx_word' id='word_1_163' title='bbox 714 977 864 1004; x_wconf 85' lang='lat' dir='ltr'><strong>translatus</strong></span> <span class='ocrx_word' id='word_1_164' title='bbox 876 984 934 1010; x_wconf 84' lang='lat' dir='ltr'><strong>est,</strong></span> 
     </span>
    </p>
   </div>
   <div class='ocr_carea' id='block_1_21' title="bbox 147 1018 935 1057">
    <p class='ocr_par' dir='ltr' id='par_1_21' title="bbox 147 1018 935 1057">
     <span class='ocr_line' id='line_1_21' title="bbox 147 1018 935 1057; baseline 0.01 -14"><span class='ocrx_word' id='word_1_165' title='bbox 147 1024 173 1044; x_wconf 86' lang='lat' dir='ltr'><strong>et</strong></span> <span class='ocrx_word' id='word_1_166' title='bbox 189 1018 260 1045; x_wconf 86' lang='lat' dir='ltr'><strong>sicut</strong></span> <span class='ocrx_word' id='word_1_167' title='bbox 279 1018 336 1045; x_wconf 85' lang='lat' dir='ltr'><strong>Noa</strong></span> <span class='ocrx_word' id='word_1_168' title='bbox 352 1019 445 1053; x_wconf 85' lang='lat' dir='ltr'><strong>justus</strong></span> <span class='ocrx_word' id='word_1_169' title='bbox 464 1024 523 1047; x_wconf 87' lang='lat' dir='ltr'><strong>erat</strong></span> <span class='ocrx_word' id='word_1_170' title='bbox 542 1022 600 1049; x_wconf 88' lang='lat' dir='ltr'><strong>suis</strong></span> <span class='ocrx_word' id='word_1_171' title='bbox 619 1024 802 1057; x_wconf 84' lang='lat' dir='ltr'><strong>temporibus,</strong></span> <span class='ocrx_word' id='word_1_172' title='bbox 824 1024 850 1050; x_wconf 91' lang='lat' dir='ltr'><strong>in</strong></span> <span class='ocrx_word' id='word_1_173' title='bbox 871 1032 935 1051; x_wconf 88' lang='lat' dir='ltr'><strong>arca</strong></span> 
     </span>
    </p>
   </div>
   <div class='ocr_carea' id='block_1_22' title="bbox 148 1067 934 1102">
    <p class='ocr_par' dir='ltr' id='par_1_22' title="bbox 148 1067 934 1102">
     <span class='ocr_line' id='line_1_22' title="bbox 148 1067 934 1102; baseline 0.009 -12"><span class='ocrx_word' id='word_1_174' title='bbox 148 1072 209 1090; x_wconf 85' lang='lat' dir='ltr'><strong>cum</strong></span> <span class='ocrx_word' id='word_1_175' title='bbox 227 1070 289 1091; x_wconf 87' lang='lat' dir='ltr'><strong>octo</strong></span> <span class='ocrx_word' id='word_1_176' title='bbox 307 1070 450 1097; x_wconf 84' lang='lat' dir='ltr'><strong>servatus,</strong></span> <span class='ocrx_word' id='word_1_177' title='bbox 469 1067 571 1094; x_wconf 90' lang='lat' dir='ltr'><strong>mundo</strong></span> <span class='ocrx_word' id='word_1_178' title='bbox 588 1075 635 1102; x_wconf 91' lang='lat' dir='ltr'><strong>per</strong></span> <span class='ocrx_word' id='word_1_179' title='bbox 651 1069 788 1096; x_wconf 79' lang='lat' dir='ltr'><strong>diluvium</strong></span> <span class='ocrx_word' id='word_1_180' title='bbox 806 1070 934 1097; x_wconf 85' lang='lat' dir='ltr'><strong>submer-</strong></span> 
     </span>
    </p>
   </div>
   <div class='ocr_carea' id='block_1_23' title="bbox 150 1110 936 1150">
    <p class='ocr_par' dir='ltr' id='par_1_23' title="bbox 150 1110 936 1150">
     <span class='ocr_line' id='line_1_23' title="bbox 150 1110 936 1150; baseline 0.011 -16"><span class='ocrx_word' id='word_1_181' title='bbox 150 1116 199 1135; x_wconf 87' lang='lat' dir='ltr'><strong>so:</strong></span> <span class='ocrx_word' id='word_1_182' title='bbox 215 1110 443 1143; x_wconf 80' lang='lat' dir='ltr'><strong>quemadmodum</strong></span> <span class='ocrx_word' id='word_1_183' title='bbox 463 1111 525 1138; x_wconf 88' lang='lat' dir='ltr'><strong>item</strong></span> <span class='ocrx_word' id='word_1_184' title='bbox 543 1120 658 1147; x_wconf 83' lang='lat' dir='ltr'><strong>magnus</strong></span> <span class='ocrx_word' id='word_1_185' title='bbox 674 1119 734 1142; x_wconf 87' lang='lat' dir='ltr'><strong>erat</strong></span> <span class='ocrx_word' id='word_1_186' title='bbox 752 1115 816 1147; x_wconf 85' lang='lat' dir='ltr'><strong>Lot,</strong></span> <span class='ocrx_word' id='word_1_187' title='bbox 831 1116 876 1150; x_wconf 90' lang='lat' dir='ltr'><strong>qui</strong></span> <span class='ocrx_word' id='word_1_188' title='bbox 892 1124 936 1143; x_wconf 59' lang='lat' dir='ltr'><strong>sii-</strong></span> 
     </span>
    </p>
   </div>
   <div class='ocr_carea' id='block_1_24' title="bbox 150 1155 934 1196">
    <p class='ocr_par' dir='ltr' id='par_1_24' title="bbox 150 1155 934 1196">
     <span class='ocr_line' id='line_1_24' title="bbox 150 1155 934 1196; baseline 0.01 -15"><span class='ocrx_word' id='word_1_189' title='bbox 150 1155 192 1182; x_wconf 89' lang='lat' dir='ltr'><strong>lus</strong></span> <span class='ocrx_word' id='word_1_190' title='bbox 208 1163 386 1185; x_wconf 78' lang='lat' dir='ltr'><strong>conservatus</strong></span> <span class='ocrx_word' id='word_1_191' title='bbox 400 1163 441 1185; x_wconf 85' lang='lat' dir='ltr'><strong>est</strong></span> <span class='ocrx_word' id='word_1_192' title='bbox 455 1158 565 1186; x_wconf 90' lang='lat' dir='ltr'><strong>incensa</strong></span> <span class='ocrx_word' id='word_1_193' title='bbox 581 1159 763 1188; x_wconf 89' lang='lat' dir='ltr'><strong>Sodomorum</strong></span> <span class='ocrx_word' id='word_1_194' title='bbox 777 1161 934 1196; x_wconf 86' lang='lat' dir='ltr'><strong>Pentapoli:</strong></span> 
     </span>
    </p>
   </div>
   <div class='ocr_carea' id='block_1_25' title="bbox 148 1201 935 1242">
    <p class='ocr_par' dir='ltr' id='par_1_25' title="bbox 148 1201 935 1242">
     <span class='ocr_line' id='line_1_25' title="bbox 148 1201 935 1242; baseline 0.011 -16"><span class='ocrx_word' id='word_1_195' title='bbox 148 1201 184 1227; x_wconf 86' lang='lat' dir='ltr'><strong>ita</strong></span> <span class='ocrx_word' id='word_1_196' title='bbox 198 1206 224 1228; x_wconf 86' lang='lat' dir='ltr'><strong>et</strong></span> <span class='ocrx_word' id='word_1_197' title='bbox 237 1201 357 1230; x_wconf 71' lang='lat' dir='ltr'><strong>Joannes</strong></span> <span class='ocrx_word' id='word_1_198' title='bbox 373 1205 460 1239; x_wconf 84' lang='lat' dir='ltr'><strong>major</strong></span> <span class='ocrx_word' id='word_1_199' title='bbox 473 1206 603 1234; x_wconf 87' lang='lat' dir='ltr'><strong>omnibus</strong></span> <span class='ocrx_word' id='word_1_200' title='bbox 617 1207 669 1234; x_wconf 78' lang='lat' dir='ltr'><strong>luit</strong></span> <span class='ocrx_word' id='word_1_201' title='bbox 683 1207 833 1234; x_wconf 85' lang='lat' dir='ltr'><strong>secundum</strong></span> <span class='ocrx_word' id='word_1_202' title='bbox 850 1208 935 1242; x_wconf 73' lang='lat' dir='ltr'><strong>legem</strong></span> 
     </span>
    </p>
   </div>
   <div class='ocr_carea' id='block_1_26' title="bbox 149 1247 408 1282">
    <p class='ocr_par' dir='ltr' id='par_1_26' title="bbox 149 1247 408 1282">
     <span class='ocr_line' id='line_1_26' title="bbox 149 1247 408 1282; baseline 0.012 -9"><span class='ocrx_word' id='word_1_203' title='bbox 149 1247 207 1274; x_wconf 71' lang='lat' dir='ltr'><strong>suis</strong></span> <span class='ocrx_word' id='word_1_204' title='bbox 229 1249 408 1282; x_wconf 80' lang='lat' dir='ltr'><strong>temporibus.</strong></span> 
     </span>
    </p>
   </div>
   <div class='ocr_carea' id='block_1_27' title="bbox 320 1316 760 1369">
    <p class='ocr_par' dir='ltr' id='par_1_27' title="bbox 320 1316 760 1369">
     <span class='ocr_line' id='line_1_27' title="bbox 320 1316 760 1369; baseline 0.007 -3"><span class='ocrx_word' id='word_1_205' title='bbox 320 1339 579 1369; x_wconf 75' lang='lat' dir='ltr'><strong>INTERROGATIO</strong></span> <span class='ocrx_word' id='word_1_206' title='bbox 596 1316 760 1369; x_wconf 68' lang='grc' dir='ltr'>ἒιΧΧνιιι.</span> 
     </span>
    </p>
   </div>
   <div class='ocr_carea' id='block_1_28' title="bbox 186 1383 936 1422">
    <p class='ocr_par' dir='ltr' id='par_1_28' title="bbox 186 1383 936 1422">
     <span class='ocr_line' id='line_1_28' title="bbox 186 1383 936 1422; baseline 0.008 -13"><span class='ocrx_word' id='word_1_207' title='bbox 186 1383 223 1410; x_wconf 78' lang='lat' dir='ltr'><strong>De</strong></span> <span class='ocrx_word' id='word_1_208' title='bbox 239 1384 403 1417; x_wconf 83' lang='lat' dir='ltr'><strong>quibusnam</strong></span> <span class='ocrx_word' id='word_1_209' title='bbox 422 1386 489 1413; x_wconf 87' lang='lat' dir='ltr'><strong>dicit</strong></span> <span class='ocrx_word' id='word_1_210' title='bbox 510 1387 655 1419; x_wconf 89' lang='lat' dir='ltr'><strong>Dominus,</strong></span> <span class='ocrx_word' id='word_1_211' title='bbox 674 1388 757 1415; x_wconf 72' lang='lat' dir='ltr'><strong>Amen</strong></span> <span class='ocrx_word' id='word_1_212' title='bbox 774 1389 833 1415; x_wconf 78' lang='lat' dir='ltr'><strong>dico</strong></span> <span class='ocrx_word' id='word_1_213' title='bbox 849 1389 936 1422; x_wconf 76' lang='lat' dir='ltr'><strong>uobis,</strong></span> 
     </span>
    </p>
   </div>
   <div class='ocr_carea' id='block_1_29' title="bbox 149 1431 940 1469">
    <p class='ocr_par' dir='ltr' id='par_1_29' title="bbox 149 1431 940 1469">
     <span class='ocr_line' id='line_1_29' title="bbox 149 1431 940 1469; baseline 0.009 -14"><span class='ocrx_word' id='word_1_214' title='bbox 149 1435 210 1456; x_wconf 76' lang='lat' dir='ltr'><strong>sunt</strong></span> <span class='ocrx_word' id='word_1_215' title='bbox 227 1431 337 1464; x_wconf 78' lang='lat' dir='ltr'><strong>quidam</strong></span> <span class='ocrx_word' id='word_1_216' title='bbox 354 1431 396 1458; x_wconf 83' lang='lat' dir='ltr'><strong>hic</strong></span> <span class='ocrx_word' id='word_1_217' title='bbox 413 1433 559 1461; x_wconf 76' lang='lat' dir='ltr'><strong>stantium.</strong></span> <span class='ocrx_word' id='word_1_218' title='bbox 576 1434 621 1468; x_wconf 78' lang='lat' dir='ltr'><strong>qui</strong></span> <span class='ocrx_word' id='word_1_219' title='bbox 637 1442 688 1460; x_wconf 86' lang='lat' dir='ltr'><strong>non</strong></span> <span class='ocrx_word' id='word_1_220' title='bbox 706 1435 849 1469; x_wconf 80' lang='lat' dir='ltr'><strong>gustabunt</strong></span> <span class='ocrx_word' id='word_1_221' title='bbox 869 1444 940 1462; x_wconf 83' lang='lat' dir='ltr'><strong>mor-</strong></span> 
     </span>
    </p>
   </div>
   <div class='ocr_carea' id='block_1_30' title="bbox 150 1477 937 1508">
    <p class='ocr_par' dir='ltr' id='par_1_30' title="bbox 150 1477 937 1508">
     <span class='ocr_line' id='line_1_30' title="bbox 150 1477 937 1508; baseline 0.008 -6"><span class='ocrx_word' id='word_1_222' title='bbox 150 1483 217 1507; x_wconf 79' lang='lat' dir='ltr'><strong>tem,</strong></span> <span class='ocrx_word' id='word_1_223' title='bbox 239 1477 320 1504; x_wconf 75' lang='lat' dir='ltr'><strong>donec</strong></span> <span class='ocrx_word' id='word_1_224' title='bbox 345 1478 456 1505; x_wconf 82' lang='lat' dir='ltr'><strong>uiderint</strong></span> <span class='ocrx_word' id='word_1_225' title='bbox 485 1478 586 1506; x_wconf 81' lang='lat' dir='ltr'><strong>Filium</strong></span> <span class='ocrx_word' id='word_1_226' title='bbox 613 1480 727 1508; x_wconf 75' lang='lat' dir='ltr'><strong>[lautitiis</strong></span> <span class='ocrx_word' id='word_1_227' title='bbox 747 1483 890 1508; x_wconf 77' lang='lat' dir='ltr'><strong>venientem</strong></span> <span class='ocrx_word' id='word_1_228' title='bbox 911 1483 937 1508; x_wconf 85' lang='lat' dir='ltr'><strong>in</strong></span> 
     </span>
    </p>
   </div>
   <div class='ocr_carea' id='block_1_31' title="bbox 150 1522 939 1556">
    <p class='ocr_par' dir='ltr' id='par_1_31' title="bbox 150 1522 939 1556">
     <span class='ocr_line' id='line_1_31' title="bbox 150 1522 939 1556; baseline 0.008 -9"><span class='ocrx_word' id='word_1_229' title='bbox 150 1522 236 1556; x_wconf 83' lang='lat' dir='ltr'><strong>gloria</strong></span> <span class='ocrx_word' id='word_1_230' title='bbox 251 1531 299 1549; x_wconf 84' lang='lat' dir='ltr'><strong>sun</strong></span> <span class='ocrx_word' id='word_1_231' title='bbox 316 1523 326 1538; x_wconf 85' lang='grc'>⁸</span> <span class='ocrx_word' id='word_1_232' title='bbox 337 1523 347 1549; x_wconf 84' lang='lat'><strong>‘?</strong></span> <span class='ocrx_word' id='word_1_233' title='bbox 360 1523 475 1556; x_wconf 81' lang='lat' dir='ltr'><strong>Quidam</strong></span> <span class='ocrx_word' id='word_1_234' title='bbox 489 1523 561 1550; x_wconf 84' lang='lat' dir='ltr'><strong>enim</strong></span> <span class='ocrx_word' id='word_1_235' title='bbox 577 1524 671 1552; x_wconf 89' lang='lat' dir='ltr'><strong>dicunt</strong></span> <span class='ocrx_word' id='word_1_236' title='bbox 684 1525 717 1553; x_wconf 87' lang='lat' dir='ltr'><strong>de</strong></span> <span class='ocrx_word' id='word_1_237' title='bbox 729 1525 834 1553; x_wconf 88' lang='lat' dir='ltr'><strong>Joanne</strong></span> <span class='ocrx_word' id='word_1_238' title='bbox 848 1525 939 1553; x_wconf 83' lang='lat' dir='ltr'><strong>Theo-</strong></span> 
     </span>
    </p>
   </div>
   <div class='ocr_carea' id='block_1_32' title="bbox 152 1568 941 1605">
    <p class='ocr_par' dir='ltr' id='par_1_32' title="bbox 152 1568 941 1605">
     <span class='ocr_line' id='line_1_32' title="bbox 152 1568 941 1605; baseline 0.006 -11"><span class='ocrx_word' id='word_1_239' title='bbox 152 1568 213 1602; x_wconf 83' lang='lat' dir='ltr'><strong>logo</strong></span> <span class='ocrx_word' id='word_1_240' title='bbox 237 1569 326 1603; x_wconf 88' lang='lat' dir='ltr'><strong>ipsum</strong></span> <span class='ocrx_word' id='word_1_241' title='bbox 357 1569 478 1596; x_wconf 85' lang='lat' dir='ltr'><strong>locutum</strong></span> <span class='ocrx_word' id='word_1_242' title='bbox 507 1569 611 1602; x_wconf 78' lang='lat' dir='ltr'><strong>fuisse.</strong></span> <span class='ocrx_word' id='word_1_243' title='bbox 636 1571 708 1605; x_wconf 87' lang='lat' dir='ltr'><strong>quod</strong></span> <span class='ocrx_word' id='word_1_244' title='bbox 735 1579 788 1598; x_wconf 90' lang='lat' dir='ltr'><strong>non</strong></span> <span class='ocrx_word' id='word_1_245' title='bbox 809 1573 941 1599; x_wconf 82' lang='lat' dir='ltr'><strong>moriatur</strong></span> 
     </span>
    </p>
   </div>
   <div class='ocr_carea' id='block_1_33' title="bbox 153 1615 755 1648">
    <p class='ocr_par' dir='ltr' id='par_1_33' title="bbox 153 1615 755 1648">
     <span class='ocr_line' id='line_1_33' title="bbox 153 1615 755 1648; baseline 0.007 -8"><span class='ocrx_word' id='word_1_246' title='bbox 153 1621 239 1648; x_wconf 86' lang='lat' dir='ltr'><strong>usque</strong></span> <span class='ocrx_word' id='word_1_247' title='bbox 254 1615 287 1641; x_wconf 88' lang='lat' dir='ltr'><strong>ad</strong></span> <span class='ocrx_word' id='word_1_248' title='bbox 308 1615 458 1641; x_wconf 78' lang='lat' dir='ltr'><strong>secundum</strong></span> <span class='ocrx_word' id='word_1_249' title='bbox 475 1615 621 1643; x_wconf 81' lang='lat' dir='ltr'><strong>adventum</strong></span> <span class='ocrx_word' id='word_1_250' title='bbox 640 1616 755 1644; x_wconf 89' lang='lat' dir='ltr'><strong>Christi.</strong></span> 
     </span>
    </p>
   </div>
   <div class='ocr_carea' id='block_1_34' title="bbox 472 1705 623 1740">
    <p class='ocr_par' dir='ltr' id='par_1_34' title="bbox 472 1705 623 1740">
     <span class='ocr_line' id='line_1_34' title="bbox 472 1705 623 1740; baseline 0 -8"><span class='ocrx_word' id='word_1_251' title='bbox 472 1705 623 1740; x_wconf 74' lang='lat' dir='ltr'><strong>Responsio.</strong></span> 
     </span>
    </p>
   </div>
   <div class='ocr_carea' id='block_1_35' title="bbox 191 1751 938 1787">
    <p class='ocr_par' dir='ltr' id='par_1_35' title="bbox 191 1751 938 1787">
     <span class='ocr_line' id='line_1_35' title="bbox 191 1751 938 1787; baseline 0.001 -9"><span class='ocrx_word' id='word_1_252' title='bbox 191 1752 258 1778; x_wconf 91' lang='lat' dir='ltr'><strong>Cum</strong></span> <span class='ocrx_word' id='word_1_253' title='bbox 276 1751 332 1786; x_wconf 79' lang='lat' dir='ltr'><strong>jam</strong></span> <span class='ocrx_word' id='word_1_254' title='bbox 353 1751 516 1780; x_wconf 76' lang='lat' dir='ltr'><strong>instituisset</strong></span> <span class='ocrx_word' id='word_1_255' title='bbox 535 1760 565 1779; x_wconf 88' lang='lat' dir='ltr'><strong>se</strong></span> <span class='ocrx_word' id='word_1_256' title='bbox 585 1752 748 1779; x_wconf 81' lang='lat' dir='ltr'><strong>comitantes</strong></span> <span class='ocrx_word' id='word_1_257' title='bbox 768 1751 917 1787; x_wconf 86' lang='lat' dir='ltr'><strong>discipulos</strong></span> <span class='ocrx_word' id='word_1_258' title='bbox 931 1773 938 1785; x_wconf 86' lang='grc'><strong>,</strong></span> 
     </span>
    </p>
   </div>
   <div class='ocr_carea' id='block_1_36' title="bbox 156 1797 944 1832">
    <p class='ocr_par' dir='ltr' id='par_1_36' title="bbox 156 1797 944 1832">
     <span class='ocr_line' id='line_1_36' title="bbox 156 1797 944 1832; baseline 0 -6"><span class='ocrx_word' id='word_1_259' title='bbox 156 1804 187 1827; x_wconf 88' lang='lat' dir='ltr'><strong>ut</strong></span> <span class='ocrx_word' id='word_1_260' title='bbox 210 1804 324 1826; x_wconf 87' lang='lat' dir='ltr'><strong>mortem</strong></span> <span class='ocrx_word' id='word_1_261' title='bbox 340 1803 560 1830; x_wconf 66' lang='lat' dir='ltr'><strong>contctnucrunt,</strong></span> <span class='ocrx_word' id='word_1_262' title='bbox 578 1803 604 1825; x_wconf 82' lang='lat' dir='ltr'><strong>et</strong></span> <span class='ocrx_word' id='word_1_263' title='bbox 621 1797 724 1825; x_wconf 83' lang='lat' dir='ltr'><strong>fortiter</strong></span> <span class='ocrx_word' id='word_1_264' title='bbox 740 1805 769 1825; x_wconf 89' lang='lat' dir='ltr'><strong>se</strong></span> <span class='ocrx_word' id='word_1_265' title='bbox 786 1798 944 1832; x_wconf 83' lang='lat' dir='ltr'><strong>expedirent</strong></span> 
     </span>
    </p>
   </div>
   <div class='ocr_carea' id='block_1_37' title="bbox 155 1844 943 1880">
    <p class='ocr_par' dir='ltr' id='par_1_37' title="bbox 155 1844 943 1880">
     <span class='ocr_line' id='line_1_37' title="bbox 155 1844 943 1880; baseline -0.003 -7"><span class='ocrx_word' id='word_1_266' title='bbox 155 1846 188 1874; x_wconf 82' lang='lat' dir='ltr'><strong>ad</strong></span> <span class='ocrx_word' id='word_1_267' title='bbox 207 1845 347 1872; x_wconf 82' lang='lat' dir='ltr'><strong>subeunda</strong></span> <span class='ocrx_word' id='word_1_268' title='bbox 366 1852 415 1880; x_wconf 91' lang='lat' dir='ltr'><strong>pro</strong></span> <span class='ocrx_word' id='word_1_269' title='bbox 436 1845 494 1879; x_wconf 84' lang='lat' dir='ltr'><strong>ipso</strong></span> <span class='ocrx_word' id='word_1_270' title='bbox 515 1844 635 1879; x_wconf 89' lang='lat' dir='ltr'><strong>pericula</strong></span> <span class='ocrx_word' id='word_1_271' title='bbox 649 1866 656 1877; x_wconf 90' lang='lat'><strong>,</strong></span> <span class='ocrx_word' id='word_1_272' title='bbox 681 1844 803 1879; x_wconf 88' lang='lat' dir='ltr'><strong>ipsorum</strong></span> <span class='ocrx_word' id='word_1_273' title='bbox 826 1845 943 1871; x_wconf 85' lang='lat' dir='ltr'><strong>abscon-</strong></span> 
     </span>
    </p>
   </div>
   <div class='ocr_carea' id='block_1_38' title="bbox 155 1891 944 1927">
    <p class='ocr_par' dir='ltr' id='par_1_38' title="bbox 155 1891 944 1927">
     <span class='ocr_line' id='line_1_38' title="bbox 155 1891 944 1927; baseline -0.004 -7"><span class='ocrx_word' id='word_1_274' title='bbox 155 1894 211 1920; x_wconf 86' lang='lat' dir='ltr'><strong>dita</strong></span> <span class='ocrx_word' id='word_1_275' title='bbox 226 1892 386 1927; x_wconf 80' lang='lat' dir='ltr'><strong>ingreditur,</strong></span> <span class='ocrx_word' id='word_1_276' title='bbox 401 1896 427 1918; x_wconf 89' lang='lat' dir='ltr'><strong>et</strong></span> <span class='ocrx_word' id='word_1_277' title='bbox 441 1891 581 1918; x_wconf 84' lang='lat' dir='ltr'><strong>inveniens</strong></span> <span class='ocrx_word' id='word_1_278' title='bbox 595 1891 670 1925; x_wconf 83' lang='lat' dir='ltr'><strong>ipsos</strong></span> <span class='ocrx_word' id='word_1_279' title='bbox 684 1891 773 1918; x_wconf 88' lang='lat' dir='ltr'><strong>adhuc</strong></span> <span class='ocrx_word' id='word_1_280' title='bbox 786 1891 944 1918; x_wconf 83' lang='lat' dir='ltr'><strong>claudican-</strong></span> 
     </span>
    </p>
   </div>
   <div class='ocr_carea' id='block_1_39' title="bbox 156 1936 944 1971">
    <p class='ocr_par' dir='ltr' id='par_1_39' title="bbox 156 1936 944 1971">
     <span class='ocr_line' id='line_1_39' title="bbox 156 1936 944 1971; baseline -0.005 -4"><span class='ocrx_word' id='word_1_281' title='bbox 156 1945 197 1967; x_wconf 77' lang='lat' dir='ltr'><strong>trs</strong></span> <span class='ocrx_word' id='word_1_282' title='bbox 209 1959 216 1971; x_wconf 88' lang='lat'><strong>,</strong></span> <span class='ocrx_word' id='word_1_283' title='bbox 237 1938 342 1965; x_wconf 79' lang='lat' dir='ltr'><strong>ellicere</strong></span> <span class='ocrx_word' id='word_1_284' title='bbox 359 1942 474 1965; x_wconf 88' lang='lat' dir='ltr'><strong>conatur</strong></span> <span class='ocrx_word' id='word_1_285' title='bbox 489 1942 518 1964; x_wconf 94' lang='lat' dir='ltr'><strong>ut</strong></span> <span class='ocrx_word' id='word_1_286' title='bbox 535 1936 643 1964; x_wconf 88' lang='lat' dir='ltr'><strong>tandem</strong></span> <span class='ocrx_word' id='word_1_287' title='bbox 663 1936 811 1971; x_wconf 86' lang='lat' dir='ltr'><strong>abjicerent</strong></span> <span class='ocrx_word' id='word_1_288' title='bbox 830 1945 891 1971; x_wconf 70' lang='lat' dir='ltr'><strong>qua:</strong></span> <span class='ocrx_word' id='word_1_289' title='bbox 909 1936 944 1963; x_wconf 89' lang='lat' dir='ltr'><strong>ab</strong></span> 
     </span>
    </p>
   </div>
   <div class='ocr_carea' id='block_1_40' title="bbox 157 1983 944 2021">
    <p class='ocr_par' dir='ltr' id='par_1_40' title="bbox 157 1983 944 2021">
     <span class='ocr_line' id='line_1_40' title="bbox 157 1983 944 2021; baseline -0.005 -8"><span class='ocrx_word' id='word_1_290' title='bbox 157 1986 223 2021; x_wconf 86' lang='lat' dir='ltr'><strong>ipsis</strong></span> <span class='ocrx_word' id='word_1_291' title='bbox 251 1986 331 2012; x_wconf 93' lang='lat' dir='ltr'><strong>anxie</strong></span> <span class='ocrx_word' id='word_1_292' title='bbox 348 1984 586 2019; x_wconf 78' lang='lat' dir='ltr'><strong>exspectabantur,</strong></span> <span class='ocrx_word' id='word_1_293' title='bbox 612 1983 737 2010; x_wconf 81' lang='lat' dir='ltr'><strong>excitans</strong></span> <span class='ocrx_word' id='word_1_294' title='bbox 762 1987 790 2009; x_wconf 83' lang='lat' dir='ltr'><strong>et</strong></span> <span class='ocrx_word' id='word_1_295' title='bbox 818 1983 944 2018; x_wconf 75' lang='lat' dir='ltr'><strong>augendo</strong></span> 
     </span>
    </p>
   </div>
   <div class='ocr_carea' id='block_1_41' title="bbox 156 2029 945 2067">
    <p class='ocr_par' dir='ltr' id='par_1_41' title="bbox 156 2029 945 2067">
     <span class='ocr_line' id='line_1_41' title="bbox 156 2029 945 2067; baseline -0.004 -8"><span class='ocrx_word' id='word_1_296' title='bbox 156 2040 236 2067; x_wconf 85' lang='lat' dir='ltr'><strong>quasi</strong></span> <span class='ocrx_word' id='word_1_297' title='bbox 258 2038 357 2066; x_wconf 89' lang='lat' dir='ltr'><strong>parans</strong></span> <span class='ocrx_word' id='word_1_298' title='bbox 374 2030 447 2065; x_wconf 83' lang='lat' dir='ltr'><strong>ipsos</strong></span> <span class='ocrx_word' id='word_1_299' title='bbox 459 2029 640 2064; x_wconf 86' lang='lat' dir='ltr'><strong>promissione</strong></span> <span class='ocrx_word' id='word_1_300' title='bbox 658 2029 744 2056; x_wconf 65' lang='lat' dir='ltr'><strong>beatae</strong></span> <span class='ocrx_word' id='word_1_301' title='bbox 761 2029 824 2056; x_wconf 69' lang='lat' dir='ltr'><strong>vita:</strong></span> <span class='ocrx_word' id='word_1_302' title='bbox 839 2029 871 2056; x_wconf 89' lang='lat' dir='ltr'><strong>ad</strong></span> <span class='ocrx_word' id='word_1_303' title='bbox 888 2036 945 2056; x_wconf 86' lang='lat' dir='ltr'><strong>ma-</strong></span> 
     </span>
    </p>
   </div>
   <div class='ocr_carea' id='block_1_42' title="bbox 157 2076 943 2113">
    <p class='ocr_par' dir='ltr' id='par_1_42' title="bbox 157 2076 943 2113">
     <span class='ocr_line' id='line_1_42' title="bbox 157 2076 943 2113; baseline -0.003 -8"><span class='ocrx_word' id='word_1_304' title='bbox 157 2078 312 2113; x_wconf 74' lang='lat' dir='ltr'><strong>gnanimam</strong></span> <span class='ocrx_word' id='word_1_305' title='bbox 337 2084 399 2104; x_wconf 90' lang='lat' dir='ltr'><strong>cum</strong></span> <span class='ocrx_word' id='word_1_306' title='bbox 420 2076 479 2111; x_wconf 91' lang='lat' dir='ltr'><strong>ipso</strong></span> <span class='ocrx_word' id='word_1_307' title='bbox 498 2084 585 2110; x_wconf 88' lang='lat' dir='ltr'><strong>usque</strong></span> <span class='ocrx_word' id='word_1_308' title='bbox 609 2076 643 2103; x_wconf 85' lang='lat' dir='ltr'><strong>ad</strong></span> <span class='ocrx_word' id='word_1_309' title='bbox 664 2079 780 2102; x_wconf 84' lang='lat' dir='ltr'><strong>mortem</strong></span> <span class='ocrx_word' id='word_1_310' title='bbox 802 2076 943 2103; x_wconf 87' lang='lat' dir='ltr'><strong>unionem.</strong></span> 
     </span>
    </p>
   </div>
   <div class='ocr_carea' id='block_1_43' title="bbox 158 2121 945 2155">
    <p class='ocr_par' dir='ltr' id='par_1_43' title="bbox 158 2121 945 2155">
     <span class='ocr_line' id='line_1_43' title="bbox 158 2121 945 2155; baseline -0.004 -4"><span class='ocrx_word' id='word_1_311' title='bbox 158 2125 292 2152; x_wconf 85' lang='lat' dir='ltr'><strong>Cernebat</strong></span> <span class='ocrx_word' id='word_1_312' title='bbox 304 2124 376 2151; x_wconf 89' lang='lat' dir='ltr'><strong>enim</strong></span> <span class='ocrx_word' id='word_1_313' title='bbox 395 2123 468 2155; x_wconf 87' lang='lat' dir='ltr'><strong>ipsos</strong></span> <span class='ocrx_word' id='word_1_314' title='bbox 482 2123 669 2149; x_wconf 65' lang='lat' dir='ltr'><strong>inconstantes</strong></span> <span class='ocrx_word' id='word_1_315' title='bbox 683 2142 690 2154; x_wconf 87' lang='lat'><strong>,</strong></span> <span class='ocrx_word' id='word_1_316' title='bbox 706 2121 780 2148; x_wconf 85' lang='lat' dir='ltr'><strong>velut</strong></span> <span class='ocrx_word' id='word_1_317' title='bbox 795 2121 945 2148; x_wconf 85' lang='lat' dir='ltr'><strong>arundines</strong></span> 
     </span>
    </p>
   </div>
   <div class='ocr_carea' id='block_1_44' title="bbox 160 2166 944 2205">
    <p class='ocr_par' dir='ltr' id='par_1_44' title="bbox 160 2166 944 2205">
     <span class='ocr_line' id='line_1_44' title="bbox 160 2166 944 2205; baseline -0.006 -7"><span class='ocrx_word' id='word_1_318' title='bbox 160 2175 240 2198; x_wconf 82' lang='lat' dir='ltr'><strong>vento</strong></span> <span class='ocrx_word' id='word_1_319' title='bbox 250 2174 393 2205; x_wconf 85' lang='lat' dir='ltr'><strong>quassatas</strong></span> <span class='ocrx_word' id='word_1_320' title='bbox 405 2177 412 2194; x_wconf 95' lang='lat'>:</span> <span class='ocrx_word' id='word_1_321' title='bbox 429 2168 455 2195; x_wconf 89' lang='lat' dir='ltr'><strong>id</strong></span> <span class='ocrx_word' id='word_1_322' title='bbox 468 2168 539 2202; x_wconf 87' lang='lat' dir='ltr'><strong>quod</strong></span> <span class='ocrx_word' id='word_1_323' title='bbox 551 2168 634 2194; x_wconf 85' lang='lat' dir='ltr'><strong>etiam</strong></span> <span class='ocrx_word' id='word_1_324' title='bbox 646 2167 733 2195; x_wconf 88' lang='lat' dir='ltr'><strong>Judas</strong></span> <span class='ocrx_word' id='word_1_325' title='bbox 745 2167 789 2194; x_wconf 89' lang='lat' dir='ltr'><strong>ille</strong></span> <span class='ocrx_word' id='word_1_326' title='bbox 802 2166 944 2194; x_wconf 84' lang='lat' dir='ltr'><strong>lscariotes</strong></span> 
     </span>
    </p>
   </div>
   <div class='ocr_carea' id='block_1_45' title="bbox 159 2212 945 2248">
    <p class='ocr_par' dir='ltr' id='par_1_45' title="bbox 159 2212 945 2248">
     <span class='ocr_line' id='line_1_45' title="bbox 159 2212 945 2248; baseline -0.006 -4"><span class='ocrx_word' id='word_1_327' title='bbox 159 2221 222 2244; x_wconf 84' lang='lat' dir='ltr'><strong>ante</strong></span> <span class='ocrx_word' id='word_1_328' title='bbox 236 2215 424 2243; x_wconf 84' lang='lat' dir='ltr'><strong>necessitatem</strong></span> <span class='ocrx_word' id='word_1_329' title='bbox 439 2218 485 2241; x_wconf 89' lang='lat' dir='ltr'><strong>aut</strong></span> <span class='ocrx_word' id='word_1_330' title='bbox 496 2214 713 2248; x_wconf 86' lang='lat' dir='ltr'><strong>persecutionem</strong></span> <span class='ocrx_word' id='word_1_331' title='bbox 725 2213 845 2248; x_wconf 86' lang='lat' dir='ltr'><strong>aliquam</strong></span> <span class='ocrx_word' id='word_1_332' title='bbox 857 2212 945 2248; x_wconf 77' lang='lat' dir='ltr'><strong>ﬂagel-</strong></span> 
     </span>
    </p>
   </div>
   <div class='ocr_carea' id='block_1_46' title="bbox 160 2259 943 2297">
    <p class='ocr_par' dir='ltr' id='par_1_46' title="bbox 160 2259 943 2297">
     <span class='ocr_line' id='line_1_46' title="bbox 160 2259 943 2297; baseline -0.006 -6"><span class='ocrx_word' id='word_1_333' title='bbox 160 2265 344 2297; x_wconf 78' lang='lat' dir='ltr'><strong>lationemque</strong></span> <span class='ocrx_word' id='word_1_334' title='bbox 354 2282 361 2294; x_wconf 86' lang='grc'><strong>,</strong></span> <span class='ocrx_word' id='word_1_335' title='bbox 377 2261 480 2288; x_wconf 85' lang='lat' dir='ltr'><strong>veritus</strong></span> <span class='ocrx_word' id='word_1_336' title='bbox 496 2260 602 2291; x_wconf 76' lang='lat' dir='ltr'><strong>l‘utura.</strong></span> <span class='ocrx_word' id='word_1_337' title='bbox 617 2264 645 2287; x_wconf 88' lang='lat' dir='ltr'><strong>et</strong></span> <span class='ocrx_word' id='word_1_338' title='bbox 658 2259 800 2287; x_wconf 86' lang='lat' dir='ltr'><strong>avaritiam</strong></span> <span class='ocrx_word' id='word_1_339' title='bbox 815 2264 925 2287; x_wconf 86' lang='lat' dir='ltr'><strong>secutus</strong></span> <span class='ocrx_word' id='word_1_340' title='bbox 935 2279 943 2291; x_wconf 92' lang='lat'><strong>,</strong></span> 
     </span>
    </p>
   </div>
   <div class='ocr_carea' id='block_1_47' title="bbox 159 2305 944 2344">
    <p class='ocr_par' dir='ltr' id='par_1_47' title="bbox 159 2305 944 2344">
     <span class='ocr_line' id='line_1_47' title="bbox 159 2305 944 2344; baseline -0.005 -8"><span class='ocrx_word' id='word_1_341' title='bbox 159 2315 187 2337; x_wconf 89' lang='lat' dir='ltr'><strong>et</strong></span> <span class='ocrx_word' id='word_1_342' title='bbox 198 2310 298 2344; x_wconf 87' lang='lat' dir='ltr'><strong>impetu</strong></span> <span class='ocrx_word' id='word_1_343' title='bbox 311 2308 424 2343; x_wconf 88' lang='lat' dir='ltr'><strong>spiritus</strong></span> <span class='ocrx_word' id='word_1_344' title='bbox 440 2308 615 2341; x_wconf 85' lang='lat' dir='ltr'><strong>semetipsum</strong></span> <span class='ocrx_word' id='word_1_345' title='bbox 638 2306 756 2333; x_wconf 84' lang='lat' dir='ltr'><strong>amantis</strong></span> <span class='ocrx_word' id='word_1_346' title='bbox 771 2310 867 2339; x_wconf 85' lang='lat' dir='ltr'><strong>captus</strong></span> <span class='ocrx_word' id='word_1_347' title='bbox 877 2324 885 2336; x_wconf 88' lang='lat'><strong>,</strong></span> <span class='ocrx_word' id='word_1_348' title='bbox 899 2305 944 2332; x_wconf 86' lang='lat' dir='ltr'><strong>de-</strong></span> 
     </span>
    </p>
   </div>
   <div class='ocr_carea' id='block_1_48' title="bbox 160 2351 946 2389">
    <p class='ocr_par' dir='ltr' id='par_1_48' title="bbox 160 2351 946 2389">
     <span class='ocr_line' id='line_1_48' title="bbox 160 2351 946 2389; baseline -0.006 -7"><span class='ocrx_word' id='word_1_349' title='bbox 160 2355 290 2388; x_wconf 82' lang='lat' dir='ltr'><strong>claravit,</strong></span> <span class='ocrx_word' id='word_1_350' title='bbox 305 2355 351 2389; x_wconf 87' lang='lat' dir='ltr'><strong>qui</strong></span> <span class='ocrx_word' id='word_1_351' title='bbox 367 2353 512 2380; x_wconf 89' lang='lat' dir='ltr'><strong>Dominum</strong></span> <span class='ocrx_word' id='word_1_352' title='bbox 531 2352 662 2379; x_wconf 86' lang='lat' dir='ltr'><strong>vendidit.</strong></span> <span class='ocrx_word' id='word_1_353' title='bbox 680 2351 782 2379; x_wconf 87' lang='lat' dir='ltr'><strong>Eodem</strong></span> <span class='ocrx_word' id='word_1_354' title='bbox 797 2352 868 2378; x_wconf 88' lang='lat' dir='ltr'><strong>idem</strong></span> <span class='ocrx_word' id='word_1_355' title='bbox 885 2359 946 2386; x_wconf 87' lang='lat' dir='ltr'><strong>pas-</strong></span> 
     </span>
    </p>
   </div>
   <div class='ocr_carea' id='block_1_49' title="bbox 162 2398 949 2434">
    <p class='ocr_par' dir='ltr' id='par_1_49' title="bbox 162 2398 949 2434">
     <span class='ocr_line' id='line_1_49' title="bbox 162 2398 949 2434; baseline -0.005 -6"><span class='ocrx_word' id='word_1_356' title='bbox 162 2401 246 2428; x_wconf 80' lang='lat' dir='ltr'><strong>sionis</strong></span> <span class='ocrx_word' id='word_1_357' title='bbox 259 2405 390 2434; x_wconf 88' lang='lat' dir='ltr'><strong>tempore,</strong></span> <span class='ocrx_word' id='word_1_358' title='bbox 402 2399 450 2434; x_wconf 91' lang='lat' dir='ltr'><strong>qui</strong></span> <span class='ocrx_word' id='word_1_359' title='bbox 462 2399 584 2426; x_wconf 85' lang='lat' dir='ltr'><strong>Ballilam</strong></span> <span class='ocrx_word' id='word_1_360' title='bbox 596 2398 808 2429; x_wconf 80' lang='lat' dir='ltr'><strong>extimescebat,</strong></span> <span class='ocrx_word' id='word_1_361' title='bbox 823 2405 949 2425; x_wconf 85' lang='lat' dir='ltr'><strong>summus</strong></span> 
     </span>
    </p>
   </div>
   <div class='ocr_carea' id='block_1_50' title="bbox 162 2442 949 2481">
    <p class='ocr_par' dir='ltr' id='par_1_50' title="bbox 162 2442 949 2481">
     <span class='ocr_line' id='line_1_50' title="bbox 162 2442 949 2481; baseline -0.008 -8"><span class='ocrx_word' id='word_1_362' title='bbox 162 2448 207 2473; x_wconf 88' lang='lat' dir='ltr'><strong>ille</strong></span> <span class='ocrx_word' id='word_1_363' title='bbox 235 2446 374 2481; x_wconf 87' lang='lat' dir='ltr'><strong>apostolus</strong></span> <span class='ocrx_word' id='word_1_364' title='bbox 392 2449 431 2471; x_wconf 85' lang='lat' dir='ltr'><strong>ter</strong></span> <span class='ocrx_word' id='word_1_365' title='bbox 451 2452 513 2472; x_wconf 92' lang='lat' dir='ltr'><strong>cum</strong></span> <span class='ocrx_word' id='word_1_366' title='bbox 532 2443 711 2479; x_wconf 87' lang='lat' dir='ltr'><strong>jurejurando</strong></span> <span class='ocrx_word' id='word_1_367' title='bbox 732 2442 879 2469; x_wconf 92' lang='lat' dir='ltr'><strong>Dominum</strong></span> <span class='ocrx_word' id='word_1_368' title='bbox 901 2442 949 2468; x_wconf 89' lang='lat' dir='ltr'><strong>ab-</strong></span> 
     </span>
    </p>
   </div>
   <div class='ocr_carea' id='block_1_51' title="bbox 162 2486 951 2526">
    <p class='ocr_par' dir='ltr' id='par_1_51' title="bbox 162 2486 951 2526">
     <span class='ocr_line' id='line_1_51' title="bbox 162 2486 951 2526; baseline -0.006 -9"><span class='ocrx_word' id='word_1_369' title='bbox 162 2491 284 2526; x_wconf 69' lang='lat' dir='ltr'><strong>negavit,</strong></span> <span class='ocrx_word' id='word_1_370' title='bbox 299 2490 360 2517; x_wconf 91' lang='lat' dir='ltr'><strong>licet</strong></span> <span class='ocrx_word' id='word_1_371' title='bbox 372 2497 434 2516; x_wconf 86' lang='lat' dir='ltr'><strong>mox</strong></span> <span class='ocrx_word' id='word_1_372' title='bbox 447 2489 631 2524; x_wconf 82' lang='lat' dir='ltr'><strong>lact&#39;ymarum</strong></span> <span class='ocrx_word' id='word_1_373' title='bbox 644 2487 807 2514; x_wconf 85' lang='lat' dir='ltr'><strong>medicinam</strong></span> <span class='ocrx_word' id='word_1_374' title='bbox 820 2486 951 2513; x_wconf 85' lang='lat' dir='ltr'><strong>adhibue-</strong></span> 
     </span>
    </p>
   </div>
   <div class='ocr_carea' id='block_1_52' title="bbox 163 2533 951 2571">
    <p class='ocr_par' dir='ltr' id='par_1_52' title="bbox 163 2533 951 2571">
     <span class='ocr_line' id='line_1_52' title="bbox 163 2533 951 2571; baseline -0.006 -7"><span class='ocrx_word' id='word_1_375' title='bbox 163 2538 207 2564; x_wconf 93' lang='lat' dir='ltr'><strong>rit.</strong></span> <span class='ocrx_word' id='word_1_376' title='bbox 225 2535 314 2571; x_wconf 86' lang='lat' dir='ltr'><strong>thue</strong></span> <span class='ocrx_word' id='word_1_377' title='bbox 326 2535 483 2563; x_wconf 86' lang='lat' dir='ltr'><strong>summatim</strong></span> <span class='ocrx_word' id='word_1_378' title='bbox 498 2535 591 2562; x_wconf 91' lang='lat' dir='ltr'><strong>omnia</strong></span> <span class='ocrx_word' id='word_1_379' title='bbox 608 2534 698 2562; x_wconf 90' lang='lat' dir='ltr'><strong>dicam</strong></span> <span class='ocrx_word' id='word_1_380' title='bbox 710 2553 717 2565; x_wconf 80' lang='lat'><strong>,</strong></span> <span class='ocrx_word' id='word_1_381' title='bbox 733 2533 766 2560; x_wconf 87' lang='lat' dir='ltr'><strong>ad</strong></span> <span class='ocrx_word' id='word_1_382' title='bbox 780 2533 872 2568; x_wconf 89' lang='lat' dir='ltr'><strong>palum</strong></span> <span class='ocrx_word' id='word_1_383' title='bbox 886 2540 951 2559; x_wconf 87' lang='lat' dir='ltr'><strong>cru-</strong></span> 
     </span>
    </p>
   </div>
   <div class='ocr_carea' id='block_1_53' title="bbox 163 2578 948 2617">
    <p class='ocr_par' dir='ltr' id='par_1_53' title="bbox 163 2578 948 2617">
     <span class='ocr_line' id='line_1_53' title="bbox 163 2578 948 2617; baseline -0.005 -8"><span class='ocrx_word' id='word_1_384' title='bbox 163 2584 202 2610; x_wconf 83' lang='lat' dir='ltr'><strong>cis</strong></span> <span class='ocrx_word' id='word_1_385' title='bbox 218 2583 277 2617; x_wconf 85' lang='lat' dir='ltr'><strong>ipso</strong></span> <span class='ocrx_word' id='word_1_386' title='bbox 290 2587 388 2614; x_wconf 84' lang='lat' dir='ltr'><strong>eunte,</strong></span> <span class='ocrx_word' id='word_1_387' title='bbox 406 2581 519 2616; x_wconf 85' lang='lat' dir='ltr'><strong>spiritus</strong></span> <span class='ocrx_word' id='word_1_388' title='bbox 535 2580 691 2608; x_wconf 86' lang='lat' dir='ltr'><strong>timiditatis</strong></span> <span class='ocrx_word' id='word_1_389' title='bbox 707 2580 735 2607; x_wconf 88' lang='lat' dir='ltr'><strong>in</strong></span> <span class='ocrx_word' id='word_1_390' title='bbox 751 2579 819 2614; x_wconf 83' lang='lat' dir='ltr'><strong>ipsis</strong></span> <span class='ocrx_word' id='word_1_391' title='bbox 834 2578 948 2607; x_wconf 78' lang='lat' dir='ltr'><strong>confra-</strong></span> 
     </span>
    </p>
   </div>
   <div class='ocr_carea' id='block_1_54' title="bbox 163 2626 949 2663">
    <p class='ocr_par' dir='ltr' id='par_1_54' title="bbox 163 2626 949 2663">
     <span class='ocr_line' id='line_1_54' title="bbox 163 2626 949 2663; baseline -0.004 -7"><span class='ocrx_word' id='word_1_392' title='bbox 163 2635 240 2662; x_wconf 84' lang='lat' dir='ltr'><strong>ctus,</strong></span> <span class='ocrx_word' id='word_1_393' title='bbox 256 2636 351 2656; x_wconf 85' lang='lat' dir='ltr'><strong>omnes</strong></span> <span class='ocrx_word' id='word_1_394' title='bbox 367 2636 418 2656; x_wconf 90' lang='lat' dir='ltr'><strong>usu</strong></span> <span class='ocrx_word' id='word_1_395' title='bbox 434 2627 504 2663; x_wconf 65' lang='lat' dir='ltr'><strong>fugae</strong></span> <span class='ocrx_word' id='word_1_396' title='bbox 523 2627 576 2655; x_wconf 89' lang='lat' dir='ltr'><strong>sibi</strong></span> <span class='ocrx_word' id='word_1_397' title='bbox 596 2627 740 2655; x_wconf 84' lang='lat' dir='ltr'><strong>consulere</strong></span> <span class='ocrx_word' id='word_1_398' title='bbox 761 2626 949 2661; x_wconf 81' lang='lat' dir='ltr'><strong>fecit,permi-</strong></span> 
     </span>
    </p>
   </div>
   <div class='ocr_carea' id='block_1_55' title="bbox 164 2671 950 2709">
    <p class='ocr_par' dir='ltr' id='par_1_55' title="bbox 164 2671 950 2709">
     <span class='ocr_line' id='line_1_55' title="bbox 164 2671 950 2709; baseline -0.005 -7"><span class='ocrx_word' id='word_1_399' title='bbox 164 2675 253 2709; x_wconf 84' lang='lat' dir='ltr'><strong>sitque</strong></span> <span class='ocrx_word' id='word_1_400' title='bbox 279 2675 354 2709; x_wconf 90' lang='lat' dir='ltr'><strong>prius</strong></span> <span class='ocrx_word' id='word_1_401' title='bbox 372 2675 462 2709; x_wconf 86' lang='lat' dir='ltr'><strong>ipsum</strong></span> <span class='ocrx_word' id='word_1_402' title='bbox 479 2673 611 2706; x_wconf 83' lang='lat' dir='ltr'><strong>interﬁci,</strong></span> <span class='ocrx_word' id='word_1_403' title='bbox 626 2680 706 2708; x_wconf 89' lang='lat' dir='ltr'><strong>quam</strong></span> <span class='ocrx_word' id='word_1_404' title='bbox 725 2671 903 2707; x_wconf 62' lang='lat' dir='ltr'><strong>praedicarent</strong></span> <span class='ocrx_word' id='word_1_405' title='bbox 919 2679 950 2698; x_wconf 90' lang='lat' dir='ltr'><strong>ea</strong></span> 
     </span>
    </p>
   </div>
   <div class='ocr_carea' id='block_1_56' title="bbox 204 2762 938 2799">
    <p class='ocr_par' dir='ltr' id='par_1_56' title="bbox 204 2762 938 2799">
     <span class='ocr_line' id='line_1_56' title="bbox 204 2762 938 2799; baseline -0.001 -8"><span class='ocrx_word' id='word_1_406' title='bbox 204 2766 211 2780; x_wconf 93' lang='lat'>&#39;</span> <span class='ocrx_word' id='word_1_407' title='bbox 231 2764 296 2792; x_wconf 77' lang='lat' dir='ltr'><strong>lleb.</strong></span> <span class='ocrx_word' id='word_1_408' title='bbox 310 2764 411 2796; x_wconf 66' lang='grc' dir='ltr'><strong>ν11,19.</strong></span> <span class='ocrx_word' id='word_1_409' title='bbox 460 2765 470 2779; x_wconf 85' lang='lat'><strong><em>‘</em></strong></span> <span class='ocrx_word' id='word_1_410' title='bbox 487 2763 517 2791; x_wconf 93' lang='lat' dir='ltr'><strong>Ill</strong></span> <span class='ocrx_word' id='word_1_411' title='bbox 535 2763 645 2799; x_wconf 64' lang='lat'><strong>“83.1&quot;,</strong></span> <span class='ocrx_word' id='word_1_412' title='bbox 661 2764 702 2791; x_wconf 65' lang='lat'><strong>12.</strong></span> <span class='ocrx_word' id='word_1_413' title='bbox 717 2762 739 2790; x_wconf 83' lang='lat' dir='ltr'><strong>ll</strong></span> <span class='ocrx_word' id='word_1_414' title='bbox 755 2763 844 2790; x_wconf 74' lang='lat' dir='ltr'><strong>l‘aral.</strong></span> <span class='ocrx_word' id='word_1_415' title='bbox 860 2770 877 2795; x_wconf 78' lang='grc' dir='ltr'><strong>ι,</strong></span> <span class='ocrx_word' id='word_1_416' title='bbox 896 2763 938 2790; x_wconf 71' lang='grc'><strong>12.</strong></span> 
     </span>
    </p>
   </div>
   <div class='ocr_carea' id='block_1_57' title="bbox 686 90 1245 122">
    <p class='ocr_par' dir='ltr' id='par_1_57' title="bbox 686 90 1245 122">
     <span class='ocr_line' id='line_1_57' title="bbox 686 90 1245 122; baseline 0.011 -5"><span class='ocrx_word' id='word_1_417' title='bbox 686 90 714 118; x_wconf 86' lang='lat' dir='ltr'><strong>S.</strong></span> <span class='ocrx_word' id='word_1_418' title='bbox 737 91 886 119; x_wconf 70' lang='lat' dir='ltr'><strong>CAESAR&quot;</strong></span> <span class='ocrx_word' id='word_1_419' title='bbox 901 93 1063 121; x_wconf 78' lang='lat' dir='ltr'><strong>CRECORII</strong></span> <span class='ocrx_word' id='word_1_420' title='bbox 1085 95 1245 122; x_wconf 77' lang='lat' dir='ltr'><strong>FHATRIS-</strong></span> 
     </span>
    </p>
   </div>
   <div class='ocr_carea' id='block_1_58' title="bbox 1697 97 1783 123">
    <p class='ocr_par' dir='ltr' id='par_1_58' title="bbox 1697 97 1783 123">
     <span class='ocr_line' id='line_1_58' title="bbox 1697 97 1783 123; baseline 0 0"><span class='ocrx_word' id='word_1_421' title='bbox 1697 97 1783 123; x_wconf 69' lang='lat' dir='ltr'><strong>1H8</strong></span> 
     </span>
    </p>
   </div>
   <div class='ocr_carea' id='block_1_59' title="bbox 977 152 1781 189">
    <p class='ocr_par' dir='ltr' id='par_1_59' title="bbox 977 152 1781 189">
     <span class='ocr_line' id='line_1_59' title="bbox 977 152 1781 189; baseline 0.004 -13"><span class='ocrx_word' id='word_1_422' title='bbox 977 152 1079 187; x_wconf 80' lang='grc' dir='ltr'><strong>Κυρίου</strong></span> <span class='ocrx_word' id='word_1_423' title='bbox 1097 152 1312 187; x_wconf 76' lang='grc' dir='ltr'><strong>βαπτισθέντων·</strong></span> <span class='ocrx_word' id='word_1_424' title='bbox 1328 154 1423 181; x_wconf 79' lang='grc' dir='ltr'><strong>Οὐδὲν</strong></span> <span class='ocrx_word' id='word_1_425' title='bbox 1435 155 1488 189; x_wconf 59' lang='grc' dir='ltr'><strong>γὰρ</strong></span> <span class='ocrx_word' id='word_1_426' title='bbox 1498 154 1675 181; x_wconf 63' lang='grc' dir='ltr'>ἐτελείωσεν</span> <span class='ocrx_word' id='word_1_427' title='bbox 1688 155 1705 180; x_wconf 83' lang='grc' dir='ltr'><em>ὁ</em></span> <span class='ocrx_word' id='word_1_428' title='bbox 1722 154 1781 180; x_wconf 82' lang='grc' dir='ltr'><strong>νό-</strong></span> 
     </span>
    </p>
   </div>
   <div class='ocr_carea' id='block_1_60' title="bbox 975 199 1779 237">
    <p class='ocr_par' dir='ltr' id='par_1_60' title="bbox 975 199 1779 237">
     <span class='ocr_line' id='line_1_60' title="bbox 975 199 1779 237; baseline 0.002 -13"><span class='ocrx_word' id='word_1_429' title='bbox 975 206 1040 232; x_wconf 82' lang='grc' dir='ltr'>μος,</span> <span class='ocrx_word' id='word_1_430' title='bbox 1058 199 1149 231; x_wconf 85' lang='grc' dir='ltr'>καθώς</span> <span class='ocrx_word' id='word_1_431' title='bbox 1160 209 1241 235; x_wconf 84' lang='grc' dir='ltr'>φησιν</span> <span class='ocrx_word' id='word_1_432' title='bbox 1251 201 1265 226; x_wconf 99' lang='lat'><strong>6</strong></span> <span class='ocrx_word' id='word_1_433' title='bbox 1278 200 1362 233; x_wconf 78' lang='grc' dir='ltr'>πολὺς</span> <span class='ocrx_word' id='word_1_434' title='bbox 1375 202 1404 228; x_wconf 75' lang='grc' dir='ltr'>ἐν</span> <span class='ocrx_word' id='word_1_435' title='bbox 1415 201 1453 237; x_wconf 83' lang='grc' dir='ltr'><strong>τῷ</strong></span> <span class='ocrx_word' id='word_1_436' title='bbox 1465 201 1549 236; x_wconf 82' lang='grc' dir='ltr'>νόμῳ,</span> <span class='ocrx_word' id='word_1_437' title='bbox 1563 202 1608 228; x_wconf 77' lang='grc' dir='ltr'><strong>καὶ</strong></span> <span class='ocrx_word' id='word_1_438' title='bbox 1620 201 1728 236; x_wconf 73' lang='grc' dir='ltr'>ὑψηλὸς</span> <span class='ocrx_word' id='word_1_439' title='bbox 1744 202 1779 227; x_wconf 78' lang='grc' dir='ltr'>ὲν</span> 
     </span>
    </p>
   </div>
   <div class='ocr_carea' id='block_1_61' title="bbox 985 243 1782 280">
    <p class='ocr_par' dir='ltr' id='par_1_61' title="bbox 985 243 1782 280">
     <span class='ocr_line' id='line_1_61' title="bbox 985 243 1782 280; baseline 0.006 -13"><span class='ocrx_word' id='word_1_440' title='bbox 985 243 1157 276; x_wconf 67' lang='grc' dir='ltr'>Ευαγγελίοις</span> <span class='ocrx_word' id='word_1_441' title='bbox 1179 244 1346 275; x_wconf 78' lang='grc' dir='ltr'>Ἀπόστολος.</span> <span class='ocrx_word' id='word_1_442' title='bbox 1359 246 1469 271; x_wconf 81' lang='grc' dir='ltr'>πάντων</span> <span class='ocrx_word' id='word_1_443' title='bbox 1481 245 1509 270; x_wconf 80' lang='grc' dir='ltr'><strong>ἐν</strong></span> <span class='ocrx_word' id='word_1_444' title='bbox 1523 245 1605 280; x_wconf 84' lang='grc' dir='ltr'>πείρᾳ</span> <span class='ocrx_word' id='word_1_445' title='bbox 1619 244 1782 277; x_wconf 71' lang='grc' dir='ltr'>καθεστώς.</span> 
     </span>
    </p>
   </div>
   <div class='ocr_carea' id='block_1_62' title="bbox 989 287 1787 326">
    <p class='ocr_par' dir='ltr' id='par_1_62' title="bbox 989 287 1787 326">
     <span class='ocr_line' id='line_1_62' title="bbox 989 287 1787 326; baseline 0.006 -13"><span class='ocrx_word' id='word_1_446' title='bbox 989 287 1032 314; x_wconf 83' lang='grc' dir='ltr'><strong>Ἐν</strong></span> <span class='ocrx_word' id='word_1_447' title='bbox 1056 290 1088 323; x_wconf 86' lang='grc' dir='ltr'>τῇ</span> <span class='ocrx_word' id='word_1_448' title='bbox 1104 291 1184 325; x_wconf 81' lang='grc' dir='ltr'>γενεᾷ</span> <span class='ocrx_word' id='word_1_449' title='bbox 1204 288 1250 316; x_wconf 77' lang='grc' dir='ltr'>οὖν</span> <span class='ocrx_word' id='word_1_450' title='bbox 1269 289 1363 321; x_wconf 76' lang='grc' dir='ltr'>αὑτοῦ,</span> <span class='ocrx_word' id='word_1_451' title='bbox 1377 291 1424 318; x_wconf 69' lang='grc' dir='ltr'>καὶ</span> <span class='ocrx_word' id='word_1_452' title='bbox 1443 291 1473 317; x_wconf 79' lang='grc' dir='ltr'><strong>ὲν</strong></span> <span class='ocrx_word' id='word_1_453' title='bbox 1487 292 1543 322; x_wconf 83' lang='grc' dir='ltr'>τοῖς</span> <span class='ocrx_word' id='word_1_454' title='bbox 1565 293 1672 326; x_wconf 85' lang='grc' dir='ltr'>καιροῖς</span> <span class='ocrx_word' id='word_1_455' title='bbox 1687 290 1787 318; x_wconf 73' lang='grc' dir='ltr'><strong>αὖτοῦ</strong></span> 
     </span>
    </p>
   </div>
   <div class='ocr_carea' id='block_1_63' title="bbox 985 332 1786 371">
    <p class='ocr_par' dir='ltr' id='par_1_63' title="bbox 985 332 1786 371">
     <span class='ocr_line' id='line_1_63' title="bbox 985 332 1786 371; baseline 0.006 -14"><span class='ocrx_word' id='word_1_456' title='bbox 985 332 1085 366; x_wconf 72' lang='grc' dir='ltr'>μείζων</span> <span class='ocrx_word' id='word_1_457' title='bbox 1099 334 1208 361; x_wconf 74' lang='grc' dir='ltr'><strong>’πάντων</strong></span> <span class='ocrx_word' id='word_1_458' title='bbox 1223 333 1256 370; x_wconf 80' lang='grc' dir='ltr'>ἦν</span> <span class='ocrx_word' id='word_1_459' title='bbox 1268 336 1282 362; x_wconf 88' lang='lat'><strong>6</strong></span> <span class='ocrx_word' id='word_1_460' title='bbox 1301 335 1428 370; x_wconf 78' lang='grc' dir='ltr'><strong>Ἰωάννης</strong></span> <span class='ocrx_word' id='word_1_461' title='bbox 1439 343 1447 350; x_wconf 84' lang='grc'><strong>’</strong></span> <span class='ocrx_word' id='word_1_462' title='bbox 1467 336 1528 362; x_wconf 75' lang='grc' dir='ltr'><strong>ἐπεὶ</strong></span> <span class='ocrx_word' id='word_1_463' title='bbox 1542 336 1595 371; x_wconf 83' lang='grc' dir='ltr'>ἄρα</span> <span class='ocrx_word' id='word_1_464' title='bbox 1609 336 1786 371; x_wconf 77' lang='grc' dir='ltr'>διαμάχεται</span> 
     </span>
    </p>
   </div>
   <div class='ocr_carea' id='block_1_64' title="bbox 983 378 1784 417">
    <p class='ocr_par' dir='ltr' id='par_1_64' title="bbox 983 378 1784 417">
     <span class='ocr_line' id='line_1_64' title="bbox 983 378 1784 417; baseline 0.006 -13"><span class='ocrx_word' id='word_1_465' title='bbox 983 378 1072 414; x_wconf 80' lang='grc' dir='ltr'>ἑαυτῷ</span> <span class='ocrx_word' id='word_1_466' title='bbox 1085 379 1116 405; x_wconf 77' lang='grc' dir='ltr'>τὸ</span> <span class='ocrx_word' id='word_1_467' title='bbox 1136 379 1223 412; x_wconf 80' lang='grc' dir='ltr'>Θεῖον,</span> <span class='ocrx_word' id='word_1_468' title='bbox 1242 380 1310 416; x_wconf 65' lang='grc' dir='ltr'>πρδς</span> <span class='ocrx_word' id='word_1_469' title='bbox 1337 381 1386 416; x_wconf 84' lang='grc' dir='ltr'><strong>μὲν</strong></span> <span class='ocrx_word' id='word_1_470' title='bbox 1403 381 1448 408; x_wconf 85' lang='grc' dir='ltr'>τὸν</span> <span class='ocrx_word' id='word_1_471' title='bbox 1467 382 1626 417; x_wconf 85' lang='grc' dir='ltr'>Σολομῶντα</span> <span class='ocrx_word' id='word_1_472' title='bbox 1647 382 1784 416; x_wconf 75' lang='grc' dir='ltr'>φάσκων,</span> 
     </span>
    </p>
   </div>
   <div class='ocr_carea' id='block_1_65' title="bbox 989 423 1786 462">
    <p class='ocr_par' dir='ltr' id='par_1_65' title="bbox 989 423 1786 462">
     <span class='ocr_line' id='line_1_65' title="bbox 989 423 1786 462; baseline 0.006 -12"><span class='ocrx_word' id='word_1_473' title='bbox 989 423 1037 456; x_wconf 87' lang='grc' dir='ltr'>Ὡς</span> <span class='ocrx_word' id='word_1_474' title='bbox 1074 425 1110 451; x_wconf 87' lang='grc' dir='ltr'>οὺ</span> <span class='ocrx_word' id='word_1_475' title='bbox 1146 423 1269 459; x_wconf 59' lang='grc' dir='ltr'>γέγονεν</span> <span class='ocrx_word' id='word_1_476' title='bbox 1305 426 1475 460; x_wconf 77' lang='grc' dir='ltr'><strong>ἔμπροσθέν</strong></span> <span class='ocrx_word' id='word_1_477' title='bbox 1491 434 1559 459; x_wconf 79' lang='grc' dir='ltr'>σου,</span> <span class='ocrx_word' id='word_1_478' title='bbox 1575 428 1624 454; x_wconf 72' lang='grc' dir='ltr'>καὶ</span> <span class='ocrx_word' id='word_1_479' title='bbox 1644 428 1724 462; x_wconf 79' lang='grc' dir='ltr'>μετὰ</span> <span class='ocrx_word' id='word_1_480' title='bbox 1741 427 1786 455; x_wconf 77' lang='grc' dir='ltr'>σὲ</span> 
     </span>
    </p>
   </div>
   <div class='ocr_carea' id='block_1_66' title="bbox 983 469 1783 508">
    <p class='ocr_par' dir='ltr' id='par_1_66' title="bbox 983 469 1783 508">
     <span class='ocr_line' id='line_1_66' title="bbox 983 469 1783 508; baseline 0.005 -13"><span class='ocrx_word' id='word_1_481' title='bbox 983 469 1039 495; x_wconf 75' lang='grc' dir='ltr'>οὐκ</span> <span class='ocrx_word' id='word_1_482' title='bbox 1062 469 1265 503; x_wconf 77' lang='grc' dir='ltr'>ἀναστήσεται</span> <span class='ocrx_word' id='word_1_483' title='bbox 1285 471 1385 506; x_wconf 81' lang='grc' dir='ltr'>ὅμοιός</span> <span class='ocrx_word' id='word_1_484' title='bbox 1407 479 1476 500; x_wconf 83' lang='grc' dir='ltr'><strong>σου.</strong></span> <span class='ocrx_word' id='word_1_485' title='bbox 1491 473 1559 508; x_wconf 81' lang='grc' dir='ltr'>Περὶ</span> <span class='ocrx_word' id='word_1_486' title='bbox 1578 472 1607 499; x_wconf 82' lang='grc' dir='ltr'>δὲ</span> <span class='ocrx_word' id='word_1_487' title='bbox 1635 473 1783 505; x_wconf 79' lang='grc' dir='ltr'>Ἰωάννου,</span> 
     </span>
    </p>
   </div>
   <div class='ocr_carea' id='block_1_67' title="bbox 984 514 1784 554">
    <p class='ocr_par' dir='ltr' id='par_1_67' title="bbox 984 514 1784 554">
     <span class='ocr_line' id='line_1_67' title="bbox 984 514 1784 554; baseline 0.006 -14"><span class='ocrx_word' id='word_1_488' title='bbox 984 514 1031 540; x_wconf 66' lang='grc' dir='ltr'>καὶ</span> <span class='ocrx_word' id='word_1_489' title='bbox 1045 515 1086 541; x_wconf 77' lang='grc' dir='ltr'>ὅτι</span> <span class='ocrx_word' id='word_1_490' title='bbox 1103 515 1152 542; x_wconf 80' lang='grc' dir='ltr'>οὐκ</span> <span class='ocrx_word' id='word_1_491' title='bbox 1164 517 1311 552; x_wconf 73' lang='grc' dir='ltr'><strong>ἐγήγερται</strong></span> <span class='ocrx_word' id='word_1_492' title='bbox 1327 518 1355 543; x_wconf 80' lang='grc' dir='ltr'><strong>ἐν</strong></span> <span class='ocrx_word' id='word_1_493' title='bbox 1369 519 1506 552; x_wconf 80' lang='grc' dir='ltr'><strong>γεννητοῖς</strong></span> <span class='ocrx_word' id='word_1_494' title='bbox 1519 517 1655 552; x_wconf 83' lang='grc' dir='ltr'>γυναικῶν</span> <span class='ocrx_word' id='word_1_495' title='bbox 1672 518 1784 554; x_wconf 78' lang='grc' dir='ltr'>μείζων</span> 
     </span>
    </p>
   </div>
   <div class='ocr_carea' id='block_1_68' title="bbox 984 559 1784 599">
    <p class='ocr_par' dir='ltr' id='par_1_68' title="bbox 984 559 1784 599">
     <span class='ocr_line' id='line_1_68' title="bbox 984 559 1784 599; baseline 0.006 -14"><span class='ocrx_word' id='word_1_496' title='bbox 984 559 1066 586; x_wconf 70' lang='grc' dir='ltr'>αὑτοῦ</span> <span class='ocrx_word' id='word_1_497' title='bbox 1076 567 1082 574; x_wconf 83' lang='lat'>&#39;</span> <span class='ocrx_word' id='word_1_498' title='bbox 1100 561 1169 588; x_wconf 83' lang='grc' dir='ltr'>κατὰ</span> <span class='ocrx_word' id='word_1_499' title='bbox 1183 561 1230 588; x_wconf 77' lang='grc' dir='ltr'><strong>τδν</strong></span> <span class='ocrx_word' id='word_1_500' title='bbox 1244 563 1325 597; x_wconf 87' lang='grc' dir='ltr'>νόμον</span> <span class='ocrx_word' id='word_1_501' title='bbox 1337 560 1384 589; x_wconf 77' lang='grc' dir='ltr'><strong>οὖν</strong></span> <span class='ocrx_word' id='word_1_502' title='bbox 1408 563 1507 598; x_wconf 77' lang='grc' dir='ltr'><strong>μείζων</strong></span> <span class='ocrx_word' id='word_1_503' title='bbox 1523 561 1568 598; x_wconf 78' lang='grc' dir='ltr'>ἦν,</span> <span class='ocrx_word' id='word_1_504' title='bbox 1592 563 1639 590; x_wconf 82' lang='grc' dir='ltr'>καὶ</span> <span class='ocrx_word' id='word_1_505' title='bbox 1661 564 1784 599; x_wconf 77' lang='grc' dir='ltr'>ἀκριϐέ-</span> 
     </span>
    </p>
   </div>
   <div class='ocr_carea' id='block_1_69' title="bbox 985 607 1784 645">
    <p class='ocr_par' dir='ltr' id='par_1_69' title="bbox 985 607 1784 645">
     <span class='ocr_line' id='line_1_69' title="bbox 985 607 1784 645; baseline 0.006 -13"><span class='ocrx_word' id='word_1_506' title='bbox 985 614 1080 641; x_wconf 85' lang='grc' dir='ltr'>στερος</span> <span class='ocrx_word' id='word_1_507' title='bbox 1096 607 1204 634; x_wconf 81' lang='grc' dir='ltr'>πάντων</span> <span class='ocrx_word' id='word_1_508' title='bbox 1214 616 1221 623; x_wconf 92' lang='grc'>·</span> <span class='ocrx_word' id='word_1_509' title='bbox 1239 609 1380 643; x_wconf 83' lang='grc' dir='ltr'>ἀμείνονες</span> <span class='ocrx_word' id='word_1_510' title='bbox 1393 609 1422 636; x_wconf 83' lang='grc' dir='ltr'>δὲ</span> <span class='ocrx_word' id='word_1_511' title='bbox 1435 609 1601 645; x_wconf 75' lang='grc' dir='ltr'><strong>ὑπάρχουσιν</strong></span> <span class='ocrx_word' id='word_1_512' title='bbox 1616 611 1641 636; x_wconf 72' lang='grc' dir='ltr'>οἱ</span> <span class='ocrx_word' id='word_1_513' title='bbox 1655 610 1784 637; x_wconf 77' lang='grc' dir='ltr'>ἀπόστο-</span> 
     </span>
    </p>
   </div>
   <div class='ocr_carea' id='block_1_70' title="bbox 984 651 1784 690">
    <p class='ocr_par' dir='ltr' id='par_1_70' title="bbox 984 651 1784 690">
     <span class='ocr_line' id='line_1_70' title="bbox 984 651 1784 690; baseline 0.009 -13"><span class='ocrx_word' id='word_1_514' title='bbox 984 651 1042 678; x_wconf 84' lang='grc' dir='ltr'>λοι·</span> <span class='ocrx_word' id='word_1_515' title='bbox 1058 652 1088 678; x_wconf 84' lang='grc' dir='ltr'>οὐ</span> <span class='ocrx_word' id='word_1_516' title='bbox 1105 652 1158 687; x_wconf 82' lang='grc' dir='ltr'>γάρ</span> <span class='ocrx_word' id='word_1_517' title='bbox 1179 661 1260 688; x_wconf 82' lang='grc' dir='ltr'>φησιν</span> <span class='ocrx_word' id='word_1_518' title='bbox 1283 654 1297 680; x_wconf 90' lang='lat'><strong>6</strong></span> <span class='ocrx_word' id='word_1_519' title='bbox 1314 654 1425 690; x_wconf 78' lang='grc' dir='ltr'>Κύριος,</span> <span class='ocrx_word' id='word_1_520' title='bbox 1449 655 1490 681; x_wconf 81' lang='grc' dir='ltr'>ὅτι</span> <span class='ocrx_word' id='word_1_521' title='bbox 1504 656 1554 682; x_wconf 80' lang='grc' dir='ltr'>οὐκ</span> <span class='ocrx_word' id='word_1_522' title='bbox 1569 655 1784 689; x_wconf 73' lang='grc' dir='ltr'><strong>ἀναστήσεται</strong></span> 
     </span>
    </p>
   </div>
   <div class='ocr_carea' id='block_1_71' title="bbox 987 697 1782 735">
    <p class='ocr_par' dir='ltr' id='par_1_71' title="bbox 987 697 1782 735">
     <span class='ocr_line' id='line_1_71' title="bbox 987 697 1782 735; baseline 0.008 -12"><span class='ocrx_word' id='word_1_523' title='bbox 987 697 1087 732; x_wconf 76' lang='grc' dir='ltr'><strong>μείζων</strong></span> <span class='ocrx_word' id='word_1_524' title='bbox 1102 698 1194 729; x_wconf 78' lang='grc' dir='ltr'>αὐτοῦ,</span> <span class='ocrx_word' id='word_1_525' title='bbox 1206 699 1263 725; x_wconf 85' lang='grc' dir='ltr'>ἀλλ’</span> <span class='ocrx_word' id='word_1_526' title='bbox 1278 700 1319 726; x_wconf 77' lang='grc' dir='ltr'>ὅτι</span> <span class='ocrx_word' id='word_1_527' title='bbox 1329 700 1378 727; x_wconf 76' lang='grc' dir='ltr'><strong>οὐκ</strong></span> <span class='ocrx_word' id='word_1_528' title='bbox 1388 701 1554 735; x_wconf 55' lang='grc' dir='ltr'>ἐγήγερται,</span> <span class='ocrx_word' id='word_1_529' title='bbox 1567 701 1665 728; x_wconf 78' lang='grc' dir='ltr'>ὡσανεὶ</span> <span class='ocrx_word' id='word_1_530' title='bbox 1679 703 1707 728; x_wconf 78' lang='grc' dir='ltr'><strong>ἐν</strong></span> <span class='ocrx_word' id='word_1_531' title='bbox 1719 704 1782 734; x_wconf 83' lang='grc' dir='ltr'>τοῖς</span> 
     </span>
    </p>
   </div>
   <div class='ocr_carea' id='block_1_72' title="bbox 985 742 1782 782">
    <p class='ocr_par' dir='ltr' id='par_1_72' title="bbox 985 742 1782 782">
     <span class='ocr_line' id='line_1_72' title="bbox 985 742 1782 782; baseline 0.009 -15"><span class='ocrx_word' id='word_1_532' title='bbox 985 743 1093 777; x_wconf 83' lang='grc' dir='ltr'>καιροῖς</span> <span class='ocrx_word' id='word_1_533' title='bbox 1118 742 1211 770; x_wconf 76' lang='grc' dir='ltr'>αὑτοῦ.</span> <span class='ocrx_word' id='word_1_534' title='bbox 1232 743 1290 779; x_wconf 80' lang='grc' dir='ltr'><strong>Πρὸ</strong></span> <span class='ocrx_word' id='word_1_535' title='bbox 1315 745 1415 779; x_wconf 73' lang='grc' dir='ltr'>ἀμφοῖν</span> <span class='ocrx_word' id='word_1_536' title='bbox 1441 745 1469 772; x_wconf 85' lang='grc' dir='ltr'>δὲ</span> <span class='ocrx_word' id='word_1_537' title='bbox 1491 745 1603 777; x_wconf 81' lang='grc' dir='ltr'>τούτων,</span> <span class='ocrx_word' id='word_1_538' title='bbox 1631 747 1701 782; x_wconf 77' lang='grc' dir='ltr'>πρὸς</span> <span class='ocrx_word' id='word_1_539' title='bbox 1732 748 1782 773; x_wconf 77' lang='grc' dir='ltr'>τὸν</span> 
     </span>
    </p>
   </div>
   <div class='ocr_carea' id='block_1_73' title="bbox 984 787 1782 826">
    <p class='ocr_par' dir='ltr' id='par_1_73' title="bbox 984 787 1782 826">
     <span class='ocr_line' id='line_1_73' title="bbox 984 787 1782 826; baseline 0.009 -13"><span class='ocrx_word' id='word_1_540' title='bbox 984 787 1107 814; x_wconf 79' lang='grc' dir='ltr'>διάϐολόν</span> <span class='ocrx_word' id='word_1_541' title='bbox 1121 797 1203 824; x_wconf 81' lang='grc' dir='ltr'>φησιν</span> <span class='ocrx_word' id='word_1_542' title='bbox 1219 791 1233 816; x_wconf 85' lang='grc' dir='ltr'>ὁ</span> <span class='ocrx_word' id='word_1_543' title='bbox 1244 790 1320 823; x_wconf 81' lang='grc' dir='ltr'>Θεὸς,</span> <span class='ocrx_word' id='word_1_544' title='bbox 1336 791 1510 825; x_wconf 78' lang='grc' dir='ltr'>Προσέσχες</span> <span class='ocrx_word' id='word_1_545' title='bbox 1523 791 1561 826; x_wconf 77' lang='grc' dir='ltr'>τῇ</span> <span class='ocrx_word' id='word_1_546' title='bbox 1580 793 1699 826; x_wconf 72' lang='grc' dir='ltr'>διανοίᾳ</span> <span class='ocrx_word' id='word_1_547' title='bbox 1718 801 1782 820; x_wconf 83' lang='grc' dir='ltr'><strong>σου</strong></span> 
     </span>
    </p>
   </div>
   <div class='ocr_carea' id='block_1_74' title="bbox 986 835 1783 870">
    <p class='ocr_par' dir='ltr' id='par_1_74' title="bbox 986 835 1783 870">
     <span class='ocr_line' id='line_1_74' title="bbox 986 835 1783 870; baseline 0.005 -9"><span class='ocrx_word' id='word_1_548' title='bbox 986 835 1062 861; x_wconf 81' lang='grc' dir='ltr'>κατὰ</span> <span class='ocrx_word' id='word_1_549' title='bbox 1074 835 1127 861; x_wconf 86' lang='grc' dir='ltr'>τοῦ</span> <span class='ocrx_word' id='word_1_550' title='bbox 1138 835 1320 870; x_wconf 72' lang='grc' dir='ltr'>θεράποντάς</span> <span class='ocrx_word' id='word_1_551' title='bbox 1333 846 1393 870; x_wconf 89' lang='grc' dir='ltr'><strong>μου</strong></span> <span class='ocrx_word' id='word_1_552' title='bbox 1417 837 1488 866; x_wconf 76' lang='grc' dir='ltr'><strong>Ἰὼϐ.</strong></span> <span class='ocrx_word' id='word_1_553' title='bbox 1505 838 1549 864; x_wconf 83' lang='grc' dir='ltr'>ὅτι</span> <span class='ocrx_word' id='word_1_554' title='bbox 1566 839 1621 865; x_wconf 80' lang='grc' dir='ltr'>οὐκ</span> <span class='ocrx_word' id='word_1_555' title='bbox 1636 839 1703 866; x_wconf 84' lang='grc' dir='ltr'>ἔστι</span> <span class='ocrx_word' id='word_1_556' title='bbox 1717 838 1783 865; x_wconf 66' lang='grc' dir='ltr'><strong>τῶν</strong></span> 
     </span>
    </p>
   </div>
   <div class='ocr_carea' id='block_1_75' title="bbox 985 880 1782 919">
    <p class='ocr_par' dir='ltr' id='par_1_75' title="bbox 985 880 1782 919">
     <span class='ocr_line' id='line_1_75' title="bbox 985 880 1782 919; baseline 0.006 -13"><span class='ocrx_word' id='word_1_557' title='bbox 985 880 1034 907; x_wconf 76' lang='grc' dir='ltr'><strong>ἐπὶ</strong></span> <span class='ocrx_word' id='word_1_558' title='bbox 1049 880 1106 915; x_wconf 80' lang='grc' dir='ltr'>γῆς</span> <span class='ocrx_word' id='word_1_559' title='bbox 1117 880 1272 915; x_wconf 79' lang='grc' dir='ltr'><strong>ἅνθρωπος</strong></span> <span class='ocrx_word' id='word_1_560' title='bbox 1282 882 1346 909; x_wconf 74' lang='grc' dir='ltr'>κατ’</span> <span class='ocrx_word' id='word_1_561' title='bbox 1358 883 1469 915; x_wconf 84' lang='grc' dir='ltr'><strong>αὐτὸν;</strong></span> <span class='ocrx_word' id='word_1_562' title='bbox 1487 884 1542 910; x_wconf 63' lang='grc' dir='ltr'><strong>Καὶ</strong></span> <span class='ocrx_word' id='word_1_563' title='bbox 1556 884 1624 919; x_wconf 72' lang='grc' dir='ltr'>πρὸς</span> <span class='ocrx_word' id='word_1_564' title='bbox 1644 884 1691 911; x_wconf 83' lang='grc' dir='ltr'>τὸν</span> <span class='ocrx_word' id='word_1_565' title='bbox 1711 885 1782 911; x_wconf 82' lang='grc' dir='ltr'><strong>Μω-</strong></span> 
     </span>
    </p>
   </div>
   <div class='ocr_carea' id='block_1_76' title="bbox 987 925 1782 965">
    <p class='ocr_par' dir='ltr' id='par_1_76' title="bbox 987 925 1782 965">
     <span class='ocr_line' id='line_1_76' title="bbox 987 925 1782 965; baseline 0.008 -14"><span class='ocrx_word' id='word_1_566' title='bbox 987 925 1036 952; x_wconf 80' lang='grc' dir='ltr'>σέα</span> <span class='ocrx_word' id='word_1_567' title='bbox 1059 926 1151 961; x_wconf 71' lang='grc' dir='ltr'>φησὶν,</span> <span class='ocrx_word' id='word_1_568' title='bbox 1176 927 1252 960; x_wconf 85' lang='grc' dir='ltr'>Πρὸς</span> <span class='ocrx_word' id='word_1_569' title='bbox 1273 927 1408 962; x_wconf 78' lang='grc' dir='ltr'>ἅπαντας</span> <span class='ocrx_word' id='word_1_570' title='bbox 1432 928 1469 964; x_wconf 87' lang='grc'><strong>(8)</strong></span> <span class='ocrx_word' id='word_1_571' title='bbox 1491 929 1664 964; x_wconf 76' lang='grc' dir='ltr'><strong>ἀνθρώπους</strong></span> <span class='ocrx_word' id='word_1_572' title='bbox 1681 931 1782 965; x_wconf 73' lang='grc' dir='ltr'>ἔγνων</span> 
     </span>
    </p>
   </div>
   <div class='ocr_carea' id='block_1_77' title="bbox 986 970 1783 1011">
    <p class='ocr_par' dir='ltr' id='par_1_77' title="bbox 986 970 1783 1011">
     <span class='ocr_line' id='line_1_77' title="bbox 986 970 1783 1011; baseline 0.006 -13"><span class='ocrx_word' id='word_1_573' title='bbox 986 979 1032 1001; x_wconf 83' lang='grc' dir='ltr'><strong>σε.</strong></span> <span class='ocrx_word' id='word_1_574' title='bbox 1054 972 1103 998; x_wconf 82' lang='grc' dir='ltr'>καὶ</span> <span class='ocrx_word' id='word_1_575' title='bbox 1122 970 1209 1006; x_wconf 79' lang='grc' dir='ltr'>εὗρες</span> <span class='ocrx_word' id='word_1_576' title='bbox 1219 973 1307 1008; x_wconf 76' lang='grc' dir='ltr'>χάριν</span> <span class='ocrx_word' id='word_1_577' title='bbox 1319 974 1448 1002; x_wconf 65' lang='grc' dir='ltr'><strong>ἐνώπιόν</strong></span> <span class='ocrx_word' id='word_1_578' title='bbox 1460 984 1533 1010; x_wconf 87' lang='grc' dir='ltr'>μου.</span> <span class='ocrx_word' id='word_1_579' title='bbox 1547 976 1651 1011; x_wconf 82' lang='grc' dir='ltr'>Ὥσπερ</span> <span class='ocrx_word' id='word_1_580' title='bbox 1666 975 1714 1003; x_wconf 84' lang='grc' dir='ltr'><strong>οὖν</strong></span> <span class='ocrx_word' id='word_1_581' title='bbox 1731 977 1783 1011; x_wconf 74' lang='grc' dir='ltr'><strong>μέ-</strong></span> 
     </span>
    </p>
   </div>
   <div class='ocr_carea' id='block_1_78' title="bbox 986 1018 1782 1058">
    <p class='ocr_par' dir='ltr' id='par_1_78' title="bbox 986 1018 1782 1058">
     <span class='ocr_line' id='line_1_78' title="bbox 986 1018 1782 1058; baseline 0.009 -15"><span class='ocrx_word' id='word_1_582' title='bbox 986 1025 1037 1051; x_wconf 87' lang='grc' dir='ltr'><strong>γας</strong></span> <span class='ocrx_word' id='word_1_583' title='bbox 1056 1018 1185 1054; x_wconf 72' lang='grc' dir='ltr'><strong>ὑπάρχων</strong></span> <span class='ocrx_word' id='word_1_584' title='bbox 1203 1020 1250 1046; x_wconf 76' lang='grc' dir='ltr'><strong>ἐπὶ</strong></span> <span class='ocrx_word' id='word_1_585' title='bbox 1274 1021 1331 1052; x_wconf 85' lang='grc' dir='ltr'>τοῖς</span> <span class='ocrx_word' id='word_1_586' title='bbox 1347 1022 1454 1057; x_wconf 79' lang='grc' dir='ltr'>καιροῖς</span> <span class='ocrx_word' id='word_1_587' title='bbox 1478 1022 1560 1049; x_wconf 70' lang='grc' dir='ltr'>αὑτοῦ</span> <span class='ocrx_word' id='word_1_588' title='bbox 1587 1022 1672 1058; x_wconf 83' lang='grc' dir='ltr'><strong>Ἑνὼχ</strong></span> <span class='ocrx_word' id='word_1_589' title='bbox 1697 1031 1782 1058; x_wconf 83' lang='grc' dir='ltr'>μετε-</span> 
     </span>
    </p>
   </div>
   <div class='ocr_carea' id='block_1_79' title="bbox 986 1063 1781 1104">
    <p class='ocr_par' dir='ltr' id='par_1_79' title="bbox 986 1063 1781 1104">
     <span class='ocr_line' id='line_1_79' title="bbox 986 1063 1781 1104; baseline 0.009 -15"><span class='ocrx_word' id='word_1_590' title='bbox 986 1063 1050 1098; x_wconf 82' lang='grc' dir='ltr'>τέθη</span> <span class='ocrx_word' id='word_1_591' title='bbox 1062 1072 1068 1079; x_wconf 94' lang='grc'><strong>·</strong></span> <span class='ocrx_word' id='word_1_592' title='bbox 1088 1064 1135 1091; x_wconf 70' lang='grc' dir='ltr'>καὶ</span> <span class='ocrx_word' id='word_1_593' title='bbox 1158 1064 1253 1101; x_wconf 79' lang='grc' dir='ltr'>ὥσπερ</span> <span class='ocrx_word' id='word_1_594' title='bbox 1268 1066 1373 1098; x_wconf 80' lang='grc' dir='ltr'>δίκαιος</span> <span class='ocrx_word' id='word_1_595' title='bbox 1392 1067 1430 1093; x_wconf 81' lang='grc' dir='ltr'><strong>ὢν</strong></span> <span class='ocrx_word' id='word_1_596' title='bbox 1451 1068 1481 1094; x_wconf 82' lang='grc' dir='ltr'>ὲν</span> <span class='ocrx_word' id='word_1_597' title='bbox 1495 1070 1552 1100; x_wconf 88' lang='grc' dir='ltr'>τοῖς</span> <span class='ocrx_word' id='word_1_598' title='bbox 1571 1069 1678 1104; x_wconf 79' lang='grc' dir='ltr'>χρόνοις</span> <span class='ocrx_word' id='word_1_599' title='bbox 1695 1069 1781 1096; x_wconf 82' lang='grc' dir='ltr'><strong>αὐτοῦ</strong></span> 
     </span>
    </p>
   </div>
   <div class='ocr_carea' id='block_1_80' title="bbox 986 1108 1782 1150">
    <p class='ocr_par' dir='ltr' id='par_1_80' title="bbox 986 1108 1782 1150">
     <span class='ocr_line' id='line_1_80' title="bbox 986 1108 1782 1150; baseline 0.01 -17"><span class='ocrx_word' id='word_1_600' title='bbox 986 1108 1059 1139; x_wconf 81' lang='grc' dir='ltr'>Νῶε,</span> <span class='ocrx_word' id='word_1_601' title='bbox 1077 1109 1105 1134; x_wconf 82' lang='grc' dir='ltr'><strong>ὲν</strong></span> <span class='ocrx_word' id='word_1_602' title='bbox 1119 1111 1151 1145; x_wconf 88' lang='grc' dir='ltr'>τῇ</span> <span class='ocrx_word' id='word_1_603' title='bbox 1171 1110 1278 1146; x_wconf 76' lang='grc' dir='ltr'>κιϐωτῷ</span> <span class='ocrx_word' id='word_1_604' title='bbox 1295 1111 1386 1145; x_wconf 82' lang='grc' dir='ltr'>ὄγδοος</span> <span class='ocrx_word' id='word_1_605' title='bbox 1399 1112 1527 1148; x_wconf 81' lang='grc' dir='ltr'>διεσώθη,</span> <span class='ocrx_word' id='word_1_606' title='bbox 1542 1113 1589 1140; x_wconf 77' lang='grc' dir='ltr'>τοῦ</span> <span class='ocrx_word' id='word_1_607' title='bbox 1606 1115 1711 1150; x_wconf 82' lang='grc' dir='ltr'>κόσμου</span> <span class='ocrx_word' id='word_1_608' title='bbox 1730 1123 1782 1141; x_wconf 85' lang='grc' dir='ltr'>κα-</span> 
     </span>
    </p>
   </div>
   <div class='ocr_carea' id='block_1_81' title="bbox 986 1156 1780 1194">
    <p class='ocr_par' dir='ltr' id='par_1_81' title="bbox 986 1156 1780 1194">
     <span class='ocr_line' id='line_1_81' title="bbox 986 1156 1780 1194; baseline 0.005 -12"><span class='ocrx_word' id='word_1_609' title='bbox 986 1156 1198 1188; x_wconf 81' lang='grc' dir='ltr'>τακλυσθέντος·</span> <span class='ocrx_word' id='word_1_610' title='bbox 1218 1157 1264 1184; x_wconf 78' lang='grc' dir='ltr'><strong>καὶ</strong></span> <span class='ocrx_word' id='word_1_611' title='bbox 1287 1157 1382 1192; x_wconf 76' lang='grc' dir='ltr'>ὥσπερ</span> <span class='ocrx_word' id='word_1_612' title='bbox 1407 1158 1493 1193; x_wconf 80' lang='grc' dir='ltr'>μέγας</span> <span class='ocrx_word' id='word_1_613' title='bbox 1517 1160 1658 1194; x_wconf 80' lang='grc' dir='ltr'>τυγχάνων</span> <span class='ocrx_word' id='word_1_614' title='bbox 1677 1162 1692 1187; x_wconf 87' lang='lat'><strong>6</strong></span> <span class='ocrx_word' id='word_1_615' title='bbox 1718 1160 1780 1186; x_wconf 85' lang='grc' dir='ltr'><strong>Λὼτ</strong></span> 
     </span>
    </p>
   </div>
   <div class='ocr_carea' id='block_1_82' title="bbox 989 1201 1780 1238">
    <p class='ocr_par' dir='ltr' id='par_1_82' title="bbox 989 1201 1780 1238">
     <span class='ocr_line' id='line_1_82' title="bbox 989 1201 1780 1238; baseline 0.001 -10"><span class='ocrx_word' id='word_1_616' title='bbox 989 1201 1068 1236; x_wconf 71' lang='grc' dir='ltr'>μόνος</span> <span class='ocrx_word' id='word_1_617' title='bbox 1083 1201 1248 1238; x_wconf 83' lang='grc' dir='ltr'>περιεσώθη,</span> <span class='ocrx_word' id='word_1_618' title='bbox 1261 1202 1312 1236; x_wconf 86' lang='grc' dir='ltr'>τῆς</span> <span class='ocrx_word' id='word_1_619' title='bbox 1323 1203 1518 1235; x_wconf 81' lang='grc' dir='ltr'>Πενταπόλεως</span> <span class='ocrx_word' id='word_1_620' title='bbox 1533 1203 1656 1238; x_wconf 78' lang='grc' dir='ltr'><strong>Σοδόμων</strong></span> <span class='ocrx_word' id='word_1_621' title='bbox 1669 1204 1780 1238; x_wconf 77' lang='grc' dir='ltr'><strong>ἔμπρη-</strong></span> 
     </span>
    </p>
   </div>
   <div class='ocr_carea' id='block_1_83' title="bbox 989 1247 1778 1285">
    <p class='ocr_par' dir='ltr' id='par_1_83' title="bbox 989 1247 1778 1285">
     <span class='ocr_line' id='line_1_83' title="bbox 989 1247 1778 1285; baseline 0.005 -12"><span class='ocrx_word' id='word_1_622' title='bbox 989 1247 1098 1283; x_wconf 78' lang='grc' dir='ltr'>σθείσης</span> <span class='ocrx_word' id='word_1_623' title='bbox 1108 1256 1114 1262; x_wconf 92' lang='grc'><strong>·</strong></span> <span class='ocrx_word' id='word_1_624' title='bbox 1133 1247 1218 1279; x_wconf 73' lang='grc' dir='ltr'>οὕτως</span> <span class='ocrx_word' id='word_1_625' title='bbox 1231 1248 1278 1274; x_wconf 82' lang='grc' dir='ltr'>καὶ</span> <span class='ocrx_word' id='word_1_626' title='bbox 1295 1247 1421 1284; x_wconf 74' lang='grc' dir='ltr'><strong>Ἰωάννης</strong></span> <span class='ocrx_word' id='word_1_627' title='bbox 1434 1249 1535 1283; x_wconf 78' lang='grc' dir='ltr'>μείζων</span> <span class='ocrx_word' id='word_1_628' title='bbox 1550 1249 1660 1276; x_wconf 80' lang='grc' dir='ltr'>πάντων</span> <span class='ocrx_word' id='word_1_629' title='bbox 1672 1250 1778 1285; x_wconf 76' lang='grc' dir='ltr'>ὑπῆρχε</span> 
     </span>
    </p>
   </div>
   <div class='ocr_carea' id='block_1_84' title="bbox 989 1294 1512 1329">
    <p class='ocr_par' dir='ltr' id='par_1_84' title="bbox 989 1294 1512 1329">
     <span class='ocr_line' id='line_1_84' title="bbox 989 1294 1512 1329; baseline 0.004 -9"><span class='ocrx_word' id='word_1_630' title='bbox 989 1294 1058 1320; x_wconf 76' lang='grc' dir='ltr'>κατὰ</span> <span class='ocrx_word' id='word_1_631' title='bbox 1076 1294 1155 1328; x_wconf 80' lang='grc' dir='ltr'>νόμον</span> <span class='ocrx_word' id='word_1_632' title='bbox 1173 1294 1202 1320; x_wconf 79' lang='grc' dir='ltr'>ὲν</span> <span class='ocrx_word' id='word_1_633' title='bbox 1216 1295 1273 1325; x_wconf 80' lang='grc' dir='ltr'>τοῖς</span> <span class='ocrx_word' id='word_1_634' title='bbox 1288 1296 1395 1329; x_wconf 79' lang='grc' dir='ltr'>καιροῖς</span> <span class='ocrx_word' id='word_1_635' title='bbox 1413 1295 1512 1322; x_wconf 75' lang='grc' dir='ltr'>αὐτοῦ.</span> 
     </span>
    </p>
   </div>
   <div class='ocr_carea' id='block_1_85' title="bbox 1267 1340 1495 1367">
    <p class='ocr_par' dir='ltr' id='par_1_85' title="bbox 1267 1340 1495 1367">
     <span class='ocr_line' id='line_1_85' title="bbox 1267 1340 1495 1367; baseline 0.004 -1"><span class='ocrx_word' id='word_1_636' title='bbox 1267 1340 1390 1366; x_wconf 79' lang='grc' dir='ltr'><strong>ΠΕΥΣΙΣ</strong></span> <span class='ocrx_word' id='word_1_637' title='bbox 1410 1341 1495 1367; x_wconf 77' lang='lat' dir='ltr'><strong>POH&#39;.</strong></span> 
     </span>
    </p>
   </div>
   <div class='ocr_carea' id='block_1_86' title="bbox 1024 1385 1777 1422">
    <p class='ocr_par' dir='ltr' id='par_1_86' title="bbox 1024 1385 1777 1422">
     <span class='ocr_line' id='line_1_86' title="bbox 1024 1385 1777 1422; baseline 0.004 -11"><span class='ocrx_word' id='word_1_638' title='bbox 1024 1386 1092 1422; x_wconf 71' lang='grc' dir='ltr'>Περὶ</span> <span class='ocrx_word' id='word_1_639' title='bbox 1117 1385 1197 1412; x_wconf 81' lang='grc' dir='ltr'>τίνων</span> <span class='ocrx_word' id='word_1_640' title='bbox 1220 1386 1293 1419; x_wconf 82' lang='grc' dir='ltr'>λέγει</span> <span class='ocrx_word' id='word_1_641' title='bbox 1311 1387 1325 1413; x_wconf 85' lang='grc' dir='ltr'><strong>δ</strong></span> <span class='ocrx_word' id='word_1_642' title='bbox 1350 1386 1459 1422; x_wconf 78' lang='grc' dir='ltr'>Κύριος,</span> <span class='ocrx_word' id='word_1_643' title='bbox 1481 1387 1574 1421; x_wconf 76' lang='grc' dir='ltr'><strong>’Λμὴν</strong></span> <span class='ocrx_word' id='word_1_644' title='bbox 1595 1387 1673 1422; x_wconf 74' lang='grc' dir='ltr'><strong>λέγω</strong></span> <span class='ocrx_word' id='word_1_645' title='bbox 1697 1388 1777 1422; x_wconf 72' lang='grc' dir='ltr'>ὑμῖν,</span> 
     </span>
    </p>
   </div>
   <div class='ocr_carea' id='block_1_87' title="bbox 989 1429 1778 1468">
    <p class='ocr_par' dir='ltr' id='par_1_87' title="bbox 989 1429 1778 1468">
     <span class='ocr_line' id='line_1_87' title="bbox 989 1429 1778 1468; baseline 0.003 -10"><span class='ocrx_word' id='word_1_646' title='bbox 989 1433 1048 1459; x_wconf 75' lang='grc' dir='ltr'>εισι</span> <span class='ocrx_word' id='word_1_647' title='bbox 1063 1441 1142 1465; x_wconf 80' lang='grc' dir='ltr'>τινες</span> <span class='ocrx_word' id='word_1_648' title='bbox 1156 1432 1214 1459; x_wconf 79' lang='grc' dir='ltr'><strong>τῶν</strong></span> <span class='ocrx_word' id='word_1_649' title='bbox 1226 1429 1283 1458; x_wconf 82' lang='grc' dir='ltr'>ὧδε</span> <span class='ocrx_word' id='word_1_650' title='bbox 1295 1433 1475 1466; x_wconf 73' lang='grc' dir='ltr'>ἑστηκότων,</span> <span class='ocrx_word' id='word_1_651' title='bbox 1486 1434 1595 1466; x_wconf 79' lang='grc' dir='ltr'>οἵτινες</span> <span class='ocrx_word' id='word_1_652' title='bbox 1609 1435 1645 1460; x_wconf 84' lang='grc' dir='ltr'>οὺ</span> <span class='ocrx_word' id='word_1_653' title='bbox 1654 1433 1697 1468; x_wconf 80' lang='grc' dir='ltr'><strong>μὴ</strong></span> <span class='ocrx_word' id='word_1_654' title='bbox 1713 1434 1778 1468; x_wconf 79' lang='grc' dir='ltr'><strong>γεὺ-</strong></span> 
     </span>
    </p>
   </div>
   <div class='ocr_carea' id='block_1_88' title="bbox 989 1477 1776 1511">
    <p class='ocr_par' dir='ltr' id='par_1_88' title="bbox 989 1477 1776 1511">
     <span class='ocr_line' id='line_1_88' title="bbox 989 1477 1776 1511; baseline 0.004 -8"><span class='ocrx_word' id='word_1_655' title='bbox 989 1485 1095 1504; x_wconf 72' lang='grc' dir='ltr'>σοι-τα(</span> <span class='ocrx_word' id='word_1_656' title='bbox 1110 1477 1250 1510; x_wconf 64' lang='grc' dir='ltr'>θανάτου,</span> <span class='ocrx_word' id='word_1_657' title='bbox 1267 1477 1324 1511; x_wconf 80' lang='grc' dir='ltr'><strong>ἕως</strong></span> <span class='ocrx_word' id='word_1_658' title='bbox 1339 1478 1377 1504; x_wconf 83' lang='grc' dir='ltr'><strong>ἂν</strong></span> <span class='ocrx_word' id='word_1_659' title='bbox 1394 1477 1481 1505; x_wconf 81' lang='grc' dir='ltr'>ἴδωσι</span> <span class='ocrx_word' id='word_1_660' title='bbox 1497 1478 1551 1505; x_wconf 74' lang='grc' dir='ltr'><strong>τὸν</strong></span> <span class='ocrx_word' id='word_1_661' title='bbox 1572 1479 1640 1505; x_wconf 75' lang='grc' dir='ltr'><strong>ΥΙὸγ</strong></span> <span class='ocrx_word' id='word_1_662' title='bbox 1654 1478 1708 1505; x_wconf 81' lang='grc' dir='ltr'>τοῦ</span> <span class='ocrx_word' id='word_1_663' title='bbox 1728 1478 1776 1506; x_wconf 75' lang='grc' dir='ltr'><strong>ἀγ-</strong></span> 
     </span>
    </p>
   </div>
   <div class='ocr_carea' id='block_1_89' title="bbox 993 1522 1778 1560">
    <p class='ocr_par' dir='ltr' id='par_1_89' title="bbox 993 1522 1778 1560">
     <span class='ocr_line' id='line_1_89' title="bbox 993 1522 1778 1560; baseline 0.001 -10"><span class='ocrx_word' id='word_1_664' title='bbox 993 1522 1110 1557; x_wconf 79' lang='grc' dir='ltr'>θρώπου</span> <span class='ocrx_word' id='word_1_665' title='bbox 1123 1523 1287 1558; x_wconf 79' lang='grc' dir='ltr'>ἐρχόμενον</span> <span class='ocrx_word' id='word_1_666' title='bbox 1305 1525 1339 1550; x_wconf 79' lang='grc' dir='ltr'><strong>ἐν</strong></span> <span class='ocrx_word' id='word_1_667' title='bbox 1353 1524 1427 1558; x_wconf 78' lang='grc' dir='ltr'><em>δόξῃ</em></span> <span class='ocrx_word' id='word_1_668' title='bbox 1446 1524 1540 1552; x_wconf 83' lang='grc' dir='ltr'>αὐτοῦ</span> <span class='ocrx_word' id='word_1_669' title='bbox 1549 1532 1559 1556; x_wconf 83' lang='grc'><strong><em>;</em></strong></span> <span class='ocrx_word' id='word_1_670' title='bbox 1576 1525 1655 1556; x_wconf 80' lang='grc' dir='ltr'>Τινὲς</span> <span class='ocrx_word' id='word_1_671' title='bbox 1671 1525 1725 1560; x_wconf 78' lang='grc' dir='ltr'><strong>γὰρ</strong></span> <span class='ocrx_word' id='word_1_672' title='bbox 1738 1525 1778 1551; x_wconf 70' lang='grc' dir='ltr'><strong>λέ-</strong></span> 
     </span>
    </p>
   </div>
   <div class='ocr_carea' id='block_1_90' title="bbox 994 1569 1777 1605">
    <p class='ocr_par' dir='ltr' id='par_1_90' title="bbox 994 1569 1777 1605">
     <span class='ocr_line' id='line_1_90' title="bbox 994 1569 1777 1605; baseline 0.001 -11"><span class='ocrx_word' id='word_1_673' title='bbox 994 1576 1072 1602; x_wconf 84' lang='grc' dir='ltr'>γουσι</span> <span class='ocrx_word' id='word_1_674' title='bbox 1096 1569 1159 1604; x_wconf 76' lang='grc' dir='ltr'>περὶ</span> <span class='ocrx_word' id='word_1_675' title='bbox 1180 1569 1302 1595; x_wconf 82' lang='grc' dir='ltr'>Ἰωάννου</span> <span class='ocrx_word' id='word_1_676' title='bbox 1316 1569 1364 1596; x_wconf 77' lang='grc' dir='ltr'>τοῦ</span> <span class='ocrx_word' id='word_1_677' title='bbox 1377 1569 1508 1603; x_wconf 83' lang='grc' dir='ltr'>Θεολόγον</span> <span class='ocrx_word' id='word_1_678' title='bbox 1527 1570 1668 1605; x_wconf 80' lang='grc' dir='ltr'><strong>εἰρηκέναι</strong></span> <span class='ocrx_word' id='word_1_679' title='bbox 1689 1570 1777 1602; x_wconf 77' lang='grc' dir='ltr'>αὑτὸν,</span> 
     </span>
    </p>
   </div>
   <div class='ocr_carea' id='block_1_91' title="bbox 965 1613 1776 1652">
    <p class='ocr_par' dir='ltr' id='par_1_91' title="bbox 965 1613 1776 1652">
     <span class='ocr_line' id='line_1_91' title="bbox 965 1613 1776 1652; baseline 0.002 -12"><span class='ocrx_word' id='word_1_680' title='bbox 965 1613 967 1615; x_wconf 77' lang='grc'><strong>’</strong></span> <span class='ocrx_word' id='word_1_681' title='bbox 994 1615 1035 1641; x_wconf 85' lang='grc' dir='ltr'><strong>ὄτι</strong></span> <span class='ocrx_word' id='word_1_682' title='bbox 1052 1615 1102 1641; x_wconf 82' lang='grc' dir='ltr'>οὐκ</span> <span class='ocrx_word' id='word_1_683' title='bbox 1118 1614 1283 1650; x_wconf 78' lang='grc' dir='ltr'><strong>ἀποθνήσκει</strong></span> <span class='ocrx_word' id='word_1_684' title='bbox 1296 1615 1348 1647; x_wconf 79' lang='grc' dir='ltr'><strong>ἓως</strong></span> <span class='ocrx_word' id='word_1_685' title='bbox 1364 1616 1413 1650; x_wconf 82' lang='grc' dir='ltr'>τῆς</span> <span class='ocrx_word' id='word_1_686' title='bbox 1434 1615 1562 1650; x_wconf 73' lang='grc' dir='ltr'><strong>δευτέρας</strong></span> <span class='ocrx_word' id='word_1_687' title='bbox 1577 1615 1695 1652; x_wconf 76' lang='grc' dir='ltr'><strong>Χριστοῦ</strong></span> <span class='ocrx_word' id='word_1_688' title='bbox 1710 1624 1776 1652; x_wconf 82' lang='grc' dir='ltr'>παρ-</span> 
     </span>
    </p>
   </div>
   <div class='ocr_carea' id='block_1_92' title="bbox 994 1661 1098 1692">
    <p class='ocr_par' dir='ltr' id='par_1_92' title="bbox 994 1661 1098 1692">
     <span class='ocr_line' id='line_1_92' title="bbox 994 1661 1098 1692; baseline -0.01 -5"><span class='ocrx_word' id='word_1_689' title='bbox 994 1661 1098 1692; x_wconf 77' lang='grc' dir='ltr'>θυσίας.</span> 
     </span>
    </p>
   </div>
   <div class='ocr_carea' id='block_1_93' title="bbox 1293 1707 1472 1741">
    <p class='ocr_par' dir='ltr' id='par_1_93' title="bbox 1293 1707 1472 1741">
     <span class='ocr_line' id='line_1_93' title="bbox 1293 1707 1472 1741; baseline 0 -7"><span class='ocrx_word' id='word_1_690' title='bbox 1293 1707 1472 1741; x_wconf 75' lang='grc' dir='ltr'>Ἀπόκρισις.</span> 
     </span>
    </p>
   </div>
   <div class='ocr_carea' id='block_1_94' title="bbox 1031 1752 1779 1790">
    <p class='ocr_par' dir='ltr' id='par_1_94' title="bbox 1031 1752 1779 1790">
     <span class='ocr_line' id='line_1_94' title="bbox 1031 1752 1779 1790; baseline 0.001 -10"><span class='ocrx_word' id='word_1_691' title='bbox 1031 1752 1182 1785; x_wconf 79' lang='grc' dir='ltr'>Παιδεύσας</span> <span class='ocrx_word' id='word_1_692' title='bbox 1202 1753 1252 1788; x_wconf 77' lang='grc' dir='ltr'><strong>ήδη</strong></span> <span class='ocrx_word' id='word_1_693' title='bbox 1268 1753 1330 1784; x_wconf 81' lang='grc' dir='ltr'>τοὺς</span> <span class='ocrx_word' id='word_1_694' title='bbox 1347 1753 1497 1788; x_wconf 74' lang='grc' dir='ltr'><strong>ἑπομένους</strong></span> <span class='ocrx_word' id='word_1_695' title='bbox 1510 1753 1584 1789; x_wconf 73' lang='grc' dir='ltr'>αὐτῷ</span> <span class='ocrx_word' id='word_1_696' title='bbox 1595 1753 1725 1790; x_wconf 75' lang='grc' dir='ltr'><strong>φοιτητὰς</strong></span> <span class='ocrx_word' id='word_1_697' title='bbox 1735 1754 1779 1781; x_wconf 80' lang='grc' dir='ltr'><strong>ϐα-</strong></span> 
     </span>
    </p>
   </div>
   <div class='ocr_carea' id='block_1_95' title="bbox 996 1800 1778 1836">
    <p class='ocr_par' dir='ltr' id='par_1_95' title="bbox 996 1800 1778 1836">
     <span class='ocr_line' id='line_1_95' title="bbox 996 1800 1778 1836; baseline 0.001 -10"><span class='ocrx_word' id='word_1_698' title='bbox 996 1801 1076 1827; x_wconf 81' lang='grc' dir='ltr'>νάτου</span> <span class='ocrx_word' id='word_1_699' title='bbox 1099 1801 1288 1835; x_wconf 77' lang='grc' dir='ltr'><strong>καταφρονεῖν,</strong></span> <span class='ocrx_word' id='word_1_700' title='bbox 1314 1800 1361 1826; x_wconf 78' lang='grc' dir='ltr'>καὶ</span> <span class='ocrx_word' id='word_1_701' title='bbox 1377 1800 1506 1835; x_wconf 75' lang='grc' dir='ltr'><strong>ἀνδρείως</strong></span> <span class='ocrx_word' id='word_1_702' title='bbox 1527 1800 1694 1827; x_wconf 74' lang='grc' dir='ltr'><strong>ἀποδύεσθαι</strong></span> <span class='ocrx_word' id='word_1_703' title='bbox 1716 1801 1778 1836; x_wconf 74' lang='grc' dir='ltr'>πρὸς</span> 
     </span>
    </p>
   </div>
   <div class='ocr_carea' id='block_1_96' title="bbox 996 1844 1779 1882">
    <p class='ocr_par' dir='ltr' id='par_1_96' title="bbox 996 1844 1779 1882">
     <span class='ocr_line' id='line_1_96' title="bbox 996 1844 1779 1882; baseline -0.001 -9"><span class='ocrx_word' id='word_1_704' title='bbox 996 1847 1059 1878; x_wconf 80' lang='grc' dir='ltr'>τοὺς</span> <span class='ocrx_word' id='word_1_705' title='bbox 1083 1846 1153 1882; x_wconf 72' lang='grc' dir='ltr'>ὑπὲρ</span> <span class='ocrx_word' id='word_1_706' title='bbox 1178 1845 1260 1872; x_wconf 78' lang='grc' dir='ltr'>αὑτοῦ</span> <span class='ocrx_word' id='word_1_707' title='bbox 1286 1844 1435 1876; x_wconf 77' lang='grc' dir='ltr'><strong>κινδύνους,</strong></span> <span class='ocrx_word' id='word_1_708' title='bbox 1460 1844 1619 1880; x_wconf 74' lang='grc' dir='ltr'>ἐμϐατεύων</span> <span class='ocrx_word' id='word_1_709' title='bbox 1647 1845 1779 1872; x_wconf 64' lang='grc' dir='ltr'>αὑτῶντὰ</span> 
     </span>
    </p>
   </div>
   <div class='ocr_carea' id='block_1_97' title="bbox 997 1890 1779 1928">
    <p class='ocr_par' dir='ltr' id='par_1_97' title="bbox 997 1890 1779 1928">
     <span class='ocr_line' id='line_1_97' title="bbox 997 1890 1779 1928; baseline -0.013 0"><span class='ocrx_word' id='word_1_710' title='bbox 997 1892 1156 1928; x_wconf 68' lang='grc' dir='ltr'>ἀπάρῤητα,</span> <span class='ocrx_word' id='word_1_711' title='bbox 1184 1891 1232 1918; x_wconf 75' lang='grc' dir='ltr'>καὶ</span> <span class='ocrx_word' id='word_1_712' title='bbox 1258 1890 1394 1925; x_wconf 79' lang='grc' dir='ltr'><strong>εὑρίσκων</strong></span> <span class='ocrx_word' id='word_1_713' title='bbox 1422 1890 1462 1916; x_wconf 79' lang='grc' dir='ltr'><strong>ἑτι</strong></span> <span class='ocrx_word' id='word_1_714' title='bbox 1491 1890 1711 1923; x_wconf 77' lang='grc' dir='ltr'>ὲπισκάζοντας,</span> <span class='ocrx_word' id='word_1_715' title='bbox 1736 1892 1779 1918; x_wconf 76' lang='grc' dir='ltr'>καὶ</span> 
     </span>
    </p>
   </div>
   <div class='ocr_carea' id='block_1_98' title="bbox 998 1935 1780 1973">
    <p class='ocr_par' dir='ltr' id='par_1_98' title="bbox 998 1935 1780 1973">
     <span class='ocr_line' id='line_1_98' title="bbox 998 1935 1780 1973; baseline -0.003 -8"><span class='ocrx_word' id='word_1_716' title='bbox 998 1937 1276 1973; x_wconf 70' lang='grc' dir='ltr'>ἐπαμφοτερίζοντας,</span> <span class='ocrx_word' id='word_1_717' title='bbox 1289 1937 1418 1972; x_wconf 78' lang='grc' dir='ltr'>πειρᾶται</span> <span class='ocrx_word' id='word_1_718' title='bbox 1429 1935 1502 1970; x_wconf 77' lang='grc' dir='ltr'>δψως</span> <span class='ocrx_word' id='word_1_719' title='bbox 1517 1936 1679 1963; x_wconf 75' lang='grc' dir='ltr'>ἀποϐάλλειν</span> <span class='ocrx_word' id='word_1_720' title='bbox 1689 1937 1780 1968; x_wconf 75' lang='grc' dir='ltr'>αὐτοὺς</span> 
     </span>
    </p>
   </div>
   <div class='ocr_carea' id='block_1_99' title="bbox 997 1981 1780 2018">
    <p class='ocr_par' dir='ltr' id='par_1_99' title="bbox 997 1981 1780 2018">
     <span class='ocr_line' id='line_1_99' title="bbox 997 1981 1780 2018; baseline -0.003 -8"><span class='ocrx_word' id='word_1_721' title='bbox 997 1984 1032 2010; x_wconf 65' lang='grc' dir='ltr'>τὰ</span> <span class='ocrx_word' id='word_1_722' title='bbox 1045 1982 1280 2018; x_wconf 83' lang='grc' dir='ltr'>καραδοκούμενα,</span> <span class='ocrx_word' id='word_1_723' title='bbox 1296 1982 1438 2017; x_wconf 82' lang='grc' dir='ltr'>διεγείρων</span> <span class='ocrx_word' id='word_1_724' title='bbox 1454 1982 1502 2008; x_wconf 82' lang='grc' dir='ltr'>καὶ</span> <span class='ocrx_word' id='word_1_725' title='bbox 1518 1981 1675 2016; x_wconf 68' lang='grc' dir='ltr'>ὑπαλείφων</span> <span class='ocrx_word' id='word_1_726' title='bbox 1689 1983 1780 2013; x_wconf 67' lang='grc' dir='ltr'>αὐτοὺς</span> 
     </span>
    </p>
   </div>
   <div class='ocr_carea' id='block_1_100' title="bbox 997 2027 1779 2065">
    <p class='ocr_par' dir='ltr' id='par_1_100' title="bbox 997 2027 1779 2065">
     <span class='ocr_line' id='line_1_100' title="bbox 997 2027 1779 2065; baseline -0.001 -10"><span class='ocrx_word' id='word_1_727' title='bbox 997 2031 1030 2065; x_wconf 85' lang='grc' dir='ltr'>τῇ</span> <span class='ocrx_word' id='word_1_728' title='bbox 1043 2029 1193 2064; x_wconf 78' lang='grc' dir='ltr'>ἐπαγγελίᾳ</span> <span class='ocrx_word' id='word_1_729' title='bbox 1208 2029 1259 2063; x_wconf 79' lang='grc' dir='ltr'>τῆς</span> <span class='ocrx_word' id='word_1_730' title='bbox 1275 2029 1461 2064; x_wconf 74' lang='grc' dir='ltr'>μακροζωΐας,</span> <span class='ocrx_word' id='word_1_731' title='bbox 1476 2027 1544 2064; x_wconf 80' lang='grc' dir='ltr'>πρὸς</span> <span class='ocrx_word' id='word_1_732' title='bbox 1559 2028 1609 2063; x_wconf 80' lang='grc' dir='ltr'><strong>τὴν</strong></span> <span class='ocrx_word' id='word_1_733' title='bbox 1623 2029 1693 2064; x_wconf 75' lang='grc' dir='ltr'><strong>ὑπὲρ</strong></span> <span class='ocrx_word' id='word_1_734' title='bbox 1705 2028 1779 2055; x_wconf 76' lang='grc' dir='ltr'>αὑτοῦ</span> 
     </span>
    </p>
   </div>
   <div class='ocr_carea' id='block_1_101' title="bbox 998 2073 1780 2110">
    <p class='ocr_par' dir='ltr' id='par_1_101' title="bbox 998 2073 1780 2110">
     <span class='ocr_line' id='line_1_101' title="bbox 998 2073 1780 2110; baseline -0.003 -7"><span class='ocrx_word' id='word_1_735' title='bbox 998 2077 1050 2108; x_wconf 75' lang='grc' dir='ltr'><strong>ἕως</strong></span> <span class='ocrx_word' id='word_1_736' title='bbox 1065 2076 1180 2102; x_wconf 82' lang='grc' dir='ltr'>θανάτου</span> <span class='ocrx_word' id='word_1_737' title='bbox 1196 2074 1382 2110; x_wconf 57' lang='grc' dir='ltr'>μεγαλάῲυχον</span> <span class='ocrx_word' id='word_1_738' title='bbox 1396 2075 1503 2101; x_wconf 75' lang='grc' dir='ltr'><strong>ἕνωσιν.</strong></span> <span class='ocrx_word' id='word_1_739' title='bbox 1523 2073 1612 2110; x_wconf 85' lang='grc' dir='ltr'>Ἐώρα</span> <span class='ocrx_word' id='word_1_740' title='bbox 1626 2075 1682 2110; x_wconf 79' lang='grc' dir='ltr'><strong>γὰρ</strong></span> <span class='ocrx_word' id='word_1_741' title='bbox 1690 2075 1780 2107; x_wconf 76' lang='grc' dir='ltr'>αὐτοὺς</span> 
     </span>
    </p>
   </div>
   <div class='ocr_carea' id='block_1_102' title="bbox 998 2120 1778 2158">
    <p class='ocr_par' dir='ltr' id='par_1_102' title="bbox 998 2120 1778 2158">
     <span class='ocr_line' id='line_1_102' title="bbox 998 2120 1778 2158; baseline -0.003 -9"><span class='ocrx_word' id='word_1_742' title='bbox 998 2122 1136 2158; x_wconf 77' lang='grc' dir='ltr'>εὑρίπους,</span> <span class='ocrx_word' id='word_1_743' title='bbox 1153 2121 1235 2148; x_wconf 72' lang='grc' dir='ltr'>οἱονεὶ</span> <span class='ocrx_word' id='word_1_744' title='bbox 1255 2121 1396 2156; x_wconf 82' lang='grc' dir='ltr'>καλάμους</span> <span class='ocrx_word' id='word_1_745' title='bbox 1418 2120 1554 2155; x_wconf 83' lang='grc' dir='ltr'>πνεύματι</span> <span class='ocrx_word' id='word_1_746' title='bbox 1576 2121 1778 2156; x_wconf 76' lang='grc' dir='ltr'>σαλευομένους¹</span> 
     </span>
    </p>
   </div>
   <div class='ocr_carea' id='block_1_103' title="bbox 998 2165 1778 2203">
    <p class='ocr_par' dir='ltr' id='par_1_103' title="bbox 998 2165 1778 2203">
     <span class='ocr_line' id='line_1_103' title="bbox 998 2165 1778 2203; baseline -0.003 -9"><span class='ocrx_word' id='word_1_747' title='bbox 998 2169 1067 2203; x_wconf 80' lang='grc' dir='ltr'>ὅπερ</span> <span class='ocrx_word' id='word_1_748' title='bbox 1084 2169 1131 2194; x_wconf 80' lang='grc' dir='ltr'>καὶ</span> <span class='ocrx_word' id='word_1_749' title='bbox 1146 2167 1199 2202; x_wconf 76' lang='grc' dir='ltr'>πρό</span> <span class='ocrx_word' id='word_1_750' title='bbox 1220 2174 1291 2198; x_wconf 80' lang='grc' dir='ltr'>τινος</span> <span class='ocrx_word' id='word_1_751' title='bbox 1313 2165 1446 2200; x_wconf 83' lang='grc' dir='ltr'>ἀνάγκης,</span> <span class='ocrx_word' id='word_1_752' title='bbox 1469 2165 1486 2200; x_wconf 83' lang='grc' dir='ltr'><strong>ἢ</strong></span> <span class='ocrx_word' id='word_1_753' title='bbox 1503 2165 1636 2199; x_wconf 75' lang='grc' dir='ltr'>διωγμοῦ,</span> <span class='ocrx_word' id='word_1_754' title='bbox 1653 2165 1669 2200; x_wconf 84' lang='grc' dir='ltr'><strong>ἢ</strong></span> <span class='ocrx_word' id='word_1_755' title='bbox 1685 2166 1778 2197; x_wconf 75' lang='grc' dir='ltr'>αἰκίας,</span> 
     </span>
    </p>
   </div>
   <div class='ocr_carea' id='block_1_104' title="bbox 996 2211 1780 2248">
    <p class='ocr_par' dir='ltr' id='par_1_104' title="bbox 996 2211 1780 2248">
     <span class='ocr_line' id='line_1_104' title="bbox 996 2211 1780 2248; baseline -0.004 -8"><span class='ocrx_word' id='word_1_756' title='bbox 996 2213 1087 2245; x_wconf 79' lang='grc' dir='ltr'>δείσας</span> <span class='ocrx_word' id='word_1_757' title='bbox 1107 2213 1142 2239; x_wconf 85' lang='grc' dir='ltr'>τὰ</span> <span class='ocrx_word' id='word_1_758' title='bbox 1156 2212 1299 2248; x_wconf 79' lang='grc' dir='ltr'>μέλλοντα,</span> <span class='ocrx_word' id='word_1_759' title='bbox 1315 2212 1364 2238; x_wconf 71' lang='grc' dir='ltr'><strong>καὶ</strong></span> <span class='ocrx_word' id='word_1_760' title='bbox 1379 2211 1588 2246; x_wconf 76' lang='grc' dir='ltr'>φιλαργυρίσας,</span> <span class='ocrx_word' id='word_1_761' title='bbox 1601 2212 1634 2246; x_wconf 82' lang='grc' dir='ltr'>τῇ</span> <span class='ocrx_word' id='word_1_762' title='bbox 1652 2211 1780 2247; x_wconf 74' lang='grc' dir='ltr'>προσϐολῇ</span> 
     </span>
    </p>
   </div>
   <div class='ocr_carea' id='block_1_105' title="bbox 997 2256 1780 2293">
    <p class='ocr_par' dir='ltr' id='par_1_105' title="bbox 997 2256 1780 2293">
     <span class='ocr_line' id='line_1_105' title="bbox 997 2256 1780 2293; baseline -0.004 -8"><span class='ocrx_word' id='word_1_763' title='bbox 997 2259 1044 2285; x_wconf 83' lang='grc' dir='ltr'>τοῦ</span> <span class='ocrx_word' id='word_1_764' title='bbox 1066 2259 1116 2293; x_wconf 77' lang='grc' dir='ltr'>τῆς</span> <span class='ocrx_word' id='word_1_765' title='bbox 1142 2257 1285 2292; x_wconf 76' lang='grc' dir='ltr'>φιλαυτίας</span> <span class='ocrx_word' id='word_1_766' title='bbox 1316 2256 1470 2291; x_wconf 83' lang='grc' dir='ltr'>πνεύματος</span> <span class='ocrx_word' id='word_1_767' title='bbox 1498 2257 1590 2288; x_wconf 71' lang='grc' dir='ltr'>ἁλοὺς,</span> <span class='ocrx_word' id='word_1_768' title='bbox 1618 2257 1663 2283; x_wconf 74' lang='grc' dir='ltr'>τὸν</span> <span class='ocrx_word' id='word_1_769' title='bbox 1687 2257 1780 2293; x_wconf 81' lang='grc' dir='ltr'>Κύριον</span> 
     </span>
    </p>
   </div>
   <div class='ocr_carea' id='block_1_106' title="bbox 997 2302 1780 2338">
    <p class='ocr_par' dir='ltr' id='par_1_106' title="bbox 997 2302 1780 2338">
     <span class='ocr_line' id='line_1_106' title="bbox 997 2302 1780 2338; baseline -0.003 -7"><span class='ocrx_word' id='word_1_770' title='bbox 997 2304 1111 2332; x_wconf 74' lang='grc' dir='ltr'>ἀπέδοτο</span> <span class='ocrx_word' id='word_1_771' title='bbox 1129 2303 1228 2335; x_wconf 87' lang='grc' dir='ltr'>Ἰούδας</span> <span class='ocrx_word' id='word_1_772' title='bbox 1241 2303 1256 2329; x_wconf 89' lang='lat'><strong>6</strong></span> <span class='ocrx_word' id='word_1_773' title='bbox 1283 2302 1472 2338; x_wconf 81' lang='grc' dir='ltr'>Ἰσκαριώτης.</span> <span class='ocrx_word' id='word_1_774' title='bbox 1491 2302 1569 2329; x_wconf 81' lang='grc' dir='ltr'>Κατὰ</span> <span class='ocrx_word' id='word_1_775' title='bbox 1590 2302 1619 2329; x_wconf 78' lang='grc' dir='ltr'>δὲ</span> <span class='ocrx_word' id='word_1_776' title='bbox 1635 2303 1682 2329; x_wconf 77' lang='grc' dir='ltr'>τὸν</span> <span class='ocrx_word' id='word_1_777' title='bbox 1705 2303 1780 2330; x_wconf 77' lang='grc' dir='ltr'>αὑτὸν</span> 
     </span>
    </p>
   </div>
   <div class='ocr_carea' id='block_1_107' title="bbox 998 2347 1779 2385">
    <p class='ocr_par' dir='ltr' id='par_1_107' title="bbox 998 2347 1779 2385">
     <span class='ocr_line' id='line_1_107' title="bbox 998 2347 1779 2385; baseline -0.006 -7"><span class='ocrx_word' id='word_1_778' title='bbox 998 2351 1044 2378; x_wconf 80' lang='grc' dir='ltr'>τοῦ</span> <span class='ocrx_word' id='word_1_779' title='bbox 1062 2350 1164 2381; x_wconf 77' lang='grc' dir='ltr'>πάθους</span> <span class='ocrx_word' id='word_1_780' title='bbox 1185 2349 1290 2385; x_wconf 70' lang='grc' dir='ltr'>καιρὸν,</span> <span class='ocrx_word' id='word_1_781' title='bbox 1314 2348 1364 2383; x_wconf 82' lang='grc' dir='ltr'><strong>τὴν</strong></span> <span class='ocrx_word' id='word_1_782' title='bbox 1385 2347 1515 2374; x_wconf 82' lang='grc' dir='ltr'>Βαλλίλαν</span> <span class='ocrx_word' id='word_1_783' title='bbox 1541 2348 1646 2383; x_wconf 78' lang='grc' dir='ltr'>πτήξας</span> <span class='ocrx_word' id='word_1_784' title='bbox 1671 2349 1686 2374; x_wconf 88' lang='lat'><strong>6</strong></span> <span class='ocrx_word' id='word_1_785' title='bbox 1707 2357 1779 2384; x_wconf 89' lang='grc' dir='ltr'>κορυ-</span> 
     </span>
    </p>
   </div>
   <div class='ocr_carea' id='block_1_108' title="bbox 999 2394 1780 2432">
    <p class='ocr_par' dir='ltr' id='par_1_108' title="bbox 999 2394 1780 2432">
     <span class='ocr_line' id='line_1_108' title="bbox 999 2394 1780 2432; baseline -0.004 -9"><span class='ocrx_word' id='word_1_786' title='bbox 999 2398 1089 2432; x_wconf 81' lang='grc' dir='ltr'>φαῖος,</span> <span class='ocrx_word' id='word_1_787' title='bbox 1104 2397 1165 2432; x_wconf 78' lang='grc' dir='ltr'>τρὶς</span> <span class='ocrx_word' id='word_1_788' title='bbox 1185 2395 1244 2431; x_wconf 82' lang='grc' dir='ltr'><strong>μεθ’</strong></span> <span class='ocrx_word' id='word_1_789' title='bbox 1261 2395 1343 2430; x_wconf 80' lang='grc' dir='ltr'>ὅρκου</span> <span class='ocrx_word' id='word_1_790' title='bbox 1358 2394 1404 2420; x_wconf 79' lang='grc' dir='ltr'><strong>τὸν</strong></span> <span class='ocrx_word' id='word_1_791' title='bbox 1421 2394 1523 2430; x_wconf 84' lang='grc' dir='ltr'>Κύριον</span> <span class='ocrx_word' id='word_1_792' title='bbox 1539 2394 1688 2430; x_wconf 78' lang='grc' dir='ltr'>ἠρνήσατο,</span> <span class='ocrx_word' id='word_1_793' title='bbox 1707 2395 1728 2420; x_wconf 86' lang='grc' dir='ltr'><strong>εἰ</strong></span> <span class='ocrx_word' id='word_1_794' title='bbox 1741 2395 1780 2421; x_wconf 82' lang='grc' dir='ltr'>καὶ</span> 
     </span>
    </p>
   </div>
   <div class='ocr_carea' id='block_1_109' title="bbox 1001 2441 1781 2478">
    <p class='ocr_par' dir='ltr' id='par_1_109' title="bbox 1001 2441 1781 2478">
     <span class='ocr_line' id='line_1_109' title="bbox 1001 2441 1781 2478; baseline -0.004 -7"><span class='ocrx_word' id='word_1_795' title='bbox 1001 2442 1078 2475; x_wconf 77' lang='grc' dir='ltr'>αὖθις</span> <span class='ocrx_word' id='word_1_796' title='bbox 1091 2445 1123 2470; x_wconf 77' lang='grc' dir='ltr'>ὲκ</span> <span class='ocrx_word' id='word_1_797' title='bbox 1139 2443 1193 2469; x_wconf 82' lang='grc' dir='ltr'>τῶν</span> <span class='ocrx_word' id='word_1_798' title='bbox 1206 2442 1332 2478; x_wconf 82' lang='grc' dir='ltr'>δακρύων</span> <span class='ocrx_word' id='word_1_799' title='bbox 1349 2442 1493 2476; x_wconf 81' lang='grc' dir='ltr'>ἐπήγαγεν</span> <span class='ocrx_word' id='word_1_800' title='bbox 1511 2441 1642 2475; x_wconf 76' lang='grc' dir='ltr'>ἰατρείαν.</span> <span class='ocrx_word' id='word_1_801' title='bbox 1659 2441 1714 2468; x_wconf 72' lang='grc' dir='ltr'><strong>Καὶ</strong></span> <span class='ocrx_word' id='word_1_802' title='bbox 1728 2449 1781 2468; x_wconf 82' lang='grc' dir='ltr'><strong>συν-</strong></span> 
     </span>
    </p>
   </div>
   <div class='ocr_carea' id='block_1_110' title="bbox 1001 2486 1780 2524">
    <p class='ocr_par' dir='ltr' id='par_1_110' title="bbox 1001 2486 1780 2524">
     <span class='ocr_line' id='line_1_110' title="bbox 1001 2486 1780 2524; baseline -0.005 -7"><span class='ocrx_word' id='word_1_803' title='bbox 1001 2490 1093 2517; x_wconf 83' lang='grc' dir='ltr'>ελόντα</span> <span class='ocrx_word' id='word_1_804' title='bbox 1117 2490 1210 2524; x_wconf 80' lang='grc' dir='ltr'>φάναι,</span> <span class='ocrx_word' id='word_1_805' title='bbox 1236 2488 1284 2515; x_wconf 76' lang='grc' dir='ltr'>ἐπὶ</span> <span class='ocrx_word' id='word_1_806' title='bbox 1299 2488 1345 2514; x_wconf 82' lang='grc' dir='ltr'>τὸν</span> <span class='ocrx_word' id='word_1_807' title='bbox 1372 2487 1493 2514; x_wconf 84' lang='grc' dir='ltr'>σκόλοπα</span> <span class='ocrx_word' id='word_1_808' title='bbox 1520 2486 1567 2513; x_wconf 80' lang='grc' dir='ltr'>τοῦ</span> <span class='ocrx_word' id='word_1_809' title='bbox 1588 2487 1707 2523; x_wconf 78' lang='grc' dir='ltr'>σταυροῦ</span> <span class='ocrx_word' id='word_1_810' title='bbox 1731 2496 1780 2522; x_wconf 83' lang='grc' dir='ltr'>φοι-</span> 
     </span>
    </p>
   </div>
   <div class='ocr_carea' id='block_1_111' title="bbox 1000 2533 1779 2569">
    <p class='ocr_par' dir='ltr' id='par_1_111' title="bbox 1000 2533 1779 2569">
     <span class='ocr_line' id='line_1_111' title="bbox 1000 2533 1779 2569; baseline -0.005 -6"><span class='ocrx_word' id='word_1_811' title='bbox 1000 2536 1102 2568; x_wconf 84' lang='grc' dir='ltr'>τῶντος</span> <span class='ocrx_word' id='word_1_812' title='bbox 1115 2535 1210 2569; x_wconf 75' lang='grc' dir='ltr'>αὑτοῦ,</span> <span class='ocrx_word' id='word_1_813' title='bbox 1221 2534 1252 2561; x_wconf 79' lang='grc' dir='ltr'>τὸ</span> <span class='ocrx_word' id='word_1_814' title='bbox 1263 2535 1313 2569; x_wconf 84' lang='grc' dir='ltr'>τῆς</span> <span class='ocrx_word' id='word_1_815' title='bbox 1326 2533 1429 2565; x_wconf 78' lang='grc' dir='ltr'>δειλίας</span> <span class='ocrx_word' id='word_1_816' title='bbox 1438 2533 1546 2568; x_wconf 84' lang='grc' dir='ltr'>πνεῦμα</span> <span class='ocrx_word' id='word_1_817' title='bbox 1561 2533 1678 2568; x_wconf 77' lang='grc' dir='ltr'>ἐκραγὲν</span> <span class='ocrx_word' id='word_1_818' title='bbox 1689 2533 1779 2565; x_wconf 77' lang='grc' dir='ltr'>αὐτοῖς,</span> 
     </span>
    </p>
   </div>
   <div class='ocr_carea' id='block_1_112' title="bbox 1003 2579 1781 2616">
    <p class='ocr_par' dir='ltr' id='par_1_112' title="bbox 1003 2579 1781 2616">
     <span class='ocr_line' id='line_1_112' title="bbox 1003 2579 1781 2616; baseline -0.004 -8"><span class='ocrx_word' id='word_1_819' title='bbox 1003 2583 1107 2613; x_wconf 79' lang='grc' dir='ltr'>πάντας</span> <span class='ocrx_word' id='word_1_820' title='bbox 1120 2580 1234 2616; x_wconf 81' lang='grc' dir='ltr'>δρασμῷ</span> <span class='ocrx_word' id='word_1_821' title='bbox 1248 2579 1400 2616; x_wconf 83' lang='grc' dir='ltr'>χρήσασθαι</span> <span class='ocrx_word' id='word_1_822' title='bbox 1411 2579 1601 2614; x_wconf 78' lang='grc' dir='ltr'>παρεσκεύασε</span> <span class='ocrx_word' id='word_1_823' title='bbox 1614 2588 1620 2594; x_wconf 90' lang='grc'><strong>·</strong></span> <span class='ocrx_word' id='word_1_824' title='bbox 1631 2579 1679 2605; x_wconf 77' lang='grc' dir='ltr'><strong>καὶ</strong></span> <span class='ocrx_word' id='word_1_825' title='bbox 1690 2587 1781 2614; x_wconf 85' lang='grc' dir='ltr'>συγχω-</span> 
     </span>
    </p>
   </div>
   <div class='ocr_carea' id='block_1_113' title="bbox 1005 2623 1779 2663">
    <p class='ocr_par' dir='ltr' id='par_1_113' title="bbox 1005 2623 1779 2663">
     <span class='ocr_line' id='line_1_113' title="bbox 1005 2623 1779 2663; baseline -0.005 -9"><span class='ocrx_word' id='word_1_826' title='bbox 1005 2629 1048 2663; x_wconf 75' lang='grc' dir='ltr'><strong>ρεῖ</strong></span> <span class='ocrx_word' id='word_1_827' title='bbox 1072 2626 1261 2661; x_wconf 78' lang='grc' dir='ltr'>ἀναιρεθῆναι,</span> <span class='ocrx_word' id='word_1_828' title='bbox 1280 2626 1344 2661; x_wconf 78' lang='grc' dir='ltr'>πρὶν</span> <span class='ocrx_word' id='word_1_829' title='bbox 1366 2623 1484 2661; x_wconf 78' lang='grc' dir='ltr'>κηρύξαι</span> <span class='ocrx_word' id='word_1_830' title='bbox 1501 2624 1535 2651; x_wconf 77' lang='grc' dir='ltr'><strong>τὰ</strong></span> <span class='ocrx_word' id='word_1_831' title='bbox 1552 2625 1616 2660; x_wconf 77' lang='grc' dir='ltr'>περὶ</span> <span class='ocrx_word' id='word_1_832' title='bbox 1636 2624 1727 2651; x_wconf 80' lang='grc' dir='ltr'>αὐτοῦ.</span> <span class='ocrx_word' id='word_1_833' title='bbox 1743 2624 1779 2650; x_wconf 81' lang='grc' dir='ltr'>Διὺ</span> 
     </span>
    </p>
   </div>
   <div class='ocr_carea' id='block_1_114' title="bbox 1005 2669 1780 2708">
    <p class='ocr_par' dir='ltr' id='par_1_114' title="bbox 1005 2669 1780 2708">
     <span class='ocr_line' id='line_1_114' title="bbox 1005 2669 1780 2708; baseline -0.005 -8"><span class='ocrx_word' id='word_1_834' title='bbox 1005 2673 1051 2700; x_wconf 77' lang='grc' dir='ltr'>καί</span> <span class='ocrx_word' id='word_1_835' title='bbox 1072 2681 1139 2708; x_wconf 85' lang='grc' dir='ltr'>φησι</span> <span class='ocrx_word' id='word_1_836' title='bbox 1161 2673 1217 2703; x_wconf 84' lang='grc' dir='ltr'>τοῖς</span> <span class='ocrx_word' id='word_1_837' title='bbox 1236 2671 1425 2703; x_wconf 74' lang='grc' dir='ltr'>συλλαϐοῦσιν,</span> <span class='ocrx_word' id='word_1_838' title='bbox 1445 2671 1478 2697; x_wconf 82' lang='lat' dir='ltr'><strong>Et</strong></span> <span class='ocrx_word' id='word_1_839' title='bbox 1499 2670 1551 2705; x_wconf 79' lang='grc' dir='ltr'><strong>ἐμὲ</strong></span> <span class='ocrx_word' id='word_1_840' title='bbox 1565 2669 1686 2704; x_wconf 79' lang='grc' dir='ltr'>ζητεῖτε,</span> <span class='ocrx_word' id='word_1_841' title='bbox 1703 2670 1780 2705; x_wconf 64' lang='lat' dir='ltr'><strong>ﬁgas&quot;</strong></span> 
     </span>
    </p>
   </div>
   <div class='ocr_carea' id='block_1_115' title="bbox 986 2761 1136 2795">
    <p class='ocr_par' dir='ltr' id='par_1_115' title="bbox 986 2761 1136 2795">
     <span class='ocr_line' id='line_1_115' title="bbox 986 2761 1136 2795; baseline -0.007 -5"><span class='ocrx_word' id='word_1_842' title='bbox 986 2761 1058 2790; x_wconf 87' lang='lat' dir='ltr'><strong>&#39;Job</strong></span> <span class='ocrx_word' id='word_1_843' title='bbox 1077 2771 1096 2795; x_wconf 88' lang='lat' dir='ltr'><strong>I,</strong></span> <span class='ocrx_word' id='word_1_844' title='bbox 1110 2763 1136 2790; x_wconf 88' lang='lat'><strong>8.</strong></span> 
     </span>
    </p>
   </div>
   <div class='ocr_carea' id='block_1_116' title="bbox 1189 2757 1776 2792">
    <p class='ocr_par' dir='ltr' id='par_1_116' title="bbox 1189 2757 1776 2792">
     <span class='ocr_line' id='line_1_116' title="bbox 1189 2757 1776 2792; baseline -0.007 -3"><span class='ocrx_word' id='word_1_845' title='bbox 1189 2761 1199 2777; x_wconf 68' lang='grc' dir='ltr'><strong>δ</strong></span> <span class='ocrx_word' id='word_1_846' title='bbox 1215 2760 1301 2789; x_wconf 83' lang='lat' dir='ltr'><strong>Exod.</strong></span> <span class='ocrx_word' id='word_1_847' title='bbox 1317 2768 1416 2792; x_wconf 82' lang='lat' dir='ltr'><strong>xxxiii,</strong></span> <span class='ocrx_word' id='word_1_848' title='bbox 1430 2759 1472 2787; x_wconf 77' lang='grc'><strong>12.</strong></span> <span class='ocrx_word' id='word_1_849' title='bbox 1521 2760 1532 2775; x_wconf 85' lang='grc'><strong><em>³</em></strong></span> <span class='ocrx_word' id='word_1_850' title='bbox 1546 2759 1640 2786; x_wconf 74' lang='lat' dir='ltr'><strong>Matth.</strong></span> <span class='ocrx_word' id='word_1_851' title='bbox 1672 2766 1725 2791; x_wconf 79' lang='lat' dir='ltr'><strong>xvt,</strong></span> <span class='ocrx_word' id='word_1_852' title='bbox 1739 2757 1776 2785; x_wconf 67' lang='lat'><strong>28.</strong></span> 
     </span>
    </p>
   </div>
   <div class='ocr_carea' id='block_1_117' title="bbox 204 2839 938 2883">
    <p class='ocr_par' dir='ltr' id='par_1_117' title="bbox 204 2845 938 2883">
     <span class='ocr_line' id='line_1_117' title="bbox 204 2845 938 2883; baseline -0.001 -10"><span class='ocrx_word' id='word_1_853' title='bbox 204 2847 242 2883; x_wconf 78' lang='lat'><strong>(8)</strong></span> <span class='ocrx_word' id='word_1_854' title='bbox 258 2846 335 2880; x_wconf 73' lang='grc' dir='ltr'>Πρὸς</span> <span class='ocrx_word' id='word_1_855' title='bbox 351 2846 495 2881; x_wconf 73' lang='grc' dir='ltr'>ἅπαντας.</span> <span class='ocrx_word' id='word_1_856' title='bbox 513 2845 666 2883; x_wconf 70' lang='lat' dir='ltr'><strong>Legendum</strong></span> <span class='ocrx_word' id='word_1_857' title='bbox 690 2845 762 2882; x_wconf 72' lang='grc' dir='ltr'>παρὰ</span> <span class='ocrx_word' id='word_1_858' title='bbox 780 2846 882 2877; x_wconf 71' lang='grc' dir='ltr'>πάντας</span> <span class='ocrx_word' id='word_1_859' title='bbox 901 2853 938 2874; x_wconf 83' lang='lat' dir='ltr'><strong>co:</strong></span> 
     </span>
    </p>
   </div>
   <div class='ocr_carea' id='block_1_118' title="bbox 999 2839 1752 2883">
    <p class='ocr_par' dir='ltr' id='par_1_118' title="bbox 999 2839 1752 2875">
     <span class='ocr_line' id='line_1_118' title="bbox 999 2839 1752 2875; baseline -0.007 -3"><span class='ocrx_word' id='word_1_860' title='bbox 999 2849 1013 2873; x_wconf 17' lang='lat' dir='ltr'><strong>it</strong></span> <span class='ocrx_word' id='word_1_861' title='bbox 1028 2843 1180 2874; x_wconf 79' lang='lat' dir='ltr'><strong>Colelerius</strong></span> <span class='ocrx_word' id='word_1_862' title='bbox 1203 2843 1322 2872; x_wconf 77' lang='lat' dir='ltr'><strong>Monum.</strong></span> <span class='ocrx_word' id='word_1_863' title='bbox 1338 2841 1401 2871; x_wconf 73' lang='lat' dir='ltr'><strong>ccci.</strong></span> <span class='ocrx_word' id='word_1_864' title='bbox 1415 2840 1460 2870; x_wconf 76' lang='lat' dir='ltr'><strong>Gr.</strong></span> <span class='ocrx_word' id='word_1_865' title='bbox 1475 2845 1541 2870; x_wconf 86' lang='lat' dir='ltr'><strong>tom.</strong></span> <span class='ocrx_word' id='word_1_866' title='bbox 1562 2840 1605 2874; x_wconf 89' lang='lat' dir='ltr'><strong>Ill,</strong></span> <span class='ocrx_word' id='word_1_867' title='bbox 1624 2849 1684 2875; x_wconf 67' lang='lat' dir='ltr'><strong>pag.</strong></span> <span class='ocrx_word' id='word_1_868' title='bbox 1699 2839 1752 2868; x_wconf 76' lang='lat'><strong>538.</strong></span> 
     </span>
    </p>
   </div>
  </div>
