1910 3038
111 127 191 156 1159

114 185 248 216 τούτους
269 182 412 218 ὑπάγειν·
432 184 626 220 προγινώσκων
647 185 735 212 τοίνυν
760 184 850 211 αὐτῶν
866 185 911 211 τὸν

115 230 245 265 δραγμὸν
259 231 306 256 καὶ
320 230 364 257 τὸν
381 230 471 262 σάλον,
488 231 665 267 ὑποστηρίζει
676 232 773 262 αὐτοὺς
785 232 818 266 τῇ
832 231 913 265 ἑπαγ-

117 275 212 310 γελία,
233 276 280 302 καὶ
302 275 421 310 μερικῶς
438 278 613 312 παραγυμνοῖ
627 277 720 311 αὐτὴν,
741 276 775 302 δι’
790 275 912 311 ἀμυδροῦ

117 322 153 348 τὸ
169 322 230 348 ὅλον
251 321 500 357 πιστοποιούμενος.
516 323 605 358 Ὅπερ
622 322 658 357 μὴ
680 323 865 358 χωρήσαντες,
883 323 913 348 ὲν

118 366 164 402 τῷ
189 367 304 402 παρόντι
330 367 450 400 ἁλόντες,
468 368 514 394 ἐπὶ
537 368 587 401 τῆς
612 367 709 403 χέρσου
735 368 833 403 μικροῦ
858 367 913 394 δεῖν

121 412 297 446 ὲχωνεύοντο.
316 413 498 447 Παραλαϐὼν
513 413 566 448 γὰρ
584 414 654 447 μεθ’
668 413 702 445 ἐξ
724 412 841 447 ἡμερῶν
857 412 912 439 Πέ-

121 466 197 492 τρον
209 458 255 485 καὶ
274 457 411 485 Ἰάκωϐον
423 459 472 485 καὶ
488 459 630 492 Ἰωάννην
639 459 811 493 ὲφὊιί-ηλῆς
821 459 914 492 ἀκρω-

119 505 217 538 ρείας,
230 504 438 539 μετεμορφώθη
450 505 619 539 ἔμπροσθεν
633 506 740 536 αὐτῶν,
753 504 802 531 καὶ
813 505 909 539 ἐλαμ-

123 551 168 584 ψε
187 550 221 576 τὸ
248 551 410 584 πρόσωπον
425 551 517 577 αὑτοῦ
534 552 572 584 ὡς
586 553 602 578 ό
614 550 711 584 ἥλιος,
723 550 758 577 τὰ
770 549 803 576 δὲ
816 549 914 584 ἱμάτια

123 595 221 623 αὐτοῦ
237 594 276 630 ἦν
288 596 327 628 ὡς
338 595 369 622 τὸ
382 597 453 630 φῶς,
471 597 554 631 φησὶν
568 597 583 622 ὁ
598 596 668 628 θεῖος
682 596 829 627 Ματθαῐος.
856 595 914 622 Ἐν-

123 641 216 669 ταῦθα
239 640 285 668 οὖν
304 642 461 674 ἐθεάσαντο,
484 643 537 678 πρὸ
554 642 601 669 τοῦ
619 642 735 668 Θανάτου
753 641 913 675 γεύσασθαι,

123 688 172 715 τὸν
198 688 261 715 Υίὺν
275 689 321 716 τοῦ
345 689 488 725 ἀνθρώπου
514 690 543 716 ὲν
568 690 601 724 τῇ
619 689 681 724 δόξῃ
707 688 804 721 αὑτοῦ,
823 688 914 719 καθὼς

126 734 257 770 ἀνωτέρω
271 735 363 767 αὐτοῖς
377 735 569 769 ἐπηγγείλατο.
587 734 694 770 Καίπερ
710 734 740 761 οὐ
760 734 850 769 γυμνὴ
863 741 915 768 φα-

124 782 203 808 νεῖσα
217 781 233 816 ἡ
248 780 355 816 θεότης,
368 781 425 808 ἀλλ’
440 781 567 816 ἡνωμένη
578 781 635 812 τοῖς
647 779 801 816 ἡμετέροις,
813 780 853 810 εἰς
863 779 914 814 γῆν

126 826 225 857 αὐτοὺς
249 825 380 852 κατέῦαλε
392 824 431 860 τῷ
450 826 572 861 ἁστέκτῳ
588 825 637 860 τῆς
655 825 751 859 ὅψεως,
777 822 912 850 παιδεύων

127 870 236 903 αὐτοὺς,
252 870 290 902 ὡς
311 872 335 897 ει
355 871 479 897 ἐϐούλετο
509 871 625 906 Χριστὸς
646 869 798 905 φαίνεσθαι,
822 868 912 901 καθὼς

127 915 245 950 πέφυκε,
261 916 349 943 πάντα
361 915 446 952 ἄρδην
456 916 613 951 ὲχωνεὺετο,
623 916 757 951 ἀχωρήτῳ
766 914 917 950 δψειρὶονεὶ

127 961 212 997 κηρὸς
227 961 356 997 ἐγγύτητι
372 963 467 998 πυρὸς,
491 962 639 998 τηκόμενα.
655 961 815 997 Παρέστησε
828 960 850 986 δ’
867 960 916 986 αὺ-

127 1008 184 1038 τοῖς
198 1007 301 1043 Μωσῆν
323 1008 370 1034 καὶ
391 1007 495 1039 ¹Ηλίαν,
509 1007 571 1039 τοὺς
585 1007 632 1034 δύο
650 1007 703 1033 τῶν
723 1006 834 1033 δικαίων
848 1005 918 1041 ὑψη-

128 1052 190 1083 λοὺς
205 1052 369 1088 ἀκρωτῆρας
383 1052 579 1084 συλλαλοῦντας
588 1060 595 1066 ·
609 1053 714 1084 δεικνὺς
727 1053 758 1079 οὐ
772 1052 850 1088 μόνον
864 1052 918 1079 τῶν

129 1099 258 1133 ἐπιγείων
273 1099 425 1133 δεσπόζειν,
446 1100 502 1126 ἀλλ’
528 1100 579 1136 ήδη
601 1099 649 1126 καὶ
666 1099 720 1126 τῶν
737 1098 917 1135 ὑποχθονίων

131 1146 180 1173 καὶ
199 1146 237 1182 μὴ
251 1147 330 1182 μόνον
349 1146 544 1182 τεθρημέρους,
563 1147 600 1179 ὠς
611 1147 657 1174 τὸν
672 1146 808 1182 Λάζαρον,
823 1146 840 1182 ἦ
855 1145 921 1172 αὐθ-

131 1191 260 1227 ημέρους,
274 1191 312 1223 ὡς
334 1192 379 1219 τὸν
395 1193 478 1219 παῖδα
490 1193 539 1228 τῆς
560 1194 658 1228 χήρας,
672 1193 740 1220 ἀλλὰ
754 1193 801 1219 καὶ
816 1192 922 1227 χιλιων-

131 1237 220 1269 τῶτας
235 1237 272 1273 (9)
292 1239 418 1274 νεκροὺς,
442 1239 490 1265 καὶ
505 1239 568 1270 τοὺς
580 1239 627 1266 ἀπ’
644 1238 741 1270 αἰῶνος
758 1238 922 1274 φθαρέντας.

132 1284 178 1311 καὶ
203 1284 282 1320 μέχρι
299 1285 386 1316 κόνιος
408 1284 549 1317 λυθέντας,
569 1285 758 1321 προστάγματι
781 1285 919 1321 παριστᾷν

138 1331 229 1366 ἑαυτῷ
242 1331 346 1363 ζῶντας
359 1332 406 1358 καὶ
415 1328 650 1367 ὲρῤωμένουςοῖός
664 1340 703 1358 τε.
716 1332 792 1358 Ποιεῖ
798 1331 827 1358 δὲ
840 1330 925 1358 ταῦτα

133 1376 187 1412 πρὸ
208 1377 255 1404 τοῦ
279 1377 382 1408 πάθους
398 1377 445 1403 καὶ
461 1377 510 1412 τῆς
525 1377 709 1409 ἀναστάσεως,
729 1376 869 1413 παριστῶν
888 1376 925 1412 μὴ

131 1423 187 1450 ἀπὸ
201 1423 305 1450 τούτων
322 1420 377 1450 οἷον
393 1423 426 1450 δι’
441 1424 579 1458 ὑπομονῆς
595 1423 642 1450 καὶ
666 1423 791 1459 ἀνδρείας
805 1423 924 1456 τιθέντα,

134 1468 186 1496 ὑπὸ
199 1468 245 1495 τοῦ
262 1469 367 1505 Πατρὸς
382 1469 454 1504 ἔχειν
478 1470 525 1496 καὶ
548 1469 579 1495 τὸ
596 1468 667 1495 κατὰ
689 1468 798 1494 πάντων
821 1468 922 1503 κράτος

133 1515 270 1551 ἀόριστον,
288 1516 335 1542 καὶ
357 1516 529 1549 αὑτεξούσιος
543 1514 676 1550 ὑπάρχειν
700 1514 790 1546 αὑτός.
809 1514 855 1540 Διὸ
877 1515 924 1540 καὶ

137 1560 319 1596 ιτεροτρόπως
335 1559 457 1596 ἀλλήλων
469 1560 514 1586 τὸν
535 1559 591 1594 βίον
611 1559 781 1595 ἁμείψαντας
802 1560 922 1595 παριστᾷ

135 1606 233 1641 ἑαυτῷ,
249 1606 355 1637 δεικνὺς
369 1605 400 1632 τὸ
416 1605 469 1641 πρὸ
480 1605 566 1641 τάφου
586 1606 632 1632 καὶ
646 1605 831 1638 ἀναστάσεως,
850 1605 920 1636 ζών-

135 1660 187 1680 των
202 1652 248 1679 καὶ
271 1651 374 1688 νεκρῶν
398 1652 548 1688 κυριεύειν·
574 1651 677 1679 Μωσέα
703 1651 752 1687 μὲν
775 1651 813 1686 τῷ
840 1651 921 1687 κοινῷ

136 1697 218 1724 πᾶσιν
239 1697 346 1733 θανάτῳ
365 1698 416 1734 ήδη
437 1697 482 1724 τοῦ
499 1698 556 1734 βίον
571 1697 738 1732 ἀπαγαγώνο
760 1697 854 1724 Ἠλίαν
869 1706 920 1724 πυ-

138 1743 201 1779 ρίνῳ
217 1743 360 1779 τεθρίππῳ
374 1744 454 1770 οἱονεὶ
470 1744 510 1775 εις
529 1743 670 1779 οὐρανοὺς,
694 1743 723 1769 ὲν
743 1743 852 1779 ἀοράτῳ
872 1742 921 1777 τῆς

137 1789 235 1826 χέρσου
251 1790 426 1826 μεταστήσας
446 1790 529 1823 edatur
545 1790 591 1816 τὸν
613 1790 661 1825 μὲν
677 1790 709 1816 ἐκ
722 1789 776 1815 τῶν
790 1787 923 1823 καταχθο-

137 1836 200 1863 νίων
220 1836 331 1870 ἀγαγών
343 1844 350 1853 ·
371 1836 418 1863 τὸν
431 1835 460 1862 δὲ
474 1836 506 1862 ὲκ
526 1835 574 1870 τῆς
590 1835 792 1870 ὑποδεξαμένης
814 1834 923 1867 ζώντων

138 1882 228 1918 χώρας
243 1883 369 1916 καλέσας,
388 1883 417 1908 ὲν
435 1884 501 1918 ῥιπῇ
521 1882 661 1917 ὀφθαλμοῦ
679 1882 768 1917 ἐαυτῷ
783 1881 922 1917 παρέστη-

140 1936 194 1955 σεν.
213 1929 274 1954 Ἔτι
290 1926 319 1953 δὲ
337 1927 430 1955 αὑτοῦ
443 1927 674 1961 συλλαλοῦντος
684 1929 797 1960 αὐτοῖς,
812 1927 894 1964 φησὶν
909 1929 924 1955 ὀ

140 1975 224 2010 μέγας
235 1974 383 2007 Ματθαῖος,
393 1974 442 2001 καὶ
455 1973 519 2001 ἰδοὺ
528 1974 642 2009 νεφέλῃ
651 1974 778 2009 φωτεινὴ
789 1974 924 2001 ἐπεσκία-

139 2028 194 2047 σεν
211 2019 323 2053 αὐτοῖς,
342 2020 392 2046 καὶ
412 2019 496 2054 φωνὴ
518 2020 636 2055 ἐγένετο
660 2021 694 2047 ἐκ
718 2020 773 2055 τῆς
794 2020 924 2055 νεφέλης

140 2066 282 2100 ⁵ιέγουσα,
300 2064 394 2099 Οὗτός
412 2066 497 2093 ἐστιν
509 2068 526 2093 ό
541 2067 563 2092 Υ
562 2067 606 2099 ἰός
618 2075 677 2101 μου
693 2067 854 2101 ἀγαπητὸς,
868 2067 922 2093 αὐ-

141 2113 193 2140 τοῦ
205 2112 330 2140 ἀκούετε
341 2120 348 2127 ·
368 2111 414 2139 τοῦ
431 2112 459 2138 δὲ
475 2113 582 2148 Πατρδς
597 2112 640 2140 διὰ
662 2112 712 2147 τῆς
725 2113 841 2148 νεφέλης
853 2113 925 2139 οὕτω

142 2158 361 2193 παρεγγυῶντος,
385 2157 480 2184 θᾶττον
506 2158 530 2184 οἱ
548 2158 597 2192 μὲν
621 2157 675 2184 τῶν
699 2157 848 2184 θεσπεσίων
871 2158 925 2184 ἁπ-

142 2203 257 2239 ῲχοντο·
273 2203 298 2229 οἱ
312 2203 340 2229 δὲ
354 2203 525 2235 πεπτώκασι,
544 2204 576 2238 τῇ
594 2203 717 2238 ἀστέκτῳ
731 2204 804 2238 φωνῇ
823 2203 925 2238 μύσαν-

142 2257 196 2281 τες,
213 2249 246 2275 ἵν’
262 2249 275 2275 ὁ
287 2249 372 2280 ἑστὼς
384 2249 431 2275 ἐπὶ
447 2249 585 2284 σχήματος
599 2249 677 2284 μόνος
692 2250 762 2284 φανῇ
778 2249 846 2280 Παῖς
860 2250 927 2285 γνή-

143 2303 209 2326 σιος,
223 2295 372 2330 ἀγαπητὸς,
384 2294 536 2329 ὀμοούσιος,
554 2294 709 2329 θαρσαλέως
726 2294 873 2329 συνομιλῶν
889 2294 927 2329 τῷ

143 2341 239 2376 Πατρι.
266 2340 328 2367 Ἐπὶ
345 2340 397 2376 γὰρ
413 2340 486 2368 θείου
503 2340 549 2367 καὶ
561 2340 698 2375 βασιλικοῦ
715 2340 844 2367 σιλεντίου
865 2342 928 2372 τοὺς

144 2385 192 2420 μὲν
213 2385 387 2421 θεραπόντων
405 2385 580 2421 ἁποίχεσθαι,
602 2386 664 2417 τοὺς
687 2385 716 2412 δὲ
732 2385 928 2420 κατεποιχὸτας

144 2433 311 2468 παραμένειν
340 2434 386 2460 καὶ
408 2435 523 2469 σιωπᾷν,
546 2435 627 2469 τιμᾷν
647 2434 678 2460 τὸ
702 2434 842 2460 σιλέντιον.
869 2435 926 2461 Οὐκ

143 2479 288 2514 ἱγεύσαντο
296 2480 386 2506 τοίνυν
400 2479 516 2506 θανάτου
524 2480 549 2506 οἰ
562 2479 608 2506 τοῦ
619 2480 722 2515 Κυρίου
738 2479 863 2515 φοιτηταὶ
874 2479 927 2511 ἓως

142 2525 174 2552 ἂν
189 2524 259 2552 εἶδον
281 2525 326 2552 τὸν
346 2525 409 2552 Υίδν
423 2524 471 2552 τοῦ
488 2525 632 2561 ἀνθρώπου
647 2526 677 2551 ὲν
691 2526 724 2560 τῇ
748 2524 811 2561 δόξῃ
833 2525 926 2558 αὐτοῦ,

142 2573 190 2607 οὐχ
202 2572 240 2604 ὡς
253 2569 298 2608 ἦν,
312 2571 370 2599 ἀλλ’
385 2571 422 2604 ὡς
439 2570 572 2607 ἐχώρουν·
589 2571 634 2597 καὶ
655 2570 741 2598 ταῦτα
755 2572 830 2606 τρεῖς
851 2571 927 2607 μόνοι

144 2617 167 2643 οἱ
182 2616 403 2653 διορατικώτεροι
424 2616 472 2643 καὶ
493 2616 633 2651 ἀμείνονες
655 2615 702 2643 τοῦ
725 2616 838 2643 etde-0w
862 2617 928 2651 φησὶ

144 2662 197 2698 γὰρ
209 2663 224 2689 6
240 2663 354 2697 Κύριος,
374 2663 443 2690 Εἰσί
463 2670 542 2695 τινες
556 2661 617 2688 τῶν
634 2659 687 2689 ὧδε
709 2662 855 2695 ἑστώτων,
869 2663 929 2698 οὐχὶ

146 2709 254 2740 πάντες,
272 2709 381 2741 οἵτινες
399 2709 435 2736 οὐ
456 2707 498 2742 μὴ
525 2708 684 2742 Teucer-tm
705 2708 844 2742 θανάτου,
873 2709 929 2743 ἕως

146 2754 230 2781 ιδωσι
244 2754 301 2789 τὴν
310 2755 473 2787 ,ϐασιλείαν
482 2754 535 2782 τοῦ
549 2754 634 2788 Θεοῦ,
645 2755 678 2790 ἥν
693 2755 819 2791 ἀμυδρῶς
832 2755 929 2782 θεασά-

819 127 989 156 DlALOGUS
1010 128 1053 156 Ill.

1685 125 1752 152 H50

964 193 1025 220 quae
1040 185 1127 220 ipsum
1141 185 1352 213 conccrncbant.
1373 183 1435 211 Ideo
1454 188 1480 211 et
1496 182 1538 210 his
1558 181 1603 217 qui
1625 189 1752 216 compre-

964 231 1117 258 hendebant
1130 232 1218 266 ipsum
1230 250 1237 261 .
1252 231 1340 265 inquit
1352 239 1359 258 :
1373 230 1403 257 Si
1419 238 1459 256 me
1470 229 1588 264 qum-itis
1597 248 1604 259 ,
1617 228 1694 255 sinite
1705 228 1751 254 Irus

962 277 1036 304 abire
1047 277 1067 304 '.
1080 276 1196 304 Proinde
1208 284 1270 303 eum
1283 276 1422 311 praescii-et
1436 275 1556 309 ipsorum
1569 273 1750 306 perturbatio-

963 331 1023 350 nem
1039 323 1309 357 ﬂuctuationemque,
1323 321 1451 349 obﬁrmat
1465 321 1539 356 ipsos
1553 319 1750 354 promissione.

963 377 1076 404 eamque
1091 377 1122 396 ex
1135 373 1211 404 parte
1221 368 1357 400 denudat,
1370 367 1404 394 de
1418 371 1472 394 tota
1488 366 1653 401 perobscnre
1672 363 1750 391 [idem

964 415 1066 442 faciens
1082 424 1088 441 :
1107 415 1185 449 cujus
1203 415 1230 442 in
1247 414 1390 449 praesentia
1407 421 1470 440 cum
1492 420 1545 439 non
1566 415 1658 439 essent
1673 417 1754 444 capav

964 469 1010 488 ees
1021 481 1027 493 ,
1047 461 1074 487 in
1090 465 1191 488 terram
1210 460 1406 495 propemodum
1424 462 1511 486 semet
1528 458 1663 485 abdebant
1678 465 1685 483 :
1703 455 1754 482 As-

963 509 1073 541 sumptis
1093 508 1165 535 enim
1185 511 1243 542 post
1263 514 1308 534 sea;
1328 506 1383 532 dies
1403 505 1484 532 Petro
1503 510 1528 532 et
1549 504 1648 530 Iacobo
1665 507 1688 529 et
1703 501 1753 528 Jo-

965 562 1032 580 anne
1054 554 1082 580 in
1105 555 1189 580 altum
1210 554 1304 580 montis
1328 553 1448 579 verticem
1461 571 1469 584 ,
1490 551 1697 584 transformata:
1715 553 1754 575 est

965 609 1054 627 caram
1074 601 1156 635 ipsis,
1175 599 1356 634 splenduitqtte
1377 599 1458 633 facies
1477 598 1533 631 ejus
1553 597 1620 623 sicut
1636 596 1692 628 sol,
1710 603 1754 622 ve-

965 647 1089 673 stimenta
1109 650 1197 672 autem
1216 645 1273 680 ejus
1295 649 1370 671 erant
1391 645 1460 671 sicut
1479 643 1525 670 (ua:
1538 664 1545 675 ,
1568 643 1657 677 inquit
1675 641 1756 669 divus

965 692 1010 719 ille
1040 691 1183 719 Matthaeus
1200 692 1221 718 ⁷.
1252 691 1301 719 llic
1330 691 1413 726 igitur
1441 695 1589 724 antequam
1614 692 1756 723 gustarem

966 742 1097 768 mortem,
1127 739 1328 770 conspexerunt
1349 734 1448 762 Filium
1474 734 1593 761 hominis
1614 733 1641 759 in
1669 732 1755 767 gloria

966 790 1031 814 sua,
1052 782 1123 810 sicut
1142 782 1209 816 ipsis
1229 786 1308 808 antea
1329 781 1503 816 promiserat.
1523 779 1561 807 Ac
1578 779 1684 806 tametsi
1702 786 1756 806 non

969 828 1126 863 apparuerit
1143 827 1215 855 nuda
1235 827 1381 860 divinitas,
1402 826 1448 853 sed
1470 826 1544 852 unita
1561 825 1690 852 membris
1707 831 1757 851 nn-

966 875 1051 904 stris.
1079 875 1106 901 in
1134 878 1233 901 terram
1263 877 1353 900 tamen
1381 873 1457 907 ipsos
1479 872 1577 907 dejeeit
1593 870 1757 898 intolerabili

965 921 1057 948 vuttus
1073 919 1233 955 splendore,
1250 919 1353 946 docens
1369 918 1458 953 ipsos,
1481 918 1555 952 quod
1579 918 1601 945 si
1623 917 1759 945 voluisset

966 967 1094 995 Christus
1116 972 1248 1000 apparere
1265 965 1336 992 sicut
1351 969 1408 995 est,
1425 964 1516 991 omnia
1541 971 1654 998 prorsus
1678 963 1759 990 colli-

968 1011 1093 1047 quet'acta
1111 1010 1248 1041 fuissent,
1266 1010 1299 1036 ad
1321 1009 1605 1043 comprehendendum
1627 1008 1758 1035 intolera-

968 1057 1015 1085 bili
1030 1061 1141 1091 aspectu
1152 1076 1159 1089 ,
1176 1055 1266 1083 instar
1282 1062 1352 1082 certe
1368 1054 1569 1089 propinquitate
1585 1054 1758 1088 solis,lique-

970 1101 1083 1129 scentia.
1100 1100 1232 1127 Exhibuit
1247 1104 1338 1127 autem
1352 1099 1394 1127 eis
1407 1099 1510 1127 Mosem
1525 1104 1552 1126 et
1569 1098 1656 1126 Eliam
1668 1119 1675 1131 ,
1690 1099 1760 1125 duos

972 1147 1031 1174 illos
1041 1146 1160 1174 eximios
1169 1145 1307 1181 justorum
1319 1151 1448 1180 proceres
1459 1152 1550 1172 secum
1563 1145 1759 1179 colloquentes,

972 1193 1119 1221 ostendens
1137 1199 1167 1220 se
1185 1199 1240 1219 non
1261 1192 1342 1219 modo
1363 1199 1445 1226 super
1465 1196 1581 1223 terram,
1600 1190 1645 1217 sed
1664 1194 1690 1217 et
1705 1190 1760 1224 jam

973 1239 1025 1267 sub
1040 1243 1111 1266 terra
1125 1237 1284 1266 constitutis
1300 1237 1490 1265 dominarizet
1506 1243 1561 1263 non
1577 1240 1680 1263 tantum
1694 1243 1762 1270 qua-

974 1285 1080 1318 triduo,
1099 1288 1130 1312 ut
1149 1284 1303 1316 Lazarum.
1324 1288 1372 1311 aut
1389 1283 1485 1310 eodem
1506 1282 1549 1309 die
1569 1287 1693 1309 mortuos
1705 1301 1712 1313 ,
1733 1285 1764 1308 ut

975 1331 1060 1359 ﬁlium
1080 1330 1189 1358 viduae:
1210 1329 1257 1357 sed
1275 1329 1357 1358 etiam
1378 1333 1442 1355 ante
1467 1328 1540 1354 mille
1555 1335 1644 1355 annos
1660 1327 1763 1354 exstin-

975 1383 1050 1409 ctos,
1061 1381 1087 1404 et
1097 1384 1145 1404 eos
1156 1376 1203 1411 qui
1215 1384 1230 1402 a
1244 1375 1346 1403 saeculo
1357 1374 1521 1401 interierunt
1536 1377 1562 1400 et
1579 1373 1606 1400 in
1621 1373 1762 1408 pulverem

977 1423 1058 1450 soluti
1072 1426 1153 1454 sunt,
1171 1421 1299 1449 mandato
1314 1427 1365 1448 suo
1379 1427 1470 1447 coram
1486 1426 1516 1446 se
1532 1418 1630 1446 sistere
1646 1418 1722 1445 vivos
1737 1423 1764 1444 et

978 1469 1100 1496 valentes
1114 1474 1203 1502 posse.
1220 1466 1296 1494 Facit
1310 1471 1402 1492 anlem
1420 1465 1471 1492 ista
1488 1468 1550 1490 ante
1569 1464 1722 1498 passionem
1737 1469 1764 1489 et

978 1513 1206 1542 resurrectionem
1218 1532 1225 1544 ,
1241 1512 1435 1539 demonstrans
1452 1518 1505 1537 non
1522 1509 1592 1537 istud
1609 1516 1639 1536 se
1653 1516 1700 1543 per
1717 1516 1765 1542 pa-

978 1560 1099 1587 tientiam
1118 1564 1144 1586 et
1165 1557 1352 1585 fortitudinem
1373 1560 1506 1590 tanquam
1526 1553 1685 1582 testimonio
1701 1561 1764 1588 pro-

975 1607 1067 1633 batum
1080 1613 1094 1632 a
1107 1604 1185 1632 Patre
1199 1603 1299 1631 habere
1315 1603 1342 1630 in
1357 1603 1450 1630 omnia
1466 1601 1610 1636 imperium
1622 1621 1629 1633 ,
1645 1599 1690 1626 Sed
1705 1607 1766 1634 pro—

974 1652 1040 1687 pria:
1054 1649 1196 1686 potestatis
1213 1657 1283 1677 esse.
1303 1648 1366 1675 Ideo
1388 1647 1505 1675 diversis
1520 1645 1608 1673 modis
1619 1667 1625 1678 ,
1643 1649 1670 1671 et
1685 1645 1764 1671 aliter

974 1703 1055 1733 atque
1082 1697 1161 1724 aliter
1178 1696 1233 1723 vita
1253 1694 1397 1722 defunctus
1423 1693 1474 1720 sibi
1502 1691 1593 1724 sistit,
1616 1689 1765 1718 ostendens

976 1749 1038 1771 ante
1052 1743 1218 1777 sepulturam
1233 1745 1261 1768 et
1275 1740 1508 1768 resurrectionem
1524 1746 1554 1766 se
1567 1737 1636 1765 vivis
1650 1741 1677 1764 et.
1692 1744 1765 1763 mor-

975 1791 1031 1818 tuis
1051 1790 1202 1824 imperare,
1223 1787 1269 1822 qui
1289 1786 1392 1814 Mosem
1412 1786 1523 1821 quidem
1543 1783 1683 1812 communi
1703 1790 1764 1810 om-

976 1837 1057 1863 nibus
1069 1839 1158 1862 morte
1171 1834 1205 1861 de
1221 1833 1272 1860 vita
1288 1833 1456 1864 sustulisset,
1471 1830 1557 1857 Eliam
1572 1834 1660 1857 autem
1676 1828 1765 1862 igneis

976 1882 1117 1917 quadrigis
1129 1881 1201 1909 velut
1216 1880 1244 1907 in
1259 1879 1345 1907 etelos
1357 1881 1390 1905 ad
1406 1876 1567 1904 invisibilem
1585 1881 1663 1902 terrae
1675 1874 1764 1901 locum

977 1925 1187 1957 transtulisset;
1205 1923 1282 1951 illum
1302 1923 1412 1958 quidem
1432 1921 1466 1949 ab
1486 1920 1580 1947 inferis
1599 1920 1739 1946 reductum
1753 1939 1761 1948 ,

977 1972 1052 1999 hunc
1070 1976 1159 1998 autem
1179 1978 1212 1997 ex
1233 1969 1383 1996 viventium
1405 1967 1514 2002 regione
1531 1973 1591 2001 qua:
1607 1965 1659 1992 illis
1674 1965 1764 1992 susei-

979 2017 1084 2053 piendis
1107 2017 1234 2051 deputata
1251 2020 1310 2047 est.
1327 2018 1471 2046 vocatum,
1490 2014 1516 2040 in
1534 2012 1606 2039 oeuli
1624 2014 1765 2038 tnomento

977 2066 1012 2093 ad
1024 2073 1053 2092 se
1067 2065 1173 2092 statuit.
1188 2064 1280 2091 Adhuc
1295 2067 1385 2090 autent
1399 2063 1456 2098 ipso
1469 2061 1631 2096 collaquenle
1642 2068 1701 2086 cum
1713 2060 1763 2090 eis,

982 2111 1071 2145 inquit
1094 2118 1210 2145 magnus
1233 2110 1276 2137 ille
1303 2109 1463 2140 Matthmus,
1492 2116 1549 2135 ecce
1569 2107 1650 2134 nubes
1674 2105 1765 2132 lucida

979 2156 1143 2184 obumbravit
1158 2156 1227 2190 ipsos
1239 2176 1246 2187 ,
1261 2160 1286 2182 et
1298 2163 1312 2181 ε
1327 2155 1393 2181 nube
1406 2161 1455 2180 uox
1469 2153 1562 2180 audita
1581 2157 1636 2184 est,
1651 2151 1740 2178 dicens
1755 2158 1764 2177 :

982 2203 1032 2229 llic
1047 2207 1084 2230 est
1099 2202 1186 2228 Filius
1200 2210 1272 2228 meus
1287 2201 1398 2227 dilectus
1413 2221 1420 2232 ,
1438 2201 1524 2234 ipsum
1537 2199 1627 2226 audite
1642 2199 1662 2226 ⁸.
1682 2197 1766 2225 Porro

977 2249 1059 2276 Patre
1076 2256 1123 2283 per
1139 2249 1236 2275 nubem
1255 2248 1290 2274 ita
1306 2247 1472 2278 mandante,
1488 2253 1551 2272 mox
1571 2245 1609 2272 illi
1630 2245 1681 2271 viri
1701 2252 1765 2271 san-

976 2297 1011 2323 cti
1024 2296 1208 2323 discesserunt
1221 2303 1228 2327 ;
1243 2294 1287 2329 qui
1303 2301 1367 2321 vero
1378 2293 1430 2320 sub
1442 2292 1604 2319 intolerabili
1616 2291 1687 2318 nube
1699 2299 1761 2318 sese

981 2340 1196 2371 occultaverant,
1204 2337 1327 2366 fecerunt
1341 2342 1369 2364 ut
1381 2338 1427 2372 qui
1439 2338 1529 2365 stabat
1546 2338 1768 2370 transturmatns,

981 2385 1058 2413 solus
1074 2387 1216 2419 appareret
1231 2382 1316 2410 Filius
1329 2383 1373 2410 ille
1388 2390 1534 2418 germanus
1545 2382 1689 2414 ,dilectus,
1703 2389 1770 2409 con-

981 2430 1248 2462 substantialis,cum
1258 2429 1358 2456 ﬁducia
1367 2437 1428 2455 cum
1439 2428 1519 2456 Patre
1527 2429 1616 2462 colloq
1622 2427 1769 2455 uens.Nam

982 2477 1016 2505 ad
1026 2477 1148 2505 divinum
1157 2479 1184 2504 et
1196 2476 1284 2512 regale
1293 2475 1431 2502 silentium
1445 2475 1624 2502 conveniebat
1632 2475 1701 2502 alios
1709 2475 1770 2509 qui-

981 2524 1042 2552 dem
1052 2523 1216 2551 l'atnnlorum
1227 2522 1366 2554 secedere;
1375 2521 1508 2549 adductos
1518 2526 1608 2548 autem
1619 2521 1768 2556 praeterire,

981 2576 1008 2599 et
1017 2575 1108 2598 tacere
1118 2574 1200 2605 atque
1216 2568 1338 2596 venerari
1354 2568 1505 2595 silentium.
1516 2567 1575 2594 Non
1587 2572 1769 2603 gustaverunt

981 2624 1046 2651 ergo
1068 2620 1182 2643 mortem
1197 2615 1300 2642 Christi
1316 2614 1461 2649 discipuli,
1478 2614 1566 2642 donec
1583 2614 1710 2641 viderunt
1724 2614 1770 2641 Fi-

982 2662 1048 2690 lium
1057 2662 1176 2689 hominis
1185 2662 1211 2688 in
1221 2660 1306 2696 gloria
1317 2669 1377 2691 sua,
1390 2668 1444 2688 non
1458 2664 1488 2687 ut
1498 2664 1567 2693 erat,
1579 2660 1626 2688 sed
1640 2666 1669 2687 ut
1679 2660 1767 2695 capie-

982 2708 1066 2738 bant.
1083 2708 1163 2742 idque
1180 2711 1236 2734 tres
1260 2710 1366 2733 tantum
1385 2714 1418 2733 ex
1440 2709 1513 2733 ctrtu
1535 2713 1615 2734 sacro
1634 2705 1768 2741 perspica-

982 2755 1072 2782 ciores
1087 2759 1110 2782 et
1125 2755 1335 2789 praestanliot'cs.
1351 2752 1440 2788 lnquit
1450 2752 1522 2781 cnim
1535 2752 1666 2781 Dominus
1679 2762 1686 2781 :
1701 2752 1769 2780 Sunt

183 2823 193 2838 '
210 2821 289 2850 Joan.
302 2830 378 2855 xvnt,
393 2822 418 2849 8.
458 2823 467 2838 ⁷
481 2820 575 2848 Matth.
596 2828 663 2853 xvn,
682 2821 706 2853 l,
725 2821 753 2849 2.
789 2822 800 2837 ⁸
814 2821 907 2848 Matth.
927 2829 993 2852 xvtt.
1007 2821 1033 2847 5.

185 2879 222 2915 (9)
243 2878 454 2913 Χιλιωντῶτας.
477 2879 534 2913 Sic,
559 2887 607 2915 pro
630 2879 765 2914 χιλιιτεῖς,
784 2879 826 2908 vel
851 2879 919 2915 χιλιέ

976 2900 980 2906 ,
998 2879 1075 2907 Εοιτ.
