1910 3038
177 160 246 188 “55

176 219 248 246 vinis
275 217 425 253 poscimur,
456 222 510 245 tam
543 223 666 254 raptores
697 226 779 253 quam
806 219 963 249 homicidae,

178 265 312 291 inanem-ti
331 269 358 291 et
372 264 501 297 immites,
518 272 532 292 a
549 273 634 300 parvo
653 273 738 300 puero
758 266 833 292 ducti
849 275 855 292 :
870 265 968 300 dequo

178 311 242 338 alibi
260 310 331 337 idem
349 310 435 345 inquit
448 319 454 337 :
473 309 544 337 Puer
558 315 635 338 natus
648 317 686 338 es!
700 311 784 343 nobis,
799 316 823 337 et
836 311 909 345 ﬁlius
921 312 966 337 da-

179 361 220 382 tus
234 360 272 382 est
287 355 372 385 nobis.
383 361 407 382 et
419 356 556 382 vocabitur
568 364 660 383 nomen
671 357 728 390 ejus
743 356 810 383 Deus
824 357 968 391 fartis.do-

179 402 292 427 minatur
305 402 336 427 ".
346 401 459 434 Quando
467 409 532 429 vero
544 403 788 429 consummationis
801 407 908 437 tempus
918 402 968 428 ad-

178 447 292 477 venerit.
304 448 441 474 retrahent
451 455 510 474 eam
523 448 549 474 in
564 448 650 480 littus,
666 454 692 475 et
705 449 855 476 secundum
870 452 966 474 nutum

179 493 279 520 Christi
296 502 349 520 una
369 502 431 521 cum
451 495 555 529 angelis
573 495 771 529 separationem
790 502 885 522 earum
907 501 969 529 quae

179 539 271 565 insunt
285 539 426 571 facientes,
445 540 594 574 ﬂagitiosos
608 549 642 568 ex
660 541 751 568 medio
765 541 904 576 justorum
922 549 968 568 se-

178 585 338 620 gregabunt.

356 685 612 714 INTERROGATIO
633 687 789 715 CLXXXII.

213 741 282 774 Quid
293 741 428 775 signiﬁcat
439 742 672 775 Dominus,Petro
686 746 831 778 mandans,
841 752 871 773 ut
885 745 964 774 abeat

178 790 205 812 et
230 786 340 812 hamum
370 787 470 819 mittat.
498 792 525 815 et
551 794 646 823 aperto
668 797 716 817 ore
740 791 822 825 piscis
846 791 966 826 primum

178 832 294 865 egressi,
318 831 457 859 inventum
477 838 604 860 staterem
632 835 677 862 det
693 843 742 870 pro
759 844 788 863 se
810 841 837 863 et
855 837 911 870 illo,
933 837 968 864 iis

178 876 224 910 qui
242 877 352 912 exigunt
366 886 478 906 censum
493 885 520 907 et
535 880 693 908 didrachma
707 882 750 908 "1'
912 908 917 917 ,

915 918 921 932 \

505 981 659 1016 Responsio.

215 1022 275 1050 Non
290 1029 365 1051 extra
384 1024 519 1060 duplicem
543 1034 654 1054 sensum
680 1027 761 1055 etiam
786 1028 837 1056 ista
852 1029 918 1056 mihi
932 1029 973 1056 di-

179 1073 222 1096 cta
235 1070 372 1096 videntur.
397 1070 532 1098 Staterem
548 1073 621 1099 enim
646 1081 727 1108 quem
745 1072 843 1102 Petrus
858 1082 890 1101 ex
907 1082 971 1109 pro-

178 1115 264 1142 fundo
288 1116 314 1142 in
327 1117 402 1150 pisce
425 1117 549 1152 accipere
559 1118 655 1152 jussus
674 1123 717 1146 est
740 1119 833 1151 hamo,
850 1125 971 1148 nostram

180 1160 296 1188 fortnam
313 1167 388 1196 puto.
402 1170 463 1196 qua
475 1163 547 1190 velut
559 1163 587 1190 in
603 1163 753 1199 profundo.
769 1170 862 1199 utpote
879 1165 906 1192 in
921 1166 972 1192 hac

180 1207 235 1234 vita
252 1213 375 1235 contecta
389 1208 542 1242 affectibus,
556 1214 583 1237 et
601 1210 744 1238 submersa
761 1210 890 1238 ﬂuctibus
908 1219 972 1246 pec-

179 1254 254 1286 cati,
281 1253 405 1282 ﬂuctuat.
438 1254 486 1282 Sin
504 1255 594 1283 minus
611 1256 674 1288 hoc,
705 1264 765 1283 eam
787 1257 971 1285 detentionciu

182 1299 281 1333 nostri,
293 1308 354 1334 qua:
372 1300 398 1327 in
413 1308 478 1328 orco
489 1308 537 1336 per
551 1307 666 1329 mortem
685 1300 756 1329 facta
771 1307 813 1330 est
823 1324 831 1336 ,
846 1311 928 1338 quam
945 1305 971 1330 in

181 1345 328 1380 semetipso
342 1346 375 1373 ad
397 1346 517 1380 primum
539 1348 679 1382 exemplar
693 1347 827 1375 Dominus
844 1356 972 1383 revocat,

181 1398 231 1426 pro
245 1399 275 1419 se
288 1397 314 1419 et
329 1391 411 1419 Petro
429 1393 487 1419 dari
505 1396 633 1420 staterem
650 1393 762 1428 jubens,
781 1398 911 1429 tanquam
925 1402 973 1422 no-

181 1437 230 1464 stri
242 1437 340 1464 similis
355 1438 439 1464 homo
450 1437 548 1469 factus.
561 1438 662 1466 nostris
672 1437 814 1466 alfectihus
825 1439 971 1470 obnoxius,

181 1488 208 1511 et
228 1483 260 1510 ad
281 1483 400 1510 dandum
424 1483 556 1510 tributum
573 1484 740 1518 requisitus,
766 1488 878 1519 excepto
899 1484 972 1520 quod

181 1529 323 1557 \‘itiositati
340 1537 394 1556 non
408 1530 501 1561 cessit,
518 1537 568 1557 nec
587 1531 740 1565 obsequens
755 1530 844 1558 iactus
857 1537 912 1563 est,
929 1532 972 1559 vel

181 1577 324 1603 declinans
339 1576 372 1602 ad
385 1576 517 1602 deterius.
536 1574 588 1602 Pro
601 1584 631 1603 se
643 1581 734 1604 autem
751 1582 777 1604 et
791 1576 872 1604 Petro
887 1581 972 1605 state-

187 1630 245 1649 rem
281 1622 417 1657 praebens,
442 1630 493 1657 pro
513 1622 634 1650 Ecclesia
663 1623 833 1651 voluntarius
860 1623 972 1658 patitur.

183 1667 254 1695 Dicit
267 1668 339 1695 enim
352 1668 376 1694 ei
397 1676 403 1694 :
428 1667 466 1694 Tu
482 1676 508 1695 es
530 1668 636 1700 Petrus,
657 1675 681 1695 et
700 1677 778 1702 super
791 1670 858 1696 hanc
873 1674 975 1704 petram

184 1714 324 1747 mli/icabo
339 1721 423 1740 nteant
439 1713 586 1740 Ecclesium
597 1715 631 1742 ³¹,
659 1714 711 1742 Per
727 1716 904 1750 semetipsum
925 1722 974 1741 au-

183 1765 237 1787 tem
257 1761 336 1787 docet
358 1760 456 1794 ipsam.
483 1759 640 1787 IE-tillcalio
655 1761 728 1787 enim
751 1761 916 1792 animarum,
934 1768 975 1788 re-

183 1814 244 1833 rum
267 1806 422 1834 divinarum
446 1807 583 1834 institutio
609 1811 661 1839 est,
687 1807 805 1842 lapidem
828 1807 931 1834 habens
948 1807 975 1834 in

183 1858 265 1888 caput
277 1853 369 1888 anguli
380 1853 542 1887 primarium
556 1855 718 1888 magistrum
731 1854 866 1886 omnium,
881 1861 977 1888 nempe

183 1899 336 1930 Christum,
350 1899 383 1925 de
403 1906 459 1933 quo
480 1899 570 1934 inquit
591 1901 742 1926 carminum
761 1899 806 1926 ille
821 1899 975 1927 divinorum

185 1949 280 1972 auctor
300 1955 306 1972 2
327 1944 456 1979 Lapidem
480 1954 555 1980 quem
577 1946 780 1980 reprobaveruut
801 1946 976 1981 wdiﬁcanles,

185 1999 233 2025 per
256 1991 340 2026 legem
367 1992 499 2018 nimirum
518 1991 616 2024 Judaei,
634 1992 676 2018 llic
693 1993 780 2027 factus
797 1998 834 2019 est
853 1993 879 2018 in
899 1997 977 2027 caput

186 2038 276 2073 anguli
300 2039 333 2065 ¹².
357 2037 390 2065 Ει
414 2046 510 2066 rursus
533 2039 604 2066 ideln
626 2038 652 2065 in
679 2046 796 2073 persona
820 2039 916 2073 lapidis
935 2039 976 2065 in»

186 2087 245 2119 quit
259 2094 265 2111 :
284 2083 316 2111 In
332 2085 417 2119 capite
437 2084 500 2110 libri
522 2085 650 2119 scriptum
663 2085 745 2111 estde
761 2093 802 2112 me
812 2085 844 2112 ³³.
863 2084 889 2111 ld
905 2084 978 2119 quod

186 2129 305 2158 Joannes
329 2130 469 2162 revelavit,
495 2129 560 2156 dum
583 2130 694 2162 clamat,
721 2130 754 2156 In
774 2130 903 2164 principio
920 2136 977 2156 erat

192 2175 313 2207 Verbum.
335 2180 360 2202 et
382 2175 495 2202 Verbum
513 2181 570 2203 erat
590 2176 661 2211 apud
683 2176 775 2208 Deum,
794 2181 818 2203 et
835 2176 904 2202 Deus
923 2181 979 2202 erat

192 2219 305 2248 Verbum
327 2221 358 2253 “,
375 2221 501 2248 videlicet
521 2221 596 2248 carni
616 2222 733 2253 unitum,
756 2226 784 2249 et
812 2229 861 2256 per
879 2227 980 2249 semct-

187 2268 277 2302 ipsnm
303 2267 431 2294 erudiens
458 2274 520 2293 eum
546 2275 594 2301 per
611 2267 656 2293 illa
678 2275 740 2302 quae
760 2267 793 2294 de
811 2268 885 2302 pisce
907 2268 979 2295 dicta

188 2316 251 2339 sunt
265 2316 292 2338 et
310 2314 343 2339 de
357 2317 472 2343 statere,
487 2320 575 2346 neque
593 2313 649 2347 regi
676 2321 764 2347 neque
780 2314 895 2348 principi
912 2315 980 2340 resi-

189 2357 332 2389 stendum,
356 2357 426 2384 citra
453 2365 553 2384 noxam
583 2358 687 2392 aliquid
714 2358 904 2393 prtecipienti,
933 2358 980 2385 sed

189 2412 269 2439 :equo
292 2405 386 2431 animo
408 2412 436 2431 se
464 2405 566 2431 tributo
594 2405 819 2431 submittendum.
847 2405 935 2432 Simul
955 2410 982 2432 et

191 2453 274 2478 Deum
299 2459 329 2478 se
353 2451 396 2478 his
419 2451 486 2486 ipsis
506 2451 714 2478 demonstravit.
736 2449 813 2477 Unde
833 2451 906 2478 cnim
929 2451 981 2485 ipsi

190 2504 354 2532 cognoscere
370 2497 499 2527 licuisset,
511 2498 532 2523 si
551 2496 634 2522 homo
651 2500 711 2523 erat
724 2496 877 2523 secundum
895 2501 982 2523 tenni-

191 2545 299 2571 leutiani
317 2552 411 2570 eurum
427 2544 477 2580 .qui
503 2543 589 2578 ipsius
616 2542 785 2569 divinitatem
805 2543 981 2577 impugnant,

191 2588 263 2622 quod
281 2588 363 2622 piscis
382 2588 408 2613 in
430 2587 566 2621 prolundo
591 2591 720 2614 statereni
743 2587 857 2613 haberet
878 2587 904 2613 in
923 2594 980 2618 ore,

190 2639 216 2659 et
248 2634 320 2667 quod
350 2641 402 2659 non
428 2634 452 2659 in
488 2640 589 2664 carne,
615 2633 661 2659 sed
692 2633 718 2658 in
749 2640 796 2659 ore
826 2632 982 2659 teneretur?

193 2678 304 2710 Deinde,
323 2678 395 2713 quod
408 2679 512 2712 primus
528 2678 572 2705 ille
583 2679 615 2704 ad
635 2678 746 2705 hamum
762 2683 835 2706 esset
845 2677 982 2706 adducen-

193 2723 262 2749 dus?
276 2728 302 2749 et
314 2730 379 2749 ιιιιιη
397 2731 446 2750 sua
460 2728 555 2758 sponte
567 2723 652 2758 piscis
670 2724 803 2751 accedens
818 2723 850 2750 ad
870 2725 982 2751 hamum

194 2769 306 2801 veniret,
324 2770 419 2803 sicque
441 2768 487 2796 Dei
511 2773 595 2801 esset,
622 2773 716 2804 utpote
737 2770 784 2804 qui
810 2770 983 2804 prmdixisset

191 2819 333 2849 capturam
351 2815 477 2842 animalis
492 2819 620 2842 stateram
637 2815 663 2842 in
676 2819 771 2850 aperto
787 2822 836 2842 ore
846 2814 984 2842 tenentis?

714 159 742 186 5.
761 157 912 187 (LESAlill
929 157 1093 184 GBECOHII
1120 157 1271 185 FRATRlS

1743 154 1809 181 1156

1018 219 1172 254 ἀδιάκριτον
1197 217 1338 253 ἐμφαίνων
1357 217 1406 251 τῆς
1427 215 1612 250 πνευματικῆς
1637 214 1809 250 ὀμηγύρεως,

1027 264 1108 300 Ὁμοῦ
1123 265 1177 300 γὰρ
1193 265 1221 291 ὲν
1236 264 1303 299 αὐτῇ
1318 263 1352 290 τὰ
1364 263 1422 289 θεῖα
1436 261 1583 298 νεμόμεθα,
1596 261 1624 287 οῐ
1632 269 1661 286 τε
1676 261 1809 296 ἅρπαγες,

1021 311 1067 337 καὶ
1082 310 1196 345 φονικοὶ,
1215 310 1263 336 καὶ
1280 310 1377 344 πραεῖς
1396 308 1443 334 καὶ
1464 308 1615 342 ἀνήμεροι,
1641 305 1694 331 ὑπὸ
1712 303 1810 340 μικροῦ

1020 357 1127 383 παιδίου
1141 356 1286 391 ἀγόμενοι·
1306 355 1370 390 περὶ
1384 351 1414 381 οὒ
1429 352 1542 388 ἑτέρωθι
1556 353 1570 378 ὁ
1581 351 1672 382 αὐτὸς.
1688 350 1810 376 Παιδίον

1018 402 1163 437 ἐγεννήθη
1174 402 1257 436 ἡμῖν,
1273 401 1322 428 καὶ
1339 400 1404 433 υἱὸς
1417 399 1504 431 ἐδόθη
1520 397 1601 432 ἡμῖν,
1615 396 1664 423 καὶ
1678 394 1812 422 καλεῖται

1018 449 1051 476 τὸ
1081 447 1174 482 ὄνομα
1202 447 1294 474 αὐτοῦ
1321 445 1393 478 Θεὸς
1424 443 1567 479 ισχυρὸς,
1596 439 1812 474 ὲξουσιηστής.

1024 493 1150 521 Ἐπειδὰν
1169 493 1196 519 δὲ
1209 494 1223 520 ὁ
1240 493 1289 528 τῆς
1303 491 1457 522 συντελείας
1479 490 1576 523 ἐπιστῇ
1589 487 1697 522 καιρὸς,
1716 484 1810 513 ἀναδι-

1021 539 1151 566 δάσουσιν
1166 538 1251 573 αὐτὴν
1270 538 1317 564 ἐπὶ
1338 536 1384 563 τὸν
1401 535 1532 569 αἰγιαλὸν,
1555 533 1602 560 καὶ
1615 533 1731 568 νεύματι
1746 531 1812 566 Χρι-

1022 585 1084 612 στοῦ
1096 585 1154 620 ἅμα
1165 584 1288 619 ἀγγέλοις
1296 583 1345 619 τὴν
1353 583 1488 618 διάκρισιν
1496 581 1549 608 τῶν
1557 580 1673 607 ἐνόντων
1682 578 1812 612 ποιούμε-

1024 642 1073 665 νοι,
1082 633 1144 664 τοὺς
1156 632 1308 668 μοχθηροὺς
1316 632 1347 658 ὲκ
1358 631 1440 666 μέσου
1449 629 1502 656 τῶν
1510 626 1810 663 δικαίωνάφορίζουσιν.

1302 686 1426 715 ΠΕΥΣΙΣ
1444 685 1527 712 ΡΠΒ’.

1055 745 1089 771 τί
1105 745 1231 780 σημαίνει
1245 745 1260 771 ό
1279 743 1381 778 Κύριος
1400 741 1438 778 τῷ
1461 741 1557 777 Πέτρῳ
1571 739 1690 767 κελεύων
1712 747 1809 774 πορευ-

1021 791 1100 826 θῆναι
1113 791 1159 817 καὶ
1174 791 1264 826 βαλεῖν
1275 790 1431 824 ἄγκιστρον,
1447 789 1494 815 καὶ
1510 787 1557 814 τοῦ
1572 786 1721 818 ἀναϐάντος
1740 785 1811 821 πρώ-

1021 846 1067 864 του
1084 837 1173 873 ἰχθύος
1188 836 1291 868 ἀνοῖξαι
1307 836 1336 862 τὸ
1359 835 1445 870 στόμα
1457 853 1465 866 ,
1486 835 1534 861 καὶ
1554 833 1600 860 τὴν
1620 832 1813 869 εὑρισκόμενον

1024 883 1145 918 στατῆρα
1157 883 1249 909 δοῦναι
1264 882 1320 908 ἀνθ’
1336 881 1432 908 ἑαυτοῦ
1446 880 1583 912 κάκείνου,
1598 881 1654 911 τοῖς
1665 878 1812 906 ἀπαιτοῦσι

1023 930 1068 956 τὺν
1082 930 1180 964 κῆνσον
1197 929 1244 956 καὶ
1259 928 1292 955 τὰ
1307 928 1462 963 δίδραχμας

1331 984 1509 1018 Ἀπόκρισις.

1058 1031 1115 1057 υύκ
1136 1029 1189 1063 ἔξω
1210 1031 1341 1066 διχονοίας
1366 1029 1412 1056 καὶ
1435 1028 1498 1055 τάδε
1523 1037 1567 1063 μοι
1584 1027 1666 1054 δοκεῖ.
1689 1027 1744 1053 Τὸν
1759 1027 1810 1061 γὰρ

1023 1078 1154 1112 στατῆρα,
1171 1077 1200 1104 ὃν
1216 1078 1230 1103 ὁ
1243 1077 1345 1112 Πέτρος
1359 1077 1392 1102 ὲκ
1406 1076 1453 1102 τοῦ
1469 1074 1550 1110 βυθοῦ
1563 1075 1592 1101 ὲν
1613 1073 1652 1109 τῷ
1676 1072 1750 1108 ίχθύῖ
1764 1073 1808 1099 λα-

1023 1122 1079 1149 ϐεῖν
1094 1122 1249 1158 προσετάγη
1269 1121 1309 1157 τῷ
1328 1121 1485 1157 ἀγκίστρῳ,
1507 1120 1614 1156 μορφὴν
1637 1119 1716 1156 ἡμῶν
1730 1119 1809 1150 δοκῶ,

1022 1168 1103 1194 οἱονεὶ
1119 1169 1148 1194 ὲν
1171 1167 1244 1203 βυθῴ
1267 1167 1306 1202 τῷ
1331 1167 1380 1202 βίῳ
1398 1166 1607 1202 καλυπτομένην
1627 1166 1684 1197 τοῖς
1699 1165 1808 1196 πάθεσι,

1023 1214 1070 1240 καὶ
1083 1213 1247 1249 ύποὸρύχιον
1260 1214 1388 1248 κυμάτων
1407 1213 1544 1248 ἁμαρτίας
1560 1211 1714 1247 κυμαίνειν.
1736 1212 1767 1237 Et
1782 1211 1810 1236 δι

1025 1259 1061 1295 μὴ
1077 1258 1154 1285 τοῦτο
1166 1279 1174 1291 ,
1196 1259 1246 1294 τὴν
1265 1260 1295 1285 ὲν
1309 1258 1361 1295 ᾂδῃ
1376 1258 1494 1294 κατοχὴν
1507 1257 1586 1294 ἡμῶν
1601 1256 1751 1292 γενομένην
1769 1256 1811 1282 διὰ

1025 1305 1151 1337 Θανάτου,
1169 1305 1203 1340 ἢν
1217 1305 1244 1331 ὲν
1259 1304 1332 1340 αὐτῷ
1350 1304 1417 1340 πρὸς
1432 1305 1462 1330 τὺ
1473 1303 1624 1340 ἀρχέτυπον
1636 1303 1811 1329 ἀνακαλεῖται

1022 1352 1037 1378 ὁ
1051 1350 1164 1387 Κύριος,
1185 1351 1243 1378 ἀνθ’
1260 1350 1357 1378 ἑαυτοῦ
1377 1351 1424 1376 καὶ
1438 1350 1542 1385 Πέτρου
1559 1349 1669 1384 δοθῆναι
1685 1348 1731 1375 τὸν
1747 1357 1812 1375 στα-

1023 1397 1094 1432 τῆρα
1103 1397 1333 1432 διακελευόμενος,
1344 1396 1381 1427 ὡς
1394 1396 1540 1430 γενόμενος
1551 1394 1611 1421 καθ’
1619 1395 1694 1430 ἡμᾶς
1708 1393 1812 1430 βροτὸς,

1023 1444 1077 1474 τοῖς
1091 1442 1168 1477 ἡμῶν
1182 1443 1293 1469 πάθεσιν
1307 1442 1483 1476 ὑποκείμενος
1511 1442 1557 1468 καὶ
1572 1440 1718 1476 φορολογού
1724 1449 1812 1475 μενος,

1026 1488 1096 1523 πλὴν
1105 1488 1137 1523 τῇ
1149 1487 1248 1522 ἀνοσίῳ
1258 1487 1342 1522 κακίᾳ
1351 1485 1446 1522 μείνας
1457 1486 1628 1519 ἀινύπεικτος,
1639 1487 1687 1514 καὶ
1698 1486 1810 1518 ἀκλιιής

1024 1534 1063 1570 τῷ
1080 1534 1190 1570 χείρονι.
1212 1532 1281 1559 Ἀνθ“
1295 1531 1393 1559 ἑαυτοῦ
1407 1532 1436 1559 δὲ
1451 1533 1497 1560 καὶ
1511 1533 1615 1568 Πέτρου
1629 1533 1674 1559 τὸν
1689 1533 1810 1566 στατῆρα

1024 1580 1226 1616 παρεχόμενος,
1277 1573 1348 1610 ὑπὲρ
1366 1572 1416 1609 τῆς
1441 1575 1602 1612 Ἐκκλησίας
1619 1575 1719 1611 πάσχει
1735 1573 1812 1602 ἑκών.

1025 1624 1094 1660 Φησὶ
1110 1623 1165 1659 γὰρ
1182 1623 1266 1658 αὐτῷ,
1291 1622 1333 1650 Σὺ
1350 1621 1380 1649 εἷ
1392 1621 1514 1656 Πέτρος,
1529 1621 1578 1647 καὶ
1596 1620 1645 1647 ἐπὶ
1668 1620 1761 1654 ταύτῃ
1778 1618 1815 1653 τῆ

1025 1670 1118 1704 πέτρᾳ
1133 1669 1322 1704 οἰκοδομήσω
1335 1677 1394 1704 μου
1409 1667 1466 1702 τὴν
1490 1666 1682 1700 Ἐκκλησίαν·
1701 1665 1734 1693 δι’
1750 1666 1815 1692 ἑαυ-

1025 1716 1072 1744 τοῦ
1089 1717 1115 1743 δὲ
1132 1715 1266 1743 παιδεύων
1284 1715 1381 1750 αὑτήν.
1399 1713 1535 1749 Οἰκοδομὴ
1551 1713 1606 1748 γὰρ
1621 1711 1715 1748 ψυχῶν
1731 1713 1748 1748 ἡ
1762 1712 1816 1739 τῶν

1027 1763 1106 1790 θείων
1120 1763 1239 1799 ὑπάρχει
1257 1761 1412 1794 παίδευσις,
1428 1760 1500 1787 λίθον
1520 1760 1617 1795 ἔχουσα
1638 1760 1678 1791 είς
1694 1759 1816 1794 κενᾳαλὴν

1026 1809 1127 1843 γωνίας
1139 1808 1184 1834 τὸν
1204 1806 1381 1842 καθηγεμόνα
1401 1806 1513 1833 πάντων
1537 1804 1670 1841 Χριστόν·
1701 1805 1766 1839 περὶ
1785 1800 1817 1830 οὗ

1027 1862 1108 1890 φησιν
1129 1855 1143 1880 ὁ
1166 1853 1219 1880 τῶν
1241 1853 1319 1879 θείων
1340 1852 1457 1888 μελῳδός
1473 1860 1479 1867 ·
1506 1852 1596 1879 Λίθον
1620 1851 1657 1878 ὃν
1679 1850 1818 1878 ἀπεδοκίο

1024 1908 1128 1935 μασαν
1145 1901 1172 1926 οὶ
1189 1898 1427 1934 οἰκοδομοῦντες,
1447 1897 1491 1924 διὰ
1509 1897 1555 1923 τοῦ
1575 1897 1659 1932 νόμου
1686 1896 1817 1929 Ἰουδαῖοι,

1029 1943 1118 1978 οὗτος
1130 1944 1257 1979 ἐγενήθη
1272 1945 1314 1976 είς
1331 1942 1468 1978 κεφαλὴν
1482 1941 1592 1977 γωνίας
1606 1949 1613 1957 '
1641 1941 1689 1968 καὶ
1709 1941 1791 1968 πάλιν
1803 1941 1819 1966 ό

1027 1991 1125 2023 αὐτὸς,
1149 1992 1181 2017 ὲκ
1203 1989 1348 2025 προσώπου
1368 1989 1414 2015 τοῦ
1429 1988 1503 2015 λίθου
1521 1987 1573 2023 ἔφη
1584 2007 1592 2020 ,
1615 1986 1667 2014 Ἐν
1679 1987 1820 2022 κεφαλίδι

1026 2038 1137 2070 ,ϐίϐλου
1151 2037 1312 2072 γέγραπται
1328 2036 1394 2069 περὶ
1411 2035 1494 2070 ἐμοῦ.
1517 2036 1549 2062 Ὃ
1576 2033 1702 2070 Ἰωάννης
1717 2036 1820 2061 ἀναχα-

1029 2085 1124 2119 λύψας,
1144 2084 1208 2119 βοᾷ”
1234 2084 1285 2110 Ἐν
1298 2081 1378 2116 ἀρχῇ
1396 2080 1435 2117 ἦν
1457 2083 1474 2108 ό
1496 2081 1601 2116 Λόγος,
1623 2081 1672 2108 καὶ
1692 2083 1709 2108 ὁ
1726 2082 1820 2115 Λόγος

1028 2127 1068 2164 ἦν
1082 2129 1157 2163 πρὸς
1173 2129 1227 2155 τὸν
1242 2127 1326 2160 Θεὸν,
1341 2127 1390 2154 καὶ
1406 2127 1478 2159 Θεὸς
1492 2124 1532 2161 ἦν
1547 2128 1563 2153 ὁ
1580 2127 1686 2161 Λόγος,
1703 2127 1719 2152 ό
1739 2127 1821 2162 σαρκὶ

1029 2175 1156 2205 ἐνωθεὶς,
1183 2174 1230 2200 καὶ
1252 2173 1285 2200 δι’
1308 2172 1406 2199 ἑαυτοῦ
1432 2172 1568 2198 παιδεύων
1589 2172 1689 2207 αὐτὴν,
1707 2171 1752 2198 διὰ
1768 2172 1821 2197 τῶν

1030 2220 1094 2255 περὶ
1108 2220 1154 2246 τοῦ
1171 2220 1260 2255 ἰχθύος
1283 2219 1447 2255 εἰρημένων,
1463 2219 1510 2245 καὶ
1528 2218 1574 2244 τοῦ
1591 2218 1736 2253 στατῆρος,
1754 2218 1821 2254 μηδὲ

1032 2265 1136 2300 βασιλεῖ
1160 2265 1176 2300 ἢ
1199 2265 1309 2301 ἄρχοντι
1326 2264 1549 2296 ἀντιτάττεσθαι,
1566 2264 1692 2295 ἀϐλαϐῶς
1713 2265 1823 2291 ἐπιτάτ-

1031 2318 1104 2336 τοντι
1115 2329 1122 2341 ,
1147 2310 1204 2336 ἀλλ’
1220 2311 1398 2346 εὐγνωμόνως
1413 2309 1627 2345 φορολογεῖσθαι.
1646 2310 1721 2344 Ἅμα
1736 2310 1765 2336 δὲ
1779 2310 1823 2336 καὶ

1031 2355 1097 2382 Θεὸν
1109 2356 1203 2382 ἑαυτὸν
1217 2358 1273 2387 τοῖς
1290 2357 1382 2387 αὐτοῖς
1395 2356 1554 2387 ἀποδεικνύς
1564 2365 1571 2370 -
1590 2355 1671 2382 πόθεν
1683 2355 1738 2391 γὰρ
1751 2355 1823 2390 αύτῷ

1032 2401 1186 2436 γινώσκειν,
1204 2402 1283 2438 εἴπερ
1299 2402 1391 2437 βροτὸς
1409 2402 1524 2437 ὑπῆρχε,
1543 2402 1614 2428 κατὰ
1634 2401 1682 2437 τὴν
1697 2402 1753 2428 τῶν
1769 2403 1824 2428 θεο-

1035 2449 1128 2484 μὰχων
1154 2448 1316 2484 παροινίαν,
1344 2449 1385 2475 ὅτι
1409 2447 1486 2483 ἰχθὺς
1506 2450 1535 2474 ὲν
1550 2448 1589 2483 τῷ
1612 2448 1685 2482 βυθῷ
1702 2449 1824 2483 στατῆρα

1032 2494 1088 2529 ἔχει
1113 2495 1142 2521 ἐν
1164 2494 1203 2529 τῷ
1225 2494 1349 2529 στόματι,
1367 2494 1414 2521 καὶ
1428 2495 1470 2521 ὅτι
1486 2493 1517 2521 οὺ
1534 2495 1567 2529 τῇ
1587 2495 1679 2529 σαρκὶ,
1703 2494 1773 2520 ἀλλὰ
1788 2494 1824 2528 τῷ

1033 2541 1148 2576 στόματι
1168 2540 1275 2576 ἔχεται;
1298 2541 1413 2567 Ἔπειτα
1429 2540 1458 2567 δὲ
1480 2541 1528 2567 καὶ
1546 2541 1587 2567 ὅτι
1602 2540 1710 2575 πρῶτος
1723 2542 1826 2571 ἐκεῖνος

1033 2586 1071 2621 τῷ
1089 2586 1230 2621 ἀγκίστρῳ
1255 2586 1423 2621 ἀχθήσεται;
1449 2586 1497 2612 καὶ
1518 2586 1542 2611 εἰ
1565 2585 1613 2620 μὲν
1637 2585 1788 2619 αὐτόμολος
1813 2586 1825 2610 ὁ

1035 2632 1112 2668 ἱχθὺς
1126 2632 1172 2659 ἐπὶ
1183 2633 1214 2658 τὸ
1225 2633 1373 2668 ἄγκιστρον
1387 2632 1460 2667 ἥκει,
1478 2631 1525 2658 καὶ
1537 2631 1623 2662 οὕτως
1635 2631 1704 2658 Θεοῦ
1719 2632 1750 2657 τὸ
1763 2640 1826 2666 προσ

1036 2678 1117 2713 φῆναι
1131 2677 1179 2713 τὴν
1201 2677 1302 2704 ἅλωσιν
1315 2677 1362 2704 τοῦ
1379 2677 1448 2709 ζώου
1471 2677 1517 2703 τὸν
1543 2677 1665 2712 στατῆρα
1690 2678 1826 2711 ὲγκεχαμ-

1037 2731 1134 2759 μενου;
1155 2724 1188 2750 El
1208 2723 1247 2755 δὲ,
1265 2724 1335 2758 ὅπερ
1355 2723 1546 2759 ἀληθέστερον,
1563 2723 1672 2758 ἀοράτῳ
1690 2722 1825 2757 θειότητος

1035 2770 1069 2804 τῇ
1085 2768 1164 2804 ῥώμῃ
1176 2766 1243 2804 ἦγεν
1261 2769 1342 2795 αὑτὸν
1362 2769 1408 2796 ἐπὶ
1423 2769 1453 2796 τὸ
1466 2769 1625 2805 ἄγκιστρον,
1644 2770 1750 2799 ἐκεῖνος
1764 2768 1826 2804 ἀληο

1037 2813 1093 2845 θῶς
1106 2814 1239 2850 ὑπῆρχεν,
1256 2815 1271 2841 ὁ
1290 2814 1329 2849 τῷ
1341 2815 1419 2850 κήτει
1434 2814 1566 2848 ἐπιτάξας
1581 2814 1708 2846 δέξασθαι
1722 2815 1771 2850 μὲν
1785 2815 1825 2841 τὸν

232 2905 252 2922 ”
276 2906 326 2933 lsa.
340 2914 377 2938 ιι,
390 2905 416 2932 6.
455 2906 477 2922 ³⁸
493 2905 587 2934 Ilatlh.
603 2906 712 2940 xvt,‘26.
752 2906 772 2922 “
788 2905 883 2933 Matth.
903 2913 959 2940 va,
975 2905 1019 2933 i8.
1049 2906 1071 2921 "
1087 2905 1253 2940 Psal.cxvn,
1265 2906 1311 2933 2:2.
1339 2907 1361 2922 ’Ἰ
1373 2906 1483 2934 Psal.xx
1500 2914 1555 2939 xix,
1573 2906 1599 2934 8.
1640 2904 1755 2933 "Joan.
1770 2902 1826 2939 πί.
