1910 3038
76 122 146 151 H57

83 181 188 211 Ἶωνᾶν,
208 179 299 214 ἁπαθῆ
314 179 342 206 Θδ
358 180 509 216 φρουρῆσαι
523 182 670 218 τριήμερον
686 182 713 209 ὲν
729 182 766 218 τῷ
778 183 859 218 βυθῷ,

75 227 123 254 ’καὶ
137 226 222 258 οὕτως
239 227 306 253 σῶον
319 227 365 253 καὶ
379 228 534 262 ἐρρωμένον
548 229 594 255 ἐπὶ
606 229 655 264 τῆς
671 230 767 266 χέρσου
782 230 861 265 egeo-

75 269 304 305 όρξασθαιπάλιν.
317 270 348 296 Ei
361 271 430 305 μὲνὸ
440 271 514 306 ἰχθὺς
526 272 571 298 τὸν
584 273 761 308 στατῆρα.....
776 275 803 300 ὲν
816 275 854 310 τῷ

77 314 153 350 βυθῷ
161 315 249 342 λαϐὼν
257 316 302 342 ἐπὶ
307 316 364 352 τὴν.
370 336 375 342 .
381 335 400 343 ..
414 317 533 352 ἐνήχετο·
544 319 590 344 καὶ
597 318 703 352 πρῶτος
712 320 792 351 αὐτὸς
799 320 863 352 Θεὸς

77 361 196 396 ὑπάρχει
219 362 232 388 6
253 362 402 397 προφάνας.
428 363 460 389 Τί
477 373 575 399 φησιν;
606 365 636 391 '0
659 365 735 400 ἰχθὺς
757 366 862 401 πρῶτος

77 405 188 432 πάντων
203 405 257 431 τῶν
271 407 408 441 ὁμογενῶν
424 406 565 434 ἁλώσεται.
587 409 617 435 Εἰ
633 409 671 440 δὲ,
684 410 750 445 ὅπερ
765 409 864 445 κυριώ-

75 458 165 484 τερον,
182 450 251 476 κατὰ
267 451 310 477 τὸν
325 451 418 487 καιρὸν
430 453 514 488 αὐτῆς
525 454 574 488 τῆς
589 453 692 489 χρείας,
705 454 720 480 6
733 455 820 481 πάντα
832 455 864 481 ἐκ

78 495 117 530 μὴ
135 495 219 522 ὄντων
241 496 472 532 ὑποστησάμενος.
487 499 601 534 ποιήσας
621 499 667 525 τὸν
691 500 811 535 στατῆρα
825 500 864 536 τῷ

76 540 171 576 νηκτῷ
199 541 317 574 ἐνέθετο,
343 542 388 568 καὶ
404 543 485 578 ἤλασε
502 543 570 578 πρὸς
582 544 626 570 τὸν
644 544 722 571 ἁλιέα
742 553 748 560 ’
773 546 864 580 σαιρῶς

77 587 183 618 ικεῖνος
199 587 315 622 ὑπάρχει
336 587 375 623 τῷ
397 589 491 624 Πέτρῳ
511 589 640 621 θεσπίσας
662 589 767 624 βάλλειν
783 592 811 617 ὲν
830 591 862 626 τῇ

77 633 199 669 θαλάττῃ
215 633 244 659 τὸ
263 634 419 669 ἄγκιστρον,
438 643 470 660 πε
477 635 501 669 pl.
516 632 546 661 οὗ
564 636 578 662 6
597 636 662 668 ἄναξ
678 636 734 670 ἅμα
753 637 799 663 καὶ
811 637 865 663 τῶν

77 679 159 706 θείων
176 679 291 715 μελῳδός
305 689 385 716 φησιν
397 687 404 695 ·
435 681 464 708 '0
481 684 510 712 δὲ
529 682 600 715 Θεὸς
614 682 697 716 ήμῶν
709 683 743 709 ὲν
759 681 799 714 τῷ
815 684 865 709 οὐ·

71 724 158 758 ρανῷ
178 725 226 752 καὶ
247 725 282 751 ἐν·
297 725 333 759 τῇ
349 725 396 760 τῇ,
413 726 447 752 ἐν
466 727 529 759 ταῖς
547 727 734 760 θαλάσσαις.
759 727 806 754 καὶ
830 728 865 754 ἐν

75 770 191 803 πάσαις
214 771 279 804 ταῖς
306 771 466 805 ἀϐύσσοις,
494 771 593 798 πάντα
620 772 678 799 ὅσα
702 772 863 806 ἠθέλησεν,

75 816 232 849 ἐποίησεν.

72 862 166 898 inquit
194 873 200 890 :

74 909 138 944 feeit
153 909 187 936 ".

358 969 481 996 ΠΕΥΣΙΣ
500 970 583 998 PIlF'.

111 1025 145 1052 Τι
163 1024 323 1060 βουλόμενος
338 1026 353 1053 6
369 1026 480 1062 Κύριος,
504 1027 553 1062 τὴν
572 1027 657 1061 συκῆν
674 1027 798 1062 ἐξήρανε,
815 1028 861 1054 καὶ

76 1072 250 1106 κατηράσατο
266 1071 360 1106 αὐτὴν,
380 1072 478 1108 μηκέτι
494 1072 601 1107 καρπὸν
617 1073 738 1106 ἐνεγκεῖν
756 1073 796 1104 εἰς
816 1072 860 1099 τὺν

74 1116 177 1150 αἰῶνας
197 1117 234 1143 Οὐ
249 1117 304 1153 γὰρ
314 1116 366 1149 ἔξω
379 1118 450 1149 τινὸς
461 1119 596 1154 νοήματος
609 1119 719 1154 ἐποίησε
734 1119 822 1146 τοῦτο.

389 1217 565 1251 Ἀπόκρισις.

110 1272 157 1308 Μὴ
170 1272 262 1304 ἁπλῶς
275 1272 355 1299 αὐτον
366 1274 535 1308 καταρᾶσθαι
552 1274 599 1300 καὶ
611 1274 724 1309 ξηρᾶναι
737 1275 767 1301 τὸ
777 1275 861 1308 φυτὸν

74 1318 162 1355 ῷηται
184 1328 236 1351 τις.
261 1319 401 1346 Παιδεύειν
419 1320 472 1355 γὰρ
488 1320 531 1346 διὰ
555 1320 649 1346 τούτου
672 1320 794 1355 βούλεται
811 1320 860 1355 τὴν

74 1365 209 1401 θεομάχον
229 1366 387 1401 συναγωγὴν
412 1367 555 1397 Ἰουδαίων,
575 1367 615 1393 ὅτι
635 1367 746 1398 δυνατὸς
758 1367 804 1393 καὶ
818 1376 860 1394 τι-

76 1412 190 1446 μωρεῖν,
209 1410 266 1436 ἀλλ’
286 1410 323 1442 ὡς
344 1409 461 1444 ἀγαθὸς,
483 1410 514 1436 οὐ
537 1410 670 1445 βούλεται,
695 1411 788 1436 Οὐδενὶ
807 1409 860 1446 γὰρ

74 1456 158 1483 αὑτὸν
173 1456 290 1490 ὁρῶντες
313 1455 490 1491 ἀμυνόμενον,
516 1457 669 1492 εὐεργετεῖν
684 1456 764 1482 αὑτὸν
781 1456 860 1491 μόνον

74 1501 266 1536 ὑπελάμϐανον
287 1501 430 1533 δύνασθαι,
454 1502 485 1528 οὑ
514 1502 564 1537 μέν
585 1510 625 1528 τοι
648 1502 693 1528 καὶ
719 1503 859 1536 τιμωρεῖν,

80 1548 129 1574 Ἐκ
146 1548 194 1583 τῆς
215 1547 318 1582 ἀψύχου
337 1547 427 1574 τοίνυν
442 1547 549 1582 φύσεως
564 1547 651 1574 πείθει
666 1547 715 1582 τὴν
730 1547 860 1583 Θεοστυγῆ

76 1593 249 1627 συναγωγὴν,
270 1593 310 1619 ὅτι
332 1592 378 1619 καὶ
399 1592 507 1624 κολάζει
538 1593 608 1624 τότε,
629 1592 696 1619 ἀλλὰ
713 1592 781 1623 τέως
801 1593 863 1619 ἀνέ-

74 1646 164 1673 χεται,
185 1639 232 1664 καὶ
257 1637 377 1674 ξηραίνει
404 1639 453 1674 τὴν
475 1638 578 1674 ἄψυχον
599 1638 693 1673 συκῆν,
712 1638 754 1664 ἵνα
778 1647 863 1667 κατα,-

75 1684 147 1720 ρὰσῃ
164 1684 213 1719 τὴν
227 1683 305 1710 ἄθεον
324 1684 540 1720 συναγωγὴν.....
561 1683 610 1719 τὴν
624 1684 762 1719 ἀκαρπίαν
779 1683 860 1719 ὁρῶν,

75 1731 121 1756 καὶ
133 1730 252 1766 ἐρημίαν
263 1731 291 1756 ὲν
303 1730 370 1765 αὐτῇ
382 1739 389 1746 ·
410 1730 450 1756 ὅτι
463 1730 493 1756 οὐ
505 1730 543 1765 μὴ
556 1729 635 1766 μείνῃ
646 1729 718 1760 λίϐος
729 1729 775 1755 ἐπὶ
787 1729 860 1755 λίθου

75 1778 104 1802 ἐν
114 1775 196 1811 αὐτῇ.
218 1775 260 1807 Ὠς
271 1775 302 1811 δὴ
315 1776 383 1811 συκῆ
396 1776 458 1807 τοὺς
474 1775 605 1809 φυσικοὺς
616 1775 765 1810 καμάτους,
779 1775 832 1802 οὐδ’
845 1776 861 1811 ἡ

75 1822 222 1856 συναγωγὴ
239 1822 301 1853 τοὺς
313 1821 450 1857 νομικούς.
466 1821 631 1857 Τιμωρεῖται
651 1819 696 1847 οὖν
716 1822 731 1856 ἡ
747 1821 859 1856 ἄψυχος,

75 1868 118 1894 ἵνα
134 1867 333 1902 καρποφορήσῃ
360 1866 449 1892 πίστιν
466 1866 482 1901 ή
502 1865 589 1896 ἄθεος.
612 1865 688 1891 Ἐπεὶ
710 1865 751 1896 τίς
771 1865 863 1898 ἀγνοεῖ

74 1912 122 1939 καὶ
133 1912 187 1938 τῶν
200 1912 229 1944 ἐξ
242 1912 326 1946 αὐτῆς
339 1911 431 1946 νηδύος
444 1911 490 1937 καὶ
504 1910 615 1937 ἁπαλῶν
632 1910 734 1945 ὀνύχων
746 1911 774 1936 ἐν
786 1909 861 1944 βασι-

74 1958 155 1990 λείοις
169 1957 355 1992 διαιτώμενος,
378 1957 424 1983 καὶ
443 1957 555 1992 ἄπειρος
574 1957 719 1990 γεωργίας,
737 1956 777 1982 ὃτι
791 1955 861 1990 συκῆ

74 2003 209 2040 χειμῶνος
226 2003 329 2038 καρπὸν
340 2003 389 2029 οὐκ
401 2002 473 2038 ἔχεις
494 2001 563 2028 Ἀλλ’
574 2002 611 2033 ὼς
625 2002 703 2036 ἔφην,
723 2001 806 2027 εἰκόνι
823 2000 862 2036 τῷ

74 2049 151 2084 φυτῷ
162 2049 292 2084 κέχρηται
304 2048 436 2075 πλείστων
451 2048 553 2074 ἕνεκεν.
572 2047 684 2083 Πρῶτον
697 2047 745 2082 μὲν
756 2046 860 2078 δεικνὺς

73 2096 114 2122 ὅτι
132 2091 187 2125 οἶός
203 2103 233 2120 τε
249 2094 376 2130 ὑπάρχει,
388 2094 435 2119 καὶ
446 2095 474 2120 ὲν
484 2093 522 2127 τῷ
531 2093 645 2128 παρόντι
656 2093 718 2124 τοὺς
728 2093 862 2127 πονηροὺς

72 2139 265 2175 τιμωρεῖσθαι,
281 2139 337 2165 ἀλλ’
350 2138 442 2174 ἐπέχει
454 2137 523 2169 τέως
539 2137 587 2173 τὴν
605 2136 729 2172 δύναμιν,
745 2137 862 2168 ἐνδιδοὺς

74 2188 184 2222 ἑκάστῳ
195 2186 262 2222 πρὸς
281 2185 461 2221 μετάγνωσιν,
472 2183 563 2215 καθώς
577 2192 658 2219 φησιν
672 2183 686 2209 6
706 2183 775 2214 θεῖος
793 2191 807 2208 τ
812 2191 860 2217 ρα-

74 2232 171 2268 γῳδός·
195 2230 221 2259 '0
232 2231 303 2264 Θεὸς
315 2230 417 2265 κριτὴς
428 2230 551 2263 δίκαιος,
563 2229 686 2264 ισχιιοὸς
696 2229 742 2256 καὶ
753 2228 863 2263 μακρό-

74 2281 178 2314 θυμος,
186 2278 232 2304 καὶ
242 2278 285 2312 μὴ
293 2277 385 2313 ὀργὴν
393 2277 511 2311 ἐπάγων
520 2277 584 2303 καθ’
595 2275 728 2308 ἑκάστην
739 2275 860 2309 ἡμέραν-

75 2324 179 2359 ὲὰνμὴ
192 2323 403 2358 ἑπιστραφῆτε,
414 2323 472 2356 τὴν
476 2322 628 2357 ῥομφαίαν
640 2321 731 2348 αὑτοῦ
742 2319 863 2347 στιλϐώ-

74 2378 134 2401 σει,
146 2369 196 2404 τὴν
206 2369 393 2405 τιμωρητικὴν
403 2369 514 2403 φάπκων
524 2368 647 2402 δύναμιν.
661 2366 728 2393 Θεοῦ
739 2367 792 2401 γὰρ
802 2366 865 2401 ἀλη-

75 2415 131 2447 θῶς
140 2415 171 2441 τὸ
188 2414 312 2448 ξηρᾶναι
322 2414 430 2449 ῥήματι
444 2414 538 2446 ξύλον
549 2413 676 2448 χλωρὸν,
691 2412 738 2438 καὶ
754 2410 864 2438 ἀναϐᾶ-

75 2462 126 2487 λαι
139 2460 234 2492 ξύλον
245 2459 347 2493 ξηρὸν,
356 2459 445 2491 καθώς
457 2467 536 2494 φησιν
549 2457 670 2493 Ἐζεχιὴλ
681 2458 695 2483 6
705 2456 759 2483 τῶν
772 2464 864 2491 χερον-

76 2507 126 2542 6ὶμ
137 2505 246 2541 θεατής·
259 2507 272 2532 6
286 2505 403 2540 ξηράνας
414 2505 462 2540 τὴν
474 2504 560 2539 συκῆν
574 2503 773 2540 προστάγματι,
783 2501 863 2532 αὐτὸς

77 2553 130 2587 πρὸ
147 2551 240 2587 χιλίων
255 2552 327 2582 ἐτῶν,
343 2552 391 2586 τῆς
408 2551 467 2577 καθ’
479 2551 551 2586 ἡμᾶς
569 2549 649 2576 αὑτοῦ
669 2549 800 2583 γενέσεως
811 2547 861 2582 τὴν

78 2597 173 2633 ξηρὰν,
197 2597 243 2623 καὶ
259 2597 360 2631 ἄψυχον
385 2596 505 2627 Μωσέως
526 2595 675 2631 βακτηρίαν
697 2595 726 2620 ἐν
742 2594 775 2628 τῇ
790 2592 862 2627 χειρὶ

77 2644 222 2679 ἐχομένην,
244 2643 350 2679 ἁθρόως
374 2643 414 2674 εἰς
436 2642 568 2677 δράκοντα
588 2641 736 2676 ὲψύχωσεν.
749 2637 787 2666 Οὒ
814 2638 863 2673 τὴν

77 2690 138 2724 ὂψιν
153 2690 292 2724 ναρκήσας
313 2688 506 2723 ὲιραλλομένου,
519 2687 694 2722 δραπετεύειν
710 2686 836 2720 ἐπειρᾶτο
850 2685 864 2710 6

78 2735 233 2766 Θεσπέσιος,
250 2735 273 2760 εἰ
295 2734 331 2769 μὴ
353 2732 431 2765 αὖθις
453 2733 535 2759 αὑτὸν
553 2733 567 2758 ὁ
591 2731 760 2766 ζωοποιήσας
783 2730 864 2757 πάλιν

81 2779 177 2814 ράὃόον
202 2778 338 2811 ἀπέδειξε·
353 2779 419 2814 φησὶ
440 2777 493 2813 γὰρ
511 2777 585 2812 αὐτῷ
605 2778 619 2803 6
632 2776 696 2812 περὶ
714 2777 763 2811 τῆς
778 2776 865 2810 ταφῆς

115 2861 138 2876 ³³
148 2859 220 2888 l‘sal.
235 2867 344 2886 cxxxtv.
357 2859 382 2886 6.

757 126 929 156 DIALOGUS
962 129 1005 158 ιγ.

1631 136 1700 164 “58

916 186 944 213 Si
976 194 1057 215 vero.
1085 187 1156 221 quod
1189 188 1279 217 verius
1308 193 1366 223 est,
1394 189 1524 219 invisibili
1550 191 1699 222 divinitatis

915 230 1012 257 virtute
1033 231 1111 258 duxit
1133 232 1222 267 ipsum
1244 233 1276 259 ad
1300 233 1422 267 hamum,
1444 234 1467 262 is
1484 242 1547 263 vere
1569 235 1638 270 fuit,
1654 238 1699 272 qui

914 281 975 302 ceto
992 277 1165 311 praecepit,ut
1177 279 1329 313 susciperet
1341 279 1449 314 quidem
1462 280 1571 313 Jonam,
1585 282 1698 311 illaesum

914 323 1004 346 autem
1026 321 1176 348 custodiret
1198 321 1224 348 in
1250 322 1402 356 profundo,
1424 323 1519 359 sicqtte
1544 325 1648 354 salvum
1673 331 1703 355 et

914 365 1077 394 incolumem
1095 369 1120 394 in
1136 373 1235 396 terram
1250 377 1347 396 rursus
1361 370 1478 403 ejiceret.
1494 370 1521 398 Si
1534 373 1642 407 quidem
1656 374 1698 408 pi-

915 413 968 440 scis
990 413 1033 440 ille
1052 417 1153 440 statere
1179 414 1306 450 (iacente)
1324 415 1350 442 itt
1366 417 1502 450 profundo
1523 423 1644 453 accepto.
1666 420 1700 446 ad

915 458 1040 492 laqueum
1074 459 1194 491 natabat,
1223 464 1250 487 et
1277 462 1382 495 primtts
1408 462 1465 496 ipse
1490 463 1561 491 Deus
1579 469 1631 497 est.
1653 466 1700 500 qui

915 511 976 530 eum
989 505 1215 538 prtemonstravit.
1233 505 1302 538 Quid
1319 506 1390 533 enim
1415 506 1525 542 inquit?
1542 508 1629 536 Piscis
1641 511 1699 544 pri-

915 557 976 577 mus
993 551 1115 577 omnittm
1127 551 1168 578 sui
1179 552 1287 586 generis
1309 553 1440 587 capietur.
1458 553 1506 581 Vel
1522 555 1592 589 quod
1609 556 1700 590 potius

915 597 940 620 et
970 594 1057 629 magis
1077 599 1118 622 est
1148 600 1380 635 consentaneum_,
1414 598 1501 632 ipsius
1531 601 1701 628 necessitatis

916 644 1036 674 tempore
1059 640 1081 668 is
1102 641 1147 675 qui
1171 642 1261 669 omnia
1287 650 1319 670 ex
1347 643 1433 670 nihilo
1464 645 1601 679 produxit,
1630 646 1700 673 facto

915 688 1024 715 statere.
1040 684 1127 719 ipsum
1149 686 1175 712 in
1194 686 1293 720 piscem
1312 688 1451 716 natatilent
1465 689 1609 725 imposuit.
1626 696 1652 718 et
1667 691 1700 718 ad

915 729 1077 763 piscatorem
1104 730 1186 762 ﬂexit,
1213 733 1258 766 qtti
1278 733 1386 767 quidem
1411 735 1555 762 manitcste
1576 736 1621 763 ille
1640 741 1700 768 est,

915 774 962 808 qui
990 774 1068 801 Petro
1092 777 1219 811 praecepit
1243 777 1352 805 hamum
1381 779 1407 806 in
1436 788 1511 807 mare
1533 781 1627 816 jacere
1645 793 1651 810 :
1667 784 1701 810 de

915 827 969 854 quo
986 828 1033 847 rex
1047 821 1090 847 ille
1107 823 1186 848 simul
1201 843 1207 853 ,
1225 827 1251 849 et
1265 823 1417 851 divinorum
1437 826 1587 854 carminum
1605 832 1701 855 auctor

228 863 298 891 Deus
324 869 411 890 noster
432 864 459 890 in
484 865 562 896 mlo,
591 871 616 892 et
640 866 667 893 in
694 870 779 898 terra,
805 869 829 893 et
855 865 881 892 in
901 867 1027 899 marinis,
1054 872 1079 894 et
1104 868 1131 894 in
1149 868 1266 896 omnibus
1285 870 1405 909 abyssis,
1425 879 1584 907 qua'cunque
1607 875 1699 904 voluit.

1086 967 1344 996 INTERROGATIO
1371 969 1537 1000 CLXXXIII.

918 1047 922 1049 .
947 1024 1016 1056 Quid
1040 1024 1172 1053 Dominus
1188 1026 1297 1057 volens,
1318 1027 1397 1054 ticum
1420 1027 1547 1062 arefecit,
1571 1034 1598 1056 et
1621 1037 1700 1057 exse-

911 1073 1003 1096 cratus
1014 1074 1056 1097 est
1071 1077 1142 1102 eam,
1160 1078 1193 1098 ne
1208 1071 1324 1105 amplius
1342 1071 1461 1099 fructum
1482 1072 1564 1101 ferret
1578 1074 1605 1101 in
1622 1082 1698 1102 aeter-

911 1121 975 1140 num
1001 1114 1046 1140 “?
1069 1114 1128 1141 Non
1153 1115 1226 1155 enim
1252 1115 1278 1142 id
1305 1120 1402 1150 praeter
1424 1117 1534 1152 aliquod
1553 1120 1699 1147 consilium

914 1158 991 1186 fecit.

1229 1216 1383 1252 Responsio.

945 1272 984 1300 Ne
1002 1273 1160 1308 simpliciter
1182 1273 1270 1308 ipsum
1292 1280 1463 1302 exsecratum
1494 1283 1555 1303 esse
1569 1282 1595 1303 et
1613 1277 1700 1304 arel'c-

910 1319 981 1346 cisse
1001 1319 1126 1345 arborem
1150 1327 1209 1346 eam
1235 1320 1380 1355 quisquam
1404 1325 1489 1354 putet.
1508 1321 1577 1348 Nam
1599 1330 1646 1357 per
1674 1324 1699 1350 id

911 1363 1008 1391 docere
1023 1364 1118 1396 voluit,
1136 1365 1207 1398 qttod
1227 1365 1282 1392 Deo
1306 1371 1503 1401 repugnantem
1529 1367 1698 1403 Synagogam

911 1408 1065 1437 Judaeorum
1079 1410 1160 1438 etiam
1173 1411 1269 1445 punire
1283 1412 1387 1445 possit,
1403 1412 1449 1438 sed
1467 1417 1597 1447 tanquam
1612 1414 1701 1442 bonus

912 1462 968 1481 non
999 1455 1072 1481 velit.
1109 1454 1175 1481 Nam
1206 1463 1269 1482 cum
1299 1457 1388 1490 ipsum
1424 1463 1439 1483 a
1468 1458 1577 1485 nemine
1605 1466 1701 1493 poenas

911 1499 1019 1534 exigere
1049 1505 1210 1530 cernerent.
1235 1501 1430 1528 existimabant
1465 1502 1552 1537 ipsum
1580 1508 1700 1531 tantum-

912 1545 994 1572 modo
1020 1553 1100 1579 posse
1124 1545 1296 1578 benefacere,
1321 1554 1375 1573 non
1398 1552 1488 1574 autem
1515 1549 1623 1582 punire.
1648 1549 1700 1576 Per

913 1589 1090 1617 inanimatam
1119 1590 1201 1625 igitur
1227 1595 1353 1618 naturam
1397 1594 1544 1627 persuadet
1582 1594 1700 1621 inimica:

915 1634 971 1662 Deo
992 1634 1151 1670 Synagogte,
1178 1637 1250 1671 quod
1278 1642 1305 1664 et
1327 1638 1423 1672 punire
1448 1640 1522 1672 velit,
1549 1641 1594 1667 sed
1610 1641 1699 1668 adhuc

911 1680 976 1707 dum
999 1681 1103 1713 toleret,
1121 1689 1152 1708 ac
1172 1682 1302 1710 arel’aciat
1325 1683 1404 1710 ticum
1428 1684 1587 1716 inanimam,
1604 1685 1700 1713 simul-

911 1733 964 1760 que
989 1731 1019 1753 ut
1050 1727 1153 1753 aridatn
1179 1727 1260 1755 faciat
1285 1729 1396 1763 impiam
1426 1730 1618 1764 Synagogatn,
1651 1731 1699 1758 de-

912 1776 1046 1799 monstrat
1073 1773 1097 1799 ei
1125 1773 1309 1806 sterilitatem,
1341 1783 1396 1809 quo
1423 1776 1544 1802 viderent
1570 1778 1698 1812 (suam)

912 1817 1081 1844 sterilitatem
1103 1821 1130 1844 et
1148 1818 1343 1845 desolationem
1368 1820 1497 1854 quodque
1513 1828 1566 1847 non
1585 1828 1698 1850 mansu-

913 1869 959 1889 rus
981 1867 1053 1889 esset
1077 1863 1145 1897 lapis
1161 1871 1242 1898 super
1261 1864 1387 1899 lapidem.
1406 1866 1440 1892 lit
1465 1871 1555 1893 autem
1576 1875 1606 1894 ea
1630 1867 1699 1896 ﬁcus

912 1908 1048 1934 natutales
1061 1908 1165 1935 fructus
1177 1909 1242 1942 (non
1259 1909 1385 1943 ferebat),
1400 1910 1437 1936 ita
1455 1918 1542 1945 neque
1556 1911 1694 1947 Synagog:

911 1952 1020 1986 legales.
1038 1952 1154 1979 Punitur
1173 1954 1264 1988 itaque
1283 1954 1441 1987 inanimata,
1460 1960 1487 1982 nt
1505 1956 1626 1990 proferat
1637 1958 1698 1984 lidei

912 1996 1030 2024 fructum
1049 1999 1141 2033 impia.
1162 1998 1229 2031 Quis
1245 1999 1317 2026 enim
1335 2000 1466 2035 ignorat,
1483 2003 1590 2029 etiamsi
1605 2002 1647 2029 vel
1662 2004 1697 2030 ab

912 2044 1022 2071 ineunte
1035 2048 1113 2079 ictate
1132 2051 1164 2071 ac
1181 2045 1280 2071 teneris
1297 2045 1451 2080 unguiculis
1470 2047 1496 2073 itt
1516 2048 1585 2074 aulis
1600 2055 1694 2083 regum

912 2090 1020 2121 vixerit,
1036 2095 1063 2116 et
1076 2089 1187 2124 ignarus
1206 2091 1378 2125 agricultura:
1398 2092 1448 2124 sit,
1472 2092 1552 2118 ﬁcum
1574 2101 1622 2127 per
1641 2094 1698 2121 ltie-

912 2143 981 2162 mem
1006 2135 1123 2162 fructum
1154 2143 1207 2163 non
1231 2137 1348 2163 habere?
1375 2135 1475 2164 Verum
1500 2143 1529 2164 ut
1546 2138 1614 2170 dixi,
1638 2139 1698 2167 vice

914 2180 1040 2214 itnagtnis
1055 2189 1084 2207 ea
1097 2181 1194 2208 arbore
1207 2189 1273 2209 usus
1284 2187 1324 2209 cst
1340 2183 1456 2217 pluriutn
1467 2184 1563 2217 gratia.
1576 2182 1698 2211 Primum

914 2227 1021 2260 quidem
1040 2227 1172 2259 ostendit,
1189 2228 1261 2262 quod
1276 2229 1361 2262 possit
1381 2229 1420 2255 vel
1435 2230 1516 2255 etiatn
1532 2229 1557 2256 in
1572 2230 1697 2264 praesenti

917 2272 968 2298 vita
979 2272 1064 2299 malos
1078 2272 1183 2299 allicere
1195 2273 1337 2308 supplicio.
1351 2275 1396 2301 sed
1410 2275 1559 2301 etiamnum
1572 2276 1699 2302 cohibeat

915 2317 1072 2350 potentiam,
1098 2318 1249 2345 concedens
1272 2320 1419 2353 unicuique
1446 2326 1551 2354 tempus
1574 2321 1608 2347 ad
1631 2321 1699 2347 resi-

914 2362 1091 2396 piscentiatn,
1120 2365 1348 2398 quemadmodum
1387 2366 1473 2399 inquit
1509 2367 1629 2400 tragicus
1655 2367 1698 2394 ille

914 2408 1026 2435 divinus
1044 2417 1051 2435 :
1070 2408 1136 2435 Deus
1144 2409 1236 2442 justus
1248 2411 1386 2444 estjudex.
1403 2411 1479 2445 [ortis
1488 2417 1512 2438 et
1529 2413 1696 2446 longanimis,

915 2462 961 2481 nec
982 2455 1083 2481 induci!
1104 2456 1171 2482 iram
1193 2456 1321 2490 quotidie.
1344 2456 1407 2483 Nisi
1433 2459 1551 2484 conuersi
1581 2458 1696 2492 fueritis,

913 2500 1030 2534 gladium
1043 2510 1119 2527 suum
1131 2501 1242 2528 vibrabit
1255 2503 1276 2517 "’
1287 2511 1293 2529 :
1306 2503 1428 2530 ultricem
1445 2504 1496 2529 vim
1513 2511 1559 2537 per
1573 2504 1642 2531 hanc
1654 2512 1698 2530 v0-

916 2552 972 2571 cetn
984 2546 1107 2573 indicans
1116 2567 1122 2572 .
1131 2545 1198 2573 Natu
1208 2547 1271 2574 illud
1281 2555 1343 2574 vere
1354 2553 1393 2574 est
1404 2547 1460 2578 Dei.
1472 2550 1608 2583 Are/acere
1623 2549 1698 2575 verbo

913 2590 1013 2625 lignum
1037 2592 1137 2624 viride,
1160 2596 1184 2618 et
1207 2600 1240 2618 ea:
1261 2593 1337 2618 arido
1364 2601 1454 2619 rursus
1481 2593 1567 2627 facere
1597 2595 1698 2629 lignum

914 2637 1006 2668 uiride,
1024 2638 1151 2672 tttinquit
1169 2637 1326 2665 Ezechielus
1355 2639 1397 2666 ille
1411 2644 1546 2673 spectator
1564 2641 1699 2667 cherubo-

916 2691 975 2710 tum
990 2683 1021 2709 ³⁸.
1041 2683 1074 2710 Et
1088 2684 1134 2718 qui
1157 2685 1268 2712 arefccit
1289 2686 1368 2712 ticum
1391 2687 1528 2715 mandato.
1549 2686 1619 2712 idem
1639 2685 1699 2712 mila

916 2729 940 2755 le
966 2729 1045 2755 annis
1072 2734 1134 2756 ante
1156 2738 1233 2757 suatn
1256 2731 1405 2758 secundutn
1426 2736 1547 2758 nostram
1573 2738 1699 2758 naturam

919 2775 1099 2808 nativitatem,
1114 2775 1220 2802 aridum
1240 2780 1267 2802 et
1282 2776 1462 2804 inanimatum
1479 2777 1560 2806 Mosis
1571 2777 1700 2805 baculum

427 2859 450 2876 "
465 2858 558 2886 Matth.
581 2866 638 2890 ut,
661 2857 702 2885 l9.
744 2858 764 2872 ’⁷
781 2856 855 2884 Psal.
869 2864 915 2884 vn.
932 2856 1030 2889 19,15.
1070 2856 1091 2871 ’³
1118 2855 1216 2884 Ezeclt.
1232 2865 1298 2890 xvn,
1312 2857 1355 2884 2t.
