1910 3038
52 154 122 183 1161

55 214 153 248 φήτου.
168 212 250 246 Αὕτη
264 212 319 246 οὐχ
333 211 352 244 ἡ
370 209 446 245 Τυνή
460 218 530 245 μου.
545 208 627 244 κάγὼ
638 208 693 236 οὐκ
705 207 784 243 ἀνὴρ
793 208 844 235 αὺ-

54 257 121 292 τῆς.
140 258 255 293 Ἕτερος
275 257 304 284 δὲ
322 257 377 284 τῶν
397 255 558 287 θεσπεσίων,
582 254 632 290 τὴν
648 254 738 281 αἰτίαν
763 254 850 286 λέγων

57 304 116 338 βοᾷ⁸
131 301 221 330 Οὔτοι
250 304 306 330 οὐκ
334 302 494 337 ἀνέμειναν
513 301 548 328 ὲν
572 300 610 335 τῇ
626 299 763 334 διαθήκῃ.
791 299 851 327 τῶν

54 350 137 385 κάγὼ
149 349 301 384 ἠμέλησα,
313 347 395 383 ,λέγει
408 349 515 382 Κύριος
528 346 748 380 παντοκράτωρ.
770 346 851 373 Ἀπο-

55 396 224 431 κληρονόμος
239 395 329 422 τοίνυν
342 397 359 430 ὴ
376 395 499 429 ἄκαρπος
518 394 598 429 συκῆ,
617 393 716 429 μᾶλλον
738 393 767 420 δὲ
787 401 850 420 συν-

52 442 152 477 αγωγή
164 450 170 457 ·
188 442 221 476 ἦν
231 441 273 468 διὰ
290 441 412 476 μοιχείαν
424 441 438 467 6
449 440 499 475 τῆς
514 439 653 471 εὐσεϐείας
666 440 789 475 ἀρνεῖται
803 438 848 466 λό-

55 496 118 523 γος·
148 487 250 522 ταύτην
276 487 322 514 καὶ
350 486 405 514 ἀπὸ
430 487 479 522 τῆς
507 485 690 522 κληρονομίας
721 485 849 520 ἀπείργει

55 535 149 570 νόμος.

756 148 930 177 DIALOGUS
947 148 993 176 iV.

1623 145 1693 175 “6!

902 207 1074 235 conculcata.
1096 206 1254 236 Iumentum
1281 207 1354 236 enim
1379 206 1458 235 libris
1481 210 1625 238 onustum,
1650 209 1693 233 est

905 254 1073 282 interl‘ectrix
1089 253 1196 282 Domini
1215 254 1368 290 Synagoga.
1383 253 1451 287 Quae
1471 261 1562 288 regem
1581 252 1693 288 quidem

901 300 1024 333 sustulit,
1045 300 1159 327 militem
1183 303 1274 327 autem
1297 300 1467 327 honoravit:
1485 307 1500 326 a
1515 306 1571 334 quo
1591 297 1694 332 saepius

901 346 927 373 in
942 345 1125 381 captivitatem
1151 350 1194 374 est
1218 346 1352 378 abducta,
1382 353 1454 381 saepe
1477 346 1541 373 item
1567 352 1645 372 serva
1666 348 1695 370 et

903 392 1048 419 tributaria
1068 392 1140 420 facta
1155 401 1161 419 :
1185 400 1247 428 quae
1261 392 1336 428 legit,
1354 397 1448 419 etnon
1466 391 1610 426 intelligit;
1631 397 1694 425 qua:

901 438 1020 466 litteram
1036 439 1128 471 habet,
1149 443 1176 467 et
1195 447 1252 466 rem
1269 439 1391 475 ignorat;
1411 446 1472 474 quae
1496 442 1693 466 testamentum

902 485 995 519 habet,
1006 489 1034 512 et
1048 493 1064 512 a
1077 490 1150 513 recta
1165 485 1232 520 legis
1245 485 1399 513 obedientia
1415 485 1494 519 longe
1507 484 1593 512 abest.
1608 483 1694 518 Cujus

903 530 979 558 Solus
1004 530 1132 559 Christus
1156 531 1287 559 maritum
1303 539 1334 559 se
1356 531 1487 566 appellari
1514 530 1619 562 volens,
1645 529 1693 563 qui

57 581 141 608 sciret
156 579 241 613 ipsam
257 577 302 605 alii
317 577 511 609 adhaerentem,
534 577 601 605 dicit
613 584 661 612 per
674 576 773 604 Osettm
789 575 951 611 prophetam
967 585 974 604 :
989 575 1053 610 Ipsa
1067 585 1118 603 non
1135 585 1204 604 uxor
1217 585 1286 611 mea,
1299 581 1324 605 et
1339 586 1385 613 ego
1400 585 1452 604 non
1463 577 1520 611 ejus
1532 577 1645 605 maritus
1658 575 1692 603 ".

55 626 134 653 Alius
144 633 210 652 vero
232 630 325 652 vatum
341 632 453 652 causam
469 625 604 656 indicans,
619 625 720 652 clamat
742 634 748 651 :
768 624 819 651 Isti
835 632 886 650 non
908 625 1080 658 perstiterunt
1100 625 1128 651 in
1146 629 1301 652 testamento
1319 633 1385 658 meo,
1405 630 1431 652 et
1446 633 1493 660 ego
1517 625 1618 659 neglexi
1637 632 1692 656 eos,

54 672 122 698 dicit
139 670 268 698 Dominus
282 670 445 705 omnipotens
457 671 489 697 ³⁷.
506 669 682 697 Exhaaredata
699 674 741 697 est
757 670 840 705 igitur
856 669 958 697 sterilis
979 670 1058 702 ﬁcus,
1082 670 1138 698 imo
1149 678 1214 698 vero
1230 670 1382 707 Synagoga,
1395 674 1592 705 quampropter
1611 669 1692 697 adul-

57 718 157 744 terium
176 723 268 744 sermo
288 716 396 751 pietatis
414 715 539 751 abnegat,
564 720 592 743 et
610 715 644 743 ab
664 715 821 744 inmeditate
834 715 877 743 lex
892 720 977 742 arcet.

341 763 465 791 ΠΕΥΣΙΣ
485 764 570 790 ΡΠΔ’.

98 809 176 836 Ἐπεὶ
195 809 281 841 otiosi;
295 810 362 845 ἡμῖν
378 809 458 844 κόρος
480 810 529 845 τῆς
549 809 597 845 σῆς
618 809 775 845 εὐφραδίας.
797 818 850 844 μα-

58 857 113 883 θεῖν
128 856 245 891 δεόμεθα
256 857 303 882 καὶ
319 856 367 892 τὴν
382 855 434 882 τῶν
452 856 615 891 ἀληθόντων,
631 857 678 883 καὶ
693 856 741 882 τοῦ
762 856 851 891 μύλωι

58 911 101 933 νος
117 901 286 937 παραϐολὴν,
306 900 403 937 ἀγροῦ,
423 902 470 928 καὶ
487 902 542 928 τῶν
558 902 587 928 ὲν
603 901 678 937 αὐτῷ
692 901 737 928 δύο
756 902 848 930 ὄντων.

57 948 140 981 Λέγει
150 948 205 982 γὰρ
218 948 247 973 ὲν
258 947 433 982 Εὑαγγελίοις
446 948 460 974 6
475 947 576 983 Κύριος
586 956 592 963 ·
612 948 681 974 Τότε
696 947 751 975 δύο
763 948 851 975 ἔσον-

58 1002 105 1020 ται
119 993 156 1020 ἐν
173 993 214 1026 τῷ
231 992 310 1027 ἀγρῷ
320 1002 327 1008 ·
343 995 359 1020 d
371 991 415 1026 εἷς
429 993 700 1028 παραλαμϐάνεται,
715 995 764 1021 καὶ
778 996 795 1021 ὀ
807 992 852 1028 εἷς

58 1041 178 1075 ὑφίεται
188 1047 196 1054 ·
211 1039 267 1067 δύο
289 1039 460 1072 ἀλήθουσαι
483 1041 519 1067 ἐν
531 1040 571 1073 τῷ
585 1041 712 1076 μύλωνι,
731 1042 784 1076 μία
797 1049 853 1069 πα-

55 1085 290 1121 ραλαμϐάνεται,
310 1086 359 1113 καὶ
375 1087 430 1121 μία
446 1087 573 1121 ἀφίεται.

375 1132 558 1166 Ἀπόκρισις.

101 1178 147 1205 Ἐν
163 1179 265 1213 ἀμφοῖν
286 1177 320 1205 τὰ
342 1178 412 1205 αὐτὰ
427 1179 553 1214 δηλοῦται
576 1179 762 1216 συμϐήσεσθαι
783 1180 854 1208 κατά

57 1225 103 1251 τὸν
117 1225 212 1260 καιρὸν
224 1224 274 1260 τῆς
284 1224 520 1256 ἀναστάσεως,καὶ
531 1225 577 1252 τὸν
588 1226 638 1261 τῆς
650 1226 778 1262 δευτέρας
788 1236 854 1262 παρ-

55 1271 163 1302 ουσίας.
189 1269 277 1306 ’Δγρῷ
306 1270 355 1305 μὲν
380 1270 427 1297 τὸν
451 1270 553 1305 κόσμον
575 1271 787 1306 παραϐάλλεται,
803 1281 852 1299 κα-

57 1317 121 1349 Θὼς
135 1317 218 1348 αὐτὸς
247 1316 360 1353 ἑτέρωθί
384 1325 476 1353 φησιν,
492 1317 532 1344 ὄτι
551 1318 654 1353 Ἀγρός
673 1318 758 1345 ἐστιν
774 1320 790 1346 ό
803 1319 853 1346 κό-

56 1371 148 1398 σμος.
166 1363 193 1390 οι
212 1362 246 1389 δὲ
262 1363 394 1396 θερισταὶ
415 1364 442 1390 οι
456 1362 594 1398 ἄγγελον
614 1363 716 1397 μύλωνι
730 1365 758 1391 δὲ
773 1365 853 1392 ἀπει-

59 1410 152 1442 κάζων
166 1408 216 1444 τὴν
232 1408 347 1435 ἄστατον
363 1408 410 1435 τοῦ
423 1408 481 1443 βίου
496 1409 659 1445 περιφορὰν,
673 1410 719 1436 καὶ
731 1410 762 1436 τὺ
776 1410 855 1437 πολύ-

59 1462 178 1491 στροφον
202 1454 256 1480 τῶν
274 1453 400 1489 ὲνούτῷ
424 1454 579 1490 δρωμένων,
601 1455 639 1487 ὼς
663 1453 708 1482 τδν
732 1455 852 1490 μύλωνα,

59 1500 223 1534 ἀεικινήτως
235 1498 282 1525 καὶ
292 1498 416 1530 ἀστάτως
427 1500 492 1534 ἡμῖν
504 1499 673 1534 περιθέοντα,
685 1501 731 1526 καὶ
743 1500 795 1536 πρὸ
808 1499 853 1527 τοῦ

60 1546 210 1582 ἁλήθεσθαι
224 1546 252 1571 ὲν
272 1546 337 1580 ἡμῖν
353 1545 446 1580 ἕτερον
460 1545 490 1578 ἐξ
507 1545 601 1582 ἐτέρου
614 1546 761 1580 ἀμείϐοντα
771 1555 778 1562 ·
792 1547 854 1578 τοὺς

58 1591 87 1618 δὲ
98 1593 127 1618 ὲν
140 1590 217 1626 αὐτῷ
231 1590 391 1625 ἀλήθοντας,
406 1590 505 1625 μᾶλλον
518 1591 545 1617 δὲ
564 1591 609 1617 ὑπ’
623 1591 704 1618 αὐτοῦ
721 1592 855 1627 ἀληοομέ-

60 1646 133 1669 νους,
147 1638 212 1668 τοὺς
229 1636 277 1671 μὲν
291 1635 598 1672 παραλαμϐανομένους,
617 1637 679 1668 τοὺς
696 1637 724 1663 δὲ
739 1638 855 1673 ἀφιεμέο

60 1692 132 1715 νους,
154 1683 228 1717 ἡμᾶς
255 1681 338 1716 δηλοῖ,
360 1683 424 1713 τοὺς
448 1682 501 1708 ἀπὸ
522 1682 607 1718 Ἀδὰμ
631 1683 710 1718 μέχρι
738 1684 856 1719 τήμερον

60 1728 228 1764 ἀλήθοντας·
245 1728 291 1754 καὶ
306 1728 369 1759 τοὺς
386 1728 436 1764 μὲν
451 1728 559 1764 θανάτῳ
578 1729 778 1764 ἀπαγομένους,
793 1731 856 1762 τοὺς

59 1776 91 1802 δὲ
105 1775 176 1806 τέως
197 1774 371 1809 ἀφιεμένους,
387 1774 435 1801 καὶ
451 1775 480 1801 ὲν
492 1776 600 1811 ἀκαρεῖ,
621 1777 650 1802 ὲν
669 1776 773 1812 ἀτόμῳ,
789 1776 857 1812 πρὸς

62 1820 219 1856 ἀφθαρσίαν
247 1819 470 1855 μεθισταμένους.
499 1821 590 1853 καθώς
613 1829 694 1857 φησιν
717 1823 732 1849 6
758 1822 857 1857 ὑψηλὸς

63 1866 154 1902 κῆρυξ
176 1866 351 1898 Ἀπόστολος·
375 1866 454 1894 Ἰδοὺ
481 1868 650 1902 μυστήριον
668 1868 741 1903 ὑμῖν
762 1869 856 1904 λέγω*

63 1914 180 1946 Πάντες
190 1913 249 1948 μὲν
262 1914 298 1940 οὐ
315 1914 564 1948 κοιμηθησόμεθα,
585 1915 697 1948 πάντες
715 1915 749 1942 δὲ
762 1916 857 1943 ἀλλα-

63 1960 229 1994 γησόμεθα,
248 1959 283 1986 ἐν
299 1959 407 1994 ἀτόμῳ,
433 1960 468 1986 ἐν
482 1960 558 1994 ῥιπῇ
572 1961 738 1996 ὀφθαλμοῦ,
762 1962 797 1988 ὲν
819 1961 858 1996 τῇ

61 2005 181 2039 ἐσχάτῃ
199 2004 352 2040 σάλπιγγι.
373 2006 404 2032 Οί
421 2006 509 2032 τοίνυν
533 2006 694 2042 θνήσκοντες
716 2007 797 2033 οἱονεὶ
811 2007 857 2034 τοῦ

65 2051 190 2086 μύλωνος
212 2051 410 2086 λαμϐάνονται·
425 2053 449 2079 oi
467 2053 495 2079 δὲ
517 2052 745 2088 περιλειπόμενοι,
765 2053 858 2088 ἀφίεν-

64 2105 121 2124 ται.
141 2097 185 2123 Ἐν
200 2097 273 2132 αὐτῷ
292 2097 320 2124 δὲ
337 2098 477 2134 φωνούοης
492 2099 548 2133 ἅμα
561 2099 606 2125 καὶ
620 2098 797 2135 διανιστώσης
809 2100 858 2135 τῆς

65 2143 142 2174 θείας
155 2142 304 2178 σάλπιγγος
315 2145 377 2176 τοὺς
396 2144 443 2172 ἀπ’
462 2144 560 2175 αἰῶνος
577 2144 767 2180 κοιμηθέντας,
781 2144 858 2178 αὖθις

63 2191 78 2216 6
95 2190 209 2224 ἀκλινὴς
223 2190 270 2216 καὶ
285 2189 432 2222 ἀδέκαστος
454 2190 652 2226 προκαθέζεται
673 2191 778 2226 κριτὴς,
795 2192 858 2218 ἑκά-

64 2244 122 2271 στῳ
145 2236 215 2271 πρὸς
242 2235 319 2269 ἀξίαν
341 2236 395 2263 τῶν
420 2235 591 2272 βεϐιωμένων
616 2237 857 2272 ἀπαμειϐόμενος,

63 2281 158 2313 καθώς
182 2289 274 2317 φησιν,
288 2281 302 2306 6
321 2280 391 2312 θεῖος
418 2281 595 2313 Ἀπόστολος·
614 2281 689 2315 Τοὺς
711 2282 769 2317 μὲν
791 2282 857 2310 καθ’

64 2325 226 2361 ὑπομονὴν
239 2327 329 2360 ἔργου
341 2326 464 2360 ἀγαθοῦ,
482 2326 528 2352 καὶ
546 2327 579 2353 τὰ
595 2326 667 2361 ἑξῆς.

65 2372 179 2399 modum
206 2371 296 2406 inquit
317 2372 396 2399 divus
419 2371 465 2399 ille
489 2372 636 2408 Apostolus
657 2382 664 2400 :
687 2373 755 2401 alios
777 2375 883 2409 quidem

64 2425 201 2456 quuntur.

347 2465 470 2493 ΠΕΥΣΙΣ
489 2466 574 2493 ΡΠΕ¹.

103 2512 172 2546 Περὶ
182 2512 263 2538 τίνων
282 2511 354 2545 λέγει
367 2511 381 2537 6
399 2509 489 2543 Δαϐὶδ,
504 2511 662 2545 Ἀνθρακες
675 2511 859 2547 ἀνήφθησαν

67 2557 117 2584 ἀπ’
131 2558 227 2585 αὐτοῦ
236 2567 245 2590 ;

380 2606 555 2641 Ἀπόκρισις.

104 2650 141 2676 Τὸ
154 2650 232 2676 Θεῖον
253 2650 393 2687 πολλαχῶς
413 2652 463 2687 τῆς
481 2653 554 2684 θείας
577 2653 687 2688 Γραφῆς
702 2652 757 2688 πῦρ
777 2652 858 2679 ἄῦλον

69 2696 284 2731 κατονομάζεται
294 2706 300 2712 ·
313 2699 341 2724 αἱ
355 2696 401 2724 οὖν
414 2699 468 2725 τῶν
481 2697 603 2732 ἀγγέλων
617 2699 730 2734 χορεῖαι,
747 2699 793 2725 καὶ
803 2699 858 2725 τῶν

69 2742 179 2769 δικαίων
196 2744 225 2769 αι
239 2743 334 2779 ψυχαὶ,
351 2746 384 2780 τῇ
400 2745 444 2772 διὰ
460 2744 644 2780 καθαρότητος
657 2745 723 2780 πρὸς
737 2744 782 2771 τὸν
793 2744 859 2772 Θεδν

70 2788 219 2823 ἑγγύτητι,
243 2789 452 2826 ἑκφλογούμενοι
474 2790 609 2826 ἄνθρακες
636 2790 748 2823 ιίκότως
773 2799 858 2827 προσ-

1074 763 1333 792 INTERROGATIO
1351 763 1517 792 CLXXXIV.

937 809 1009 843 Quia
1027 815 1073 838 tua
1088 811 1245 845 eloquentia
1258 811 1352 838 satiari
1370 819 1424 838 non
1439 818 1598 846 possumus.
1616 810 1693 845 cupi-

904 863 967 882 mus
989 856 1140 892 intelligere
1158 861 1185 884 et
1204 857 1363 884 molentium
1381 861 1408 884 et
1431 857 1510 883 mola:
1524 856 1692 891 parabolam,

902 905 930 928 et
944 908 1004 928 eam
1027 909 1090 937 quae
1103 903 1136 930 de
1154 910 1221 938 agro
1240 907 1292 934 cst.
1310 908 1337 930 et
1358 902 1392 930 de
1411 903 1528 935 duobus,
1552 902 1600 937 qui
1618 901 1644 928 in
1660 909 1693 928 co

903 952 977 975 sunt.
1002 947 1094 983 lnquit
1116 949 1189 976 enim
1220 949 1246 976 in
1270 948 1416 984 Evangelio
1441 948 1592 975 Dominus:
1621 947 1694 975 Tum:

902 993 955 1021 duo
970 1001 1046 1022 erunt
1061 996 1088 1021 in
1105 1003 1180 1030 agro,
1198 1003 1266 1022 unus
1280 995 1437 1026 assumitur,
1450 999 1476 1020 et
1490 1002 1557 1021 unus
1573 994 1695 1029 relinqui-

904 1045 967 1067 tur:
981 1041 1041 1068 duce
1061 1042 1185 1069 molentes
1201 1043 1229 1069 in
1249 1043 1330 1074 mola,
1353 1051 1406 1068 una
1422 1042 1578 1073 assumitur,
1595 1045 1619 1067 et
1640 1049 1694 1067 una

904 1085 1060 1117 relinquitur
1074 1086 1105 1112 ³⁸.

1225 1132 1377 1167 Responsio.

939 1182 968 1210 ln
989 1183 1111 1219 utrisque
1152 1180 1246 1212 eadem
1265 1184 1397 1207 eventura
1419 1179 1607 1214 signiﬁcantur
1623 1181 1694 1203 tem-

904 1236 970 1264 pore
996 1226 1205 1256 resurrectionis
1231 1230 1257 1253 et
1281 1226 1394 1253 secundi
1423 1225 1557 1252 adventus
1579 1222 1692 1250 Christi.

903 1275 977 1311 Agro
996 1275 1105 1310 quidem
1130 1273 1263 1300 mundum
1284 1277 1435 1307 comparat.
1461 1270 1694 1306 quemadmodum

904 1321 962 1357 ipse
978 1321 1042 1349 alibi
1067 1320 1166 1355 inquit,
1190 1319 1262 1354 quod
1287 1327 1350 1354 ager
1376 1318 1410 1344 sit
1430 1317 1553 1348 mundus,
1567 1323 1695 1342 messores

904 1372 992 1394 autem
1005 1367 1093 1402 angeli
1104 1366 1136 1393 ".
1164 1364 1241 1393 Motae
1255 1370 1346 1392 autem
1364 1363 1480 1391 similem
1499 1362 1564 1390 facit
1577 1361 1694 1389 instabi-

904 1413 957 1441 lem
974 1413 1057 1447 hujus
1070 1413 1132 1440 vitae
1147 1411 1322 1442 rotationem.
1342 1415 1370 1438 et
1386 1409 1582 1437 volubilitatem
1598 1415 1696 1436 eorum

904 1467 965 1494 quae
985 1459 1012 1485 in
1028 1466 1061 1485 eo
1083 1457 1161 1489 ﬁunt.
1182 1465 1243 1492 qum
1258 1457 1330 1484 velut
1355 1456 1433 1483 molae
1457 1459 1589 1490 perpetuo
1608 1457 1695 1485 motu,

908 1512 1068 1539 semperque
1095 1502 1259 1531 instabiliter
1284 1501 1538 1533 circumcurrentia,
1565 1503 1593 1527 et
1616 1504 1695 1526 ante-

907 1559 990 1586 quam
1010 1550 1103 1577 molita
1116 1550 1182 1582 sint,
1204 1550 1231 1577 in
1253 1549 1332 1576 nobis
1352 1548 1425 1575 aliud
1439 1555 1472 1574 ex
1486 1546 1540 1574 alio
1552 1545 1696 1581 (invicem)

907 1599 1053 1625 alternant.
1069 1596 1097 1623 ln
1111 1605 1143 1624 ea
1159 1603 1225 1624 vero
1235 1595 1391 1623 alternatim
1405 1594 1536 1625 variatus,
1548 1593 1589 1620 vel
1606 1593 1694 1628 potitus

906 1643 941 1671 ab
962 1643 1019 1678 ipsa
1044 1642 1164 1674 molitos.
1188 1641 1256 1669 alios
1278 1641 1389 1675 quidem
1412 1639 1602 1671 assumendus,
1627 1637 1696 1664 alios

905 1695 970 1715 vero
984 1687 1188 1721 relinquendos,
1204 1694 1253 1713 nos
1269 1685 1415 1720 signiﬁcat,
1428 1688 1562 1719 quotquot
1576 1683 1610 1710 ab
1625 1683 1697 1709 Ada-

910 1739 955 1759 mo
970 1732 996 1758 in
1012 1731 1174 1759 hodiernum
1186 1738 1273 1766 usque
1285 1730 1356 1757 diem
1370 1730 1484 1756 molunt.
1499 1730 1587 1763 Atque
1599 1728 1696 1755 horum

906 1778 977 1805 alios
1006 1777 1116 1813 quidem
1141 1782 1228 1804 morte
1253 1776 1369 1808 ablatos,
1394 1775 1464 1802 alios
1487 1779 1577 1802 autem
1607 1774 1696 1801 adhuc

907 1824 1028 1856 relictos,
1045 1824 1072 1851 in
1089 1828 1238 1855 momento,
1253 1823 1279 1850 in
1297 1823 1427 1858 temporis
1443 1826 1544 1857 puncto
1556 1821 1590 1849 ad
1605 1821 1697 1848 incor-

907 1871 1112 1904 ruptibilitatem
1137 1878 1197 1898 esse
1222 1869 1435 1901 transferendos,
1464 1868 1696 1903 quemadmodum

907 1916 997 1951 inquit
1013 1916 1131 1944 eximius
1155 1916 1201 1943 ille
1228 1923 1317 1951 praeco
1339 1915 1508 1949 Apostolus:
1534 1913 1602 1941 Ecce
1623 1913 1696 1941 vobis

908 1962 1062 1997 mysterium
1078 1962 1136 1988 dico
1148 1970 1157 1988 :
1176 1963 1272 1988 Unmes
1293 1961 1397 1996 quidem
1420 1968 1471 1987 non
1490 1959 1695 1992 obdormiemus,

908 2016 996 2034 omnes
1011 2012 1099 2034 autem
1118 2006 1330 2040 immutabimur,
1353 2006 1380 2033 in
1393 2010 1501 2040 puncto,
1523 2006 1551 2032 in
1566 2010 1696 2032 momento

909 2054 978 2080 oculi
991 2053 1025 2080 ad
1039 2057 1183 2080 extremam
1194 2052 1287 2080 tubam
1298 2053 1331 2080 δ’.
1344 2052 1437 2087 Itaque
1447 2051 1494 2087 qui
1506 2051 1608 2078 mortui
1621 2056 1696 2084 sunt,

909 2100 996 2128 instar
1011 2100 1089 2127 mola).
1103 2099 1295 2134 accipiuntur;
1311 2099 1358 2134 qui
1373 2106 1438 2126 vero
1449 2104 1513 2127 sunt
1527 2099 1642 2131 residui,
1654 2106 1698 2126 re-

910 2146 1081 2181 linquuntur.
1098 2145 1187 2173 Simul
1199 2153 1294 2173 vocem
1315 2144 1412 2173 edente
1427 2150 1454 2172 et
1475 2145 1613 2173 excitante
1634 2145 1697 2173 tuba

909 2192 1001 2220 divina
1022 2200 1069 2220 eos
1094 2192 1141 2227 qui
1167 2199 1183 2218 a
1207 2192 1307 2219 saculo
1324 2191 1541 2225 obdormierunt,
1565 2199 1629 2219 mox
1653 2191 1699 2220 ille

911 2239 957 2273 qui
974 2246 1062 2273 neque
1079 2238 1195 2266 ﬂectitur
1221 2246 1309 2273 neque
1326 2238 1487 2266 muneribus
1501 2238 1697 2273 chrrumpilur,

910 2284 1038 2319 prasidet
1057 2284 1150 2319 judex,
1182 2285 1329 2319 unicuique
1359 2285 1509 2313 secundum
1538 2284 1698 2320 dignitatem

910 2337 1005 2357 eorum
1021 2338 1082 2365 quae
1097 2331 1124 2358 in
1140 2332 1193 2358 vita
1208 2335 1282 2365 gesta
1298 2335 1372 2362 sunt.
1390 2332 1555 2364 retribuens,
1569 2332 1700 2366 quemad-

913 2377 1057 2404 secundum
1080 2377 1249 2405 tolerantiam
1276 2379 1361 2413 operis
1385 2378 1446 2405 boni
1467 2378 1501 2411 “,
1524 2384 1552 2406 et
1576 2387 1636 2415 qua:
1659 2387 1700 2406 se-

1087 2465 1344 2495 lNTERROGATIO
1363 2468 1516 2497 CLXXXV.

948 2512 986 2540 De
1003 2513 1103 2548 quibus
1124 2514 1212 2548 inquit
1232 2513 1357 2548 Davides,
1372 2514 1503 2544 Curbones
1520 2517 1624 2545 accensi
1637 2524 1699 2547 sunt

912 2558 944 2585 ab
958 2567 989 2585 eo
1002 2558 1045 2585 "‘3

1230 2607 1381 2642 Responsio.

947 2649 1039 2678 Multis
1051 2651 1078 2678 in
1088 2651 1156 2679 locis
1167 2659 1252 2680 sacrze
1265 2652 1413 2687 Scriptura:
1425 2653 1507 2686 Deus.
1521 2653 1591 2689 ignis
1602 2663 1700 2691 expers

913 2696 1033 2724 materiei
1059 2698 1280 2732 cognominatur.
1298 2699 1463 2734 Angelorum
1484 2701 1566 2734 igitur
1583 2702 1658 2729 chori
1674 2707 1700 2730 et

912 2744 1011 2771 anima:
1023 2743 1173 2778 justorum,
1191 2745 1392 2780 propinquitate
1407 2746 1439 2773 ad
1455 2745 1539 2773 Deum
1563 2754 1612 2782 per
1624 2747 1700 2782 puri-
1743 2755 1750 2759 ·

914 2794 1008 2824 tatem,
1039 2791 1200 2819 inﬂammati
1226 2793 1358 2819 carbones
1385 2793 1484 2820 merito
1518 2793 1701 2828 appellantur,

105 2877 255 2916 “nosee‘n.
271 2878 298 2916 ἓ,
313 2880 359 2916 λ⁸⁷
372 2879 471 2916 Jerem.
484 2880 679 2916 nxtﬁisec.
694 2879 776 2908 LXX.
816 2881 837 2898 "
855 2881 949 2910 Matth.
966 2890 1038 2915 xxiv,
1052 2882 1096 2916 ιο,
1113 2882 1158 2909 ιι.
1196 2882 1218 2898 ³⁹
1241 2882 1333 2910 llatth.
1351 2890 1412 2916 xui,
1441 2883 1486 2915 38,
1504 2882 1548 2910 39.
1578 2881 1600 2897 ⁸⁸
1613 2882 1622 2909 l
1637 2881 1701 2910 Cor-

72 2913 171 2946 xv,5i.
190 2913 234 2940 5'2.
274 2914 295 2929 “
313 2913 390 2942 Rom.
404 2915 435 2947 ll,
451 2916 477 2941 7.
515 2915 537 2931 "
553 2915 621 2943 Psal.
649 2924 715 2948 xvu,
739 2918 767 2946 8,

151 2961 290 2991 ΡΔΤιιοι.
307 2961 367 2992 Gu.
384 2961 564 2992 XXXVIII.

1545 2963 1584 2992 37
