1910 3038
38 159 104 189 I165

37 217 120 253 σκηνή
142 226 186 253 μοι
209 216 292 249 δοκεῖ,
311 217 360 243 σὺν
369 217 403 252 τῇ
425 216 505 252 πήξει
522 217 620 252 ἔχουσα
635 215 680 242 καὶ
689 214 738 250 τὴν
752 213 820 240 καο-

36 263 149 290 αιοεσιν.

313 399 437 426 ΠΕΥΣῘΣ
456 401 546 427 ΡΠΗ’.

77 445 216 480 ’Λφορμὴν
235 446 268 472 ἐκ
287 445 336 480 τῆς
360 445 531 481 ἀποκρίσεως
552 445 689 477 λαϐόντες,
710 445 825 480 δεόμεθά

37 500 84 518 σου
96 492 194 522 εἰπεῖν,
209 491 253 517 διὰ
266 491 291 517 τί
307 491 360 517 τῶν
373 491 524 526 ἐκκλησιῶν
542 491 670 522 πολλάκις
683 491 729 517 καὶ
746 491 824 517 εὗσε-

37 537 90 563 6th
115 536 265 572 ἀνθρώπων
280 537 389 572 ὁρῶμεν
412 537 525 569 πτῶσιν,
546 537 592 564 καὶ
616 537 767 572 ἀφανισμοῦ
782 537 825 564 διὰ

39 582 160 617 σεισμοῦ,
181 583 198 618 ἢ
224 582 348 617 βροντῆς,
365 583 382 618 ἢ
399 583 494 619 ἐτέρας
515 582 630 618 ἀπειλῆς
652 583 824 619 γιγνομένην,

37 629 75 661 ὡς
88 630 143 660 τοῖς
157 628 344 663 ἀμαρτωλοῖς;

347 675 522 708 Ἀπόκρισις.

70 719 119 746 Ἐκ
132 718 183 754 τῆς
196 719 269 750 Θείας
281 719 392 754 Πυκτῆς
404 719 437 746 τὰ
452 721 515 755 περὶ
523 719 624 746 τούτων
635 719 825 755 παιδευόμεθα·

39 765 62 791 εἰ
82 765 137 800 γὰρ
153 765 203 800 τῆς
224 765 300 796 θείας
325 765 441 791 κιϐωτοῦ
464 766 514 792 οὐκ
535 766 662 800 ἐφείσατο
680 767 694 792 ὁ
716 766 825 801 Κύριος,

38 810 94 838 ἀλλ’
115 810 232 837 ἀπέδοτο
257 811 340 846 αὐτὴν
357 811 514 845 ἀλλοφύλοις
536 813 584 839 σὺν
609 812 726 848 ἱερεῦσιν
742 812 827 846 αὐτῆς

38 857 204 892 ἁνομήσασι,
230 857 275 883 καὶ
292 856 368 883 πόλιν
392 857 473 890 ἁγίαν
490 857 539 892 τὴν
564 858 740 893 Ἰερουσαλὴμ
758 867 824 884 κατ-

38 899 151 933 έσκαψε,
171 899 219 926 καὶ
234 900 366 935 χερουϐὶμ
386 900 464 936 δόξης
478 900 525 927 τοῦ
541 901 694 937 ίλαστηρίου
706 902 824 932 καθεῖλε,

38 946 82 971 καὶ
96 945 192 981 στολὴν
207 945 280 971 θείαν
301 946 436 982 διέρρηξε,
454 948 502 974 καὶ
528 947 684 982 χαρίσματα
707 947 741 974 τὰ
756 948 825 980 θεῖα,

38 992 83 1018 καὶ
101 992 280 1026 προφητείαν,
295 992 342 1017 καὶ
362 992 487 1027 δήλωσιν,
503 993 550 1019 καὶ
565 993 647 1028 ἐφὼδ,
660 994 706 1019 καὶ
726 993 825 1027 λόγιον,

38 1039 83 1064 καὶ
94 1038 125 1064 τὸ
139 1038 169 1070 ἐξ
188 1038 327 1073 ἀκηράτου
345 1039 456 1073 χρυσίου
476 1039 600 1070 πέταλον,
619 1039 754 1075 ἀρρήτους
768 1039 827 1074 ἔχον

39 1082 225 1117 χαρακτῆρας,
247 1082 293 1108 καὶ
315 1082 396 1109 λοιπὰ
419 1083 467 1117 τῆς
485 1083 595 1118 τελετῆς
617 1084 647 1109 ἐν
663 1083 766 1109 ἔθνεσιν
789 1085 828 1115 εἰς

40 1128 223 1162 καταπάτημα
245 1128 292 1154 καὶ
308 1127 442 1163 λαφυρὶαν
461 1127 576 1160 ἐξέδοτο,
600 1129 646 1155 ἐπὶ
669 1129 828 1164 κατακρίσει

38 1174 90 1200 τῶν
107 1174 302 1208 ἀνομησάντων
313 1174 374 1200 τότε
384 1183 390 1189 ·
407 1174 466 1201 οὐδὲ
477 1175 532 1201 τῶν
547 1175 593 1201 νῦν
611 1175 707 1202 ἑαυτοῦ
719 1175 830 1202 ἀνακτό-

40 1228 92 1254 ρων
108 1219 238 1254 φείδεται,
255 1218 315 1244 οὐδὲ
331 1219 384 1245 τῶν
395 1220 508 1246 ἐνόντων
521 1220 658 1254 ἀῤῥήτων,
671 1220 717 1246 καὶ
730 1220 831 1254 ἀχράν-

39 1274 90 1292 των
110 1265 282 1301 μυστηρίων·
296 1265 355 1298 δέος
371 1265 497 1301 ἐμϐαλὼν
513 1267 567 1297 τοῖς
588 1266 739 1298 πταίουσιν,
758 1267 830 1300 ἀπη-

40 1313 169 1348 νεσ-ιέραν
181 1313 342 1348 καραδοκεῖν
359 1313 505 1348 τιμωρίαν,
518 1314 551 1348 τῇ
566 1313 681 1348 πονηρίᾳ
704 1313 832 1347 ἐμμένον-

39 1369 97 1392 τας.
122 1359 299 1390 Ὀλολυζὲτω
321 1360 375 1395 γὰρ
397 1360 485 1393 πίτυς
505 1359 548 1386 ὅτι
563 1359 697 1385 πέπτωκε
716 1359 831 1392 κέδρος,

41 1406 122 1440 φησὶν
137 1405 271 1440 Ἱερεμίας
283 1404 339 1440 (13)
348 1414 355 1420 υ
367 1404 438 1431 τοῦτ’
449 1404 534 1436 ἐστιν,
550 1405 619 1439 Ἰσχυ
624 1404 677 1440 ρῶν
692 1405 736 1431 καὶ
747 1404 832 1438 ἁγίων

42 1448 276 1483 κατεασσομένων,
287 1449 323 1475 τὰ
339 1450 366 1475 ἐν
377 1451 410 1484 τῇ
419 1450 453 1485 γῇ
462 1449 644 1485 ἀσθενέστερα
654 1449 831 1476 παιδευὲσθω.

43 1496 128 1531 Ὅπερ
140 1495 273 1522 ἀνάπαλιν
288 1494 399 1530 φράζων
413 1495 427 1520 ὁ
440 1495 494 1521 τῶν
509 1495 588 1521 θείων
601 1495 681 1528 σοφὸς
695 1494 830 1529 Σολομὼν,

49 1541 180 1569 Ἀσεϐῶν
190 1542 438 1568 καταπιπτόντων
456 1541 563 1568 δίκαιοι
578 1541 672 1568 δειλοὶ
689 1542 830 1576 γίνονται.

43 1588 79 1614 οὐ
90 1587 146 1622 γὰρ
160 1587 250 1614 ὅπλων
262 1587 369 1622 αἰχμαὶ,
382 1588 428 1613 καὶ¹
445 1587 554 1623 κράνος,
568 1588 613 1614 καὶ
626 1587 726 1623 θώραξ,
739 1588 755 1623 ἢ
772 1597 833 1623 κνη-

45 1634 127 1667 μῖδες,
142 1633 252 1668 ἀσφαλῆ
272 1634 398 1668 πονηροῖς
416 1633 465 1668 τὴν
481 1633 553 1668 ζωὴν
569 1634 725 1669 παρέξουσι,
744 1634 833 1660 λωπο-

43 1679 170 1711 δυτοῦσι,
202 1680 249 1705 καὶ
278 1678 328 1711 τὰς
355 1679 506 1714 λεωφόρους
537 1679 714 1715 ἐνεδρεύουσι.
742 1680 835 1706 Πολλοὶ

45 1726 98 1760 γὰρ
115 1724 265 1752 δυσάλωτοι
293 1724 460 1760 φρασάμενοι
477 1724 598 1756 ἐλεεινῶς
623 1725 670 1751 τοῦ
686 1725 735 1760 ζῇν
751 1726 836 1761 ἁπερ-

46 1771 178 1806 ράγησαν,
208 1771 273 1806 παρ’
300 1772 365 1806 ἡμῖν
394 1771 443 1806 μὲν
469 1771 647 1806 ἀνάγραπτοι,
682 1772 763 1807 Ὠρὴὸ
789 1773 836 1798 καὶ

46 1816 136 1848 Ζεϐεέ,
150 1817 196 1844 καὶ
212 1816 350 1851 Σαλμανᾶ,
365 1817 412 1843 καὶ
431 1817 585 1853 Ἀὁιμελέχ,
602 1818 649 1844 καὶ
669 1818 774 1850 ramo,
788 1818 836 1844 καὶ

51 1861 240 1898 Ἃὸεσσαλὼμ,
262 1863 310 1889 καὶ
324 1863 381 1889 ὅσοι
398 1864 458 1889 κατ’
478 1863 598 1894 ἐκείνους
609 1871 617 1878 ⁸
640 1864 714 1899 παρὰ
729 1864 757 1890 δὲ
781 1866 836 1896 τοῖς

47 1908 106 1941 ἔξω,
123 1909 256 1944 Ἐκτορες
273 1909 318 1936 καὶ
334 1909 457 1941 Λίαντες,
473 1909 520 1935 καὶ
543 1909 619 1936 αὐτοὶ
643 1911 666 1935 οἱ
691 1910 737 1936 ἐπὶ
757 1909 835 1946 ῥώμῃ

47 1953 201 1989 φυοώμενοι
220 1953 427 1989 Λακεδαιμόνιοι
438 1962 445 1969 '
461 1954 520 1980 ἐπεὶ
533 1954 582 1980 οὐκ
596 1954 673 1989 ἔσχον
689 1955 836 1990 σύνδρομον

47 2000 92 2035 τῆς
110 1999 269 2031 εὐσθενείας
287 2000 317 2026 τὸ
340 2000 455 2027 δίκαιον.
470 2000 526 2035 Πρὸ
543 2000 588 2026 τοῦ
604 1998 649 2027 οὖν
674 2000 738 2032 Θεὸς
763 2001 836 2035 ἡμᾶς

47 2046 89 2072 διὰ
109 2046 243 2081 πονηρίαν
261 2046 400 2081 πολεμίοις
416 2046 562 2078 ἀπόδωται,
581 2046 597 2081 ἦ
618 2046 667 2077 τὰς
690 2047 836 2081 ἐκκλησίας

50 2091 255 2127 ὲπικατασείσῃ,
276 2092 462 2127 ἁμαρτάνουσι
483 2092 531 2127 τῆς
545 2092 619 2126 σφῶν
639 2092 744 2123 ἀδικίας
758 2092 836 2118 πολε-

50 2139 190 2173 μήσωμεν,
210 2139 257 2164 καὶ
277 2137 315 2173 τῷ
329 2138 406 2174 δήμῳ
421 2138 471 2174 τῆς
489 2138 633 2174 ἁμαρτίας,
658 2138 835 2173 στρατόπεδον

49 2183 189 2215 εὐσεσείας
205 2182 419 2218 ἀνθοπλίσωμεν.

326 2284 450 2311 ΠΕΥΣΙΣ
469 2285 552 2312 ΡΠΘ¹.

81 2327 114 2354 Τί
130 2327 256 2362 βούλεται
270 2329 284 2354 ὀ
306 2329 406 2364 Κύριος
420 2330 516 2364 λέγων,
530 2331 632 2358 εὐνοεῖν
646 2331 684 2366 τῷ
698 2332 833 2367 ἀντιδίκῳ,

49 2373 109 2400 ὅταν
125 2374 209 2408 ἐσμὲν
233 2375 261 2400 ἐν
278 2376 311 2410 τῇ
403 2377 461 2411 μετ’
475 2377 576 2410 αὐτοῦς
603 2378 640 2404 υὺ
653 2378 707 2413 γὰρ
728 2377 836 2408 πάντως

49 2421 108 2453 τοὺς
121 2420 312 2454 συνοδεύοντας
322 2423 389 2458 ἡμῖν
404 2422 510 2458 ἔχομεν.

353 2508 528 2541 Ἀπόκρισις.

82 2552 161 2587 Καλὴ
182 2552 242 2586 μὲν,
257 2553 303 2579 καὶ
324 2553 407 2589 ἁπλῆ,
422 2555 468 2581 καὶ
495 2555 638 2592 πρόχειρος
663 2555 763 2587 εὔνοια,
786 2554 834 2582 τοῦ

51 2597 85 2631 μὴ
99 2598 210 2632 μηνιᾷν,
225 2597 292 2632 μηδὲ
304 2598 427 2625 σπεύδειν
440 2598 588 2634 ἀμύνεσθαι
601 2599 646 2627 τὸν
657 2600 834 2635 ἀδικήσαντα’

50 2642 114 2676 φησὶ
138 2642 194 2677 γὰρ
221 2642 311 2675 αὐτὸς,
333 2642 472 2678 Ἄγαπᾶτε
497 2644 567 2678 τοὺς
592 2645 717 2679 ἐχθροὺς
742 2644 835 2680 ὑμῶν,

50 2686 147 2720 καλῶς
171 2688 283 2715 ποιεῖτε
300 2689 362 2722 τοῖς
374 2689 519 2724 μισοῦσιν
531 2690 619 2724 ὑμᾶς,
643 2691 692 2717 καὶ
711 2690 836 2724 εὔχεσθε

50 2732 123 2766 ὑπὲρ
138 2732 198 2760 τῶν
210 2734 424 2769 καταρωμένων
435 2735 518 2770 ὑμῖν,
536 2736 598 2767 καὶ,
616 2736 728 2769 Μηδενὶ
743 2736 836 2762 κακὸν

50 2776 115 2804 ἀντὶ
133 2779 230 2806 κακοῦ
247 2779 416 2812 ἀποδίδοτε,
434 2781 480 2807 καὶ
501 2781 551 2807 ὅσα
569 2780 688 2808 τοιαῦτα.
711 2781 786 2816 Ἔχει
807 2781 835 2807 δὲ

720 155 840 184 DIALOG
847 155 890 184 US
908 156 952 184 IV.

1587 157 1655 185 “86

873 214 930 241 Illic
958 214 1028 241 enim
1051 221 1114 241 vere
1130 218 1171 241 est
1191 213 1297 241 mansio
1321 217 1423 241 nostra.
1449 212 1516 241 Nam
1539 223 1657 250 praesens

874 261 939 292 vita,
963 267 1017 286 non
1042 259 1148 286 mansio
1164 264 1267 292 nostra,
1293 259 1339 287 sed
1365 260 1568 288 tabernaculum
1595 270 1657 290 esse

873 306 940 333 mihi
966 305 1083 338 videtur,
1106 305 1179 339 quod
1199 312 1252 332 una
1267 313 1328 332 cum
1342 305 1443 333 firione
1455 306 1534 334 etiam
1550 308 1658 335 destru-

874 352 991 379 ctionem
1007 351 1099 377 habet.

1028 394 1288 424 INTERROGATIO
1306 396 1495 425 CLXXXVIII.

909 441 1088 469 Occasionem
1102 449 1136 469 ex
1154 442 1331 476 responsione
1344 442 1428 474 nacti,
1454 447 1479 470 te
1501 451 1659 478 quaesumus

875 493 903 515 nt
915 488 1000 521 dicas,
1023 495 1107 523 quare
1118 487 1294 515 ecclesiarum
1308 495 1494 522 saepenumero
1507 493 1534 516 et
1553 490 1659 524 piorum

875 535 1017 561 hominum
1035 534 1157 561 videmus
1182 542 1275 561 casum
1297 539 1323 562 et
1341 535 1478 562 interitum
1501 543 1548 570 per
1567 541 1661 563 terra:-

875 584 988 611 motum,
1010 584 1056 606 aut
1081 578 1195 612 fulmen,
1211 584 1258 606 aut
1279 588 1325 613 per
1352 579 1433 607 aliam
1449 580 1660 615 indignationem

877 626 1013 658 accidere,
1032 630 1062 652 ut
1078 626 1283 660 peccatoribus?

1192 670 1343 706 Responsio.

912 717 950 745 Ex
971 718 1060 745 divina
1082 717 1223 754 Scriptura
1250 719 1284 746 de
1307 719 1367 746 istis
1385 719 1532 747 docemur:
1551 727 1613 747 nam
1637 719 1661 747 si

876 763 975 791 divinae
989 771 1058 790 arcae
1076 771 1130 791 non
1146 762 1266 799 pepercit
1280 763 1363 796 Deus,
1389 765 1434 792 sed
1457 765 1543 799 ipsam
1567 765 1663 792 alieni-

877 809 954 843 genis
976 809 1084 836 tradidit
1109 817 1171 836 cum
1194 809 1378 837 sacerdotibus
1403 810 1473 845 ejus,
1497 811 1544 845 qui
1570 811 1663 845 inique

876 859 1002 888 egerant:
1027 859 1055 881 et
1073 854 1208 882 civitatem
1237 860 1356 882 sanctam
1375 854 1580 891 Ilierosolyman
1604 857 1663 883 solo

875 899 1011 934 aequavit;
1027 904 1053 926 et
1071 900 1207 930 cherubos
1235 900 1327 935 gloriae
1348 901 1526 935 propitiatorii
1542 902 1662 933 sustulit,

877 949 904 972 et
920 945 1017 972 stolam
1033 951 1155 973 sanctam
1180 946 1307 981 disrupit,
1329 947 1474 981 divinaque
1488 947 1662 979 charismata,

877 995 904 1017 et
916 991 1083 1025 prophetiam
1102 996 1128 1018 et
1140 991 1359 1026 declarationem,
1373 997 1400 1020 et
1418 993 1506 1027 epliod
1531 997 1559 1020 et
1583 993 1665 1020 ratio-

879 1036 948 1068 nale,
969 1040 994 1064 et
1014 1045 1045 1063 ex
1063 1044 1130 1064 auro
1146 1046 1214 1072 puro
1238 1039 1378 1071 laminam,
1394 1046 1508 1066 arcanos
1521 1039 1663 1066 habentem

879 1083 1060 1115 characteres,
1087 1088 1114 1110 et
1135 1084 1239 1118 reliqua
1261 1085 1347 1111 sancti
1364 1084 1519 1116 ministerii,
1540 1084 1664 1123 gentibus

881 1129 990 1155 tradidit
1017 1131 1043 1155 in
1069 1130 1304 1157 conculcalionem
1328 1136 1354 1158 et
1381 1130 1571 1166 direptionem,
1602 1136 1666 1158 tunc

880 1175 1088 1209 prmi-alentibus
1106 1175 1198 1210 impiis
1210 1183 1258 1204 :ne
1273 1184 1345 1203 nunc
1361 1177 1467 1211 quidem
1486 1177 1543 1216 suis
1559 1177 1666 1212 templis

880 1221 978 1255 parcit,
994 1229 1082 1256 neque
1096 1222 1123 1248 in
1139 1222 1173 1248 iis
1189 1222 1324 1249 contentis
1339 1222 1517 1250 incffahilibns
1532 1227 1559 1250 et
1572 1224 1667 1251 incon-

880 1267 1021 1295 taminalis
1037 1268 1203 1303 Imysteriis:
1232 1268 1355 1295 timorem
1380 1268 1502 1303 injiciens
1527 1268 1668 1296 ollenden-

881 1312 963 1343 tibus,
979 1317 1008 1339 ut
1021 1313 1143 1340 severius
1158 1318 1313 1347 exspectent
1328 1314 1503 1347 supplicium,
1521 1314 1544 1341 si
1563 1314 1589 1340 in
1606 1321 1666 1340 ma-

882 1359 939 1386 litia
964 1358 1206 1393 perseveraverint.
1230 1358 1297 1385 Nam
1325 1357 1410 1385 Ululet
1431 1359 1520 1393 pinus,
1543 1359 1666 1395 quoniam

883 1404 976 1431 cecidit
994 1404 1086 1431 cedrus
1096 1404 1129 1437 “,
1145 1404 1233 1439 inquit
1246 1403 1387 1432 Jeremias.
1403 1404 1458 1432 Iloc
1472 1410 1524 1436 est,
1542 1405 1561 1431 F
1563 1405 1668 1432 ortibus

884 1456 912 1479 et
925 1452 1027 1478 sanctis
1043 1451 1167 1482 sublatis,
1189 1459 1249 1486 qua:
1269 1452 1297 1478 in
1321 1456 1390 1478 terra
1416 1451 1565 1478 infirmiora
1593 1456 1668 1482 sunt,

885 1498 1056 1524 erudiantur.
1072 1497 1150 1530 Quod
1168 1498 1259 1525 itidem
1276 1497 1359 1524 tradit
1373 1498 1446 1524 hisce
1462 1496 1551 1524 verbis
1566 1496 1669 1531 peritus

886 1543 932 1570 ille
954 1551 1043 1569 rerum
1067 1542 1220 1570 divinarum
1247 1542 1366 1575 Solomo,
1391 1542 1485 1577 Impiis
1507 1542 1668 1573 cadentibus,

882 1588 950 1623 justi
973 1588 1058 1614 timidi
1081 1588 1159 1622 ﬁunt.
1174 1587 1231 1615 Non
1247 1588 1318 1615 enim
1333 1595 1470 1615 armorum
1488 1587 1623 1622 cuspides.
1643 1592 1670 1614 et

887 1635 973 1669 galea,
987 1638 1014 1661 et
1027 1635 1123 1661 thorax
1144 1639 1191 1661 aut
1202 1634 1305 1661 tibialia
1327 1641 1449 1661 securam
1466 1633 1606 1668 ﬂagitiosis
1628 1633 1670 1660 vi-

887 1683 941 1706 tam
959 1680 1135 1714 praestabunt.
1150 1680 1346 1715 praadatoribus
1358 1684 1385 1707 et
1397 1679 1518 1714 publicas
1531 1679 1587 1706 vias
1597 1679 1670 1706 obsi-

885 1726 1021 1753 dentibus.
1034 1726 1109 1753 Multi
1119 1726 1190 1752 enim
1202 1730 1281 1761 captu
1293 1725 1412 1752 difﬁciles
1419 1725 1515 1760 putati,
1529 1725 1670 1752 miserabi-

886 1772 947 1799 liter
974 1772 1029 1798 vita
1054 1771 1150 1806 privati
1172 1776 1255 1804 sunt;
1283 1772 1353 1806 apud
1369 1777 1419 1798 nos
1444 1771 1553 1806 quidem
1572 1771 1671 1798 litteris

885 1819 995 1853 proditi.
1010 1817 1116 1845 Orebus
1127 1838 1134 1850 ,
1150 1823 1176 1845 et
1189 1817 1293 1850 Zebus,
1308 1822 1334 1844 et
1348 1817 1452 1845 Zebeas
1463 1837 1470 1849 ,
1486 1822 1512 1844 et
1524 1817 1650 1845 Salmana
1661 1835 1669 1847 .

885 1869 912 1890 et
926 1863 1125 1896 Abimelechus,
1145 1867 1173 1890 et
1191 1862 1343 1895 Goliathus,
1364 1868 1391 1889 et
1408 1862 1548 1894 Absalom,
1567 1865 1595 1888 et
1608 1861 1670 1895 qui-

886 1917 993 1944 cunque
1015 1909 1118 1936 similes
1140 1908 1193 1935 illis
1212 1907 1308 1942 fuere;
1335 1908 1407 1943 apud
1432 1912 1540 1934 exteros
1566 1912 1668 1938 autem,

886 1955 1024 1988 Hectorea,
1038 1959 1064 1982 et
1077 1955 1182 1990 Ajaces.
1197 1960 1224 1982 et
1237 1955 1288 1990 ipsi
1302 1955 1349 1990 qui
1362 1959 1470 1989 propter
1483 1954 1669 1981 fortitudinem

886 2002 970 2029 inflati
993 2006 1072 2041 erant
1086 2001 1296 2034 Lacedremonii,
1314 2002 1444 2037 quoniam
1464 2009 1518 2028 non
1536 2001 1670 2029 habebant

885 2056 947 2075 cum
971 2049 1069 2075 robore
1093 2049 1265 2082 coniunctam
1282 2048 1428 2083 justitiam.
1457 2048 1551 2082 ltaquc
1577 2046 1668 2082 prius-

886 2101 967 2128 quam
986 2101 1035 2120 nos
1053 2092 1123 2120 Deus
1141 2093 1267 2120 hostibus
1284 2093 1382 2124 tradat,
1400 2097 1447 2119 aut
1467 2092 1594 2119 ecclesias
1608 2099 1672 2119 con-

885 2139 982 2171 cutiat,
1004 2147 1065 2166 cum
1095 2138 1273 2172 peccantibus
1290 2144 1399 2172 propter
1415 2145 1491 2165 suam
1509 2137 1669 2171 iniustitiam

885 2189 1032 2217 certemus,
1055 2189 1081 2211 et
1107 2184 1234 2218 populum
1258 2191 1306 2218 pro
1327 2189 1448 2218 peccato,
1474 2183 1544 2210 vallo
1563 2183 1669 2218 pietatis

886 2239 1034 2259 armemus.

1059 2275 1316 2303 INTERROGATIO
1335 2275 1500 2303 CLXXXIX.

920 2322 990 2356 Quid
1006 2322 1057 2349 sibi
1070 2323 1127 2349 vult
1144 2321 1276 2348 Dominus
1291 2322 1395 2354 dicens,
1409 2326 1438 2348 ut
1455 2318 1668 2349 benevolentiam

880 2368 1032 2399 habeamus
1048 2376 1109 2395 cum
1133 2368 1288 2395 adversario
1302 2370 1366 2394 dum
1383 2375 1478 2394 sumus
1495 2375 1521 2394 in
1545 2367 1586 2393 via
1607 2375 1669 2394 cum

885 2415 945 2450 ipso
961 2414 983 2430 "
995 2415 1006 2440 Ἰ
1018 2413 1076 2441 Non:
1093 2414 1164 2441 enim
1185 2420 1294 2448 semper
1310 2413 1450 2440 nobiscum
1474 2412 1524 2440 iter
1540 2411 1671 2440 facientes

886 2460 1028 2487 habemus.

1201 2503 1353 2540 Responsio.

924 2551 999 2578 Bona
1016 2550 1127 2586 quidem
1141 2555 1168 2578 et
1181 2540 1295 2585 simplex
1314 2555 1341 2577 et
1354 2554 1478 2584 prompta
1495 2554 1536 2575 est
1551 2549 1670 2575 benem»

888 2597 981 2629 lentia.
1005 2604 1038 2624 ne
1063 2600 1232 2629 succenseat,
1259 2604 1293 2623 ne
1308 2595 1417 2623 festinet
1430 2595 1463 2622 ad
1486 2594 1670 2622 ulciscendum

888 2651 950 2670 eum
970 2642 1016 2678 qui
1034 2643 1113 2670 laesit.
1127 2642 1218 2678 lnquit
1238 2643 1310 2670 enim
1333 2642 1402 2676 ipse.
1420 2640 1528 2676 Diligite
1551 2640 1671 2676 inimicgs

889 2694 995 2720 vestros,
1015 2689 1158 2724 benefacite
1175 2689 1208 2716 iis
1225 2688 1270 2724 qui
1285 2696 1329 2715 vos
1349 2687 1410 2714 odio
1424 2690 1626 2722 prosequuntur,
1647 2691 1672 2713 et

888 2740 961 2761 orate
986 2743 1033 2769 pro
1057 2734 1238 2761 detloventibu:
1255 2741 1298 2761 vos
1307 2734 1352 2766 ";
1377 2738 1414 2764 et.
1435 2731 1544 2759 Nemini
1571 2730 1674 2758 malum

888 2790 935 2815 pro
955 2782 1025 2807 malo
1047 2781 1191 2812 reddite“,
1207 2785 1233 2807 et
1246 2777 1416 2814 quzecunque
1431 2782 1495 2806 sunt
1507 2776 1672 2813 huiusmodi.

83 2855 106 2871 “
124 2854 211 2883 Zach.
233 2864 271 2888 ll,
284 2856 311 2884 2.
351 2857 373 2873 δ’
388 2856 482 2884 Matth.
499 2865 525 2889 v,
539 2857 585 2884 25.
624 2857 646 2872 '°
660 2856 730 2884 ibid.
745 2856 790 2883 II.
828 2867 830 2871 τ

884 2857 946 2883 lom.
967 2864 1015 2886 xu,
1033 2855 1074 2882 I7.

83 2923 141 2959 (I3)
157 2923 256 2958 φησιν
277 2923 423 2958 Ἱερεμίας.
447 2922 506 2951 Non
526 2922 665 2957 Jcrcmiae,
683 2924 731 2951 sed
744 2922 830 2965 Zacba

899 2931 934 2957 xi,
950 2922 978 2956 Ξ,
995 2923 1070 2951 locus
1083 2926 1172 2950 exstat
1189 2922 1223 2950 ab
1238 2926 1349 2951 auctore
1364 2922 1472 2968 citatus.
