1910 3038
64 133 135 161 ΗΕΘ

61 192 78 219 6
95 196 122 218 ’.ὶ
131 193 268 228 πόστολος.
283 197 312 224 '0
325 198 378 233 γὰρ
393 199 454 230 (me
468 200 519 226 ὑπὸ
530 199 625 235 βροτοῦ
646 202 759 238 δυνάμει
771 212 855 231 κατα-

62 238 180 271 ληφθεὶς
188 239 249 266 ὅλον
271 242 320 276 μὲν
332 243 372 277 τῷ
387 244 494 271 παίοντι
511 245 543 272 τὸ
558 246 637 281 σῶμα
653 249 792 284 προΐεται·
808 250 857 285 τὴν

59 282 90 309 δὲ
110 285 235 320 κεφαλὴν
248 286 369 322 ἄτρωτον
384 292 515 326 φρουρεῖν
535 282 699 327 μηχανᾶται.
717 282 856 322 Κατευνα-

61 328 182 364 ζόμενος
203 332 231 358 δὲ
255 333 302 360 καὶ
326 334 481 367 καθεύδων,
496 338 630 372 τροχίζων
643 341 748 373 ἑαυτὸν,
769 342 856 378 μέσην

59 376 125 402 ὅλου
141 377 190 404 τοῦ
216 378 341 413 σώματος
362 382 484 418 κεφαλὴν
497 384 687 419 ἁσφαλὶζεται,
705 388 787 415 οἱονεὶ
801 376 856 415 τει-

59 421 116 457 χίῳ
132 422 175 457 τῷ
195 424 356 461 ἐφεπομένῳ
378 427 449 463 ὁλκῷ
472 431 646 466 περιοχυρῶν
661 433 749 468 αὑτήν
766 441 773 448 ·
788 433 856 461 ἀλλὰ

59 468 110 494 καὶ
123 469 216 503 σοφῶς
229 471 278 506 τὴν
286 472 438 501 παλαίωσιν
452 476 609 510 ἀποδύεται,
619 479 648 504 ὲν
661 481 786 516 στενωπῇ
801 490 855 507 τινι

59 514 243 560 παρεισδύσει
260 516 480 553 θλιϐόμενος-,καὶ
496 522 526 548 τὸ
543 523 631 558 γῆρας
644 514 852 560 ἀωτιθέαενος.

58 558 196 586 Γιούλεται
218 561 307 588 τοίνυν
322 564 369 590 καὶ
384 565 457 599 ἡμᾶς
474 566 518 593 διὰ
533 568 582 601 τῆς
595 571 690 604 στενῆς
700 571 746 597 καὶ
759 558 854 598 ἐπιπό-

57 612 108 630 νου
122 605 186 631 ὁδοῦ
201 606 444 644 διεκολιϐομένους,
458 612 504 638 τὸν
517 613 630 640 παλαιὸν
640 615 783 650 ἄνθρωπον
797 618 853 644 ἀπ-

58 650 224 683 εκδύεσθαι,
241 653 287 679 καὶ
311 655 357 681 τὸν
376 656 435 683 νέον
447 659 696 693 ἀνταμφιέννυσθαι
721 662 767 689 τὸν
792 664 852 690 κατ’

57 697 155 723 εἰκόνα
170 698 252 725 αὐτοῦ
278 700 514 737 ἀνακαινούμενον.
540 705 612 740 Πρὸς
633 705 660 732 δὲ
682 707 788 739 τούτοις
805 709 852 735 καὶ

57 742 110 776 τὴν
127 742 235 770 ἐκείνου
251 747 417 782 πανουργίαν
432 749 478 776 ἐπὶ
492 749 522 776 τὸ
543 752 666 785 κρεῖττον
687 754 829 788 μιμεῖσθαι
843 763 850 770 ⁸

59 787 108 813 καὶ
124 787 164 819 ὡς
187 790 292 822 ἐκεῖνος
311 792 487 826 θωπευτικῶς
510 796 584 830 ἡμᾶς
611 798 651 828 εἰς
678 798 783 825 ὕλισθον
804 801 851 827 καὶ

58 833 220 882 παράϐασιν
237 837 408 872 ἐπηγάγετο·
426 839 513 873 οὕτως
527 842 573 868 καὶ
593 844 668 878 ἡμᾶς
686 845 849 882 πανούργως

56 879 117 909 τοῖς
137 879 222 911 πέλας
241 884 462 918 προερχομένοις,
477 886 652 923 ὑποσπείρειν
673 890 706 916 τὰ
798 879 848 918 Ἲπί-

58 930 159 955 στεως,
174 926 221 952 καὶ
237 928 419 963 ἐπαναγαγεῖν
442 932 532 964 πάλιν,
548 935 595 960 καὶ
619 936 764 963 συνάπτειν
776 937 845 974 Θεῷ.

57 969 95 996 Τὸ
115 969 163 997 οὖν
173 971 253 1007 σῶμα
268 976 323 1006 τοῖς
339 975 383 1002 διά
406 977 523 1012 Χριστὸν
538 980 674 1012 αἰκίζουσι
689 983 847 1018 προϊέμενοι

57 1018 281 1051 καταξαίνεσθαι,
301 1021 350 1057 τὴν
367 1024 487 1060 κεφαλὴν
512 1025 630 1062 ἄτρωτον
652 1030 733 1055 παντὶ
759 1030 848 1058 σθένει

57 1063 238 1112 φυλαξιομεν·
251 1067 312 1101 ἥτις
326 1069 399 1095 ἐστὶν
412 1071 427 1104 ἡ
448 1071 488 1102 εὶς
509 1073 625 1107 Χριστὸν
646 1075 734 1107 πίστις
751 1077 845 1112 ἡμῶν

57 1108 121 1142 μηδ’
138 1107 172 1135 αὖ
200 1110 280 1137 πάλιν
304 1113 351 1139 τοῦ
368 1113 461 1141 Θιάσου
483 1117 677 1151 εὐσταθοῦντος
699 1121 745 1147 καὶ¹
771 1123 848 1157 εἰρη-

55 1155 191 1187 νεύοντος,
203 1157 383 1194 ἀμελήσωμεν
399 1161 448 1196 τῆς
465 1162 518 1189 τῶν
533 1164 639 1198 ἀρετῶν
659 1168 784 1194 συντόνου
800 1169 844 1203 ἑρ-

54 1201 174 1233 γασίας·
191 1203 326 1238 τρίϐωνα.
343 1207 389 1233 καὶ
405 1207 520 1244 ὑπήνην,
540 1211 586 1238 καὶ
613 1212 728 1249 βάκτρον
751 1215 846 1250 ἀρκεῖν

55 1248 125 1282 ἡμῖν
140 1248 209 1283 πρὸς
223 1249 347 1282 ὲξάνυσιν
366 1252 416 1287 τῆς
432 1254 581 1291 ἀγγελικῆς
606 1258 742 1291 πολιτείας
755 1248 845 1296 οίόμε·

54 1301 108 1323 νοι,
117 1295 175 1325 τοῖς
191 1295 316 1329 ὀργάνοις
328 1298 377 1332 τῆς
388 1298 581 1338 διδασκαλικῆς
594 1303 729 1336 πολιτείας
742 1295 845 1341 ὲναιξια-

56 1339 216 1386 ρελλόμινοι·
232 1342 282 1377 τὴν
297 1342 325 1369 δὲ
347 1344 436 1380 πάλην
451 1346 498 1372 καὶ
517 1347 606 1383 μάχην
620 1339 799 1384 ὲκκλίνοντεςξ
815 1353 844 1386 ἐξ

54 1383 89 1420 ἦς
113 1387 130 1421 ή
157 1387 218 1433 νίκη
240 1388 279 1424 τῷ
304 1389 416 1426 ὑπηκόῳ
438 1394 632 1429 προσγίνεται,
655 1383 844 1433 προσθωρώιιζ

55 1432 147 1458 σθέντι
157 1432 196 1468 τῷ
208 1433 280 1469 λόγῳ
294 1437 343 1471 τῆς
358 1437 486 1470 πίστεως.

344 1493 466 1520 ΠΕΥΣΙΣ
480 1496 560 1529 pur.

90 1546 190 1578 Καλῶς
207 1547 242 1574 τὰ
263 1550 325 1584 περὶ
340 1550 386 1576 τοῧ
403 1551 490 1586 ὅφεως
507 1554 572 1588 ἡμῖν
587 1555 766 1588 διεξελθόντος
779 1566 838 1589 σου,

53 1590 172 1625 δεόμεθα
186 1593 232 1619 καὶ
251 1594 285 1620 τὰ
298 1596 362 1630 περὶ
383 1597 430 1631 τῆς
445 1600 610 1633 περιστερᾶς
622 1600 747 1633 ἀκοῦσαι,
759 1602 802 1629 διὰ
813 1603 839 1629 τί

55 1637 142 1671 αὐτὴν
151 1637 189 1672 τῷ
201 1638 261 1672 ὄφει
274 1640 428 1675 συνέταξεν,
441 1642 573 1679 ἀκεραίαν
584 1646 631 1672 καὶ
642 1646 744 1674 ἄκακον
754 1648 840 1684 αὐτὴν

53 1682 188 1718 ὑπάρχειν
200 1684 286 1719 δηλῶν
297 1695 304 1718 ;

359 1743 386 1769 Ἀ
391 1743 539 1777 πὸκρισις.

95 1791 173 1817 Ἐπεὶ
199 1793 328 1828 φρόνιμος
352 1795 401 1830 μὲν
428 1797 550 1832 ὑπῆρχεν
565 1799 580 1824 ό
593 1798 665 1832 ὄφις,
684 1800 735 1827 οὐκ
754 1802 794 1833 εἰς
808 1803 838 1829 τὸ

51 1836 156 1868 ἀγαθὸν
172 1836 212 1868 δὲ,
230 1839 357 1866 συνάπτει
375 1841 389 1866 ὁ
408 1841 509 1877 Κύριος
529 1843 560 1878 τῇ
579 1845 707 1880 φρονήσει
722 1846 753 1872 τὸ
767 1847 836 1873 ἄκα-

52 1889 101 1907 κον
113 1882 162 1907 καὶ
172 1882 303 1918 ἀκέραιον
313 1885 362 1919 τῆς
377 1888 540 1922 περιστερᾶς
549 1897 555 1903 ·
567 1888 654 1921 οὕτως
671 1891 720 1926 τὴν
734 1900 838 1928 σωφρο-

51 1928 137 1963 σύνην
163 1930 324 1964 παριστῶν,
351 1934 459 1967 φρονεῖν
490 1934 556 1968 μὲν,
575 1937 711 1970 ἀκεραίως
737 1938 765 1965 δὲ
791 1941 836 1966 καὶ

50 1974 174 2006 ἀκάκως,
194 1975 230 2010 μὴ
249 1977 422 2012 ὲρπυστικῶς
442 1980 489 2006 καὶ
504 1981 682 2017 χαμαιζήλως
701 1984 772 2011 κατὰ
791 1985 836 2012 τὸν

50 2020 125 2053 aqua,
141 2021 198 2047 ἀλλ’
222 2022 363 2057 οὐρανίους
387 2025 454 2059 πρὸς
476 2026 541 2053 Θεὸν
565 2027 772 2064 ἀνιπταμένους.
789 2031 835 2057 Fl-

51 2067 129 2092 νετοε
155 2067 300 2103 φρόνιμοι,
323 2070 405 2104 φησὶν
425 2071 439 2096 ὀ
462 2071 578 2108 Κύριος,
593 2073 631 2105 ὠς
651 2076 664 2101 ὁ
686 2074 747 2109 ὄφις
773 2077 835 2104 καθ’

49 2112 137 2146 ὑμῶν,
148 2113 195 2139 καὶ
211 2114 288 2148 ὑμεῖς
304 2116 363 2142 κατ’
382 2116 463 2143 αὐτοῦ
483 2119 655 2153 σοφιζόμενοι
666 2129 672 2136 ·
684 2121 722 2153 ὡς
732 2123 835 2155 ἐκεῖνος

48 2159 122 2193 ὑμᾶς
139 2159 188 2190 τῆς
211 2161 347 2196 μακαρίας
360 2162 440 2197 ζωῆς,
459 2164 505 2190 καὶ
518 2165 595 2199 ὑμεῖς
613 2166 693 2193 αὑτὸν
704 2167 752 2202 τῆς
769 2169 833 2195 ἐαυ-

47 2205 102 2232 τῶν
116 2204 254 2241 διαγωγῆς
275 2206 413 2242 ὲξορίσατε
431 2216 438 2224 ·
457 2210 504 2236 καὶ
522 2211 646 2246 ἀκέραιοι
672 2213 717 2239 καὶ
735 2213 832 2241 ἄκακοι

47 2250 115 2285 πρὸς
132 2252 196 2283 τοὺς
219 2252 301 2284 πέλας
327 2254 364 2283 ὡς
388 2256 404 2290 ἡ
427 2256 591 2292 περιστερὰ,
613 2258 706 2293 μηδενὶ
728 2259 832 2294 βροτῶν

47 2298 141 2329 κακῶς
153 2299 461 2335 ἀνταμεισόμενοι.Φασ“ι
474 2302 528 2337 γὰρ
541 2303 610 2339 ὑπὲρ
622 2305 710 2331 πᾶσαν
724 2305 829 2340 ὄρνιθα,

47 2342 93 2368 καὶ
111 2342 144 2368 τὰ
157 2342 237 2369 λοιπὰ
250 2344 370 2379 ἁερόόια,
383 2346 485 2373 ἄκακον
500 2348 549 2383 τὴν
564 2350 727 2385 περιστερὰν
743 2351 832 2388 ὑπάρ-

46 2396 114 2421 χειν,
137 2389 184 2414 καὶ
200 2389 266 2424 μηδὲ
289 2390 374 2426 αὐτὴν
388 2391 458 2426 ἔχειν
481 2393 511 2419 τὸ
533 2394 684 2429 χολιοδόκον
703 2396 827 2432 ὄργανον.

51 2432 169 2469 Ἑτέρως
185 2443 224 2465 τε,
241 2436 339 2471 ἀρετῆς
362 2438 409 2463 καὶ
425 2438 522 2470 κακίας
536 2440 565 2466 ἐν
588 2441 643 2472 τοῖς
663 2441 709 2468 δύο
724 2442 829 2475 τούτοις

45 2479 125 2511 ζώοις
145 2480 194 2512 τὰς
219 2481 304 2516 ἀρχὰς
327 2482 506 2518 εὑρίσκομεν,
524 2485 690 2521 κατάλληλον
712 2488 830 2524 ἑκάστης

45 2525 186 2561 ἁγαμένης
199 2526 313 2562 ὄργανον
329 2537 337 2544 ⁸
354 2529 404 2564 τὴν
427 2530 477 2564 μὲν
491 2531 589 2558 κακίαν
606 2532 643 2564 ὡς
655 2533 768 2569 βαρεῖαν
782 2535 830 2562 καὶ

44 2571 223 2606 χαμαίζηλον.
242 2574 289 2600 καὶ
311 2574 478 2610 ἑρπυστικὴν
499 2577 528 2602 ὲν
551 2577 589 2612 τῷ
608 2578 693 2614 ὁμοίῳ
715 2581 829 2616 γενομέ-

45 2625 93 2650 νην
107 2625 114 2631 ·
129 2617 178 2652 τὴν
200 2617 228 2644 δὲ
244 2618 343 2654 ἀρετὴν
366 2619 404 2652 ὡς
421 2620 496 2648 θείαν
511 2623 558 2648 καὶ
574 2624 734 2657 ἐπουράνιον
749 2626 778 2652 ὲν
789 2625 828 2661 τῷ

45 2663 219 2699 οὐρανοπόρῳ
237 2665 345 2700 πετηνῷ
360 2666 549 2700 ἀναφανεῖσαν,
562 2669 592 2695 τὸ
610 2670 752 2705 φιλεύνουν
778 2672 826 2699 τοῦ

45 2709 112 2735 θεοῦ
136 2710 387 2746 ἁνακηρύττουσαν.
402 2713 486 2747 Δῆλον
505 2714 553 2750 (ἀρ
576 2715 617 2741 ὅτι
636 2715 681 2742 διὰ
692 2716 738 2743 τοῦ
755 2717 828 2744 Θείου

46 2754 200 2789 Πνεύματος
213 2757 240 2782 αἱ
255 2757 351 2792 ἀρεταὶ
378 2757 482 2793 βροτοῖς
496 2760 677 2795 ὲνεργοῦνται.
698 2763 783 2790 Τοῦτο
799 2764 827 2790 δὲ

45 2801 125 2826 πάλιν
148 2801 197 2836 μὲν
218 2802 247 2827 ὲν
272 2802 357 2838 τῇιὲκ
371 2802 535 2841 τῆςῖθεῖκῆς
554 2806 606 2833 ὑπὸ
626 2808 673 2833 τοῦ
695 2809 756 2836 Νῶε
782 2810 827 2843 ἐξ·

81 2878 103 2894 ³⁸
119 2878 217 2914 Ephes.
238 2888 274 2913 Iv,
293 2880 345 2914 15;
361 2889 386 2914 v,
403 2881 448 2911 25.
487 2884 510 2900 ”
532 2884 637 2913 Coloss.
657 2893 697 2918 tu,
715 2887 740 2913 9.

736 143 909 175 DlALOC-US
929 145 973 174 IV.

1625 153 1694 182 “70

908 206 951 234 lus
966 206 999 234 ".
1018 206 1135 241 Serpens
1164 207 1237 235 enim
1251 208 1399 237 difﬁculter
1420 210 1632 246 comprehensus
1652 215 1693 239 to-

907 257 964 279 tum
973 253 1082 287 quidem
1093 254 1253 288 percutienti
1270 262 1370 290 corpus
1379 255 1502 288 exhibet,
1512 261 1592 291 caput
1600 261 1691 285 autem

907 299 1021 326 illaesum
1035 299 1173 327 custodire
1188 305 1312 328 conatur.
1335 301 1367 328 Et
1385 302 1471 336 quieti
1485 309 1514 328 se
1529 302 1638 330 tradens
1664 307 1692 330 et

906 345 1047 372 dormiens
1063 365 1070 377 ,
1101 345 1279 380 semetipsum
1304 351 1406 378 rotans,
1422 347 1539 374 medium
1565 348 1635 375 intra
1650 352 1691 375 to-

906 395 962 417 tum
977 398 1075 426 corpus
1100 396 1181 426 eaput
1195 393 1358 423 communit.
1375 393 1457 420 veluti
1482 401 1562 420 muro
1588 401 1687 421 conse-

905 436 998 470 quenti
1012 440 1100 463 tractu
1126 436 1339 464 circumvallatis
1360 437 1461 472 ipsum.
1488 437 1540 465 Sed
1558 442 1586 465 et
1609 443 1688 466 vctu-

906 485 1003 508 statem
1017 481 1155 515 sapienter
1170 481 1256 512 exuit,
1279 489 1312 508 ac
1340 481 1367 508 in
1394 487 1511 517 angusto
1533 483 1626 518 aliquo
1646 485 1689 512 in-

905 533 1000 560 gressu
1013 534 1199 561 compressus.
1226 527 1331 554 senium
1356 527 1480 562 deponit.
1493 527 1556 555 Vult
1569 529 1652 564 igitur
1661 535 1688 558 et

905 577 955 597 nos
973 578 1020 605 per
1033 576 1178 605 angustam
1192 575 1219 598 et
1237 572 1406 600 laboriosam
1422 574 1493 601 viam
1516 582 1628 608 pressos
1643 583 1688 602 ve-

904 616 954 642 teri
973 616 1082 643 homine
1098 617 1171 649 esui,
1190 622 1216 643 et
1248 625 1318 644 novo
1334 619 1439 651 vestiri,
1469 619 1515 654 qui
1535 619 1571 647 sit
1587 628 1688 647 secun-

903 660 967 687 dum
989 660 1076 695 ipsius
1088 661 1233 696 imaginem
1253 667 1400 690 renovatus
1412 663 1447 690 “.
1463 663 1504 691 Ad
1517 664 1584 695 haec.
1603 665 1685 698 etiam

903 706 976 734 illius
999 708 1147 734 versutiam
1170 708 1196 734 in
1231 709 1336 736 meliori
1355 709 1472 743 imitari;
1504 715 1532 738 et
1557 712 1689 746 quemad-

902 752 1012 779 modum
1029 752 1074 779 ille
1088 752 1287 781 adulando-nos
1316 754 1343 781 in
1357 754 1465 789 lapsum
1481 760 1508 782 et
1529 759 1685 791 transgres-

902 798 1007 825 sionem
1033 800 1156 826 seduxit:
1182 799 1217 826 ita
1232 804 1258 826 et
1276 808 1324 827 nos
1348 805 1438 828 astute
1461 801 1594 835 proximis
1608 809 1688 829 arre-

901 843 1029 871 dentibus
1039 852 1287 880 suggeramnsqme
1302 850 1366 872 sunt
1378 846 1448 878 ﬁdei,
1468 847 1685 882 reducamusqu

901 896 997 916 rursus
1016 895 1043 916 et
1057 889 1260 924 eonjungamus
1278 890 1342 918 Deo.
1357 890 1455 918 Totum
1473 892 1563 926 itaque
1585 901 1690 926 corpus

901 934 934 960 iis
945 934 991 968 qui
1018 940 1127 969 propter
1148 936 1287 964 Christum
1306 937 1452 971 ﬂagellant,
1477 938 1510 964 ad
1534 938 1684 966 dilaceran-

900 979 964 1005 dum
980 979 1150 1011 exhibentes,
1167 986 1249 1015 caput
1271 981 1384 1008 illaesum
1410 982 1484 1008 omni
1507 982 1605 1009 robore
1627 991 1684 1010 ser-

898 1031 1004 1056 vemus,
1018 1026 1089 1060 quod
1103 1031 1144 1053 est
1161 1026 1229 1054 ﬁdes
1252 1031 1348 1054 nostra
1373 1027 1399 1053 in
1425 1027 1577 1055 Christum.
1591 1027 1684 1064 Neque

899 1069 961 1096 item
983 1075 1056 1097 emtu
1073 1079 1153 1098 saero
1172 1071 1239 1099 bene
1257 1072 1372 1099 habente
1385 1076 1412 1098 et
1427 1073 1569 1108 tranquille
1589 1079 1683 1108 agente

897 1114 971 1141 illam
985 1116 1154 1151 negligamus
1179 1117 1310 1144 virtutum
1335 1118 1466 1145 intentam
1486 1120 1681 1153 operationem,

897 1162 1008 1196 pallium
1024 1166 1051 1189 et
1067 1163 1180 1190 barbam
1204 1168 1232 1190 et
1261 1165 1389 1192 baculum
1407 1165 1530 1193 suﬁicere
1551 1166 1628 1194 nobis
1648 1168 1681 1194 ad

893 1208 1090 1242 perfectionem
1115 1210 1243 1244 angelica
1266 1212 1486 1239 conversationis
1504 1213 1681 1247 arbitrantes.

895 1253 1084 1282 instrumentis
1098 1255 1158 1282 vitae
1173 1263 1223 1283 nos
1244 1257 1412 1285 instituentis
1424 1258 1567 1289 instantes,
1581 1259 1679 1286 luctam

896 1303 986 1326 autem
1008 1305 1035 1327 et
1059 1309 1177 1336 pugnant
1197 1302 1366 1334 deserentes,
1376 1311 1407 1330 ex
1432 1311 1486 1338 qua
1502 1305 1626 1338 provenit
1640 1306 1680 1332 vi-

894 1344 980 1370 ctoria
990 1345 1014 1371 ei
1030 1345 1076 1380 qui
1090 1346 1260 1382 obsequitur,
1288 1347 1335 1383 qui
1359 1353 1481 1375 armatus
1499 1353 1541 1375 est
1557 1349 1679 1382 thorace,

894 1395 1020 1416 sermone
1033 1390 1104 1418 ﬁdei.

1098 1509 1356 1539 INTERROGATIO
1379 1512 1481 1541 CXCII.

927 1564 1074 1601 Postquam
1091 1567 1167 1595 nobis
1183 1568 1261 1602 bene,
1293 1577 1354 1604 quae
1380 1575 1533 1604 serpentem
1562 1577 1675 1599 concer-

893 1616 973 1643 nunt,
996 1613 1169 1646 reeensuisti,
1190 1614 1317 1648 cupimus
1331 1620 1359 1642 et
1375 1615 1409 1643 de
1423 1616 1548 1643 columba
1562 1617 1672 1650 audire,

891 1664 940 1683 cur
959 1657 1046 1691 ipsam
1060 1659 1178 1692 serpenti
1192 1659 1376 1695 conjunxerit,
1394 1661 1544 1696 simplicem
1566 1667 1593 1690 et
1607 1663 1673 1691 abs-

889 1710 942 1737 que
961 1703 1064 1730 malitia
1078 1704 1162 1738 ipsam
1178 1712 1238 1732 es'sc
1254 1706 1413 1741 signiﬁcans
1427 1707 1437 1733 ?

1207 1760 1360 1799 ReSponsio.

924 1810 1147 1848 Quandoquidem
1169 1814 1288 1848 prudens
1316 1815 1425 1850 quidem
1438 1816 1489 1844 fuit
1505 1825 1628 1853 serpens,
1644 1823 1672 1846 at

888 1866 943 1885 non
958 1858 985 1885 in
1010 1859 1125 1891 bonum,
1138 1861 1281 1895 conjungit
1307 1862 1440 1890 Dominus
1465 1864 1614 1898 prudentiae
1629 1865 1670 1892 in-

888 1903 1041 1931 noeentiam
1062 1909 1088 1932 et
1103 1905 1304 1940 simplicitatem
1324 1908 1477 1942 columbae;
1495 1909 1535 1937 sic
1549 1910 1669 1945 pruden-

887 1949 951 1976 tiam
970 1952 1176 1985 commendans,
1189 1957 1219 1979 ut
1233 1953 1380 1987 prudentes
1397 1955 1505 1990 quidem
1515 1956 1612 1990 simus,
1622 1959 1669 1984 sed

886 1995 1047 2030 simpliciter
1073 2002 1100 2024 et
1110 1997 1280 2032 innocenter,
1306 2007 1360 2027 non
1378 2002 1512 2036 serpendo
1535 2007 1561 2029 et
1589 2003 1665 2030 humi

886 2043 1016 2077 reptando
1028 2044 1114 2071 instar
1124 2046 1269 2080 serpentis,
1281 2047 1327 2074 sed
1338 2047 1364 2073 in
1374 2047 1532 2075 cwlestibus
1540 2048 1572 2074 ad
1584 2048 1667 2076 Deum

886 2087 1072 2115 subvolantes.
1092 2085 1183 2114 Estole
1194 2089 1347 2122 prudentes,
1362 2092 1450 2127 inquit
1475 2092 1618 2124 Dominus,
1637 2100 1667 2122 ut

885 2139 997 2167 serpens
1016 2133 1148 2161 adversus
1175 2142 1234 2166 vos,
1252 2136 1287 2162 ita
1304 2141 1330 2163 et
1356 2145 1405 2164 vos
1427 2137 1558 2166 adversus
1578 2140 1666 2174 ipsum

885 2178 1033 2212 prudenter
1044 2179 1124 2214 agite.
1140 2179 1218 2208 Sicut
1232 2181 1277 2209 ille
1287 2190 1333 2209 vos
1344 2189 1358 2209 e
1370 2183 1448 2210 beata
1457 2183 1523 2216 vita,
1534 2185 1570 2212 ita
1585 2189 1611 2212 et
1620 2194 1666 2213 vos

887 2223 975 2258 ipsum
990 2231 1006 2251 e
1021 2229 1114 2252 vestro
1122 2227 1263 2254 consortio
1272 2227 1379 2261 eiicite:
1395 2233 1422 2256 et
1434 2229 1571 2264 simplices
1586 2235 1613 2258 et
1625 2231 1665 2257 in-

887 2274 1018 2297 nocentes
1033 2277 1097 2305 erga
1114 2272 1255 2306 proximos
1271 2273 1343 2300 sicut
1359 2274 1497 2306 columba,
1509 2276 1578 2303 nulli
1592 2284 1665 2303 mor-

884 2313 978 2341 talium
993 2315 1174 2344 retribuentes
1187 2317 1270 2344 mala.
1287 2317 1413 2345 Tradunt
1433 2320 1507 2346 enim
1521 2327 1576 2354 prae
1596 2328 1664 2348 cun-

883 2360 936 2387 ctis
952 2360 1048 2387 avibus
1060 2362 1221 2396 caeterisque
1235 2362 1398 2398 degentibus
1411 2364 1437 2391 in
1451 2372 1514 2392 aere
1529 2365 1645 2392 innocen

883 2409 936 2432 tem
948 2405 1102 2433 columbam
1112 2414 1181 2438 esse.
1196 2415 1283 2442 neque
1298 2407 1447 2436 felliculnm
1462 2409 1573 2441 habere,
1587 2411 1660 2444 quod

882 2455 925 2478 est
933 2451 994 2479 bilis
1006 2459 1148 2487 organum.
1173 2452 1308 2481 Praeterea
1325 2455 1436 2482 virtutis
1458 2460 1485 2482 et
1512 2456 1621 2483 malitia:
1635 2456 1662 2483 in

882 2495 990 2524 duobus
1006 2497 1173 2524 animalibus
1185 2498 1245 2525 istis
1257 2498 1391 2533 principia
1413 2499 1579 2530 invenimus,
1598 2507 1660 2526 cum

880 2542 1047 2569 conveniens
1059 2543 1166 2578 singula
1176 2543 1387 2571 instrumentum
1401 2544 1660 2572 habeantMalitiam

879 2587 988 2622 quidem
1004 2589 1077 2616 velut
1100 2597 1211 2624 gravem
1242 2595 1268 2617 et
1287 2590 1362 2617 humi
1382 2595 1533 2625 reptantem
1550 2598 1660 2625 serpen-

879 2636 988 2667 temque
1012 2633 1039 2660 in
1051 2634 1133 2661 simili
1145 2642 1222 2668 esse;
1243 2635 1371 2662 virtutem
1386 2641 1476 2663 autem
1499 2635 1574 2663 velut
1589 2636 1660 2662 divi-

879 2685 941 2705 nam
954 2683 1035 2713 atque
1048 2680 1186 2708 caelestem
1202 2681 1228 2708 in
1244 2689 1294 2709 ave
1318 2681 1416 2709 caelum
1437 2685 1594 2716 permeante
1611 2689 1659 2716 ap-

878 2728 1027 2758 parentem,
1059 2724 1104 2758 Dei
1131 2725 1158 2752 in
1182 2725 1331 2753 humanum
1353 2733 1439 2761 genus
1463 2726 1656 2761 benignitatem

876 2768 1078 2802 praedicantem.
1094 2769 1206 2797 Constat
1216 2771 1300 2804 enim,
1312 2769 1386 2805 quod
1401 2778 1449 2805 per
1462 2770 1584 2797 divinum
1594 2769 1658 2804 Spi-

877 2813 958 2841 ritum
972 2814 1085 2842 virtutes
1107 2815 1134 2843 in
1147 2816 1307 2844 mortalibus
1322 2815 1446 2844 efﬁcaces
1462 2820 1535 2844 sunt.
1549 2814 1578 2843 Id
1595 2815 1657 2851 qui-
