1910 3038
231 138 298 168 ΙΠῑ

231 193 291 222 dem
304 193 367 221 olim
383 193 409 220 in
429 200 460 221 ea
476 200 537 228 quae
551 200 583 220 es
599 200 661 220 arca
681 192 772 220 divina
798 201 813 220 a
839 192 895 220 Nna
910 193 1014 220 emissa

232 241 357 268 columba
374 240 486 271 factum,
501 247 561 275 quae
574 240 607 267 ad
629 239 752 267 divinum
770 240 846 267 illum
869 240 956 267 virum
972 248 1015 267 re-

200 315 204 317 ,
232 294 312 313 versa
327 292 378 317 est.
394 293 499 313 ramum
517 286 595 313 olivae
612 293 673 313 cum
690 285 764 313 foliis
789 285 889 314 ferens.
910 285 960 312 Per
972 294 1015 312 ra-

235 339 309 358 mum
329 331 439 366 quidem
463 331 598 365 lignosam
622 330 719 365 legem,
733 338 781 365 per
801 331 901 365 pingue
919 330 1015 358 folium

235 382 324 404 autem
340 384 446 411 semper
456 377 590 403 virentem
600 375 738 410 Evangelii
748 376 899 403 doctrinam
914 376 1014 405 ferens.

233 423 300 450 Nam
311 431 406 451 omnes
420 427 513 458 gentes
527 423 674 457 complexae
695 422 823 450 Ecclesia:
834 427 933 450 nostra!
948 423 1017 449 ima-

234 476 268 502 go
281 468 332 494 fuit
360 468 506 502 omnigena
538 467 603 494 Noa'.
630 475 706 498 arca,
738 467 888 494 inuatantis
922 467 1016 502 pelago

236 512 347 539 ﬂuentis
360 517 387 539 et
404 512 540 539 instabilis
571 512 653 546 hujus
667 513 740 543 vitae,
760 512 880 546 undique
897 513 1016 546 procella

236 558 413 586 tentationuui
423 557 587 585 circumfusa
601 563 694 585 nostra
707 557 893 585 Ecclesia.Per
903 564 1012 592 serpen-

236 610 289 631 tem
303 604 429 638 paradiso
436 603 600 635 excidimus,
614 611 661 638 per
674 603 829 631 columbam
844 603 973 637 Spiritus,
989 603 1016 630 in

234 650 318 678 caelos
331 649 456 676 subducti
470 657 576 676 sumus.
596 649 624 676 In
640 649 723 684 hujus
732 649 833 684 quippe
847 648 935 676 forma
952 648 1015 683 Spi-

235 694 304 721 ritus
319 699 431 721 sanctus
445 694 567 720 omnium
576 693 706 721 virtutum
720 693 825 727 apexin
841 692 959 720 Jordaue
971 702 1018 720 su-

235 747 283 773 per
293 736 386 766 Iesum
392 738 522 766 devolavit
529 739 616 765 .lllum
624 737 732 772 quidem
739 738 836 766 Filium
845 737 891 765 Dei
902 744 999 766 natura
1008 755 1015 760 -

235 784 288 811 lem
299 788 327 810 et
352 791 405 810 non
424 784 579 818 adoptivum
598 785 802 816 demonstrans,
821 785 900 812 nobis
924 791 1015 812 autem

235 826 436 860 simplicitatem
449 832 476 854 et
491 827 672 855 innocentiam
687 828 863 856 all‘erens.Ne
877 838 942 864 ergo
953 830 1016 858 sim-

235 872 377 907 plicitcrut
391 880 503 908 serpens
515 873 548 900 ad
556 874 742 902 seducendum
757 876 884 904 homines
898 877 1017 911 pruden—

237 923 279 946 tes
293 919 391 951 simus,
405 919 452 946 sed
470 920 503 947 ad
523 920 750 948 henefaciendum
764 926 838 949 recte
853 923 995 957 sapiamus
1009 931 1015 949 :

237 965 339 999 (inquit
354 966 426 993 enim
456 966 605 994 benevolus
631 967 676 994 ille
706 969 902 1004 prastantique
927 974 1018 996 mente

235 1012 367 1046 praeditus
377 1012 541 1047 Apostolus:
561 1013 622 1040 Non
636 1015 670 1040 ad
694 1015 853 1049 sapientium
870 1016 960 1048 modo,
972 1016 1017 1042 sed

235 1057 270 1083 ad
291 1062 358 1084 recte
375 1058 529 1092 sapientium
542 1058 565 1074 "’
576 1068 584 1084 :
597 1065 625 1086 et
643 1068 751 1087 rursum
775 1061 858 1094 idem,
884 1061 949 1088 Volo
966 1071 1013 1089 au-

236 1107 288 1129 tem
302 1111 346 1129 vos
361 1103 491 1137 sapientes
515 1104 620 1138 quidem
636 1113 692 1131 esse
706 1106 741 1132 ad
763 1106 867 1136 bonum.
886 1108 1018 1141 simplices

236 1154 325 1175 autem
339 1149 373 1175 ad
388 1149 487 1176 malum
498 1150 550 1184 “:)
564 1158 651 1185 neque
671 1151 796 1179 laudibus
806 1153 869 1179 elati
882 1157 909 1180 et
921 1153 1015 1186 iullati,

236 1201 324 1227 neque
337 1194 478 1228 vituperiis
489 1194 587 1228 dejecti
602 1200 629 1222 et
648 1196 741 1222 animo
757 1197 942 1225 coneidentes.
959 1197 1018 1225 Non

235 1241 309 1267 enim
325 1244 412 1275 potest
427 1241 517 1269 verbis
546 1243 628 1270 laesus
638 1247 666 1270 et
688 1243 839 1274 obtestans,
862 1245 928 1271 etin
950 1245 1018 1272 iram

235 1287 433 1314 intolerabilem
447 1295 603 1323 erumpens,
634 1290 775 1322 operarius
789 1289 846 1316 ﬁeri
875 1290 1020 1319 dominica:

236 1332 332 1359 vineae.
346 1332 414 1359 Eum
425 1341 543 1367 namque
557 1334 602 1368 qui
622 1334 649 1360 in
669 1342 751 1361 unam
769 1338 1021 1369 percussusmaxil-

236 1377 302 1413 tam,
316 1379 396 1409 etiam
413 1378 524 1406 alteram
540 1380 650 1414 pra-bet.
663 1381 836 1416 deﬁnitquod
848 1383 959 1417 pondus
967 1383 1021 1410 dici

237 1428 380 1463 Iamsi-tntis
395 1425 485 1456 saeculi
501 1430 527 1456 et
542 1431 640 1453 aestum
654 1427 682 1454 in
695 1435 728 1454 eo
748 1430 928 1456 tentationum
943 1429 1021 1457 forti-

237 1480 278 1502 ter
292 1474 371 1507 ferat,
387 1474 670 1510 Dominusdanquam
695 1481 776 1502 omne
803 1482 873 1509 opus
904 1476 1022 1503 laborio-

238 1528 298 1547 sum
308 1521 350 1548 sui
365 1521 485 1547 mandati
497 1527 621 1556 prompte
636 1522 797 1556 impleverit.
812 1520 867 1550 Nec
875 1523 948 1549 enim
963 1523 1022 1558 ipse

239 1571 360 1600 tempore
366 1571 521 1601 spontanea:
530 1567 666 1602 passionis
674 1575 690 1594 a
701 1568 804 1595 famulo
812 1577 958 1603 percussus
965 1569 1023 1596 vin-

237 1612 405 1647 dicavit,qui
416 1613 450 1639 ab
462 1612 613 1640 innumeris
628 1614 732 1648 angelis
750 1615 967 1642 ministrabatur.
980 1615 1021 1642 Ad

239 1666 320 1693 quem
335 1658 502 1685 contendens
517 1658 552 1685 ab
559 1657 662 1686 Iudaeis
678 1660 826 1694 quinquies
838 1660 1022 1696 quadragenis

239 1711 294 1731 una
313 1703 404 1730 minus
417 1703 503 1737 plagis
515 1702 639 1736 atl'ectus,
661 1709 803 1732 mansuete
816 1706 948 1740 suscepit,
966 1706 1024 1733 lon-

240 1748 427 1783 ganimitatem
458 1747 560 1774 docens
578 1748 696 1776 similem
719 1749 786 1782 Deo,
807 1750 936 1778 virtutem
958 1758 1023 1778 vere

240 1795 418 1828 nominatam,
434 1795 513 1828 cuius
541 1795 588 1829 qui
605 1795 740 1829 particeps
767 1800 819 1829 est,
832 1796 866 1822 ab
882 1796 1023 1823 iracundia

240 1841 336 1876 procul
351 1841 438 1868 abest.
450 1841 675 1876 Quandoquidem
689 1842 771 1877 igitur
789 1843 947 1870 omuimoda
966 1843 1023 1870 vir-

240 1892 285 1915 tus
303 1887 373 1914 Deus
394 1892 445 1920 est,
469 1887 565 1914 merito
592 1888 754 1923 longanimis
775 1889 937 1923 appellatur,
963 1895 1024 1916 tan-

239 1941 323 1967 quam
347 1933 381 1960 ab
404 1933 577 1960 animositate
594 1933 673 1968 longe
691 1933 808 1961 distans.
833 1934 920 1967 Quam
942 1935 1025 1963 etiam

240 1985 361 2006 externae
373 1979 524 2014 disciplina:
539 1985 686 2007 sectatores
706 1979 885 2007 bonorarunt.
898 1981 1024 2009 Socrates

241 2026 350 2060 quidem
367 2024 518 2052 Atticorum
534 2026 692 2060 dogmatum
715 2026 863 2060 legislator,
880 2035 1025 2062 percussus

241 2079 296 2098 non
312 2072 473 2104 vindicavit;
489 2071 664 2098 Antisthenes
679 2077 768 2099 autem
789 2080 804 2099 a
824 2073 941 2107 quodam
960 2081 1025 2100 con-

241 2117 375 2144 vieiatore
396 2117 423 2143 in
446 2117 542 2144 faciem
559 2124 715 2151 percussus,
735 2125 798 2144 cum
817 2117 886 2144 nihil
901 2117 1024 2149 dixisset,

241 2162 320 2192 abiit.
337 2162 396 2189 solo
411 2161 579 2196 percussoris
600 2161 709 2188 nomine
725 2161 807 2188 fronti
833 2162 973 2197 inscripto,
991 2170 1026 2189 ne

242 2208 370 2236 insanqu
387 2208 428 2234 vel
444 2207 550 2234 ebriutn
567 2207 772 2242 suspicarentur
789 2208 878 2242 ipsum
891 2208 908 2234 ii
921 2208 968 2242 qui
985 2208 1025 2234 vi-

242 2255 349 2282 derant.
366 2253 480 2288 Epicteti
495 2261 558 2280 Vrro
570 2261 650 2280 crure
670 2261 685 2280 a
705 2262 815 2282 moroso
831 2254 943 2282 domino
959 2263 1026 2282 θοι-ιη

242 2301 331 2329 vulso.
345 2300 437 2326 multis
448 2299 620 2334 philosophis
632 2300 731 2326 silentii
749 2305 776 2327 et
796 2301 822 2327 in
838 2301 966 2334 periculis
981 2309 1028 2328 oc-

242 2346 317 2373 casio
337 2345 467 2372 doctrime
486 2345 545 2372 fuit.
564 2345 588 2372 Is
612 2345 685 2372 enim
705 2347 750 2380 qui
771 2346 949 2381 philosophia:
964 2354 1028 2381 ope—

243 2399 301 2418 ram
316 2392 436 2422 dederat.
461 2391 588 2418 dominus
608 2391 664 2418 heri
684 2392 725 2418 sui
751 2392 953 2420 demonstratus
975 2396 1026 2420 est.

243 2435 282 2464 Ne
298 2437 380 2471 igitur
396 2435 555 2463 deﬁciamus
573 2437 746 2463 contumeliis
763 2436 862 2468 affecti.
876 2438 922 2464 sed
941 2437 1027 2464 nostri

243 2483 421 2513 omniumque
436 2481 548 2515 Opiﬁcis
572 2481 691 2516 vestigiis
708 2482 900 2516 ingredientes,
918 2483 1025 2510 etiamsi

243 2537 339 2557 servus
361 2527 466 2554 alienus
488 2527 568 2554 fuerit
588 2527 635 2562 qui
659 2527 764 2561 alapam
790 2529 940 2563 impegerit.
957 2529 1028 2556 divi-

242 2583 307 2602 num
327 2574 436 2600 verbum
453 2579 480 2599 et
503 2581 551 2600 nos
572 2574 695 2600 dicamus
718 2574 741 2599 ei
760 2582 766 2598 :
786 2573 816 2600 Si
833 2574 937 2607 quidem
959 2575 1027 2600 male

242 2622 344 2647 locutu:
365 2627 433 2649 sum,
468 2623 563 2645 testare
587 2618 618 2644 de
642 2619 730 2650 malo;
755 2619 796 2645 sin
825 2618 897 2651 bene,
923 2627 969 2646 cur
988 2628 1029 2646 me

242 2666 322 2693 ιωτίίι
345 2665 386 2692 ⁵δῖ
414 2665 459 2692 Sic
475 2665 547 2692 enim
569 2665 793 2703 magnanimitate
807 2665 890 2691 veluti
916 2665 1026 2700 sagittta

241 2710 414 2737 adversarius
426 2711 624 2743 vulnerabitur,
637 2717 663 2738 et
673 2715 775 2738 mutata
792 2718 962 2745 praepropera
980 2711 1029 2737 lin-

242 2763 300 2790 guze
315 2755 510 2791 sententiaque
531 2757 692 2789 temeritate,
710 2756 824 2791 gratiam
849 2756 897 2783 tibi
920 2755 1028 2783 habebit

197 2840 205 2843 “
242 2801 372 2833 tanquam
390 2801 494 2828 auctori
506 2802 611 2830 traditae
628 2803 653 2829 in
670 2802 768 2829 melius
784 2802 952 2829 mutationis.
967 2801 1024 2829 Non

778 136 808 164 S.
829 135 980 164 CAESARI}
995 135 1160 164 GREGOBII
1180 134 1328 163 FRATRIS

1788 132 1802 160 Ι
1813 133 1869 160 ΗΞ

1067 193 1266 228 αποτταλείσης
1291 192 1455 228 περιστερᾶς
1464 193 1646 229 γενόμενονλ
1659 191 1728 226 πρὸς
1745 190 1796 218 τὶν
1815 191 1867 220 θε-

1068 239 1177 266 σπέσιον
1197 239 1346 273 ἐπανέστη,
1361 238 1465 273 κάρφος
1480 236 1572 269 ἐλαίας
1586 237 1693 271 φύλλων
1715 236 1847 272 φέρουσα

1065 285 1108 312 διὰ
1129 286 1177 321 μὲν
1201 286 1247 312 τοῦ
1265 286 1386 320 κάρφους
1407 285 1453 310 τὸν
1468 283 1572 318 ξυλώδη
1588 284 1671 318 νόμον
1681 302 1689 314 ,
1704 283 1750 309 διὰ
1766 283 1797 309 δὲ
1813 282 1865 308 τοῦ

1066 333 1158 364 πίονος
1175 331 1274 366 φύλλου
1290 332 1339 366 τὴν
1350 331 1462 366 ἀειθαλῆ
1474 330 1528 358 τῶν
1546 330 1718 364 Εὐαγγελίων
1733 329 1868 356 διδασκα-

1066 378 1125 405 λίαν
1138 378 1267 412 φέρουσα.
1290 377 1345 412 Τῆς
1365 377 1418 412 γαρ
1435 376 1567 403 πανέθνον
1594 375 1674 410 ἡμῶν
1691 374 1867 409 Ἐκκλησίας

1067 423 1147 450 εἰκὼν
1174 423 1295 458 ὑπῆρχεν
1313 424 1330 458 ἡ
1347 421 1484 457 παγγενὴς
1500 421 1547 447 τοῦ
1568 421 1630 447 Νῶε
1646 420 1767 450 κιϐωτὸς
1777 440 1786 451 ,
1800 421 1867 446 ἑπι-

1067 469 1202 504 νηχομένη
1222 469 1261 503 τῷ
1278 468 1391 501 πελάγει
1405 468 1454 503 τῆς
1469 467 1585 503 ῥεούσης
1601 466 1648 492 καὶ
1659 465 1781 493 ἀστάτου
1794 465 1870 491 11'5-

1067 524 1115 550 της
1131 514 1212 549 ζωῆς,
1222 514 1352 541 πάντοθεν
1362 514 1401 549 τῷ
1412 514 1526 540 κλύδωνι
1537 513 1590 539 τῶν
1604 511 1770 548 πειρασμῶν
1784 520 1867 546 περι-

1067 562 1250 596 αντλουμένης
1274 560 1351 596 ἡμῶν
1373 560 1423 594 τῆς
1443 559 1616 594 Ἐκκλησίας.
1639 558 1688 584 Διὰ
1707 557 1757 584 τοῦ
1772 558 1867 591 ὅψεως

1068 607 1114 634 τοῦ
1130 606 1294 641 παραδείσου
1308 604 1524 640 ἐκπεπτώκαμεν
1540 612 1547 619 ·
1562 603 1607 630 διὰ
1622 603 1672 637 τῆς
1691 602 1867 637 περιστερᾶς

1067 654 1115 679 τοῦ
1129 652 1286 688 Πνεύματος
1303 652 1344 683 εἰς
1359 651 1490 687 οὐρανοὺς
1508 649 1666 685 ἀνήχθημεν
1682 657 1689 664 ·
1708 649 1738 674 ὲν
1752 647 1811 683 γὰρ
1825 647 1867 680 τῷ

1068 697 1134 723 εἴδει
1148 697 1250 732 ταύτης
1270 697 1300 723 τὸ
1317 696 1387 722 θεῖον
1401 695 1512 730 Πνεῦμα
1525 696 1542 729 ὴ
1556 694 1662 729 κορώνη
1679 693 1736 719 τῶν
1751 692 1866 728 ἀρετῶν

1068 745 1097 770 ἐν
1113 743 1151 778 τῷ
1169 743 1280 778 Ἱορδᾶνι
1299 742 1345 767 ἐπὶ
1359 741 1403 767 τὸν
1421 740 1524 776 Ἰησοῦν
1536 740 1669 774 κατέπτη⁶
1686 739 1794 765 ἐκεῖνον
1815 738 1866 773 μὲν

1069 789 1155 815 Παῖδα
1177 788 1244 815 Θεοῦ
1271 787 1394 822 φυσικὸν,
1410 787 1457 813 καὶ
1477 787 1511 814 ,οὐ
1528 785 1603 812 θετὸν
1617 783 1840 811 ἀποδεικνύουσι
1856 792 1864 798 -

1068 835 1133 870 ἡμῖν
1156 835 1184 861 δὲ
1209 834 1240 861 τὸ
1264 835 1366 861 ἄκακον
1396 833 1444 860 καὶ
1469 833 1599 868 ἀκέραιον
1623 832 1789 867 κομίζουσι.
1820 830 1866 865 Μὴ

1067 881 1157 907 τοίνυν
1177 881 1256 916 μόνον
1272 880 1342 906 κατὰ
1360 880 1405 906 τὸν
1416 879 1478 913 ὗφιν
1492 879 1532 910 εἰς
1545 879 1576 905 τὸ
1592 878 1730 913 πλανῆσαι
1746 877 1865 913 βροτοὺς

1068 928 1260 962 φρονήσωμεν,
1276 926 1333 952 ἀλλ’
1355 926 1395 957 είς
1415 925 1445 951 τὸ
1472 924 1649 959 εὐεργετῆσαι
1667 921 1696 950 εὖ
1715 924 1866 958 φρονήσω-

1070 980 1119 1005 μεν
1136 971 1214 1005 (φησὶ
1224 970 1278 1004 γὰρ
1287 971 1301 996 ὁ
1309 969 1416 1006 εὔφρων
1429 978 1458 994 τε
1477 969 1525 995 καὶ
1537 967 1667 998 πολύνους
1685 966 1864 997 ’Δπὸστολος,

1070 1019 1130 1044 οὐκ
1143 1019 1186 1049 εἱς
1199 1016 1232 1044 τὸ
1241 1016 1362 1051 φρονεῖν
1373 1016 1469 1050 μόνον
1478 1035 1485 1048 ,
1498 1015 1567 1041 ἀλλ’
1577 1015 1620 1047 είς
1632 1014 1666 1040 τὸ
1679 1012 1863 1048 σωφρονεῖν·

1069 1064 1115 1090 καὶ
1133 1063 1214 1090 πάλιν
1229 1064 1243 1089 ὁ
1262 1063 1353 1094 αὐτὸς,
1369 1061 1450 1089 Θέλω
1469 1061 1528 1096 μὲν
1550 1059 1628 1095 ὑμᾶς
1643 1061 1763 1094 σοροὺς
1786 1057 1864 1085 εἶναι

1068 1111 1112 1143 είς
1134 1110 1167 1136 τὸ
1194 1110 1317 1145 ἀγαθὸν,
1344 1109 1501 1141 ἀκεραίους
1530 1108 1574 1140 εὶς
1592 1107 1625 1133 τὸ
1651 1106 1775 1136 κακὼ-Υ
1799 1104 1865 1139 μηδ’

1070 1156 1219 1191 ἐγκωμίοις
1240 1155 1417 1191 ἐπαιρόμενοι
1431 1154 1477 1180 καὶ
1495 1152 1685 1188 ἐξογκούμενοι
1698 1160 1705 1166 ·
1729 1151 1797 1186 μηδὲ
1815 1151 1867 1184 ψό-

1070 1211 1129 1237 γοις
1145 1202 1301 1237 βαλλόμενοι
1320 1201 1366 1229 κα)⁴
1384 1200 1519 1230 ἀλύοντες.
1542 1200 1578 1226 Οὐ
1598 1199 1653 1234 γὰρ
1663 1195 1720 1225 οἷόν
1729 1206 1760 1223 τε
1772 1197 1863 1231 λόγοις

1070 1248 1208 1284 τρωθέντα
1219 1248 1266 1273 καὶ
1286 1245 1480 1281 ποτνιώμενον,
1497 1245 1545 1271 καὶ
1565 1244 1633 1278 πρὸς
1649 1243 1735 1278 ὀργὴν
1748 1242 1864 1276 ἄσχετον

1071 1293 1263 1328 ἐκφερόμενον,
1284 1291 1402 1327 ἐργάτην
1416 1289 1545 1324 γενέσθαι
1561 1288 1607 1315 τοῦ
1619 1287 1789 1314 Δεσποτικοῦ
1808 1288 1863 1322 ἀμ-

1072 1339 1201 1370 πελῶνος.
1218 1339 1270 1365 Τὸν
1283 1338 1336 1374 γὰρ
1352 1338 1402 1373 τὴν
1420 1337 1484 1372 μίαν
1502 1336 1616 1370 σιαγόνα
1637 1335 1797 1370 παιόμενον,
1815 1333 1866 1360 καὶ

1072 1384 1121 1420 τὴν
1140 1384 1234 1419 ἑτέραν
1256 1383 1436 1418 προϊέμενον,
1452 1381 1555 1407 ἐκεῖνον
1579 1379 1700 1415 ὁρίζεται
1721 1378 1753 1404 τὸ
1780 1377 1862 1412 βάρος

1073 1431 1121 1465 τῆς
1138 1430 1245 1465 ἡμέρας
1265 1428 1311 1455 τοῦ
1331 1427 1477 1458 ἐνεστῶτος
1494 1426 1600 1457 αἰῶνος,
1612 1424 1659 1451 καὶ
1672 1424 1718 1450 τὸν
1731 1423 1866 1450 καύσωνα

1075 1476 1128 1502 τῶν
1140 1477 1167 1502 ὲν
1183 1474 1255 1510 αὐτῷ
1272 1473 1431 1509 πειρασμῶν
1451 1471 1582 1506 γενναίως
1606 1470 1699 1505 φέρειν
1717 1470 1732 1496 ὀ
1745 1468 1860 1503 Κύριος,

1074 1522 1111 1553 ὡς
1126 1523 1215 1548 πᾶσαν
1237 1520 1368 1556 ἐργασίαν
1379 1519 1507 1546 ἐπίπονον
1524 1518 1573 1553 τῆς
1589 1516 1700 1550 ἐντολῆς
1711 1515 1862 1551 προθύμως

1074 1566 1298 1602 ἐκπληρώσαντα.
1319 1565 1350 1591 Εἰ
1369 1563 1424 1598 γὰρ
1437 1562 1517 1594 αὐτδς
1536 1563 1599 1597 παρ’
1610 1561 1691 1588 αὑτὸν
1702 1560 1799 1595 καιρὸν
1814 1559 1861 1585 τοῦ

1076 1614 1236 1649 αὑθαιρέτου
1253 1612 1354 1642 πάθους
1370 1611 1422 1637 ὑπὸ
1440 1610 1544 1636 οἰκέτου
1566 1608 1714 1643 παιόμενος
1729 1607 1781 1633 οὐκ
1791 1606 1863 1640 ἠμύ-

1073 1670 1148 1693 νατο,
1166 1659 1294 1696 μυριάσιν
1308 1658 1430 1693 ἀγγέλων
1439 1656 1638 1690 δουλευόμενος.
1656 1653 1728 1688 Πρὸς
1741 1653 1771 1678 ὃν
1783 1652 1863 1686 ἁμιλ-

1073 1707 1204 1742 λώμενος,
1217 1706 1266 1737 τὰς
1277 1705 1353 1740 παρὰ
1369 1702 1500 1730 Ἰουδαίων
1516 1700 1645 1732 πεντάκις
1657 1699 1862 1734 τεσσάρακοντα

1074 1754 1150 1788 παρὰ
1175 1753 1240 1787 μίαν
1267 1750 1441 1786 ἐμφορηθεὶς,
1465 1748 1554 1783 ὴπίως
1578 1746 1695 1779 ἐδέξατο,
1725 1744 1861 1780 μακροθυ-

1077 1800 1141 1835 μίαν
1169 1797 1301 1825 παιδεύων
1329 1796 1373 1823 τσα
1397 1795 1465 1830 Θεῷ,
1487 1793 1585 1829 ἀρετὴν
1611 1791 1781 1828 φερώνυμον,
1797 1789 1830 1826 ἦς
1846 1791 1861 1816 ὁ

1077 1845 1196 1881 μετέχων
1207 1843 1314 1879 μακρὰν
1329 1842 1383 1869 ἀπὸ
1393 1841 1478 1876 θυμοῦ
1491 1841 1603 1874 γίνεται.
1617 1839 1693 1866 Ἐπεὶ
1706 1836 1752 1864 οὖν
1767 1839 1783 1873 ἡ
1794 1846 1861 1864 mv-

1074 1891 1154 1927 τελὴς
1163 1892 1211 1926 ἀρε
1217 1890 1246 1925 τὴ
1256 1890 1321 1920 Θεὸς
1331 1888 1458 1924 ὑπάρχει,
1468 1887 1579 1917 εἰκότως
1591 1884 1765 1920 μακρόθυμος
1778 1892 1861 1918 προσο

1076 1937 1236 1972 αγορεὺεται
1250 1956 1257 1966 ,
1270 1935 1306 1966 ὡς
1323 1934 1432 1970 μακρὰν
1447 1933 1576 1967 ὑπάρχων
1591 1929 1688 1966 θυμοῦ.
1703 1930 1756 1956 Ἦν
1775 1930 1820 1956 καὶ
1836 1929 1860 1955 οἱ

1074 1983 1124 2018 τῆς
1138 1983 1190 2015 ἔξω
1206 1981 1328 2012 παιδείας
1345 1979 1528 2015 ἐτιμήθησαν·
1542 1977 1688 2012 Σωκράτης
1705 1975 1755 2010 μὲν
1778 1976 1860 2001 Ἀττι-

1075 2028 1132 2055 κῶν
1155 2027 1298 2062 δογμάτων
1317 2026 1464 2061 νομοθέτης
1489 2023 1631 2054 παισθεὶς,
1644 2022 1694 2048 οὐκ
1716 2021 1836 2056 ἠμύνατο
1851 2029 1858 2036 ·

1083 2074 1255 2109 Ἀντισθένης
1273 2073 1326 2100 ὑπό
1349 2081 1421 2103 τινος
1435 2070 1490 2098 τῶν
1512 2069 1646 2105 ὑϐριστῶν
1665 2067 1818 2103 συντριϐεὶς
1831 2067 1860 2093 τὸ

1077 2119 1223 2155 πρόσωπον
1236 2138 1243 2149 ,
1262 2117 1344 2152 μηδὲν
1371 2116 1461 2151 φήσας
1485 2113 1584 2149 ᾤχετο,
1606 2113 1656 2148 τὴν
1676 2111 1857 2147 προσηγορίαν

1079 2165 1159 2200 μόνον
1181 2163 1229 2190 τοῦ
1250 2162 1418 2194 πατάξαντος
1442 2159 1597 2195 ἐπιγράψας
1609 2158 1649 2193 τῷ
1675 2157 1858 2194 μετώπῳ,διὰ

1076 2211 1107 2237 τὸ
1124 2210 1162 2245 μὴ
1176 2209 1345 2244 δαιμονῶντα
1361 2208 1378 2242 ἦ
1398 2207 1526 2242 πάροινον
1547 2207 1603 2236 τοῖς
1624 2204 1771 2239 θεωμένοις
1794 2203 1856 2230 ὑπο·

1078 2255 1233 2283 πτεύεσθαι.
1256 2254 1418 2289 Ἐπικτήτου
1429 2252 1457 2279 δὲ
1475 2251 1506 2278 τὺ
1521 2250 1614 2281 σκέλος
1630 2249 1682 2276 ὑπὸ
1702 2248 1750 2275 τοῦ
1762 2248 1857 2283 μοχθη-

1079 2300 1125 2335 ροῦ
1140 2300 1270 2326 δεσπότου
1284 2298 1421 2334 πηρωθὲν,
1439 2297 1544 2327 πολλοῖς
1557 2295 1612 2322 τῶν
1632 2294 1784 2329 φιλοσόφων
1798 2302 1857 2319 σιωο

1077 2344 1132 2378 πῆς
1146 2345 1174 2370 ἐν
1187 2345 1243 2374 τοῖς
1259 2343 1391 2374 κινδύνοις
1405 2342 1500 2376 γέγονε
1515 2340 1714 2375 παιδευτήριον.
1726 2338 1856 2373 Δεσπότης

1077 2390 1131 2425 γὰρ
1152 2389 1201 2416 τοῦ
1223 2388 1396 2420 δεσπόζοντος
1428 2386 1573 2422 ἀπεδείχθη
1600 2384 1790 2419 φιλοσοφήσας.
1813 2384 1856 2418 Μὴ

1077 2433 1124 2462 οὖν
1153 2434 1304 2469 ἀλλοιῶμεν
1331 2433 1529 2468 ὑὸριττὸμενοι,
1558 2431 1625 2458 ἀλλὰ
1641 2430 1688 2457 τοῦ
1716 2430 1789 2465 σφῶν
1812 2431 1855 2456 καὶ

1078 2482 1187 2508 πάντων
1203 2479 1375 2515 Δημιουργοῦ
1396 2478 1455 2505 κατ’
1473 2478 1544 2513 ἴχνος
1561 2477 1706 2512 βαίνοντες,
1725 2475 1774 2502 κᾶν
1788 2475 1854 2501 οἰκέ-

1076 2536 1126 2562 της
1139 2527 1277 2562 ἀλλότριος
1323 2527 1337 2552 ὁ
1359 2526 1486 2560 ῥαπίσας,
1502 2524 1532 2550 τὺ
1544 2524 1614 2550 θεῖον
1630 2524 1705 2558 ῥῆμα
1725 2522 1772 2548 καὶ
1783 2523 1856 2557 ἡμεῖς

1079 2575 1208 2610 φήσωμεν
1221 2571 1294 2606 αὺτῷ
1304 2580 1310 2587 ·
1327 2572 1361 2597 Ei
1373 2570 1431 2605 μὲν·
1443 2569 1540 2602 κακῶς
1556 2569 1705 2602 ἐλάλησα,
1716 2569 1856 2602 μαρτύρη-

1078 2627 1138 2645 σον
1149 2617 1278 2652 περὶτοῦ
1294 2616 1388 2643 κακοῦ
1400 2624 1407 2632 ·
1422 2618 1448 2643 ει
1472 2616 1505 2642 δὲ
1528 2615 1638 2647 καλῶς,
1651 2615 1679 2641 τι
1690 2623 1728 2648 με
1750 2613 1855 2647 δέρειςς

1080 2664 1173 2696 Οὕτως
1189 2664 1243 2699 γὰρ
1255 2663 1336 2690 οἱονεὶ
1355 2662 1426 2697 βέλει
1441 2663 1475 2698 τῇ
1502 2661 1690 2697 μεγαλοψυχίᾳ
1708 2661 1723 2687 ὁ
1737 2660 1770 2687 δι’
1787 2661 1856 2686 ἐναν-

1079 2710 1140 2741 τίας
1167 2710 1348 2745 τρωθήσεται,
1370 2708 1480 2743 καὶτῆς
1503 2706 1657 2744 προπετοῦς
1671 2705 1793 2741 γλώττης
1813 2706 1854 2732 καὶ

1079 2755 1192 2791 γνώμης
1215 2754 1410 2790 μετακληθεὶς,
1431 2754 1510 2789 χάριν
1535 2761 1576 2779 σοι
1600 2753 1702 2779 εἴσεται
1723 2751 1760 2782 ὡς
1784 2751 1854 2785 αἰτίῳ

1078 2801 1128 2836 τῆς
1157 2800 1342 2834 ἀλλοιώσεως,
1361 2799 1515 2831 παιδευθεὶς
1547 2799 1585 2834 μὴ
1614 2797 1789 2829 ποτνιᾶσθαι,
1813 2795 1853 2823 καὶ

235 2916 239 2925 Ι
280 2877 302 2894 ⁸¹
319 2877 398 2905 Rom.
419 2886 467 2912 ιιι,
482 2879 508 2906 ’5.
547 2880 569 2895 ⁸⁸
587 2880 664 2907 llom.
685 2887 739 2912 ινι,
758 2879 799 2906 l9.
842 2879 864 2895 δ’
881 2877 960 2906 Joan.
974 2885 1016 2905 ιιί

1076 2878 1114 2905 25.
