1910 3038
91 111 164 140 1175

90 168 185 198 ἀλλοί.
196 191 203 199 .
216 192 222 198 .
237 191 246 199 .
262 173 330 209 πρὸς
343 175 406 208 τοὺς
424 176 536 211 ἥττονας
565 176 662 209 πόνους
680 179 735 204 τῶν
753 179 878 213 μεγάλων

92 216 199 250 μισθῶν
214 217 386 254 ὀρεγόμενος,
403 221 471 248 ἀλλὰ
489 222 612 258 στέργειν
635 223 682 250 καὶ
709 224 772 256 τοὺς
787 225 878 260 μείζο-

90 270 151 294 νας,
166 263 204 295 ὡς
220 265 269 300 οὺχ
284 266 384 301 ἑτέρως
396 267 523 303 δηνάριον
533 269 722 305 κομιούμενος,
739 272 763 297 εἰ
779 271 815 306 μὴ
833 272 879 297 κό-

91 315 153 333 πων
168 308 316 344 τελειότητι
329 313 560 348 μαρτυρούμενος.
571 316 632 341 οὐκ
645 314 714 347 ἄξια
728 316 761 342 δὲ
772 317 808 343 τὰ
823 324 876 344 πα-

90 353 209 386 θήματα
234 355 287 382 τοῦ
312 356 371 383 νῦν
395 359 499 392 καιροῦ
525 361 599 393 πρὸς
623 360 680 394 τὴν
699 361 878 396 μέλλουσαν

89 397 360 444 ἀθιοκιαὶύπτεσθαι
372 403 475 436 δόξαν,
490 406 570 439 φησὶν
585 407 599 432 ὀ
615 406 728 434 πλεῖστα
748 407 793 434 διὰ
810 409 877 444 Χρι-

89 442 156 470 στὸν
183 446 335 479 πεπονθὼς,
362 449 412 475 καὶ
438 449 535 476 πάντα
561 451 598 477 δι’
620 451 713 478 αὑτὸν
738 442 877 480 σκύϐαλα

86 489 283 526 ἡγησάμενος
298 493 333 520 τὰ
346 495 490 530 παρόντα,
507 497 606 532 ὑψηλὸς
625 497 794 531 ’Λπὸστολος.

371 585 497 613 ΠκΥΣιΣ
515 588 594 621 Ριιιν.

124 625 158 651 τί
171 627 244 653 ἐστιν
255 627 270 653 δ
285 627 357 663 λέγει
374 631 388 656 6
416 631 527 666 Κύριος,
550 632 692 667 Ἐξῆλθεν
703 635 720 661 ὁ
743 635 875 668 σπείρων

83 670 142 696 τοῦ
160 672 279 706 σπεῷαι
296 682 303 689 ’
321 675 371 701 καὶ
396 675 416 702 d
436 676 495 711 μὲν
510 677 602 705 ἔπεσε
627 679 706 714 παρὰ
721 680 779 713 τὴν
792 680 874 712 ὁδὸν,

83 715 105 741 ἃ
119 715 155 742 δὲ
172 718 217 750 εἰς
232 718 268 744 τὰ
291 720 438 755 πετρώδη,
459 722 539 750 ἄλλα
557 724 591 750 δὲ
604 726 648 758 εὶς
659 725 710 757 τὰς
721 725 854 760 ἀκάνθας
865 735 873 742 ⁵

84 760 136 787 καὶ
152 761 256 796 τὰμὲν
273 766 353 799 παρὰ
369 766 427 800 τὴν
440 767 522 800 ὁδὸν,
537 767 611 804 ἦλθε
627 771 663 798 τὰ
678 772 798 799 πετεινὰ
821 773 874 799 τοῦ

85 806 218 851 οὐρανοῦ
232 810 280 836 καὶ
293 811 457 846 κατέφαγεν
472 814 548 841 αὐτὰ
560 823 567 830 ·
578 816 613 842 τὰ
625 815 660 842 δὲ
668 818 710 849 είς
723 817 760 843 τὰ
767 817 875 851 πετρώ-

85 850 136 885 δη,
150 852 199 880 διὰ
213 854 297 889 τὸμὴ
308 856 390 891 ἔχειν
397 859 493 892 βάθος
504 860 571 894 γῆς,
576 861 654 895 μηδὲ
660 862 875 895 ῥίζαν-,ἀνατεί-

85 899 183 925 λαντα
194 899 343 936 ἐξηράνθη
359 911 365 918 ·
376 904 412 930 τὰ
430 904 464 931 δὲ
486 905 543 932 ὑπὸ
563 906 622 933 τῶν
639 908 778 935 ἀκανθῶν
800 917 874 936 συν-

84 944 255 979 ειτνίγησαν
265 955 272 962 ·
289 949 335 975 καὶ
352 949 402 976 ὅσα
425 951 489 986 περὶ
505 951 606 979 τούτων
621 953 787 989 διεξέρχεται
802 955 816 980 6
829 955 873 982 λό-

84 997 155 1022 γος;

397 1042 575 1077 Ἀπόκρισις.

126 1081 270 1116 Ἐξῆλθεν
282 1086 299 1111 ὀ
317 1087 449 1120 σπείρων
470 1088 523 1115 τοῦ
545 1089 663 1124 σπεῖραι
679 1099 687 1106 ·
710 1091 819 1127 ἐξῆλθεν
841 1093 873 1119 ὲκ

81 1125 135 1173 τοῦν
143 1128 249 1163 Πατρὸς
260 1131 273 1156 ὀ
288 1131 412 1166 Χριστὸς.
423 1134 437 1159 ὁ
450 1134 501 1169 πρὸ
519 1134 624 1162 αἰώνων
636 1136 701 1168 Θεός
710 1145 717 1152 ·
730 1125 806 1169 οὗτος
818 1138 872 1173 γὰρ

83 1172 202 1208 ὑπάρχει
216 1175 231 1200 ὁ
250 1177 366 1211 σπορεὺς
381 1178 436 1204 τῶν
456 1181 598 1216 σωτηρίων
614 1182 702 1217 ἡμῶν,
719 1183 833 1218 Σπέρμα

82 1219 178 1265 αὐτοῦ,
196 1220 266 1252 θεῖος
286 1224 333 1250 καὶ
358 1223 488 1258 ζωοποιὸς
504 1226 596 1260 λόγος·
614 1227 719 1264 ἄρουρα
732 1229 770 1261 δὲ,
789 1231 806 1265 ἡ
825 1231 871 1257 ἀν-

82 1264 227 1302 θρωπότης
251 1269 328 1295 πᾶσα
344 1277 351 1284 ·
375 1269 436 1305 βόες
454 1291 462 1304 ,
476 1272 501 1298 oi
522 1272 663 1300 ἀπόστολοι
679 1283 686 1290 ε
712 1264 841 1310 ἄροτρον,
857 1277 871 1302 6

82 1313 199 1358 σταυρός
209 1321 216 1327 ·
232 1313 322 1348 ζυγὸς,
334 1316 350 1351 ή
363 1317 475 1351 ὁμόνοια
485 1326 492 1332 ·
508 1318 603 1354 ζεύγη,
619 1321 635 1354 ἡ
648 1320 760 1354 γλυκεῖα
775 1322 868 1358 ἀγάπη

82 1356 269 1392 πνδεσμοῦσα
286 1361 332 1387 καὶ
347 1362 527 1391 ὑποκλίνουσα
547 1367 610 1397 τοὺς
622 1367 738 1402 αὐχένας
756 1369 810 1395 τῶν
823 1369 868 1396 θε-

81 1403 214 1432 σπεσίων.
234 1406 380 1440 Ἐξῆλθεν
398 1410 414 1436 ό
439 1411 571 1445 σπείρων
595 1412 647 1440 τοῦ
667 1414 810 1448 σπεῖραι,
836 1416 867 1442 οὐ

81 1449 178 1496 πυρὸν.
187 1450 204 1485 ἢ
218 1453 324 1488 κριθὴν,
335 1454 383 1489 οὐχ
394 1455 487 1491 ἕτερόν
504 1465 530 1483 τι
545 1457 599 1484 τῶν
612 1459 723 1494 γηΐνων,
740 1461 787 1487 καὶ
804 1462 868 1496 περὶ

81 1495 225 1540 γαστέρα·
247 1498 315 1525 ἀλλὰ
343 1500 435 1528 πίστιν
462 1503 501 1534 είς
525 1504 633 1540 Πατέρα
659 1506 705 1532 καὶ
731 1506 794 1534 Υἰὸν
823 1495 868 1534 καὶ

80 1537 158 1586 ξ’(ιον
183 1541 308 1577 Πνεῦμα·
323 1545 417 1572 ἐλπίδα
430 1537 619 1581 ἁναστάσεωέ,
639 1550 685 1576 καὶ
701 1550 811 1586 ἀγάπην
827 1552 867 1583 εἰς

80 1583 148 1612 Θεὸν
165 1587 212 1613 καὶ
233 1588 279 1615 τὸν
302 1590 386 1622 πέλας
408 1592 598 1628 ἀνυπόκριτον.
625 1583 751 1630 Ἐξῆλθεν
768 1583 866 1623 ὀοπο-

81 1631 147 1678 ρευς
174 1631 299 1669 Χριστὸς,
314 1635 381 1670 έχων
396 1637 462 1664 δέκα
478 1638 561 1674 ζεύγη
589 1640 667 1674 βοῶν,
680 1641 770 1674 καθώς
785 1651 867 1678 φησιν

79 1676 94 1702 ὀ
113 1677 214 1713 ὑψηλὸς
232 1681 345 1714 Ἡσαΐας
365 1685 426 1711 Ὀὐ
440 1685 511 1719 γὰρ.
525 1705 548 1712 ..
568 1686 661 1713 .δέ›ιη
681 1687 765 1722 αὐτ-η
783 1676 868 1720 βοῶν

80 1722 207 1768 αοιῆσαι
216 1726 393 1760 κεράμιονὲν
400 1730 423 1762 (1
430 1729 467 1763 4);
477 1731 545 1758 Δέκα
555 1732 582 1758 δὲ
593 1732 674 1768 ζεύγη
684 1733 752 1768 βοῶν
760 1734 864 1768 λογικὰ,

79 1767 125 1793 τὸν
146 1768 240 1795 θίασον
254 1771 308 1797 τῶν
327 1773 484 1800 ἀποστόλων
501 1776 592 1811 δηλοῖ·
613 1776 716 1804 δώδεκα
738 1767 865 1813 μὲντοὺς

80 1814 134 1848 πρὸ
149 1815 197 1842 τοῦ
213 1817 316 1850 πάθους
330 1828 336 1834 ·
352 1820 421 1846 ἑπτὰ
433 1820 461 1847 δὲ
481 1823 543 1852 τοὺς
565 1824 628 1857 περὶ
641 1824 775 1858 Στέφανον
797 1825 864 1860 μετὰ

79 1859 128 1894 τὴν
141 1860 216 1887 Θείαν
229 1863 387 1897 ἀνάστασιν,
396 1865 448 1892 ὑπὸ
461 1866 514 1892 τῶν
529 1867 632 1894 δώδεκα
645 1869 861 1904 ἀναρρηθέντων·

79 1906 201 1933 εἰκοστὸν
212 1908 239 1934 δὲ
249 1909 294 1936 τὸν
305 1909 333 1942 ἐξ
343 1911 464 1945 οὐρανῶν
475 1913 622 1947 ἀκηκοότα.
632 1914 742 1947 Σαοὺλ,
753 1916 862 1948 Σαοὺλ,

78 1952 107 1978 τι
118 1961 157 1986 με
172 1953 305 1988 (Sabaeae;
317 1957 362 1983 τὸν
375 1955 454 1989 αὖθις
472 1958 544 1993 ὑπὲρ
554 1959 601 1985 τοῦ
612 1959 775 1995 διωκομένου
794 1961 864 1988 κατὰ

77 1997 125 2024 τοῦ
151 1999 287 2034 ὁμοφύλου
304 2002 412 2037 Ἰσραὴλ
433 2003 663 2038 μεταταξάμενον,
675 2005 722 2031 καὶ¹
737 2006 805 2040 πρὸς
817 2007 862 2033 τὸν

78 2044 195 2080 πόλεμον
204 2046 442 2082 ἀνθοπλισάμενον.
453 2047 530 2076 Οὗτοι
543 2047 589 2076 οὖν
596 2051 620 2076 οι
631 2051 734 2084 λογικοὶ
741 2052 788 2078 τοῦ
797 2061 862 2079 σπο-

80 2090 147 2124 ρέως
161 2092 247 2118 εἴκοσι
264 2092 335 2127 βόες.
348 2093 397 2128 τὴν
411 2094 515 2130 βροτῶν
532 2095 729 2130 διασκάψαντες
744 2097 862 2133 ψυχικὴν

78 2135 254 2172 ἄρουραν.διὰ
275 2138 392 2174 Χριστοῦ
417 2141 598 2176 κατέσπειραν
615 2145 648 2178 τῇ
667 2144 711 2178 ὑφ’
728 2144 796 2179 ἡλίῳ
812 2144 861 2180 τὴν

78 2181 117 2214 εἰς
139 2183 220 2210 αὑτὸν
242 2185 345 2211 πίστιν·
366 2187 524 2222 ποιήσαντες
545 2188 603 2214 ὅλον
617 2188 648 2214 τὸ
667 2189 767 2222 γεῶδες
782 2190 861 2225 ἡμῶν

78 2228 191 2264 φύραμα
205 2231 337 2266 κεράμιον
351 2231 390 2262 ἓν,
405 2233 528 2259 δεκτικὸν
539 2233 593 2260 τῶν
608 2234 687 2260 θείων
699 2235 860 2270 κραμὰτων,

78 2275 125 2301 καὶ
139 2276 187 2302 τοῦ
205 2277 336 2311 αἵματος,
357 2278 403 2304 καὶ
420 2279 466 2305 τοῦ
488 2279 582 2311 ὓδατος
600 2279 654 2307 τῶν
672 2281 861 2316 προχυθέντων

78 2322 124 2349 ἐπὶ
137 2323 265 2358 σταυροῦ.
281 2325 313 2360 τῇ
328 2325 426 2360 ἁμύξει
441 2325 486 2352 τοῦ
504 2327 614 2363 δόρατος
625 2328 657 2353 ὲκ
669 2327 714 2354 τοῦ
729 2329 860 2364 κεραμίου

78 2369 123 2395 τοῦ
139 2369 210 2396 θείου
228 2370 363 2406 σώματος.
379 2371 463 2403 Αὐτὸς
477 2373 530 2408 γὰρ
544 2374 670 2408 σπορεὺς,
680 2374 760 2405 αὐτὸς
779 2383 861 2410 κερα-

80 2417 145 2450 μεὺς
155 2417 201 2443 τοῦ
215 2418 349 2453 ἡμετέρου
370 2419 531 2455 φυράματος
544 2421 559 2446 ό
579 2420 695 2456 Χριστός
705 2429 711 2435 ·
730 2420 782 2454 πρὸ
795 2429 859 2455 σαρ-

78 2461 188 2494 κώσεως
205 2463 254 2497 μὲν
269 2464 342 2499 ἡμᾶς
365 2465 397 2490 ὲκ
413 2465 449 2500 μὴ
464 2464 548 2491 ἑντων
570 2465 776 2500 δημιουργήσας
791 2474 796 2479 “
815 2467 861 2500 ῥυ-

79 2508 217 2541 πωθέντας
227 2509 266 2542 δὲ,
278 2511 324 2537 καὶ
338 2511 385 2537 τοῦ
400 2511 519 2546 χείρονος
533 2511 695 2546 γενομένους
709 2511 859 2543 δεκτικοὺς,

78 2554 120 2581 διὰ
143 2555 259 2582 θανάτου
278 2556 425 2591 συντρίψας
450 2557 530 2584 πάλιν
555 2557 732 2590 ἀναπλάττει.
749 2558 795 2585 καὶ
816 2558 859 2585 διὰ

78 2600 106 2626 τὸ
127 2601 218 2636 μένειν
236 2601 283 2628 τοῦ
305 2602 398 2629 λοιποῦ
423 2603 522 2635 κακίας
540 2603 760 2640 ἅπαραδέκτους·
779 2606 859 2638 αὐτὸς

78 2647 129 2680 γὰρ
143 2646 267 2681 ἀμίκτως
283 2648 330 2674 καὶ
348 2648 507 2683 ἀσυγχύτως
522 2651 720 2685 κατακιρνᾶται
736 2650 775 2685 τῷ
791 2651 858 2678 πλά-

79 2698 169 2726 σματι,
193 2691 341 2723 ἀθανάτους
359 2694 403 2720 ἀεὶ
424 2695 567 2729 ἐσομένους
583 2695 683 2731 δράσας
705 2697 777 2732 ἡμᾶς
796 2698 857 2725 ἐνώ-

789 119 961 149 DIALOGUS
972 121 1019 148 IV'.

1651 123 1720 154 11Ἱό

929 181 1036 215 queruli
1054 181 1140 209 simus
1153 187 1200 210 aut
1218 181 1377 210 deﬁciamus
1400 183 1433 210 ad
1456 182 1575 210 minores
1598 182 1718 218 labores,

930 227 1064 262 siquidem
1081 236 1178 263 magna
1191 229 1302 263 praemia
1313 229 1475 264 appetimus,
1491 229 1537 255 scd
1557 233 1584 256 et
1599 229 1717 264 majores

929 280 1062 304 atnemus,
1083 277 1212 308 tanquam
1227 274 1294 302 alias
1310 274 1452 301 denarium
1470 282 1524 301 non
1542 276 1716 308 reportaturi,

929 318 981 345 nisi
999 318 1174 353 perfectionis
1200 320 1324 346 laborum
1363 320 1546 347 testimonium
1575 320 1714 348 habentes.

929 363 991 390 Non
1006 369 1067 391 sunt
1081 370 1170 392 autem
1190 374 1266 399 pares
1285 367 1420 400 passiones
1441 367 1577 400 prmeenlis
1592 367 1715 399 temporis

928 410 962 436 ad
973 410 1086 444 gloriam
1101 418 1160 445 quae
1185 410 1344 437 revelabitur
1366 411 1398 444 ⁸⁸,
1421 411 1510 446 inquit
1531 411 1578 446 qui
1600 412 1715 446 plurima

927 460 1037 490 propter
1063 456 1200 483 Christum
1234 464 1330 492 passus
1360 462 1410 490 est,
1442 458 1580 493 omniaque
1610 463 1716 492 propter

927 501 1011 535 ipsum
1026 502 1166 535 prtrsenlia
1180 510 1227 536 pro
1238 502 1386 537 quisquiliis
1396 502 1486 529 habuit
1498 503 1531 535 ",
1542 503 1658 530 eximius
1672 504 1715 532 ille

926 547 1082 580 Apostolus.

1119 590 1377 618 INTERROGATIO
1404 592 1517 619 CXCIII.

961 637 1030 670 Quid
1047 642 1086 664 est
1105 638 1176 672 quod
1194 638 1260 665 dicit
1281 637 1412 665 Dominus
1431 648 1438 665 :
1466 639 1556 666 En’uit
1569 640 1614 674 qui
1636 641 1714 666 semi-

926 684 1005 709 nabrtl
1033 683 1068 709 ad
1091 684 1283 715 seminandum,
1310 689 1335 710 et
1363 684 1418 710 alia
1440 684 1544 719 quidem
1567 685 1714 712 ceciderunt

921 727 1000 762 juxta
1022 729 1100 761 viam,
1125 728 1179 755 alia
1204 737 1262 755 vero
1286 729 1314 755 in
1337 729 1395 756 loca
1419 735 1534 764 petrasa,
1550 730 1606 756 alia
1625 736 1713 757 autem

925 773 951 799 in
964 773 1062 807 spinas.
1077 771 1111 799 Et
1125 781 1183 808 qua:
1199 773 1281 808 juxta
1306 774 1376 800 uiam
1396 774 1509 809 quidem,
1530 780 1652 800 venerunt
1669 783 1714 801 vo-

925 818 1010 845 lucres
1029 819 1096 852 cwli,
1116 825 1139 844 et
1158 819 1315 846 deum-arant
1338 827 1347 846 .'
1366 828 1424 855 quae
1446 825 1533 846 autem
1547 821 1573 846 in
1597 825 1711 854 peltata,

924 869 1060 898 propterea
1079 867 1149 898 quod
1171 871 1247 892 terra:
1278 865 1486 900 profunditatem
1509 873 1560 892 non
1584 865 1713 892 habebant

925 917 1005 944 neque
1021 911 1148 941 radicem,
1169 917 1307 947 postquam
1327 916 1420 938 exorta
1442 917 1513 941 sunt.
1531 917 1711 938 exaruerunt:

923 963 981 989 qua;
990 964 1049 982 vero
1059 957 1084 983 in
1096 958 1199 990 spinas,
1213 965 1267 984 una
1278 957 1408 992 mira/rata
1418 962 1477 983 sunt
1496 957 1529 989 ⁶’;
1545 962 1572 983 et
1585 964 1712 992 quaecun-

923 1008 975 1036 que
990 1002 1024 1029 de
1041 1002 1084 1030 his
1095 1011 1187 1030 sermo
1200 1004 1388 1038 prosequitur?

1244 1048 1399 1082 Responsio.

959 1092 1049 1120 Εαίυἱι
1068 1094 1113 1128 qui
1137 1094 1286 1120 seminabat
1305 1094 1339 1120 ad
1363 1093 1556 1121 seminattdum.
1585 1093 1673 1121 Exivit
1695 1102 1710 1121 a

923 1135 1002 1164 Patre
1016 1136 1154 1168 Christus,
1173 1142 1236 1164 ante
1250 1138 1349 1166 sarcula
1364 1138 1446 1165 Deus.
1463 1137 1511 1165 llic
1522 1138 1593 1165 enim
1607 1142 1650 1166 est
1664 1145 1710 1165 sa-

923 1187 966 1209 tor
983 1183 1080 1210 salutis
1094 1187 1204 1210 nostrae.
1225 1183 1321 1211 Semen
1339 1189 1428 1211 autem
1452 1185 1548 1219 ipsius,
1561 1184 1669 1211 divinus
1683 1187 1711 1211 et

922 1229 1044 1256 viviﬁcus
1058 1237 1149 1257 sermo
1169 1239 1175 1257 :
1191 1237 1299 1261 arvum,
1323 1231 1450 1258 universa
1469 1230 1644 1258 humanitas:
1662 1230 1710 1257 bo-

920 1280 978 1305 ves,
995 1274 1110 1307 apostoli
1130 1283 1136 1300 :
1155 1279 1288 1306 aratrum,
1310 1282 1376 1302 crux
1394 1274 1520 1310 :jugum,
1537 1275 1684 1303 concordia
1700 1284 1706 1302 :

917 1317 1033 1353 jugatio,
1050 1319 1139 1346 dulcis
1150 1319 1270 1353 dilectio,
1283 1321 1414 1355 colligans
1429 1325 1456 1347 et
1471 1321 1590 1348 subdens
1604 1325 1709 1348 sancto-

919 1373 981 1392 rum
996 1365 1126 1393 cervices.
1145 1366 1232 1393 Erillll
1248 1367 1292 1401 qui
1304 1367 1449 1393 seminabal
1468 1367 1501 1393 ad
1514 1367 1706 1399 remittendum,

921 1419 974 1437 non
987 1411 1105 1438 triticum
1123 1416 1170 1438 aut
1197 1413 1339 1443 hordeum,
1360 1420 1414 1439 non
1440 1412 1512 1440 aliud
1534 1413 1636 1447 aliquid
1656 1417 1708 1439 ler-

921 1464 1060 1489 rt-norum,
1077 1458 1118 1484 vel
1131 1458 1153 1485 si
1169 1466 1222 1492 qua
1235 1458 1345 1493 insuper
1356 1459 1408 1485 alia
1424 1468 1430 1485 :
1452 1459 1498 1486 sed
1524 1459 1601 1486 [idem
1617 1459 1643 1485 in
1655 1458 1708 1485 Pa-

920 1506 988 1530 trem
1007 1508 1034 1530 et
1045 1503 1144 1531 Filium
1157 1509 1184 1531 et
1195 1509 1318 1531 sanctum
1334 1505 1476 1540 Spiritum,
1490 1513 1565 1540 spem
1586 1513 1707 1532 resurre-

921 1549 1029 1582 ctionis,
1041 1555 1068 1576 et
1088 1550 1257 1578 dilectionem
1276 1551 1303 1578 in
1330 1551 1414 1578 Deum
1435 1556 1462 1579 et
1481 1552 1635 1587 proximum
1651 1559 1706 1578 non

920 1595 1085 1624 simulatam.
1096 1597 1184 1624 Exivit
1198 1601 1273 1624 sator
1291 1598 1426 1630 Christus,
1447 1598 1622 1633 habensjuga
1644 1606 1706 1633 apo-

917 1641 1013 1673 stolos,
1031 1646 1060 1669 ut
1079 1642 1168 1677 inquit
1190 1643 1295 1670 Isaias:
1312 1642 1373 1670 Non
1397 1645 1464 1670 enim
1485 1653 1531 1678 per
1543 1645 1629 1671 decem
1637 1643 1705 1678 juga

917 1687 995 1714 buunt
1017 1690 1133 1722 fecerunt
1159 1689 1312 1722 amphoram
1339 1698 1418 1716 unum
1437 1689 1477 1716 "‘1
1496 1689 1592 1717 Decem
1613 1695 1703 1717 autem

914 1733 978 1769 juaa
995 1734 1075 1761 boum
1096 1735 1250 1766 rationalia,
1270 1743 1376 1763 sacrum
1395 1741 1494 1762 cmtutn
1516 1736 1702 1770 apostolorum

916 1779 1080 1813 signiﬁcant,
1102 1780 1245 1808 duodecim
1272 1781 1382 1816 quidem
1414 1786 1477 1808 ante
1514 1781 1668 1816 passionem
1691 1792 1697 1809 :

915 1829 1017 1859 septem
1042 1826 1104 1853 item
1131 1834 1193 1853 cum
1213 1827 1351 1861 Stephano
1367 1832 1427 1861 post
1445 1827 1702 1854 divinatn'resurre-

916 1872 1032 1899 ctionem
1047 1873 1098 1899 sub
1122 1873 1264 1901 duodecim
1291 1873 1385 1900 electis
1402 1882 1408 1900 :
1428 1873 1588 1908 vigesimum
1609 1877 1699 1900 autem

913 1924 975 1945 eum
990 1918 1036 1952 qui
1048 1926 1081 1945 ex
1096 1918 1172 1946 caelis
1183 1919 1294 1950 audivit,
1307 1918 1398 1951 Saule,
1411 1919 1502 1951 Saule,
1517 1919 1579 1954 quid
1593 1927 1632 1946 me
1641 1927 1701 1953 per-

913 1966 1028 1999 sequeris
1049 1965 1089 1992 “'9
1113 1966 1159 2000 qui
1184 1973 1280 1993 rursus
1308 1974 1357 2000 pro
1377 1973 1410 1993 eo
1434 1973 1513 1999 quem
1540 1972 1700 2000 persecutus

913 2009 1001 2038 fuerat
1031 2011 1162 2039 adversus
1190 2013 1370 2040 contribulem
1401 2012 1536 2043 lsraelcm,
1565 2012 1590 2038 in
1617 2011 1697 2039 aliam

913 2057 997 2084 aciem
1017 2058 1233 2090 transstzribitur,
1255 2063 1282 2085 et
1304 2059 1336 2085 ad
1357 2059 1456 2086 bellum
1473 2058 1591 2085 vicissim
1606 2066 1698 2085 arma-

914 2107 967 2130 tur.
980 2103 1020 2130 llli
1032 2104 1124 2138 itaque
1143 2104 1290 2131 rationales
1304 2106 1402 2132 satoris
1415 2105 1487 2131 illius
1499 2105 1591 2138 viginti
1605 2105 1696 2135 boves.

912 2149 1067 2175 mortaliutn
1079 2149 1230 2176 effoderunt
1241 2149 1357 2176 animale
1375 2157 1480 2182 arvum,
1496 2158 1542 2184 per
1556 2149 1695 2176 Christum

912 2195 1160 2223 dissemiuaverunt
1184 2196 1332 2230 unicuique
1353 2196 1405 2223 sub
1428 2196 1486 2223 sole
1501 2203 1560 2222 eam
1580 2203 1641 2230 quas
1655 2200 1699 2223 est

915 2241 942 2267 in
960 2241 1047 2275 ipsum
1071 2241 1162 2274 ﬁdem,
1182 2241 1251 2269 facta
1277 2246 1332 2268 tota
1360 2246 1465 2269 terrena
1489 2249 1580 2268 massa
1602 2245 1697 2269 nostra

914 2287 1046 2322 amphora
1074 2295 1138 2320 una,
1167 2295 1266 2321 capace
1289 2287 1441 2315 divinarum
1465 2287 1641 2314 misturarum
1670 2291 1698 2314 et

914 2333 1053 2368 sanguinis
1068 2338 1095 2361 et
1105 2341 1192 2368 aqua,
1209 2333 1357 2360 eﬂ‘usorum
1370 2333 1396 2359 in
1408 2341 1489 2360 cruce
1510 2340 1556 2368 per
1579 2333 1695 2366 apertio-

914 2386 976 2406 nem
1005 2379 1106 2406 lanceae
1126 2386 1159 2406 ex
1185 2387 1248 2406 vase
1272 2379 1347 2406 ﬁctili
1369 2379 1452 2406 divini
1478 2379 1610 2414 corporis.
1638 2378 1696 2413 Ipse

913 2423 985 2450 enim
1005 2427 1088 2456 sator,
1106 2424 1163 2458 ipse
1186 2423 1285 2458 figulus
1308 2428 1408 2451 nostrae
1428 2431 1526 2451 massae
1545 2425 1694 2450 Christus:

912 2469 1033 2503 quiante
1047 2469 1261 2497 incarnationem
1269 2469 1378 2504 quidem
1391 2478 1439 2497 nos
1447 2477 1479 2497 ex
1488 2469 1571 2497 nihilo
1581 2470 1694 2502 creavit,

912 2515 1114 2541 contaminatos
1145 2520 1235 2541 autem
1263 2518 1291 2541 et
1328 2515 1391 2542 inde
1412 2515 1554 2542 deterioris
1581 2522 1694 2548 capaces

910 2560 1012 2592 factos,
1028 2568 1077 2595 per
1092 2566 1207 2587 mortem
1225 2561 1358 2588 contrilos
1375 2561 1493 2595 relingit,
1507 2566 1533 2588 et
1543 2568 1591 2595 per
1603 2567 1694 2595 perse-

911 2607 1060 2634 verantiam
1083 2607 1109 2633 in
1131 2613 1270 2641 posterum
1296 2607 1377 2634 eiﬁcit
1397 2607 1499 2634 nullius
1529 2607 1637 2634 malitiae
1648 2613 1693 2633 ca-

912 2660 1000 2687 paces.
1024 2652 1084 2688 lpse
1106 2652 1239 2688 siquidem
1276 2653 1379 2688 absque
1401 2653 1528 2680 mistione
1542 2657 1569 2680 et
1591 2652 1694 2687 absque

911 2698 1073 2726 confusione
1092 2703 1311 2733 contemperatur
1334 2707 1395 2726 cutn
1423 2699 1561 2734 ﬁgmento,
1580 2698 1693 2725 immor-

111 2758 133 2773 '°
148 2757 226 2785 Rom.
246 2767 305 2792 vm,
324 2761 366 2788 18.
404 2763 425 2777 ¹¹
439 2761 554 2798 Philipp.
570 2771 610 2790 Ill.
628 2764 654 2791 8.
693 2765 715 2780 "
728 2765 823 2793 Matth.
837 2775 863 2794 κε

920 2767 967 2794 3-7.
1006 2767 1030 2783 ⁶³
1052 2768 1141 2800 lsa.v,
1165 2768 1208 2795 10.
1246 2768 1268 2783 ⁵⁸
1284 2767 1343 2795 Act.
1363 2776 1400 2799 lx,
1415 2768 1440 2795 ι’.

112 2825 166 2864 (id)
184 2827 225 2864 Qt‘;
318 2849 325 2855 .
337 2849 344 2855 .
355 2848 361 2855 .
373 2847 380 2854 .
394 2828 467 2864 δέκα
477 2829 498 2859 ζῖ
511 2829 595 2857 Aliter
607 2830 677 2864 apud
694 2830 763 2856 LXX
777 2830 851 2858 Isaiae

78 2869 103 2894 γ,
120 2862 160 2895 l0,
175 2862 216 2890 sic
230 2862 356 2890 nimirum
376 2861 432 2892 :06
454 2865 506 2901 γὰρ
525 2861 658 2901 ὲργῶνται
682 2865 747 2892 δέκα
769 2865 852 2902 ζεύγη

907 2832 986 2870 βοῶν,
996 2832 1245 2870 ποιήσει-κέραμον
1256 2833 1293 2870 ἓνΪ
1302 2831 1394 2867 Vulg:
1410 2832 1501 2860 Decem
1514 2834 1582 2861 enim
1595 2834 1690 2870 jugera

911 2867 1042 2894 vinearum
1059 2867 1155 2902 facient
1170 2868 1337 2903 lagunculam
1353 2876 1443 2895 uuam.
