  <div class='ocr_page' id='page_1' title='image "/cluster/home/n/w/nwhite01/storage/ocr_20150623/38/njp.32101077772570/597.png"; bbox 0 0 1910 3038; ppageno 0'>
   <div class='ocr_carea' id='block_1_1' title="bbox 206 135 275 166">
    <p class='ocr_par' dir='ltr' id='par_1_1' title="bbox 206 135 275 166">
     <span class='ocr_line' id='line_1_1' title="bbox 206 135 275 166; baseline 0 0"><span class='ocrx_word' id='word_1_1' title='bbox 206 135 275 166; x_wconf 78' lang='lat' dir='ltr'><strong>H75</strong></span> 
     </span>
    </p>
   </div>
   <div class='ocr_carea' id='block_1_2' title="bbox 207 199 994 233">
    <p class='ocr_par' dir='ltr' id='par_1_2' title="bbox 207 199 994 233">
     <span class='ocr_line' id='line_1_2' title="bbox 207 199 994 233; baseline 0.004 -8"><span class='ocrx_word' id='word_1_2' title='bbox 207 201 276 225; x_wconf 56' lang='lat' dir='ltr'><strong>tatis</strong></span> <span class='ocrx_word' id='word_1_3' title='bbox 299 205 406 233; x_wconf 85' lang='lat' dir='ltr'><strong>semper</strong></span> <span class='ocrx_word' id='word_1_4' title='bbox 424 206 474 226; x_wconf 88' lang='lat' dir='ltr'><strong>nos</strong></span> <span class='ocrx_word' id='word_1_5' title='bbox 489 206 549 227; x_wconf 88' lang='lat' dir='ltr'><strong>esse</strong></span> <span class='ocrx_word' id='word_1_6' title='bbox 571 199 679 228; x_wconf 81' lang='lat' dir='ltr'><strong>futuros</strong></span> <span class='ocrx_word' id='word_1_7' title='bbox 702 201 821 228; x_wconf 82' lang='lat' dir='ltr'><strong>eliiciens</strong></span> <span class='ocrx_word' id='word_1_8' title='bbox 841 201 866 228; x_wconf 90' lang='lat' dir='ltr'><strong>vi</strong></span> <span class='ocrx_word' id='word_1_9' title='bbox 883 201 994 228; x_wconf 87' lang='lat' dir='ltr'><strong>unionis</strong></span> 
     </span>
    </p>
   </div>
   <div class='ocr_carea' id='block_1_3' title="bbox 210 244 994 282">
    <p class='ocr_par' dir='ltr' id='par_1_3' title="bbox 210 244 994 282">
     <span class='ocr_line' id='line_1_3' title="bbox 210 244 994 282; baseline 0.006 -13"><span class='ocrx_word' id='word_1_10' title='bbox 210 251 270 270; x_wconf 86' lang='lat' dir='ltr'><strong>cum</strong></span> <span class='ocrx_word' id='word_1_11' title='bbox 285 244 386 271; x_wconf 85' lang='lat' dir='ltr'><strong>nostris</strong></span> <span class='ocrx_word' id='word_1_12' title='bbox 403 249 429 271; x_wconf 86' lang='lat' dir='ltr'><strong>et</strong></span> <span class='ocrx_word' id='word_1_13' title='bbox 443 245 536 272; x_wconf 80' lang='lat' dir='ltr'><strong>habitu</strong></span> <span class='ocrx_word' id='word_1_14' title='bbox 552 249 654 273; x_wconf 90' lang='lat' dir='ltr'><strong>nostro.</strong></span> <span class='ocrx_word' id='word_1_15' title='bbox 676 246 765 281; x_wconf 81' lang='lat' dir='ltr'><strong>Atque</strong></span> <span class='ocrx_word' id='word_1_16' title='bbox 777 247 833 282; x_wconf 85' lang='lat' dir='ltr'><strong>ipse</strong></span> <span class='ocrx_word' id='word_1_17' title='bbox 848 247 930 274; x_wconf 83' lang='lat' dir='ltr'><strong>ﬁctile</strong></span> <span class='ocrx_word' id='word_1_18' title='bbox 946 254 994 274; x_wconf 84' lang='lat' dir='ltr'><strong>vas</strong></span> 
     </span>
    </p>
   </div>
   <div class='ocr_carea' id='block_1_4' title="bbox 212 289 994 323">
    <p class='ocr_par' dir='ltr' id='par_1_4' title="bbox 212 289 994 323">
     <span class='ocr_line' id='line_1_4' title="bbox 212 289 994 323; baseline 0.005 -7"><span class='ocrx_word' id='word_1_19' title='bbox 212 292 251 316; x_wconf 69' lang='lat' dir='ltr'><strong>cst</strong></span> <span class='ocrx_word' id='word_1_20' title='bbox 265 289 337 323; x_wconf 83' lang='lat' dir='ltr'><strong>quod</strong></span> <span class='ocrx_word' id='word_1_21' title='bbox 354 297 386 316; x_wconf 85' lang='lat' dir='ltr'><strong>ex</strong></span> <span class='ocrx_word' id='word_1_22' title='bbox 401 294 494 317; x_wconf 81' lang='lat' dir='ltr'><strong>nostra</strong></span> <span class='ocrx_word' id='word_1_23' title='bbox 514 295 581 318; x_wconf 87' lang='lat' dir='ltr'><strong>testa</strong></span> <span class='ocrx_word' id='word_1_24' title='bbox 602 292 753 319; x_wconf 89' lang='lat' dir='ltr'><strong>secundum</strong></span> <span class='ocrx_word' id='word_1_25' title='bbox 768 300 878 320; x_wconf 87' lang='lat' dir='ltr'><strong>carnem</strong></span> <span class='ocrx_word' id='word_1_26' title='bbox 893 293 994 320; x_wconf 71' lang='lat' dir='ltr'><strong>{aetum</strong></span> 
     </span>
    </p>
   </div>
   <div class='ocr_carea' id='block_1_5' title="bbox 207 334 994 373">
    <p class='ocr_par' dir='ltr' id='par_1_5' title="bbox 207 334 994 373">
     <span class='ocr_line' id='line_1_5' title="bbox 207 334 994 373; baseline 0.008 -13"><span class='ocrx_word' id='word_1_27' title='bbox 207 337 262 364; x_wconf 84' lang='lat' dir='ltr'><strong>est,</strong></span> <span class='ocrx_word' id='word_1_28' title='bbox 280 334 384 361; x_wconf 81' lang='lat' dir='ltr'><strong>habens</strong></span> <span class='ocrx_word' id='word_1_29' title='bbox 403 336 537 363; x_wconf 77' lang='lat' dir='ltr'><strong>viventem</strong></span> <span class='ocrx_word' id='word_1_30' title='bbox 553 341 584 364; x_wconf 75' lang='lat' dir='ltr'><strong>et</strong></span> <span class='ocrx_word' id='word_1_31' title='bbox 594 337 735 365; x_wconf 80' lang='lat' dir='ltr'><strong>salientem</strong></span> <span class='ocrx_word' id='word_1_32' title='bbox 761 346 859 373; x_wconf 86' lang='lat' dir='ltr'><strong>aquam</strong></span> <span class='ocrx_word' id='word_1_33' title='bbox 879 347 936 366; x_wconf 64' lang='lat' dir='ltr'><strong>suae</strong></span> <span class='ocrx_word' id='word_1_34' title='bbox 951 339 994 365; x_wconf 91' lang='lat' dir='ltr'><strong>di-</strong></span> 
     </span>
    </p>
   </div>
   <div class='ocr_carea' id='block_1_6' title="bbox 210 379 995 419">
    <p class='ocr_par' dir='ltr' id='par_1_6' title="bbox 210 379 995 419">
     <span class='ocr_line' id='line_1_6' title="bbox 210 379 995 419; baseline 0.008 -14"><span class='ocrx_word' id='word_1_35' title='bbox 210 379 341 412; x_wconf 83' lang='lat' dir='ltr'><strong>vinitatis,</strong></span> <span class='ocrx_word' id='word_1_36' title='bbox 358 381 428 415; x_wconf 91' lang='lat' dir='ltr'><strong>quod</strong></span> <span class='ocrx_word' id='word_1_37' title='bbox 452 381 533 408; x_wconf 81' lang='lat' dir='ltr'><strong>veluti</strong></span> <span class='ocrx_word' id='word_1_38' title='bbox 554 382 644 410; x_wconf 80' lang='lat' dir='ltr'><strong>ferens</strong></span> <span class='ocrx_word' id='word_1_39' title='bbox 663 383 783 412; x_wconf 81' lang='lat' dir='ltr'><strong>Joannes</strong></span> <span class='ocrx_word' id='word_1_40' title='bbox 803 391 852 419; x_wconf 87' lang='lat' dir='ltr'><strong>per</strong></span> <span class='ocrx_word' id='word_1_41' title='bbox 865 384 995 418; x_wconf 68' lang='lat' dir='ltr'><strong>praedica-</strong></span> 
     </span>
    </p>
   </div>
   <div class='ocr_carea' id='block_1_7' title="bbox 211 425 994 463">
    <p class='ocr_par' dir='ltr' id='par_1_7' title="bbox 211 425 994 463">
     <span class='ocr_line' id='line_1_7' title="bbox 211 425 994 463; baseline 0.008 -13"><span class='ocrx_word' id='word_1_42' title='bbox 211 425 312 452; x_wconf 82' lang='lat' dir='ltr'><strong>tionem</strong></span> <span class='ocrx_word' id='word_1_43' title='bbox 341 426 524 461; x_wconf 82' lang='lat' dir='ltr'><strong>baptismatis,</strong></span> <span class='ocrx_word' id='word_1_44' title='bbox 556 428 701 460; x_wconf 82' lang='lat' dir='ltr'><strong>clamabat,</strong></span> <span class='ocrx_word' id='word_1_45' title='bbox 735 433 882 463; x_wconf 86' lang='lat' dir='ltr'><strong>conspecto</strong></span> <span class='ocrx_word' id='word_1_46' title='bbox 907 428 994 456; x_wconf 82' lang='lat' dir='ltr'><strong>Jesu:</strong></span> 
     </span>
    </p>
   </div>
   <div class='ocr_carea' id='block_1_8' title="bbox 211 469 996 509">
    <p class='ocr_par' dir='ltr' id='par_1_8' title="bbox 211 469 996 509">
     <span class='ocr_line' id='line_1_8' title="bbox 211 469 996 509; baseline 0.008 -13"><span class='ocrx_word' id='word_1_47' title='bbox 211 469 279 497; x_wconf 77' lang='lat' dir='ltr'><strong>Ecce</strong></span> <span class='ocrx_word' id='word_1_48' title='bbox 294 480 377 506; x_wconf 79' lang='lat' dir='ltr'><strong>agnus</strong></span> <span class='ocrx_word' id='word_1_49' title='bbox 398 472 446 499; x_wconf 86' lang='lat' dir='ltr'><strong>Dei</strong></span> <span class='ocrx_word' id='word_1_50' title='bbox 461 473 506 507; x_wconf 83' lang='lat' dir='ltr'><strong>qui</strong></span> <span class='ocrx_word' id='word_1_51' title='bbox 523 473 591 500; x_wconf 86' lang='lat' dir='ltr'><strong>tollit</strong></span> <span class='ocrx_word' id='word_1_52' title='bbox 609 481 742 509; x_wconf 82' lang='lat' dir='ltr'><strong>peccatum</strong></span> <span class='ocrx_word' id='word_1_53' title='bbox 765 476 856 502; x_wconf 84' lang='lat' dir='ltr'><strong>mundi</strong></span> <span class='ocrx_word' id='word_1_54' title='bbox 869 475 903 508; x_wconf 86' lang='lat'><strong>&quot;,</strong></span> <span class='ocrx_word' id='word_1_55' title='bbox 914 483 996 503; x_wconf 82' lang='lat' dir='ltr'><strong>cruce</strong></span> 
     </span>
    </p>
   </div>
   <div class='ocr_carea' id='block_1_9' title="bbox 210 517 996 556">
    <p class='ocr_par' dir='ltr' id='par_1_9' title="bbox 210 517 996 556">
     <span class='ocr_line' id='line_1_9' title="bbox 210 517 996 556; baseline 0.008 -13"><span class='ocrx_word' id='word_1_56' title='bbox 210 522 238 543; x_wconf 92' lang='lat' dir='ltr'><strong>et</strong></span> <span class='ocrx_word' id='word_1_57' title='bbox 253 517 411 551; x_wconf 86' lang='lat' dir='ltr'><strong>profusione</strong></span> <span class='ocrx_word' id='word_1_58' title='bbox 430 519 570 554; x_wconf 80' lang='lat' dir='ltr'><strong>sanguinis</strong></span> <span class='ocrx_word' id='word_1_59' title='bbox 580 525 608 547; x_wconf 89' lang='lat' dir='ltr'><strong>et</strong></span> <span class='ocrx_word' id='word_1_60' title='bbox 628 528 714 555; x_wconf 68' lang='lat' dir='ltr'><strong>aqua.</strong></span> <span class='ocrx_word' id='word_1_61' title='bbox 731 520 768 548; x_wconf 92' lang='lat' dir='ltr'><strong>De</strong></span> <span class='ocrx_word' id='word_1_62' title='bbox 784 529 838 555; x_wconf 88' lang='lat' dir='ltr'><strong>quo</strong></span> <span class='ocrx_word' id='word_1_63' title='bbox 858 521 922 548; x_wconf 87' lang='lat' dir='ltr'><strong>item</strong></span> <span class='ocrx_word' id='word_1_64' title='bbox 939 521 996 556; x_wconf 88' lang='lat' dir='ltr'><strong>ipse</strong></span> 
     </span>
    </p>
   </div>
   <div class='ocr_carea' id='block_1_10' title="bbox 211 560 996 602">
    <p class='ocr_par' dir='ltr' id='par_1_10' title="bbox 211 560 996 602">
     <span class='ocr_line' id='line_1_10' title="bbox 211 560 996 602; baseline 0.009 -15"><span class='ocrx_word' id='word_1_65' title='bbox 211 560 289 588; x_wconf 80' lang='lat' dir='ltr'><strong>Jesus</strong></span> <span class='ocrx_word' id='word_1_66' title='bbox 309 563 489 598; x_wconf 77' lang='lat' dir='ltr'><strong>interrogatus</strong></span> <span class='ocrx_word' id='word_1_67' title='bbox 510 572 524 590; x_wconf 90' lang='lat' dir='ltr'><strong>a</strong></span> <span class='ocrx_word' id='word_1_68' title='bbox 541 565 692 599; x_wconf 87' lang='lat' dir='ltr'><strong>discipulis,</strong></span> <span class='ocrx_word' id='word_1_69' title='bbox 705 566 750 593; x_wconf 91' lang='lat' dir='ltr'><strong>ubi</strong></span> <span class='ocrx_word' id='word_1_70' title='bbox 770 567 820 602; x_wconf 86' lang='lat' dir='ltr'><strong>ipsi</strong></span> <span class='ocrx_word' id='word_1_71' title='bbox 842 566 941 601; x_wconf 89' lang='lat' dir='ltr'><strong>pascha</strong></span> <span class='ocrx_word' id='word_1_72' title='bbox 958 566 996 594; x_wconf 91' lang='lat' dir='ltr'><strong>le-</strong></span> 
     </span>
    </p>
   </div>
   <div class='ocr_carea' id='block_1_11' title="bbox 212 606 996 642">
    <p class='ocr_par' dir='ltr' id='par_1_11' title="bbox 212 606 996 642">
     <span class='ocr_line' id='line_1_11' title="bbox 212 606 996 642; baseline 0.005 -10"><span class='ocrx_word' id='word_1_73' title='bbox 212 606 271 640; x_wconf 77' lang='lat' dir='ltr'><strong>gale</strong></span> <span class='ocrx_word' id='word_1_74' title='bbox 281 613 417 640; x_wconf 84' lang='lat' dir='ltr'><strong>pararent,</strong></span> <span class='ocrx_word' id='word_1_75' title='bbox 434 608 541 642; x_wconf 79' lang='lat' dir='ltr'><strong>inquit:</strong></span> <span class='ocrx_word' id='word_1_76' title='bbox 560 609 634 636; x_wconf 77' lang='lat' dir='ltr'><strong>Abite</strong></span> <span class='ocrx_word' id='word_1_77' title='bbox 646 609 674 636; x_wconf 83' lang='lat' dir='ltr'><strong>in</strong></span> <span class='ocrx_word' id='word_1_78' title='bbox 684 610 827 642; x_wconf 79' lang='lat' dir='ltr'><strong>civitatem,</strong></span> <span class='ocrx_word' id='word_1_79' title='bbox 841 615 865 637; x_wconf 79' lang='lat' dir='ltr'><strong>et</strong></span> <span class='ocrx_word' id='word_1_80' title='bbox 877 614 996 636; x_wconf 73' lang='lat' dir='ltr'><strong>occurret</strong></span> 
     </span>
    </p>
   </div>
   <div class='ocr_carea' id='block_1_12' title="bbox 211 652 996 690">
    <p class='ocr_par' dir='ltr' id='par_1_12' title="bbox 211 652 996 690">
     <span class='ocr_line' id='line_1_12' title="bbox 211 652 996 690; baseline 0.005 -12"><span class='ocrx_word' id='word_1_81' title='bbox 211 652 282 679; x_wconf 64' lang='lat' dir='ltr'><strong>vobis</strong></span> <span class='ocrx_word' id='word_1_82' title='bbox 295 652 372 679; x_wconf 80' lang='lat' dir='ltr'><strong>homo</strong></span> <span class='ocrx_word' id='word_1_83' title='bbox 388 653 470 687; x_wconf 77' lang='lat' dir='ltr'><strong>ﬁctile</strong></span> <span class='ocrx_word' id='word_1_84' title='bbox 491 662 535 680; x_wconf 77' lang='lat' dir='ltr'><strong>vas</strong></span> <span class='ocrx_word' id='word_1_85' title='bbox 560 663 634 689; x_wconf 63' lang='lat' dir='ltr'><strong>aqua</strong></span> <span class='ocrx_word' id='word_1_86' title='bbox 655 661 758 690; x_wconf 71' lang='lat' dir='ltr'><strong>gestans</strong></span> <span class='ocrx_word' id='word_1_87' title='bbox 777 663 786 682; x_wconf 90' lang='lat'><strong><em>:</em></strong></span> <span class='ocrx_word' id='word_1_88' title='bbox 806 660 830 682; x_wconf 86' lang='lat' dir='ltr'><strong>et</strong></span> <span class='ocrx_word' id='word_1_89' title='bbox 851 656 874 682; x_wconf 87' lang='lat' dir='ltr'><strong>ei</strong></span> <span class='ocrx_word' id='word_1_90' title='bbox 892 656 971 682; x_wconf 72' lang='lat' dir='ltr'><strong>dicite</strong></span> <span class='ocrx_word' id='word_1_91' title='bbox 986 663 996 682; x_wconf 86' lang='lat'><strong><em>:</em></strong></span> 
     </span>
    </p>
   </div>
   <div class='ocr_carea' id='block_1_13' title="bbox 214 697 996 734">
    <p class='ocr_par' dir='ltr' id='par_1_13' title="bbox 214 697 996 734">
     <span class='ocr_line' id='line_1_13' title="bbox 214 697 996 734; baseline 0.005 -11"><span class='ocrx_word' id='word_1_92' title='bbox 214 697 341 731; x_wconf 71' lang='lat' dir='ltr'><strong>Magister</strong></span> <span class='ocrx_word' id='word_1_93' title='bbox 354 698 423 724; x_wconf 71' lang='lat' dir='ltr'><strong>dixit</strong></span> <span class='ocrx_word' id='word_1_94' title='bbox 441 699 474 731; x_wconf 82' lang='grc'><strong>⁶⁶,</strong></span> <span class='ocrx_word' id='word_1_95' title='bbox 494 699 571 733; x_wconf 77' lang='lat' dir='ltr'><strong>Apud</strong></span> <span class='ocrx_word' id='word_1_96' title='bbox 588 704 612 726; x_wconf 79' lang='lat' dir='ltr'><strong>te</strong></span> <span class='ocrx_word' id='word_1_97' title='bbox 631 699 700 734; x_wconf 73' lang='lat' dir='ltr'><strong>facio</strong></span> <span class='ocrx_word' id='word_1_98' title='bbox 722 701 821 734; x_wconf 82' lang='lat' dir='ltr'><strong>pascha</strong></span> <span class='ocrx_word' id='word_1_99' title='bbox 841 709 901 726; x_wconf 83' lang='lat' dir='ltr'><strong>cum</strong></span> <span class='ocrx_word' id='word_1_100' title='bbox 916 701 996 727; x_wconf 79' lang='lat' dir='ltr'><strong>disci-</strong></span> 
     </span>
    </p>
   </div>
   <div class='ocr_carea' id='block_1_14' title="bbox 212 743 997 777">
    <p class='ocr_par' dir='ltr' id='par_1_14' title="bbox 212 743 997 777">
     <span class='ocr_line' id='line_1_14' title="bbox 212 743 997 777; baseline 0.005 -8"><span class='ocrx_word' id='word_1_101' title='bbox 212 743 283 777; x_wconf 68' lang='lat' dir='ltr'><strong>pulis</strong></span> <span class='ocrx_word' id='word_1_102' title='bbox 307 744 381 770; x_wconf 80' lang='lat' dir='ltr'><strong>meis.</strong></span> <span class='ocrx_word' id='word_1_103' title='bbox 406 743 441 770; x_wconf 81' lang='lat' dir='ltr'><strong>Et</strong></span> <span class='ocrx_word' id='word_1_104' title='bbox 462 746 578 772; x_wconf 73' lang='lat' dir='ltr'><strong>ostendet</strong></span> <span class='ocrx_word' id='word_1_105' title='bbox 601 746 672 772; x_wconf 75' lang='lat' dir='ltr'><strong>vobis</strong></span> <span class='ocrx_word' id='word_1_106' title='bbox 698 746 859 773; x_wconf 77' lang='lat' dir='ltr'><strong>rtznaculum</strong></span> <span class='ocrx_word' id='word_1_107' title='bbox 883 751 997 773; x_wconf 80' lang='lat' dir='ltr'><strong>stratum</strong></span> 
     </span>
    </p>
   </div>
   <div class='ocr_carea' id='block_1_15' title="bbox 213 789 998 827">
    <p class='ocr_par' dir='ltr' id='par_1_15' title="bbox 213 789 998 827">
     <span class='ocr_line' id='line_1_15' title="bbox 213 789 998 827; baseline 0.006 -13"><span class='ocrx_word' id='word_1_108' title='bbox 213 796 348 823; x_wconf 76' lang='lat' dir='ltr'><strong>magnum,</strong></span> <span class='ocrx_word' id='word_1_109' title='bbox 360 794 385 816; x_wconf 80' lang='lat' dir='ltr'><strong>et</strong></span> <span class='ocrx_word' id='word_1_110' title='bbox 394 789 450 816; x_wconf 83' lang='lat' dir='ltr'><strong>illic</strong></span> <span class='ocrx_word' id='word_1_111' title='bbox 460 795 554 824; x_wconf 81' lang='lat' dir='ltr'><strong>parate</strong></span> <span class='ocrx_word' id='word_1_112' title='bbox 571 791 603 818; x_wconf 87' lang='lat'><strong>“&#39;.</strong></span> <span class='ocrx_word' id='word_1_113' title='bbox 617 791 707 826; x_wconf 84' lang='lat' dir='ltr'><strong>Atque</strong></span> <span class='ocrx_word' id='word_1_114' title='bbox 726 791 796 819; x_wconf 81' lang='lat' dir='ltr'><strong>facta</strong></span> <span class='ocrx_word' id='word_1_115' title='bbox 810 791 920 827; x_wconf 88' lang='lat' dir='ltr'><strong>quidem</strong></span> <span class='ocrx_word' id='word_1_116' title='bbox 935 796 998 819; x_wconf 86' lang='lat' dir='ltr'><strong>sunt</strong></span> 
     </span>
    </p>
   </div>
   <div class='ocr_carea' id='block_1_16' title="bbox 214 834 998 872">
    <p class='ocr_par' dir='ltr' id='par_1_16' title="bbox 214 834 998 872">
     <span class='ocr_line' id='line_1_16' title="bbox 214 834 998 872; baseline 0.004 -11"><span class='ocrx_word' id='word_1_117' title='bbox 214 834 271 861; x_wconf 74' lang='lat' dir='ltr'><strong>hau:</strong></span> <span class='ocrx_word' id='word_1_118' title='bbox 287 835 431 862; x_wconf 84' lang='lat' dir='ltr'><strong>sensiliter.</strong></span> <span class='ocrx_word' id='word_1_119' title='bbox 446 835 632 871; x_wconf 75' lang='lat' dir='ltr'><strong>lntelliganlnr</strong></span> <span class='ocrx_word' id='word_1_120' title='bbox 646 841 737 864; x_wconf 86' lang='lat' dir='ltr'><strong>autem</strong></span> <span class='ocrx_word' id='word_1_121' title='bbox 758 837 873 872; x_wconf 79' lang='lat' dir='ltr'><strong>ﬁgurate</strong></span> <span class='ocrx_word' id='word_1_122' title='bbox 888 846 896 864; x_wconf 90' lang='lat'>:</span> <span class='ocrx_word' id='word_1_123' title='bbox 912 836 998 864; x_wconf 86' lang='lat' dir='ltr'><strong>Homo</strong></span> 
     </span>
    </p>
   </div>
   <div class='ocr_carea' id='block_1_17' title="bbox 215 881 997 916">
    <p class='ocr_par' dir='ltr' id='par_1_17' title="bbox 215 881 997 916">
     <span class='ocr_line' id='line_1_17' title="bbox 215 881 997 916; baseline 0.003 -10"><span class='ocrx_word' id='word_1_124' title='bbox 215 881 323 914; x_wconf 88' lang='lat' dir='ltr'><strong>quidem</strong></span> <span class='ocrx_word' id='word_1_125' title='bbox 345 885 454 915; x_wconf 76' lang='lat' dir='ltr'><strong>gestans</strong></span> <span class='ocrx_word' id='word_1_126' title='bbox 476 881 557 908; x_wconf 84' lang='lat' dir='ltr'><strong>lictile</strong></span> <span class='ocrx_word' id='word_1_127' title='bbox 573 889 620 909; x_wconf 79' lang='lat' dir='ltr'><strong>vas</strong></span> <span class='ocrx_word' id='word_1_128' title='bbox 634 888 722 916; x_wconf 66' lang='lat' dir='ltr'><strong>aquas,</strong></span> <span class='ocrx_word' id='word_1_129' title='bbox 735 881 852 909; x_wconf 76' lang='lat' dir='ltr'><strong>Joannes</strong></span> <span class='ocrx_word' id='word_1_130' title='bbox 866 881 997 916; x_wconf 84' lang='lat' dir='ltr'><strong>Baptista,</strong></span> 
     </span>
    </p>
   </div>
   <div class='ocr_carea' id='block_1_18' title="bbox 215 926 995 961">
    <p class='ocr_par' dir='ltr' id='par_1_18' title="bbox 215 926 995 961">
     <span class='ocr_line' id='line_1_18' title="bbox 215 926 995 961; baseline 0.003 -9"><span class='ocrx_word' id='word_1_131' title='bbox 215 926 364 960; x_wconf 67' lang='lat' dir='ltr'><strong>praedicans</strong></span> <span class='ocrx_word' id='word_1_132' title='bbox 395 926 561 960; x_wconf 72' lang='lat' dir='ltr'><strong>pmnitentia:</strong></span> <span class='ocrx_word' id='word_1_133' title='bbox 591 927 754 961; x_wconf 76' lang='lat' dir='ltr'><strong>baptismum</strong></span> <span class='ocrx_word' id='word_1_134' title='bbox 786 931 814 953; x_wconf 87' lang='lat' dir='ltr'><strong>et</strong></span> <span class='ocrx_word' id='word_1_135' title='bbox 847 927 995 961; x_wconf 80' lang='lat' dir='ltr'><strong>baptizans.</strong></span> 
     </span>
    </p>
   </div>
   <div class='ocr_carea' id='block_1_19' title="bbox 213 970 998 1006">
    <p class='ocr_par' dir='ltr' id='par_1_19' title="bbox 213 970 998 1006">
     <span class='ocr_line' id='line_1_19' title="bbox 213 970 998 1006; baseline 0.001 -9"><span class='ocrx_word' id='word_1_136' title='bbox 213 970 318 998; x_wconf 81' lang='lat' dir='ltr'><strong>Civitas</strong></span> <span class='ocrx_word' id='word_1_137' title='bbox 347 975 435 998; x_wconf 84' lang='lat' dir='ltr'><strong>autem</strong></span> <span class='ocrx_word' id='word_1_138' title='bbox 462 978 579 1006; x_wconf 81' lang='lat' dir='ltr'><strong>superna</strong></span> <span class='ocrx_word' id='word_1_139' title='bbox 610 971 788 1004; x_wconf 81' lang='lat' dir='ltr'><strong>Hierusalem,</strong></span> <span class='ocrx_word' id='word_1_140' title='bbox 817 971 897 1006; x_wconf 87' lang='lat' dir='ltr'><strong>cujus</strong></span> <span class='ocrx_word' id='word_1_141' title='bbox 926 971 998 998; x_wconf 81' lang='lat' dir='ltr'><strong>cives</strong></span> 
     </span>
    </p>
   </div>
   <div class='ocr_carea' id='block_1_20' title="bbox 213 1015 999 1052">
    <p class='ocr_par' dir='ltr' id='par_1_20' title="bbox 213 1015 999 1052">
     <span class='ocr_line' id='line_1_20' title="bbox 213 1015 999 1052; baseline 0.001 -9"><span class='ocrx_word' id='word_1_142' title='bbox 213 1015 331 1044; x_wconf 76' lang='lat' dir='ltr'><strong>Joannes</strong></span> <span class='ocrx_word' id='word_1_143' title='bbox 355 1022 382 1044; x_wconf 87' lang='lat' dir='ltr'><strong>et</strong></span> <span class='ocrx_word' id='word_1_144' title='bbox 401 1022 496 1044; x_wconf 62' lang='lat' dir='ltr'><strong>caetera</strong></span> <span class='ocrx_word' id='word_1_145' title='bbox 512 1017 648 1052; x_wconf 86' lang='lat' dir='ltr'><strong>justorum</strong></span> <span class='ocrx_word' id='word_1_146' title='bbox 672 1022 700 1045; x_wconf 90' lang='lat' dir='ltr'><strong>et</strong></span> <span class='ocrx_word' id='word_1_147' title='bbox 722 1022 878 1045; x_wconf 88' lang='lat' dir='ltr'><strong>sanctorum</strong></span> <span class='ocrx_word' id='word_1_148' title='bbox 906 1018 999 1044; x_wconf 77' lang='lat' dir='ltr'><strong>turba.</strong></span> 
     </span>
    </p>
   </div>
   <div class='ocr_carea' id='block_1_21' title="bbox 215 1061 997 1098">
    <p class='ocr_par' dir='ltr' id='par_1_21' title="bbox 215 1061 997 1098">
     <span class='ocr_line' id='line_1_21' title="bbox 215 1061 997 1098; baseline 0 -9"><span class='ocrx_word' id='word_1_149' title='bbox 215 1061 392 1089; x_wconf 70' lang='lat' dir='ltr'><strong>Cmnaculum</strong></span> <span class='ocrx_word' id='word_1_150' title='bbox 404 1070 469 1090; x_wconf 84' lang='lat' dir='ltr'><strong>vero</strong></span> <span class='ocrx_word' id='word_1_151' title='bbox 487 1067 603 1090; x_wconf 86' lang='lat' dir='ltr'><strong>stratum</strong></span> <span class='ocrx_word' id='word_1_152' title='bbox 625 1063 766 1098; x_wconf 77' lang='lat' dir='ltr'><strong>splendido</strong></span> <span class='ocrx_word' id='word_1_153' title='bbox 787 1063 875 1098; x_wconf 84' lang='lat' dir='ltr'><strong>lapide</strong></span> <span class='ocrx_word' id='word_1_154' title='bbox 887 1063 997 1094; x_wconf 75' lang='lat' dir='ltr'><strong>ecelum,</strong></span> 
     </span>
    </p>
   </div>
   <div class='ocr_carea' id='block_1_22' title="bbox 216 1107 997 1141">
    <p class='ocr_par' dir='ltr' id='par_1_22' title="bbox 216 1107 997 1141">
     <span class='ocr_line' id='line_1_22' title="bbox 216 1107 997 1141; baseline 0 -8"><span class='ocrx_word' id='word_1_155' title='bbox 216 1107 380 1134; x_wconf 87' lang='lat' dir='ltr'><strong>animalibus</strong></span> <span class='ocrx_word' id='word_1_156' title='bbox 393 1107 556 1141; x_wconf 84' lang='lat' dir='ltr'><strong>quibusdam</strong></span> <span class='ocrx_word' id='word_1_157' title='bbox 571 1111 598 1134; x_wconf 91' lang='lat' dir='ltr'><strong>et</strong></span> <span class='ocrx_word' id='word_1_158' title='bbox 612 1107 708 1134; x_wconf 75' lang='lat' dir='ltr'><strong>formis</strong></span> <span class='ocrx_word' id='word_1_159' title='bbox 721 1107 852 1134; x_wconf 83' lang='lat' dir='ltr'><strong>varietate</strong></span> <span class='ocrx_word' id='word_1_160' title='bbox 862 1112 997 1133; x_wconf 85' lang='lat' dir='ltr'><strong>astrorum</strong></span> 
     </span>
    </p>
   </div>
   <div class='ocr_carea' id='block_1_23' title="bbox 216 1151 999 1186">
    <p class='ocr_par' dir='ltr' id='par_1_23' title="bbox 216 1151 999 1186">
     <span class='ocr_line' id='line_1_23' title="bbox 216 1151 999 1186; baseline 0 -8"><span class='ocrx_word' id='word_1_161' title='bbox 216 1152 373 1186; x_wconf 74' lang='lat' dir='ltr'><strong>ﬁguratum,</strong></span> <span class='ocrx_word' id='word_1_162' title='bbox 393 1153 426 1178; x_wconf 87' lang='lat' dir='ltr'><strong>ad</strong></span> <span class='ocrx_word' id='word_1_163' title='bbox 441 1152 520 1186; x_wconf 86' lang='lat' dir='ltr'><strong>cujus</strong></span> <span class='ocrx_word' id='word_1_164' title='bbox 534 1152 736 1180; x_wconf 75' lang='lat' dir='ltr'><strong>similitudinem</strong></span> <span class='ocrx_word' id='word_1_165' title='bbox 756 1152 846 1186; x_wconf 78' lang='lat' dir='ltr'><strong>regale</strong></span> <span class='ocrx_word' id='word_1_166' title='bbox 864 1151 935 1186; x_wconf 88' lang='lat' dir='ltr'><strong>apud</strong></span> <span class='ocrx_word' id='word_1_167' title='bbox 947 1159 999 1178; x_wconf 87' lang='lat' dir='ltr'><strong>nos</strong></span> 
     </span>
    </p>
   </div>
   <div class='ocr_carea' id='block_1_24' title="bbox 217 1197 999 1234">
    <p class='ocr_par' dir='ltr' id='par_1_24' title="bbox 217 1197 999 1234">
     <span class='ocr_line' id='line_1_24' title="bbox 217 1197 999 1234; baseline 0 -10"><span class='ocrx_word' id='word_1_168' title='bbox 217 1198 399 1232; x_wconf 83' lang='lat' dir='ltr'><strong>pavimentum</strong></span> <span class='ocrx_word' id='word_1_169' title='bbox 421 1198 539 1234; x_wconf 78' lang='lat' dir='ltr'><strong>lapidum</strong></span> <span class='ocrx_word' id='word_1_170' title='bbox 556 1199 686 1226; x_wconf 81' lang='lat' dir='ltr'><strong>varietate</strong></span> <span class='ocrx_word' id='word_1_171' title='bbox 706 1202 833 1225; x_wconf 84' lang='lat' dir='ltr'><strong>stratum.</strong></span> <span class='ocrx_word' id='word_1_172' title='bbox 850 1197 928 1230; x_wconf 85' lang='lat' dir='ltr'><strong>Quod</strong></span> <span class='ocrx_word' id='word_1_173' title='bbox 949 1205 999 1224; x_wconf 84' lang='lat' dir='ltr'><strong>au-</strong></span> 
     </span>
    </p>
   </div>
   <div class='ocr_carea' id='block_1_25' title="bbox 216 1243 998 1279">
    <p class='ocr_par' dir='ltr' id='par_1_25' title="bbox 216 1243 998 1279">
     <span class='ocr_line' id='line_1_25' title="bbox 216 1243 998 1279; baseline 0 -9"><span class='ocrx_word' id='word_1_174' title='bbox 216 1250 270 1271; x_wconf 84' lang='lat' dir='ltr'><strong>tem</strong></span> <span class='ocrx_word' id='word_1_175' title='bbox 292 1245 378 1271; x_wconf 85' lang='lat' dir='ltr'><strong>bobus</strong></span> <span class='ocrx_word' id='word_1_176' title='bbox 403 1245 540 1279; x_wconf 87' lang='lat' dir='ltr'><strong>apostolos</strong></span> <span class='ocrx_word' id='word_1_177' title='bbox 559 1244 727 1279; x_wconf 81' lang='lat' dir='ltr'><strong>comparavit</strong></span> <span class='ocrx_word' id='word_1_178' title='bbox 749 1244 890 1278; x_wconf 83' lang='lat' dir='ltr'><strong>propheta,</strong></span> <span class='ocrx_word' id='word_1_179' title='bbox 908 1243 998 1270; x_wconf 91' lang='lat' dir='ltr'><strong>mani-</strong></span> 
     </span>
    </p>
   </div>
   <div class='ocr_carea' id='block_1_26' title="bbox 215 1289 997 1322">
    <p class='ocr_par' dir='ltr' id='par_1_26' title="bbox 215 1289 997 1322">
     <span class='ocr_line' id='line_1_26' title="bbox 215 1289 997 1322; baseline -0.001 -6"><span class='ocrx_word' id='word_1_180' title='bbox 215 1289 284 1316; x_wconf 80' lang='lat' dir='ltr'><strong>feste</strong></span> <span class='ocrx_word' id='word_1_181' title='bbox 297 1289 464 1317; x_wconf 85' lang='lat' dir='ltr'><strong>demonstrat</strong></span> <span class='ocrx_word' id='word_1_182' title='bbox 478 1289 578 1317; x_wconf 84' lang='lat' dir='ltr'><strong>Paulus</strong></span> <span class='ocrx_word' id='word_1_183' title='bbox 588 1290 673 1317; x_wconf 87' lang='lat' dir='ltr'><strong>divini</strong></span> <span class='ocrx_word' id='word_1_184' title='bbox 686 1289 814 1316; x_wconf 82' lang='lat' dir='ltr'><strong>vicenarii</strong></span> <span class='ocrx_word' id='word_1_185' title='bbox 834 1289 997 1322; x_wconf 67' lang='lat' dir='ltr'><strong>praecipuus,</strong></span> 
     </span>
    </p>
   </div>
   <div class='ocr_carea' id='block_1_27' title="bbox 216 1333 998 1368">
    <p class='ocr_par' dir='ltr' id='par_1_27' title="bbox 216 1333 998 1368">
     <span class='ocr_line' id='line_1_27' title="bbox 216 1333 998 1368; baseline -0.003 -7"><span class='ocrx_word' id='word_1_186' title='bbox 216 1334 310 1361; x_wconf 86' lang='lat' dir='ltr'><strong>dicens</strong></span> <span class='ocrx_word' id='word_1_187' title='bbox 325 1334 347 1350; x_wconf 87' lang='lat'>“</span> <span class='ocrx_word' id='word_1_188' title='bbox 361 1343 369 1362; x_wconf 90' lang='lat'><strong>:</strong></span> <span class='ocrx_word' id='word_1_189' title='bbox 382 1334 514 1368; x_wconf 82' lang='lat' dir='ltr'><strong>Scriptum</strong></span> <span class='ocrx_word' id='word_1_190' title='bbox 527 1339 566 1361; x_wconf 69' lang='lat' dir='ltr'><strong>est</strong></span> <span class='ocrx_word' id='word_1_191' title='bbox 579 1342 588 1361; x_wconf 89' lang='lat'><strong><em>:</em></strong></span> <span class='ocrx_word' id='word_1_192' title='bbox 605 1334 666 1361; x_wconf 87' lang='lat' dir='ltr'><strong>Non</strong></span> <span class='ocrx_word' id='word_1_193' title='bbox 685 1333 813 1368; x_wconf 73' lang='lat' dir='ltr'><strong>obligabis</strong></span> <span class='ocrx_word' id='word_1_194' title='bbox 832 1341 860 1359; x_wconf 82' lang='lat' dir='ltr'><strong>os</strong></span> <span class='ocrx_word' id='word_1_195' title='bbox 876 1333 933 1360; x_wconf 78' lang='lat' dir='ltr'><strong>bovi</strong></span> <span class='ocrx_word' id='word_1_196' title='bbox 948 1333 998 1359; x_wconf 88' lang='lat' dir='ltr'><strong>tri-</strong></span> 
     </span>
    </p>
   </div>
   <div class='ocr_carea' id='block_1_28' title="bbox 217 1378 999 1414">
    <p class='ocr_par' dir='ltr' id='par_1_28' title="bbox 217 1378 999 1414">
     <span class='ocr_line' id='line_1_28' title="bbox 217 1378 999 1414; baseline 0 -8"><span class='ocrx_word' id='word_1_197' title='bbox 217 1381 329 1407; x_wconf 85' lang='lat' dir='ltr'><strong>turanti.</strong></span> <span class='ocrx_word' id='word_1_198' title='bbox 344 1379 505 1414; x_wconf 80' lang='lat' dir='ltr'><strong>Rursusque</strong></span> <span class='ocrx_word' id='word_1_199' title='bbox 516 1380 607 1412; x_wconf 79' lang='lat' dir='ltr'><strong>infert,</strong></span> <span class='ocrx_word' id='word_1_200' title='bbox 624 1379 695 1406; x_wconf 83' lang='lat' dir='ltr'><strong>Nunt</strong></span> <span class='ocrx_word' id='word_1_201' title='bbox 711 1383 786 1406; x_wconf 79' lang='lat' dir='ltr'><strong>boum</strong></span> <span class='ocrx_word' id='word_1_202' title='bbox 798 1387 862 1405; x_wconf 83' lang='lat' dir='ltr'><strong>cura</strong></span> <span class='ocrx_word' id='word_1_203' title='bbox 876 1384 914 1405; x_wconf 72' lang='lat' dir='ltr'><strong>est</strong></span> <span class='ocrx_word' id='word_1_204' title='bbox 925 1378 999 1406; x_wconf 80' lang='lat' dir='ltr'><strong>Deo?</strong></span> 
     </span>
    </p>
   </div>
   <div class='ocr_carea' id='block_1_29' title="bbox 216 1424 998 1460">
    <p class='ocr_par' dir='ltr' id='par_1_29' title="bbox 216 1424 998 1460">
     <span class='ocr_line' id='line_1_29' title="bbox 216 1424 998 1460; baseline -0.003 -8"><span class='ocrx_word' id='word_1_205' title='bbox 216 1426 323 1453; x_wconf 77' lang='lat' dir='ltr'><strong>omnino</strong></span> <span class='ocrx_word' id='word_1_206' title='bbox 345 1426 376 1452; x_wconf 83' lang='lat' dir='ltr'><strong>de</strong></span> <span class='ocrx_word' id='word_1_207' title='bbox 392 1426 466 1453; x_wconf 77' lang='lat' dir='ltr'><strong>nobis</strong></span> <span class='ocrx_word' id='word_1_208' title='bbox 491 1426 555 1452; x_wconf 79' lang='lat' dir='ltr'><strong>dicit</strong></span> <span class='ocrx_word' id='word_1_209' title='bbox 571 1434 581 1452; x_wconf 89' lang='lat'><strong><em>:</em></strong></span> <span class='ocrx_word' id='word_1_210' title='bbox 603 1430 709 1460; x_wconf 82' lang='lat' dir='ltr'><strong>propter</strong></span> <span class='ocrx_word' id='word_1_211' title='bbox 725 1433 772 1452; x_wconf 75' lang='lat' dir='ltr'><strong>nos</strong></span> <span class='ocrx_word' id='word_1_212' title='bbox 788 1425 856 1451; x_wconf 85' lang='lat' dir='ltr'><strong>enim</strong></span> <span class='ocrx_word' id='word_1_213' title='bbox 872 1424 998 1458; x_wconf 69' lang='lat' dir='ltr'><strong>scriptum</strong></span> 
     </span>
    </p>
   </div>
   <div class='ocr_carea' id='block_1_30' title="bbox 215 1468 998 1502">
    <p class='ocr_par' dir='ltr' id='par_1_30' title="bbox 215 1468 998 1502">
     <span class='ocr_line' id='line_1_30' title="bbox 215 1468 998 1502; baseline -0.005 -4"><span class='ocrx_word' id='word_1_214' title='bbox 215 1476 265 1498; x_wconf 78' lang='lat' dir='ltr'><strong>ut.</strong></span> <span class='ocrx_word' id='word_1_215' title='bbox 280 1471 332 1498; x_wconf 85' lang='lat' dir='ltr'><strong>Sed</strong></span> <span class='ocrx_word' id='word_1_216' title='bbox 342 1470 376 1497; x_wconf 90' lang='lat' dir='ltr'><strong>ad</strong></span> <span class='ocrx_word' id='word_1_217' title='bbox 391 1470 535 1498; x_wconf 87' lang='lat' dir='ltr'><strong>sublimem</strong></span> <span class='ocrx_word' id='word_1_218' title='bbox 548 1469 647 1497; x_wconf 87' lang='lat' dir='ltr'><strong>Isaiam</strong></span> <span class='ocrx_word' id='word_1_219' title='bbox 660 1470 816 1501; x_wconf 86' lang='lat' dir='ltr'><strong>redeamus,</strong></span> <span class='ocrx_word' id='word_1_220' title='bbox 828 1468 998 1502; x_wconf 86' lang='lat' dir='ltr'><strong>prophetiam</strong></span> 
     </span>
    </p>
   </div>
   <div class='ocr_carea' id='block_1_31' title="bbox 217 1513 999 1552">
    <p class='ocr_par' dir='ltr' id='par_1_31' title="bbox 217 1513 999 1552">
     <span class='ocr_line' id='line_1_31' title="bbox 217 1513 999 1552; baseline -0.003 -10"><span class='ocrx_word' id='word_1_221' title='bbox 217 1517 289 1552; x_wconf 79' lang='lat' dir='ltr'><strong>apud</strong></span> <span class='ocrx_word' id='word_1_222' title='bbox 311 1517 399 1552; x_wconf 87' lang='lat' dir='ltr'><strong>ipsum</strong></span> <span class='ocrx_word' id='word_1_223' title='bbox 422 1520 572 1544; x_wconf 87' lang='lat' dir='ltr'><strong>exstantem</strong></span> <span class='ocrx_word' id='word_1_224' title='bbox 595 1515 681 1542; x_wconf 86' lang='lat' dir='ltr'><strong>secuti</strong></span> <span class='ocrx_word' id='word_1_225' title='bbox 697 1523 704 1542; x_wconf 87' lang='lat'>:</span> <span class='ocrx_word' id='word_1_226' title='bbox 719 1513 780 1541; x_wconf 88' lang='lat' dir='ltr'><strong>Non</strong></span> <span class='ocrx_word' id='word_1_227' title='bbox 799 1514 936 1548; x_wconf 80' lang='lat' dir='ltr'><strong>operantia</strong></span> <span class='ocrx_word' id='word_1_228' title='bbox 952 1513 999 1540; x_wconf 84' lang='lat' dir='ltr'><strong>de-</strong></span> 
     </span>
    </p>
   </div>
   <div class='ocr_carea' id='block_1_32' title="bbox 217 1558 996 1597">
    <p class='ocr_par' dir='ltr' id='par_1_32' title="bbox 217 1558 996 1597">
     <span class='ocr_line' id='line_1_32' title="bbox 217 1558 996 1597; baseline -0.009 -7"><span class='ocrx_word' id='word_1_229' title='bbox 217 1571 271 1590; x_wconf 86' lang='lat' dir='ltr'><strong>cem</strong></span> <span class='ocrx_word' id='word_1_230' title='bbox 289 1562 357 1597; x_wconf 82' lang='lat' dir='ltr'><strong>juga</strong></span> <span class='ocrx_word' id='word_1_231' title='bbox 373 1565 450 1588; x_wconf 85' lang='lat' dir='ltr'><strong>boum</strong></span> <span class='ocrx_word' id='word_1_232' title='bbox 473 1562 578 1596; x_wconf 80' lang='lat' dir='ltr'><strong>factura</strong></span> <span class='ocrx_word' id='word_1_233' title='bbox 599 1568 654 1589; x_wconf 66' lang='lat' dir='ltr'><strong>esse</strong></span> <span class='ocrx_word' id='word_1_234' title='bbox 678 1561 832 1594; x_wconf 83' lang='lat' dir='ltr'><strong>amphoram</strong></span> <span class='ocrx_word' id='word_1_235' title='bbox 853 1566 933 1584; x_wconf 83' lang='lat' dir='ltr'><strong>unam</strong></span> <span class='ocrx_word' id='word_1_236' title='bbox 951 1558 974 1573; x_wconf 66' lang='grc' dir='ltr'><strong>ιθ</strong></span> <span class='ocrx_word' id='word_1_237' title='bbox 991 1568 996 1584; x_wconf 92' lang='lat'>:</span> 
     </span>
    </p>
   </div>
   <div class='ocr_carea' id='block_1_33' title="bbox 217 1607 998 1644">
    <p class='ocr_par' dir='ltr' id='par_1_33' title="bbox 217 1607 998 1644">
     <span class='ocr_line' id='line_1_33' title="bbox 217 1607 998 1644; baseline -0.006 -7"><span class='ocrx_word' id='word_1_238' title='bbox 217 1617 370 1644; x_wconf 83' lang='lat' dir='ltr'><strong>rursusque</strong></span> <span class='ocrx_word' id='word_1_239' title='bbox 392 1608 531 1644; x_wconf 71' lang='lat' dir='ltr'><strong>subiungit</strong></span> <span class='ocrx_word' id='word_1_240' title='bbox 548 1617 554 1634; x_wconf 93' lang='lat'><strong>:</strong></span> <span class='ocrx_word' id='word_1_241' title='bbox 572 1607 605 1634; x_wconf 86' lang='lat' dir='ltr'><strong>Et</strong></span> <span class='ocrx_word' id='word_1_242' title='bbox 622 1607 667 1642; x_wconf 88' lang='lat' dir='ltr'><strong>qui</strong></span> <span class='ocrx_word' id='word_1_243' title='bbox 684 1607 796 1636; x_wconf 73' lang='lat' dir='ltr'><strong>seminat</strong></span> <span class='ocrx_word' id='word_1_244' title='bbox 813 1607 921 1633; x_wconf 78' lang='lat' dir='ltr'><strong>artabas</strong></span> <span class='ocrx_word' id='word_1_245' title='bbox 942 1613 998 1637; x_wconf 73' lang='lat' dir='ltr'><strong>seat,</strong></span> 
     </span>
    </p>
   </div>
   <div class='ocr_carea' id='block_1_34' title="bbox 217 1651 1000 1687">
    <p class='ocr_par' dir='ltr' id='par_1_34' title="bbox 217 1651 1000 1687">
     <span class='ocr_line' id='line_1_34' title="bbox 217 1651 1000 1687; baseline -0.005 -5"><span class='ocrx_word' id='word_1_246' title='bbox 217 1660 295 1682; x_wconf 82' lang='lat' dir='ltr'><strong>metet</strong></span> <span class='ocrx_word' id='word_1_247' title='bbox 319 1661 371 1682; x_wconf 77' lang='lat' dir='ltr'><strong>tres</strong></span> <span class='ocrx_word' id='word_1_248' title='bbox 390 1654 502 1680; x_wconf 78' lang='lat' dir='ltr'><strong>modios.</strong></span> <span class='ocrx_word' id='word_1_249' title='bbox 523 1652 594 1680; x_wconf 87' lang='lat' dir='ltr'><strong>Num</strong></span> <span class='ocrx_word' id='word_1_250' title='bbox 619 1653 700 1687; x_wconf 82' lang='lat' dir='ltr'><strong>igitur</strong></span> <span class='ocrx_word' id='word_1_251' title='bbox 717 1656 820 1679; x_wconf 83' lang='lat' dir='ltr'><strong>tantum</strong></span> <span class='ocrx_word' id='word_1_252' title='bbox 844 1651 1000 1679; x_wconf 82' lang='lat' dir='ltr'><strong>frustratio-</strong></span> 
     </span>
    </p>
   </div>
   <div class='ocr_carea' id='block_1_35' title="bbox 218 1696 1001 1734">
    <p class='ocr_par' dir='ltr' id='par_1_35' title="bbox 218 1696 1001 1734">
     <span class='ocr_line' id='line_1_35' title="bbox 218 1696 1001 1734; baseline -0.006 -7"><span class='ocrx_word' id='word_1_253' title='bbox 218 1708 281 1727; x_wconf 87' lang='lat' dir='ltr'><strong>nem</strong></span> <span class='ocrx_word' id='word_1_254' title='bbox 305 1699 451 1734; x_wconf 78' lang='lat' dir='ltr'><strong>aliquando</strong></span> <span class='ocrx_word' id='word_1_255' title='bbox 470 1697 528 1725; x_wconf 78' lang='lat' dir='ltr'><strong>fore</strong></span> <span class='ocrx_word' id='word_1_256' title='bbox 553 1698 736 1729; x_wconf 82' lang='lat' dir='ltr'><strong>censebimus,</strong></span> <span class='ocrx_word' id='word_1_257' title='bbox 761 1701 791 1723; x_wconf 91' lang='lat' dir='ltr'><strong>ut</strong></span> <span class='ocrx_word' id='word_1_258' title='bbox 814 1696 860 1731; x_wconf 91' lang='lat' dir='ltr'><strong>qui</strong></span> <span class='ocrx_word' id='word_1_259' title='bbox 883 1696 1001 1724; x_wconf 89' lang='lat' dir='ltr'><strong>semina-</strong></span> 
     </span>
    </p>
   </div>
   <div class='ocr_carea' id='block_1_36' title="bbox 219 1741 1001 1777">
    <p class='ocr_par' dir='ltr' id='par_1_36' title="bbox 219 1741 1001 1777">
     <span class='ocr_line' id='line_1_36' title="bbox 219 1741 1001 1777; baseline -0.006 -4"><span class='ocrx_word' id='word_1_260' title='bbox 219 1746 289 1773; x_wconf 84' lang='lat' dir='ltr'><strong>verit</strong></span> <span class='ocrx_word' id='word_1_261' title='bbox 299 1745 409 1773; x_wconf 88' lang='lat' dir='ltr'><strong>artabas</strong></span> <span class='ocrx_word' id='word_1_262' title='bbox 421 1752 481 1776; x_wconf 83' lang='lat' dir='ltr'><strong>sex,</strong></span> <span class='ocrx_word' id='word_1_263' title='bbox 492 1744 678 1771; x_wconf 82' lang='lat' dir='ltr'><strong>tantummodo</strong></span> <span class='ocrx_word' id='word_1_264' title='bbox 689 1748 744 1770; x_wconf 88' lang='lat' dir='ltr'><strong>tres</strong></span> <span class='ocrx_word' id='word_1_265' title='bbox 757 1742 871 1777; x_wconf 85' lang='lat' dir='ltr'><strong>recipiat</strong></span> <span class='ocrx_word' id='word_1_266' title='bbox 881 1741 1001 1769; x_wconf 71' lang='lat' dir='ltr'><strong>modios?</strong></span> 
     </span>
    </p>
   </div>
   <div class='ocr_carea' id='block_1_37' title="bbox 219 1788 1002 1825">
    <p class='ocr_par' dir='ltr' id='par_1_37' title="bbox 219 1788 1002 1825">
     <span class='ocr_line' id='line_1_37' title="bbox 219 1788 1002 1825; baseline -0.006 -6"><span class='ocrx_word' id='word_1_267' title='bbox 219 1791 278 1819; x_wconf 81' lang='lat' dir='ltr'><strong>Non</strong></span> <span class='ocrx_word' id='word_1_268' title='bbox 293 1792 365 1819; x_wconf 89' lang='lat' dir='ltr'><strong>enim</strong></span> <span class='ocrx_word' id='word_1_269' title='bbox 381 1790 480 1825; x_wconf 88' lang='lat' dir='ltr'><strong>inquit,</strong></span> <span class='ocrx_word' id='word_1_270' title='bbox 497 1793 553 1816; x_wconf 85' lang='lat' dir='ltr'><strong>tres</strong></span> <span class='ocrx_word' id='word_1_271' title='bbox 573 1789 682 1816; x_wconf 83' lang='lat' dir='ltr'><strong>artabas</strong></span> <span class='ocrx_word' id='word_1_272' title='bbox 704 1788 795 1820; x_wconf 82' lang='lat' dir='ltr'><strong>faciet,</strong></span> <span class='ocrx_word' id='word_1_273' title='bbox 813 1788 858 1815; x_wconf 89' lang='lat' dir='ltr'><strong>sed</strong></span> <span class='ocrx_word' id='word_1_274' title='bbox 875 1792 929 1814; x_wconf 88' lang='lat' dir='ltr'><strong>tres</strong></span> <span class='ocrx_word' id='word_1_275' title='bbox 945 1794 1002 1814; x_wconf 90' lang='lat' dir='ltr'><strong>mo-</strong></span> 
     </span>
    </p>
   </div>
   <div class='ocr_carea' id='block_1_38' title="bbox 219 1833 1002 1872">
    <p class='ocr_par' dir='ltr' id='par_1_38' title="bbox 219 1833 1002 1872">
     <span class='ocr_line' id='line_1_38' title="bbox 219 1833 1002 1872; baseline -0.008 -7"><span class='ocrx_word' id='word_1_276' title='bbox 219 1838 289 1870; x_wconf 86' lang='lat' dir='ltr'><strong>dios,</strong></span> <span class='ocrx_word' id='word_1_277' title='bbox 312 1837 441 1872; x_wconf 76' lang='lat' dir='ltr'><strong>exiguum</strong></span> <span class='ocrx_word' id='word_1_278' title='bbox 459 1836 524 1870; x_wconf 85' lang='lat' dir='ltr'><strong>quid</strong></span> <span class='ocrx_word' id='word_1_279' title='bbox 550 1835 688 1862; x_wconf 81' lang='lat' dir='ltr'><strong>habentes.</strong></span> <span class='ocrx_word' id='word_1_280' title='bbox 715 1833 817 1861; x_wconf 85' lang='lat' dir='ltr'><strong>Verum</strong></span> <span class='ocrx_word' id='word_1_281' title='bbox 839 1834 866 1860; x_wconf 91' lang='lat' dir='ltr'><strong>in</strong></span> <span class='ocrx_word' id='word_1_282' title='bbox 888 1833 1002 1860; x_wconf 87' lang='lat' dir='ltr'><strong>interius</strong></span> 
     </span>
    </p>
   </div>
   <div class='ocr_carea' id='block_1_39' title="bbox 220 1881 1003 1916">
    <p class='ocr_par' dir='ltr' id='par_1_39' title="bbox 220 1881 1003 1916">
     <span class='ocr_line' id='line_1_39' title="bbox 220 1881 1003 1916; baseline -0.008 -4"><span class='ocrx_word' id='word_1_283' title='bbox 220 1885 317 1912; x_wconf 69' lang='lat' dir='ltr'><strong>litterae</strong></span> <span class='ocrx_word' id='word_1_284' title='bbox 342 1884 524 1910; x_wconf 84' lang='lat' dir='ltr'><strong>velamentum</strong></span> <span class='ocrx_word' id='word_1_285' title='bbox 548 1881 740 1916; x_wconf 74' lang='lat' dir='ltr'><strong>ingredientes,</strong></span> <span class='ocrx_word' id='word_1_286' title='bbox 760 1881 928 1908; x_wconf 85' lang='lat' dir='ltr'><strong>inveniemus</strong></span> <span class='ocrx_word' id='word_1_287' title='bbox 945 1887 1003 1906; x_wconf 92' lang='lat' dir='ltr'><strong>om-</strong></span> 
     </span>
    </p>
   </div>
   <div class='ocr_carea' id='block_1_40' title="bbox 220 1926 1003 1961">
    <p class='ocr_par' dir='ltr' id='par_1_40' title="bbox 220 1926 1003 1961">
     <span class='ocr_line' id='line_1_40' title="bbox 220 1926 1003 1961; baseline -0.008 -3"><span class='ocrx_word' id='word_1_288' title='bbox 220 1932 286 1959; x_wconf 87' lang='lat' dir='ltr'><strong>nino</strong></span> <span class='ocrx_word' id='word_1_289' title='bbox 302 1931 328 1958; x_wconf 89' lang='lat' dir='ltr'><strong>id</strong></span> <span class='ocrx_word' id='word_1_290' title='bbox 341 1929 491 1957; x_wconf 82' lang='lat' dir='ltr'><strong>secundum</strong></span> <span class='ocrx_word' id='word_1_291' title='bbox 513 1929 563 1955; x_wconf 90' lang='lat' dir='ltr'><strong>ista</strong></span> <span class='ocrx_word' id='word_1_292' title='bbox 581 1927 713 1954; x_wconf 79' lang='lat' dir='ltr'><strong>futurum.</strong></span> <span class='ocrx_word' id='word_1_293' title='bbox 728 1926 781 1953; x_wconf 86' lang='lat' dir='ltr'><strong>Sex</strong></span> <span class='ocrx_word' id='word_1_294' title='bbox 798 1927 880 1961; x_wconf 77' lang='lat' dir='ltr'><strong>igitur</strong></span> <span class='ocrx_word' id='word_1_295' title='bbox 895 1926 1003 1953; x_wconf 87' lang='lat' dir='ltr'><strong>artabas</strong></span> 
     </span>
    </p>
   </div>
   <div class='ocr_carea' id='block_1_41' title="bbox 221 1972 1004 2012">
    <p class='ocr_par' dir='ltr' id='par_1_41' title="bbox 221 1972 1004 2012">
     <span class='ocr_line' id='line_1_41' title="bbox 221 1972 1004 2012; baseline -0.008 -8"><span class='ocrx_word' id='word_1_296' title='bbox 221 1977 318 2012; x_wconf 87' lang='lat' dir='ltr'><strong>quibus</strong></span> <span class='ocrx_word' id='word_1_297' title='bbox 331 1975 459 2003; x_wconf 74' lang='lat' dir='ltr'><strong>Ecclesia:</strong></span> <span class='ocrx_word' id='word_1_298' title='bbox 472 1974 624 2001; x_wconf 77' lang='lat' dir='ltr'><strong>conScritur</strong></span> <span class='ocrx_word' id='word_1_299' title='bbox 641 1980 735 1999; x_wconf 88' lang='lat' dir='ltr'><strong>arvum</strong></span> <span class='ocrx_word' id='word_1_300' title='bbox 753 1972 884 1999; x_wconf 88' lang='lat' dir='ltr'><strong>rationale</strong></span> <span class='ocrx_word' id='word_1_301' title='bbox 903 1976 1004 1998; x_wconf 88' lang='lat' dir='ltr'><strong>morta-</strong></span> 
     </span>
    </p>
   </div>
   <div class='ocr_carea' id='block_1_42' title="bbox 222 2017 1002 2055">
    <p class='ocr_par' dir='ltr' id='par_1_42' title="bbox 222 2017 1002 2055">
     <span class='ocr_line' id='line_1_42' title="bbox 222 2017 1002 2055; baseline -0.006 -6"><span class='ocrx_word' id='word_1_302' title='bbox 222 2023 299 2054; x_wconf 75' lang='lat' dir='ltr'><strong>lium,</strong></span> <span class='ocrx_word' id='word_1_303' title='bbox 316 2029 377 2048; x_wconf 91' lang='lat' dir='ltr'><strong>esse</strong></span> <span class='ocrx_word' id='word_1_304' title='bbox 389 2024 505 2055; x_wconf 87' lang='lat' dir='ltr'><strong>quatuor</strong></span> <span class='ocrx_word' id='word_1_305' title='bbox 520 2019 629 2054; x_wconf 87' lang='lat' dir='ltr'><strong>quidem</strong></span> <span class='ocrx_word' id='word_1_306' title='bbox 651 2018 735 2045; x_wconf 75' lang='lat' dir='ltr'><strong>divini</strong></span> <span class='ocrx_word' id='word_1_307' title='bbox 758 2018 893 2045; x_wconf 84' lang='lat' dir='ltr'><strong>sermonis</strong></span> <span class='ocrx_word' id='word_1_308' title='bbox 907 2017 1002 2050; x_wconf 88' lang='lat' dir='ltr'><strong>libros,</strong></span> 
     </span>
    </p>
   </div>
   <div class='ocr_carea' id='block_1_43' title="bbox 222 2063 1003 2103">
    <p class='ocr_par' dir='ltr' id='par_1_43' title="bbox 222 2063 1003 2103">
     <span class='ocr_line' id='line_1_43' title="bbox 222 2063 1003 2103; baseline -0.006 -8"><span class='ocrx_word' id='word_1_309' title='bbox 222 2068 343 2103; x_wconf 81' lang='lat' dir='ltr'><strong>quintam</strong></span> <span class='ocrx_word' id='word_1_310' title='bbox 360 2072 449 2094; x_wconf 87' lang='lat' dir='ltr'><strong>autem</strong></span> <span class='ocrx_word' id='word_1_311' title='bbox 461 2070 619 2094; x_wconf 83' lang='lat' dir='ltr'><strong>sanctorum</strong></span> <span class='ocrx_word' id='word_1_312' title='bbox 634 2065 711 2096; x_wconf 80' lang='lat' dir='ltr'><strong>Acta,</strong></span> <span class='ocrx_word' id='word_1_313' title='bbox 729 2068 834 2092; x_wconf 81' lang='lat' dir='ltr'><strong>sextam</strong></span> <span class='ocrx_word' id='word_1_314' title='bbox 846 2071 910 2091; x_wconf 87' lang='lat' dir='ltr'><strong>vero</strong></span> <span class='ocrx_word' id='word_1_315' title='bbox 923 2063 1003 2091; x_wconf 91' lang='lat' dir='ltr'><strong>unico</strong></span> 
     </span>
    </p>
   </div>
   <div class='ocr_carea' id='block_1_44' title="bbox 223 2109 1005 2145">
    <p class='ocr_par' dir='ltr' id='par_1_44' title="bbox 223 2109 1005 2145">
     <span class='ocr_line' id='line_1_44' title="bbox 223 2109 1005 2145; baseline -0.008 -4"><span class='ocrx_word' id='word_1_316' title='bbox 223 2113 361 2141; x_wconf 87' lang='lat' dir='ltr'><strong>volumine</strong></span> <span class='ocrx_word' id='word_1_317' title='bbox 377 2117 519 2140; x_wconf 85' lang='lat' dir='ltr'><strong>contentas</strong></span> <span class='ocrx_word' id='word_1_318' title='bbox 536 2111 629 2138; x_wconf 91' lang='lat' dir='ltr'><strong>eximii</strong></span> <span class='ocrx_word' id='word_1_319' title='bbox 649 2110 763 2145; x_wconf 86' lang='lat' dir='ltr'><strong>apostoli</strong></span> <span class='ocrx_word' id='word_1_320' title='bbox 783 2109 859 2137; x_wconf 89' lang='lat' dir='ltr'><strong>Pauli</strong></span> <span class='ocrx_word' id='word_1_321' title='bbox 873 2114 1005 2144; x_wconf 85' lang='lat' dir='ltr'><strong>quatuor-</strong></span> 
     </span>
    </p>
   </div>
   <div class='ocr_carea' id='block_1_45' title="bbox 223 2153 1005 2190">
    <p class='ocr_par' dir='ltr' id='par_1_45' title="bbox 223 2153 1005 2190">
     <span class='ocr_line' id='line_1_45' title="bbox 223 2153 1005 2190; baseline -0.005 -6"><span class='ocrx_word' id='word_1_322' title='bbox 223 2157 310 2184; x_wconf 70' lang='lat' dir='ltr'><strong>decim</strong></span> <span class='ocrx_word' id='word_1_323' title='bbox 323 2156 457 2190; x_wconf 87' lang='lat' dir='ltr'><strong>Epistolas</strong></span> <span class='ocrx_word' id='word_1_324' title='bbox 470 2163 478 2182; x_wconf 90' lang='lat'><strong>:</strong></span> <span class='ocrx_word' id='word_1_325' title='bbox 494 2164 526 2182; x_wconf 83' lang='lat' dir='ltr'><strong>ex</strong></span> <span class='ocrx_word' id='word_1_326' title='bbox 538 2155 637 2190; x_wconf 88' lang='lat' dir='ltr'><strong>quibus</strong></span> <span class='ocrx_word' id='word_1_327' title='bbox 648 2159 674 2181; x_wconf 88' lang='lat' dir='ltr'><strong>et</strong></span> <span class='ocrx_word' id='word_1_328' title='bbox 688 2162 734 2189; x_wconf 90' lang='lat' dir='ltr'><strong>per</strong></span> <span class='ocrx_word' id='word_1_329' title='bbox 745 2161 813 2189; x_wconf 86' lang='lat' dir='ltr'><strong>quas</strong></span> <span class='ocrx_word' id='word_1_330' title='bbox 825 2153 941 2181; x_wconf 85' lang='lat' dir='ltr'><strong>fructum</strong></span> <span class='ocrx_word' id='word_1_331' title='bbox 952 2153 1005 2180; x_wconf 76' lang='lat' dir='ltr'><strong>fert</strong></span> 
     </span>
    </p>
   </div>
   <div class='ocr_carea' id='block_1_46' title="bbox 224 2199 1005 2231">
    <p class='ocr_par' dir='ltr' id='par_1_46' title="bbox 224 2199 1005 2231">
     <span class='ocr_line' id='line_1_46' title="bbox 224 2199 1005 2231; baseline -0.008 0"><span class='ocrx_word' id='word_1_332' title='bbox 224 2211 301 2231; x_wconf 83' lang='lat' dir='ltr'><strong>sacer</strong></span> <span class='ocrx_word' id='word_1_333' title='bbox 315 2207 402 2230; x_wconf 60' lang='lat' dir='ltr'><strong>cretus</strong></span> <span class='ocrx_word' id='word_1_334' title='bbox 413 2201 583 2228; x_wconf 86' lang='lat' dir='ltr'><strong>institutione</strong></span> <span class='ocrx_word' id='word_1_335' title='bbox 595 2200 747 2228; x_wconf 82' lang='lat' dir='ltr'><strong>antistitum</strong></span> <span class='ocrx_word' id='word_1_336' title='bbox 765 2200 791 2226; x_wconf 94' lang='lat' dir='ltr'><strong>in</strong></span> <span class='ocrx_word' id='word_1_337' title='bbox 803 2199 902 2227; x_wconf 86' lang='lat' dir='ltr'><strong>divinis</strong></span> <span class='ocrx_word' id='word_1_338' title='bbox 915 2199 1005 2226; x_wconf 88' lang='lat' dir='ltr'><strong>consi-</strong></span> 
     </span>
    </p>
   </div>
   <div class='ocr_carea' id='block_1_47' title="bbox 223 2243 1004 2280">
    <p class='ocr_par' dir='ltr' id='par_1_47' title="bbox 223 2243 1004 2280">
     <span class='ocr_line' id='line_1_47' title="bbox 223 2243 1004 2280; baseline -0.006 -5"><span class='ocrx_word' id='word_1_339' title='bbox 223 2253 278 2280; x_wconf 89' lang='lat' dir='ltr'><strong>tus,</strong></span> <span class='ocrx_word' id='word_1_340' title='bbox 307 2251 362 2274; x_wconf 84' lang='lat' dir='ltr'><strong>tres</strong></span> <span class='ocrx_word' id='word_1_341' title='bbox 389 2247 504 2279; x_wconf 82' lang='lat' dir='ltr'><strong>modios,</strong></span> <span class='ocrx_word' id='word_1_342' title='bbox 530 2246 609 2272; x_wconf 85' lang='lat' dir='ltr'><strong>[idem</strong></span> <span class='ocrx_word' id='word_1_343' title='bbox 629 2245 656 2271; x_wconf 91' lang='lat' dir='ltr'><strong>in</strong></span> <span class='ocrx_word' id='word_1_344' title='bbox 683 2244 790 2271; x_wconf 89' lang='lat' dir='ltr'><strong>Patrem</strong></span> <span class='ocrx_word' id='word_1_345' title='bbox 812 2249 839 2271; x_wconf 90' lang='lat' dir='ltr'><strong>et</strong></span> <span class='ocrx_word' id='word_1_346' title='bbox 857 2243 954 2270; x_wconf 86' lang='lat' dir='ltr'><strong>Filium</strong></span> <span class='ocrx_word' id='word_1_347' title='bbox 979 2247 1004 2270; x_wconf 89' lang='lat' dir='ltr'><strong>et</strong></span> 
     </span>
    </p>
   </div>
   <div class='ocr_carea' id='block_1_48' title="bbox 225 2288 1005 2328">
    <p class='ocr_par' dir='ltr' id='par_1_48' title="bbox 225 2288 1005 2328">
     <span class='ocr_line' id='line_1_48' title="bbox 225 2288 1005 2328; baseline -0.008 -8"><span class='ocrx_word' id='word_1_348' title='bbox 225 2293 356 2328; x_wconf 84' lang='lat' dir='ltr'><strong>Spiritum</strong></span> <span class='ocrx_word' id='word_1_349' title='bbox 378 2296 513 2319; x_wconf 85' lang='lat' dir='ltr'><strong>sanctum.</strong></span> <span class='ocrx_word' id='word_1_350' title='bbox 542 2290 632 2317; x_wconf 72' lang='lat' dir='ltr'><strong>Exibit</strong></span> <span class='ocrx_word' id='word_1_351' title='bbox 652 2290 721 2317; x_wconf 84' lang='lat' dir='ltr'><strong>enim</strong></span> <span class='ocrx_word' id='word_1_352' title='bbox 740 2290 785 2325; x_wconf 80' lang='lat' dir='ltr'><strong>qui</strong></span> <span class='ocrx_word' id='word_1_353' title='bbox 806 2288 952 2316; x_wconf 63' lang='lat' dir='ltr'><strong>remittebat</strong></span> <span class='ocrx_word' id='word_1_354' title='bbox 971 2288 1005 2314; x_wconf 85' lang='lat' dir='ltr'><strong>ad</strong></span> 
     </span>
    </p>
   </div>
   <div class='ocr_carea' id='block_1_49' title="bbox 223 2334 1006 2370">
    <p class='ocr_par' dir='ltr' id='par_1_49' title="bbox 223 2334 1006 2370">
     <span class='ocr_line' id='line_1_49' title="bbox 223 2334 1006 2370; baseline -0.004 -6"><span class='ocrx_word' id='word_1_355' title='bbox 223 2337 416 2368; x_wconf 78' lang='lat' dir='ltr'><strong>seminandum,</strong></span> <span class='ocrx_word' id='word_1_356' title='bbox 439 2344 492 2362; x_wconf 92' lang='lat' dir='ltr'><strong>non</strong></span> <span class='ocrx_word' id='word_1_357' title='bbox 516 2336 634 2362; x_wconf 88' lang='lat' dir='ltr'><strong>triticum</strong></span> <span class='ocrx_word' id='word_1_358' title='bbox 655 2343 688 2362; x_wconf 84' lang='lat' dir='ltr'><strong>ex</strong></span> <span class='ocrx_word' id='word_1_359' title='bbox 712 2343 768 2370; x_wconf 92' lang='lat' dir='ltr'><strong>quo</strong></span> <span class='ocrx_word' id='word_1_360' title='bbox 795 2335 873 2369; x_wconf 89' lang='lat' dir='ltr'><strong>panis</strong></span> <span class='ocrx_word' id='word_1_361' title='bbox 897 2335 936 2368; x_wconf 87' lang='lat' dir='ltr'><strong>tit,</strong></span> <span class='ocrx_word' id='word_1_362' title='bbox 959 2334 1006 2362; x_wconf 88' lang='lat' dir='ltr'><strong>sed</strong></span> 
     </span>
    </p>
   </div>
   <div class='ocr_carea' id='block_1_50' title="bbox 224 2380 840 2414">
    <p class='ocr_par' dir='ltr' id='par_1_50' title="bbox 224 2380 840 2414">
     <span class='ocr_line' id='line_1_50' title="bbox 224 2380 840 2414; baseline -0.006 -4"><span class='ocrx_word' id='word_1_363' title='bbox 224 2383 303 2410; x_wconf 88' lang='lat' dir='ltr'><strong>[idem</strong></span> <span class='ocrx_word' id='word_1_364' title='bbox 332 2382 477 2414; x_wconf 84' lang='lat' dir='ltr'><strong>vivilicam,</strong></span> <span class='ocrx_word' id='word_1_365' title='bbox 504 2385 532 2407; x_wconf 90' lang='lat' dir='ltr'><strong>at</strong></span> <span class='ocrx_word' id='word_1_366' title='bbox 563 2388 616 2408; x_wconf 91' lang='lat' dir='ltr'><strong>non</strong></span> <span class='ocrx_word' id='word_1_367' title='bbox 654 2380 681 2406; x_wconf 88' lang='lat' dir='ltr'><strong>in</strong></span> <span class='ocrx_word' id='word_1_368' title='bbox 705 2380 840 2407; x_wconf 88' lang='lat' dir='ltr'><strong>omnibus.</strong></span> 
     </span>
    </p>
   </div>
   <div class='ocr_carea' id='block_1_51' title="bbox 745 139 1301 169">
    <p class='ocr_par' dir='ltr' id='par_1_51' title="bbox 745 139 1301 169">
     <span class='ocr_line' id='line_1_51' title="bbox 745 139 1301 169; baseline 0.002 -1"><span class='ocrx_word' id='word_1_369' title='bbox 745 140 773 168; x_wconf 90' lang='lat' dir='ltr'><strong>S.</strong></span> <span class='ocrx_word' id='word_1_370' title='bbox 793 139 948 168; x_wconf 70' lang='lat' dir='ltr'><strong>CAESARI!</strong></span> <span class='ocrx_word' id='word_1_371' title='bbox 967 140 1131 169; x_wconf 77' lang='lat' dir='ltr'><strong>GREGORII</strong></span> <span class='ocrx_word' id='word_1_372' title='bbox 1152 141 1301 169; x_wconf 76' lang='lat' dir='ltr'><strong>FBATR‘lS</strong></span> 
     </span>
    </p>
   </div>
   <div class='ocr_carea' id='block_1_52' title="bbox 1763 137 1835 166">
    <p class='ocr_par' dir='ltr' id='par_1_52' title="bbox 1763 137 1835 166">
     <span class='ocr_line' id='line_1_52' title="bbox 1763 137 1835 166; baseline 0 0"><span class='ocrx_word' id='word_1_373' title='bbox 1763 137 1835 166; x_wconf 69' lang='lat' dir='ltr'><strong>H76</strong></span> 
     </span>
    </p>
   </div>
   <div class='ocr_carea' id='block_1_53' title="bbox 1045 198 1832 238">
    <p class='ocr_par' dir='ltr' id='par_1_53' title="bbox 1045 198 1832 238">
     <span class='ocr_line' id='line_1_53' title="bbox 1045 198 1832 238; baseline -0.005 -10"><span class='ocrx_word' id='word_1_374' title='bbox 1045 210 1086 227; x_wconf 80' lang='grc' dir='ltr'>σει</span> <span class='ocrx_word' id='word_1_375' title='bbox 1098 202 1151 228; x_wconf 87' lang='grc' dir='ltr'>τῶν</span> <span class='ocrx_word' id='word_1_376' title='bbox 1170 202 1311 238; x_wconf 79' lang='grc' dir='ltr'><strong>ἡμετέρων</strong></span> <span class='ocrx_word' id='word_1_377' title='bbox 1325 202 1371 228; x_wconf 72' lang='grc' dir='ltr'>καὶ</span> <span class='ocrx_word' id='word_1_378' title='bbox 1385 201 1444 236; x_wconf 71' lang='grc' dir='ltr'>ὕψει</span> <span class='ocrx_word' id='word_1_379' title='bbox 1454 202 1488 236; x_wconf 84' lang='grc' dir='ltr'>τῇ</span> <span class='ocrx_word' id='word_1_380' title='bbox 1505 200 1564 227; x_wconf 80' lang='grc' dir='ltr'><strong>καθ’</strong></span> <span class='ocrx_word' id='word_1_381' title='bbox 1574 199 1658 235; x_wconf 80' lang='grc' dir='ltr'><strong>ἡμᾶς.</strong></span> <span class='ocrx_word' id='word_1_382' title='bbox 1676 198 1733 225; x_wconf 74' lang='grc' dir='ltr'><strong>Καὶ</strong></span> <span class='ocrx_word' id='word_1_383' title='bbox 1748 198 1832 230; x_wconf 78' lang='grc' dir='ltr'>αὐτὸς</span> 
     </span>
    </p>
   </div>
   <div class='ocr_carea' id='block_1_54' title="bbox 1044 243 1832 282">
    <p class='ocr_par' dir='ltr' id='par_1_54' title="bbox 1044 243 1832 282">
     <span class='ocr_line' id='line_1_54' title="bbox 1044 243 1832 282; baseline -0.005 -9"><span class='ocrx_word' id='word_1_384' title='bbox 1044 247 1161 282; x_wconf 81' lang='grc' dir='ltr'><strong>ὑπάρχει</strong></span> <span class='ocrx_word' id='word_1_385' title='bbox 1176 247 1207 274; x_wconf 83' lang='grc' dir='ltr'>τὸ</span> <span class='ocrx_word' id='word_1_386' title='bbox 1223 248 1354 282; x_wconf 78' lang='grc' dir='ltr'><strong>κεράμιον</strong></span> <span class='ocrx_word' id='word_1_387' title='bbox 1367 248 1397 274; x_wconf 77' lang='grc' dir='ltr'>τὸ</span> <span class='ocrx_word' id='word_1_388' title='bbox 1416 249 1448 274; x_wconf 85' lang='grc' dir='ltr'><strong>ὲκ</strong></span> <span class='ocrx_word' id='word_1_389' title='bbox 1470 247 1517 273; x_wconf 85' lang='grc' dir='ltr'>τοῦ</span> <span class='ocrx_word' id='word_1_390' title='bbox 1535 246 1669 281; x_wconf 80' lang='grc' dir='ltr'><strong>ἡμετέρου</strong></span> <span class='ocrx_word' id='word_1_391' title='bbox 1692 243 1832 279; x_wconf 73' lang='grc' dir='ltr'><strong>ὀστράκου</strong></span> 
     </span>
    </p>
   </div>
   <div class='ocr_carea' id='block_1_55' title="bbox 1044 289 1834 330">
    <p class='ocr_par' dir='ltr' id='par_1_55' title="bbox 1044 289 1834 330">
     <span class='ocr_line' id='line_1_55' title="bbox 1044 289 1834 330; baseline -0.005 -11"><span class='ocrx_word' id='word_1_392' title='bbox 1044 293 1113 319; x_wconf 81' lang='grc' dir='ltr'>κατὰ</span> <span class='ocrx_word' id='word_1_393' title='bbox 1128 293 1217 328; x_wconf 85' lang='grc' dir='ltr'>σάρκα</span> <span class='ocrx_word' id='word_1_394' title='bbox 1230 293 1385 330; x_wconf 80' lang='grc' dir='ltr'>γενόμενον,</span> <span class='ocrx_word' id='word_1_395' title='bbox 1399 293 1447 320; x_wconf 81' lang='grc' dir='ltr'>καὶ</span> <span class='ocrx_word' id='word_1_396' title='bbox 1462 292 1523 327; x_wconf 73' lang='grc' dir='ltr'>ἔχον</span> <span class='ocrx_word' id='word_1_397' title='bbox 1536 291 1568 318; x_wconf 84' lang='grc' dir='ltr'>τὸ</span> <span class='ocrx_word' id='word_1_398' title='bbox 1584 291 1639 323; x_wconf 80' lang='grc' dir='ltr'><strong>ζῶν</strong></span> <span class='ocrx_word' id='word_1_399' title='bbox 1655 291 1701 316; x_wconf 79' lang='grc' dir='ltr'>καὶ</span> <span class='ocrx_word' id='word_1_400' title='bbox 1716 289 1834 324; x_wconf 76' lang='grc' dir='ltr'>ἀλλόμε-</span> 
     </span>
    </p>
   </div>
   <div class='ocr_carea' id='block_1_56' title="bbox 1045 335 1835 374">
    <p class='ocr_par' dir='ltr' id='par_1_56' title="bbox 1045 335 1835 374">
     <span class='ocr_line' id='line_1_56' title="bbox 1045 335 1835 374; baseline -0.005 -10"><span class='ocrx_word' id='word_1_401' title='bbox 1045 347 1087 365; x_wconf 92' lang='grc' dir='ltr'>νον</span> <span class='ocrx_word' id='word_1_402' title='bbox 1099 337 1172 374; x_wconf 78' lang='grc' dir='ltr'><strong>ὓδωρ</strong></span> <span class='ocrx_word' id='word_1_403' title='bbox 1187 339 1237 373; x_wconf 83' lang='grc' dir='ltr'><strong>τῆς</strong></span> <span class='ocrx_word' id='word_1_404' title='bbox 1250 338 1332 366; x_wconf 81' lang='grc' dir='ltr'>αὑτοῦ</span> <span class='ocrx_word' id='word_1_405' title='bbox 1352 338 1487 374; x_wconf 74' lang='grc' dir='ltr'><strong>θεότητος.</strong></span> <span class='ocrx_word' id='word_1_406' title='bbox 1505 339 1594 374; x_wconf 86' lang='grc' dir='ltr'>Ὅπερ</span> <span class='ocrx_word' id='word_1_407' title='bbox 1610 336 1693 363; x_wconf 76' lang='grc' dir='ltr'><strong>οἱονεὶ</strong></span> <span class='ocrx_word' id='word_1_408' title='bbox 1714 336 1808 370; x_wconf 80' lang='grc' dir='ltr'>φέρων</span> <span class='ocrx_word' id='word_1_409' title='bbox 1819 335 1835 361; x_wconf 70' lang='grc' dir='ltr'><strong>ὁ</strong></span> 
     </span>
    </p>
   </div>
   <div class='ocr_carea' id='block_1_57' title="bbox 1051 380 1836 419">
    <p class='ocr_par' dir='ltr' id='par_1_57' title="bbox 1051 380 1836 419">
     <span class='ocr_line' id='line_1_57' title="bbox 1051 380 1836 419; baseline -0.004 -10"><span class='ocrx_word' id='word_1_410' title='bbox 1051 383 1175 417; x_wconf 83' lang='grc' dir='ltr'><strong>Ἰωάννης</strong></span> <span class='ocrx_word' id='word_1_411' title='bbox 1188 383 1227 418; x_wconf 88' lang='grc' dir='ltr'>τῷ</span> <span class='ocrx_word' id='word_1_412' title='bbox 1242 383 1399 419; x_wconf 79' lang='grc' dir='ltr'><strong>κηρύγματι</strong></span> <span class='ocrx_word' id='word_1_413' title='bbox 1412 383 1460 409; x_wconf 85' lang='grc' dir='ltr'><strong>τοῦ</strong></span> <span class='ocrx_word' id='word_1_414' title='bbox 1474 383 1662 418; x_wconf 78' lang='grc' dir='ltr'><strong>βαπτίσματος</strong></span> <span class='ocrx_word' id='word_1_415' title='bbox 1673 381 1751 413; x_wconf 77' lang='grc' dir='ltr'><strong>ἐϐόα,</strong></span> <span class='ocrx_word' id='word_1_416' title='bbox 1769 380 1836 407; x_wconf 77' lang='grc' dir='ltr'><strong>Θεα-</strong></span> 
     </span>
    </p>
   </div>
   <div class='ocr_carea' id='block_1_58' title="bbox 1046 425 1836 462">
    <p class='ocr_par' dir='ltr' id='par_1_58' title="bbox 1046 425 1836 462">
     <span class='ocr_line' id='line_1_58' title="bbox 1046 425 1836 462; baseline -0.004 -9"><span class='ocrx_word' id='word_1_417' title='bbox 1046 427 1161 462; x_wconf 83' lang='grc' dir='ltr'>σάμενος</span> <span class='ocrx_word' id='word_1_418' title='bbox 1172 427 1217 454; x_wconf 83' lang='grc' dir='ltr'>τὸν</span> <span class='ocrx_word' id='word_1_419' title='bbox 1237 427 1351 462; x_wconf 73' lang='grc' dir='ltr'>Ἰησοῦν·</span> <span class='ocrx_word' id='word_1_420' title='bbox 1369 427 1425 455; x_wconf 80' lang='grc' dir='ltr'><strong>Ἴδε</strong></span> <span class='ocrx_word' id='word_1_421' title='bbox 1437 430 1453 455; x_wconf 82' lang='grc' dir='ltr'><em>ό</em></span> <span class='ocrx_word' id='word_1_422' title='bbox 1476 427 1571 462; x_wconf 81' lang='grc' dir='ltr'><em>ἀμνὸς</em></span> <span class='ocrx_word' id='word_1_423' title='bbox 1589 427 1641 454; x_wconf 84' lang='grc' dir='ltr'><strong>τοῦ</strong></span> <span class='ocrx_word' id='word_1_424' title='bbox 1651 426 1736 457; x_wconf 76' lang='grc' dir='ltr'><strong>Θεοῦ,</strong></span> <span class='ocrx_word' id='word_1_425' title='bbox 1755 427 1774 452; x_wconf 87' lang='grc' dir='ltr'><em>ό</em></span> <span class='ocrx_word' id='word_1_426' title='bbox 1787 425 1836 451; x_wconf 82' lang='grc' dir='ltr'><strong>αϊ-</strong></span> 
     </span>
    </p>
   </div>
   <div class='ocr_carea' id='block_1_59' title="bbox 1041 471 1843 508">
    <p class='ocr_par' dir='ltr' id='par_1_59' title="bbox 1041 471 1843 508">
     <span class='ocr_line' id='line_1_59' title="bbox 1041 471 1843 508; baseline -0.004 -9"><span class='ocrx_word' id='word_1_427' title='bbox 1041 481 1104 507; x_wconf 84' lang='grc' dir='ltr'>ρων</span> <span class='ocrx_word' id='word_1_428' title='bbox 1119 473 1176 506; x_wconf 78' lang='grc' dir='ltr'><strong>τὴν</strong></span> <span class='ocrx_word' id='word_1_429' title='bbox 1191 473 1337 508; x_wconf 77' lang='grc' dir='ltr'><strong>ἁμαρτίαν</strong></span> <span class='ocrx_word' id='word_1_430' title='bbox 1358 473 1412 500; x_wconf 81' lang='grc' dir='ltr'><strong>τοῦ</strong></span> <span class='ocrx_word' id='word_1_431' title='bbox 1427 475 1542 507; x_wconf 81' lang='grc' dir='ltr'><strong>κόσμου</strong></span> <span class='ocrx_word' id='word_1_432' title='bbox 1553 492 1560 504; x_wconf 86' lang='grc'><strong>,</strong></span> <span class='ocrx_word' id='word_1_433' title='bbox 1577 471 1686 507; x_wconf 84' lang='grc' dir='ltr'><strong>σταυρῷ</strong></span> <span class='ocrx_word' id='word_1_434' title='bbox 1701 471 1750 497; x_wconf 78' lang='grc' dir='ltr'>καὶ</span> <span class='ocrx_word' id='word_1_435' title='bbox 1773 479 1843 505; x_wconf 78' lang='grc' dir='ltr'><strong>προ-</strong></span> 
     </span>
    </p>
   </div>
   <div class='ocr_carea' id='block_1_60' title="bbox 1046 515 1838 554">
    <p class='ocr_par' dir='ltr' id='par_1_60' title="bbox 1046 515 1838 554">
     <span class='ocr_line' id='line_1_60' title="bbox 1046 515 1838 554; baseline -0.003 -10"><span class='ocrx_word' id='word_1_436' title='bbox 1046 518 1122 554; x_wconf 84' lang='grc' dir='ltr'>χύσει</span> <span class='ocrx_word' id='word_1_437' title='bbox 1134 519 1248 554; x_wconf 79' lang='grc' dir='ltr'>αἵματος</span> <span class='ocrx_word' id='word_1_438' title='bbox 1264 520 1309 546; x_wconf 73' lang='grc' dir='ltr'>καὶ</span> <span class='ocrx_word' id='word_1_439' title='bbox 1328 518 1433 550; x_wconf 75' lang='grc' dir='ltr'>ὕδατος.</span> <span class='ocrx_word' id='word_1_440' title='bbox 1455 518 1521 553; x_wconf 76' lang='grc' dir='ltr'><strong>Περὶ</strong></span> <span class='ocrx_word' id='word_1_441' title='bbox 1539 515 1569 544; x_wconf 78' lang='grc' dir='ltr'>οὗ</span> <span class='ocrx_word' id='word_1_442' title='bbox 1592 517 1673 544; x_wconf 79' lang='grc' dir='ltr'>πάλιν</span> <span class='ocrx_word' id='word_1_443' title='bbox 1693 518 1708 543; x_wconf 80' lang='grc' dir='ltr'><strong>ὁ</strong></span> <span class='ocrx_word' id='word_1_444' title='bbox 1729 516 1838 551; x_wconf 78' lang='grc' dir='ltr'>Ἰησοῦς</span> 
     </span>
    </p>
   </div>
   <div class='ocr_carea' id='block_1_61' title="bbox 1046 562 1839 600">
    <p class='ocr_par' dir='ltr' id='par_1_61' title="bbox 1046 562 1839 600">
     <span class='ocr_line' id='line_1_61' title="bbox 1046 562 1839 600; baseline -0.004 -9"><span class='ocrx_word' id='word_1_445' title='bbox 1046 564 1196 600; x_wconf 82' lang='grc' dir='ltr'><strong>πυθόμενος</strong></span> <span class='ocrx_word' id='word_1_446' title='bbox 1210 566 1267 596; x_wconf 77' lang='grc' dir='ltr'>τοῖς</span> <span class='ocrx_word' id='word_1_447' title='bbox 1294 566 1444 600; x_wconf 86' lang='grc' dir='ltr'>φοιτηταῖς,</span> <span class='ocrx_word' id='word_1_448' title='bbox 1459 564 1510 591; x_wconf 78' lang='grc' dir='ltr'><strong>ποῦ</strong></span> <span class='ocrx_word' id='word_1_449' title='bbox 1533 563 1607 598; x_wconf 84' lang='grc' dir='ltr'>αὐτῷ</span> <span class='ocrx_word' id='word_1_450' title='bbox 1629 563 1660 589; x_wconf 80' lang='grc' dir='ltr'>τὸ</span> <span class='ocrx_word' id='word_1_451' title='bbox 1683 563 1782 597; x_wconf 77' lang='grc' dir='ltr'><strong>Πάσχα</strong></span> <span class='ocrx_word' id='word_1_452' title='bbox 1806 562 1839 588; x_wconf 74' lang='grc' dir='ltr'>τὸ</span> 
     </span>
    </p>
   </div>
   <div class='ocr_carea' id='block_1_62' title="bbox 1046 610 1840 646">
    <p class='ocr_par' dir='ltr' id='par_1_62' title="bbox 1046 610 1840 646">
     <span class='ocr_line' id='line_1_62' title="bbox 1046 610 1840 646; baseline -0.003 -9"><span class='ocrx_word' id='word_1_453' title='bbox 1046 611 1157 646; x_wconf 73' lang='grc' dir='ltr'>νομικῦν</span> <span class='ocrx_word' id='word_1_454' title='bbox 1170 612 1337 646; x_wconf 78' lang='grc' dir='ltr'><strong>ἐτοιμάσοιεν</strong></span> <span class='ocrx_word' id='word_1_455' title='bbox 1349 631 1356 642; x_wconf 90' lang='grc'><strong>,</strong></span> <span class='ocrx_word' id='word_1_456' title='bbox 1373 612 1456 646; x_wconf 75' lang='grc' dir='ltr'>φησὶν</span> <span class='ocrx_word' id='word_1_457' title='bbox 1477 610 1566 642; x_wconf 73' lang='grc' dir='ltr'>αὐτοῖς</span> <span class='ocrx_word' id='word_1_458' title='bbox 1584 619 1590 625; x_wconf 91' lang='grc'>·</span> <span class='ocrx_word' id='word_1_459' title='bbox 1612 610 1776 637; x_wconf 64' lang='grc' dir='ltr'><strong>Ἁπβλθατε</strong></span> <span class='ocrx_word' id='word_1_460' title='bbox 1793 611 1840 641; x_wconf 77' lang='grc' dir='ltr'><strong>εὶς</strong></span> 
     </span>
    </p>
   </div>
   <div class='ocr_carea' id='block_1_63' title="bbox 1046 654 1841 690">
    <p class='ocr_par' dir='ltr' id='par_1_63' title="bbox 1046 654 1841 690">
     <span class='ocr_line' id='line_1_63' title="bbox 1046 654 1841 690; baseline -0.004 -8"><span class='ocrx_word' id='word_1_461' title='bbox 1046 656 1136 688; x_wconf 77' lang='grc' dir='ltr'><strong>τήνδε</strong></span> <span class='ocrx_word' id='word_1_462' title='bbox 1158 656 1214 690; x_wconf 84' lang='grc' dir='ltr'><strong>τὴν</strong></span> <span class='ocrx_word' id='word_1_463' title='bbox 1227 657 1326 690; x_wconf 78' lang='grc' dir='ltr'><strong>πόλιν,</strong></span> <span class='ocrx_word' id='word_1_464' title='bbox 1339 657 1387 683; x_wconf 78' lang='grc' dir='ltr'>καὶ</span> <span class='ocrx_word' id='word_1_465' title='bbox 1403 655 1572 688; x_wconf 79' lang='grc' dir='ltr'><em>ἀπαντήσει</em></span> <span class='ocrx_word' id='word_1_466' title='bbox 1589 654 1660 689; x_wconf 84' lang='grc' dir='ltr'><strong>ὑμῖν</strong></span> <span class='ocrx_word' id='word_1_467' title='bbox 1679 655 1841 688; x_wconf 67' lang='grc' dir='ltr'><strong>ἀνθρωποτ</strong></span> 
     </span>
    </p>
   </div>
   <div class='ocr_carea' id='block_1_64' title="bbox 1044 698 1840 735">
    <p class='ocr_par' dir='ltr' id='par_1_64' title="bbox 1044 698 1840 735">
     <span class='ocr_line' id='line_1_64' title="bbox 1044 698 1840 735; baseline -0.005 -8"><span class='ocrx_word' id='word_1_468' title='bbox 1044 699 1204 732; x_wconf 76' lang='grc' dir='ltr'><strong>βαστάζων</strong></span> <span class='ocrx_word' id='word_1_469' title='bbox 1222 701 1363 735; x_wconf 81' lang='grc' dir='ltr'><strong>κεράμιον</strong></span> <span class='ocrx_word' id='word_1_470' title='bbox 1384 701 1508 733; x_wconf 79' lang='grc' dir='ltr'>ὓδατος·</span> <span class='ocrx_word' id='word_1_471' title='bbox 1521 699 1570 726; x_wconf 73' lang='grc' dir='ltr'>καὶ</span> <span class='ocrx_word' id='word_1_472' title='bbox 1582 700 1683 726; x_wconf 73' lang='grc' dir='ltr'><strong>εἴπατε</strong></span> <span class='ocrx_word' id='word_1_473' title='bbox 1697 698 1788 731; x_wconf 75' lang='grc' dir='ltr'>αὐτῷ,</span> <span class='ocrx_word' id='word_1_474' title='bbox 1811 699 1840 723; x_wconf 87' lang='lat'><strong>&#39;0</strong></span> 
     </span>
    </p>
   </div>
   <div class='ocr_carea' id='block_1_65' title="bbox 1047 743 1841 779">
    <p class='ocr_par' dir='ltr' id='par_1_65' title="bbox 1047 743 1841 779">
     <span class='ocr_line' id='line_1_65' title="bbox 1047 743 1841 779; baseline -0.004 -7"><span class='ocrx_word' id='word_1_475' title='bbox 1047 745 1229 777; x_wconf 72' lang='grc' dir='ltr'><strong>διδάσκαλος</strong></span> <span class='ocrx_word' id='word_1_476' title='bbox 1251 744 1326 778; x_wconf 76' lang='grc' dir='ltr'><strong>εἷπε,</strong></span> <span class='ocrx_word' id='word_1_477' title='bbox 1343 746 1420 779; x_wconf 83' lang='grc' dir='ltr'>Πρὸς</span> <span class='ocrx_word' id='word_1_478' title='bbox 1444 745 1482 772; x_wconf 82' lang='grc' dir='ltr'><strong>σὲ</strong></span> <span class='ocrx_word' id='word_1_479' title='bbox 1503 744 1576 772; x_wconf 80' lang='grc' dir='ltr'>ποιῶ</span> <span class='ocrx_word' id='word_1_480' title='bbox 1589 744 1622 771; x_wconf 80' lang='grc' dir='ltr'>τὸ</span> <span class='ocrx_word' id='word_1_481' title='bbox 1636 743 1746 778; x_wconf 78' lang='grc' dir='ltr'>Πάσχα</span> <span class='ocrx_word' id='word_1_482' title='bbox 1761 744 1841 778; x_wconf 64' lang='lat' dir='ltr'><strong>peri</strong></span> 
     </span>
    </p>
   </div>
   <div class='ocr_carea' id='block_1_66' title="bbox 1046 789 1843 826">
    <p class='ocr_par' dir='ltr' id='par_1_66' title="bbox 1046 789 1843 826">
     <span class='ocr_line' id='line_1_66' title="bbox 1046 789 1843 826; baseline -0.004 -8"><span class='ocrx_word' id='word_1_483' title='bbox 1046 790 1106 818; x_wconf 80' lang='grc' dir='ltr'><strong>τῶν</strong></span> <span class='ocrx_word' id='word_1_484' title='bbox 1123 791 1263 826; x_wconf 78' lang='grc' dir='ltr'><strong>μαθητῶν</strong></span> <span class='ocrx_word' id='word_1_485' title='bbox 1279 799 1354 825; x_wconf 83' lang='grc' dir='ltr'><strong>μου·</strong></span> <span class='ocrx_word' id='word_1_486' title='bbox 1368 791 1415 818; x_wconf 84' lang='grc' dir='ltr'>καὶ</span> <span class='ocrx_word' id='word_1_487' title='bbox 1439 790 1589 822; x_wconf 77' lang='grc' dir='ltr'><strong>ὐποδείξει</strong></span> <span class='ocrx_word' id='word_1_488' title='bbox 1611 790 1684 824; x_wconf 80' lang='grc' dir='ltr'><strong>ὑμῖν</strong></span> <span class='ocrx_word' id='word_1_489' title='bbox 1703 789 1843 823; x_wconf 69' lang='grc' dir='ltr'><strong>ἀνώγεον</strong></span> 
     </span>
    </p>
   </div>
   <div class='ocr_carea' id='block_1_67' title="bbox 1048 834 1841 871">
    <p class='ocr_par' dir='ltr' id='par_1_67' title="bbox 1048 834 1841 871">
     <span class='ocr_line' id='line_1_67' title="bbox 1048 834 1841 871; baseline -0.004 -8"><span class='ocrx_word' id='word_1_490' title='bbox 1048 836 1125 871; x_wconf 66' lang='grc' dir='ltr'>μέγα</span> <span class='ocrx_word' id='word_1_491' title='bbox 1136 835 1321 871; x_wconf 73' lang='grc' dir='ltr'><strong>ἐστρωμένον</strong></span> <span class='ocrx_word' id='word_1_492' title='bbox 1334 844 1341 853; x_wconf 92' lang='grc'><strong>·</strong></span> <span class='ocrx_word' id='word_1_493' title='bbox 1356 836 1441 863; x_wconf 75' lang='grc' dir='ltr'><strong>κάκεῖ</strong></span> <span class='ocrx_word' id='word_1_494' title='bbox 1463 836 1636 870; x_wconf 78' lang='grc' dir='ltr'><strong>ἑτοιμάσατε</strong></span> <span class='ocrx_word' id='word_1_495' title='bbox 1649 844 1657 851; x_wconf 90' lang='grc'><strong>·</strong></span> <span class='ocrx_word' id='word_1_496' title='bbox 1682 835 1731 862; x_wconf 81' lang='grc' dir='ltr'><strong>καὶ</strong></span> <span class='ocrx_word' id='word_1_497' title='bbox 1742 834 1841 867; x_wconf 69' lang='grc' dir='ltr'><strong>γέγονε</strong></span> 
     </span>
    </p>
   </div>
   <div class='ocr_carea' id='block_1_68' title="bbox 1052 880 1841 917">
    <p class='ocr_par' dir='ltr' id='par_1_68' title="bbox 1052 880 1841 917">
     <span class='ocr_line' id='line_1_68' title="bbox 1052 880 1841 917; baseline -0.003 -9"><span class='ocrx_word' id='word_1_498' title='bbox 1052 882 1101 917; x_wconf 67' lang='grc' dir='ltr'><strong>μὲν</strong></span> <span class='ocrx_word' id='word_1_499' title='bbox 1125 882 1210 908; x_wconf 85' lang='grc' dir='ltr'>ταῦτα</span> <span class='ocrx_word' id='word_1_500' title='bbox 1232 881 1385 916; x_wconf 75' lang='grc' dir='ltr'>αἰσθητῶς·</span> <span class='ocrx_word' id='word_1_501' title='bbox 1403 882 1516 908; x_wconf 81' lang='grc' dir='ltr'><strong>νοείσθω</strong></span> <span class='ocrx_word' id='word_1_502' title='bbox 1534 882 1563 908; x_wconf 76' lang='grc' dir='ltr'><strong>δὲ</strong></span> <span class='ocrx_word' id='word_1_503' title='bbox 1589 880 1841 917; x_wconf 71' lang='grc' dir='ltr'><strong>τροπικῶςοἊνὴρ</strong></span> 
     </span>
    </p>
   </div>
   <div class='ocr_carea' id='block_1_69' title="bbox 1053 926 1841 963">
    <p class='ocr_par' dir='ltr' id='par_1_69' title="bbox 1053 926 1841 963">
     <span class='ocr_line' id='line_1_69' title="bbox 1053 926 1841 963; baseline -0.003 -9"><span class='ocrx_word' id='word_1_504' title='bbox 1053 928 1101 962; x_wconf 73' lang='grc' dir='ltr'>μὲν</span> <span class='ocrx_word' id='word_1_505' title='bbox 1120 926 1260 962; x_wconf 78' lang='grc' dir='ltr'><strong>βαστάζων</strong></span> <span class='ocrx_word' id='word_1_506' title='bbox 1284 927 1315 953; x_wconf 81' lang='grc' dir='ltr'>τὸ</span> <span class='ocrx_word' id='word_1_507' title='bbox 1332 928 1462 963; x_wconf 84' lang='grc' dir='ltr'><strong>κεράμιον</strong></span> <span class='ocrx_word' id='word_1_508' title='bbox 1480 927 1527 954; x_wconf 80' lang='grc' dir='ltr'>τοῦ</span> <span class='ocrx_word' id='word_1_509' title='bbox 1551 926 1655 958; x_wconf 82' lang='grc' dir='ltr'>ὕδατος,</span> <span class='ocrx_word' id='word_1_510' title='bbox 1678 927 1809 961; x_wconf 81' lang='grc' dir='ltr'><strong>Ἰωάννης</strong></span> <span class='ocrx_word' id='word_1_511' title='bbox 1826 927 1841 952; x_wconf 86' lang='grc' dir='ltr'>ὁ</span> 
     </span>
    </p>
   </div>
   <div class='ocr_carea' id='block_1_70' title="bbox 1051 973 1843 1008">
    <p class='ocr_par' dir='ltr' id='par_1_70' title="bbox 1051 973 1843 1008">
     <span class='ocr_line' id='line_1_70' title="bbox 1051 973 1843 1008; baseline 0 -10"><span class='ocrx_word' id='word_1_512' title='bbox 1051 973 1215 1008; x_wconf 84' lang='grc' dir='ltr'>Βαπτιστὴς,</span> <span class='ocrx_word' id='word_1_513' title='bbox 1224 973 1366 1008; x_wconf 81' lang='grc' dir='ltr'><strong>κηρύττων</strong></span> <span class='ocrx_word' id='word_1_514' title='bbox 1377 974 1519 1008; x_wconf 74' lang='grc' dir='ltr'><strong>μετανοίας</strong></span> <span class='ocrx_word' id='word_1_515' title='bbox 1531 974 1669 1008; x_wconf 81' lang='grc' dir='ltr'><strong>βάπτισμα</strong></span> <span class='ocrx_word' id='word_1_516' title='bbox 1684 973 1730 999; x_wconf 74' lang='grc' dir='ltr'>καὶ</span> <span class='ocrx_word' id='word_1_517' title='bbox 1742 973 1843 1007; x_wconf 79' lang='grc' dir='ltr'>βαπτι-</span> 
     </span>
    </p>
   </div>
   <div class='ocr_carea' id='block_1_71' title="bbox 1051 1017 1843 1055">
    <p class='ocr_par' dir='ltr' id='par_1_71' title="bbox 1051 1017 1843 1055">
     <span class='ocr_line' id='line_1_71' title="bbox 1051 1017 1843 1055; baseline 0 -11"><span class='ocrx_word' id='word_1_518' title='bbox 1051 1018 1114 1050; x_wconf 82' lang='grc' dir='ltr'>ζων.</span> <span class='ocrx_word' id='word_1_519' title='bbox 1129 1018 1209 1049; x_wconf 84' lang='grc' dir='ltr'>Πόλις</span> <span class='ocrx_word' id='word_1_520' title='bbox 1222 1018 1276 1053; x_wconf 82' lang='grc' dir='ltr'><strong>δὲή</strong></span> <span class='ocrx_word' id='word_1_521' title='bbox 1292 1018 1349 1045; x_wconf 78' lang='grc' dir='ltr'><strong>ἄνω</strong></span> <span class='ocrx_word' id='word_1_522' title='bbox 1369 1017 1602 1055; x_wconf 73' lang='grc' dir='ltr'>Ἱερουσαλὴμ,ἧς</span> <span class='ocrx_word' id='word_1_523' title='bbox 1621 1018 1727 1045; x_wconf 85' lang='grc' dir='ltr'>πολῖται</span> <span class='ocrx_word' id='word_1_524' title='bbox 1750 1018 1843 1045; x_wconf 82' lang='grc' dir='ltr'>Ἰωάν-</span> 
     </span>
    </p>
   </div>
   <div class='ocr_carea' id='block_1_72' title="bbox 1050 1062 1839 1098">
    <p class='ocr_par' dir='ltr' id='par_1_72' title="bbox 1050 1062 1839 1098">
     <span class='ocr_line' id='line_1_72' title="bbox 1050 1062 1839 1098; baseline 0 -8"><span class='ocrx_word' id='word_1_525' title='bbox 1050 1072 1109 1098; x_wconf 86' lang='grc' dir='ltr'>νης.</span> <span class='ocrx_word' id='word_1_526' title='bbox 1125 1063 1172 1089; x_wconf 75' lang='grc' dir='ltr'><strong>καὶ</strong></span> <span class='ocrx_word' id='word_1_527' title='bbox 1192 1063 1206 1089; x_wconf 84' lang='grc' dir='ltr'>ὁ</span> <span class='ocrx_word' id='word_1_528' title='bbox 1228 1062 1322 1095; x_wconf 78' lang='grc' dir='ltr'>λοιπός</span> <span class='ocrx_word' id='word_1_529' title='bbox 1344 1063 1398 1090; x_wconf 84' lang='grc' dir='ltr'>τῶν</span> <span class='ocrx_word' id='word_1_530' title='bbox 1422 1064 1532 1090; x_wconf 84' lang='grc' dir='ltr'>δικαίων</span> <span class='ocrx_word' id='word_1_531' title='bbox 1547 1064 1639 1098; x_wconf 84' lang='grc' dir='ltr'>ὅμιλος</span> <span class='ocrx_word' id='word_1_532' title='bbox 1662 1063 1710 1090; x_wconf 75' lang='grc' dir='ltr'><strong>καὶ</strong></span> <span class='ocrx_word' id='word_1_533' title='bbox 1739 1063 1839 1097; x_wconf 82' lang='grc' dir='ltr'><strong>ἁγίων.</strong></span> 
     </span>
    </p>
   </div>
   <div class='ocr_carea' id='block_1_73' title="bbox 1057 1109 1844 1145">
    <p class='ocr_par' dir='ltr' id='par_1_73' title="bbox 1057 1109 1844 1145">
     <span class='ocr_line' id='line_1_73' title="bbox 1057 1109 1844 1145; baseline 0.001 -10"><span class='ocrx_word' id='word_1_534' title='bbox 1057 1109 1189 1142; x_wconf 82' lang='grc' dir='ltr'><strong>Ἀνώγεον</strong></span> <span class='ocrx_word' id='word_1_535' title='bbox 1201 1109 1230 1135; x_wconf 83' lang='grc' dir='ltr'><strong>δὲ</strong></span> <span class='ocrx_word' id='word_1_536' title='bbox 1240 1109 1409 1144; x_wconf 68' lang='grc' dir='ltr'>ἐστρωμένον</span> <span class='ocrx_word' id='word_1_537' title='bbox 1426 1110 1540 1145; x_wconf 81' lang='grc' dir='ltr'><strong>λαμπρᾷ</strong></span> <span class='ocrx_word' id='word_1_538' title='bbox 1553 1109 1658 1144; x_wconf 71' lang='grc' dir='ltr'>ψηφῖδι,</span> <span class='ocrx_word' id='word_1_539' title='bbox 1675 1111 1690 1136; x_wconf 78' lang='grc' dir='ltr'>ὁ</span> <span class='ocrx_word' id='word_1_540' title='bbox 1710 1110 1844 1144; x_wconf 70' lang='grc' dir='ltr'><strong>οὐρανὸς,</strong></span> 
     </span>
    </p>
   </div>
   <div class='ocr_carea' id='block_1_74' title="bbox 1051 1154 1842 1190">
    <p class='ocr_par' dir='ltr' id='par_1_74' title="bbox 1051 1154 1842 1190">
     <span class='ocr_line' id='line_1_74' title="bbox 1051 1154 1842 1190; baseline 0 -10"><span class='ocrx_word' id='word_1_541' title='bbox 1051 1154 1108 1187; x_wconf 62' lang='lat' dir='ltr'><strong>(ea</strong></span> <span class='ocrx_word' id='word_1_542' title='bbox 1126 1155 1157 1181; x_wconf 79' lang='grc' dir='ltr'>τέ</span> <span class='ocrx_word' id='word_1_543' title='bbox 1181 1163 1241 1181; x_wconf 82' lang='grc' dir='ltr'>τινα</span> <span class='ocrx_word' id='word_1_544' title='bbox 1256 1155 1304 1181; x_wconf 75' lang='grc' dir='ltr'><strong>καὶ</strong></span> <span class='ocrx_word' id='word_1_545' title='bbox 1325 1156 1451 1190; x_wconf 84' lang='grc' dir='ltr'>σχήματα</span> <span class='ocrx_word' id='word_1_546' title='bbox 1465 1156 1498 1190; x_wconf 83' lang='grc' dir='ltr'>τῇ</span> <span class='ocrx_word' id='word_1_547' title='bbox 1519 1155 1638 1190; x_wconf 76' lang='grc' dir='ltr'><strong>ποικιλίᾳ</strong></span> <span class='ocrx_word' id='word_1_548' title='bbox 1659 1155 1715 1181; x_wconf 84' lang='grc' dir='ltr'>τῶν</span> <span class='ocrx_word' id='word_1_549' title='bbox 1729 1155 1842 1189; x_wconf 70' lang='grc' dir='ltr'>ἄστρων</span> 
     </span>
    </p>
   </div>
   <div class='ocr_carea' id='block_1_75' title="bbox 1051 1199 1844 1235">
    <p class='ocr_par' dir='ltr' id='par_1_75' title="bbox 1051 1199 1844 1235">
     <span class='ocr_line' id='line_1_75' title="bbox 1051 1199 1844 1235; baseline -0.001 -9"><span class='ocrx_word' id='word_1_550' title='bbox 1051 1200 1300 1234; x_wconf 82' lang='grc' dir='ltr'>ὑπομορφούμενος,</span> <span class='ocrx_word' id='word_1_551' title='bbox 1319 1200 1389 1226; x_wconf 82' lang='grc' dir='ltr'>κατὰ</span> <span class='ocrx_word' id='word_1_552' title='bbox 1414 1200 1445 1226; x_wconf 84' lang='grc' dir='ltr'>τὸ</span> <span class='ocrx_word' id='word_1_553' title='bbox 1461 1200 1524 1235; x_wconf 83' lang='grc' dir='ltr'>παρ’</span> <span class='ocrx_word' id='word_1_554' title='bbox 1538 1201 1603 1234; x_wconf 76' lang='grc' dir='ltr'><strong>ἡμῖν</strong></span> <span class='ocrx_word' id='word_1_555' title='bbox 1623 1199 1763 1234; x_wconf 81' lang='grc' dir='ltr'>βασιλικὸν</span> <span class='ocrx_word' id='word_1_556' title='bbox 1777 1200 1844 1225; x_wconf 74' lang='grc' dir='ltr'><strong>ἐδα-</strong></span> 
     </span>
    </p>
   </div>
   <div class='ocr_carea' id='block_1_76' title="bbox 1052 1245 1841 1282">
    <p class='ocr_par' dir='ltr' id='par_1_76' title="bbox 1052 1245 1841 1282">
     <span class='ocr_line' id='line_1_76' title="bbox 1052 1245 1841 1282; baseline 0.001 -10"><span class='ocrx_word' id='word_1_557' title='bbox 1052 1254 1111 1279; x_wconf 82' lang='grc' dir='ltr'>φος,</span> <span class='ocrx_word' id='word_1_558' title='bbox 1128 1247 1161 1281; x_wconf 82' lang='grc' dir='ltr'>τῇ</span> <span class='ocrx_word' id='word_1_559' title='bbox 1177 1246 1296 1281; x_wconf 73' lang='grc' dir='ltr'>ποικιλίᾳ</span> <span class='ocrx_word' id='word_1_560' title='bbox 1314 1247 1364 1281; x_wconf 84' lang='grc' dir='ltr'>τῆς</span> <span class='ocrx_word' id='word_1_561' title='bbox 1384 1245 1498 1282; x_wconf 74' lang='grc' dir='ltr'>ψηφῖδας</span> <span class='ocrx_word' id='word_1_562' title='bbox 1521 1247 1756 1282; x_wconf 78' lang='grc' dir='ltr'>κατεστρωμένον.</span> <span class='ocrx_word' id='word_1_563' title='bbox 1777 1247 1841 1273; x_wconf 83' lang='grc' dir='ltr'><strong>Ὀτι</strong></span> 
     </span>
    </p>
   </div>
   <div class='ocr_carea' id='block_1_77' title="bbox 1051 1291 1841 1327">
    <p class='ocr_par' dir='ltr' id='par_1_77' title="bbox 1051 1291 1841 1327">
     <span class='ocr_line' id='line_1_77' title="bbox 1051 1291 1841 1327; baseline 0.001 -10"><span class='ocrx_word' id='word_1_564' title='bbox 1051 1291 1079 1318; x_wconf 82' lang='grc' dir='ltr'><strong>δὲ</strong></span> <span class='ocrx_word' id='word_1_565' title='bbox 1105 1291 1180 1326; x_wconf 81' lang='grc' dir='ltr'>βουσὶ</span> <span class='ocrx_word' id='word_1_566' title='bbox 1199 1292 1261 1323; x_wconf 83' lang='grc' dir='ltr'>τοὺς</span> <span class='ocrx_word' id='word_1_567' title='bbox 1282 1292 1447 1323; x_wconf 79' lang='grc' dir='ltr'><strong>ἀποστόλους</strong></span> <span class='ocrx_word' id='word_1_568' title='bbox 1469 1293 1483 1318; x_wconf 81' lang='grc' dir='ltr'><strong>ό</strong></span> <span class='ocrx_word' id='word_1_569' title='bbox 1502 1293 1644 1327; x_wconf 78' lang='grc' dir='ltr'>προφήτης</span> <span class='ocrx_word' id='word_1_570' title='bbox 1673 1292 1841 1327; x_wconf 63' lang='grc' dir='ltr'>παρείκατε,</span> 
     </span>
    </p>
   </div>
   <div class='ocr_carea' id='block_1_78' title="bbox 1052 1336 1842 1372">
    <p class='ocr_par' dir='ltr' id='par_1_78' title="bbox 1052 1336 1842 1372">
     <span class='ocr_line' id='line_1_78' title="bbox 1052 1336 1842 1372; baseline -0.001 -9"><span class='ocrx_word' id='word_1_571' title='bbox 1052 1337 1145 1371; x_wconf 85' lang='grc' dir='ltr'><strong>σαφῶς</strong></span> <span class='ocrx_word' id='word_1_572' title='bbox 1167 1337 1313 1372; x_wconf 83' lang='grc' dir='ltr'>παρίστησι</span> <span class='ocrx_word' id='word_1_573' title='bbox 1332 1337 1438 1368; x_wconf 82' lang='grc' dir='ltr'><strong>Παῦλος</strong></span> <span class='ocrx_word' id='word_1_574' title='bbox 1462 1337 1476 1362; x_wconf 85' lang='grc'>6</span> <span class='ocrx_word' id='word_1_575' title='bbox 1492 1336 1542 1372; x_wconf 86' lang='grc' dir='ltr'>τῆς</span> <span class='ocrx_word' id='word_1_576' title='bbox 1557 1337 1632 1368; x_wconf 82' lang='grc' dir='ltr'>θείας</span> <span class='ocrx_word' id='word_1_577' title='bbox 1653 1337 1842 1372; x_wconf 75' lang='grc' dir='ltr'>είκοσαόμϐης</span> 
     </span>
    </p>
   </div>
   <div class='ocr_carea' id='block_1_79' title="bbox 1052 1381 1846 1418">
    <p class='ocr_par' dir='ltr' id='par_1_79' title="bbox 1052 1381 1846 1418">
     <span class='ocr_line' id='line_1_79' title="bbox 1052 1381 1846 1418; baseline 0.001 -10"><span class='ocrx_word' id='word_1_578' title='bbox 1052 1381 1198 1418; x_wconf 76' lang='grc' dir='ltr'><strong>ἐξαίρετος,</strong></span> <span class='ocrx_word' id='word_1_579' title='bbox 1212 1383 1322 1417; x_wconf 78' lang='grc' dir='ltr'>φάσκων</span> <span class='ocrx_word' id='word_1_580' title='bbox 1331 1390 1339 1397; x_wconf 86' lang='grc'><strong>·</strong></span> <span class='ocrx_word' id='word_1_581' title='bbox 1359 1382 1536 1416; x_wconf 77' lang='grc' dir='ltr'>Γέτραπται,</span> <span class='ocrx_word' id='word_1_582' title='bbox 1552 1383 1593 1408; x_wconf 86' lang='grc' dir='ltr'><strong>οὐ</strong></span> <span class='ocrx_word' id='word_1_583' title='bbox 1606 1381 1751 1416; x_wconf 71' lang='grc' dir='ltr'><strong>φιμώσεις</strong></span> <span class='ocrx_word' id='word_1_584' title='bbox 1758 1382 1846 1414; x_wconf 70' lang='grc' dir='ltr'><strong>,βοῦν’</strong></span> 
     </span>
    </p>
   </div>
   <div class='ocr_carea' id='block_1_80' title="bbox 1051 1425 1842 1461">
    <p class='ocr_par' dir='ltr' id='par_1_80' title="bbox 1051 1425 1842 1461">
     <span class='ocr_line' id='line_1_80' title="bbox 1051 1425 1842 1461; baseline -0.001 -7"><span class='ocrx_word' id='word_1_585' title='bbox 1051 1426 1205 1454; x_wconf 73' lang='grc' dir='ltr'><strong>ἀλοῶντα·</strong></span> <span class='ocrx_word' id='word_1_586' title='bbox 1221 1427 1268 1454; x_wconf 78' lang='grc' dir='ltr'><strong>καὶ</strong></span> <span class='ocrx_word' id='word_1_587' title='bbox 1287 1425 1364 1458; x_wconf 86' lang='grc' dir='ltr'>αὖθις</span> <span class='ocrx_word' id='word_1_588' title='bbox 1376 1427 1496 1461; x_wconf 77' lang='grc' dir='ltr'><strong>ἐπάγων,</strong></span> <span class='ocrx_word' id='word_1_589' title='bbox 1513 1427 1561 1460; x_wconf 84' lang='grc' dir='ltr'><strong>Μὴ</strong></span> <span class='ocrx_word' id='word_1_590' title='bbox 1575 1426 1637 1453; x_wconf 77' lang='grc' dir='ltr'><strong>τῶν</strong></span> <span class='ocrx_word' id='word_1_591' title='bbox 1657 1426 1743 1458; x_wconf 83' lang='grc' dir='ltr'><strong>,βοῶν</strong></span> <span class='ocrx_word' id='word_1_592' title='bbox 1752 1427 1842 1461; x_wconf 70' lang='grc' dir='ltr'><strong>μέλει</strong></span> 
     </span>
    </p>
   </div>
   <div class='ocr_carea' id='block_1_81' title="bbox 1050 1471 1843 1507">
    <p class='ocr_par' dir='ltr' id='par_1_81' title="bbox 1050 1471 1843 1507">
     <span class='ocr_line' id='line_1_81' title="bbox 1050 1471 1843 1507; baseline 0 -8"><span class='ocrx_word' id='word_1_593' title='bbox 1050 1471 1090 1505; x_wconf 80' lang='grc' dir='ltr'>τῷ</span> <span class='ocrx_word' id='word_1_594' title='bbox 1106 1472 1186 1505; x_wconf 60' lang='lat' dir='ltr'><strong>Oed);</strong></span> <span class='ocrx_word' id='word_1_595' title='bbox 1203 1473 1290 1499; x_wconf 72' lang='grc' dir='ltr'><em>Ἀλλὰ</em></span> <span class='ocrx_word' id='word_1_596' title='bbox 1303 1471 1420 1504; x_wconf 80' lang='grc' dir='ltr'>πάντως</span> <span class='ocrx_word' id='word_1_597' title='bbox 1431 1472 1498 1506; x_wconf 82' lang='grc' dir='ltr'><strong>περὶ</strong></span> <span class='ocrx_word' id='word_1_598' title='bbox 1508 1472 1591 1507; x_wconf 76' lang='grc' dir='ltr'><strong>ἡμῶν</strong></span> <span class='ocrx_word' id='word_1_599' title='bbox 1601 1473 1692 1507; x_wconf 75' lang='grc' dir='ltr'><strong>λέγει·</strong></span> <span class='ocrx_word' id='word_1_600' title='bbox 1707 1473 1746 1499; x_wconf 75' lang='grc' dir='ltr'><strong>δι’</strong></span> <span class='ocrx_word' id='word_1_601' title='bbox 1760 1472 1843 1507; x_wconf 78' lang='grc' dir='ltr'>ἡμᾶς</span> 
     </span>
    </p>
   </div>
   <div class='ocr_carea' id='block_1_82' title="bbox 1050 1517 1843 1553">
    <p class='ocr_par' dir='ltr' id='par_1_82' title="bbox 1050 1517 1843 1553">
     <span class='ocr_line' id='line_1_82' title="bbox 1050 1517 1843 1553; baseline 0 -9"><span class='ocrx_word' id='word_1_602' title='bbox 1050 1518 1105 1552; x_wconf 77' lang='grc' dir='ltr'>τὰρ</span> <span class='ocrx_word' id='word_1_603' title='bbox 1121 1517 1293 1552; x_wconf 73' lang='grc' dir='ltr'><strong>γέγραπται.</strong></span> <span class='ocrx_word' id='word_1_604' title='bbox 1316 1518 1384 1544; x_wconf 70' lang='grc' dir='ltr'>Ἀλλ’</span> <span class='ocrx_word' id='word_1_605' title='bbox 1400 1518 1449 1545; x_wconf 64' lang='grc' dir='ltr'><strong>ἐπὶ*</strong></span> <span class='ocrx_word' id='word_1_606' title='bbox 1466 1519 1511 1545; x_wconf 82' lang='grc' dir='ltr'>τὸν</span> <span class='ocrx_word' id='word_1_607' title='bbox 1531 1518 1632 1553; x_wconf 75' lang='grc' dir='ltr'>ὑψηλδν</span> <span class='ocrx_word' id='word_1_608' title='bbox 1659 1519 1773 1545; x_wconf 77' lang='grc' dir='ltr'><strong>Ἡσαΐαν</strong></span> <span class='ocrx_word' id='word_1_609' title='bbox 1790 1519 1843 1545; x_wconf 77' lang='grc' dir='ltr'><strong>πά-</strong></span> 
     </span>
    </p>
   </div>
   <div class='ocr_carea' id='block_1_83' title="bbox 1049 1563 1841 1600">
    <p class='ocr_par' dir='ltr' id='par_1_83' title="bbox 1049 1563 1841 1600">
     <span class='ocr_line' id='line_1_83' title="bbox 1049 1563 1841 1600; baseline 0.001 -10"><span class='ocrx_word' id='word_1_610' title='bbox 1049 1563 1090 1590; x_wconf 80' lang='grc' dir='ltr'><strong>λιν</strong></span> <span class='ocrx_word' id='word_1_611' title='bbox 1105 1564 1287 1598; x_wconf 73' lang='grc' dir='ltr'>φοιτήσωμεν,</span> <span class='ocrx_word' id='word_1_612' title='bbox 1300 1565 1331 1599; x_wconf 83' lang='grc' dir='ltr'>τῇ</span> <span class='ocrx_word' id='word_1_613' title='bbox 1350 1563 1415 1599; x_wconf 87' lang='grc' dir='ltr'>παρ’</span> <span class='ocrx_word' id='word_1_614' title='bbox 1429 1563 1511 1591; x_wconf 81' lang='grc' dir='ltr'>αὐτοῦ</span> <span class='ocrx_word' id='word_1_615' title='bbox 1526 1565 1680 1600; x_wconf 74' lang='grc' dir='ltr'><strong>προφητείᾳ</strong></span> <span class='ocrx_word' id='word_1_616' title='bbox 1693 1564 1841 1599; x_wconf 79' lang='grc' dir='ltr'><strong>ἑπόμενοι·</strong></span> 
     </span>
    </p>
   </div>
   <div class='ocr_carea' id='block_1_84' title="bbox 1050 1608 1842 1644">
    <p class='ocr_par' dir='ltr' id='par_1_84' title="bbox 1050 1608 1842 1644">
     <span class='ocr_line' id='line_1_84' title="bbox 1050 1608 1842 1644; baseline 0.001 -9"><span class='ocrx_word' id='word_1_617' title='bbox 1050 1610 1091 1636; x_wconf 80' lang='grc' dir='ltr'><strong>οὐ</strong></span> <span class='ocrx_word' id='word_1_618' title='bbox 1102 1608 1157 1643; x_wconf 64' lang='grc' dir='ltr'><strong>γὰρ</strong></span> <span class='ocrx_word' id='word_1_619' title='bbox 1170 1608 1312 1642; x_wconf 65' lang='grc' dir='ltr'>ὲρτῖῖννται</span> <span class='ocrx_word' id='word_1_620' title='bbox 1324 1609 1395 1636; x_wconf 74' lang='grc' dir='ltr'>δέκα</span> <span class='ocrx_word' id='word_1_621' title='bbox 1407 1608 1493 1644; x_wconf 77' lang='grc' dir='ltr'><strong>ζεύγη</strong></span> <span class='ocrx_word' id='word_1_622' title='bbox 1504 1609 1589 1641; x_wconf 75' lang='grc' dir='ltr'><strong>,βοῶν</strong></span> <span class='ocrx_word' id='word_1_623' title='bbox 1605 1609 1731 1643; x_wconf 80' lang='grc' dir='ltr'>ποιῆσαι</span> <span class='ocrx_word' id='word_1_624' title='bbox 1751 1609 1842 1644; x_wconf 75' lang='grc' dir='ltr'><strong>κερά-</strong></span> 
     </span>
    </p>
   </div>
   <div class='ocr_carea' id='block_1_85' title="bbox 1047 1652 1843 1690">
    <p class='ocr_par' dir='ltr' id='par_1_85' title="bbox 1047 1652 1843 1690">
     <span class='ocr_line' id='line_1_85' title="bbox 1047 1652 1843 1690; baseline 0 -8"><span class='ocrx_word' id='word_1_625' title='bbox 1047 1664 1117 1690; x_wconf 78' lang='grc' dir='ltr'>μιον</span> <span class='ocrx_word' id='word_1_626' title='bbox 1138 1655 1187 1681; x_wconf 77' lang='grc' dir='ltr'><strong>ἐν’</strong></span> <span class='ocrx_word' id='word_1_627' title='bbox 1204 1654 1252 1681; x_wconf 71' lang='grc' dir='ltr'><strong>καὶ</strong></span> <span class='ocrx_word' id='word_1_628' title='bbox 1272 1652 1350 1686; x_wconf 83' lang='grc' dir='ltr'>αὖθις</span> <span class='ocrx_word' id='word_1_629' title='bbox 1373 1655 1481 1689; x_wconf 76' lang='grc' dir='ltr'><strong>ἐπάγει,</strong></span> <span class='ocrx_word' id='word_1_630' title='bbox 1503 1655 1555 1681; x_wconf 74' lang='grc' dir='ltr'><strong>Καὶ</strong></span> <span class='ocrx_word' id='word_1_631' title='bbox 1573 1656 1590 1681; x_wconf 81' lang='grc' dir='ltr'><em>ὁ</em></span> <span class='ocrx_word' id='word_1_632' title='bbox 1604 1656 1738 1689; x_wconf 73' lang='grc' dir='ltr'><strong>σπείρων·</strong></span> <span class='ocrx_word' id='word_1_633' title='bbox 1752 1655 1843 1689; x_wconf 74' lang='grc' dir='ltr'>ἀρτώ-</span> 
     </span>
    </p>
   </div>
   <div class='ocr_carea' id='block_1_86' title="bbox 1051 1699 1841 1736">
    <p class='ocr_par' dir='ltr' id='par_1_86' title="bbox 1051 1699 1841 1736">
     <span class='ocr_line' id='line_1_86' title="bbox 1051 1699 1841 1736; baseline 0.001 -10"><span class='ocrx_word' id='word_1_634' title='bbox 1051 1701 1104 1732; x_wconf 80' lang='grc' dir='ltr'>ϐας</span> <span class='ocrx_word' id='word_1_635' title='bbox 1116 1700 1161 1731; x_wconf 73' lang='grc' dir='ltr'><strong>ἒξ.</strong></span> <span class='ocrx_word' id='word_1_636' title='bbox 1173 1701 1283 1733; x_wconf 76' lang='grc' dir='ltr'><strong>θερίσει</strong></span> <span class='ocrx_word' id='word_1_637' title='bbox 1293 1699 1385 1734; x_wconf 66' lang='grc' dir='ltr'>μέτρα</span> <span class='ocrx_word' id='word_1_638' title='bbox 1397 1701 1470 1734; x_wconf 82' lang='grc' dir='ltr'>τρία.</span> <span class='ocrx_word' id='word_1_639' title='bbox 1480 1699 1596 1736; x_wconf 62' lang='grc' dir='ltr'>’Δρόὖν</span> <span class='ocrx_word' id='word_1_640' title='bbox 1612 1700 1745 1735; x_wconf 78' lang='grc' dir='ltr'><strong>τοσαύτην</strong></span> <span class='ocrx_word' id='word_1_641' title='bbox 1759 1701 1841 1727; x_wconf 84' lang='grc' dir='ltr'>ἀστο-</span> 
     </span>
    </p>
   </div>
   <div class='ocr_carea' id='block_1_87' title="bbox 1051 1745 1841 1780">
    <p class='ocr_par' dir='ltr' id='par_1_87' title="bbox 1051 1745 1841 1780">
     <span class='ocr_line' id='line_1_87' title="bbox 1051 1745 1841 1780; baseline -0.001 -8"><span class='ocrx_word' id='word_1_642' title='bbox 1051 1745 1110 1780; x_wconf 89' lang='grc' dir='ltr'>χίαν</span> <span class='ocrx_word' id='word_1_643' title='bbox 1138 1745 1300 1780; x_wconf 86' lang='grc' dir='ltr'>ὑποθώμεθα</span> <span class='ocrx_word' id='word_1_644' title='bbox 1329 1745 1453 1779; x_wconf 79' lang='grc' dir='ltr'><strong>γενέσθαι</strong></span> <span class='ocrx_word' id='word_1_645' title='bbox 1488 1747 1570 1777; x_wconf 75' lang='grc' dir='ltr'>ποτὲ,</span> <span class='ocrx_word' id='word_1_646' title='bbox 1591 1745 1661 1772; x_wconf 85' lang='grc' dir='ltr'><strong>ὥστε</strong></span> <span class='ocrx_word' id='word_1_647' title='bbox 1688 1746 1841 1780; x_wconf 71' lang='grc' dir='ltr'>σπαρείσας</span> 
     </span>
    </p>
   </div>
   <div class='ocr_carea' id='block_1_88' title="bbox 1051 1789 1839 1826">
    <p class='ocr_par' dir='ltr' id='par_1_88' title="bbox 1051 1789 1839 1826">
     <span class='ocr_line' id='line_1_88' title="bbox 1051 1789 1839 1826; baseline -0.001 -9"><span class='ocrx_word' id='word_1_648' title='bbox 1051 1790 1172 1826; x_wconf 75' lang='grc' dir='ltr'>ἀρτάϐας</span> <span class='ocrx_word' id='word_1_649' title='bbox 1201 1789 1248 1822; x_wconf 78' lang='grc' dir='ltr'><strong>ἐξ,</strong></span> <span class='ocrx_word' id='word_1_650' title='bbox 1267 1790 1347 1824; x_wconf 82' lang='grc' dir='ltr'>μόνον</span> <span class='ocrx_word' id='word_1_651' title='bbox 1365 1790 1431 1825; x_wconf 85' lang='grc' dir='ltr'>τρία</span> <span class='ocrx_word' id='word_1_652' title='bbox 1446 1790 1585 1820; x_wconf 78' lang='grc' dir='ltr'><strong>ἀποτίσειν</strong></span> <span class='ocrx_word' id='word_1_653' title='bbox 1594 1790 1681 1825; x_wconf 82' lang='grc' dir='ltr'>μέτρα</span> <span class='ocrx_word' id='word_1_654' title='bbox 1696 1799 1703 1822; x_wconf 84' lang='grc'>;</span> <span class='ocrx_word' id='word_1_655' title='bbox 1719 1791 1756 1817; x_wconf 80' lang='grc' dir='ltr'><strong>Οὐ</strong></span> <span class='ocrx_word' id='word_1_656' title='bbox 1781 1791 1839 1825; x_wconf 84' lang='grc' dir='ltr'><strong>γάρ</strong></span> 
     </span>
    </p>
   </div>
   <div class='ocr_carea' id='block_1_89' title="bbox 1052 1833 1839 1869">
    <p class='ocr_par' dir='ltr' id='par_1_89' title="bbox 1052 1833 1839 1869">
     <span class='ocr_line' id='line_1_89' title="bbox 1052 1833 1839 1869; baseline 0.001 -10"><span class='ocrx_word' id='word_1_657' title='bbox 1052 1843 1132 1869; x_wconf 86' lang='grc' dir='ltr'>φησι,</span> <span class='ocrx_word' id='word_1_658' title='bbox 1150 1836 1223 1869; x_wconf 84' lang='grc' dir='ltr'><strong>τρεῖς</strong></span> <span class='ocrx_word' id='word_1_659' title='bbox 1249 1834 1370 1869; x_wconf 75' lang='grc' dir='ltr'>ἀρτάϐας</span> <span class='ocrx_word' id='word_1_660' title='bbox 1400 1835 1524 1869; x_wconf 73' lang='grc' dir='ltr'>ποιήσει,</span> <span class='ocrx_word' id='word_1_661' title='bbox 1548 1834 1617 1861; x_wconf 78' lang='grc' dir='ltr'>ἀλλὰ</span> <span class='ocrx_word' id='word_1_662' title='bbox 1642 1835 1710 1868; x_wconf 79' lang='grc' dir='ltr'>τρία</span> <span class='ocrx_word' id='word_1_663' title='bbox 1725 1833 1839 1868; x_wconf 75' lang='grc' dir='ltr'>μέτρα,</span> 
     </span>
    </p>
   </div>
   <div class='ocr_carea' id='block_1_90' title="bbox 1053 1878 1841 1915">
    <p class='ocr_par' dir='ltr' id='par_1_90' title="bbox 1053 1878 1841 1915">
     <span class='ocr_line' id='line_1_90' title="bbox 1053 1878 1841 1915; baseline -0.001 -9"><span class='ocrx_word' id='word_1_664' title='bbox 1053 1879 1139 1915; x_wconf 87' lang='grc' dir='ltr'><strong>βραχύ</strong></span> <span class='ocrx_word' id='word_1_665' title='bbox 1155 1888 1181 1906; x_wconf 91' lang='grc' dir='ltr'>τι</span> <span class='ocrx_word' id='word_1_666' title='bbox 1195 1880 1299 1914; x_wconf 81' lang='grc' dir='ltr'><strong>ἔχοντα.</strong></span> <span class='ocrx_word' id='word_1_667' title='bbox 1318 1878 1385 1905; x_wconf 82' lang='grc' dir='ltr'>Ἀλλ’</span> <span class='ocrx_word' id='word_1_668' title='bbox 1398 1880 1438 1911; x_wconf 82' lang='grc' dir='ltr'><strong>εἰς</strong></span> <span class='ocrx_word' id='word_1_669' title='bbox 1451 1879 1482 1905; x_wconf 79' lang='grc' dir='ltr'>τὸ</span> <span class='ocrx_word' id='word_1_670' title='bbox 1499 1878 1629 1914; x_wconf 74' lang='grc' dir='ltr'>ἐσώτερον</span> <span class='ocrx_word' id='word_1_671' title='bbox 1646 1879 1692 1905; x_wconf 74' lang='grc' dir='ltr'><strong>τοῦ</strong></span> <span class='ocrx_word' id='word_1_672' title='bbox 1708 1880 1841 1914; x_wconf 78' lang='grc' dir='ltr'>γράμμα-</span> 
     </span>
    </p>
   </div>
   <div class='ocr_carea' id='block_1_91' title="bbox 1052 1925 1839 1960">
    <p class='ocr_par' dir='ltr' id='par_1_91' title="bbox 1052 1925 1839 1960">
     <span class='ocr_line' id='line_1_91' title="bbox 1052 1925 1839 1960; baseline -0.001 -9"><span class='ocrx_word' id='word_1_673' title='bbox 1052 1934 1097 1957; x_wconf 82' lang='grc' dir='ltr'><strong>τος</strong></span> <span class='ocrx_word' id='word_1_674' title='bbox 1112 1926 1308 1960; x_wconf 80' lang='grc' dir='ltr'><strong>καταπέτασμα</strong></span> <span class='ocrx_word' id='word_1_675' title='bbox 1319 1925 1551 1960; x_wconf 80' lang='grc' dir='ltr'>παρεισδύνοντες,</span> <span class='ocrx_word' id='word_1_676' title='bbox 1563 1925 1714 1960; x_wconf 83' lang='grc' dir='ltr'><strong>εὑρήσομεν</strong></span> <span class='ocrx_word' id='word_1_677' title='bbox 1732 1925 1839 1954; x_wconf 77' lang='grc' dir='ltr'>πάντως</span> 
     </span>
    </p>
   </div>
   <div class='ocr_carea' id='block_1_92' title="bbox 1052 1967 1839 2005">
    <p class='ocr_par' dir='ltr' id='par_1_92' title="bbox 1052 1967 1839 2005">
     <span class='ocr_line' id='line_1_92' title="bbox 1052 1967 1839 2005; baseline 0 -9"><span class='ocrx_word' id='word_1_678' title='bbox 1052 1971 1083 1997; x_wconf 76' lang='grc' dir='ltr'>τὸ</span> <span class='ocrx_word' id='word_1_679' title='bbox 1108 1971 1152 1997; x_wconf 85' lang='grc' dir='ltr'><strong>διὰ</strong></span> <span class='ocrx_word' id='word_1_680' title='bbox 1168 1970 1271 1997; x_wconf 87' lang='grc' dir='ltr'>τούτων</span> <span class='ocrx_word' id='word_1_681' title='bbox 1296 1971 1434 2005; x_wconf 74' lang='grc' dir='ltr'>ἐσόμενον.</span> <span class='ocrx_word' id='word_1_682' title='bbox 1454 1970 1503 2002; x_wconf 77' lang='grc' dir='ltr'><strong>Ἓξ</strong></span> <span class='ocrx_word' id='word_1_683' title='bbox 1527 1970 1616 1996; x_wconf 76' lang='grc' dir='ltr'>τοίνυν</span> <span class='ocrx_word' id='word_1_684' title='bbox 1642 1970 1779 2005; x_wconf 76' lang='grc' dir='ltr'>ἀρτάϐας,</span> <span class='ocrx_word' id='word_1_685' title='bbox 1794 1967 1839 2001; x_wconf 76' lang='grc' dir='ltr'><strong>αἷς</strong></span> 
     </span>
    </p>
   </div>
   <div class='ocr_carea' id='block_1_93' title="bbox 1054 2015 1839 2052">
    <p class='ocr_par' dir='ltr' id='par_1_93' title="bbox 1054 2015 1839 2052">
     <span class='ocr_line' id='line_1_93' title="bbox 1054 2015 1839 2052; baseline 0.024 -17"><span class='ocrx_word' id='word_1_686' title='bbox 1054 2017 1104 2051; x_wconf 71' lang='grc' dir='ltr'><strong>τῆς</strong></span> <span class='ocrx_word' id='word_1_687' title='bbox 1127 2017 1287 2052; x_wconf 80' lang='grc' dir='ltr'>Ἐκκλησίας</span> <span class='ocrx_word' id='word_1_688' title='bbox 1311 2017 1523 2051; x_wconf 78' lang='grc' dir='ltr'><strong>κατασπείρεται</strong></span> <span class='ocrx_word' id='word_1_689' title='bbox 1540 2015 1645 2052; x_wconf 81' lang='grc' dir='ltr'>ἄρουρα</span> <span class='ocrx_word' id='word_1_690' title='bbox 1665 2016 1762 2051; x_wconf 80' lang='grc' dir='ltr'>λογικὴ</span> 
     </span>
    </p>
   </div>
   <div class='ocr_carea' id='block_1_94' title="bbox 1054 2061 1842 2097">
    <p class='ocr_par' dir='ltr' id='par_1_94' title="bbox 1054 2061 1842 2097">
     <span class='ocr_line' id='line_1_94' title="bbox 1054 2061 1842 2097; baseline -0.001 -9"><span class='ocrx_word' id='word_1_691' title='bbox 1054 2062 1118 2093; x_wconf 84' lang='grc' dir='ltr'>τῶν,</span> <span class='ocrx_word' id='word_1_692' title='bbox 1130 2062 1260 2097; x_wconf 81' lang='grc' dir='ltr'>τέτταρας</span> <span class='ocrx_word' id='word_1_693' title='bbox 1276 2061 1324 2096; x_wconf 83' lang='grc' dir='ltr'><strong>μὲν</strong></span> <span class='ocrx_word' id='word_1_694' title='bbox 1343 2061 1390 2092; x_wconf 78' lang='grc' dir='ltr'>τὰς</span> <span class='ocrx_word' id='word_1_695' title='bbox 1403 2061 1452 2096; x_wconf 87' lang='grc' dir='ltr'>τῆς</span> <span class='ocrx_word' id='word_1_696' title='bbox 1468 2061 1610 2096; x_wconf 82' lang='grc' dir='ltr'>θεηγορίας</span> <span class='ocrx_word' id='word_1_697' title='bbox 1629 2062 1752 2095; x_wconf 82' lang='grc' dir='ltr'>πυκτὰς,</span> <span class='ocrx_word' id='word_1_698' title='bbox 1769 2061 1842 2095; x_wconf 57' lang='grc' dir='ltr'><strong>πέμ,</strong></span> 
     </span>
    </p>
   </div>
   <div class='ocr_carea' id='block_1_95' title="bbox 1056 2106 1840 2143">
    <p class='ocr_par' dir='ltr' id='par_1_95' title="bbox 1056 2106 1840 2143">
     <span class='ocr_line' id='line_1_95' title="bbox 1056 2106 1840 2143; baseline -0.001 -9"><span class='ocrx_word' id='word_1_699' title='bbox 1056 2116 1126 2142; x_wconf 86' lang='grc' dir='ltr'>πτην</span> <span class='ocrx_word' id='word_1_700' title='bbox 1138 2107 1165 2134; x_wconf 82' lang='grc' dir='ltr'><strong>δὲ</strong></span> <span class='ocrx_word' id='word_1_701' title='bbox 1178 2108 1226 2143; x_wconf 83' lang='grc' dir='ltr'><strong>τὴν</strong></span> <span class='ocrx_word' id='word_1_702' title='bbox 1240 2107 1293 2133; x_wconf 82' lang='grc' dir='ltr'><strong>τῶν</strong></span> <span class='ocrx_word' id='word_1_703' title='bbox 1306 2107 1456 2133; x_wconf 69' lang='grc' dir='ltr'><strong>θεσπεσίων</strong></span> <span class='ocrx_word' id='word_1_704' title='bbox 1470 2107 1569 2141; x_wconf 76' lang='grc' dir='ltr'>Πρᾶξιν</span> <span class='ocrx_word' id='word_1_705' title='bbox 1579 2115 1587 2122; x_wconf 89' lang='grc'><strong>·</strong></span> <span class='ocrx_word' id='word_1_706' title='bbox 1598 2107 1681 2142; x_wconf 71' lang='grc' dir='ltr'>ἕκτην</span> <span class='ocrx_word' id='word_1_707' title='bbox 1689 2107 1719 2133; x_wconf 77' lang='grc' dir='ltr'><strong>δὲ</strong></span> <span class='ocrx_word' id='word_1_708' title='bbox 1732 2108 1781 2142; x_wconf 83' lang='grc' dir='ltr'>τὴν</span> <span class='ocrx_word' id='word_1_709' title='bbox 1791 2106 1840 2133; x_wconf 74' lang='grc' dir='ltr'>τοῦ</span> 
     </span>
    </p>
   </div>
   <div class='ocr_carea' id='block_1_96' title="bbox 1057 2151 1840 2188">
    <p class='ocr_par' dir='ltr' id='par_1_96' title="bbox 1057 2151 1840 2188">
     <span class='ocr_line' id='line_1_96' title="bbox 1057 2151 1840 2188; baseline 0 -10"><span class='ocrx_word' id='word_1_710' title='bbox 1057 2151 1158 2188; x_wconf 65' lang='grc' dir='ltr'><strong>ὑψηλοῦ</strong></span> <span class='ocrx_word' id='word_1_711' title='bbox 1184 2152 1289 2178; x_wconf 86' lang='grc' dir='ltr'><strong>Παύλου</strong></span> <span class='ocrx_word' id='word_1_712' title='bbox 1318 2153 1477 2186; x_wconf 84' lang='grc' dir='ltr'><strong>μονότευχον</strong></span> <span class='ocrx_word' id='word_1_713' title='bbox 1501 2152 1708 2186; x_wconf 80' lang='grc' dir='ltr'><strong>δεκατεσσάρων</strong></span> <span class='ocrx_word' id='word_1_714' title='bbox 1737 2153 1840 2178; x_wconf 78' lang='grc' dir='ltr'><strong>ἐπιστο-</strong></span> 
     </span>
    </p>
   </div>
   <div class='ocr_carea' id='block_1_97' title="bbox 1057 2193 1838 2233">
    <p class='ocr_par' dir='ltr' id='par_1_97' title="bbox 1057 2193 1838 2233">
     <span class='ocr_line' id='line_1_97' title="bbox 1057 2193 1838 2233; baseline 0.001 -10"><span class='ocrx_word' id='word_1_715' title='bbox 1057 2197 1110 2223; x_wconf 83' lang='grc' dir='ltr'>λῶν</span> <span class='ocrx_word' id='word_1_716' title='bbox 1121 2205 1127 2212; x_wconf 94' lang='grc'><strong>·</strong></span> <span class='ocrx_word' id='word_1_717' title='bbox 1145 2197 1173 2229; x_wconf 82' lang='grc' dir='ltr'><strong>ἐξ</strong></span> <span class='ocrx_word' id='word_1_718' title='bbox 1185 2193 1221 2223; x_wconf 86' lang='grc' dir='ltr'><strong>ὧν</strong></span> <span class='ocrx_word' id='word_1_719' title='bbox 1234 2197 1281 2223; x_wconf 73' lang='grc' dir='ltr'>καὶ</span> <span class='ocrx_word' id='word_1_720' title='bbox 1292 2197 1324 2223; x_wconf 82' lang='grc' dir='ltr'>δι’</span> <span class='ocrx_word' id='word_1_721' title='bbox 1338 2196 1375 2223; x_wconf 83' lang='grc' dir='ltr'><strong>ὧν</strong></span> <span class='ocrx_word' id='word_1_722' title='bbox 1399 2199 1567 2232; x_wconf 82' lang='grc' dir='ltr'><strong>καρποφορεῖ</strong></span> <span class='ocrx_word' id='word_1_723' title='bbox 1586 2199 1600 2224; x_wconf 82' lang='grc' dir='ltr'>ὁ</span> <span class='ocrx_word' id='word_1_724' title='bbox 1619 2198 1711 2229; x_wconf 83' lang='grc' dir='ltr'>θίασος</span> <span class='ocrx_word' id='word_1_725' title='bbox 1726 2200 1760 2233; x_wconf 77' lang='grc' dir='ltr'>τῇ</span> <span class='ocrx_word' id='word_1_726' title='bbox 1774 2207 1838 2225; x_wconf 79' lang='grc' dir='ltr'>κατ-</span> 
     </span>
    </p>
   </div>
   <div class='ocr_carea' id='block_1_98' title="bbox 1057 2243 1840 2278">
    <p class='ocr_par' dir='ltr' id='par_1_98' title="bbox 1057 2243 1840 2278">
     <span class='ocr_line' id='line_1_98' title="bbox 1057 2243 1840 2278; baseline 0.001 -9"><span class='ocrx_word' id='word_1_727' title='bbox 1057 2244 1152 2278; x_wconf 82' lang='grc' dir='ltr'><strong>ηχήσει</strong></span> <span class='ocrx_word' id='word_1_728' title='bbox 1165 2243 1219 2269; x_wconf 84' lang='grc' dir='ltr'>τῶν</span> <span class='ocrx_word' id='word_1_729' title='bbox 1230 2243 1398 2278; x_wconf 80' lang='grc' dir='ltr'>ἡγουμένων,</span> <span class='ocrx_word' id='word_1_730' title='bbox 1406 2243 1440 2269; x_wconf 84' lang='grc' dir='ltr'>τὰ</span> <span class='ocrx_word' id='word_1_731' title='bbox 1451 2243 1510 2269; x_wconf 75' lang='grc' dir='ltr'><strong>θεῖα</strong></span> <span class='ocrx_word' id='word_1_732' title='bbox 1521 2243 1768 2278; x_wconf 77' lang='grc' dir='ltr'>κατασπειρὸμενος</span> <span class='ocrx_word' id='word_1_733' title='bbox 1778 2243 1840 2278; x_wconf 80' lang='grc' dir='ltr'>τρία</span> 
     </span>
    </p>
   </div>
   <div class='ocr_carea' id='block_1_99' title="bbox 1057 2288 1840 2324">
    <p class='ocr_par' dir='ltr' id='par_1_99' title="bbox 1057 2288 1840 2324">
     <span class='ocr_line' id='line_1_99' title="bbox 1057 2288 1840 2324; baseline 0.001 -10"><span class='ocrx_word' id='word_1_734' title='bbox 1057 2288 1159 2323; x_wconf 81' lang='grc' dir='ltr'>μέτρα,</span> <span class='ocrx_word' id='word_1_735' title='bbox 1173 2289 1222 2323; x_wconf 86' lang='grc' dir='ltr'>τὴν</span> <span class='ocrx_word' id='word_1_736' title='bbox 1236 2290 1274 2319; x_wconf 76' lang='grc' dir='ltr'><strong>εἰς</strong></span> <span class='ocrx_word' id='word_1_737' title='bbox 1288 2289 1395 2324; x_wconf 81' lang='grc' dir='ltr'>Πατέρα</span> <span class='ocrx_word' id='word_1_738' title='bbox 1417 2290 1462 2315; x_wconf 70' lang='grc' dir='ltr'>καὶ</span> <span class='ocrx_word' id='word_1_739' title='bbox 1479 2289 1541 2315; x_wconf 78' lang='grc' dir='ltr'><strong>Υἰὸν</strong></span> <span class='ocrx_word' id='word_1_740' title='bbox 1561 2289 1607 2315; x_wconf 76' lang='grc' dir='ltr'><strong>καὶ</strong></span> <span class='ocrx_word' id='word_1_741' title='bbox 1627 2289 1703 2323; x_wconf 81' lang='grc' dir='ltr'>ἆγιον</span> <span class='ocrx_word' id='word_1_742' title='bbox 1730 2289 1840 2324; x_wconf 80' lang='grc' dir='ltr'>Πνεῦμα</span> 
     </span>
    </p>
   </div>
   <div class='ocr_carea' id='block_1_100' title="bbox 1056 2333 1838 2368">
    <p class='ocr_par' dir='ltr' id='par_1_100' title="bbox 1056 2333 1838 2368">
     <span class='ocr_line' id='line_1_100' title="bbox 1056 2333 1838 2368; baseline 0.001 -9"><span class='ocrx_word' id='word_1_743' title='bbox 1056 2333 1156 2360; x_wconf 78' lang='grc' dir='ltr'>πίστιν.</span> <span class='ocrx_word' id='word_1_744' title='bbox 1176 2334 1299 2367; x_wconf 75' lang='grc' dir='ltr'><strong>Ἐξῆλϐε</strong></span> <span class='ocrx_word' id='word_1_745' title='bbox 1320 2334 1373 2368; x_wconf 75' lang='grc' dir='ltr'><strong>γὰρ</strong></span> <span class='ocrx_word' id='word_1_746' title='bbox 1396 2334 1412 2360; x_wconf 83' lang='grc' dir='ltr'>ὁ</span> <span class='ocrx_word' id='word_1_747' title='bbox 1427 2335 1560 2367; x_wconf 77' lang='grc' dir='ltr'><strong>σπείρων</strong></span> <span class='ocrx_word' id='word_1_748' title='bbox 1587 2334 1640 2360; x_wconf 83' lang='grc' dir='ltr'>τοῦ</span> <span class='ocrx_word' id='word_1_749' title='bbox 1665 2334 1838 2368; x_wconf 74' lang='grc' dir='ltr'>σπεῖραι,οὸ</span> 
     </span>
    </p>
   </div>
   <div class='ocr_carea' id='block_1_101' title="bbox 1058 2379 1837 2415">
    <p class='ocr_par' dir='ltr' id='par_1_101' title="bbox 1058 2379 1837 2415">
     <span class='ocr_line' id='line_1_101' title="bbox 1058 2379 1837 2415; baseline 0.001 -10"><span class='ocrx_word' id='word_1_750' title='bbox 1058 2379 1142 2415; x_wconf 80' lang='grc' dir='ltr'><strong>πυρὸν</strong></span> <span class='ocrx_word' id='word_1_751' title='bbox 1159 2379 1313 2415; x_wconf 85' lang='grc' dir='ltr'>ἀρτοποιὸν,</span> <span class='ocrx_word' id='word_1_752' title='bbox 1329 2380 1397 2407; x_wconf 74' lang='grc' dir='ltr'>ἀλλὰ</span> <span class='ocrx_word' id='word_1_753' title='bbox 1410 2380 1501 2407; x_wconf 81' lang='grc' dir='ltr'>πίστιν</span> <span class='ocrx_word' id='word_1_754' title='bbox 1518 2380 1658 2412; x_wconf 81' lang='grc' dir='ltr'><strong>ζωοποιόν·</strong></span> <span class='ocrx_word' id='word_1_755' title='bbox 1673 2380 1731 2406; x_wconf 73' lang='grc' dir='ltr'>ἀλλ’</span> <span class='ocrx_word' id='word_1_756' title='bbox 1748 2381 1796 2406; x_wconf 75' lang='grc' dir='ltr'><strong>οὐκ</strong></span> <span class='ocrx_word' id='word_1_757' title='bbox 1810 2382 1837 2407; x_wconf 76' lang='grc' dir='ltr'><strong>ὲν</strong></span> 
     </span>
    </p>
   </div>
   <div class='ocr_carea' id='block_1_102' title="bbox 1059 2427 1176 2452">
    <p class='ocr_par' dir='ltr' id='par_1_102' title="bbox 1059 2427 1176 2452">
     <span class='ocr_line' id='line_1_102' title="bbox 1059 2427 1176 2452; baseline 0.009 -1"><span class='ocrx_word' id='word_1_758' title='bbox 1059 2427 1135 2452; x_wconf 85' lang='grc' dir='ltr'>πᾶσι.</span> <span class='ocrx_word' id='word_1_759' title='bbox 1152 2427 1176 2436; x_wconf 85' lang='lat'>“</span> 
     </span>
    </p>
   </div>
   <div class='ocr_carea' id='block_1_103' title="bbox 260 2484 1836 2521">
    <p class='ocr_par' dir='ltr' id='par_1_103' title="bbox 260 2484 1836 2521">
     <span class='ocr_line' id='line_1_103' title="bbox 260 2484 1836 2521; baseline 0 -9"><span class='ocrx_word' id='word_1_760' title='bbox 260 2484 399 2520; x_wconf 63' lang='lat' dir='ltr'><strong>(Quaedam</strong></span> <span class='ocrx_word' id='word_1_761' title='bbox 417 2484 489 2511; x_wconf 89' lang='lat' dir='ltr'><strong>enim</strong></span> <span class='ocrx_word' id='word_1_762' title='bbox 511 2484 588 2519; x_wconf 84' lang='lat' dir='ltr'><strong>juxta</strong></span> <span class='ocrx_word' id='word_1_763' title='bbox 607 2485 679 2512; x_wconf 89' lang='lat' dir='ltr'><strong>viam</strong></span> <span class='ocrx_word' id='word_1_764' title='bbox 704 2484 816 2518; x_wconf 88' lang='lat' dir='ltr'><strong>cadunt,</strong></span> <span class='ocrx_word' id='word_1_765' title='bbox 829 2492 890 2519; x_wconf 72' lang='lat' dir='ltr'><strong>qua:</strong></span> <span class='ocrx_word' id='word_1_766' title='bbox 918 2485 962 2512; x_wconf 84' lang='lat' dir='ltr'><strong>via</strong></span> <span class='ocrx_word' id='word_1_767' title='bbox 983 2489 1026 2513; x_wconf 83' lang='lat' dir='ltr'><strong>est</strong></span> <span class='ocrx_word' id='word_1_768' title='bbox 1051 2484 1200 2520; x_wconf 73' lang='lat' dir='ltr'><strong>Christus).</strong></span> <span class='ocrx_word' id='word_1_769' title='bbox 1214 2485 1281 2513; x_wconf 83' lang='lat' dir='ltr'><strong>Nam</strong></span> <span class='ocrx_word' id='word_1_770' title='bbox 1306 2486 1392 2521; x_wconf 88' lang='lat' dir='ltr'><strong>inquit</strong></span> <span class='ocrx_word' id='word_1_771' title='bbox 1407 2486 1463 2520; x_wconf 88' lang='lat' dir='ltr'><strong>ipse</strong></span> <span class='ocrx_word' id='word_1_772' title='bbox 1482 2495 1488 2512; x_wconf 94' lang='lat'>:</span> <span class='ocrx_word' id='word_1_773' title='bbox 1507 2485 1562 2521; x_wconf 83' lang='lat' dir='ltr'><strong>Ego</strong></span> <span class='ocrx_word' id='word_1_774' title='bbox 1585 2494 1644 2513; x_wconf 76' lang='lat' dir='ltr'><strong>sum</strong></span> <span class='ocrx_word' id='word_1_775' title='bbox 1667 2487 1710 2513; x_wconf 80' lang='lat' dir='ltr'><strong>ria</strong></span> <span class='ocrx_word' id='word_1_776' title='bbox 1728 2487 1790 2514; x_wconf 68' lang='lat' dir='ltr'><strong>vitae</strong></span> <span class='ocrx_word' id='word_1_777' title='bbox 1804 2487 1836 2512; x_wconf 86' lang='lat'><strong>&#39;°.</strong></span> 
     </span>
    </p>
   </div>
   <div class='ocr_carea' id='block_1_104' title="bbox 223 2531 1836 2568">
    <p class='ocr_par' dir='ltr' id='par_1_104' title="bbox 223 2531 1836 2568">
     <span class='ocr_line' id='line_1_104' title="bbox 223 2531 1836 2568; baseline 0 -8"><span class='ocrx_word' id='word_1_778' title='bbox 223 2532 282 2560; x_wconf 83' lang='lat' dir='ltr'><strong>Non</strong></span> <span class='ocrx_word' id='word_1_779' title='bbox 301 2540 366 2568; x_wconf 71' lang='lat' dir='ltr'><strong>ergo</strong></span> <span class='ocrx_word' id='word_1_780' title='bbox 379 2533 473 2568; x_wconf 89' lang='lat' dir='ltr'><strong>procul</strong></span> <span class='ocrx_word' id='word_1_781' title='bbox 498 2540 513 2559; x_wconf 88' lang='lat' dir='ltr'><strong>a</strong></span> <span class='ocrx_word' id='word_1_782' title='bbox 537 2533 579 2559; x_wconf 89' lang='lat' dir='ltr'><strong>via</strong></span> <span class='ocrx_word' id='word_1_783' title='bbox 597 2537 660 2559; x_wconf 82' lang='lat' dir='ltr'><strong>sunt</strong></span> <span class='ocrx_word' id='word_1_784' title='bbox 681 2531 795 2559; x_wconf 79' lang='lat' dir='ltr'><strong>Ariani:</strong></span> <span class='ocrx_word' id='word_1_785' title='bbox 822 2532 1052 2567; x_wconf 84' lang='lat' dir='ltr'><strong>quemadmodum</strong></span> <span class='ocrx_word' id='word_1_786' title='bbox 1080 2536 1108 2560; x_wconf 90' lang='lat' dir='ltr'><strong>et</strong></span> <span class='ocrx_word' id='word_1_787' title='bbox 1125 2532 1210 2560; x_wconf 63' lang='lat' dir='ltr'><strong>Graeci</strong></span> <span class='ocrx_word' id='word_1_788' title='bbox 1230 2537 1258 2560; x_wconf 85' lang='lat' dir='ltr'><strong>et</strong></span> <span class='ocrx_word' id='word_1_789' title='bbox 1278 2532 1375 2566; x_wconf 59' lang='lat' dir='ltr'><strong>Judaei,</strong></span> <span class='ocrx_word' id='word_1_790' title='bbox 1396 2540 1484 2568; x_wconf 83' lang='lat' dir='ltr'><strong>neque</strong></span> <span class='ocrx_word' id='word_1_791' title='bbox 1501 2533 1563 2560; x_wconf 83' lang='lat' dir='ltr'><strong>item</strong></span> <span class='ocrx_word' id='word_1_792' title='bbox 1585 2533 1613 2560; x_wconf 90' lang='lat' dir='ltr'><strong>in</strong></span> <span class='ocrx_word' id='word_1_793' title='bbox 1628 2533 1672 2560; x_wconf 88' lang='lat' dir='ltr'><strong>via</strong></span> <span class='ocrx_word' id='word_1_794' title='bbox 1692 2539 1768 2565; x_wconf 88' lang='lat' dir='ltr'><strong>sunt,</strong></span> <span class='ocrx_word' id='word_1_795' title='bbox 1793 2533 1836 2560; x_wconf 83' lang='lat' dir='ltr'><strong>sed</strong></span> 
     </span>
    </p>
   </div>
   <div class='ocr_carea' id='block_1_105' title="bbox 223 2579 1837 2616">
    <p class='ocr_par' dir='ltr' id='par_1_105' title="bbox 223 2579 1837 2616">
     <span class='ocr_line' id='line_1_105' title="bbox 223 2579 1837 2616; baseline 0 -10"><span class='ocrx_word' id='word_1_796' title='bbox 223 2581 300 2614; x_wconf 83' lang='lat' dir='ltr'><strong>juxta</strong></span> <span class='ocrx_word' id='word_1_797' title='bbox 314 2581 395 2611; x_wconf 87' lang='lat' dir='ltr'><strong>viam,</strong></span> <span class='ocrx_word' id='word_1_798' title='bbox 413 2579 439 2606; x_wconf 89' lang='lat' dir='ltr'><strong>id</strong></span> <span class='ocrx_word' id='word_1_799' title='bbox 452 2584 493 2607; x_wconf 85' lang='lat' dir='ltr'><strong>est</strong></span> <span class='ocrx_word' id='word_1_800' title='bbox 508 2587 592 2614; x_wconf 90' lang='lat' dir='ltr'><strong>prope</strong></span> <span class='ocrx_word' id='word_1_801' title='bbox 604 2579 754 2607; x_wconf 70' lang='lat' dir='ltr'><strong>Christum.</strong></span> <span class='ocrx_word' id='word_1_802' title='bbox 771 2579 877 2616; x_wconf 84' lang='lat' dir='ltr'><strong>Quippe</strong></span> <span class='ocrx_word' id='word_1_803' title='bbox 892 2581 963 2616; x_wconf 86' lang='lat' dir='ltr'><strong>quod</strong></span> <span class='ocrx_word' id='word_1_804' title='bbox 977 2581 1115 2608; x_wconf 87' lang='lat' dir='ltr'><strong>Christum</strong></span> <span class='ocrx_word' id='word_1_805' title='bbox 1129 2583 1304 2612; x_wconf 80' lang='lat' dir='ltr'><strong>conﬁtentur,</strong></span> <span class='ocrx_word' id='word_1_806' title='bbox 1316 2580 1380 2608; x_wconf 78' lang='lat' dir='ltr'><strong>facit</strong></span> <span class='ocrx_word' id='word_1_807' title='bbox 1395 2585 1425 2608; x_wconf 87' lang='lat' dir='ltr'><strong>ut</strong></span> <span class='ocrx_word' id='word_1_808' title='bbox 1436 2588 1518 2616; x_wconf 86' lang='lat' dir='ltr'><strong>prope</strong></span> <span class='ocrx_word' id='word_1_809' title='bbox 1529 2580 1601 2608; x_wconf 88' lang='lat' dir='ltr'><strong>viam</strong></span> <span class='ocrx_word' id='word_1_810' title='bbox 1617 2581 1685 2608; x_wconf 85' lang='lat' dir='ltr'><strong>sint:</strong></span> <span class='ocrx_word' id='word_1_811' title='bbox 1695 2583 1768 2616; x_wconf 87' lang='lat' dir='ltr'><strong>quod</strong></span> <span class='ocrx_word' id='word_1_812' title='bbox 1778 2589 1837 2608; x_wconf 83' lang='lat' dir='ltr'><strong>vero</strong></span> 
     </span>
    </p>
   </div>
   <div class='ocr_carea' id='block_1_106' title="bbox 225 2625 1836 2661">
    <p class='ocr_par' dir='ltr' id='par_1_106' title="bbox 225 2625 1836 2661">
     <span class='ocr_line' id='line_1_106' title="bbox 225 2625 1836 2661; baseline -0.001 -9"><span class='ocrx_word' id='word_1_813' title='bbox 225 2627 358 2652; x_wconf 87' lang='lat' dir='ltr'><strong>minorem</strong></span> <span class='ocrx_word' id='word_1_814' title='bbox 375 2630 402 2652; x_wconf 88' lang='lat' dir='ltr'><strong>et</strong></span> <span class='ocrx_word' id='word_1_815' title='bbox 416 2625 574 2660; x_wconf 74' lang='lat' dir='ltr'><strong>inaequalem</strong></span> <span class='ocrx_word' id='word_1_816' title='bbox 590 2625 788 2660; x_wconf 85' lang='lat' dir='ltr'><strong>blasphemant,</strong></span> <span class='ocrx_word' id='word_1_817' title='bbox 805 2626 831 2653; x_wconf 87' lang='lat' dir='ltr'><strong>id</strong></span> <span class='ocrx_word' id='word_1_818' title='bbox 853 2634 887 2653; x_wconf 87' lang='lat' dir='ltr'><strong>ex</strong></span> <span class='ocrx_word' id='word_1_819' title='bbox 902 2627 1007 2654; x_wconf 85' lang='lat' dir='ltr'><strong>vivente</strong></span> <span class='ocrx_word' id='word_1_820' title='bbox 1021 2626 1063 2653; x_wconf 88' lang='lat' dir='ltr'><strong>via</strong></span> <span class='ocrx_word' id='word_1_821' title='bbox 1084 2627 1157 2661; x_wconf 87' lang='lat' dir='ltr'><strong>ipsos</strong></span> <span class='ocrx_word' id='word_1_822' title='bbox 1173 2626 1256 2660; x_wconf 89' lang='lat' dir='ltr'><strong>ejicit.</strong></span> <span class='ocrx_word' id='word_1_823' title='bbox 1273 2626 1442 2660; x_wconf 83' lang='lat' dir='ltr'><strong>Quapropter</strong></span> <span class='ocrx_word' id='word_1_824' title='bbox 1454 2629 1482 2653; x_wconf 90' lang='lat' dir='ltr'><strong>et</strong></span> <span class='ocrx_word' id='word_1_825' title='bbox 1496 2625 1616 2652; x_wconf 84' lang='lat' dir='ltr'><strong>volatilia</strong></span> <span class='ocrx_word' id='word_1_826' title='bbox 1629 2625 1702 2657; x_wconf 76' lang='lat' dir='ltr'><strong>coeli,</strong></span> <span class='ocrx_word' id='word_1_827' title='bbox 1715 2625 1836 2653; x_wconf 80' lang='lat' dir='ltr'><strong>diabolici</strong></span> 
     </span>
    </p>
   </div>
   <div class='ocr_carea' id='block_1_107' title="bbox 224 2672 1836 2708">
    <p class='ocr_par' dir='ltr' id='par_1_107' title="bbox 224 2672 1836 2708">
     <span class='ocr_line' id='line_1_107' title="bbox 224 2672 1836 2708; baseline -0.002 -7"><span class='ocrx_word' id='word_1_828' title='bbox 224 2674 361 2701; x_wconf 86' lang='lat' dir='ltr'><strong>exercitus</strong></span> <span class='ocrx_word' id='word_1_829' title='bbox 378 2674 544 2705; x_wconf 85' lang='lat' dir='ltr'><strong>advolantes,</strong></span> <span class='ocrx_word' id='word_1_830' title='bbox 560 2673 690 2708; x_wconf 73' lang='lat' dir='ltr'><strong>colligunt</strong></span> <span class='ocrx_word' id='word_1_831' title='bbox 706 2673 810 2700; x_wconf 88' lang='lat' dir='ltr'><strong>semina</strong></span> <span class='ocrx_word' id='word_1_832' title='bbox 822 2673 915 2701; x_wconf 84' lang='lat' dir='ltr'><strong>divina</strong></span> <span class='ocrx_word' id='word_1_833' title='bbox 926 2681 959 2701; x_wconf 82' lang='lat' dir='ltr'><strong>ex</strong></span> <span class='ocrx_word' id='word_1_834' title='bbox 975 2673 1056 2701; x_wconf 86' lang='lat' dir='ltr'><strong>corde</strong></span> <span class='ocrx_word' id='word_1_835' title='bbox 1076 2673 1265 2708; x_wconf 89' lang='lat' dir='ltr'><strong>reproborum.</strong></span> <span class='ocrx_word' id='word_1_836' title='bbox 1282 2672 1340 2707; x_wconf 85' lang='lat' dir='ltr'><strong>Ipse</strong></span> <span class='ocrx_word' id='word_1_837' title='bbox 1367 2673 1464 2700; x_wconf 83' lang='lat' dir='ltr'><strong>etenim</strong></span> <span class='ocrx_word' id='word_1_838' title='bbox 1480 2672 1612 2699; x_wconf 86' lang='lat' dir='ltr'><strong>Dominus</strong></span> <span class='ocrx_word' id='word_1_839' title='bbox 1633 2672 1836 2706; x_wconf 66' lang='lat' dir='ltr'><strong>quodpmcipit,</strong></span> 
     </span>
    </p>
   </div>
   <div class='ocr_carea' id='block_1_108' title="bbox 226 2719 1835 2757">
    <p class='ocr_par' dir='ltr' id='par_1_108' title="bbox 226 2719 1835 2757">
     <span class='ocr_line' id='line_1_108' title="bbox 226 2719 1835 2757; baseline -0.002 -9"><span class='ocrx_word' id='word_1_840' title='bbox 226 2721 252 2748; x_wconf 87' lang='lat' dir='ltr'><strong>id</strong></span> <span class='ocrx_word' id='word_1_841' title='bbox 270 2722 381 2748; x_wconf 92' lang='lat' dir='ltr'><strong>omnino</strong></span> <span class='ocrx_word' id='word_1_842' title='bbox 397 2725 424 2748; x_wconf 85' lang='lat' dir='ltr'><strong>et</strong></span> <span class='ocrx_word' id='word_1_843' title='bbox 444 2721 533 2748; x_wconf 81' lang='lat' dir='ltr'><strong>facere</strong></span> <span class='ocrx_word' id='word_1_844' title='bbox 550 2721 627 2753; x_wconf 88' lang='lat' dir='ltr'><strong>solet,</strong></span> <span class='ocrx_word' id='word_1_845' title='bbox 644 2721 755 2748; x_wconf 89' lang='lat' dir='ltr'><strong>dicens:</strong></span> <span class='ocrx_word' id='word_1_846' title='bbox 777 2721 868 2748; x_wconf 83' lang='lat' dir='ltr'><strong>Nolite</strong></span> <span class='ocrx_word' id='word_1_847' title='bbox 891 2723 1019 2757; x_wconf 74' lang='lat' dir='ltr'><strong>projicere</strong></span> <span class='ocrx_word' id='word_1_848' title='bbox 1040 2726 1160 2748; x_wconf 70' lang='lat' dir='ltr'><strong>sanctum</strong></span> <span class='ocrx_word' id='word_1_849' title='bbox 1180 2728 1264 2747; x_wconf 86' lang='lat' dir='ltr'><strong>meum</strong></span> <span class='ocrx_word' id='word_1_850' title='bbox 1286 2720 1405 2752; x_wconf 79' lang='lat' dir='ltr'><strong>canibus,</strong></span> <span class='ocrx_word' id='word_1_851' title='bbox 1429 2727 1509 2754; x_wconf 78' lang='lat' dir='ltr'><strong>neque</strong></span> <span class='ocrx_word' id='word_1_852' title='bbox 1533 2719 1660 2754; x_wconf 73' lang='lat' dir='ltr'><strong>projicere</strong></span> <span class='ocrx_word' id='word_1_853' title='bbox 1683 2719 1835 2754; x_wconf 74' lang='lat' dir='ltr'><strong>margaritas</strong></span> 
     </span>
    </p>
   </div>
   <div class='ocr_carea' id='block_1_109' title="bbox 226 2765 1836 2803">
    <p class='ocr_par' dir='ltr' id='par_1_109' title="bbox 226 2765 1836 2803">
     <span class='ocr_line' id='line_1_109' title="bbox 226 2765 1836 2803; baseline -0.002 -8"><span class='ocrx_word' id='word_1_854' title='bbox 226 2775 296 2795; x_wconf 71' lang='lat' dir='ltr'><strong>mea;</strong></span> <span class='ocrx_word' id='word_1_855' title='bbox 308 2776 396 2794; x_wconf 88' lang='lat' dir='ltr'><strong>coram</strong></span> <span class='ocrx_word' id='word_1_856' title='bbox 410 2768 496 2802; x_wconf 77' lang='lat' dir='ltr'><strong>parcis</strong></span> <span class='ocrx_word' id='word_1_857' title='bbox 516 2767 550 2793; x_wconf 76' lang='grc'><strong>⁷⁸.</strong></span> <span class='ocrx_word' id='word_1_858' title='bbox 568 2768 600 2794; x_wconf 85' lang='grc' dir='ltr'><strong>Ει</strong></span> <span class='ocrx_word' id='word_1_859' title='bbox 620 2775 716 2795; x_wconf 86' lang='lat' dir='ltr'><strong>rursus</strong></span> <span class='ocrx_word' id='word_1_860' title='bbox 728 2778 736 2794; x_wconf 59' lang='grc' dir='ltr'><strong><em>ξ</em></strong></span> <span class='ocrx_word' id='word_1_861' title='bbox 750 2768 854 2801; x_wconf 81' lang='lat' dir='ltr'><strong>Tailile,</strong></span> <span class='ocrx_word' id='word_1_862' title='bbox 868 2769 964 2803; x_wconf 86' lang='lat' dir='ltr'><strong>inquit,</strong></span> <span class='ocrx_word' id='word_1_863' title='bbox 984 2770 1015 2796; x_wconf 89' lang='lat' dir='ltr'><strong>ab</strong></span> <span class='ocrx_word' id='word_1_864' title='bbox 1035 2769 1091 2803; x_wconf 79' lang='lat' dir='ltr'><strong>ipso</strong></span> <span class='ocrx_word' id='word_1_865' title='bbox 1103 2768 1243 2800; x_wconf 79' lang='lat' dir='ltr'><strong>talentum,</strong></span> <span class='ocrx_word' id='word_1_866' title='bbox 1257 2772 1281 2794; x_wconf 79' lang='lat' dir='ltr'><strong>et</strong></span> <span class='ocrx_word' id='word_1_867' title='bbox 1293 2768 1354 2794; x_wconf 79' lang='lat' dir='ltr'><strong>date</strong></span> <span class='ocrx_word' id='word_1_868' title='bbox 1365 2767 1387 2793; x_wconf 85' lang='lat' dir='ltr'><strong>ei</strong></span> <span class='ocrx_word' id='word_1_869' title='bbox 1398 2768 1442 2801; x_wconf 82' lang='lat' dir='ltr'><strong>qui</strong></span> <span class='ocrx_word' id='word_1_870' title='bbox 1454 2767 1530 2793; x_wconf 79' lang='lat' dir='ltr'><strong>habet</strong></span> <span class='ocrx_word' id='word_1_871' title='bbox 1543 2766 1641 2793; x_wconf 83' lang='lat' dir='ltr'><strong>talenta</strong></span> <span class='ocrx_word' id='word_1_872' title='bbox 1651 2766 1749 2793; x_wconf 76' lang='lat' dir='ltr'><strong>decem.</strong></span> <span class='ocrx_word' id='word_1_873' title='bbox 1765 2765 1836 2793; x_wconf 79' lang='lat' dir='ltr'><strong>Ouini</strong></span> 
     </span>
    </p>
   </div>
   <div class='ocr_carea' id='block_1_110' title="bbox 261 2839 486 2872">
    <p class='ocr_par' dir='ltr' id='par_1_110' title="bbox 261 2839 486 2872">
     <span class='ocr_line' id='line_1_110' title="bbox 261 2839 486 2872; baseline -0.013 -3"><span class='ocrx_word' id='word_1_874' title='bbox 261 2840 285 2857; x_wconf 86' lang='lat'><strong><em>&quot;</em></strong></span> <span class='ocrx_word' id='word_1_875' title='bbox 303 2839 382 2868; x_wconf 78' lang='lat' dir='ltr'><strong>Joan.</strong></span> <span class='ocrx_word' id='word_1_876' title='bbox 401 2848 426 2872; x_wconf 87' lang='grc' dir='ltr'>ι,</span> <span class='ocrx_word' id='word_1_877' title='bbox 440 2840 486 2866; x_wconf 75' lang='grc'><strong>29.</strong></span> 
     </span>
    </p>
   </div>
   <div class='ocr_carea' id='block_1_111' title="bbox 532 2839 1173 2874">
    <p class='ocr_par' dir='ltr' id='par_1_111' title="bbox 532 2839 1173 2874">
     <span class='ocr_line' id='line_1_111' title="bbox 532 2839 1173 2874; baseline 0.002 -8"><span class='ocrx_word' id='word_1_878' title='bbox 532 2841 554 2856; x_wconf 86' lang='grc'>⁶⁶</span> <span class='ocrx_word' id='word_1_879' title='bbox 569 2839 651 2867; x_wconf 73' lang='lat' dir='ltr'><strong>Mure.</strong></span> <span class='ocrx_word' id='word_1_880' title='bbox 670 2850 723 2871; x_wconf 75' lang='lat' dir='ltr'><strong>xiv.</strong></span> <span class='ocrx_word' id='word_1_881' title='bbox 748 2841 847 2874; x_wconf 77' lang='lat'><strong>15-15;</strong></span> <span class='ocrx_word' id='word_1_882' title='bbox 885 2841 951 2868; x_wconf 88' lang='lat' dir='ltr'><strong>Luc.</strong></span> <span class='ocrx_word' id='word_1_883' title='bbox 976 2849 1052 2873; x_wconf 79' lang='lat' dir='ltr'><strong>xxn,</strong></span> <span class='ocrx_word' id='word_1_884' title='bbox 1079 2841 1173 2868; x_wconf 72' lang='lat' dir='ltr'><strong>l0-l2.</strong></span> 
     </span>
    </p>
   </div>
   <div class='ocr_carea' id='block_1_112' title="bbox 1221 2837 1834 2873">
    <p class='ocr_par' dir='ltr' id='par_1_112' title="bbox 1221 2837 1834 2873">
     <span class='ocr_line' id='line_1_112' title="bbox 1221 2837 1834 2873; baseline -0.002 -7"><span class='ocrx_word' id='word_1_885' title='bbox 1221 2840 1243 2857; x_wconf 82' lang='grc'><strong>⁶⁷</strong></span> <span class='ocrx_word' id='word_1_886' title='bbox 1269 2839 1363 2867; x_wconf 82' lang='lat' dir='ltr'><strong>Matth.</strong></span> <span class='ocrx_word' id='word_1_887' title='bbox 1382 2847 1456 2868; x_wconf 75' lang='lat' dir='ltr'><strong>xxvi.</strong></span> <span class='ocrx_word' id='word_1_888' title='bbox 1471 2839 1515 2865; x_wconf 79' lang='lat' dir='ltr'><strong>i8.</strong></span> <span class='ocrx_word' id='word_1_889' title='bbox 1552 2838 1575 2854; x_wconf 77' lang='lat'>&quot;</span> <span class='ocrx_word' id='word_1_890' title='bbox 1590 2837 1598 2864; x_wconf 95' lang='lat' dir='ltr'><strong>l</strong></span> <span class='ocrx_word' id='word_1_891' title='bbox 1613 2838 1677 2866; x_wconf 87' lang='lat' dir='ltr'><strong>Cor.</strong></span> <span class='ocrx_word' id='word_1_892' title='bbox 1694 2846 1732 2871; x_wconf 72' lang='grc' dir='ltr'><strong>ιι,</strong></span> <span class='ocrx_word' id='word_1_893' title='bbox 1749 2838 1774 2871; x_wconf 81' lang='lat'><strong>9,</strong></span> <span class='ocrx_word' id='word_1_894' title='bbox 1791 2838 1834 2873; x_wconf 81' lang='lat' dir='ltr'><strong>l0;</strong></span> 
     </span>
    </p>
   </div>
   <div class='ocr_carea' id='block_1_113' title="bbox 226 2873 1624 2909">
    <p class='ocr_par' dir='ltr' id='par_1_113' title="bbox 226 2873 1624 2909">
     <span class='ocr_line' id='line_1_113' title="bbox 226 2873 1624 2909; baseline -0.002 -6"><span class='ocrx_word' id='word_1_895' title='bbox 226 2874 320 2903; x_wconf 78' lang='lat' dir='ltr'><strong>lTim.</strong></span> <span class='ocrx_word' id='word_1_896' title='bbox 339 2884 366 2909; x_wconf 90' lang='lat' dir='ltr'><strong>v,</strong></span> <span class='ocrx_word' id='word_1_897' title='bbox 383 2875 431 2908; x_wconf 83' lang='lat' dir='ltr'><strong>l8;</strong></span> <span class='ocrx_word' id='word_1_898' title='bbox 450 2875 526 2902; x_wconf 85' lang='lat' dir='ltr'><strong>Deut.</strong></span> <span class='ocrx_word' id='word_1_899' title='bbox 543 2883 605 2908; x_wconf 79' lang='lat' dir='ltr'><strong>xxv,</strong></span> <span class='ocrx_word' id='word_1_900' title='bbox 621 2876 647 2902; x_wconf 68' lang='grc' dir='ltr'>ι.</span> <span class='ocrx_word' id='word_1_901' title='bbox 686 2877 707 2893; x_wconf 80' lang='grc'><strong>⁸⁸</strong></span> <span class='ocrx_word' id='word_1_902' title='bbox 724 2876 776 2905; x_wconf 79' lang='lat' dir='ltr'><strong>lsa.</strong></span> <span class='ocrx_word' id='word_1_903' title='bbox 792 2886 817 2909; x_wconf 82' lang='grc' dir='ltr'><strong>ν,</strong></span> <span class='ocrx_word' id='word_1_904' title='bbox 834 2877 863 2904; x_wconf 74' lang='lat' dir='ltr'><strong>lli</strong></span> <span class='ocrx_word' id='word_1_905' title='bbox 888 2884 942 2904; x_wconf 79' lang='lat' dir='ltr'><strong>sec.</strong></span> <span class='ocrx_word' id='word_1_906' title='bbox 959 2875 1039 2903; x_wconf 74' lang='lat' dir='ltr'><strong>LXX.</strong></span> <span class='ocrx_word' id='word_1_907' title='bbox 1077 2877 1101 2892; x_wconf 85' lang='lat'><strong>&quot;°</strong></span> <span class='ocrx_word' id='word_1_908' title='bbox 1137 2875 1215 2903; x_wconf 82' lang='lat' dir='ltr'><strong>Joan.</strong></span> <span class='ocrx_word' id='word_1_909' title='bbox 1236 2883 1298 2908; x_wconf 80' lang='lat' dir='ltr'><strong>xiv,</strong></span> <span class='ocrx_word' id='word_1_910' title='bbox 1319 2876 1344 2903; x_wconf 86' lang='grc'><strong>6.</strong></span> <span class='ocrx_word' id='word_1_911' title='bbox 1383 2875 1403 2890; x_wconf 77' lang='grc'><strong>⁷³</strong></span> <span class='ocrx_word' id='word_1_912' title='bbox 1421 2874 1516 2901; x_wconf 80' lang='lat' dir='ltr'><strong>Matth.</strong></span> <span class='ocrx_word' id='word_1_913' title='bbox 1530 2881 1583 2906; x_wconf 81' lang='lat' dir='ltr'><strong>vlt,</strong></span> <span class='ocrx_word' id='word_1_914' title='bbox 1596 2873 1624 2901; x_wconf 84' lang='lat'><strong>6.</strong></span> 
     </span>
    </p>
   </div>
  </div>
