1910 3038
101 161 175 189 Ηττ
798 156 969 184 DIALOGUS
988 153 1032 183 IV.
1656 152 1728 180 H78

101 231 172 258 tnia.‘
191 228 296 256 [tabenti
312 227 392 256 ﬁdem
416 230 534 260 rectam,
560 226 667 252 dabitur
690 229 715 252 et
741 225 908 259 adjicietur:
930 223 962 250 ab
994 231 1024 251 eo
1056 228 1144 251 autem
1167 223 1213 259 qui
1235 231 1285 250 non
1301 223 1377 251 habet
1398 223 1488 256 (idem,
1519 230 1593 259 spem
1611 227 1638 250 et
1659 224 1727 250 cha-

102 275 213 301 ritatem
231 273 258 301 in
278 272 374 306 Deum,
387 273 468 300 etiam
487 271 608 306 id‘quod
629 271 732 298 videtur
754 270 860 303 habere,
882 269 1017 304 auferetur
1036 269 1071 301 ",
1092 270 1182 304 inquit
1201 267 1342 297 Dominus.
1364 268 1421 296 Hoc
1442 273 1484 296 est
1505 269 1575 304 quod
1601 268 1658 303 ipso
1673 268 1728 295 frui

103 328 157 347 non
173 321 290 355 possint,
314 319 366 346 nisi
385 318 459 346 omni
477 318 578 345 virtute
603 318 658 345 sint
676 317 800 352 perfecti,
818 317 863 352 qui
883 321 954 344 recta
970 317 1021 344 fide
1039 315 1122 344 Dentu
1146 324 1199 344 non
1228 317 1330 344 colunt.
1356 316 1432 343 Sicut
1457 317 1545 351 inquit
1569 316 1626 351 ipse
1646 324 1654 343 :
1676 315 1731 348 Qui

101 366 245 392 crediderit
259 370 282 392 et
299 365 448 400 baptizatus
465 365 555 400 fuerit,
571 364 659 392 saluus
673 366 735 397 erit,
755 366 800 401 qui
815 373 875 392 vero
895 372 946 392 non
960 365 1113 396 crediderit,
1131 364 1348 391 condemnabitur
1361 364 1395 390 ".
1409 363 1494 392 Vocat
1504 369 1594 391 autem
1606 364 1727 394 nomine.

104 416 134 438 ut
151 416 228 446 puto,
249 411 450 439 incredulorum
468 412 550 438 etiam
570 411 639 439 male
658 411 814 444 credentes,
837 416 864 438 et
883 411 981 445 impios
994 414 1142 438 sectatores
1162 410 1305 437 haresum.
1325 409 1411 436 Porro
1428 409 1474 444 qui
1489 409 1514 436 in
1527 409 1644 444 spinosis
1654 414 1728 441 sum,

104 456 270 484 Eunomiaui
304 457 370 483 mihi
395 456 530 490 videntur,
555 465 624 492 quos
653 461 761 492 propter
780 457 978 492 blasphemiam
1008 456 1156 483 Anommos
1183 456 1291 491 plurimi
1316 456 1461 490 appellant.
1483 454 1550 482 Nam
1580 455 1652 490 quod
1681 455 1730 482 de-

102 505 271 532 bacchantes
294 509 448 532 creaturam
471 509 498 532 et
527 505 718 539 cogitationem
747 505 848 532 audent
874 505 970 539 nugari
991 503 1130 532 Christum
1156 511 1229 537 esSe,
1252 504 1278 531 id
1294 504 1368 531 velut
1393 504 1476 539 spinae
1493 503 1606 531 suﬁ‘ocat
1627 511 1685 534 eos.
1702 507 1731 530 et

104 558 159 576 non
179 549 310 585 permittit
335 551 481 585 germinari
507 555 534 578 et
556 551 648 586 perﬁci
673 551 734 581 ﬁde.
757 550 893 586 Competit
910 552 990 578 etiam
1017 551 1088 578 idetn
1115 559 1205 578 sermo
1226 551 1387 585 quibusdam
1410 551 1536 578 Ecclesia:
1557 557 1666 584 nostrai,
1683 550 1729 585 qui

104 597 178 625 curis
194 597 255 624 vita:
275 601 300 624 et
329 597 415 632 spinis
440 598 609 632 negotiorum
626 605 655 625 se
672 598 815 631 suffocant,
835 605 922 632 neque
940 598 1092 625 concedunt
1118 597 1144 624 in
1171 605 1200 625 se
1221 598 1324 633 vigere,
1342 603 1389 625 aut
1414 598 1560 633 perfectam
1581 598 1730 632 producere

104 653 197 672 rerum
214 647 367 674 divinarum
393 651 531 674 naturam.
557 646 617 675 Alia
637 652 729 675 autem
748 647 906 674 ceciderunt
931 654 986 673 non
1014 654 1095 681 super
1116 651 1230 680 petram,
1254 646 1302 672 sed
1321 653 1401 680 super
1421 651 1539 681 petrosa.
1561 645 1640 673 Petra
1657 647 1733 674 enim-

105 692 229 720 Christus
243 695 322 727 est",
340 695 568 730 quemadmodum
589 695 678 730 inquit
701 695 779 722 divus
801 694 914 721 Paulus.
937 693 1042 722 Petrosi
1069 701 1134 721 vero
1154 694 1220 721 mihi
1240 702 1301 722 esse
1321 694 1445 722 videntur
1460 695 1586 722 obtusum
1602 695 1731 722 habentes

105 744 131 766 et
152 740 263 768 obedire
285 742 406 769 nescium
433 749 490 774 cor,
515 742 587 777 quod
606 742 724 770 tenerius
743 741 854 777 quidem
877 747 918 769 est
937 749 1020 776 quam
1053 740 1132 776 lapis,
1160 741 1257 769 durius
1281 745 1371 768 autem
1391 749 1471 776 quam
1493 742 1601 776 propria
1621 746 1730 769 natura.

107 784 182 814 Talis
205 788 277 815 enim
303 793 406 816 naturae
434 796 527 817 semen
558 793 610 822 est,
636 789 757 817 tenerius
773 789 882 824 quidem
911 788 1009 823 lapide,
1029 788 1126 815 durius
1151 793 1242 816 autem
1264 793 1349 816 terra.
1373 789 1423 816 Cui
1447 794 1586 823 comparat
1600 789 1731 816 Dominus

105 832 162 860 Deo
180 833 306 862 inimicos
328 834 512 868 Macedonius,
529 839 556 863 et
573 835 759 863 Marathonios
772 834 841 870 (15),
857 835 903 870 qui
923 834 1054 870 Spiritum
1074 834 1274 869 blasphemant,
1290 839 1317 861 et
1341 833 1430 868 ipsum
1451 838 1571 861 creatum
1587 841 1646 861 esse
1663 834 1732 861 falso

104 886 240 915 a‘serunt,
267 883 464 918 implacabilem
493 883 547 911 sibi
579 884 770 911 contrahentes
801 882 908 910 Domini
927 882 1169 909 denuntiationem.
1197 882 1285 916 lnquit
1306 881 1404 908 enim:
1423 881 1475 914 Qui
1504 882 1602 908 dixerit
1626 882 1735 908 verbum

105 931 230 956 adversus
249 928 350 956 Filium
369 929 499 962 hominis,
518 931 665 957 remittetur
687 930 748 961 illi;
770 930 816 965 qui
835 936 894 957 vero
921 929 1018 956 dixerit
1051 924 1176 956 adversus
1210 927 1340 963 Spiritum
1361 933 1492 960 sanctum,
1512 937 1563 956 non
1586 929 1733 956 remittetur

105 975 139 1005 ei,
156 981 237 1005 neque
251 973 292 1000 hic
311 981 392 1009 neque
412 974 440 1000 in
459 974 556 1001 swculo
574 973 664 1008 futuro
688 974 721 1001 ⁷⁸.
744 972 838 1008 Neque
857 973 938 1008 igitur
952 978 1024 1001 terra
1044 977 1110 1000 sunt
1128 973 1198 1000 bona
1219 977 1246 1000 et
1266 972 1406 1008 frugifera,
1429 978 1525 1001 tenens
1547 982 1638 1002 semen
1661 975 1734 1003 sicut

105 1019 274 1053 Christiani;
293 1028 379 1056 neque
401 1021 463 1048 item
488 1021 574 1048 solida
588 1026 661 1055 petra
687 1025 761 1053 sunt,
785 1021 830 1055 qui
858 1021 1052 1055 exsculpentur
1080 1028 1096 1048 a
1124 1020 1282 1048 doctoribus
1309 1020 1335 1047 in
1359 1025 1522 1048 structuram
1547 1023 1617 1049 sacri
1635 1028 1736 1050 emtas.

105 1064 184 1098 Quod
198 1065 270 1092 enitn
283 1065 448 1093 confitentur
467 1065 513 1093 Dei
528 1065 627 1092 Filium
643 1065 735 1094 Jesum
750 1066 891 1093 Christum
911 1066 1028 1093 similem
1048 1065 1198 1092 secundum
1222 1066 1403 1093 substantiam
1428 1065 1512 1097 Patri,
1526 1066 1645 1094 ostendit
1662 1067 1737 1101 ipsos

107 1111 245 1138 molliores
267 1119 342 1139 esse:
372 1112 444 1146 quod
464 1116 553 1139 autem
577 1117 676 1146 negant
701 1111 784 1139 Deum
806 1119 867 1139 esse
885 1111 1016 1146 Spiritum
1042 1116 1178 1143 sanctum,
1197 1112 1271 1146 ipsos
1288 1112 1425 1146 ambigere
1440 1116 1466 1139 et
1483 1119 1516 1139 ex
1538 1117 1615 1146 parte
1629 1113 1738 1139 validos

105 1158 179 1185 circa
195 1161 281 1185 totum
299 1159 439 1191 cmcutire,
455 1158 611 1186 Creatorem
640 1166 702 1186 cum
725 1163 850 1186 creatura
875 1162 1113 1189 connumerantes.
1137 1163 1166 1185 et
1187 1158 1221 1185 de
1237 1158 1351 1186 Domino
1377 1159 1478 1193 pariter
1503 1163 1529 1185 et
1539 1158 1625 1186 'servo
1638 1166 1734 1193 perpe-

106 1211 164 1230 ram
189 1204 346 1231 sentientes.
367 1203 444 1236 Quos
465 1212 480 1231 a
498 1204 710 1231 Christianismo
725 1204 870 1232 secludens
889 1203 1036 1238 Apostolus
1059 1204 1166 1238 inquit:
1194 1203 1224 1231 Si
1246 1204 1306 1238 quia
1327 1204 1450 1239 spiritum
1464 1203 1562 1230 Christi
1583 1212 1633 1230 non
1647 1204 1736 1237 habet,

106 1250 128 1276 is
147 1257 201 1276 non
220 1255 258 1277 est
287 1251 344 1284 ejus
365 1250 399 1276 ⁷⁸.
428 1250 462 1277 Et
486 1251 552 1282 alia,
578 1251 665 1285 inquit
687 1251 830 1284 Dominus,
867 1250 1016 1278 ceciderunt
1046 1251 1073 1278 in
1105 1255 1206 1277 terram
1228 1250 1334 1284 bonum,
1360 1256 1385 1278 et
1406 1251 1504 1278 dabant
1523 1252 1650 1286 fructum,
1680 1251 1736 1278 alia

106 1296 211 1331 quidem
235 1296 419 1331 trigecuplum,
441 1297 497 1324 alia
521 1306 580 1324 uero
600 1297 813 1333 sexagecuplum,
840 1298 895 1324 alia
913 1305 972 1325 vero
993 1298 1146 1332 centuplum
1167 1299 1199 1324 ".
1218 1298 1308 1326 Terra:
1327 1299 1404 1326 bona
1421 1299 1604 1326 rectissimum
1625 1303 1652 1326 et
1667 1299 1736 1326 bene

107 1342 228 1369 sentiens
243 1349 301 1374 cor,
323 1347 350 1370 et
363 1343 512 1370 voluntatis
532 1343 702 1378 propositum
719 1351 892 1378 comparans,
911 1348 1088 1378 repurgatum
1103 1344 1138 1370 ab
1155 1344 1290 1372 haereticis
1317 1344 1416 1378 spinis,
1444 1349 1472 1371 et
1494 1345 1666 1379 germinans:
1681 1344 1737 1378 pri-

107 1396 182 1415 mum
199 1389 309 1423 quidem
327 1389 440 1416 herbam
456 1389 528 1422 ﬁdei,
543 1389 641 1416 deinde
662 1391 764 1424 spicam
785 1390 842 1424 spei
863 1394 1042 1421 crescentem,
1059 1394 1117 1416 tum
1142 1395 1280 1417 maturum
1293 1390 1411 1418 fructum
1435 1390 1737 1426 dilectionis~perfcctze

107 1436 251 1462 exhibens.
270 1435 333 1463 Haec
353 1436 425 1462 enim
446 1440 473 1463 et
489 1436 569 1463 divus
592 1436 741 1470 Apostolus
768 1436 903 1471 praecipua
923 1443 985 1463 esse
1007 1436 1138 1469 ostendit,
1165 1436 1256 1470 ﬁdem,
1279 1445 1365 1471 spem,
1390 1437 1549 1465 charitatem
1563 1438 1595 1464 ⁷⁸.
1613 1439 1664 1471 Qui
1685 1438 1735 1472 igi-

108 1486 152 1508 tur
161 1481 258 1513 credit,
280 1480 345 1508 facit
369 1481 498 1515 triginta;
520 1481 568 1516 qui
592 1489 656 1509 vero
675 1486 776 1516 sperat,
793 1480 857 1509 facit
879 1481 1039 1517 sexaginta;
1055 1482 1103 1516 qui
1118 1489 1182 1509 vero
1197 1482 1224 1509 in
1240 1482 1383 1510 dilectione
1405 1482 1523 1517 perfecta
1542 1488 1594 1512 est.
1611 1485 1736 1518 centupla

108 1535 155 1561 per
171 1526 365 1561 perfectionem
384 1526 450 1554 facit
469 1534 562 1561 opera,
587 1535 649 1562 quat
676 1532 741 1554 sunt
761 1527 951 1562 acceptissima
969 1527 1034 1554 Deo.
1058 1526 1110 1560 Qui
1129 1535 1163 1554 ex
1182 1535 1237 1555 uno
1259 1528 1363 1555 semine
1387 1528 1497 1555 tertium
1530 1529 1646 1556 reddidit
1678 1529 1737 1556 fru-

107 1578 181 1600 dum
197 1573 281 1601 Deum
305 1574 455 1606 honoratis,
479 1574 630 1602 Ecclesium
655 1576 790 1607 exultans,
818 1575 995 1610 semetipsum
1021 1575 1164 1608 deificans,
1181 1583 1243 1603 cum
1269 1575 1368 1610 spiritu
1394 1583 1423 1603 se
1445 1583 1623 1611 componens,
1638 1577 1737 1604 animm

108 1620 266 1653 providens.
286 1620 394 1655 corpori
418 1621 568 1655 imperans,
592 1622 619 1648 in
639 1626 712 1648 terra
728 1621 904 1656 glorificatus,
921 1629 954 1648 ex
978 1621 1094 1648 mortuis
1108 1628 1267 1656 resurgens.
1292 1622 1319 1648 in
1340 1621 1418 1649 caelis
1433 1623 1590 1657 requiescit.
1610 1621 1662 1655 Qui
1674 1631 1736 1658 per-

108 1667 196 1694 tectus
216 1667 242 1693 in
259 1666 401 1700 Trinitate,
429 1667 516 1695 ﬁdelis
536 1672 588 1701 est,
614 1674 785 1700 mansuetus,
814 1667 902 1695 facilis
921 1675 985 1703 erga
1002 1675 1098 1695 omnes
1121 1672 1148 1695 et
1171 1668 1321 1700 modestus,
1343 1669 1510 1700 misericors,
1529 1669 1670 1703 benignus,
1691 1670 1736 1703 ju-

109 1718 178 1743 stus,
191 1719 290 1746 corpus
302 1718 491 1746 contemnens,
507 1713 599 1740 divina
613 1721 754 1745 exercens.
776 1714 896 1741 coelestia
917 1714 1052 1745 esuriens,
1076 1714 1103 1740 in
1129 1713 1247 1749 imagine
1268 1721 1329 1741 cum
1351 1713 1512 1741 mortalibus
1523 1714 1634 1748 degens,
1647 1718 1674 1740 et
1704 1713 1739 1739 fi-

109 1765 177 1790 gura
204 1765 287 1792 super
312 1762 414 1785 terram
439 1765 588 1794 apparens;
607 1760 667 1786 ideo
689 1760 835 1795 trigeeupla
859 1759 1014 1792 fructifical,
1036 1763 1167 1794 tanquam
1186 1760 1257 1786 inter
1273 1759 1398 1787 homines
1422 1766 1503 1794 agens
1523 1767 1530 1786 :
1558 1759 1736 1793 sexagccupla

109 1809 212 1835 autem,
229 1804 311 1832 veluti
334 1811 396 1832 cum
421 1805 522 1840 angelis
546 1806 721 1833 ministrans:
747 1806 874 1841 centupla
899 1814 974 1838 vero,
1000 1811 1128 1841 tanquam
1153 1814 1215 1834 cum
1242 1806 1297 1833 Deo
1322 1812 1560 1840 conversans:per
1580 1806 1738 1832 unctionem

109 1852 161 1878 olei
178 1852 264 1879 sancti
278 1853 345 1879 dans
360 1851 479 1878 fructum
498 1851 525 1878 in
541 1852 714 1887 trigecuplis;
748 1860 795 1887 per
819 1852 983 1887 baptismum
1011 1857 1102 1879 autem
1120 1854 1147 1879 in
1174 1853 1379 1888 sexsgecuplis;
1402 1859 1449 1887 per
1471 1852 1601 1886 unguenti
1628 1859 1737 1878 sacrum

110 1900 292 1928 ministerium
320 1900 347 1926 in
370 1899 514 1935 centuplis.
544 1899 596 1932 Qui
619 1900 704 1927 credit
720 1900 747 1926 in
775 1899 894 1932 Patrem,
919 1899 1022 1934 profert
1045 1900 1165 1935 triginta,
1191 1902 1237 1935 qui
1271 1901 1297 1926 in
1325 1898 1434 1932 Filium,
1460 1900 1609 1934 sexaginta,
1639 1899 1685 1933 qui
1708 1899 1737 1926 in

112 1948 257 1982 Spiritum,
276 1951 402 1974 centum.
414 1966 420 1973 .
487 1966 512 1973 ..
530 1945 590 1979 Quo
605 1947 676 1974 enim
693 1952 787 1981 putant
803 1947 965 1974 imminuere
990 1947 1120 1982 Spiritqu
1145 1947 1278 1978 divinum.
1310 1948 1360 1974 hoc
1383 1947 1469 1981 magis
1493 1946 1580 1980 ipsum
1605 1946 1738 1973 extollunt

111 1999 138 2021 et
160 1997 270 2024 ornant,
298 1999 412 2019 numero
440 1997 627 2027 praeponentes
658 1993 746 2026 ipsum
773 1993 847 2020 Patri
868 1997 895 2020 et
919 1992 998 2026 Filio,
1026 1994 1096 2020 male
1117 1999 1144 2020 et
1169 1993 1364 2027 imprudenter.
1389 1993 1440 2026 Qui
1464 1994 1535 2020 enim
1561 1993 1655 2023 credit.
1683 2001 1739 2019 non

113 2044 140 2070 in
160 2041 302 2076 Spi'ritum,
326 2040 374 2068 sed
399 2040 426 2067 in
440 2040 548 2067 Patrem
565 2041 651 2068 credit
674 2041 803 2075 primum,
828 2041 925 2068 deinde
944 2041 970 2068 in
991 2041 1103 2074 Filium,
1129 2046 1211 2076 atque
1231 2046 1287 2068 tum
1305 2041 1332 2067 in
1356 2046 1601 2067 consummatorem
1618 2040 1738 2068 Trinita-

114 2091 149 2117 tis
170 2089 302 2124 Spiritum
325 2092 460 2115 sanctum.
478 2086 713 2120 Quemadmodum
733 2092 760 2115 et
778 2087 932 2116 divinorum
948 2090 994 2116 ille
1009 2090 1161 2116 carminum
1186 2093 1292 2121 auctor,
1315 2088 1452 2123 opificium
1467 2087 1608 2115 Trinitatis
1632 2088 1738 2124 signiti-

113 2139 122 2148 ‘
138 2138 187 2174 τῆς
203 2136 316 2172 Τριάδςς
332 2135 403 2162 θεῖον
417 2136 463 2162 καὶ
479 2135 555 2169 ἇγιον
572 2134 694 2170 Πνεῦμα.
713 2135 811 2167 Καθὼς
822 2136 869 2162 καὶ
885 2136 899 2162 ὁ

112 2184 167 2210 τῶν
190 2182 270 2208 θείων
293 2181 420 2216 μελῳδὸς,
440 2181 530 2217 δρᾶμα
551 2181 602 2216 τῆς
621 2180 736 2216 Τριάδος
758 2181 898 2216 σημαίνων

113 2228 246 2263 ὑπάρχειν
266 2227 298 2253 τὰ
319 2227 473 2261 σύμπαντα,
491 2226 567 2262 φησὶ,
589 2224 630 2258 Τῷ
646 2226 730 2260 Λόγῳ
745 2227 854 2259 Kvpt'ov
871 2227 899 2252 οι

113 2273 234 2308 οὐρανοὶ
247 2272 480 2307 ἐστερεώθησαν,
494 2272 543 2298 καὶ
554 2271 594 2304 τῷ
605 2272 754 2306 Πνεὺματι
766 2271 818 2297 τοῦ
829 2272 900 2298 στό-

112 2328 206 2354 ματος
222 2318 324 2350 αὑτοῦ,
340 2317 423 2345 πᾶσα
435 2319 453 2351 ἡ
474 2317 600 2352 δύναμις
619 2316 727 2344 αὐτῶν·
744 2316 845 2352 Κύριον
858 2317 902 2343 τὸν

115 2364 235 2399 Πατέρα,
248 2363 332 2397 Λόγον
345 2363 374 2389 δὲ
386 2363 431 2389 τὸν
441 2362 535 2394 Παῐδα,
550 2362 660 2397 Πνεῦμα
669 2362 697 2388 δὲ
709 2362 739 2388 τὺ
752 2362 829 2396 ἅγιον
855 2363 903 2388 καὶ

116 2409 343 2445 συμπληρωτικὸν
355 2408 404 2444 τῆς
423 2407 497 2440 θείας
510 2408 632 2444 Τριάδος·
647 2405 677 2434 οὗ
696 2408 744 2443 τὴν
760 2407 903 2434 αὐθεντίαν

115 2455 203 2491 δηλῶν
215 2457 229 2482 ὁ
242 2456 342 2491 Κύριος
354 2457 387 2482 ὲκ
397 2455 503 2490 νεκρῶν
514 2454 642 2487 ἀναστὰς,
657 2454 723 2490 φησὶ
735 2455 791 2485 τοῖς
805 2453 901 2480 ἑαυτοῦ

118 2500 262 2536 μαθηταῖς,
275 2500 384 2528 Λάϐετε
400 2500 520 2535 Πνεῦμα
535 2500 628 2534 ἅγιον·
646 2500 685 2526 ἄν
696 2507 785 2526 τινων
803 2498 900 2532 ἀφῆτε

116 2548 169 2580 τὰς
192 2546 511 2582 ἁμαρτίαςβφέωνται·
529 2547 562 2582 τῇ
581 2546 710 2581 αὐθεντιᾳ
725 2545 845 2580 δηλονότι
869 2541 899 2571 οὗ

116 2591 266 2626 λαμϐάνετε
280 2592 348 2618 [ἰνεύ
353 2600 446 2626 ματος,
465 2591 562 2622 Θεῑκῶς
576 2591 640 2627 ὑμῖν
656 2591 820 2626 παρέχοντος
835 2598 902 2624 συγ-

116 2638 216 2672 χωρεῖν
233 2638 428 2672 ἁμαρτήματα.
446 2637 493 2672 Μὴ
516 2637 605 2664 τοίνυν
624 2637 772 2672 αἰρετικοῖς
799 2636 903 2663 συνολι-

118 2682 272 2718 σθήσωμεν,
290 2683 342 2710 ὑπὸ
359 2683 406 2718 τῆς
425 2682 558 2718 βασιλίδος
572 2682 620 2709 τοῦ
633 2683 718 2709 Νότου
740 2682 902 2718 κατακρινε-

152 2748 174 2763 "
190 2747 284 2774 Matth.
307 2755 374 2777 xxv,
389 2747 440 2778 28,
457 2747 503 2774 29.
553 2747 576 2762 "
596 2746 679 2774 Marc.
709 2755 751 2774 xvt
765 2767 772 2777 ,
792 2746 834 2774 16.

887 2746 912 2763 ⁷⁸
931 2746 1020 2773 iCor.
1038 2754 1066 2773 ι.
1085 2746 1111 2773 ι.

952 2144 1018 2164 cans
1032 2143 1093 2164 esse
1112 2137 1249 2168 universa,
1269 2136 1376 2170 inquit:
1402 2132 1482 2162 Verbo
1497 2135 1603 2162 Domini
1618 2136 1674 2162 σαῖιὶ
1688 2137 1737 2170 fir-

952 2182 1018 2208 mati
1042 2186 1114 2214 sunt,
1136 2189 1161 2208 et
1176 2182 1278 2217 Spiritu
1302 2182 1357 2208 oris
1376 2182 1471 2215 ipsius,
1489 2182 1573 2208 omnis
1595 2183 1676 2208 virtu.
1692 2190 1737 2208 eo-

952 2227 1049 2255 rum".
1066 2227 1209 2255 Dominum
1221 2227 1337 2258 Patrem.
1353 2226 1467 2254 Verbum
1484 2226 1591 2260 Filium,
1607 2226 1738 2261 Spiritutn

953 2279 1041 2301 autem
1056 2278 1180 2300 sanctum
1193 2274 1267 2300 illum
1280 2278 1306 2300 et
1322 2278 1571 2300 consummatorem
1584 2280 1668 2300 sacrae
1677 2272 1740 2298 Tri—

951 2319 1046 2345 nitatis
1057 2318 1207 2353 appellans.
1218 2318 1302 2353 Cujus
1316 2318 1451 2352 propriatn
1468 2317 1608 2352 potestatis
1621 2317 1740 2343 auctori-

952 2369 1035 2390 tatetlt
1051 2365 1207 2398 significans
1220 2363 1362 2395 Dominus,
1379 2367 1521 2398 postquam
1536 2371 1550 2389 a
1563 2362 1678 2389 mortuis
1693 2370 1737 2389 re-

951 2409 1125 2441 sun'exissct,
1150 2408 1240 2442 inquit
1256 2408 1398 2443 discipulis
1419 2409 1491 2435 suis:
1518 2407 1635 2441 Accipite
1651 2405 1739 2440 Spiri-

953 2460 1009 2483 tum
1020 2460 1151 2482 sanctum.
1165 2456 1282 2488 Quorum
1294 2455 1446 2482 rentiscrilis
1461 2459 1578 2489 peccata,
1599 2454 1739 2480 remittun-

954 2504 998 2528 tur
1007 2502 1044 2529 eis
1051 2501 1086 2534 ὀ,
1103 2502 1264 2529 auctoritate
1275 2501 1404 2528 videlicet
1416 2500 1533 2534 Spiritus
1542 2507 1621 2535 quem
1635 2499 1737 2533 accipi-

954 2549 999 2581 tis,
1029 2548 1160 2575 divinitus
1184 2547 1262 2575 vobis
1281 2547 1372 2574 dantis
1400 2549 1563 2580 potestatem
1584 2545 1738 2571 retnittendi

953 2599 1073 2628 peccata.
1096 2592 1134 2620 Ne
1153 2593 1233 2628 igitur
1249 2600 1310 2620 cum
1326 2592 1460 2619 haereticis
1475 2598 1646 2620 corruamus.
1664 2590 1709 2624 qui
1722 2597 1739 2618 a

954 2639 1046 2674 regina
1063 2639 1155 2666 Austri
1178 2637 1471 2670 condemnabuntur",
1493 2644 1539 2671 per
1556 2636 1691 2671 ignaviam
1711 2635 1739 2662 in

955 2683 1106 2711 exercenda
1123 2682 1233 2710 virtute.
1254 2681 1316 2709 Haec
1335 2682 1407 2708 enim
1433 2680 1504 2708 fama
1520 2681 1660 2715 sapientiae
1674 2687 1689 2706 a
1707 2680 1724 2706 li

1167 2746 1190 2761 "
1215 2745 1308 2772 Matth.
1334 2753 1383 2775 ιιι,
1401 2745 1446 2772 52.
1497 2744 1521 2759 "
1539 2743 1618 2770 Rom.
1632 2753 1693 2774 vni.
1711 2745 1738 2772 9.

116 2781 139 2798 ’⁷
155 2782 249 2809 Matth.
261 2789 319 2812 xm,
330 2783 380 2815 23;
398 2782 482 2810 Marc.
495 2790 532 2813 ιν,
542 2782 568 2809 8.
602 2783 626 2798 "
639 2781 650 2809 ι
664 2782 728 2810 Cor.
742 2790 802 2815 xm,
813 2782 856 2810 13.
886 2782 900 2798 ⁷³

953 2782 1002 2809 sal.
1014 2789 1099 2814 xxxtl,
1117 2781 1142 2809 6.
1175 2780 1284 2808 "loco.
1295 2788 1340 2812 xx,
1351 2780 1395 2812 Ἠ,
1409 2781 1455 2807 25.
1486 2780 1508 2796 ¹¹
1525 2779 1619 2806 Matth.
1630 2788 1680 2810 xtl,
1692 2779 1738 2806 42.

153 2838 208 2873 (15)
225 2839 416 2868 Marat/touios.
439 2839 484 2868 Sic
508 2840 622 2876 legimus
643 2827 706 2868 cum
723 2840 858 2868 Cotclerio
880 2840 998 2872 Monum.
1026 2841 1098 2868 Eccl.
1117 2840 1162 2867 Cr.
1180 2844 1246 2867 tom.
1265 2838 1308 2872 Ill,
1332 2846 1391 2874 pag.
1407 2838 1469 2866 655.
1485 2837 1581 2873 Vulgo,
1601 2839 1740 2865 Murath-

119 2880 200 2902 ηωοδ.
