1910 3038
150 122 218 151 £179

151 183 233 210 nibus
259 187 336 210 terrae
349 183 382 210 ad
406 183 579 212 Solomonem
601 186 744 220 pervenire
760 187 931 222 properavit:

152 229 212 256 istis
222 233 311 256 autem
323 229 449 257 Christus
462 229 595 258 hodierno
608 236 731 266 tempore
745 233 866 261 clamans
878 234 935 261 cvi-

151 276 236 310 gllare
252 281 278 303 et
295 275 414 310 aspicere
437 274 463 304 id
473 282 521 311 pro
532 282 547 304 ο
557 283 586 303 re
598 276 718 311 ipsorum
729 282 782 311 est.
798 284 853 305 non
871 287 934 314 per-

153 321 249 348 suasit.
269 320 301 347 Et
321 321 394 348 illam
409 321 518 355 quidem
537 322 618 349 verba
631 327 657 349 et
671 331 796 351 rumores
810 324 844 352 ad
860 325 934 352 salu-

154 370 207 392 tem
235 366 352 394 velocem
368 367 560 401 reddiderunt;
587 368 637 395 bos
657 373 746 396 autem
763 374 890 403 aspectus
909 375 937 398 et

153 411 275 445 operatio
289 411 347 444 Dei,
372 417 398 439 et
419 411 499 440 Verbi
519 413 664 445 iucarnati,
683 422 852 450 nequaquam
876 423 935 443 me-

154 456 237 484 liores
252 457 436 485 reddiderunt.

354 503 612 532 INTERROGATIO
624 504 737 532 CXCIV.

191 547 345 575 Secundum
371 550 487 576 litteram
506 551 663 585 intelligitur
680 555 794 583 tantum,
811 556 858 578 aut
872 560 936 579 num

156 594 237 622 aliam
257 595 375 630 aliquam
395 595 639 623 considerationem
659 597 740 624 habet
759 597 937 632 interrogatio

155 641 229 668 Petri
249 645 277 667 et
296 649 455 675 responsum
477 641 607 668 Domini?
630 643 675 669 illo
694 643 802 677 quidem
821 643 937 671 interro-

156 691 246 720 gente.
267 687 374 718 Quoties
403 688 427 714 si
453 689 598 721 peccaverit
626 689 654 714 in
679 696 720 715 me
746 689 830 723 frater
855 697 937 721 meus,

157 732 289 759 remittant
303 733 345 759 ei?
359 741 421 759 mtm
436 734 531 767 septies
544 734 585 760 5"2
597 733 652 761 Hoc
665 739 755 761 autem
771 735 940 762 abundanter

157 778 348 813 respondente,
375 779 456 805 Amen
473 779 532 806 dico
557 779 615 812 tibi,
640 789 691 807 non
708 785 812 807 tantum
834 781 939 816 septies.

156 824 202 850 sed
218 825 363 859 septuagies
383 825 488 859 septies.

472 870 624 904 Responsio.

193 915 307 943 Pulchra
314 916 423 950 quidem
431 921 456 943 et
465 916 553 943 facilis
565 916 716 951 responsio,
724 925 775 944 con
780 916 868 945 ferens
875 918 940 944 utri-

158 971 211 997 que
223 963 423 995 remissionem,
439 971 499 990 cuiu
512 964 535 990 ei
550 964 596 998 qui
617 964 748 997 peccavit,
763 968 819 991 tum
835 965 859 991 ei
872 973 939 992 con-

158 1014 198 1034 tra
223 1015 302 1042 quem
323 1008 499 1035 commissum
519 1013 561 1035 est
585 1008 697 1042 aliquid.
718 1009 756 1035 Illi
779 1009 887 1044 quidem
912 1010 938 1037 in

158 1054 259 1089 quibus
285 1053 408 1088 deliquit,
435 1055 540 1081 veniam
564 1055 683 1088 petenti;
713 1055 775 1082 huic
801 1059 888 1082 autem
912 1056 939 1082 in

158 1100 273 1133 gratiam
299 1099 449 1134 recipienti,
469 1104 597 1134 tanquam
620 1100 715 1128 iisdem
743 1101 872 1128 obnoxio.
893 1100 940 1127 Ni-

160 1146 198 1173 hil
213 1146 284 1172 enim
302 1150 343 1173 est
361 1145 434 1180 quod
456 1145 551 1173 cadere
572 1150 600 1173 et
615 1146 674 1180 capi
691 1151 817 1181 nequeat,
845 1151 941 1181 praeter

160 1193 245 1220 solam
265 1192 357 1227 prima:
380 1198 407 1219 et
434 1192 619 1226 incompositae
638 1200 722 1220 sacra:
742 1192 884 1219 Trinitatis
913 1193 939 1219 in

160 1239 264 1265 unitate
281 1242 418 1265 naturam.
438 1237 528 1272 lnquit
545 1238 618 1265 enim
643 1238 764 1265 divinum
784 1239 939 1266 oraculum:

160 1284 226 1316 Quis
246 1283 402 1318 gloriabitur
431 1289 531 1311 castam
549 1292 576 1310 se
603 1284 697 1311 habere
726 1285 866 1312 animum?
894 1290 940 1312 aut

159 1331 217 1364 quis
226 1330 305 1358 libere
312 1331 385 1363 dicit,
402 1339 429 1357 se
442 1339 538 1365 purum
550 1339 605 1357 esse
619 1340 634 1356 α
647 1336 750 1366 peccato
757 1331 798 1358 ⁸³⁴ἶ
813 1331 882 1359 Ante
890 1331 941 1359 hoc

159 1381 250 1404 autem
272 1376 357 1404 Jobus
378 1377 422 1404 ille
442 1377 560 1409 divinus,
587 1377 670 1404 turris
695 1377 868 1409 inconcussa,
894 1378 940 1412 qui

160 1423 319 1458 percutienti
329 1423 437 1450 diabolo
450 1427 476 1450 et
485 1423 628 1450 aﬂectibus
642 1430 696 1450 non
706 1423 799 1455 cessit,
810 1423 941 1451 adaman-

160 1469 246 1495 tinum
262 1469 382 1503 laquear,
405 1468 506 1495 diserte
528 1469 646 1496 clamat:
680 1468 781 1495 Nullus
796 1477 813 1495 α
833 1474 940 1503 peccata

159 1521 241 1546 purus
258 1518 306 1544 est,
329 1514 352 1539 si
370 1513 408 1539 rel
429 1521 480 1540 uno
496 1513 676 1540 tantummodo
694 1513 736 1540 die
749 1521 827 1547 super
842 1519 940 1540 terram

160 1559 293 1586 duraverit
306 1559 359 1586 vita
372 1559 429 1593 ejus
436 1559 469 1586 ⁸⁵.
484 1558 543 1585 Vita
555 1563 645 1586 autem
662 1559 780 1586 hominis
792 1566 846 1585 non
861 1558 941 1586 fuerit

159 1613 193 1631 ex
208 1608 285 1631 utero
297 1604 323 1631 in
338 1604 418 1631 vitam
437 1611 609 1639 progressus,
630 1604 676 1631 sed
693 1608 756 1639 post
769 1604 891 1639 corporis
901 1604 943 1631 in-

161 1654 329 1677 crementum
344 1650 497 1677 intellectus
512 1649 642 1684 perfectio
654 1650 816 1685 principium
829 1655 943 1678 estcon-

163 1695 319 1724 sultatiouis
334 1696 404 1723 circa
421 1696 514 1722 vitam.
531 1695 756 1730 Quandoquidem
772 1696 854 1730 igitur
873 1696 944 1723 futu-

163 1749 223 1769 rum
234 1746 293 1768 erat
301 1740 418 1768 ntPetro
429 1740 604 1768 erederentur
613 1741 705 1768 claves
715 1742 789 1775 regni
800 1741 944 1774 ccelorum.

162 1791 190 1814 et
216 1786 418 1814 ecclesiasticus
446 1790 534 1812 cmtus
549 1785 685 1820 (claudere
708 1791 797 1812 autem
827 1787 946 1822 iutellige

164 1836 325 1867 potestatem
341 1831 496 1858 remittendi
512 1835 633 1865 peccata,
654 1839 716 1858 nam
738 1838 788 1866 pro
802 1831 878 1859 clave
893 1832 947 1859 lin-

164 1886 244 1914 guam
257 1878 351 1905 habuit
365 1877 528 1912 aperientem
543 1877 641 1904 cmlum
660 1878 903 1912 claudentemque;
920 1878 946 1905 id

164 1924 236 1958 quod
259 1928 286 1950 et
309 1923 388 1950 nobis
408 1927 450 1949 est
470 1923 571 1957 lingua,
588 1924 693 1958 aperire
711 1924 790 1951 nobis
810 1924 878 1959 ipsis
901 1929 949 1952 aut

164 1968 291 1997 claudere
315 1968 430 2000 ccelum;
451 1968 497 1995 illo
517 1968 638 2001 quidem,
662 1969 696 1996 iis
717 1969 763 2004 qui
784 1969 877 2004 digna,
897 1971 948 1998 hoc

166 2022 239 2046 vero,
253 2014 305 2041 illis
317 2014 362 2048 qui
378 2014 487 2048 indigna
498 2013 551 2040 Deo
565 2014 646 2041 locuti
661 2019 734 2048 sunt,
746 2016 944 2051 contingente),

166 2065 328 2096 potestatem
350 2060 432 2093 igitur
451 2059 605 2087 remittendi
627 2065 736 2094 peccata
750 2069 812 2089 cum
829 2069 858 2089 se
871 2069 949 2089 acce-

167 2112 275 2141 pturum
285 2109 416 2140 speraret,
424 2104 567 2132 Dominum
577 2105 735 2140 interrogat,
743 2106 850 2139 Quoties
860 2107 883 2134 si
889 2115 948 2141 pec-

166 2152 263 2178 cauerit
270 2151 297 2177 in
308 2159 348 2177 me
356 2151 438 2185 frater
447 2158 529 2182 meus,
538 2151 668 2177 remi/tam
678 2151 739 2178 illi?
756 2151 827 2179 Num
835 2154 929 2187 septies
937 2154 949 2180 1³

166 2197 251 2231 Cujus
262 2201 352 2224 autem
369 2196 455 2232 gratia
472 2204 525 2223 non
542 2202 649 2231 quater,
668 2201 715 2224 aut
732 2197 835 2232 decies,
848 2203 895 2226 aut
906 2199 949 2226 ul-

166 2244 251 2271 terius
260 2244 366 2277 quaerit,
378 2242 425 2269 sed
435 2249 521 2277 usque
533 2242 651 2277 septies?
664 2242 772 2270 Videtur
783 2244 849 2271 mihi
859 2245 948 2279 ipsum

166 2289 200 2316 de
218 2289 352 2316 homicida
371 2288 486 2315 latenter
500 2288 598 2316 instrui
617 2289 701 2317 velle:
720 2297 786 2316 num
802 2289 880 2317 venia
901 2297 948 2325 per

166 2335 332 2368 baptismum
358 2339 385 2361 et
414 2335 601 2369 paenitentiam
621 2335 720 2369 dignus
739 2335 881 2368 habeatur,
901 2336 948 2371 qui

167 2385 268 2415 septem
285 2385 392 2415 peccata
405 2380 529 2410 incurrit.
541 2381 587 2415 qui
606 2381 709 2415 primus
728 2381 756 2408 in
775 2381 880 2409 mundo
897 2382 949 2409 ho-

167 2426 307 2453 micidium
334 2425 449 2458 patravit
467 2426 584 2458 Cainus,
616 2431 642 2454 et
671 2426 783 2454 totidem
804 2427 950 2456 damnatus

168 2471 311 2506 suppliciis
326 2479 355 2499 se
370 2471 484 2498 invicem
501 2473 712 2507 suscipientibus
722 2481 755 2500 ex
768 2474 842 2502 caede
853 2482 949 2509 pecca-

167 2517 212 2544 tis.
229 2516 336 2543 Primus
351 2517 423 2544 enim
439 2517 508 2544 inter
524 2518 648 2546 homines
664 2519 766 2547 Cainus
777 2519 872 2548 dolose
883 2521 948 2556 egit.

167 2563 273 2597 primus
287 2562 461 2589 homicidium
480 2562 552 2594 fecit,
572 2563 677 2598 primus
691 2565 820 2591 mentitus
832 2569 874 2592 est
884 2565 950 2596 Deo,

168 2607 301 2641 qumrenti
312 2607 346 2634 de
358 2607 510 2641 interfecto,
527 2608 631 2644 primus
642 2610 799 2643 parentibus
812 2610 912 2638 lurtum
926 2616 953 2638 et

168 2653 390 2681 lamentationem
411 2654 527 2683 induxit.
543 2655 636 2682 occiso
652 2654 746 2687 fratre,
763 2656 867 2690 primus
883 2657 949 2684 invi-

168 2698 240 2725 diam
267 2703 294 2725 et
308 2699 421 2726 livorem
442 2699 554 2734 peperit,
572 2700 676 2734 primus
696 2700 832 2728 fructuum
860 2702 954 2736 priuil-

170 2746 224 2771 tias
237 2745 371 2772 malitiose
387 2745 495 2777 obtulit,
511 2745 612 2778 primus
627 2749 698 2773 terra
718 2747 851 2781 sanguine
866 2747 951 2782 pollu-

171 2793 210 2822 ta,
230 2791 424 2818 exsecrationis
443 2791 467 2818 ei
487 2791 644 2819 conciliator
667 2791 727 2819 fuit.
745 2791 833 2820 Porro
849 2798 952 2828 septem

212 2877 234 2893 ⁵¹
246 2877 339 2905 Matth.
355 2886 432 2911 xviii,
448 2878 494 2912 Ἦ,
511 2879 554 2907 2‘2.
593 2879 614 2896 ³³
626 2879 706 2908 Prov.
718 2880 802 2913 “,9,
817 2888 871 2909 sec.
889 2877 970 2909 LXX.

681 125 710 154 S.
732 127 884 156 CESARII
907 128 1073 157 GREGORII
1092 129 1242 159 FRATRIS

1697 127 1776 154 “80-

987 187 1047 214 σθαι
1061 188 1196 221 μέλλουσι,
1210 187 1330 224 ῥᾳθυμίᾳ
1343 187 1390 214 τοῦ
1405 186 1574 222 κρείττονος·
1591 186 1624 221 τῇ
1649 184 1699 220 μὲν
1715 186 1769 220 γὰρ

985 233 1053 268 ἀκοῇ
1071 232 1166 268 σοφίας
1182 234 1214 260 ὲκ
1235 234 1289 260 τῶν
1311 232 1436 269 περάτων
1454 233 1503 268 τῆς
1524 232 1577 266 γῆς
1595 231 1663 266 πρὸς
1689 230 1771 257 Σολο-

988 278 1080 313 μῶντα
1094 279 1225 314 ἐκπτῆναι
1240 278 1408 315 παρώτρυνε·
1422 277 1524 310 τούτοις
1535 277 1563 304 δὲ
1574 276 1688 312 Χριεντδς1
1702 276 1771 311 ἡμέ-

988 333 1045 360 ριον
1065 325 1181 360 ὲμὸοῶν,
1206 326 1289 360 νῆψαι
1311 325 1358 352 καὶ
1382 324 1477 360 βλέψαι
1494 323 1562 358 πρὸς
1586 323 1616 349 τδ
1633 322 1771 357 συμφέρον

986 372 1035 397 οὐκ
1048 370 1149 398 ἔπεισεν
1165 371 1211 398 καὶ
1225 371 1273 406 τὴν
1287 371 1335 405 μὲν
1349 371 1422 404 λόγοι
1435 370 1481 396 καὶ
1496 370 1584 404 φῆμαι
1598 369 1666 403 πρὸς
1681 375 1770 401 σωτη-

990 416 1049 452 ρίαν
1065 416 1220 451 ὲπτέρωσαν
1230 423 1238 432 υ
1253 416 1315 447 τοὺς
1330 416 1368 449 δὲ,
1384 415 1444 449 ὕψις
1465 414 1511 440 καὶ
1525 413 1622 448 πρᾶξις
1638 412 1684 438 τοῦ
1702 410 1770 438 Θεοῦ

988 461 1035 488 καὶ
1047 461 1133 495 Λόγου
1150 461 1347 497 σαρκωθέντος,
1365 459 1488 494 οὐδαμῶς
1507 458 1681 485 ὲὸελτίωσαν.

1265 504 1388 532 ΠΕΥΣΙΣ
1412 504 1490 537 Ρι,Δ’.

1024 551 1068 587 Τῷ
1082 552 1224 588 γράμματι
1234 553 1333 578 νοεῖται
1346 552 1435 586 μόνον,
1447 551 1464 585 ἢ
1479 551 1525 576 καὶ
1538 549 1633 584 ἑτέραν
1644 548 1701 583 ἔχει
1711 547 1775 574 τινὰ

990 598 1106 634 Θεωρίαν
1123 600 1140 633 ἡ
1156 598 1202 625 τοῦ
1226 598 1329 634 Πέτρου
1348 597 1489 633 ἐρώτησις,
1505 596 1551 622 καὶ
1570 596 1587 630 ἡ
1602 594 1648 621 τοῦ
1669 594 1772 628 Κυρίου

990 644 1148 679 ἀπόκρισις;
1159 644 1206 671 τοῦ
1223 644 1273 679 μὲν
1284 643 1448 678 ἐρωτῶντος,
1463 641 1604 673 Ποσάκις,
1617 640 1671 666 ἐὰν
1681 640 1774 673 ἁμαρ-

990 690 1068 724 τήσῃ
1080 691 1124 722 εις
1138 689 1191 724 ἐμὲ
1204 691 1221 717 d
1245 689 1377 723 ἁδελφός
1392 697 1462 722 μου,
1483 686 1591 721 ἀφήσω
1606 684 1709 718 αὐτῷ;·
1719 684 1780 716 ἕως

990 734 1130 767 ἐπτάκις;
1153 734 1201 760 τοῦ
1225 734 1253 760 δὲ
1275 733 1408 764 πλουσίως
1431 729 1662 766 ἀποκριναμένου,
1683 728 1782 762 Ἀμὴν

990 780 1067 815 λέγω
1079 787 1139 812 σοι,
1155 781 1192 806 οὺ
1209 779 1306 813 μόνον
1316 778 1371 811 ἓως
1385 776 1520 810 ἑπτάκις,
1536 776 1604 803 ἀλλ’
1621 774 1677 807 ἕως
1690 773 1775 800 ἐϐδο-

986 827 1123 862 μήκοντα
1131 825 1264 858 ἑπτάκις.

1295 871 1469 905 Ἀπόκρισις.

1024 919 1101 954 Καλὴ
1118 919 1166 954 μὲν
1181 918 1227 945 καὶ
1242 917 1386 953 πρόχειρος
1399 917 1415 951 ἡ
1427 915 1582 950 ἀπόκρισις,
1599 912 1784 948 συμφέρουσα.

990 966 1139 1000 ἑκατέροις,
1157 964 1196 999 τῷ
1212 973 1240 991 τε
1257 963 1457 999 ἁμαρτάνοντι,
1477 961 1523 987 καὶ
1539 959 1578 994 τῷ
1596 957 1773 993 πλημμελου-

992 1010 1073 1044 μένῳ·
1086 1009 1124 1044 τῷ
1142 1009 1190 1045 μὲν
1207 1010 1248 1042 ἐφ’
1264 1006 1304 1040 οἷς
1318 1008 1439 1038 ἔπταισε,
1454 1005 1598 1040 συγνώμης
1609 1002 1774 1038 αἰτουμένῳ·

989 1054 1028 1090 τῷ
1039 1055 1066 1081 δὲ
1081 1054 1268 1090 παρεχομένῳ,
1280 1054 1317 1085 ὡς
1327 1054 1382 1084 τοῖς
1396 1053 1485 1083 αὐτοῖς
1500 1050 1681 1086 ὑποκειμένῳ.
1693 1049 1784 1075 Οὐδὲνο

990 1100 1044 1136 γὰρ
1057 1101 1071 1127 ὃ
1084 1101 1207 1128 ἄπτωτον
1222 1100 1267 1126 καὶ
1281 1099 1438 1134 ἁχείρωτον,
1457 1097 1526 1133 πλὴν
1544 1097 1626 1132 μόνης
1637 1096 1688 1130 τῆς
1703 1093 1779 1130 πρώ-

989 1155 1038 1181 της
1055 1147 1102 1173 καὶ
1120 1145 1266 1172 ἁσυνθέτου
1281 1145 1356 1176 Θείας
1377 1144 1488 1179 Τριὰδος
1505 1144 1533 1169 ὲν
1549 1142 1641 1177 μονάδι
1659 1141 1778 1174 φύσεως.

990 1192 1059 1227 Φησὶ
1070 1191 1124 1226 γὰρ
1132 1191 1162 1217 τὺ
1172 1190 1300 1226 θεοφόρον
1312 1190 1399 1223 λόγιον
1409 1197 1415 1204 '
1429 1189 1476 1221 Τίς
1485 1187 1668 1222 καυχήσεται
1680 1185 1780 1220 ἁγνὴν

991 1237 1071 1271 ἔχειν
1078 1236 1204 1270 καρδίαν
1212 1245 1221 1268 ;
1233 1236 1251 1270 ἡ
1260 1236 1287 1262 τί
1289 1246 1305 1268 ς
1312 1234 1549 1269 παῤῥησιάσεται
1562 1232 1691 1266 καθαρὸς
1702 1229 1781 1258 εἶναι

994 1282 1153 1315 ἀμαρτίαςς
1164 1281 1220 1317 Πρὸ
1232 1281 1333 1307 τούτων
1346 1281 1374 1307 δὲ
1395 1280 1453 1306 Ἰὼϐ
1466 1281 1480 1306 6
1489 1278 1640 1309 θεσπέσιος,
1650 1279 1664 1303 6
1676 1277 1780 1312 πύργος

991 1328 1005 1353 6
1017 1327 1149 1358 ἄσειστος,
1158 1328 1172 1353 6
1178 1326 1216 1360 τῷ
1223 1326 1329 1353 παίοντι
1337 1325 1451 1360 διαϐόλῳ
1458 1325 1504 1351 καὶ
1509 1325 1565 1354 τοῖς
1572 1322 1683 1349 πάθεσι»
1692 1321 1781 1348 ἀνύπ-

995 1379 1100 1402 εικτος,
1123 1372 1138 1397 6
1156 1370 1333 1405 ἀδαμάντινος
1359 1369 1470 1404 σαροτὺς
1489 1368 1635 1404 διαρρήδην
1654 1367 1785 1402 οὐ-

992 1415 1055 1448 δεὶς
1071 1414 1198 1448 καθαρὸς
1214 1414 1273 1441 ἀπὸ
1294 1415 1448 1449 ἁμαρτίας,
1467 1415 1492 1440 εὶ
1514 1413 1563 1439 καὶ
1578 1413 1631 1447 μία
1647 1412 1743 1446 ’ἡμέρα
1760 1411 1780 1444 ή

993 1461 1048 1495 ζωὴ
1060 1460 1152 1488 αὺτοῦ
1162 1461 1211 1487 ἐπὶ
1221 1460 1275 1494 τῆς
1291 1460 1357 1495 γῆς.
1373 1460 1433 1491 Βίος
1445 1459 1474 1485 δὲ
1488 1458 1582 1494 βροτοῦ
1595 1459 1644 1494 οὐχ
1656 1459 1672 1493 ή
1688 1459 1721 1484 ἐκ
1733 1465 1781 1491 νη-

993 1506 1054 1538 δύος
1067 1507 1106 1538 εἰς
1121 1507 1166 1533 τὸν
1183 1507 1238 1541 βίον
1253 1507 1375 1542 πρόοδοςε
1392 1505 1459 1533 ἀλλὰ.
1473 1506 1542 1541 μετὰ
1555 1506 1604 1540 τὴν
1621 1504 1781 1539 σωματικὴν

993 1552 1117 1588 αὓξησιν,
1135 1553 1181 1579 καὶ
1199 1553 1247 1588 τῆς
1268 1553 1371 1583 ἐννοίας
1388 1552 1538 1582 τελείωσιν,
1553 1551 1624 1586 ἀρχὴ
1646 1550 1696 1584 τῆς
1716 1550 1784 1585 περὶ

992 1598 1038 1624 τὸν
1052 1598 1107 1633 βίον
1121 1599 1297 1633 διασκέψεως.
1321 1598 1396 1624 Ἐπεὶ
1410 1595 1455 1624 οὖν
1468 1598 1483 1623 ὁ
1502 1598 1603 1632 Πέτρος
1620 1596 1720 1631 ἤμελλε
1735 1604 1782 1621 πι-

995 1643 1135 1670 στεύεσθαι
1149 1644 1198 1675 τὰς
1213 1645 1286 1676 κλεῖς
1299 1644 1348 1678 τῆς
1366 1643 1503 1678 βασιλείας
1515 1643 1569 1669 τῶν
1583 1641 1716 1677 οὐρανῶν,
1735 1642 1783 1668 καὶ

994 1690 1040 1716 τὸν
1067 1690 1290 1725 ἐκκλησιαστικὸν
1307 1689 1401 1716 θίασον
1426 1689 1516 1724 (κλεῖν
1537 1688 1566 1715 δέ
1590 1697 1634 1724 μοι
1656 1689 1711 1715 νόει
1733 1687 1781 1722 τὴν

995 1737 1119 1770 ἐξουσίαν
1132 1736 1179 1763 τοῦ
1192 1737 1341 1772 συγχωρεῖν
1361 1736 1497 1771 ἁμαρτίας
1506 1744 1512 1750 “
1532 1736 1592 1762 ἀντὶ
1610 1735 1665 1770 γὰρ
1679 1734 1782 1766 κλειδὸς

996 1785 1045 1817 τὴν
1060 1782 1183 1816 γλῶτταν
1199 1783 1341 1816 ἐκέκτητο,
1359 1781 1520 1815 ἀνοίγουσαν
1535 1781 1580 1807 τὸν
1594 1780 1719 1815 οὐρανὸν,
1735 1780 1784 1805 καὶ

997 1828 1138 1855 κλείουσαν
1148 1836 1155 1843 ·
1173 1827 1251 1854 τοῦτο
1262 1827 1290 1853 δὲ
1303 1827 1351 1854 καὶ
1361 1828 1426 1862 ἡμῖν
1438 1827 1554 1861 ὑπάρχει
1570 1825 1676 1860 γλώττη
1687 1846 1694 1854 .
1712 1826 1787 1851 ἀνοίρ

997 1883 1058 1908 γειν
1071 1875 1184 1906 ἑαυτοῖς,
1198 1874 1214 1908 ἢ
1230 1873 1330 1900 κλείειν
1346 1873 1392 1900 τὸν
1404 1873 1527 1909 οὐρανὸν,
1543 1873 1574 1899 τὸ
1589 1873 1648 1907 μὲν,
1665 1873 1739 1905 ἄξια,
1753 1871 1788 1898 τὸ

997 1920 1036 1952 δὲ,
1049 1920 1146 1953 ἀνάξια
1158 1919 1204 1946 τοῦ
1219 1920 1286 1946 θεοῦ
1298 1919 1492 1954 φθεγγομένοις
1506 1919 1687 1954 συμϐαίνοντα
1698 1918 1716 1946 l'
1734 1917 1788 1952 τὴν

998 1964 1121 1998 ἐξουσίαν
1143 1966 1233 1992 τοίνυν
1261 1965 1308 1992 τοῦ
1337 1966 1487 2001 συγχωρεῖν
1513 1965 1648 2000 ἁμαρτίας
1673 1963 1786 1998 κομίζε-

999 2011 1061 2038 σθαι
1075 2012 1245 2047 καραδοκῶν,
1256 2012 1303 2038 τοῦ
1320 2013 1422 2047 Κυρίου
1439 2011 1618 2042 πυνθάνεται,
1638 2009 1784 2042 nomine.

997 2058 1051 2084 ἐὰν
1073 2058 1231 2092 ἁμαρτήσῃ
1250 2060 1293 2091 εἰς
1309 2058 1361 2092 ἐμὲ
1382 2059 1398 2084 ὀ
1422 2057 1552 2092 ἀδελφός
1568 2065 1628 2091 μου
1643 2077 1650 2088 ,
1676 2056 1786 2090 ἀφήσω

998 2103 1095 2136 abab;
1110 2103 1165 2136 ἕως
1184 2103 1327 2136 dating;
1349 2103 1426 2134 Τίνος
1446 2103 1476 2129 δὲ
1497 2103 1575 2137 χάριν
1598 2102 1629 2128 οὐ
1645 2102 1784 2136 τετράκις,

998 2150 1015 2186 ἢ
1032 2150 1143 2181 δεκάκις
1161 2151 1208 2176 καὶ
1229 2150 1285 2177 ἄνω
1308 2149 1485 2180 πυνθάνεται,
1508 2149 1564 2176 ἀλλ’
1581 2148 1633 2180 ἕως
1653 2148 1785 2180 ἑπτακιςς

999 2197 1079 2223 Δοκεῖ
1094 2204 1139 2231 μοι
1154 2197 1217 2232 περὶ
1229 2195 1276 2222 τοῦ
1291 2196 1392 2230 φονέως
1406 2195 1556 2231 λεληθότως
1572 2194 1669 2230 μαθεῖν
1685 2194 1788 2229 ἱμειρό-

1002 2250 1098 2277 μενος,
1124 2242 1203 2278 εἰπερ
1222 2241 1386 2277 συγγνώμης
1403 2241 1448 2268 διὰ
1473 2241 1519 2267 τοῦ
1536 2241 1724 2276 βαπτίσματος
1740 2239 1787 2266 καὶ

1000 2288 1050 2323 τῆς
1061 2288 1204 2323 μετανοίας
1213 2288 1334 2320 ἀξιοῦται
1356 2289 1370 2314 6
1381 2289 1436 2319 τοῖς
1448 2287 1518 2313 ἑπτὰ
1531 2286 1687 2322 περιπεσὼν
1698 2287 1786 2321 ἁμαρ-

1002 2334 1114 2368 τήμασι,
1129 2333 1236 2369 πρῶτος
1249 2335 1278 2359 ὲν
1294 2333 1388 2369 κόσμῳ
1412 2332 1541 2368 φονεύσας
1558 2333 1636 2359 Καῖν-
1661 2333 1710 2358 καὶ
1725 2340 1787 2358 τοσ-

1003 2379 1099 2410 αύταις
1115 2379 1291 2414 κατακριθεὶς
1314 2379 1470 2415 τιμωρίαις,
1488 2379 1663 2414 καταλλήλως
1681 2380 1737 2410 τοῖς
1756 2380 1789 2405 ὲκ

1006 2425 1157 2460 μιαιφονίας
1177 2425 1376 2459 συνυφεστῶσιν
1400 2426 1588 2461 ἁμαρτήμασι*
1610 2424 1718 2460 πρῶτος
1733 2424 1791 2460 γὰρ

1004 2473 1033 2498 ὲν
1046 2471 1197 2506 ἀνθρώποις
1209 2474 1222 2498 ό
1237 2471 1307 2499 Καῒν
1322 2471 1500 2504 ὲδολιεὺσατο,
1518 2471 1625 2507 πρῶτος
1642 2470 1770 2505 ἐφόνευσε
1780 2489 1790 2501 ,

1004 2518 1111 2554 πρῶτος
1125 2518 1183 2553 Θεῷ
1195 2512 1328 2553 ὲῷεύσατο
1342 2518 1485 2553 πυθομένῳ
1499 2517 1618 2553 περὶτοῦ
1633 2517 1789 2552 ἀναιρεθένο

999 2573 1054 2596 τος,
1071 2564 1177 2599 πρῶτος
1192 2563 1300 2598 γονεῦσι
1322 2564 1419 2595 πένθος
1441 2564 1488 2590 καὶ
1504 2563 1626 2590 κωκυτὸν
1642 2563 1769 2596 ἐπήγαγε
1780 2582 1790 2595 ,

1001 2609 1107 2641 κτείνας
1118 2609 1162 2636 τὸν
1176 2609 1300 2643 ἀδελφὸν,
1324 2609 1432 2645 πρῶτος
1457 2608 1605 2644 βασκανίαν
1629 2609 1677 2634 καὶ
1693 2608 1790 2642 φθόνον

1002 2655 1087 2688 ὥδινε,
1109 2654 1215 2690 πρῶτος
1230 2655 1284 2681 τῶν
1298 2655 1475 2690 γεννημάτων
1494 2654 1543 2685 τὰς
1559 2654 1686 2689 ἀπαρχὰς
1708 2662 1791 2688 πονη-

1004 2701 1058 2736 ρῶς
1079 2702 1277 2736 προσενήνοχε,
1302 2701 1408 2736 πρῶτος
1426 2700 1475 2736 τὴν
1496 2702 1546 2735 γῆν
1566 2700 1661 2735 αἵματι
1682 2700 1789 2734 μιάνας,

1006 2746 1128 2781 κατάρας
1142 2747 1210 2781 αὐτῇ
1225 2746 1353 2782 πρόξενος
1367 2746 1471 2780 γέγονε.
1485 2746 1545 2777 Τοῖς
1560 2745 1588 2772 δὲ
1603 2745 1673 2772 ἑπτὰ
1688 2745 1792 2776 τούτοις

1006 2794 1035 2819 ὲν
1053 2793 1091 2828 τῷ
1115 2792 1246 2828 μιαιφόνῳ
1270 2792 1414 2828 δράμασιν,
1442 2791 1582 2828 ἰσάριθμος
1604 2791 1651 2818 καὶ
1672 2790 1789 2827 τιμωρία

1006 2881 1029 2898 ⁸³
1041 2880 1092 2909 Job
1108 2888 1163 2915 xtv,
1179 2881 1206 2914 ι,
1223 2881 1240 2909 5
1253 2889 1308 2910 sec.
1324 2879 1406 2909 LXX.
