1910 3038
133 132 199 164 1181

134 195 188 222 ὑπὸ
200 194 250 228 τῆς
262 193 334 225 θείας
346 193 436 229 φωνῆς
453 193 583 227 ἐπάγεται
592 202 600 210 ·
616 193 758 229 στείρωσις
772 194 819 221 καὶ
835 195 922 230 ἀκαρ-

134 240 187 267 πία
220 240 270 275 τῆς
295 239 364 274 γῆς,
391 240 489 274 μηκέτι
511 240 668 275 δεξιουμένη
692 240 737 266 τὸν
765 241 920 275 μιαιφόνον-

135 285 287 319 στεναγμὸς
318 284 363 311 καὶ
390 284 481 316 κλόνος
510 284 572 310 ὅλου
600 284 647 310 τοῦ
675 283 811 320 σώματος.
852 284 922 310 Ἀλλ’

135 329 246 366 ἀριθμῷ
272 331 318 356 καὶ
336 330 470 365 τιμωρίαν
485 331 613 365 πειρᾶσαι
637 331 692 357 δεῖν
719 330 821 366 ᾠήθην.
842 330 922 357 Ἐπι-

136 375 299 409 κατάρατος
327 376 345 409 ἡ
369 375 406 409 γῆ
430 375 490 402 ἀπὸ
512 375 580 408 σοῦ,
608 375 657 410 μία
680 377 799 407 κόλασις.
825 375 924 410 Ἐργά-

137 420 187 451 (at)
203 421 263 454 τὴν
281 420 348 456 γῆν,
367 421 481 456 δευτέρα
496 420 577 456 αὕτη·
597 421 703 456 ἀνάγκη
730 421 784 456 γάρ
807 429 858 446 τινι
875 421 923 456 ἁρ-

137 468 213 503 ρήτῳ
229 467 311 494 αὐτὸν
327 467 453 500 συνέταξε
464 488 470 497 .
488 467 687 502 κατεπειγούσῃ
707 468 773 502 πρὸς
787 468 923 493 ταλαιπω-

138 514 206 548 ρεῖν,
223 514 255 548 τῇ
272 515 306 548 γῇ
325 513 442 548 μοχθεῖν.
456 513 509 540 Καὶ
523 514 559 539 οὺ
573 512 738 545 προσθήσει
754 512 860 538 δοῦναί
874 520 923 538 σοι

136 558 195 592 τὴν
207 558 299 592 ἰσχὺν
314 558 416 591 αὐτῆς·
431 558 507 594 τρίτη
524 558 644 588 κόλασις,
660 558 761 589 πονεῖν,
778 557 823 583 καὶ
842 557 924 592 μηδὲν

137 604 170 630 ἐκ
186 604 241 630 τῶν
251 604 340 630 πόνων
352 603 541 638 καρπίζεσθαι.
554 603 669 629 Στένων
683 602 731 629 καὶ
744 602 855 636 τρέμων
865 601 923 634 ἔσῃ

137 650 187 676 ἐπὶ
204 648 259 682 τῆς
274 648 340 683 γῆς·
355 650 413 680 ταῖς
426 649 500 684 τρισὶ
521 647 568 674 δύο
584 647 746 683 προστίθησι
759 647 892 682 τιμωρίας
907 647 923 681 ἡ

137 694 197 722 θεία
206 694 304 729 ψῆφος,
315 693 463 728 στεναγμὸν
473 694 593 728 διηνεκῆ,
606 693 653 719 καὶ
661 694 760 729 τρόμον
771 693 923 723 ἄπαυστον,

137 741 176 772 ὡς
192 740 259 775 μηδὲ
270 739 371 775 τροφὴν
385 740 424 774 τῷ
438 739 560 774 στόματι.
579 739 595 774 ἢ
613 740 693 765 ποτὸν
705 739 853 774 προσάγειν
866 735 921 765 οἶόν

137 795 178 817 τε,
195 786 365 821 ἀστατούσης
376 786 424 820 τῆς
439 785 580 820 μιαιφόνου
595 785 694 818 δεξιᾶς,
707 785 798 815 κακῶς
812 785 844 819 τῇ
859 792 924 819 προ-

137 832 205 867 τέρᾳ
226 831 297 867 ίσχύῖ
313 831 383 858 κατὰ
405 831 450 857 τοῦ
466 831 580 865 ἀδελφοῦ
604 830 796 866 χρησαμένης,
824 830 871 856 καὶ
889 830 922 864 τῇ

139 877 221 912 ρώσει
247 877 400 913 ἀρρωστίαν
424 877 586 912 πριαμένης.
610 877 696 910 ’Ἑκτη
724 876 850 912 τιμωρία,
875 875 923 902 τοῦ

138 924 264 949 ἐκπεσεῖν
275 923 355 950 αὑτὸν
365 924 413 957 τῆς
421 923 489 958 πρὸς
499 922 563 948 Θεὸν
578 922 658 948 αὑτὸν
671 922 834 958 παρρησίας.
846 921 924 957 Δεινὴ

138 969 193 1004 γὰρ
203 969 249 995 καὶ
262 969 398 1004 βαρυτάτη
409 969 426 1002 ἡ
443 968 561 999 κόλασις,
576 968 663 994 πάντα
679 967 775 1002 ἔχουσα
790 968 824 994 τὰ
837 969 925 1002 ἀμυν-

138 1015 232 1051 τήρια,
247 1015 263 1049 ἠ
276 1014 323 1041 τοῦ
340 1014 406 1041 Θεοῦ
429 1014 587 1048 ἀποστροφή
597 1021 604 1028 ·
622 1014 692 1049 ὑπὲρ
706 1011 739 1048 ἧς
754 1014 923 1049 ἀποδυρόμε-

139 1070 184 1093 νος
197 1062 212 1087 ὁ
223 1062 250 1087 ὲν
264 1060 346 1095 πείρᾳ.
359 1059 460 1095 ταύτης
472 1059 626 1094 γενόμενος,
642 1060 754 1086 Θάνατον
769 1059 923 1090 ὲξαιτείται,

139 1107 285 1135 λυσιτελεῖν
304 1107 376 1142 αὐτῷ
399 1107 496 1142 μᾶλλον
514 1104 604 1138 είδὼς,
626 1105 642 1141 ἢ
666 1105 715 1140 ζῇν
739 1105 924 1139 ἀποὸληοέντα

139 1154 273 1180 Θεοῦ-Καί
282 1151 570 1188 φησιν,Είέ)ι6ιὶλλεις
576 1159 613 1185 με
621 1150 675 1184 τῆς
686 1150 752 1185 τῆς.
761 1150 833 1176 τοῦτ’
840 1150 923 1180 ἔστιν.

140 1200 164 1225 εἰ
179 1199 276 1233 μηκέτι
289 1198 344 1224 τῶν
357 1198 491 1232 ἐκφορίων
504 1197 586 1231 αὐτῆς
600 1195 745 1222 ἀπολαύειν
762 1194 860 1229 μέλλω,
875 1194 923 1220 καὶ

140 1244 198 1270 ἀπὸ
212 1243 266 1270 τοῦ
278 1241 439 1276 προσώπου
452 1249 508 1268 σου
524 1240 726 1275 κρυϐήσομαιυ
745 1240 769 1265 εί
783 1239 836 1265 τῶν
853 1239 924 1266 κατὰ

140 1290 188 1324 τῆς
206 1290 257 1324 γῆς
269 1289 424 1322 ἀναγκαίων
437 1288 504 1323 πρὸς
517 1287 546 1313 τὸ
557 1286 606 1321 ζῇν
618 1286 778 1320 ἐστέρημαι,
795 1285 841 1311 καὶ
851 1283 924 1318 αὐτῷ

141 1335 183 1362 σοὶ
206 1333 374 1370 ὀργιζομένῳ
393 1333 538 1368 ἐμφανίσαι
559 1332 588 1358 οὐ
605 1331 733 1365 δύναμαι·
753 1330 806 1356 Καὶ
821 1330 923 1360 ἔσται,

141 1380 218 1415 φησὶ.
234 1379 293 1412 πᾶς
308 1380 323 1405 ὁ
340 1379 492 1412 εὑρίσκων
504 1386 542 1412 με
561 1375 719 1403 ἀποκτενεῖ
732 1384 785 1409 με·
802 1375 925 1410 κρεῖττον

140 1426 194 1461 γὰρ
207 1425 296 1451 θανεῖν
318 1432 351 1459 με
363 1424 380 1458 ἢ
400 1423 449 1459 ζῇν
464 1422 556 1453 κακῶς
569 1421 786 1457 τιμωρούμενον.
812 1421 883 1455 Πρὸς
895 1420 925 1446 ὃν

142 1473 155 1498 ὁ
171 1471 272 1507 Κύριός
293 1477 383 1505 φησιν’
404 1471 465 1504 Οὐχ
484 1469 593 1501 οὕτως·
606 1468 715 1502 ἐθέμην
733 1467 788 1502 map
801 1467 926 1502 σημεῖον

143 1518 191 1544 ἐπὶ
204 1517 264 1547 σοὶ.
279 1516 330 1543 τοῦ
339 1516 382 1551 μὴ
397 1515 515 1543 ἀνελεῖν
527 1522 562 1540 σε
575 1513 672 1540 πάντα
683 1513 735 1539 τὸν
746 1512 926 1546 εὑρίσκοι·τά

145 1571 190 1590 σε.
211 1562 328 1598 Ἑϐδόμη
344 1561 414 1596 αὕτη
430 1560 565 1595 τιμωρία,
582 1559 612 1585 τὸ
628 1559 665 1594 μὴ
683 1559 822 1592 ἀξιοῦσθαι
842 1559 925 1586 θανά-

142 1616 200 1640 του,
220 1608 310 1634 πᾶσαν
325 1605 455 1642 αἰσχύνην
469 1606 515 1631 καὶ
528 1604 606 1636 δόξαν
618 1604 737 1635 λύοντος-
753 1604 821 1630 ἀλλὰ
836 1604 926 1639 μένειν

143 1652 357 1688 τιμωρούμενον,
369 1652 416 1678 καὶ
427 1650 465 1685 τῷ
482 1650 586 1685 σημείῳ
600 1649 830 1685 στηλιτευὸμενον,
845 1648 925 1674 αὑτὸν

144 1700 276 1735 ὑπάρχειν
289 1698 344 1725 τῶν
362 1697 453 1724 κακῶν
469 1698 498 1723 ἐν
518 1697 622 1732 βροτοῖς
636 1695 767 1731 ἀρχηγόν.
788 1697 796 1707 '
823 1698 832 1707 '
857 1697 866 1707 ⁶
888 1697 897 1707 '
916 1698 924 1706 ‘

821 134 875 162 DIA
879 134 970 163 LOGU
975 134 995 163 S
1005 134 1049 164 IV.

1686 135 1756 165 Η⁹2

973 195 1033 222 istis
1053 194 1080 221 in
1101 193 1248 221 homicidio
1262 193 1442 225 facinoribus,
1469 202 1517 229 par
1535 201 1649 222 numero
1673 195 1754 222 etiam

972 240 1135 275 supplicium
1149 247 1196 274 per
1207 240 1326 267 divinam
1341 248 1434 267 vocem
1452 241 1608 274 imponitur.
1622 240 1757 267 Sterilitas

972 291 999 314 et
1014 286 1195 314 infecunditas
1210 289 1299 317 terrm,
1314 294 1375 320 qua:
1390 293 1443 312 non
1458 286 1575 320 amplius
1590 285 1755 312 homicidam

972 337 1111 367 receptura
1132 332 1185 359 sit:
1202 331 1318 366 gemitus
1330 336 1357 358 et
1372 332 1513 364 quassatio
1525 333 1607 359 totius
1622 332 1755 366 corporis.

973 377 1098 404 Sedenim
1115 378 1142 403 in
1159 378 1363 404 enumeratione
1381 378 1463 404 etiam
1485 378 1572 412 ipsum
1592 377 1756 411 supplicium

972 421 1182 449 examinandum
1202 428 1263 448 esse
1280 421 1429 448 arbitratus
1450 429 1522 448 sum.
1541 421 1685 448 Maledicta
1704 424 1756 447 ter-

973 475 1002 493 ra
1012 476 1028 494 a
1040 473 1062 494 te
1068 468 1102 497 ".
1113 475 1166 494 una
1178 474 1258 501 pmna
1269 473 1319 495 est.
1335 467 1451 502 Operare
1461 473 1567 499 terram,
1580 467 1680 500 altera;
1693 474 1756 493 nam

973 521 1071 541 arcana
1082 514 1198 548 quadam
1214 513 1375 541 necessitate
1386 513 1474 548 ipsum
1483 514 1644 544 construxit,
1657 520 1755 547 cogen-

974 565 999 586 te
1020 560 1052 586 ad
1068 567 1250 586 aerumnosam
1267 564 1294 586 et
1307 559 1448 586 molestam
1469 559 1495 585 in
1512 563 1582 586 terra
1598 559 1690 585 vitam.
1723 557 1757 584 Et

974 613 1023 631 non
1046 605 1152 639 adjiciet
1175 611 1205 631 ut
1219 605 1263 631 det
1285 604 1332 631 tibi
1355 604 1435 631 robur
1458 612 1544 636 suum,
1565 604 1676 630 tertium
1693 611 1758 638 sup-

973 650 1095 684 plicium,
1123 651 1249 677 laborare
1265 654 1292 676 et
1307 650 1412 676 nullum
1432 657 1463 676 ex
1483 649 1620 676 laboribus
1638 649 1757 676 fructum

973 694 1122 729 percipere.
1139 693 1249 721 Gemens
1263 699 1288 721 et
1306 699 1417 721 tremens
1428 695 1479 721 eris
1491 702 1568 728 super
1584 699 1695 722 terram:
1710 693 1758 720 tri-

975 740 1026 766 bus
1041 740 1096 766 duo
1110 740 1222 774 insuper
1236 740 1311 767 addit
1328 740 1459 774 supplicia
1475 740 1596 766 divinum
1609 740 1757 772 decretum,

975 786 1104 820 gemitum
1131 786 1272 812 assuluum
1287 789 1314 812 et
1332 790 1477 812 tremorem
1505 785 1711 818 indesinentem,
1729 789 1760 812 ut

977 840 1066 867 neque
1087 832 1178 859 cibum
1193 833 1233 858 ori
1249 832 1290 859 vel
1309 837 1403 867 potum
1420 833 1565 859 admovere
1589 833 1685 867 possit,
1704 836 1760 859 tre-

977 883 1067 906 mente
1083 877 1225 906 homicida‘
1239 878 1361 910 dextera,
1378 886 1438 912 qua:
1453 878 1565 913 pristino
1580 879 1678 905 robore
1690 877 1760 905 male

977 924 1108 950 adversus
1127 923 1239 950 fratrem
1261 930 1310 950 usa
1328 928 1380 954 est,
1403 927 1429 950 et
1442 930 1488 956 per
1502 923 1556 949 vim
1570 923 1701 949 valentem
1719 923 1761 948 in»

978 969 1132 996 ﬁrmitatem
1148 968 1198 996 sibi
1212 968 1288 996 emit.
1303 968 1414 995 Sextum
1437 968 1609 1002 supplicium,
1625 969 1696 1002 quod
1711 975 1760 994 ex-

976 1015 1082 1042 ciderat
1104 1022 1138 1041 ex
1153 1022 1185 1042 ca
1204 1022 1265 1048 qua:
1279 1022 1341 1047 erga
1357 1013 1440 1040 Deum
1454 1019 1505 1046 est,
1521 1014 1653 1040 libertate.
1675 1012 1762 1040 Vehe-

978 1069 1054 1088 mens
1073 1060 1145 1087 enim
1171 1065 1198 1086 et
1215 1060 1406 1094 gravissimum
1421 1064 1463 1086 est
1477 1058 1639 1093 supplicium
1655 1058 1762 1085 aversio

977 1105 1034 1137 Dei,
1050 1106 1077 1133 in
1090 1114 1144 1141 quo
1156 1106 1312 1133 omnimoda
1331 1106 1462 1140 protectio
1488 1110 1546 1132 est:
1574 1113 1654 1139 quam
1669 1105 1762 1140 deplo-

977 1160 1041 1178 rans
1054 1152 1077 1179 is
1093 1151 1138 1186 qui
1151 1159 1212 1179 cam
1227 1151 1429 1186 experiebatur,
1445 1156 1557 1177 mortem
1574 1152 1685 1186 expetit,
1701 1159 1761 1178 eam

977 1198 1028 1226 sibi
1044 1198 1288 1226 conduciliiliorem
1304 1205 1366 1225 esse
1378 1197 1478 1230 sciens,
1495 1205 1576 1232 quam
1591 1198 1678 1224 viVere
1689 1197 1764 1231 abje-

977 1244 1154 1273 ctumaDeo.
1172 1244 1219 1271 Sic
1241 1244 1313 1271 enim
1339 1245 1395 1271 ait:
1423 1243 1453 1270 Si
1477 1244 1552 1277 ejicis
1578 1252 1618 1270 me
1644 1252 1660 1270 a
1681 1249 1762 1274 terra,

978 1291 1029 1318 hoc
1038 1296 1090 1322 est,
1103 1291 1125 1318 si
1137 1298 1190 1318 non
1203 1290 1321 1324 amplius
1333 1289 1468 1316 fructibus
1479 1289 1538 1323 ejus
1549 1289 1681 1316 fruiturus
1692 1296 1764 1318 sum.

977 1342 1000 1363 et
1018 1345 1033 1362 a
1045 1336 1112 1370 facie
1134 1341 1179 1362 tua
1192 1335 1385 1366 abscondar";
1402 1335 1425 1362 si
1443 1343 1476 1361 cx
1495 1339 1566 1361 terra
1585 1335 1651 1361 mihi
1667 1335 1700 1361 nd
1725 1334 1765 1360 vi-

978 1385 1031 1407 tam
1053 1379 1215 1407 necessariis
1232 1379 1354 1413 privatus
1378 1386 1451 1408 sum,
1481 1382 1509 1405 et
1530 1378 1672 1412 temetipso
1695 1377 1765 1404 indi-

977 1430 1086 1460 gnante,
1101 1432 1232 1459 apparere
1246 1425 1272 1450 in
1287 1423 1374 1451 oculis
1386 1423 1527 1450 hominum
1542 1431 1596 1449 non
1609 1427 1718 1457 potero;
1729 1421 1764 1449 Et

978 1472 1033 1506 ﬁet,
1052 1471 1148 1506 inquit,
1166 1476 1194 1496 ut
1207 1470 1291 1496 omnia
1311 1470 1355 1504 qui
1378 1477 1417 1496 me
1435 1469 1571 1499 invenerit,
1590 1467 1694 1495 occidat
1711 1474 1763 1493 me.

978 1517 1072 1544 Melius
1089 1516 1161 1543 enim
1176 1515 1242 1542 mihi
1266 1520 1318 1547 est,
1349 1520 1378 1542 ut
1399 1515 1510 1546 moriar,
1527 1523 1608 1549 quam
1629 1519 1657 1540 ut
1675 1514 1764 1540 vivam

979 1563 1048 1589 male
1081 1562 1268 1589 excruciatus.
1301 1561 1341 1588 Ad
1374 1568 1455 1595 quem
1490 1560 1621 1587 Dominus
1657 1559 1764 1594 inquit:

979 1607 1040 1634 Non
1056 1608 1095 1634 ita
1108 1609 1171 1642 ﬁet:
1182 1608 1259 1641 posui
1277 1608 1347 1634 enim
1372 1608 1478 1642 signum
1496 1614 1575 1638 super
1595 1611 1629 1639 te,
1643 1611 1712 1633 nete
1728 1606 1767 1632 in-

978 1653 1089 1688 terﬁciat
1109 1654 1228 1689 quisquis
1253 1654 1381 1680 invenerit
1409 1653 1471 1679 te“.
1489 1653 1638 1687 Septimum
1659 1652 1684 1679 id
1703 1659 1768 1686 sup-

977 1699 1090 1733 plicium
1128 1703 1182 1731 est,
1219 1699 1360 1734 indignum
1393 1697 1487 1724 haberi
1527 1702 1624 1728 morte.
1657 1705 1766 1724 omnem

146 1745 339 1780 turpitudinem
359 1750 386 1771 et
404 1743 539 1778 opinionis
558 1742 672 1778 gloriati:
693 1742 830 1775 solvente,
852 1742 899 1770 sed
915 1750 1027 1771 manere
1045 1743 1177 1772 cruciatui
1207 1744 1366 1776 obnoxiumI
1386 1749 1413 1772 et
1431 1746 1509 1780 signo
1538 1750 1660 1773 notatum
1679 1745 1767 1779 illum,

145 1794 190 1829 qui
211 1792 344 1820 malorum
364 1791 434 1818 inter
454 1789 578 1817 homines
597 1793 692 1816 auctor
711 1793 779 1816 erat.

179 1839 377 1868 Gravissimum
392 1837 464 1864 enim
477 1835 674 1870 suppliciorum
691 1835 798 1862 ratione
812 1835 934 1869 praeditis
952 1840 994 1864 est
1008 1835 1166 1870 turpitudo,
1181 1843 1261 1870 quam
1281 1836 1405 1863 sontibus
1420 1837 1539 1864 divinum
1551 1836 1689 1864 decretum
1719 1836 1770 1863 mi-

145 1893 236 1918 ttatur,
254 1886 349 1913 dicens
364 1893 371 1912 :
386 1884 531 1919 Resurgent
549 1883 597 1909 alii
609 1882 713 1917 quidem
730 1882 765 1909 ad
778 1883 860 1909 vitam
879 1889 1006 1910 teteruam
1018 1904 1024 1915 .
1044 1884 1094 1910 alii
1108 1890 1196 1910 autent
1217 1885 1244 1910 in
1266 1884 1455 1918 turpitudinem
1470 1888 1495 1909 et
1513 1882 1679 1916 opprobrium
1692 1886 1770 1909 teter-

145 1942 208 1960 num
221 1934 254 1959 ⁸⁸.
268 1931 492 1967 Quandoquidem
506 1931 588 1966 igitur
602 1936 706 1965 septem
723 1931 888 1959 inhaeserant
899 1932 1043 1960 homicidae
1063 1933 1144 1963 mala,
1161 1933 1272 1960 totidem
1290 1934 1371 1960 etiam
1391 1931 1535 1966 suppliciis
1557 1931 1703 1957 damnatus
1716 1934 1768 1957 est.

139 1980 257 2007 Sciebat
271 1980 365 2014 itaque
384 1977 483 2004 Petrus
495 1977 569 2012 quod
583 1977 730 2012 septimum
744 1976 816 2004 diem
832 1977 1022 2004 honorandum
1045 1977 1176 2004 Dominus
1191 1978 1388 2009 destinaverat,
1410 1978 1436 2003 in
1449 1984 1482 2002 eo
1499 1977 1675 2009 requiescens
1692 1979 1719 2001 ct
1735 1974 1771 2001 ab

146 2029 274 2063 operibus
297 2027 355 2055 suis
374 2033 501 2058 cessans;
519 2029 546 2052 et
564 2025 638 2059 quod
658 2032 712 2052 non
730 2024 824 2058 aliam,
852 2024 898 2052 sed
921 2024 992 2051 hanc
1009 2024 1182 2056 ltonorasset,
1202 2025 1229 2051 in
1247 2032 1277 2051 ea
1292 2025 1377 2059 legem
1395 2025 1474 2056 dans,
1486 2025 1612 2059 quodque
1625 2023 1768 2051 sabbatum

147 2077 257 2109 propter
268 2073 449 2101 cessationem
466 2073 499 2100 ab
517 2073 647 2108 operibus
661 2077 787 2100 vacasset
806 2082 812 2099 :
828 2076 856 2099 et
874 2072 948 2107 quod
964 2072 1136 2099 venerandus
1155 2071 1199 2104 sit,
1224 2076 1250 2099 et
1262 2072 1427 2107 peculiarem
1448 2072 1675 2107 signiﬁcationem
1703 2071 1770 2098 [erat

148 2121 319 2156 septenarius
337 2129 477 2152 numerus,
495 2121 522 2148 in
540 2129 594 2155 quo
616 2120 788 2155 scenopegia:
804 2121 888 2152 tubae,
913 2120 940 2146 in
952 2127 1006 2155 quo
1017 2120 1075 2146 dies
1090 2119 1276 2154 expiationis:
1290 2119 1424 2154 septimus
1439 2119 1510 2154 apud
1529 2120 1604 2154 ipsos
1622 2127 1710 2146 annus
1728 2125 1772 2146 re-

148 2168 287 2196 missionis
301 2168 327 2194 in
342 2167 428 2201 pretio
445 2167 564 2198 habitus,
581 2174 628 2193 sex
642 2166 722 2193 annis
738 2171 837 2192 terram
856 2170 975 2196 arantes.
993 2169 1168 2193 conserentes
1184 2170 1211 2192 et
1234 2169 1378 2198 metentes,
1395 2166 1510 2200 septimo
1523 2165 1664 2200 quiescere
1678 2165 1771 2192 sinen—

148 2216 199 2246 tes,
214 2214 401 2248 integramque
419 2218 540 2242 manere,
554 2218 590 2237 ex
603 2217 634 2237 ea
649 2215 745 2244 sponte
763 2210 939 2237 nascentibus
954 2214 1107 2237 contentos.
1121 2209 1229 2245 Septem
1243 2210 1322 2237 annis
1340 2211 1497 2238 servitutem
1519 2212 1639 2238 serviens
1654 2211 1772 2238 famulus

150 2259 299 2288 libertatem
318 2260 527 2294 adipiscebatur.
550 2258 690 2286 Praeterito
710 2266 807 2285 annua:
833 2258 992 2292 septimanae
1011 2262 1142 2292 tempore,
1161 2258 1361 2293 septuagenarii
1382 2259 1481 2293 captivi
1501 2266 1534 2285 ex
1551 2258 1686 2293 Babylone
1706 2258 1774 2285 libe-

151 2307 200 2334 rati
213 2310 288 2334 sunt.
308 2305 483 2332 Peculiariter
493 2304 557 2331 item
578 2311 593 2330 a
608 2310 686 2330 sacro
699 2307 770 2329 coetu
789 2302 963 2336 Christigera:
983 2302 1112 2329 Ecclesiae
1131 2307 1231 2329 nostra:
1253 2308 1403 2337 usurpatur
1418 2304 1570 2338 Septenaria
1586 2303 1772 2331 beneﬁcentia.

152 2352 252 2386 Septies
267 2352 339 2379 enim
358 2352 385 2378 in
394 2351 435 2377 die
450 2350 558 2377 laudavi
570 2354 603 2382 te,
616 2349 703 2383 inquit
715 2347 828 2374 Davitles
837 2347 869 2379 ",
882 2347 1035 2374 carminum
1047 2348 1201 2376 divinorum
1215 2353 1321 2375 auctor.
1337 2348 1392 2375 Diei
1407 2349 1516 2383 quidem
1533 2348 1640 2376 nomine
1654 2356 1773 2383 praesens

149 2401 305 2436 signiﬁcans
313 2400 440 2426 smrulum
453 2399 662 2433 :septiesautem
672 2397 760 2430 ipsum
771 2404 817 2430 per
827 2396 1021 2423 hebdomadem
1031 2395 1228 2423 revolviJsaias
1236 2396 1260 2412 "
1269 2399 1519 2431 septenrenumcrat
1526 2394 1677 2428 spiritualia
1685 2394 1772 2420 dona:

153 2447 185 2473 lt't
198 2451 294 2481 septem
310 2445 364 2480 (16)
373 2445 442 2471 oculi
454 2442 668 2477 Domini,inquit
682 2442 715 2468 ".
733 2442 760 2468 ltl
775 2441 847 2475 quod
861 2446 887 2468 et
908 2439 1037 2468 Solomon
1057 2442 1105 2474 ait,
1122 2441 1259 2475 Sapientia
1273 2441 1414 2474 adi/ienuit
1434 2440 1484 2466 sibi
1496 2439 1643 2469 domum,et
1657 2437 1774 2471 su/I‘ulsit

151 2495 286 2521 columnas
299 2497 395 2527 septem
408 2492 440 2517 ⁹¹.
454 2490 618 2526 Sapientiam
629 2493 719 2516 autem
732 2487 866 2515 Christum
878 2495 948 2521 esse,
960 2488 1039 2515 divus
1050 2488 1196 2522 Apostolus
1209 2488 1401 2522 interpretatus
1413 2491 1466 2514 est.
1478 2486 1578 2512 Domus
1592 2489 1682 2511 autem
1695 2484 1775 2518 hujus

151 2541 249 2567 caelum
257 2537 460 2566 etEcclesiaJn
475 2536 520 2563 illo
531 2535 640 2571 qutdem
649 2533 894 2569 septenilcolumntc
903 2533 1017 2567 angelici
1032 2533 1152 2565 ordines,
1162 2534 1188 2560 in
1199 2534 1249 2561 hac
1259 2540 1350 2561 autem
1361 2532 1491 2567 Stephani
1501 2537 1526 2558 ct
1535 2530 1651 2565 Philippi
1667 2530 1776 2564 collegae

153 2586 338 2620 apostolorum
349 2588 450 2618 septem
461 2581 575 2610 diaconi.
586 2580 619 2608 Et
631 2587 725 2608 rursus
737 2580 807 2606 alius
818 2583 973 2606 sanctorum
982 2583 1072 2606 vatum
1084 2579 1180 2614 inquit,
1196 2579 1296 2614 Septies
1305 2579 1379 2606 cadet
1390 2579 1490 2613 justus,
1510 2582 1533 2603 et
1546 2580 1662 2611 resurget
1670 2575 1703 2602 ".
1717 2574 1776 2602 Non

153 2633 230 2660 aliter
237 2635 327 2658 autem
339 2637 420 2664 quam
436 2636 482 2663 per
491 2626 689 2663 paenitentiam.
703 2624 841 2660 Septimus
857 2624 891 2650 ab
903 2625 1006 2651 Adamo
1020 2624 1148 2652 Enochus
1163 2625 1322 2657 translatus,
1338 2633 1391 2652 non
1409 2624 1475 2650 vidit
1489 2628 1614 2655 mortem,
1624 2622 1649 2648 id
1662 2622 1777 2649 docente

152 2679 413 2713 ~ranspositione,ex
421 2675 587 2710 corruptibili
595 2678 620 2702 et
629 2674 710 2701 morti
722 2672 838 2700 obnoxia
847 2672 899 2698 vita
909 2672 936 2698 in
945 2672 1125 2699 immortalem
1136 2677 1161 2700 et
1172 2673 1299 2700 omnibus
1308 2672 1581 2699 :erumniscarentcm
1589 2670 1677 2697 locum
1685 2674 1775 2696 trans-

155 2723 217 2751 ferri
233 2722 393 2751 Ecclesium.
405 2721 445 2748 Ex
453 2718 732 2752 diluvioitem,solum
744 2721 866 2746 servatur
877 2716 1058 2744 intellectilem
1072 2716 1128 2744 Noa
1137 2718 1276 2745 Christum
1293 2718 1500 2753 gubernatorem
1512 2716 1624 2743 habens.
1639 2714 1777 2750 Septimus

189 2781 212 2798 "
231 2780 299 2809 Gen.
314 2788 351 2812 tv,
374 2780 418 2810 11,
441 2778 486 2806 12.
523 2777 546 2794 ⁸⁸
566 2776 643 2809 ibid.,
659 2776 703 2803 Η.
740 2775 763 2791 ⁸⁷
778 2775 856 2805 ibid.,
878 2773 921 2801 i5.

975 2773 982 2790 '
1002 2773 1069 2802 Dan.
1084 2783 1132 2807 xu,
1146 2775 1172 2802 2.
1211 2775 1234 2791 "
1246 2774 1318 2803 Psal.
1335 2781 1431 2807 cxvnt,
1449 2773 1511 2802 164.
1548 2773 1572 2789 ’⁸
1590 2772 1672 2800 Zach.
1689 2780 1731 2806 ιιι,
1748 2772 1775 2800 9-

156 2829 176 2846 ⁹¹
194 2829 274 2857 Prov.
292 2837 330 2860 ιι,
343 2828 369 2854 ί.
407 2828 429 2843 ⁹¹
445 2825 454 2854 1
476 2826 540 2854 Cor.
559 2833 578 2856 ι,
598 2824 642 2851 2t.
681 2823 703 2839 ’³
719 2824 798 2850 Prov.
826 2830 898 2854 xxiv,
917 2821 956 2848 l6.

191 2876 246 2911 (l6)
263 2874 361 2902 Isaias.
378 2893 385 2901 .
403 2893 409 2899 .
426 2892 432 2900 .
453 2872 487 2900 Et
509 2875 616 2907 septem.
637 2874 690 2898 etc.
710 2869 758 2896 llic
775 2870 851 2896 locus
867 2875 919 2895 non
937 2871 1029 2895 exstat
1047 2865 1116 2901 apud
1135 2864 1249 2897 Isaiam,
1268 2863 1315 2892 scd
1331 2862 1449 2891 occurrit
1465 2862 1546 2890 Zuc/c.
1565 2871 1605 2896 ιιι,
1621 2862 1650 2891 9.
