1910 3038
146 134 213 160 HRS
676 137 706 163 S.
727 135 874 164 CaESARlI
895 135 1057 164 GREGORII
1077 135 1227 164 FllATRIS
1694 135 1764 162 HM

144 194 179 220 ab
193 191 348 218 Abraltamo
357 190 443 218 Moses
454 190 592 225 lcgislator
606 191 716 220 divinus
733 193 869 221 exhibitus
879 198 933 225 est,
952 194 1066 220 mutatio
1080 193 1151 226 Viue,
1165 191 1317 227 iniquitatis
1329 191 1458 224 sublatio,
1470 192 1504 219 ad
1518 192 1616 219 bonam
1630 193 1765 220 constitu-

143 239 246 265 tionem
268 238 356 272 legum
372 246 514 266 ascensus.
531 237 560 266 ln
581 243 683 274 septem
705 240 883 268 hebdomadis
904 248 1038 268 annorum
1058 241 1192 275 insignem
1212 239 1285 267 Deus
1298 239 1438 274 jubilmum
1453 239 1545 272 dedit,
1561 247 1615 274 quo
1633 244 1764 274 tanquam

144 286 258 313 sabbato
273 285 418 315 frueretur.
437 290 464 313 et
478 292 602 314 cessaret
616 292 688 314 terra
704 288 738 315 ab
753 289 887 320 aratione.
906 296 921 316 a
936 289 1036 316 debitis
1051 293 1142 316 autem
1159 288 1332 316 solverentur
1343 288 1491 315 debitores.
1513 287 1721 322 Septuagesima.
1737 291 1765 314 el

145 334 260 366 septima
275 333 450 366 generatiotre
461 333 495 360 ab
509 333 614 360 Adamo
625 334 751 363 Christus
767 337 906 369 nascitur,
920 336 1151 371 quemadmodum
1167 342 1215 370 per
1236 335 1421 370 genealogiam
1442 335 1522 361 divus
1540 335 1628 362 Lucas
1648 334 1765 361 demon-

145 383 223 404 strat.
244 377 467 413 Quandoquidem
496 379 578 414 igitur
607 379 748 415 Scriptura
776 388 920 408 numerum
948 381 1119 409 remissionis
1144 386 1316 416 peccatorum
1345 380 1371 407 in
1400 380 1553 415 septenario
1578 380 1683 410 definit.
1701 387 1765 406 eum

146 422 314 449 hebdomade
336 427 426 449 autem
452 429 573 457 praesen:
599 432 687 451 aevum
717 426 883 459 extenditur,
907 431 1010 461 septem
1032 426 1140 460 quidem
1161 426 1258 453 diebus
1281 426 1316 453 ab
1338 425 1439 460 Opillce
1466 426 1568 461 integre
1590 426 1762 461 perfectum.

147 468 299 501 scptcnaria
331 475 395 494 vero
420 468 609 496 vicissitudine
632 470 706 497 velut
734 478 842 505 semper
872 471 898 497 in
929 478 959 498 se
985 471 1138 498 revolutum
1165 480 1172 498 :
1199 471 1281 498 habet
1306 471 1495 498 remissionem
1522 476 1697 506 peccatorum
1718 478 1769 505 per

147 514 344 546 pretiitcntiam,
367 514 414 548 qui
438 514 471 541 ad
492 517 690 544 correctionem
706 523 734 545 et
750 518 927 546 sobrietatem
947 519 1070 551 inclinat,
1091 519 1252 553 Castigatam
1271 527 1286 546 a
1314 518 1379 547 Deo.
1402 519 1519 555 Ideoque
1540 524 1638 555 putans
1655 519 1768 552 Petrus,

146 559 219 592 quod
230 560 397 592 diilicillime,
414 561 436 588 si
453 561 560 589 Domini
572 563 711 591 decretum
725 565 762 592 sit
776 565 803 592 in
818 566 869 592 hoc
881 566 1095 593 bebdomadario
1104 567 1214 598 saeculo,
1223 567 1377 594 remittatur
1391 567 1455 593 illud
1470 567 1613 594 homicidte
1625 567 1768 601 septuplex

147 605 277 639 ﬂagitium
295 611 323 632 et
341 607 444 634 crimen
459 627 466 639 ,
482 608 570 643 inquit
587 609 620 636 ad
643 609 798 641 Dominum,
812 609 930 643 Quoties,
950 612 972 637 ri
984 611 1128 644 peccaverit
1152 611 1180 637 in
1203 619 1242 637 me
1262 611 1344 645 frater
1367 619 1448 643 meus,
1466 612 1598 638 remittam
1615 611 1657 638 illi
1669 613 1682 637 ἵ
1702 619 1768 638 num

147 651 256 700 septies?
264 651 347 700 Quasi
360 652 444 700 dicat,
454 652 522 680 Num
532 654 638 682 etiamsi
653 654 830 682 homicidium
846 656 967 690 patrarit,
980 657 1115 683 remittam
1127 656 1152 683 ci
1168 656 1323 691 pmnitenti?
1333 656 1461 684 Dominus
1470 661 1559 684 autem
1573 657 1768 691 benignitatem

148 697 172 721 ci
184 697 488 732 corumendans,inquit
498 707 505 726 :
516 698 576 725 Non
588 700 774 735 modoseplies.
784 701 828 727 sed
842 702 922 728 etiam
936 702 1083 737 septuagies
1100 703 1206 736 septies.
1221 701 1299 734 Illud,
1313 707 1343 730 ttt
1355 703 1483 734 arbritor,
1498 703 1610 732 docens,
1625 702 1698 736 qttod
1715 709 1769 728 non

148 743 230 768 modo
247 742 322 776 isqni
335 744 417 770 semel
430 744 604 772 homicidium
616 745 690 775 fecit.
702 750 730 773 et
738 751 839 780 septem
850 747 903 774 illis
914 747 994 774 malis
1003 747 1136 781 subiacet,
1147 747 1230 782 recipi
1242 748 1339 775 debeat
1351 749 1372 775 si
1382 748 1504 783 panitet;
1514 748 1560 775 sed
1572 748 1654 782 is,qui
1662 748 1718 782 jam
1725 755 1770 774 se-

150 787 202 814 tnel
211 788 412 822 quodammodo
420 788 503 817 Deum
513 791 666 826 abnegavit,
673 793 744 826 quod
753 793 863 827 gravius
870 797 912 820 est
920 794 992 820 crede
1001 794 1157 829 septuagies
1166 794 1266 828 septies
1272 794 1430 826 commissa,
1440 793 1611 828 recipiendus
1623 793 1668 825 sit,
1680 794 1774 821 venia-

150 835 309 886 que-danda
326 838 469 870 pcenitenti
483 839 640 886 erlugenti.
654 839 768 874 Propter
781 849 842 875 quae
857 841 908 868 ista
922 841 1006 868 menti
1022 842 1232 874 adurnbrantur,
1246 846 1314 869 etut
1327 842 1453 869 diflidens
1475 842 1517 869 his
1525 841 1621 868 Petrus
1636 841 1772 876 ejusmodi

152 884 258 908 veniant
269 887 462 916 consequatur.
475 884 521 918 qui
542 884 645 919 absque
653 886 730 912 venia
752 885 809 913 fore
819 887 932 920 putabat
943 891 1134 921 utrumque.et
1159 895 1298 922 nunquam
1309 895 1355 921 per
1364 887 1548 920 pmnitentiam
1560 887 1656 922 dignos
1667 887 1772 913 haben—

152 928 200 955 dus
209 927 391 963 benignitate:
404 929 536 963 permittit
543 929 630 964 ipsum
640 930 738 958 cadere
747 930 878 958 Dominus
889 931 1000 966 septies,
1010 937 1121 967 propter
1130 939 1288 966 percussum
1300 931 1437 966 pontiﬁcis
1446 939 1555 959 servum
1566 937 1591 958 et
1603 936 1772 966 amputatam

150 974 319 1007 ejusaurem.
331 973 481 1001 lntentione
489 975 561 1001 enim
571 976 716 1008 interfecit,
726 976 778 1003 nisi
788 977 832 1011 qui
846 977 976 1010 plantavit
988 986 1077 1004 aurem
1089 977 1217 1009 audisset,
1231 982 1256 1004 et
1272 979 1315 1011 qui
1328 977 1775 1011 formavitoculumanimadvertis-

152 1026 191 1047 ιρι
199 1021 232 1047 ’³.
240 1020 291 1053 Qui
301 1020 382 1054 paulo
392 1026 455 1048 ante
463 1022 525 1048 caeci
533 1022 627 1049 oculos
636 1027 789 1057 aperuerat,
798 1028 825 1050 et
833 1024 942 1057 quidem
954 1024 1064 1058 ejusqui
1076 1031 1214 1058 nunquam
1227 1028 1370 1059 aspexerat
1381 1024 1480 1055 lucem,
1493 1024 1535 1050 hic
1545 1024 1666 1057 percussi
1676 1030 1772 1049 aurem

153 1075 215 1093 ntox
224 1067 342 1093 restituit
352 1071 425 1094 tactu
439 1076 546 1101 manus,
558 1069 682 1103 utrisque
691 1070 854 1097 miraculose
865 1075 994 1104 tanquam
1003 1078 1017 1097 a
1028 1070 1082 1098 Deo
1094 1070 1182 1097 factis.
1199 1069 1358 1105 Septuagies
1368 1075 1458 1097 autent
1473 1070 1572 1104 septies
1583 1077 1630 1104 per
1640 1069 1774 1104 quaestio-

154 1122 214 1140 nem
225 1113 325 1142 Ballila:
336 1115 470 1148 teripsurn
479 1114 627 1150 abnegasse
638 1115 738 1142 dictum
753 1123 813 1143 esse
828 1123 894 1143 voce
910 1117 1060 1151 gallinacei.
1075 1115 1189 1151 Remisit
1200 1122 1290 1143 autem
1301 1117 1363 1148 ista,
1376 1121 1402 1143 et
1414 1124 1467 1142 non
1479 1116 1600 1150 amplius
1611 1116 1772 1143 recordatus

153 1164 206 1192 est,
223 1160 356 1187 ferventer
371 1160 430 1194 ipso
443 1164 469 1186 et
483 1166 574 1186 amare
587 1167 669 1194 super
682 1160 860 1195 abnegatione
874 1161 982 1195 lugente
996 1166 1023 1188 et
1036 1161 1170 1196 lact-ymas
1186 1160 1327 1192 fundente,
1342 1165 1496 1195 utqnorum
1514 1162 1572 1195 ipse
1587 1162 1696 1187 veniam
1708 1168 1775 1187 con-

155 1213 265 1234 secutus
279 1207 387 1234 essetin
400 1207 475 1241 lapsu
486 1207 662 1239 constitutus,
674 1208 755 1234 etiam
768 1207 900 1242 proximis
913 1208 1133 1243 resipiscentibus
1151 1208 1276 1235 similiter
1289 1212 1442 1243 praestaret.
1452 1208 1682 1235 Comrnuniamns
1695 1208 1779 1242 igitur

156 1261 207 1280 nos
230 1253 327 1296 ipsos,.
341 1260 374 1280 ne
397 1253 582 1287 ptenitentiam
615 1253 794 1288 negligamus.
822 1253 873 1281 Vix
892 1253 980 1285 enim,
1002 1262 1063 1289 qua:
1084 1259 1126 1282 est
1157 1262 1191 1282 ex
1217 1254 1286 1286 hac,
1308 1254 1431 1289 procedit
1454 1254 1665 1281 consummatio.
1699 1255 1775 1287 Qua-

156 1305 265 1334 propter
283 1299 380 1326 melius
399 1299 465 1326 mihi
484 1300 605 1333 videtur,
624 1300 751 1327 omnibus
770 1299 874 1327 viribus
887 1307 901 1326 a
920 1300 1140 1334 corruptibilibus
1154 1300 1304 1332 abstinere,
1316 1307 1397 1335 quam
1411 1299 1522 1327 letiferis
1542 1299 1667 1334 impletos
1683 1299 1777 1327 dolere

156 1350 183 1370 r-t
219 1344 320 1372 tristari
345 1349 373 1371 et
412 1344 587 1379 conﬂictari,
615 1350 642 1373 et
691 1344 826 1372 medicum

156 1393 178 1419 Ε
199 1395 306 1422 diverso
340 1395 362 1422 si
389 1394 533 1428 contigerit
554 1397 584 1420 ut
612 1401 660 1427 per
680 1393 865 1428 abreptionem
884 1392 936 1419 ali-

157 1448 238 1474 quant
258 1441 391 1474 labantur,
406 1449 440 1468 ne
454 1441 629 1475 desperemus
639 1440 673 1467 de
685 1440 839 1475 expiatione
849 1446 938 1473 neque

158 1487 191 1512 de
215 1487 384 1518 remissione,
408 1494 497 1520 neque
523 1493 586 1513 cum
616 1486 737 1513 revocati
763 1493 870 1515 sumus,
896 1491 939 1512 se-

159 1533 248 1565 gniter
259 1539 381 1567 agamus,
398 1532 444 1560 sed
458 1539 539 1567 quam
557 1532 676 1566 primum
692 1539 706 1558 a
722 1531 856 1558 deteriore
871 1530 940 1557 resi-

161 1579 270 1610 liamus,
285 1583 310 1605 et
326 1578 456 1605 virtutum
478 1578 677 1613 suggestionem
695 1577 939 1611 apprclrendamus,

160 1625 351 1652 vestimentum
375 1630 402 1651 et
418 1632 529 1651 sensutn
557 1624 689 1655 lavemus,
705 1628 731 1650 et
754 1631 798 1650 res
818 1627 941 1650 terrenas

162 1679 291 1706 tanquam
318 1679 378 1704 qua:
402 1670 544 1702 sull’ocent,
568 1669 720 1704 fugiamus;
742 1668 774 1694 ad
798 1667 941 1702 pristinam

162 1716 304 1743 sublimem
318 1715 389 1741 illam
403 1713 637 1741 conversatiOnem
648 1713 807 1744 veniamus;
819 1719 898 1738 aures
910 1710 943 1737 ad

162 1762 254 1788 divina
271 1761 396 1795 dogmata
414 1760 593 1791 inclinem-as;
609 1766 705 1786 eorum
726 1766 787 1793 qua:
807 1757 883 1784 humi
902 1764 945 1783 re-

165 1812 242 1843 punt,
256 1807 459 1837 obliviscamur,
476 1810 502 1832 et
520 1813 609 1832 arcem
625 1806 755 1831 virtutum
772 1803 944 1831 dilectionem

164 1853 362 1889 possidearnus.
384 1856 410 1878 et
427 1851 526 1878 tabulis
546 1851 636 1878 cordis
658 1850 778 1877 divinam
795 1850 880 1885 legem
903 1849 947 1877 in-

164 1899 332 1934 sculpamus,
350 1897 412 1924 facti
430 1897 561 1924 divinitus
571 1897 676 1931 sculpta
694 1896 794 1924 tabula.

370 1942 627 1970 INTERROCATIO
641 1940 743 1968 CXCV.

201 1979 384 2012 Quamobrem
404 1987 469 2013 ergo
485 1983 538 2004 tarn
556 1978 706 2004 enortniter
727 1977 820 2011 lapsus
838 1977 960 2003 sattctus‘

167 2026 212 2052 ille
232 2026 273 2052 vir
287 2024 393 2056 Petrus,
406 2029 433 2051 et
451 2025 556 2051 veniam
577 2026 749 2053 consecutus,
765 2023 822 2056 ipse
841 2028 950 2056 quoque

166 2071 274 2098 veniam
289 2077 342 2096 non
359 2070 431 2096 dedit
447 2069 558 2095 Ananize
572 2073 599 2095 et
617 2068 775 2102 Sapphirat,
791 2066 838 2093 sed
852 2067 879 2094 in
895 2073 949 2092 una

167 2118 235 2144 hora
262 2121 391 2150 utrosque
415 2115 513 2142 occidit
539 2115 633 2147 verbo,
666 2114 728 2141 licet
755 2113 847 2140 nullus
877 2115 951 2139 esset

168 2163 291 2197 ipsorum
313 2162 423 2196 lapsus,
439 2165 563 2195 respectu
581 2161 654 2187 illius
671 2158 882 2193 abnegationis?
899 2158 954 2184 Au-

169 2216 230 2236 rum
251 2208 452 2234 absconderant
472 2205 622 2240 proprium,
648 2212 700 2232 non
729 2204 847 2231 alienum
871 2211 878 2229 :
898 2201 951 2234 vel,

168 2254 277 2282 etiamsi
287 2253 406 2280 alienum
415 2251 518 2284 fuisset,
528 2258 581 2278 non
587 2253 825 2284 estparpcccatum
834 2248 952 2282 privata-

171 2307 232 2327 rum
246 2306 337 2326 rerum
354 2306 466 2332 par-vum
478 2297 606 2332 quiddam
625 2295 799 2322 abscondisse
808 2313 816 2326 ,
829 2298 856 2320 et
867 2293 949 2320 abne-

171 2353 251 2381 gasse
267 2345 372 2372 Jesum.

487 2377 641 2412 Responsio.

207 2413 266 2442 Non
279 2414 421 2442 dementire
431 2418 482 2446 est,
497 2410 619 2448 pritnaril
632 2411 704 2438 illius
717 2410 850 2438 adversus
860 2412 952 2436 sontes

172 2465 271 2493 terror,
290 2461 336 2488 sed
355 2460 474 2494 praescire
495 2457 643 2492 disciplina:
661 2456 777 2492 plurima
798 2453 952 2481 mortalium

174 2507 297 2534 saltantis
323 2505 399 2532 vitia.
425 2503 648 2538 Quandoquidem
671 2502 752 2536 igitur
782 2500 866 2527 semel
899 2498 955 2526 Deo

174 2551 328 2578 dedicatum
340 2558 436 2577 aurum
450 2549 593 2584 sacrilegio
606 2547 761 2574 vulneratus
777 2546 954 2577 alienaverat,

176 2596 414 2632 interrogatusque
427 2598 586 2632 negaverat:
609 2593 717 2620 idcirco
733 2592 777 2619 ille
795 2591 841 2626 qui
866 2590 954 2618 fuerat

175 2648 291 2668 exorsus
304 2649 430 2676 spargere
441 2641 593 2675 evangelica
608 2639 710 2667 semina
722 2659 730 2672 ,
742 2645 860 2673 moxque
873 2637 955 2665 simul

176 2692 287 2714 exortas
306 2686 392 2713 malas
415 2685 512 2712 herbas
532 2688 731 2719 conspexerat,
749 2684 894 2718 prudenter
908 2690 955 2710 eas

179 2731 250 2759 illico
270 2732 390 2763 sustulit,
413 2739 447 2759 ne
464 2731 532 2759 forte
556 2731 637 2758 simul
657 2734 810 2758 crescentes
834 2729 955 2756 triticum

179 2782 326 2805 vastarent.
351 2777 418 2804 Nam
445 2778 475 2804 in
499 2777 623 2812 angustia
653 2775 843 2804 amaritudinis
868 2775 956 2810 ipsum

215 2881 238 2897 “
267 2880 338 2907 Psal.
359 2880 475 2910 xctrt.9.

884 1343 1011 1372 invocare
1045 1351 1189 1380 postquam
1226 1346 1319 1373 aculeo
1359 1346 1461 1380 peccati
1501 1346 1622 1380 percussi
1668 1353 1775 1373 sumus.

989 1394 999 1403 ‘
1019 1393 1109 1428 παγῆς
1129 1402 1201 1425 τινος
1215 1393 1364 1428 ὀλισθῆσαι,
1381 1393 1417 1428 μὴ
1432 1392 1593 1428 ἁπογνῶμεν
1607 1392 1655 1427 τῆς
1671 1391 1777 1426 καθάρ-

988 1447 1067 1470 σεως,
1086 1439 1152 1474 μηδὲ
1174 1439 1224 1474 τῆς
1240 1439 1373 1473 ἀφέσεως·
1396 1439 1457 1474 μηδ’
1478 1438 1674 1473 ἀνακληθέντες
1695 1437 1780 1473 dedit).

990 1485 1130 1520 μήσωμεν,
1150 1484 1217 1511 ἀλλὰ
1231 1485 1325 1511 θᾶττον
1342 1484 1388 1511 τοῦ
1404 1485 1523 1520 χείρονος
1547 1483 1779 1519 ἁποπηδήσωμεν,

989 1531 1096 1565 καὶτῆς
1121 1531 1225 1566 μηνύης
1246 1529 1299 1556 τῶν
1323 1530 1427 1566 ἀρετῶν
1453 1529 1593 1565 ἁψώμεθα·
1611 1529 1712 1564 ἐσθῆτα
1732 1529 1782 1555 καὶ

990 1576 1114 1612 αἴσθησιν
1127 1576 1279 1611 πλύνωμεν·
1296 1576 1345 1612 τὴν
1361 1576 1427 1612 ὓλην
1451 1576 1488 1608 ὡς
1506 1576 1712 1612 συμπνίγουσαν
1729 1575 1780 1610 φύ-

991 1631 1092 1658 γωμεν
1108 1622 1176 1658 πρὸς
1197 1622 1245 1658 τὴν
1269 1622 1351 1649 πάλαι
1365 1621 1469 1658 ὑψηλὴν
1487 1623 1624 1649 πολιτείαν
1645 1623 1780 1657 (gon-ﬁcto-

995 1677 1053 1704 μεν·
1070 1668 1118 1703 τὴν
1141 1668 1224 1703 ἀκοὴν
1246 1669 1301 1699 τοῖς
1326 1668 1406 1700 θείοις
1425 1667 1539 1703 δόγμασι
1560 1668 1709 1703 κλίνωμενι
1725 1668 1781 1694 τῶν

994 1713 1168 1750 χαμαιζήλων
1188 1713 1394 1748 ἐπιλαθώμεθαθ
1418 1713 1467 1749 τὴν
1483 1713 1631 1749 ἀκρόπολιν
1647 1714 1701 1740 τῶν
1719 1715 1783 1748 ἀρε-

994 1761 1048 1788 τῶν
1072 1762 1121 1797 τὴν
1145 1761 1254 1797 ἀγάπην
1278 1761 1451 1796 κτησώμεθα·
1476 1761 1522 1787 καὶ
1544 1762 1603 1792 ταῖς
1631 1760 1712 1792 πλαξὶ
1733 1761 1782 1795 τῆς

995 1807 1107 1844 καρδίας
1128 1807 1173 1833 τὸν
1188 1807 1257 1833 θεῖον
1272 1806 1354 1841 νόμον
1372 1806 1578 1841 ὲγχαρᾱιξωμεν,
1598 1805 1692 1838 πυξίον
1705 1806 1782 1839 γενὸσ

997 1863 1072 1890 μενοι
1087 1853 1252 1881 θεότευκτον.

1275 1917 1397 1944 ΠΕΥΣῙΣ
1423 1917 1505 1950 Ριτεν.

1032 1964 1082 1992 Διὰ
1093 1964 1119 1991 τι
1136 1961 1184 1991 οὖν
1202 1963 1316 1990 τοιαῦτα
1337 1963 1483 1994 πταίσαςὸ
1505 1962 1581 1996 ἅγιος
1598 1961 1718 1996 Πέτρος,
1737 1961 1785 1987 καὶ

1003 2009 1199 2046 συγχωρηθεὶς,
1217 2009 1254 2044 μὴ
1270 2009 1316 2035 καὶ
1331 2009 1410 2040 αὐτὸς
1425 2008 1598 2043 συνεχώρησε
1612 2007 1650 2042 τῷ
1675 2006 1784 2041 Ἀνανίᾳ

1002 2057 1049 2084 καὶ
1069 2057 1101 2091 τῇ
1118 2055 1268 2091 Σαπφείρῃ,
1285 2054 1341 2081 ἀλλ’
1358 2055 1387 2080 ἐν
1405 2055 1454 2089 μιᾷ
1468 2053 1527 2089 ὥρᾳ
1541 2053 1712 2088 ἀμφοτέρους
1738 2053 1785 2088 ῥή-

1006 2111 1070 2138 ματι
1092 2101 1263 2132 ἑθανὰτωσες
1282 2101 1403 2134 καίτοιγε
1426 2100 1536 2135 μηδενὸς
1551 2099 1626 2130 ὅντος
1639 2098 1686 2125 τοῦ
1704 2099 1784 2125 πταί-

1003 2156 1104 2183 σματος
1123 2148 1184 2173 ὅσον
1205 2146 1273 2182 προς
1290 2146 1338 2181 τὴν
1360 2145 1465 2172 ἐκείνου
1490 2146 1602 2179 ἄρνησιν
1620 2143 1679 2179 μεθ’
1693 2144 1784 2178 ὅρκου·

1001 2194 1111 2229 χρυσίου
1126 2193 1154 2219 δὲ
1168 2192 1328 2227 ἀπέκρυψαν
1343 2191 1415 2222 ἰδίου,
1428 2191 1476 2217 οὐκ
1486 2190 1624 2225 ἀλλοτρίου
1638 2198 1644 2204 ⁸
1663 2189 1725 2216 εἰδὲ
1740 2189 1786 2216 καὶ

1001 2238 1138 2273 ἀλλότριον
1151 2235 1195 2272 ἦν,
1210 2237 1260 2263 οὑκ
1273 2236 1345 2262 ἔστιν
1364 2234 1432 2265 ἴσον,
1447 2235 1501 2261 τῶν
1519 2234 1589 2261 ἰδίων
1606 2234 1702 2269 μικρὸν
1718 2234 1785 2260 ἁπο-

1003 2284 1122 2320 κρύψαι,
1138 2284 1185 2310 καὶ
1199 2283 1228 2309 τὸ
1243 2281 1412 2318 ἀρνήσασθαι
1427 2281 1472 2308 τὸν
1497 2280 1610 2316 Ἰησοῦν.

1310 2357 1482 2390 Ἀπόκρισις.

1039 2404 1096 2431 Οὐκ
1111 2402 1238 2434 ἀπονοίας
1252 2402 1368 2437 ὑπάρχει
1386 2402 1400 2427 ὁ
1418 2401 1464 2427 τοῦ
1482 2399 1629 2436 κορυφαίου
1649 2399 1720 2425 κατὰ
1735 2397 1787 2424 τῶν

1005 2449 1159 2478 ὑπευθύνων
1176 2448 1266 2483 φόῦος,
1281 2448 1347 2474 ἀλλὰ
1359 2446 1522 2477 παιδεύσεως
1536 2446 1741 2481 προγνωπικῆς
1756 2445 1789 2470 τὰ

1007 2496 1120 2522 πλεῖστα
1134 2494 1237 2530 βροτῶν
1250 2493 1399 2528 ἁκεομένης
1408 2492 1490 2527 πάθη.
1509 2491 1585 2517 Ἐπεὶ
1595 2489 1640 2517 οὖν
1655 2490 1702 2516 τοῦ
1717 2490 1788 2522 ἅπαξ

1007 2541 1065 2576 Θεῷ
1092 2539 1266 2570 ἀνατεθέντος
1290 2539 1419 2574 χρυσίου,
1443 2537 1579 2573 ἱεραυλίᾳ
1601 2535 1716 2571 τρωθεὶς
1732 2535 1789 2561 ἐνο-

1009 2587 1132 2622 σφίσατο.
1148 2585 1294 2621 ἐρωτηθεὶς
1306 2584 1334 2610 δὲ
1344 2584 1489 2619 ἠρνήσατο·
1502 2582 1562 2609 τότε
1575 2581 1727 2617 ἀρξάμενος
1742 2588 1790 2607 κα-

1008 2631 1187 2661 ταϐάλλεσθαι
1209 2631 1243 2658 τὰ
1267 2630 1431 2663 εὐαγγελικὰ
1455 2629 1597 2664 σπέρματα
1610 2647 1617 2659 ,
1642 2628 1690 2654 καὶ
1712 2625 1791 2657 αὖθις

1011 2678 1244 2715 παρανατείλαντα
1263 2675 1392 2710 ἑωρακὼς
1414 2675 1448 2701 τὰ
1462 2673 1585 2707 ζιζάνια,
1604 2672 1692 2706 σοφῶς
1712 2671 1791 2703 αὐτὸς

1010 2726 1105 2753 θᾶττον
1118 2723 1266 2754 ἀνέστειλε,
1284 2723 1321 2758 μή
1339 2729 1403 2749 ποτε
1419 2720 1618 2755 συναυξούμενα
1639 2719 1686 2745 τὸν
1707 2716 1791 2752 πυρὸν

1009 2772 1172 2808 λυμήνηται·
1194 2770 1224 2797 ὲν
1247 2768 1301 2805 γὰρ
1325 2768 1464 2804 συνδέσμῳ
1479 2766 1589 2802 πικρίας
1602 2763 1685 2792 αὑτὸν
1703 2763 1790 2798 ὑπάρ-
