1910 3038
141 143 212 171 1185

142 209 200 236 χειν
215 199 252 231 ὡς
267 198 313 226 τὸν
328 199 436 234 Σίμωνα
449 199 495 226 καὶ
512 197 677 234 ἀμετάθετον
693 197 739 224 τοῦ
753 197 846 224 λοιποῦ
861 197 930 233 πρὸς

142 247 177 273 τὶ
188 245 339 281 κρείττονα.
356 245 460 272 Ἐδέιτο
471 245 524 279 γὰρ
537 244 745 281 συγχωρηθῆναι
757 244 788 270 τὸ
802 245 877 278 ἄγος,
893 244 929 278 μὴ

143 290 343 326 συμφωνούσης
359 290 409 325 τῆς
423 290 535 326 καρδίας
551 291 606 322 τοῖς
621 289 731 324 χείλεσι,
744 289 835 320 καθώς
849 297 930 323 φησιν

142 338 158 364 ό
170 337 224 364 τῶν
237 336 315 363 θείων
332 336 447 372 μελῳδὸς
463 337 528 372 περὶ⁵
543 335 589 363 τοῦ
616 336 732 371 Ίσραήλ”
746 335 801 362 Καὶ
815 335 930 369 ἠγάπη-

142 389 205 409 σαν
221 382 314 408 αὐτὸν
323 381 356 408 ὲν
369 381 410 414 τῷ
422 382 546 416 στόματι
560 381 669 413 αὐτῶν,
691 381 738 408 καὶ
754 379 791 414 τῇ
804 380 928 415 γλώσσῃ

141 425 243 453 αὐτῶν
260 426 429 459 ἐψεύσαντο
447 426 535 458 αὐτῷ’
553 426 572 459 ἠ
589 426 623 453 δὲ
641 426 746 460 καρδία
762 425 861 452 αὐτῶν
875 426 929 452 οὐκ

141 470 243 498 εὐθεῖα
255 470 318 505 μετ’
332 471 435 498 αὑτοῦ·
451 471 522 497 οὐδὲ
537 470 747 504 ἐπιστώθησαν
758 471 792 497 ἐν
806 470 844 504 τῇ
864 470 928 497 δια-

144 516 221 550 θήκῃ
236 516 339 543 αὑτοῦ.
353 516 430 542 Οὓτω
445 517 498 552 γάρ
519 517 565 543 καὶ
582 517 607 542 οῑ
619 517 669 551 τῆς
681 516 800 551 ἰατρείας
818 517 929 551 ἐπιστή-

146 571 226 597 μονες
244 563 310 598 δρᾷν
334 562 470 594 εἰώθασιν,
491 562 599 590 ἐπειδάν
614 571 674 589 τινα
699 562 790 597 ἄκρων
804 562 851 588 τοῦ
876 561 928 588 σώ-

147 613 230 640 ματος
243 605 322 632 πάθει
333 605 434 640 ἀνιάτω
448 605 570 641 κρατηθῇ
582 625 589 637 ,
602 604 679 638 αὖθις
692 606 866 642 ὲκτέμνονται
880 606 930 640 τῆς

145 649 252 684 χειρὸς,
271 649 288 684 ἢ
303 649 348 675 τοῦ
372 649 450 681 ποδὸς
466 649 510 675 τὸν
527 649 667 682 δάκτυλον,
693 650 746 684 πρὸ
769 649 815 676 τοῦ
830 650 877 676 ἐπὶ
896 648 929 675 τὰ

144 695 226 722 λοιπὰ
242 695 309 730 μέλη
320 695 473 730 διαχεθῆναι
485 695 534 730 τὴν
545 694 644 730 λώϐην·
656 695 754 730 ὁμοίως
767 695 794 722 δὲ
807 695 854 721 καὶ
865 695 931 721 Μω-

146 741 196 776 σῆς
209 742 224 768 ὸ
238 740 379 772 θεσπέσιος
395 741 429 768 τὰ
445 741 491 767 τοῦ
506 741 588 776 νόμου
603 742 634 767 ὲκ
658 741 806 777 προοιμίων
824 740 930 775 θεώμε-

146 795 201 819 νος.
217 785 443 821 παρωτροὺμενός
459 794 499 816 τε,
511 785 557 812 ἐπὶ
570 785 666 821 βραχεῖ
684 786 862 821 ἁμαρτήματι
880 794 930 812 κα-

145 831 324 866 ταλευσθῆναι
345 831 373 858 ὲν
396 831 524 865 σαὸὃάτῳ
548 831 740 865 ξυλολογοῦντα
762 831 928 865 προσέταξε,

146 878 225 904 τοῦτο
239 877 304 904 Θεὸν
318 877 461 912 γεγραφὼς
475 877 673 912 ἀποφήνασθαι·
690 878 736 904 ἐπὶ
751 877 860 912 μεγάλῳ
876 876 930 912 γὰρ

146 923 194 952 καὶ
214 924 316 958 μετρίῳ
341 924 358 958 ἡ
377 923 531 957 παράϐασις
547 923 682 958 κρίνεται,
709 922 799 955 καθὼς
821 931 902 957 φησιν
916 923 931 948 ὁ

147 969 247 1004 Κύριος
258 989 266 998 .
283 961 332 995 ὅτι
351 968 421 995 Ἐὰν
439 968 512 994 ὅλον
532 969 585 994 τὸν
602 969 696 1002 νόμον
711 968 856 1002 πληρώσῃ
872 977 929 1000 τις,

146 1014 258 1048 πταίσῃ
273 1013 307 1039 δὲ
317 1014 351 1039 ἐνν-
360 1013 414 1046 ἐνὶ,
429 1014 532 1048 γέγονε
541 1014 662 1040 πάντων
674 1014 789 1047 ἔνοχος·
802 1014 850 1040 οὐκ
862 1014 932 1048 ἀφα-

146 1058 283 1092 νισθείσης
295 1058 376 1084 αὑτοῦ
393 1059 481 1093 πάσης
494 1059 592 1093 ἀρετῆς
610 1058 716 1093 (ἄδικον
730 1058 784 1094 γὰρ
795 1058 873 1084 τοῦτο
885 1057 931 1084 καὶ

147 1105 202 1134 τοῖς
218 1103 321 1138 βραχέα
335 1103 397 1139 περὶ
409 1104 457 1138 τῆς
473 1103 546 1135 θείας
568 1104 764 1138 δικαιοκρισίας
778 1103 880 1130 νοοῦσιν
893 1105 932 1130 εἱ-

146 1148 234 1179 κότως
245 1148 364 1184 δόξειεν),
378 1149 433 1175 ἀλλ’
443 1149 533 1184 ἔνοχός
544 1158 587 1184 μοι
601 1149 673 1175 δοκεῖ
684 1149 806 1182 γίνεσθαι
822 1148 930 1176 πάντων

148 1194 353 1229 ὑποσπὼμενος,
371 1214 378 1221 .
396 1214 403 1220 .
423 1215 431 1222 .
448 1214 455 1221 .
475 1215 482 1222 .
504 1216 511 1222 .
534 1216 541 1223 .
571 1204 665 1230 κτησιν
688 1195 745 1226 ἑνὸς
761 1195 843 1228 ἄγους
856 1215 864 1225 ,
882 1195 929 1221 καὶ

147 1239 343 1274 ὰντιμέτρησιν
357 1241 439 1267 πᾶσιν
456 1240 625 1276 ἐνεχόμενος,
640 1240 656 1275 ἦ
673 1240 701 1273 ἐξ
715 1240 804 1267 αὐτῶν
821 1241 931 1267 ἐκείνων

146 1286 195 1320 τῆς
216 1285 307 1316 οὐσίας
333 1285 602 1321 ὑποτεμνόμενος,ἢ
628 1286 675 1313 τοῦ
703 1285 818 1321 ἀριθμοῦ
841 1285 930 1313 αὐτῶν

147 1331 355 1365 ὑποσπώμενος.
383 1332 411 1357 '0
432 1331 520 1358 τοίνυν
538 1331 575 1367 μὴ
597 1331 734 1363 παντελῶς
750 1331 846 1358 ἑαυτοῦ
861 1333 930 1359 ἁπο-

147 1377 235 1411 γνοὺς.
258 1377 304 1403 καὶ
317 1377 467 1412 ὁλοσχερῶς
487 1376 524 1411 τῷ
539 1378 640 1412 χείρονι
656 1377 849 1412 προσθέμενος,
863 1377 931 1405 ἀλλὰ

147 1422 198 1449 κᾶν
211 1422 355 1454 σπανιάκις
372 1423 517 1457 προσάγων
531 1423 590 1458 Θεῷ
607 1423 716 1458 ἀρετὴν,
733 1423 779 1450 καὶ
793 1422 931 1458 οἰκτείρων

147 1468 192 1494 τὸν
209 1468 305 1500 πέλας,
323 1467 421 1502 ὤφειλε
446 1469 495 1503 μὲν
517 1468 613 1503 ἐκείνῳ
636 1469 706 1503 ὑπὲρ
728 1465 764 1496 ὧν
786 1468 927 1495 ἔπταισεν·

146 1514 282 1547 ὀφείλεται
297 1514 324 1541 δὲ
340 1513 403 1549 παρ’
418 1513 511 1544 αὐτοῦ.
529 1514 597 1548 ὑπὲρ
612 1511 649 1540 ὧν
664 1513 833 1549 εὐηργετήθη
846 1522 853 1528 ”
867 1514 932 1540 ὐπο-

149 1558 289 1593 σπώμενος
304 1559 392 1585 τοίνυν
414 1560 463 1594 τῆς
474 1560 693 1594 ἀντιμετρήσεως
704 1579 712 1589 ,
735 1558 803 1593 πρὸς
819 1558 869 1593 τὴν
884 1558 931 1584 τοῦ

148 1603 349 1638 περιττεύοντος
360 1603 450 1639 χώραν
462 1603 636 1638 ἀποκρίνεται
646 1612 652 1618 ·
666 1602 745 1630 τοῦτο
760 1603 788 1630 δὲ
807 1603 856 1630 καὶ
867 1604 931 1638 παρ’

147 1650 213 1683 ἡμῖν
239 1649 395 1684 συμϐαίνειν
419 1649 548 1680 πολλάκις
573 1649 705 1685 ἔγνωμεν,
721 1648 836 1683 ὀφείλειν
859 1649 932 1684 ἡμᾶς

147 1694 243 1720 ἑκατὸν
254 1695 378 1730 δηνάρια,
388 1695 568 1730 ὀφειλομένων
579 1696 645 1729 ἡμῖν
655 1694 812 1730 τριάκοντα.
827 1694 932 1730 ’Ὠσπερ

147 1737 193 1766 οὖν
206 1740 219 1765 ό
232 1739 278 1766 τοῦ
292 1739 454 1774 νομίσματος
469 1740 608 1775 ὀφειλέτης
621 1740 728 1767 πάντων
739 1740 829 1775 ἔνοχος
844 1740 931 1776 ὑπάρ-

148 1793 189 1819 λει
205 1783 242 1818 τῷ
256 1784 424 1817 δανείσαντι,
443 1786 522 1820 μέχρι
535 1786 583 1820 τῆς
601 1785 730 1817 ἐκτίσεως
742 1784 788 1811 τοῦ
805 1785 929 1820 ὀφλήμα-

146 1838 202 1861 τσις·
223 1829 307 1861 οὕτως
321 1831 336 1856 ὁ
351 1830 568 1865 χρεωστοὺμενος
587 1830 661 1866 παρὰ
676 1830 743 1857 Θεοῦ
758 1831 827 1866 ὑπὲρ
839 1831 930 1866 χιλίων

148 1875 377 1910 κατορθωμάτων,
388 1876 501 1910 ὀφείλων
513 1876 542 1902 δὲ
553 1877 617 1911 περὶ
629 1876 687 1908 ἑνὸς
699 1876 930 1912 παραπτώματος,

148 1921 256 1947 πάντων
276 1921 365 1956 ἔνοχος
381 1921 508 1957 ὑπάρχει,
533 1922 612 1957 μέχρι
629 1921 676 1948 τοῦ
692 1921 816 1956 γενέσθαι
829 1922 933 1956 λογοθέ-

148 1975 204 1993 σιον
227 1968 276 2002 τῆς
300 1967 413 1994 ἑκάστου
439 1968 602 2002 οἰκονομίας.
629 1967 786 2003 Παράῦασις
812 1966 866 2002 γὰρ
885 1967 932 1993 ἐπὶ

151 2012 243 2048 μικρῷ
259 2013 305 2039 καὶ
323 2013 425 2047 μείζονι
443 2012 574 2048 κρίνεται,
590 2013 619 2038 ὲν
640 2012 780 2048 συγκρίσει
796 2012 826 2039 τὸ
839 2012 932 2046 διάφο-

148 2065 193 2092 ρον
213 2058 322 2092 ἔχουσα.
341 2057 506 2091 Σπεύσωμεν
520 2058 608 2084 τοίνυν
622 2058 650 2084 ὲν
663 2057 702 2092 τῷ
717 2057 791 2092 καλῷ
804 2058 834 2084 τὺ
851 2057 930 2084 πλέον

146 2101 228 2136 ἔχειν,
243 2102 399 2138 δικαιοσύνῃ
413 2102 461 2137 τὴν
473 2102 579 2129 ἀδικίαν
597 2101 754 2138 βαροῦντες.

425 2170 547 2197 ΠεγΣιΣ
561 2170 649 2204 Ριετ.

181 2234 212 2261 Εἰ
229 2233 362 2267 ἄφευκτος
376 2233 513 2260 συντέλεια
528 2233 574 2260 τοῦ
585 2233 699 2269 κόσμου,
717 2234 764 2261 καὶ
775 2235 791 2268 ὴ
805 2233 852 2261 τοῦ
863 2235 931 2271 Χρι-

147 2279 209 2306 στοῦ
226 2279 370 2315 παρουσία,
388 2279 445 2310 πῶς
469 2279 549 2310 αὐτὸς
571 2278 653 2312 λέγει,
673 2279 743 2306 Τότε
756 2279 790 2306 ὲν
804 2279 840 2314 τῇ
856 2281 930 2307 Ἰουε-

145 2324 213 2357 ὃαίᾳ
229 2324 420 2358 φευγέτωσαν
435 2324 482 2350 ἐπὶ
506 2323 541 2350 τὰ
559 2323 627 2357 ὅρη,
651 2324 700 2350 καὶ
714 2325 730 2350 ό
745 2325 793 2351 ἐπὶ
809 2325 862 2351 τοῦ
875 2325 930 2352 δώ-

143 2379 236 2405 ματος
244 2370 286 2404 μὴ
305 2369 457 2403 nutamine
472 2366 539 2403 ἆραί
554 2378 580 2396 τι
596 2370 629 2396 ἐκ
644 2369 697 2403 τῆς
716 2371 810 2403 οἰκίας
824 2371 928 2403 αὑτοῦ,

145 2416 192 2442 καὶ
205 2417 221 2441 ό
234 2414 315 2447 ἐντῷ
326 2414 412 2448 ἀγρῷ.
422 2415 465 2448 μὴ
477 2414 680 2449 ἐπιστρεψάτω
688 2411 754 2448 ἆραι
768 2415 800 2441 τὸ
812 2415 927 2449 Ιμιὶτιον

144 2459 254 2491 animi);
269 2460 323 2486 Καὶ
341 2460 419 2486 πάλιν
442 2459 526 2493 λέγει,
541 2460 617 2486 Ἀλλ’
636 2460 760 2493 εὔχεσθε
781 2460 830 2486 ἵνα
842 2461 927 2494 γένη-

144 2513 190 2530 ται
203 2506 221 2538 ὴ
238 2505 318 2539 φυγὴ
338 2504 465 2539 ὑμῶνὲν
481 2505 616 2537 σαϐϐάτῳ
630 2505 649 2539 ἢ
662 2506 696 2532 ἐν
709 2505 843 2540 χειμῶνι’
859 2507 925 2533 οὐαὶ

143 2549 177 2576 δὲ
197 2550 261 2582 ταῖς
279 2550 314 2576 ἐν
331 2549 434 2585 γαστρὶ
455 2550 597 2584 ἐχούσαις
611 2551 658 2577 καί
681 2550 877 2584 θηλαζούσαις
891 2551 926 2577 ἐν

143 2595 270 2627 ἐκείναις
286 2595 348 2628 ταῖς
369 2595 497 2629 ἡμέραις.
521 2593 582 2630 Ἆρ’
598 2597 637 2622 ὃτι
658 2596 747 2631 συμϐῇ
768 2597 861 2632 θέρους
878 2605 925 2630 γε-

144 2640 245 2670 νέσθαι,
261 2642 290 2667 ὲν
302 2642 425 2676 Κυριακῇ
442 2642 459 2676 ἢ
469 2642 582 2677 δευτέρᾳ
598 2642 647 2676 ¹τὴν
665 2643 827 2675 συντέλειαν,
843 2643 924 2669 δυνά-

146 2686 213 2720 μεθα
223 2687 323 2717 λαϐεῖν,
339 2687 355 2722 ἢ
369 2688 480 2721 φυγεῖν;
504 2688 554 2714 Διὰ
564 2688 590 2714 τί
606 2687 629 2714 δ’
641 2688 695 2723 ἄρα
709 2688 834 2715 τοσούτου
849 2689 924 2721 ὄντος

143 2723 220 2765 ὕχλου
238 2733 285 2758 καὶ
301 2732 386 2767 δήμου
399 2733 467 2763 τότε,
485 2733 568 2767 μόνας
589 2733 637 2764 τὰς
652 2735 680 2759 ἑν
695 2735 793 2769 γαστρὶ
809 2735 923 2769 ἐχούσας

144 2776 189 2802 καὶ
200 2775 315 2811 θηλαζού
320 2785 367 2808 σας
375 2777 408 2803 ὲκ
416 2777 523 2804 πάντων
534 2778 684 2810 ἑταλάνισε,
697 2778 743 2806 καὶ
753 2779 844 2806 άπωδύ
849 2788 922 2814 paco,

173 2865 201 2882 »³³
224 2864 294 2893 Psal.
319 2873 419 2899 uxvu,
445 2865 489 2899 36,
503 2865 547 2893 37.
585 2866 608 2882 "
621 2865 687 2894 Luc.
705 2874 759 2900 va,
774 2867 815 2894 l0.
854 2868 875 2885 ’⁷
888 2867 947 2896 Jac.
962 2875 992 2901 ιι,
1008 2870 1049 2896 to.
1087 2870 1109 2886 "
1123 2869 1217 2900 Matth.
1237 2880 1308 2900 xxiv.
1330 2872 1418 2900 lG-IS.

836 140 1009 170 DIALOGUS
1028 139 1074 168 IV.

1695 139 1764 167 “85

985 205 1056 230 esse.
1069 195 1298 232 quemadmodum
1310 194 1462 226 Simonem,
1479 200 1506 223 et
1515 194 1723 230 ineorrigibileni
1736 205 1762 223 in

980 249 1119 278 posterum
1136 243 1169 269 ad
1187 242 1299 269 meliora
1314 242 1432 268 videbat.
1447 239 1542 275 Neque
1557 241 1629 268 enim
1648 241 1763 269 facultas

981 293 1039 316 erat
1051 288 1216 316 concedeudi
1229 288 1318 315 scelus
1327 308 1335 320 ,
1348 295 1401 314 non
1413 286 1600 314 consentiente
1611 295 1672 313 (‘tun
1683 287 1764 314 labiis

981 337 1073 368 corde,
1094 335 1165 363 sicut
1186 335 1275 369 inquit
1295 335 1328 362 de
1346 334 1446 361 lsrncle
1462 335 1614 362 carminum
1637 335 1681 362 ille
1695 334 1764 362 divi-

981 388 1077 407 norum
1094 385 1203 407 auctor:
1213 379 1245 406 Et
1259 379 1407 406 dilexerunt
1417 380 1501 414 ipsum
1516 387 1560 405 ore
1570 385 1660 412 suo,et
1674 379 1765 414 lingua

981 433 1030 452 sua
1055 425 1156 452 menti/2'
1172 430 1233 451 sunt
1252 426 1286 452 ei.
1316 424 1369 452 Cor
1389 429 1476 451 autem
1492 425 1608 458 ipsorum
1633 433 1684 452 non
1708 430 1765 452 erat

981 475 1079 496 rectum
1099 478 1158 496 cum
1180 478 1227 501 eo,
1245 474 1269 496 et
1291 470 1316 496 in
1342 473 1496 495 testamenlo
1518 468 1574 502 ejus
1597 469 1686 502 ﬁdeles
1714 477 1766 496 non

981 515 1086 550 [uerunt
1101 516 1135 542 ’⁵.
1152 515 1197 543 Sic
1213 515 1284 543 enim
1305 520 1329 542 ct
1346 515 1422 550 periti
1443 515 1539 542 medici
1561 514 1649 542 facere
1666 516 1765 546 solent.

981 561 1090 595 quando
1107 565 1230 588 extremo
1249 568 1363 594 corpore
1385 565 1492 587 tenetur
1509 561 1609 595 aliquis
1622 561 1764 588 incurabili

982 606 1087 638 morbo,
1117 613 1179 633 mox
1205 610 1329 633 resecant
1349 615 1363 632 a
1387 613 1468 632 manu
1491 606 1531 632 Vel
1551 607 1617 640 pede
1639 607 1764 641 digitum.

982 657 1128 686 antequam
1154 653 1187 679 ad
1216 653 1319 686 reliqua
1346 653 1467 679 membra
1488 653 1656 690 dill‘undatur
1679 653 1764 689 labos.

983 695 1114 723 Similiter
1132 700 1221 723 autem
1238 700 1266 723 et
1284 695 1372 723 Moses
1391 696 1433 722 vir
1452 696 1560 723 divinus
1580 697 1612 723 ad
1634 701 1764 731 prmepta

982 740 1049 775 legis
1062 740 1189 775 primitus
1202 740 1270 768 facta
1282 741 1498 768 consideratione
1512 742 1644 774 excitans,
1658 743 1694 769 ob
1708 743 1766 770 levo

982 786 1110 813 delictum
1129 786 1264 820 lapidibus
1284 786 1362 814 obrui
1385 794 1446 814 eum
1465 787 1512 821 qui
1529 787 1600 822 ligna
1622 788 1722 822 legerat
1738 788 1765 815 in

983 830 1096 857 sabbato
1113 849 1120 862 ,
1163 830 1314 864 ρι-ςκιιρρίι,
1351 830 1433 864 idque
1469 829 1553 858 Deum
1592 831 1766 859 denuntiasse

982 875 1101 910 scripsit.
1119 874 1186 902 Nam
1208 875 1235 902 in
1252 883 1346 911 magno
1363 880 1388 901 et
1409 876 1534 903 mediocri
1555 878 1728 911 transgressio
1743 878 1766 893 "

980 922 1137 956 judicatur,
1159 921 1389 957 quemadmodum
1417 922 1506 958 inquit
1532 923 1674 955 Dominus,
1693 924 1766 958 quod

984 968 1013 996 Si
1028 973 1111 996 totum
1137 968 1217 1003 legem
1233 967 1377 1002 impleverit
1394 968 1490 1003 aliquis
1500 988 1508 1000 .
1529 969 1666 1003 offenderit
1679 975 1766 997 (talem

983 1014 1011 1041 in
1027 1023 1090 1046 uno,
1107 1014 1193 1048 {actus
1206 1018 1244 1040 eu
1257 1013 1374 1040 omnium
1390 1021 1448 1039 reus
1464 1013 1498 1040 ⁸⁷.
1513 1013 1570 1040 Νοιι
1589 1014 1660 1048 quod
1676 1015 1766 1043 omnis

983 1059 1043 1092 ejus
1056 1059 1141 1086 virtus
1163 1059 1304 1086 evanuerit
1347 1058 1490 1093 (injustum
1510 1059 1582 1086 enim
1605 1059 1630 1087 id
1653 1060 1694 1088 vol
1712 1060 1764 1092 his.

983 1105 1030 1139 qui
1059 1104 1151 1132 leviter
1182 1105 1216 1132 de
1243 1104 1335 1131 divino
1358 1105 1489 1138 justoque
1507 1105 1610 1140 judicio
1635 1106 1765 1136 sentiunt,

983 1150 1083 1176 merito
1104 1149 1252 1183 videatur),
1273 1149 1319 1177 sed
1337 1157 1400 1177 reus
1422 1150 1487 1177 mihi
1504 1150 1609 1178 videtur
1627 1150 1683 1178 ﬁeri
1707 1159 1766 1178 om-

984 1196 1070 1228 nium,
1082 1196 1128 1230 qui
1141 1195 1325 1223 recesseritab
1339 1203 1403 1228 uno,
1413 1204 1442 1223 se
1457 1203 1543 1231 pinna:
1559 1197 1640 1225 unius
1655 1197 1766 1225 sceleris

984 1245 1011 1268 ct
1028 1241 1243 1276 compensationi
1263 1241 1384 1268 omnium
1407 1241 1555 1268 obnoxium
1581 1241 1683 1269 faciens
1698 1250 1705 1274 ;
1720 1246 1767 1268 aut

983 1287 1055 1321 quod
1079 1294 1113 1314 ex
1137 1287 1243 1314 illorum
1262 1287 1383 1321 ipsorum
1404 1294 1518 1321 corpore
1540 1288 1650 1320 excidit,
1669 1292 1718 1315 aut
1731 1288 1766 1314 ab

983 1333 1106 1367 ipsorum
1124 1340 1238 1359 numero
1257 1333 1379 1360 recessit.
1395 1331 1447 1365 Qui
1463 1340 1526 1368 ergo
1542 1341 1596 1360 non
1611 1340 1723 1368 prorsus
1733 1334 1767 1360 de

984 1377 1129 1412 semetipso
1155 1378 1346 1413 desperaverit,
1360 1383 1388 1405 et
1400 1380 1478 1413 plane
1493 1380 1620 1407 deteriori
1639 1380 1766 1408 addictus

985 1423 1078 1456 fuerit,
1109 1424 1156 1452 sed
1178 1425 1219 1451 vel
1243 1432 1305 1451 raro
1332 1425 1460 1452 obtulerit
1487 1425 1540 1452 Deo
1566 1426 1709 1457 virtutem.
1741 1431 1768 1453 et

983 1470 1098 1504 proximi
1121 1469 1250 1497 misertus
1270 1469 1369 1500 fuerit.
1385 1470 1464 1498 debet
1482 1471 1591 1505 quidem
1608 1471 1645 1499 illi
1662 1471 1689 1499 in
1707 1471 1768 1506 qui-

985 1514 1036 1541 bus
1047 1513 1175 1547 oll‘endit;
1191 1514 1306 1541 debetur
1321 1519 1410 1542 autem
1425 1515 1544 1542 vicissim
1560 1515 1611 1549 ipsi
1628 1517 1654 1543 in
1666 1517 1767 1550 quibus

983 1559 1126 1587 benefccit.
1152 1560 1296 1586 Subtracta
1314 1559 1397 1593 igitur
1409 1561 1641 1595 compensatione,
1658 1561 1690 1589 ad
1707 1562 1767 1596 cjns

982 1606 1053 1640 quod
1076 1605 1228 1636 redundat.
1249 1605 1337 1632 locum
1360 1606 1524 1634 decernitur.
1543 1606 1570 1633 Id
1590 1606 1662 1641 quod
1685 1608 1767 1634 etiam

982 1651 1053 1685 apud
1082 1659 1132 1678 nos
1159 1659 1346 1685 smpenumero
1379 1652 1502 1679 accidere
1530 1652 1717 1687 cognovimus,
1743 1653 1767 1680 si

982 1699 1129 1726 debeamus
1141 1706 1190 1727 nos
1207 1704 1315 1726 centum
1329 1699 1440 1727 denaria
1449 1719 1457 1731 ,
1469 1699 1603 1734 nobisque
1615 1699 1767 1726 debeantur

983 1745 1101 1780 triginta.
1127 1744 1362 1778 Quemadmodum
1380 1745 1463 1780 igitur
1479 1745 1600 1779 pecunia:
1614 1745 1721 1772 debitor
1733 1745 1767 1772 de

982 1791 1108 1818 omnibus
1131 1791 1266 1825 obligatus
1286 1795 1328 1819 est
1351 1790 1497 1823 creditori.
1525 1798 1611 1824 usque
1626 1790 1659 1817 ad
1684 1790 1767 1818 debiti

981 1836 1193 1870 persolutionem
1214 1845 1222 1864 :
1247 1837 1283 1864 ita
1306 1836 1352 1864 cui
1380 1835 1494 1863 debetur
1518 1836 1588 1870 apud
1611 1835 1695 1864 Deum
1718 1843 1767 1870 pro

984 1881 1058 1908 mille
1085 1887 1158 1910 recte
1180 1881 1270 1913 factis.
1294 1882 1351 1916 ipse
1372 1889 1437 1910 vero
1451 1882 1532 1909 unius
1551 1882 1641 1910 delicti
1661 1882 1767 1910 debitor

985 1931 1036 1958 est,
1062 1934 1126 1954 reus
1154 1932 1197 1955 est
1225 1927 1366 1959 omnium,
1393 1927 1480 1954 donec
1507 1927 1577 1955 ratio
1606 1927 1767 1955 subducitur

985 1973 1203 2007 uniuscujusque
1213 1973 1435 2007 dispensationis.
1448 1972 1642 2008 Transgressio
1653 1973 1724 2001 enim
1739 1973 1767 2000 in

984 2026 1068 2054 parvo
1084 2023 1110 2046 et
1129 2018 1226 2052 majori
1245 2018 1400 2053 judicatur.
1422 2019 1449 2046 in
1471 2019 1674 2054 comparatione
1688 2019 1767 2047 diil‘e-

985 2064 1098 2092 rentiam
1119 2065 1232 2091 habens.
1252 2063 1396 2091 Enitamur
1413 2064 1513 2099 igitur.
1528 2066 1573 2100 qui
1592 2066 1653 2100 plus
1666 2066 1767 2093 habea-

982 2117 1043 2137 mus
1062 2111 1089 2137 in
1106 2110 1187 2143 bono,
1203 2110 1363 2143 iniustitiam
1376 2109 1481 2143 justitia
1498 2111 1694 2145 deprimentes.

1180 2175 1433 2204 INTERROGATIO
1454 2176 1568 2204 CXCVI.
1764 2167 1779 2187 ‘

1016 2239 1044 2266 Si
1061 2239 1223 2267 inevitabilis
1234 2244 1276 2267 est
1289 2241 1490 2275 consummatio
1501 2241 1606 2272 mundi.
1622 2245 1649 2268 et
1660 2241 1765 2269 adven-

979 2289 1024 2312 tus
1038 2285 1139 2313 Christi
1155 2295 1162 2312 ;
1176 2286 1314 2319 quomodo
1331 2286 1418 2320 inquit
1435 2287 1502 2321 ipse,
1520 2286 1591 2314 Tunc
1607 2287 1652 2321 qui
1675 2287 1702 2314 in
1714 2286 1766 2314 Ju<

978 2330 1037 2357 dwa
1056 2335 1127 2362 sunt,
1140 2331 1242 2365 fugiant
1257 2331 1292 2357 ad
1310 2337 1452 2363 montes,et
1465 2333 1510 2366 qui
1527 2333 1553 2359 in
1565 2337 1630 2359 lecto
1642 2337 1690 2363 est.
1713 2341 1764 2359 non

978 2375 1118 2402 descendat
1134 2375 1168 2401 ad
1184 2376 1327 2402 tollendum
1342 2377 1443 2412 aliquid
1456 2385 1488 2404 ex
1512 2377 1589 2403 domo
1602 2385 1660 2410 sua,
1677 2382 1701 2404 et
1719 2378 1764 2412 qui

979 2420 1007 2446 in
1024 2428 1086 2454 agro
1101 2425 1150 2451 est,
1167 2428 1197 2447 ne
1215 2425 1358 2448 revertatur
1373 2422 1407 2448 ad
1422 2421 1565 2448 tollendum
1580 2423 1762 2449 uertiriwntum

979 2471 1057 2490 suum
1070 2463 1153 2490 "iEt
1168 2465 1265 2492 iterum
1276 2464 1373 2499 inquit,
1386 2464 1439 2492 Sed
1450 2471 1523 2492 orate
1539 2474 1569 2492 ne
1584 2466 1631 2500 ﬁat
1646 2466 1707 2500 fuga
1722 2475 1764 2492 ve-

979 2515 1036 2536 stra
1055 2510 1081 2536 in
1090 2510 1210 2542 sabbato,
1222 2510 1260 2537 uel
1275 2511 1303 2537 in
1317 2511 1409 2537 hieme.
1429 2510 1475 2538 γω
1490 2515 1577 2538 autem
1599 2513 1765 2546 prmgnanti-

979 2555 1025 2582 bus
1037 2560 1060 2582 et
1075 2556 1235 2583 lactantibus
1245 2556 1272 2583 in
1283 2556 1336 2583 illis
1352 2557 1442 2584 diebus
1451 2557 1483 2584 ”.
1495 2556 1564 2584 Num
1573 2558 1648 2592 quasi
1662 2558 1683 2584 si
1695 2565 1763 2585 con-

979 2601 1181 2636 tinguttestate,
1204 2603 1246 2629 vel
1271 2603 1418 2634 dominica,
1441 2603 1482 2630 vel
1505 2603 1557 2630 alia
1573 2603 1617 2630 die
1637 2612 1763 2631 consun-

978 2647 1072 2680 matio,
1085 2647 1219 2680 possimus
1237 2647 1321 2674 latere
1332 2648 1372 2674 vel
1389 2647 1502 2682 fugere?
1518 2647 1574 2675 Cur
1589 2653 1680 2674 autem
1699 2655 1761 2675 cum

977 2695 1050 2716 tanta
1069 2691 1104 2717 sit
1130 2690 1219 2718 futura
1248 2692 1336 2722 turba,
1359 2696 1506 2726 tantusque
1529 2692 1657 2726 populus,
1688 2693 1761 2719 solas

976 2741 1145 2770 praegnantes
1167 2742 1194 2764 et
1210 2737 1342 2765 lactantes
1367 2745 1400 2764 ex
1419 2737 1546 2765 omnibus
1566 2738 1680 2765 miseras
1699 2746 1762 2773 pro-

978 2781 1112 2808 nuntiavit
1126 2786 1208 2816 atquc
1225 2781 1384 2816 deploravit,
1408 2782 1486 2817 quasi
1512 2787 1623 2817 propter
1635 2783 1762 2817 partum?

1457 2874 1480 2889 π’
1503 2874 1567 2902 ibid.
1597 2873 1636 2906 l9,
1653 2872 1698 2900 20.
