1910 3038
153 134 166 161 1
173 134 221 161 ΠζῚ

153 191 222 219 Num
245 192 317 227 quod
344 193 378 220 ad
402 199 510 228 partum
539 200 708 229 perventurae
727 204 780 222 non
807 196 871 228 sint,
896 193 936 221 vel

152 237 233 272 quasi
249 238 368 270 graviori
386 239 520 274 supplicio
531 239 700 267 alliciendas?

470 284 623 318 Responsio.

188 327 317 356 Futuram
330 328 485 356 Judzeorum
505 329 598 364 fugam
618 334 844 364 praemonstrans,
870 329 936 362 ipsis

154 373 188 400 ad
210 379 316 402 montes
349 374 444 407 fugere
473 375 595 409 praecipit
620 375 760 402 Dominus.
787 373 854 401 Nam
876 379 936 408 post

154 417 351 453 Vespasianum
380 419 457 447 Titus
490 421 693 453 superveniens,
715 428 827 455 prorsus
847 428 936 455 aequa-

153 464 190 490 \it
205 465 262 491 solo
275 465 462 499 desolavitquc
482 464 710 500 Hierosolymam,
735 467 806 492 male
822 466 935 500 perditis

153 508 271 542 ludatis;
288 511 354 538 viris
374 511 483 545 quidem
506 511 594 546 gladio
610 512 765 545 prostratis,
787 511 935 540 infantibus

154 562 218 581 vero
230 562 324 582 recens
335 556 406 583 natis
420 557 574 590 pavimento
596 557 692 588 allisis,
714 558 934 592 praegnantibus-

152 607 205 633 que
220 601 356 632 dissectis,
370 602 444 628 omni
459 602 610 636 perditione
620 607 646 629 et
658 603 767 630 interitu
794 603 933 630 inimicum

151 645 206 672 Deo
229 655 314 681 genus
331 647 439 674 delevit.
459 647 577 675 Sabbato
601 656 665 676 vero
690 649 715 675 id
737 649 836 676 accidit
857 655 933 684 capta

151 692 270 723 civitate,
310 693 490 728 omnibusque
522 693 596 720 domi
630 694 791 722 vacantibus
826 700 935 729 propter

151 738 235 764 otium
251 738 355 766 sabhati
368 748 374 766 :
389 739 476 766 hieme
488 739 562 772 item,
577 740 668 767 nullus
682 740 802 774 ipsorum
817 741 934 774 effugere

150 785 332 818 captivitatem
348 785 541 819 interitumque
555 790 668 819 poterat.
680 785 731 818 Qui
745 793 808 813 vero
822 786 848 813 in
863 791 934 814 tecto

149 834 218 861 erat.
237 830 344 858 latitare
357 831 486 863 tentabat,
506 831 573 858 nihil
591 839 686 858 eorum
699 839 759 866 quae
772 831 842 858 infra
857 839 936 860 erant

151 876 244 902 tollere
259 876 362 907 volens,
377 876 558 910 prastabilius
579 884 639 904 esse
660 877 759 909 vivere,
775 885 857 912 quam
883 878 933 904 ali-

149 921 213 955 quid
227 921 327 948 hahere
339 922 452 948 ducens.
471 921 522 954 Qui
539 927 628 948 autem
646 922 672 948 in
689 930 764 957 agro,
782 931 835 950 non
852 925 934 951 modo

149 967 252 1000 quinad
259 967 369 994 domum
376 971 556 995 reverteretur
574 967 710 999 manebat,
724 968 770 995 sed
785 973 811 995 et
821 969 934 997 ulterius

148 1012 223 1038 abire
237 1012 394 1047 cogebatur,
411 1013 549 1039 incensam
568 1017 594 1039 et
610 1018 716 1047 captam
727 1014 863 1042 civitatem
876 1022 934 1042 cer-

149 1063 226 1083 ncns.
238 1056 314 1089 Quod
328 1057 350 1083 si
364 1064 410 1091 per
434 1057 622 1084 sublimiorem
640 1058 806 1086 intellectum
830 1059 864 1086 ad
886 1068 934 1087 no-

148 1107 216 1132 stra,
232 1106 262 1128 ut
285 1109 334 1136 par
349 1107 399 1133 est.
419 1110 572 1130 sermonem
591 1103 720 1138 applicari
738 1105 821 1132 vultis
849 1115 856 1132 :
881 1106 932 1138 Qui

148 1147 174 1172 in
189 1147 285 1174 Jutlcea
307 1152 378 1179 euut,
398 1148 433 1174 ad
461 1154 559 1175 montes
583 1149 686 1184 fugiant
701 1151 766 1184 :qui
784 1151 810 1177 in
834 1152 931 1186 pietate

148 1193 218 1219 lirmi
240 1198 314 1222 sunt,
331 1194 366 1227 (id
382 1194 461 1220 «Irim
479 1193 572 1221 Judaea
586 1203 618 1221 ex
643 1195 865 1229 interpretatione
884 1205 930 1224 so-

148 1238 205 1271 nal)
224 1238 256 1264 ad
271 1238 386 1265 sublime
402 1238 547 1273 refugium,
558 1247 655 1274 nempe
675 1241 825 1274 Christum,
845 1243 931 1276 respi-

147 1283 230 1314 ciant,
246 1283 297 1310 sub
309 1283 370 1318 ejus
383 1283 556 1311 confessione
577 1285 716 1312 custoditi.
745 1285 798 1319 Qui
821 1295 879 1313 vero
902 1287 930 1314 in

147 1333 212 1354 lerto
226 1333 274 1358 est.
292 1337 322 1355 ne
337 1330 477 1356 descendat
490 1331 524 1356 ad
541 1330 686 1357 tollendum
700 1331 802 1367 aliquid
810 1341 842 1359 τις
852 1334 929 1360 domo

145 1381 195 1400 tua
207 1380 216 1399 .'
229 1374 275 1407 qui
291 1375 415 1408 pra-senti
429 1378 585 1409 contempta
605 1376 742 1404 umbratili
762 1378 824 1409 vita,
839 1378 929 1404 omni-

146 1426 199 1453 que
227 1419 271 1445 hic
300 1420 462 1446 conculcato
483 1420 671 1454 tabernaculo,
693 1424 817 1457 superior
841 1424 928 1451 evasit

146 1465 196 1492 hac
212 1466 275 1498 vita,
294 1465 420 1501 relegatis
433 1467 547 1494 intentis
569 1467 721 1499 affectibus.
748 1476 780 1494 ne
797 1469 862 1502 quid
881 1476 928 1495 eo-

144 1518 205 1537 rum
217 1517 308 1538 secmn
324 1514 424 1544 trahat,
441 1520 495 1538 non
509 1514 645 1544 timorem,
672 1520 726 1540 non
743 1514 827 1540 animi
840 1522 927 1548 angu-

145 1557 236 1590 stiam,
261 1565 315 1584 non
334 1566 430 1585 vanam
451 1559 575 1593 gloriam,
605 1567 658 1585 non
678 1566 758 1594 opum
783 1567 925 1587 amorem:

145 1610 205 1634 qua‘
220 1607 284 1629 sunt
297 1603 331 1629 ab
346 1603 402 1629 alto
418 1604 576 1631 descensus.
603 1604 656 1636 Qui
679 1604 706 1630 in
721 1613 787 1639 agro
806 1610 856 1636 est,
877 1613 928 1632 non

145 1653 288 1675 revertatur
298 1649 331 1674 ad
345 1649 488 1675 tollendth
505 1650 686 1676 uestimentum
700 1658 786 1677 suum.
810 1651 862 1683 Qui
885 1659 928 1678 ve-

145 1698 228 1720 terem
253 1695 328 1721 exuit
350 1695 499 1726 hominem,
530 1700 557 1722 el.
577 1696 732 1724 carnalibus
751 1697 925 1730 renuntiavit,

144 1747 244 1766 novum
260 1746 354 1774 gestet.
368 1741 413 1774 qui
431 1741 519 1774 ipsum
541 1741 574 1768 ad
588 1742 791 1769 innovationem
817 1741 863 1769 Dei
882 1750 924 1769 re-

145 1786 262 1818 novavit,
277 1794 309 1813 κς
322 1794 400 1813 (ιωηο
415 1787 571 1821 repurgavit
585 1796 592 1813 :
609 1787 636 1814 in
652 1787 704 1814 hoc
727 1789 800 1814 enim
818 1788 927 1815 habebit

143 1832 269 1859 virtutem
281 1832 314 1859 ad
327 1840 408 1858 omne
423 1833 570 1859 consilium
586 1833 726 1860 invictam.
747 1833 825 1860 Nulla
843 1833 926 1868 igitur

145 1877 310 1912 perturbatio
323 1883 516 1911 agnatorumve
531 1883 641 1906 mutnus
664 1879 767 1906 doloris
783 1879 895 1907 affectus
908 1887 925 1907 a

143 1923 244 1950 Christi
258 1931 308 1951 nos
320 1924 464 1951 dilectione
482 1924 631 1952 abstrahat.
656 1924 748 1959 Neque
759 1926 830 1952 enim
844 1925 925 1952 Chri-

143 1972 202 1994 stus
219 1975 280 1994 cum
292 1976 306 1994 ιι
320 1973 404 1994 matre
423 1973 450 1995 et
465 1968 596 1995 fratribus
607 1975 786 2003 quaereretur.
802 1970 924 1996 vocatio-

144 2020 204 2040 nem
222 2013 341 2046 admisit,
361 2021 423 2041 cum
448 2014 519 2048 apud
535 2014 673 2042 auditores
690 2014 862 2041 salutiferam
879 2015 925 2042 do-

143 2059 257 2086 ctrinam
270 2066 383 2086 exorsus
394 2063 476 2089 esset,
491 2059 592 2085 docens
605 2059 758 2092 spiritualia
770 2059 925 2087 carnalibus

142 2110 202 2129 esse
213 2102 328 2137 potiora.
343 2102 383 2128 Ad
400 2103 523 2129 eumdem
537 2102 646 2129 modum
660 2103 746 2136 ipsius
763 2111 872 2138 quoque
888 2104 926 2130 di<

142 2147 251 2182 scipuli,
278 2147 371 2174 relicta
397 2155 554 2174 mensarum
583 2147 783 2181 observatione,
815 2149 924 2183 pietatis

143 2200 296 2220 sermoaem
313 2192 401 2227 potitus
417 2200 557 2226 capessere
576 2193 730 2225 voluerunt,
764 2201 817 2220 non
834 2194 923 2221 verbis

143 2243 244 2266 tantum
260 2239 396 2273 sapienter
414 2237 552 2269 docentes,
577 2238 622 2265 sed
635 2243 662 2265 et
684 2238 763 2266 factis
781 2239 923 2266 instituen-

144 2289 195 2311 tes.
209 2283 276 2311 Nam
292 2284 360 2311 bene
373 2283 457 2317 loqui,
472 2283 536 2318 lyrae
554 2283 596 2310 vel
610 2283 734 2319 cymbalo
753 2284 840 2311 simile
859 2288 920 2311 est:

145 2330 246 2356 utiliter
263 2334 352 2356 autem
372 2336 461 2364 agere.
475 2336 537 2356 cum
562 2329 720 2363 angelorum
746 2335 843 2356 natura
854 2337 920 2357 con-

140 2375 263 2410 junctum
275 2379 326 2401 est.

330 2434 585 2462 INTERROGATIO
603 2434 729 2461 CXCVII.

175 2492 209 2520 At
224 2492 276 2520 erit
287 2492 328 2519 eis
339 2493 460 2519 reversio
483 2493 517 2519 ad
530 2492 794 2519 consummationem
817 2492 920 2524 mundi,

139 2543 167 2565 et
181 2538 289 2573 quando
305 2538 353 2572 qui
365 2543 429 2565 sunt
441 2545 474 2564 ex
491 2538 618 2573 gentibus
640 2545 735 2564 onmcs
745 2537 919 2571 crediderint,

140 2590 206 2612 tunc
227 2589 254 2611 et
272 2584 408 2611 residuum
441 2591 474 2611 ex
496 2583 598 2611 Judaeis
621 2584 816 2610 convertetur?
851 2583 922 2611 Dicit

138 2631 211 2657 enim
229 2630 256 2656 in
266 2629 410 2665 Evangelia
420 2628 548 2656 Dominus
561 2637 568 2656 ι
580 2628 712 2661 Quoniam
719 2629 800 2656 habeo
816 2633 840 2656 et
851 2629 920 2656 alios

139 2684 206 2707 ones,
219 2683 278 2710 qua:
296 2683 347 2702 non
362 2679 423 2702 sunt
439 2683 471 2702 ea:
485 2675 532 2702 hoc
553 2674 636 2707 ovili;
652 2679 751 2708 oportet
767 2683 807 2702 me
819 2680 844 2702 et
857 2675 919 2702 illus

139 2720 278 2752 adducere,
294 2724 323 2746 ιιι
333 2720 381 2754 fiat
395 2728 462 2746 unus
471 2727 533 2755 grex
549 2723 574 2746 et
588 2727 656 2746 unus
671 2723 762 2753 pauor
771 2719 789 2746 ¹.
805 2718 837 2746 Et
847 2719 919 2754 Apo—

140 2766 225 2792 stolus
235 2773 296 2792 cum
310 2765 361 2793 hoc
375 2765 548 2793 consentiens
572 2764 659 2800 inquit
674 2773 680 2792 :
695 2764 808 2798 Quando
829 2765 914 2800 plen-Z-

176 2851 275 2878 'Jnan.
294 2859 328 2884 ι,
349 2851 390 2878 I6.

696 136 721 163 S.
737 133 887 163 CESARll
904 132 1068 162 GREGORII
1091 131 1240 159 FRATRlS

1703 130 1772 158 “88

991 192 1028 223 ὼς
1042 191 1084 218 διὰ
1096 192 1142 218 τὸν
1157 191 1249 223 τόκον;
1271 188 1344 226 Ἀρα
1359 189 1406 216 τοῦ
1426 189 1462 225 μὴ
1476 189 1576 224 φθάσαι
1597 189 1682 220 aii-rh
1708 190 1773 216 ἆται-

986 237 1085 269 τεκεῖν,
1096 235 1113 270 ἢ
1125 235 1163 266 ὡς
1179 235 1336 270 βαρυτέρως
1352 235 1501 270 μελλούσας
1514 235 1712 270 τιμωρεῖσθαις

1287 281 1466 314 Ἀπόκρισις.

1022 326 1077 360 Τὴν
1094 326 1242 362 μέλλουσαν
1259 325 1394 357 Ἰουδαίοις
1410 325 1498 360 φυγὴν
1514 324 1670 360 προφαίνων
1683 326 1773 357 αὐτοῖς

986 373 1000 398 ὁ
1021 372 1130 407 Κύριος,
1148 373 1194 398 ἐπὶ
1210 372 1244 399 τὰ
1265 372 1316 408 ὅρη
1332 371 1507 407 δραπετεύειν
1522 373 1682 407 παρεγγυῷ
1704 371 1772 406 μετὰ

987 418 1040 452 γὰρ
1053 417 1254 443 Οὐεσπασιανὸν
1267 417 1379 448 ἐπιστὰς
1390 417 1468 447 Τίτος
1481 416 1619 447 παντελῶς
1638 416 1773 443 κατέσκα-

985 463 1018 496 ψε
1032 462 1078 489 καὶ
1091 463 1224 498 ἠρήμωσε
1239 462 1272 488 τὰ
1287 462 1468 496 Ἰεροσόλυμα.
1489 462 1582 493 κακῶς
1598 462 1693 492 ὀλέσας
1707 462 1772 488 Ἰουο

984 508 1084 538 δαίους,
1101 508 1164 538 τοὺς
1184 508 1232 542 μὲν
1256 507 1355 542 ἄνδρας
1374 507 1493 542 ῥομφαίᾳ
1508 507 1686 542 δρεψάμενος,
1701 507 1737 533 τὰ
1749 507 1772 534 δ’

985 552 1112 586 ἀρτιγενῆ
1126 552 1212 587 βρέφη
1232 551 1271 586 τῷ
1286 551 1377 586 ἐδάφει
1399 552 1583 587 προσαράξας,
1603 552 1651 583 τὰς
1665 552 1694 578 δὲ
1709 561 1772 579 κυο-

985 596 1119 632 φορούσας
1132 597 1299 631 ἀνατέμνων,
1316 597 1395 623 παντὶ
1407 597 1509 632 ὀλέθρῳ
1526 598 1572 624 καὶ
1583 598 1728 633 ἀφανισμῷ
1741 598 1772 625 τὸ

985 642 1118 677 Θεομάχον
1138 642 1216 676 γένος
1235 642 1369 678 ὲξέτριψε.
1399 643 1528 678 Σαϐϐάτῳ
1551 644 1771 679 καταληφθείσης

983 688 1033 722 τῆς
1051 688 1165 719 πόλεως,
1193 689 1239 714 καὶΙ
1255 689 1364 715 πάντων
1379 689 1448 714 οἴκοι
1463 689 1643 723 σχολαζόντων
1661 689 1706 716 διὰ
1721 690 1772 725 τὴν

984 733 1054 759 κατὰ
1078 734 1108 759 τὺ
1123 733 1256 760 σάϐϐατον
1282 734 1395 768 ἀργίαν,
1417 733 1492 764 ὄντος
1508 734 1536 760 δὲ
1561 735 1608 761 καὶ
1625 735 1769 770 χειμῶνος,

983 778 1070 810 οὐδεὶς
1084 779 1173 804 αὐτῶν
1188 779 1326 814 διαδρᾶναι
1340 779 1388 814 τὴν
1405 780 1504 805 ἅλωσιν
1517 779 1563 806 καὶ
1576 780 1625 814 τὴν
1645 788 1772 814 καταγω-

982 824 1033 858 γὴν
1045 823 1175 859 ἠδυνήθη.
1191 824 1221 850 '0
1236 824 1265 850 δὲ
1278 824 1323 850 ἐπὶ
1336 824 1384 850 τοῦ
1398 824 1520 859 δώματος
1535 825 1676 852 λανθάνειν
1693 827 1769 852 ἐπει-

983 869 1059 903 ρᾶτο,
1077 869 1159 904 μηδὲν
1179 870 1232 896 τῶν
1251 869 1324 896 κάτω
1339 867 1404 905 ἆραι
1423 869 1593 905 βουλόμενος,
1605 871 1770 906 τιμιώτερον

983 913 1013 940 τὸ
1028 914 1078 949 ζῇν
1092 914 1107 949 ἢ
1123 915 1154 941 τὸ
1168 915 1240 950 ἔχειν
1255 915 1416 950 ἡγούμενος.
1445 916 1473 942 '0
1485 916 1514 941 δὲ
1530 917 1559 942 ἐν
1571 916 1610 951 τῷ
1627 917 1715 952 ἀγρῷ,
1736 917 1768 943 οὐ

986 959 1065 994 μόνον
1081 960 1276 994 ἀνεπίστροφος
1297 961 1343 986 ἐπὶ
1357 961 1402 987 τὸν
1423 958 1495 987 οἷκον
1517 961 1623 996 ἔμενεν,
1642 962 1710 988 ἀλλά
1722 964 1769 989 καὶ

984 1006 1149 1041 πορρωτέρω
1163 1007 1257 1042 φοιτᾷν
1269 1007 1407 1041 ἠπείγετο,
1421 1007 1465 1033 τὸν
1478 1008 1651 1043 ἐμπρησμὸν,
1661 1008 1708 1034 καὶ
1718 1009 1768 1043 τὴν

983 1050 1082 1077 ἅλωσιν
1094 1050 1165 1086 ὀρῶν
1181 1051 1230 1087 τῆς
1245 1052 1356 1084 πόλεως.
1379 1053 1410 1078 Εἰ
1433 1052 1460 1078 δὲ
1484 1053 1530 1079 καὶ
1546 1054 1604 1078 κατ’
1621 1053 1768 1087 ἀναγωγὴν

982 1097 1052 1131 πρὸς
1075 1097 1108 1123 τὰ
1124 1097 1244 1132 ἡμέτερα
1261 1097 1482 1133 μεθαρμοσθῆναι
1500 1098 1545 1124 τὸν
1557 1099 1634 1132 λόγον
1652 1098 1768 1130 εἰκότως

983 1141 1108 1176 βούλεσθε
1121 1152 1127 1158 ·
1139 1145 1171 1169 Ol
1194 1143 1229 1169 ἐν
1244 1143 1280 1177 τῇ
1306 1143 1433 1177 Ἰουδαίᾳ
1458 1143 1649 1178 φευγέτωσαν
1666 1145 1709 1176 εἰς
1731 1144 1768 1170 τὰ

982 1187 1046 1221 ὄρη,
1059 1188 1083 1214 οἱ
1108 1189 1136 1214 ἐν
1152 1187 1278 1223 εὐσεϐείᾳ
1300 1189 1400 1222 ἑδραῖοι
1417 1189 1504 1224 (τοῦτο
1521 1189 1574 1224 γὰρ
1596 1189 1710 1215 Ἰουδαία
1724 1190 1768 1224 ειν

982 1237 1148 1273 μηνεύεται),
1162 1238 1209 1264 ἐπὶ
1220 1238 1268 1273 τὴν
1287 1238 1391 1274 ὑψηλὴν
1412 1237 1570 1272 καταφυγὴν
1584 1237 1700 1272 Χριστὸν
1713 1238 1767 1271 ἀφ-

979 1283 1127 1317 οράτωσαν,
1139 1283 1190 1309 ὑπὸ
1203 1283 1252 1318 τῆς
1269 1283 1343 1318 σφῶν
1356 1283 1497 1318 ὁμολογίας
1512 1282 1718 1318 φρουρούμενοι.
1734 1282 1766 1308 ὀ

979 1327 1013 1354 δὲ
1024 1328 1072 1354 ἐπὶ
1092 1328 1144 1355 τοῦ
1154 1328 1297 1363 δώματος,
1311 1329 1353 1364 μὴ
1367 1329 1518 1356 καταϐάτω
1535 1327 1604 1363 ἆραι
1618 1337 1646 1355 τι
1658 1329 1693 1356 ἐκ
1709 1329 1766 1362 τῆς

978 1373 1074 1404 olidae
1082 1373 1175 1400 αὑτοῦ
1189 1381 1195 1388 ·
1211 1374 1224 1399 ὁ
1239 1373 1287 1408 τῆς
1306 1373 1447 1409 παρούσης
1463 1375 1665 1409 περιφρονήσας
1677 1374 1762 1400 σκιώ-

977 1416 1039 1448 δους
1065 1417 1151 1452 ζωῆς,
1181 1418 1228 1444 καὶ⁵
1255 1419 1345 1445 πᾶσαν
1365 1419 1414 1454 τὴν
1429 1419 1545 1446 ἐνταῦθα
1569 1420 1764 1455 καταπατήσας

979 1463 1091 1497 σκηνὴν,
1103 1464 1150 1489 καὶ
1165 1464 1266 1499 ὑψηλὸς
1279 1464 1318 1500 τῷ
1330 1465 1380 1501 βιῳ
1397 1466 1549 1500 γενόμενος,
1563 1467 1610 1493 καὶ
1624 1466 1658 1492 τὰ
1672 1466 1764 1492 ἐνοικα

978 1508 1050 1541 παθη
1067 1508 1308 1543 ἀποπεμψάμενος,
1332 1509 1414 1544 μηδὲν
1433 1511 1462 1543 ἐξ
1482 1510 1571 1537 αὐτῶν
1588 1511 1762 1543 ἐπισπάσθω,

979 1553 1016 1588 μὴ
1028 1553 1102 1585 δέος,
1129 1554 1165 1588 μὴ
1193 1554 1326 1589 ἀθυμίαν,
1345 1555 1381 1590 μὴ
1397 1555 1474 1588 δόξαν
1493 1556 1590 1590 κενὴν,
1621 1556 1659 1591 μὴ
1673 1556 1764 1590 ὄρεξιν

979 1598 1104 1630 πλούτου,
1119 1599 1190 1634 ἆπερ
1209 1600 1254 1634 ἀφ’
1272 1600 1355 1634 ὕψους
1369 1601 1486 1636 ὑπάρχει
1503 1601 1664 1633 κατάϐασις.
1687 1603 1714 1628 Ὀ
1728 1604 1764 1629 ἐν

978 1643 1018 1676 τῷ
1033 1644 1162 1679 ἀγρῷμὴ
1177 1645 1382 1680 ἐπιστρεψάτω
1393 1643 1461 1680 ἆραι
1477 1647 1510 1673 τὸ
1522 1647 1638 1681 ιμάτιον
1653 1649 1762 1675 αὑτοῦ·

977 1691 991 1716 ὁ
1004 1690 1050 1716 τὸν
1069 1690 1183 1716 παλαιὸν
1205 1691 1428 1726 ἀπεκδυσάμενος
1455 1692 1606 1728 ἄνθρωπον,
1635 1693 1682 1720 καὶ
1705 1696 1764 1726 τοῖς

978 1737 1116 1771 σαρκίνοις
1127 1737 1341 1773 ἀποταξάμενος,
1360 1739 1405 1765 τὸν
1419 1739 1478 1765 νέον
1498 1740 1623 1775 φορείτω,
1638 1741 1667 1772 ὃς
1681 1741 1763 1768 αὑτὸν

976 1782 1016 1812 εἰς
1038 1782 1166 1808 καίνωσιν
1187 1782 1255 1808 Θεοῦ
1278 1783 1464 1816 ἀνεκαίνισεν,
1487 1785 1533 1810 καὶ
1553 1784 1603 1819 τῆς
1626 1785 1697 1816 ἰλύος
1719 1786 1762 1818 ἑξ-

976 1826 1109 1862 εκάθαρεν
1119 1836 1125 1842 '
1149 1828 1177 1853 ὲν
1189 1828 1276 1863 τούτῳ
1289 1829 1343 1863 γὰρ
1355 1828 1409 1860 ἔξει
1427 1829 1457 1855 τὸ
1476 1829 1544 1864 πρὸς
1560 1831 1648 1856 πᾶσαν
1664 1831 1762 1866 βουλὴν

975 1872 1133 1908 ἀχείρωτον.
1156 1873 1256 1908 Μηδεὶς
1281 1872 1328 1900 οὖν
1352 1874 1475 1910 θόρυϐος,
1492 1876 1678 1910 ἢπροσγενῶν
1693 1885 1761 1912 συμε

976 1917 1075 1944 πάθεια
1090 1918 1140 1953 τῆς
1162 1919 1280 1954 Χριστοῦ
1308 1920 1460 1956 ἀπορρήξει
1482 1922 1601 1957 ἀγάπης.
1618 1921 1687 1948 Οὔτε
1705 1923 1760 1958 γὰρ

975 1962 1090 1998 Χριστὸς
1105 1964 1156 1990 ὑπὸ
1171 1965 1223 1999 τῆς
1235 1966 1350 2000 μητέρος
1364 1966 1409 1992 καὶ
1425 1966 1478 1992 τῶν
1491 1966 1611 2000 ἀδελφῶν
1627 1967 1756 2003 ζητούμε-

975 2018 1020 2040 νος
1041 2010 1090 2045 τὴν
1105 2011 1201 2045 κλῆσιν
1215 2013 1381 2047 προσήκατο,
1398 2013 1538 2048 σωτηρίων
1551 2013 1691 2048 δογμάτων
1703 2015 1759 2045 τοῖς

975 2054 1123 2089 ἀκροαταῖς
1153 2056 1358 2092 ἀπαρξάμενος,
1383 2057 1518 2083 παιδεύων
1541 2057 1594 2084 τῶν
1621 2058 1759 2094 σαρκικῶν

976 2101 1108 2135 ὑπάρχειν
1120 2100 1154 2127 τά
1169 2103 1343 2137 πνευματικὰ
1356 2103 1558 2139 προτιμὼτερα.
1577 2103 1654 2130 Οὕτω
1669 2105 1716 2131 καὶ
1733 2105 1758 2132 oi

975 2147 1057 2173 αὑτοῦ
1069 2148 1203 2183 φοιτηταὶ,
1215 2149 1269 2175 τῶν
1280 2149 1425 2185 τραπεζῶν
1437 2149 1629 2181 καταλιπόντες
1642 2151 1692 2186 τὴν
1703 2151 1757 2176 ἐπί-

977 2192 1081 2227 σκεψιν,
1101 2194 1150 2228 τῆς
1171 2194 1311 2226 εὐσεϐείας
1332 2195 1431 2230 μᾶλλον
1452 2195 1497 2222 τὸν
1517 2195 1594 2229 λόγον
1608 2197 1757 2233 μετεχειρί-

975 2246 1064 2270 σαντο,
1079 2239 1109 2264 οὐ
1125 2239 1213 2273 λόγοις
1230 2240 1308 2275 μόνον
1322 2241 1533 2274 σοφιστεύοντες,
1552 2240 1677 2268 ἀλλὰκαὶ
1692 2242 1757 2278 δρά-

975 2291 1040 2317 μασι
1059 2283 1240 2315 παιδεύοντες.
1263 2284 1300 2310 Τὸ
1314 2284 1368 2320 γὰρ
1394 2285 1482 2316 καλῶς
1505 2284 1628 2320 φράζειν,
1653 2285 1756 2322 λὺρᾳῆ

973 2325 1103 2364 κυμϐάλῳ
1112 2330 1255 2364 παρέοικε·
1267 2331 1298 2356 τὸ
1310 2330 1338 2357 δὲ
1348 2331 1474 2366 χρηστῶς
1483 2331 1621 2366 πράττειν,
1632 2332 1755 2366 ἀγγέλοις

974 2374 1160 2409 συμπέφυκεν.

1256 2438 1379 2464 nam}:
1398 2439 1476 2472 Pw.

1016 2495 1096 2522 Ἀλλὰ
1109 2494 1188 2522 πάλιν
1203 2494 1277 2520 ἔσται
1295 2494 1384 2521 αὐτῶν
1396 2495 1542 2529 ἀνάκλησις
1557 2496 1621 2531 περὶ
1633 2495 1682 2530 τὴν
1697 2504 1742 2522 συν

973 2540 1077 2566 τέλειαν
1091 2539 1138 2566 τοῦ
1162 2539 1281 2574 κόσμου,
1306 2539 1370 2566 ὅταν
1393 2540 1419 2566 οἱ
1433 2540 1463 2572 ἐξ
1486 2540 1570 2567 ἐθνῶν
1592 2540 1691 2572 πάντες
1710 2549 1740 2567 πι
1773 2552 1776 2557 λ

975 2585 1115 2617 στεύσωσι,
1127 2584 1187 2610 τότε
1200 2583 1292 2610 λοιπὸν
1303 2584 1352 2610 καὶ
1363 2583 1392 2616 ἐξ
1409 2585 1537 2616 Ἰουδαίας
1551 2585 1752 2620 ἐπιστρέφουσι,

972 2631 1052 2664 Λέγει
1068 2629 1120 2665 γὰρ
1137 2630 1166 2656 ὲν
1184 2628 1359 2663 Εὐαγγελίοις
1375 2630 1389 2656 ό
1406 2629 1517 2666 Κύριος,
1535 2631 1599 2657 Ὀτι
1624 2630 1684 2665 ἔχω
1707 2630 1752 2657 και

971 2675 1052 2702 ἄλλα
1074 2673 1247 2708 πρόϐατανὰ
1265 2675 1322 2701 οὐκ
1340 2675 1421 2701 εισὶν
1433 2675 1468 2702 ἐκ
1482 2674 1535 2709 τῆς
1547 2676 1675 2710 ποίμνης
1687 2677 1746 2703 ταύ-

969 2729 1038 2754 της·
1059 2719 1106 2746 δεῖ
1123 2728 1162 2754 με
1181 2719 1302 2746 κάκεῖνα
1319 2720 1457 2754 ἀγαγεῖν,
1484 2721 1534 2747 ἵνα
1555 2721 1675 2755 γένηται
1702 2721 1753 2755 μία

970 2767 1089 2801 ποίμνη,
1099 2766 1146 2793 καὶ
1156 2763 1199 2799 εἷς
1206 2765 1317 2800 ποιμήν
1326 2774 1332 2781 ·
1346 2767 1391 2794 καὶ
1401 2768 1416 2794 ὁ
1426 2766 1585 2798 Ἀπόστολος
1598 2766 1666 2802 πρὸς
1681 2766 1752 2794 τοῦτο
