1910 3038
108 122 176 153 μοι

106 181 263 216 συμφωνῶν
275 181 363 217 λέγει’
379 182 472 210 ὀταν
484 183 519 210 δὲ
534 184 567 210 τὸ
579 183 724 219 πλήρωμα
734 184 793 211 τῶν
806 183 902 212 ἐθνῶν

103 228 241 264 εἰσέλθῃ,
264 230 330 256 τότε
347 230 407 264 πᾶς
423 230 548 266 Ἰσραὴλ
565 233 745 265 σωθήσεται.

417 299 595 335 Ἀπόκρισις.

142 365 256 393 Οὐδέπω
267 366 460 403 πεισθήσομαι,
477 368 621 402 Ἰουδαίους
634 369 883 406 ἀνακικλήσκεσθαι
892 378 899 385 ·

102 410 166 437 οὗδὶ
185 411 240 447 γὰρ
256 411 342 439 ταῦτα
361 413 486 440 παιδεύει
508 415 522 440 ό
540 415 657 450 Κύριος,
684 414 739 442 οὐδ’
761 417 775 442 ό
801 415 902 451 ὑψηλὸς

112 456 285 491 ’Δπόστολος,
302 458 347 485 διὰ
365 459 420 486 τῶν
441 460 528 496 ὀρθῶς
543 462 591 496 μὲν
605 462 669 497 παρ’
687 461 775 488 αὐτῶν
789 461 902 497 εἰρημέ-

105 511 169 535 νων,
183 504 276 536 κακῶς
286 505 314 531 δὲ
327 505 403 541 παρὰ
415 507 461 534 σοῦ
471 507 621 541 νοηθέντων
634 508 692 543 ἆμα
706 508 752 534 καὶ
767 507 901 543 φρασθέν-

102 558 169 576 των.
190 550 228 577 Τὸ
239 550 294 586 γὰρ
310 552 395 587 φῆσαι
413 553 458 580 τὸν
472 552 584 589 Κύριον,
600 553 661 580 ’Ότι
674 553 734 588 ἔχω
753 553 802 580 καὶ
822 553 902 581 ἄλλα

102 596 248 629 πρόϐατα,
260 596 380 631 δηλονότι
397 599 483 634 ἡμᾶς,
498 598 515 625 ἃ
529 599 579 625 οὐκ
592 599 660 625 εἰσὶν
672 599 704 625 ὲκ
715 598 766 634 τῆς
784 599 901 634 ποίμνης

103 640 208 676 ταύτης
227 642 337 676 (ὡσανεὶ
350 643 400 678 τῆς
421 644 593 679 Ἰουδαϊκῆς),
608 641 646 670 ὧν
663 643 757 680 πρώτη
780 644 901 680 ὑπῆρχεν

103 687 120 722 ἡ
138 687 186 714 τοῦ
201 688 304 723 Κυρίου
320 689 469 724 ἀπόφασις.
491 688 558 717 Εἶτα
573 691 598 717 οἱ
611 690 677 716 θεῖοι
690 690 845 722 ἀπόστολοι,
855 691 902 717 καὶ

104 734 153 761 σὺν
168 734 274 768 αὐτοῖς,
285 735 332 763 καὶ
345 736 378 762 δι’
393 736 494 768 αὐτοὺς
508 736 538 770 ἐξ
552 737 682 769 Ἰουδαίας
696 737 797 764 πιστοί.
818 736 902 763 Οὔπω

103 780 157 815 γὰρ
172 780 296 816 ὑπῆρχεν
309 782 326 817 ἡ
342 781 373 814 ἐξ
395 782 479 809 ἐθνῶν
502 783 554 818 πρὸ
573 783 620 810 τοῦ
635 783 768 819 σωτηρίου
786 783 899 815 πάθους,

102 825 146 852 διὰ
166 825 197 852 τὸ
221 827 305 862 μήπω
327 827 499 863 κηρυχθῆναι
520 829 601 863 ἡμῖν,
629 828 696 864 μηδὲ
719 828 900 863 βαπτισθῆναι

103 871 189 906 ἡμᾶς,
206 872 276 907 ὅπερ
291 873 360 908 μετὰ
371 873 421 909 τὴν
441 874 590 901 ἀνάστασιν
611 874 656 902 διὰ
676 874 730 901 τῶν
744 875 901 902 ἀποστόλων

103 916 187 944 αὑτοῦ
205 918 321 954 Χριστὸς
333 919 436 955 δράσας
451 921 484 956 τῇ
499 920 529 953 ἐξ
551 920 686 948 Ἰουδαίων
701 922 783 956 πιστῇ
800 921 901 957 ποίμνῃ

102 963 177 998 ἡμᾶς
190 964 358 1000 ἐπεισήγαγε
370 973 377 980 ”
394 966 442 993 καὶ
459 966 543 1001 ἐσμὲν
566 966 684 999 ἅπαντες
702 967 726 993 οἰ
742 967 833 994 πιστοὶ
853 967 901 1003 μία

103 1009 208 1045 ποίμνη
227 1011 268 1037 ἑνὶ
286 1011 412 1047 ποιμένι,
442 1011 482 1047 τῷ
503 1012 629 1048 ἀρχιερεῖ
654 1012 702 1039 καὶ
727 1012 901 1048 ἀρχιποίμενι

102 1052 215 1091 Χριστῷ
240 1057 448 1093 ποιμαινόμενοι
473 1058 520 1085 καὶ
546 1058 755 1094 φρουρούμενοι.
780 1058 832 1091 Εἷς
846 1058 901 1094 γὰρ

101 1102 222 1136 Κύριος.
237 1103 292 1137 μία
305 1103 418 1137 πίστις,
432 1103 468 1130 ἐν
482 1103 650 1139 βάπτισμα,
669 1105 751 1140 φησὶν
761 1106 775 1132 ὁ
791 1105 840 1140 μὲν
853 1104 900 1132 τοῦ

103 1148 302 1184 ἀρχιποίμενος
326 1150 460 1186 μαθητὴς,
484 1151 534 1186 τῆς
549 1150 571 1176 δ’
585 1151 630 1177 ὑπ’
645 1151 762 1187 οὐρανὸν
777 1151 901 1187 καθηγη-

102 1195 153 1230 τὴς
166 1195 269 1230 ὑψηλὸς
281 1196 456 1228 Ἀπόστολος·
479 1197 509 1229 ὃς
519 1197 566 1224 καί
583 1205 681 1232 φησιν·
699 1198 793 1225 ’Ὅταν
809 1197 844 1224 δὲ
866 1197 899 1224 τὸ

104 1241 253 1277 πλήρωμα
265 1242 324 1269 τῶν
336 1243 433 1270 ἐθνῶν
445 1243 580 1278 εἰσέλθῃ,
593 1243 653 1277 πᾶς
670 1244 789 1279 Ἰσραὴλ
803 1243 900 1277 σωθή-

100 1294 201 1319 σεται.
217 1289 268 1314 οὐκ
290 1288 436 1320 Ἰουδαίους
449 1290 515 1325 περὶ
528 1290 578 1325 τὴν
596 1289 750 1316 συντέλειαν
764 1289 899 1321 σώζεσθαι

103 1333 151 1359 καὶ
168 1334 371 1368 ἀναφωνεῖσθαι
386 1334 484 1369 δηλῶν,
498 1335 567 1362 ἀλλὰ
585 1337 648 1368 τοὺς
661 1335 827 1372 καθαρότητι
842 1335 899 1362 διαο

102 1379 188 1410 νοίας,
208 1381 254 1406 καὶ
268 1380 358 1407 πίστει
373 1381 440 1408 Θεὸν
456 1382 587 1417 ὁρῶντας.
609 1382 694 1409 Τοῦτο
709 1383 764 1418 γὰρ
779 1382 898 1416 Ἰσραὴλ

104 1426 181 1461 παρὰ
197 1427 305 1454 πάντων
316 1428 460 1455 καὶαὺτῶν
468 1429 604 1456 Ἰουδαίων
617 1430 808 1465 ἑρμηνεύεται,
817 1430 898 1462 Νοῦς

104 1471 183 1504 ὀρῶν
199 1472 282 1499 θεόν.
298 1474 339 1500 Οὐ
353 1473 408 1508 γὰρ
421 1475 533 1507 πάντες
547 1475 574 1501 οι
588 1474 622 1507 ἐξ
644 1474 795 1508 Ἰουδαίας,
815 1472 898 1502 οὗτοι

109 1517 230 1552 Ἰσραήλ
242 1526 248 1533 ·
276 1519 339 1546 οὐδ’
356 1519 399 1546 ὅτι
415 1520 474 1547 εἰσὶ
491 1520 611 1556 σπέρμα
635 1521 769 1555 Ἀϐραὰμ.
786 1520 898 1554 πάντες

102 1563 205 1596 τέκνα,
233 1565 303 1592 ἀλλ’
318 1566 352 1592 ἐν
372 1566 476 1594 Ἰσαὰκ
492 1567 678 1601 κληθήσεταί
690 1576 740 1594 σοι
756 1567 875 1602 σπέρμα
889 1576 895 1582 ·

103 1609 185 1635 τοῦτ’
207 1609 303 1642 ἐστιν,
321 1612 357 1638 οὐ
375 1612 412 1638 τὰ
433 1615 523 1639 τέκνα
541 1612 597 1646 τῆς
615 1612 835 1646 σαρκὸς,ταῦτα
849 1612 897 1639 τέ-

104 1663 163 1681 κνα
177 1656 264 1686 Θεοῦ,
281 1658 364 1693 φησὶν
383 1659 397 1684 ὁ
414 1658 494 1690 αὐτὸς
513 1658 673 1691 Ἀπόστολος
687 1667 694 1673 ·
718 1659 765 1686 καὶ
790 1659 871 1686 πάλιν
882 1660 897 1686 ό

104 1701 209 1736 Κύριος
221 1703 249 1729 ἐν
265 1703 439 1738 Εὑαγγελίοις
453 1705 531 1740 φησι,
547 1706 658 1732 Πολλοὶ
671 1705 785 1739 κλητοὶ,
799 1705 897 1732 ὡσανεὶ

113 1748 280 1783 Ἰσραηλῖται
304 1751 351 1777 κα¹ι
372 1752 544 1787 Χριστιανοί·
573 1752 667 1787 ὀλίγοι
692 1752 726 1778 δὲ
750 1752 896 1784 ἐκλεκτοὶ,

104 1797 206 1824 ὡσανεὶ
224 1798 249 1823 ot
269 1797 428 1832 σωζόμενοι.
452 1798 545 1825 Ὅταν
562 1795 619 1825 οὖν
635 1798 668 1824 τὸ
684 1797 829 1832 πλήρωμα
840 1797 899 1824 τῶν

104 1843 211 1877 ἐθνῶν,
224 1844 295 1871 τοῦτ’
311 1843 384 1870 ἔστιν
398 1845 415 1879 ἡ
433 1844 574 1879 πάνδημος
592 1843 750 1879 Ἐκκλησία,
765 1843 897 1877 εἰσέλθῃ,

104 1890 228 1925 δηλονότι
244 1891 284 1922 εἰς
300 1889 389 1925 κρίσιν
400 1899 406 1904 ·
429 1890 496 1916 τότε
509 1889 568 1922 πᾶς
585 1889 704 1923 Ἰσραὴλ
719 1889 742 1924 (ὁ
753 1888 815 1921 νοῦς
829 1889 900 1925 ὁρῶν

104 1935 151 1961 τόν
164 1935 252 1971 Θεὸν),
264 1935 332 1971 ὅπερ
345 1935 402 1962 ἐστὶ
423 1936 476 1966 πᾶς
489 1935 594 1970 βροτὸς,
612 1934 655 1961 διὰ
671 1934 788 1966 πίστεως
799 1935 845 1961 καὶ
858 1934 900 1961 εὐ-

107 1981 214 2013 σεῆείας
234 1981 334 2015 γνῶσιν
350 1981 420 2016 ἔχων
429 1981 507 2012 Θεοῦ,
523 1980 703 2013 σωθήσεται.

807 124 980 153 D‘lALOGUS
999 125 1044 154 Π.

1680 123 1748 151 H90

953 184 1017 211 tudo
1026 184 1143 219 gentium
1157 183 1275 218 ingresso
1287 183 1379 218 fuerit,
1390 187 1452 210 tunc
1461 182 1546 210 omnis
1561 181 1647 209 Israel
1657 190 1749 210 urua-

954 231 1026 257 bitur
1034 231 1054 257 ⁵.

1270 297 1426 332 Responsio.

986 364 1132 401 Nunquam
1147 365 1346 401 persuadebor.
1368 365 1478 394 Judaeos
1494 366 1675 394 revocandos.
1696 365 1747 395 Ne-

952 419 1005 446 que
1026 412 1097 439 enim
1123 412 1150 440 id
1177 413 1255 440 docet
1274 413 1416 444 Dominus.
1444 421 1533 448 neque
1554 413 1672 441 eximius
1700 413 1746 441 ille

951 455 1110 490 Apostolus,
1125 464 1175 492 per
1189 465 1220 484 ea
1234 465 1296 492 quae
1314 463 1388 486 recte
1399 459 1510 493 quidem
1533 459 1568 486 ab
1587 459 1654 494 ipsis
1668 459 1742 486 dicta

952 507 1026 535 sunt,
1039 503 1110 530 male
1124 508 1215 530 autem
1228 511 1243 530 a
1260 510 1285 531 te
1301 509 1357 531 tum
1375 504 1525 535 intellecta,
1553 508 1609 531 tum
1627 504 1744 539 prolata.

951 546 1019 574 Nam
1033 549 1106 583 quod
1130 548 1200 575 dixit
1224 547 1370 580 Dominus,
1392 549 1526 581 Quoniam
1551 553 1576 576 et
1595 547 1665 575 alias
1686 556 1746 575 oves

951 593 1044 627 habeo,
1059 598 1168 622 constat
1187 602 1237 622 nos
1256 595 1321 627 dici,
1340 595 1388 630 qui
1400 603 1452 623 non
1469 603 1565 623 sumus
1574 602 1607 622 ex
1620 602 1653 623 eo
1668 595 1744 627 ovili,

952 644 1046 674 utpote
1060 639 1184 674 Judaico,
1197 648 1314 675 quorum
1327 641 1414 676 prima
1431 641 1482 669 luit
1493 641 1681 669 manilcstatio
1693 641 1747 668 Do-

952 688 1034 714 mini:
1049 687 1174 715 videlicet
1185 688 1310 716 divorum
1326 689 1514 724 apostolorum
1528 709 1536 721 ,
1553 693 1580 716 et
1591 696 1654 715 cum
1677 687 1745 723 ipsis

953 739 1036 769 atque
1051 741 1100 768 per
1123 735 1200 770 ipsos
1225 742 1424 763 conversorum
1439 734 1558 762 ﬁdelium
1574 734 1744 762 Judaeorum.

951 779 1078 808 Nondum
1097 781 1170 808 enim
1189 781 1215 808 id
1241 781 1315 817 quod
1337 789 1372 808 ex
1392 781 1519 816 gentibus
1544 785 1664 813 constat,
1690 779 1745 808 fuit

952 832 1015 855 ante
1031 828 1177 856 salutarem
1199 828 1366 862 passionem,
1391 835 1423 855 eo
1435 827 1508 863 quod
1522 828 1645 854 nondum
1670 831 1746 854 esset

952 873 1129 909 praedicatum
1165 874 1255 906 nobis,
1280 881 1369 909 neque
1394 874 1525 909 baptizati
1554 881 1678 901 essemus
1696 882 1702 900 :
1717 873 1743 900 id

951 920 1025 956 quod
1040 925 1102 956 post
1117 921 1346 948 resurrectionem
1361 928 1410 956 per
1421 920 1562 955 apostolos
1581 927 1648 948 suos
1662 919 1744 947 Chri-

952 971 1012 994 stus
1024 966 1124 1000 eﬁ‘ecit,
1148 974 1255 1002 nosque
1270 966 1306 994 ad
1328 967 1408 994 ﬁdele
1428 966 1586 994 Judaaorum
1610 966 1681 994 Ovile
1706 966 1745 994 si-

951 1013 1010 1040 mul
1031 1012 1150 1046 induxit,
1167 1021 1320 1048 sumusque
1345 1020 1442 1040 omnes
1469 1012 1562 1040 ﬁdeles
1584 1020 1656 1040 unus
1677 1019 1744 1046 grex

951 1059 1003 1086 sub
1017 1066 1072 1086 uno
1090 1063 1214 1093 pastore,
1231 1065 1340 1086 summo
1356 1057 1493 1092 pontiﬁce,
1516 1065 1680 1093 summoque
1697 1065 1746 1092 pa-

951 1110 1025 1133 store
1041 1105 1152 1133 Christo
1168 1105 1239 1140 pasti
1255 1110 1282 1132 et
1294 1104 1436 1132 custoditi.
1453 1103 1526 1131 Unus
1553 1104 1625 1132 enim
1648 1103 1744 1130 Domi—

951 1159 1010 1182 nus,
1023 1159 1076 1178 una
1091 1151 1167 1186 ﬁdes,
1180 1159 1261 1177 unum
1276 1150 1419 1185 baptisma,
1430 1150 1521 1185 inquit
1536 1149 1627 1185 is,qui
1643 1149 1744 1177 summi

950 1197 1059 1232 quidem
1073 1197 1191 1231 pastoris
1206 1197 1369 1231 diseipulus.
1395 1196 1518 1232 cujusvis
1531 1203 1596 1223 vero
1611 1195 1663 1223 sub
1674 1195 1744 1223 etnlu

951 1243 1082 1278 magister
1095 1248 1148 1273 est.
1164 1242 1284 1270 eximius
1301 1242 1462 1277 Apostolus,
1479 1241 1526 1276 qui
1548 1241 1621 1269 idem
1634 1241 1743 1276 inquit:

951 1287 1062 1321 Quando
1073 1288 1208 1323 plenitudo
1224 1288 1341 1323 gentium
1353 1288 1504 1320 intraverit,
1522 1292 1585 1313 tunc
1599 1287 1684 1314 omnis
1700 1285 1745 1313 lo-

950 1334 1005 1361 rael
1019 1334 1196 1361 seruobitur'.
1217 1332 1276 1360 Non
1298 1332 1407 1360 Judteos
1432 1332 1506 1360 circa
1526 1331 1746 1359 consummatio-

949 1387 1010 1408 nem
1023 1380 1172 1408 servaudos
1197 1384 1226 1407 et
1245 1378 1415 1406 revocandos
1444 1376 1615 1413 signiﬁcans,
1634 1377 1680 1403 sed
1695 1376 1742 1410 qui

949 1433 998 1460 per
1021 1426 1168 1461 puritatem
1195 1425 1295 1453 mentis
1310 1429 1338 1452 et
1354 1432 1402 1459 per
1419 1424 1500 1451 ﬁdem
1525 1423 1620 1450 vident
1642 1421 1740 1449 Deum.

946 1472 974 1499 ω
991 1473 1063 1499 enim
1078 1479 1139 1500 esse
1169 1469 1303 1502 larualem,
1319 1471 1353 1498 ab
1366 1470 1495 1498 omnibus
1510 1473 1593 1504 alque
1613 1468 1694 1495 etiam
1707 1467 1742 1495 ab

947 1518 1015 1552 ipsis
1025 1517 1126 1546 ludatis
1140 1518 1298 1553 exponitur,
1315 1516 1429 1543 Mentem
1443 1515 1573 1542 nimirqu
1594 1517 1742 1540 cernentem

951 1564 1045 1591 Deum.
1060 1564 1121 1591 Non
1137 1565 1207 1591 enim
1223 1572 1312 1591 omnes
1326 1563 1371 1597 qui
1390 1570 1422 1589 επ
1439 1561 1551 1595 Ιδγαείε,
1569 1564 1630 1587 sunt
1644 1559 1741 1589 Israel.

951 1617 1032 1644 neque
1043 1609 1113 1644 quod
1138 1613 1199 1636 sunt
1222 1617 1308 1636 semen
1326 1607 1483 1640 Abrahami,
1497 1614 1585 1632 omnes
1597 1605 1648 1640 ﬁlii
1659 1609 1720 1631 sunt
1733 1611 1743 1631 :

949 1657 994 1684 sed
1016 1657 1044 1683 in
1065 1655 1160 1683 Isaaco
1184 1654 1322 1682 vocabitur
1337 1653 1384 1680 tibi
1405 1661 1491 1680 semen
1505 1659 1514 1678 :
1528 1651 1576 1678 hoc
1587 1656 1636 1684 est,
1654 1659 1705 1678 non
1722 1651 1743 1677 ii

946 1703 991 1738 qui
1003 1702 1054 1737 ﬁlii
1067 1701 1155 1728 carnis
1167 1704 1239 1733 sunt,
1262 1699 1342 1726 iidem
1356 1703 1380 1725 et
1397 1698 1447 1733 ﬁlii
1468 1697 1528 1729 Dei,
1555 1696 1645 1731 inquit
1670 1696 1741 1723 idem

946 1747 1122 1784 Apostolus‘.
1138 1747 1294 1780 lterumque
1305 1744 1440 1772 Dominus
1456 1743 1547 1778 inquit
1566 1743 1594 1769 in
1619 1742 1742 1776 [hange-

946 1792 1093 1820 lio:Multi
1113 1797 1173 1819 sunt
1199 1791 1296 1823 vocati,
1337 1793 1429 1825 utpote
1453 1788 1581 1816 lsruclitze
1605 1793 1631 1815 et
1663 1787 1742 1814 Chri-

950 1840 1045 1871 stiani,
1057 1839 1136 1875 pauci
1150 1847 1209 1866 vero
1234 1837 1339 1870 electi“,
1353 1840 1445 1870 utpote
1462 1835 1499 1862 illi
1515 1835 1562 1870 qui
1584 1838 1740 1862 servantur.

953 1886 1066 1918 Quando
1083 1885 1166 1920 igitur
1179 1883 1314 1918 plenitudo
1327 1882 1454 1917 gentium,
1472 1881 1524 1908 hoc
1536 1884 1587 1913 est,
1595 1879 1741 1906 universos

952 1932 1067 1967 populos
1081 1931 1223 1965 complexa
1237 1928 1369 1959 Ecclesia,
1383 1927 1532 1957 intraverit,
1554 1926 1581 1953 in
1604 1925 1739 1961 judicium

952 1976 1095 2004 videlicet:
1113 1981 1175 2002 tunc
1191 1975 1277 2002 omnis
1295 1973 1393 2006 Israel,
1422 1981 1499 2000 mens
1515 1971 1639 1999 videlicet
1654 1970 1740 1998 Deum

950 2031 1076 2056 cernens,
1088 2023 1141 2050 hoc
1150 2026 1201 2051 est,
1217 2022 1307 2048 omnis
1320 2020 1412 2050 homo,
1439 2026 1486 2053 pcr
1497 2018 1577 2046 ﬁdem
1594 2023 1622 2046 et
1646 2017 1735 2053 pieta-

950 2076 1004 2098 tem
1024 2068 1068 2094 Dei
1082 2065 1262 2102 cognitionem
1274 2064 1386 2098 habens,
1400 2063 1486 2091 salvus
1496 2063 1556 2091 erit.

147 2167 152 2179 ⁵
168 2164 247 2194 ﬁom.
265 2174 302 2200 ll,
320 2166 426 2201 9.5,‘26.
464 2165 474 2181 ³
493 2165 592 2200 Ephcs.
612 2172 651 2196 Iv,
733 2162 744 2178 δ
759 2162 839 2190 Rom.
858 2170 896 2195 Ix,
911 2162 972 2189 6-8.
1009 2161 1019 2177 ⁸
1037 2159 1132 2187 Mttth.
1146 2166 1190 2189 xx,
1209 2156 1257 2185 16:
1273 2163 1344 2183 ml.
1359 2155 1388 2184 4.
