1910 3038
177 121 1800 154 m

624 256 1353 380 INDICESW.

877 613 1109 658 SIMILIA

261 732 390 770 Quibus
407 732 581 772 Gregorius
604 733 823 764 Nazianzenus
838 733 871 764 in
891 733 960 764 suis
988 734 1142 773 Epistolis
1158 737 1189 766 et
1212 735 1417 768 Carminibus
1438 739 1487 768 est
1505 745 1583 768 usus
1602 738 1717 770 ordine

831 783 989 815 litterario
1019 784 1152 823 digesta.

174 1066 258 1092 Amor
282 1063 442 1099 uirginitatis
468 1063 496 1090 in
528 1062 663 1098 Gregorio,
687 1069 712 1091 et
741 1064 858 1091 scintilla
872 1065 900 1092 in
917 1065 967 1092 sti—

210 1100 283 1134 pulu,
796 1100 859 1131 655,
875 1109 901 1126 v.
920 1101 966 1128 27.

174 1135 258 1162 Amor
280 1134 338 1164 Dei,
348 1139 371 1160 et
387 1142 456 1168 aqua
468 1134 495 1160 in
509 1134 608 1167 canali,
790 1135 853 1168 551,
863 1143 888 1163 ν.
902 1135 965 1163 251.

175 1171 256 1198 Amor
271 1171 296 1196 in
313 1177 391 1196 unum
410 1168 527 1203 tendens,
548 1174 573 1195 et
598 1169 726 1196 amussim
743 1168 869 1197 adhibens
896 1171 966 1196 arti-

211 1207 264 1239 rem,
783 1204 846 1236 529,
862 1213 887 1232 ν.
903 1205 965 1233 554.

174 1240 324 1268 Anastasio;

175 1277 277 1304 Anima
293 1276 318 1300 in

359 1238 422 1270 lebs,
434 1243 458 1266 et
470 1247 524 1265 una
538 1240 725 1270 semi-natura,
804 1240 867 1271 845,
883 1248 909 1266 ν.
921 1241 966 1268 41.

354 1274 448 1306 hristo,
467 1275 534 1301 sicut
555 1275 632 1302 stella
650 1280 711 1302 ante
725 1274 807 1302 solem
830 1280 856 1302 et
880 1275 966 1302 lucer-

211 1320 245 1338 na
262 1315 322 1337 ante
333 1317 457 1344 maguum
476 1317 579 1344 rogum,
873 1309 917 1341 89,
934 1310 965 1338 C.

176 1347 272 1372 Anima
288 1350 312 1372 et
325 1344 403 1374 tibia,
802 1344 866 1375 247,
884 1353 908 1371 ν.
921 1347 966 1372 90.

178 1382 274 1408 Anima
290 1389 305 1407 a
321 1379 432 1406 Diabolo
439 1384 586 1414 prostrata,
599 1384 625 1406 et
641 1380 718 1414 pinus
726 1379 838 1413 dejecta,
850 1385 895 1406 aut
909 1380 968 1413 pla~

215 1422 303 1447 tanus,
785 1415 847 1446 651i,
860 1423 885 1442 v.
903 1416 966 1443 5‘29.

177 1452 274 1479 Anima
294 1455 317 1477 et
332 1450 409 1486 triga:
422 1449 504 1476 tribus
516 1450 588 1486 equis
606 1454 708 1486 tractw.
796 1450 859 1481 9H,
878 1458 903 1477 ν.
924 1452 965 1477 10.

178 1486 378 1522 Apollinarium
391 1487 508 1522 animum
521 1485 626 1522 Christo
639 1485 806 1522 denegantes,
817 1489 842 1510 et
857 1486 967 1522 virlwso

213 1522 328 1548 hominis
343 1521 429 1550 oculo,
447 1528 478 1546 ac
494 1520 559 1554 pede
573 1521 678 1553 insuper
699 1521 808 1554 o/fenso.
833 1521 891 1553 pedi
916 1529 969 1547 me-

212 1558 329 1583 dicinam
347 1555 485 1587 adhibens,
501 1555 606 1582 oculum
622 1561 710 1582 autem
723 1557 872 1582 incuratum
884 1555 967 1582 relin-

213 1601 303 1628 quens.
436 1627 440 1628 7
738 1625 744 1628 _
874 1593 918 1622 δυ,
935 1590 966 1619 1),

178 1625 377 1660 Apollinarist
393 1627 492 1658 itidem,
504 1631 527 1653 et
543 1630 724 1661 sutores,qute
735 1625 762 1652 in
773 1625 884 1660 pellibus
894 1634 968 1652 cras-

214 1671 285 1690 siora
301 1667 371 1692 sunt,
390 1662 556 1693 iil/radentes,
869 1661 913 1690 91,
934 1662 967 1687 Α.

178 1698 292 1729 Avnrus,
305 1702 329 1723 et
342 1698 509 1732 hydropicus,
861 1705 887 1723 ν.
904 1696 967 1732 1415.

179 1737 293 1764 Avarus,
305 1737 329 1758 et
344 1730 445 1767 dipsas,
531 1766 534 1767 7
683 1766 687 1767 7
784 1730 846 1760 555.
866 1739 891 1757 ν.
906 1730 967 1758 151.

181 1769 303 1799 Λιιάατὶα
318 1772 433 1794 velamen
443 1766 570 1801 justitiaz,
590 1770 615 1793 et
633 1766 706 1799 sepia
729 1770 904 1792 atramentum
937 1773 970 1792 es;

215 1805 267 1829 imo
280 1811 391 1835 uomens,
769 1801 832 1831 757,
847 1809 870 1826 ν.
888 1801 968 1828 1199.

179 1839 282 1866 Aurum
307 1839 404 1872 injuste
425 1835 573 1869 collectum,
597 1840 622 1863 et
642 1839 724 1862 tectus
749 1841 826 1870 atque
844 1836 969 1872 obscurus

214 1871 356 1909 tyrannus,
567 1907 589 1933 Β
857 1871 884 1898 1ί¹
892 1872 919 1904 7,
936 1871 968 1898 C.

180 1944 256 1972 Bona
272 1949 385 1975 terrena,
400 1947 424 1969 et
443 1950 603 1969 aranearum
616 1941 684 1971 telae.
722 1940 786 1972 585.
803 1947 867 1971 xxx,
881 1949 908 1972 ν,
923 1941 968 1968 27.

179 1980 263 2006 ltonis
281 1979 396 2005 cisternis
421 1986 448 2004 se
471 1977 592 2011 efferens,
610 1981 634 2003 et
657 1976 736 2002 simia
752 1983 849 2002 aureus
866 1981 969 2011 torques

216 2023 318 2049 gerens.
334 2018 379 2040 aut
396 2014 487 2040 asinus
497 2013 599 2039 talenta
612 2012 673 2038 auri
689 2017 869 2049 gestans.7gut
882 2012 969 2049 plum-

215 2045 275 2076 lieus
285 2050 354 2076 ensis
367 2049 393 2074 in
407 2048 503 2082 vagina
515 2053 648 2082 argentea,
690 2045 696 2046 ί
714 2081 718 2082 7
771 2045 848 2078 1045,
860 2055 893 2082 7v.
907 2047 968 2074 175.

179 2085 280 2117 Battus,
292 2086 335 2111 sed
345 2081 478 2119 ignobilis,
491 2088 515 2110 et
529 2091 592 2109 rosa
608 2089 640 2109 ea:
649 2081 732 2116 spinis
753 2085 825 2114 orta,
857 2081 968 2144 5453;.

561 2152 582 2179 C

179 2188 326 2220 Ciesarius,
339 2193 364 2215 et
376 2196 486 2223 quercus
500 2187 611 2222 dejecta,
792 2185 854 2216 6M,
872 2193 896 2212 ν.
907 2186 968 2223 187.

179 2225 338 2256 Catamitus,
354 2221 470 2251 et'tellus
486 2221 610 2250 imbrium
625 2223 722 2256 impetu
740 2225 858 2256 raptata,
905 2221 968 2283 liga,

886 2265 912 2283 v.
961 2276 968 2283 .

886 2265 912 2283 ν.
923 2260 968 2284 ⁸20.

180 2294 310 2325 Canities,
326 2299 350 2321 et
367 2293 449 2320 hiems
460 2313 467 2324 ,
786 2293 849 2323 557,
864 2301 890 2319 v.
907 2292 967 2319 701.

178 2329 321 2362 Carnutes,
334 2334 359 2356 et
371 2329 525 2359 testudines,
538 2332 616 2362 atque
631 2327 734 2362 oblique
746 2329 894 2363 gradientes
908 2335 970 2353 can-

215 2365 263 2396 cri,
280 2373 312 2391 nc
326 2369 456 2400 serpentes
473 2364 597 2395 tortuosi,
867 2371 894 2389 ν.

179 2399 301 2431 Ctrlibes,
311 2404 335 2426 et
347 2398 431 2431 navis,
788 2398 848 2427 515.
863 2406 889 2425 v.
905 2398 967 2424 278.

181 2435 385 2462 (ἐσιωὶοιιαιονεε
402 2434 436 2460 ad
454 2435 656 2461 ostentationem
671 2434 866 2463 contionantes,
889 2438 913 2460 et
928 2432 970 2458 hi-

217 2471 329 2497 striones
345 2475 369 2497 et
383 2469 544 2504 [‘unanibuli,
807 2468 869 2504 855,
888 2476 913 2504 v,
926 2468 969 2495 76.

181 2505 294 2539 Corpus,
309 2510 333 2532 et
350 2503 454 2540 anguis,
559 2538 581 2565 Β
790 2503 888 2535 987,v.
904 2503 967 2531 158.

180 2576 302 2608 Dwmon,
316 2580 340 2602 et
355 2576 438 2610 pisces
451 2583 511 2602 esca
528 2573 645 2607 trahens,

180 2612 262 2643 Deus,
274 2617 297 2638 et
311 2611 409 2645 fulgur,

180 2647 237 2674 Deo
252 2646 388 2673 adhwrens
400 2651 424 2672 et
438 2645 522 2676 carni,
537 2653 568 2671 ac
578 2645 738 2679 amphibius,

181 2682 359 2711 Dcsidermm.
375 2686 397 2708 et
410 2680 529 2708 scintilla
540 2681 567 2706 in
579 2681 688 2714 stipula,
787 2680 849 2711 933,
860 2689 891 2707 vr
905 2680 968 2707 267.

180 2718 472 2752 Dignitateshumauie,
484 2721 509 2742 et
521 2717 635 2748 somnia,
650 2721 695 2742 aut
712 2715 885 2752 ﬂunten,77a7ut
910 2724 970 2752 um-

219 2751 276 2781 iira.
290 2757 335 2778 aut
346 2751 468 2780 tenebrat.
484 2756 530 2777 aut
540 2752 624 2782 navis,
803 2751 866 2780 055,
882 2759 907 2777 v.
922 2751 967 2778 91.

183 2786 357 2814 Dimidiatum
370 2787 421 2813 Deo
436 2787 503 2812 dans
521 2786 643 2820 ofﬁciunt,
658 2792 682 2813 et
702 2786 802 2813 chorea:
819 2786 968 2821 indulgens,

819 2575 864 2609 7.5,
874 2583 900 2602 ν.
923 2574 967 2601 50.

796 2610 858 2642 509,
873 2619 897 2637 v.
907 2610 968 2637 577.

793 2645 856 2677 527,
866 2654 892 2678 v,
905 2645 967 2673 558.

997 918 1034 926 -

1053 1035 1099 1058 aut
1115 1032 1241 1067 navigans
1254 1031 1336 1059 simul
1344 1037 1368 1059 et
1379 1031 1487 1066 pedibus
1504 1032 1553 1060 iter
1567 1041 1654 1068 agens,
1701 1034 1765 1066 551,
1777 1043 1804 1063 v.

1760 1071 1774 1089 ι)

1760 1071 1774 1089 ι)

1016 1101 1112 1128 Divina
1126 1107 1298 1134 tractaturus,
1312 1107 1336 1130 et
1348 1103 1432 1130 viator
1445 1103 1603 1138 traiecturus
1617 1104 1726 1138 ﬂumen,

1019 1171 1133 1204 Divitiae,
1148 1176 1172 1198 et
1183 1176 1311 1205 scortum,
1620 1174 1699 1206 1001,
1717 1147 1751 1203 vv.-

1016 1241 1143 1268 Ecclesia
1157 1241 1306 1276 imperium,
1320 1251 1351 1269 ac
1368 1243 1486 1276 speciosa
1500 1251 1589 1275 scena,
1713 1244 1758 1275 81,
1773 1245 1804 1273 Β.

1018 1277 1138 1307 Ecclesia
1162 1276 1347 1310 Nazianzena,
1364 1284 1391 1306 et
1419 1279 1494 1306 navis
1517 1283 1667 1314 tempestate
1684 1279 1792 1313 jactata

1640 1301 1695 1342 iiii
1700 1301 1806 1343 ’ῧῗὶῦἷ

1021 1347 1161 1383 Eniscopus
1169 1352 1193 1374 et
1210 1347 1326 1379 lucerna,
1713 1350 1759 1383 55,
1775 1351 1805 1378 D.

1018 1382 1201 1420 Epistolarum
1214 1383 1303 1417 gratia
1314 1383 1436 1417 simplex,
1454 1390 1479 1412 et
1511 1385 1601 1420 aquila
1629 1393 1680 1412 non
1708 1391 1807 1419 putans

1053 1426 1109 1444 esse
1123 1419 1244 1452 pulchra,
1535 1419 1538 1420 ⁷
1709 1421 1755 1448 47.
1772 1421 1804 1448 D.

1018 1452 1148 1480 Eusebius
1160 1452 1345 1481 Carsariensis.
1360 1458 1383 1480 et
1394 1454 1432 1482 vir
1443 1455 1527 1481 altera
1548 1463 1627 1482 manu
1645 1455 1806 1488 demulcens,

1053 1487 1138 1524 altera
1152 1488 1250 1515 malam
1265 1488 1370 1522 feriens,
1394 1495 1439 1516 aut
1460 1490 1606 1516 convellens
1625 1489 1719 1517 domus
1746 1492 1808 1524 [un-

1053 1523 1188 1555 damenla,
1201 1529 1224 1550 et
1239 1524 1352 1557 parietes
1371 1525 1490 1560 pingens,
1509 1531 1586 1560 atque
1601 1531 1723 1552 externas
1745 1523 1808 1559 par-

1054 1562 1091 1584 tes
1109 1566 1254 1590 exornans,
1714 1560 1759 1591 17,
1776 1561 1807 1587 Β.

1019 1592 1164 1628 Exemplar
1187 1594 1319 1625 vitiosum,
1341 1599 1366 1620 et
1393 1595 1465 1622 ricus
1487 1603 1532 1629 per
1554 1594 1665 1622 declivia
1686 1603 1808 1627 currens,

1623 1630 1684 1662 799,
1699 1639 1725 1658 ν.
1743 1632 1807 1658 5119.

1020 1697 1192 1730 Felicitas,et
1206 1698 1280 1726 navis
1295 1664 1433 1734 ocstigia,F
1645 1700 1746 1732 653,v.
1763 1701 1809 1728 9L.

1021 1767 1172 1802 Gregorius,
1184 1774 1208 1796 et
1219 1768 1318 1795 umbch
1329 1777 1479 1803 corporum,
1717 1770 1761 1801 17,
1776 1771 1807 1798 C.

1021 1803 1173 1840 Gregorius,
1184 1809 1208 1830 et
1217 1803 1405 1840 sordidissima
1414 1813 1476 1831 vasa
1490 1808 1515 1831 et
1528 1804 1715 1837 instrumenta,
1730 1812 1809 1840 atque

1056 1836 1219 1865 adminicula
1229 1847 1287 1874 qum
1298 1836 1442 1870 fornicibus
1458 1845 1650 1873 supponuntur,
1674 1848 1690 1866 α
1728 1836 1810 1867 simul

1055 1879 1134 1908 atque
1148 1879 1283 1900 structura
1303 1875 1411 1908 ﬁrmata
1425 1882 1457 1900 ac
1471 1880 1608 1908 compacta
1626 1880 1674 1907 est,
1696 1876 1808 1903 subduci

1055 1915 1080 1935 et
1095 1917 1141 1942 pro
1151 1909 1234 1936 nihilo
1249 1908 1340 1935 haberi
1352 1909 1446 1939 solent,
1718 1912 1763 1938 45.
1778 1911 1807 1938 Β.

1021 1942 1171 1978 Gregorius,
1187 1949 1211 1970 et
1222 1944 1392 1980 retrimenta,
1404 1949 1429 1970 et
1445 1945 1604 1979 quisquilia,
1614 1945 1704 1978 gluma
1712 1951 1736 1972 et
1750 1947 1810 1980 flu-

1057 1985 1114 2005 ctus
1129 1979 1237 2009 morini,
1715 1979 1757 2006 77'.
1774 1981 1806 2008 Β.

1022 2014 1163 2048 Gregorius
1173 2019 1197 2040 et
1209 2013 1304 2044 Jonas.
1360 2014 1422 2045 115,
1437 2013 1466 2045 1),
1482 2014 1543 2046 ill,
1557 2014 1589 2040 A.
1605 2014 1667 2045 771,
1683 2023 1710 2042 v.
1729 2017 1806 2043 1838.

1021 2049 1161 2083 Gregorius
1171 2049 1349 2084 episcopatum
1364 2048 1480 2084 linquere
1495 2054 1597 2083 optans,
1621 2055 1646 2076 et
1663 2058 1744 2084 equus
1760 2052 1808 2077 im-

1055 2085 1170 2118 patiens,
1611 2084 1673 2116 771,
1686 2093 1711 2112 v.
1728 2086 1805 2113 i8l8.

1021 2119 1172 2154 Gregorius,
1182 2125 1206 2146 et
1220 2119 1259 2146 leo
1271 2119 1420 2153 implicatus
1432 2124 1584 2146 venatorum
1610 2120 1722 2154 laqueis,
1744 2121 1806 2154 995,

1722 2164 1749 2182 ν.
1766 2157 1806 2183 17.

1021 2189 1162 2224 Gregorius
1178 2188 1326 2224 Ngssenus,
1347 2194 1371 2216 et
1384 2189 1438 2250 so:i
1437 2193 1516 2224 atque
1532 2188 1626 2222 stella,
1718 2190 1762 2223 75,
1775 2191 1804 2218 Β.

1022 2258 1109 2286 Homo
1119 2264 1177 2293 post
1191 2265 1328 2293 peccatum
1339 2259 1476 2295 originale,
1492 2263 1517 2285 et
1534 2259 1660 2294 navigans
1674 2267 1770 2295 magna
1784 2261 1806 2287 ri

1058 2302 1199 2326 remorum,
1623 2295 1686 2326 2:9,
1700 2303 1725 2323 ν.
1743 2296 1805 2324 125.

1024 2329 1110 2356 Homo
1131 2330 1173 2356 sui
1196 2330 1317 2363 ignarus,
1342 2333 1367 2356 et
1389 2329 1458 2357 oculi
1478 2328 1533 2356 alia
1548 2335 1692 2362 cernentes,
1710 2331 1806 2365 scipsos

1058 2372 1144 2392 autem
1157 2366 1274 2396 minime,
1699 2365 1761 2400 125,
1777 2371 1805 2394 (Δ.

1023 2434 1126 2470 Ignari,
1138 2441 1161 2463 et
1174 2435 1267 2469 pisces,
1328 2469 1331 2470 ν
1640 2435 1702 2466 559,
1716 2445 1743 2462 v.
1765 2435 1805 2462 18.

1023 2469 1152 2506 Improbi,
1169 2476 1193 2498 et
1203 2471 1248 2506 qui
1260 2469 1374 2505 lapidem
1386 2470 1412 2498 in
1426 2470 1518 2498 caelum
1538 2471 1653 2506 jaciunt,
1708 2472 1806 2513 ὅὸξζξ.

1023 2540 1162 2575 Improbus
1177 2540 1322 2575 quiescens,
1333 2545 1357 2568 et
1370 2540 1449 2567 nubes
1462 2540 1527 2575 [ista
1539 2541 1678 2577 grandine,

1024 2611 1202 2646 Infamatores
1217 2611 1312 2642 mutui,
1324 2616 1348 2638 et
1361 2611 1458 2645 ﬂuctus
1471 2612 1672 2645 reciprocantes,
1703 2576 1806 2672 Ιέῖῗὶιὲῖ

1023 2681 1183 2716 lnfelicitas,
1195 2685 1219 2708 et
1233 2688 1355 2708 amarum
1367 2681 1550 2716 pharmacum,

1023 2716 1082 2748 Ira,
1100 2721 1124 2743 et
1138 2717 1207 2751 fera,

1024 2751 1081 2782 Ira,
1099 2756 1123 2778 et
1134 2752 1215 2785 ignis.

1023 2787 1081 2818 Ira,
1095 2792 1120 2813 et
1130 2787 1233 2822 rubigo,

1629 2680 1694 2712 255,
1707 2689 1733 2708 v.
1749 2681 1806 2707 1110.

1643 2716 1707 2746 515.
1720 2725 1746 2743 v.
1765 2715 1806 2741 ἐξ.

1648 2751 1711 2781 515,
1726 2759 1752 2777 v.
1767 2750 1796 2776 17

1607 2786 1686 2817 1055,
1704 2794 1732 2813 v.
1747 2785 1807 2813 287.

212 2864 247 2896 (ι)
268 2864 404 2889 Revocalur
416 2864 505 2888 Lector
516 2864 545 2889 ad
558 2870 673 2889 numeros
686 2864 830 2895 grandiores
853 2864 877 2888 in
891 2866 963 2890 textu
977 2870 1119 2896 expressos,
1130 2865 1173 2896 qui
1186 2863 1287 2896 paginas
1300 2864 1416 2890 editionis
1427 2862 1542 2888 Iaurina
1561 2865 1749 2893 reprasentant.
