3916 6532
225 458 295 515 23
1420 445 1665 503 SECTIO
1703 444 1767 502 ll.
1810 439 2197 498 EPITAPIIIA.
3403 429 3472 486 ’50

230 569 497 638 Κάλλιμος
523 565 721 636 ἠϊθέων
742 564 1043 636 Εὑφήμιος,
1076 562 1130 617 εἴ
1156 563 1273 617 ποτ’
1301 560 1398 632 ἔην
1430 579 1516 631 γε,

293 659 564 727 Κάλλιμος
593 659 652 710 ὲν
682 655 882 726 χώροις
914 654 1091 727 χῶρος
1123 654 1197 706 ὅδ’
1237 652 1506 715 Ἠλύσιος.

228 749 483 801 Τοῦνεκεν
508 749 588 808 εὶς
613 746 670 798 ἒν
688 745 939 815 ἄγερθεν,
967 744 1088 796 ἐπεὶ
1109 742 1252 814 ζωὴν
1282 743 1378 813 μὲν
1408 739 1646 810 ἐλειψενο

292 839 358 893 I0
387 838 603 908 Οὕνομα
625 836 671 889 δ’
699 831 765 889 αὖ
796 834 956 905 χώρῳ
984 833 1243 888 κάλλιπεν
1266 830 1506 901 ἠγαθέῳ.

672 950 793 1006 ΛΖ’.
835 950 941 1013 Εις
989 944 1328 1001 Ἐλλάδιον.

225 1062 336 1116 Δίεί
372 1077 455 1114 σοι
480 1059 598 1122 νόος
630 1054 727 1130 ἦεν
755 1060 813 1121 ἐς
841 1055 1091 1129 οὐρανὸν,
1120 1055 1229 1107 οὐδ’
1258 1054 1350 1107 ἐπὶ
1383 1050 1545 1121 γαίης

293 1148 540 1220 Ἤρειδες
565 1146 850 1217 χθαμαλῆς
881 1145 1046 1215 ἴχνιον
1072 1144 1181 1197 οὐδ’
1202 1143 1403 1211 ὀλίγον.

227 1239 481 1293 Τοῦνεκεν
502 1239 577 1302 ὡς
605 1239 767 1308 τάχος
787 1233 949 1307 ἦλθες
980 1237 1087 1290 ἀπὸ
1109 1236 1315 1307 χθονός.
1341 1232 1599 1295 Εὐλάλιος
1627 1230 1684 1284 δὲ

292 1329 391 1400 Σὴν
422 1329 571 1381 κόνιν
599 1328 870 1400 ἁμφιέπει
907 1327 997 1391 σὸς
1036 1327 1217 1393 κάσις,
1249 1325 1509 1380 Ἐλλάδιε.

813 1439 946 1494 Ali’.
982 1440 1193 1494 Ἀλλο.

230 1548 322 1603 Τὸν
349 1548 558 1621 νεαρὸν,
589 1548 808 1620 Χριστῷ
838 1549 894 1602 δὲ
933 1549 1130 1619 μέγαν,
1162 1546 1345 1601 πολιόν
1375 1564 1436 1600 τε
1473 1547 1653 1617 νόημα

1830 562 1878 617 Α
1975 555 2165 626 Χῶρος
2186 553 2259 606 ὅδ’
2288 548 2623 619 ἀθλοφὸρων,
2662 546 2929 601 Ἐλλάδιον
2956 547 3189 618 κατέχω.

1900 646 1974 699 Οὐ
2002 646 2239 715 νέμεσις.
2268 641 2479 702 Κείνοις
2506 639 2614 723 γὰρ
2639 638 2849 708 ὁμοίϊον
2876 637 3040 704 ἄλγος
3067 638 3265 708 ἀνέτλη

1970 736 2201 799 Σθεννὺς
2232 732 2527 788 ἀντιπάλου
2555 729 2648 783 τοῦ
2681 728 2958 799 φθονεροίο
2989 729 3170 801 μόθον.

2138 800 2151 811 ’
2406 802 2425 818 ’
2499 842 2624 895 seu
2664 840 2873 894 Ἀλλο.

1897 954 2111 1021 Μικρὸν
2148 956 2247 1028 μὲν
2278 954 2561 1017 πνείεσκες
2591 954 2684 1005 ἐπὶ
2718 951 2868 1022 χθονὶ
2899 951 3099 1022 σαρκὸς
3130 952 3366 1026 ἀνάγκῃ,

1970 1048 2200 1101 Πλείονα
2227 1046 2283 1100 δὲ
2309 1045 2455 1116 ζωῆς
2482 1043 2640 1113 ὑψόθι
2677 1045 2869 1113 μοῖραν
2903 1041 3067 1111 ἔχεις,

1909 1137 2173 1202 Ἐλλάδιε,
2198 1138 2456 1208 Χριστοῖο
2492 1134 2634 1207 μέγα
2664 1132 2821 1197 κλέος
2841 1150 2856 1164 ’
2890 1134 2938 1185 εὶ
2970 1132 3027 1185 δὲ
3047 1131 3278 1202 τάχιστα

1970 1229 2197 1301 Δεσμῶν
2226 1227 2502 1299 ὲξελύθης,
2534 1226 2694 1280 τοῦτο
2721 1225 2887 1295 γέρας
2910 1224 3190 1294 καμάτων.

2344 1342 2438 1396 Μ’.
2468 1342 2577 1407 Εἰς
2606 1339 3025 1408 Μαρτινιανόν.

1899 1455 1968 1508 Εἴ
1993 1471 2077 1517 τις
2106 1452 2377 1516 Τάνταλος
2403 1454 2550 1505 ἐστιν
2581 1454 2638 1505 ἐν
2664 1451 2851 1504 ὕδασιν
2879 1446 3007 1512 αὖος
3038 1448 3304 1512 ἀπίστοις,

1971 1545 2037 1598 Et
2064 1562 2147 1609 τις
2167 1546 2309 1617 ὑπὲρ
2347 1543 2590 1614 κεφαλῆς
2628 1542 2826 1615 πέτρος
2862 1541 2949 1595 ἀεὶ
2985 1538 3226 1609 φοϐέων·

715 1700 951 1772 Pulcher
981 1701 1126 1772 inter
1158 1699 1546 1772 adolescentes
1570 1697 1929 1772 Euphemius,
1961 1698 2008 1754 si
2040 1700 2166 1769 quis
2197 1716 2439 1772 unquam
2472 1701 2595 1771 fuit,

787 1771 1018 1825 Pulcher
1059 1771 1115 1824 in
1151 1772 1463 1841 agris'ager
1498 1770 1586 1823 hic
1616 1768 1856 1841 Elysius.

716 1840 1066 1909 Quapropter
1097 1842 1150 1893 in
1187 1838 1354 1893 unum
1380 1838 1728 1909 Convenere,
1760 1838 2032 1909 siquidem
2060 1838 2231 1894 vitam
2272 1841 2493 1907 amisit;

788 1912 855 1965 IO
886 1909 1094 1965 Nomen
1126 1920 1304 1964 autem
1336 1909 1453 1962 loco
1485 1908 1711 1978 reliquit
1742 1908 1950 1962 divino.

1211 2002 1669 2073 1122-1123
1709 2001 1976 2056 XXXVII.
2020 2001 2087 2057 In
2120 2001 2490 2058 Helladium‘.

716 2097 941 2167 Semper
972 2106 1061 2151 tua
1099 2112 1263 2167 utens,
1280 2097 1608 2167 versabatur
1639 2096 1694 2150 in
1725 2097 1948 2160 cmlum,
1981 2111 2162 2166 neque
2194 2111 2359 2166 super
2391 2103 2593 2154 terram

787 2166 1058 2221 Humilem
1094 2166 1352 2221 iirmabas
1384 2166 1677 2234 vestigium
1706 2167 1791 2221 vel
1827 2168 2133 2233 paululum.

714 2237 886 2311 Qu_am
920 2238 991 2291 ob
1018 2251 1131 2311 rem
1168 2235 1465 2311 celerrime
1489 2234 1673 2311 abiisti
1704 2251 1734 2289 a
1765 2243 1934 2289 terra.
1970 2234 2379 2311 Eu_l_al_ius_vero

784 2306 963 2361 Tuum
990 2307 1230 2361 cinerem
1260 2304 1612 2376 amplectitur
1646 2304 1819 2359 frater
1850 2313 2003 2368 tuus,
2037 2304 2279 2362 Helladi.

1585 2407 1877 2464 XXXVIII.
1919 2409 2081 2464 Aliud
2116 2409 2181 2463 “.

712 2500 995 2576 Juvenem,
1028 2505 1252 2562 Christo
1283 2512 1464 2561 autem
1494 2520 1777 2576 magnum,
1820 2521 2119 2576 senemque
2147 2505 2407 2571 consilio,

783 2572 961 2646 Locus
993 2577 1082 2629 hic
1114 2585 1440 2646 martyrum,
1474 2572 1785 2631 llelladium
1824 2572 2100 2631 contineo.

712 2641 825 2716 Neg
865 2641 1279 2716 indignandum}
1314 2646 1428 2716 Illis
1462 2646 1611 2716 enim
1643 2646 1879 2701 similem
1928 2646 2180 2702 dolorem
2227 2644 2528 2711 sustinuit,

784 2711 1151 2786 Exstinguens
1188 2715 1398 2770 inimici
1428 2715 1597 2770 invidi
1626 2730 1893 2785 pugnam.

1605 2812 1849 2868 XXXIX.
1909 2813 2066 2868 Aliud
2091 2815 2181 2868 “⁶.

716 2906 910 2979 Parum
941 2909 1159 2979 quidem
1201 2908 1424 2979 spirasti
1463 2925 1632 2976 super
1660 2918 1864 2965 terram
1893 2908 2080 2965 carnis
2114 2909 2472 2976 necessitate,

788 2977 1051 3044 Maiorem
1080 2995 1213 3033 vero
1233 2977 1369 3033 Vita:
1405 2980 1460 3033 in
1491 2981 1648 3034 caelis
1680 2987 1887 3035 sortem
1923 2980 2118 3041 babes,

717 3045 945 3119 Ile_|_|_adi.
976 3050 1178 3103 Christi
1207 3065 1462 3119 magnum
1494 3051 1702 3113 decus;
1731 3049 1876 3117 quod
1904 3063 2034 3103 vero
2064 3047 2359 3103 celerrime

787 3115 1038 3174 Vinculis
1066 3119 1281 3174 solutus
1301 3115 1391 3186 es,
1419 3120 1523 3174 hoc
1558 3115 1843 3189 praemium
1877 3119 2151 3172 laborum.

1490 3220 1603 3274 XL.
1647 3218 1716 3274 In
1752 3218 2147 3273 Martinianum
2170 3222 2279 3276 “".

722 3311 780 3367 Si
814 3312 937 3381 quis
967 3312 1234 3369 Tantalus
1260 3320 1345 3368 est
1372 3313 1516 3367 inter
1545 3311 1744 3366 inﬁdas
1775 3311 1972 3366 sitiens
2012 3324 2208 3379 aquas,

792 3383 851 3438 Si
880 3382 1007 3453 quis
1040 3384 1335 3439 imminens
1366 3382 1531 3453 capiti
1560 3382 1701 3453 lapis
1727 3396 1945 3452 semper
1974 3388 2210 3448 terrens,

284 3540 298 3558 ‘
322 3537 602 3609 Scriptum
632 3552 721 3609 an.
747 3536 871 3591 57L
900 3566 971 3609 —_-
994 3536 1146 3609 Alias
1172 3536 1442 3609 Murator.
1466 3536 1556 3590 47.

232 3609 341 3663 571.
365 3607 631 3666 -Ἁιίεε
655 3607 916 3663 Mutatur.
942 3607 1035 3663 49.

295 3762 328 3818 9
367 3762 669 3831 'Arepdsr.
715 3760 948 3824 Gratim,
991 3767 1052 3816 ut
1090 3762 1271 3830 placet
1315 3758 1654 3823 Muratorio,
1705 3757 1796 3814 vel

234 3833 413 3954 potius
440 3830 800 3902 Euphemius
845 3841 901 3887 et
939 3833 1126 3897 locus,
1168 3832 1258 3886 cui
1305 3831 1547 3885 moriens
1593 3843 1797 3883 nomen

238 3916 290 3954 re
312 3910 462 3954 ιαιιιι.

238 3902 462 3969 reliquit.

298 3960 561 4024 XXXVII.
614 3968 737 4024 Τιτ.
781 3972 885 4035 Εις
923 3970 1247 4024 Ἐλλάδιον.
1296 3968 1557 4035 Quamvis
1599 3967 1796 4023 Billius

238 4039 287 4092 in
315 4043 454 4095 notis
493 4040 564 4093 ad
596 4039 851 4093 Carmina
883 4038 1120 4109 Gregorii
1167 4054 1287 4109 quae
1319 4039 1510 4100 edidit,
1546 4054 1654 4109 non
1687 4038 1797 4109 nisi

238 4126 389 4164 unum
424 4110 734 4165 Helladium
770 4108 1052 4179 agnoscat,
1079 4108 1217 4164 alius
1251 4109 1298 4164 is
1337 4116 1487 4162 certe
1510 4109 1577 4161 ab
1611 4108 1797 4179 Hella-

239 4181 317 4233 d‘o
352 4180 540 4236 Basilii
586 4180 766 4248 magni
811 4178 1171 4234 Successore:
1205 4180 1363 4241 alius,
1414 4180 1658 4246 inquam,
1690 4178 1794 4248 iste

236 4259 327 4313 est,
360 4246 804 4319 quandoquidem
843 4250 1131 4318 episcopus
1182 4249 1350 4319 fuisse
1393 4263 1668 4319 nunquam
1716 4246 1796 4300 le-

236 4318 391 4387 gitur,
426 4321 555 4373 imo.
574 4319 794 4388 juvenis
824 4320 981 4374 obiit.
1011 4318 1165 4385 Quod
1193 4318 1259 4371 ad
1284 4318 1550 4371 Eulalium
1577 4318 1790 4388 attinet,

236 4391 454 4457 primum
489 4387 613 4442 vita:
640 4389 955 4443 monasticae
980 4390 1285 4444 institutum
1315 4396 1577 4449 sectatus,
1598 4387 1795 4457 deinde

235 4456 286 4509 ut
308 4459 605 4513 verisimile
631 4465 738 4523 est,
768 4457 1030 4514 Ecclesia:
1069 4457 1450 4522 Nazianzcnae,
1487 4472 1619 4512 cura
1655 4456 1794 4510 Gre-

230 4528 379 4597 gorii,
406 4527 703 4597 praefectus
731 4534 837 4581 est.

295 4594 565 4653 XLJTIT.
591 4598 695 4661 Εις
725 4599 1144 4664 Μαρτινιανόν.
1177 4594 1309 4651 Gens
1341 4595 1793 4651 Martinianorum

1637 3534 1991 3610 ._._§Cl'Ipt|_III_I
2022 3535 2241 3610 an_._37l
2274 3565 2346 3575 --
2366 3533 2521 3610 A_lias
2546 3534 2807 3590 Murator.
2838 3535 2928 3591 48.
2971 3537 3033 3559 ⁸³⁸
3069 3534 3343 3610 Scriptum
3376 3554 3467 3594 an.

1108 3610 1198 3630 '“‘
1226 3606 1504 3677 Scriptum
1533 3621 1625 3660 an.
1649 3606 1775 3662 572.
1799 3634 1873 3646 —
1894 3606 2050 3662 Alias
2090 3606 2361 3660 Muralor-
2387 3606 2440 3660 5-

1896 3759 1999 3831 fuit
2031 3759 2310 3831 illustris;
2333 3759 2679 3831 plurimorum
2711 3760 2948 3831 meminit
2970 3758 3321 3823 Muratorius,
3352 3763 3471 3831 qui-

1896 3830 1993 3883 bus
2035 3829 2171 3883 alios
2204 3829 2400 3884 addere
2422 3829 2582 3897 facile
2620 3840 2773 3884 esset.
2812 3829 2942 3896 Quis
2993 3848 3110 3886 vero
3158 3833 3246 3885 ille
3280 3829 3373 3894 sit,
3403 3834 3471 3885 ad

1895 3915 2046 3969 quem
2069 3902 2366 3966 pertineant
2390 3900 2678 3969 epitaphia,
2698 3917 2800 3954 non
2828 3901 2998 3953 ausim
3022 3918 3275 3955 asserere.
3303 3902 3473 3967 Quid-

1896 3968 2022 4037 quid
2052 3970 2141 4032 sit,
2172 3970 2223 4039 is
2264 3970 2355 4023 ille
2386 3970 2533 4023 nobis
2571 3987 2681 4024 esse
2713 3969 3076 4023 Martinianus
3126 3973 3348 4034 videtur,
3382 3973 3472 4039 qui

1897 4040 2127 4108 primum
2150 4038 2368 4105 Africae,
2386 4039 2573 4093 deinde
2586 4040 2782 4101 Roman
2801 4049 2849 4093 et
2871 4050 3050 4107 postea
3074 4043 3167 4094 toti
3196 4038 3471 4108 praefectus

1900 4107 2079 4161 Italia:
2098 4108 2221 4176 fuit,
2248 4109 2316 4160 ad
2339 4125 2489 4179 quem
2510 4119 2683 4163 exstat
2718 4110 2910 4163 Basilii
2942 4109 3121 4179 Magni
3150 4107 3373 4179 epistola
3407 4113 3474 4167 '74

1900 4194 2045 4231 nova:
2069 4180 2194 4232 edit.
2230 4179 2400 4248 (tom.
2426 4178 2515 4242 Ill,
2550 4194 2670 4248 pag.
2698 4179 2857 4249 168),
2897 4178 3184 4243 οιξιηὸη,
3222 4199 3309 4234 an.
3343 4182 3470 4243 571,

1903 4264 2006 4317 qua
2036 4265 2153 4300 eum
2178 4258 2327 4315 rogat
2358 4257 2415 4300 ut
2456 4250 2823 4317 imperatorem
2860 4250 3038 4309 adeat,
3068 4260 3115 4303 et
3152 4251 3473 4305 demonstret

1903 4329 2105 4386 quanta
2135 4333 2201 4389 ea:
2231 4319 2575 4389 distractione
2605 4318 2951 4385 Cappadocia:
2985 4332 3367 4389 consequantur
3392 4324 3474 4375 in-

1902 4387 2196 4459 commoda.
2232 4387 2426 4459 Omnia
2451 4390 2780 4452 conveniunt,
2806 4390 2905 4442 υἰνὶ
2940 4391 3127 4443 merita
3150 4387 3334 4459 quali‘a
3362 4392 3474 4445 Ba-

1901 4458 2056 4510 silius
2099 4458 2452 4528 commendat,
2499 4475 2560 4510 ac
2606 4459 2783 4525 patria
2826 4475 2941 4526 quae
2978 4470 3027 4512 et
3062 4462 3117 4512 in
3139 4458 3289 4528 epist.
3332 4474 3380 4515 et
3400 4462 3474 4524 _in

1901 4528 2181 4595 epitaphiis
2221 4528 2277 4579 in
2298 4525 2688 4581 Martinianum
2711 4525 3061 4595 Cappadocia:
3094 4525 3301 4583 nomine
3332 4531 3472 4584 desi-

1900 4607 2095 4666 gnatur
2116 4610 2135 4649 .'
2169 4597 2266 4650 viri
2290 4606 2465 4651 autem
2492 4598 2681 4652 merita
2708 4614 2769 4653 ea
2796 4609 2918 4652 sunt
2948 4600 3011 4654 de
3030 4601 3215 4670 quibus
3240 4601 3474 4670 epistola:

1500 4755 1833 4816 METRICA
1885 4753 2181 4815 VERSIO.

232 4877 515 4952 Formosos
547 4881 776 4950 pulcher
800 4882 1030 4952 juvenes
1059 4882 1391 4952 Euphemius
1427 4884 1587 4950 inter,

296 4949 523 5023 Pulcher
550 4949 557 4950 ί
581 4963 632 5006 et
666 4952 718 5005 in
753 4949 898 5022 agris
926 4953 1014 5007 hic
1041 4949 1170 5022 ager
1202 4953 1434 5023 Elysius.

233 5018 355 5090 Iliae
392 5021 464 5073 ibi
496 5018 812 5077 convenere
831 5023 1025 5088 simul;
1059 5018 1181 5076 nam
1216 5018 1419 5076 lumina
1449 5022 1677 5090 clausit;

298 5088 399 5144 Sed
431 5100 592 5145 terra:
624 5106 824 5147 nomen
852 5093 1091 5148 contulit
1121 5094 1404 5149 eximium.

693 5197 898 5237 XXXVII.
939 5199 993 5237 IN
1028 5197 1357 5242 IIELLADIUII.

606 5273 709 5343 (Α.
738 5274 803 5327 Β.
827 5274 1045 5329 Gaillau
1074 5276 1401 5344 interprete.)

234 5358 450 5433 Semper
478 5373 657 5418 mente
690 5363 815 5432 polo
843 5379 1106 5433 praesens,
1140 5363 1368 5432 vestigia
1398 5371 1555 5417 terrae

293 5429 481 5503 Fiiisti
518 5429 796 5503 nunquam
835 5429 1055 5489 sordida
1086 5435 1170 5489 vel
1199 5429 1504 5487 minimum.

234 5499 351 5573 lude
379 5504 490 5557 cito
522 5499 781 5558 mundum
818 5505 1058 5573 liquisti:
1093 5503 1433 5573 amplexibus
1461 5518 1591 5558 ossa

293 5569 481 5627 Frater
509 5584 563 5627 at
588 5574 832 5628 Eulalius
859 5569 1005 5627 nunc
1029 5574 1161 5628 colit
1186 5569 1440 5627 Helladii.

802 5676 1030 5716 XXXVIII.
1064 5678 1249 5718 ALIUD.

713 5748 733 5819 (
750 5748 943 5803 Eodem
972 5747 1294 5816 interprete.)

234 5837 398 5897 Mente
430 5858 635 5911 senem,
659 5856 1024 5915 magnumque
1050 5840 1181 5909 Deo,
1206 5840 1545 5912 juvenilibus
1568 5842 1748 5909 annis,

1824 4893 1867 4948 Β
1964 4881 2248 4935 Victorum
2282 4881 2437 4936 locus
2468 4881 2557 4936 hic
2582 4881 2895 4937 Helladium
2929 4887 3106 4935 teneo.

1896 4950 2007 5007 Nec
2041 4952 2235 5007 subeat
2266 4953 2423 5007 livor.
2459 4952 2679 5008 Similes
2712 4953 2835 5005 tulit
2872 4951 2961 5005 ille
2991 4950 3231 5016 dolores,

1964 5021 2331 5095 Exstingueus
2360 5022 2537 5077 hostis
2571 5021 2777 5092 perﬁda
2811 5022 2913 5075 tela
2944 5020 3095 5073 mali.

2506 5128 2693 5166 XXXIX.
2726 5128 2906 5166 ALIUD.

2390 5203 2410 5271 (
2429 5201 2623 5256 Eodem
2656 5200 2978 5272 interprete.)

1900 5288 2389 5362 Spirastiipau'lum
2421 5292 2478 5346 in
2509 5290 2695 5362 terris.
2722 5290 2803 5346 sic
2827 5306 2995 5347 carne
3021 5290 3265 5362 iubente,

1973 5358 2027 5413 In
2057 5358 2213 5414 caelis
2245 5360 2439 5415 melior
2473 5361 2569 5415 sed
2599 5360 2697 5414 tibi
2733 5362 2841 5414 vita
2867 5358 3050 5426 datur,

1900 5428 2133 5505 Ile_|ladi,
2156 5430 2331 5505 honor
2353 5430 2555 5484 Christi
2584 5430 2830 5505 fulgens;
2856 5434 3002 5502 quod
3029 5432 3248 5505 vincula
3268 5437 3466 5505 praesto

1966 5498 2206 5569 Rupisti,
2236 5500 2341 5556 hoc
2374 5514 2586 5557 merces
2614 5502 2778 5572 digna
2810 5498 2999 5559 labore
3027 5502 3149 5559 tibi.

2528 5607 2617 5648 XL.
2657 5607 2837 5647 ALIUD.

2387 5683 2619 5752 (Eodem
2661 5685 2980 5756 interprete.)

1892 5770 2091 5828 Inlidas
2126 5774 2173 5830 si
2205 5777 2328 5846 quis
2357 5778 2474 5834 sitit
2508 5778 2649 5832 inter
2683 5778 2944 5832 Tantalus
2968 5777 3163 5845 undas,

1969 5845 2076 5899 Aut
2110 5845 2277 5918 capiti
2308 5856 2522 5907 terrens
2557 5847 2803 5905 imminet
2833 5863 3005 5919 usque
3035 5848 3205 5919 lapis:
