  <div class='ocr_page' id='page_1' title='image "/cluster/home/n/w/nwhite01/storage/ocr_20150623/38/hvd.32044014674576/033.png"; bbox 0 0 3892 6532; ppageno 0'>
   <div class='ocr_carea' id='block_1_1' title="bbox 472 424 3736 501">
    <p class='ocr_par' dir='ltr' id='par_1_1' title="bbox 472 424 3736 501">
     <span class='ocr_line' id='line_1_1' title="bbox 472 424 3736 501; baseline -0.001 -9"><span class='ocrx_word' id='word_1_1' title='bbox 472 440 534 492; x_wconf 69' lang='lat' dir='ltr'><strong>Di</strong></span> <span class='ocrx_word' id='word_1_2' title='bbox 1111 438 1173 494; x_wconf 87' lang='lat' dir='ltr'><strong>S.</strong></span> <span class='ocrx_word' id='word_1_3' title='bbox 1213 439 1538 496; x_wconf 76' lang='lat' dir='ltr'><strong>GREGORII</strong></span> <span class='ocrx_word' id='word_1_4' title='bbox 1577 440 1825 499; x_wconf 86' lang='lat' dir='ltr'><strong>TIIEOL.</strong></span> <span class='ocrx_word' id='word_1_5' title='bbox 1853 442 2220 501; x_wconf 82' lang='lat' dir='ltr'><strong>CARMINUM</strong></span> <span class='ocrx_word' id='word_1_6' title='bbox 2259 443 2463 500; x_wconf 83' lang='lat' dir='ltr'><strong>LIBER</strong></span> <span class='ocrx_word' id='word_1_7' title='bbox 2498 441 2563 496; x_wconf 90' lang='lat' dir='ltr'><strong>II.</strong></span> <span class='ocrx_word' id='word_1_8' title='bbox 2599 429 3000 497; x_wconf 78' lang='lat' dir='ltr'><strong>IIISTORICA.</strong></span> <span class='ocrx_word' id='word_1_9' title='bbox 3632 424 3736 488; x_wconf 61' lang='grc' dir='ltr'>ες</span> 
     </span>
    </p>
   </div>
   <div class='ocr_carea' id='block_1_2' title="bbox 471 554 3548 637">
    <p class='ocr_par' dir='ltr' id='par_1_2' title="bbox 471 554 3548 637">
     <span class='ocr_line' id='line_1_2' title="bbox 471 554 3548 637; baseline 0.001 -28"><span class='ocrx_word' id='word_1_10' title='bbox 471 556 656 611; x_wconf 81' lang='grc' dir='ltr'>Ταῦτα</span> <span class='ocrx_word' id='word_1_11' title='bbox 679 558 864 629; x_wconf 82' lang='grc' dir='ltr'>νόμοις</span> <span class='ocrx_word' id='word_1_12' title='bbox 889 559 1250 631; x_wconf 82' lang='grc' dir='ltr'><strong>προτέροισιν,</strong></span> <span class='ocrx_word' id='word_1_13' title='bbox 1271 562 1346 614; x_wconf 84' lang='grc' dir='ltr'><strong>ὅτ’</strong></span> <span class='ocrx_word' id='word_1_14' title='bbox 1368 561 1592 625; x_wconf 68' lang='grc' dir='ltr'>εἰκόνες.</span> <span class='ocrx_word' id='word_1_15' title='bbox 1610 563 1719 616; x_wconf 86' lang='grc' dir='ltr'><strong>Ἦδ’</strong></span> <span class='ocrx_word' id='word_1_16' title='bbox 1737 563 1826 636; x_wconf 74' lang='grc' dir='ltr'><strong>ἄρ’</strong></span> <span class='ocrx_word' id='word_1_17' title='bbox 1843 564 2039 637; x_wconf 81' lang='grc' dir='ltr'>ἑαυτὴν</span> <span class='ocrx_word' id='word_1_18' title='bbox 2067 573 2112 628; x_wconf 75' lang='grc' dir='ltr'><strong>Α</strong></span> <span class='ocrx_word' id='word_1_19' title='bbox 2141 563 2396 618; x_wconf 82' lang='grc' dir='ltr'>Γλῶσσαν</span> <span class='ocrx_word' id='word_1_20' title='bbox 2421 563 2506 616; x_wconf 77' lang='grc' dir='ltr'>ἐπ’</span> <span class='ocrx_word' id='word_1_21' title='bbox 2530 563 2821 632; x_wconf 76' lang='grc' dir='ltr'>εὐφήμοισι</span> <span class='ocrx_word' id='word_1_22' title='bbox 2851 556 3033 630; x_wconf 78' lang='grc' dir='ltr'>λόγοις</span> <span class='ocrx_word' id='word_1_23' title='bbox 3061 557 3254 629; x_wconf 72' lang='grc' dir='ltr'><strong>κληῗδα</strong></span> <span class='ocrx_word' id='word_1_24' title='bbox 3278 554 3548 628; x_wconf 78' lang='grc' dir='ltr'><strong>βαλέσθαι.</strong></span> 
     </span>
    </p>
   </div>
   <div class='ocr_carea' id='block_1_3' title="bbox 541 649 1857 727">
    <p class='ocr_par' dir='ltr' id='par_1_3' title="bbox 541 649 1857 727">
     <span class='ocr_line' id='line_1_3' title="bbox 541 649 1857 727; baseline 0.006 -25"><span class='ocrx_word' id='word_1_25' title='bbox 541 649 608 705; x_wconf 86' lang='grc'><strong>10</strong></span> <span class='ocrx_word' id='word_1_26' title='bbox 643 649 826 704; x_wconf 80' lang='grc' dir='ltr'>Δῶκεν</span> <span class='ocrx_word' id='word_1_27' title='bbox 858 650 965 720; x_wconf 82' lang='grc' dir='ltr'><strong>ὅλῳ</strong></span> <span class='ocrx_word' id='word_1_28' title='bbox 991 650 1171 721; x_wconf 80' lang='grc' dir='ltr'><strong>βιότῳ,</strong></span> <span class='ocrx_word' id='word_1_29' title='bbox 1203 651 1460 721; x_wconf 77' lang='grc' dir='ltr'>μάνθανε,</span> <span class='ocrx_word' id='word_1_30' title='bbox 1495 654 1588 707; x_wconf 72' lang='grc' dir='ltr'><strong>καὶ</strong></span> <span class='ocrx_word' id='word_1_31' title='bbox 1623 653 1857 727; x_wconf 79' lang='grc' dir='ltr'><strong>θανάτῳ.</strong></span> 
     </span>
    </p>
   </div>
   <div class='ocr_carea' id='block_1_4' title="bbox 1071 767 1429 820">
    <p class='ocr_par' dir='ltr' id='par_1_4' title="bbox 1071 767 1429 820">
     <span class='ocr_line' id='line_1_4' title="bbox 1071 767 1429 820; baseline 0.006 -2"><span class='ocrx_word' id='word_1_32' title='bbox 1071 767 1188 820; x_wconf 90' lang='lat' dir='ltr'><strong>OZ&#39;.</strong></span> <span class='ocrx_word' id='word_1_33' title='bbox 1231 768 1429 820; x_wconf 76' lang='grc' dir='ltr'>Ἄλλο.</span> 
     </span>
    </p>
   </div>
   <div class='ocr_carea' id='block_1_5' title="bbox 543 853 1946 932">
    <p class='ocr_par' dir='ltr' id='par_1_5' title="bbox 543 853 1946 932">
     <span class='ocr_line' id='line_1_5' title="bbox 543 853 1946 932; baseline 0.008 -26"><span class='ocrx_word' id='word_1_34' title='bbox 543 853 757 917; x_wconf 82' lang='grc' dir='ltr'>Ἀλλοις</span> <span class='ocrx_word' id='word_1_35' title='bbox 785 855 882 924; x_wconf 81' lang='grc' dir='ltr'><strong>μὲν</strong></span> <span class='ocrx_word' id='word_1_36' title='bbox 913 855 1120 924; x_wconf 84' lang='grc' dir='ltr'>Νόννης</span> <span class='ocrx_word' id='word_1_37' title='bbox 1149 873 1230 920; x_wconf 88' lang='grc' dir='ltr'>τις</span> <span class='ocrx_word' id='word_1_38' title='bbox 1259 857 1436 926; x_wconf 83' lang='grc' dir='ltr'>ἁγνῶν</span> <span class='ocrx_word' id='word_1_39' title='bbox 1466 861 1728 914; x_wconf 77' lang='grc' dir='ltr'>ὲσυΑοισιν</span> <span class='ocrx_word' id='word_1_40' title='bbox 1760 863 1946 932; x_wconf 79' lang='grc' dir='ltr'><strong>ἐρίζοι,</strong></span> 
     </span>
    </p>
   </div>
   <div class='ocr_carea' id='block_1_6' title="bbox 467 943 1861 1022">
    <p class='ocr_par' dir='ltr' id='par_1_6' title="bbox 467 943 1861 1022">
     <span class='ocr_line' id='line_1_6' title="bbox 467 943 1861 1022; baseline 0.007 -26"><span class='ocrx_word' id='word_1_41' title='bbox 467 943 726 1015; x_wconf 76' lang='grc' dir='ltr'>Εὗχωλῆς</span> <span class='ocrx_word' id='word_1_42' title='bbox 756 945 812 999; x_wconf 86' lang='grc' dir='ltr'><strong>δὲ</strong></span> <span class='ocrx_word' id='word_1_43' title='bbox 846 947 1118 1017; x_wconf 85' lang='grc' dir='ltr'>μέτροισιν</span> <span class='ocrx_word' id='word_1_44' title='bbox 1139 948 1388 1019; x_wconf 75' lang='grc' dir='ltr'>ἐριζέμεν</span> <span class='ocrx_word' id='word_1_45' title='bbox 1414 951 1473 1002; x_wconf 85' lang='grc' dir='ltr'>οὑ</span> <span class='ocrx_word' id='word_1_46' title='bbox 1509 949 1665 1022; x_wconf 80' lang='grc' dir='ltr'><strong>θέμις</strong></span> <span class='ocrx_word' id='word_1_47' title='bbox 1695 955 1861 1019; x_wconf 71' lang='grc' dir='ltr'>ἐστὶν,</span> 
     </span>
    </p>
   </div>
   <div class='ocr_carea' id='block_1_7' title="bbox 469 1037 1721 1112">
    <p class='ocr_par' dir='ltr' id='par_1_7' title="bbox 469 1037 1721 1112">
     <span class='ocr_line' id='line_1_7' title="bbox 469 1037 1721 1112; baseline 0.006 -22"><span class='ocrx_word' id='word_1_48' title='bbox 469 1037 698 1109; x_wconf 82' lang='grc' dir='ltr'>Τέκμαρ</span> <span class='ocrx_word' id='word_1_49' title='bbox 725 1039 816 1092; x_wconf 77' lang='grc' dir='ltr'><strong>καὶ</strong></span> <span class='ocrx_word' id='word_1_50' title='bbox 851 1039 1048 1110; x_wconf 86' lang='grc' dir='ltr'>βιότοιο</span> <span class='ocrx_word' id='word_1_51' title='bbox 1073 1040 1222 1104; x_wconf 86' lang='grc' dir='ltr'>τέλος</span> <span class='ocrx_word' id='word_1_52' title='bbox 1243 1041 1418 1112; x_wconf 80' lang='grc' dir='ltr'>λιτῇσι</span> <span class='ocrx_word' id='word_1_53' title='bbox 1454 1042 1721 1107; x_wconf 81' lang='grc' dir='ltr'><strong>λυθέντος.</strong></span> 
     </span>
    </p>
   </div>
   <div class='ocr_carea' id='block_1_8' title="bbox 468 1127 1976 1204">
    <p class='ocr_par' dir='ltr' id='par_1_8' title="bbox 468 1127 1976 1204">
     <span class='ocr_line' id='line_1_8' title="bbox 468 1127 1976 1204; baseline 0.009 -26"><span class='ocrx_word' id='word_1_54' title='bbox 468 1127 535 1178; x_wconf 83' lang='grc' dir='ltr'><strong>’Ὢ</strong></span> <span class='ocrx_word' id='word_1_55' title='bbox 564 1128 833 1199; x_wconf 84' lang='grc' dir='ltr'>στοναχῶν</span> <span class='ocrx_word' id='word_1_56' title='bbox 864 1129 1110 1200; x_wconf 81' lang='grc' dir='ltr'><strong>δακρύων</strong></span> <span class='ocrx_word' id='word_1_57' title='bbox 1148 1147 1206 1182; x_wconf 84' lang='grc' dir='ltr'><strong>τε</strong></span> <span class='ocrx_word' id='word_1_58' title='bbox 1232 1131 1324 1184; x_wconf 82' lang='grc' dir='ltr'><strong>καὶ</strong></span> <span class='ocrx_word' id='word_1_59' title='bbox 1348 1131 1604 1202; x_wconf 83' lang='grc' dir='ltr'>ὲννυχίων</span> <span class='ocrx_word' id='word_1_60' title='bbox 1634 1133 1976 1204; x_wconf 73' lang='grc' dir='ltr'>μελεοωνωνῐ</span> 
     </span>
    </p>
   </div>
   <div class='ocr_carea' id='block_1_9' title="bbox 472 1215 1872 1292">
    <p class='ocr_par' dir='ltr' id='par_1_9' title="bbox 472 1215 1872 1292">
     <span class='ocr_line' id='line_1_9' title="bbox 472 1215 1872 1292; baseline 0.007 -21"><span class='ocrx_word' id='word_1_61' title='bbox 472 1218 506 1271; x_wconf 84' lang='grc'><strong>5</strong></span> <span class='ocrx_word' id='word_1_62' title='bbox 541 1215 610 1271; x_wconf 80' lang='grc' dir='ltr'><strong><em>Ὦ</em></strong></span> <span class='ocrx_word' id='word_1_63' title='bbox 638 1220 842 1290; x_wconf 85' lang='grc' dir='ltr'>Νόννης</span> <span class='ocrx_word' id='word_1_64' title='bbox 867 1219 1064 1291; x_wconf 83' lang='grc' dir='ltr'>ζαθέης</span> <span class='ocrx_word' id='word_1_65' title='bbox 1099 1223 1444 1292; x_wconf 80' lang='grc' dir='ltr'>τετρυμμένα</span> <span class='ocrx_word' id='word_1_66' title='bbox 1470 1228 1595 1292; x_wconf 82' lang='grc' dir='ltr'>γυῖα</span> <span class='ocrx_word' id='word_1_67' title='bbox 1629 1225 1832 1280; x_wconf 85' lang='grc' dir='ltr'>πόνοισι</span> <span class='ocrx_word' id='word_1_68' title='bbox 1859 1230 1872 1282; x_wconf 75' lang='grc' dir='ltr'>ε</span> 
     </span>
    </p>
   </div>
   <div class='ocr_carea' id='block_1_10' title="bbox 471 1309 1931 1389">
    <p class='ocr_par' dir='ltr' id='par_1_10' title="bbox 471 1309 1931 1389">
     <span class='ocr_line' id='line_1_10' title="bbox 471 1309 1931 1389; baseline 0.009 -29"><span class='ocrx_word' id='word_1_69' title='bbox 471 1309 581 1361; x_wconf 87' lang='grc' dir='ltr'>Ποῦ</span> <span class='ocrx_word' id='word_1_70' title='bbox 617 1311 734 1362; x_wconf 84' lang='grc' dir='ltr'>ποτ’</span> <span class='ocrx_word' id='word_1_71' title='bbox 755 1312 870 1379; x_wconf 76' lang='grc' dir='ltr'><strong>ἔην,</strong></span> <span class='ocrx_word' id='word_1_72' title='bbox 893 1311 1018 1382; x_wconf 82' lang='grc' dir='ltr'>νηὸς</span> <span class='ocrx_word' id='word_1_73' title='bbox 1041 1311 1254 1382; x_wconf 83' lang='grc' dir='ltr'>μόχθων</span> <span class='ocrx_word' id='word_1_74' title='bbox 1283 1314 1410 1366; x_wconf 74' lang='grc' dir='ltr'>λῦσε</span> <span class='ocrx_word' id='word_1_75' title='bbox 1436 1316 1610 1387; x_wconf 80' lang='grc' dir='ltr'>γῆρας</span> <span class='ocrx_word' id='word_1_76' title='bbox 1626 1316 1931 1389; x_wconf 81' lang='grc' dir='ltr'>ἄκαμπτον.</span> 
     </span>
    </p>
   </div>
   <div class='ocr_carea' id='block_1_11' title="bbox 1076 1424 1440 1480">
    <p class='ocr_par' dir='ltr' id='par_1_11' title="bbox 1076 1424 1440 1480">
     <span class='ocr_line' id='line_1_11' title="bbox 1076 1424 1440 1480; baseline 0.011 -5"><span class='ocrx_word' id='word_1_77' title='bbox 1076 1424 1200 1478; x_wconf 84' lang='grc' dir='ltr'>ΟΗ’.</span> <span class='ocrx_word' id='word_1_78' title='bbox 1245 1426 1440 1480; x_wconf 76' lang='grc' dir='ltr'>Ἄλλο.</span> 
     </span>
    </p>
   </div>
   <div class='ocr_carea' id='block_1_12' title="bbox 543 1509 1914 1592">
    <p class='ocr_par' dir='ltr' id='par_1_12' title="bbox 543 1509 1914 1592">
     <span class='ocr_line' id='line_1_12' title="bbox 543 1509 1914 1592; baseline 0.009 -29"><span class='ocrx_word' id='word_1_79' title='bbox 543 1509 842 1582; x_wconf 78' lang='grc' dir='ltr'>Εὑχομένη,</span> <span class='ocrx_word' id='word_1_80' title='bbox 878 1512 1084 1582; x_wconf 83' lang='grc' dir='ltr'>βοόωσα</span> <span class='ocrx_word' id='word_1_81' title='bbox 1119 1515 1246 1584; x_wconf 80' lang='grc' dir='ltr'>παρ’</span> <span class='ocrx_word' id='word_1_82' title='bbox 1269 1517 1590 1590; x_wconf 74' lang='grc' dir='ltr'>ἁγνοτάτῃσι</span> <span class='ocrx_word' id='word_1_83' title='bbox 1614 1522 1914 1592; x_wconf 78' lang='grc' dir='ltr'>τραπέζαις</span> 
     </span>
    </p>
   </div>
   <div class='ocr_carea' id='block_1_13' title="bbox 473 1601 1806 1679">
    <p class='ocr_par' dir='ltr' id='par_1_13' title="bbox 473 1601 1806 1679">
     <span class='ocr_line' id='line_1_13' title="bbox 473 1601 1806 1679; baseline 0.01 -26"><span class='ocrx_word' id='word_1_84' title='bbox 473 1601 649 1654; x_wconf 78' lang='grc' dir='ltr'>Νόννα</span> <span class='ocrx_word' id='word_1_85' title='bbox 681 1602 811 1674; x_wconf 81' lang='grc' dir='ltr'><strong>λύθη</strong></span> <span class='ocrx_word' id='word_1_86' title='bbox 834 1619 847 1632; x_wconf 86' lang='lat'><strong><em>°</em></strong></span> <span class='ocrx_word' id='word_1_87' title='bbox 887 1607 1036 1675; x_wconf 75' lang='grc' dir='ltr'>φωνὴ</span> <span class='ocrx_word' id='word_1_88' title='bbox 1064 1607 1108 1659; x_wconf 76' lang='grc' dir='ltr'><strong>δ’</strong></span> <span class='ocrx_word' id='word_1_89' title='bbox 1135 1607 1312 1678; x_wconf 82' lang='grc' dir='ltr'><strong>ἐδέθη,</strong></span> <span class='ocrx_word' id='word_1_90' title='bbox 1339 1610 1433 1662; x_wconf 81' lang='grc' dir='ltr'>καὶ</span> <span class='ocrx_word' id='word_1_91' title='bbox 1463 1611 1640 1679; x_wconf 82' lang='grc' dir='ltr'>χείλεα</span> <span class='ocrx_word' id='word_1_92' title='bbox 1668 1613 1806 1666; x_wconf 74' lang='grc' dir='ltr'>καλὰ</span> 
     </span>
    </p>
   </div>
   <div class='ocr_carea' id='block_1_14' title="bbox 473 1691 1885 1774">
    <p class='ocr_par' dir='ltr' id='par_1_14' title="bbox 473 1691 1885 1774">
     <span class='ocr_line' id='line_1_14' title="bbox 473 1691 1885 1774; baseline 0.01 -31"><span class='ocrx_word' id='word_1_93' title='bbox 473 1691 768 1766; x_wconf 77' lang='grc' dir='ltr'>Γηραλέης.</span> <span class='ocrx_word' id='word_1_94' title='bbox 795 1695 860 1746; x_wconf 87' lang='grc' dir='ltr'><strong>Τί</strong></span> <span class='ocrx_word' id='word_1_95' title='bbox 882 1696 941 1749; x_wconf 83' lang='grc' dir='ltr'>τὸ</span> <span class='ocrx_word' id='word_1_96' title='bbox 974 1694 1189 1766; x_wconf 85' lang='grc' dir='ltr'>θαῦμα;</span> <span class='ocrx_word' id='word_1_97' title='bbox 1215 1697 1348 1763; x_wconf 88' lang='grc' dir='ltr'>Θεὸς</span> <span class='ocrx_word' id='word_1_98' title='bbox 1381 1699 1529 1753; x_wconf 90' lang='grc' dir='ltr'>θέλεν</span> <span class='ocrx_word' id='word_1_99' title='bbox 1557 1702 1885 1774; x_wconf 78' lang='grc' dir='ltr'>ὑμνητείραν</span> 
     </span>
    </p>
   </div>
   <div class='ocr_carea' id='block_1_15' title="bbox 2143 651 3590 728">
    <p class='ocr_par' dir='ltr' id='par_1_15' title="bbox 2143 651 3590 728">
     <span class='ocr_line' id='line_1_15' title="bbox 2143 651 3590 728; baseline -0.008 -14"><span class='ocrx_word' id='word_1_100' title='bbox 2143 660 2177 714; x_wconf 85' lang='grc'>5</span> <span class='ocrx_word' id='word_1_101' title='bbox 2216 659 2323 711; x_wconf 78' lang='grc' dir='ltr'><strong>Καὶ</strong></span> <span class='ocrx_word' id='word_1_102' title='bbox 2349 656 2444 711; x_wconf 90' lang='grc' dir='ltr'><strong>νῦν</strong></span> <span class='ocrx_word' id='word_1_103' title='bbox 2467 656 2756 728; x_wconf 76' lang='grc' dir='ltr'>οὐρανόθεν</span> <span class='ocrx_word' id='word_1_104' title='bbox 2789 653 2912 726; x_wconf 84' lang='grc' dir='ltr'>μέγ’</span> <span class='ocrx_word' id='word_1_105' title='bbox 2941 653 3228 724; x_wconf 76' lang='grc' dir='ltr'>ἐπεύχεται</span> <span class='ocrx_word' id='word_1_106' title='bbox 3253 651 3590 723; x_wconf 80' lang='grc' dir='ltr'>ἡμετέροισιν</span> 
     </span>
    </p>
   </div>
   <div class='ocr_carea' id='block_1_16' title="bbox 2143 743 3508 821">
    <p class='ocr_par' dir='ltr' id='par_1_16' title="bbox 2143 743 3508 821">
     <span class='ocr_line' id='line_1_16' title="bbox 2143 743 3508 821; baseline -0.005 -18"><span class='ocrx_word' id='word_1_107' title='bbox 2143 750 2441 821; x_wconf 73' lang='grc' dir='ltr'>Εὑχωλαῖς,</span> <span class='ocrx_word' id='word_1_108' title='bbox 2478 751 2571 803; x_wconf 76' lang='grc' dir='ltr'>καὶ</span> <span class='ocrx_word' id='word_1_109' title='bbox 2595 749 2787 802; x_wconf 78' lang='grc' dir='ltr'>πόντον</span> <span class='ocrx_word' id='word_1_110' title='bbox 2811 747 3056 818; x_wconf 83' lang='grc' dir='ltr'>ὲκοίμισε</span> <span class='ocrx_word' id='word_1_111' title='bbox 3087 746 3263 800; x_wconf 83' lang='grc' dir='ltr'>Νόννα</span> <span class='ocrx_word' id='word_1_112' title='bbox 3289 743 3508 815; x_wconf 84' lang='grc' dir='ltr'>θεουδὴς</span> 
     </span>
    </p>
   </div>
   <div class='ocr_carea' id='block_1_17' title="bbox 2143 836 3568 910">
    <p class='ocr_par' dir='ltr' id='par_1_17' title="bbox 2143 836 3568 910">
     <span class='ocr_line' id='line_1_17' title="bbox 2143 836 3568 910; baseline -0.006 -16"><span class='ocrx_word' id='word_1_113' title='bbox 2143 837 2238 904; x_wconf 75' lang='grc' dir='ltr'><strong>Οἷς</strong></span> <span class='ocrx_word' id='word_1_114' title='bbox 2269 841 2514 894; x_wconf 73' lang='grc' dir='ltr'>τεκέεσσί</span> <span class='ocrx_word' id='word_1_115' title='bbox 2541 841 2712 910; x_wconf 79' lang='grc' dir='ltr'>φίλοις</span> <span class='ocrx_word' id='word_1_116' title='bbox 2730 857 2742 869; x_wconf 89' lang='grc'>·</span> <span class='ocrx_word' id='word_1_117' title='bbox 2770 841 2862 893; x_wconf 72' lang='grc' dir='ltr'><strong>καὶ</strong></span> <span class='ocrx_word' id='word_1_118' title='bbox 2891 842 2954 892; x_wconf 83' lang='grc' dir='ltr'><strong>ὲκ</strong></span> <span class='ocrx_word' id='word_1_119' title='bbox 2981 838 3231 909; x_wconf 83' lang='grc' dir='ltr'>περάτων</span> <span class='ocrx_word' id='word_1_120' title='bbox 3256 836 3568 906; x_wconf 78' lang='grc' dir='ltr'>συνάγειρεν</span> 
     </span>
    </p>
   </div>
   <div class='ocr_carea' id='block_1_18' title="bbox 2146 925 3502 999">
    <p class='ocr_par' dir='ltr' id='par_1_18' title="bbox 2146 925 3502 999">
     <span class='ocr_line' id='line_1_18' title="bbox 2146 925 3502 999; baseline -0.004 -17"><span class='ocrx_word' id='word_1_121' title='bbox 2146 931 2420 999; x_wconf 82' lang='grc' dir='ltr'>Ἀντολίης</span> <span class='ocrx_word' id='word_1_122' title='bbox 2443 929 2621 992; x_wconf 81' lang='grc' dir='ltr'>δύσιός</span> <span class='ocrx_word' id='word_1_123' title='bbox 2650 947 2710 982; x_wconf 88' lang='grc' dir='ltr'><strong>τε</strong></span> <span class='ocrx_word' id='word_1_124' title='bbox 2743 927 3070 999; x_wconf 79' lang='grc' dir='ltr'>μεγακλέας,</span> <span class='ocrx_word' id='word_1_125' title='bbox 3106 927 3166 979; x_wconf 82' lang='grc' dir='ltr'><strong>οὐ</strong></span> <span class='ocrx_word' id='word_1_126' title='bbox 3201 925 3502 987; x_wconf 82' lang='grc' dir='ltr'>δοκέοντας,</span> 
     </span>
    </p>
   </div>
   <div class='ocr_carea' id='block_1_19' title="bbox 2145 1013 3731 1094">
    <p class='ocr_par' dir='ltr' id='par_1_19' title="bbox 2145 1013 3731 1094">
     <span class='ocr_line' id='line_1_19' title="bbox 2145 1013 3731 1094; baseline -0.008 -17"><span class='ocrx_word' id='word_1_127' title='bbox 2145 1022 2364 1094; x_wconf 71' lang='grc' dir='ltr'>Μητρὸς</span> <span class='ocrx_word' id='word_1_128' title='bbox 2403 1022 2560 1094; x_wconf 82' lang='grc' dir='ltr'>ἔρως,</span> <span class='ocrx_word' id='word_1_129' title='bbox 2599 1019 2784 1074; x_wconf 79' lang='grc' dir='ltr'>νοῦσον</span> <span class='ocrx_word' id='word_1_130' title='bbox 2814 1037 2873 1073; x_wconf 86' lang='grc' dir='ltr'><strong>τε</strong></span> <span class='ocrx_word' id='word_1_131' title='bbox 2901 1018 3102 1091; x_wconf 81' lang='grc' dir='ltr'>πικρὴν</span> <span class='ocrx_word' id='word_1_132' title='bbox 3125 1015 3464 1088; x_wconf 74' lang='grc' dir='ltr'>ἀποέργαθεν</span> <span class='ocrx_word' id='word_1_133' title='bbox 3495 1013 3731 1085; x_wconf 79' lang='grc' dir='ltr'>ἀνδρός.</span> 
     </span>
    </p>
   </div>
   <div class='ocr_carea' id='block_1_20' title="bbox 2147 1105 3676 1185">
    <p class='ocr_par' dir='ltr' id='par_1_20' title="bbox 2147 1105 3676 1185">
     <span class='ocr_line' id='line_1_20' title="bbox 2147 1105 3676 1185; baseline -0.005 -16"><span class='ocrx_word' id='word_1_134' title='bbox 2147 1117 2212 1170; x_wconf 90' lang='grc'><strong>10</strong></span> <span class='ocrx_word' id='word_1_135' title='bbox 2251 1115 2578 1185; x_wconf 82' lang='grc' dir='ltr'>Λισσομένη,</span> <span class='ocrx_word' id='word_1_136' title='bbox 2611 1113 2730 1167; x_wconf 81' lang='grc' dir='ltr'>τόδε</span> <span class='ocrx_word' id='word_1_137' title='bbox 2760 1112 2963 1182; x_wconf 87' lang='grc' dir='ltr'>θαῦμα,</span> <span class='ocrx_word' id='word_1_138' title='bbox 2994 1111 3148 1164; x_wconf 84' lang='grc' dir='ltr'>λίπεν</span> <span class='ocrx_word' id='word_1_139' title='bbox 3183 1109 3295 1181; x_wconf 78' lang='grc' dir='ltr'>βίον</span> <span class='ocrx_word' id='word_1_140' title='bbox 3324 1107 3490 1162; x_wconf 78' lang='grc' dir='ltr'>ἔνδοθι</span> <span class='ocrx_word' id='word_1_141' title='bbox 3523 1105 3676 1178; x_wconf 80' lang='grc' dir='ltr'>νηοῦ.</span> 
     </span>
    </p>
   </div>
   <div class='ocr_carea' id='block_1_21' title="bbox 2750 1222 3114 1280">
    <p class='ocr_par' dir='ltr' id='par_1_21' title="bbox 2750 1222 3114 1280">
     <span class='ocr_line' id='line_1_21' title="bbox 2750 1222 3114 1280; baseline -0.008 -3"><span class='ocrx_word' id='word_1_142' title='bbox 2750 1222 2866 1280; x_wconf 82' lang='grc' dir='ltr'>ΟΘ’.</span> <span class='ocrx_word' id='word_1_143' title='bbox 2915 1225 3114 1278; x_wconf 72' lang='grc' dir='ltr'>Ἄλλο.</span> 
     </span>
    </p>
   </div>
   <div class='ocr_carea' id='block_1_22' title="bbox 2150 1308 3730 1390">
    <p class='ocr_par' dir='ltr' id='par_1_22' title="bbox 2150 1308 3730 1390">
     <span class='ocr_line' id='line_1_22' title="bbox 2150 1308 3730 1390; baseline -0.008 -16"><span class='ocrx_word' id='word_1_144' title='bbox 2150 1321 2272 1384; x_wconf 80' lang='grc' dir='ltr'><strong>Πῶς</strong></span> <span class='ocrx_word' id='word_1_145' title='bbox 2301 1321 2478 1386; x_wconf 81' lang='grc' dir='ltr'>θάνεν,</span> <span class='ocrx_word' id='word_1_146' title='bbox 2504 1319 2536 1390; x_wconf 85' lang='grc' dir='ltr'>ἦ</span> <span class='ocrx_word' id='word_1_147' title='bbox 2570 1318 2872 1390; x_wconf 80' lang='grc' dir='ltr'>περίόωτον</span> <span class='ocrx_word' id='word_1_148' title='bbox 2901 1318 3039 1388; x_wconf 83' lang='grc' dir='ltr'><strong>ὲμῆς</strong></span> <span class='ocrx_word' id='word_1_149' title='bbox 3067 1315 3216 1378; x_wconf 82' lang='grc' dir='ltr'>τέλος</span> <span class='ocrx_word' id='word_1_150' title='bbox 3249 1312 3438 1368; x_wconf 78' lang='grc' dir='ltr'>ἔπλετο</span> <span class='ocrx_word' id='word_1_151' title='bbox 3471 1308 3679 1382; x_wconf 82' lang='grc' dir='ltr'>μητρός</span> <span class='ocrx_word' id='word_1_152' title='bbox 3703 1321 3730 1373; x_wconf 87' lang='lat'><strong>;</strong></span> 
     </span>
    </p>
   </div>
   <div class='ocr_carea' id='block_1_23' title="bbox 2219 1405 3372 1479">
    <p class='ocr_par' dir='ltr' id='par_1_23' title="bbox 2219 1405 3372 1479">
     <span class='ocr_line' id='line_1_23' title="bbox 2219 1405 3372 1479; baseline -0.003 -18"><span class='ocrx_word' id='word_1_153' title='bbox 2219 1408 2530 1479; x_wconf 81' lang='grc' dir='ltr'>Εὺχομένης</span> <span class='ocrx_word' id='word_1_154' title='bbox 2561 1407 2706 1479; x_wconf 76' lang='grc' dir='ltr'>ψυχὴ</span> <span class='ocrx_word' id='word_1_155' title='bbox 2734 1408 2870 1478; x_wconf 85' lang='grc' dir='ltr'>πρὸς</span> <span class='ocrx_word' id='word_1_156' title='bbox 2901 1407 3032 1460; x_wconf 78' lang='grc' dir='ltr'>Θεὸν</span> <span class='ocrx_word' id='word_1_157' title='bbox 3065 1405 3217 1476; x_wconf 78' lang='grc' dir='ltr'>ἦλατ’</span> <span class='ocrx_word' id='word_1_158' title='bbox 3242 1405 3372 1458; x_wconf 80' lang='grc' dir='ltr'>ἄνω.</span> 
     </span>
    </p>
   </div>
   <div class='ocr_carea' id='block_1_24' title="bbox 2369 1520 3090 1576">
    <p class='ocr_par' dir='ltr' id='par_1_24' title="bbox 2369 1520 3090 1576">
     <span class='ocr_line' id='line_1_24' title="bbox 2369 1520 3090 1576; baseline 0.004 -6"><span class='ocrx_word' id='word_1_159' title='bbox 2369 1559 2372 1570; x_wconf 95' lang='grc'><strong>.</strong></span> <span class='ocrx_word' id='word_1_160' title='bbox 2767 1520 2848 1576; x_wconf 92' lang='lat' dir='ltr'><strong>II&#39;.</strong></span> <span class='ocrx_word' id='word_1_161' title='bbox 2880 1521 3090 1575; x_wconf 76' lang='grc' dir='ltr'>Ἀλλο.</span> 
     </span>
    </p>
   </div>
   <div class='ocr_carea' id='block_1_25' title="bbox 2150 1608 3618 1684">
    <p class='ocr_par' dir='ltr' id='par_1_25' title="bbox 2150 1608 3618 1684">
     <span class='ocr_line' id='line_1_25' title="bbox 2150 1608 3618 1684; baseline -0.005 -17"><span class='ocrx_word' id='word_1_162' title='bbox 2150 1613 2317 1667; x_wconf 85' lang='grc' dir='ltr'>Ἔνθα</span> <span class='ocrx_word' id='word_1_163' title='bbox 2345 1615 2463 1666; x_wconf 78' lang='grc' dir='ltr'>ποτ’</span> <span class='ocrx_word' id='word_1_164' title='bbox 2495 1613 2790 1684; x_wconf 74' lang='grc' dir='ltr'>εὐχομένης</span> <span class='ocrx_word' id='word_1_165' title='bbox 2821 1611 2966 1682; x_wconf 71' lang='grc' dir='ltr'>ψυχὴ</span> <span class='ocrx_word' id='word_1_166' title='bbox 2992 1612 3156 1683; x_wconf 81' lang='grc' dir='ltr'>δέμας</span> <span class='ocrx_word' id='word_1_167' title='bbox 3179 1610 3358 1663; x_wconf 77' lang='grc' dir='ltr'>ἔλλιπε</span> <span class='ocrx_word' id='word_1_168' title='bbox 3385 1608 3585 1677; x_wconf 83' lang='grc' dir='ltr'>Νὸννης</span> <span class='ocrx_word' id='word_1_169' title='bbox 3603 1619 3618 1635; x_wconf 82' lang='grc'><strong>⁸</strong></span> 
     </span>
    </p>
   </div>
   <div class='ocr_carea' id='block_1_26' title="bbox 2216 1702 3358 1777">
    <p class='ocr_par' dir='ltr' id='par_1_26' title="bbox 2216 1702 3358 1777">
     <span class='ocr_line' id='line_1_26' title="bbox 2216 1702 3358 1777; baseline -0.004 -17"><span class='ocrx_word' id='word_1_170' title='bbox 2216 1705 2407 1761; x_wconf 87' lang='grc' dir='ltr'>Ἔνθεν</span> <span class='ocrx_word' id='word_1_171' title='bbox 2443 1705 2683 1777; x_wconf 74' lang='grc' dir='ltr'>ἀνηέρθη</span> <span class='ocrx_word' id='word_1_172' title='bbox 2708 1705 2885 1758; x_wconf 79' lang='grc' dir='ltr'>Νόννα</span> <span class='ocrx_word' id='word_1_173' title='bbox 2922 1703 3152 1757; x_wconf 80' lang='grc' dir='ltr'>λιποῦσα</span> <span class='ocrx_word' id='word_1_174' title='bbox 3170 1702 3358 1773; x_wconf 85' lang='grc' dir='ltr'>δέμας.</span> 
     </span>
    </p>
   </div>
   <div class='ocr_carea' id='block_1_27' title="bbox 975 1849 3028 1932">
    <p class='ocr_par' dir='ltr' id='par_1_27' title="bbox 975 1849 3028 1932">
     <span class='ocr_line' id='line_1_27' title="bbox 975 1849 3028 1932; baseline 0.005 -30"><span class='ocrx_word' id='word_1_175' title='bbox 975 1849 1235 1932; x_wconf 47' lang='lat' dir='ltr'><strong>Ilicchsub</strong></span> <span class='ocrx_word' id='word_1_176' title='bbox 1259 1855 1820 1932; x_wconf 36' lang='lat' dir='ltr'><strong>priore-legequando</strong></span> <span class='ocrx_word' id='word_1_177' title='bbox 1841 1859 2160 1914; x_wconf 89' lang='lat' dir='ltr'><strong>obtinebant</strong></span> <span class='ocrx_word' id='word_1_178' title='bbox 2189 1861 2391 1932; x_wconf 56' lang='lat' dir='ltr'><strong>ﬁgurae.</strong></span> <span class='ocrx_word' id='word_1_179' title='bbox 2426 1859 2548 1916; x_wconf 65' lang='lat' dir='ltr'><strong>IIaac</strong></span> <span class='ocrx_word' id='word_1_180' title='bbox 2580 1867 2758 1916; x_wconf 90' lang='lat' dir='ltr'><strong>autem</strong></span> <span class='ocrx_word' id='word_1_181' title='bbox 2793 1858 3028 1931; x_wconf 88' lang='lat' dir='ltr'><strong>seipsam</strong></span> 
     </span>
    </p>
   </div>
   <div class='ocr_carea' id='block_1_28' title="bbox 924 1921 2100 1992">
    <p class='ocr_par' dir='ltr' id='par_1_28' title="bbox 924 1921 2100 1992">
     <span class='ocr_line' id='line_1_28' title="bbox 924 1921 2100 1992; baseline 0.009 -18"><span class='ocrx_word' id='word_1_182' title='bbox 924 1982 931 1989; x_wconf 88' lang='lat'><em>_</em></span> <span class='ocrx_word' id='word_1_183' title='bbox 976 1921 1045 1975; x_wconf 93' lang='grc'><strong>10</strong></span> <span class='ocrx_word' id='word_1_184' title='bbox 1083 1921 1239 1976; x_wconf 91' lang='lat' dir='ltr'><strong>Dedit</strong></span> <span class='ocrx_word' id='word_1_185' title='bbox 1267 1935 1374 1978; x_wconf 87' lang='lat' dir='ltr'><strong>tota</strong></span> <span class='ocrx_word' id='word_1_186' title='bbox 1404 1921 1538 1990; x_wconf 63' lang='lat' dir='ltr'><strong>vita,</strong></span> <span class='ocrx_word' id='word_1_187' title='bbox 1563 1921 1782 1992; x_wconf 81' lang='lat' dir='ltr'><strong>discito,</strong></span> <span class='ocrx_word' id='word_1_188' title='bbox 1815 1938 1869 1984; x_wconf 89' lang='lat' dir='ltr'><strong>et</strong></span> <span class='ocrx_word' id='word_1_189' title='bbox 1910 1943 2100 1986; x_wconf 85' lang='lat' dir='ltr'><strong>morte.</strong></span> 
     </span>
    </p>
   </div>
   <div class='ocr_carea' id='block_1_29' title="bbox 1846 2019 2352 2076">
    <p class='ocr_par' dir='ltr' id='par_1_29' title="bbox 1846 2019 2352 2076">
     <span class='ocr_line' id='line_1_29' title="bbox 1846 2019 2352 2076; baseline 0.006 -3"><span class='ocrx_word' id='word_1_190' title='bbox 1846 2019 2097 2075; x_wconf 79' lang='lat' dir='ltr'><strong>LXXVII.</strong></span> <span class='ocrx_word' id='word_1_191' title='bbox 2130 2023 2290 2076; x_wconf 82' lang='lat' dir='ltr'><strong>Aliud</strong></span> <span class='ocrx_word' id='word_1_192' title='bbox 2315 2027 2352 2076; x_wconf 83' lang='lat'><strong>&#39;.</strong></span> 
     </span>
    </p>
   </div>
   <div class='ocr_carea' id='block_1_30' title="bbox 1043 2104 2663 2181">
    <p class='ocr_par' dir='ltr' id='par_1_30' title="bbox 1043 2104 2663 2181">
     <span class='ocr_line' id='line_1_30' title="bbox 1043 2104 2663 2181; baseline 0.006 -23"><span class='ocrx_word' id='word_1_193' title='bbox 1043 2105 1178 2181; x_wconf 75' lang='lat' dir='ltr'><strong>cum</strong></span> <span class='ocrx_word' id='word_1_194' title='bbox 1213 2104 1402 2160; x_wconf 79' lang='lat' dir='ltr'><strong>Nonna</strong></span> <span class='ocrx_word' id='word_1_195' title='bbox 1428 2108 1630 2177; x_wconf 91' lang='lat' dir='ltr'><strong>probus</strong></span> <span class='ocrx_word' id='word_1_196' title='bbox 1663 2109 1859 2179; x_wconf 80' lang='lat' dir='ltr'><strong>aliquis</strong></span> <span class='ocrx_word' id='word_1_197' title='bbox 1895 2111 1963 2165; x_wconf 87' lang='lat' dir='ltr'><strong>de</strong></span> <span class='ocrx_word' id='word_1_198' title='bbox 1991 2111 2113 2165; x_wconf 91' lang='lat' dir='ltr'><strong>aliis</strong></span> <span class='ocrx_word' id='word_1_199' title='bbox 2145 2113 2435 2169; x_wconf 75' lang='lat' dir='ltr'><strong>virtutibus</strong></span> <span class='ocrx_word' id='word_1_200' title='bbox 2469 2123 2663 2181; x_wconf 77' lang='lat' dir='ltr'><strong>certet,</strong></span> 
     </span>
    </p>
   </div>
   <div class='ocr_carea' id='block_1_31' title="bbox 973 2174 2659 2249">
    <p class='ocr_par' dir='ltr' id='par_1_31' title="bbox 973 2174 2659 2249">
     <span class='ocr_line' id='line_1_31' title="bbox 973 2174 2659 2249; baseline 0.004 -21"><span class='ocrx_word' id='word_1_201' title='bbox 973 2174 1293 2249; x_wconf 80' lang='lat' dir='ltr'><strong>Qrationum</strong></span> <span class='ocrx_word' id='word_1_202' title='bbox 1326 2174 1506 2231; x_wconf 81' lang='lat' dir='ltr'><strong>autem</strong></span> <span class='ocrx_word' id='word_1_203' title='bbox 1538 2181 1658 2247; x_wconf 84' lang='lat' dir='ltr'><strong>ejus</strong></span> <span class='ocrx_word' id='word_1_204' title='bbox 1687 2174 1998 2234; x_wconf 81' lang='lat' dir='ltr'><strong>mensuram</strong></span> <span class='ocrx_word' id='word_1_205' title='bbox 2033 2184 2272 2235; x_wconf 67' lang='lat' dir='ltr'><strong>aemulari</strong></span> <span class='ocrx_word' id='word_1_206' title='bbox 2312 2183 2393 2238; x_wconf 82' lang='lat' dir='ltr'><strong>fas</strong></span> <span class='ocrx_word' id='word_1_207' title='bbox 2421 2200 2525 2236; x_wconf 91' lang='lat' dir='ltr'><strong>non</strong></span> <span class='ocrx_word' id='word_1_208' title='bbox 2554 2174 2659 2249; x_wconf 67' lang='lat' dir='ltr'><strong>est,</strong></span> 
     </span>
    </p>
   </div>
   <div class='ocr_carea' id='block_1_32' title="bbox 975 2245 2730 2320">
    <p class='ocr_par' dir='ltr' id='par_1_32' title="bbox 975 2245 2730 2320">
     <span class='ocr_line' id='line_1_32' title="bbox 975 2245 2730 2320; baseline 0.006 -22"><span class='ocrx_word' id='word_1_209' title='bbox 975 2245 1323 2320; x_wconf 71' lang='lat' dir='ltr'><strong>Quippequa:</strong></span> <span class='ocrx_word' id='word_1_210' title='bbox 1354 2255 1548 2320; x_wconf 84' lang='lat' dir='ltr'><strong>metam</strong></span> <span class='ocrx_word' id='word_1_211' title='bbox 1570 2245 1632 2302; x_wconf 16' lang='lat' dir='ltr'><strong>iet</strong></span> <span class='ocrx_word' id='word_1_212' title='bbox 1662 2252 1784 2304; x_wconf 65' lang='lat' dir='ltr'><strong>vitae</strong></span> <span class='ocrx_word' id='word_1_213' title='bbox 1812 2251 1971 2304; x_wconf 80' lang='lat' dir='ltr'><strong>linem</strong></span> <span class='ocrx_word' id='word_1_214' title='bbox 2007 2251 2150 2305; x_wconf 89' lang='lat' dir='ltr'><strong>inter</strong></span> <span class='ocrx_word' id='word_1_215' title='bbox 2181 2268 2369 2320; x_wconf 88' lang='lat' dir='ltr'><strong>preces</strong></span> <span class='ocrx_word' id='word_1_216' title='bbox 2403 2255 2597 2308; x_wconf 89' lang='lat' dir='ltr'><strong>sortita</strong></span> <span class='ocrx_word' id='word_1_217' title='bbox 2625 2245 2730 2310; x_wconf 81' lang='lat' dir='ltr'><strong>est.</strong></span> 
     </span>
    </p>
   </div>
   <div class='ocr_carea' id='block_1_33' title="bbox 975 2315 2290 2388">
    <p class='ocr_par' dir='ltr' id='par_1_33' title="bbox 975 2315 2290 2388">
     <span class='ocr_line' id='line_1_33' title="bbox 975 2315 2290 2388; baseline 0.005 -19"><span class='ocrx_word' id='word_1_218' title='bbox 975 2315 1021 2369; x_wconf 90' lang='grc' dir='ltr'>Ο</span> <span class='ocrx_word' id='word_1_219' title='bbox 1049 2317 1307 2388; x_wconf 78' lang='lat' dir='ltr'><strong>suspiria,</strong></span> <span class='ocrx_word' id='word_1_220' title='bbox 1333 2327 1388 2388; x_wconf 91' lang='lat' dir='ltr'><strong>et</strong></span> <span class='ocrx_word' id='word_1_221' title='bbox 1415 2318 1684 2388; x_wconf 65' lang='lat' dir='ltr'><strong>lacrynim,</strong></span> <span class='ocrx_word' id='word_1_222' title='bbox 1720 2329 1773 2373; x_wconf 91' lang='lat' dir='ltr'><strong>et</strong></span> <span class='ocrx_word' id='word_1_223' title='bbox 1800 2329 2083 2374; x_wconf 70' lang='lat' dir='ltr'><strong>nocturnae</strong></span> <span class='ocrx_word' id='word_1_224' title='bbox 2112 2315 2290 2376; x_wconf 70' lang='lat' dir='ltr'><strong>curm!</strong></span> 
     </span>
    </p>
   </div>
   <div class='ocr_carea' id='block_1_34' title="bbox 975 2386 1090 2440">
    <p class='ocr_par' dir='ltr' id='par_1_34' title="bbox 975 2386 1090 2440">
     <span class='ocr_line' id='line_1_34' title="bbox 975 2386 1090 2440; baseline 0.017 -2"><span class='ocrx_word' id='word_1_225' title='bbox 975 2386 1090 2440; x_wconf 84' lang='lat'><strong>50</strong></span> 
     </span>
    </p>
   </div>
   <div class='ocr_carea' id='block_1_35' title="bbox 1167 2387 2374 2446">
    <p class='ocr_par' dir='ltr' id='par_1_35' title="bbox 1167 2387 2374 2446">
     <span class='ocr_line' id='line_1_35' title="bbox 1167 2387 2374 2446; baseline 0.006 -7"><span class='ocrx_word' id='word_1_226' title='bbox 1167 2402 1322 2440; x_wconf 74' lang='lat' dir='ltr'><strong>onna:</strong></span> <span class='ocrx_word' id='word_1_227' title='bbox 1347 2387 1542 2442; x_wconf 66' lang='lat' dir='ltr'><strong>divinai</strong></span> <span class='ocrx_word' id='word_1_228' title='bbox 1579 2389 1762 2442; x_wconf 85' lang='lat' dir='ltr'><strong>attrita</strong></span> <span class='ocrx_word' id='word_1_229' title='bbox 1794 2391 2071 2444; x_wconf 82' lang='lat' dir='ltr'><strong>laboribus</strong></span> <span class='ocrx_word' id='word_1_230' title='bbox 2101 2394 2374 2446; x_wconf 87' lang='lat' dir='ltr'><strong>membra!</strong></span> 
     </span>
    </p>
   </div>
   <div class='ocr_carea' id='block_1_36' title="bbox 978 2454 2799 2528">
    <p class='ocr_par' dir='ltr' id='par_1_36' title="bbox 978 2454 2799 2528">
     <span class='ocr_line' id='line_1_36' title="bbox 978 2454 2799 2528; baseline 0.004 -20"><span class='ocrx_word' id='word_1_231' title='bbox 978 2454 1079 2508; x_wconf 85' lang='lat' dir='ltr'><strong>Ubi</strong></span> <span class='ocrx_word' id='word_1_232' title='bbox 1108 2467 1238 2510; x_wconf 88' lang='lat' dir='ltr'><strong>tunc</strong></span> <span class='ocrx_word' id='word_1_233' title='bbox 1265 2463 1400 2520; x_wconf 90' lang='lat' dir='ltr'><strong>erat,</strong></span> <span class='ocrx_word' id='word_1_234' title='bbox 1433 2459 1690 2528; x_wconf 90' lang='lat' dir='ltr'><strong>templum</strong></span> <span class='ocrx_word' id='word_1_235' title='bbox 1722 2460 1882 2513; x_wconf 78' lang='lat' dir='ltr'><strong>solvit</strong></span> <span class='ocrx_word' id='word_1_236' title='bbox 1912 2469 2246 2515; x_wconf 85' lang='lat' dir='ltr'><strong>senectutem</strong></span> <span class='ocrx_word' id='word_1_237' title='bbox 2280 2461 2482 2518; x_wconf 87' lang='lat' dir='ltr'><strong>laboris</strong></span> <span class='ocrx_word' id='word_1_238' title='bbox 2515 2463 2799 2518; x_wconf 79' lang='lat' dir='ltr'><strong>invictam.</strong></span> 
     </span>
    </p>
   </div>
   <div class='ocr_carea' id='block_1_37' title="bbox 1833 2551 3660 2608">
    <p class='ocr_par' dir='ltr' id='par_1_37' title="bbox 1833 2551 3660 2608">
     <span class='ocr_line' id='line_1_37' title="bbox 1833 2551 3660 2608; baseline 0.008 -4"><span class='ocrx_word' id='word_1_239' title='bbox 1833 2551 2112 2606; x_wconf 75' lang='lat' dir='ltr'><strong>LXXVIII.</strong></span> <span class='ocrx_word' id='word_1_240' title='bbox 2153 2553 2312 2606; x_wconf 76' lang='lat' dir='ltr'><strong>Aliud</strong></span> <span class='ocrx_word' id='word_1_241' title='bbox 3632 2554 3660 2566; x_wconf 45' lang='grc' dir='ltr'><strong><em>ί</em></strong></span> 
     </span>
    </p>
   </div>
   <div class='ocr_carea' id='block_1_38' title="bbox 1047 2634 2372 2698">
    <p class='ocr_par' dir='ltr' id='par_1_38' title="bbox 1047 2634 2372 2698">
     <span class='ocr_line' id='line_1_38' title="bbox 1047 2634 2372 2698; baseline 0.006 -8"><span class='ocrx_word' id='word_1_242' title='bbox 1047 2634 1244 2697; x_wconf 89' lang='lat' dir='ltr'><strong>Orans.</strong></span> <span class='ocrx_word' id='word_1_243' title='bbox 1283 2638 1595 2695; x_wconf 86' lang='lat' dir='ltr'><strong>exclamans</strong></span> <span class='ocrx_word' id='word_1_244' title='bbox 1627 2641 1694 2694; x_wconf 89' lang='lat' dir='ltr'><strong>ad</strong></span> <span class='ocrx_word' id='word_1_245' title='bbox 1725 2643 2125 2697; x_wconf 87' lang='lat' dir='ltr'><strong>sacratissimas</strong></span> <span class='ocrx_word' id='word_1_246' title='bbox 2155 2658 2372 2698; x_wconf 89' lang='lat' dir='ltr'><strong>mensas</strong></span> 
     </span>
    </p>
   </div>
   <div class='ocr_carea' id='block_1_39' title="bbox 976 2703 2666 2776">
    <p class='ocr_par' dir='ltr' id='par_1_39' title="bbox 976 2703 2666 2776">
     <span class='ocr_line' id='line_1_39' title="bbox 976 2703 2666 2776; baseline 0.006 -18"><span class='ocrx_word' id='word_1_247' title='bbox 976 2703 1169 2776; x_wconf 74' lang='lat' dir='ltr'><strong>N_0ﬂll8</strong></span> <span class='ocrx_word' id='word_1_248' title='bbox 1191 2708 1454 2762; x_wconf 89' lang='lat' dir='ltr'><strong>dissoluta</strong></span> <span class='ocrx_word' id='word_1_249' title='bbox 1486 2719 1603 2776; x_wconf 89' lang='lat' dir='ltr'><strong>est;</strong></span> <span class='ocrx_word' id='word_1_250' title='bbox 1636 2727 1738 2764; x_wconf 84' lang='lat' dir='ltr'><strong>vox</strong></span> <span class='ocrx_word' id='word_1_251' title='bbox 1769 2713 2018 2766; x_wconf 89' lang='lat' dir='ltr'><strong>devincta</strong></span> <span class='ocrx_word' id='word_1_252' title='bbox 2044 2726 2146 2776; x_wconf 80' lang='lat' dir='ltr'><strong>est,</strong></span> <span class='ocrx_word' id='word_1_253' title='bbox 2178 2724 2232 2767; x_wconf 92' lang='lat' dir='ltr'><strong>ct</strong></span> <span class='ocrx_word' id='word_1_254' title='bbox 2269 2715 2495 2769; x_wconf 84' lang='lat' dir='ltr'><strong>honesta</strong></span> <span class='ocrx_word' id='word_1_255' title='bbox 2525 2713 2666 2768; x_wconf 88' lang='lat' dir='ltr'><strong>labia</strong></span> 
     </span>
    </p>
   </div>
   <div class='ocr_carea' id='block_1_40' title="bbox 976 2774 2978 2854">
    <p class='ocr_par' dir='ltr' id='par_1_40' title="bbox 976 2774 2978 2854">
     <span class='ocr_line' id='line_1_40' title="bbox 976 2774 2978 2854; baseline 0.007 -27"><span class='ocrx_word' id='word_1_256' title='bbox 976 2774 1306 2854; x_wconf 58' lang='lat' dir='ltr'><strong>grandzevaa.</strong></span> <span class='ocrx_word' id='word_1_257' title='bbox 1337 2777 1475 2854; x_wconf 79' lang='lat' dir='ltr'><strong>Quid</strong></span> <span class='ocrx_word' id='word_1_258' title='bbox 1502 2774 1604 2834; x_wconf 84' lang='lat' dir='ltr'><strong>hoc</strong></span> <span class='ocrx_word' id='word_1_259' title='bbox 1636 2781 1831 2854; x_wconf 81' lang='lat' dir='ltr'><strong>mirum</strong></span> <span class='ocrx_word' id='word_1_260' title='bbox 1857 2782 1880 2835; x_wconf 76' lang='lat'><strong>‘3</strong></span> <span class='ocrx_word' id='word_1_261' title='bbox 1904 2782 2071 2854; x_wconf 79' lang='lat' dir='ltr'><strong>voluit</strong></span> <span class='ocrx_word' id='word_1_262' title='bbox 2102 2774 2245 2838; x_wconf 81' lang='lat' dir='ltr'><strong>Deus</strong></span> <span class='ocrx_word' id='word_1_263' title='bbox 2275 2785 2598 2854; x_wconf 81' lang='lat' dir='ltr'><strong>hymnorum</strong></span> <span class='ocrx_word' id='word_1_264' title='bbox 2626 2783 2978 2841; x_wconf 86' lang='lat' dir='ltr'><strong>cantatricem</strong></span> 
     </span>
    </p>
   </div>
   <div class='ocr_carea' id='block_1_41' title="bbox 977 2843 2150 2914">
    <p class='ocr_par' dir='ltr' id='par_1_41' title="bbox 977 2843 2150 2914">
     <span class='ocr_line' id='line_1_41' title="bbox 977 2843 2150 2914; baseline 0.009 -16"><span class='ocrx_word' id='word_1_265' title='bbox 977 2843 1241 2914; x_wconf 84' lang='lat' dir='ltr'><strong>Linguam</strong></span> <span class='ocrx_word' id='word_1_266' title='bbox 1273 2843 1477 2901; x_wconf 89' lang='lat' dir='ltr'><strong>sanctis</strong></span> <span class='ocrx_word' id='word_1_267' title='bbox 1507 2851 1850 2905; x_wconf 86' lang='lat' dir='ltr'><strong>sermonibus</strong></span> <span class='ocrx_word' id='word_1_268' title='bbox 1876 2852 2150 2908; x_wconf 86' lang='lat' dir='ltr'><strong>claudere.</strong></span> 
     </span>
    </p>
   </div>
   <div class='ocr_carea' id='block_1_42' title="bbox 979 2915 2430 2991">
    <p class='ocr_par' dir='ltr' id='par_1_42' title="bbox 979 2915 2430 2991">
     <span class='ocr_line' id='line_1_42' title="bbox 979 2915 2430 2991; baseline 0.008 -25"><span class='ocrx_word' id='word_1_269' title='bbox 979 2916 1016 2991; x_wconf 63' lang='grc' dir='ltr'>ξ</span> <span class='ocrx_word' id='word_1_270' title='bbox 1054 2915 1287 2991; x_wconf 73' lang='lat' dir='ltr'><strong>Etnunc</strong></span> <span class='ocrx_word' id='word_1_271' title='bbox 1310 2916 1362 2970; x_wconf 91' lang='lat' dir='ltr'><strong>in</strong></span> <span class='ocrx_word' id='word_1_272' title='bbox 1387 2919 1526 2972; x_wconf 64' lang='lat' dir='ltr'><strong>caelo</strong></span> <span class='ocrx_word' id='word_1_273' title='bbox 1561 2921 1912 2991; x_wconf 80' lang='lat' dir='ltr'><strong>multumilla</strong></span> <span class='ocrx_word' id='word_1_274' title='bbox 1947 2929 2068 2974; x_wconf 89' lang='lat' dir='ltr'><strong>orat</strong></span> <span class='ocrx_word' id='word_1_275' title='bbox 2101 2939 2197 2991; x_wconf 90' lang='lat' dir='ltr'><strong>pro</strong></span> <span class='ocrx_word' id='word_1_276' title='bbox 2227 2924 2430 2978; x_wconf 88' lang='lat' dir='ltr'><strong>nostris</strong></span> 
     </span>
    </p>
   </div>
   <div class='ocr_carea' id='block_1_43' title="bbox 979 2983 2167 3061">
    <p class='ocr_par' dir='ltr' id='par_1_43' title="bbox 979 2983 2167 3061">
     <span class='ocr_line' id='line_1_43' title="bbox 979 2983 2167 3061; baseline 0.008 -24"><span class='ocrx_word' id='word_1_277' title='bbox 979 2983 1261 3061; x_wconf 57' lang='lat' dir='ltr'><strong>Erecibns,</strong></span> <span class='ocrx_word' id='word_1_278' title='bbox 1293 2995 1348 3061; x_wconf 86' lang='lat' dir='ltr'><strong>et</strong></span> <span class='ocrx_word' id='word_1_279' title='bbox 1380 2997 1601 3061; x_wconf 83' lang='lat' dir='ltr'><strong>pontum</strong></span> <span class='ocrx_word' id='word_1_280' title='bbox 1627 2990 1834 3045; x_wconf 86' lang='lat' dir='ltr'><strong>sedavit</strong></span> <span class='ocrx_word' id='word_1_281' title='bbox 1857 2989 2047 3045; x_wconf 85' lang='lat' dir='ltr'><strong>Nonna</strong></span> <span class='ocrx_word' id='word_1_282' title='bbox 2081 2983 2167 3061; x_wconf 77' lang='lat' dir='ltr'><strong>pia</strong></span> 
     </span>
    </p>
   </div>
   <div class='ocr_carea' id='block_1_44' title="bbox 984 3053 2388 3131">
    <p class='ocr_par' dir='ltr' id='par_1_44' title="bbox 984 3053 2388 3131">
     <span class='ocr_line' id='line_1_44' title="bbox 984 3053 2388 3131; baseline 0.009 -25"><span class='ocrx_word' id='word_1_283' title='bbox 984 3053 1110 3131; x_wconf 67' lang='grc' dir='ltr'><strong>ξιιῇ</strong></span> <span class='ocrx_word' id='word_1_284' title='bbox 1138 3056 1358 3131; x_wconf 73' lang='lat' dir='ltr'><strong>dilectis</strong></span> <span class='ocrx_word' id='word_1_285' title='bbox 1382 3053 1600 3131; x_wconf 81' lang='lat' dir='ltr'><strong>liberis:</strong></span> <span class='ocrx_word' id='word_1_286' title='bbox 1629 3075 1724 3131; x_wconf 86' lang='lat' dir='ltr'><strong>eos</strong></span> <span class='ocrx_word' id='word_1_287' title='bbox 1752 3053 2099 3131; x_wconf 76' lang='lat' dir='ltr'><strong>congregavit</strong></span> <span class='ocrx_word' id='word_1_288' title='bbox 2125 3083 2155 3117; x_wconf 85' lang='lat' dir='ltr'><strong>e</strong></span> <span class='ocrx_word' id='word_1_289' title='bbox 2192 3063 2388 3119; x_wconf 82' lang='lat' dir='ltr'><strong>ﬁnibus</strong></span> 
     </span>
    </p>
   </div>
   <div class='ocr_carea' id='block_1_45' title="bbox 984 3123 2840 3205">
    <p class='ocr_par' dir='ltr' id='par_1_45' title="bbox 984 3123 2840 3205">
     <span class='ocr_line' id='line_1_45' title="bbox 984 3123 2840 3205; baseline 0.007 -28"><span class='ocrx_word' id='word_1_290' title='bbox 984 3123 1220 3205; x_wconf 70' lang='lat' dir='ltr'><strong>Qrientis</strong></span> <span class='ocrx_word' id='word_1_291' title='bbox 1250 3138 1304 3181; x_wconf 90' lang='lat' dir='ltr'><strong>et</strong></span> <span class='ocrx_word' id='word_1_292' title='bbox 1325 3127 1636 3205; x_wconf 83' lang='lat' dir='ltr'><strong>Occidentis</strong></span> <span class='ocrx_word' id='word_1_293' title='bbox 1669 3130 1808 3184; x_wconf 84' lang='lat' dir='ltr'><strong>fama</strong></span> <span class='ocrx_word' id='word_1_294' title='bbox 1831 3123 2093 3192; x_wconf 70' lang='lat' dir='ltr'><strong>célebres.</strong></span> <span class='ocrx_word' id='word_1_295' title='bbox 2129 3135 2261 3188; x_wconf 86' lang='lat' dir='ltr'><strong>nihil</strong></span> <span class='ocrx_word' id='word_1_296' title='bbox 2300 3135 2405 3188; x_wconf 83' lang='lat' dir='ltr'><strong>tale</strong></span> <span class='ocrx_word' id='word_1_297' title='bbox 2434 3139 2840 3204; x_wconf 67' lang='lat' dir='ltr'><strong>exspectantes,</strong></span> 
     </span>
    </p>
   </div>
   <div class='ocr_carea' id='block_1_46' title="bbox 984 3193 2594 3274">
    <p class='ocr_par' dir='ltr' id='par_1_46' title="bbox 984 3193 2594 3274">
     <span class='ocr_line' id='line_1_46' title="bbox 984 3193 2594 3274; baseline 0.007 -28"><span class='ocrx_word' id='word_1_298' title='bbox 984 3193 1173 3274; x_wconf 33' lang='lat' dir='ltr'><strong>blnatrjs</strong></span> <span class='ocrx_word' id='word_1_299' title='bbox 1206 3211 1382 3274; x_wconf 67' lang='lat' dir='ltr'><strong>amor,</strong></span> <span class='ocrx_word' id='word_1_300' title='bbox 1409 3200 1764 3274; x_wconf 83' lang='lat' dir='ltr'><strong>morbumque</strong></span> <span class='ocrx_word' id='word_1_301' title='bbox 1792 3216 2032 3274; x_wconf 82' lang='lat' dir='ltr'><strong>amarum</strong></span> <span class='ocrx_word' id='word_1_302' title='bbox 2066 3206 2259 3257; x_wconf 85' lang='lat' dir='ltr'><strong>avertit</strong></span> <span class='ocrx_word' id='word_1_303' title='bbox 2288 3220 2315 3255; x_wconf 88' lang='lat' dir='ltr'><strong>a</strong></span> <span class='ocrx_word' id='word_1_304' title='bbox 2347 3193 2594 3274; x_wconf 61' lang='lat' dir='ltr'><strong>conjuge.</strong></span> 
     </span>
    </p>
   </div>
   <div class='ocr_carea' id='block_1_47' title="bbox 988 3264 2770 3344">
    <p class='ocr_par' dir='ltr' id='par_1_47' title="bbox 988 3264 2770 3344">
     <span class='ocr_line' id='line_1_47' title="bbox 988 3264 2770 3344; baseline 0.005 -26"><span class='ocrx_word' id='word_1_305' title='bbox 988 3265 1056 3320; x_wconf 89' lang='grc'><strong>10</strong></span> <span class='ocrx_word' id='word_1_306' title='bbox 1092 3264 1290 3329; x_wconf 86' lang='lat' dir='ltr'><strong>Orans,</strong></span> <span class='ocrx_word' id='word_1_307' title='bbox 1332 3267 1385 3321; x_wconf 91' lang='lat' dir='ltr'><strong>id</strong></span> <span class='ocrx_word' id='word_1_308' title='bbox 1417 3279 1596 3326; x_wconf 87' lang='lat' dir='ltr'><strong>autem</strong></span> <span class='ocrx_word' id='word_1_309' title='bbox 1627 3264 1845 3335; x_wconf 83' lang='lat' dir='ltr'><strong>mirum,</strong></span> <span class='ocrx_word' id='word_1_310' title='bbox 1872 3272 2041 3325; x_wconf 88' lang='lat' dir='ltr'><strong>vitam</strong></span> <span class='ocrx_word' id='word_1_311' title='bbox 2070 3275 2290 3342; x_wconf 89' lang='lat' dir='ltr'><strong>reliquit</strong></span> <span class='ocrx_word' id='word_1_312' title='bbox 2322 3264 2466 3328; x_wconf 70' lang='lat' dir='ltr'><strong>intra</strong></span> <span class='ocrx_word' id='word_1_313' title='bbox 2489 3264 2770 3344; x_wconf 62' lang='lat' dir='ltr'><strong>tEmplum.</strong></span> 
     </span>
    </p>
   </div>
   <div class='ocr_carea' id='block_1_48' title="bbox 1790 3364 2323 3422">
    <p class='ocr_par' dir='ltr' id='par_1_48' title="bbox 1790 3364 2323 3422">
     <span class='ocr_line' id='line_1_48' title="bbox 1790 3364 2323 3422; baseline 0.009 -5"><span class='ocrx_word' id='word_1_314' title='bbox 1790 3364 2024 3420; x_wconf 80' lang='lat' dir='ltr'><strong>LXXIX.</strong></span> <span class='ocrx_word' id='word_1_315' title='bbox 2063 3369 2224 3420; x_wconf 79' lang='lat' dir='ltr'><strong>Aliud</strong></span> <span class='ocrx_word' id='word_1_316' title='bbox 2244 3372 2323 3422; x_wconf 79' lang='lat'><strong>“&#39;.</strong></span> 
     </span>
    </p>
   </div>
   <div class='ocr_carea' id='block_1_49' title="bbox 991 3455 2824 3536">
    <p class='ocr_par' dir='ltr' id='par_1_49' title="bbox 991 3455 2824 3536">
     <span class='ocr_line' id='line_1_49' title="bbox 991 3455 2824 3536; baseline 0.005 -26"><span class='ocrx_word' id='word_1_317' title='bbox 991 3455 1272 3536; x_wconf 69' lang='lat' dir='ltr'><strong>Quomodo</strong></span> <span class='ocrx_word' id='word_1_318' title='bbox 1299 3458 1454 3536; x_wconf 81' lang='lat' dir='ltr'><strong>obiit.</strong></span> <span class='ocrx_word' id='word_1_319' title='bbox 1480 3469 1576 3536; x_wconf 83' lang='lat' dir='ltr'><strong>aut</strong></span> <span class='ocrx_word' id='word_1_320' title='bbox 1596 3460 1823 3536; x_wconf 76' lang='lat' dir='ltr'><strong>celebris</strong></span> <span class='ocrx_word' id='word_1_321' title='bbox 1852 3476 1983 3536; x_wconf 82' lang='lat' dir='ltr'><strong>meae</strong></span> <span class='ocrx_word' id='word_1_322' title='bbox 2003 3465 2202 3536; x_wconf 82' lang='lat' dir='ltr'><strong>matris</strong></span> <span class='ocrx_word' id='word_1_323' title='bbox 2225 3465 2399 3520; x_wconf 79' lang='lat' dir='ltr'><strong>exitus</strong></span> <span class='ocrx_word' id='word_1_324' title='bbox 2427 3476 2510 3520; x_wconf 91' lang='lat' dir='ltr'><strong>est</strong></span> <span class='ocrx_word' id='word_1_325' title='bbox 2545 3465 2824 3536; x_wconf 81' lang='lat' dir='ltr'><strong>expletus?</strong></span> 
     </span>
    </p>
   </div>
   <div class='ocr_carea' id='block_1_50' title="bbox 1063 3525 2310 3588">
    <p class='ocr_par' dir='ltr' id='par_1_50' title="bbox 1063 3525 2310 3588">
     <span class='ocr_line' id='line_1_50' title="bbox 1063 3525 2310 3588; baseline 0.006 -7"><span class='ocrx_word' id='word_1_326' title='bbox 1063 3525 1281 3582; x_wconf 89' lang='lat' dir='ltr'><strong>Orantis</strong></span> <span class='ocrx_word' id='word_1_327' title='bbox 1305 3529 1484 3582; x_wconf 82' lang='lat' dir='ltr'><strong>anima</strong></span> <span class='ocrx_word' id='word_1_328' title='bbox 1513 3531 1578 3584; x_wconf 89' lang='lat' dir='ltr'><strong>ad</strong></span> <span class='ocrx_word' id='word_1_329' title='bbox 1611 3529 1775 3585; x_wconf 85' lang='lat' dir='ltr'><strong>Deum</strong></span> <span class='ocrx_word' id='word_1_330' title='bbox 1807 3532 2042 3585; x_wconf 82' lang='lat' dir='ltr'><strong>avolavit</strong></span> <span class='ocrx_word' id='word_1_331' title='bbox 2073 3548 2310 3588; x_wconf 87' lang='lat' dir='ltr'><strong>sursum.</strong></span> 
     </span>
    </p>
   </div>
   <div class='ocr_carea' id='block_1_51' title="bbox 1601 3620 2632 3694">
    <p class='ocr_par' dir='ltr' id='par_1_51' title="bbox 1601 3620 2632 3694">
     <span class='ocr_line' id='line_1_51' title="bbox 1601 3620 2632 3694; baseline -0.004 -11"><span class='ocrx_word' id='word_1_332' title='bbox 1601 3620 2050 3694; x_wconf 56' lang='grc'><strong>11401141</strong></span> <span class='ocrx_word' id='word_1_333' title='bbox 2087 3623 2298 3680; x_wconf 83' lang='lat' dir='ltr'><strong>LXXX.</strong></span> <span class='ocrx_word' id='word_1_334' title='bbox 2340 3625 2499 3680; x_wconf 83' lang='lat' dir='ltr'><strong>Aliud</strong></span> <span class='ocrx_word' id='word_1_335' title='bbox 2523 3630 2632 3679; x_wconf 83' lang='lat'><strong>““.</strong></span> 
     </span>
    </p>
   </div>
   <div class='ocr_carea' id='block_1_52' title="bbox 989 3719 2456 3791">
    <p class='ocr_par' dir='ltr' id='par_1_52' title="bbox 989 3719 2456 3791">
     <span class='ocr_line' id='line_1_52' title="bbox 989 3719 2456 3791; baseline 0.003 -17"><span class='ocrx_word' id='word_1_336' title='bbox 989 3719 1096 3791; x_wconf 76' lang='lat' dir='ltr'><strong>Hic</strong></span> <span class='ocrx_word' id='word_1_337' title='bbox 1125 3720 1253 3773; x_wconf 92' lang='lat' dir='ltr'><strong>olim</strong></span> <span class='ocrx_word' id='word_1_338' title='bbox 1284 3719 1492 3774; x_wconf 88' lang='lat' dir='ltr'><strong>orantis</strong></span> <span class='ocrx_word' id='word_1_339' title='bbox 1518 3719 1720 3791; x_wconf 69' lang='lat' dir='ltr'><strong>Nomia:</strong></span> <span class='ocrx_word' id='word_1_340' title='bbox 1748 3721 1927 3774; x_wconf 90' lang='lat' dir='ltr'><strong>anima</strong></span> <span class='ocrx_word' id='word_1_341' title='bbox 1961 3737 2158 3791; x_wconf 87' lang='lat' dir='ltr'><strong>corpus</strong></span> <span class='ocrx_word' id='word_1_342' title='bbox 2187 3723 2456 3778; x_wconf 86' lang='lat' dir='ltr'><strong>deseruit:</strong></span> 
     </span>
    </p>
   </div>
   <div class='ocr_carea' id='block_1_53' title="bbox 1053 3788 2353 3862">
    <p class='ocr_par' dir='ltr' id='par_1_53' title="bbox 1053 3788 2353 3862">
     <span class='ocr_line' id='line_1_53' title="bbox 1053 3788 2353 3862; baseline 0.002 -17"><span class='ocrx_word' id='word_1_343' title='bbox 1053 3790 1192 3845; x_wconf 82' lang='lat' dir='ltr'><strong>Hinc</strong></span> <span class='ocrx_word' id='word_1_344' title='bbox 1219 3791 1430 3844; x_wconf 86' lang='lat' dir='ltr'><strong>sublata</strong></span> <span class='ocrx_word' id='word_1_345' title='bbox 1459 3800 1544 3844; x_wconf 91' lang='lat' dir='ltr'><strong>est</strong></span> <span class='ocrx_word' id='word_1_346' title='bbox 1571 3788 1761 3844; x_wconf 87' lang='lat' dir='ltr'><strong>Nonna</strong></span> <span class='ocrx_word' id='word_1_347' title='bbox 1791 3788 2104 3862; x_wconf 85' lang='lat' dir='ltr'><strong>relinquens</strong></span> <span class='ocrx_word' id='word_1_348' title='bbox 2135 3807 2353 3862; x_wconf 81' lang='lat' dir='ltr'><strong>corpus.</strong></span> 
     </span>
    </p>
   </div>
   <div class='ocr_carea' id='block_1_54' title="bbox 557 3901 3724 4002">
    <p class='ocr_par' dir='ltr' id='par_1_54' title="bbox 557 3901 3724 4002">
     <span class='ocr_line' id='line_1_54' title="bbox 557 3901 3724 4002; baseline 0 -19"><span class='ocrx_word' id='word_1_349' title='bbox 557 3932 580 3955; x_wconf 64' lang='grc' dir='ltr'><strong>θ</strong></span> <span class='ocrx_word' id='word_1_350' title='bbox 607 3928 878 4002; x_wconf 84' lang='lat' dir='ltr'><strong>Scriptum</strong></span> <span class='ocrx_word' id='word_1_351' title='bbox 906 3945 1000 4002; x_wconf 81' lang='lat' dir='ltr'><strong>an.</strong></span> <span class='ocrx_word' id='word_1_352' title='bbox 1026 3901 1159 4002; x_wconf 55' lang='grc' dir='ltr'><strong>ξπ.</strong></span> <span class='ocrx_word' id='word_1_353' title='bbox 1190 3958 1260 3967; x_wconf 90' lang='grc'><strong><em>-</em></strong></span> <span class='ocrx_word' id='word_1_354' title='bbox 1293 3925 1444 4002; x_wconf 69' lang='lat' dir='ltr'><strong>Alias</strong></span> <span class='ocrx_word' id='word_1_355' title='bbox 1486 3924 1746 4002; x_wconf 70' lang='lat' dir='ltr'><strong>Murator.</strong></span> <span class='ocrx_word' id='word_1_356' title='bbox 1779 3925 1867 3980; x_wconf 80' lang='lat'><strong>93.</strong></span> <span class='ocrx_word' id='word_1_357' title='bbox 1943 3928 1982 3946; x_wconf 86' lang='lat'>“</span> <span class='ocrx_word' id='word_1_358' title='bbox 2024 3927 2306 4002; x_wconf 46' lang='lat' dir='ltr'><strong>Scriptum</strong></span> <span class='ocrx_word' id='word_1_359' title='bbox 2333 3944 2422 4002; x_wconf 77' lang='lat' dir='ltr'><strong>an.</strong></span> <span class='ocrx_word' id='word_1_360' title='bbox 2449 3929 2572 4002; x_wconf 67' lang='grc'>574.</span> <span class='ocrx_word' id='word_1_361' title='bbox 2618 3962 2688 3974; x_wconf 62' lang='grc' dir='ltr'><strong>-ε-</strong></span> <span class='ocrx_word' id='word_1_362' title='bbox 2714 3930 2864 3987; x_wconf 84' lang='lat' dir='ltr'><strong>Alias</strong></span> <span class='ocrx_word' id='word_1_363' title='bbox 2898 3930 3159 3986; x_wconf 81' lang='lat' dir='ltr'><strong>Murator.</strong></span> <span class='ocrx_word' id='word_1_364' title='bbox 3191 3931 3280 3987; x_wconf 72' lang='grc'>94.</span> <span class='ocrx_word' id='word_1_365' title='bbox 3355 3933 3418 3955; x_wconf 65' lang='grc' dir='ltr'><strong>’θ’</strong></span> <span class='ocrx_word' id='word_1_366' title='bbox 3447 3930 3724 4002; x_wconf 85' lang='lat' dir='ltr'><strong>Scriptum</strong></span> 
     </span>
    </p>
   </div>
   <div class='ocr_carea' id='block_1_55' title="bbox 489 3998 1429 4056">
    <p class='ocr_par' dir='ltr' id='par_1_55' title="bbox 489 3998 1429 4056">
     <span class='ocr_line' id='line_1_55' title="bbox 489 3998 1429 4056; baseline -0.002 0"><span class='ocrx_word' id='word_1_367' title='bbox 489 4014 578 4056; x_wconf 74' lang='lat' dir='ltr'><strong>an.</strong></span> <span class='ocrx_word' id='word_1_368' title='bbox 607 3998 823 4056; x_wconf 47' lang='lat'><strong>574.9—</strong></span> <span class='ocrx_word' id='word_1_369' title='bbox 851 4001 1000 4055; x_wconf 82' lang='lat' dir='ltr'><strong>Alias</strong></span> <span class='ocrx_word' id='word_1_370' title='bbox 1025 3998 1287 4052; x_wconf 85' lang='lat' dir='ltr'><strong>Murator.</strong></span> <span class='ocrx_word' id='word_1_371' title='bbox 1339 3999 1429 4054; x_wconf 84' lang='lat'><strong>95.</strong></span> 
     </span>
    </p>
   </div>
   <div class='ocr_carea' id='block_1_56' title="bbox 1505 3998 2841 4066">
    <p class='ocr_par' dir='ltr' id='par_1_56' title="bbox 1505 3998 2841 4066">
     <span class='ocr_line' id='line_1_56' title="bbox 1505 3998 2841 4066; baseline 0.005 -19"><span class='ocrx_word' id='word_1_372' title='bbox 1618 3998 1892 4066; x_wconf 88' lang='lat' dir='ltr'><strong>Scriptum</strong></span> <span class='ocrx_word' id='word_1_373' title='bbox 1921 4014 2008 4052; x_wconf 90' lang='lat' dir='ltr'><strong>an.</strong></span> <span class='ocrx_word' id='word_1_374' title='bbox 2043 4000 2166 4054; x_wconf 66' lang='grc'>574.</span> <span class='ocrx_word' id='word_1_375' title='bbox 2193 4031 2262 4040; x_wconf 93' lang='grc'><strong>-</strong></span> <span class='ocrx_word' id='word_1_376' title='bbox 2285 4000 2433 4055; x_wconf 81' lang='lat' dir='ltr'><strong>Alias</strong></span> <span class='ocrx_word' id='word_1_377' title='bbox 2459 4000 2718 4056; x_wconf 81' lang='lat' dir='ltr'><strong>Murator.</strong></span> <span class='ocrx_word' id='word_1_378' title='bbox 2751 4001 2841 4055; x_wconf 87' lang='lat'><strong>96.</strong></span> 
     </span>
    </p>
   </div>
   <div class='ocr_carea' id='block_1_57' title="bbox 559 4152 3726 4227">
    <p class='ocr_par' dir='ltr' id='par_1_57' title="bbox 559 4152 3726 4227">
     <span class='ocr_line' id='line_1_57' title="bbox 559 4152 3726 4227; baseline 0.001 -21"><span class='ocrx_word' id='word_1_379' title='bbox 559 4152 810 4227; x_wconf 68' lang='lat' dir='ltr'><strong>LXXVII.</strong></span> <span class='ocrx_word' id='word_1_380' title='bbox 849 4154 873 4208; x_wconf 84' lang='lat' dir='ltr'><strong>I</strong></span> <span class='ocrx_word' id='word_1_381' title='bbox 911 4156 1176 4227; x_wconf 67' lang='grc' dir='ltr'>Ἄλλως.</span> <span class='ocrx_word' id='word_1_382' title='bbox 1223 4153 1300 4206; x_wconf 88' lang='lat' dir='ltr'><strong>Ita</strong></span> <span class='ocrx_word' id='word_1_383' title='bbox 1336 4153 1568 4227; x_wconf 72' lang='lat' dir='ltr'><strong>legimus</strong></span> <span class='ocrx_word' id='word_1_384' title='bbox 1602 4169 1724 4207; x_wconf 89' lang='lat' dir='ltr'><strong>cum</strong></span> <span class='ocrx_word' id='word_1_385' title='bbox 1759 4152 2054 4209; x_wconf 85' lang='lat' dir='ltr'><strong>Muratorio</strong></span> <span class='ocrx_word' id='word_1_386' title='bbox 2161 4162 2316 4215; x_wconf 85' lang='lat' dir='ltr'><strong>teret.</strong></span> <span class='ocrx_word' id='word_1_387' title='bbox 2346 4164 2398 4210; x_wconf 84' lang='lat' dir='ltr'><strong>et</strong></span> <span class='ocrx_word' id='word_1_388' title='bbox 2441 4157 2694 4226; x_wconf 86' lang='lat' dir='ltr'><strong>precibus</strong></span> <span class='ocrx_word' id='word_1_389' title='bbox 2723 4157 2911 4212; x_wconf 84' lang='lat' dir='ltr'><strong>matris</strong></span> <span class='ocrx_word' id='word_1_390' title='bbox 2935 4172 2996 4213; x_wconf 89' lang='lat' dir='ltr'><strong>se</strong></span> <span class='ocrx_word' id='word_1_391' title='bbox 3036 4157 3322 4214; x_wconf 88' lang='lat' dir='ltr'><strong>liberatum</strong></span> <span class='ocrx_word' id='word_1_392' title='bbox 3353 4165 3406 4213; x_wconf 91' lang='lat' dir='ltr'><strong>et</strong></span> <span class='ocrx_word' id='word_1_393' title='bbox 3430 4161 3726 4227; x_wconf 87' lang='lat' dir='ltr'><strong>tempesta-</strong></span> 
     </span>
    </p>
   </div>
   <div class='ocr_carea' id='block_1_58' title="bbox 489 4225 1805 4293">
    <p class='ocr_par' dir='ltr' id='par_1_58' title="bbox 489 4225 1805 4293">
     <span class='ocr_line' id='line_1_58' title="bbox 489 4225 1805 4293; baseline -0.001 -16"><span class='ocrx_word' id='word_1_394' title='bbox 489 4239 590 4293; x_wconf 87' lang='lat' dir='ltr'><strong>pro</strong></span> <span class='ocrx_word' id='word_1_395' title='bbox 619 4225 796 4288; x_wconf 75' lang='grc' dir='ltr'>ἄλλος,</span> <span class='ocrx_word' id='word_1_396' title='bbox 832 4225 975 4293; x_wconf 85' lang='lat' dir='ltr'><strong>quod</strong></span> <span class='ocrx_word' id='word_1_397' title='bbox 1002 4225 1200 4277; x_wconf 85' lang='lat' dir='ltr'><strong>habent</strong></span> <span class='ocrx_word' id='word_1_398' title='bbox 1223 4241 1379 4286; x_wconf 92' lang='lat' dir='ltr'><strong>mss.,</strong></span> <span class='ocrx_word' id='word_1_399' title='bbox 1415 4232 1471 4277; x_wconf 88' lang='lat' dir='ltr'><strong>ut</strong></span> <span class='ocrx_word' id='word_1_400' title='bbox 1499 4225 1567 4278; x_wconf 92' lang='lat' dir='ltr'><strong>sit</strong></span> <span class='ocrx_word' id='word_1_401' title='bbox 1593 4239 1805 4278; x_wconf 92' lang='lat' dir='ltr'><strong>sensus.</strong></span> 
     </span>
    </p>
   </div>
   <div class='ocr_carea' id='block_1_59' title="bbox 566 4293 2053 4357">
    <p class='ocr_par' dir='ltr' id='par_1_59' title="bbox 566 4293 2053 4357">
     <span class='ocr_line' id='line_1_59' title="bbox 566 4293 2053 4357; baseline 0.001 -10"><span class='ocrx_word' id='word_1_402' title='bbox 566 4294 840 4348; x_wconf 81' lang='lat' dir='ltr'><strong>LXXVIII.</strong></span> <span class='ocrx_word' id='word_1_403' title='bbox 871 4294 904 4347; x_wconf 85' lang='lat'><strong><em>6</em></strong></span> <span class='ocrx_word' id='word_1_404' title='bbox 936 4293 1184 4355; x_wconf 83' lang='grc' dir='ltr'>Πόντον,</span> <span class='ocrx_word' id='word_1_405' title='bbox 1224 4301 1330 4349; x_wconf 91' lang='lat' dir='ltr'><strong>etc.</strong></span> <span class='ocrx_word' id='word_1_406' title='bbox 1373 4293 1430 4347; x_wconf 92' lang='lat' dir='ltr'><strong>In</strong></span> <span class='ocrx_word' id='word_1_407' title='bbox 1474 4310 1644 4348; x_wconf 87' lang='lat' dir='ltr'><strong>carm.</strong></span> <span class='ocrx_word' id='word_1_408' title='bbox 1677 4293 1752 4348; x_wconf 85' lang='lat' dir='ltr'><strong>De</strong></span> <span class='ocrx_word' id='word_1_409' title='bbox 1789 4293 1909 4347; x_wconf 83' lang='lat' dir='ltr'><strong>Vita</strong></span> <span class='ocrx_word' id='word_1_410' title='bbox 1934 4311 2053 4357; x_wconf 81' lang='lat' dir='ltr'><strong>sua,</strong></span> 
     </span>
    </p>
   </div>
   <div class='ocr_carea' id='block_1_60' title="bbox 489 4363 2052 4432">
    <p class='ocr_par' dir='ltr' id='par_1_60' title="bbox 489 4363 2052 4432">
     <span class='ocr_line' id='line_1_60' title="bbox 489 4363 2052 4432; baseline -0.002 -17"><span class='ocrx_word' id='word_1_411' title='bbox 489 4378 636 4418; x_wconf 87' lang='lat' dir='ltr'><strong>vers.</strong></span> <span class='ocrx_word' id='word_1_412' title='bbox 669 4365 792 4427; x_wconf 76' lang='grc'><strong>155,</strong></span> <span class='ocrx_word' id='word_1_413' title='bbox 822 4372 949 4422; x_wconf 88' lang='lat' dir='ltr'><strong>etc..</strong></span> <span class='ocrx_word' id='word_1_414' title='bbox 978 4373 1031 4417; x_wconf 77' lang='lat' dir='ltr'><strong>e‘t</strong></span> <span class='ocrx_word' id='word_1_415' title='bbox 1059 4365 1114 4417; x_wconf 93' lang='lat' dir='ltr'><strong>in</strong></span> <span class='ocrx_word' id='word_1_416' title='bbox 1147 4373 1284 4417; x_wconf 89' lang='lat' dir='ltr'><strong>orat.</strong></span> <span class='ocrx_word' id='word_1_417' title='bbox 1317 4363 1530 4417; x_wconf 78' lang='lat' dir='ltr'><strong>funebri</strong></span> <span class='ocrx_word' id='word_1_418' title='bbox 1554 4365 1605 4415; x_wconf 86' lang='lat' dir='ltr'><strong>in</strong></span> <span class='ocrx_word' id='word_1_419' title='bbox 1629 4365 1836 4416; x_wconf 87' lang='lat' dir='ltr'><strong>laudem</strong></span> <span class='ocrx_word' id='word_1_420' title='bbox 1861 4367 2052 4432; x_wconf 69' lang='grc' dir='ltr'>ραινὶκ,</span> 
     </span>
    </p>
   </div>
   <div class='ocr_carea' id='block_1_61' title="bbox 2163 4227 2832 4296">
    <p class='ocr_par' dir='ltr' id='par_1_61' title="bbox 2163 4227 2832 4296">
     <span class='ocr_line' id='line_1_61' title="bbox 2163 4227 2832 4296; baseline -0.001 -17"><span class='ocrx_word' id='word_1_421' title='bbox 2163 4236 2268 4280; x_wconf 90' lang='lat' dir='ltr'><strong>tem</strong></span> <span class='ocrx_word' id='word_1_422' title='bbox 2293 4227 2532 4280; x_wconf 82' lang='lat' dir='ltr'><strong>sedatam</strong></span> <span class='ocrx_word' id='word_1_423' title='bbox 2562 4230 2832 4296; x_wconf 82' lang='lat' dir='ltr'><strong>agnoscit.</strong></span> 
     </span>
    </p>
   </div>
   <div class='ocr_carea' id='block_1_62' title="bbox 2233 4293 3723 4366">
    <p class='ocr_par' dir='ltr' id='par_1_62' title="bbox 2233 4293 3723 4366">
     <span class='ocr_line' id='line_1_62' title="bbox 2233 4293 3723 4366; baseline 0.001 -19"><span class='ocrx_word' id='word_1_424' title='bbox 2233 4297 2299 4350; x_wconf 82' lang='grc'><strong>10</strong></span> <span class='ocrx_word' id='word_1_425' title='bbox 2329 4293 2691 4365; x_wconf 63' lang='grc' dir='ltr'><strong>Λισσομέὶυη.</strong></span> <span class='ocrx_word' id='word_1_426' title='bbox 2740 4295 2831 4351; x_wconf 92' lang='lat' dir='ltr'><strong>Sic</strong></span> <span class='ocrx_word' id='word_1_427' title='bbox 2866 4296 3149 4366; x_wconf 77' lang='lat' dir='ltr'><strong>legendum</strong></span> <span class='ocrx_word' id='word_1_428' title='bbox 3193 4305 3348 4366; x_wconf 84' lang='lat' dir='ltr'><strong>putat</strong></span> <span class='ocrx_word' id='word_1_429' title='bbox 3372 4293 3723 4355; x_wconf 80' lang='lat' dir='ltr'><strong>Muratorius.</strong></span> 
     </span>
    </p>
   </div>
   <div class='ocr_carea' id='block_1_63' title="bbox 2161 4365 3723 4436">
    <p class='ocr_par' dir='ltr' id='par_1_63' title="bbox 2161 4365 3723 4436">
     <span class='ocr_line' id='line_1_63' title="bbox 2161 4365 3723 4436; baseline -0.003 -16"><span class='ocrx_word' id='word_1_430' title='bbox 2161 4367 2268 4420; x_wconf 88' lang='lat' dir='ltr'><strong>nisi</strong></span> <span class='ocrx_word' id='word_1_431' title='bbox 2305 4366 2439 4419; x_wconf 82' lang='lat' dir='ltr'><strong>forte</strong></span> <span class='ocrx_word' id='word_1_432' title='bbox 2473 4369 2699 4436; x_wconf 59' lang='lat' dir='ltr'><strong>legatur,</strong></span> <span class='ocrx_word' id='word_1_433' title='bbox 2735 4365 3057 4436; x_wconf 79' lang='grc' dir='ltr'>λισσομένης</span> <span class='ocrx_word' id='word_1_434' title='bbox 3093 4365 3244 4419; x_wconf 80' lang='grc' dir='ltr'>λίπεν</span> <span class='ocrx_word' id='word_1_435' title='bbox 3297 4366 3429 4436; x_wconf 74' lang='grc' dir='ltr'>βίος,</span> <span class='ocrx_word' id='word_1_436' title='bbox 3462 4369 3566 4418; x_wconf 84' lang='lat' dir='ltr'><strong>vita</strong></span> <span class='ocrx_word' id='word_1_437' title='bbox 3599 4379 3723 4433; x_wconf 87' lang='lat' dir='ltr'><strong>pre-</strong></span> 
     </span>
    </p>
   </div>
   <div class='ocr_carea' id='block_1_64' title="bbox 492 4432 2120 4507">
    <p class='ocr_par' dir='ltr' id='par_1_64' title="bbox 492 4432 2058 4507">
     <span class='ocr_line' id='line_1_64' title="bbox 492 4432 2058 4507; baseline 0.002 -22"><span class='ocrx_word' id='word_1_438' title='bbox 492 4435 700 4507; x_wconf 60' lang='lat' dir='ltr'><strong>tonnl,</strong></span> <span class='ocrx_word' id='word_1_439' title='bbox 742 4450 862 4503; x_wconf 79' lang='lat' dir='ltr'><strong>pag.</strong></span> <span class='ocrx_word' id='word_1_440' title='bbox 911 4433 1041 4507; x_wconf 66' lang='grc'>551.</span> <span class='ocrx_word' id='word_1_441' title='bbox 1087 4449 1239 4487; x_wconf 89' lang='lat' dir='ltr'><strong>num.</strong></span> <span class='ocrx_word' id='word_1_442' title='bbox 1280 4433 1369 4496; x_wconf 79' lang='grc'><strong>51,</strong></span> <span class='ocrx_word' id='word_1_443' title='bbox 1417 4440 1604 4507; x_wconf 83' lang='lat' dir='ltr'><strong>narrat</strong></span> <span class='ocrx_word' id='word_1_444' title='bbox 1653 4432 1950 4507; x_wconf 75' lang='lat' dir='ltr'><strong>Gregorius</strong></span> <span class='ocrx_word' id='word_1_445' title='bbox 1999 4451 2058 4489; x_wconf 89' lang='lat' dir='ltr'><strong>se</strong></span> 
     </span>
    </p>
   </div>
   <div class='ocr_carea' id='block_1_65' title="bbox 2165 4432 3158 4507">
    <p class='ocr_par' dir='ltr' id='par_1_65' title="bbox 2165 4432 3158 4507">
     <span class='ocr_line' id='line_1_65' title="bbox 2165 4432 3158 4507; baseline 0.002 -19"><span class='ocrx_word' id='word_1_446' title='bbox 2165 4445 2363 4489; x_wconf 86' lang='lat' dir='ltr'><strong>cantem</strong></span> <span class='ocrx_word' id='word_1_447' title='bbox 2397 4432 2624 4505; x_wconf 65' lang='lat' dir='ltr'><strong>reliquit.</strong></span> <span class='ocrx_word' id='word_1_448' title='bbox 2653 4435 2782 4489; x_wconf 85' lang='lat' dir='ltr'><strong>Mss.</strong></span> <span class='ocrx_word' id='word_1_449' title='bbox 2810 4432 3158 4507; x_wconf 74' lang='grc' dir='ltr'>λισ’σαμένης.</span> 
     </span>
    </p>
   </div>
   <div class='ocr_carea' id='block_1_66' title="bbox 493 4503 2060 4574">
    <p class='ocr_par' dir='ltr' id='par_1_66' title="bbox 493 4503 2060 4574">
     <span class='ocr_line' id='line_1_66' title="bbox 493 4503 2060 4574; baseline 0.002 -18"><span class='ocrx_word' id='word_1_450' title='bbox 493 4504 642 4572; x_wconf 75' lang='lat' dir='ltr'><strong>gravi</strong></span> <span class='ocrx_word' id='word_1_451' title='bbox 674 4512 992 4559; x_wconf 79' lang='lat' dir='ltr'><strong>teumestate</strong></span> <span class='ocrx_word' id='word_1_452' title='bbox 1030 4503 1309 4559; x_wconf 67' lang='lat' dir='ltr'><strong>iactatum.</strong></span> <span class='ocrx_word' id='word_1_453' title='bbox 1360 4518 1484 4558; x_wconf 87' lang='lat' dir='ltr'><strong>cum</strong></span> <span class='ocrx_word' id='word_1_454' title='bbox 1519 4503 1914 4559; x_wconf 44' lang='lat' dir='ltr'><strong>Athenas&#39;navi</strong></span> <span class='ocrx_word' id='word_1_455' title='bbox 1965 4520 2060 4574; x_wconf 87' lang='lat' dir='ltr'><strong>pe-</strong></span> 
     </span>
    </p>
   </div>
   <div class='ocr_carea' id='block_1_67' title="bbox 1798 4622 2463 4700">
    <p class='ocr_par' dir='ltr' id='par_1_67' title="bbox 1798 4622 2463 4700">
     <span class='ocr_line' id='line_1_67' title="bbox 1798 4622 2463 4700; baseline 0.005 -19"><span class='ocrx_word' id='word_1_456' title='bbox 1798 4623 2132 4700; x_wconf 70' lang='grc' dir='ltr'><strong>ΜΕΤῌΙΟΑ</strong></span> <span class='ocrx_word' id='word_1_457' title='bbox 2165 4622 2463 4684; x_wconf 81' lang='lat' dir='ltr'><strong>VERSIO.</strong></span> 
     </span>
    </p>
   </div>
   <div class='ocr_carea' id='block_1_68' title="bbox 492 4765 1689 4839">
    <p class='ocr_par' dir='ltr' id='par_1_68' title="bbox 492 4765 1689 4839">
     <span class='ocr_line' id='line_1_68' title="bbox 492 4765 1689 4839; baseline -0.003 -13"><span class='ocrx_word' id='word_1_458' title='bbox 492 4765 647 4839; x_wconf 76' lang='lat' dir='ltr'><strong>Talia</strong></span> <span class='ocrx_word' id='word_1_459' title='bbox 674 4767 777 4823; x_wconf 90' lang='lat' dir='ltr'><strong>sub</strong></span> <span class='ocrx_word' id='word_1_460' title='bbox 804 4767 972 4824; x_wconf 88' lang='lat' dir='ltr'><strong>veteri</strong></span> <span class='ocrx_word' id='word_1_461' title='bbox 1004 4768 1298 4839; x_wconf 71' lang='lat' dir='ltr'><strong>viguerunt</strong></span> <span class='ocrx_word' id='word_1_462' title='bbox 1326 4767 1442 4839; x_wconf 76' lang='lat' dir='ltr'><strong>lege</strong></span> <span class='ocrx_word' id='word_1_463' title='bbox 1472 4766 1689 4838; x_wconf 60' lang='lat' dir='ltr'><strong>ﬁgura:</strong></span> 
     </span>
    </p>
   </div>
   <div class='ocr_carea' id='block_1_69' title="bbox 563 4838 1772 4903">
    <p class='ocr_par' dir='ltr' id='par_1_69' title="bbox 563 4838 1772 4903">
     <span class='ocr_line' id='line_1_69' title="bbox 563 4838 1772 4903; baseline -0.001 -12"><span class='ocrx_word' id='word_1_464' title='bbox 563 4838 689 4893; x_wconf 57' lang='lat' dir='ltr'><strong>Haec</strong></span> <span class='ocrx_word' id='word_1_465' title='bbox 717 4853 777 4894; x_wconf 91' lang='lat' dir='ltr'><strong>se</strong></span> <span class='ocrx_word' id='word_1_466' title='bbox 807 4839 930 4893; x_wconf 88' lang='lat' dir='ltr'><strong>viva</strong></span> <span class='ocrx_word' id='word_1_467' title='bbox 958 4838 1130 4903; x_wconf 84' lang='lat' dir='ltr'><strong>dedit,</strong></span> <span class='ocrx_word' id='word_1_468' title='bbox 1165 4855 1224 4895; x_wconf 86' lang='lat' dir='ltr'><strong>se</strong></span> <span class='ocrx_word' id='word_1_469' title='bbox 1250 4838 1398 4893; x_wconf 85' lang='lat' dir='ltr'><strong>dedit</strong></span> <span class='ocrx_word' id='word_1_470' title='bbox 1427 4847 1481 4892; x_wconf 87' lang='lat' dir='ltr'><strong>et</strong></span> <span class='ocrx_word' id='word_1_471' title='bbox 1516 4839 1772 4894; x_wconf 87' lang='lat' dir='ltr'><strong>moriens.</strong></span> 
     </span>
    </p>
   </div>
   <div class='ocr_carea' id='block_1_70' title="bbox 1060 4945 1491 4987">
    <p class='ocr_par' dir='ltr' id='par_1_70' title="bbox 1060 4945 1491 4987">
     <span class='ocr_line' id='line_1_70' title="bbox 1060 4945 1491 4987; baseline -0.005 -2"><span class='ocrx_word' id='word_1_472' title='bbox 1060 4946 1262 4987; x_wconf 73' lang='lat' dir='ltr'><strong>LXXVII.</strong></span> <span class='ocrx_word' id='word_1_473' title='bbox 1302 4945 1491 4985; x_wconf 71' lang='lat' dir='ltr'><strong>ALIUD.</strong></span> 
     </span>
    </p>
   </div>
   <div class='ocr_carea' id='block_1_71' title="bbox 880 5021 1676 5093">
    <p class='ocr_par' dir='ltr' id='par_1_71' title="bbox 880 5021 1676 5093">
     <span class='ocr_line' id='line_1_71' title="bbox 880 5021 1676 5093; baseline -0.001 -15"><span class='ocrx_word' id='word_1_474' title='bbox 880 5023 970 5090; x_wconf 64' lang='grc' dir='ltr'><strong>(Α.</strong></span> <span class='ocrx_word' id='word_1_475' title='bbox 1011 5022 1076 5077; x_wconf 89' lang='grc' dir='ltr'>Β.</span> <span class='ocrx_word' id='word_1_476' title='bbox 1111 5021 1323 5078; x_wconf 86' lang='lat' dir='ltr'><strong>Caillau</strong></span> <span class='ocrx_word' id='word_1_477' title='bbox 1353 5022 1676 5093; x_wconf 82' lang='lat' dir='ltr'><strong>interprete.)</strong></span> 
     </span>
    </p>
   </div>
   <div class='ocr_carea' id='block_1_72' title="bbox 570 5112 2058 5182">
    <p class='ocr_par' dir='ltr' id='par_1_72' title="bbox 570 5112 2058 5182">
     <span class='ocr_line' id='line_1_72' title="bbox 570 5112 2058 5182; baseline 0.002 -15"><span class='ocrx_word' id='word_1_478' title='bbox 570 5112 652 5167; x_wconf 66' lang='lat' dir='ltr'><strong>Sit</strong></span> <span class='ocrx_word' id='word_1_479' title='bbox 683 5113 772 5182; x_wconf 86' lang='lat' dir='ltr'><strong>qui</strong></span> <span class='ocrx_word' id='word_1_480' title='bbox 798 5129 920 5168; x_wconf 88' lang='lat' dir='ltr'><strong>cum</strong></span> <span class='ocrx_word' id='word_1_481' title='bbox 952 5115 1142 5170; x_wconf 84' lang='lat' dir='ltr'><strong>Nonna</strong></span> <span class='ocrx_word' id='word_1_482' title='bbox 1171 5123 1391 5170; x_wconf 88' lang='lat' dir='ltr'><strong>sanctus</strong></span> <span class='ocrx_word' id='word_1_483' title='bbox 1428 5114 1570 5168; x_wconf 89' lang='lat' dir='ltr'><strong>bona</strong></span> <span class='ocrx_word' id='word_1_484' title='bbox 1609 5120 1779 5168; x_wconf 89' lang='lat' dir='ltr'><strong>certet</strong></span> <span class='ocrx_word' id='word_1_485' title='bbox 1812 5113 2058 5182; x_wconf 84' lang='lat' dir='ltr'><strong>agendo;</strong></span> 
     </span>
    </p>
   </div>
   <div class='ocr_carea' id='block_1_73' title="bbox 500 5181 1748 5256">
    <p class='ocr_par' dir='ltr' id='par_1_73' title="bbox 500 5181 1748 5256">
     <span class='ocr_line' id='line_1_73' title="bbox 500 5181 1748 5256; baseline 0.002 -21"><span class='ocrx_word' id='word_1_486' title='bbox 500 5181 729 5256; x_wconf 55' lang='lat' dir='ltr'><strong>Bruma:</strong></span> <span class='ocrx_word' id='word_1_487' title='bbox 756 5201 882 5238; x_wconf 88' lang='lat' dir='ltr'><strong>vero</strong></span> <span class='ocrx_word' id='word_1_488' title='bbox 912 5187 1089 5240; x_wconf 87' lang='lat' dir='ltr'><strong>nullus</strong></span> <span class='ocrx_word' id='word_1_489' title='bbox 1117 5187 1290 5256; x_wconf 90' lang='lat' dir='ltr'><strong>precis</strong></span> <span class='ocrx_word' id='word_1_490' title='bbox 1317 5186 1547 5239; x_wconf 72' lang='lat' dir='ltr'><strong>terruilus</strong></span> <span class='ocrx_word' id='word_1_491' title='bbox 1572 5184 1748 5256; x_wconf 86' lang='lat' dir='ltr'><strong>adsit:</strong></span> 
     </span>
    </p>
   </div>
   <div class='ocr_carea' id='block_1_74' title="bbox 498 5250 1956 5325">
    <p class='ocr_par' dir='ltr' id='par_1_74' title="bbox 498 5250 1956 5325">
     <span class='ocr_line' id='line_1_74' title="bbox 498 5250 1956 5325; baseline 0 -20"><span class='ocrx_word' id='word_1_492' title='bbox 498 5252 632 5325; x_wconf 68' lang='lat' dir='ltr'><strong>Nam</strong></span> <span class='ocrx_word' id='word_1_493' title='bbox 668 5253 825 5307; x_wconf 85' lang='lat' dir='ltr'><strong>linem</strong></span> <span class='ocrx_word' id='word_1_494' title='bbox 854 5263 937 5307; x_wconf 91' lang='lat' dir='ltr'><strong>est</strong></span> <span class='ocrx_word' id='word_1_495' title='bbox 965 5250 1193 5325; x_wconf 65' lang='lat' dir='ltr'><strong>vitaeque</strong></span> <span class='ocrx_word' id='word_1_496' title='bbox 1223 5263 1418 5310; x_wconf 83' lang='lat' dir='ltr'><strong>metam</strong></span> <span class='ocrx_word' id='word_1_497' title='bbox 1449 5255 1641 5308; x_wconf 88' lang='lat' dir='ltr'><strong>sortita</strong></span> <span class='ocrx_word' id='word_1_498' title='bbox 1666 5250 1956 5323; x_wconf 90' lang='lat' dir='ltr'><strong>precando.</strong></span> 
     </span>
    </p>
   </div>
   <div class='ocr_carea' id='block_1_75' title="bbox 501 5323 1667 5394">
    <p class='ocr_par' dir='ltr' id='par_1_75' title="bbox 501 5323 1667 5394">
     <span class='ocr_line' id='line_1_75' title="bbox 501 5323 1667 5394; baseline 0.003 -19"><span class='ocrx_word' id='word_1_499' title='bbox 501 5323 545 5376; x_wconf 88' lang='lat'><strong>0</strong></span> <span class='ocrx_word' id='word_1_500' title='bbox 573 5325 760 5394; x_wconf 73' lang='lat' dir='ltr'><strong>vigiles</strong></span> <span class='ocrx_word' id='word_1_501' title='bbox 789 5326 965 5377; x_wconf 89' lang='lat' dir='ltr'><strong>noctis</strong></span> <span class='ocrx_word' id='word_1_502' title='bbox 994 5323 1157 5384; x_wconf 70' lang='lat' dir='ltr'><strong>curae.</strong></span> <span class='ocrx_word' id='word_1_503' title='bbox 1190 5327 1444 5394; x_wconf 87' lang='lat' dir='ltr'><strong>suspiria,</strong></span> <span class='ocrx_word' id='word_1_504' title='bbox 1475 5325 1667 5378; x_wconf 82' lang='lat' dir='ltr'><strong>lletnsl</strong></span> 
     </span>
    </p>
   </div>
   <div class='ocr_carea' id='block_1_76' title="bbox 499 5391 1788 5464">
    <p class='ocr_par' dir='ltr' id='par_1_76' title="bbox 499 5391 1788 5464">
     <span class='ocr_line' id='line_1_76' title="bbox 499 5391 1788 5464; baseline -0.001 -17"><span class='ocrx_word' id='word_1_505' title='bbox 499 5395 545 5447; x_wconf 84' lang='lat'>0</span> <span class='ocrx_word' id='word_1_506' title='bbox 574 5391 779 5446; x_wconf 71' lang='lat' dir='ltr'><strong>Nunme</strong></span> <span class='ocrx_word' id='word_1_507' title='bbox 809 5409 963 5464; x_wconf 85' lang='lat' dir='ltr'><strong>sacro</strong></span> <span class='ocrx_word' id='word_1_508' title='bbox 989 5395 1263 5464; x_wconf 84' lang='lat' dir='ltr'><strong>deperdita</strong></span> <span class='ocrx_word' id='word_1_509' title='bbox 1292 5391 1536 5449; x_wconf 83' lang='lat' dir='ltr'><strong>membra</strong></span> <span class='ocrx_word' id='word_1_510' title='bbox 1570 5395 1750 5447; x_wconf 85' lang='lat' dir='ltr'><strong>labore</strong></span> <span class='ocrx_word' id='word_1_511' title='bbox 1776 5395 1788 5446; x_wconf 94' lang='lat'><strong>!</strong></span> 
     </span>
    </p>
   </div>
   <div class='ocr_carea' id='block_1_77' title="bbox 502 5461 2057 5532">
    <p class='ocr_par' dir='ltr' id='par_1_77' title="bbox 502 5461 2057 5532">
     <span class='ocr_line' id='line_1_77' title="bbox 502 5461 2057 5532; baseline -0.002 -16"><span class='ocrx_word' id='word_1_512' title='bbox 502 5464 807 5532; x_wconf 75' lang='lat' dir='ltr'><strong>Templum,</strong></span> <span class='ocrx_word' id='word_1_513' title='bbox 829 5463 916 5517; x_wconf 89' lang='lat' dir='ltr'><strong>ubi</strong></span> <span class='ocrx_word' id='word_1_514' title='bbox 935 5461 1078 5517; x_wconf 75' lang='lat' dir='ltr'><strong>nunc</strong></span> <span class='ocrx_word' id='word_1_515' title='bbox 1097 5464 1302 5528; x_wconf 82' lang='lat' dir='ltr'><strong>aderat,</strong></span> <span class='ocrx_word' id='word_1_516' title='bbox 1323 5467 1534 5519; x_wconf 86' lang='lat' dir='ltr'><strong>senium</strong></span> <span class='ocrx_word' id='word_1_517' title='bbox 1553 5463 1858 5518; x_wconf 88' lang='lat' dir='ltr'><strong>venerabile</strong></span> <span class='ocrx_word' id='word_1_518' title='bbox 1879 5461 2057 5516; x_wconf 91' lang='lat' dir='ltr'><strong>solvit.</strong></span> 
     </span>
    </p>
   </div>
   <div class='ocr_carea' id='block_1_78' title="bbox 1047 5568 1494 5608">
    <p class='ocr_par' dir='ltr' id='par_1_78' title="bbox 1047 5568 1494 5608">
     <span class='ocr_line' id='line_1_78' title="bbox 1047 5568 1494 5608; baseline 0.007 -3"><span class='ocrx_word' id='word_1_519' title='bbox 1047 5568 1272 5606; x_wconf 78' lang='lat' dir='ltr'><strong>LXXVIII.</strong></span> <span class='ocrx_word' id='word_1_520' title='bbox 1313 5570 1494 5608; x_wconf 75' lang='lat' dir='ltr'><strong>ALIUD.</strong></span> 
     </span>
    </p>
   </div>
   <div class='ocr_carea' id='block_1_79' title="bbox 994 5644 1573 5716">
    <p class='ocr_par' dir='ltr' id='par_1_79' title="bbox 994 5644 1573 5716">
     <span class='ocr_line' id='line_1_79' title="bbox 994 5644 1573 5716; baseline 0.003 -18"><span class='ocrx_word' id='word_1_521' title='bbox 994 5644 1213 5715; x_wconf 83' lang='lat' dir='ltr'><strong>(Eodem</strong></span> <span class='ocrx_word' id='word_1_522' title='bbox 1249 5647 1573 5716; x_wconf 81' lang='lat' dir='ltr'><strong>interprete.)</strong></span> 
     </span>
    </p>
   </div>
   <div class='ocr_carea' id='block_1_80' title="bbox 575 5733 1884 5808">
    <p class='ocr_par' dir='ltr' id='par_1_80' title="bbox 575 5733 1884 5808">
     <span class='ocr_line' id='line_1_80' title="bbox 575 5733 1884 5808; baseline 0.006 -21"><span class='ocrx_word' id='word_1_523' title='bbox 575 5733 879 5808; x_wconf 87' lang='lat' dir='ltr'><strong>Inclamans</strong></span> <span class='ocrx_word' id='word_1_524' title='bbox 905 5737 1357 5808; x_wconf 72' lang='lat' dir='ltr'><strong>precibus_sacr2c</strong></span> <span class='ocrx_word' id='word_1_525' title='bbox 1379 5738 1634 5808; x_wconf 83' lang='lat' dir='ltr'><strong>mysteria</strong></span> <span class='ocrx_word' id='word_1_526' title='bbox 1664 5751 1884 5795; x_wconf 64' lang='lat' dir='ltr'><strong>mensa).</strong></span> 
     </span>
    </p>
   </div>
   <div class='ocr_carea' id='block_1_81' title="bbox 503 5805 1956 5875">
    <p class='ocr_par' dir='ltr' id='par_1_81' title="bbox 503 5805 1956 5875">
     <span class='ocr_line' id='line_1_81' title="bbox 503 5805 1956 5875; baseline -0.002 -15"><span class='ocrx_word' id='word_1_527' title='bbox 503 5805 695 5875; x_wconf 75' lang='lat' dir='ltr'><strong>Nonna</strong></span> <span class='ocrx_word' id='word_1_528' title='bbox 725 5807 865 5860; x_wconf 87' lang='lat' dir='ltr'><strong>heu!</strong></span> <span class='ocrx_word' id='word_1_529' title='bbox 906 5805 1121 5862; x_wconf 79' lang='lat' dir='ltr'><strong>defecit.</strong></span> <span class='ocrx_word' id='word_1_530' title='bbox 1158 5806 1320 5860; x_wconf 88' lang='lat' dir='ltr'><strong>Siluit</strong></span> <span class='ocrx_word' id='word_1_531' title='bbox 1346 5805 1466 5872; x_wconf 70' lang='lat' dir='ltr'><strong>vox,</strong></span> <span class='ocrx_word' id='word_1_532' title='bbox 1497 5809 1784 5875; x_wconf 81' lang='lat' dir='ltr'><strong>vinctaque</strong></span> <span class='ocrx_word' id='word_1_533' title='bbox 1807 5809 1956 5860; x_wconf 84' lang='lat' dir='ltr'><strong>labra</strong></span> 
     </span>
    </p>
   </div>
   <div class='ocr_carea' id='block_1_82' title="bbox 501 5874 1965 5946">
    <p class='ocr_par' dir='ltr' id='par_1_82' title="bbox 501 5874 1965 5946">
     <span class='ocr_line' id='line_1_82' title="bbox 501 5874 1965 5946; baseline -0.005 -9"><span class='ocrx_word' id='word_1_534' title='bbox 501 5874 832 5937; x_wconf 66' lang='lat' dir='ltr'><strong>Grandaevze.</strong></span> <span class='ocrx_word' id='word_1_535' title='bbox 859 5876 997 5946; x_wconf 87' lang='lat' dir='ltr'><strong>Quid</strong></span> <span class='ocrx_word' id='word_1_536' title='bbox 1024 5879 1077 5931; x_wconf 91' lang='lat' dir='ltr'><strong>in</strong></span> <span class='ocrx_word' id='word_1_537' title='bbox 1108 5878 1208 5932; x_wconf 92' lang='lat' dir='ltr'><strong>hoc</strong></span> <span class='ocrx_word' id='word_1_538' title='bbox 1246 5877 1486 5930; x_wconf 87' lang='lat' dir='ltr'><strong>mirum?</strong></span> <span class='ocrx_word' id='word_1_539' title='bbox 1513 5874 1965 5931; x_wconf 27' lang='lat' dir='ltr'><strong>divina’canentis</strong></span> 
     </span>
    </p>
   </div>
   <div class='ocr_carea' id='block_1_83' title="bbox 2095 4734 3514 4833">
    <p class='ocr_par' dir='ltr' id='par_1_83' title="bbox 2095 4734 3514 4833">
     <span class='ocr_line' id='line_1_83' title="bbox 2095 4734 3514 4833; baseline -0.003 -13"><span class='ocrx_word' id='word_1_540' title='bbox 2095 4777 2137 4833; x_wconf 76' lang='grc' dir='ltr'><strong>Β</strong></span> <span class='ocrx_word' id='word_1_541' title='bbox 2167 4766 2273 4820; x_wconf 89' lang='lat' dir='ltr'><strong>Ora</strong></span> <span class='ocrx_word' id='word_1_542' title='bbox 2303 4766 2476 4822; x_wconf 87' lang='lat' dir='ltr'><strong>sacris</strong></span> <span class='ocrx_word' id='word_1_543' title='bbox 2511 4764 2680 4820; x_wconf 88' lang='lat' dir='ltr'><strong>voluit</strong></span> <span class='ocrx_word' id='word_1_544' title='bbox 2708 4762 2918 4818; x_wconf 83' lang='lat' dir='ltr'><strong>Numen</strong></span> <span class='ocrx_word' id='word_1_545' title='bbox 2955 4734 3286 4831; x_wconf 69' lang='lat' dir='ltr'><strong>praecludere</strong></span> <span class='ocrx_word' id='word_1_546' title='bbox 3313 4763 3514 4818; x_wconf 88' lang='lat' dir='ltr'><strong>verbis.</strong></span> 
     </span>
    </p>
   </div>
   <div class='ocr_carea' id='block_1_84' title="bbox 2172 4833 3724 4907">
    <p class='ocr_par' dir='ltr' id='par_1_84' title="bbox 2172 4833 3724 4907">
     <span class='ocr_line' id='line_1_84' title="bbox 2172 4833 3724 4907; baseline -0.001 -18"><span class='ocrx_word' id='word_1_547' title='bbox 2172 4835 2276 4907; x_wconf 57' lang='grc' dir='ltr'><strong>ἰξτο</strong></span> <span class='ocrx_word' id='word_1_548' title='bbox 2305 4837 2509 4907; x_wconf 77' lang='lat' dir='ltr'><strong>nostris</strong></span> <span class='ocrx_word' id='word_1_549' title='bbox 2542 4844 2597 4889; x_wconf 92' lang='lat' dir='ltr'><strong>et</strong></span> <span class='ocrx_word' id='word_1_550' title='bbox 2621 4849 2765 4907; x_wconf 87' lang='lat' dir='ltr'><strong>nunc</strong></span> <span class='ocrx_word' id='word_1_551' title='bbox 2798 4834 3052 4907; x_wconf 86' lang='lat' dir='ltr'><strong>precibus</strong></span> <span class='ocrx_word' id='word_1_552' title='bbox 3075 4834 3300 4907; x_wconf 83' lang='lat' dir='ltr'><strong>multum</strong></span> <span class='ocrx_word' id='word_1_553' title='bbox 3337 4841 3456 4886; x_wconf 87' lang='lat' dir='ltr'><strong>orat</strong></span> <span class='ocrx_word' id='word_1_554' title='bbox 3485 4833 3724 4905; x_wconf 82' lang='lat' dir='ltr'><strong>olympo,</strong></span> 
     </span>
    </p>
   </div>
   <div class='ocr_carea' id='block_1_85' title="bbox 2172 4905 3480 4973">
    <p class='ocr_par' dir='ltr' id='par_1_85' title="bbox 2172 4905 3480 4973">
     <span class='ocr_line' id='line_1_85' title="bbox 2172 4905 3480 4973; baseline -0.002 -15"><span class='ocrx_word' id='word_1_555' title='bbox 2172 4905 2237 4958; x_wconf 81' lang='lat' dir='ltr'><strong>Et</strong></span> <span class='ocrx_word' id='word_1_556' title='bbox 2262 4905 2731 4960; x_wconf 62' lang='lat' dir='ltr'><strong>charis&#39;tumidum</strong></span> <span class='ocrx_word' id='word_1_557' title='bbox 2753 4906 2894 4958; x_wconf 90' lang='lat' dir='ltr'><strong>natis</strong></span> <span class='ocrx_word' id='word_1_558' title='bbox 2916 4905 3253 4973; x_wconf 89' lang='lat' dir='ltr'><strong>compescuit</strong></span> <span class='ocrx_word' id='word_1_559' title='bbox 3277 4919 3480 4972; x_wconf 64' lang='lat' dir='ltr'><strong>aequor.</strong></span> 
     </span>
    </p>
   </div>
   <div class='ocr_carea' id='block_1_86' title="bbox 2173 4973 3461 5043">
    <p class='ocr_par' dir='ltr' id='par_1_86' title="bbox 2173 4973 3461 5043">
     <span class='ocr_line' id='line_1_86' title="bbox 2173 4973 3461 5043; baseline -0.002 -15"><span class='ocrx_word' id='word_1_560' title='bbox 2173 4974 2283 5029; x_wconf 83' lang='lat' dir='ltr'><strong>llos</strong></span> <span class='ocrx_word' id='word_1_561' title='bbox 2318 4976 2458 5030; x_wconf 74' lang='lat' dir='ltr'><strong>fama</strong></span> <span class='ocrx_word' id='word_1_562' title='bbox 2488 4975 2730 5028; x_wconf 85' lang='lat' dir='ltr'><strong>celebres</strong></span> <span class='ocrx_word' id='word_1_563' title='bbox 2751 4973 2907 5043; x_wconf 84' lang='lat' dir='ltr'><strong>longe</strong></span> <span class='ocrx_word' id='word_1_564' title='bbox 2942 4973 3218 5028; x_wconf 86' lang='lat' dir='ltr'><strong>revocavit</strong></span> <span class='ocrx_word' id='word_1_565' title='bbox 3247 4975 3461 5026; x_wconf 87' lang='lat' dir='ltr'><strong>abortu</strong></span> 
     </span>
    </p>
   </div>
   <div class='ocr_carea' id='block_1_87' title="bbox 2175 5044 3412 5114">
    <p class='ocr_par' dir='ltr' id='par_1_87' title="bbox 2175 5044 3412 5114">
     <span class='ocr_line' id='line_1_87' title="bbox 2175 5044 3412 5114; baseline -0.001 -16"><span class='ocrx_word' id='word_1_566' title='bbox 2175 5045 2510 5114; x_wconf 84' lang='lat' dir='ltr'><strong>Dccasuque,</strong></span> <span class='ocrx_word' id='word_1_567' title='bbox 2545 5045 2676 5097; x_wconf 88' lang='lat' dir='ltr'><strong>nihil</strong></span> <span class='ocrx_word' id='word_1_568' title='bbox 2701 5051 2982 5113; x_wconf 87' lang='lat' dir='ltr'><strong>sperantes</strong></span> <span class='ocrx_word' id='word_1_569' title='bbox 3011 5045 3139 5106; x_wconf 89' lang='lat' dir='ltr'><strong>tale,</strong></span> <span class='ocrx_word' id='word_1_570' title='bbox 3173 5044 3412 5114; x_wconf 87' lang='lat' dir='ltr'><strong>parentis</strong></span> 
     </span>
    </p>
   </div>
   <div class='ocr_carea' id='block_1_88' title="bbox 2170 5113 3622 5182">
    <p class='ocr_par' dir='ltr' id='par_1_88' title="bbox 2170 5113 3622 5182">
     <span class='ocr_line' id='line_1_88' title="bbox 2170 5113 3622 5182; baseline 0 -16"><span class='ocrx_word' id='word_1_571' title='bbox 2170 5114 2352 5169; x_wconf 88' lang='lat' dir='ltr'><strong>Dulcis</strong></span> <span class='ocrx_word' id='word_1_572' title='bbox 2383 5113 2564 5170; x_wconf 85' lang='lat' dir='ltr'><strong>amor:</strong></span> <span class='ocrx_word' id='word_1_573' title='bbox 2585 5116 2944 5182; x_wconf 89' lang='lat' dir='ltr'><strong>morbumque</strong></span> <span class='ocrx_word' id='word_1_574' title='bbox 2975 5113 3076 5167; x_wconf 89' lang='lat' dir='ltr'><strong>viri</strong></span> <span class='ocrx_word' id='word_1_575' title='bbox 3105 5113 3316 5167; x_wconf 88' lang='lat' dir='ltr'><strong>sanavit</strong></span> <span class='ocrx_word' id='word_1_576' title='bbox 3344 5113 3622 5167; x_wconf 90' lang='lat' dir='ltr'><strong>acerbum.</strong></span> 
     </span>
    </p>
   </div>
   <div class='ocr_carea' id='block_1_89' title="bbox 2168 5179 3726 5255">
    <p class='ocr_par' dir='ltr' id='par_1_89' title="bbox 2168 5179 3726 5255">
     <span class='ocr_line' id='line_1_89' title="bbox 2168 5179 3726 5255; baseline -0.002 -17"><span class='ocrx_word' id='word_1_577' title='bbox 2168 5184 2349 5255; x_wconf 88' lang='lat' dir='ltr'><strong>Liquit</strong></span> <span class='ocrx_word' id='word_1_578' title='bbox 2369 5193 2422 5238; x_wconf 90' lang='lat' dir='ltr'><strong>at</strong></span> <span class='ocrx_word' id='word_1_579' title='bbox 2444 5186 2496 5239; x_wconf 93' lang='lat' dir='ltr'><strong>in</strong></span> <span class='ocrx_word' id='word_1_580' title='bbox 2518 5185 2711 5252; x_wconf 89' lang='lat' dir='ltr'><strong>templo</strong></span> <span class='ocrx_word' id='word_1_581' title='bbox 2728 5179 2912 5247; x_wconf 87' lang='lat' dir='ltr'><strong>vitam,</strong></span> <span class='ocrx_word' id='word_1_582' title='bbox 2932 5183 3044 5236; x_wconf 66' lang='lat' dir='ltr'><strong>haec</strong></span> <span class='ocrx_word' id='word_1_583' title='bbox 3064 5197 3226 5252; x_wconf 90' lang='lat' dir='ltr'><strong>quam</strong></span> <span class='ocrx_word' id='word_1_584' title='bbox 3249 5184 3383 5236; x_wconf 89' lang='lat' dir='ltr'><strong>mira</strong></span> <span class='ocrx_word' id='word_1_585' title='bbox 3402 5183 3414 5234; x_wconf 89' lang='lat' dir='ltr'><strong>I</strong></span> <span class='ocrx_word' id='word_1_586' title='bbox 3434 5179 3726 5252; x_wconf 89' lang='lat' dir='ltr'><strong>precando.</strong></span> 
     </span>
    </p>
   </div>
   <div class='ocr_carea' id='block_1_90' title="bbox 2732 5289 3148 5328">
    <p class='ocr_par' dir='ltr' id='par_1_90' title="bbox 2732 5289 3148 5328">
     <span class='ocr_line' id='line_1_90' title="bbox 2732 5289 3148 5328; baseline 0.005 -2"><span class='ocrx_word' id='word_1_587' title='bbox 2732 5289 2921 5326; x_wconf 71' lang='lat' dir='ltr'><strong>LXXIX.</strong></span> <span class='ocrx_word' id='word_1_588' title='bbox 2964 5289 3148 5328; x_wconf 73' lang='lat' dir='ltr'><strong>ALIUD.</strong></span> 
     </span>
    </p>
   </div>
   <div class='ocr_carea' id='block_1_91' title="bbox 2655 5361 3236 5433">
    <p class='ocr_par' dir='ltr' id='par_1_91' title="bbox 2655 5361 3236 5433">
     <span class='ocr_line' id='line_1_91' title="bbox 2655 5361 3236 5433; baseline 0 -19"><span class='ocrx_word' id='word_1_589' title='bbox 2655 5361 2878 5433; x_wconf 86' lang='lat' dir='ltr'><strong>(Eodem</strong></span> <span class='ocrx_word' id='word_1_590' title='bbox 2919 5361 3236 5433; x_wconf 84' lang='lat' dir='ltr'><strong>interprete.)</strong></span> 
     </span>
    </p>
   </div>
   <div class='ocr_carea' id='block_1_92' title="bbox 2172 5452 3588 5522">
    <p class='ocr_par' dir='ltr' id='par_1_92' title="bbox 2172 5452 3588 5522">
     <span class='ocr_line' id='line_1_92' title="bbox 2172 5452 3588 5522; baseline 0 -14"><span class='ocrx_word' id='word_1_591' title='bbox 2172 5456 2289 5522; x_wconf 85' lang='lat' dir='ltr'><strong>Quo</strong></span> <span class='ocrx_word' id='word_1_592' title='bbox 2319 5453 2571 5507; x_wconf 81' lang='lat' dir='ltr'><strong>defuncta</strong></span> <span class='ocrx_word' id='word_1_593' title='bbox 2616 5452 2820 5506; x_wconf 89' lang='lat' dir='ltr'><strong>modo?</strong></span> <span class='ocrx_word' id='word_1_594' title='bbox 2848 5454 3008 5506; x_wconf 74' lang='lat' dir='ltr'><strong>clarae</strong></span> <span class='ocrx_word' id='word_1_595' title='bbox 3031 5469 3151 5522; x_wconf 71' lang='lat' dir='ltr'><strong>qua:</strong></span> <span class='ocrx_word' id='word_1_596' title='bbox 3174 5452 3366 5507; x_wconf 82' lang='lat' dir='ltr'><strong>funera</strong></span> <span class='ocrx_word' id='word_1_597' title='bbox 3397 5452 3588 5509; x_wconf 87' lang='lat' dir='ltr'><strong>matris</strong></span> 
     </span>
    </p>
   </div>
   <div class='ocr_carea' id='block_1_93' title="bbox 2244 5522 3310 5582">
    <p class='ocr_par' dir='ltr' id='par_1_93' title="bbox 2244 5522 3310 5582">
     <span class='ocr_line' id='line_1_93' title="bbox 2244 5522 3310 5582; baseline -0.002 -4"><span class='ocrx_word' id='word_1_598' title='bbox 2244 5525 2463 5579; x_wconf 81' lang='lat' dir='ltr'><strong>Orantis</strong></span> <span class='ocrx_word' id='word_1_599' title='bbox 2493 5525 2647 5582; x_wconf 80' lang='lat' dir='ltr'><strong>petiit</strong></span> <span class='ocrx_word' id='word_1_600' title='bbox 2670 5539 2824 5577; x_wconf 86' lang='lat' dir='ltr'><strong>mens</strong></span> <span class='ocrx_word' id='word_1_601' title='bbox 2848 5525 3089 5578; x_wconf 88' lang='lat' dir='ltr'><strong>resoluta</strong></span> <span class='ocrx_word' id='word_1_602' title='bbox 3119 5522 3310 5576; x_wconf 91' lang='lat' dir='ltr'><strong>Deum.</strong></span> 
     </span>
    </p>
   </div>
   <div class='ocr_carea' id='block_1_94' title="bbox 2767 5627 3155 5667">
    <p class='ocr_par' dir='ltr' id='par_1_94' title="bbox 2767 5627 3155 5667">
     <span class='ocr_line' id='line_1_94' title="bbox 2767 5627 3155 5667; baseline 0 -1"><span class='ocrx_word' id='word_1_603' title='bbox 2767 5629 2931 5666; x_wconf 70' lang='lat' dir='ltr'><strong>LXXX.</strong></span> <span class='ocrx_word' id='word_1_604' title='bbox 2971 5627 3155 5667; x_wconf 70' lang='lat' dir='ltr'><strong>ALIUD.</strong></span> 
     </span>
    </p>
   </div>
   <div class='ocr_carea' id='block_1_95' title="bbox 2663 5705 3246 5778">
    <p class='ocr_par' dir='ltr' id='par_1_95' title="bbox 2663 5705 3246 5778">
     <span class='ocr_line' id='line_1_95' title="bbox 2663 5705 3246 5778; baseline 0.002 -19"><span class='ocrx_word' id='word_1_605' title='bbox 2663 5705 2882 5774; x_wconf 87' lang='lat' dir='ltr'><strong>(Eodem</strong></span> <span class='ocrx_word' id='word_1_606' title='bbox 2923 5706 3246 5778; x_wconf 87' lang='lat' dir='ltr'><strong>interprete.)</strong></span> 
     </span>
    </p>
   </div>
   <div class='ocr_carea' id='block_1_96' title="bbox 2172 5798 3455 5862">
    <p class='ocr_par' dir='ltr' id='par_1_96' title="bbox 2172 5798 3455 5862">
     <span class='ocr_line' id='line_1_96' title="bbox 2172 5798 3455 5862; baseline -0.002 -6"><span class='ocrx_word' id='word_1_607' title='bbox 2172 5801 2271 5856; x_wconf 89' lang='lat' dir='ltr'><strong>llic</strong></span> <span class='ocrx_word' id='word_1_608' title='bbox 2292 5801 2417 5854; x_wconf 92' lang='lat' dir='ltr'><strong>olim</strong></span> <span class='ocrx_word' id='word_1_609' title='bbox 2446 5798 2648 5854; x_wconf 72' lang='lat' dir='ltr'><strong>Nonnte</strong></span> <span class='ocrx_word' id='word_1_610' title='bbox 2679 5799 2886 5853; x_wconf 87' lang='lat' dir='ltr'><strong>orantis</strong></span> <span class='ocrx_word' id='word_1_611' title='bbox 2918 5813 3074 5853; x_wconf 91' lang='lat' dir='ltr'><strong>mens</strong></span> <span class='ocrx_word' id='word_1_612' title='bbox 3103 5799 3252 5852; x_wconf 81' lang='lat' dir='ltr'><strong>exuit</strong></span> <span class='ocrx_word' id='word_1_613' title='bbox 3284 5807 3455 5862; x_wconf 85' lang='lat' dir='ltr'><strong>artus,</strong></span> 
     </span>
    </p>
   </div>
   <div class='ocr_carea' id='block_1_97' title="bbox 2239 5867 3459 5939">
    <p class='ocr_par' dir='ltr' id='par_1_97' title="bbox 2239 5867 3459 5939">
     <span class='ocr_line' id='line_1_97' title="bbox 2239 5867 3459 5939; baseline -0.003 -14"><span class='ocrx_word' id='word_1_614' title='bbox 2239 5871 2480 5926; x_wconf 74' lang='lat' dir='ltr'><strong>Artubus</strong></span> <span class='ocrx_word' id='word_1_615' title='bbox 2512 5872 2636 5924; x_wconf 87' lang='lat' dir='ltr'><strong>hinc</strong></span> <span class='ocrx_word' id='word_1_616' title='bbox 2667 5870 2866 5924; x_wconf 72' lang='grc' dir='ltr'>υωιυω</span> <span class='ocrx_word' id='word_1_617' title='bbox 2898 5868 3066 5924; x_wconf 89' lang='lat' dir='ltr'><strong>libera</strong></span> <span class='ocrx_word' id='word_1_618' title='bbox 3105 5867 3295 5924; x_wconf 85' lang='lat' dir='ltr'><strong>Nonna</strong></span> <span class='ocrx_word' id='word_1_619' title='bbox 3326 5870 3459 5939; x_wconf 89' lang='lat' dir='ltr'><strong>petit</strong></span> 
     </span>
    </p>
   </div>
  </div>
