3916 6522
167 438 220 496 61
1394 443 1632 501 SECTIO
1669 446 1735 501 ll.
1776 447 2153 506 EPlTAPlllA.

181 558 363 614 Ἐνθάδε
391 558 565 613 Νόννα
592 559 717 631 φίλη
746 563 1045 633 κοιμήσατο
1072 562 1162 616 τὸν
1192 562 1358 633 βαθὺν
1390 565 1574 632 ὖπνον,

227 650 387 712 Ἵλαος
410 650 682 722 ἑσπομένη
710 645 755 719 ᾧ
784 653 906 704 πόσι
928 654 1229 725 Γρηγορίῳ.

1725 574 1773 630 Α
1798 569 2007 640 Μικρὸν
2029 568 2107 623 ἔτι
2131 568 2309 638 ψυχῆς
2339 563 2405 639 ἦν
2433 567 2491 621 τὸ
2519 569 2707 621 πνέονο
2741 568 2854 622 ἀλλ’
2876 569 2979 641 ἄρα
3003 569 3096 623 καὶ
3124 570 3185 625 τδ

1864 660 1935 714 20
1961 660 2115 713 Νόνν’
2145 660 2391 713 ἀπέδωκε
2417 660 2538 730 Θεῷ
2562 660 2687 712 ἔνθα
2718 662 2833 716 ποτ’
2854 663 3135 734 εὐχομένη.
3180 659 3188 666 ’

168 741 402 812 ὅθάμόος
426 743 579 810 ὁμοῦ,
604 744 696 797 καὶ
717 745 929 814 χάρμα·
955 745 1088 817 πρὸς
1107 747 1332 816 οὐρανὸν
1355 747 1501 801 ἔνθεν
1524 750 1693 822 ἀέρθη
1796 748 2051 817 Πέμψατε
2080 750 2142 800 ἐκ
2170 748 2297 820 νηοῦ
2326 749 2560 802 θεοειδέα
2588 749 2813 811 Νόνναν,
2853 750 3112 812 ἅπαντες

222 834 379 902 Εύχῆς
412 836 474 885 ἐκ
511 837 747 905 μεσάτης
774 837 947 888 Νὸννα
980 836 1209 889 λιποῦσα
1242 838 1375 906 βίον.

166 926 313 995 Εὺχῆς
342 924 431 976 καὶ
458 923 633 993 βιότου
662 926 833 996 Νόννῃ
867 926 1040 990 τέλος·
1072 928 1165 998 ἣδε
1190 928 1435 996 τράπεζα

221 1018 448 1084 Μάρτυς,
478 1018 569 1083 ἀφ’
598 1012 663 1086 ἦς
693 1017 830 1086 ἤρθη
860 1018 1052 1080 ἄπνοος
1082 1014 1356 1090 ἐξαπίνης.

164 1109 337 1173 MM};
365 1106 517 1175 ἠρίον
547 1109 660 1177 εἰμὶ
690 1108 1002 1178 σαόφρονος,
1100 1112 1168 1178 ῥα
1200 1109 1429 1181 πύλῃσιν

222 1198 276 1249 10
309 1198 563 1267 Ἕχριμψν
592 1200 885 1270 οὐρανίαις,
918 1202 1044 1269 πρὶν
1073 1201 1265 1271 βιότοιο
1293 1203 1445 1274 λυθῇ.

161 1284 396 1356 Δακρύετε
431 1286 652 1355 θνητοὺς
682 1288 887 1359 θνητῶν
910 1290 1089 1357 γένος·
1126 1294 1171 1344 εξ
1198 1294 1251 1345 δέ
1285 1311 1367 1357 τις
1395 1292 1583 1361 οὕτως,

227 1378 299 1439 Ὧς
328 1377 483 1429 Νόνν⁹
516 1380 805 1451 εὐχομένη,
834 1382 1115 1448 κάτθανεν,
1145 1384 1205 1435 οὐ
1232 1384 1466 1456 δακρύω.

158 1469 333 1537 Νόννης
362 1467 622 1537 ἁζόμενος
645 1472 804 1538 ἁγνὸν
826 1471 959 1540 βίον,
991 1472 1115 1535 ἆζεο
1145 1474 1341 1543 μᾶλλον

218 1561 308 1613 Καὶ
326 1559 503 1622 τέλος·
544 1561 601 1613 ἐν
630 1562 740 1631 νηῷ
769 1562 1031 1616 κάτθανεν
1055 1565 1338 1635 εὐχομένη.

159 1652 213 1705 15
246 1650 399 1701 Ἔνθα
436 1651 549 1701 ποτ’
574 1651 835 1722 εὐχομένη
864 1652 1071 1721 πρηνὴς
1103 1653 1228 1705 θάνε
1257 1655 1432 1708 Νόννα
1462 1656 1684 1727 φαεινή·

208 1744 303 1797 Νῦν
328 1744 369 1795 δ’
400 1744 487 1816 ἄρ’
516 1747 572 1797 ἐν
598 1745 860 1797 εὐσεϐέων
884 1746 1123 1800 λίσσεται
1160 1748 1421 1819 ἱσταμένη

157 1835 300 1904 Στήλη
327 1851 404 1887 σοι
440 1836 664 1889 θανάτου
694 1838 964 1907 μελιηδέος
1000 1838 1095 1907 ἥδε
1124 1839 1393 1909 τράπεζα,

212 1927 384 1983 Νόννα.
418 1930 545 1999 παρ’
631 1928 823 1999 έλύθης
845 1930 1107 2001 εὐχομένη
1133 1930 1373 2001 πύματα.

1868 838 2205 907 Πρέσόειραν
2236 839 2474 909 μεγάλην
2502 838 2735 907 πέμψατ’
2760 840 3099 910 ἁειρομένην.

1800 930 1901 980 ’Ἐκ
1930 948 1992 997 με
2018 929 2145 992 (θεὸς
2180 930 2439 1001 καθάροιο
2470 931 2603 1001 πρὸς
2628 930 2850 999 οὐρανὸν
2876 933 3091 1002 ἥρπασε
3114 934 3266 1005 νηοῦ,

1867 1021 2068 1072 Νόνναν
2098 1022 2455 1090 ἐπειγομένην
2481 1022 2747 1091 οὐρανίοις
2775 1022 3019 1076 πελάσαι.

3295 447 3368 505 62

1794 1111 1863 1164 ‘25
1893 1111 2044 1163 Néw’
2080 1113 2489 1182 ἁπανισταμένη
2532 1112 2658 1181 νηοῦ
2697 1113 2950 1182 μεγάλου,
2986 1113 3092 1165 τόδ’
3133 1113 3313 1168 ἔειπεν
3338 1129 3357 1148 ⁸

1866 1202 1984 1255 Τῶν
2016 1203 2226 1255 πολλῶν
2255 1204 2511 1273 καμάτων
2549 1204 2767 1274 μείζονα
2792 1206 2976 1274 μισθὸν
3006 1206 3132 1275 ἔχω.

1795 1295 1988 1357 Νὸννα,
2021 1294 2178 1365 φίλης
2209 1296 2372 1365 εὐχῆς
2401 1298 2619 1365 ἱερήῖον,
2649 1297 2832 1349 ἐνθάδε
2860 1300 3031 1349 κεῖται
3051 1314 3067 1329 ⁸

1864 1387 2041 1439 Νόννα
2068 1389 2182 1439 ποτ’
2214 1387 2478 1457 εὐχομένη
2509 1388 2648 1440 τοῦδ’
2681 1388 2842 1459 ἐλύθη
2880 1389 3077 1459 βιοτοῦ.

1808 1477 1901 1528 Ἐκ
1932 1476 2059 1546 νηοῦ
2096 1476 2346 1546 μεγάλοιο
2369 1478 2492 1541 θύος
2525 1480 2664 1549 μέγα
2692 1480 2843 1532 Νόνν¹
2879 1481 3154 1551 ἀπανέστη
3174 1496 3189 1511 ·

1863 1566 1931 1619 50
1954 1567 2084 1637 Νηῷ
2107 1568 2262 1621 Νόνν⁹
2302 1569 2461 1641 ἐλύθη
2486 1587 2498 1599 ⁸
2532 1572 2767 1641 χαίρετε,
2808 1573 3077 1636 εὐσεϐἐες.

1797 1659 1927 1711 ’Ἥδε
1949 1660 2196 1730 τράπεζα
2216 1662 2333 1731 Θεῷ
2365 1662 2599 1715 θεοειδέα
2624 1664 2827 1717 Νόνναν
2852 1664 3115 1735 ἔπεμψεν.

1900 1754 2025 1807 ΡΑ’.
2072 1757 2113 1806 Τ
2109 1753 2191 1807 ῶν
2215 1754 2437 1808 τοκέων
2463 1758 2762 1809 θανόντων
2788 1758 3255 1825 προσωποποιία.

1796 1843 1897 1912 Εῖη
1932 1861 2012 1897 σοι
2041 1845 2153 1914 βίος
2186 1846 2370 1909 ἐσθλὸς
2401 1848 2487 1899 ἐπ’
2520 1849 2844 1917 εὐλογίαισιν
2875 1850 3115 1914 ἁπάσαις

1878 1936 2153 1990 Ὀσσάτιαι
2185 1938 2387 1992 τοκέων
2416 1939 2928 2013 υἱέσιῪηροκὸμοις,

630 2080 944 2157 IlicNonna
975 2083 1138 2136 chara
1164 2076 1487 2157 obdormivit
1509 2084 1834 2157 profundum
1867 2102 2143 2157 somnum,

698 2151 895 2225 [.ibens
925 2162 1109 2225 secuta
1140 2154 1312 2206 virum
1330 2151 1870 2225 _suum'Gregorium.

632 2222 663 2275 5
697 2221 893 2292 Terror
918 2223 1100 2281 simul,
1127 2233 1179 2276 et
1208 2223 1497 2292 gaudium;
1527 2225 1581 2277 in
1610 2221 1806 2281 coelum
1835 2228 1962 2284 hinc
1992 2230 2206 2285 sublata
2236 2241 2321 2288 est

700 2291 863 2345 Prcce
891 2308 921 2345 e
954 2292 1148 2353 media,
1178 2291 1385 2358 Nonna,
1419 2294 1666 2362 linquens
1701 2298 1887 2350 vitam.

631 2360 812 2414 Precis
843 2371 895 2415 ct
917 2363 1040 2415 vita:
1074 2377 1177 2415 una
1205 2362 1408 2416 Νυιιυιε
1442 2360 1561 2417 ﬁnis
1598 2365 1739 2418 fuit:
1777 2383 1931 2421 sacra
1970 2370 2084 2425 haec
2120 2386 2308 2427 mensa

698 2430 896 2493 Testis,
930 2433 1070 2505 unde
1100 2434 1306 2486 sublata
1336 2442 1418 2505 est
1446 2436 1710 2490 exanimis
1743 2447 1964 2505 repente

628 2499 829 2573 Nonum
859 2503 1097 2573 tumulus
1120 2519 1238 2557 sum
1270 2504 1496 2571 pudicae,
1530 2520 1647 2573 quae
1679 2507 1743 2559 ad
1780 2499 1923 2561 fores

702 2571 766 2642 l0
796 2572 1015 2640 Appulit
1046 2575 1319 2634 crelestes,
1349 2571 1635 2642 antequam
1673 2576 1782 2628 vita
1813 2579 1989 2631 soluta
2020 2590 2181 2634 esset.

627 2638 1080 2719 Deﬂete'cwteros
1108 2643 1382 2719 mortales,
1416 2638 1727 2719 mortalium
1758 2662 1929 2714 genus
1957 2667 1969 2703 :
2006 2650 2052 2704 si
2082 2653 2207 2719 quis
2232 2660 2411 2707 autem
2442 2650 2523 2707 sic

706 2710 772 2764 Ut
804 2710 992 2764 Nonna
1027 2727 1211 2775 orans,
1241 2713 1394 2775 obiit,
1430 2729 1537 2766 non
1568 2714 1757 2767 deﬂeo.

627 2779 843 2859 Nonne
860 2797 1122 2859 venerans
1156 2790 1358 2859 castam
1390 2784 1575 2845 vitam,
1607 2800 1867 2840 venerare
1898 2789 2070 2859 magis

699 2850 766 2921 Et
796 2852 1038 2916 obitum;
1075 2853 1127 2904 in
1160 2854 1359 2921 templo
1388 2861 1596 2907 mortua
1627 2864 1710 2907 est
1735 2870 1919 2910 orans.

630 2919 821 2991 isillic
844 2922 1114 2990 quondam
1148 2919 1311 2975 orans
1341 2938 1509 2991 prona
1542 2925 1794 2977 occubuit
1824 2925 2012 2982 Nonna
2045 2929 2303 2984 illustris:

695 2990 849 3044 Nunc
873 3000 1048 3046 autem
1082 2992 1135 3044 in
1161 2990 1370 3061 piorum
1392 3001 1534 3047 cmtu
1564 3002 1717 3048 stans
1744 3004 1885 3050 orat.

627 3060 831 3130 Cippus
856 3063 949 3116 tibi
978 3060 1192 3116 mellita:
1220 3062 1406 3116 mortis
1436 3065 1547 3117 haec
1582 3079 1790 3126 mensa,

695 3132 911 3195 ‘Nonna,
945 3133 1097 3200 juxta
1128 3147 1288 3201 quam
1313 3134 1486 3186 soluta
1508 3149 1566 3188 es
1600 3142 1935 3202 postremum
1968 3150 2158 3193 orans.

628 3201 871 3272 Exiguus
901 3203 1077 3256 adhuc
1102 3203 1295 3255 animae
1328 3205 1564 3256 restabat
1594 3201 1818 3271 Spiritus
1845 3224 1859 3259 :
1891 3204 1984 3259 sed
2014 3216 2067 3261 et
2094 3209 2238 3262 hunc

697 3274 767 3325 20
792 3272 982 3326 Nonna
1006 3272 1239 3327 reddidit
1264 3272 1373 3325 Deo
1408 3273 1494 3325 hic
1518 3274 1644 3326 olim
1676 3288 1860 3337 orans,

630 3340 1026 3412 Prosequimini
1056 3357 1086 3396 e
1114 3342 1312 3411 templo
1336 3341 1572 3395 divinam
1606 3339 1874 3412 Nonnain,
1908 3358 2129 3412 omnes;

702 3411 990 3466 Patronam
1022 3427 1268 3481 magnam
1300 3411 1692 3481 prosequimini
1720 3430 1935 3468 sursum
1964 3411 2252 3471 sublatam.

633 3483 718 3539 Me
749 3483 887 3537 Dens
913 3498 942 3537 e
968 3496 1103 3550 puro
1121 3480 1184 3535 in
1216 3484 1420 3552 caelum
1442 3480 1623 3549 rapuit
1658 3484 1872 3552 templo,

704 3552 946 3605 Nonnam
985 3552 1329 3605 festinantem
1358 3550 1423 3603 ad
1454 3553 1701 3605 caelestes
1732 3550 2010 3608 accedere.

637 3620 1105 3696 llas-1149
1129 3621 1199 3675 25
1224 3620 1413 3696 Nonna
1438 3636 1655 3675 sursum
1687 3622 1956 3696 sublatae
1988 3625 2186 3694 templo
2216 3636 2433 3696 magno,
2463 3621 2568 3677 hoc
2601 3618 2738 3675 dixit
2767 3638 2783 3675 :

703 3689 883 3747 Eli—iliis
923 3689 1193 3745 laboribus
1226 3689 1482 3760 majorem
1510 3693 1806 3746 mercedem
1842 3694 2033 3749 habeo.

631 3763 844 3824 Nonna,
877 3761 1085 3815 dilecta:
1110 3761 1284 3829 precis
1315 3761 1549 3826 victima,
1585 3761 1671 3814 hic
1693 3762 1839 3830 jacet
1865 3782 1877 3816 :

604 3862 613 3871 ρ
703 3833 894 3887 Nonna
920 3830 1199 3901 quondam?
1220 3844 1384 3884 orans
1418 3831 1515 3883 hac
1544 3833 1719 3901 soluta
1750 3838 1835 3886 est
1865 3832 1993 3885 vita.

633 3902 677 3957 Ε
700 3902 898 3971 templo
924 3900 1371 3971 magno__victima
1394 3914 1606 3971 magna,
1634 3900 1825 3955 Nonna
1864 3918 2079 3957 sursum
2105 3901 2315 3957 sublata
2343 3906 2461 3967 est;

704 3976 772 4028 50
802 3968 859 4025 l’n
895 3968 1089 4038 templo
1116 3968 1323 4043 Non_na_
1339 3969 1517 4043 soluta
1527 3978 1627 4043 est
1659 3989 1672 4025 :
1714 3971 1959 4043 gaudete,
1996 3974 2089 4042 pii.

631 4042 757 4099 Haec
789 4056 942 4098 sacra
971 4037 1156 4095 mensa
1183 4039 1250 4093 ad
1292 4037 1456 4092 Deum
1487 4037 1738 4094 divinanf
1760 4037 2012 4095 Nonnani
2044 4040 2365 4097 transmisit.

912 4136 997 4192 CI.
1047 4136 1333 4190 Parentum
1381 4146 1705 4191 mortuarum
1750 4140 2171 4208 prosopopwia'.

636 4231 719 4288 Sit
750 4232 846 4287 tibi
878 4233 985 4286 vita
1014 4246 1272 4301 prospera
1298 4247 1395 4301 per
1418 4248 1607 4287 omnes
1633 4234 2061 4296 benedictiones.

704 4302 1048 4372 Quaecunque
1071 4302 1390 4372 contingunt
1422 4303 1547 4358 ﬁliis
1580 4312 1864 4374 parentum
1895 4312 2227 4362 senectutem
2256 4304 2583 4371 colentibus,

226 4470 247 4489 '
272 4466 550 4538 Scriptum
586 4480 677 4523 an.
710 4464 913 4521 374.—
939 4463 1090 4520 Alias
1120 4462 1383 4521 Murator.
1424 4465 1510 4521 ll.

1417 4603 1749 4666 METRICA
1773 4603 2070 4667 VERSIO.

137 4747 223 4802 Hic
250 4746 581 4802 obdormivit
610 4761 862 4803 somnum
893 4746 1091 4803 dilecta
1121 4745 1476 4816 profundum,

201 4817 342 4874 Ultro
370 4817 699 4889 Gregorium
732 4817 922 4889 Nonna
957 4828 1141 4889 secuta
1170 4818 1371 4889 virum.

134 4887 324 4943 Laetitia
353 4897 408 4944 et
437 4886 618 4943 terror
644 4906 657 4941 :
695 4888 845 4956 petiit
873 4888 1068 4957 coelum
1093 4887 1238 4950 inde,
1271 4886 1585 4957 relinquens

198 4960 248 5012 In
280 4958 463 5012 media
498 4959 623 5012 vitae
654 4955 857 5011 lumina
882 4955 1070 5010 Nonna
1100 4971 1278 5024 prece.

135 5027 224 5095 Qui
254 5029 453 5097 precis,
481 5028 571 5081 hic
597 5028 721 5081 linis
752 5028 906 5097 vitae:
937 5027 1007 5082 sit
1042 5028 1266 5097 mystica
1305 5027 1460 5084 testis

197 5095 392 5158 Ménsa,
421 5097 518 5152 cui
546 5106 700 5166 rapta
727 5104 810 5166 est
836 5096 1025 5151 funere
1053 5095 1241 5149 NOlma
1272 5097 1400 5151 cito.

138 5166 253 5220 Sum
281 5176 449 5222 castae
485 5165 727 5220 tumulus
760 5165 1355 5237 Nonnae,gqu:elimina
1383 5167 1584 5237 pressit

192 5237 322 5291 Ante
356 5238 495 5307 poli,
526 5238 638 5290 vita
668 5251 830 5307 quam
865 5235 1101 5307 resoluta
1133 5234 1289 5307 foret.

135 5304 375 5361 Mortales
409 5308 574 5368 alios,
606 5304 884 5369 mortales,
913 5304 1056 5366 ﬂete,
1094 5305 1187 5360 sed
1218 5307 1359 5360 inter

195 5374 303 5429 Non
332 5376 584 5431 deﬂenda
618 5375 748 5428 mihi
778 5373 967 5429 Nonna
995 5390 1182 5444 preces
1208 5377 1467 5431 moriens.

137 5442 413 5501 lnnocuam
450 5445 663 5499 Nonnae
693 5446 858 5515 vitam
884 5442 1160 5515 venerare,
1189 5447 1473 5515 magisque

198 5515 439 5582 Funera;
478 5530 605 5568 nam
633 5529 787 5569 sacra
819 5514 1000 5569 deficit
1031 5516 1143 5569 aede
1174 5514 1423 5583 precans.

138 5580 235 5657 Hoc
259 5580 433 5638 orans
452 5586 589 5657 obiit
618 5582 889 5657 quondam
917 5583 1107 5657 Nonna
1137 5580 1587 5657 inclyta‘templo,

194 5652 339 5709 Nunc
367 5664 530 5712 stans
555 5655 611 5708 in
636 5652 855 5723 superis
878 5655 1108 5707 coetibus
1137 5652 1261 5707 orat
1284 5654 1479 5710 adhuc.

140 5720 247 5777 llaec
269 5725 364 5779 tibi
393 5725 618 5778 mellitae
649 5720 845 5777 mortis
876 5737 1031 5778 sacra
1064 5739 1251 5778 mensa
1284 5727 1574 5781 columna:

199 5792 290 5848 llic
311 5794 490 5854 cadis,
526 5805 788 5855 extrema,
813 5790 1024 5855 Nonna,
1055 5802 1275 5863 precata
1300 5796 1439 5849 vice.

142 5859 359 5934 Exiguus
394 5864 643 5919 restabat
672 5863 848 5918 adhuc
879 5879 1041 5934 super
1056 5859 1298 5930 'halitus,
1328 5865 1479 5919 illum

1866 4746 2119 4803 Reddidit
2152 4746 2242 4801 hic
2271 4759 2435 4802 orans
2461 4744 2654 4800 Nonna
2687 4744 2843 4801 beata
2879 4744 3008 4801 Deo.

1795 4816 1838 4871 E
1871 4819 2071 4886 templo
2098 4817 2282 4886 cuncti
2316 4817 2554 4871 divinam
2590 4815 2807 4870 educite
2836 4815 3108 4877 Nonnam,

1864 4885 1997 4952 Quae
2024 4888 2172 4941 volat
2202 4885 2269 4939 ad
2301 4888 2551 4940 meritum
2581 4887 2687 4940 lida
2714 4895 2941 4956 patrona
2974 4886 3178 4953 polum.

1791 4954 1875 5012 Me
1901 4957 2043 5012 Deus
2081 4957 2137 5011 in
2163 4957 2360 5010 cmlum
2390 4971 2523 5025 pura
2558 4954 2793 5025 raptavit
2823 4957 2890 5009 ab
2917 4956 3052 5019 aede,

1864 5026 2132 5089 Nonnam,
2165 5041 2285 5095 qua:
2310 5027 2433 5079 εωιί
2462 5026 2647 5080 limina
2671 5040 2825 5081 sacra
2854 5033 2996 5094 peto.

1793 5094 1987 5152 Nonna
2018 5093 2409 5153 sacro—sublata
2446 5097 2564 5149 loco
2594 5111 2758 5164 super
2782 5096 3008 5159 aethera,
3040 5093 3214 5149 dixit:

1863 5167 2017 5221 Nunc
2047 5166 2253 5235 majora
2284 5166 2431 5233 gravi
2463 5165 2604 5235 dona
2638 5167 2820 5218 labore
2851 5164 2986 5235 fero.

1799 5236 1989 5291 Nunna
2013 5234 2187 5306 precis
2211 5238 2370 5306 jacet_
2387 5236 2473 5288 hic
2493 5234 2715 5306 dilecta:
2748 5234 2964 5306 victima
2988 5252 3003 5300 ;
3036 5234 3145 5288 vita

1862 5308 1974 5361 Hoc
2000 5302 2161 5361 orans
2191 5302 2462 5375 quondam
2493 5302 2683 5375 Nonna
2717 5305 2909 5375 soluta
2936 5304 3075 5359 loco.

1789 5376 1978 5444 Magna
2011 5378 2113 5429 hoc
2140 5393 2170 5431 e
2204 5373 2397 5444 magno
2429 5374 2637 5428 sublata
2677 5383 2768 5444 est
2789 5374 3007 5428 victima
3040 5373 3264 5444 templo,

1903 5462 2043 5501 onna
2080 5446 2258 5501 sacris
2294 5442 2564 5513 moriens:
2611 5442 2871 5513 plaudite,
2907 5452 3097 5497 sancta
3133 5442 3351 5510 cohors,

1784 5516 2089 5572 Transtulit
2102 5516 2169 5570 ad
2182 5514 2462 5569 Christum
2477 5511 2592 5567 Non
2601 5511 2723 5566 nam
2742 5528 2896 5568 sacra
2910 5528 3099 5569 mensa
3116 5514 3352 5570 beatam.

2415 5622 2487 5661 Cl.
2524 5622 2707 5661 ALIUD.

2172 5696 2257 5767 (A.
2292 5695 2357 5750 Β.
2390 5694 2955 5765 Caillau'interprete.)

1790 5792 1872 5848 Sit
1904 5792 2047 5845 bona
2074 5790 2185 5843 vita
2216 5790 2336 5852 tibi,
2372 5789 2481 5844 sint
2512 5788 2706 5857 gaudia
2734 5787 2914 5841 debita
2942 5786 3109 5850 natis,

1860 5861 2151 5934 Sanguinis
2180 5868 2429 5916 auctores
2453 5862 2543 5929 qui
2577 5859 2800 5914 coluere
2828 5872 3021 5917 senes:
