3916 6514
146 395 210 448 65
1377 391 1619 448 SECTIO
1651 391 1715 446 11.
1757 390 1860 446 ΕΡΙ

1789 390 2138 446 ΞΡΙΤΑΡΠΙΑ.
3289 391 3360 447 66

148 504 364 567 Ὀλὸιος,
389 502 695 574 εὖγενέτης,
745 503 928 574 μύθων
958 504 1177 572 κράτος,
1215 503 1390 575 ἄλκαρ
1417 506 1688 571 ἁπάντων,
1720 511 1764 564 Α
1796 507 1904 558 Καὶ
1929 505 2161 576 Χάριτες
2185 505 2453 558 Μούσαισι
2495 505 2847 575 μεμιγμέναι,
2880 503 3038 575 ἔξοχα
3067 505 3110 558 δ’
3133 499 3198 560 αὖ
3230 521 3290 557 σε

207 593 377 664 [Ini-3v,
411 593 698 656 εὐσεϐέων,
723 595 1005 662 εὐγενέων,
1035 595 1248 662 λογίων,

143 685 174 741 5
202 687 300 736 Καὶ
335 683 517 752 μύθοιο
545 684 705 754 δοτὴρ
735 685 1022 754 περιώσιος
1053 681 1141 755 ἦν.
1174 685 1267 737 ’ἰδ’
1291 685 1522 756 ἑταίρων

204 774 310 826 Σῶν
347 775 481 837 ἑνὸς,
515 769 559 828 ὧ
587 776 831 847 φιλότης,
867 777 1080 848 γράμμ’
1110 777 1501 846 ὲπιτυμϐίδιον.

139 860 202 918 Ὦ
229 867 423 936 μάκαρ,
457 861 501 918 ὦ
533 865 683 930 ξυνὸν
711 869 900 936 πενίης
920 867 1084 931 ἄκοςῐ
1115 863 1159 921 ὧ
1186 869 1502 940 πτερόεντες

202 956 386 1019 Muller,
423 958 514 1009 καὶ
539 959 689 1029 πηγὴ
720 961 885 1012 πᾶσιν
918 959 1187 1030 ἀρυομένη
1213 961 1224 1012 !

145 1047 398 1117 Ἀαθματι
419 1049 594 1102 πάντα
608 1049 761 1112 λίπες
783 1051 1035 1120 πυμάτῳ,
1051 1051 1152 1102 τόδ’
1174 1051 1268 1119 ἅμ’
1287 1051 1481 1102 ἕσπετο
1499 1048 1690 1120 μοῦνον

206 1140 265 1194 ΙΟ
299 1139 488 1192 Ἔνθεν
523 1140 820 1211 ἀειρομένω
847 1140 1002 1204 κῦδος
1031 1139 1113 1193 ἀεὶ
1139 1140 1378 1211 θαλερόν.

140 1231 417 1303 Γρηγόριος
431 1231 543 1283 ταδ’
585 1231 816 1302 ἔγραψα,
839 1231 980 1300 λόγῳ
1012 1231 1185 1300 λόγον,
1225 1231 1282 1283 ὃν
1312 1247 1460 1301 παρα
1489 1233 1617 1294 σεῖο,

213 1322 503 1393 Ἀμφίλοχ’,
544 1323 788 1393 ὲξεδάην,
815 1323 1307 1394 ἀντιχαριζὸμενος.

439 1435 558 1489 ΡΕ’.
596 1438 698 1501 Εἰς
747 1436 1131 1504 Ἀμφιλόχιον
1165 1435 1375 1490 ἄλλον.

153 1524 452 1595 ’Δμφίλοχος
475 1526 731 1597 τέθνηκεν
757 1543 772 1556 ο
807 1525 1072 1589 ἀπώλετο,
1107 1526 1161 1578 εἷ
1192 1543 1244 1578 τι
1273 1526 1518 1579 λέλειπτο

203 1614 368 1668 Καλὸν
403 1618 461 1668 ὲν
495 1614 799 1686 ἀνθρώποις
826 1615 1116 1686 ῥητορικῆς
1143 1614 1396 1686 τέμενος⁸

1874 596 1935 648 Ἡ
1965 595 2361 668 Διοκαισαρὲων
2393 595 2600 666 μύρατο
2632 597 2812 666 πάτρα
2837 596 2987 665 φίλη.

2380 710 2514 775 Pq'.
2550 709 2760 762 Ἀλλο.

1790 821 1833 872 Τ
1838 819 1992 873 υτθὸν
2026 821 2121 890 μὲν
2151 821 2460 891 πτολίεθρον
2481 837 2493 849 ·
2525 819 2664 888 ἀτὰρ
2701 819 2864 872 πολὺν
2893 819 3062 890 ἀνέρα
3092 820 3239 874 δωκα

1860 911 2100 981 Βήμασιν
2135 911 2430 981 ἰθυδίκηςὴ
2470 909 2866 979 Διοκαισαρέων

1809 1002 2144 1072 ’Δμςίλοχοψ
2168 1002 2412 1072 Φθιμένῳ
2436 1002 2490 1053 δὲ
2514 1001 2796 1070 συνέφθιτο
2825 1018 2917 1053 και
2946 1002 3219 1072 πυρόεσσα

1877 1095 2096 1166 Ῥήτρη,
2121 1095 2213 1148 καὶ
2243 1096 2454 1166 πάτρης
2487 1089 2644 1164 εὖχος
2673 1093 3043 1162 ἁριστοτόκου.

2391 1233 2510 1285 PZ'.
2550 1233 2757 1284 Ἀλλο.

1797 1342 1900 1394 Τὸν
1935 1341 2137 1413 ῥήτραν
2171 1340 2473 1411 πυρὸεσσαν
2501 1340 2584 1393 ἐπ’
2613 1339 2950 1392 ἀντιπάλοισι
2980 1337 3232 1409 φέροντα,

1865 1431 1967 1484 Τὸν
1997 1431 2206 1501 μέλιτος
2235 1431 2438 1499 γλυκξω
2463 1431 2597 1501 ἤθεα
2625 1431 2717 1484 καί
2752 1430 3040 1500 πραπίδας,

1809 1523 2128 1592 Ἀμφίλοχον
2160 1522 2371 1591 κατέχω
2399 1522 2561 1592 τυτθὴ
2591 1523 2738 1586 κόνις
2767 1521 2944 1574 ἔκτοθι
2984 1521 3193 1592 πάτρης

1867 1612 2000 1664 Υἱέα
2022 1613 2301 1666 Φιλτατίου
2336 1613 2622 1684 Γοργονίας
2642 1631 2698 1666 τε
2730 1613 2920 1684 μέγαν.

623 1794 840 1856 Beatus,
874 1793 1090 1858 nobilis,
1127 1809 1376 1848 sermone
1407 1802 1619 1861 potens,
1653 1793 1814 1848 tutela
1845 1793 2107 1856 omnium,

692 1863 1155 1926 Necessariorum,
1193 1865 1426 1932 piorum,
1463 1864 1745 1926 nobilium,
1785 1863 2167 1924 litteratorum,

623 1934 657 1988 5
687 1934 750 2004 Et
779 1934 944 1987 divini
988 1934 1140 1987 verbi
1179 1948 1354 2004 praeco
1384 1935 1763 2004 sanctiSsimus
1789 1932 1907 1986 luit.
1942 1932 2078 2004 Vide
2107 1935 2175 2004 ab
2207 1946 2317 1984 uno

693 2003 768 2057 Ex
804 2005 992 2057 amicis
1022 2003 1151 2066 tuis,
1179 2002 1216 2056 ἰ)
1251 2002 1598 2067 amicissime,
1631 2003 1863 2071 elogium
1901 2003 2110 2072 tumulo
2139 2002 2472 2072 impositum.

623 2073 666 2128 Ο
697 2074 844 2142 felix,
878 2088 910 2126 ο
937 2088 1224 2126 commune
1252 2076 1584 2142 paupertatis
1624 2073 1954 2126 remedium!
1997 2071 2040 2127 Ο
2069 2073 2212 2125 alata

691 2141 867 2196 Verba
907 2151 960 2196 et
991 2143 1110 2196 fons
1140 2141 1391 2196 omnibus
1422 2143 1680 2196 haustus!

625 2211 827 2283 Spiritu
858 2214 1038 2283 omnia
1073 2213 1334 2280 reliquisti
1366 2221 1628 2283 extremo.
1663 2211 1739 2266 Te
1766 2226 1895 2265 vero
1923 2226 2024 2264 noc
2051 2225 2216 2264 unum
2249 2218 2498 2266 secutum
2533 2219 2638 2275 est,

698 2283 763 2336 10
789 2280 924 2333 llinc
954 2281 1169 2336 sublato
1196 2282 1291 2334 tibi
1327 2282 1498 2352 gloria
1533 2298 1746 2352 semper
1770 2283 1970 2336 virens.

622 2351 914 2418 Gregorius
949 2352 1061 2405 haec
1091 2352 1306 2420 scripsi.
1339 2351 1571 2405 Orationi
1596 2351 1914 2415 orationem,
1948 2366 2110 2420 quam
2141 2367 2170 2405 a
2197 2360 2268 2419 te,

691 2421 1064 2491 Amphiloche,
1103 2422 1318 2485 edidici,
1361 2430 1602 2475 mutuam
1635 2421 1934 2491 rependens
1975 2420 2221 2491 gloriam.

1237 2515 1344 2572 CV.
1387 2515 1454 2570 In
1492 2517 1912 2586 Amphilochium
1951 2518 2116 2572 alium
2139 2521 2172 2577 '.

621 2605 1029 2678 Amphilochius
1057 2607 1225 2673 obiit;
1266 2607 1451 2677 periit.
1486 2609 1531 2663 si
1561 2609 1706 2678 quod
1739 2616 2020 2678 supererat

693 2674 986 2730 Pulchrum
1025 2678 1166 2731 inter
1196 2674 1440 2734 homines
1470 2674 1757 2734 rhetoricae
1783 2674 2068 2734 delubrum
2105 2697 2120 2733 :

626 2743 919 2818 Et‘Gratire
951 2746 1118 2818 Musis
1144 2747 1432 2816 permisnaa,
1465 2750 1732 2818 praecipue
1759 2763 1886 2804 vero
1917 2758 1968 2804 te

692 2813 1194 2872 Diocazsariensiuin
1225 2817 1360 2874 luxit
1389 2813 1561 2888 patria
1598 2813 1784 2875 chara.

1518 2909 1651 2965 CVI.
1693 2912 1852 2965 Aliud
1881 2916 1940 2966 “.

625 2999 853 3079 Parvum
889 3003 1259 3079 quidemsum
1285 3005 1592 3079 pppidum;
1622 3017 1800 3061 tamen
1831 3022 2082 3079 magnum
2112 3007 2285 3062 virum
2322 3006 2446 3062 dedi

695 3070 1084 3130 Tribunalibus
1112 3073 1254 3140 juris
1285 3070 1618 3130 Diocassarea

620 3139 1079 3218 Amphilochium.
1115 3139 1289 3218 Simul
1323 3160 1450 3198 vero
1475 3156 1695 3218 mortuo
1734 3155 2066 3201 commortua
2096 3155 2148 3201 et
2182 3148 2335 3218 ignea

688 3208 1028 3282 Eloquentia,
1061 3221 1114 3270 et
1143 3214 1310 3270 decus
1347 3217 1552 3284 patriae,
1589 3232 1710 3286 quae
1738 3217 1998 3287 optimum
2033 3208 2333 3289 peperérat.

1497 3327 1654 3383 CVII.
1697 3327 1855 3382 Aliud
1880 3330 1964 3383 “'.

621 3411 757 3488 Eum
787 3414 878 3488 qui
917 3414 1231 3488 eloquentia
1255 3416 1409 3486 ignea
1429 3425 1621 3471 contra
1653 3417 1993 3474 adversarios
2022 3419 2280 3488 pollebat,

687 3483 874 3558 Et_qui
905 3485 1062 3558 melle
1092 3483 1302 3540 dulcior
1325 3494 1441 3540 erat
1477 3490 1718 3542 moribus
1750 3497 1803 3542 et
1840 3483 2080 3558 pectore,

615 3551 1052 3629 Amphilochium
1081 3565 1237 3629 teneo
1267 3558 1505 3629 exiguus
1536 3559 1676 3612 cinis
1705 3551 1858 3612 extra-
1895 3551 2130 3629 patriam

687 3620 879 3676 Filium
902 3621 1143 3677 Pbiltatii
1173 3632 1227 3678 et
1256 3620 1542 3696 Gorgonis:
1582 3643 1852 3698 magnum.

194 3798 211 3821 ‘
240 3796 513 3868 Scriptum
554 3811 643 3852 an.
679 3798 800 3853 575.
830 3827 899 3837 —-
923 3797 1070 3853 Alias
1094 3798 1354 3856 Murator.
1383 3801 1470 3858 5i.

137 3882 213 3922 an.
236 3868 355 3923 575.
391 3897 464 3908 -
489 3870 640 3924 Alias
678 3869 937 3922 Murator.
968 3869 1059 3921 55.

134 4047 296 4172 μετ’.
326 4049 454 4106 Τιτ.
487 4051 742 4104 ’Λλλονκ
771 4049 934 4105 Forte
977 4050 1123 4105 ἄλλο.
1160 4049 1294 4104 Vide
1323 4056 1456 4104 tom.
1484 4050 1527 4114 Ι,
1563 4067 1685 4122 pag.

195 4163 607 4258 ἧᾺμφιλοχος.
623 4188 721 4242 Hic
741 4189 1152 4261 Amphilochius
1169 4192 1306 4245 alter
1325 4191 1560 4247 fortasse
1579 4197 1688 4244 tam

137 4260 195 4311 ab
219 4260 480 4315 lconiensi
503 4264 780 4329 episcopo,
809 4260 972 4331 quam
999 4276 1029 4314 a
1052 4262 1340 4331 superiori,
1360 4261 1686 4316 rhetoricam

135 4345 242 4382 cum
281 4331 438 4383 laude
469 4330 945 4401 Qonstantino’poli
977 4331 1181 4385 docuit.
1218 4330 1564 4387 Dioczesareaa
1590 4346 1688 4382 na-

135 4406 213 4456 tus
235 4401 453 4466 dicitur,
485 4399 732 4454 Philtatii
765 4409 820 4454 et
840 4399 1134 4472 ’Gorgonize
1165 4401 1340 4457 lilius:
1373 4418 1471 4458 nec
1508 4411 1687 4455 tamen

1549 3804 1588 3824 “
1620 3811 1889 3872 ecriptum
1920 3818 2010 3857 an.
2050 3804 2173 3857 575.
2197 3833 2264 3844 —
2315 3804 2464 3860 Alias
2502 3803 2758 3860 Murator.
2796 3805 2886 3861 52.

2964 3808 3027 3828 ⁶·⁴
3069 3805 3344 3878 Scriptum

1791 4051 1995 4104 ideirco
2025 4049 2306 4120 Gorgonis:
2331 4048 2575 4120 Gregorii
2612 4051 2820 4106 sororis
2844 4053 2990 4108 filius
3028 4063 3113 4109 est
3149 4055 3351 4110 existi-

1789 4119 2050 4242 gilarlitdtis;
2077 4118 2359 4191 Gorgonis:
2384 4118 2528 4176 enim
2559 4125 2788 4178 maritus
2833 4122 2935 4178 fuit
2959 4125 3206 4196 Alypius,
3233 4142 3351 4181 non

1851 4207 1886 4242 ιι
1937 4206 1964 4242 a
1996 4206 2100 4244 ltlS.

2284 4261 2417 4317 Cod.
2455 4259 2774 4317 Med.66)xe.

1856 4328 2010 4386 CVII.
2045 4331 2079 4384 2
2103 4331 2360 4385 Γλυκίω.
2385 4332 2562 4386 Attice
2592 4347 2690 4402 pro
2712 4333 2994 4400 γλυκίονα.

1418 4583 1749 4643 METRICA
1778 4580 2073 4640 VERSIO.

132 4771 428 4837 Facundus,
458 4772 610 4838 felix,
637 4773 932 4844 praeclarus
959 4772 1187 4844 origine,
1217 4771 1413 4837 doctis,

194 4845 468 4914 Cognatis,
500 4846 686 4913 justis,
712 4845 1096 4914 nobilibusque
1125 4844 1333 4914 favens,

133 4912 353 4984 Inclyt'us
381 4926 436 4969 et
460 4912 610 4968 verbi
643 4929 836 4984 praeco.
857 4912 1212 4975 Charissime,
1252 4913 1412 4966 busto

196 4983 371 5053 Elegia
400 4999 432 5037 a
460 4985 628 5037 chara
646 4983 905 5054 conspice
932 4985 1134 5052 scripta
1163 4997 1348 5036 manu.

134 5051 173 5107 Ο
202 5051 340 5117 lelii,
378 5055 708 5123 cunctisque
741 5051 923 5106 datum
955 5051 1287 5108 medicamen
1317 5051 1531 5121 egenis!

197 5123 444 5177 Pennatie
483 5140 517 5178 ο
545 5139 728 5187 voces,
756 5124 1007 5177 omnibus
1041 5124 1181 5176 unda
1224 5123 1442 5192 patens!

136 5192 324 5262 Cuncta
352 5195 630 5262 reliquisti
665 5208 920 5262 supremo
949 5193 1163 5246 ﬂamine
1187 5210 1202 5258 ;
1228 5194 1343 5246 sola

194 5261 364 5318 Gloria
395 5261 616 5318 sublato
645 5261 922 5333 permanet
944 5278 1114 5331 usque
1140 5263 1344 5317 virens.

135 5330 412 5402 Gregorius
440 5329 800 5402 scripsi'haec,
831 5347 930 5400 pro
959 5329 1129 5402 verbo
1145 5333 1310 5385 verba
1337 5329 1639 5401 rependens
1667 5348 1680 5383 :

199 5400 302 5457 Hoc
326 5420 358 5457 a
394 5412 450 5459 te
480 5400 689 5470 didici;
727 5410 915 5456 mutua
947 5401 1088 5455 dona
1114 5401 1251 5457 fero.

509 5550 584 5590 CV.
618 5550 670 5588 IN
710 5541 1100 5588 AIPHIILOCIIIUM
1134 5549 1314 5588 Λιιυκ.

515 5620 600 5696 (Α.
633 5625 700 5680 Β.
735 5625 949 5679 Caillau
995 5626 1312 5695 interprete.)

145 5732 329 5818 Decidit
359 5735 789 5818 Amphilochus;
821 5736 1000 5818 periit,
1031 5736 1075 5817 si
1110 5735 1249 5818 forte
1267 5739 1518 5818 manebat

195 5804 391 5863 Parum
417 5804 643 5879 aliquod
665 5804 837 5863 terrai
865 5807 1158 5864 rhetorices
1186 5807 1406 5880 adytum
1433 5828 1448 5878 ;

1713 4777 1757 4833 Β
1797 4768 1871 4822 Te
1897 4767 2068 4822 Musis
2105 4767 2278 4823 mistze
2305 4767 2553 4824 Charites
2575 4812 2589 4832 ,
2619 4769 2939 4826 charissima
2973 4769 3110 4824 luxit

1856 4838 2034 4892 Patria
2063 4839 2360 4908 praesertim
2393 4849 2441 4893 te
2474 4839 2828 4896 Dioczesarea.

2403 4944 2510 4983 CVI.
2555 4945 2734 4983 ALIUD.

2279 5017 2498 5089 (Eodem
2539 5020 2858 5089 interprete.)

1787 5108 2037 5180 Magnum
2075 5107 2290 5180 donavi,
2323 5125 2630 5178 quanquam
2660 5113 2759 5164 sim
2793 5125 2974 5180 parva,
3010 5111 3316 5168 ministrum

1895 5179 2090 5232 ustitize
2120 5179 2292 5237 soliis.
2331 5180 2460 5232 urbs
2491 5179 2824 5234 Diocaesarea

1788 5248 2434 5320 Amphilochium.Simul
2468 5260 2519 5301 at
2549 5251 2705 5316 periit
2738 5251 2818 5304 vis
2852 5253 3009 5319 ignea
3041 5252 3210 5320 fandi,

1861 5318 1928 5372 Et
1955 5321 2148 5389 patriae
2178 5318 2339 5372 talem
2369 5320 2720 5388 parturientis
2754 5318 2945 5375 honor.

2405 5425 2533 5463 CVII.
2574 5426 2754 5466 ALIUD.

2293 5499 2510 5572 (Eodem
2538 5501 2857 5574 interprete.)

1792 5593 1894 5661 Qui
1931 5591 2076 5647 fandi
2109 5593 2276 5663 ignita
2296 5602 2497 5664 contra
2541 5593 2724 5649 hostes
2754 5604 2870 5650 arte
2897 5595 3130 5664 valebat,

1862 5664 2016 5717 Melle
2052 5668 2137 5717 cui
2163 5663 2337 5735 dulcis
2376 5679 2493 5719 mos
2526 5666 2848 5734 animusque
2875 5681 3055 5735 super,

1790 5734 2202 5810 Amphilochum
2232 5734 2662 5810 cinis‘extorrem
2688 5734 3013 5810 complector
3039 5752 3263 5810 egenus,

1859 5803 2103 5858 Philtatii
2134 5813 2321 5859 natum
2357 5803 2748 5877 Gorgonizeque
2775 5803 2999 5861 bonum.
