3916 6496
97 401 194 453 H3
1239 398 1482 487 SECTIO
1513 400 1577 456 II.
1606 398 2126 457 EPIGRAMMATA.

1688 525 1728 581 Λ
1829 518 1924 580 Τίς
1956 516 2176 587 χρόνος;
2215 514 2441 585 ’Λρχαίη
2483 514 2721 585 σήματος
2747 512 2998 585 ὲργασῐη.

1758 609 1854 673 Τίς
1886 608 1942 660 δὲ
1973 609 2223 678 ἐνήρατο,
2247 606 2390 667 εἰπὲ,
2420 604 2611 673 φθόνος
2636 605 2789 671 τόδε;
2828 606 3022 675 Χεῖρες
3046 604 3262 674 ἁλιτρα“ι

694 511 827 563 NII'.
868 510 1075 563 Ἄλλο.

87 597 276 666 Τεῖχος
300 599 383 651 ἐνὶ
411 598 760 667 προπόδεσσι,
791 598 885 651 ita).
907 598 1109 668 ὄρθιος,
1129 598 1279 653 ἔνθεν
1307 600 1495 657 ἔπειτα

156 689 391 751 ’Ύπτιος
421 690 486 741 ὲκ
510 688 749 756 λαγόνων
776 691 855 751 εἰς
883 688 940 741 ἒν
960 688 1347 760 ἀγειρομένων,

86 778 303 846 Τύμϐος
328 778 443 848 ἔην,
468 776 779 850 καθύπερθε
802 777 965 845 λόφου
991 777 1169 847 λόφος.
1202 779 1359 832 ’Δλλά
1379 781 1431 833 τί
1455 781 1654 848 ταῦτα;

155 868 323 922 Οὐδὲν
356 868 720 939 χρυσοφίλοις,
751 867 804 920 οἵ
831 869 887 938 μ’
918 867 1165 931 ὲτίναξαν
1196 868 1338 924 ὅλον.

678 980 805 1036 ΝΘ’.
842 981 1053 1035 Ἀλλο.

83 1068 309 1139 Νεκρῶν
336 1069 505 1141 νεκρὰ
528 1070 677 1123 πέλει
706 1072 800 1124 καὶ
832 1073 1108 1142 μνήματα.
1137 1074 1236 1135 Ὃς
1262 1075 1304 1127 δ’
1336 1075 1605 1147 ἀνεγείρει

152 1160 375 1231 τύμϐον
405 1162 716 1232 ἀριπρεπέα
747 1165 812 1232 τῇ
839 1163 976 1226 κόνι,
1009 1166 1125 1216 τοῖα
1155 1165 1335 1218 πάθοι.

82 1253 154 1306 Οὐ
183 1250 292 1321 γὰρ
321 1251 389 1303 ἂν
416 1245 569 1313 οὗτος
600 1252 741 1321 ἀνὴρ
772 1252 861 1303 τὸν
890 1251 1021 1320 ἐμὸν
1050 1252 1217 1319 τάφον
1244 1254 1598 1320 ὲξαλάπαξεν,

152 1340 213 1391 Εἰ
243 1339 318 1408 μὴ
351 1339 550 1409 χρυσὸν
581 1338 723 1409 ἔχειν
755 1339 953 1409 ἤλπετο
986 1340 1050 1392 ἐκ
1078 1341 1301 1394 νεκύων.

710 1452 785 1505 Ξ’.
820 1452 1026 1505 "Alio.

87 1542 201 1608 Τίς,
228 1544 403 1611 τίνος;
433 1546 507 1598 Οὐ
540 1545 699 1615 κενεὴ
727 1543 896 1614 στήλη
917 1558 930 1571 ⁸
960 1544 1066 1613 πρὸ
1095 1544 1205 1615 γὰρ
1229 1545 1396 1599 ὤλετο
1426 1546 1656 1618 τύμϐου.

3223 397 3332 453 Hb

1825 698 2087 761 Γείτονος.
2112 697 2200 759 Ὧς
2225 696 2278 749 τί
2308 696 2495 763 λάϐοι;
2531 696 2743 766 Χρυσὸν
2774 696 2882 765 ἔχοι
2914 696 3149 766 σκοτίτιν.

2361 826 2482 883 EA’.
2521 830 2730 882 Ἄλλο.

1761 942 1949 1004 Ὅστις
1976 941 2106 1008 ἐμὸν
2130 936 2287 1011 παρᾶ
2312 941 2460 1011 σῆμα
2488 940 2676 1011 φέρεις
2703 938 2861 999 πόδα,
2894 937 3001 989 ῐσῦι
3033 952 3098 1005 με
3122 936 3294 989 ταῦτα

1820 1031 1926 1085 Τοῦ
1955 1032 2374 1102 νεοκληρονόμου
2411 1032 2568 1101 χερσὶ
2601 1030 2819 1083 παθόντ’
2856 1028 3079 1089 ἀδίκως.

1754 1106 1827 1175 Οὐ
1862 1122 1969 1190 γὰρ
1994 1122 2113 1191 ἕχον
2143 1122 2341 1191 χρυσόν
2367 1139 2425 1174 τε
2449 1123 2543 1175 καὶ
2566 1122 2824 1192 ἄργυρον,
2854 1119 2966 1171 ἀλλ’
2998 1116 3279 1188 ὲδοκήθην,

1828 1211 2032 1265 Κάλλεῖ
2066 1211 2396 1281 μαρμαίρων
2432 1212 2732 1264 τοσσατίων
2761 1209 3019 1277 λαγόνων.

2357 1346 2475 1403 EB’.
2511 1347 2720 1402 Ἄλλο.

1827 1457 1991 1527 Στῆθι
2014 1460 2202 1523 πέλας,
2222 1459 2314 1512 καὶ
2336 1456 2569 1513 κλαῦςον
2595 1455 2714 1510 ἰδὼν
2736 1455 2851 1509 τόδε
2879 1455 3027 1525 σῆμα
3048 1451 3326 1515 Οανόντοςο

1757 1550 1941 1602 Εἵποτ⁹
1962 1549 2055 1619 ἔην
2075 1565 2089 1580 ⁸
2122 1549 2218 1603 νῦν
2246 1549 2397 1621 (μὴν)
2432 1549 2488 1602 δὲ
2512 1548 2682 1616 τάφου
2714 1545 3009 1617 δηλήμονος
3034 1541 3224 1613 ἀνδρὸς

1499 1697 1678 1751 LVIII.
1709 1699 1869 1751 Aliud
1904 1704 1940 1753 ‘.

578 1785 774 1862 murus
800 1788 854 1843 in
883 1790 1085 1862 montis
1112 1788 1411 1862 radicibus,
1437 1798 1490 1844 et
1520 1800 1760 1857 erectus,
1795 1792 1924 1847 hinc
1950 1792 2206 1862 deinceps

646 1856 886 1924 Supinus
909 1873 975 1913 ex
1004 1859 1270 1913 lateribus
1306 1860 1358 1912 iu
1396 1877 1562 1915 unum
1595 1863 1839 1917 collectis

578 1925 847 2005 Tu_m_u.l_us
876 1941 1048 1991 eram,
1076 1928 1235 2005 collis
1246 1944 1431 2005 _supra
1467 1930 1681 2005 collem.
1720 1928 1826 1986 Sed
1859 1931 1989 2002 quid
2019 1932 2169 1985 IIIBC?

644 1993 791 2050 Nihil
816 2012 1008 2052 aurum
1035 1993 1367 2064 amantibus,
1395 2000 1489 2069 qui
1522 2015 1606 2054 me
1637 2007 1810 2055 totum
1842 1993 2227 2057 eicusserunt.

1493 2094 1628 2149 LIX.
1664 2096 1825 2149 Aliud
1852 2098 1913 2153 “.

577 2180 912 2259 Mo_rtuorum
944 2191 1405 2259 mortuaiquoque
1438 2195 1565 2259 sunt
1597 2195 1973 2259 monumenta.
2008 2185 2112 2254 Qui
2144 2197 2325 2243 autem
2356 2188 2515 2259 erigit

647 2250 933 2325 Tumulum
972 2250 1537 2325 magnificum-cineri,
1569 2258 1695 2311 talia
1727 2257 1981 2325 patiatur.

580 2319 707 2393 Non
730 2322 875 2393 enim
906 2319 1119 2393 iste_vir
1152 2337 1330 2375 meum
1371 2326 1685 2393 sepulcrum
1720 2319 2011 2391 vastasset,

646 2389 759 2444 Nisi
790 2404 984 2444 aurum
1020 2390 1225 2447 habere
1256 2389 1535 2461 sperasset
1570 2410 1635 2449 ex
1672 2398 1924 2451 mortuis.

1497 2482 1608 2539 LX.
1647 2484 1812 2538 Aliud
1849 2487 1932 2538 “‘.

576 2571 731 2643 Quis,
762 2570 957 2643 cuius?
985 2570 1104 2625 Non
1136 2571 1319 2643 inanis
1345 2572 1537 2643 cippus
1565 2593 1577 2629 :
1610 2582 1735 2629 ante
1763 2576 1908 2629 enim
1938 2575 2206 2630 tumulum
2231 2591 2455 2633 eversus
2489 2585 2574 2633 est

647 2639 931 2706 Quodnam
950 2641 1208 2713 tempus?
1238 2639 1476 2713 Antiqua
1511 2651 1596 2698 est
1625 2646 1963 2699 monumenti
1997 2654 2298 2701 structura.

578 2709 711 2775 Quis
740 2718 920 2765 autem
950 2711 1051 2764 hoc
1075 2709 1218 2763 livor
1248 2709 1493 2775 sustulit,
1528 2713 1658 2766 die?
1694 2714 1885 2768 Manus
1915 2715 2160 2771 scelestae

654 2778 842 2833 Vicini.
878 2779 948 2834 Ut
979 2780 1107 2849 quid
1139 2786 1388 2851 caperet?
1416 2781 1483 2836 Ut
1524 2797 1718 2836 aurum
1755 2784 1979 2839 haberet
2007 2785 2058 2838 in
2094 2784 2331 2840 tenebris
2359 2784 2658 2839 conditum.

1452 2871 1586 2927 LXI.
1636 2874 1800 2927 Aliud
1844 2876 1946 2927 ⁶⁴“.

582 2967 905 3037 Quicunque
935 2979 1114 3037 meum
1154 2964 1221 3037 ad
1255 2967 1525 3020 tumulum
1556 2967 1667 3023 fers
1696 2968 1910 3037 pedem,
1946 2978 2085 3025 scuo
2108 2984 2201 3024 me
2237 2968 2350 3024 haec

648 3035 781 3091 Novi
805 3033 1033 3106 bimi-edis
1061 3036 1312 3106 manibus
1343 3051 1565 3106 passum
1598 3033 1820 3104 injuste.

584 3102 1034 3178 1190-1191
1076 3102 1366 3178 Nonenim
1404 3102 1667 3160 habebam
1700 3120 1893 3178 aurum
1921 3116 1975 3162 et
2012 3115 2315 3178 argentum,
2352 3108 2448 3164 sed
2485 3108 2637 3165 visus
2676 3122 2796 3166 sum
2826 3109 3046 3177 habere,

697 3174 1064 3229 ulchritudiue
1094 3174 1350 3230 renidens
1374 3182 1648 3229 tantorum
1683 3177 1981 3245 parietum.
2077 3174 2097 3178 ⁷
2185 3206 2195 3216 -

1443 3268 1600 3324 LXII.
1636 3271 1799 3324 Aliud

657 3358 799 3432 Siste
834 3359 1062 3432 gradum
1097 3361 1340 3429 propius,
1373 3368 1428 3414 et
1457 3363 1579 3432 luge
1618 3362 1835 3417 intuens
1866 3363 1969 3417 hoc
2006 3371 2419 3419 monumentum
2462 3362 2697 3429 mortui;

583 3428 886 3499 Aliquando
919 3445 1110 3495 eram;
1148 3428 1294 3483 nunc
1321 3428 1781 3501 autem'sepulcri
1814 3432 2000 3487 miseri
2038 3434 2138 3486 viri

145 3578 612 3663 ‘Aiiashiii‘r‘ator.
640 3581 757 3635 148.
800 3582 1037 3663 ςἈιίδε
1060 3582 1470 3637 Murator.149.
1549 3585 1776 3641 “‘Alias

1768 3604 1776 3638 ι
1802 3584 2208 3642 Murator.l50.
2287 3586 2539 3643 “"Alias
2555 3585 2817 3643 Murator.
2849 3587 2974 3643 151.
3050 3587 3157 3613 ’⁸⁸⁸⁸
3177 3586 3327 3643 Aliae

86 3648 343 3705 Murator.
379 3650 503 3705 152.

144 3805 329 3877 LXIII.
370 3807 414 3877 id
452 3808 872 3877 Χρυσορίνζοις.
910 3806 1011 3861 Ms.
1053 3806 1429 3877 χρυσοφίλαις.

144 3875 253 3929 LX.
281 3879 309 3929 1
360 3876 488 3941 Τίς,
509 3876 710 3942 τίνος-ς
740 3875 1105 3946 Dialogismus
1134 3875 1313 3931 estin
1358 3891 1468 3946 quo
1495 3876 1662 3932 verba

81 3944 265 3999 Graeca
289 3986 303 4007 .
341 3961 460 4000 non
502 3946 555 3999 in
584 3962 695 3999 uno
725 3944 981 4016 corrupta
1004 3948 1144 4013 loco,
1164 3948 1342 4001 locum
1364 3944 1659 4001 divinatio-

78 4016 235 4084 nibus
264 4016 495 4075 dedere,
528 4016 703 4084 inquit
738 4015 1087 4071 Muratorius.

144 4083 284 4139 LXI.
326 4088 358 4140 1
404 4083 624 4154 Φέρεις.
658 4083 715 4139 In
739 4088 1124 4157 manuscriptis
1154 4086 1434 4142 codicibus
1468 4086 1661 4156 legitur

76 4154 248 4219 φέρει.

337 4224 380 4278 2
407 4223 643 4295 Τάφου.
694 4223 795 4295 Ms.
837 4224 1027 4295 τάφον,
1060 4240 1160 4295 pro
1203 4240 1313 4294 quo
1337 4226 1517 4295 posuit
1544 4222 1662 4277 Mu-

74 4296 314 4349 ratorius
346 4294 548 4361 τάφου,
578 4308 678 4365 nec
708 4294 999 4365 immerito.
1019 4294 1284 4365 Loquitur
1308 4294 1571 4360 tumulus,
1605 4300 1660 4347 et

75 4365 249 4433 inquit
281 4381 345 4420 se
377 4365 510 4417 olim
539 4363 642 4433 viri
673 4365 876 4417 mortui
926 4363 1575 4428 fuisse—monumentum,
1605 4370 1661 4415 at

74 4449 218 4489 nunc
257 4450 324 4491 se
371 4448 500 4491 esse
536 4432 775 4489 infelicis
808 4441 1022 4489 tantum
1062 4436 1299 4505 sepulcri
1339 4448 1661 4488 monumen-

1768 3819 1904 3880 tum.
1942 3806 2098 3880 Quod
2127 3807 2174 3880 si
2208 3808 2594 3880 eosnlﬁmvo;
2629 3806 3005 3880 interpretaris
3032 3808 3331 3876 perditissi-

1767 3879 1839 3929 mi
1868 3893 1929 3929 ac
1969 3879 2162 3946 nefarii
2198 3878 2317 3941 viri,
2346 3876 2575 3933 'sensus
2625 3879 2729 3932 erit
2757 3876 2936 3932 {Olim
2968 3880 3209 3933 testabar
3241 3880 3330 3935 hic

1767 3946 2040 4017 hominem
2067 3946 2249 4015 jacere
2301 3948 2603 4017 sepultum;
2631 3961 2787 4017 nunc
2808 3947 3047 4017 deiectus
3092 3950 3330 4004 viatores

1769 4030 1964 4069 moueo
1992 4016 2059 4069 de
2086 4015 2403 4069 exsecrabili
2443 4016 2721 4071 ell'ossoris
2768 4015 3027 4071 facinore.
3074 4016 3155 4073 Ita
3212 4017 3331 4072 Mu-

1768 4084 2028 4142 ra‘torius.
2064 4112 2137 4126 —
2178 4084 2452 4153 Quidquid
2513 4085 2604 4149 sit,
2670 4096 2877 4139 certum
2912 4094 2994 4140 est
3037 4086 3123 4140 hic
3151 4088 3332 4143 inesse

1766 4154 2022 4225 mendum
2049 4154 2302 4225 aliquod,
2325 4170 2447 4208 cum
2468 4170 2667 4225 versus
2693 4155 2966 4210 secundus
2995 4171 3101 4209 una
3124 4158 3331 4225 syllaba

1765 4223 1981 4277 deficiat
2008 4241 2021 4277 :
2046 4223 2230 4277 Εἷποτ’
2280 4224 2395 4294 ἔην,
2430 4223 2524 4277 νῦν
2555 4225 2611 4277 δὲ
2648 4225 2837 4294 τάφου,
2867 4234 2996 4291 etc.,
3019 4227 3107 4279 cui
3135 4223 3333 4281 mendo

1767 4300 1827 4364 ut
1865 4306 2210 4364 occurrerem
2242 4294 2565 4364 expletivam
2599 4294 2740 4347 intra
2778 4296 3144 4363 parenthesim
3175 4295 3333 4364 posui

1769 4362 1942 4435 (μήν).
1961 4363 2115 4419 Adde
2138 4362 2283 4433 quod
2316 4362 2566 4419 libenter
2594 4362 2919 4435 crediderim
2961 4366 3120 4419 aliter
3146 4362 3334 4435 dispo-

1767 4432 2005 4487 ncndum
2033 4432 2167 4489 esse
2184 4442 2514 4503 punctorum
2546 4432 2793 4488 ordinem
2848 4433 2923 4489 ita
2962 4442 3022 4489 ut
3068 4434 3123 4489 in
3154 4432 3334 4506 primo

1385 4570 1716 4631 METRICA
1741 4569 2037 4629 VERSIO.

674 4711 831 4751 LVIII.
874 4711 1055 4753 ALIUD.

465 4787 553 4857 (Α.
586 4786 652 4842 Β.
686 4786 899 4841 Caillau
943 4788 1269 4856 interprete.)

75 4878 278 4935 Montis
310 4879 370 4933 in
408 4879 670 4934 extremis
699 4893 891 4931 murus
925 4884 1053 4941 stat,
1081 4877 1275 4932 deinde
1313 4876 1542 4946 supinus

142 4952 285 5003 Cum
317 4964 556 5017 surgens
588 4948 643 5002 in
675 4947 816 5003 idem
848 4948 1023 5001 tendit
1052 4956 1342 5015 utrumque
1368 4950 1537 5017 flatus,

74 5019 309 5087 Magnus
338 5015 492 5073 era‘m
520 5020 735 5087 cippus,
773 5016 1042 5086 collisque
1076 5017 1131 5070 in
1164 5018 1321 5087 colle.
1352 5016 1492 5087 Quid
1520 5015 1663 5072 ista?

143 5036 154 5068 I
198 5036 309 5074 nus
338 5036 492 5073 eram
520 5036 735 5087 cippus,
773 5036 1042 5086 conisque
1076 5036 1131 5070 in
1164 5036 1321 5071 coue.
1352 5036 1445 5082 υιιι

143 5036 234 5143 Igil
260 5089 510 5158 cupidis,
538 5103 773 5158 quorum
800 5102 887 5141 me
917 5102 1111 5142 manus
1133 5086 1242 5157 egit
1277 5086 1445 5140 humi.

706 5188 820 5228 ιιι.
862 5188 1046 5228 ALIUD.

578 5263 798 5334 (Eodem
846 5264 1169 5334 interprete.)

74 5355 135 5407 Et
162 5354 559 5425 defunctorum
593 5357 786 5409 tumuli
818 5357 1048 5425 periere.
1077 5354 1397 5425 Sepulcrum

145 5424 505 5495 Magniﬁcum
541 5425 710 5480 cineri
745 5424 837 5494 qui
870 5426 1019 5487 facit,
1048 5426 1151 5478 ista
1182 5424 1339 5478 ferat.

75 5491 329 5563 Namque
362 5510 544 5549 meum
567 5491 843 5562 nunquam
868 5496 1088 5548 bustum
1112 5500 1384 5549 vastasset
1413 5492 1655 5563 iniquus,

143 5563 212 5617 Ni
250 5564 399 5619 lucri
432 5564 612 5635 gelido
641 5579 770 5634 spes
799 5564 936 5618 foret
960 5580 1025 5619 ex
1059 5564 1261 5619 cinere.

720 5670 811 5708 LX.
850 5668 1031 5708 ALIUD.

584 5722 805 5794 (Eodem
839 5724 1165 5792 interprete.)

81 5813 210 5881 Quis
230 5854 247 5883 ,
280 5813 490 5886 cujus?
512 5812 635 5871 Non
657 5829 794 5871 vana
823 5814 962 5883 fuit,
1001 5814 1219 5871 bustum
1250 5822 1375 5869 ante
1403 5814 1657 5870 columna

1692 4703 1734 4756 Β
1836 4693 2047 4747 Diruta.
2085 4692 2216 4758 Quae
2244 4692 2755 4761 tumuliitempora?
2780 4690 2973 4746 Forma
3002 4700 3179 4748 vetus.

1763 4762 1897 4828 Quis
1930 4764 2051 4815 tulit
2075 4763 2222 4817 hunc
2247 4762 2422 4815 livor?
2452 4760 2632 4815 Vicini
2661 4762 2850 4816 dextra
2882 4763 3122 4817 scelesti.

1829 4831 1895 4887 Ut
1920 4832 2052 4902 quid
2084 4833 2335 4887 haberet!
2371 4830 2537 4901 Opes,
2568 4847 2707 4901 quas
2743 4846 2875 4885 cava
2903 4834 3044 4887 celat
3074 4832 3295 4889 humus.

2392 4959 2503 4997 LXI.
2545 4958 2723 4997 ALIUD.

2250 5032 2474 5101 (Eodem
2514 5034 2837 5103 interprete.)

1761 5154 1937 5209 Istum
1961 5150 2214 5221 quisquis
2246 5150 2363 5205 adis
2388 5127 2683 5221 uin—mlum,
2716 5162 2803 5202 me
2831 5148 2967 5221 scito
2992 5148 3231 5205 recentis

1836 5217 2076 5277 Ausibus
2108 5217 2340 5276 hteredis
2365 5228 2515 5275 tanta
2550 5218 2744 5271 tulisse
2776 5217 2939 5271 mala.

1766 5291 1885 5349 Non
1913 5307 2105 5346 aurum
2131 5291 2278 5344 intus
2296 5290 2523 5352 habens,
2553 5286 2757 5340 frustra
2785 5301 2905 5340 sum
2930 5286 3083 5343 visus
3106 5288 3328 5355 habere,

1838 5362 1919 5419 Ad
1956 5362 2163 5419 celsum
2186 5361 2382 5415 tollens
2412 5358 2613 5412 moenia
2640 5355 2864 5424 pulchra
2888 5358 3093 5428 polum.

2383 5485 2513 5524 LXII.
2554 5483 2735 5523 ALIUD.

2270 5560 2496 5633 (Eodem
2522 5561 2819 5629 interprete.
2828 5581 2847 5631 ι

1834 5673 1923 5731 Sis
1954 5673 2200 5746 propius,
2227 5674 2490 5745 pleraque
2531 5672 2741 5730 videns.
2777 5670 3003 5726 Sacrum
3047 5679 3205 5746 antea
3232 5671 3335 5728 bu-

1766 5812 2016 5871 Defuncti
2047 5814 2258 5869 stabam
2300 5833 2313 5870 :
2350 5814 2536 5870 miseri
2573 5830 2693 5871 sum
2727 5815 2884 5871 tri’ste
2922 5740 3229 5885 sepulzlilm
