3916 6514
155 400 240 458 ιιι
1481 394 1830 454 CHRlSTUS
1865 395 2180 452 PATIENS.

1754 501 1797 554 Λ
1828 492 1921 555 Εἰς
1945 491 2103 546 τοῦτο
2135 491 2242 562 γὰρ
2273 490 2365 544 νῦν
2397 491 2649 561 ἐκϐέϐηδέ
2689 490 3004 561 ἀλγηδόνος,

155 497 216 554 bii
245 492 501 564 Διαδοχὼς
532 510 589 546 τε
619 491 727 546 τῶν
765 489 1088 564 ἀφερτάτων
1122 490 1298 545 πόνων
1324 531 1338 556 ,

158 589 248 641 Τὸν
281 588 458 640 πάντα
488 585 830 653 συντήκουσα
853 581 1110 655 δακρύοις
1142 583 1331 653 χρόνον
1349 623 1364 646 ,

168 681 310 733 Ἐπεὶ
339 679 477 750 πρὸς
508 675 722 746 ἐχθροῖς
752 675 937 747 ᾔσθετ’
969 676 1296 746 ἠδικημένη,

158 772 257 826 Καὶ
289 768 492 839 μητρὸς
524 767 696 837 αὐτῆς
729 768 1122 838 πρωτοπήμονι
1150 765 1358 838 βλάϐῃ,

157 862 356 932 Πατρός
391 861 438 914 θ’
465 859 857 922 ὑποκλιναντος
889 853 1020 922 οὖας
1048 859 1248 930 μήτερι
1271 898 1286 922 ,

158 956 214 1010 50
237 948 334 1006 Ὧν
367 952 566 1016 πάντες
589 951 756 1022 ἐσμὲν
781 951 832 1004 οἱ
856 949 996 1004 κατὰ
1034 949 1177 1021 χθόν’
1207 949 1442 1019 ἔκγονοι.

221 1046 326 1116 Βοᾷ
360 1045 456 1116 μὲν
481 1045 697 1116 ὅρκους,
719 1042 982 1097 ἀνακαλεῖ
1011 1040 1212 1107 δεξιᾶς,

161 1138 339 1192 Πίστιν
371 1136 632 1207 μεγίστην
665 1135 759 1189 καὶ
782 1133 916 1188 Θεὸν
947 1131 1318 1204 μαρτύρεται·

161 1231 330 1298 Ἔγνω
364 1229 512 1299 καὶὴ
540 1228 768 1282 τάλαινα
798 1224 1096 1298 συμφορῶν
1123 1223 1250 1288 ὕπο,

160 1315 272 1373 υἷον
308 1319 569 1390 πατρῴαν
601 1318 676 1390 μὴ
708 1319 881 1371 λιπεῖν
915 1315 1102 1370 ἐσθλὸν
1133 1313 1327 1386 χθόνα·

245 1411 443 1479 Στυγεί
471 1410 527 1464 δὲ
557 1410 779 1480 κόσμον,
813 1408 920 1462 οὐδ’
943 1405 1107 1478 ὁρῶσ’
1140 1403 1511 1476 εὐφραίνεται.

3304 396 3408 456 142

1836 583 1985 636 Ὠσθ’
2016 583 2204 654 ἵμερός
2229 584 2282 654 μ’
2327 583 2553 652 ὑπῆλθε,
2587 587 2656 656 γῇ
2683 602 2742 637 τε
2775 585 2870 638 καὶ
2896 585 3042 656 πόλῳ

1831 676 1997 742 Δέξαι
2040 675 2303 747 μολούσας
2326 675 2486 746 δεῦρο
2515 675 2727 744 φύσεως
2759 676 2981 746 βλάΰας.

1831 766 1996 821 Οὔπω
2017 766 2126 837 γὰρ
2158 766 2439 836 ήτάλαινα
2471 765 2702 818 παύεται
2742 767 2932 832 γόνων,

1829 859 1900 913 60
1937 859 2228 920 Τεκτουσα,
2262 858 2336 928 μὴ
2374 857 2655 922 τίκτουσα,
2690 858 2942 926 φεύγουσ’
2982 854 3048 912 αὖ
3087 860 3295 924 τόκους.

1830 950 2057 1021 Δύστην’
2082 963 2095 978 ⁸
2128 951 2370 1020 ἐμαυτὴν
2396 950 2502 1018 γὰρ
2526 948 2688 1016 λέγω,
2717 949 2949 1016 λέγουσά
2975 967 3054 1014 σε,

1831 1040 2156 1098 Τίκτουσαν,
2189 1039 2250 1092 οὐ
2280 1039 2592 1103 τίκτουσαν,
2618 1040 2694 1101 ὡς
2719 1041 2858 1110 ὑπὲρ
2885 1041 3061 1108 λόγον.

1831 1130 2000 1182 Τόκον
2022 1129 2130 1201 γὰρ
2156 1128 2325 1196 ἔγνων
2353 1126 2545 1182 ἄτοκον
2570 1143 2581 1156 ο
2615 1127 2666 1179 τι
2701 1127 2808 1198 γὰρ
2840 1128 3065 1198 φράσω;

1831 1221 2035 1284 Πόνους
2063 1219 2312 1289 φυγοῦσα
2337 1219 2429 1272 καὶ
2454 1217 2659 1288 φθορὰν
2693 1217 2786 1272 νῦν
2808 1217 2900 1271 καὶ
2929 1216 3094 1288 πάθη.

1832 1312 1903 1367 65
1933 1311 2046 1364 Οὐκ
2080 1306 2196 1364 οἴδα
2229 1309 2438 1382 τέρψιν,
2471 1309 2577 1362 οὐδ’
2612 1307 2870 1379 ἐπίψογον
2895 1309 3053 1377 φάτιν

1832 1402 1991 1466 Τινὸς
2020 1403 2155 1474 πρὸς
2180 1402 2369 1473 ἀνδρὸς
2404 1401 2620 1473 μᾶλλον,
2651 1402 2682 1472 ἢ
2724 1401 2922 1472 χαλκὸς
2960 1401 3063 1474 βοιο⁹
3076 1402 3153 1466 εις.

648 1583 718 1654 45
743 1580 1243 1654 successionesque
1269 1579 1690 1654 intolerabilium
1726 1581 2016 1644 malorum,

648 1653 807 1708 Omni
843 1661 1088 1720 tempore
1115 1651 1370 1721 lac'rymis
1396 1651 1796 1713 contabel’aeta,

649 1723 943 1793 Postquam
959 1718 1037 1774 ‘ab
1064 1718 1316 1793 hostibus
1348 1722 1729 1793 animadvertit
1755 1737 1823 1793 se
1848 1720 2046 1793 injuria
2074 1718 2344 1793 ailectam,

650 1794 715 1864 Et
748 1787 922 1864 ipsius
948 1793 1192 1861 parentis
1213 1791 1447 1864 primum
1474 1791 1731 1844 damnum
1761 1791 1863 1864 sibi
1889 1787 2160 1864 merentis
2193 1787 2334 1854 labe,

653 1859 1090 1930 Seductioneque
1108 1861 1281 1930 patris
1306 1875 1468 1914 aures
1504 1859 1972 1916 accommodantis
1999 1861 2183 1923 matri,

650 1934 718 1988 50
747 1934 988 1999 Quorum
1002 1929 1205 1986 omnes
1229 1941 1428 1985 terram
1455 1930 1696 1985 colentes
1724 1945 1916 1984 sumus
1943 1929 2168 1999 posteri.

719 2006 929 2056 Clamat
951 2001 1360 2070 jusjurandum,
1387 2010 1547 2054 vocat
1572 2008 1624 2054 et
1651 2000 1965 2066 dexteram;

651 2071 936 2128 Maximam
970 2071 1127 2126 [idem
1157 2079 1210 2125 ct
1245 2070 1411 2126 Deum
1437 2079 1706 2125 testatur:

651 2141 714 2196 Et
745 2142 964 2212 agnovit
997 2141 1197 2212 misera
1227 2141 1299 2194 ob
1325 2141 1661 2212 calamitates

648 2211 820 2279 Quam
845 2212 917 2267 sit
950 2211 1082 2266 utile
1107 2211 1339 2278 patriam
1367 2226 1472 2264 non
1499 2211 1752 2265 deserere
1781 2217 1982 2264 terram
2021 2227 2032 2261 :

651 2283 720 2340 55
751 2281 879 2338 Odit
912 2290 1092 2336 autem
1121 2281 1407 2342 mundum,
1437 2297 1614 2350 neque
1645 2283 1860 2335 laetatur
1883 2279 2002 2348 ejus
2031 2286 2272 2350 aspectu.

651 2352 729 2407 Eo
749 2353 895 2408 enim
931 2366 1076 2405 nunc
1115 2366 1333 2420 perveni
1366 2350 1592 2413 doloris,

652 2421 723 2478 Ut
754 2423 884 2476 mihi
925 2422 1137 2478 venerit
1168 2420 1501 2476 desiderium
1533 2429 1692 2476 terrae
1725 2430 1779 2474 et
1808 2421 1947 2476 caelo

651 2493 860 2562 Dicere,
893 2507 1014 2562 quae
1042 2492 1168 2562 hinc
1189 2489 1386 2562 damna
1421 2492 1745 2560 proveniunt
1773 2500 2002 2546 naturae.

652 2561 892 2617 Necdum
911 2560 1114 2617 misera
1137 2560 1338 2616 desinit
1367 2576 1575 2630 parere,

653 2634 722 2687 6t)
750 2633 994 2696 Pariens,
1032 2647 1142 2686 non
1172 2632 1411 2701 pariens,
1438 2646 1655 2687 rursum
1685 2631 1936 2686 abnuens
1970 2638 2208 2701 partum.

653 2701 884 2772 Infelix:
922 2718 1009 2756 me
1044 2703 1215 2772 ipsam
1243 2703 1386 2756 enim
1410 2701 1556 2772 dico,
1589 2702 1780 2757 dicens
1815 2710 1888 2766 te,
2443 2745 2449 2750 .

655 2771 784 2843 Quae
816 2773 1047 2842 pariam,
1070 2771 1122 2827 et
1162 2787 1268 2825 non
1307 2771 1536 2843 pariam,
1569 2781 1726 2843 partu
1757 2773 1850 2842 qui
1877 2773 2142 2827 rationem
2177 2780 2418 2842 superat.

651 2842 783 2913 Nam
809 2851 1025 2912 partum
1051 2855 1171 2896 sum
1196 2846 1420 2912 experta
1442 2842 1786 2912 sine’partu;
1817 2842 1948 2912 quid
1973 2844 2119 2897 enim
2142 2843 2404 2913 eloquar?

651 2911 878 2968 Laboris
903 2928 1121 2982 expers,
1149 2921 1202 2966 et
1231 2911 1554 2982 corruptelae
1579 2911 1726 2967 nunc
1758 2921 1812 2969 et
1838 2911 2138 2982 passionis.

652 2980 1112 3105 5212-1213
1151 2981 1220 3036 65
1253 2980 1438 3051 Neque
1471 2984 1805 3052 voluptatem
1838 2980 1987 3046 novi,
2030 2997 2205 3052 neque
2243 2983 2310 3037 ab
2341 2983 2450 3037 ullo
2487 2986 2606 3039 viro
2635 2999 2912 3041 rumorem

707 3057 820 3105 auis
854 3053 1011 3105 fama:
1044 3050 1250 3105 aliquid
1284 3053 1616 3105 inurentem.
1651 3068 1815 3105 quam
1845 3053 1941 3105 aeri
1973 3054 2238 3105 tinctura.

707 3050 1011 3124 agisifamze
1044 3050 1250 3122 aliquid
1284 3050 1619 3120 inurentem,
1651 3068 1815 3123 quam
1845 3053 1941 3108 aeri
1973 3050 2238 3108 tinctura.

204 3229 280 3284 ιε
323 3229 622 3298 Διαδοχάς
669 3245 754 3284 τε.
798 3229 1266 3300 Successionesque
1314 3228 1731 3300 intolerabilium

139 3301 436 3372 malorum,
467 3301 711 3372 malaque
751 3302 1111 3356 intolerabilia
1141 3299 1242 3355 sibi
1270 3299 1623 3364 succedentia;
1657 3301 1730 3352 ita

65 3409 68 3412 -
138 3370 254 3425 fere
289 3371 434 3426 ibid.
477 3371 601 3426 588.

136 3442 273 3564 9646
312 3441 432 3496 Τὸν
465 3440 678 3494 πάντα.
711 3438 789 3494 Ita
821 3441 934 3497 fere
986 3440 1184 3497 Medeae
1215 3440 1425 3503 nutrix,
1454 3454 1602 3494 vers.
1637 3437 1730 3503 25,

197 3551 272 3636 i8
300 3580 733 3652 Πρωτοπήμονι
755 3581 976 3649 βλάϐῃ.
1019 3578 1154 3652 Reg.
1194 3577 1334 3635 Med.
1366 3579 1734 3651 πρωτοπήμοο

133 3668 221 3715 νος
246 3651 458 3722 βλάϐῃ,
497 3653 940 3718 ρνὶιηωιρανεηιίε
963 3653 1099 3706 labe.

197 3715 274 3776 49
298 3715 541 3790 Παὲρός
569 3723 618 3775 θ’
645 3715 1087 3786 ὑποκλίναντος
1117 3715 1266 3786 οὖας
1304 3718 1532 3790 μνήτερι.
1577 3716 1733 3790 Hunc

129 3788 507 3862 versiculum,
539 3793 631 3862 qui
662 3793 850 3845 deerat
894 3793 946 3845 in
980 3792 1167 3855 editis,
1201 3788 1571 3860 suppeditavit
1606 3788 1728 3842 cod.

132 3861 309 3925 Med.,
347 3861 772 3932 sicqueplanus
803 3863 1106 3932 plenusque
1139 3863 1198 3914 ﬁt
1232 3875 1447 3932 sensus.

205 3933 270 3986 51
310 3929 468 3998 Βοιῖ
488 3929 606 4001 per;
639 3929 879 4000 ὅρκούς,
912 3929 1031 3987 etc.
1053 3931 1369 3985 Juramcnta
1395 3930 1615 3988 clamat,
1650 3945 1732 3982 re-

128 4013 286 4056 uocat
328 4002 606 4069 dexteras,
638 4003 798 4071 ﬁdem
819 4003 1107 4056 maximam
1133 4001 1397 4071 Deumque
1428 4009 1610 4071 testem
1645 4016 1732 4066 ap-

128 4075 322 4140 pellat.
365 4071 506 4128 Ibid.
536 4070 682 4128 vers.
715 4074 806 4138 2|,
835 4074 974 4129 2-2...
1000 4073 1089 4139 at,
1122 4073 1211 4136 55,
1237 4070 1378 4128 se...
1405 4071 1495 4134 56,
1525 4070 1614 4134 57,
1638 4071 1729 4133 58,

126 4143 224 4205 59.
250 4145 354 4214 qui
382 4143 577 4214 iisdem
604 4142 716 4214 fere
736 4151 991 4198 constant
1024 4143 1272 4197 vocibus.

198 4211 286 4269 54—
335 4212 440 4280 Μὴ
481 4213 702 4267 λιπεῖν.
738 4215 912 4281 Quam
954 4214 1146 4268 bonum
1175 4211 1410 4282 paternis
1447 4225 1549 4264 non
1581 4226 1730 4264 exce-

131 4282 259 4338 dere
293 4284 542 4338 sedibus.

193 4357 271 4410 55
325 4353 476 4406 Οὐδ’
521 4353 699 4422 όρῶσ’
759 4354 1160 4423 εὐφραίνεται.
1223 4350 1336 4406 Nec
1379 4354 1512 4423 ejus
1549 4352 1732 4405 mundi

123 4434 358 4492 aspectu
392 4421 709 4478 delectatur.
741 4421 902 4480 Bodl.
937 4423 1090 4477 Nihil
1110 4440 1170 4478 eo
1191 4423 1406 4493 gravius
1430 4421 1587 4486 videt,
1610 4438 1732 4492 quae

123 4497 304 4551 verba
342 4497 594 4550 auctoris
619 4503 857 4550 mentem
887 4510 1020 4550 sane
1050 4510 1160 4548 non
1179 4493 1513 4562 exprimunt.

118 4581 153 4619 ο
188 4566 268 4620 56
318 4565 650 4631 ’Exé’éé’nx’.
686 4565 837 4620 lianc
873 4581 1061 4620 vocem
1112 4565 1167 4618 in
1202 4565 1359 4618 tertia
1387 4575 1618 4632 persona
1642 4576 1732 4615 ac-

122 4637 265 4706 cipit
296 4635 707 4699 Combelisius,
736 4644 789 4690 et
817 4637 884 4690 de
915 4635 1022 4690 Eva
1065 4635 1319 4704 intelligit
1364 4653 1376 4686 :
1432 4649 1539 4687 non
1583 4633 1728 4702 quod

1839 3226 2082 3304 Ro_il_le_t.,
2141 3228 2238 3304 sed
2274 3229 2326 3283 in
2364 3229 2537 3299 prima
2573 3246 2841 3304 persona,
2887 3247 3045 3302 quem
3100 3235 3401 3304 sequimur.

1910 3299 1979 3354 57
2017 3299 2182 3354 "060’
2217 3299 2434 3368 ἵμερος,
2477 3299 2589 3355 etc;
2635 3301 2772 3355 Hinc
2825 3299 2985 3356 subiit
3041 3299 3297 3368 animum,
3349 3317 3408 3361 ut

1839 3378 1992 3442 {eri-a5
2022 3370 2261 3442 coeloque
2284 3387 2516 3435 narrem,
2550 3380 2657 3426 etc.
2698 3372 2773 3424 lta
2810 3373 3085 3442 propheta:
3129 3373 3184 3427 in
3234 3381 3407 3433 sacris

1840 3438 2140 3516 Scripturis
2163 3438 2364 3516 coelum
2414 3452 2475 3516 et
2507 3451 2705 3494 terram
2736 3438 3218 3516 coiites'tanturLet
3247 3452 3405 3516 quasi

1837 3510 1890 3563 in
1924 3510 2140 3588 illorum
2169 3512 2406 3588 auribus
2429 3511 2746 3588 loquuntur_,
2777 3521 2836 3566 ut
2861 3513 3022 3588 animi
3055 3512 3224 3578 πάθος
3243 3510 3407 3588 exag-

1838 3588 2050 3649 gerent.
2085 3579 2220 3654 Male
2270 3580 2428 3634 ltoill.
2471 3579 2636 3636 vertit
2663 3598 2674 3632 ε
2707 3581 3070 3649 Incommoda,
3097 3595 3220 3654 quot
3252 3579 3405 3641 habit

1833 3667 1992 3719 genus
2021 3666 2049 3702 e
2071 3650 2196 3704 caelo
2212 3663 2260 3704 et
2291 3661 2452 3704 terra.

1905 3721 1972 3775 59
2012 3721 2184 3772 Οὔπω
2213 3723 2322 3788 γὰρ
2368 3722 2404 3788 ἡ
2426 3721 2678 3776 τάλαινα
2732 3723 2980 3777 παύεται

1833 3791 1960 3843 dum
1981 3806 2167 3859 parere
2191 3790 2382 3844 desinit
2409 3790 2540 3846 Eva.
2570 3791 2706 3846 Male
2735 3791 2895 3845 Ruill.
2935 3813 2946 3847 :

3049 3726 3223 3778 όνων.
3269 3724 3407 3780 Nec-

3030 3795 3224 3847 ondum
3253 3795 3408 3849 lucti-

1835 3861 1930 3984 bu:
1970 3862 2127 3984 ﬁgam
2183 3860 2331 3928 facit,
2381 3863 2538 3930 quasi
2590 3863 2792 3932 legeret
2831 3863 2991 3930 γόων.
3029 3873 3089 3918 ut
3143 3866 3198 3919 in
3263 3865 3404 3921 Med.

1835 3946 1899 3984 ve
1934 3947 1980 3984 s.
2087 3971 2101 3984 .

1834 3945 1980 3986 vers.
2013 3945 2101 3984 ου.

1904 4001 1972 4053 60
2006 4002 2315 4072 Τικτοινσα,
2333 4001 2417 4070 μὴ
2449 4002 2754 4054 τίκτουσα.
2784 4001 3033 4067 Pariens,
3061 4019 3163 4072 non
3194 4004 3405 4072 pariens

1832 4086 1898 4145 eo
1931 4071 2233 4145 partu,_qui
2260 4069 2376 4145 vim
2396 4086 2610 4145 omnem
2646 4073 2873 4145 rationis
2897 4069 3131 4132 excedit.
3152 4069 3406 4145 ὡςςύπὲρ

1832 4139 2040 4225 adfer,
2053 4141 2142 4211 qui
2158 4141 2229 4225 sit
2252 4139 2460 4225 iuberi:
2472 4143 2877 4225 emperstintegra
2902 4145 3215 4225 virginiiate.
3233 4142 3346 4209 Qua
3357 4139 3406 4225 i'u

1834 4212 1888 4264 in
1912 4201 1998 4265 liis
2025 4201 2401 4287 insulseludit
2423 4201 2586 4266 Roill.
2614 4201 2805 4287 Medo"
2821 4201 3016 4268 ventris
3047 4214 3224 4287 edens,
3242 4201 3407 4269 inodo

1834 4282 2404 4354 repentesupprimens
2428 4283 2681 4352 partum!
2718 4299 2879 4354 quam
2919 4282 3147 4353 prorsus
3187 4297 3408 4352 praestat

1833 4351 2096 4458 carm'inis
2138 4351 2331 4407 modos
2370 4367 2647 4422 spernere,
2687 4351 2853 4425 quam
2904 4351 2984 4410 sic
3025 4351 3201 4411 sacra
3235 4363 3409 4410 teme-

1834 4436 1956 4458 ιιςιιοο

1834 4436 1957 4476 rare
1973 4436 1984 4474 Ξ

1901 4491 1962 4546 6|
1996 4491 2312 4560 Ἐμαυτήν.
2353 4489 2443 4546 Sic
2465 4490 2704 4556 Hecuba,
2738 4508 2886 4550 vers.
2913 4495 3038 4550 756.

1905 4562 1974 4636 64
2005 4562 2131 4636 Ni)!-
2160 4562 2256 4614 καὶ
2284 4561 2638 4636 πάθηηΒθε.
2669 4563 2808 4636 Med.
2860 4582 2983 4636 sup.
3029 4567 3125 4621 lin.
3169 4568 3264 4636 νῦν
3314 4567 3406 4620 καὶ

1837 4633 2026 4687 πάλαι.
2067 4631 2134 4685 Et
2169 4649 2306 4688 nunc
2334 4642 2382 4687 et
2407 4631 2612 4701 pridem
2644 4635 2861 4704 pudoris
2898 4631 3136 4707 easempta
3165 4631 3302 4693 labe.

1460 4818 1796 4878 METRICA
1847 4818 2143 4877 VERSIO.

114 5011 184 5067 Et
223 5027 352 5068 non
392 5007 669 5064 ferendam
721 5021 934 5077 seraper
977 5005 1377 5076 insurgentium

111 5082 349 5139 Novam
387 5080 643 5134 laborum
677 5079 800 5146 plus
838 5077 973 5132 satis
997 5077 1374 5146 propaginem,

111 5150 414 5207 Tabescit
446 5149 595 5203 omni
630 5150 829 5202 misera
864 5148 1124 5218 lacrymis
1170 5157 1444 5214 tempore,

112 5223 316 5289 Quod,
347 5221 464 5273 alia
489 5225 684 5289 praeter
702 5218 885 5289 gravia
902 5217 1167 5289 duraque,
1193 5219 1366 5289 ipsius

107 5287 391 5348 Primum
425 5287 668 5358 parentis
702 5287 826 5342 laesa
849 5301 1008 5350 noxa,
1043 5287 1273 5358 injurias

111 5363 348 5427 Sensit,
385 5357 632 5414 colentes
658 5359 1027 5429 quaeglobum
1061 5357 1230 5429 istum
1267 5369 1513 5426 posteros

108 5425 365 5489 Manent
395 5447 412 5482 :
439 5425 733 5499 datamque
755 5425 1113 5499 jurejurando
1141 5425 1300 5480 Iidem

105 5505 520 5570 Dextramque
541 5498 760 5564 clamat,
786 5507 839 5553 et
869 5498 1036 5570 Deum
1067 5504 1259 5570 testem
1281 5505 1438 5552 vocat
1463 5516 1477 5552 :

109 5566 463 5642 uisci-aque
500 5570 691 5642 didicit
715 5583 746 5621 a
782 5568 960 5642 malis,
989 5580 1149 5642 quam
1185 5566 1257 5620 sit
1282 5582 1446 5638 grave

107 5636 474 5712 nurumque
503 5640 682 5710 patrio
715 5655 778 5712 se
808 5639 926 5693 solo
959 5636 1262 5712 subducere
1290 5636 1310 5689 Ξ

103 5717 310 5771 Exosa
339 5707 646 5772 mundum,
674 5710 748 5763 nil
769 5724 833 5764 eo
861 5707 1082 5779 gravius
1115 5707 1280 5765 videt.

108 5785 192 5838 Eo
227 5781 470 5838 doloris
489 5795 639 5836 nunc
664 5781 809 5834 enim
839 5777 951 5834 tota
988 5777 1202 5839 ell'eror,

105 5855 362 5912 Naturae
385 5859 456 5907 ut
493 5851 624 5907 illuc
646 5850 829 5906 omnia
862 5850 1022 5916 velim
1066 5845 1408 5904 incommoda

1763 5016 1805 5070 Β
1837 5005 2082 5076 Referre,
2113 5013 2247 5076 quot
2280 5006 2444 5062 habet
2488 5022 2520 5062 e
2546 5007 2687 5063 coelo
2716 5015 2769 5062 et
2799 5016 2943 5062 terra
2973 5022 3165 5076 genus.

1831 5075 1968 5132 Nam
2006 5075 2204 5132 misera
2232 5076 2472 5132 nondum
2505 5079 2744 5132 luctibus
2771 5076 2932 5132 linem
2972 5075 3120 5142 facit,

1831 5146 1994 5218 Μοᾶο
2025 5148 2236 5202 ventris
2258 5147 2448 5210 edens,
2483 5151 2645 5202 modo
2666 5155 2885 5216 repente
2919 5150 3264 5218 supprimens

1829 5217 2075 5280 Partum,
2099 5219 2261 5283 modo
2293 5218 2457 5272 etiam
2480 5231 2602 5271 eum
2650 5217 2848 5272 misera
2886 5217 3102 5272 rurSum
3129 5221 3400 5276 abnuens.

1829 5287 1966 5341 Nam
1999 5287 2080 5342 sic
2103 5301 2239 5341 voco
2271 5302 2357 5340 me
2383 5301 2505 5340 eum
2528 5286 2685 5356 quasi
2711 5301 2875 5356 supra
2900 5287 3120 5342 modum

1833 5356 2055 5411 Partum
2089 5356 2388 5419 ferentem,
2418 5370 2565 5409 nunc
2593 5366 2928 5424 prementem
2959 5367 3010 5412 te
3035 5374 3190 5414 voco.

1831 5425 1968 5499 ﬁam
1996 5435 2208 5499 partum
2224 5441 2324 5496 ego
2347 5440 2467 5499 sum
2495 5434 2718 5499 experta
2767 5426 2887 5480 sine
2916 5434 3107 5495 partu:
3133 5430 3224 5499 qui
3255 5431 3399 5485 enim

1832 5496 2062 5568 Nomine
2085 5498 2191 5550 alio
2219 5496 2407 5568 vocari
2442 5497 2670 5568 possim,
2697 5503 2756 5568 ut
2783 5510 2904 5568 quae
2923 5513 3122 5568 parens

1835 5567 2042 5639 Expers
2080 5567 2281 5639 laboris
2305 5573 2359 5620 et
2379 5565 2584 5620 doloris
2612 5565 2794 5639 exstiti

1836 5635 2074 5708 Integra,
2097 5645 2152 5708 et
2183 5637 2521 5708 incorrupta,
2553 5636 2738 5691 nescia
2766 5635 2913 5690 illius

1837 5707 2013 5762 Etiam
2039 5707 2354 5776 voluptatis,
2383 5708 2484 5762 viri
2507 5721 2629 5776 quae
2651 5720 2717 5760 ex
2741 5708 2935 5776 c0pula
2966 5709 3087 5763 est?

1836 5778 2021 5848 Neque
2057 5778 2230 5848 magis
2269 5777 2432 5831 ullam
2464 5778 2709 5832 sentiens
2741 5777 2841 5848 viri
2869 5786 3051 5832 notam

1839 5847 2062 5904 Famam
2087 5847 2424 5914 exederitem,
2445 5863 2607 5917 quam
2645 5847 2873 5904 exedere
2897 5849 3094 5904 durum
3127 5847 3264 5905 solet
