3916 6518
153 395 249 452 H5

155 517 213 570 Τί
237 516 283 570 δ’
315 514 469 580 tati;
498 513 615 584 μῶν
642 529 708 582 γε
728 510 1011 583 δυσμενῶν
1037 510 1367 580 ἀγγέλλεται

155 604 320 674 Λόχος
353 605 618 674 κρυφαῖος
648 601 870 655 ἑστάναι
895 603 1017 654 κατ’
1045 601 1348 672 εὐφρόνην;

155 697 218 753 95
248 697 386 762 Xop.
434 695 694 764 Ἔννυχος
722 693 879 763 ὄχλος
909 693 966 746 ὲν
998 693 1212 764 θορύϐῳ
1243 693 1466 766 συρρέει
1485 711 1500 725 ο

158 787 386 856 Στρατὸν
419 785 574 839 πόλιν
601 802 664 838 τε
694 787 875 838 πᾶσαν
913 783 982 838 ἂν
1009 783 1214 855 ὄρφναν
1245 784 1450 855 βλέπω,

155 877 495 948 Λαμπτῆρας
521 877 842 948 εἰσφέροντα
875 875 970 930 καὶ
999 874 1169 928 πολλὰ
1209 873 1359 946 ξίφη.

160 969 353 1024 Θεοτό.
386 969 496 1022 Καὶ
527 967 622 1023 νῦν
657 969 794 1042 πρὸς
827 969 976 1040 ἡμᾶς
998 967 1095 1022 νῦν
1131 968 1215 1031 τίς
1241 969 1298 1021 ὲν
1329 966 1532 1038 σπουδῇ
1575 965 1735 1029 ποδὸς

159 1062 386 1132 Στείχει,
416 1062 536 1116 νέον
563 1079 618 1115 τι
646 1063 860 1134 πρᾶγμ’
891 1060 1030 1131 ἔχων
1059 1061 1190 1123 ἴσως
1215 1061 1418 1131 φράσαι
1443 1077 1457 1124 ;

162 1154 260 1209 100
297 1154 437 1214 Ἰδω,
461 1155 515 1208 τί
540 1154 705 1220 λέξει,
730 1154 826 1208 καὶ
846 1153 947 1208 τίν’
981 1153 1206 1222 ἀγγελεῖ
1234 1152 1412 1221 λόγον.

159 1249 291 1316 Χορ.
317 1248 536 1310 Πότνια,
562 1248 752 1312 πότνα,
789 1245 1091 1318 σεμνοτάτη
1122 1245 1386 1318 Παρθένε,

157 1341 241 1404 Αἰ,
278 1342 360 1404 αϊ,
384 1340 462 1406 αἲ,
488 1339 574 1394 aii

160 1432 331 1503 Πολλὴ
361 1432 458 1504 μὲν
490 1433 548 1486 ὲν
575 1431 830 1503 βροτοῖσι.
861 1431 998 1485 κούκ
1034 1429 1336 1500 ἀνώνυμος,

170 1523 330 1595 Ἁγνὴ
356 1523 641 1596 κέκλησαι,
674 1524 836 1594 τῆσδε
863 1523 969 1593 γῆς
998 1523 1111 1576 ὅσοι
1143 1521 1302 1575 πέδον

159 1616 259 1671 105
287 1615 538 1682 Ναίουσι,
559 1613 807 1687 λαμπρὸν
840 1612 957 1683 φῶς
991 1610 1225 1683 ὁρῶντες
1263 1609 1414 1681 ἡλίου
1436 1626 1450 1640 ·

1497 393 1846 451 CHRISTUS
1882 391 2197 450 PATIENS.

1761 522 1806 579 Α
1834 513 1916 567 Τὰ
1937 511 2031 566 νῦν
2051 509 2108 564 δὲ
2131 508 2360 572 τάλαιν’,
2387 508 2422 578 ἠ
2459 505 2626 559 πάλαι
2655 502 2918 576 μακαρία.

3317 383 3422 442 MS

1839 604 2038 661 Θεοτό.
2067 604 2134 655 Τί
2155 601 2200 655 δ’
2234 585 2416 664 ἐστίν,
2439 595 2476 670 ἦ
2503 615 2605 651 που
2626 597 2710 661 τίς
2735 598 2788 667 μ’
2811 595 3127 649 ἀποκτεῖναι
3157 592 3297 646 θέλει
3319 608 3334 657 ;

1836 694 1974 760 Xop.
2002 691 2135 752 Οὐκ,
2169 687 2308 743 ἀλλὰ
2334 687 2469 750 Παῖς
2495 686 2718 757 θνήσκει
2754 684 2843 749 σὸς
2867 685 2957 738 ὑπ’
2982 683 3312 753 ἀλαστόρων.

1839 783 2039 837 Θεοτό.
2066 782 2134 834 Ol!
2155 781 2277 852 μοιι
2307 778 2360 832 τί
2384 777 2590 845 λέξεις
2624 776 2700 839 ὥς
2728 776 2780 846 μ’
2806 775 3111 838 ἀπώλεσας,
3142 773 3327 842 γύναιῐ

1841 873 1944 928 110
1972 875 2108 941 Χορ.
2144 872 2232 935 Ὡς
2251 870 2428 924 οὐκέτ’
2452 870 2604 932 ὄντος
2625 867 2805 948 ΔΥἱέως
2829 866 3078 937 φρόντιζε
3101 867 3188 935 δή.

1843 966 2042 1020 Θεοτό.
2066 960 2136 1016 Ὦ
2163 963 2311 1018 δεινὰ
2332 962 2532 1028 λέξασ’,
2555 962 2676 1032 οὐχὶ
2703 959 3042 1029 συγκλείσεις
3073 960 3278 1030 στόμα;

1842 1054 1944 1108 Καὶ
1973 1055 2082 1108 πᾶν
2115 1053 2370 1124 μεθήσεις
2396 1052 2643 1125 ἀπρεπὲς
2668 1051 2820 1122 ῥῆμα
2852 1049 3035 1119 φέρειν
3060 1065 3075 1113 ;

1842 1148 1944 1200 Τὸν
1973 1146 2081 1212 ὄντ’
2107 1145 2193 1200 ἀεὶ
2220 1144 2348 1215 γὰρ,
2385 1145 2574 1216 μηκέτ’
2601 1139 2737 1197 εἶναι
2761 1141 2878 1205 πῶς
2896 1142 3104 1210 λέγεις;

1841 1239 2104 1310 Εῠφημος
2134 1239 2264 1303 ίσθι,
2297 1237 2398 1292 κάν
2430 1237 2482 1290 τί
2509 1253 2589 1289 σοι
2617 1235 2773 1306 χρεία
2796 1234 2994 1303 λέγειν,

1844 1333 1948 1387 115
1980 1332 2106 1400 Λέγ’
2130 1330 2205 1394 ὡς
2236 1330 2524 1400 προσήκει,
2553 1328 2674 1398 μηδ’
2700 1326 2974 1398 ἀτιμάσῃς
2998 1325 3151 1380 Θεόν.

1843 1423 2012 1486 Γονᾶς
2036 1421 2145 1492 γὰρ
2171 1420 2279 1474 ἀπὸ
2303 1419 2540 1492 χρυσέας
2560 1417 2784 1472 ἔϐλαστε
2811 1434 2896 1488 μοι
2915 1434 2929 1448 ·

1845 1513 2048 1566 Kal.va
2076 1513 2130 1564 δὲ
2156 1513 2361 1565 πιτνείν
2393 1504 2508 1580 αἷμ’
2540 1510 2632 1563 ὑπ’
2666 1510 2871 1579 ἀνέρων
2899 1507 3058 1562 Θεοῦ.

1844 1604 2034 1656 θανεῖν
2072 1603 2132 1656 τὸ
2160 1602 2448 1669 ἀθάνατον,
2472 1603 2573 1654 οὐκ
2603 1599 2714 1672 ἔχει
2737 1600 2918 1668 λόγον.

670 1767 808 1833 Quid
849 1781 978 1821 vero
1009 1732 1295 1820 est?'num
1333 1777 1453 1832 quae
1486 1760 1724 1833 hostium
1751 1759 2036 1814 nuntiatur

669 1831 880 1892 Cohors
910 1836 1124 1891 occulta
1161 1841 1308 1890 stare
1333 1831 1428 1903 per
1459 1831 1717 1887 noctem?

669 1908 738 1963 95
772 1907 930 1961 Chor.
973 1905 1250 1960 Nocturna
1285 1900 1443 1957 turba
1477 1917 1602 1958 cum
1635 1901 1871 1956 tumultu
1905 1900 2163 1958 conﬂuit;
2195 1947 2204 1954 .

671 1977 980 2031 Exercitum
1011 1977 1433 2043 universamque
1467 1973 1656 2028 urbem
1687 1971 1742 2026 in
1771 1973 2012 2028 obscuro
2041 1971 2275 2033 intueor,

670 2045 840 2102 Faces
878 2056 931 2100 et
972 2046 1233 2114 plurimos
1265 2043 1476 2113 gladios
1510 2043 1789 2097 ferentem.

676 2117 822 2187 Deip.
868 2115 932 2170 Et
964 2113 1108 2170 nunc
1136 2114 1203 2187 ad
1234 2130 1336 2169 nos
1369 2115 1494 2182 quis
1527 2115 1660 2187 pede
1690 2113 1908 2187 concito

672 2180 850 2248 Venit,
884 2201 1080 2239 novam
1113 2185 1348 2255 aliquam
1385 2180 1498 2239 rem
1527 2180 1719 2240 l‘orsan
1756 2184 1985 2255 habens,
2015 2197 2191 2255 quam,
2213 2180 2463 2236 nuntiet?

677 2259 773 2310 100
811 2256 1087 2318 Noverim,
1125 2252 1254 2325 quid
1290 2257 1568 2378 loqeatur,
1596 2265 1650 2310 et
1680 2269 1842 2324 quem
1877 2252 2017 2307 ferat
2043 2252 2319 2330 nuntium.

677 2325 1136 2378 Iuli-1115
1175 2324 1335 2378 Chor.
1407 2325 1723 2378 ’eneranda.
1759 2324 2088 2378 veneranda.
2119 2331 2318 2378 castiss

675 2324 1335 2398 1214-1215ίδηοτο

671 2399 807 2463 Heu,
845 2397 972 2460 lieu,
1009 2401 1134 2462 heu,
1168 2397 1305 2450 heu!

1425 2319 1723 2394 engranda,
1759 2324 2088 2387 veneranda,
2119 2321 2430 2378 castissima
2457 2319 2643 2392 Virgo,

671 2468 914 2522 Celebris
945 2467 1162 2536 quidem
1198 2468 1340 2520 inter
1370 2465 1643 2531 homines,
1679 2473 1733 2520 et
1762 2480 1870 2518 non
1899 2463 2178 2534 ignobilis,

670 2539 831 2592 Casta
867 2538 1104 2601 vocaris,
1134 2536 1446 2606 quicunque
1477 2537 1616 2590 hanc
1649 2539 1897 2590 tellurem

675 2609 774 2662 105
813 2607 1092 2672 llabitant,
1127 2605 1392 2675 fulgidum
1422 2606 1669 2662 videntes
1696 2607 1883 2660 lumen
1915 2605 2084 2672 solis;

670 2677 824 2732 Nunc
854 2678 1075 2744 misera,
1112 2694 1232 2747 quae
1263 2677 1414 2746 prius
1444 2677 1624 2732 beata.

671 2748 821 2813 Deip.
865 2747 1004 2812 Quid
1043 2746 1242 2816 igitur?
1268 2763 1398 2801 num
1429 2747 1554 2816 quis
1583 2763 1666 2816 uie
1694 2749 1809 2802 vult
1838 2746 2130 2800 occidere?

672 2818 833 2873 Chor.
869 2815 1262 2888 Nequaquam,
1289 2817 1380 2872 sed
1417 2815 1544 2871 tuus
1574 2815 1744 2871 Filius
1772 2819 2133 2888 scelestorum
2166 2832 2328 2870 manu
2363 2818 2523 2887 perit.

673 2889 824 2957 Deip.
867 2885 988 2943 Heu
1024 2885 1108 2943 me
1129 2889 1150 2957 ί
1177 2887 1307 2956 quid
1338 2889 1514 2942 dicis?
1540 2899 1597 2939 ut
1621 2904 1706 2943 me
1735 2885 2040 2956 perdidisti,
2079 2888 2308 2942 mulier!

675 2956 777 3011 110
815 2957 974 3013 Chor.
1018 2958 1093 3012 De
1125 2956 1263 3012 Filio
1293 2967 1389 3012 tuo
1413 2967 1672 3026 tanquam
1708 2966 1928 3028 mortuo
1955 2958 2158 3028 cogita.

679 3029 831 3097 Deip.
871 3028 915 3084 Ο
945 3029 1150 3082 atrocia
1188 3029 1387 3091 locuta,
1421 3044 1529 3083 non
1561 3027 1784 3082 claudes
1825 3028 1928 3080 os?

678 3097 787 3154 Nec
815 3112 1030 3153 omnem
1063 3099 1282 3154 omittes
1314 3099 1629 3153 indecorum
1662 3111 1968 3152 sermonem
1997 3097 2185 3167 loqui?

678 3168 965 3239 {Eternum
996 3184 1250 3239 namque,
1282 3170 1556 3238 queinodo
1583 3169 1694 3236 jam
1730 3184 1836 3221 non
1865 3169 2128 3222 exsistere
2155 3171 2271 3224 ais?

678 3237 880 3294 Fausta
914 3237 1178 3309 precare:
1210 3247 1264 3294 et
1293 3237 1337 3295 Si
1365 3240 1494 3309 quid
1538 3239 1867 3308 loquendum
1901 3239 2183 3309 habueris,

680 3310 784 3380 115
824 3308 941 3373 υἱοί,
973 3318 1031 3363 ut
1056 3310 1232 3373 decet,
1265 3308 1442 3380 neque
1477 3309 1644 3364 Deum
1685 3309 1885 3378 injuria
1919 3308 2144 3364 adicias.

681 3378 753 3450 lqlx
791 3381 962 3448 stirpe
995 3381 1139 3434 enim
1169 3396 1334 3434 aurea
1356 3378 1502 3434 inihi
1533 3396 1752 3450 germen
1782 3380 2048 3443 ellluruit;

671 3448 993 3520 Novumque
1026 3450 1077 3504 id
1107 3458 1275 3514 esset,
1312 3459 1369 3504 ut
1407 3451 1495 3505 Dei
1531 3448 1698 3505 cruor
1726 3451 1975 3505 elllueret
2006 3465 2170 3504 manu
2200 3451 2542 3507 mortalium.

672 3517 818 3575 Fieri
853 3517 963 3574 non
990 3529 1167 3590 potest
1194 3529 1252 3574 ut
1290 3521 1620 3576 immortalis
1652 3523 1939 3576 moriatur.

222 3677 300 3732 93
342 3676 408 3748 Τί
438 3675 676 3748 δξέστκ
707 3675 839 3746 μῶν
874 3693 952 3748 γε
977 3676 1316 3746 δυσμενῶν,
1349 3687 1455 3748 etc.
1493 3676 1582 3732 Sic
1612 3679 1742 3733 ibid.

152 3763 302 3803 vers.
343 3747 410 3803 91
445 3745 647 3802 Αὲηυιιε
704 3745 899 3803 iisdem
932 3747 1049 3803 fere
1083 3745 1309 3803 vocibus
1347 3747 1632 3804 Hectorem
1665 3751 1749 3804 iii-

153 3827 429 3874 terruerat.

225 3835 486 3944 9.28112?
511 3889 833 3957 εὐφρόνην.
869 3886 1067 3951 Noctu,
1093 3904 1183 3958 per
1210 3888 1377 3943 noctis
1407 3889 1640 3943 silentia.

229 3961 302 4014 98
353 3961 448 4012 Ἐν
479 3958 722 4026 σπουδῇ
761 3958 964 4029 ποδός.
1012 3959 1148 4013 Ibid.
1199 3961 1403 4014 chorus
1443 3960 1631 4015 Aineae
1658 3959 1752 4015 ad-

153 4041 392 4084 ventum
428 4033 661 4085 nuntiat.
699 4029 835 4084 Male
859 4027 1078 4084 Riiillet.
1112 4030 1235 4093 pede
1266 4030 1499 4083 turbido.

229 4102 334 4154 101
388 4102 624 4164 Πότνια,
658 4103 870 4155 πότνα.
906 4099 1039 4169 Reg.
1072 4100 1212 4155 Med.
1251 4101 1467 4163 πότνια,
1498 4103 1710 4155 πότνια.

230 4171 346 4226 105
382 4170 590 4237 Πολλὴ
619 4171 737 4240 μὲν
763 4172 832 4224 ἐν
854 4170 1148 4240 βροτοῖσι.
1193 4170 1492 4236 I’rwclara,
1526 4174 1742 4236 eximia,

154 4241 303 4295 inter
337 4241 592 4294 mortales
623 4239 990 4295 celebrata‘es.
1021 4239 1132 4296 Nec
1165 4241 1303 4297 bene
1340 4241 1554 4297 lloillet.
1590 4244 1750 4298 vertit

155 4315 377 4377 crebro,
414 4313 680 4380 siquidem
712 4315 747 4384 ό
769 4311 956 4377 πολύς,
985 4311 1124 4365 idem
1155 4319 1240 4366 est
1263 4328 1326 4367 ac
1350 4315 1638 4384 clarissimi
1660 4330 1747 4384 ge-

153 4385 331 4454 neris,
372 4384 515 4452 quod
555 4383 915 4454 exponitrvox
962 4397 1233 4454 sequens,
1271 4383 1407 4454 κούκ
1441 4383 1745 4454 ἀνώνυμος.

154 4451 239 4506 lta
292 4451 562 4525 prologus
609 4452 886 4524 Hippolyti
920 4453 1063 4523 apud
1111 4451 1358 4524 Euripid.
1386 4455 1577 4525 incipit
1603 4451 1638 4510 τ’
1670 4455 1750 4510 sic

1857 3679 2000 3735 enim
2037 3678 2181 3733 fatur
2209 3678 2396 3735 Venus
2430 3694 2572 3734 vers.
2613 3677 2662 3744 1,
2695 3680 2730 3733 2
2756 3687 2806 3734 ct
2834 3681 2886 3734 4.

1933 3749 2034 3804 109
2075 3751 2145 3802 Οἵ
2167 3768 2267 3819 μοι
2287 3750 2306 3803 !
2339 3749 2393 3802 τί
2419 3749 2652 3815 assem,-
2697 3750 2787 3805 Sic
2817 3749 3040 3806 Pliaedra
3069 3769 3224 3808 suam
3254 3757 3429 3812 nutri~

1860 3836 1978 3874 cem
2011 3821 2329 3890 alloquitur,
2361 3836 2504 3875 vers.
2533 3821 2656 3882 555,
2689 3831 2742 3874 et
2770 3821 2913 3890 apud
2956 3821 3098 3876 Med.
3145 3823 3274 3880 Jaso
3318 3842 3438 3882 mu-

1861 3890 2092 3946 lieribus
2127 3891 2417 3961 rcSpoudet
2444 3906 2586 3961 vers.
2622 3890 2777 3946 1510.

1934 3961 2035 4013 110
2079 3962 2172 4028 Ὡς
2200 3960 2396 4016 οὐκέτ’
2431 3960 2626 4025 ὄντος.
2667 3962 2758 4016 Sic
2790 3961 2922 4016 ibid.
2961 3978 3104 4018 vers.
3136 3965 3270 4019 1511
3307 3966 3438 4023 cbo-

1859 4045 1954 4086 rus
1987 4031 2245 4086 Iasonem
2278 4033 2345 4088 de
2378 4033 2525 4086 caade
2558 4032 2789 4086 liliorum
2821 4048 3047 4087 suorum
3081 4036 3274 4090 edocet
3301 4056 3314 4091 :

1938 4103 2025 4176 ξας
2047 4103 2228 4176 οὐκέτ’
2259 4102 2427 4154 ὄντων
2464 4103 2570 4154 σῶν
2596 4103 2800 4176 τέκνων
2830 4102 3081 4176 φρόντιζε
3115 4104 3200 4176 δή.

1925 4172 2115 4240 Cogita
2147 4173 2308 4239 igitur
2341 4182 2588 4240 tanquam
2621 4173 2684 4226 de
2719 4175 2937 4226 mortuis
2969 4173 3146 4228 liberis
3167 4172 3294 4230 tuis.

1932 4239 2028 4296 111
2063 4239 2138 4296 Ὦ
2170 4243 2336 4297 δεινὰ
2363 4239 2597 4304 λέξασ’,
2628 4251 2734 4297 etc.
2774 4243 3122 4299 Sic’l‘hatdra
3164 4246 3437 4302 nutricem

1859 4329 2016 4370 suam
2042 4313 2288 4383 increpat
2323 4330 2464 4367 vers.
2499 4313 2604 4367 498
2626 4322 2678 4366 et
2699 4315 2822 4370 499.

1930 4384 2032 4436 Hd
2077 4383 2148 4436 Τὸ
2181 4384 2502 4439 ἀθάνατον.
2541 4383 2673 4451 Reg.
2706 4385 2796 4438 τὸν
2835 4383 3124 4439 ἀθάνατον.
3151 4385 3298 4441 Fieri
3333 4403 3437 4442 non

1856 4463 2047 4525 potest,
2080 4463 2136 4505 ut
2175 4457 2263 4526 qui
2293 4464 2368 4510 est
2398 4455 2741 4522 immortalis,
2781 4455 3061 4509 moriatur.

1475 4615 1810 4676 METRICA
1833 4614 2130 4675 VERSIO.

153 4777 200 4848 Ε
235 4785 409 4848 porta
441 4775 621 4848 anheli
652 4795 664 4831 :
697 4776 830 4846 quid
857 4775 978 4832 rei?
1015 4777 1099 4830 An
1133 4776 1278 4846 quod
1316 4775 1542 4832 nuntius

151 4846 335 4902 Venit
370 4847 610 4902 cohortis
641 4847 880 4902 hostium
917 4848 1311 4916 irrepentiuiu?

153 4918 337 4972 Chor.
381 4915 662 4972 Nocturna
697 4919 857 4972 turba
887 4932 1012 4971 cum
1035 4915 1276 4971 tumultu
1305 4916 1531 4972 conﬂuit
1561 4935 1574 4972 :

151 4987 494 5043 Exercitum
526 4995 696 5043 totam
731 5004 828 5057 per
859 4989 1048 5044 urbem
1083 4988 1373 5055 conspicor

152 5059 215 5112 In
249 5067 428 5113 nocte
462 5073 630 5128 opaea
666 5059 898 5128 plurima
932 5067 1202 5112 armatum
1231 5059 1349 5112 face

152 5129 223 5182 Et
257 5131 627 5200 ensemulto.
660 5129 812 5198 Deip.
847 5128 1042 5184 Nescio
1071 5128 1195 5197 quis
1228 5129 1392 5183 etiam
1421 5129 1558 5200 pede

152 5198 476 5253 Contendit
505 5201 569 5254 ad
596 5216 696 5254 nos
728 5200 968 5261 turbido,
1003 5201 1144 5254 forte
1176 5207 1234 5252 ut
1261 5201 1389 5254 novi

152 5270 312 5336 Quid
349 5269 564 5323 nuntiet
595 5271 754 5324 nobis
780 5288 792 5324 :
819 5271 972 5339 juvat
1002 5271 1299 5324 resciscere

154 5340 387 5409 Ecquid
425 5355 692 5394 novarum
724 5341 951 5395 nuntius
984 5355 1165 5394 rerum
1197 5339 1434 5394 advenit.

155 5408 336 5465 Chor.
365 5408 571 5481 Pudica
594 5427 628 5464 o
650 5409 837 5481 Virgo,
866 5419 1040 5475 casta,
1058 5411 1384 5471 veneranda,
1411 5409 1502 5480 ab,
1521 5409 1624 5480 ab,
1652 5410 1718 5465 ah
1741 5411 1755 5464 l

151 5482 388 5535 Crebro
413 5480 637 5550 quidem
663 5480 906 5552 tueasta
935 5482 1116 5552 magni
1146 5482 1386 5536 nominis

154 5553 282 5621 llas
322 5552 471 5605 inter
499 5566 690 5606 onmes
717 5551 884 5619 dicta,
912 5551 1050 5621 quas
1073 5566 1174 5606 suo
1200 5566 1232 5606 e
1260 5553 1382 5606 sinu

153 5619 451 5692 Produxit
483 5622 612 5674 olim
649 5630 814 5688 terra,
847 5619 1077 5692 quinque
1110 5623 1250 5676 hanc
1278 5621 1528 5692 incolunt

155 5691 286 5745 lluc
317 5693 600 5746 intuentes
629 5686 924 5748 candidum
961 5686 1094 5748 solis
1123 5686 1328 5761 jubar':

153 5761 335 5818 Nunc
361 5762 474 5831 jam
516 5763 735 5825 misera.
768 5764 920 5818 beata
947 5780 1068 5832 quae
1094 5764 1277 5818 fueras
1305 5763 1481 5832 prius.

160 5832 339 5903 Deip.
383 5832 530 5899 Quid
555 5833 662 5889 ista
690 5833 983 5906 trepidatio
1021 5833 1243 5890 subita?
1267 5834 1406 5890 Num
1433 5834 1580 5908 quod
1603 5850 1702 5892 sua

1784 4783 1830 4842 Β
1860 4776 2023 4832 Manu

2046 4738 2055 4747 ρ

2096 4784 2216 4831 arat
2246 4792 2334 4832 me
2364 4776 2563 4847 aliquis
2593 4776 2826 4834 scelesta
2859 4776 3086 4832 tollere?

1863 4847 2024 4904 Chor.
2056 4845 2185 4902 Non
2217 4848 2269 4901 id
2300 4845 2542 4917 quidem,
2575 4862 2761 4902 verum
2791 4855 2918 4917 tuus
2943 4847 3085 4916 quod
3111 4845 3279 4900 Filius

1864 4918 2063 4974 Misere
2085 4934 2114 4972 a
2145 4916 2394 4972 scelestis
2411 4920 2646 4973 tollitur.
2675 4917 2828 4986 Deip.
2853 4916 2967 4970 Vah
2989 4918 3001 4969 ι
3027 4917 3288 4985 quidnam
3311 4917 3392 4973 ais
3416 4919 3436 4970 ?

1869 4988 1936 5043 Ut
1969 4988 2257 5058 perdidisti
2289 5004 2396 5054 me,
2434 4989 2666 5043 mulier!
2701 4988 2860 5042 Chor.
2891 4987 3002 5058 Ego
3028 4988 3139 5058 jam
3169 4990 3329 5056 quasi

1862 5057 1983 5113 Non
2017 5059 2252 5128 amplius
2285 5058 2420 5112 Nato
2449 5068 2706 5114 manente
2730 5057 3002 5127 prospicio
3038 5057 3157 5111 tibi.

1866 5128 2020 5198 Deip.
2059 5126 2239 5184 0_non
2272 5129 2495 5184 ferenda
2523 5126 2829 5198 proferens,
2866 5141 2977 5182 non
3009 5126 3300 5198 impudens

1863 5202 1938 5255 Us
1969 5199 2293 5261 continebis,
2321 5200 2687 5269 indecensque
2707 5198 2925 5269 desines

1864 5269 2072 5324 Ellerre
2100 5271 2344 5323 dictum?
2371 5268 2616 5338 Namque
2637 5284 2759 5323 eum
2795 5268 2888 5338 qui
2914 5283 3131 5336 semper
3155 5277 3261 5332 est,

1865 5342 2110 5405 Quonam
2136 5356 2230 5394 ore
2253 5341 2390 5394 dicis
2419 5355 2541 5394 esse
2563 5341 2673 5408 jam
2703 5354 2811 5393 non
2835 5338 3104 5408 amplius?

1865 5411 2013 5463 Bona
2045 5411 2230 5476 verba,
2262 5425 2465 5479 quaeso,
2501 5419 2554 5464 et
2594 5410 2640 5464 si
2667 5410 2763 5462 tibi
2793 5419 2878 5463 est
2903 5425 3038 5464 usus
3065 5410 3230 5464 datus

1869 5481 2083 5550 Aliquis
2116 5481 2394 5549 loquendi,
2431 5479 2653 5548 loquere
2685 5480 2828 5534 sicut
2855 5488 2906 5534 te
2931 5481 3108 5545 decet,

1865 5550 1974 5606 Nec
2002 5551 2255 5604 indecora
2285 5566 2414 5605 voce
2445 5551 2741 5605 dehonesta
2768 5550 2958 5603 Deum.

1864 5621 1907 5674 Ε
1937 5622 2106 5690 stirpe
2130 5635 2351 5691 germen
2387 5635 2553 5675 aurea
2578 5623 2680 5675 hoc
2709 5620 2854 5675 cedit
2885 5620 3016 5691 mihi
3048 5639 3058 5673 :

1863 5690 2182 5760 Novumque
2208 5691 2258 5745 id
2289 5701 2456 5755 esset,
2490 5699 2548 5745 ut
2581 5707 2743 5746 manu
2774 5690 3083 5746 mortalium

1865 5762 2244 5816 liliunderetur
2277 5763 2354 5817 sic
2378 5761 2468 5816 Dei
2495 5763 2758 5832 sanguis;
2805 5761 2944 5816 mori

1866 5833 1968 5899 Qui
1994 5833 2167 5904 possit
2192 5843 2395 5902 autem,
2423 5834 2511 5890 cui
2539 5831 2676 5890 meri
2702 5846 2981 5903 nunquam
3006 5831 3209 5888 datur?
