3916 6516
124 421 214 473 157

126 536 355 587 Ἦκιστα
381 531 535 587 τοῦδε
568 532 741 604 λῆμμ’
768 531 870 602 ἔφυ
901 533 1239 601 τυραννικόν.

138 625 344 693 Ῥαγεὶς
370 624 479 694 γὰρ
505 608 744 693 αἰσγξρῶς
780 624 1064 691 πάγκακον
1094 622 1278 693 ῥήξεις
1308 624 1462 697 κέαρ.

140 714 270 767 Ἀλλ’
306 712 420 766 οὖτι
444 712 614 783 ταύτῃ
639 712 813 765 ταῦτα
837 712 1063 782 (μήσοί
1092 728 1197 765 που
1227 713 1439 785 δόκει),

132 804 241 857 Ἔτ’
269 805 347 867 εἰς
376 803 587 872 ἀγῶνας
620 802 681 856 σύ
715 820 774 855 τε
821 803 916 855 καὶ
951 805 1243 872 μιαιφόνοι,

127 896 226 949 255
259 896 366 949 Καὶ
401 896 534 957 πᾶσι
572 894 927 965 συνδράσασιν
956 894 1016 946 οὐ
1044 895 1271 965 σμικροὶ
1293 896 1480 949 πόνοιο

127 988 364 1041 Δῖσοοιτο
390 987 435 1040 δ’
462 985 640 1039 αὐτῶν
670 985 841 1055 δῆμος
871 985 1129 1055 ὑὸριστὴς
1165 986 1332 1051 ἅπας,

122 1079 199 1159 ΣΗ
224 1095 304 1130 τοι
328 1076 576 1137 Θανόντος
595 1115 611 1141 ,
646 1074 679 1145 ἢ
710 1075 845 1143 φάος
868 1074 1199 1145 δεδορκότος,

129 1167 228 1229 Οὓς
258 1169 403 1237 νᾶμα
425 1166 594 1237 πυρὸς
614 1160 768 1227 αὖθις
796 1165 1136 1230 ὑποδέξεται.

141 1258 339 1328 Ὀρθῶς
364 1258 609 1310 λέλεκται
639 1255 808 1327 μῦθος
836 1255 1074 1326 ἀψευδὴς
1115 1254 1200 1307 ὅδε
1220 1270 1235 1284 ·

128 1352 233 1405 260
268 1352 470 1413 Ἀκου’,
500 1349 691 1412 Ἰούδα,
726 1348 834 1403 σῶν
863 1346 1050 1402 κακῶν
1079 1345 1433 1414 κατάστασιν,

131 1442 333 1496 Καίτοι
361 1440 616 1511 προκόψω
643 1440 696 1508 γ’
728 1439 908 1505 οὐδὲν,
935 1439 969 1508 ἢ
1011 1439 1212 1509 σκῆψιν
1252 1439 1440 1511 μόνην.

129 1535 199 1587 Οὐ
227 1533 335 1606 γάρ
359 1534 487 1597 Θεός
518 1550 577 1586 σε
612 1533 907 1606 σωφρονεῖν
943 1531 1275 1600 ἀναγκάσει·

140 1625 224 1679 Ἐν
246 1628 312 1698 τῇ
343 1626 657 1697 προαιρέσει
684 1625 741 1678 δὲ
766 1624 859 1679 καὶ
887 1623 1080 1695 γνώμῃ
1119 1622 1326 1695 βροτῶν

1399 418 1748 479 CHRISTUS
1783 420 2101 480 PATIENS.

1714 578 1758 634 Α

3259 417 3364 477 158

1788 540 1861 591 Τὸ
1884 539 2178 609 σωφρονεῖν
2210 536 2416 589 ἔνεστιν
2437 538 2516 599 εἰς
2549 536 2617 589 τά
2644 536 2800 590 πάντ’
2827 537 2933 590 ἀεί.
2960 556 2979 589 ι

1787 630 1894 683 265
1932 628 2095 680 Ταῦτ’
2130 624 2281 680 εἶπεν
2303 667 2317 689 ,
2352 628 2452 679 οὐκ
2478 620 2575 677 οἷδ’
2602 626 2830 693 ἄγγελός
2859 644 2939 689 τις
2973 626 3005 696 ἦ
3041 625 3227 697 βροτὸς

1790 719 1933 791 Πρὸς
1959 719 2121 773 αὐτὸν
2140 759 2155 783 ,
2192 718 2268 781 ὡς
2296 719 2514 788 εἴρηκα,
2551 717 2640 769 τὸν
2670 718 3046 788 Λογοπράτην.

1863 810 2060 864 Θεοτό.
2096 804 2167 861 Ὠ
2199 812 2331 877 γαῖα.
2363 811 2535 879 μῆτερ
2557 846 2572 871 ,
2614 808 2765 878 ἡλίου
2790 809 2836 859 τ’
2869 806 3196 877 ἀναπτυχαὶ,

1784 900 1923 953 Οἵων
1952 900 2124 967 λόγων
2151 900 2390 970 ἄρρητον
2416 898 2689 968 εἰσήκουσ’
2719 898 2861 951 ὅπαι

1781 990 1915 1059 Τάχ⁹
1946 990 2005 1055 ἐξ
2030 989 2229 1043 ὀπαδοῦ
2254 990 2459 1060 δρᾶμα,
2495 990 2621 1052 Παῖ,
2656 986 2991 1057 κατηρτύθη,

1782 1081 1889 1136 270
1924 1082 2019 1134 Ὃν
2050 1080 2312 1143 πολλάκις
2341 1078 2549 1144 ἔδειξας
2577 1078 2819 1148 αἰνιγμῷ
2848 1077 3021 1147 φίλοις
3044 1094 3058 1108 ·

1784 1172 1860 1227 Οὐ
1890 1173 1999 1243 γάρ
2029 1173 2076 1225 σ⁹
2112 1171 2268 1225 ἔλαθε
2292 1170 2446 1224 τῶνδ’
2479 1170 2537 1232 ὃς
2575 1170 2745 1233 αἴτιος
2772 1169 2983 1223 κακῶν.

1796 1256 1869 1313 Ὦ
1892 1260 2236 1328 παγκάκιστε
2253 1300 2267 1325 ,
2298 1259 2456 1313 τοῦτο
2475 1260 2584 1330 γάρ
2613 1260 2661 1311 σ’
2686 1261 2859 1312 εἰπεῖν
2890 1259 3018 1329 ἔχω,

1788 1350 1861 1404 Σὺ
1891 1351 2045 1405 ταῦτ’
2070 1352 2299 1420 ἔδρασας
2319 1389 2335 1414 ,
2370 1350 2463 1415 σὺν
2490 1351 2721 1421 προδοὺς
2758 1349 3086 1421 εὐεργέτην

1787 1442 1864 1496 Σὰ
1888 1441 2080 1507 ταῦτα,
2107 1444 2297 1513 δαῖμον
2317 1460 2330 1474 ο
2356 1441 2439 1505 τίς
2465 1442 2576 1513 γὰρ
2602 1443 2668 1497 ἂν
2696 1443 2856 1505 ἄλλος
2885 1442 3016 1495 ποτὲ

1785 1532 1893 1586 275
1923 1533 2203 1605 Ἔδρασεν,
2241 1534 2273 1604 ἢ
2303 1531 2557 1604 βούλευσε
2576 1532 2846 1603 δυσμενὴς
2873 1531 3047 1603 άνήρς

1790 1620 1993 1675 Ὄλοιϐ’
2028 1626 2057 1677 ὁ
2077 1623 2280 1695 δράσας
2305 1638 2319 1653 °
2348 1625 2381 1693 ὴ
2414 1622 2537 1694 δίκη
2561 1622 2605 1675 δ’
2627 1622 2935 1693 ἐφίσταται,

624 1782 755 1852 Ejus
779 1781 990 1852 lucrum
1024 1779 1080 1833 in
1112 1776 1399 1852 tyrannide
1421 1777 1567 1852 baud
1594 1778 1832 1848 positum
1869 1786 1979 1852 est.

623 1848 865 1921 crepans
886 1851 1028 1904 enim
1052 1848 1284 1919 turpiter
1309 1848 1550 1921 pessima
1584 1862 1811 1921 rumpes
1836 1848 2067 1921 viscera.

628 1914 823 1977 Verum
846 1935 1020 1988 neque
1052 1914 1279 1974 eatenus
1308 1914 1421 1972 haec
1446 1929 1605 1971 erunt
1623 1914 1727 1987 (ne'
1754 1918 1852 1972 tibi
1887 1929 2116 1988 usquam
2144 1914 2278 1971 illud
2307 1914 2685 1985 persuadeas),

624 1992 881 2046 Adhucte
909 1997 962 2043 et
992 1992 1288 2043 sceleratos
1315 1988 1457 2042 bella
1484 1994 1728 2049 manent,

625 2062 733 2115 255
765 2059 829 2113 Et
856 2074 1046 2114 omnes
1067 2058 1321 2113 conscios
1350 2057 1488 2111 mala
1512 2057 1835 2127 gravissima
1852 2093 1871 2121 ,

626 2130 757 2197 Quae
778 2130 976 2186 sentiet
998 2129 1178 2184 omnis
1209 2129 1361 2197 plebs
1392 2134 1668 2197 proterva,

629 2191 754 2255 Sive
786 2215 908 2253 cum
934 2209 1181 2254 mortuus
1209 2191 1374 2268 fuerit
1393 2191 1818 2268 Christus,sive
1843 2208 1968 2252 cum
1998 2194 2177 2252 lucem
2218 2191 2497 2253 redivivus
2541 2194 2852 2268 aspexerit,

628 2270 800 2339 Quam
827 2268 1084 2339 deinceps
1114 2268 1256 2339 ignis
1293 2265 1771 2339 ﬂuviusexcipiet.

628 2336 793 2394 Recte
824 2336 1037 2393 editum'
1066 2336 1157 2391 est
1183 2338 1328 2392 istud
1364 2336 1645 2390 infallibile
1668 2337 1985 2391 oraculum:

627 2409 732 2463 260
759 2408 921 2471 Audi,
958 2407 1116 2472 Juda,
1152 2415 1352 2462 statum
1385 2415 1602 2460 tuorum
1636 2407 1930 2467 malorum,

630 2478 749 2533 Etsi
779 2476 911 2532 niliiI
937 2478 1237 2548 proﬁciam,
1275 2477 1379 2548 nisi
1408 2476 1555 2548 quod
1588 2478 1999 2530 excusationem
2030 2474 2282 2533 habeam.

629 2547 813 2617 Neque
832 2546 975 2602 enim
1009 2546 1151 2602 Deus
1180 2554 1232 2601 te
1262 2547 1327 2600 ad
1360 2546 1634 2601 saniorem
1668 2555 1905 2617 mentem
1942 2553 2100 2617 coget
2133 2563 2147 2603 :

630 2616 801 2673 Penes
835 2618 1117 2671 arbitrium
1146 2624 1199 2671 et
1225 2617 1559 2672 voluntatem
1597 2616 1913 2671 mortalium

632 2688 701 2742 Sa
774 2702 833 2741 re
857 2695 940 2741 est
963 2702 1071 2740 sem
1115 2702 1173 2741 er
1206 2687 1272 2740 ad
1302 2686 1503 2740 omnia.
1542 2704 1561 2737 ι

630 2704 888 2812 ΞϐξεΗωο
915 2702 1159 2812 nrotuIit.
1196 2757 1419 2812 angelus
1442 2772 1509 2809 an
1545 2755 1559 2808 I

764 2756 888 2811 Haec
913 2752 1159 2827 protulit,
1182 2757 1419 2827 angelus
1442 2772 1521 2827 an
1545 2755 1727 2821 homo,
1763 2755 2055 2822 incertum,

631 2827 710 2881 Ad
742 2824 997 2888 hune,'ut
1017 2826 1151 2892 dixi,
1180 2824 1338 2881 Verbi
1368 2826 1725 2881 venditorem.

630 2902 666 2966 βξ
700 2895 853 2965 Deip.
893 2895 936 2951 Ο
974 2904 1117 2951 terra
1152 2903 1345 2959 mater,
1372 2898 1602 2965 coelique
1633 2895 1822 2966 plagae,
1865 2946 1879 2959 ,

634 2965 884 3032 Qualium
912 2980 1225 3021 sermonum
1259 2966 1536 3021 infandam
1561 2965 1742 3020 audivi
1760 2968 1994 3021 'voceml

634 3035 801 3107 Forte
833 3038 899 3091 ab
923 3037 1013 3091 illo
1040 3036 1329 3103 discipulo,
1360 3034 1482 3107 Fili,
1515 3036 1725 3107 facinus
1754 3044 2124 3107 perpetratum
2156 3044 2262 3103 est,

633 3105 738 3176 370
771 3106 939 3171 Quem
980 3121 1121 3175 saepe
1152 3107 1364 3161 dilectis
1384 3106 1618 3159 obscure
1646 3105 1979 3176 desi'gnasti;

632 3174 818 3245 Neque
849 3176 992 3231 enim
1034 3174 1085 3230 te
1116 3176 1294 3238 latuit,
1329 3177 1455 3245 quis
1492 3182 1679 3229 auctor
1708 3174 1854 3231 esset
1884 3176 2174 3232 malorum.

634 3244 679 3316 ρ
708 3244 1062 3315 nequissime,
1088 3244 1355 3316 sic-enim
1372 3255 1424 3300 te
1451 3246 1723 3316 appellare
1751 3260 1915 3316 queo,

635 3314 759 3385 Ilaec
796 3314 995 3379 iecisti,
1026 3330 1149 3369 cum
1177 3324 1324 3369 tuum
1342 3314 1738 3385 benefactorem
1767 3314 2071 3385 prodideris
2100 3333 2114 3370 :

634 3384 873 3455 Dtempn,
907 3396 997 3439 tua
1025 3385 1138 3439 hazc
1168 3394 1295 3439 sunt
1322 3402 1337 3449 ;
1363 3384 1485 3453 quis
1515 3386 1657 3439 enim
1687 3384 1925 3455 unquam
1951 3386 2091 3441 alius

631 3454 735 3510 275
764 3454 1021 3519 Fecisset,
1058 3462 1315 3509 auctorve
1346 3455 1538 3510 fuisset
1570 3454 1861 3510 inimicus?

631 3522 822 3581 Pereat
854 3534 1044 3581 auctor
1070 3524 1291 3581 sceleris
1315 3543 1327 3578 :
1362 3525 1609 3579 imminet
1637 3534 1818 3581 autem
1848 3525 2086 3580 vindicta
2106 3565 2121 3591 ,

332 3633 521 3690 Τοῦδε
541 3634 726 3705 λῆμμ’
750 3636 1044 3709 ξφυζῆεε.
1066 3635 1205 3709 τοῦδ’
1229 3637 1327 3707 ἔφυ
1344 3637 1564 3709 λῆμμα.
1591 3635 1698 3691 Sed

118 3704 421 3777 claudicat,
445 3704 698 3777 metrum.
748 3704 837 3762 Sic
870 3704 1051 3777 Eurip.
1094 3704 1279 3762 Creon
1308 3704 1503 3765 Medeze
1534 3722 1696 3777 repo-

117 3775 198 3828 nit
230 3790 381 3829 vers.
410 3775 515 3829 548
545 3795 557 3830 :

223 3846 472 3919 ’ῌκιστα
503 3846 704 3917 τούμὸν
734 3846 903 3918 λῆμμ’
931 3848 1029 3915 ἔφυ
1058 3850 1395 3919 τυραννικόν.

222 3915 458 3968 Animus
484 3915 626 3969 meus
658 3915 867 3972 minime
899 3929 972 3971 est
1008 3915 1331 3973 turunnicus.

184 3984 295 4039 257
338 3987 409 4039 ’Ἠ
440 3988 863 4057 τοινθανόντος,
897 3998 1001 4042 ctc.
1028 3984 1177 4057 Legit
1210 3987 1570 4043 Combeiisius
1598 3988 1695 4041 θα-

1802 3653 1888 3709 ma
1922 3646 2007 3693 est
2052 3654 2245 3709 sapere
2286 3654 2349 3694 ac
2389 3638 2733 3709 resipiscere,
2768 3638 3028 3708 quidquid
3069 3646 3256 3691 auctor
3294 3635 3374 3689 vi-

1802 3708 1997 3833 gatur
2043 3712 2266 3765 sentire.
2324 3708 2689 3779 Combe/isius.
2730 3709 2806 3763 Ita
2843 3710 2953 3763 fere
2986 3710 3177 3762 Bacch.
3226 3723 3370 3763 vers.

1914 3820 1927 3833 .
1952 3790 2058 3833 etc.

2106 3850 2241 3921 γαῖα
2261 3850 2470 3919 μῆτερ,
2505 3856 2611 3905 etc.
2652 3849 2731 3921 Ita
2761 3848 3031 3920 Hippolyt.
3072 3864 3213 3901 vers.
3247 3846 3371 3907 601,

1804 3918 1929 3981 602,
1965 3918 2230 3974 exclamat
2264 3918 2344 3973 70b
2384 3922 2651 3974 incestum
2703 3918 3210 3974 Plizeilrre'amorcm
3251 3926 3370 3971 stu-

1802 3990 2069 4059 pcl‘actus.
2103 3991 2233 4045 IIJHI.
2268 3992 2444 4056 ἡλίου
2482 3992 2530 4042 τ’
2564 3989 3374 4059 draxtvxalmwliplagw,int-

115 4054 327 4128 νδντες.
375 4056 799 4128 εει-δεδορκότες.
842 4059 946 4112 sive
994 4054 1207 4120 mortui,
1238 4062 1342 4113 sive
1373 4062 1504 4111 lucis
1536 4075 1701 4112 usura
1804 4054 1840 4112 ᾖ

1819 4054 2015 4113 Mensas
2047 4054 2321 4123 circuitus,
2371 4060 2497 4113 solis
2546 4054 2847 4127 explicatio,
2884 4076 2997 4128 qua:
3025 4054 3229 4111 natura!
3265 4057 3374 4110 the-

115 4126 383 4197 fntentes.
414 4124 748 4182 Minus'bene
779 4128 938 4181 Itoill.
976 4147 988 4182 :
1021 4128 1159 4181 Solis
1191 4130 1643 4197 wternumjubar.

186 4194 298 4246 260
335 4196 553 4259 'Axov‘,
591 4198 796 4251 Ἰούδα.
828 4198 901 4251 Ita
924 4198 1143 4266 Hippot.
1163 4214 1305 4254 vers.
1334 4194 1471 4253 1‘296
1499 4201 1701 4253 chorus

114 4262 401 4317 Theseum
438 4267 503 4318 de
531 4266 690 4321 malis
719 4270 834 4322 suis
870 4262 1155 4321 certiorem
1190 4267 1338 4323 facit.

1806 4146 1993 4183 sauros
2024 4132 2271 4197 explicat.
2307 4130 2422 4199 gelu
2452 4141 2694 4182 concreta
2723 4130 2897 4182 calore
2924 4134 3200 4191 resolvens,
3232 4140 3337 4181 etc.

1875 4200 1980 4253 270
2006 4202 2127 4255 Ὃν.
2162 4200 2417 4254 illendosc
2452 4200 2600 4263 editi,

1874 4269 1972 4324 271
2020 4272 2103 4323 Οὐ
2136 4271 2244 4339 γάρ
2283 4272 2339 4323 σ’
2371 4270 2568 4334 ἔλαθε,
2605 4279 2708 4323 etc.
2740 4268 2818 4323 Ita
2860 4268 3065 4332 Medea,
3095 4282 3238 4321 vers.
3267 4265 3374 4321 552

184 4334 289 4408 261
332 4337 401 4389 Ἡ
426 4334 685 4408 σκῆψιν,
710 4348 816 4391 etc.
849 4336 970 4391 Nisi
999 4348 1201 4390 tantum
1227 4350 1282 4391 ut
1301 4340 1465 4407 officio
1488 4339 1700 4407 functus
1807 4338 1991 4393 Jovem
2020 4334 2345 4408 deprecatur
2374 4357 2387 4393 :

111 4406 325 4467 ridear,
363 4405 439 4458 uel
472 4423 730 4461 moneam.
778 4410 961 4463 Minus
1008 4422 1258 4463 accurate
1288 4405 1449 4463 Itbill.
1486 4405 1498 4462 ἐ
1539 4409 1704 4463 Verba

113 4475 250 4526 nihil
279 4471 481 4542 ﬁrwter
507 4479 660 4543 perit.

180 4545 295 4599 262
336 4548 419 4598 Οὐ
450 4545 561 4614 γὰρ
592 4546 754 4612 Θεός,
788 4557 893 4601 etc.
935 4547 1059 4602 "me
1088 4549 1318 4604 mutatio
1352 4547 1580 4618 requirit
1614 4546 1696 4601 af-

108 4613 307 4669 ﬂatum
348 4613 557 4686 gratiae,
592 4632 695 4671 nec
723 4618 878 4672 aliter
907 4621 959 4673 in
994 4629 1179 4674 nostra
1207 4613 1481 4673 voluntate
1501 4628 1555 4672 et
1578 4619 1699 4671 ani-

1912 4408 2144 4481 Ζεῦ,.μὴ
2178 4410 2329 4462 λάθοι
2352 4426 2422 4481 σε
2456 4409 2608 4461 τῶνδ’
2638 4410 2695 4473 ὃς
2734 4410 2901 4471 αἴτιος
2923 4408 3127 4461 κακῶν.

1910 4476 2143 4549 Jupiter,
2189 4498 2292 4534 non
2342 4480 2503 4533 lateat
2554 4490 2601 4533 te
2652 4481 2696 4533 is
2743 4481 2831 4547 qui
2872 4489 3055 4599 αιιοιρν
3089 4487 3163 4599 eisi
3192 4476 3375 4528 horum

3025 4565 3106 4599 mu
3134 4564 3305 4599 orum.

1988 4547 1995 4549 ”
2998 4547 3305 4617 [mulorum

1876 4614 2082 4681 272'0
2123 4619 2517 4688 παγκάκιστε,
2544 4626 2650 4673 etc.
2683 4616 2817 4672 Ibid.
2847 4632 2987 4672 vers.
3016 4619 3139 4671 465.

1414 4732 1748 4793 METRICA
1772 4731 2071 4792 VERSIO.

106 4852 237 4907 Vim
267 4852 481 4926 sancit,
508 4866 539 4907 a
567 4868 677 4924 quo
699 4855 770 4909 sit
800 4856 987 4925 procul
1009 4855 1288 4926 tyrannica

103 4925 316 4995 anis
337 4924 519 4995 libido
549 4940 563 4976 :
597 4924 876 4995 ruptus’et
905 4924 1207 4981 [uidissime

106 4994 300 5065 Etiam
334 4994 455 5065 ipsa
488 4994 709 5064 rumpes
740 4996 953 5049 viscera
982 4997 1193 5051 medius
1218 5009 1484 5065 crepans,

106 5065 222 5119 Sed
252 5064 373 5118 ista
413 5063 508 5131 (ne
538 5072 595 5118 tu
620 5063 767 5120 ’Iorte
807 5066 901 5119 tibi
928 5065 1282 5135 persuadeas)

103 5135 232 5189 Non
279 5135 371 5189 sic
400 5135 631 5188 abibunt
659 5153 671 5187 :
705 5143 758 5191 te
781 5145 835 5189 et
866 5144 989 5191 tuos
1028 5136 1205 5190 adhuc
1242 5142 1463 5188 manent

104 5204 281 5259 Viros
314 5212 588 5259 cruentos
619 5204 784 5268 bella,
823 5209 1079 5261 conscios
1116 5215 1299 5259 manet

104 5274 322 5342 Ingens
358 5273 667 5345 calamitas,
696 5291 857 5345 quam
880 5278 1113 5332 scelesta
1146 5277 1344 5329 sentiet

102 5345 277 5399 Plebs
310 5343 523 5407 omnis,
555 5344 670 5398 sive
696 5343 941 5400 mortuos
972 5346 1215 5401 tumulus
1238 5350 1413 5414 tegat,

107 5414 244 5468 Sive
276 5416 571 5468 intuentes
596 5414 731 5469 solis
752 5423 1018 5470 aeternum
1051 5416 1245 5484 jubar,

102 5484 267 5550 Quos
303 5484 541 5552 rapidus
578 5485 720 5555 ignis
754 5486 1013 5555 corripiet
1046 5486 1099 5538 in
1132 5493 1435 5553 posterum.

103 5555 227 5607 Vox
263 5555 373 5607 illa
398 5564 550 5608 certo
578 5554 733 5610 Iluxit
755 5570 821 5610 ex
850 5556 1074 5610 oraculo
1098 5573 1111 5608 :

103 5626 354 5689 Audito,
393 5622 557 5689 Juda,
591 5626 717 5694 quis
749 5626 831 5678 tui
854 5625 1136 5680 infortunii

105 5696 315 5749 Status
355 5696 452 5757 sit,
486 5703 544 5748 at
564 5692 657 5764 qui
681 5696 845 5750 verba
866 5697 941 5749 nil
973 5704 1166 5765 praeter
1199 5692 1374 5765 perit;

101 5766 247 5818 Nam
274 5774 362 5829 te,
399 5774 458 5818 ut
487 5765 750 5835 resipias,
784 5781 893 5819 non
931 5764 1073 5821 Deus
1107 5764 1379 5835 coegerit:

105 5835 445 5892 Mortalium
474 5850 631 5893 mens
661 5837 778 5892 sola
804 5851 926 5908 qua:
948 5851 1006 5892 re
1028 5836 1082 5891 in
1109 5835 1350 5906 qualibet

1722 4861 1766 4916 B

1797 4854 1987 4925 Libero
2019 4862 2161 4925 agat,
2187 4864 2239 4909 et
2274 4869 2487 4923 semper
2510 4855 2752 4909 modeste
2778 4853 2996 4922 deligat.
3043 4872 3061 4904 ι

1808 4924 1935 4979 llaec
1967 4924 2235 4979 venditori
2256 4925 2348 4995 (ut
2379 4925 2561 4995 retuli)
2595 4925 2779 4987 Verbi,
2807 4925 3065 4995 Angelus,

1807 4996 2105 5064 Incertum,
2149 5010 2218 5048 an
2253 4994 2414 5048 homo
2447 4996 2573 5064 quis
2610 4996 2828 5064 dixerit,
2860 4994 2996 5046 dixit
3032 5001 3231 5064 tamen.

1876 5064 2027 5133 Deip.
2059 5063 2288 5131 Parens,
2319 5079 2352 5117 ο
2375 5062 2557 5130 tellus,
2592 5063 2759 5118 lucidi
2782 5064 2951 5133 plaga:
2979 5062 3219 5133 aetheris,

1805 5133 1936 5199 Quae
1968 5131 2392 5204 voxonefasque,
2422 5135 2565 5203 quod
2602 5131 2984 5188 meam’aurem
3010 5131 3279 5203 perculit?

1806 5204 2049 5259 Potuerit
2078 5204 2226 5259 istud
2256 5220 2285 5258 a
2317 5206 2394 5258 tui
2428 5205 2640 5259 assecla
2670 5204 2847 5273 gregis

1806 5274 2052 5339 Admitti,
2084 5289 2117 5328 o
2153 5274 2276 5337 Fili,
2312 5274 2542 5337 facinus,
2572 5272 2702 5327 olim
2737 5287 2895 5341 quem
2918 5272 3027 5326 tuis

1808 5344 1925 5399 Sub
1956 5344 2239 5397 involucro
2261 5344 2609 5398 ostenderis?
2638 5340 2815 5411 neque
2841 5343 2985 5397 enim
3009 5340 3208 5396 artifex

1808 5413 2012 5467 Horum
2041 5416 2305 5467 malorum
2341 5422 2392 5467 te
2421 5414 2577 5466 latuit
2608 5428 2870 5481 unquam.
2891 5411 3163 5480 Improbe,

1809 5485 2107 5553 Scelerate,
2140 5498 2375 5552 namque
2416 5484 2467 5536 id
2500 5484 2667 5537 libere
2700 5484 2767 5553 de
2796 5491 2849 5536 te
2875 5498 3018 5553 queo

1806 5552 2032 5617 Elferre,
2066 5556 2293 5621 patrasti
2320 5556 2452 5619 haec,
2486 5561 2546 5605 ut
2576 5554 2721 5606 hunc
2754 5552 2905 5607 bene
2922 5552 3178 5607 meritum

1808 5623 1902 5693 Sic
1933 5623 2230 5693 proderes?
2260 5630 2353 5676 tua
2381 5624 2577 5693 omnia
2599 5623 2741 5684 haec,
2772 5623 3106 5692 nequissime

1807 5689 2047 5755 Dtenion,
2080 5699 2171 5745 tua
2204 5692 2319 5747 haec
2354 5700 2503 5748 sunt.
2533 5691 2666 5746 Nam
2697 5694 2821 5761 quis
2854 5689 2881 5744 a
2913 5702 2965 5745 te
2993 5704 3099 5744 tam
3134 5689 3308 5746 ferum

1808 5761 2111 5833 pirumque
2151 5762 2299 5827 fecit,
2331 5764 2413 5818 vel
2446 5763 2629 5816 animo
2658 5762 2882 5833 agitavit
2916 5761 3136 5815 scelus?

1810 5831 1946 5889 Male
1974 5832 2137 5903 huius
2172 5841 2383 5900 auctor,
2417 5833 2667 5904 quisquis
2688 5831 2791 5901 est,
2818 5839 3034 5901 pereat;
3091 5841 3271 5886 manet
