3906 6526
518 416 622 472 ίδῦ

516 536 793 607 Λειμῶνος
818 532 1066 586 ἑκϐαλεῖν
1094 546 1153 584 τε
1183 573 1197 598 ,
1231 530 1327 585 καὶ
1359 529 1509 602 ῥῖψαι
1544 527 1730 583 πόλου.

515 625 619 682 580
645 623 758 678 "08'
783 620 1280 694 ἀντεμηχανήσαθ’,
1309 613 1396 672 οἶα
1431 617 1494 688 δὴ
1522 615 1673 680 Θεὸς,

514 713 775 778 Γυναικὸς
800 710 1030 780 ἐκφῦναι
1059 727 1119 768 τε
1137 747 1153 773 ,
1189 709 1283 764 καὶ
1311 707 1441 771 Θεὸς
1475 705 1672 778 μένων,

514 804 714 878 Βροτὸς
735 801 987 874 γενέσθαι.
1007 841 1023 867 ,
1056 802 1148 856 καὶ
1181 798 1386 874 βροτῶν
1411 797 1704 868 ἀναιρὲτην

515 897 751 968 Σφαγεὶς
779 894 1126 967 κατασκάψαι
1164 911 1223 946 τε
1254 892 1347 945 καὶ
1379 890 1530 964 ῥῖψαι
1560 888 1738 943 ποσίν.

515 989 674 1043 Οὕτω
699 991 764 1044 σὺ
794 988 979 1042 πείθου
999 1030 1014 1052 ,
1046 987 1139 1040 καὶ
1164 983 1297 1039 Θεὸν
1327 984 1462 1055 πρὸς
1490 983 1592 1056 γῆν
1623 981 1779 1051 δέχου

517 1081 624 1138 585
659 1081 889 1135 Ἐλθόντ’
926 1081 1152 1149 ἀγαγεῖν
1179 1077 1315 1148 πρὸς
1344 1074 1504 1128 πόλον
1527 1073 1734 1145 βροτῶν
1764 1072 1940 1143 γένος*

518 1172 630 1226 Καὶ
658 1169 870 1234 σπένδε,
899 1169 992 1223 καὶ
1018 1167 1196 1232 κλέἲζε
1217 1206 1230 1229 ,
1265 1167 1360 1218 ιιια)⁸
1383 1163 1518 1218 τόνδ’
1547 1163 1778 1233 εὐλόγει.

518 1256 597 1314 Αὗ
629 1261 738 1331 γάρ
773 1277 853 1314 νιν
882 1258 1000 1329 ὄψει
1031 1257 1166 1329 πρὸς
1193 1253 1357 1327 χθόν’,
1387 1255 1462 1318 ὡς
1498 1255 1562 1307 ὲκ
1595 1253 1886 1321 παστάδος,

520 1351 845 1422 Θρὼσκοντα
870 1349 1101 1421 τύμϐου,
1131 1347 1223 1401 καί
1250 1348 1303 1416 γ’
1329 1347 1525 1400 ἀνιόντ’
1563 1347 1642 1409 εἰς
1669 1345 1852 1411 πόλον,

531 1443 620 1506 Ὠς
647 1441 807 1504 αὐτὸς
842 1437 984 1506 εἷπε,
1023 1439 1118 1494 καὶ
1155 1437 1260 1507 πρὸ
1292 1436 1386 1491 τοῦ
1416 1435 1727 1506 θεοπρόποι.

525 1535 626 1592 590
665 1533 851 1598 Ἐλπὶς
877 1533 934 1586 δέ
969 1549 1058 1604 μοι
1084 1530 1327 1584 σύνεστιν
1363 1527 1764 1597 ἀσφαλεστάτη.

537 1625 689 1697 Ἐμοὶ
707 1625 815 1696 γὰρ
837 1623 975 1696 ὑπὲρ
1006 1624 1215 1686 πάντας
1238 1661 1254 1687 ,
1290 1614 1397 1674 οῖσι
1428 1619 1694 1681 λείπεται,

1254 411 1598 471 APPENDIX
1636 411 1726 464 AD
1765 407 1822 465 S.
1861 401 2188 466 ριιΕαοιιιι
2216 404 2463 462 THEOL.
2494 402 2827 459 CARMINA.
3653 396 3735 454 18-5

2119 534 2163 585 Α
2192 520 2448 573 Ξύνεστιν
2483 517 2657 583 ἐλπὶς,
2691 515 2812 570 οὐδὲ
2851 512 3154 583 κλέπτομαι
3189 510 3412 583 φρένας,

2197 613 2378 681 Ἐξειν
2403 631 2455 665 τι
2485 609 2671 665 κεδνόν
2689 625 2704 641 ·
2733 607 2832 680 ἡδὺ
2862 607 2906 660 δ’
2951 605 3069 661 ἐστὶ
3107 603 3203 659 καὶ
3241 604 3436 658 δοκεῖν.

2198 707 2364 760 Ὅταν
2395 704 2452 758 δὲ
2499 701 2698 774 μᾶλλον
2727 700 2879 764 ἐλπὶς
2909 695 3157 770 ἀσφαλὴς
3205 695 3361 768 μένῃ,

2197 797 2300 852 595
2343 796 2418 848 Τὸ
2459 795 2649 866 χάρμα
2682 791 2865 846 ποῖονι
2897 789 3034 844 ἀλλὰ
3059 787 3295 859 νικῶμαι
3336 787 3538 850 πόνοις,

2194 890 2305 943 Καὶ
2343 886 2636 958 προϐλέπω
2679 884 2776 956 μὲν
2805 882 2978 949 ταῦθ’,
3022 883 3170 945 ὅπως
3210 880 3361 933 ἔσται
3401 877 3578 949 τάχαο

2196 979 2352 1051 Λύπη
2385 978 2442 1031 δὲ
2468 975 2738 1048 κρείσσων
2765 972 2874 1028 τῶν
2915 972 3064 1044 ἐμῶν
3092 969 3462 1042 ἔλπισμα-των.

2263 1073 2399 1138 Χορ.
2433 1067 2740 1136 Πάγκλυτε,
2776 1064 3154 1135 παγκαλλῐστα
3192 1062 3386 1136 κούρη,
3416 1059 3666 1133 παρθένε,

2197 1161 2496 1234 Ἔμδρυον,
2530 1158 2606 1223 ὡς
2651 1160 2778 1230 φὴς,
2825 1157 2917 1212 τὸν
2945 1157 3076 1211 Θεὸν
3107 1156 3476 1226 πλουτήσασα,

2196 1253 2300 1307 (ίΟΟ
2336 1254 2410 1307 Σὺ
2443 1251 2598 1306 ταῦτ’
2628 1251 2871 1321 ἐπέγνως
2891 1266 2904 1280 ·
2939 1248 3032 1303 καὶ
3059 1248 3127 1302 τὰ
3151 1247 3316 1301 λοιπὰ
3360 1245 3456 1300 νῦν
3486 1243 3685 1298 σκόπει.

2195 1344 2516 1417 Σοφωτέραν
2549 1344 2658 1416 γὰρ
2689 1344 2850 1415 ῐσμεν
2883 1337 3046 1395 οὖσαν
3075 1357 3134 1394 σε
3162 1338 3391 1412 βροτῶν,

2192 1435 2306 1490 Καὶ
2339 1432 2494 1487 ταῦθ’
2526 1433 2740 1505 ὁρῶσαν
2776 1429 3014 1484 συνιέναι
3047 1429 3144 1483 καὶ
3173 1427 3327 1491 τέλος
3347 1440 3362 1456 ⁸

2208 1524 2302 1588 Ὠς
2338 1523 2543 1596 φρικτὰ
2588 1523 2764 1577 πάντα
2792 1521 2886 1575 καὶ
2922 1519 3220 1592 βροτησειῳ
3243 1517 3413 1588 γένει.

2198 1612 2347 1684 Πλὴν
2370 1615 2438 1685 τῇ
2464 1611 2696 1683 τεκούσῃ
2736 1610 2988 1682 δυσμαθῆ
3023 1607 3276 1675 ξυνιέναι.

1027 1777 1070 1831 Ε
1098 1775 1352 1846 paradiso
1373 1790 1498 1831 eum
1530 1773 1819 1843 expellere,
1855 1778 1909 1827 et
1929 1785 1960 1826 e
1990 1769 2131 1846 coelo
2162 1767 2454 1846 projicere.

1025 1833 1131 1903 580
1170 1845 1407 1900 Verbum
1448 1833 1630 1898 autem
1658 1859 1689 1898 e
1711 1833 1902 1897 contra
1932 1833 2279 1910 excogitavit,
2308 1837 2533 1910 dignum
2565 1850 2697 1893 sane
2726 1833 2857 1900 Deo,

1025 1917 1068 1970 E
1098 1917 1295 1972 femina
1320 1915 1493 1978 nasci,
1527 1921 1582 1968 et
1609 1912 1753 1968 Deus
1783 1925 2131 1982 permanens,

1024 1986 1198 2041 Homo
1219 1986 1356 2048 ﬁeri,
1381 1993 1436 2040 et
1469 1983 1780 2037 mortalium
1804 1995 2114 2038 eversorem

1024 2056 1291 2110 Mactatus
1321 2045 1567 2109 funditus
1593 2061 1857 2116 evertere,
1888 2049 2229 2120 pedibusque
2255 2045 2502 2120 allidere.

1025 2125 1154 2179 Haec
1193 2125 1292 2179 tibi
1317 2134 1468 2179 certa
1498 2124 1569 2179 sit
1603 2122 1755 2186 ﬁdes,
1785 2137 1850 2177 ac
1873 2118 2041 2176 Deum
2072 2123 2124 2174 in
2139 2118 2347 2174 terram
2376 2118 2588 2188 excipe,

1026 2195 1132 2251 585
1161 2194 1268 2261 Ωιιί
1296 2195 1463 2258 venit,
1496 2200 1556 2248 ut
1577 2192 1856 2247 hominum
1888 2207 2060 2260 genus
2085 2188 2152 2244 ad
2173 2189 2373 2261 cmlum
2405 2188 2750 2261 perduceret.

1028 2259 1426 2328 Libaminibus,
1457 2271 1510 2318 ct
1544 2263 1780 2334 hymnis,
1811 2269 1864 2334 et
1895 2259 2366 2334 benedictionibus
2403 2259 2579 2334 ipsum
2617 2271 2965 2330 prosequere.

1029 2335 1267 2389 Rursum
1303 2335 1449 2389 enim
1483 2329 1701 2388 visurus
1729 2347 1789 2388 es
1821 2332 1875 2385 in
1907 2342 2132 2395 terram,
2162 2331 2309 2384 velut
2337 2344 2368 2383 e
2391 2329 2649 2393 thalamo,

1028 2405 1410 2458 Prosilientem
1437 2403 1667 2465 tumulo,
1698 2411 1752 2457 et
1781 2403 1835 2455 in
1865 2403 2061 2457 caelum
2091 2399 2431 2464 redeuutem,

1032 2472 1240 2542 Utipse
1267 2472 1426 2536 dixit,
1460 2481 1514 2528 et
1547 2481 1672 2542 ante
1703 2473 1878 2542 ipsum
1913 2471 2082 2542 divini
2110 2478 2282 2524 vates.

1033 2541 1298 2598 59011ωο
1330 2557 1454 2613 spes
1479 2551 1562 2597 est
1587 2541 2074 2613 mihi’certissima.

1031 2613 1244 2677 Etenim
1276 2609 1384 2681 ρι’αὲ
1415 2613 1688 2681 omnibus,
1716 2612 1917 2681 quibus
1944 2618 2028 2666 est
2057 2609 2297 2672 residua,

1036 2681 1196 2753 124

1253 2676 1607 2753 -1243Μθ
1627 2676 1783 2753 fovet
1810 2696 1956 2752 spes,
1984 2695 2180 2753 neque
2197 2695 2282 2753 me
2308 2691 2462 2732 meus
2501 2676 2641 2753 fallit
2663 2676 2903 2753 animus,

1036 2682 1494 2804 1243-1243
1524 2682 1607 2736 Me
1639 2682 1781 2736 fovet
1810 2696 1956 2752 spes,
1984 2695 2163 2750 neque
2197 2695 2282 2733 me
2308 2691 2462 2732 meus
2501 2682 2641 2732 fallit
2663 2682 2903 2744 animus,

1029 2753 1210 2822 Aliqui
1269 2751 1538 2805 cornmodi
1568 2751 1698 2806 mihi
1734 2751 2127 2822 obventurum;
2149 2749 2309 2805 dulce
2338 2762 2468 2802 vero
2501 2755 2587 2804 est
2617 2748 2729 2803 haec
2757 2746 2997 2820 opinari.

1031 2821 1373 2890 Cumautem
1408 2836 1533 2890 spes
1571 2822 1815 2876 securior
1833 2821 2089 2884 evaserit,

1033 2891 1140 2961 595
1159 2889 1374 2957 Quanto
1405 2886 1601 2961 gaudio
1623 2891 1853 2948 eﬂerar!
1888 2891 1983 2961 sed
2011 2889 2168 2945 malis
2196 2886 2421 2954 obruor,

1033 2960 1101 3032 ξι
1131 2961 1398 3032 praevideo
1417 2960 1582 3030 quam
1614 2976 1738 3014 mox
1769 2962 1880 3016 sint
1901 2960 2018 3016 haec
2047 2961 2264 3025 futura;

1036 3030 1104 3085 Et
1126 3030 1339 3101 inmror
1364 3045 1490 3100 spes
1517 3045 1664 3086 meas
1695 3039 2006 3101 exsuperat.

1108 3099 1267 3156 Chor.
1306 3099 1576 3166 Gloriosa,
1607 3099 1811 3170 optima
1837 3099 2044 3170 puella,
2079 3100 2266 3170 virgo,

1036 3169 1138 3242 Qui
1165 3169 1358 3242 obtigit
1394 3179 1471 3242 ut
1489 3169 1659 3225 Deum
1680 3169 1954 3242 infantem
1984 3171 2040 3242 in
2066 3169 2221 3242 utero
2247 3178 2512 3242 gestares,
2533 3170 2679 3227 sicut
2708 3169 2815 3237 ais,

1036 3239 1142 3310 000
1174 3239 1305 3295 Haec
1331 3240 1510 3306 nosti;
1537 3249 1587 3294 et
1615 3241 1823 3310 reliqua
1852 3254 1995 3294 nunc
2022 3240 2248 3310 inspice.

1036 3309 1262 3380 Qazteris
1289 3311 1433 3364 enim
1473 3309 1793 3366 mortalibus
1822 3309 2204 3380 sapientiorem
2236 3320 2288 3366 te
2311 3311 2582 3374 novimus,

1035 3377 1101 3451 Et
1119 3395 1183 3433 ea
1215 3380 1409 3451 mentis
1439 3381 1754 3451 sagacitate,
1787 3388 1846 3433 ut
1878 3377 1933 3435 et
1966 3379 2054 3451 illa
2084 3390 2140 3451 et
2167 3390 2412 3437 extrema
2437 3382 2706 3451 intelligas
2737 3400 2749 3437 :

1034 3447 1208 3522 Quam
1235 3449 1485 3522 horroris
1502 3447 1667 3522 plena
1699 3450 1812 3504 haec
1841 3450 2024 3504 omnia
2049 3450 2160 3504 sint
2188 3451 2428 3506 humano
2465 3447 2667 3522 generi,

1033 3516 1102 3572 Et
1132 3519 1410 3574 intellectu
1435 3516 1696 3587 dillicilia,
1731 3527 1807 3586 te,
1835 3535 1957 3590 quae
1983 3522 2258 3591 genueris,
2287 3516 2532 3593 except'a.

609 3692 717 3749 583
737 3690 1150 3768 Κατασκᾴψᾳι.
1188 3691 1280 3749 Sic
1306 3691 1440 3768 Reg:
1472 3691 1538 3748 li.
1567 3709 1628 3761 ιι,
1659 3708 1781 3768 quae
1805 3693 1969 3750 lectio
1993 3709 2109 3750 me-

540 3764 646 3820 lior
679 3778 840 3832 quam
874 3764 928 3817 in
963 3763 1124 3818 editis
1156 3763 1522 3832 κατασφάξαι.

610 3833 714 3917 597
743 3833 958 3917 ςοψω.
1011 3832 1521 3917 ΒοιΙιηΛριιειιριιιθ
1551 3849 1738 3917 sensu,
1787 3849 1902 3892 rem
1949 3834 2109 3906 quasi

543 3904 871 3976 praeteritam
899 3905 1157 3972 exponit:
1188 3904 1354 3972 Quem
1373 3906 1493 3972 jam
1516 3905 1725 3960 videris.
1968 3904 1984 3906 ⁷

611 3974 720 4044 590
758 3974 959 4039 Ἐλπὶς
986 3973 1055 4044 δέ
1078 3991 1201 4044 μοι,
1233 3983 1341 4031 etc.
1381 3973 1473 4044 Sic
1511 3975 1654 4029 infra
1681 3989 1824 4030 vers.
1857 3971 1980 4028 6l3.
2031 4018 2036 4019 κ

614 4043 724 4114 591-
763 4044 924 4113 Ἐμοὶ
970 4043 1087 4114 τὰρ
1135 4044 1289 4114 ὑπὲρ
1325 4043 1596 4114 πάντας,
1621 4054 1726 4101 etc.
1791 4044 1882 4100 Sic
1931 4043 2106 4100 Andr.

546 4112 745 4169 Troad.
779 4112 922 4169 vers.
956 4113 1080 4179 676,
1115 4112 1261 4180 etc.,'
1281 4122 1336 4169 at
1375 4130 1539 4171 sensu
1570 4113 1824 4172 diverso:

527 4184 711 4256 [Εμοι
733 4183 994 4256 γάρούδ’,
1018 4183 1048 4236 ὃ
1079 4186 1214 4256 πᾶσι.
1233 4185 1482 4256 λείπεται
1523 4184 1753 4256 βροτοῖς,

543 4252 798 4326 ξύνεστιν
811 4252 974 4326 Ἐλπίς
994 4271 1008 4285 ·
1025 4253 1182 4326 οὐδὲΔ
1195 4254 1495 4326 κλέπτομαι
1524 4252 1729 4326 ἐρ’ρένας

544 4322 781 4394 Πράξειν
806 4339 860 4377 τι
883 4324 1089 4379 κεδνόν.
1121 4324 1248 4378 Ἡδὺ
1276 4324 1321 4379 δ’
1355 4322 1490 4392 ἐστὶ,
1522 4322 1615 4378 πάι
1647 4325 1842 4380 δοκεῖν.

2215 3694 2348 3767 Mihi
2373 3696 2511 3750 enim
2534 3696 2702 3761 nulla,
2721 3711 2838 3766 quae
2854 3695 3092 3752 omnibus
3111 3695 3426 3767 relinquitur
3444 3697 3760 3763 mortalibus,

2214 3765 2461 3836 Superest
2486 3780 2599 3835 spes
2624 3782 2642 3820 :
2672 3765 2766 3822 nec
2798 3769 2976 3822 animo
3009 3769 3220 3836 decepta
3245 3765 3372 3834 puto

2213 3835 2301 3891 Mc
2328 3836 2439 3892 ullo
2486 3837 2640 3891 modo
2682 3854 2791 3892 rem
2836 3837 3103 3908 commode
3131 3835 3436 3908 gesturum.
3479 3838 3761 3894 Iucundum

2998 3907 3200 3980 [tanien
3233 3917 3310 3980 est
3343 3910 3456 3964 haec
3485 3913 3705 3980 opinari.

2282 3975 2387 4032 592
2427 3976 2581 4032 Οὐδὲ
2615 3976 2962 4047 κλέπτομαι,
2980 3975 3086 4034 etc.
3106 3977 3340 4033 Pulchra
3371 3980 3491 4036 haec
3516 3975 3572 4035 in
3596 3981 3762 4040 Maria,

2213 4046 2271 4101 in
2300 4063 2407 4116 qua
2446 4048 2602 4123 dolor
2634 4046 2857 4123 certam;
2883 4049 3113 4123 proximi
3149 4048 3330 4120 gaudii
3355 4065 3422 4106 ex
3457 4051 3586 4108 Filii
3617 4053 3763 4123 gloria

2211 4118 2671 4186 exspectationem
2701 4133 2808 4172 nun
2843 4118 3137 4173 imminuit.

2285 4187 2389 4243 599
2411 4188 2838 4270 Πτιοοτήσασα.
2877 4187 3068 4254 Deum,
3099 4197 3156 4244 ut
3192 4191 3296 4260 ais,
3327 4198 3541 4247 tantum
3581 4201 3762 4248 tuemu-

2216 4273 2332 4312 rum
2364 4267 2602 4328 gestasti.

1838 4501 2170 4563 METRICA
2197 4499 2494 4562 VERSIO.

543 4663 860 4736 Properavit
883 4664 1034 4719 illum
1061 4663 1142 4718 sic
1167 4663 1288 4719 loco
1317 4663 1410 4720 illo
1437 4663 1746 4736 excludere,

547 4735 618 4791 Ut
644 4732 695 4790 et
725 4735 866 4788 viam
899 4749 1134 4797 omnem,
1171 4749 1428 4804 spemque
1450 4735 1574 4790 coeli
1599 4732 1933 4791 occluderet.

543 4803 839 4874 Oppositus
873 4805 949 4858 illi
984 4804 1182 4874 callido
1206 4803 1455 4872 prudens
1485 4804 1652 4874 Deus.

547 4820 589 4856 υ
630 4820 839 4874 ροειιιιε
873 4820 949 4858 ιιιι
984 4820 1182 4858 camuo
1218 4820 1455 4872 prudens
1486 4820 1652 4863 ueus.

547 4820 627 4926 [1P
641 4873 851 4934 Statuit.
891 4885 948 4928 ut
977 4874 1058 4928 sic
1088 4871 1303 4927 femina;
1328 4889 1394 4929 ex
1423 4875 1544 4928 alvo
1575 4873 1759 4930 editus

546 4941 807 5000 Mundum
834 4943 978 4998 hunc
1002 4943 1232 5008 subiret,
1265 4952 1326 4996 ut
1349 4959 1576 4999 manens
1610 4942 1753 4997 idem
1793 4942 1935 4999 Deus

545 5013 799 5068 lndueret
819 5015 982 5067 etiam
1019 5014 1262 5067 membra
1299 5015 1459 5069 morti
1486 5011 1758 5069 obnoxia:

546 5081 1142 5154 gactatusgipseihune
1175 5093 1348 5138 morte
1376 5092 1640 5140 mactaret
1665 5095 1766 5136 sua

547 5150 736 5224 _Victor
770 5150 1134 5224 triumphans,
1164 5163 1218 5208 et
1246 5155 1379 5224 pede
1402 5163 1618 5224 urgeret
1643 5165 1746 5224 suo
1764 5194 1782 5221 ,

547 5220 765 5276 lnvecta
787 5237 882 5281 per
914 5220 1073 5281 duum
1102 5220 1260 5279 mors'
1273 5223 1412 5279 foret
1434 5220 1777 5280 mortalibus.

547 5292 676 5364 [lare
707 5298 854 5344 certa
883 5292 982 5346 tibi
1015 5292 1149 5348 ﬁdes
1181 5295 1278 5362 sit;
1307 5295 1362 5349 in
1389 5304 1586 5350 terram
1621 5295 1811 5364 excipe

549 5360 642 5415 Sic
711 5371 1106 5416 commeantem
1189 5360 1273 5417 tu
1330 5364 1520 5432 Deum,
1586 5374 1644 5422 ut
1703 5360 1875 5436 genus
1935 5368 2109 5424 homi-

547 5499 714 5577 leo
733 5499 949 5577 bearet_;
976 5499 1120 5577 hunc
1144 5501 1372 5569 honora,
1403 5506 1621 5577 suscipe
1639 5546 1655 5570 ν
1892 5436 2046 5509 illum

549 5568 987 5645 Illurisqueliba
1014 5571 1201 5645 odore,
1231 5589 1390 5643 quem
1407 5575 1518 5645 jam
1545 5568 1744 5634 videris

549 5639 647 5695 llic
675 5657 705 5695 e
729 5639 979 5712 sepulcro
1005 5639 1277 5712 prosilire,
1309 5639 1425 5697 non
1455 5661 1613 5702 secus

547 5712 625 5782 5c
646 5727 676 5766 e
702 5719 846 5776 toro,
873 5726 996 5767 mox
1015 5711 1252 5766 lucidum
1287 5712 1342 5766 in
1360 5716 1554 5769 cmlum
1583 5718 1759 5782 evehi,

548 5779 618 5852 Ut
644 5785 758 5852 ipse
790 5782 950 5846 dixit,
980 5791 1036 5837 et
1067 5797 1222 5837 sacer
1247 5791 1428 5838 vatum
1461 5785 1663 5843 chorus

548 5850 804 5909 Praediin
835 5853 985 5911 :hazc
1020 5867 1145 5924 spes
1171 5862 1255 5911 cst
1284 5855 1414 5909 mihi
1454 5857 1782 5925 certissima,

2139 4670 2182 4727 Β
2212 4662 2324 4734 ﬂos
2354 4665 2495 4734 inter
2521 4677 2713 4734 omnes
2733 4661 2936 4734 quibus
2953 4662 3133 4734 aliqua
3161 4663 3331 4719 menti
3357 4664 3527 4722 insita
3554 4685 3570 4722 :

2214 4732 2326 4789 Nec
2350 4733 2488 4804 fallit
2510 4732 2762 4788 animum
2773 4732 2887 4804 jam
2915 4732 3159 4788 futurum
3187 4735 3469 4804 quidpiam

2216 4803 2372 4875 Quod
2399 4805 2696 4875 gloriosum
2725 4803 2978 4872 eil‘ulgeat
3006 4819 3019 4856 :
3045 4803 3217 4860 suave
3235 4805 3289 4858 id
3319 4803 3548 4875 quoque

2214 4874 2312 4944 list
2333 4873 2593 4944 cogitare.
2620 4873 2697 4944 Ac
2732 4881 2845 4944 tuta
2876 4887 3000 4928 cum
3031 4873 3390 4944 permanserit

2217 4942 2347 5014 διὶὴί
2377 4942 2504 5014 spes
2525 4943 2722 5014 magis,
2756 4943 2895 4998 vah!
2931 4943 3130 5014 gaudio
3154 4953 3360 5013 quanto
3375 4943 3621 5002 efferat?

2218 5012 2291 5069 Ut
2313 5012 2528 5079 res'sit,
2564 5012 2700 5083 ipsis
2731 5012 3123 5068 obruor'malis
3159 5012 3360 5070 tamen.

2218 5083 2495 5139 Praevideo
2521 5097 2681 5152 quam
2718 5099 2839 5137 mox
2870 5083 2981 5138 sint
3007 5083 3186 5137 futura
3213 5085 3326 5139 haec
3348 5085 3580 5152 omnia;

2222 5153 2461 5209 Validior
2488 5162 2546 5208 at
2573 5168 2724 5220 spem
2757 5167 2959 5224 maeror
2984 5153 3270 5223 insurgens
3304 5156 3530 5224 premit.

2288 5224 2449 5281 Chor.
2484 5224 2529 5280 Ο
2561 5225 2733 5294 virgo,
2765 5222 2952 5294 formae
2971 5239 3091 5294 quae
3119 5222 3560 5294 nitore'caateras

2217 5294 2404 5366 Praais,
2435 5293 2614 5366 puella
2649 5293 2880 5356 nobilis,
2910 5293 3030 5364 quae
3049 5293 3303 5366 bajulans

2213 5362 2476 5421 Infantem
2510 5365 2566 5420 in
2606 5371 2778 5429 utero,
2812 5362 2951 5417 ιιιιὺ
2980 5362 3169 5428 refers,
3193 5373 3305 5428 tuo,
3337 5363 3512 5419 Deum

2223 5435 2563 5493 Thesaurum
2593 5431 2780 5488 eodem
2817 5433 3071 5502 bajulasti
3102 5435 3436 5489 maximum:

2224 5506 2292 5562 Ut
2319 5507 2472 5568 noris
2498 5506 2625 5566 ista,
2660 5503 2866 5573 reliqua
2897 5519 3044 5560 nunc
3066 5503 3226 5557 etiam
3253 5504 3393 5560 vide.

2219 5575 2352 5631 Nam
2379 5592 2484 5647 qua
2516 5574 2674 5645 praeis
2697 5581 2754 5647 tu
2780 5573 2990 5629 caateris
3013 5573 3319 5647 prudentia,

2218 5647 2331 5702 Hoc
2359 5644 2561 5702 certius
2591 5651 2643 5697 te
2664 5644 2837 5712 prima
2867 5659 2988 5714 qua:
3018 5644 3329 5714 praevideris

2212 5717 2308 5772 Est
2342 5717 2532 5771 ultima
2553 5727 2768 5784 mquum
2801 5729 3001 5780 nosse;
3033 5721 3087 5769 ct
3115 5715 3299 5768 omnia
3327 5714 3519 5784 generi
3551 5741 3554 5743 λ

2223 5788 2510 5841 Hominum
2540 5786 2708 5854 ardua
2733 5782 2849 5838 haec
2881 5793 3009 5840 sunt
3041 5785 3315 5854 inviaque,
3334 5782 3456 5840 'soli
3495 5785 3602 5843 tibi

2223 5859 2354 5924 Qum
2387 5865 2515 5912 nota
2542 5852 2724 5922 matri,
2765 5854 2908 5911 scire
2929 5855 3016 5912 cui
3041 5852 3425 5911 datur—abdita.
