3906 6508
173 353 257 409 189
1435 353 1780 411 CHRISTUS
1816 359 1822 411 l

1816 358 2123 420 PATIENS.
3291 365 3392 424 190

175 472 261 527 655
297 471 389 523 ’ον
419 469 576 531 ἐλπὶς
605 463 673 538 ἦν
704 464 800 521 καί
839 469 972 523 τόνδ’
1002 469 1266 524 ἀθάνατον
1299 472 1500 541 μένειν,

184 564 393 633 Ῥύστην
430 564 478 615 τ’
515 560 732 613 ἔσεσθαι
762 562 965 624 παντὸς
1015 562 1229 632 Ἰσραὴλ
1264 564 1453 630 γένους
1497 581 1511 628 ;

233 662 387 726 -Αγγ,
442 654 595 707 Ἐπεὶ
624 654 778 707 πόλιν
811 671 871 721 γε
900 654 1059 723 τῆσδε
1094 655 1347 726 Σολυμῶν
1388 656 1573 727 χθονὸς

172 751 432 811 Λιπὸντες,
466 747 728 815 ἀφίκανον
758 746 817 810 ἐς
848 747 1127 815 Στρωτοὺς
1157 748 1373 815 Λίθους,

173 840 372 893 Ἀνακτ⁹
403 838 532 908 ἐμὸν
563 836 818 907 σύροντες
847 836 1100 907 ἀλάστωρ
1129 837 1303 906 ὄχλος,

167 933 256 987 666
293 931 474 1001 Αὑτξχ’
510 928 695 1000 ὅμιλος
721 929 1104 1000 οὖρανοδρόμῳ
1139 929 1280 1001 ξύλῳ

175 1025 401 1093 ’Ᾱνῆγον,
428 1020 581 1092 ἦγον,
612 1018 746 1093 ἦγον
785 1024 863 1084 εἰς
901 1022 1067 1090 ἄκρον
1093 1022 1245 1086 τέλος
1265 1040 1277 1052 ·

177 1117 341 1186 Vigilo;
371 1116 414 1167 δ’
445 1118 498 1177 ἐς
532 1114 687 1184 ὀρθὸν
718 1113 888 1182 αἰθέρ’
919 1113 1254 1184 ἐστηρίζετο.

175 1213 249 1272 Ἐς
281 1208 456 1259 κλῶνα
472 1207 515 1258 δ’
544 1206 835 1276 ὲγκάρσιον
856 1204 1013 1258 ἄλλον
1038 1204 1240 1267 εὐθέως

166 1305 407 1363 Ἕτεινον,
441 1299 729 1364 ὲξέτεινον,
756 1297 970 1366 ἥλωσαν
1000 1298 1186 1367 χέρας,

161 1394 252 1446 665
277 1392 443 1453 Πόδας
470 1392 523 1443 δὲ
552 1390 868 1459 καθήλωσαν
900 1394 958 1443 ἐν
991 1389 1181 1460 πηκτῷ
1204 1389 1366 1461 ξύλῳ.

170 1488 245 1547 Ὠς
267 1484 307 1536 δ’
329 1484 485 1552 ἔσχον
515 1483 657 1535 οὕτω
689 1483 962 1554 Δεσπότην
990 1483 1315 1553 ἠρτημένον,

162 1576 325 1628 Ἀλλοι
356 1576 455 1645 μὲν
480 1575 639 1627 αὑτὸν
666 1574 894 1644 καλάμῳ
921 1574 1261 1645 κραταιϐόλῳ

1755 478 1805 537 Α
1839 479 2117 547 Ἔϐαλλον,
2156 484 2481 556 ἁντιπυργον
2510 484 2785 547 εἰσϐάντες
2814 500 3015 555 πετραν
3033 499 3047 514 ·

1831 573 2011 625 ’Λλλοι
2039 575 2082 627 δ’
2110 574 2342 646 ὑσσώπῳ
2373 576 2604 644 σπόγγον
2629 576 2780 640 ὄξους
2808 576 3041 647 ἔμπλεον

1827 664 1932 718 676
1960 666 2103 737 Χολῇ
2128 667 2465 739 κεκραμένου
2494 669 2537 720 δ’
2568 666 2770 737 ἀνῆγον
2794 668 2850 730 sq
2870 667 3062 737 στόμα.

1827 759 1889 810 Οἳ
1920 758 1963 810 δ’
1983 758 2115 811 ὠσὶν
2135 758 2271 828 ἠχὴν
2298 760 2359 811 οὐ
2386 758 2570 826 σαφῶς
2600 757 2929 827 δεδεγμένοι,

1825 848 1949 901 Οὓτ’
1975 845 2111 901 εἶδον
2135 844 2201 901 οἷ’
2227 849 2375 921 ἔρεξε
2405 847 2635 918 θαύματ’
2668 848 2725 900 ὲν
2754 847 2981 917 βροτοῖς,

1829 940 2034 1004 ’Ἄλλως
2060 940 2266 1009 διῆγον,
2296 940 2389 994 καὶ
2410 941 2698 1011 διήνεγκαν
2732 938 2905 1008 κάρας
2925 954 2938 967 ·

1824 1033 1931 1085 Καὶ
1958 1033 2131 1101 στέρν’
2158 1032 2383 1083 ἔτυπτον
2409 1030 2633 1099 ἀμαθῶς
2670 1030 2933 1100 ἀγνωσία.

1825 1124 1929 1177 675
1966 1121 2104 1190 Ἐγὼ
2126 1121 2183 1175 δὲ
2215 1123 2402 1193 πὸρῤω
2429 1122 2692 1192 (Δεσπότῃ
2717 1120 2824 1193 γὰρ
2848 1121 3124 1191 εἱπόμην),

1822 1212 2041 1282 Πρῶτον
2069 1212 2165 1282 μὲν
2192 1213 2271 1273 εἰς
2291 1211 2516 1282 χλοηρδν
2538 1206 2651 1275 ἷζον
2684 1228 2784 1263 που
2806 1212 2992 1273 νάπος,

1821 1302 1949 1355 Τάτ’
1976 1304 2039 1356 ὲκ
2068 1301 2241 1355 ποδῶν
2272 1300 2470 1372 σιγηλὰ
2504 1302 2599 1355 καὶ
2624 1300 2873 1371 γλώσσης
2905 1301 3012 1354 ἄπο

1824 1393 2084 1457 Ἔσωζον,
2108 1392 2183 1456 ὡς
2214 1392 2353 1462 ὁρῶν
2382 1408 2486 1453 νιν,
2512 1392 2610 1461 οὐχ
2627 1390 2898 1461 ὁρώμενος

1821 1484 2003 1554 Ὄχλῳ
2033 1483 2348 1555 κακεργάτῃ
2378 1500 2438 1535 τε
2467 1482 2560 1535 καὶ
2588 1482 2876 1552 μιαιφόνῳ.

1816 1576 1918 1630 680
1946 1576 2012 1628 Σέ
2031 1576 2079 1628 τ’
2102 1571 2167 1630 αὖ
2199 1574 2601 1645 δακρυχέουσαν
2626 1572 2863 1627 ἑστῶσαν
2888 1570 3031 1636 ἰδὼν,

646 1773 749 1845 635
781 1772 951 1839 Quem
987 1788 1111 1841 spes
1133 1781 1259 1845 gerat
1292 1773 1407 1829 fore
1436 1782 1495 1829 ut
1530 1784 1583 1830 et
1606 1777 1722 1845 ipse
1749 1786 1997 1830 maneret
2024 1770 2369 1838 immortalis,

645 1843 889 1897 Etmnne
926 1860 1096 1906 genus
1132 1842 1501 1898 lsraclitarum
1543 1842 1835 1900 liberaret?

717 1911 902 1985 Nunt.
926 1912 1242 1985 Postquam,
1274 1914 1406 1969 urbe
1434 1914 1895 1985 Jerosolymorum

642 1982 867 2042 Relicta,
893 1983 944 2035 in
978 1982 1339 2038 Lithostrotos
1370 1982 1704 2052 pervenisset

644 2053 1005 2122 Seelestorum
1037 2067 1251 2121 agmen,
1279 2069 1459 2122 regem
1493 2069 1669 2108 meum
1700 2054 1944 2119 trahens,

642 2122 745 2174 660
777 2120 969 2175 Statim
994 2120 1211 2176 sublimi
1242 2120 1407 2176 cruce
1436 2125 1771 2187 extulerunt,

642 2189 870 2243 Sursum
898 2200 1145 2257 egerunt,
1173 2203 1227 2247 et
1260 2193 1325 2245 ad
1358 2192 1603 2246 ultimum
1629 2194 1991 2249 sustulerunt.

636 2260 706 2313 At
737 2260 825 2313 ille
852 2269 1034 2314 rectus
1065 2261 1119 2314 in
1149 2262 1316 2315 altum
1351 2262 1604 2317 aetherem
1638 2263 1971 2319 ﬁrmabatur.

637 2328 1095 2451 ᾗ246-ι247
1128 2329 1381 2387 Protinus
1406 2332 1460 2385 in
1489 2333 1720 2387 alterum
1753 2334 1966 2390 arboris
1990 2350 2203 2390 ramum

692 2415 827 2451 anus
851 2400 1230 2451 extenderunt.
1264 2402 1543 2451 rlavisnue
1573 2401 1910 2451 cnnﬁxernnt
1929 2444 1944 2451 -

692 2415 827 2472 anus
851 2400 1230 2472 extenderunt,
1264 2402 1543 2472 clavisque
1573 2401 1910 2458 conﬁxerunt
1929 2444 1944 2467 ,

636 2469 739 2541 665
767 2467 831 2521 Ει
862 2469 1027 2541 pedes
1048 2469 1101 2523 in
1127 2471 1236 2541 lixo
1270 2467 1809 2541 stipite‘deﬁxerunt.

635 2539 767 2610 Cum
799 2546 978 2593 autem
1012 2540 1082 2593 ita
1125 2539 1409 2595 Dominum
1447 2542 1899 2610 suspendissent,

631 2608 933 2681 Aliiipsum
958 2610 1224 2665 arundine
1244 2619 1406 2681 caput
1428 2608 1763 2680 percutiente

633 2676 1085 2751 verberaverunt,
1109 2676 1465 2737 ascendentes
1498 2696 1685 2751 rupem
1714 2678 2015 2750 appositam
2040 2697 2053 2744 ;

766 2748 1007 2832 Ιῃνξξορο
1039 2750 1261 2832 oblitam
1301 2748 1586 2832 spongiam
1612 2748 1768 2832 aceto
1790 2748 2156 2832 impleverunt

633 2818 736 2891 670
771 2818 915 2891 Felle
949 2821 1231 2889 permisto,
1269 2832 1323 2877 et
1357 2818 1537 2891 ipsius
1567 2821 1648 2875 ori
1680 2821 2056 2874 admoverunt.

632 2885 720 2959 iii,
750 2888 841 2958 qui
877 2885 1064 2959 vocem
1093 2891 1318 2948 auribus
1349 2885 1458 2946 u'on
1496 2890 1647 2946 clare
1686 2899 2066 2959 perceperant,

630 2955 817 3030 Eeqtie
838 2957 1082 3013 viderant
1107 2972 1238 3030 quot
1266 2962 1528 3015 miracula
1567 2955 1708 3030 inter
1736 2955 1983 3030 homines
2007 2957 2286 3019 edidisset,

632 3025 857 3100 Temere
876 3044 934 3083 se
964 3025 1254 3094 habebant,
1289 3039 1341 3084 et
1367 3032 1544 3100 capita
1570 3031 1621 3084 in
1651 3028 1868 3100 diversa
1898 3029 2145 3083 ferebant
2179 3047 2191 3081 :

633 3095 864 3171 lAllinrgro
894 3100 1088 3154 inscite
1122 3112 1308 3171 pectus
1335 3095 1639 3171 ignorantia
1676 3099 1998 3171 tundebant.

634 3165 738 3239 675
771 3167 883 3238 Ego
908 3176 1086 3239 autem
1124 3165 1156 3223 ξι
1186 3170 1341 3239 longe
1356 3165 1654 3239 '(scquebar
1684 3170 1830 3224 enim
1859 3166 2168 3236 Dominum)
2193 3208 2217 3232 ,

634 3235 874 3307 Primum
900 3238 1118 3307 quidem
1151 3235 1342 3294 virenti
1371 3241 1423 3293 in
1448 3235 1587 3294 saltu
1620 3239 1757 3305 sedi,

634 3304 818 3378 anue
849 3304 1077 3377 pedibus
1102 3310 1341 3378 quietus,
1365 3320 1417 3364 et
1443 3309 1643 3363 tacitus
1671 3304 1857 3378 lingua

634 3376 1025 3448 Observabam,
1054 3376 1201 3432 illum
1230 3379 1439 3442 videns,
1474 3395 1651 3448 neque
1676 3376 1827 3434 visus

625 3446 666 3497 Α
689 3447 896 3501 nefaria
935 3456 988 3503 et
1016 3456 1238 3503 cruenta
1272 3449 1516 3504 cohorte.

625 3515 728 3570 680
766 3517 961 3572 Verum
987 3518 1075 3572 ubi
1112 3526 1164 3573 te
1190 3519 1280 3573 hic
1305 3527 1561 3587 stantem,
1602 3518 1968 3591 lacrymisque
1999 3516 2257 3573 ﬂuentem
2295 3515 2480 3571 videro
2513 3554 2529 3581 ,

178 3688 287 3746 658
322 3690 734 3767 ᾎςρίκανονς-ἐς
756 3693 1059 3761 Στρωτοὺς
1084 3697 1321 3767 Λίθουςρ
1342 3694 1570 3767 Lapsus
1602 3696 1691 3751 hic

118 3762 393 3833 memoria
437 3763 714 3833 tragmdiae
737 3773 958 3829 auctor;
989 3780 1095 3818 non
1124 3767 1267 3819 enim
1294 3762 1684 3831 Lithostrotos,

111 3832 203 3885 sed
232 3830 509 3887 Calvaria:
531 3830 695 3888 inons
732 3833 908 3887 dictus
932 3841 1015 3888 est
1056 3835 1226 3899 locus,
1265 3837 1355 3891 ubi
1387 3835 1487 3890 fuit
1526 3830 1689 3891 Chri-

109 3910 226 3974 stus
256 3902 462 3958 aﬂixus
486 3904 655 3957 cruci.
682 3902 1047 3974 Litliostrotos
1069 3914 1185 3959 erat
1216 3907 1551 3974 praetorium,
1576 3907 1691 3960 sive

108 3971 227 4043 ejus
261 3975 496 4033 atrium,
528 3974 595 4043 ini
615 3989 723 4043 quo
752 3972 959 4029 Pilatus
982 3976 1158 4043 posito
1194 3971 1447 4029 tribunali
1471 3984 1687 4031 senten-

108 4042 251 4117 tiam_
266 4045 471 4117 mortis
493 4043 544 4097 in
569 4042 911 4117 Servatorem
941 4042 1074 4098 dixit
1099 4064 1111 4099 :
1145 4061 1252 4100 non
1278 4046 1411 4101 urbe
1436 4060 1691 4117 egressus

104 4120 187 4167 est
214 4110 459 4171 Pilatus.
488 4114 582 4183 sed
615 4128 645 4166 e
676 4115 949 4183 praetorio.

177 4183 285 4237 662
333 4182 536 4248 Ὀρθὸς
558 4182 607 4235 δ’
629 4182 697 4249 ἐς
719 4185 917 4250 ὀρθόν,
950 4191 1055 4239 etc.
1080 4182 1155 4238 Ita
1182 4184 1293 4239 fere
1322 4182 1515 4238 Bacch.
1543 4199 1687 4241 vers.

106 4252 263 4325 1071,
307 4253 476 4314 1093,
506 4253 663 4317 1095,
708 4254 796 4308 ubi
832 4255 1095 4323 tragicum
1127 4265 1339 4325 poetam
1385 4254 1527 4309 baud
1558 4272 1692 4312 sane

100 4323 343 4377 feliciter
379 4331 571 4376 auctor
594 4325 764 4377 voluit
790 4325 1053 4378 aemulari.

169 4392 276 4448 667
308 4392 576 4463 Καλάμῳ
604 4396 989 4463 κραταιϐόλῳ,
1012 4404 1120 4450 etc.
1156 4395 1284 4450 Hac
1320 4394 1685 4465 contigerunt,

1799 3712 1906 3751 non
1932 3695 2023 3750 ubi
2051 3694 2302 3750 Christus
2334 3694 2388 3748 in
2421 3693 2663 3765 patibulo
2689 3692 2789 3749 fuit
2818 3708 3141 3764 suspensus,
3177 3702 3233 3749 ut
3266 3708 3368 3749 au-

1798 3776 1918 3822 ctor
1946 3766 2254 3827 confundit,
2283 3766 2376 3820 sed
2410 3765 2499 3818 ubi
2538 3765 2643 3818 lata
2679 3766 2873 3819 mortis
2913 3764 3200 3829 sententia,
3246 3765 3363 3818 irri-

1798 3838 1947 3891 sorie
1973 3852 2095 3891 eum
2124 3850 2362 3905 purpura
2388 3835 2706 3897 induerunt,
2732 3836 2931 3904 sceptri
2960 3837 3078 3890 loco
3101 3836 3368 3890 calamum

1798 3907 1851 3959 in
1885 3921 2048 3960 manu
2070 3906 2360 3968 dederunt,
2390 3914 2443 3960 et
2472 3914 2635 3974 caput
2656 3906 2832 3974 ipsius
2857 3905 3028 3973 spinis
3047 3915 3367 3959 coronatum

1838 3984 2211 4039 ercusserunt,
2247 3974 2437 4029 Matth.
2486 3973 2654 4046 xxv”,
2680 3973 2797 4046 ’50.;
2816 3973 3038 4046 Frustra
3083 3976 3248 4046 igitur
3273 3988 3365 4028 eos

1838 3991 2211 4039 ercusserunt,
2247 3991 2437 4029 mauu.
2486 3991 2654 4035 xxvu,
2696 3991 2782 4028 ou.
2816 3991 3038 4029 rrusua
3083 3991 3248 4046 Igitur
3273 3991 3365 4028 eos

1796 3991 2125 4114 ἓντίπυργον
2175 4046 2453 4108 εἰσϐάντες
2485 4045 2705 4113 πέτραν,
2750 4044 2995 4112 ejusdem
3028 4060 3092 4099 ac
3136 4045 3366 4114 ipsamel

1796 4063 1990 4097 αντιπυ
2031 4063 2125 4113 γον
2175 4063 2453 4108 εισοαντες
2485 4063 2705 4113 πετραν,
2750 4063 2995 4112 θμιδαθω
3028 4063 3092 4099 ac
3136 4063 3363 4114 Ipsanwl

1796 4129 1929 4169 crux
1960 4063 2257 4169 aftitudinis
2288 4123 2487 4183 petram
2538 4114 2958 4178 conscendentes,
3007 4114 3216 4168 inducit
3265 4128 3363 4165 au~

1799 4193 2033 4307 ctora'tltt
2061 4184 2134 4239 ita
2160 4192 2531 4255 percuterent,
2555 4184 2699 4253 quod
2724 4184 2792 4238 ab
2814 4184 2961 4238 omni
2984 4183 3361 4255 probabilitate

1799 4270 1915 4307 exc:
1961 4271 1974 4307 ι
2008 4297 2021 4307 .

1798 4256 2021 4310 excidit.

1865 4326 1963 4378 671
1990 4321 2333 4394 Οὐίσαφῶς,
2367 4330 2474 4394 etc.
2507 4321 2596 4377 Sic
2619 4320 2686 4375 ΙΙ.
2716 4337 2776 4377 ιι.
2808 4322 2952 4394 Edit.
2982 4322 3057 4387 ὡς
3089 4322 3294 4394 σαφῶς.

1865 4395 1970 4448 674
1996 4393 2105 4447 Καὶ
2128 4394 2328 4460 στέρν’
2361 4393 2646 4457 ἔτυπτον,
2682 4403 2787 4449 etc.
2833 4392 2901 4448 Ut
2932 4392 3199 4452 centurio.

1402 4575 1736 4636 METRICA
1764 4572 2062 4635 VERSIO.

97 4761 339 4832 Semper
374 4759 637 4823 futurum,
668 4762 814 4817 nulla
848 4779 1009 4832 quem
1043 4778 1190 4817 mors
1228 4764 1474 4829 tolleret,

90 4830 288 4902 Judaea
328 4846 493 4902 quem
528 4848 658 4899 gens
684 4834 784 4887 sibi
822 4830 1037 4902 putaret
1068 4833 1379 4888 vindicem?

167 4900 222 4954 Ν
229 4900 359 4954 unt.
383 4900 675 4971 Postquam
710 4900 843 4958 urbe
871 4904 1215 4976 Solymarum
1250 4905 1457 4972 relicta,
1478 4904 1545 5005 ‘in
1572 4903 1687 4958 edi-

1502 4985 1614 5028 tum

93 5039 319 5111 chere
356 5047 594 5094 stratum
629 5042 878 5111 plurimis
901 5044 1048 5099 saxis
1075 5045 1276 5108 locum,

91 5108 307 5181 Regem
344 5108 830 5181 trabentesimpiaa
858 5117 1030 5169 turbw
1058 5132 1238 5171 meum
1274 5134 1287 5167 ι

92 5180 304 5254 Statim
341 5189 563 5254 caterva
598 5180 758 5237 molis
798 5186 1030 5254 ingentis
1056 5200 1272 5240 crucem

85 5252 250 5324 ρωιο
273 5251 581 5305 minantem
613 5267 771 5323 egere
797 5251 1012 5310 sursum
1050 5258 1278 5324 pcrdite,

87 5320 270 5389 Egere
297 5336 549 5384 sursum,
590 5320 938 5381 et'sustulcre
963 5325 1027 5379 ad
1050 5320 1331 5381 ultimum.

84 5394 159 5443 At
192 5392 293 5445 ille
330 5392 542 5444 clarum
579 5403 764 5449 rcetus
792 5410 854 5450 os
888 5397 940 5449 in
965 5397 1166 5451 aethera

86 5462 186 5514 Est
209 5469 405 5521 actus,
432 5477 542 5515 uno
573 5470 628 5516 et
657 5465 827 5520 altero
854 5482 1004 5519 ramo
1032 5467 1245 5521 arboris

85 5529 365 5584 Dextram
395 5541 448 5584 et
476 5532 756 5589 sinistram
787 5545 1066 5601 extensus,
1095 5545 1148 5592 et
1177 5542 1314 5593 Iixus
1349 5553 1543 5592 manus

80 5601 279 5677 (Elaris
314 5603 812 5677 acutis,qparteque
842 5607 1025 5660 intima
1059 5609 1240 5677 pedes.

84 5670 181 5725 Sic
214 5688 359 5725 cum
396 5670 646 5728 cumtum
676 5670 855 5729 rerum
880 5670 1151 5747 potentem
1182 5680 1345 5733 altam
1377 5678 1429 5733 in
1463 5692 1679 5734 crucem

77 5810 165 5868 Illi
190 5812 585 5886 impulissent,
609 5830 769 5874 saxea
803 5817 942 5873 mole
966 5818 1165 5873 editum

1717 4771 1761 4827 Β
1791 4759 1994 4834 Locum
2018 4769 2374 4834 occupantes,
2402 4760 2493 4817 alii
2522 4774 2646 4817 eum
2681 4760 2794 4834 acri
2818 4759 3088 4815 arundine

1795 4830 1853 4903 in
1889 4848 1953 4888 os
1984 4830 2262 4903 petebant,
2292 4833 2385 4886 alii
2413 4841 2569 4887 aceto
2600 4833 2882 4903 spongiam

1791 4900 2013 4957 Plenam
2053 4904 2351 4959 oﬂ‘erebant
2376 4904 2498 4958 felle
2524 4900 2832 4965 commisto,
2868 4900 3089 4955 oblitam

1792 4971 2042 5051 [lyssopo
2077 4976 2130 5028 in
2165 4975 2313 5029 illius
2338 4974 2450 5051 siti.
2482 4974 2551 5025 At
2574 4986 2703 5025 vero
2725 4972 2840 5027 suis
3024 5039 3035 5051 .

1789 5040 1892 5107 Qui
1918 5040 2065 5097 facta
2092 5054 2301 5098 tantum
2338 5044 2570 5099 hausere
2597 5056 2898 5109 vocemque
2919 5040 3175 5105 auribus,

1786 5112 1974 5182 Neque
2013 5116 2245 5170 testibus
2269 5114 2445 5169 oculis
2474 5112 2723 5182 ﬁdelibus,
2750 5113 2895 5182 edita

1788 5180 1983 5255 Xidere
2015 5200 2206 5255 magna
2234 5185 2501 5253 miraque,
2530 5189 2693 5255 caput
2716 5180 2768 5233 bi
2806 5195 2965 5235 suum

1786 5252 2000 5309 Movere
2025 5252 2246 5319 frustra,
2268 5264 2321 5309 et
2353 5253 2649 5309 contuderc
2670 5261 2887 5320 pectora

1811 5340 1975 5390 gnara
2010 5328 2203 5380 crebro
2238 5324 2459 5378 verbere
2487 5330 2541 5377 et
2575 5323 2791 5390 planctu
2821 5324 3053 5376 eminus.

1788 5366 1943 5449 lfu'nc
1972 5366 2369 5465 egovs’eq'uebar
2405 5400 2465 5465 ut
2499 5366 2629 5446 mihi
2664 5391 2977 5465 Dominum,
3008 5391 3205 5447 sedens

1790 5464 1939 5533 Saltu
1976 5462 2027 5517 iii
2062 5462 2292 5530 virente,
2321 5480 2427 5533 qua
2453 5464 2607 5518 locus
2628 5478 2750 5518 sese
2772 5462 2955 5525 dabat,

1785 5532 2021 5587 Pedibus
2051 5534 2289 5603 quietus,
2324 5532 2521 5588 tacitus
2551 5540 2604 5587 et
2629 5534 2832 5602 lingua,
2860 5532 3044 5585 omnia

1788 5604 2046 5666 Servaus,
2085 5604 2403 5673 vidensque,
2430 5604 2580 5659 visus
2604 5618 2632 5656 a
2655 5604 2805 5657 nullo
2836 5612 3015 5657 tamen

1786 5673 1926 5744 Dira:
1958 5674 2199 5729 cohortis
2225 5674 2529 5744 impiwque.
2567 5674 2635 5727 At
2662 5682 2714 5728 te
2739 5673 2899 5727 simul

1787 5743 1907 5798 \éidi
1937 5751 1993 5796 ut
2022 5745 2275 5800 ﬂuentem
2307 5741 2593 5813 lacr'ymis,
2618 5752 2875 5804 stantem,
2913 5741 3059 5797 illico

1788 5814 1901 5871 lluc
1938 5817 2087 5885 veni,
2117 5826 2173 5870 ut
2201 5816 2292 5871 illa
2318 5815 2537 5887 indigna
2576 5830 2697 5887 qua:
2730 5827 3113 5886 cognoscerem
