3906 6514
95 376 178 470 335
1300 395 1651 453 cumsrus
1707 393 2023 451 PATIENS.
3204 382 3317 445 επ

94 528 151 588 οὗ
176 527 213 583 δ’
240 526 297 580 ἂν
325 516 544 592 κρατῆτε
584 506 785 587 δεσμὸν
809 514 1291 587 ἀμπλακημάτων,
1636 529 1683 584 Α
1715 514 1966 587 Ὄμμασί
1996 514 2043 566 θ’
2084 511 2216 573 οἵοις
2254 508 2487 564 ἁτενίσω
2521 496 2611 561 σδν
2644 505 2855 579 θρόνον,

92 618 277 691 Δεσμοῖς
297 610 494 671 ἀλύτοις
520 606 934 678 κεκρατημένος
967 609 1136 678 μενεῖ.
1732 606 2001 678 Ἑμαυτὸν
2032 604 2248 668 ἀνάξιον
2277 600 2518 668 ἐνδείξας
2544 599 2712 661 τάλας

145 689 337 764 Τοιῶνδε
369 698 575 769 δεσμῶν
609 697 820 752 ἀλύτων
854 714 943 769 με,
968 699 1267 766 παντάναξ,
1719 698 1891 752 Πύλου
1921 715 1979 751 τε
2035 697 2130 749 καὶ
2161 694 2285 765 γῆς,
2317 692 2417 763 σῆς
2448 708 2507 743 τε
2537 689 2930 760 δημιουργίας;

90 801 201 860 2550
236 799 285 850 Ὀ
309 789 627 862 δεσμολιέτης
654 790 814 853 αὐτὸς
842 790 926 853 ἂν,
954 791 1160 862 Σῶτερ,
1194 790 1375 858 λύσον,
1715 770 1871 847 2545.
1903 791 1967 843 '0
1994 786 2264 860 δυσμενὴς
2301 785 2544 855 ἥρπασε,
2576 780 2865 851 κατήγαγέν
2891 797 2957 850 με

90 892 177 958 Οἷς,
207 889 321 962 φεῦί
358 885 420 957 μὲ
452 882 745 952 κατέδησεν
780 883 1100 954 ἀπροσεξία.
1717 885 1813 947 Εἰς
1847 882 2060 953 βόθρον,
2094 882 2174 944 εἰς
2202 878 2496 949 τάρταρον,
2528 876 2608 939 εἰς
2635 873 2767 945 χάος
2802 872 2959 943 μέγα.

99 986 279 1057 Ἐχθρὸς
306 981 344 1033 δ’
373 982 398 1031 ὀ
428 976 626 1039 πλάνος
665 977 1001 1048 κατεϐάρννε
1040 975 1237 1046 φθόνῳ,
1718 973 1971 1046 Σφοδρῶς
1991 968 2188 1034 διώξας
2222 965 2489 1022 κατέλαϐέ
2520 965 2576 1035 μ’
2604 967 2631 1018 ὁ
2659 962 2881 1027 πλάνος,

94 1079 234 1149 Ὁρῶν
262 1092 319 1146 με
343 1070 441 1125 τῶν
473 1072 602 1141 πρὶν
630 1068 841 1122 άλύτων
871 1069 1163 1139 λελυμένον
1718 1066 1877 1120 Ὄλον
1903 1082 1969 1136 με
1997 1063 2347 1117 κατέπτωσεν
2371 1062 2449 1123 εἰς
2487 1058 2614 1131 ᾆδον
2644 1057 2825 1126 ζόφον.

85 1176 147 1244 Τῇ
174 1170 291 1242 πρὸς
317 1166 370 1219 σὲ
397 1163 595 1227 πίστει,
631 1162 811 1234 δωρεᾷ
844 1162 1147 1233 φιλαγάθῳ.
1719 1159 1896 1225 Ἔλεε,
1933 1157 2055 1224 Θεὲ,
2082 1155 2215 1225 νέμε
2242 1155 2393 1227 χέρε,
2425 1153 2559 1224 φέρε
2586 1169 2675 1223 με,

80 1236 377 1333 Χαῖρ’,
405 1256 591 1320 ἐσθλὸς
622 1255 810 1308 ἐσθλοῦ
862 1257 988 1317 Παῖ,
1025 1252 1254 1309 Βασιλεῦ
1313 1254 1612 1320 παντάναξ,
1714 1252 1858 1307 2550
1888 1251 1997 1305 Καὶ
2030 1249 2108 1321 μή
2144 1247 2199 1318 μ’
2230 1247 2397 1319 ἐάσῃς
2430 1247 2621 1315 χάρμα
2645 1242 2722 1313 τῷ
2757 1236 3116 1313 βροτοκτόνῳ.

83 1364 165 1415 Τὸν
186 1356 459 1430 ἀρχέκακον
488 1349 886 1418 καταπατήσας
919 1348 1059 1417 ὅφιν,
1714 1346 1815 1398 Σόν
1843 1346 1957 1410 εἰμι
1989 1341 2234 1411 πλάσμα,
2272 1338 2335 1391 σύ
2366 1354 2434 1408 με
2460 1336 2751 1430 παίδευσον
2785 1333 2964 1405 μόνος,

82 1425 303 1522 Ἐσχατον
333 1442 534 1517 ἐχθρῶν
565 1441 856 1495 καὸὀαλών
884 1458 940 1494 τε
972 1441 1063 1493 τὸν
1096 1442 1301 1513 πότμον
1323 1457 1338 1472 ’
1714 1436 1826 1489 Καὶ
1859 1434 2060 1505 πλῆξον
2088 1431 2249 1493 αὐτὸς
2284 1427 2598 1522 φιλαγάθως
2632 1425 2843 1522 ἐνθάδε,

79 1518 245 1613 υἷςλιή
274 1537 323 1611 μ’
351 1536 513 1608 ἐάσῃς
541 1532 891 1605 κυριευθῆναι
930 1533 1112 1597 πάλιν,
1713 1528 1825 1581 Καὶ
1863 1526 1938 1597 μὴ
1966 1524 2160 1595 γεέννῃ
2186 1519 2660 1594 παραπεμφθῆναι
2693 1518 2876 1590 λίπῃς.

80 1634 233 1698 Ἀναξν
260 1628 413 1693 Ἀναξ
438 1626 650 1695 ἄφθιτεν
680 1626 744 1679 σὺ
766 1625 899 1690 Θεὸς
933 1626 1113 1697 μόνος.
1725 1623 1927 1686 Ῥύσιε,
1959 1620 2295 1693 λισσόμεσθά
2334 1618 2401 1682 α’,
2431 1616 2796 1687 ἠδικήσαμεν,

74 1728 188 1783 ἳῖιιθ
217 1725 407 1797 Κριτής
427 1739 484 1775 τε
515 1719 832 1782 πανένδικος
859 1718 998 1793 ἔρχῃ
1028 1736 1093 1790 με
1124 1718 1345 1789 κρίνων.
1711 1716 1852 1772 9555
1890 1716 2001 1774 Καὶ
2035 1713 2215 1784 σῶμα,
2248 1712 2343 1764 καὶ
2365 1710 2510 1781 ψυχή
2540 1724 2599 1760 τε
2661 1705 2756 1758 καὶ
2781 1702 2903 1765 νοῦς
2928 1700 3153 1764 ἀθλίως.

70 1821 173 1883 Πῶς
195 1817 309 1887 γοῦν
340 1813 445 1883 ἐγώ
476 1832 536 1867 σε
573 1814 650 1886 τῷ
688 1813 797 1866 τότ’
834 1812 1079 1884 ἀθρήσω,
1114 1812 1286 1881 Λόγες
1725 1806 2078 1880 Ἦμάρτομέν
2114 1822 2217 1871 σοι,
2251 1802 2421 1857 πολλά
2449 1802 2494 1855 τ’
2518 1798 2897 1870 ηνομήσαμεν.

525 1966 699 2037 Cujus
725 1975 908 2021 autem
948 1976 1299 2035 peccatorum
1332 1981 1506 2020 nexus
1535 1965 1899 2028 retinueritis,

519 2039 912 2094 lnsolubilibus
942 2038 1179 2092 nexibus
1206 2037 1513 2090 remanebit
1545 2042 1825 2092 astrictus.

590 2108 687 2163 His
715 2120 895 2164 autem
918 2109 1157 2163 vinculis
1184 2108 1598 2170 insolubilibus,
1632 2108 1878 2161 omnium
1910 2104 2050 2167 Rex,

517 2180 659 2235 2550
697 2180 801 2247 Qui
836 2194 1013 2234 nexus
1046 2178 1166 2248 ipse
1194 2178 1449 2241 solveris,
1480 2194 1514 2232 o
1549 2179 1826 2241 Salvator,
1862 2193 1947 2232 me
1982 2176 2171 2238 libera,

518 2251 752 2317 Quibus,
776 2251 914 2306 eheu
940 2252 952 2303 !
998 2265 1084 2303 me
1112 2250 1449 2304 constrinxit
1480 2250 1761 2320 segnities.

520 2322 706 2378 Hostis
729 2323 989 2379 seductor
1017 2320 1223 2376 invidia
1252 2322 1553 2390 oppressit,

515 2392 764 2449 Cernens
787 2408 874 2448 me
899 2392 1136 2448 vinculis
1160 2399 1320 2445 antea
1366 2391 1761 2446 insolubilibus
1787 2390 2022 2445 liberum

517 2463 623 2518 Per
646 2465 807 2519 ﬁdem
844 2464 897 2518 in
930 2470 1005 2523 te,
1030 2471 1085 2517 et
1112 2472 1206 2517 tua
1240 2462 1756 2532 munitieentissima
1788 2462 2143 2532 benignitate.

515 2536 660 2591 9535
693 2534 877 2600 Salve,
908 2549 942 2588 ο
968 2535 1173 2603 optime
1202 2534 1401 2603 optimi
1429 2531 1555 2599 Fili,
1588 2534 1701 2588 Rex
1745 2531 2023 2603 supreme,

515 2604 620 2672 Qui
655 2607 784 2659 mali
820 2607 1123 2675 principem
1154 2604 1495 2659 conculcasti
1530 2613 1864 2675 serpentem,

518 2677 585 2729 Et
614 2678 977 2731 novissimum
1013 2677 1225 2732 hostem
1257 2686 1487 2731 mortem
1513 2675 1793 2731 evertisti:

514 2747 728 2814 Quibus
752 2765 821 2803 ne
845 2749 1046 2803 iterum
1082 2762 1170 2802 me
1198 2747 1435 2817 Opprimi
1464 2746 1640 2811 sinas,

515 2819 652 2879 Rex,
676 2819 787 2874 Rex
808 2818 1158 2881 immortalis,
1188 2826 1246 2872 tu
1271 2817 1416 2872 Deus
1446 2818 1630 2879 unice,

518 2889 662 2943 2540
696 2891 801 2955 Qui
834 2888 1079 2959 et-judex
1102 2893 1327 2947 omnino
1352 2903 1563 2957 aequus,
1594 2889 1780 2959 venies
1810 2903 1895 2942 me
1917 2888 2290 2955 judicaturus.

514 2960 803 3026 Quomodo
837 2958 1004 3031 igitur
1044 2968 1096 3013 te
1120 2976 1268 3016 nunc
1291 2960 1568 3023 intuebar,
1600 2974 1635 3014 o
1666 2958 1941 3014 Verbum?

512 3034 667 3111 Quos
698 3032 890 3111 oculos
922 3032 976 3085 in
999 3031 1737 3111 tuumnthronumdeligam,

514 3103 622 3169 Qui
657 3103 1043 3173 memetipsum
1080 3102 1364 3173 indignum
1388 3101 1613 3156 exhibui
1648 3103 1819 3157 miser

515 3172 895 3244 leo,iterra,
915 3183 1118 3242 tuaque
1148 3172 1539 3244 providentia?

515 3244 661 3300 2545
695 3243 946 3301 lnfensus
970 3245 1146 3299 hostis
1175 3260 1261 3299 me
1289 3244 1491 3313 rapuit,
1519 3243 1863 3311 detrusitque

516 3315 578 3369 In
609 3314 846 3380 foveam,
874 3316 930 3370 in
958 3323 1248 3377 tartarum,
1279 3316 1331 3369 in
1357 3314 1528 3371 chaos
1551 3316 1906 3369 immensum.

516 3387 737 3458 Acriter
768 3402 1111 3458 persequens
1144 3388 1524 3458 seductorime
1556 3385 1849 3458 corripuit,

522 3452 986 3529 1352-1353
1018 3456 1082 3512 Et
1113 3472 1198 3512 me
1223 3465 1396 3511 totum
1419 3456 1471 3509 in
1496 3452 1751 3512 tenebras
1776 3452 1974 3509 inferni
2008 3452 2292 3509 demersit.

518 3530 798 3593 Miserere,
837 3533 1000 3593 Deus,
1042 3529 1220 3597 praebe
1251 3543 1472 3587 manus,
1496 3536 1550 3581 et
1576 3535 1964 3597 sustentaime.

515 3600 661 3654 2550
696 3598 883 3670 Neque
916 3615 1003 3653 me
1038 3594 1318 3655 hominum
1351 3598 1688 3670 interfectori
1722 3596 2016 3670 ludibrium
2059 3594 2213 3649 sinas
2249 3612 2263 3644 :

520 3671 655 3723 Sum
685 3668 838 3725 tuum
875 3670 1217 3740 ﬁgmentum.
1245 3678 1304 3723 tu
1337 3684 1422 3723 me
1450 3669 1603 3722 solus
1630 3668 1939 3737 corripias;

521 3740 591 3812 Et
620 3740 706 3795 hic
738 3752 905 3796 metu
942 3742 1061 3810 ipse
1096 3742 1325 3812 benigne
1352 3741 1654 3812 percutias,

520 3810 709 3880 Neque
738 3828 821 3866 me
850 3812 916 3865 ad
958 3810 1261 3881 gehennam
1290 3810 1428 3865 mitti
1454 3810 1759 3881 permittas.

518 3881 569 3935 Ο
601 3879 1046 3952 Βθόθτηριοτξῑο
1079 3879 1469 3952 deprecamur;
1504 3882 1690 3950 inique
1723 3879 1957 3952 egimus,

518 3953 667 4023 (ξδὸῦ
703 3952 764 4005 Ει
794 3950 1045 4023 corpore,
1078 3961 1132 4007 et
1158 3950 1457 4023 inente,et
1488 3954 1673 4023 animo
1703 3950 2021 4023 infeliciter.

520 4021 881 4080 Peccavimus
899 4021 1033 4088 tibi,
1064 4033 1118 4080 et
1149 4025 1200 4077 iu
1227 4022 1477 4094 pluribus
1504 4034 1554 4078 te
1576 4021 1925 4076 oﬂendimus.

81 4200 208 4256 2529
227 4202 489 4258 Τοιῶνδε
507 4202 772 4273 δεσμῶν,
795 4212 901 4259 etc.
932 4203 1125 4258 Votum
1158 4212 1348 4274 poetae,
1388 4212 1442 4259 et
1469 4219 1604 4258 con-

1772 4202 1915 4260 2554
1968 4201 2185 4274 ῘΡύσιε.
2228 4202 2627 4274 λισσόμεσθά,
2674 4208 2781 4258 etc.
2826 4200 2905 4257 Ita
2941 4201 3053 4261 fere
3100 4202 3300 4262 Bacch.

51 4271 173 4344 lusio
196 4276 400 4343 operis.
622 4271 634 4273 ⁷
1158 4271 1174 4274 “
1708 4288 1855 4328 vers.
1890 4272 2028 4327 1542
2057 4272 2296 4344 Cadmus
2329 4271 2650 4344 Dicuysium
2687 4275 3058 4343 deprecatur:

79 4342 206 4417 2535
220 4342 408 4415 Χαῖρ’,
433 4347 688 4413 ἐσθλός,
712 4354 818 4402 etc.
843 4346 919 4401 ita
948 4362 1111 4417 supra
1139 4361 1281 4402 vers.
1298 4344 1599 4411 2095,etc.,

1377 4344 1599 4411 95,etc.,
1815 4344 2059 4417 ᾼιόννσε,
2088 4343 2429 4417 λισσρμεσθά
2448 4342 2525 4417 α’,
2555 4342 2919 4415 ἠδικήκαμεν.

51 4413 232 4469 tb’hes.
270 4413 418 4473 vers.
460 4417 596 4474 589.
1016 4413 1031 4417 “
1816 4415 2040 4481 Bacche,
2071 4413 2328 4484 supplices
2362 4415 2458 4470 tibi
2497 4413 2715 4483 sumus,
2738 4413 3085 4484 peccavimus.

1326 4532 1664 4593 METRICA
1689 4531 1989 4593 VERSIO.

49 4653 153 4711 'unc
180 4665 261 4712 est
292 4656 537 4713 futurus
565 4675 577 4709 :
605 4656 764 4725 cujus
797 4664 977 4713 autem
1011 4657 1229 4712 vincula
1633 4666 1677 4721 Β
1706 4656 1960 4713 intuear?
2016 4655 2207 4711 oculos
2260 4670 2400 4726 quos
2452 4663 2609 4712 tuum
2658 4658 2713 4715 in
2771 4661 3029 4718 thronum
3071 4664 3179 4717 eri-

50 4730 255 4806 ‘remetis
288 4737 455 4806 arcta
479 4728 813 4806 _criminum,
845 4728 987 4806 idem
1024 4729 1259 4785 vinculis
1715 4798 1744 4806 _
1796 4799 1807 4806 _
2038 4798 2051 4806 _
2155 4805 2160 4806 γ
2590 4799 2627 4806 __
2989 4731 3156 4806 [gam,

59 4798 264 4873 strictus
288 4802 409 4873 erit
423 4800 554 4873 his,
584 4815 705 4868 qua:
728 4800 928 4853 resolvi
959 4815 1067 4873 non
1108 4808 1331 4869 queant.
1707 4798 1811 4873 Qui
1841 4813 1928 4873 me
1960 4798 2113 4873 polo,
2149 4805 2407 4873 terraque
2434 4814 2545 4873 non
2574 4799 2824 4873 dignum,
2854 4811 2909 4860 et
2934 4798 3027 4859 tua

80 4866 268 4941 Vinclis
290 4871 364 4925 ab
400 4870 539 4941 illis_
560 4866 681 4939 qua:
710 4885 871 4924 manu
900 4871 1046 4924 nulla
1079 4866 1283 4939 queant
1705 4871 1876 4941 Miser
1903 4869 2109 4941 fabrica
2146 4866 2390 4939 prodidi?
2427 4871 2522 4926 Ille
2561 4866 2806 4941 perditus

52 4940 167 5012 alvi.
196 4956 467 5010 supreme
502 4939 648 5002 Rex,
691 4941 843 4995 salus
879 4949 1030 5012 certa
1069 4944 1335 5009 omnium,
1710 4940 1965 5012 infensus
1998 4939 2173 4995 hostis
2203 4956 2290 4995 me
2321 4939 2656 5012 profundum
2698 4945 2754 4998 in
2783 4951 3050 5000 tartarum

54 5008 341 5087 uivineula
376 5012 910 5087 ipse_solveris,_me
943 5010 1159 5087 libera,‘
1205 5084 1215 5087 _
1304 5008 1327 5087 _'
1710 5010 2060 5087 Foveamque
2088 5012 2261 5087 misit,
2298 5008 2352 5067 et
2385 5013 2553 5067 chaos
2582 5021 2797 5087 vastum
2816 5033 2843 5087 _:
2876 5016 3158 5087 improbus
3242 5008 3250 5015 ’

54 5081 191 5137 uibus
217 5097 339 5138 mea
370 5082 722 5154 negligentia
752 5083 1036 5154 miserum,
1070 5098 1103 5135 o
1131 5084 1315 5138 dolorl
1711 5080 1981 5154 impostor
2010 5082 2102 5136 ubi
2134 5098 2219 5137 me
2250 5090 2445 5138 nactus
2468 5092 2576 5150 est,
2608 5087 2690 5139 sic
2712 5084 2917 5154 iugiter

54 5155 233 5225 nexuit
264 5170 355 5225 me
387 5172 400 5207 :
436 5152 683 5207 callidus
714 5168 848 5206 vero
877 5153 1127 5209 invidens
1710 5152 1807 5225 Est
1830 5161 2176 5225 persecutus,
2204 5162 2264 5207 ut
2294 5169 2381 5209 me
2411 5156 2465 5207 in
2492 5155 2612 5225 orci
2639 5152 2897 5225 pallidam

54 5221 253 5277 adut-tor
284 5224 523 5293 impulit
558 5226 722 5277 altius
752 5239 857 5289 me,
893 5240 1120 5279 munere
1710 5221 1903 5281 Sedem
1936 5224 2202 5291 tenebris,
2235 5224 2599 5293 improvidum
2624 5221 2893 5281 merserit.

61 5310 104 5345 l0
137 5295 399 5369 benigno,
434 5311 549 5363 per
591 5294 748 5369 ﬁdem
785 5297 840 5369 in
871 5296 1274 5369 temaximam,
1710 5295 1968 5369 Miserere
2000 5296 2129 5359 mei,
2162 5311 2194 5349 ο
2224 5293 2386 5369 Deus,
2416 5310 2611 5369 manus
2634 5312 2790 5368 cape,
2825 5305 2879 5353 et
2912 5313 3081 5369 rege:

56 5378 88 5415 ιε
112 5380 231 5438 cum
258 5366 489 5438 videret
532 5374 663 5420 ante
698 5366 869 5438 firmis
902 5366 1154 5438 liberum.
1277 5436 1284 5438 _
1709 5367 2029 5421 Ludibrium
2062 5381 2147 5420 me
2173 5381 2278 5419 non
2303 5368 2421 5421 sine
2451 5366 2732 5422 horninum
2766 5366 3035 5438 pestibus.

55 5438 163 5498 live,
196 5437 421 5515 bone__o
455 5435 608 5515 Rex,
647 5445 763 5515 sate
792 5437 956 5515 bono,
990 5434 1107 5515 Rex
1140 5436 1324 5515 omnia
1708 5438 2054 5515 figmentum
2088 5452 2189 5506 ego
2219 5447 2371 5515 tuum
2411 5452 2625 5515 sumta
2657 5434 2823 5507 Deus,
2858 5448 2913 5494 tu
2959 5456 3045 5496 me
3074 5457 3295 5515 quoque

56 5520 215 5573 agens,
247 5509 383 5561 mali
416 5509 616 5562 omnis
647 5508 825 5576 rapite
851 5509 1064 5562 calcato
1096 5508 1281 5563 invido
1326 5530 1335 5543 ι
1706 5506 1911 5562 Ριιίιὶιο
1938 5508 2112 5571 solus,
2145 5516 2202 5560 tu
2236 5506 2334 5562 feri
2361 5522 2448 5562 me
2480 5508 2674 5563 leniter

56 5588 267 5651 rrpente,
303 5589 569 5651 mortem
604 5578 699 5648 qui
728 5578 971 5651 hostium
1000 5594 1271 5633 summam
1301 5577 1598 5649 opprimis:
1711 5579 2014 5651 viventem,
2047 5578 2262 5651 ethinc
2302 5592 2388 5651 me
2420 5593 2489 5633 ne
2526 5579 2757 5651 relegari
2792 5582 2943 5638 sinas

58 5663 67 5698 ε
97 5664 176 5725 me
202 5648 344 5725 jugg
389 5646 837 5725 ho_rum_'rursus
866 5649 1301 5725 indignospremi
1376 5646 1392 5649 “
1706 5650 1997 5725 @ternum
2020 5649 2090 5725 ad
2118 5650 2315 5718 ignem.
2344 5646 2441 5713 Te,
2482 5664 2516 5703 ο
2542 5646 2892 5724 Redemptor,
2922 5656 3221 5725 poscimus,

58 5717 412 5785 armittefTu,
454 5720 584 5775 Rex
613 5721 843 5790 integer,
869 5717 982 5774 Rex
1016 5729 1071 5775 et
1102 5717 1245 5776 Deus
1707 5720 1932 5791 Egimus
1958 5717 2164 5791 inique,
2194 5726 2397 5791 mente,
2424 5735 2675 5791 corpore,
2703 5717 2766 5778 et'
2783 5717 2997 5791 auim'o;

58 5791 239 5845 ISOIUS
274 5790 637 5864 aaquus_l_tuc
665 5793 771 5846 mei
794 5791 961 5860 judex
991 5792 1167 5864 venis.
1707 5790 2107 5864 Gravissimum
2142 5790 2292 5864 istud
2317 5790 2463 5864 quod
2493 5793 2594 5864 tibi
2622 5790 2993 5864 peccavimus,

75 5859 370 5932 Quomodo,
420 5878 458 5917 ο
495 5860 766 5931 Verbum,
799 5859 851 5916 te
879 5876 979 5933 ego
1011 5862 1103 5918 illo
1146 5873 1388 5925 tempore
1710 5861 1866 5930 Quod
1898 5861 2096 5931 saepius
2135 5876 2236 5917 nos
2262 5859 2405 5918 devii
2436 5870 2489 5920 te
2517 5859 2867 5920 oﬂ'endimus.
