3906 6510
150 342 235 402 π]
1129 334 1222 388 AD
1267 332 1578 387 CARMINA
1618 334 1677 390 S.
1720 333 2048 391 GREGORII
2089 331 2337 389 THEOL.

217 452 393 520 Γαύτην
413 447 638 518 δῖΣωτὴρ
674 446 731 501 ὲῖδ
760 430 1235 519 Εύαγγελίοιςτὴν
1265 450 1577 522 παραϐολὴν
1606 450 1680 504 εί-
1712 432 1751 451 Δ“”

154 562 305 623 ρηκεν,
330 542 407 594 ὅτι
426 540 680 603 πλούσιός
702 557 783 603 τις
812 536 878 610 ἦν
906 540 1193 613 πορφύραν
1216 542 1679 613 ὲνδιδυσκόμενος,

150 636 223 691 καὶ
252 628 355 686 καθ’
393 628 606 698 ἡμέραν
638 628 1092 699 εὐφραινόμενος·
1138 629 1330 683 τούτου
1365 630 1420 684 δὲ
1450 632 1682 704 προσέρο

151 730 283 800 prmo
325 721 441 780 ταῖς
497 718 694 781 πύλαις
749 720 963 789 πτωχός
1013 737 1098 783 τις
1142 720 1391 793 Λάζαρος
1446 722 1682 793 τοῦνομα

148 810 420 887 ἡλκωμένος
459 812 523 878 τῇ
559 809 804 880 πτωχείᾳ
830 827 843 839 ·
886 810 965 880 τῷ
1000 810 1132 879 γοῦν
1162 811 1402 883 πλουσίῳ
1433 814 1682 885 διακεχυο

149 908 265 978 μένῳ
298 903 465 969 τρυε,ςῇ
516 917 573 952 τε
624 901 719 952 καὶ
764 902 883 961 ταῖς
936 901 1078 953 κατὰ
1117 902 1208 954 τὸν
1256 902 1370 971 βίον
1401 903 1681 973 εύθηνίαις

146 992 399 1063 εὖροοῦντι,
424 989 641 1060 φροντὶς
657 989 774 1041 ούδε
783 990 879 1057 μία
902 989 995 1041 τοῦ
1022 991 1249 1062 πένητος
1271 988 1360 1063 ἦν’
1387 994 1480 1045 καὶ
1508 993 1680 1046 ταῦτα

142 1079 354 1155 χαλεπῶς
376 1079 502 1149 περὶ
528 1078 589 1130 τὸ
615 1079 771 1148 σῶμα
793 1079 1136 1150 διακειμένου
1160 1083 1253 1135 καὶ
1277 1082 1385 1135 τῶν
1412 1084 1509 1153 τῆς
1538 1083 1683 1136 ἐκεί*

142 1192 216 1229 νου
251 1170 517 1245 τραπέζης
560 1171 1011 1240 περιττευμάτων
1054 1173 1403 1243 ἐντετηκότος
1429 1191 1444 1206 ο
1480 1176 1539 1227 ού
1574 1175 1680 1247 μὴν

137 1264 251 1322 ἀλλὰ
294 1262 379 1315 καὶ
424 1262 549 1324 τοὺς
595 1260 761 1324 κύνας
798 1262 1015 1331 λέγεται
1051 1263 1143 1316 τοῦ
1184 1264 1437 1318 πλουσίου
1482 1266 1550 1318 τὰ
1584 1266 1678 1319 τοῦ

141 1353 323 1425 πτωχοῦ
366 1352 657 1423 τραύματα
707 1352 1071 1424 καταλείχειν,
1123 1357 1439 1428 προσθήκην
1482 1357 1679 1425 ἄλγους

136 1443 466 1516 ἐμποιοῦντας
495 1444 573 1515 τῷ
605 1444 876 1516 μηδεμιᾶς
898 1445 1189 1517 θεραπείας
1214 1449 1318 1501 ὑπὸ
1341 1449 1449 1502 τῶν
1475 1450 1679 1520 κυρίων

135 1536 287 1592 αὐτῶν
317 1534 628 1607 ἡξιωμένῳ·
661 1536 831 1609 ταύτῃ
882 1538 973 1591 τὸν
1022 1538 1273 1592 πλούσιον
1306 1540 1529 1611 ἀπηνῶς
1565 1541 1680 1595 δια-

130 1630 371 1698 κείμενον,
405 1628 739 1699 εὐχαρίστως
759 1630 816 1683 δὲ
850 1629 939 1682 τὸν
970 1630 1173 1700 πένητα
1198 1630 1674 1703 διακαρτεροῦντα,

130 1720 443 1789 ἀμφοτέρους
478 1719 911 1795 άναρπασθῆναι,
948 1721 1042 1773 καὶ
1081 1721 1215 1791 πρὸς
1244 1721 1336 1773 τὸν
1368 1722 1675 1792 ὡρισμένον

127 1810 433 1879 καταστῆναι
470 1810 634 1863 τόπον
652 1850 666 1873 ,
691 1810 810 1862 ὅθεν
832 1810 923 1863 τὸν
945 1811 1197 1864 πλούσιον
1232 1815 1470 1881 κατεῖχε·
1502 1813 1592 1864 τὸν
1620 1812 1676 1865 δὲ

128 1902 301 1973 μικρὸν
318 1900 686 1954 άνανεύσαντα
707 1900 837 1973 (πῦρ
858 1902 914 1955 δὲ
929 1897 997 1973 ἦν
1015 1903 1333 1973 ὑποσμῆχον
1361 1905 1449 1957 καὶ
1464 1904 1678 1974 σκώληξ

123 1993 428 2064 πικρότατος
444 1991 890 2064 διερεθίζων),τδν
908 1993 1115 2065 πένητα
1126 1994 1371 2067 Λάζαρον
1385 1994 1677 2049 θεάσασθαι

120 2084 315 2152 λέγεται
341 2085 753 2153 πατριαρχικοίς
789 2082 1035 2147 πλατέως
1074 2085 1532 2155 ὲπικαθεζόμενον
1555 2088 1677 2139 κόλ-

121 2191 245 2237 ποις,
271 2172 487 2236 πολλαῖς
516 2190 573 2225 τε
590 2173 936 2243 δορυφορίαις
956 2176 1271 2247 παρακαλοῦ
1280 2194 1437 2247 μενον
1457 2195 1471 2208 ·
1498 2180 1677 2249 φωνῆ-

118 2267 196 2321 mi
209 2283 262 2319 τε
277 2265 365 2318 τὸν
380 2266 679 2337 δορυφόρον
708 2265 975 2337 Ἀϐραὰμ,
1000 2269 1207 2321 ἐκεῖνον
1219 2268 1367 2340 αύτῷ
1380 2269 1470 2323 τὸν
1488 2272 1678 2342 πρώην

117 2359 528 2427 παρεωραμένον
559 2356 806 2429 Λάζαρον
825 2358 1144 2413 ἀποστεῖλαι
1166 2361 1398 2431 ρανίδος,
1428 2361 1568 2415 ὥστε
1598 2361 1677 2433 τῷ

114 2446 424 2518 σμυχομένῳ
446 2448 666 2519 δίυγρόν
685 2466 735 2501 τι
760 2448 939 2519 μικρῷ
954 2448 1205 2522 δακτύλῳ
1226 2453 1674 2521 προσεπιστάξαι·

112 2539 191 2591 τὸν
241 2537 296 2590 δὲ
353 2538 703 2610 πατριάρχην
748 2538 821 2609 μὴ
878 2538 1100 2594 δυνατὸν
1144 2536 1285 2595 εἶναι
1330 2544 1466 2615 πρὸς
1518 2543 1676 2612 λόγον

108 2628 563 2700 ἀπαμειϐόμενον,
590 2629 684 2683 τοῦ
721 2630 947 2697 πένθους
975 2632 1124 2703 αύτῷ
1148 2633 1245 2703 τῆς
1273 2634 1676 2707 ἀπροσδοκήτου

111 2720 394 2790 σωτηρίας,
426 2719 822 2793 περισσότερον
845 2722 1009 2792 ἄλγος
1040 2722 1141 2794 τῆς
1177 2724 1412 2794 βασάνου
1443 2743 1679 2797 προσκα-

102 2812 359 2881 ταστῆσαι
381 2828 396 2842 ·
433 2813 530 2866 καὶ
549 2812 736 2884 χάσμα
754 2812 811 2867 δὲ
846 2815 972 2882 περὶ
1001 2814 1197 2878 αὐτοὺς
1228 2816 1482 2886 μέγιστον
1514 2818 1678 2889 ήδρᾶ-

105 2904 219 2957 σθαί
250 2922 405 2976 φησι,
435 2905 549 2957 τῶν
581 2905 745 2975 ὁρίων
769 2908 953 2970 αύτοῖς
984 2906 1321 2961 άδιεκϐάτων
1355 2908 1546 2975 ὄντων,
1582 2910 1678 2964 καὶ

97 2996 307 3051 ἀϐάτων
351 2997 498 3068 πρὸς
554 2998 816 3069 ἀλλήλους
864 2999 1301 3070 καθεστηκότων,
1354 3000 1531 3071 πέρας
1570 2997 1673 3056 ὧδε

98 3086 188 3153 τῆς
239 3087 448 3150 κακίας
501 3087 957 3159 ἐπεστρραγίσθαι,
1003 3091 1114 3153 τοῖς
1159 3084 1270 3155 οἷος
1319 3092 1524 3158 ἐκεῖνος
1568 3094 1671 3148 ἀπ-

90 3176 236 3245 ηνέσι
263 3176 772 3249 διαϐεϐαιούμενος
815 3179 1065 3235 πλούσιον
1093 3183 1151 3234 ὲν
1181 3182 1376 3237 πάθεσί
1407 3201 1560 3256 φησι,
1583 3186 1675 3241 τὸν

3255 320 3363 382 358

1784 453 2009 515 πολλαῖς
2054 450 2431 522 ὲμφυρόμενον
2485 446 2817 518 ἁμαρτίαις·
2870 444 3117 515 Λάςαρον
3165 441 3223 495 δὲ
3272 441 3366 495 τὸν

1784 544 1966 605 ἐλέους
1986 540 2517 612 ἠξιωμένονορανίδα,
2541 539 2634 591 τὸν
2664 538 2806 590 θεῖον
2827 534 3171 607 ὑποληπτέον
3202 532 3367 600 λόγον

1783 634 1901 693 ταῖς
1945 630 2262 699 καιομέναις
2296 627 2490 680 πάθεσι
2537 627 2753 697 ψυχαῖς,
2804 626 2909 678 ὑπὸ
2940 624 3049 678 τῶν
3088 621 3364 691 θεοφόρων

1788 722 2148 791 σταζὸμενον·
2206 721 2395 790 χάσμα
2419 719 2475 771 δὲ
2507 718 2607 788 τὴν
2661 716 2997 786 ἀμετάθετον
3048 716 3114 767 ὲκ
3164 711 3363 773 κακίας

1787 815 2083 887 ρᾳθυμίαν,
2111 814 2177 884 ἢν
2202 812 2426 881 συνέκδη
2436 829 2533 881 μον
2557 810 2798 863 λαϐοῦσα
2826 810 2859 879 ή
2886 806 3155 861 παναθλία
3188 804 3360 875 ψυχὴ,

1782 906 2021 974 χάσματι
2050 905 2143 957 καὶ
2184 903 2317 973 πυρὶ
2349 899 2689 971 βυθισθῆναι,
2724 897 2995 968 σωτηρίας
3033 893 3225 946 ἐλπίδα
3255 909 3361 963 μη-

1784 995 1900 1047 κέτι
1925 993 2254 1063 κεκτημένη·
2286 990 2474 1044 κόλποι
2504 988 2559 1041 δὲ
2588 987 2936 1057 νοηθήσονται
2964 982 3056 1035 τοῦ
3085 981 3355 1052 Ἁϐραάμ,

1782 1085 1974 1138 αἰτῶν
2008 1085 2178 1152 ἁγίων
2211 1080 2512 1151 διατριϐαί·
2552 1079 2726 1148 τούτῳ
2766 1078 2875 1146 γὰρ
2913 1074 3008 1146 τὴν
3052 1074 3149 1142 τῆς
3188 1074 3358 1138 ἐπαγ-

1779 1177 1967 1245 γελίας
1996 1176 2259 1244 ὑπέσχετο
2300 1174 2401 1243 γῆν
2438 1174 2466 1225 ὁ
2508 1171 2672 1235 Θεὸς,
2716 1165 2783 1242 ἦς
2822 1167 2963 1236 γάλα
3012 1165 3106 1218 καὶ
3137 1163 3257 1233 μέλι
3279 1162 3358 1214 δι-

1780 1264 1981 1336 εκρέει·
2011 1264 2142 1325 Θεὸς
2165 1262 2305 1323 θεοῖς
2324 1258 2727 1327 συγγινόμενος,
2759 1255 2851 1308 καὶ
2877 1251 3013 1323 πρὸς
3046 1247 3221 1302 αὐτῶν
3258 1247 3355 1299 ἀν·-

1780 1354 2114 1426 υμνούμενος
2157 1352 2456 1421 ἀσιγήτως,
2514 1347 2758 1409 πλατέως
2800 1362 2858 1397 τε
2906 1342 3000 1396 καὶ
3039 1336 3359 1409 ἀπεράντως

1781 1443 2028 1512 θεολογού
2037 1459 2213 1513 μενος.

1780 1538 1884 1593 584
1913 1536 2080 1601 Εὶπὲ,
2115 1535 2215 1589 καὶ
2250 1533 2621 1604 αἱματόεσσα
2641 1530 2825 1599 ῥύσις
2851 1526 3055 1593 λήξειε
3076 1522 3354 1591 τάχιστα.

1852 1641 1972 1694 Τῶν
2012 1642 2070 1693 ὲν
2111 1642 2223 1702 τοῖς
2254 1636 2610 1705 Εὑαγγελίοις
2653 1632 2944 1703 θαυμάτων
2994 1627 3357 1695 ἁναγωγικῶς

1784 1731 2129 1803 μεμνημένος
2150 1771 2164 1795 ,
2195 1728 2331 1799 πρὸς
2358 1726 2593 1798 Χριστὸν
2622 1724 2782 1778 αὐτὸν
2813 1721 3117 1789 διαλέγεται
3138 1736 3151 1750 °
3193 1718 3355 1787 Λόγῳ

1778 1822 1886 1893 γὰρ
1921 1823 2060 1883 είπὲ,
2098 1820 2268 1891 φησι,
2310 1818 2534 1888 καὶτῆς
2577 1817 2755 1886 ψυχῆς
2790 1816 2823 1884 ἡ
2864 1810 3175 1883 αἱματώδης
3221 1810 3353 1879 στή-

1781 1932 1929 1969 σεται
1960 1915 2147 1986 ῥύσις·
2191 1913 2346 1985 ῥύσις
2384 1912 2631 1981 αἱμάτων
2675 1909 2730 1961 δὲ
2771 1901 3355 1978 προκαταϐεϐλημένου

1777 2005 2092 2078 τραύματος
2126 2004 2339 2075 πληγὴν
2367 2002 2740 2055 ὑποδείκνυσι·
2770 1996 2850 2068 τῷ
2868 1996 2978 2067 γὰρ
3007 1992 3352 2064 τετρωμένῳ,

1777 2099 1875 2169 τῆς
1908 2096 2134 2167 ὠτειλῆς
2167 2095 2331 2165 ὲκροή
2358 2110 2440 2157 τις
2466 2092 2805 2162 παρέπεται·
2830 2086 3089 2156 ταχίστην
3127 2084 3183 2136 δὲ
3202 2081 3355 2153 λῆξίν

1780 2207 1964 2261 φησιν,
1998 2190 2061 2241 ὲκ
2090 2185 2422 2257 παραγώγου
2469 2184 2774 2253 σχήματος
2810 2178 3109 2249 αἱμόρρους
3139 2174 3246 2246 γάρ
3270 2188 3355 2234 τις

1778 2281 1916 2351 γυνὴ
1940 2278 2260 2332 δυοκαίδεκα
2297 2276 2503 2347 χρόνων
2543 2272 2621 2344 τῷ
2650 2271 2812 2325 πάθει
2857 2266 3213 2337 κατεχομένη,
3244 2264 3355 2317 τῶν

1778 2368 2099 2442 κρασπέδων
2152 2366 2245 2421 τοῦ
2296 2364 2531 2438 Χριστοῦ
2563 2362 2836 2433 λαθραίως
2866 2357 3145 2430 ἁψαμένη,
3175 2371 3357 2426 παρα-

1779 2462 1973 2534 χρῆμα
2004 2460 2105 2531 τῆς
2134 2459 2290 2513 νόσου
2325 2455 2637 2527 ἀπηλλάγη,
3334 2448 3339 2461 .

1780 2573 1885 2629 585
1918 2572 2082 2635 Εἰπὲ,
2109 2571 2205 2625 καί
2247 2568 2522 2638 ἐκμήνειε
2554 2564 2721 2638 συῶν
2751 2562 2977 2638 ἀγέλην
3004 2557 3320 2632 λεγεῶνας,

1780 2644 1884 2699 586
1917 2633 2158 2712 Πνεῦμα
2186 2641 2282 2694 καὶ
2314 2633 2387 2692 ἓν
2412 2636 2745 2705 πελάγεσσι
2770 2633 2964 2686 πέσοι.

1850 2733 1972 2787 Τῶν
2016 2734 2075 2786 ὲν
2110 2730 2463 2800 Εὑαγγελίοις
2507 2727 2803 2798 θαυμάτων
2843 2723 2937 2777 κα)⁸
2974 2720 3167 2775 τοῦτο’
3210 2718 3355 2773 κατά

1779 2825 1887 2897 γάρ
1918 2825 2016 2896 τὴν
2044 2824 2152 2877 τῶν
2180 2820 2533 2895 Γεργεσηνῶν
2568 2818 2751 2890 χώραν
2774 2811 2843 2888 ἦν
2872 2831 2955 2878 τις
2990 2811 3259 2884 δαιμονῶν
3295 2811 3357 2866 ὲν

1780 2918 1893 2980 τοῖς
1928 2915 2245 2986 μνημείοις’
2277 2913 2344 2965 δι’
2393 2911 2452 2965 δν
2485 2910 2683 2972 ἄϐατος
2727 2904 2794 2979 ἦν
2833 2908 2861 2961 ὁ
2898 2906 3099 2971 τόπος,
3142 2901 3357 2957 πολλῶν

1780 3006 2051 3077 διαφόρως
2075 3006 2163 3058 ὑπ’
2194 3003 2355 3057 αὐτοῦ
2390 2999 2884 3072 κατοιτρωθέντων⁸
2915 2995 3104 3051 τοῦτον
3146 2991 3356 3065 Ἰησοῦς

1782 3097 1910 3167 ύγιῆ
1933 3096 2299 3165 καταστήσας,
2324 3093 2524 3164 χοίρων
2553 3090 2738 3144 αὐτόθι
2759 3089 3092 3160 νεμομένων,
3114 3087 3218 3142 ὑπὸ
3243 3088 3354 3140 τῶν

1782 3186 2049 3258 δαιμόνων
2082 3184 2329 3249 ἀξιοῦται
2354 3187 2465 3247 τοῖς
2503 3183 2704 3254 χοίροις
2736 3180 2932 3240 αὐτοὺς
2967 3178 3257 3249 ἐπιτρέψαι
3294 3179 3357 3233 τὸ

87 3354 509 3434 opportunitate
547 3369 828 3417 concessa,
868 3356 921 3409 in
971 3360 1522 3434 montcm_ascendit.
1560 3360 1795 3434 Sodoma
1826 3376 2020 3431 nempe
2047 3359 2267 3416 divinus
2304 3359 2602 3434 Gregorius
2647 3371 2770 3434 esse
2803 3352 3267 3434 perseverantiam
3300 3352 3353 3434 in

92 3426 347 3491 pwccatis,
386 3423 495 3477 Lot
515 3434 707 3501 autem
735 3440 1025 3501 personam
1053 3429 1275 3485 virtutis
1305 3433 1580 3487 sustinere
1602 3433 1737 3486 dicit
1768 3447 1780 3483 :
1817 3434 1909 3501 qui
1941 3423 2103 3501 porro
2131 3447 2160 3484 a
2193 3423 2726 3501 peccato'discessit,
2757 3423 2822 3501 ne
2857 3426 3090 3494 amplius
3123 3425 3189 3501 ad
3215 3424 3346 3475 illmt

94 3506 418 3564 revertatur,
460 3495 740 3560 admonet,
778 3497 880 3549 hoc
910 3500 1053 3551 enim
1083 3506 1169 3553 est
1196 3509 1495 3555 retrorsum
1532 3503 1718 3557 videre
1758 3495 1897 3555 etin
1941 3495 2251 3555 columna-tn
2294 3502 2425 3555 salis
2464 3496 2859 3554 transmutari:
2898 3511 3024 3548 nam
3066 3495 3192 3564 quia
3222 3509 3359 3546 uxor

94 3562 189 3616 Lot
219 3564 687 3640 ad_cupiditatem
720 3566 979 3640 respexit,
1027 3569 1226 3640 merito
1261 3571 1363 3625 hoc
1396 3586 1557 3639 passa
1587 3580 1669 3627 est
1704 3590 1717 3626 :
1751 3573 2006 3626 columna
2042 3579 2221 3625 autem
2254 3578 2339 3625 est
2361 3578 2547 3640 aperta
2569 3568 2708 3640 iacti
2743 3564 3045 3625 accusatio,
3068 3562 3120 3617 in
3158 3577 3357 3640 perpe-

89 3643 233 3711 tuum
278 3634 560 3711 duratura
599 3650 611 3685 :
648 3636 780 3711 urbs
814 3635 985 3711 _Segor
1019 3635 1260 3711 denique
1290 3634 1607 3711 explicanda
1650 3652 1734 3697 est
1776 3657 1871 3711 per
1915 3643 2152 3693 animam
2204 3634 2411 3695 virtute
2446 3638 2848 3711 conﬁrmatam.
2892 3650 3013 3711 qua;
3054 3634 3358 3711 δβοιηιάυηι

92 3702 254 3755 Deum
292 3704 596 3783 gradatim.
618 3703 682 3757 ad
714 3702 1375 3783 perfectionis_faStigiu1ri
1405 3710 1727 3776 ascendere,
1761 3702 1937 3782 neque
1961 3726 2089 3766 vero
2126 3711 2181 3765 in
2209 3712 2357 3766 ostio
2387 3724 2671 3765 remanere
2699 3705 2877 3769 debet,
2911 3702 3047 3773 quia
3084 3704 3188 3758 hoc
3215 3719 3355 3773 quo-

83 3789 182 3839 que
204 3774 489 3826 socordiae
522 3774 727 3826 crimen
758 3790 916 3843 poma
947 3776 1201 3828 adicitur.

152 3865 210 3916 In
240 3862 575 3936 Evangeliis
606 3863 855 3918 Salvator
877 3866 1016 3919 hanc
1041 3867 1356 3936 parabolam
1382 3866 1666 3934 proposuit
1704 3886 1715 3921 :
1752 3863 1880 3919 Erat
1901 3866 2059 3936 dives
2089 3879 2329 3936 purpura
2356 3863 2579 3918 indutus
2601 3872 2653 3917 et
2682 3865 2928 3936 quotidie
2959 3864 3106 3936 laute
3130 3865 3345 3927 vivens,

78 3933 143 4005 ad
184 3934 353 4005 cujus
394 3933 595 4002 portas
637 3933 1057 4005 pr0volvebatur
1097 3951 1303 4005 pauper
1339 3933 1581 4003 quidam,
1627 3938 1848 3990 nomine
1892 3933 2156 3999 Lazarus,
2197 3933 2420 3989 summa
2452 3933 2712 4002 egestate
2738 3938 3029 3991 laceratus.
3066 3934 3185 3989 Jam
3225 3951 3357 3989 vero

78 4004 228 4075 dives
260 4004 621 4075 quidluxuria
657 4003 935 4059 difﬂuebat
973 4003 1337 4065 omnibusnue
1366 4006 1486 4058 vitae
1522 4005 1679 4061 bonis
1722 4007 2059 4065 abundabat,
2108 4006 2310 4058 nullam
2345 4005 2597 4072 pauperis
2631 4005 2819 4061 habuit
2851 4022 3061 4066 curam,
3094 4008 3346 4075 quamvis

80 4073 165 4127 hic
192 4073 381 4142 quoad
419 4089 628 4141 corpus
659 4078 891 4142 pessime
922 4091 981 4130 se
1014 4076 1237 4130 haberet
1262 4080 1317 4129 et
1340 4076 1423 4129 vix
1463 4076 1639 4136 micis,
1668 4092 1787 4143 qua:
1816 4091 1881 4128 ex
1914 4077 2056 4129 illius
2089 4090 2274 4129 mensa
2308 4084 2650 4142 supererant,
2674 4078 2812 4130 male
2842 4072 3168 4129 nutriretur.
3204 4072 3352 4126 Prai-

75 4151 222 4198 terea
256 4159 398 4196 vero
454 4145 625 4197 etiam
666 4145 849 4198 divitis
880 4161 1044 4199 canes
1085 4147 1270 4199 ulcera
1318 4145 1572 4213 pauperis
1610 4146 1834 4199 linxisse
1876 4146 2106 4213 ejuSque
2148 4145 2365 4197 dolores
2408 4144 2629 4198 auxisse
2673 4145 2952 4211 dicuntur,
2988 4145 3114 4198 dum
3159 4159 3351 4199 eorum

75 4213 283 4266 domini
316 4214 542 4266 nullam
568 4215 791 4267 omnino
821 4215 967 4283 illius
992 4216 1258 4269 rationem
1296 4214 1581 4268 haberent.
1626 4215 1759 4267 Cum
1795 4216 1962 4283 igitur
1996 4218 2148 4269 dives
2179 4225 2285 4267 tam
2319 4214 2613 4266 inhumane
2636 4230 2694 4268 se
2726 4223 2959 4283 gereret,
2997 4230 3203 4282 pauper
3226 4230 3356 4268 vero

74 4298 196 4335 cum
235 4283 563 4352 gratiarum
599 4286 812 4339 actione
853 4282 1137 4353 perferret,
1191 4286 1351 4337 ambo
1383 4287 1741 4337 decesserunt
1782 4282 1835 4338 et
1870 4286 1937 4338 ad
1972 4286 2151 4337 locum
2183 4286 2605 4337 determinatum
2644 4282 3029 4352 pervenerunt,
3088 4283 3231 4338 unde
3265 4284 3357 4337 illo

72 4354 300 4405 divitem
336 4354 666 4419 conspexit.
690 4353 801 4413 Jlic
832 4362 1009 4407 autem
1040 4355 1325 4423 paululum
1355 4354 1628 4422 aspiciens
1657 4357 1799 4423 (erat
1830 4356 2089 4409 nimirum
2127 4354 2268 4423 ignis
2302 4354 2560 4406 hauriens
2602 4361 2656 4406 et
2703 4356 2903 4409 vermis
2954 4354 3351 4409 acerbissimus

73 4424 736 4493 stimulans),pauperem
766 4424 1021 4476 Lazarum
1054 4425 1108 4477 in
1141 4426 1267 4479 sinu
1299 4424 1652 4492 patriarehali
1697 4426 2130 4492 requiescenlem
2168 4433 2220 4477 et
2252 4424 2548 4477 satellitum
2586 4425 2803 4492 agmine
2843 4426 3153 4493 solatioque
3189 4440 3355 4478 orna-

70 4501 179 4545 tum
216 4493 630 4561 conspexisse,
664 4492 1043 4561 Abrahamque
1072 4495 1370 4548 satellitem
1400 4508 1626 4562 rogasse
1662 4494 1883 4558 dicitur,
1919 4505 1977 4548 ut
2013 4495 2163 4548 illum
2192 4492 2454 4546 Lazarum
2485 4492 2613 4545 olim
2642 4495 2920 4562 despectui
2960 4492 3200 4547 habitum
3224 4496 3353 4545 mit-

68 4571 204 4616 teret
232 4564 331 4631 qui
369 4565 587 4615 adusto
612 4571 821 4631 guttam
852 4578 1004 4630 aqua:
1043 4565 1127 4617 vel
1175 4580 1341 4633 parvo
1366 4564 1538 4631 digito
1570 4565 1880 4619 instillaret.
1921 4564 2241 4618 Patriarcha
2274 4578 2401 4617 vero
2430 4565 2478 4615 ei
2512 4565 2796 4631 respondit
2825 4566 2926 4618 hoc
2969 4563 3083 4616 ﬁeri
3123 4564 3353 4633 omnino

70 4649 172 4686 non
207 4649 407 4701 posse,
446 4643 622 4700 atque
658 4633 838 4686 subita
872 4641 919 4685 et
954 4631 1322 4704 inexspectata
1355 4632 1561 4687 doloris
1589 4637 1797 4687 medela
1838 4637 2141 4689 cruciatum
2188 4634 2860 4704 etiamrintolcrabiliorem
2895 4635 2942 4687 ei
2990 4631 3350 4704 posteaufore,

64 4718 280 4758 necnon
322 4720 432 4773 per
470 4717 727 4773 uiaguam
762 4704 1016 4773 abyssum
1062 4702 1195 4757 dicit
1242 4705 1388 4758 circa
1429 4704 1578 4771 ipsos
1609 4705 1911 4758 Stabilitum
1945 4720 2087 4765 esse,
2120 4711 2187 4773 et
2216 4703 2480 4757 terminos
2515 4703 2715 4771 quibus
2756 4719 2931 4772 neque
2970 4703 3150 4773 egredi
3193 4702 3353 4773 liceat

66 4789 240 4841 neque
274 4769 544 4827 invicem
570 4769 887 4843 convenire,
921 4774 1005 4826 hic
1039 4790 1160 4828 esse
1192 4769 1523 4828 constitutos
1557 4773 1785 4827 aliirmat
1814 4783 2071 4843 tanquam
2108 4772 2240 4826 ﬁnes
2267 4774 2471 4840 peccati
2509 4769 2576 4826 iis
2600 4773 2721 4843 qui,
2746 4769 2889 4827 sicut
2925 4769 3035 4833 ille,
3060 4769 3353 4843 animidu-

64 4840 183 4897 ritie
214 4844 525 4897 laborent.
567 4841 790 4895 Divitem
827 4844 1163 4899 cruciatibus
1199 4853 1450 4898 vexatum
1481 4844 1613 4896 dicit
1643 4844 1881 4897 animam
1917 4840 2103 4897 multis
2134 4844 2372 4911 peccatis
2403 4840 2680 4911 pollutam.
2712 4842 2981 4901 Lazarus,
3016 4844 3106 4909 qui
3134 4840 3349 4911 miseri-

63 4914 275 4967 cordia:
314 4922 554 4983 guttam
584 4912 779 4967 ati‘erre
806 4914 1150 4982 imploratur,
1200 4915 1582 4983 intelligendus
1616 4921 1699 4966 est
1731 4914 1798 4967 de
1837 4915 2003 4967 verbo
2027 4909 2233 4973 divi—no,
2262 4909 2413 4981 quod
2451 4928 2479 4964 a
2511 4913 2643 4967 viris
2675 4913 2936 4967 divinitus
2972 4909 3250 4980 inspiratis
3294 4912 3348 4963 in

64 4984 281 5038 animas
334 4983 713 5053 passionibus
764 4983 986 5037 adustas
1033 4984 1376 5038 instillatur:
1454 4985 1681 5053 abyssus
1730 4991 1814 5037 est
1859 4985 2107 5037 socordia
2157 4988 2401 5051 pertinax
2470 4998 2499 5037 e
2540 4995 2761 5052 peccato
2800 4991 3099 5044 contracta,
3186 4994 3348 5049 quam

60 5054 267 5107 misera
321 5054 563 5115 anima,
616 5053 766 5105 omni
820 5068 917 5120 spe
956 5054 1148 5109 Salutis
1196 5054 1479 5119 destituta,
1524 5054 1728 5124 sociam
1769 5056 2097 5124 assumitet
2148 5055 2225 5124 sic
2261 5055 2459 5124 abysso
2503 5062 2555 5104 et
2586 5054 2708 5119 igne
2742 5053 3110 5124 submergitur
3145 5053 3352 5124 :Asinus

58 5124 347 5192 Abraham
393 5130 856 5192 estAsanetorum
904 5125 1265 5189 consuetudo,
1307 5125 1432 5177 huic
1467 5125 1609 5178 enim
1662 5122 1805 5178 Deus
1852 5122 2234 5192 promissionis
2264 5121 2459 5178 terram
2508 5123 2899 5189 spoponderat,
2937 5124 3130 5192 inqua
3174 5121 3257 5173 lac
3296 5127 3353 5175 et

59 5194 163 5245 mel
192 5190 391 5247 ﬂuunt
429 5208 447 5244 :
498 5190 645 5247 Deus
668 5207 792 5245 cum
820 5193 925 5247 diis
957 5208 1314 5258 conversans,
1346 5202 1401 5248 et
1427 5195 1494 5247 ab
1535 5194 1615 5247 eis
1644 5193 1752 5247 alta
1784 5190 1916 5248 voce
1945 5194 2199 5249 laudatus
2236 5205 2290 5247 et
2324 5192 2551 5246 multum
2588 5205 2650 5243 ac
2684 5205 2901 5259 semper
2929 5191 3259 5245 celebratus.

122 5288 418 5344 Miracuia
457 5287 888 5358 Evangeliorum
916 5288 1210 5358 anagogice
1235 5303 1674 5343 commemorans
1703 5288 1772 5343 ad
1803 5288 2081 5343 Christum
2109 5289 2288 5358 ipsum
2320 5286 2591 5341 convertit
2614 5300 2921 5341 Sermonem
2951 5303 2965 5337 :
3000 5284 3348 5358 Verbocnim

56 5352 169 5423 dic,
190 5362 293 5424 ait,
340 5370 404 5415 et
452 5352 660 5428 animi;
690 5352 1327 5428 proﬂuvium'sa'nguinis
1354 5359 1638 5413 consistet.
1669 5358 1999 5413 Proﬂuvium
2031 5352 2210 5412 autem
2243 5358 2824 5428 sanguinissigniticat
2859 5358 3065 5424 accepti
3107 5355 3350 5410 vulneris

53 5429 300 5499 plagam,
343 5427 647 5499 siquidem
687 5427 717 5482 e
742 5431 966 5483 vulnere
1002 5427 1207 5484 inﬂicto
1236 5428 1527 5499 proﬂuvies
1558 5428 1805 5497 quaedam
1836 5444 2097 5484 emanare
2127 5429 2265 5484 solet
2297 5444 2310 5480 :
2352 5427 2691 5499 celerrimam
2718 5436 2922 5499 autem,
2960 5440 3128 5499 sensu
3150 5438 3354 5499 anago-

51 5494 201 5565 gica,
236 5494 465 5555 adesse
508 5501 585 5551 ait
630 5499 896 5553 medelam
934 5519 948 5554 :
981 5502 1176 5554 mulier
1201 5494 1372 5560 enim,
1402 5515 1524 5569 qua:
1555 5494 1654 5569 per
1690 5499 1979 5553 duodecim
2023 5513 2198 5553 annos
2234 5497 2516 5568 sanguinis
2550 5494 2803 5567 proﬂuvii
2842 5496 3033 5551 morbo
3063 5494 3350 5559 laboravit,

50 5578 364 5640 postquam
398 5568 693 5623 ﬂuibriam
717 5570 920 5625 Christi
948 5571 1088 5624 clam
1119 5570 1389 5640 tetigerat,
1423 5568 1699 5639 extemplo
1726 5570 1917 5624 morbo
1942 5581 2027 5624 εει
2056 5570 2304 5624 liberata.

116 5663 241 5720 Hoc
274 5679 544 5735 quoque
566 5665 621 5717 in
654 5664 961 5735 Evangeliis
992 5672 1251 5719 narratur
1295 5664 1621 5735 miraculum
1651 5680 1664 5717 :
1707 5665 1762 5735 In
1800 5673 1945 5718 terra
1986 5661 2422 5733 Gergesenorum
2451 5672 2567 5717 erat
2594 5662 2817 5735 quidam
2860 5660 3254 5735 daemoniacus,
3291 5657 3348 5714 in

48 5730 339 5804 sepulcris
371 5730 625 5805 degens,
656 5735 771 5803 qui,
811 5730 938 5788 'cum
977 5736 1179 5788 multos
1220 5734 1366 5788 varie
1406 5734 1654 5805 laesisset,
1687 5734 1865 5789 effecit
1894 5742 1956 5788 ut
1984 5730 2143 5789 nemo
2178 5735 2453 5805 renionem
2484 5730 2643 5787 istam
2696 5734 2849 5805 adire
2876 5732 3111 5800 amplius
3140 5730 3291 5805 velt-et
3333 5746 3347 5784 :

47 5800 142 5877 per
169 5806 383 5865 ..θυμω
435 5800 634 5860 ειίιιειιι
674 5800 966 5861 sanitatem
1007 5805 1367 5874 recuperavit.
1419 5802 1636 5860 Etcum
1673 5805 1744 5861 ibi
1781 5818 2072 5876 porcorum
2115 5804 2406 5858 multitudo
2448 5811 2781 5873 posceretur,
2819 5802 3093 5865 daemones
3132 5800 3346 5856 venia-
