3866 6512
529 422 642 479 ⁸55

524 533 846 606 ιιῐνεύματος
870 531 927 586 δὲ
959 531 1116 601 άγίου
1161 530 1256 584 καὶ
1285 526 1506 600 Μαρίας
1539 528 1637 597 τῆς
1672 526 1971 598 Παρθένου,
2020 524 2111 589 Ἐξ

520 626 684 700 ἡμῶν
724 625 781 679 δὲ
825 624 1080 693 λέγεται·
1129 622 1225 675 καὶ
1270 621 1380 691 γὰρ
1413 616 1700 689 ἄνθρωπος
1738 618 1772 687 ὴ
1810 616 2108 688 Παρθένος,

521 718 657 772 Θεὸν
688 714 1113 787 σεσαρκωμένον
1128 711 1407 783 άμιάντως
1428 707 1684 771 τεκοῦσα,
1712 706 1809 761 καὶ
1826 706 2111 769 συνουσίας

525 808 683 871 ἐκτὸς
718 807 933 877 ἀνδρός.

789 896 965 951 Δαὸὶδ
993 895 1189 968 γένος.
1215 893 1353 947 ἀλλ’
1406 890 1694 960 Ἀδάμοιο.

593 990 688 1063 Τῷ
736 990 902 1043 Δαϐὶδ
941 990 969 1041 6
1011 986 1145 1048 Θεὸς
1191 983 1565 1055 ἐπηγγείλατο
1602 982 1695 1035 τὸν
1748 981 1987 1053 Χριστὸν
2045 981 2114 1033 ὲκ

526 1081 745 1156 καρποῦ
780 1081 883 1150 τῆς
922 1077 1124 1146 ὀσφύος
1152 1074 1321 1128 αὑτοῦ
1360 1075 1695 1145 ἀναστήσειν
1721 1074 1865 1127 κατά
1899 1075 2111 1145 σάρκαο

528 1174 695 1230 Δαϐὶδ
718 1174 775 1227 δὲ
800 1170 1053 1242 βασιλεὺς
1091 1166 1308 1238 Ἰσραὴλ
1336 1166 1451 1228 υίὸς
1492 1166 1712 1229 Ἰεσσαὶ,
1740 1163 2115 1236 Βηθλέεμίτης

529 1265 702 1338 φυλῆς
736 1262 923 1317 Ἰούδα.
953 1259 1174 1330 Πρῶτος
1196 1254 1289 1311 οῦν
1325 1256 1521 1311 Ἰακώϐ
1549 1275 1715 1330 φησιν
1736 1274 1749 1288 ο
1772 1260 1895 1311 Οὐκ
1919 1257 2114 1312 ἐκλεί-

527 1361 631 1429 ψει
675 1357 875 1425 ἄρχων
921 1352 991 1417 ἐξ
1037 1350 1245 1411 Ἰούδα,
1297 1349 1440 1403 οὐδὲ
1494 1350 1827 1419 ἡγούμενος
1874 1350 1941 1402 ἐκ
1995 1347 2115 1402 τῶν

528 1447 733 1519 μηρῶν
760 1444 969 1506 αὐτοῦ,
986 1444 1096 1509 ἕως
1118 1442 1196 1497 ἂν
1218 1443 1366 1509 ἔλθῃ
1387 1434 1435 1508 ᾧ
1454 1442 1781 1507 ἀπόκειται,
1808 1441 1907 1494 καὶ
1935 1437 2114 1507 οὗτος

528 1540 866 1611 προσδοκία
890 1535 1104 1592 ἐθνῶν.
1143 1536 1273 1599 Υἱὸς
1308 1532 1401 1590 οῦν
1442 1536 1608 1590 Δαϐὶδ
1638 1538 1666 1589 6
1700 1536 1935 1608 Χριστὸς
1973 1536 2114 1590 κατὰ

531 1635 733 1706 σάρκα,
774 1634 803 1686 6
833 1631 1077 1700 πλάστης
1116 1629 1307 1701 ’Δδὰμ,
1366 1629 1539 1697 ’Ᾱδὰμ
1576 1629 1633 1682 δὲ
1648 1628 1878 1700 πρῶτος
1904 1628 2116 1701 ἄνθρω-

531 1746 633 1790 πος
658 1725 884 1795 ἐκτίσθη
913 1725 1033 1778 κατ’
1064 1724 1249 1777 εἰκόνα
1279 1722 1413 1777 Θεοῦ
1446 1724 1541 1777 καὶ
1577 1723 1860 1794 ὁμοίωσιν.

531 1818 601 1873 65
636 1817 747 1871 Καὶ
790 1814 987 1884 φάτνῃ
1024 1815 1142 1884 μὲν
1171 1814 1404 1869 ἔδεκτο.

598 1907 704 1963 Τοῦ
732 1908 1002 1979 δόγματος
1033 1907 1163 1978 παρ’
1203 1907 1517 1976 Αὐγούστου
1549 1904 1825 1977 Καίσαρος
1862 1906 2118 1978 ἐξεληλυ-

530 2001 706 2068 θότος,
736 2001 836 2071 τὴν
866 2002 1195 2073 οἰκουμένην
1225 2002 1354 2057 ὃλην
1382 1999 1832 2072 ἀπογράψασθαι,
1866 2001 1959 2054 καὶ
1977 2000 2114 2055 πάν-

527 2112 636 2148 των
675 2096 755 2157 εἰς
786 2096 887 2164 τὴν
931 2094 1067 2147 ίδίαν
1102 2094 1336 2164 πατρίδα
1370 2093 1868 2165 κατεπειγομὲνων,
1918 2094 2115 2165 Ἰωσὴφ

530 2187 646 2251 υίὸς
681 2184 756 2239 ὢν
780 2186 945 2239 Δαϐὶδ
972 2186 1082 2239 άπὸ
1108 2184 1365 2257 Ναζαρὲθ
1398 2190 1478 2250 είς
1500 2188 1752 2259 Βηθλεὲμ
1781 2186 2014 2258 ἀνῆλθεν
2036 2189 2117 2252 είς

529 2276 688 2329 πόλιν
736 2275 920 2341 Δαϐὶδ,
954 2276 1381 2347 ἀπογράψασθαι
1412 2280 1509 2331 σὺν
1542 2279 1776 2349 Μαριὰμ
1803 2282 1869 2350 τῇ
1904 2295 2118 2350 μεμνη-

535 2368 808 2439 στευμένῃ
861 2367 1013 2438 αὐτῷ
1054 2366 1193 2442 οῦσῃ
1241 2367 1460 2440 ὲγκύῳ·
1514 2370 1608 2423 καὶ
1664 2371 2015 2442 ἐπλήσθησαν
2059 2370 2119 2427 αῑ

530 2459 741 2531 ἡμέραι
777 2458 871 2512 τοῦ
906 2462 1087 2512 τεκεῖν
1127 2459 1321 2532 αὐτὴν,
1350 2462 1446 2515 καὶ
1494 2461 1650 2516 ἔτεκε
1680 2462 1773 2516 τὸν
1802 2462 1918 2516 υἱὸν
1947 2462 2121 2535 αὐτῆς

528 2550 623 2603 τδν
653 2550 1019 2621 πρωτότοκον,
1050 2550 1145 2605 καὶ
1173 2551 1602 2624 ἐσπαργάνωσεν
1650 2553 1837 2618 αὐτὸν,
1878 2554 1973 2608 καὶ
2024 2554 2120 2608 άν-

530 2640 742 2695 έκλινεν
772 2640 936 2694 αὐτὸν
967 2643 1024 2695 ὲν
1042 2644 1109 2713 τῇ
1134 2642 1332 2717 φάτνῃ,
1357 2643 1490 2698 διότι
1518 2644 1619 2699 οὐκ
1648 2640 1715 2717 ἦν
1742 2645 1927 2710 αὐτοῖς
1951 2646 2118 2711 τόπος

528 2734 589 2786 ἐν
612 2731 688 2803 τῷ
715 2732 1086 2804 καταλύματι.

1302 2826 1527 2895 Μάγοις
1556 2826 1624 2880 δέ
1651 2845 1715 2882 τε
1752 2828 2119 2898 ἡγεμόνευεν

531 2912 605 2969 66
660 2912 893 2982 Ἆστὴρ,
933 2912 1258 2984 δωροφόροι
1303 2915 1355 2969 δ’
1398 2916 1490 2984 ἄρ’
1522 2915 1690 2982 ἕσαν,
1740 2918 1839 2971 καὶ
1880 2919 2119 2988 γούνατ’

1695 3008 2026 3080 [ἔκαμψαν.

601 3097 839 3168 Χριστοῦ
868 3096 1243 3168 γεννηθέντος,
1278 3098 1445 3168 μάγοι
1471 3099 1840 3171 παρεγένοντο
1857 3100 1965 3153 ἀπὸ
1991 3101 2125 3154 άνα-

530 3192 701 3245 τολῶν
736 3191 841 3244 ὑπὸ
868 3190 1097 3261 ἀστέρος
1127 3191 1510 3262 ὁδηγούμενοι,
1538 3194 1635 3247 καὶ
1675 3193 1913 3265 Χριστὸν
1944 3210 2122 3264 προσ-

531 3282 886 3352 κυνήσαντες,
918 3279 1068 3352 δῶρα
1112 3281 1387 3353 παρέσχον
1421 3282 1571 3354 αύτῷ
1609 3283 1811 3355 χρυσὸν
1844 3283 1940 3337 καὶ
1969 3282 2126 3338 λίϐα-

532 3392 625 3427 νον
652 3374 744 3427 καὶ
771 3371 1040 3443 σμύρναν.

533 3462 599 3517 67
652 3461 746 3527 Ὠς
769 3459 994 3528 ,βροτὸς
1031 3457 1167 3532 ἦλθ’
1201 3465 1293 3519 ἐπ’
1324 3464 1545 3536 ἀγῶνα,
1581 3465 1919 3535 ὐπέρσχεθε
1953 3464 2005 3518 δ’
2034 3465 2117 3532 ὡς

1658 3555 2032 3629 [ἀδάμαστος

1635 409 1909 465 COSMAS
1944 406 2659 463 IIIEROSOLYMITANUS
3671 399 3737 454 156

2222 526 2291 579 68
2331 522 2677 593 Πειραστὴν
2705 518 3011 591 τρισσοῖσι
3052 516 3493 584 παλαίσμασιν.

2286 616 2449 686 Τρισὶ
2496 614 2824 687 προσϐολαῖς
2867 614 2895 665 6
2941 609 3191 672 διάϐολος
3236 606 3477 677 Χριστὸν
3526 607 3737 677 πειράζει·

2217 708 2483 760 Πεινῶντι
2516 707 2698 770 λίθους
2730 708 2809 769 είς
2841 707 3004 776 ἄρτον
3054 701 3418 773 προϐάλλεται
3441 717 3457 730 ο
3498 700 3597 762 τὰς
3636 701 3741 769 par:-

2216 799 2367 862 λείας
2396 798 2497 869 τῆς
2532 799 2635 869 γῆς
2669 796 2819 868 αὑτῷ
2844 796 3107 859 δείκνυσι,
3136 792 3309 846 ταῦτα
3339 790 3602 862 παρέξειν
3637 792 3677 843 εἴ
3701 810 3739 860 γε

2219 890 2404 944 πεσὼν
2461 892 2871 963 προσκυνήσοι,
2924 886 3440 956 διαϐεϐαιούμενος*
3506 883 3586 946 είς
3626 884 3668 936 δὲ
3704 887 3743 939 :6

2217 984 2515 1056 πτερύγιον
2562 982 2786 1052 ἀγαγὼν
2832 981 2927 1035 τοῦ
2981 979 3151 1051 ἱεροῦ,
3198 978 3384 1048 βαλεῖν
3431 976 3589 1028 κάτω
3620 980 3734 1044 φησὶν

2218 1076 2381 1149 εἴπερ
2418 1077 2548 1140 Υἱὸς
2596 1076 2684 1147 εἴη
2717 1075 2812 1129 τοῦ
2868 1073 3042 1127 Θεοῦ⁹
3097 1073 3315 1125 πάντων
3362 1070 3418 1123 δὲ
3473 1069 3743 1138 διαμαρτὼν,

2217 1170 2427 1239 οἴχεται
2461 1167 2940 1239 κατῃσχυμμένος.
2975 1168 3170 1219 Κεῖται
3190 1165 3248 1217 ὲν
3270 1162 3349 1216 τῶ
3380 1168 3429 1206 ν’
3460 1161 3601 1230 λόγῳ
3632 1164 3658 1231 ἡ
3687 1162 3743 1225 ἑξ-

2218 1264 2436 1335 ήγησις.

3208 1343 3393 1415 Εἷδαρ
3426 1343 3664 1410 ὑπέστη,

2218 1445 2284 1501 69
2326 1447 2519 1515 Θρέψε
2568 1445 2637 1499 δὲ
2668 1444 2967 1515 χιλιάδας.

2287 1537 2507 1608 Τροφῆς
2536 1536 2634 1605 μὲν
2650 1536 2725 1598 ὡς
2745 1535 2842 1588 ἄνθ
2852 1550 3031 1606 ρωπος
3048 1530 3307 1603 μετέσχεν
3324 1531 3354 1581 6
3370 1526 3586 1597 Σωτὴρ.
3608 1527 3692 1580 ἀλλ’
3707 1528 3746 1591 ἐξ

2217 1626 2400 1700 ἄρτων
2423 1629 2586 1680 πέντε
2618 1626 2864 1698 χιλιάδας
2888 1625 3165 1696 ὲκόρεσεν.
3191 1624 3385 1675 Κεῖται
3402 1622 3466 1671 ὲν
3481 1618 3562 1689 τῷ
3579 1621 3747 1690 γ’λόγῳ.

2730 1717 2927 1785 ’Υδωρ
2955 1717 3005 1769 τ’
3052 1718 3139 1781 εις
3174 1711 3345 1768 οἶνον
3387 1714 3650 1781 ἄμειψεν.

2288 1810 2526 1884 Χριστὸς
2564 1810 2623 1864 ὲν
2667 1810 2828 1881 Κανᾷ.
2868 1808 3159 1879 γενόμενος
3205 1806 3304 1876 τῆς
3354 1804 3654 1869 Γαλιλαίας,
3697 1806 3750 1867 el;

2218 1904 2400 1976 γάμον
2439 1901 2633 1965 ἐλθὼν,
2660 1902 2756 1956 καὶ
2782 1901 3069 1971 λείψαντος
3095 1898 3264 1961 οἴνου,
3286 1895 3454 1949 τοῦτο
3481 1896 3578 1965 τῆς
3600 1897 3751 1965 μητρὸς

2218 1992 2367 2064 αὐτῷ
2420 1991 2873 2060 διασαφησάσης,
2928 1992 3041 2051 τοῖς
3086 1984 3409 2057 παρεστῶσι
3480 1984 3581 2047 τὰς
3618 1985 3754 2055 ὑδρίας

2219 2084 2410 2149 ὓδατος
2438 2082 2728 2155 πληρῶσαι
2761 2081 3096 2155 προστάξας,
3130 2076 3271 2133 οἶνον
3304 2077 3366 2142 ἐξ
3398 2076 3593 2140 ὕδατος
3616 2080 3756 2147 κιρνᾷν

2221 2176 2406 2248 ἱλαρὸν
2439 2178 2555 2238 τοῖς
2584 2175 2873 2245 δαιτυμόσι
2902 2173 2998 2227 καὶ
3037 2172 3183 2243 μάλα
3206 2172 3339 2242 ἡδὺν
3372 2172 3756 2241 παρεσκεύασεν.

2220 2267 2288 2322 70
2327 2267 2641 2329 Λούσατο,
2686 2266 2827 2320 ἀλλ’
2878 2263 3174 2333 ἐκάθηρεν
3227 2262 3625 2333 ἁμαρτάδας-,ί
3660 2264 3759 2316 ἀλλ’

2220 2407 2283 2465 71
2325 2406 2627 2477 Πνεύματι
2663 2405 2995 2475 βρονταίης
3032 2402 3242 2474 φωνῆς
3274 2404 3416 2469 ὕπο,
3455 2332 3763 2544 336p-

3607 2491 3713 2541 χρυ.

3607 2491 3713 2541 χρυ.

2288 2569 2525 2643 Χριστὸς
2577 2570 2635 2623 ὲν
2692 2567 2936 2640 Ἰορδάνῃ
2989 2564 3310 2637 βαπτισθεὶς
3352 2564 3461 2619 ὑπὸ
3539 2564 3766 2624 Ἴωάννω.

2220 2661 2375 2733 παρὰ
2402 2661 2502 2733 μὲν
2536 2661 2751 2732 Πατρὸς
2782 2660 2857 2723 ὡς
2885 2659 3014 2721 Υἱὸς
3044 2657 3331 2728 ἀγαπητὸς
3370 2657 3765 2729 μεμαρτύρηται.

2220 2753 2447 2825 Πνεῦμα
2477 2753 2533 2807 δὲ
2557 2754 2617 2807 τὸ
2649 2754 2916 2821 πανάγιω
2947 2750 3245 2821 σωματικῷ
3273 2750 3405 2804 εἴδει
3435 2748 3688 2821 κατῆλθεν
3706 2750 3765 2801 ἐπ’

2223 2846 2390 2900 αὑτὸν
2416 2845 2550 2899 ὡσεὶ
2582 2844 2903 2916 περιστερά.
2934 2843 3129 2897 Κεῖται
3153 2845 3211 2896 ὲν
3236 2843 3315 2914 τῷ
3346 2842 3390 2913 β’
3417 2843 3584 2912 λόγῳ.

2224 2938 2293 2992 72
2335 2937 2432 3004 Ὠς
2451 2937 2675 3006 ,βροτὸς
2704 2937 2901 2990 ὕπνον
2920 2935 3149 3003 ἔδεκτο,
3181 2935 3281 2990 καὶ
3315 2935 3397 3001 ὡς
3424 2935 3578 3077 ϐῖκὸὲ
3596 2934 3768 2987 εἰναι-ι

3493 3020 3543 3057 π
3580 3023 3720 3057 rror.

3493 3020 3720 3057 πόντον.

2288 3098 2524 3171 Χριστὸς
2578 3097 2857 3153 καθεύδων
2893 3099 2951 3151 ὲν
2989 3098 3069 3170 τῷ
3109 3098 3301 3168 πλοίῳ,
3353 3098 3627 3159 κλύδωνος
3675 3098 3769 3155 τοὺς

2224 3190 2474 3264 μαθητὰς
2533 3191 2997 3262 ἐκταράττοντος,
3042 3191 3288 3255 ἀναστὰς
3335 3191 3639 3261 ἐπετίμησε
3694 3190 3775 3248 :67;

2221 3281 2479 3361 ἀνέμοις·
2514 3283 2548 3353 ἡ
2578 3282 2635 3336 δὲ
2661 3282 2906 3337 θάλασσα
2929 3282 3183 3354 γαληνῶς
3219 3283 3521 3355 ὑφήπλωσε
3551 3282 3625 3352 τῷ
3651 3296 3767 3351 προε-

2221 3374 2470 3446 τάγματι
2500 3376 2571 3429 τὰ
2596 3374 2713 3428 νῦν.

2225 3489 2294 3542 73
2333 3489 2537 3543 Γοῦνα
2592 3488 2804 3560 κάμεν,
2864 3488 3148 3559 παρέτοις
3205 3488 3274 3542 δὲ
3309 3489 3506 3560 μένος
3555 3488 3647 3542 καὶ
3674 3488 3778 3555 τού-

3306 3558 3458 3617 lrat‘
3498 3560 3731 3626 ἔπηξεν.

534 3742 647 3802 bis,
680 3747 844 3807 atque
866 3740 1008 3794 hanc
1042 3756 1154 3795 non
1188 3755 1257 3796 ex
1288 3739 1476 3810 aliquo
1506 3739 1738 3803 semine,
1784 3738 1879 3795 sed
1910 3754 1979 3793 ex
2013 3737 2222 3810 Spiritu
2260 3747 2456 3795 sancto
2488 3747 2543 3796 et
2577 3738 2747 3794 Maria
2781 3738 3025 3810 Virgine.
3077 3737 3155 3793 Ex
3194 3738 3358 3794 nobis
3403 3753 3537 3793 vero
3572 3737 3783 3791 dicitur:

540 3812 705 3866 homo
743 3810 929 3881 Virgo,
950 3810 1117 3864 Deum
1145 3811 1491 3865 incarnatum
1521 3810 1723 3865 munda
1746 3811 1992 3879 pariens,
2020 3810 2304 3881 incognito
2331 3811 2472 3865 viro.

609 3902 776 3958 David
824 3903 967 3959 Deus
1008 3905 1257 3974 promisit
1292 3905 1362 3960 de
1400 3904 1585 3960 fructu
1632 3905 1842 3961 ventris
1886 3904 2009 3974 ejus
2035 3921 2095 3961 se
2125 3905 2410 3962 Christum
2442 3905 2746 3961 secundum
2771 3919 2991 3961 carnem
3036 3906 3438 3961 suscitaturum
3462 3921 3619 3969 esse;
3650 3900 3783 3957 Datid

534 3982 718 4029 autem
742 3983 859 4029 erat
890 3991 981 4046 rex
1020 3974 1210 4046 Israel,
1237 3974 1380 4046 filius
1414 3974 1591 4037 Iesse,
1632 3992 1700 4030 ex
1736 3975 2047 4043 Bethleem,
2075 3992 2140 4030 ex
2172 3977 2321 4031 tribu
2354 3974 2517 4031 Juda.
2563 3975 2705 4030 Dicit
2744 3986 2924 4031 autem
2954 3976 3165 4046 primus
3198 3975 3369 4031 Jacob
3403 3996 3417 4030 :
3452 3976 3577 4029 Non
3618 3976 3777 4041 afere-

535 4052 622 4099 τω·
650 4056 911 4117 sceptrum
944 4045 1009 4117 de
1044 4045 1208 4108 Iuda,
1250 4056 1300 4100 et
1328 4045 1440 4101 dua:
1462 4046 1526 4117 de
1548 4046 1747 4114 femore
1793 4046 1935 4117 ejus,
1965 4049 2131 4101 donec
2161 4048 2333 4101 veniat
2362 4048 2472 4117 iqui
2501 4046 2788 4101 mittendus
2825 4056 2925 4108 est,
2976 4055 3026 4100 et
3058 4048 3167 4117 ipse
3206 4048 3307 4100 erit
3341 4048 3661 4117 exspectatio
3686 4062 3771 4117 iga

537 4118 668 4169 tium
693 4113 743 4169 ’.⁷
761 4113 933 4170 Filius
958 4115 1151 4187 David
1175 4124 1261 4173 est
1287 4132 1419 4187 ergo
1454 4113 1710 4173 Christus
1733 4113 2036 4172 secundum
2071 4132 2321 4182 carnem,
2351 4113 2527 4173 factor
2544 4117 2758 4182 Adami,
2796 4117 3040 4173 Adamus
3070 4113 3250 4173 autem
3284 4113 3465 4173 factus
3484 4127 3571 4172 est
3593 4116 3657 4171 ad
3684 4116 3790 4169 ima-

532 4187 715 4257 ginem
754 4194 810 4242 et
847 4186 1263 4242 similitudinem
1287 4186 1405 4242 Dei.

615 4299 636 4333 ι
683 4280 827 4353 Exiit
856 4283 1095 4338 edictum
1121 4298 1152 4336 a
1185 4282 1405 4353 Caesare
1430 4281 1699 4353 Augusto,
1728 4292 1791 4338 ut
1814 4282 2226 4353 describeretur
2250 4282 2548 4338 universus
2570 4282 2745 4344 orbis,
2772 4290 2827 4338 et
2850 4282 3005 4353 ibant
3025 4298 3218 4341 omnes
3246 4283 3300 4336 in
3331 4297 3489 4340 suam
3516 4282 3787 4353 civitatein,

534 4349 738 4422 Josepb
778 4359 983 4416 autem,
1020 4353 1165 4407 ﬁlius
1199 4352 1389 4419 David,
1424 4349 1675 4408 ascéndit
1704 4354 1772 4422 de
1814 4352 2089 4408 Nazareth
2118 4354 2172 4407 in
2200 4353 2520 4409 Bethlehem
2550 4353 2827 4407 civitatem
2860 4352 3051 4414 David,
3086 4364 3145 4407 ut
3166 4354 3517 4422 profiteretur
3549 4369 3673 4408 cum
3705 4350 3791 4405 la-

536 4421 618 4474 ria
642 4421 972 4492 desponsata
1010 4424 1116 4477 sibi
1168 4439 1340 4478 uxore
1372 4431 1707 4493 praegnante.
1753 4421 1964 4493 lmpleti
2016 4432 2145 4478 sunt
2187 4431 2366 4478 autem
2404 4423 2523 4477 dies
2550 4432 2609 4476 ut
2631 4433 2866 4493 pareret,
2897 4432 2950 4476 et
2990 4421 3200 4493 peperit
3227 4425 3395 4477 filium
3428 4439 3601 4493 suum
3630 4424 3789 4493 prim-

536 4494 802 4560 gcnitum,
839 4502 894 4547 et
929 4493 1127 4564 pannis
1157 4509 1281 4549 eum
1321 4492 1550 4549 involvit
1578 4503 1633 4550 et
1663 4492 1949 4549 reclinavit
1980 4509 2105 4548 eum
2143 4494 2198 4547 in
2234 4494 2532 4565 praesepio;
2569 4492 2697 4563 quia
2729 4509 2837 4549 non
2872 4492 3094 4549 erat’eis
3125 4494 3279 4548 locus
3315 4495 3369 4548 in
3404 4492 3705 4549 diversorio
3728 4493 3787 4544 ’.ι

607 4586 744 4661 Cum
773 4588 1030 4645 Christus
1048 4600 1218 4661 natus
1251 4587 1468 4661 fuisset,
1504 4589 1673 4661 magi,
1720 4589 1882 4647 stella
1914 4588 2060 4644 duce
2112 4595 2384 4644 venerunt
2431 4588 2500 4643 ab
2535 4587 2779 4654 Oriente,
2808 4585 3202 4657 Christumque
3252 4587 3549 4641 adorantes
3603 4585 3791 4639 obtule-

536 4666 669 4713 runt
696 4658 746 4713 ei
773 4674 991 4723 aurum,
1020 4660 1149 4715 thus
1177 4668 1232 4715 et
1255 4660 1558 4731 myrrham.

608 4750 717 4805 Ter
754 4749 1007 4806 diabolus
1036 4757 1209 4806 tentat
1246 4750 1528 4806 Christum
1567 4764 1585 4806 :
1617 4749 1668 4806 ei
1696 4748 1899 4821 jejuno,
1933 4748 2145 4821 lapides
2206 4751 2262 4806 in
2298 4765 2493 4820 panem
2540 4747 2943 4804 convertendos
2986 4749 3278 4821 proponit;

3337 4762 3502 4817 regna
3553 4755 3709 4801 terra
3737 4744 3794 4796 ili

537 4818 898 4891 demonstrat,
934 4837 1056 4891 qua:
1079 4837 1138 4876 se
1160 4821 1235 4874 illi
1268 4836 1401 4891 esse
1422 4816 1712 4883 daturum,
1734 4816 1779 4875 si
1803 4816 2009 4876 cadens
2051 4816 2385 4885 adoraverit,
2421 4820 2732 4891 promittit;
2764 4816 3011 4875 statuens
3038 4816 3607 4891 autemillumisuper
3633 4818 3793 4891 pinna-

537 4889 719 4962 culum
750 4887 967 4961 templi,
992 4900 1051 4945 ut
1082 4892 1262 4945 mittat
1286 4906 1346 4946 se
1376 4890 1632 4946 deorsum
1658 4891 1736 4945 illi
1765 4892 1983 4959 suadet,
2009 4890 2054 4946 si
2084 4891 2258 4948 Filius
2275 4891 2371 4947 Dei
2400 4887 2504 4947 est.
2531 4888 2669 4944 Cum
2699 4891 2833 4945 nihil
2854 4890 3202 4962 profecisset,
3226 4887 3797 4962 ignoniiuiosedisceso

540 4962 632 5016 sit.
669 4960 727 5016 ln
761 4960 925 5017 tertio
949 4962 1196 5017 carmine
1229 4962 1504 5031 expositio
1536 4962 1757 5033 legitur.

608 5056 760 5113 Cibis
781 5065 962 5114 autem
998 5064 1059 5111 ut
1092 5056 1258 5111 homo
1291 5056 1553 5124 vescitur,
1587 5056 1683 5111 sed
1704 5071 1769 5111 ex
1797 5055 2036 5126 panibus
2070 5055 2315 5127 quinque
2342 5055 2511 5111 millia
2534 5056 2723 5113 satiat.
2750 5054 2978 5125 Legitur
3010 5054 3065 5109 in
3093 5053 3256 5108 tertio
3277 5054 3425 5111 loco.

609 5172 749 5243 Cum
767 5172 1027 5229 Christus
1076 5184 1222 5229 esset
1266 5174 1323 5227 in
1365 5173 1514 5227 Cana
1557 5172 1795 5229 Galilaza:
1819 5182 1987 5242 atque
2012 5172 2080 5228 ad
2108 5174 2331 5243 nuptias
2364 5180 2616 5233 vocatus.
2662 5171 2966 5227 deficiente
2995 5172 3154 5236 vino,
3188 5173 3297 5227 hoc
3337 5173 3389 5227 ei
3422 5180 3605 5226 mater
3631 5181 3795 5226 notum

540 5242 689 5315 fecit.
718 5240 871 5315 'lunc
906 5252 1151 5300 astantes
1175 5245 1343 5315 jussit
1366 5244 1594 5315 implere
1616 5245 1842 5315 bydrias
1870 5240 2037 5314 aqua,
2067 5240 2365 5315 vinumque
2384 5259 2452 5299 ex
2483 5245 2623 5314 aqua
2648 5243 2855 5297 factum
2900 5243 3101 5312 apponi
3128 5243 3381 5297 convivis
3406 5258 3732 5314 generosum
3752 5254 3799 5291 ac

540 5313 949 5369 suavissimum.

609 5424 864 5498 Christus
895 5441 924 5479 a
957 5426 1166 5483 Joanne
1195 5429 1251 5483 in
1291 5429 1529 5484 Jordane
1565 5428 1875 5498 baptizatus
1916 5444 1948 5484 a
1972 5428 2135 5485 Patre
2162 5407 2376 5498 acEcpit
2401 5427 2807 5498 testimonium
2829 5425 2976 5497 quod
3000 5434 3149 5484 esset
3182 5424 3360 5481 Filius
3395 5426 3513 5498 ejus
3554 5425 3779 5480 dilectus

540 5492 778 5569 Spiritus
810 5511 940 5552 vero
988 5499 1368 5555 sanctissimus
1416 5492 1687 5569 corporali
1744 5501 1928 5569 specie
1964 5500 2111 5555 sicut
2166 5492 2425 5555 columba
2474 5497 2765 5553 descendit
2795 5492 2864 5550 in'
2903 5498 3106 5569 ipsum.

538 5565 759 5635 legitur.

3161 5498 3219 5551 In
3270 5496 3511 5553 secundo
3573 5497 3775 5550 carivin

606 5658 861 5713 Christus
898 5659 952 5714 in
991 5657 1260 5734 navicula
1288 5660 1587 5734 dormiens,
1643 5670 1971 5733 tempestate
2016 5660 2351 5720 tremefactis
2386 5661 2701 5734 discipulis,
2746 5659 2985 5720 surrexit
3026 5669 3083 5716 et
3128 5659 3414 5730 imperant
3448 5658 3661 5722 ventis,
3706 5669 3778 5711 sta

536 5727 746 5798 timque
774 5744 924 5785 mare
953 5729 1215 5785 obediens
1247 5730 1419 5786 iratos
1458 5732 1656 5788 fluctus
1695 5727 1937 5789 sedavit.

603 5913 616 5941 ‘
664 5910 799 5966 Gen.
831 5926 979 5978 nux,
1014 5911 1100 5968 10.
1214 5915 1233 5944 ³
1258 5909 1389 5967 Luc.
1430 5913 1526 5979 ",7
1550 5929 1669 5985 sqq.
