3866 6520
135 494 243 550 475

758 622 975 676 ΛΟΓΟΣ
1010 625 1081 682 Ξ’.

387 708 491 776 Εἰς
534 712 857 767 Ἰουλιανόν
886 716 990 769 τὸν
1016 718 1309 785 ἐξισωτήν
1340 721 1434 791 (1).

140 799 166 855 1
196 803 423 870 Ὄμϐρῳ
445 803 664 872 διψάδα
685 805 859 874 γαῖαν
877 806 1244 874 ἀπέκλυσεν,
1263 810 1330 876 ὅς
1340 830 1445 881 μιν
1465 813 1704 881 ἔδησεν.

221 894 409 947 Ἠλίαν
448 895 539 947 τὸν
574 896 858 968 Θεσϐίτην,
892 894 1057 964 Οὗτος
1097 902 1205 970 γὰρ
1248 902 1705 973 προσευξάμενος,

137 988 230 1040 τὸν
270 989 494 1058 οὐρανὸν
520 989 805 1043 ἀπέκλεισε
855 994 1077 1061 χρόνους
1105 997 1251 1065 τρεῖς
1292 998 1382 1048 καὶ
1414 998 1585 1067 μῆνας
1624 997 1703 1062 ἒξ,

139 1080 236 1132 καὶ
263 1081 356 1133 τὸν
393 1081 594 1151 ὄμϐρον
625 1082 690 1134 δι’
720 1083 882 1153 εὐχῆς
912 1084 1081 1155 ἤγαγε
1123 1085 1259 1153 μετὰ
1288 1086 1348 1138 τὸ
1377 1087 1706 1157 καθιερῶσαι

138 1173 238 1243 τὴν
267 1172 477 1234 ουσίαν,
506 1176 743 1238 καὶτοὺς
776 1178 1059 1246 προφήτας
1089 1178 1581 1249 παραδειγματίσαι
1610 1182 1707 1250 τῆς

135 1266 425 1335 αἰσχύνης,
454 1265 517 1318 τὸ
539 1263 655 1319 ἴσον
684 1269 746 1320 οὑ
773 1268 1093 1339 δυνηθέντας
1122 1269 1185 1321 ὲκ
1212 1269 1310 1339 τῆς
1332 1269 1704 1341 προκλήσεως.

135 1358 329 1411 Κείται
358 1361 415 1412 ἐν
442 1358 518 1425 τῷ
545 1359 588 1428 β’
617 1358 775 1429 λόγῳ.

134 1450 174 1502 2
271 1452 485 1517 Ἄλλος
512 1454 559 1503 τ’
586 1451 655 1514 ἐξ
678 1450 910 1505 ὑδάτων
947 1450 1182 1517 ἥρπασε
1209 1451 1441 1519 κόσμον
1467 1451 1635 1505 ὅλον.

206 1543 314 1595 Τὸν
345 1542 469 1594 Νῶέ
496 1560 676 1611 φησιν.
711 1536 877 1606 Οὗτος
900 1544 1008 1614 γὰρ
1038 1544 1102 1595 ἐκ
1130 1543 1343 1596 πάντων
1369 1544 1476 1595 τῶν
1506 1543 1708 1613 θηρίων

133 1633 230 1685 καὶ
263 1631 473 1702 κτηνῶν
507 1633 600 1685 καὶ
626 1631 869 1702 ἑρπετῶν
920 1632 1345 1696 συναποκλείσας
1376 1635 1456 1697 είς
1503 1635 1599 1706 τὴν
1622 1653 1709 1688 κι-

133 1724 312 1777 ϐωτὸν
344 1723 550 1794 ἑαυτῷ,
584 1723 675 1777 τοῦ
706 1723 1085 1795 κατακλυσμοῦ
1117 1724 1393 1779 διέσωσεν.
1427 1726 1617 1780 Κεῖται
1649 1729 1706 1780 ὲν

130 1816 216 1886 τῷ
248 1815 295 1886 β’
319 1817 483 1885 λόγῳ.

130 1908 172 1962 5
197 1909 309 1962 Καὶ
329 1907 559 1963 νοῦσόν
573 1924 663 1973 τις
691 1906 931 1975 ἆρηξεν.

220 1999 519 2052 Ἐλισσαῖόν
566 2015 698 2068 φησι
732 1999 824 2052 τὸν
862 1998 1169 2069 προφήτην.
1204 1998 1346 2070 Πρὸς
1394 1998 1554 2053 αὑτὸν
1598 1997 1707 2070 γὰρ

127 2092 401 2161 Νεεμμὰν
450 2093 479 2144 ὁ
515 2089 683 2161 Σύρος
714 2089 910 2160 λεπρὸς
959 2089 1034 2142 ὢν
1067 2090 1430 2160 παρεγένετο,
1481 2091 1573 2142 καὶ
1622 2089 1710 2143 διὰ

126 2182 557 2253 προστάγματος
586 2180 679 2233 τοῦ
709 2183 985 2252 προφήτου
1014 2180 1341 2251 λουσάμενος
1373 2184 1429 2234 ὲν
1464 2181 1541 2252 τῷ
1579 2183 1710 2254 Ἰορ-

124 2273 266 2345 δάνῃ
296 2273 522 2345 ποταμῷ
557 2274 734 2345 ἀφῆκε
763 2274 862 2344 τὴν
886 2272 1093 2344 λέπραν
1113 2271 1276 2325 αὑτοῦ
1301 2272 1671 2343 καθαρισθείς.

738 2368 840 2430 ’ος
866 2362 917 2416 δ’
947 2363 1016 2417 ἐκ
1046 2362 1322 2433 πολέμων
1341 2362 1633 2419 ἐσάωσεν.

200 2456 476 2526 Δέγειτὸν
499 2455 593 2510 τοῦ
620 2456 776 2526 Ναυῆ
827 2454 1051 2524 Ἰησοῦν.
1092 2445 1259 2517 Οὗτος
1297 2452 1405 2525 γάρ
1437 2454 1527 2507 τὸν
1558 2453 1708 2525 ἥλιον

126 2552 342 2620 στήσας
390 2549 482 2600 καὶ
525 2548 625 2617 τὴν
659 2546 885 2617 σελήνην
905 2586 920 2611 ,
950 2546 1074 2609 τοὺς
1122 2544 1412 2615 πολεμίους
1444 2543 1661 2598 διώλεσε
1687 2559 1703 2574 ⁸

124 2642 229 2695 καὶ
255 2639 461 2709 Μωσῆς
496 2642 554 2692 ὲν
602 2636 680 2709 τῷ
713 2636 828 2708 ὄρει
864 2636 1219 2708 σταυροειδῶς
1256 2635 1353 2700 τὰς
1386 2638 1572 2707 χεῖρας
1616 2653 1706 2689 τε-

119 2747 276 2784 τυπο
298 2729 453 2799 μένος
478 2768 493 2791 ,
522 2728 614 2781 τὸν
646 2727 892 2797 Ἀμαλὴκ
916 2726 1159 2799 ἔτρεψεν.

202 2818 373 2871 Πάλιν
404 2818 494 2870 τὸν
524 2816 725 2869 Γεδεὼν
764 2816 1076 2871 αἰνίττεται.
1106 2810 1276 2881 Οὗτος
1310 2815 1418 2889 γὰρ
1459 2817 1549 2871 τὸν
1586 2818 1709 2871 Μα-

119 2903 267 2973 διάμ
312 2903 443 2955 ὡσεὶ
493 2903 685 2956 ἑκατὸν
723 2902 925 2974 χιλιάσι
972 2904 1141 2957 εἴκοσι
1168 2945 1183 2969 ,
1217 2904 1334 2975 ἆμα
1377 2906 1708 2977 τριακοσίοις

120 2996 393 3062 ἐπάταξε.
424 2997 527 3049 Σὺν
551 2995 699 3067 αὑτῷ
734 2997 843 3067 γὰρ
868 2996 1244 3068 ἀθροισθέντος
1275 2996 1403 3049 λαοῦ
1438 2997 1573 3069 πρὸς
1601 3014 1707 3049 πα-

123 3087 364 3160 ράταξιν
388 3087 642 3159 Μαδιάμ,
677 3088 1007 3159 προσέταξεν
1038 3087 1184 3158 αὑτῷ
1211 3088 1241 3140 ὁ
1273 3086 1403 3151 Θεὸς
1437 3087 1532 3140 τὸν
1582 3086 1707 3167 λαὸν

123 3181 467 3247 καταγαγεῖν
491 3180 571 3241 είς
591 3178 653 3231 τὸ
677 3178 819 3250 ὕδωρ
841 3218 856 3243 ,
884 3180 977 3232 καὶ
1007 3178 1113 3232 τῶν
1135 3179 1445 3233 λαπτόντων
1468 3181 1534 3249 τῇ
1566 3178 1709 3250 χειρὶ

120 3270 298 3334 κυνὸς
324 3269 506 3341 τρόπῳ
534 3271 775 3339 ἐπισχεῖν
794 3286 810 3303 ο
840 3270 931 3324 τὸν
962 3270 1019 3324 δὲ
1047 3271 1228 3326 λοιπὸν
1276 3271 1403 3325 λαὸν
1442 3270 1708 3341 ἀποστρέ-

120 3362 254 3432 ψαι.
291 3361 495 3413 Τούτου
523 3360 581 3413 δὲ
615 3360 940 3430 γενομένου,
990 3362 1312 3433 τριακοσίων
1368 3360 1543 3431 μόνων
1597 3359 1707 3413 τῶν

120 3452 422 3522 λαψάντων
447 3450 795 3521 ὑπαρχόντων
816 3494 830 3517 ,
865 3449 1131 3521 κατῆλθεν
1171 3451 1263 3504 ἐπὶ
1297 3449 1397 3521 τὴν
1426 3447 1708 3521 παρεμϐο-

1179 509 1268 562 Ai)
1298 510 1603 565 CARMINA
1647 514 1702 565 S.
1747 513 2073 569 GliEGORll
2116 515 2366 570 TllEOL.

1742 672 1747 681 .
1806 633 1904 696 τὰς
1943 633 2127 703 ὑδρίας
2174 635 2232 687 ὲν
2280 628 2368 697 αἶς
2424 632 2665 703 ὑπῆρχον
2713 634 2768 684 αί
2823 630 3142 703 λαμπάδες,
3182 632 3384 695 ταύτας

3280 516 3384 571 474

1808 725 2135 790 ἐξετίναξαν,
2161 726 2258 779 καὶ
2288 725 2383 797 τὴν
2412 724 2763 795 παρεμϐολὴν
2796 724 3015 795 Μαδιάμ
3047 726 3383 795 μετέστησαν

1807 819 2202 887 ὲκταράξαντες
2226 836 2239 849 ·
2268 818 2361 871 καὶ
2392 818 2665 887 μάχαιραν
2700 816 2890 886 ἀνδρὸς
2918 818 3008 870 ἐπὶ
3037 818 3126 870 τὸν
3156 817 3383 886 πλησίον

1806 910 1969 964 αὑτοῦ
1995 910 2192 981 Κύριος
2214 909 2399 972 ἔδωκε,
2425 909 2517 961 καὶ
2548 907 2792 960 ἀπώλετο
2813 909 2962 960 πᾶσα
2979 911 3011 975 ή
3038 908 3378 979 παρεμϐολή·

1807 1002 1901 1053 καὶ
1929 1002 2051 1063 τοὺς
2083 999 2317 1069 βασιλεῖς
2345 998 2523 1051 αὑτῶν
2551 997 2640 1051 τὸν
2668 997 2827 1049 Ζεϐεὲ
2849 998 2939 1049 καὶ
2980 997 3255 1066 Σαλμανᾶ,
3286 998 3379 1049 καὶ

1806 1092 1931 1154 τοὺς
1962 1091 2224 1162 ἄρχοντας
2265 1089 2444 1143 αὑτῶν
2480 1090 2571 1143 τὸν
2614 1088 2775 1159 Ὠρὴϐ
2814 1088 2907 1141 καὶ
2932 1088 3023 1141 τὸν
3048 1088 3156 1157 Ζὴϐ
3190 1088 3382 1142 συλλα-

1808 1183 2031 1253 ϐόμενος
2055 1223 2069 1245 ,
2108 1184 2165 1233 ἐν
2195 1182 2419 1250 στόματι
2452 1180 2636 1248 ξίφους
2663 1180 2893 1235 ἀνεῖλεν.

1876 1274 1985 1326 Καὶ
2012 1269 2199 1342 Βαράκ
2232 1272 2324 1324 καὶ
2363 1271 2622 1342 Δεϐώρρα
2663 1270 2798 1341 γυνὴ
2829 1270 2917 1323 τὸν
2945 1269 3073 1322 λαὸν
3104 1268 3379 1339 κακούμε-

1807 1378 1894 1414 νον
1928 1361 2029 1414 ὑπὸ
2052 1360 2270 1431 Μαδιάμ
2302 1359 2581 1423 ἐξείλοντο,
2610 1361 2702 1411 καὶ
2742 1359 2949 1429 Σισάρᾳ
2983 1358 3215 1429 πόλεμον
3254 1375 3381 1409 συν-

1807 1455 2038 1525 ἅψαντες
2062 1494 2077 1519 ,
2128 1455 2221 1506 καὶ
2258 1451 2445 1505 τοῦτον
2480 1451 2913 1521 τροπωσάμενοι.
2946 1452 3049 1503 Τὸν
3088 1451 3145 1503 δὲ
3176 1450 3379 1521 Σισάρα

1805 1547 2023 1615 γυναικὶ
2056 1544 2466 1615 προσφυγόντα,
2507 1543 2602 1594 καὶ
2649 1542 2773 1613 δίψῃ
2825 1541 3374 1612 φλεγόμενον,’1α6ὴλ

1805 1637 1861 1691 δὲ
1889 1638 2057 1707 ὄνομα
2081 1639 2146 1707 τῇ
2176 1636 2411 1704 γυναικὶ.
2440 1635 2542 1687 ὑπὸ
2565 1634 2664 1704 τὴν
2699 1636 2901 1704 σκηνὴν
2921 1632 3207 1703 δεξαμένη,
3238 1632 3378 1699 γάλα

1807 1730 2113 1791 ποτίσασα,
2168 1727 2497 1796 καθευδῆσαι
2532 1724 2719 1778 τοῦτον
2767 1724 2860 1777 καὶ
2912 1724 3378 1777 διαναπαύσασθαι

1808 1821 2018 1875 πείθει·
2059 1822 2153 1873 καὶ
2180 1821 2277 1890 τῆς
2313 1822 2376 1871 ὲκ
2403 1817 2496 1870 τοῦ
2557 1816 2723 1869 ὕπνου
2751 1815 3024 1886 λαϐομένη
3077 1814 3376 1886 εὐκαιρίας,

1812 1910 2043 1982 ἰσχυρῶς
2091 1908 2518 1970 ὲπισκελίσασα,
2566 1906 2656 1958 τὸν
2706 1904 2979 1959 πάσσαλον
3028 1906 3126 1975 τῆς
3177 1905 3379 1974 σκηνῆς

1806 1998 1981 2067 ἤγαγε
2012 1998 2151 2052 κατά
2176 1996 2268 2049 τοῦ
2300 1996 2498 2065 γνάθου
2526 1996 2764 2067 Σισάρα,
2814 1996 2906 2047 καὶ
2947 1995 3263 2066 προσήλωσε
3308 1995 3376 2065 τῇ
3444 2030 3455 2041 .

1807 2092 1876 2160 γῇ
1903 2089 2133 2160 οἰκτρῶς
2156 2086 2527 2159 ὑποτρὺξοντα
2552 2086 2645 2138 καὶ
2666 2088 2777 2149 τοῖς
2806 2084 3006 2156 ταύτης
3039 2087 3229 2156 μηροῖς
3253 2086 3380 2138 ὑπο-

1809 2180 2150 2251 σκαρίζοντα.

1871 2273 1980 2326 Καὶ
2011 2270 2244 2342 Σαμψὼν
2282 2267 2601 2339 Ναζωραῖος
2646 2266 2779 2321 Θεοῦ
2802 2308 2815 2330 ,
2854 2267 3042 2319 λέοντα
3092 2263 3378 2319 διέσπασεν

1806 2361 1936 2415 ὡσεὶ
1960 2361 2166 2434 ἔριφον,
2190 2362 2281 2414 καὶ
2306 2359 2508 2430 χιλίους
2537 2359 2743 2412 ἀνεῖλεν
2774 2358 2971 2429 ἄνδρας
2992 2356 3112 2409 ὄνου
3146 2356 3375 2424 σιαγόνι,

1807 2452 1934 2525 παρ’
1978 2449 2045 2525 ἦς
2079 2454 2171 2506 καὶ
2230 2452 2449 2522 διψῶντι
2493 2450 2698 2521 ψυχρὸν
2729 2449 2871 2522 ὕδωρ
2920 2446 3066 2518 αὑτῷ
3100 2448 3194 2500 καὶ
3236 2446 3379 2517 μάλα

1804 2545 1973 2613 γλυκὺ
2022 2544 2275 2615 ἀνεδόθηο
2312 2544 2406 2596 καὶ
2436 2541 2609 2604 πύλας
2641 2542 2845 2603 πόλεως
2880 2540 3022 2611 ἰσχύϊ
3048 2540 3243 2610 χειρῶν
3273 2541 3376 2592 άπ-

1804 2634 2038 2700 έσπασε,
2066 2634 2159 2687 καὶ
2194 2634 2373 2703 φέρων
2400 2634 2476 2695 εἰς
2507 2632 2631 2703 ὄρος
2669 2632 2954 2701 ἀνέτρεχεν
2986 2629 3184 2699 ὑψηλὸν
3216 2646 3381 2681 νωτο-

1805 2725 1964 2794 φόρος
1983 2740 1997 2755 ⁸
2028 2724 2121 2775 καὶ
2142 2723 2318 2795 χιλίας
2346 2724 2465 2785 ταῖς
2496 2722 2713 2792 κέρκοις
2735 2719 3020 2782 ἀλώπεκας
3045 2719 3376 2790 προσδήσας,

1804 2812 2091 2883 λαμπάδας
2125 2813 2267 2883 ἀμφὶ
2300 2812 2399 2876 τὰς
2446 2812 2675 2883 κέρκους
2716 2812 2963 2880 ὑφάψας,
3016 2812 3123 2863 τῶν
3153 2812 3381 2880 ἀλλοφύ-

1804 2905 1909 2958 λων
1937 2905 2235 2976 ἐνέπρησεν
2270 2902 2511 2975 ἁμητοὺς
2538 2920 2551 2933 ο
2582 2904 2676 2957 καὶ
2715 2904 3010 2965 πασσάλοις
3062 2902 3201 2955 ἑπτά
3251 2904 3381 2968 τοὺς

1806 2996 2132 3069 βοστρύχους
2166 3000 2370 3060 καινοῖς
2415 2996 2620 3049 κάλωσι
2657 2995 3135 3065 συνυφασμένους,
3171 2993 3246 3057 ὡς
3285 2995 3378 3047 οὑ-

1803 3088 1950 3152 δενὸς
1981 3087 2133 3151 ὄντος
2164 3087 2415 3154 ἐξείλετο,
2452 3088 2546 3139 καὶ
2583 3086 2812 3157 δεσμοὺς
2845 3085 3040 3159 χειρῶν
3075 3086 3168 3138 καὶ
3205 3082 3380 3137 ποδῶν

1800 3180 2073 3252 διέρρηξε
2102 3178 2410 3251 κραταιῶς,
2442 3178 2606 3249 εὐχῆς
2643 3179 2800 3249 χάριν
2832 3178 3230 3252 ἀκερσεκόμης.
3268 3177 3382 3230 Να-

1803 3269 2030 3340 ζωραῖος
2056 3269 2165 3340 γὰρ
2194 3264 2283 3340 ἦν.
2327 3268 2465 3321 Ἀλλ’
2501 3269 2588 3321 ὅτε
2625 3269 2879 3337 γυναικὸς
2910 3267 3158 3338 ἡττηθεὶς
3183 3267 3380 3339 ἐξεφή-

1800 3379 1930 3414 νατο
1968 3362 2275 3433 ἀπόρρητον
2296 3402 2310 3426 ,
2352 3359 2556 3423 ἁλωτὸς
2583 3356 2671 3431 ἦν,
2702 3361 2799 3431 τῆς
2828 3360 3005 3429 κόμης
3058 3358 3382 3430 άποκαρθεί-

1804 3468 1903 3521 σης
1937 3451 2086 3522 αὐτῷ
2104 3469 2116 3480 ·
2143 3450 2235 3503 καί
2260 3466 2325 3519 γε
2356 3448 2465 3502 τῶν
2492 3445 2762 3519 πολεμίων
2790 3448 3115 3520 ὑπορυχοεὶς
3134 3448 3378 3518 ὄμματα,

119 3547 232 3619 λὴν
262 3545 455 3608 νυκτὸς
478 3546 535 3597 ὲν
561 3545 809 3615 λαμπάσι
837 3545 929 3598 καὶ
952 3543 1297 3615 κερατίναιςο
1323 3542 1417 3596 καὶ
1462 3544 1579 3605 ταῖς
1606 3541 1703 3613 μὲν
1804 3542 2022 3613 δέσμιος
2062 3544 2120 3595 ὲν
2158 3543 2292 3613 οἴκῳ
2329 3539 2637 3611 καθήμενος
2666 3540 2910 3609 φυλακῆς
2936 3579 2950 3603 ,
2981 3543 3172 3611 πυροῖς
3207 3539 3385 3611 ῥοιζη-

122 3636 451 3709 κερατίναις
478 3634 774 3689 ὲσάλπισαν
802 3635 859 3687 αἱ
885 3636 1032 3707 τρεῖς
1055 3634 1137 3689 ἀν’
1169 3632 1363 3687 ἑκατὸν
1390 3633 1577 3703 ἀρχαὶ,
1609 3631 1704 3685 καὶ
1806 3632 1894 3687 δὸν
1925 3631 2259 3704 ταχυδρὸμον
2308 3630 2477 3699 μῦλον
2528 3630 2774 3701 ὲφείλκεν
2825 3631 3140 3701 ἁείστροφον
3164 3645 3177 3659 ⁸
3211 3627 3383 3701 μικρά

1155 3852 1377 3910 Carmen
1412 3854 1532 3909 LX.
1570 3854 1636 3910 In
1663 3855 1939 3909 Jultanum
1974 3869 2381 3928 exequatorem.

214 3942 664 4028 Eliag‘Tbesbitaa
696 3945 911 4028 mentio.
933 3944 1011 4028 fit.
1050 3942 1149 3999 llic
1180 3930 1479 4028 postquam
1513 3947 1681 4028 Deum
1709 3948 2040 4028 adorasset.
2061 3950 2259 4005 coelum
2291 3965 2385 4017 per
2415 3962 2525 4028 tres
2566 3969 2761 4028 annos,
2796 3968 3010 4028 menses
3041 3969 3131 4007 sex
3152 3953 3384 4028 clausit.

137 4024 317 4083 atque
342 4015 535 4069 iterum
584 4014 870 4093 precando
899 4014 1126 4093 imbrem
1161 4014 1540 4093 deduxitpost
1580 4018 1813 4073 hostiam
1858 4020 2192 4074 immolatam
2239 4014 2305 4074 et'
2330 4023 2642 4080 sacerdotes
2688 4026 2754 4077 ad
2793 4024 3053 4092 pudoretn
3097 4014 3387 4093 adductos,

132 4100 386 4155 quorum
418 4099 603 4154 preces
634 4086 771 4140 nihil
800 4085 906 4139 tale
936 4086 1235 4153 producere
1272 4085 1539 4141 valebant.

212 4176 429 4255 Deifioe
460 4195 638 4235 sermo
660 4190 760 4235 est.
791 4177 888 4234 Hic
918 4196 1041 4255 eum
1072 4195 1142 4255 εξ
1163 4180 1419 4255 omnibus
1446 4180 1655 4246 bestiis,
1676 4179 1939 4251 jumentis
1965 4188 2020 4235 et
2052 4181 2334 4252 reptilibus
2371 4184 2523 4254 paria
2558 4183 2769 4255 singula
2798 4185 2851 4240 itt
2896 4201 3023 4240 arca
3052 4184 3381 4251 iuclusisset,

130 4248 336 4304 diluvii
377 4260 613 4318 tempore
642 4266 704 4305 ea
733 4251 969 4305 servavit
1002 4250 1312 4305 incolumia.

213 4342 446 4418 Elisaeus
484 4344 772 4418 propheta.
826 4343 904 4418 Ad
940 4358 1072 4418 eum_
1098 4340 1339 4396 Naaman
1392 4342 1559 4414 Syrus
1600 4343 1750 4413 lepra
1788 4352 2061 4415 aegrotans
2103 4345 2282 4413 venit,
2325 4345 2551 4417 ejusque
2583 4347 2741 4418 jusso
2778 4347 3055 4412 obediens,
3092 4357 3384 4418 postquam

131 4427 353 4483 corpus
387 4415 443 4467 in
476 4411 711 4468 Jordaue
741 4414 977 4477 lavisset,
1000 4428 1031 4467 a
1062 4414 1208 4482 lepra
1240 4411 1503 4483 purgatus
1530 4424 1631 4469 est.

211 4510 408 4575 Josue,
440 4510 584 4564 filius
624 4509 789 4573 Nave.
829 4509 943 4581 sole
984 4519 1035 4562 et
1065 4508 1190 4563 luna
1218 4519 1360 4565 stare
1386 4509 1576 4581 jussis,
1606 4508 1793 4565 hostes
1818 4510 2034 4576 cecidit,
2065 4511 2207 4566 sicut
2245 4521 2298 4567 et
2341 4509 2539 4578 Moses,
2585 4513 2839 4570 manibus
2880 4511 3057 4568 crucis
3099 4511 3167 4567 ad
3210 4512 3383 4571 instar

126 4581 414 4645 extensis,
450 4595 629 4650 regem
660 4580 880 4634 Amalec
910 4578 1135 4649 fugavit.

211 4671 491 4727 Gedeonis
521 4672 845 4751 mentionem
879 4670 1133 4751 [θεὴηυί
1168 4685 1292 4725 cum
1328 4672 1583 4751 trecentis
1615 4671 1749 4751 viris
1776 4671 2117 4751 Madian‘itas.
2146 4682 2364 4728 centum
2396 4674 2586 4743 viginti
2630 4674 2795 4729 millia
2829 4690 3079 4751 numero,
3114 4674 3378 4751 pervicit;

129 4758 379 4811 cumque
408 4757 624 4815 omnem
662 4742 919 4815 populum
954 4741 1072 4795 belli
1106 4756 1269 4794 causa
1312 4752 1500 4796 contra
1529 4741 1744 4796 Madian
1798 4743 2016 4815 gerendi
2046 4745 2207 4815 adse
2246 4741 2624 4809 convocasset,
2656 4747 2909 4815 praecepit
2940 4746 2989 4798 ei
3026 4741 3292 4799 Dominus
3320 4758 3380 4800 ut

128 4828 337 4867 omnes
364 4813 433 4865 ad
458 4813 927 4883 flumen'duceret,
959 4820 1013 4864 et
1045 4826 1139 4865 eos
1176 4824 1420 4883 seorsum
1453 4822 1730 4881 separaret
1757 4814 1849 4881 qui
1879 4812 2207 4868 lamhueriut
2232 4830 2403 4883 aquas
2430 4815 2571 4868 sicut
2592 4812 2771 4869 solent
2798 4812 2960 4868 canes
2988 4815 3244 4877 lambere,
3271 4831 3377 4869 ca:-

131 4892 313 4935 teraut
354 4892 535 4935 autem
567 4882 963 4952 multitudinem
996 4881 1419 4952 retrotnitteret.
1448 4882 1580 4935 Cum
1616 4884 1870 4937 trecentis
1902 4883 2082 4952 igitur.
2117 4892 2189 4936 tot
2226 4881 2369 4936 enim
2402 4885 2743 4938 lamhueraut
2774 4900 2993 4952 aquam,
3024 4901 3086 4938 ea
3122 4895 3284 4938 noete
3305 4887 3373 4940 ad

128 4963 324 5007 castra
349 4952 652 5017 descendit,
680 4962 733 5005 et
760 4951 909 5005 dedit
944 4951 1219 5019 lampades
1250 4952 1302 5004 itt
1337 4953 1584 5007 manibus
1613 4969 1802 5008 eorum
1830 4963 1882 5007 et
1923 4951 2165 5017 lagenas.
2198 4952 2264 5005 Et
2297 4970 2417 5007 cum
2453 4956 2699 5009 huccinis
2732 4956 3063 5009 clanxtsseut
3091 4964 3202 5007 tres
3242 4969 3374 5009 cen-

132 5023 393 5076 turiones
420 5022 891 5093 hydriasquepum
926 5021 1264 5088 lampadibus
1307 5022 1623 5090 agitassent.
1652 5032 1829 5076 castra
1856 5022 2073 5093 lliadian
2101 5023 2328 5077 confusa
2361 5035 2490 5077 sunt
2515 5041 2623 5093 pra:
2655 5026 2848 5077 timore
2892 5041 2905 5093 ς
2942 5024 3105 5077 unius
3143 5024 3196 5076 in
3237 5025 3375 5078 alte-

132 5109 262 5145 rum
293 5090 530 5165 gladium
559 5090 716 5145 vertit
748 5090 1025 5165 Dominus,
1058 5099 1278 5165 totaque
1307 5102 1485 5165 castra
1518 5091 2053 5165 perierunt._G_edeou
2085 5104 2267 5147 autem
2302 5110 2426 5148 cum
2457 5090 2609 5165 reges
2640 5109 2827 5149 eorum
2873 5092 3044 5148 Zehee
3071 5102 3126 5148 et
3160 5094 3375 5149 Salma-

130 5178 208 5215 ιι]
230 5158 469 5231 cepisset
500 5178 605 5215 uua
640 5177 763 5223 cum
791 5162 1020 5216 ducibus
1050 5158 1205 5214 Oreb’
1224 5170 1278 5215 et
1306 5160 1436 5228 Zeh,
1469 5158 1534 5216 it't'
1554 5178 1647 5217 ore
1677 5163 1836 5232 gladii
1877 5163 2164 5218 interfecit.

211 5253 389 5306 Barac
415 5262 466 5306 et
501 5252 713 5325 Debora
750 5255 942 5325 mulier
964 5262 1222 5324 populum
1241 5268 1508 5325 vexatum
1553 5271 1583 5309 ε
1623 5256 1875 5309 manibus
1904 5254 2117 5309 Madiau
2148 5257 2484 5325 eripuerunt,
2512 5264 2797 5324 postquam
2827 5255 2977 5309 illato
3003 5256 3200 5312 Sisara:
3230 5259 3373 5313 bello

131 5326 290 5377 hunc
322 5338 500 5390 regem
543 5323 839 5395 fugassent.
866 5323 1001 5379 Cum
1032 5323 1195 5395 igitur
1227 5324 1409 5380 Sisara
1449 5325 1516 5379 ad
1546 5326 1825 5379 mulierem
1868 5323 2244 5393 confugisset.‘
2266 5327 2466 5394 sitique
2512 5323 2801 5389 laboraret,
2835 5328 3043 5391 mulier,
3091 5328 3176 5381 cui
3219 5328 3372 5384 Jabel

132 5410 366 5456 nomen,
396 5409 520 5446 eum
549 5393 865 5452 introduxit.
896 5405 949 5448 et
977 5393 1098 5449 cum
1132 5397 1214 5450 lac
1245 5396 1539 5464 potandum
1573 5396 1812 5449 dedisset
1853 5396 1921 5447 ad
1952 5412 2202 5449 somnum
2235 5393 2555 5462 capiendum
2584 5398 2799 5449 hortata
2823 5406 2924 5450 est.
2957 5396 3094 5451 Tum
3126 5414 3372 5453 momen-

130 5474 196 5518 to
253 5465 521 5536 temporis
567 5474 875 5532 opportuno
917 5465 1073 5519 clavo
1118 5467 1334 5521 tentorii
1384 5466 1701 5521 dormientis
1743 5475 1955 5533 tempus
1997 5466 2147 5518 humi
2194 5467 2563 5536 transadegit,
2610 5467 2803 5520 misere
2845 5470 3106 5536 gementis
3147 5480 3204 5525 et.
3247 5471 3373 5525 sul»
3458 5482 3476 5503 ⁸

131 5535 417 5588 sultautis.

212 5629 449 5682 Samson
479 5626 770 5681 Nazaraeus
802 5628 919 5699 Dei,
952 5631 1159 5684 leonem
1189 5632 1331 5685 sicut
1367 5632 1573 5685 haedum
1610 5630 1910 5691 dilaniavit,
1941 5639 2264 5697 sumptaque
2293 5628 2432 5682 asini
2464 5630 2681 5683 maxilla
2715 5631 2862 5687 mille
2893 5631 3038 5687 viros
3078 5630 3370 5696 interfecit,

132 5715 201 5753 ex
233 5714 341 5766 qua
374 5699 572 5771 dehinc
602 5699 963 5770 sitientiaqua
1004 5701 1321 5771 dulcissima
1346 5703 1542 5769 erupit.
1574 5699 1733 5755 Urbis
1759 5716 1976 5770 quoque
2005 5709 2188 5768 portas
2213 5700 2445 5771 hracltiis
2475 5701 2675 5755 avulsit
2698 5703 3053 5771 humerisque
3082 5702 3369 5770 impositas

135 5771 193 5825 in
230 5770 433 5824 montis
465 5784 725 5822 cacumen
753 5775 1004 5839 portavit.
1054 5770 1194 5828 Mille
1236 5773 1376 5828 idem
1408 5773 1592 5841 vulpes
1626 5772 1814 5827 caudis
1860 5772 2107 5841 alligatas
2142 5770 2482 5840 lampadibus
2514 5788 2721 5829 messes
2771 5770 3199 5844 alienigenatum
3245 5787 3371 5830 suc“

209 5950 295 6022 (ι)
322 5949 420 6005 Ed.
452 5967 578 6007 nov.
616 5966 668 6021 p.
708 5951 857 6009 lOl7.
