3866 6542
111 368 190 424 ml
1075 355 1170 410 AD
1205 355 1514 448 CA'RMINA
1551 358 1611 415 S.
1654 358 1986 418 GREGORII
2029 364 2282 421 THEOL.

107 487 231 539 λίαν⁸
252 478 377 545 λέγει
405 473 456 527 δέ
481 473 559 526 ὅτι
609 473 704 526 καὶ
731 472 955 527 Πλάτων
981 475 1246 547 κέχρηταί
1267 449 1410 530 τισιν
1437 478 1640 548 ὀνόμα-

109 594 194 638 σιν,
221 573 294 639 ἐφ’
323 563 394 630 οἷς
419 563 628 634 ὀμνύειν
651 565 843 627 ἐδόκει,
869 568 963 619 καὶ
994 568 1227 638 μάλιστα
1250 575 1315 642 τῇ
1336 572 1594 645 πλατάνῳ
1617 583 1633 596 .

102 667 206 728 τοὺς
229 663 278 715 δὲ
302 659 478 720 ἄλλους
525 659 739 726 σοφοὺς,
773 660 869 712 Μιί
916 660 984 714 τὸ
1031 660 1362 730 δαιμόνιον,
1410 663 1636 733 ὀμνύειν

107 762 287 813 ξωσεν.

109 775 140 813 ει
193 775 287 808 σεν.

109 775 286 904 ΛῗῖΟΣ
309 841 581 906 ΡΜΕ’.Είς
597 840 859 910 ἐμαυτόν
880 844 977 897 καὶ
998 845 1128 915 περὶ
1147 845 1599 918 ἐπισκόπωνμ).

100 940 184 993 5θῦ
210 935 308 1007 Μή,
317 950 408 1002 μοι
446 932 512 985 τὰ
543 932 830 1007 ξέιιστου,
873 937 1031 1007 μηδέ
1072 939 1387 1006 Πύρρωνος
1421 940 1632 1007 πλέκε,

100 1009 184 1064 5οί
209 1006 530 1078 Χμέίῖιξεξρς
561 1003 990 1078 ἔρῤεινμςικράν
1018 1009 1055 1078 ὀ
1084 1003 1491 1078 Στάγειρίῖης.

97 1078 182 1134 505
206 1071 353 1142 Μηδέ
377 1071 689 1138 Πλάτωνος
718 1071 928 1144 σίτέργε
971 1076 1085 1144 τὴν
1111 1071 1499 1148 εῠγίλώττὶὰν.

153 1169 257 1223 Τῶν
302 1163 627 1219 ἀπαιδεύτων
667 1168 695 1219 6
731 1166 994 1237 Θεολόγος
1037 1169 1467 1242 καθαπτόμενος,
1512 1169 1635 1226 κατ’

93 1263 372 1332 ἀντίφρασιν
390 1256 560 1311 ταῦτά
588 1275 770 1329 φησιν.
804 1260 1021 1333 Ἐπειδὴ
1051 1263 1158 1335 γάρ
1187 1247 1280 1316 τοῦ
1317 1264 1415 1335 μὲν
1447 1265 1634 1335 ἄρχειν

93 1358 169 1411 καὶ
225 1351 562 1422 καθηγεῖσθαι
609 1350 740 1406 λαοῦ
803 1354 930 1424 περὶ
978 1353 1172 1409 πολλοῦ
1213 1356 1510 1420 ποιοῦνται,
1543 1359 1636 1411 καὶ

87 1449 167 1515 τῆς
193 1441 496 1497 ἀπαιδεύτου
528 1442 619 1494 καὶ
648 1441 899 1512 γλώσσης
929 1444 1024 1496 καὶ
1050 1445 1275 1517 γνώμης
1297 1447 1638 1518 ὑπεραπολο-

87 1536 323 1606 γούμενοι,
355 1533 477 1596 τοὺς
506 1534 806 1604 μακαρίους
831 1537 1179 1604 ἀποστόλους,
1207 1539 1282 1603 ὼς
1307 1540 1484 1603 ἁλιεῖς
1501 1539 1631 1607 εἷεν,

83 1628 149 1688 είς
174 1624 324 1694 μέσον
355 1621 737 1693 προφέρουσιν,
766 1626 967 1690 ἱκανῶς
998 1626 1286 1694 ἀποδείξας
1317 1629 1346 1680 6
1375 1628 1635 1696 Θεολόγος

84 1717 348 1788 Γρηγόριος
409 1715 541 1768 αὑτὸ
598 1715 755 1769 τοῦτο
778 1719 877 1789 τὴν
916 1721 1074 1790 χάριν
1101 1720 1192 1773 τοῦ
1211 1719 1524 1788 Πνεύματος
1559 1719 1634 1791 μὴ

81 1809 231 1870 ἄλλως
253 1809 298 1859 ει
328 1806 401 1877 μὴ
429 1805 510 1877 τῷ
537 1806 626 1860 διά
647 1807 898 1880 γλώσσης
931 1813 1044 1873 τοῖς
1072 1810 1388 1874 ἀποστόλοις
1416 1812 1474 1865 ἐν
1503 1811 1634 1864 εῖδει

82 1899 226 1968 πυρὸς
250 1897 596 1966 ἐπιφοιτῆσαι
622 1897 908 1969 δεδεῖχθαι,
936 1901 1244 1954 τελευταῖον
1267 1900 1445 1956 αὐτῶν
1475 1919 1638 1954 κατα-

82 1990 398 2062 μωκώμενος,
434 1991 530 2062 Μὴ
569 1991 638 2043 τά
685 1991 940 2051 Σέκστου,
978 1993 1133 2063 φησι,
1177 1992 1364 2056 πλέκε,
1401 1992 1534 2064 μηδέ
1567 1992 1636 2045 τά

79 2084 354 2155 Πύρρωνος,
409 2081 720 2153 φθειρέσθω
770 2083 828 2135 δὲ
876 2084 1224 2155 Χρύσιππος,
1267 2084 1550 2147 Πλάτωνος
1579 2084 1636 2137 δέ

79 2175 221 2246 μηδὲν
252 2174 605 2245 ήστωμυλία,
638 2176 701 2228 σὺ
723 2175 780 2228 δέ
817 2193 928 2246 μοι,
965 2180 1148 2246 φησὶν,
1189 2175 1268 2238 οἷς
1295 2177 1469 2240 δοκεῖς
1499 2193 1634 2248 προ-

76 2264 367 2327 καθέζεσθαι
402 2265 706 2334 φιλοσόφει,
738 2266 831 2319 καὶ
868 2267 968 2336 τὴν
1001 2267 1145 2330 λέξιν
1174 2265 1418 2331 πεζεύων
1448 2269 1636 2340 ἀγροι-

77 2359 300 2428 κοστόμει
322 2375 335 2388 ·
365 2357 534 2427 μόνον
579 2357 637 2410 δὲ
685 2357 900 2410 δίδασκε
946 2359 1072 2430 περὶ
1101 2359 1200 2430 τῆς
1231 2359 1458 2428 Τριάδος
1490 2360 1638 2425 ὅπως

74 2449 326 2518 ἑνιζόμενη
353 2449 638 2518 τέμνεται,
673 2449 768 2502 καὶ
813 2450 1121 2521 τεμνομένη
1157 2450 1502 2516 συνάπτεται,
1545 2452 1640 2504 καὶ

74 2542 182 2610 ἑξῆς
227 2543 348 2612 περὶ
387 2539 635 2610 Χριστοῦ
688 2540 1048 2612 παθημάτων,
1082 2542 1174 2595 καὶ
1216 2542 1420 2614 κόσμου
1457 2542 1550 2595 τοῦ
1578 2558 1638 2595 τε

75 2634 319 2703 μένοντος,
353 2631 450 2685 τοῦ
488 2649 557 2686 τε
584 2633 1019 2705 παριπταμένου,
1045 2634 1139 2687 καὶ
1159 2629 1240 2697 οἷς
1267 2634 1356 2686 τὸν
1377 2635 1640 2707 πρόεδρον

75 2726 348 2794 φιλοσοφεῖν
375 2725 513 2788 ἔδει,
537 2727 604 2779 δι’
625 2720 700 2780 ὧν
727 2743 786 2779 τε
821 2725 1182 2797 γνωρίζεσθαι
1206 2727 1458 2797 μάλιστα.

69 2819 158 2869 450
181 2819 369 2885 Σίμων
399 2815 615 2886 Μάγος
660 2816 822 2886 χθὲς,
863 2816 1131 2885 σήμερον
1156 2817 1376 2888 Πέτρος
1423 2817 1638 2888 Σίμων.

128 2906 294 2974 Σίμων
348 2906 377 2956 6
434 2907 634 2973 Μάγος
661 2907 769 2960 ἀπο
809 2906 999 2977 Γητθῶ
1030 2908 1128 2975 τῆς
1151 2909 1342 2978 κώμης
1375 2909 1638 2979 ὑπῆρχεν.

69 2992 212 3060 Οὗτος
237 2997 290 3050 δὲ
320 3000 378 3051 ἐν
434 2999 588 3069 ἀρχῇ
639 2998 733 3052 τοῦ
766 2998 1118 3072 κηρύγματος
1149 3000 1239 3054 τὸν
1270 3001 1424 3069 λόγον
1454 3002 1510 3053 ἐν
1543 3002 1641 3054 Σα-

72 3089 248 3158 μαρείᾳ
303 3091 815 3162 καταγγελλόμενον
847 3091 1085 3156 ἀκούσας
1124 3093 1229 3146 ὑπὸ
1255 3093 1517 3148 Φιλίππου
1543 3093 1638 3146 τοῦ

64 3179 338 3234 ἀποστόλου
390 3183 491 3234 καὶ
530 3181 822 3245 πιστεύσας
857 3181 1189 3256 ἐϐαπτίσθη·
1230 3183 1421 3256 Πέτρῳ
1443 3183 1500 3237 δέ
1528 3187 1639 3249 τοῖς

67 3276 253 3337 πιστοῖς
283 3273 632 3328 ἐπιτιθοῦντι
675 3274 773 3338 τὰς
807 3280 994 3348 χεῖρας
1018 3278 1113 3330 καὶ¹
1134 3276 1211 3349 τῷ
1242 3276 1519 3348 Πνεύματι
1547 3296 1637 3331 τε·

3205 361 3311 418 ειη

1739 481 1990 550 λειοῦντι,
2018 486 2327 557 προσελθὼν
2358 487 2386 539 6
2417 485 2597 556 Σίμων
2630 488 2744 556 μετ’
2771 483 3064 544 ἐπιδόσεως
3091 480 3284 551 χρημὰ
3309 515 3311 517 ι

1736 592 1843 629 των
1877 577 1995 648 ᾔτει
2016 578 2116 649 τὴν
2144 578 2304 649 χάριν
2337 576 2538 641 λαϐεῖν,
2561 578 2635 640 ὡς
2654 578 2718 630 ἂν
2739 572 2782 645 ᾧ
2804 575 2964 645 ἐπιθῇ
2994 574 3092 636 τὰς
3125 572 3314 642 χεῖρας

1735 668 1950 723 ἐπέλθοι
1975 670 2036 722 τὸ
2061 671 2283 742 Πνεῦμα
2310 671 2370 724 τδ
2397 673 2575 740 ἀγιον.
2619 670 2822 740 Πέτρος
2847 669 2902 721 δὲ
2941 663 3315 737 προσαπεκρί-

1743 783 1898 822 νατο·
1930 764 2000 820 Τὸ
2033 762 2315 833 ἀργύριόν
2345 776 2458 814 σου
2480 758 2602 812 σὺν
2632 758 2729 812 σοι
2751 761 2838 824 εις
2854 758 3175 818 ἀπώλειαν,
3220 755 3310 810 ὅτι

1743 859 1859 927 τὴν
1888 856 2063 927 χάριν
2086 853 2191 908 τοῦ
2219 852 2366 907 Θεοῦ
2403 850 2499 904 διὰ
2519 848 2834 919 χρημάτων
2861 850 3147 918 ἐνόμισας
3172 847 3313 912 κτή-

1743 953 1970 1005 σασθαι
1992 966 2007 979 ·
2036 949 2144 1000 οὐκ
2166 947 2339 1000 ἐστιν
2359 941 2474 998 οὖν
2495 959 2592 996 σοι
2611 941 2780 1012 μερὶς
2812 941 2954 994 οὐδὲ
2989 940 3212 1009 κλῆρος
3241 941 3313 993 ἐν

1742 1040 1824 1107 τῷ
1857 1043 2015 1109 λόγῳ
2035 1039 2242 1104 τούτῳ.
2278 1034 2498 1096 Πολλοῖς
2530 1032 2587 1084 δὲ
2611 1033 2722 1095 τοῖς
2753 1030 2888 1101 πρὸς
2913 1031 3074 1083 αὑτὸν
3105 1030 3312 1097 ἀγῶσιν

1745 1132 2040 1203 ἐναθλήσας
2066 1133 2094 1184 ὁ
2119 1128 2258 1190 θεῖος
2303 1125 2636 1187 ’Δπόστολος,
2670 1123 2819 1185 τέλος
2851 1123 2910 1174 ἐν
2943 1120 3128 1192 Ῥώμῃ
3150 1121 3310 1191 τέχνῃ

1750 1228 1955 1298 μαγικῇ
1973 1220 2314 1296 μεγαλαυχού
2324 1236 2480 1288 μενον
2505 1218 2594 1270 τὸν
2612 1217 2830 1286 Σίμωνα
2859 1213 3306 1285 μετεωρίζεσθαι,

1745 1319 1810 1372 δι’
1858 1316 2147 1382 ἐντεύξεως
2183 1312 2364 1381 κοινῆς
2409 1308 2611 1381 Πέτρος
2651 1308 2746 1360 καὶ
2776 1306 3007 1370 Παῦλος,
3045 1304 3314 1374 παρόντος

1744 1413 1996 1482 Νέρωνος
2023 1407 2116 1461 τοῦ
2145 1404 2428 1476 βασιλέως,
2457 1402 2516 1465 ἐξ
2534 1400 2701 1469 ὕψους
2736 1399 3090 1470 κατέρριψαν,
3130 1397 3313 1452 ἄθλιον

1743 1503 2117 1568 ἀποδείξαντες
2145 1500 2316 1569 μάγον
2336 1497 2425 1548 τὸν
2447 1495 2520 1559 ὡς
2541 1493 2889 1565 Παράκλητον
2907 1492 3094 1544 ἑαυτὸν
3113 1489 3315 1560 μεγαλ-

1747 1598 2032 1668 αυχοῦντα.
2062 1593 2263 1646 Τούτου
2299 1589 2630 1658 παρομοίους
2645 1588 2769 1647 τοὺς
2785 1585 2870 1638 διὰ
2888 1603 2991 1654 χρη
3002 1585 3183 1652 μάτων
3196 1584 3315 1634 ἐπι-

1737 1684 1948 1754 σκοπῆς
1977 1682 2014 1753 ἧ
2041 1700 2186 1746 τινος
2213 1678 2546 1754 προστασίας
2577 1676 2911 1749 κρατοῦντας
2951 1675 2978 1727 6
3017 1673 3321 1742 θαυμάσιος

1735 1778 1924 1850 κρίνας
1974 1777 2252 1844 Θεολόγος,
2312 1774 2495 1844 φησὶν,
2541 1773 2624 1825 ὅτι
2681 1769 2806 1840 χθὲς
2848 1767 3108 1836 ὑπάρχων
3138 1764 3323 1833 Σίμων

1735 1872 1945 1939 Μάγος,
1998 1871 2238 1940 σήμερον
2263 1866 2338 1928 ὥς
2370 1881 2453 1928 τις
2479 1864 2661 1934 Σίμων
2692 1861 2897 1932 Πέτρος
2927 1858 3021 1911 τοῦ
3053 1858 3320 1928 δόγματος

1735 1963 1882 2015 δοκεῖ
1913 1956 2366 2031 προκαθέζεσθαι.

1736 2054 1840 2108 454
1866 2054 2055 2106 Πόθεν
2071 2049 2262 2116 πένης
2285 2048 2389 2109 ὢν,
2417 2043 2520 2101 εἷθ’
2548 2038 3168 2116 ὐπερϐἁλγῖίονμῦρον

1736 2125 1842 2177 455
1887 2124 1996 2176 Τόν
2025 2108 2253 2186 Μῆδον,
2276 2119 2314 2186 ἢ
2362 2108 2467 2170 τὸν
2492 2108 2766 2186 Κροῖᾰον,
2796 2114 2832 2180 ἢ
2862 2108 3321 2186 Μςδανηπόροις

1737 2195 1839 2248 456
1877 2181 2183 2260 Μετῆλθες
2202 2181 2389 2255 εἰς’τὸ
2412 2181 2583 2256 ,βῆμα
2617 2185 2714 2238 καὶ
2747 2181 2980 2251 κρατεῖς
2995 2181 3240 2248 ορόνου;

1807 2289 1988 2359 Κῦρος
2012 2287 2209 2358 Μήδων
2248 2285 2498 2354 βασιλεὺς
2519 2285 2762 2354 ὑπῆρχεν
2789 2279 3040 2341 πλούσιος
3080 2274 3282 2344 σφόδρα
3304 2288 3318 2302 θ

1737 2382 1969 2453 Κροῖσος
2024 2379 2081 2432 δὲ
2119 2377 2308 2440 Λύδιος
2340 2373 2406 2448 ἦν
2435 2375 2773 2445 πολύχρυσος
2797 2370 2959 2439 ἄγαν.
2990 2370 3046 2421 '0
3070 2367 3124 2420 δὲ
3150 2364 3323 2453 Μίδας

1737 2450 1906 2542 Φρύξ·
1945 2470 2058 2524 ἀλλ’
2085 2469 2232 2538 ὅμως
2280 2464 2428 2536 αὑτῷ
2475 2465 2654 2517 πάντα
2689 2459 2887 2532 χρυσὸς
2915 2457 3104 2525 γέγονε
3145 2451 3212 2504 δι’
3235 2450 3326 2542 εὑέ⁵

1739 2569 1862 2640 χῆς,
1891 2565 2044 2633 δίκην
2079 2560 2228 2627 αὑτῷ
2267 2559 2364 2630 τῆς
2404 2556 2672 2628 ἀμετρίας
2717 2550 2988 2622 παρέχων.
3019 2547 3239 2600 Κεῖνται
3267 2541 3325 2592 δὲ

1738 2665 1796 2716 αἱ
1820 2659 1938 2714 κατ’
1959 2655 2124 2710 αὑτοῦ
2165 2652 2449 2722 ἐξηγήσεις
2477 2651 2535 2702 ἐν
2563 2650 2676 2710 τοῖς
2703 2646 2802 2716 ἤδη
2831 2641 3118 2712 λεχθεῖσιν.
3154 2634 3326 2705 Φησὶν

1739 2751 1831 2808 οὖν
1858 2753 1887 2806 6
1921 2750 2063 2813 θεῖος
2088 2746 2382 2817 Γρηγόριος
2413 2759 2425 2770 '
2466 2741 2654 2803 Πόθεν,
2678 2733 2722 2790 ὣ
2749 2731 2920 2797 οὗτος,
2949 2732 3116 2798 πένης
3148 2725 3325 2817 ὑπάρ-

1741 2857 1850 2912 χων
1877 2839 2004 2899 τοὺς
2027 2833 2300 2894 τοιούτους
2324 2828 2676 2901 ὑπερϐάλλων
2701 2824 2779 2895 τῷ
2811 2822 3025 2890 πλούτῳ
3061 2815 3325 2888 μετῆλθες

1742 2910 1823 2996 είς
1851 2930 1910 2985 τὸ
1941 2929 2088 3000 βῆμα
2118 2925 2212 2980 καὶ
2249 2925 2466 2996 κρατεῖς
2491 2921 2702 2991 θρόνου,
2732 2918 2822 2989 βία
2851 2915 2911 2968 τὸ
2933 2910 3184 2985 περισσὸν
3215 2924 3326 2980 χει-

1746 3022 2077 3095 ρωσάμενος,
2104 3019 2189 3071 ἵνα
2225 3017 2298 3087 μὴ
2329 3015 2472 3082 λέγω
2493 3013 2553 3066 τὸ
2585 3013 2722 3075 πᾶν;

1743 3136 1846 3190 457
1879 3131 2073 3188 Γενοῦ
2102 3127 2418 3198 Ζακχαῖος,
2449 3126 2575 3190 τοῖς
2589 3123 2705 3198 μέν
2729 3118 3143 3198 ἠδικημένοις-

1743 3206 1847 3260 458
1879 3204 1972 3272 Μὴ
2002 3190 2392 3272 πλεῖονίξιύτῦ
2418 3199 2484 3272 τό
2507 3190 2856 3272 κεφάλαιον,
2891 3194 2947 3272 εὶ.
2973 3190 3143 3268 δοκεῖ
3176 3256 3188 3272 .

1743 3277 1845 3333 ι59
1876 3261 2076 3330 Μόνον
2106 3269 2356 3334 κατάθες
2382 3285 2394 3297 ·
2426 3269 2497 3321 οὐ
2529 3261 2638 3336 γὰρ
2665 3264 2862 3334 φέρεις
2889 3261 2954 3314 τό
2976 3261 3083 3312 τοῦ
3116 3261 3321 3324 νόμου.

73 3596 728 3671 potiusformulamqua
760 3595 1141 3667 promissionis
1170 3609 1264 3656 aut
1302 3598 1477 3655 nuntii
1512 3598 1743 3667 alicujus
1775 3599 1904 3653 ﬁdes
1943 3599 2348 3656 corroboratur.
2379 3603 2558 3666 Addit,
2596 3601 2874 3655 Platonem
2908 3614 3125 3671 quoque
3151 3599 3315 3658 certis

74 3669 366 3725 nominibus
403 3668 633 3724 iurandi
656 3671 827 3740 gratia
848 3671 950 3734 uti,
988 3680 1045 3726 ut
1065 3673 1314 3742 platano;
1350 3671 1484 3726 alios
1525 3679 1707 3724 autem
1742 3671 2093 3740 philosophos
2120 3688 2212 3740 per
2241 3677 2445 3743 genium
2475 3675 2683 3744 jurare.

1035 3832 1320 3889 CARMEN
1345 3831 1551 3889 CXLV.
1577 3833 1655 3888 De
1678 3834 1866 3902 seipso,
1893 3843 1942 3888 et
1983 3833 2048 3888 de
2080 3835 2352 3905 episcopis.

127 3973 442 4042 Tbeologus
477 3973 542 4027 in
576 3973 824 4045 homines
852 3971 1152 4045 disciplinae
1179 3982 1428 4045 expertes
1460 3973 1720 4045 invehens
1746 3985 1859 4041 per'
1873 3973 2230 4045 antiphrasim
2255 3974 2513 4044 loquitur.
2550 3973 2644 4028 His
2672 3973 3006 4030 multitudini
3049 3973 3316 4045 imperare

68 4060 247 4113 magna
285 4054 502 4114 estres
541 4058 664 4112 quae
686 4043 801 4097 sine
831 4043 1162 4114 eloquentia,
1193 4045 1308 4098 sine
1339 4044 1505 4096 animi
1536 4043 1908 4112 magnitudine
1934 4043 2117 4114 perﬁci
2146 4060 2306 4112 posse
2331 4043 2406 4099 iis
2445 4045 2688 4109 videtur;
2721 4060 2890 4112 quare
2916 4047 3077 4098 etiam
3101 4043 3316 4114 aposto-

65 4113 137 4169 los
155 4111 318 4167 titulo
343 4111 693 4183 piscatOrum
725 4111 1026 4184 nominant.
1066 4113 1361 4182 Gregorius
1399 4115 1451 4166 in
1495 4114 1598 4166 hoc
1629 4111 1959 4184 singularem
1992 4111 2224 4184 Spiritus
2250 4115 2433 4184 sancti
2459 4118 2685 4184 gratiam
2711 4111 2855 4166 videt
2887 4115 2977 4184 qui
3005 4115 3106 4169 sub
3135 4111 3316 4184 specie

62 4185 246 4250 lingua:
282 4185 482 4256 igneae
511 4185 566 4237 in
610 4185 883 4256 apostolos
900 4183 1226 4256 descendit;
1261 4185 1383 4256 dein
1421 4199 1513 4256 per
1545 4183 1873 4256 ir‘risionemA
1889 4199 1986 4238 eos
2015 4183 2357 4256 alloquitur;
2394 4183 2581 4238 Valeat
2614 4183 2841 4250 Sextus;
2874 4183 3047 4238 valeat
3081 4183 3312 4256 Pyrrho,

65 4269 174 4307 cum
203 4251 383 4322 eoque
423 4253 589 4308 Plato
615 4255 868 4308 disertus.
899 4252 978 4306 Tn
1010 4264 1188 4308 autem
1217 4255 1269 4306 in
1307 4255 1393 4315 iis,
1424 4253 1477 4306 in
1507 4254 1706 4321 quibus
1744 4251 2004 4320 prolicere
2035 4251 2239 4323 aliquid
2273 4255 2496 4319 videris,
2538 4269 2777 4315 versare.
2803 4265 2856 4309 et
2885 4251 3142 4310 sermone
3160 4251 3318 4313 utere

59 4339 86 4377 a
118 4334 307 4390 natura
348 4325 453 4378 tibi
481 4338 780 4389 concesso;
813 4339 1021 4392 expone
1057 4325 1209 4385 mihi,
1245 4323 1911 4394 Trinitatem.(liviilenrlo
1952 4339 2070 4377 eam
2116 4335 2168 4378 et
2212 4325 2614 4394 componendo.
2649 4324 2849 4378 Christi
2883 4328 3190 4394 passionem
3225 4345 3313 4383 re-

59 4405 225 4453 canta.
256 4396 543 4466 mundum
571 4405 624 4446 et
647 4395 891 4466 stabilem
922 4403 975 4466 et
997 4395 1143 4449 vices
1167 4395 1488 4449 subeuntem
1517 4393 1650 4448 mihi
1677 4393 1912 4448 dilucida
1941 4410 1954 4445 :
1992 4395 2045 4446 in
2067 4395 2149 4448 his
2175 4396 2557 4466 philosophum
2590 4393 2961 4451 ChristianUm
2989 4398 3194 4452 versari
3218 4399 3323 4454 de-.

59 4474 152 4530 cet,
173 4481 271 4535 per
296 4465 419 4519 hac
451 4463 660 4518 famam
689 4465 792 4519 sibi
819 4464 1101 4534 acquirere
1132 4465 1344 4534 poterit.

119 4601 310 4656 Simon
334 4602 562 4671 Elagus,
595 4601 646 4654 in
674 4601 872 4656 Gettbo
895 4602 1017 4655 vico
1052 4603 1104 4657 in
1133 4604 1306 4656 lucem
1332 4601 1531 4671 editus,
1567 4600 1942 4670 Evangelinm,
1978 4616 2007 4654 a
2031 4601 2318 4670 principio,
2367 4601 2422 4655 in
2459 4599 2708 4655 Samaria
2736 4615 2764 4654 a
2789 4598 3044 4671 Philippo
3071 4599 3318 4670 apostolo

55 4673 267 4734 audivit,
301 4670 595 4740 iidemque
628 4674 907 4741 amplexus
937 4674 1242 4741 baptizatus
1271 4682 1372 4726 est.
1407 4672 1486 4725 Ad
1512 4670 1730 4726 Petrum
1755 4672 1942 4739 igitur,
1972 4674 2062 4740 qui
2100 4687 2358 4725 manuum
2389 4671 2736 4740 impositione
2772 4670 3033 4737 Spiritum
3069 4681 3316 4741 sanctum

50 4739 544 4808 communicabat,
577 4739 807 4796 accessit
834 4752 908 4804 et,
935 4739 1162 4812 pecunia
1190 4745 1484 4812 promissa,
1521 4741 1664 4794 idem
1696 4744 1882 4811 gratiae
1917 4739 2116 4796 donum
2145 4739 2568 4812 postularit.’.l_\d
2606 4757 2767 4810 quem
2802 4741 3038 4812 Petrus:
3081 4739 3318 4793 Pecunia

52 4823 133 4864 tua
163 4823 334 4867 tecum
365 4815 442 4866 sit
477 4815 538 4865 in
563 4808 1208 4876 perditionequuoniam—
1239 4813 1435 4865 donum
1460 4811 1552 4864 Dei
1582 4808 1897 4866 existimasti
1926 4808 2448 4880 pecunia—possideri.
2488 4808 2608 4863 Non
2626 4808 2716 4864 Vest
2747 4812 2840 4862 tibi
2865 4828 2978 4863 sors
3005 4811 3057 4862 in
3084 4825 3319 4862 sermone

48 4882 140 4936 isto
167 4884 206 4939 ⁸.
241 4883 322 4938 ita
355 4899 519 4952 saepe
545 4883 680 4936 alias
705 4892 894 4935 contra
926 4884 1070 4938 hunc
1101 4884 1360 4937 miserum
1392 4884 1570 4936 verbis
1596 4884 1874 4936 dimicavit
1899 4881 2129 4944 Petrus;
2163 4883 2292 4940 imo.
2325 4880 2512 4952 Roan
2541 4882 2630 4934 ubi
2658 4897 2750 4949 per
2783 4882 3014 4952 magiam
3048 4880 3102 4932 in
3135 4894 3318 4952 aerem

48 4969 100 5006 se
132 4949 490 5018 sustulisset,
525 4952 716 5007 Petrus
745 4962 801 5006 et
829 4952 1028 5007 Paulus
1052 4953 1179 5021 (sub
1208 4952 1418 5007 Nerone
1449 4952 1797 5022 imperatore)
1828 4953 2132 5022 conjunctis
2165 4952 2416 5020 precibus
2449 4951 2694 5004 fecerunt
2727 4961 2782 5022 ut
2821 4965 2899 5022 exi
2933 4951 3041 5004 alto
3072 4949 3320 5022 praecipi:

49 5033 274 5087 taretur,
309 5027 472 5094 quod
505 5025 715 5077 indicio
741 5023 861 5085 init,
890 5025 1038 5076 illum
1062 5019 1272 5078 temere
1301 5033 1354 5076 et
1384 5019 1701 5088 arroganter
1734 5019 1854 5077 sese
1891 5019 2228 5078 Paraclclum
2264 5022 2520 5091 jactasse.
2563 5022 2697 5075 Cum
2746 5021 2848 5074 hoc
2887 5020 3050 5090 igitur
3077 5035 3192 5084 eos,
3223 5019 3318 5144 (ὲυί

49 5094 179 5144 datis
211 5095 489 5144 uecuniis
529 5095 842 5144 episcopatu
871 5096 954 5144 vel
983 5094 1089 5144 alia
1125 5094 1286 5144 simili
1319 5093 1577 5144 dianitate
1610 5093 1765 5144 notiti
1802 5103 1978 5144 erant.
2017 5094 2405 5144 comparando.
2452 5090 2750 5144 Gregorius
2784 5091 2914 5144 dicit
2954 5106 2968 5142 :
3015 5110 3033 5143 ι
3073 5089 3200 5144 Heri
3251 5090 3318 5143 ’ἱ-

43 5094 179 5150 datis
211 5089 489 5164 pecuniis
529 5095 842 5162 episcopatu
871 5096 954 5148 vel
972 5094 1089 5164 alia
1125 5094 1286 5164 simili
1319 5093 1577 5162 dignitate
1610 5093 1765 5164 politi
1802 5103 1978 5164 erant,
2017 5089 2405 5163 comparando,
2452 5090 2750 5161 Gregorius
2784 5089 2968 5146 dicit:
3015 5110 3033 5143 ι
3073 5089 3200 5146 Heri
3232 5089 3318 5144 81-

44 5179 164 5219 ωοιι
213 5163 458 5236 Μαςιιε,
497 5165 664 5219 hodie
697 5173 756 5218 ut
785 5165 922 5219 alter
962 5163 1151 5218 Simon
1180 5163 1371 5219 Petrus
1392 5167 1590 5232 dogma
1615 5163 1907 5234 proﬁteris.
1946 5186 1964 5214 ›

102 5303 307 5375 Cyrps,
337 5302 651 5375 Medorum
681 5319 795 5375 rex,
838 5303 1040 5359 divitiis
1069 5303 1398 5375 conspicuus
1424 5302 1560 5369 fuit;
1590 5301 1813 5375 Croesus
1851 5311 2030 5357 autem
2057 5311 2110 5358 et
2146 5303 2262 5372 ipse
2283 5317 2430 5375 auro
2459 5302 2693 5375 maxime
2719 5299 3057 5375 abundabat.
3084 5301 3322 5375 Quidde

39 5368 173 5427 Mida
201 5373 436 5444 Phryge
474 5373 701 5428 dicam?
725 5374 861 5429 Huic
888 5375 1070 5430 omnia
1102 5377 1154 5429 in
1181 5368 1400 5440 aurum,
1429 5375 1570 5444 sicut
1600 5373 1917 5444 expetierat,
1946 5390 2122 5439 versa,
2148 5368 2390 5429 avaritiae
2418 5389 2632 5443 poenam
2653 5371 3000 5444 indixerunt;
3027 5382 3117 5427 seu
3141 5375 3205 5427 de
3235 5374 3323 5430 his

35 5442 355 5517 jamsupra
377 5442 620 5517 dictum
640 5456 745 5500 est.
781 5444 1028 5517 Gregorii
1051 5445 1431 5517 sententiaest
1472 5464 1485 5500 :
1519 5442 1680 5499 Unde
1693 5443 1816 5517 tibi,
1850 5446 1944 5514 qui
1972 5461 2178 5516 pauper
2199 5459 2342 5506 eras,
2370 5442 2536 5517 venit,
2563 5455 2622 5499 ut
2641 5442 2886 5517 omnium
2916 5443 3134 5501 divitias
3156 5459 3319 5516 supe-

36 5516 204 5568 rando
237 5513 404 5570 nunc
438 5516 656 5570 solium
682 5513 1176 5588 regium'occupes,
1200 5525 1255 5573 et
1284 5516 1336 5572 vi
1363 5517 1485 5588 plus
1511 5530 1676 5586 quam
1702 5513 1920 5583 suliicit,
1952 5513 2019 5572 ne
2052 5513 2252 5581 dicam,
2278 5515 2482 5582 omnia,
2514 5513 2834 5587 possideas?

87 5673 110 5709 ⁸
133 5677 262 5736 Act.
296 5694 433 5744 ιιι,
468 5673 553 5729 20
576 5691 694 5747 sqq,

89 5770 168 5842 (Ι)
198 5771 308 5828 Ed.
347 5790 499 5830 nov.
526 5789 580 5844 ι).
608 5773 729 5829 779.
