3802 6516
95 376 179 431 ‘81
1088 383 1160 439 1N
1195 381 1505 440 CABMINA
1552 378 1831 436 ABCANA
1870 376 1927 433 s.
1978 376 2324 431 cnmonn.
3203 330 3317 426 sse

107 526 3291 574 MM

879 714 1638 870 NICETZE
1720 707 2502 867 DAVIDIS

1448 975 1976 1039 PARAPHRASIS

438 1157 1078 1259 CABMINUM
1117 1150 1848 1249 ARCANORUM
1906 1153 2003 1244 S.
2064 1150 2639 1248 GREGORII
2689 1156 2949 1245 NAZ.

731 1371 901 1416 CUIA
991 1365 1260 1413 ERNES’N
1353 1364 1613 1408 DBONKE
1686 1363 1725 1405 Β
1794 1363 2018 1408 CODICE
2114 1362 2357 1407 CUSANO
2444 1364 2656 1419 εοιτᾼ.

1430 1508 1701 1572 (Gottingae
1722 1506 1859 1567 1840,
1888 1507 1973 1571 ιο.)

1380 1845 2059 1939 PBIEFATIO.

158 2290 376 2345 Causam
406 2284 565 2353 hujus
598 2278 722 2334 libri
756 2270 1036 2330 emittendi
1062 2267 1207 2322 dedit
1244 2264 1373 2318 mihi
1404 2262 1570 2317 codex
1599 2259 1926 2316 bibliotheca:
1957 2255 2204 2318 Cusanw.
2235 2257 2348 2327 qui,
2380 2273 2501 2310 cum
2538 2254 2742 2312 Niceta:
2770 2257 2984 2314 Doridis
3010 2276 3334 2318 commenta-

103 2387 214 2436 vim
241 2383 291 2435 in
326 2350 513 2433 omnia
547 2371 603 2429 S.
632 2369 873 2441 Gregorii
928 2363 1268 2420 Nazianzeni
1309 2361 1568 2424 carmina,
1610 2372 1725 2426 qua:
1772 2354 1863 2409 ille
1903 2354 2009 2408 sibi
2054 2350 2451 2421 interpretanda
2499 2350 2707 2423 delegit,
2747 2361 2915 2407 totum
2947 2356 3229 2423 contineat,
3258 2361 3335 2415 ita

105 2483 416 2542 comparatus
441 2479 541 2535 est,
571 2476 632 2521 ut
652 2462 1068 2519 controversiam
1093 2461 1155 2513 de
1179 2458 1435 2525 scriptore
1465 2455 1682 2522 ejusque
1713 2467 1866 2519 opere
1885 2450 2131 2503 dirimere
2161 2460 2313 2515 posse
2346 2445 2608 2500 videatur.
2646 2444 2850 2501 Etenim
2886 2448 2939 2501 in
2974 2465 3162 2521 magno
3198 2456 3334 2506 scri-

105 2534 283 2635 ptorum
320 2534 547 2619 numero
598 2558 690 2629 qui
718 2570 907 2610 nomen
940 2548 1147 2605 Nicetis
1178 2547 1355 2617 [erunt
1392 2545 1463 2615 (υ.
1495 2542 1798 2611 catalogum
1838 2555 2023 2594 eorum
2063 2539 2117 2591 in
2165 2534 2407 2590 Fabricii
2442 2534 2580 2591 Bibl.
2605 2535 2699 2589 Gr.
2736 2536 2837 2593 vol.
2883 2536 3009 2606 VII,
3039 2557 3094 2609 p.
3125 2541 3226 2596 747
3248 2543 3333 2600 ed.

112 2630 347 2729 Harles.),
399 2658 507 2710 duo
538 2664 661 2708 sunt
702 2651 793 2721 qui
827 2644 1288 2714 interpretationes
1321 2642 1373 2694 in
1411 2636 1667 2693 nonnulla
1711 2634 1952 2705 Gregorii
1983 2630 2322 2686 Nazianzeni
2349 2647 2511 2699 opera
2558 2632 2903 2699 scripserunt,
2944 2636 3082 2690 alter
3121 2637 3339 2693 Niceta;

115 2757 280 2820 David,
306 2724 455 2807 alter
491 2747 713 2801 Nicetas
746 2741 1047 2814 cognomine
1081 2737 1278 2793 Serron
1323 2735 1428 2789 sive
1470 2730 1847 2787 Serrariensis.
1885 2727 1964 2781 De
1998 2725 2188 2780 Niceta
2226 2724 2447 2790 Davide,
2481 2727 2574 2793 qui
2590 2725 2951 2796 philosophus,
2969 2727 3254 2785 historicus
3288 2744 3341 2787 et

110 2858 255 2907 rhetor
301 2845 628 2920 appellatur,
666 2840 771 2910 egit
802 2836 1073 2891 Martinus
1121 2831 1362 2885 llankius
1398 2829 1450 2882 in
1497 2827 1633 2881 libro
1676 2827 1749 2881 De
1800 2822 2228 2896 Byzantinarum
2288 2835 2470 2875 rerum
2518 2821 2980 2889 scriptos-ilium.
3018 2823 3110 2885 16,
3152 2840 3205 2893 p.
3233 2826 3341 2881 9.58

110 2962 221 3013 ειίςη
262 2960 292 2996 α
324 2912 433 3011 quo
465 2952 563 2990 sua
602 2932 754 2985 habet
789 2927 1072 2983 Fabricius
1095 2928 1133 2979 l.
1158 2924 1224 2979 l..
1268 2922 1558 2992 Episcopus
1583 2919 1685 2989 fuit
1706 2915 2092 2987 Dadybro:(a),
2112 2930 2228 2985 qua:
2258 2912 2381 2967 urbs
2410 2913 2517 2967 sita
2556 2923 2670 2965 erat
2705 2912 2759 2966 in
2791 2912 3181 2986 Paphlagonia,
3208 2918 3345 2973 unde

113 3008 433 3103 Dadgbrenus
458 3028 536 3082 vel
559 3023 829 3094 Paphlago
864 3020 1281 3090 cognominatur.
1328 3013 1468 3068 Vixit
1504 3011 1699 3066 stzculo
1738 3028 1898 3077 nono,
1938 3008 2027 3064 sed
2058 3024 2158 3078 quo
2196 3021 2335 3058 anno
2373 3013 2529 3057 natus
2564 3013 2655 3058 aut
2697 3012 2935 3060 mortuus
2983 3008 3074 3071 sit,
3126 3010 3345 3080 ignora-

110 3094 234 3175 ,ηεξ
261 3120 376 3174 Hoc
408 3125 619 3171 comm;
647 3129 763 3168 eum
796 3120 1016 3165 mortem
1051 3108 1241 3162 obiisse
1283 3110 1401 3173 post
1432 3119 1625 3156 annum
1658 3100 1798 3166 880;
1841 3115 1965 3153 nam
1994 3097 2345 3165 irruptionem
2393 3094 2504 3149 illis
2539 3096 2857 3165 temporibus
2885 3116 2917 3152 a
2962 3099 3246 3157 Saracenis
3290 3104 3349 3158 in

113 3217 323 3274 Siciliam
367 3216 572 3284 factam
604 3220 760 3279 atque
806 3207 1128 3261 eversionem
1167 3199 1559 3272 Syracusarum
1605 3199 1711 3266 ipse
1758 3204 1947 3250 narrat
1992 3194 2047 3247 in
2087 3191 2210 3246 Vita
2246 3187 2445 3261 Ignatii
2486 3191 2807 3258 patriarcha:
2853 3191 3108 3261 Cplitani.
3142 3193 3349 3253 Praeter

124 3312 253 3366 Vitas
284 3310 390 3365 SS.
430 3306 713 3378 Hyacinthi
736 3313 784 3356 et
814 3299 1085 3355 Eustathii
1113 3298 1288 3352 editas
1329 3312 1361 3349 a
1394 3292 1462 3349 F.
1495 3292 1776 3363 Combeﬁs.
1806 3301 1853 3346 et
1881 3299 2072 3360 prieter
2107 3288 2281 3342 Vitam
2316 3285 2378 3342 S.
2414 3284 2615 3356 Ignatii
2648 3296 2789 3357 patr.
2840 3288 2960 3358 Cpl.
3003 3291 3137 3344 actis
3174 3293 3350 3347 conci-

115 3408 162 3460 lii
189 3407 418 3474 Cplitani
449 3402 631 3471 quarti
669 3398 807 3469 quod
834 3398 1033 3450 dicitur
1078 3392 1452 3471 mcumetiicum
1493 3399 1741 3444 octavum
1778 3388 2034 3440 insertam
2065 3385 2275 3450 scripsit
2311 3383 2794 3453 interpretationem
2825 3384 2930 3438 sive
2970 3387 3351 3456 metaphrasim

115 3498 203 3551 τῶν
225 3472 551 3569 ἁπορρἠων
587 3490 736 3545 ἐπῶν
762 3486 1001 3557 Gregorii
1032 3482 1392 3538 Nazianzeni.
1428 3480 1649 3534 Nicetas
1682 3496 1801 3534 vero
1829 3477 2204 3539 Serrariensis,
2226 3475 2316 3545 qui
2348 3490 2411 3528 ex
2435 3475 2671 3543 episcopo
2700 3472 2984 3529 Serrorum
3013 3477 3068 3530 in
3098 3476 3352 3535 Macedo-

120 3591 189 3643 nia
203 3566 731 3660 primaimetropolita
751 3579 1023 3635 Heraclea:
1049 3577 1205 3631 Ponti
1226 3577 1280 3629 in
1306 3574 1534 3628 Thracia
1551 3572 1725 3641 factus
1751 3569 1944 3625 sarculo
1970 3569 2244 3623 undecimo
2266 3566 2336 3620 ad
2356 3567 2515 3636 ﬁnem
2548 3578 2785 3637 vergente
2804 3567 2987 3635 floruit
3015 3570 3085 3637 (υ.
3111 3566 3354 3625 Fabricii

124 3686 239 3739 Bibl.
269 3684 367 3741 Gr.
412 3680 582 3742 VIII,
616 3680 746 3741 ιδι,
772 3687 821 3731 et
846 3674 1098 3731 Creuzeri
1131 3666 1474 3726 Meletemata
1506 3685 1536 3723 e
1567 3668 1861 3738 disciplina
1894 3666 2091 3735 anliq.,
2121 3681 2162 3729 1,
2195 3664 2309 3735 14),
2344 3665 2779 3717 commentarium
2807 3662 3017 3734 scripsit
3048 3666 3102 3720 in
3129 3665 3357 3723 sedecim

120 3784 359 3834 orationes
404 3772 644 3846 ejusdem
679 3770 921 3837 theologi.
975 3764 1079 3821 Sed
1126 3780 1246 3817 cum
1293 3763 1471 3816 eodem
1519 3759 1847 3828 appellentur
1892 3757 2120 3822 nomine,
2151 3755 2352 3825 factum
2401 3764 2502 3817 est,
2552 3763 2612 3807 ut
2657 3756 2820 3809 etiam
2870 3758 3218 3825 metaphrasis
3259 3762 3357 3815 illa

122 3889 216 3940 qua
254 3882 330 3928 est
365 3845 591 3924 Davidis
632 3863 947 3917 tribueretur
978 3856 1305 3914 Serrariensi
1337 3854 1407 3925 (ο.
1452 3852 1623 3909 Greuz

1880 3865 1934 3911 ν.
1974 3850 2064 3910 59.
2104 3866 2156 3902 n.
2203 3849 2255 3912 1,
2303 3858 2354 3903 et
2406 3845 2855 3902 SchaellJlistor.
2891 3848 2995 3902 litt.
3039 3850 3218 3907 Gram.
3267 3854 3353 3907 ed.

125 3939 264 4034 germ.
298 3981 412 4018 cur.
458 3958 764 4027 Schwarzio
798 3966 846 4008 et
882 3952 1134 4013 Pindero,
1180 3946 1302 4013 Ill,
1342 3946 1465 4010 176,
1496 3963 1549 4000 n.
1584 3942 1675 4016 1);
1710 3942 1849 4013 quod
1884 3959 1986 3997 non
2034 3944 2331 4004 miramur;
2358 3957 2484 3993 nam
2534 3955 2695 4008 neque
2726 3940 2888 4009 primi
2928 3939 3156 3998 editores
3194 3960 3358 4015 neque

126 4031 281 4123 postea
301 4055 586 4124 quisquam
605 4045 744 4115 quod
768 4046 930 4099 sciam
950 4041 1254 4112 diligentius
1277 4038 1412 4092 hanc
1437 4053 1546 4091 rem
1564 4035 1911 4104 investigarit.
1949 4032 2207 4089 Fortasse
2227 4031 2324 4087 hoc
2345 4031 2564 4102 ζήτημα
2583 4031 2702 4099 jam
2734 4032 3092 4099 persolverunt
3114 4038 3357 4091 monachi

131 4152 310 4203 ordinis
356 4147 415 4202 S.
457 4142 753 4207 Benedicti,
785 4138 1059 4193 novissimi
1097 4151 1316 4204 operum
1361 4131 1602 4202 Gregorii
1640 4129 1975 4183 Nazianzem’
2001 4128 2260 4190 editores;
2298 4128 2389 4182 sed
2414 4125 2643 4181 editione
2679 4138 2860 4180 eorum
2883 4128 3178 4198 interrupta
3213 4132 3355 4187 totus

129 4254 395 4312 apparatus
425 4243 478 4296 in
510 4236 798 4295 secundam
825 4244 874 4288 et
905 4233 1119 4287 tertiam
1150 4239 1355 4299 partem
1379 4228 1509 4282 latet
1544 4227 1599 4281 in
1628 4227 1843 4281 scriniis
1871 4225 2047 4280 nescio
2079 4224 2230 4292 cujus
2261 4220 2583 4277 bibliothecae
2605 4223 2698 4294 (b).

192 4335 423 4389 Primum
452 4330 548 4388 sub
578 4327 783 4381 Niceta:
813 4324 1039 4379 Doridis
1072 4323 1286 4377 nomine
1318 4318 1515 4389 prodiit
1547 4316 1777 4387 exegesis
1803 4317 1856 4370 in
1898 4314 2232 4369 Tetrasticha
2272 4322 2320 4369 et
2354 4316 2677 4370 monosticha
2715 4313 2944 4373 Venetiis
2970 4321 3110 4388 apud
3154 4316 3356 4378 Frane.

134 4430 369 4485 Zanetum
401 4447 455 4483 a.
491 4426 669 4491 1563,
701 4424 842 4477 hanc
879 4436 998 4475 vero
1040 4417 1528 4486 interpretationent
1564 4430 1669 4468 non
1712 4428 1825 4468 esse
1851 4410 2054 4466 Niceta
2088 4411 2231 4480 infra
2266 4410 2481 4465 docebo.
2513 4410 2645 4466 Tum
2673 4410 2906 4467 Iacobus
2948 4414 3144 4473 Billius
3185 4418 3360 4472 archi-

135 4526 376 4578 mandrila
404 4517 760 4576 Hiehaelinus
788 4525 994 4585 partem
1034 4511 1400 4566 commentarii
1445 4524 1473 4563 e
1501 4507 1678 4561 codice
1720 4506 2011 4560 cardinalis
2055 4503 2240 4559 Sirleti
2278 4500 2461 4559 Latine
2505 4504 2674 4559 edidit
2720 4506 2950 4562 Parisiis
2984 4524 3036 4562 a.
3067 4509 3233 4578 l575;
3268 4510 3359 4564 sed

135 4632 375 4674 auctorem
406 4616 567 4673 modo
598 4616 795 4683 Cyrum
820 4609 1217 4681 Dadybrensem
1254 4606 1411 4659 modo
1452 4603 1651 4674 Cyrum
1698 4600 1946 4657 Nicetam
1987 4599 2381 4671 Dadyhrensern
2420 4602 2678 4664 nominat,
2700 4600 2838 4671 quod
2879 4601 3017 4655 male
3050 4601 3201 4671 fecit;
3238 4619 3362 4657 nam

137 4716 282 4785 uirgo;
329 4733 434 4770 non
471 4722 553 4770 est
587 4726 771 4765 nomen
797 4708 1073 4777 proprium
1103 4702 1193 4759 sed
1221 4700 1437 4755 honoris
1462 4700 1638 4754 titulut

1859 4698 2020 4770 ipioc;
2054 4715 2097 4751 υ.
2141 4697 2351 4751 Barthii
2377 4696 2605 4752 Advers.
2627 4711 2681 4765 p.
2717 4696 2872 4759 1595,
2897 4712 3047 4764 quem
3080 4706 3257 4750 testem
3280 4699 3360 4750 ci-

139 4814 246 4865 teit
277 4810 560 4865 Fabricius
597 4804 767 4869 VIII,
797 4804 923 4869 451,
954 4811 1005 4856 et
1050 4799 1308 4853 Villoison
1330 4795 1552 4852 Notices
1580 4795 1678 4851 des
1714 4808 1994 4849 manuscr.
2028 4794 2095 4847 de
2126 4794 2176 4847 la
2208 4791 2345 4847 Bibl.
2388 4792 2622 4853 natium,
2671 4789 2792 4853 VII,
2822 4788 3214 4852 ‘22,.lacobsio
3242 4789 3362 4843 lau-

138 4903 339 4958 datusin
372 4903 548 4957 indice
574 4897 915 4966 Antliologia:
945 4894 1223 4965 palatinze,
1254 4898 1302 4943 et
1336 4886 1588 4944 Creuseri
1612 4887 1787 4940 Melct.
1823 4883 1873 4949 1,
1906 4886 1993 4939 Η.
2028 4884 2300 4938 Prteterea
2332 4884 2484 4937 illum
2509 4882 2762 4944 codicem,
2783 4897 2849 4935 ea:
2871 4896 2972 4951 quo
2997 4880 3190 4935 Billius
3215 4897 3363 4935 com—

141 5001 426 5054 mentarium
454 5000 509 5050 in
552 4992 882 5048 Tetrasticha
915 4988 1081 5043 edidit
1109 4995 1160 5040 et
1182 4986 1269 5055 qui
1297 4983 1533 5038 diversus
1574 4995 1687 5037 esse
1712 4980 1917 5036 videtur
1944 5000 1975 5035 a
2000 4978 2315 5045 Sirletiano,
2358 4979 2735 5048 interpolatum
2758 4977 2923 5046 fuisse
2954 4976 3178 5047 conjicio
3200 4994 3267 5033 ex
3295 4979 3361 5034 iis

139 5104 238 5157 qua
259 5092 493 5161 leguntur
521 5088 589 5142 ad
620 5083 955 5141 Tetrasticha
985 5080 1037 5142 8,
1075 5079 1159 5144 Η,
1194 5077 1285 5139 57,
1313 5076 1401 5130 47.

200 5187 326 5241 Dum
354 5187 555 5241 Bittius
585 5185 641 5239 in
666 5181 844 5236 Gallia
873 5194 1062 5234 novom
1090 5174 1331 5247 Gregorii
1361 5171 1698 5227 Nazianzeni
1723 5184 1938 5238 operum
1966 5169 2250 5225 editionem
2270 5170 2518 5237 adornat,
2540 5169 2776 5224 eumdem
2800 5168 3031 5224 laborem
3065 5169 3119 5224 in
3146 5164 3365 5226 Germa-

143 5278 217 5332 ttia
240 5279 457 5346 suscepit
486 5275 729 5331 Joannes
750 5270 1152 5332 Leurenclaius,
1183 5277 1341 5337 atque
1375 5266 1419 5318 is
1436 5266 1554 5335 jam
1579 5273 1701 5318 ante
1724 5263 1948 5318 Billium
1977 5271 2201 5318 verterat
2228 5263 2663 5317 commentarium
2690 5262 2744 5315 in
2767 5263 3053 5317 sententias
3081 5264 3366 5334 τετραστί-

145 5389 267 5441 κους,
307 5389 482 5427 verum
516 5386 643 5423 casu
686 5369 860 5438 aliqua
908 5365 1160 5419 amiserat
1199 5360 1685 5429 interpretationem
1723 5372 1885 5426 neque
1929 5357 2031 5424 ipsi
2064 5356 2133 5410 ad
2174 5372 2362 5411 manus
2402 5355 2504 5425 fuit
2533 5354 2805 5424 exemplar
2848 5352 3110 5419 Graecum,
3166 5353 3231 5407 de
3267 5372 3368 5426 quo

146 5475 256 5516 nota
283 5462 487 5516 institui
513 5468 708 5528 posset,
739 5468 799 5512 ut
830 5459 940 5526 ipse
978 5455 1174 5517 fatetur
1215 5454 1268 5507 in
1300 5451 1554 5523 prooemio
1580 5461 1709 5504 tom.
1740 5447 1837 5503 III
1870 5449 2118 5503 editionis
2147 5447 2375 5513 Latinte,
2411 5460 2527 5518 quis
2564 5446 2761 5517 prodiit
2801 5445 3031 5501 Basilete
3071 5461 3137 5499 ex
3166 5446 3367 5515 oﬂicina

205 5636 274 5705 (ο)
314 5636 594 5691 Excidium
629 5637 787 5705 urbis
812 5630 1395 5705 narraturinrNicettz
1424 5626 1708 5686 Choniatae
1760 5624 2003 5681 Historia
2043 5624 2252 5696 imperii
2286 5623 2461 5680 Alexii
2487 5620 2763 5689 Comneni,
2808 5618 2979 5676 Issaei
3025 5615 3212 5691 Angeli
3261 5614 3370 5672 fro.

147 5703 325 5777 ungi,
363 5708 410 5773 7,
439 5724 490 5777 p.
521 5708 625 5762 δι’-4
652 5706 738 5777 eti.
776 5704 930 5759 Imm.
960 5703 1209 5760 Bekkeri.

148 5755 621 5903 cal-Bi—7'Uléllgétillé
651 5755 1244 5846 micatipiaiﬁibii
1265 5772 1458 5830 eodem
1497 5771 1809 5827 habuerunt
1828 5766 2169 5826 Benedictini
2210 5767 2473 5824 editores.
2513 5764 2647 5822 Vide
2677 5760 3040 5837 praecedentis
3070 5755 3367 5814 voluminis

446 5939 717 6000 ΡΑτιιοι.
751 5938 867 5999 Gn.
907 5936 1224 5997 XXXVIII.

2986 5917 3061 5981 22
