3802 6580
487 342 592 407 683
1824 352 1988 411 NICE'

2195 352 2402 410 DAVID
3601 359 3684 413 08!

492 472 830 543 Hervagtana
864 484 956 539 per
991 467 1272 523 Eusebium
1304 470 1640 540 Episcopium
1680 485 1730 521 a.
1761 468 1890 522 1571
1927 486 1940 522 :
1973 460 2064 522 sed
2087 446 2226 539 quod
2265 470 2341 523 rei
2366 476 2524 539 caput
2556 476 2655 533 est,
2695 470 3002 539 scriptorem
3036 478 3172 525 recte
3211 475 3453 527 nominet
3481 473 3685 537 Meet...

483 568 757 623 Davidem.
790 565 913 621 Non
952 564 1119 620 multo
1158 576 1275 636 post
1303 582 1368 621 ex
1399 566 1532 620 libro
1578 564 1935 631 manuscripto
1966 563 2289 618 bibliotheca
2321 564 2643 634 Augustante
2675 561 2916 618 Graecam
2966 566 3344 635 paraphrasim
3391 570 3445 623 in
3481 588 3563 625 sex
3590 593 3687 629 car-

482 664 624 717 mina
687 666 904 720 Arcana
963 662 1070 718 sive
1135 661 1190 717 in
1249 677 1426 719 versus
1474 663 1583 720 482
1636 660 1786 732 (sunt
1851 675 1970 714 vero
2010 674 2227 713 numero
2270 658 2399 729 485')
2443 658 2608 713 edidit
2660 659 2792 715 Dav.
2847 660 3169 716 Herse/celius
3214 662 3459 733 Lugduni
3494 665 3688 725 Batavo—

480 772 598 808 rum
632 772 685 809 a.
719 756 879 822 1591,
909 770 1027 825 qua:
1056 754 1219 808 editio
1266 752 1485 821 repetita
1523 758 1602 805 est
1642 750 1706 803 ab
1734 749 1895 804 Joan.
1940 748 2341 806 Hornschuchio
2371 748 2568 820 Lipsia:
2601 769 2652 805 a.
2682 751 2857 811 {645;
2888 770 3017 823 quos
3046 755 3204 807 libros
3252 771 3371 807 cum
3399 757 3558 812 videre
3580 778 3687 814 non.

485 847 613 901 dum
653 846 784 899 mihi
816 846 1119 915 contigerit,
1142 845 1275 899 nihil
1313 843 1381 897 de
1404 842 1725 910 metaphrasi
1752 858 1911 911 quam
1939 844 2207 897 continent
2232 853 2464 897 statuere
2486 859 2717 912 possum.
2756 844 2922 913 Atque
2943 861 3004 898 ea
3033 845 3129 898 illo
3162 855 3393 916 tempore
3422 865 3497 902 res
3522 851 3688 906 intacta

476 942 697 1005 mansit,
728 939 892 995 donec
919 940 988 994 ad
1023 939 1367 1007 qucestionem
1398 935 1786 990 dissolvendam
1814 950 1896 989 me
1924 936 2137 1004 impulit
2166 936 2257 989 ille
2290 936 2453 991 cadet
2485 952 2636 1007 quem
2663 938 2776 1006 iam
2806 938 3165 1007 descripturus
3190 957 3333 995 sum.

542 1034 623 1087 Αα
658 1034 802 1102 ripas
832 1029 1076 1085 Mosellte
1113 1028 1528 1095 ammnissimas,
1550 1041 1709 1095 prope
1737 1028 1908 1082 vicum
1943 1025 2100 1090 Cues,
2129 1026 2318 1081 domus
2354 1036 2434 1081 est
2471 1026 2676 1082 alendis
2707 1028 2916 1083 senibus
2946 1029 3266 1101 presbyteris
3308 1048 3342 1084 a
3368 1032 3575 1088 Nicolao
3601 1035 3686 1091 Cu-

468 1144 602 1184 sano
627 1128 721 1183 illo
748 1124 1026 1182 cardinale
1070 1124 1384 1179 doctissimo
1415 1132 1708 1187 exstructa,
1744 1122 1799 1176 in
1835 1121 1987 1191 cujus
2019 1119 2333 1175 bibliotheca
2366 1122 2500 1176 bona
2545 1138 2669 1190 pars
2703 1122 2983 1188 librorum,
3031 1141 3160 1194 quos
3193 1123 3455 1182 Nicolaus
3491 1146 3575 1183 aut
3603 1134 3688 1200 ipse

469 1222 752 1288 scripserat
781 1228 873 1271 aut
911 1215 967 1270 in
998 1214 1275 1270 itineribus
1304 1213 1610 1283 collegerat,
1645 1212 1822 1266 adhuc
1850 1222 2174 1276 asservatur,
2206 1230 2506 1283 quanquam
2552 1230 2689 1283 serpe
2725 1224 2803 1270 est
2833 1216 3086 1284 spoliata.
3136 1215 3407 1272 Numerus
3429 1223 3614 1289 quidem
3636 1226 3689 1277 li-

469 1317 687 1370 brorum
724 1314 945 1383 exiguus
978 1321 1077 1374 est,
1107 1309 1197 1365 sed
1237 1310 1578 1378 reperiuntur
1607 1309 1744 1362 inter
1769 1324 1855 1362 eos
1890 1309 2051 1362 etiam
2086 1308 2208 1360 boni
2235 1318 2284 1361 et
2313 1309 2459 1379 digni
2488 1311 2577 1380 qui
2604 1312 2957 1373 innotescunt,
2995 1310 3115 1364 licet
3154 1328 3259 1364 non
3286 1312 3439 1374 tales,
3468 1318 3624 1384 quales
3646 1338 3686 1372 se

467 1409 541 1463 ibi
571 1418 906 1477 reperturum
936 1421 1050 1458 esse
1075 1411 1378 1472 speraverat
1421 1401 1587 1456 Andr.
1614 1400 1757 1457 Guil.
1796 1400 2105 1466 Cramerus,
2130 1402 2283 1473 cujus
2318 1402 2414 1456 hac
2444 1404 2507 1456 de
2532 1419 2587 1456 re
2618 1402 2794 1471 lepida
2814 1412 2988 1457 exstat
3015 1405 3257 1458 narratio
3294 1405 3349 1458 in
3374 1406 3528 1474 ipsius
3548 1407 3685 1463 Chro-

470 1497 612 1554 tticis
642 1496 982 1559 domesticis,
1020 1509 1073 1562 p.
1112 1493 1216 1547 “5
1245 1510 1357 1565 sqq.
1401 1491 1475 1545 De
1507 1492 1657 1546 libris
1696 1492 1834 1546 enim
1858 1493 1953 1563 qui
1978 1492 2046 1546 ad
2059 1492 2153 1561 jus
2185 1500 2423 1562 spectant
2449 1491 2667 1546 meliora
2697 1492 2869 1546 edocti
2897 1509 3079 1546 smnus
3114 1494 3178 1545 ab
3211 1494 3465 1549 Eduardo
3502 1497 3686 1570 Béclting

461 1603 574 1662 μιιο
623 1591 792 1645 Bonn.
826 1608 874 1645 v.
914 1590 994 1654 d.,
1030 1606 1077 1643 v.
1124 1588 1274 1642 Frid.
1307 1585 1435 1642 Car.
1464 1604 1496 1641 a
1528 1585 1758 1657 Savigng
1799 1587 1991 1641 librum
2034 1586 2365 1642 Geschichte
2390 1586 2487 1642 des
2512 1587 2823 1642 tomischen
2852 1587 3079 1653 Rochts,
3120 1598 3246 1653 etc.,
3281 1587 3403 1653 Ill,
3430 1591 3480 1654 8,
3505 1593 3576 1645 ed.
3604 1610 3685 1649 sec.

469 1687 619 1741 Inter
644 1683 854 1740 Graecos
895 1692 1070 1736 autem
1103 1680 1267 1735 libros
1305 1680 1715 1748 manuscriptos,
1746 1696 1969 1750 quorum
1994 1681 2146 1749 copia
2174 1679 2302 1733 mihi
2329 1695 2492 1747 nuper
2526 1679 2673 1748 facta
2713 1688 2790 1734 est
2833 1695 2925 1750 per
2958 1678 3300 1744 Hartinium,
3334 1700 3381 1736 υ.
3413 1701 3534 1748 rev.,
3566 1687 3683 1739 illius

468 1784 655 1838 domus
689 1782 1016 1850 prwIectum,
1053 1777 1153 1847 fuit
1184 1778 1343 1830 etiam
1374 1775 1557 1837 codex,
1589 1775 1680 1843 qui
1706 1785 1871 1829 totam
1906 1773 2111 1828 Niceta
2143 1772 2364 1828 Davidis
2386 1774 2766 1842 metaphrasim
2796 1774 3025 1827 continet
3048 1775 3102 1828 in
3131 1776 3315 1829 omnia
3345 1776 3570 1847 Gregorii
3590 1779 3680 1833 Ns-

469 1875 709 1928 sianzeni
740 1872 1001 1936 carmina,
1046 1884 1164 1939 qua:
1212 1869 1304 1921 ille
1328 1868 1703 1935 interpretatus
1744 1875 1843 1924 est.
1873 1865 2309 1921 Membranaceus
2338 1874 2416 1920 est
2456 1877 2608 1937 atque
2653 1881 2718 1919 ex
2744 1866 2890 1935 {aliis
2928 1867 3030 1921 158
3059 1868 3249 1936 forma:
3280 1870 3549 1941 quadratas
3582 1890 3681 1927 eou-

469 1980 615 2035 stat;
648 1969 880 2037 scriptus
917 1974 995 2019 est
1025 1964 1082 2017 ni
1120 1962 1288 2031 fallor
1324 1961 1518 2017 seculo
1553 1977 1606 2016 ιι
1638 1961 1719 2015 vel
1743 1976 1819 2015 ιιι
1857 1962 2253 2032 cal‘ligraphice,
2286 1976 2387 2014 non
2431 1960 2829 2031 tachggraphice
2860 1961 2999 2031 quod
3029 1970 3241 2025 vocant,
3274 1980 3479 2019 summa
3514 1967 3685 2021 littera-

470 2080 591 2119 rum
616 2061 881 2132 elegantia
914 2073 1225 2128 summaque
1262 2056 1557 2126 diligentia.
1592 2054 1756 2126 Siglis
1786 2056 1949 2111 nullis
1981 2074 2108 2110 usus
2135 2066 2213 2110 est
2263 2055 2555 2116 librarius;
2588 2071 2763 2123 pauca
2792 2065 2996 2109 tantum
3033 2060 3294 2112 vocabula
3324 2076 3417 2128 per
3461 2062 3684 2116 abbrevia-

471 2149 867 2224 turam‘scripta
903 2162 1026 2207 sunt
1049 2161 1106 2205 ut
1141 2149 1371 2223 Ἰησοῦς,
1397 2149 1653 2222 Χριστός,
1684 2151 1825 2215 θεός,
1857 2151 1972 2205 πνεῖ

2180 2150 2306 2229 ιτῄρ
2356 2151 2560 2222 μητήρ,
2579 2151 2882 2223 ἄνθρωπος,
2919 2152 3163 2224 σωτηρία
3188 2164 3240 2208 et
3275 2156 3343 2208 ab
3366 2157 3444 2210 his
3466 2157 3681 2212 derivata.

470 2251 792 2303 Accentuum
832 2246 971 2299 ratio
1007 2242 1188 2299 cadent
1226 2244 1333 2312 fere
1365 2252 1441 2297 est
1478 2260 1595 2313 quce
1625 2244 1778 2298 hodie
1816 2245 2167 2309 observatur;
2195 2244 2333 2314 quod
2368 2243 2434 2297 ad
2476 2245 2693 2320 spiritus
2738 2246 2946 2308 attinet,
2993 2246 3097 2300 duo
3142 2248 3239 2301 rho
3281 2248 3515 2320 deinceps
3545 2252 3682 2317 posita

470 2354 738 2408 nunquam
763 2338 886 2391 illos
911 2337 1012 2391 sibi
1039 2338 1322 2404 inscriptos
1357 2335 1570 2400 habent,
1596 2348 1651 2390 ut
1681 2349 1729 2390 et
1762 2338 1817 2390 in
1848 2336 1971 2391 aliis
2001 2313 2269 2391 codicibus
2290 2346 2339 2389 et
2371 2352 2508 2390 nunc
2530 2313 2822 2402 scribitur;
2846 2354 2893 2392 v.
2930 2339 3082 2394 Bast.
3107 2339 3421 2398 Comment.
3446 2313 3683 2415 palaeogr,

471 2433 598 2488 753.
638 2430 762 2486 Iota
786 2430 924 2503 quod
966 2430 1320 2500 subscriptum
1348 2430 1572 2484 dicimus
1608 2448 1875 2502 nunquam
1905 2432 2049 2500 infra
2071 2432 2290 2505 lineam,
2326 2449 2447 2486 raro
2477 2433 2530 2485 in
2562 2433 2673 2501 ipso
2702 2448 2853 2487 versu
2879 2434 3117 2500 ponitur,
3142 2437 3450 2509 plerumque
3472 2440 3680 2493 omissus.

468 2532 570 2589 est,
615 2522 705 2578 sed
736 2532 859 2577 sunt
903 2521 1058 2576 verba
1095 2538 1210 2592 qua:
1250 2538 1388 2575 nunc
1418 2531 1597 2575 carent
1628 2526 1738 2576 iota
1773 2522 2087 2591 subscripta,
2123 2532 2172 2577 et
2206 2525 2260 2578 in
2307 2523 2482 2577 codice
2507 2522 2640 2575 illud
2670 2522 2880 2585 habent,
2920 2534 2977 2577 ut
3022 2525 3179 2588 ζῶιον
3210 2545 3307 2595 pro
3342 2528 3492 2593 ζῶον,
3515 2531 3570 2585 de
3601 2548 3681 2599 qus

469 2612 736 2667 scribendi
775 2614 980 2667 ratione
1017 2630 1065 2667 v.
1102 2610 1254 2666 Bast.
1283 2611 1321 2665 l.
1353 2612 1390 2665 l.
1424 2611 1546 2667 719.
1588 2611 1877 2667 Particulo:
1913 2615 2158 2683 qnwdam
2200 2616 2505 2684 composita:
2546 2630 2637 2684 per
2665 2626 2843 2684 partes
2878 2616 3205 2683 scribuntur,
3249 2638 3297 2675 v.
3330 2637 3379 2674 c.
3413 2622 3485 2675 ὅτ’
3513 2622 3586 2688 av,
3612 2625 3681 2676 ἐπ’

470 2707 556 2777 ην,
593 2706 764 2759 ἐπειδ⁹
797 2705 864 2759 ἄν
896 2722 909 2735 θ
944 2716 1128 2759 contra
1158 2706 1465 2776 prwpositio
1491 2704 1634 2759 κατά
1662 2722 1780 2759 cum
1818 2706 2134 2775 quibusdam
2179 2708 2525 2763 substantivis
2571 2724 2707 2775 sa'pe
2742 2710 2797 2762 in
2828 2724 2989 2763 unum
3028 2713 3343 2769 vocabulum
3370 2718 3678 2789 coniungitur,

467 2820 515 2858 υ.
542 2818 590 2857 c.
624 2801 951 2870 κατάφυσιν.
980 2799 1224 2854 Itacismi
1255 2801 1473 2871 vestigia
1501 2815 1678 2869 pauca
1708 2803 2063 2871 reperiuntur.

536 2890 752 2947 Folium
782 2892 1009 2961 primum
1038 2892 1217 2961 incipit
1243 2891 1417 2946 colore
1447 2891 1605 2946 rubro
1632 2909 1650 2947 :
1678 2893 1892 2964 Νικήτα
1917 2894 2010 2947 τοῦ
2035 2914 2037 2922 λ

2177 2896 2253 2951 ῑᾶδ
2282 2895 2468 2949 δούλου
2505 2894 2555 2949 ίῦ
2587 2896 2656 2967 χῦ
2691 2897 2784 2952 τοῦ
2811 2898 3097 2969 φιλοσόφου
3124 2901 3385 2974 ἐξήγησις
3416 2905 3517 2959 τῶν
3541 2908 3678 2977 ἀπορο

384 2973 409 2989 “
468 2987 647 3059 ρἡων
677 2984 772 3039 τοῦ
805 2985 1040 3057 μεγάλου
1079 2987 1380 3059 Γρηγορίου
1413 2986 1506 3039 τοῦ
1541 2986 1805 3057 Θεολὸγου
1836 2990 1982 3043 ἐπῶν
2017 2990 2171 3059 λόγος
2214 2998 2284 3045 α’.
2317 2991 2626 3064 Προοίμιον.
2664 2992 2729 3047 Οί
2761 2994 2860 3065 μὲν
2894 2995 3023 3067 παρ’
3053 2997 3276 3069 Ἕλλησι
3316 2973 3681 3070 φιλοσοφώτατοι

465 3073 608 3164 εἶναι
633 3075 882 3141 δόξαντες
909 3078 1002 3131 καὶ
1033 3077 1346 3146 λογιώτατοι
1384 3079 1526 3148 ἡνίκ’
1566 3078 1631 3132 ἂν
1673 3083 1791 3144 ταῖς
1833 3082 1972 3153 ὑπὲρ
2009 3081 2071 3134 τὸ
2116 3082 2442 3153 βλεπόμενον
2482 3084 2577 3138 καὶ⁷
2616 3085 2714 3155 τὴν
2763 3086 3014 3158 αἴσθησιν
3052 3091 3329 3161 θεωρίαις,
3361 3093 3473 3145 κτλ.
3501 3092 3611 3164 Pag.
3639 3096 3679 3153 ί,

466 3161 607 3236 Περί
633 3166 852 3238 ἀρχῶν.
889 3170 951 3222 Oi
984 3166 1085 3238 τῆς
1110 3170 1379 3239 κοσμικῆς
1414 3168 1603 3238 σοφίας
1634 3171 1731 3241 τὴν
1771 3172 2076 3242 ἀκροτάτην
2110 3172 2434 3227 καταλαϐεῖν
2483 3175 2821 3245 κατοιόμενοι
2856 3177 3138 3249 περιωπὴν
3181 3179 3361 3233 πάντα
3389 3181 3454 3234 τά
3480 3161 3589 3235 ὄντα
3613 3184 3681 3233 καὶ

464 3261 538 3317 τὰ
561 3263 818 3334 γινόμενα
849 3264 928 3326 είς
958 3266 1105 3335 τρεῖς
1145 3264 1243 3325 τὰς
1276 3266 1616 3335 κυριωτάτας
1651 3268 1745 3319 καὶ
1772 3268 2081 3337 πρωτίστας
2110 3268 2285 3333 αἰτίας
2319 3269 2412 3323 καὶ
2449 3270 2623 3341 ἀρχὰς
2654 3271 3011 3341 ἀναφέροντες
3045 3273 3494 3345 ἐκκορυφοῦνται·
3522 3275 3677 3337 ταύτας

466 3358 523 3412 δέ
554 3356 678 3410 νοῦν
724 3354 818 3411 καὶ
862 3355 993 3424 ὕλην
1038 3356 1132 3408 καὶ
1191 3353 1325 3419 εἶδος
1380 3356 1669 3420 καλοῦντες
1714 3358 2013 3428 συνάρχους
2056 3358 2148 3411 καὶ
2203 3360 2505 3423 συναιτίους
2533 3358 2639 3412 τῶν
2676 3360 2892 3413 πάντων
2931 3362 3291 3421 ὑποτίθενται.
3324 3365 3441 3418 κτλ.
3468 3364 3585 3433 Pag.
3614 3366 3678 3423 16.

478 3449 763 3519 Ἑξήγησις
799 3447 906 3500 τῶν
946 3447 1271 3524 ἀπορρήτων
1304 3445 1399 3500 τοῦ
1447 3447 1682 3518 μεγάλου
1724 3447 2024 3519 Γρηγορίου
2075 3448 2167 3502 τοῦ
2212 3449 2472 3518 Θεολόγου
2508 3450 2687 3503 ἐπῶν·
2729 3451 2901 3519 Λόγος
2937 3451 2980 3522 β’
3014 3454 3153 3522 Περὶ
3208 3456 3365 3510 Υιοῦ.
3412 3456 3677 3525 Ἐκθέμενος

468 3544 596 3615 περὶ
620 3543 803 3615 ἀρχῶν
828 3542 862 3613 ἢ
884 3542 1079 3615 ἀρχῆς,
1108 3542 1301 3596 ταύτὸν
1330 3543 1385 3597 δέ
1417 3545 1610 3608 εἰπεῖν,
1639 3545 1766 3615 περὶ
1796 3543 1894 3614 τῆς
1919 3545 2199 3616 τριαὸικῆς
2231 3546 2527 3618 μοναρχίας
2558 3549 2585 3600 ό
2612 3546 2909 3618 Θαυμάσιος
2938 3552 3319 3621 ἐπιτομώτατα
3348 3552 3585 3606 διαλαϐὼν
3610 3549 3680 3602 καὶ

466 3644 592 3706 τοὺς
622 3644 720 3714 μὲν
743 3642 963 3716 ἐριστὰς
1004 3645 1083 3706 εἰς
1124 3642 1500 3714 διαλογισμοὺς
1541 3646 1885 3700 παντάπασιν
1914 3647 2092 3717 ἀφείς,
2130 3648 2250 3702 κτλ.
2286 3648 2419 3719 Pag.
2453 3651 2543 3714 50,
2568 3649 2737 3717 Λόγος
2772 3656 2819 3718 γ’
2844 3648 2984 3717 Περὶ
3017 3649 3124 3703 τοῦ
3164 3648 3341 3719 ἁγίου
3372 3649 3675 3716 Πνεύμοτιις.

467 3738 806 3809 θεολογήσας
841 3738 869 3791 ὁ
895 3736 1315 3808 θεοληπτότατος
1347 3740 1476 3810 περὶ
1506 3740 1717 3811 Πατρὸς
1747 3740 1842 3795 καὶ
1874 3741 2001 3794 Υἱοῦ
2035 3743 2134 3795 ὅσα
2168 3742 2296 3814 ἐξῆν
2334 3743 2481 3814 αὐτῷ
2524 3744 2747 3800 διειπεῖν
2790 3746 2848 3797 ἐν
2881 3745 3143 3815 άφράστῳ
3169 3744 3458 3816 γοργότητι
3481 3744 3560 3797 καὶ
3584 3758 3678 3793 συν·

467 3830 635 3902 τομία
658 3829 745 3883 διὰ
776 3829 885 3882 τῶν
911 3831 1399 3900 προπεποιημένων
1426 3833 1677 3903 ἡρωϊκῶν
1704 3832 1850 3886 ἐπῶν
1884 3834 1979 3887 νῦν
2007 3835 2071 3905 δὴ
2109 3835 2410 3906 ἑπομένως,
2457 3836 2573 3889 κτλ.
2620 3835 2754 3907 Pag.
2778 3837 2869 3904 45,
2898 3838 3035 3905 Περὶ
3069 3838 3303 3906 κόσμου
3329 3836 3475 3905 λόγος
3497 3836 3551 3887 δ’.
3574 3832 3675 3902 I’cg.

467 3920 555 3975 64.
600 3919 740 3989 Περὶ
768 3919 1057 3988 προνοίας
1093 3916 1246 3986 λόγος
1270 3918 1332 3974 ε’.
1364 3919 1497 3992 Pag.
1529 3921 1619 3986 78,
1651 3922 1789 3990 Περὶ
1818 3922 1935 3977 τῶν
1964 3923 2221 3995 λογικῶν
2244 3924 2470 3980 οὐσιῶν
2496 3926 2650 3994 λόγος
2685 3926 2758 3992 ς’.

542 4029 718 4103 Igitur
763 4044 829 4084 ex
877 4031 973 4084 hoc
1022 4028 1198 4082 codice
1237 4030 1467 4099 primum
1500 4031 1863 4101 intelligimus,
1899 4043 2022 4104 quot
2066 4036 2306 4089 carmina
2336 4033 2554 4090 Nicetas
2584 4038 2960 4101 interpretatus
3005 4039 3190 4109 fuerit,
3225 4051 3349 4095 sunt
3390 4049 3546 4095 autem
3570 4051 3674 4103 pm-

469 4143 549 4186 ter
602 4128 911 4185 tetrasticha
955 4143 1172 4181 numero
1208 4137 1310 4187 xv;
1342 4121 1527 4176 deinde
1565 4138 1837 4177 numerum
1886 4125 2205 4189 carminum,
2238 4142 2355 4195 qua
2394 4128 2684 4197 ἀπόρρητα
2722 4131 3088 4195 nominaverit,
3150 4131 3421 4201 aliquanto
3469 4128 3672 4197 majorem

468 4240 583 4281 esse
625 4241 785 4296 quam
826 4223 978 4278 Billii
1012 4237 1306 4277 numerum.
1354 4216 1411 4273 Is
1436 4218 1575 4272 enim
1619 4228 1733 4274 octo
1765 4228 1971 4275 tantum
1995 4222 2237 4275 carmina
2271 4222 2346 4275 ita
2378 4223 2649 4291 inscripsit
2680 4241 2840 4295 neque
2868 4223 3156 4296 quidquam
3191 4223 3256 4277 de
3295 4222 3393 4276 hac
3420 4239 3471 4276 re
3496 4218 3673 4273 monuit.

468 4333 773 4390 quanquam
809 4326 974 4370 totum
1005 4314 1208 4369 Niceta:
1249 4314 1682 4370 commentarium
1724 4316 1779 4369 in
1818 4317 2063 4371 manibus
2088 4318 2336 4374 habuisse
2371 4320 2577 4375 videtur
2628 4322 2733 4376 sive
2763 4322 2818 4375 in
2843 4338 2947 4376 uno
2984 4320 3182 4386 codice,
3212 4319 3493 4374 cardinalis
3534 4312 3675 4371 Sirin

468 4407 701 4464 codicem
730 4408 868 4473 dico,
916 4409 1022 4468 sive
1058 4409 1111 4462 in
1146 4408 1397 4476 pluribus
1426 4415 1707 4476 repertum,
1760 4423 1885 4461 nam
1915 4409 1971 4461 in
1996 4411 2335 4465 annotatione
2364 4413 2576 4481 respicit
2619 4413 2687 4465 ad
2717 4413 3153 4466 commentarium
3187 4429 3291 4465 non
3337 4410 3496 4465 solum
3522 4409 3568 4460 in
3588 4412 3672 4457 actu

472 4500 569 4556 illa
597 4500 859 4563 carmina,
911 4499 1000 4553 sed
1024 4500 1184 4553 etiam
1216 4500 1269 4551 in
1314 4506 1506 4564 septem
1536 4496 1741 4566 reliqua
1796 4507 1950 4566 atque
1976 4501 2411 4554 commentarium
2468 4502 2521 4554 in
2571 4500 2903 4556 Tetrasticha
2950 4512 3119 4557 totum
3175 4502 3351 4556 vertit.
3383 4498 3547 4569 Ipsum
3586 4508 3671 4547 vero

475 4590 724 4647 Nicetam
765 4592 875 4647 hatc
900 4594 1140 4646 carmina
1162 4593 1453 4665 ἀπόρρητα
1482 4592 1793 4663 appellasse.
1812 4592 1997 4647 docere
2018 4593 2145 4647 mihi
2172 4595 2411 4649 videntur
2432 4612 2548 4666 qua:
2577 4597 2642 4649 de
2667 4613 2762 4651 suo
2784 4599 3051 4667 proposito
3073 4598 3255 4652 scribit
3278 4599 3331 4651 in
3359 4592 3581 4666 prooemio
3600 4588 3668 4656 [ol-

471 4686 510 4740 2
536 4702 583 4741 v.
614 4684 727 4739 cod.
764 4698 782 4736 :
813 4682 889 4736 Δι’
923 4682 951 4734 ὃ
980 4683 1070 4736 καὶ
1095 4686 1253 4755 ἡμεῖς
1282 4685 1331 4736 οἱ
1372 4685 1587 4737 πάντων
1610 4682 1825 4754 ἔσχατοι
1856 4683 1950 4738 καὶ⁵
1978 4684 2291 4756 μικρότεροι
2322 4685 2458 4756 πρὸς
2500 4686 2592 4740 τὸν
2636 4687 2776 4759 ὑπὲρ
2814 4688 3024 4752 πάντας
3052 4689 3179 4753 τοὺς
3208 4687 3575 4760 πρεσσυτὲρους
3603 4677 3671 4733 καὶ

473 4770 827 4834 διδασκάλους
854 4773 1212 4843 τετιμημένον
1242 4775 1372 4845 ἡμῖν
1400 4772 1699 4845 Γρηγόριον
1736 4773 1826 4827 τὸν
1859 4774 2117 4843 Θεολόγον
2155 4775 2249 4827 τὸν
2288 4773 2412 4829 νοῦν
2452 4776 2821 4848 ἐπερείδοντες
2859 4778 2935 4842 ὡς
2964 4779 3061 4848 τῆς
3091 4779 3360 4851 ἡμετέρας
3386 4770 3669 4846 καθηγεμόνα

470 4864 649 4939 ψυχῆς
676 4865 767 4919 καὶ
787 4864 863 4929 ὡς
891 4865 1288 4938 περισσοτέρως
1322 4868 1387 4920 ἐκ
1413 4867 1518 4921 τῶν
1559 4866 1720 4922 αὐτοῦ
1750 4866 2033 4936 θεολογῶνι
2062 4867 2499 4939 οίκοδομούμενοι
2533 4871 2776 4941 ὀλίγους
2806 4871 2974 4939 τινὰς
2999 4873 3067 4927 ὲκ
3103 4870 3220 4927 τῶν
3254 4871 3431 4927 αὐτοῦ
3454 4860 3665 4933 δυσφρὼ

473 4978 637 5015 στων
659 4960 757 5015 καὶ
789 4960 1217 5031 δυσθεωρήτων
1243 4962 1439 5033 λόγων
1471 4963 1602 5033 ἦτοι
1640 4962 2023 5033 θεοφράστων
2053 4961 2216 5016 ἐπῶν
2248 4964 2319 5017 τὰ
2356 4966 2793 5034 ἀπορρητότερα
2828 4967 2926 5020 stal
2968 4967 3090 5034 τοῖς
3116 4965 3366 5031 πολλοῖς
3401 4959 3667 5017 ἀνεπίοπτα

473 5062 561 5128 εις
587 5058 883 5129 ἐξήγησιν
912 5058 1331 5129 προυθήκαμεν
1368 5060 1621 5126 ἑαυτοῖς.
1653 5059 1782 5116 Cum
1820 5060 1897 5114 his
1932 5076 1974 5114 Ct

2162 5078 2185 5113 α
2215 5076 2330 5129 qua!
2355 5076 2477 5130 P09.
2518 5062 2619 5115 152
2651 5063 2777 5133 (col.
2805 5062 2930 5133 763)
2960 5063 3116 5132 hujus
3158 5064 3278 5117 libri
3314 5062 3546 5130 leguntur.
3578 5049 3663 5105 Cd-

478 5163 646 5208 terum
679 5173 742 5211 ne
772 5158 868 5211 illa
894 5156 1101 5227 quidem
1131 5158 1393 5223 carmina,
1445 5173 1562 5226 quo:
1592 5156 1786 5210 Billius
1820 5157 2128 5237 cognomine
2164 5154 2275 5207 τῶν
2306 5155 2637 5226 ἀπορρήτων
2669 5158 2960 5227 insignivit,
2997 5161 3051 5211 in
3081 5156 3318 5210 omnibus
3355 5148 3585 5206 codicibus
3608 5142 3665 5193 ita

478 5267 590 5305 esse
632 5251 893 5321 inscripta
943 5260 1163 5306 testatus
1194 5262 1271 5306 est
1302 5250 1529 5307 Carolus
1583 5249 1773 5312 Bened.
1806 5250 1967 5312 Hase,
1997 5252 2086 5318 qui
2130 5250 2211 5302 vir
2252 5248 2590 5303 clarissintus
2643 5259 2693 5303 et
2745 5251 3085 5304 doctissimus
3125 5264 3157 5302 a
3202 5264 3280 5301 me
3338 5256 3549 5314 rogatus.
3578 5247 3665 5287 (αα

475 5357 641 5395 essem
661 5356 860 5394 memor
886 5357 1065 5395 eorum
1098 5357 1214 5413 qua:
1245 5339 1345 5411 legi
1372 5340 1424 5393 in
1453 5338 1767 5408 prtcfatione
1801 5335 1867 5389 ad
1907 5335 2130 5390 Leonem
2179 5337 2477 5391 Diaconum
2507 5355 2630 5407 pag.
2665 5354 2792 5392 ut:
2826 5338 2909 5393 ed.
2940 5338 3258 5408 Bonn.,qua
3287 5346 3362 5392 est
3402 5326 3665 5386 humani“!!!

478 5440 533 5491 in
556 5454 724 5493 meum
758 5453 915 5491 usum
941 5438 1163 5492 contulit
1182 5453 1359 5492 omnes
1390 5436 1711 5491 bibliotheca?
1737 5433 1909 5504 Regia:
1944 5433 2260 5489 Parisiensis
2298 5436 2527 5490 codices.
2570 5434 2751 5507 Neque
2792 5437 2943 5490 illam
2968 5433 3351 5503 inscriptionem
3380 5424 3515 5480 habet
3539 5414 3662 5499 md?"

477 5530 773 5584 carminum
816 5526 1057 5598 Gregorii
1094 5528 1452 5593 Bodleianus,
1493 5543 1645 5597 quem
1685 5523 2023 5594 Gaisfordius
2050 5526 2331 5596 descripsit
2366 5529 2421 5580 in
2443 5526 2703 5598 Calalogo
2726 5528 2842 5583 sive
2878 5526 3081 5583 Notitia
3112 5523 3568 5588 manuscﬁptoruln
3591 5511 3659 5573 0'“

477 5626 547 5681 ab
576 5623 618 5680 Ε
668 5623 731 5677 Ι).
752 5623 950 5680 Clarke
980 5627 1283 5696 comparati
1318 5625 1373 5679 in
1403 5623 1736 5679 bibliotheca
1771 5621 2061 5677 Bodleiano
2095 5631 2453 5679 asseruntur
2477 5640 2533 5693 p.
2571 5640 2610 5691 ι,
2645 5641 2697 5693 ρ.
2722 5624 2793 5678 23
2843 5641 2954 5695 sqq.
2997 5621 3101 5678 Sed
3134 5631 3383 5686 utcunque
3407 5620 3493 5671 εει,
3516 5605 3660 5671 PM"

479 5719 587 5772 htrc
625 5719 862 5772 carmina
891 5736 945 5773 se
976 5718 1086 5772 alia
1124 5718 1274 5773 nulla
1311 5720 1711 5785 interpretatum
1746 5737 1856 5775 esse
1885 5722 1993 5791 ipse
2024 5720 2243 5799 Nicetas
2274 5723 2515 5793 afﬁrmat
2548 5725 2601 5777 in
2632 5722 3006 5777 commentario
3038 5723 3106 5775 ad
3148 5714 3473 5776 Tetrasticlta,
3502 5722 3541 5759 νο
3563 5710 3655 5769 ραςι

479 5806 573 5863 151
610 5808 732 5882 (col.
755 5808 904 5883 757).
957 5807 1039 5865 Ea:
1064 5810 1171 5865 illis
1205 5808 1369 5865 verbis
1414 5810 1735 5880 jamdudum
1765 5811 2046 5867 verisimile
2074 5812 2201 5866 mihi
2256 5812 2530 5869 videbatur
2572 5814 3058 5884 interpretationem
3115 5806 3520 5867 monosticharum
3544 5800 3658 5865 819'“
