3866 6510
73 408 182 464 oss
1102 416 1173 471 IN
1205 385 1513 471 Cm}th
1549 416 1822 472 suum
1866 418 1923 474 ε.
1969 418 2315 475 cneconn.
3254 429 3356 484 oss

73 535 516 603 epigrammatum
553 534 606 586 in
655 531 864 587 laudent
916 533 1109 587 Basilii
1143 533 1345 603 Magni,
1374 551 1491 604 qua'
1523 534 1725 590 Nicetis
1757 535 1954 591 Davidi
1993 540 2046 591 in
2072 539 2304 592 editione
2350 538 2540 593 Veneta
2580 539 2852 602 tribuitur,
2894 544 3059 611 ipsius
3086 560 3215 612 opus
3241 564 3354 605 esse

77 646 180 682 non
240 645 425 696 posse;
455 639 509 681 et
565 627 809 682 Nicetam
841 645 1018 682 revera
1061 645 1221 698 neque
1248 629 1407 698 hujus
1441 638 1709 683 auctorem
1747 647 1860 684 esse
1889 647 2049 702 neque
2081 633 2530 700 interpretationis
2585 633 3059 700 Tetrastichorum,
3102 655 3219 707 quia
3256 643 3352 694 sub

74 725 244 790 ipsius
274 725 484 777 nomine
529 724 583 777 in
609 723 791 776 eodem
831 718 967 773 libro
1001 720 1168 772 etiam
1201 736 1339 773 nunc
1378 720 1772 789 circumfertur,
1815 723 2062 790 (utraque
2107 730 2282 775 autem
2324 721 2559 791 ejusdem
2605 723 2881 791 scriptoris
2922 727 3044 795 est),
3085 738 3263 795 postea
3289 745 3355 782 es

75 819 190 880 ipso
222 817 356 870 libm
396 816 582 878 didici,
610 831 761 884 quem
794 812 1107 865 bibliotheca
1162 809 1517 881 Gottingensis
1568 813 1916 867 intercedente
1970 813 2037 867 E.
2071 811 2133 866 L.
2171 831 2202 866 a
2233 811 2456 867 Leutsch
2486 831 2534 867 υ.
2593 813 2650 868 d.
2699 815 2826 867 mihi
2872 819 3219 886 suppeditavit
3252 820 3328 891 (α)

72 907 290 962 Scilicet
336 908 457 961 illos
505 904 908 960 commentarios
940 903 1165 972 confecit
1197 903 1461 968 Zonaras,
1487 915 1546 960 ut
1586 907 1694 974 ipse
1718 907 1919 976 fatetur
1955 909 2010 960 in
2037 908 2286 975 prooemio
2317 906 2413 975 fol.
2439 907 2493 968 5.
2530 907 2608 959 ita
2641 916 2814 961 tamen
2851 919 2908 961 ut
2945 909 3150 967 Nicetes
3190 917 3356 969 inter'

68 1003 422 1069 pretationem
455 1000 688 1068 longiore
717 995 1500 1064 verborumcircumscriptione
1528 1007 1678 1052 utens
1717 999 1879 1051 etiam
1908 998 2038 1052 locis
2072 1014 2137 1051 ea:
2165 1014 2320 1051 sacra
2362 997 2644 1064 Scriptura
2673 1001 2925 1056 adhibitis
2961 1022 3096 1074 sirpe
3126 1022 3342 1079 augeret

69 1105 230 1163 atque
280 1093 653 1161 amplificaret,
693 1092 817 1162 quin
847 1101 983 1146 totas
1014 1089 1216 1143 Νίσαιαν
1241 1090 1484 1157 periodos
1519 1105 1630 1142 sua:
1675 1089 1998 1157 paraphrasi
2035 1090 2310 1144 intexeret.
2372 1088 2651 1142 Interdum
2723 1093 2845 1149 duce
2894 1098 3353 1170 interpretatione;

69 1198 309 1252 exstant,
346 1205 571 1260 quarum
603 1189 774 1241 altera
806 1186 1062 1253 inscripta
1097 1186 1331 1248 «ἄλλως»
1365 1201 1491 1253 pars
1522 1194 1598 1237 est
1635 1184 2083 1251 interpretationis
2119 1183 2360 1248 Niceta';
2397 1199 2775 1252 nonnunquam
2822 1191 3001 1246 varias
3025 1210 3228 1264 quoque
3276 1198 3324 1250 le

68 1282 276 1334 ctiones
304 1278 546 1334 Zonaras
576 1279 776 1333 notavit
804 1287 958 1348 atque
1007 1277 1221 1329 omnino
1243 1276 1420 1343 potius
1452 1274 1791 1344 grammatici
1821 1283 1997 1341 partes
2050 1274 2161 1345 agit
2203 1290 2359 1342 quam
2403 1274 2735 1343 interpretis;
2774 1281 2986 1351 singula
3025 1287 3164 1338 enim
3201 1288 3356 1341 verba

65 1376 407 1441 explicantur
437 1373 624 1427 iisdem
650 1373 763 1442 fere
806 1371 974 1426 verbis
1005 1387 1123 1442 qua:
1147 1371 1392 1439 leguntur
1427 1370 1480 1422 in
1509 1370 1673 1436 ipsius
1722 1378 1878 1438 atque
1907 1369 2142 1422 aliorum
2187 1369 2390 1423 leaicis.
2425 1367 2490 1422 In
2539 1369 2911 1425 dissertatione
2943 1389 3104 1441 supra
3132 1376 3356 1430 laudata

61 1467 287 1519 exhibui
321 1465 452 1519 tales
497 1465 659 1529 locos,
691 1466 779 1534 qui
808 1481 910 1518 non
943 1465 1052 1517 sine
1079 1463 1256 1532 fructu
1286 1461 1518 1529 conferri
1551 1459 1754 1527 possint
1777 1460 1841 1513 ab
1882 1461 1948 1513 iis
2009 1460 2199 1530 quibus
2236 1459 2408 1514 lexica
2450 1458 2636 1514 Graeca
2671 1479 2814 1516 cura!
2845 1475 2990 1521 sunt.
3028 1464 3145 1521 Hoc
3178 1477 3356 1522 autem

66 1562 381 1628 opusculum
415 1559 654 1613 Zonaras
703 1576 858 1614 senex
883 1559 1178 1626 composuit
1224 1573 1316 1626 per
1369 1557 1560 1619 otium,
1611 1572 1711 1626 quo
1755 1555 2033 1624 fruebatur
2083 1561 2367 1609 monachus
2397 1566 2446 1609 et
2497 1573 2597 1626 quo
2642 1570 2768 1607 usus
2795 1565 2870 1608 est
2913 1555 2982 1608 ad
3025 1559 3161 1612 alios
3194 1559 3355 1614 libros

64 1651 394 1714 scribendos,
431 1650 494 1703 de
521 1649 708 1720 quibus
739 1648 854 1704 vide
907 1648 1203 1702 Tittmanni
1261 1648 1630 1717 prolegomena
1663 1646 1729 1699 ad
1763 1644 1990 1701 Zonarte
2037 1644 2300 1708 chicon,
2346 1662 2401 1713 p.
2433 1663 2559 1700 va.
2593 1645 2695 1702 Sed
2752 1645 2902 1700 redeo
2922 1648 2992 1699 ad
3023 1649 3224 1705 .Vicetce
3250 1651 3356 1705 Da-

65 1742 213 1795 ridis
244 1742 704 1794 commentarium.

137 1832 276 1885 Cum
319 1831 387 1885 ad
435 1831 858 1900 patefaciendam
905 1828 1146 1898 Gregorii
1200 1839 1422 1882 mentem
1478 1845 1616 1898 sa'pe
1662 1828 1966 1884 abstrusam
2023 1844 2136 1883 verc
2176 1829 2369 1898 prosit,
2423 1827 2612 1882 Billius
2667 1839 2844 1883 autem
2887 1831 3107 1900 singulis
3145 1841 3354 1886 tantum

64 1925 200 1976 locis
239 1941 300 1978 eo
332 1925 386 1978 in
419 1939 710 1978 sermonem
747 1921 1002 1975 Latinum
1058 1936 1304 1974 converso
1333 1936 1458 1973 usus
1499 1921 1566 1974 sit
1613 1929 1830 1988 excepta
1877 1921 2310 1989 interpretatione
2349 1918 2803 1972 Tetrastichorum
2869 1936 3029 1988 quam
3087 1921 3352 1993 integram

65 2022 226 2072 vertit
277 2035 297 2074 :
334 2019 594 2090 equidem,
624 2027 674 2072 et
713 2019 838 2089 quia
875 2016 1081 2070 Niceta:
1128 2017 1301 2070 oratio
1338 2025 1415 2070 est
1446 2016 1579 2070 satis
1612 2015 1822 2087 elegans
1863 2026 1912 2071 et
1943 2017 2140 2070 munda
2174 2027 2222 2070 et
2258 2033 2319 2070 ne
2347 2015 2473 2087 quid
2490 2015 2657 2083 justo:
2708 2017 3004 2071 carminum
3041 2021 3353 2088 interpreta-

69 2120 207 2170 tioni
231 2116 572 2180 detrahatur,
592 2132 625 2170 e
655 2115 832 2170 codice
860 2113 1073 2169 Cusano
1109 2111 1355 2167 Gnaeum
1391 2115 1830 2167 commentarium
1861 2116 1998 2185 typis
2025 2113 2426 2168 describendum
2454 2113 2635 2166 curavi
2663 2113 2860 2166 omissa
2888 2113 2986 2166 illa
3008 2124 3160 2182 parte
3191 2131 3349 2184 quam

69 2213 209 2268 Dav.
262 2214 584 2269 liceschelius
620 2212 805 2266 edidit.
847 2215 1063 2264 Teanum
1094 2211 1293 2264 codicis
1337 2209 1458 2264 dedi
1479 2210 1776 2280 integrum;
1797 2229 1922 2266 nam
1951 2224 2074 2266 sunt
2106 2213 2208 2266 loci
2234 2212 2323 2282 qui
2354 2209 2717 2267 emendatione
2757 2218 2962 2279 egeant,
2997 2211 3087 2264 sed
3117 2211 3232 2265 sine
3261 2228 3352 2281 ope

67 2306 293 2358 alterius
343 2304 467 2357 libri
500 2305 693 2374 corrigi
730 2321 832 2357 non
867 2303 1090 2372 possint.
1125 2304 1370 2355 Attamen
1397 2317 1490 2356 sea:
1526 2303 1624 2355 illa
1674 2304 1936 2366 carmina,
1959 2305 2146 2374 quippe
2194 2320 2312 2373 qua:
2356 2302 2654 2357 cohccreant
2683 2317 2799 2354 cum
2850 2305 3073 2362 ca'teris.
3106 2302 3174 2354 ad
3204 2320 3353 2356 eum-

66 2400 189 2453 dem
217 2399 443 2452 codicem
469 2399 730 2452 recensita
760 2401 872 2452 sine
901 2399 1278 2450 commentario
1293 2406 1416 2467 post
1449 2395 1653 2451 Niceta:
1685 2398 1883 2452 librum
1915 2401 2069 2467 posui
2101 2399 2200 2469 (b).

143 2493 243 2545 (Iis
267 2490 450 2544 addidi
504 2492 694 2545 selecto
724 2490 971 2560 quiedam
1005 2492 1265 2554 carmina,
1300 2507 1416 2561 quia
1458 2494 1793 2561 reperiuntur
1817 2492 1869 2544 in
1912 2490 2090 2546 codice
2139 2490 2385 2546 Gudiano
2420 2489 2605 2546 Grtcco
2633 2493 2720 2547 97.
2756 2493 2910 2548 Ilunc
2938 2494 3076 2548 enim
3100 2494 3352 2556 codicem,

66 2587 134 2638 de
171 2603 273 2657 quo
323 2604 370 2640 υ.
405 2587 500 2639 Fr.
537 2586 638 2641 Ad.
670 2584 850 2638 Eberti
882 2586 1077 2638 librum
1101 2585 1164 2640 de
1187 2585 1514 2641 bibliothecae
1555 2584 1825 2655 Guelferb.
1859 2586 2014 2639 codd.
2043 2584 2138 2640 Gr.
2171 2602 2225 2655 p.
2251 2584 2313 2638 8i
2345 2584 2793 2639 Schamemannus
2822 2600 2868 2637 v.
2895 2583 2950 2638 d.
2988 2584 3135 2638 illius
3164 2584 3352 2638 biblio-

69 2684 235 2740 theca:
271 2683 552 2749 prwfectus
579 2681 648 2733 ad
683 2698 762 2735 me
789 2684 954 2745 misit,
1015 2698 1134 2735 cum
1167 2683 1221 2735 in
1253 2699 1312 2736 eo
1342 2691 1476 2736 esset
1513 2699 1673 2735 unum
1708 2699 1945 2746 carmen,
1981 2684 2120 2752 quod
2175 2679 2394 2735 Nicetas
2438 2682 2577 2734 inter
2606 2695 2806 2732 arcana
2842 2679 3068 2731 relatum
3097 2679 3352 2748 interpre-

70 2783 217 2828 tatus
249 2784 348 2827 est.
384 2773 501 2826 Hoc
539 2790 655 2827 vero
700 2775 974 2828 occasione
1003 2773 1134 2827 data
1169 2775 1327 2826 etiam
1357 2774 1563 2842 reliqua
1597 2775 1842 2828 carmina
1881 2775 2106 2828 contuli.
2138 2772 2476 2843 Periphrasis
2507 2788 2667 2843 qnam
2689 2769 2826 2823 idem
2860 2769 3024 2823 codex
3049 2770 3240 2838 pra'bet
3273 2772 3354 2823 ita

66 2877 150 2919 est
191 2867 462 2929 instituta,
494 2876 552 2919 ut
576 2867 774 2936 singuli
794 2883 972 2921 versus
1037 2868 1364 2934 explicentur
1403 2868 1570 2922 verbis
1605 2869 1936 2937 synonymis.

145 2961 373 3032 Reliqua
404 2962 645 3017 subsidia
703 2964 892 3032 quibus
939 2979 1068 3018 usus
1112 2981 1230 3018 sum
1257 2965 1310 3018 in
1347 2973 1490 3018 textu
1521 2965 1818 3018 carminum
1861 2963 2226 3019 constituendo
2255 2962 2366 3016 hmc
2417 2970 2560 3015 sunt.
2627 2956 2802 3012 Editio
2837 2955 2987 3015 Aldi.
3028 2955 3117 3023 qui
3143 2955 3349 3024 primus

71 3056 374 3109 maximam
410 3056 710 3110 carminum
757 3066 962 3125 partem
987 3060 1152 3113 edidit
1174 3077 1228 3113 a.
1271 3059 1428 3114 1504.
1468 3057 1674 3114 Nicette
1694 3060 2042 3130 paraphrasis
2072 3059 2214 3128 (Gn)
2262 3035 2410 3112 edita
2448 3053 2678 3111 Venetiis
2712 3069 2764 3106 α.
2804 3050 2963 3112 1565.
2992 3051 3056 3104 de
3083 3067 3184 3121 quo
3212 3050 3350 3127 libro

72 3147 193 3198 vide
218 3159 402 3212 supra.
473 3145 917 3200 Tetrastichorum
963 3147 1128 3202 editio
1181 3165 1311 3202 cura
1370 3147 1605 3202 Erhardi
1661 3149 1952 3204 Hedenecci
2028 3150 2258 3204 Basilea:
2317 3168 2378 3204 a.
2426 3146 2598 3210 1577;
2634 3143 2870 3224 denique
2915 3141 3152 3213 Gregorii
3204 3141 3350 3198 Nae.

69 3253 236 3303 «pera
273 3252 391 3290 cum
437 3253 625 3291 comm.
651 3236 842 3292 Jacobi
877 3239 1050 3304 Billii,
1083 3238 1341 3306 Colonia,
1377 3240 1675 3309 sumptibus
1720 3240 2064 3294 Weidmanni
2102 3239 2263 3296 1690.
2300 3241 2498 3295 Billius
2528 3252 2830 3308 quanquam
2851 3236 3026 3303 plures
3057 3234 3239 3288 habuit
3263 3251 3352 3287 co-

69 3331 241 3392 dices,
278 3329 580 3399 plerumque
643 3339 813 3383 tamen
845 3331 1078 3401 sequitur
1105 3330 1300 3384 Aldum
1330 3331 1409 3384 ita
1442 3339 1498 3384 ut
1530 3347 1906 3401 nonnunquam
1943 3347 2149 3385 errores
2173 3347 2304 3401 quos
2333 3329 2703 3385 emendaverat
2745 3329 2908 3382 Aldus
2949 3339 3232 3395 repeteret;
3265 3341 3351 3382 at—

69 3435 176 3487 que
209 3419 264 3470 in
296 3419 392 3472 illa
419 3419 647 3474 editione
681 3420 988 3475 Coloniensi
1018 3420 1123 3474 sive
1141 3419 1399 3488 Lipsiensi
1431 3421 1742 3491 typographi
1770 3439 1804 3474 a
1841 3438 1963 3476 vera
1987 3423 2254 3491 scriptura
2296 3437 2434 3490 sape
2463 3421 2631 3475 denuo
2674 3421 3064 3474 aberravernnt.

147 3509 271 3564 Scr.
302 3508 702 3580 Confluentibus
741 3512 818 3567 id.
868 3511 985 3567 Jul.
1011 3529 1064 3565 a.
1099 3510 1253 3565 1840.

146 3717 226 3784 (a)
265 3713 490 3786 Librum
519 3716 572 3770 in
609 3716 696 3770 his
727 3717 1042 3786 regionibus
1070 3716 1413 3770 rarissimum
1444 3715 1713 3786 descripsi
1746 3716 1798 3770 in
1825 3715 2213 3772 dissertatione
2241 3716 2306 3772 de
2337 3715 2528 3772 Niceta
2571 3715 2772 3772 Davide
2804 3723 2856 3770 et
2889 3715 3100 3770 Zonara
3128 3731 3249 3786 pag.
3292 3718 3349 3774 9.

147 3786 227 3854 (b)
262 3785 392 3857 Haec
421 3787 580 3841 nobis
610 3785 855 3856 Gregorii
895 3788 1092 3857 integri
1119 3788 1424 3842 editoribus
1449 3795 1612 3842 erant
1637 3785 1959 3841 omittenda.
1995 3786 2072 3840 Ex
2104 3788 2188 3843 his
2213 3789 2380 3841 etiam
2410 3788 2659 3842 versibus
2680 3801 2818 3856 quos
2850 3787 2952 3841 sibi
2985 3785 3344 3856 explicandos

74 3857 320 3925 assumit
353 3855 596 3919 Nicetas,
635 3855 853 3912 nonnisi
883 3855 1120 3925 primum
1156 3857 1504 3921 retinuimus,
1541 3873 1665 3909 cum
1699 3858 1938 3925 reliquos
1968 3857 2033 3910 ad
2065 3873 2284 3911 manum
2317 3859 2513 3913 habeat
2541 3855 2736 3912 Lector
2773 3859 2824 3910 in
2862 3855 3345 3912 nostra’cditione.

74 3873 320 3911 assumit
354 3873 596 3919 mcetas,
635 3873 853 3912 nonius:
922 3873 1120 3910 mnum
1156 3873 1504 3921 retinumms,
1541 3873 1665 3909 cum
1699 3873 1938 3925 reliquos
1968 3873 2033 3910 aa
2065 3873 2284 3911 omnium
2317 3873 2513 3913 naneat
2541 3873 2736 3912 Lector
2773 3873 2824 3910 In
2862 3873 3049 3912 nostra
3083 3873 3345 3912 cultione.

74 3923 350 3981 l’raterea
386 3926 603 3980 Ernesti
632 3926 848 3981 Dronke
990 3927 1049 3980 υ.
1083 3929 1464 3981 adnotationes
1504 3943 1622 3996 quae
1676 3935 1886 3981 tantum
1919 3927 1984 3980 ad
2017 3926 2156 3981 Billii
2207 3927 2498 3982 editionem
2547 3935 2820 3997 spectant,
2855 3927 3016 3996 cujus
3048 3928 3178 3981 vitia
3217 3943 3352 3981 cura

69 4011 186 4066 qua
229 4011 330 4066 par
364 4007 486 4052 erat
519 3999 574 4052 in
601 4013 738 4051 nova
770 3997 1016 4052 Maurina
1047 4001 1369 4052 recensione
1394 4003 1523 4051 sunt
1557 3998 1869 4062 emendata,
1907 4011 2033 4050 cum
2069 3999 2183 4065 jam
2216 4013 2408 4067 parum
2442 4006 2536 4052 aut
2561 3998 2694 4051 nihil
2731 3997 2984 4051 utilitatis
3015 3997 3270 4059 habeant,
3292 4006 3352 4049 nt

71 4067 384 4137 plurimum
415 4069 747 4123 omittimus.
775 4067 934 4122 Εοιτ.

81 4302 644 4324 _—————_

920 4515 1630 4628 NICETE
1741 4513 2508 4628 DAVIDIS

568 4804 1116 4866 PARAPHRASIS
1146 4804 1575 4866 CARMINUM
1611 4802 2111 4866 ARCANORUM
2142 4804 2204 4865 S.
2246 4804 2628 4866 GBEGORII
2665 4805 2838 4866 ΝΛΖ.

1635 5023 1788 5036 ~—

61 5191 305 5256 Νικήτα
347 5188 456 5243 τοῦ
498 5186 595 5241 καὶ
631 5186 828 5256 ΔσυτδΑ
853 5184 1111 5256 δούλουγ
1137 5183 1338 5256 Ἰησοῦ
1365 5184 1588 5256 *Χριστι

1814 5179 1972 5236 'icetce
2036 5181 2124 5251 qui
2147 5191 2195 5256 et
2225 5180 2417 5246 David,
2441 5182 2574 5237 servi
2611 5181 2737 5256 Iesu
2771 5183 2990 5256 Christi,
3028 5183 3341 5256 philosophi,

289 5260 655 5334 φαρσόςςοιξ,
689 5254 1165 5334 ’ἓξῄγῃσιςβῶν
1186 5252 1540 5334 ᾀπρρρνξξωγ
1555 5252 1664 5334 cois

1837 5253 2247 5334 commentaria:
2303 5268 2621 5333 arcanorum
2691 5252 2755 5334 8ἑ
2819 5251 3057 5322 Gregorii
3099 5251 3345 5323 ’l'heologi

142 5321 324 5398 ἀγ·ίοῦ
367 5321 698 5397 Γρηγῖορίου
725 5321 831 5379 τοῦ
846 5321 1151 5394 ’Θέολόγου
1180 5323 1361 5376 ἐπῶν.
1392 5322 1528 5391 Περί
1547 5325 1664 5391 ψυ-

143 5401 270 5467 χῆς
301 5400 587 5467 (Hidros
623 5395 689 5457 ξ’-

1248 5323 1361 5376 τῶν.
1392 5322 1664 5391 Περίψνυ-
1838 5323 2158 5375 carminum.
2199 5321 2275 5376 De
2311 5323 2489 5376 anima
2516 5340 2688 5376 sermo
2726 5323 2775 5377 7.

143 5421 270 5470 κης
301 5419 587 5469 umorve
623 5419 689 5457 ς’-

157 5491 478 5562 Ἑπομὲνως
519 5489 655 5562 μετὰ
705 5487 802 5560 τὴν
845 5486 951 5540 τῶν
993 5485 1260 5556 οὐρανίων
1292 5485 1385 5539 καὶ
1430 5484 1665 5554 λογικῶν

1835 5484 2247 5555 Consequenter
2275 5484 2579 5540 caelestium
2615 5495 2665 5541 et
2693 5485 3095 5540 rationabilium
3121 5493 3345 5539 natura.

62 5587 299 5658 φύσεων
339 5585 436 5639 καὶ
481 5581 788 5653 ἀσωμάτων
816 5579 1070 5650 Θεωρίαν,
1103 5577 1206 5649 ὁδῷ
1235 5576 1545 5648 προϐαίνων
1570 5577 1589 5628 ἑ

1819 5592 1887 5630 Im
1910 5583 1964 5630 et
1989 5575 2444 5646 incorporearum
2483 5584 2608 5646 post
2667 5576 3182 5646 contemplationem
3242 5576 3346 5630 iter

60 5681 172 5748 τὴν
202 5676 600 5749 ταπεινοτέραν
625 5673 720 5728 καὶ
753 5670 1154 5742 προσυλπέραν
1185 5670 1285 5741 τῆς
1315 5668 1587 5740 ἀνθρωπίν

1815 5681 2019 5739 argens,
2056 5667 2121 5722 ad
2146 5667 2704 5737 contemptibiliorem
2733 5675 2785 5721 et
2815 5666 3055 5722 materia:
3115 5664 3342 5719 vicinio-

61 5772 256 5843 ψυχῆς
291 5769 501 5832 οὐσίαν,
533 5767 630 5840 τὴν
663 5764 897 5837 Θεωρίαν
925 5764 1019 5817 καὶ
1048 5761 1344 5830 Θεολογίαν,
1365 5763 1394 5815 ὁ
1413 5760 1588 5830 θεολόη

1814 5772 1882 5812 3m
1946 5757 2201 5812 humanae
2250 5757 2445 5812 anima:
2509 5757 2897 5818 substantiam,
2931 5754 3341 5829 contemplatio-

149 5929 230 5993 (I)
271 5925 411 5994 Περὶ
440 5920 664 5992 ψυχῆς.
713 5919 853 5975 Edit.
895 5916 1035 5972 Billii
1069 5914 1284 5982 Colon.,
1321 5911 1385 5980 ll,
1425 5929 1479 5984 p.
1528 5911 1666 5979 170;

1528 5911 1666 5979 l'iO;
1708 5910 1838 5966 edit.
1883 5910 2200 5976 Leuvencl.,
2231 5927 2285 5983 ρ.
2319 5909 2452 5966 1017
2487 5901 2608 5979 (Ed.
2641 5924 2765 5965 nov.
2800 5924 2853 5979 ρ.
2886 5905 3034 5982 241).
