1933 3282
256 167 308 199 883
921 168 1042 200 NICETA

1166 170 1211 200 HD
1804 174 1844 202 bu

258 232 426 266 Heruagtana
442 237 488 264 per
505 228 646 257 Eusebium
662 229 830 265 Episcopium
850 237 875 255 a.
890 229 955 256 1571
973 238 980 256 :
996 224 1042 256 sed
1053 217 1123 264 quod
1142 229 1180 256 rei
1193 232 1272 264 caput
1288 232 1338 261 est,
1359 229 1513 264 scriptorem
1530 233 1599 256 recte
1619 231 1734 257 nomtuat
1747 231 1844 263 Mem.

253 279 390 307 Dacidem.
405 277 467 305 Non
486 276 570 304 multo
589 283 648 312 post
662 285 694 305 ex
710 278 776 305 libro
799 276 978 311 manuscripto
992 276 1155 303 bibliotheca
1170 277 1333 312 Augustana:
1348 274 1470 303 Grazcam
1495 277 1682 311 paraphrasim
1704 279 1731 305 in
1748 288 1788 306 se:
1800 291 1846 309 car.

252 327 323 354 mina
354 328 462 355 Arcana
491 325 545 353 sine
577 325 605 353 in
635 333 723 355 versus
747 326 802 355 482
828 325 903 361 (sunt
936 332 995 352 vero
1015 331 1124 351 numero
1145 324 1210 359 185)
1231 323 1315 351 edidit
1341 324 1407 352 Dav.
1434 324 1597 352 Iimchelt’us
1620 324 1738 360 Lugduni
1755 326 1847 357 Batus.

251 381 310 400 rum
327 381 353 399 a.
370 372 450 405 1591,
464 380 523 407 qua:
538 371 619 398 editio
643 371 752 405 repetita
771 374 811 397 est
831 370 863 397 ab
877 369 958 397 Joan.
979 369 1181 398 Hornscltucltia
1196 369 1294 405 Lipsite
1311 379 1337 397 a.
1353 370 1440 399 i655:
1455 379 1520 406 quos
1535 371 1615 397 libros
1638 379 1695 397 cum
1709 372 1785 400 uidere
1795 383 1847 401 non.

254 418 317 445 dum
337 417 402 444 milli
418 418 569 452 contigerit,
581 417 647 444 niltil
666 417 700 443 de
711 416 873 450 metaphrasi
886 424 966 450 quam
979 416 1114 443 continent
1126 421 1243 443 statuere
1253 424 1370 451 possum.
1389 416 1473 451 Atque
1483 424 1514 443 es
1528 417 1577 443 illo
1593 422 1706 452 tempore
1720 426 1756 445 res
1767 419 1847 448 intecta

248 466 359 498 mansit,
374 464 456 492 donec
469 465 504 492 ad
521 464 693 499 quaestionem
709 462 903 490 dissolvendam
917 470 958 489 me
972 462 1079 497 impulit
1093 462 1139 490 ille
1155 462 1237 490 code'c
1252 471 1329 498 quem
1342 463 1399 498 jam
1414 463 1595 497 descripturus
1607 472 1677 492 sum.

281 512 322 538 Ad
339 512 411 546 ripas
426 509 548 538 Mosellte
567 509 774 543 amcenissimas,
785 515 864 543 prope
878 509 964 535 nicum
981 507 1060 540 Cues,
1074 508 1169 535 domus
1188 512 1227 535 est
1246 507 1349 536 alendis
1365 508 1470 536 senibus
1485 508 1645 545 presbyteris
1664 518 1681 536 a
1693 510 1794 538 Nieolao
1806 512 1847 540 CI.

244 567 311 587 sano
324 559 371 587 illo
385 557 523 586 cardinale
545 557 702 584 doctissimo
717 561 864 589 exstructa,
881 556 909 583 in
927 555 1004 590 cujus
1019 554 1177 582 bibliotheca
1193 555 1261 582 bona
1283 563 1346 590 pars
1363 555 1503 588 librorum,
1527 565 1592 591 quos
1608 555 1737 585 Nicotaus
1754 567 1795 585 aut
1808 561 1848 594 ipse

245 606 386 640 scripserat
401 609 447 631 aut
466 602 494 630 in
509 602 647 630 itineribus
662 602 815 637 collegerat,
832 601 921 628 adhuc
935 606 1097 633 asseruntur,
1113 609 1263 636 quanquam
1286 609 1356 636 sa’pe
1373 606 1413 629 est
1428 602 1555 636 spoliata.
1579 602 1714 630 Numerus
1724 605 1849 639 quide-tli-

245 653 354 680 brorum
372 652 483 687 exiguus
499 655 548 682 est,
563 649 608 678 sed
628 650 799 684 reperiuntur
814 650 882 676 inter
894 657 938 676 eos
954 649 1035 676 etiam
1053 649 1114 675 boni
1128 654 1152 675 et
1167 649 1240 684 digni
1255 650 1299 685 qui
1313 650 1490 680 innotescant,
1509 649 1570 676 licet
1588 658 1640 676 nou
1653 650 1730 682 tales,
1744 653 1849 686 qualeste

244 699 281 727 ibi
296 704 463 734 reperturum
478 705 535 725 esse
547 700 699 731 speraverat
721 696 803 723 Andr.
817 695 889 723 Guil.
907 695 1063 728 Cramerus,
1075 696 1152 731 cujus
1169 696 1218 722 hac
1232 696 1264 723 de
1276 703 1304 723 re
1320 695 1408 730 lepida
1418 700 1506 723 exstat
1519 697 1639 723 narratio
1657 697 1686 723 in
1697 697 1774 731 ipsius
1783 698 1848 727 Chro-

245 744 317 773 tticis
332 743 501 775 domesticis,
520 750 546 776 ρ.
566 741 618 769 145
633 750 689 778 sqq.
710 740 747 768 De
763 741 839 768 libris
857 741 927 768 enim
938 741 987 777 qui
999 741 1033 768 ad
1039 741 1086 776 jus
1102 745 1222 776 spectant
1235 740 1344 768 meliora
1359 740 1446 768 edocti
1460 749 1551 768 sumus
1569 741 1600 767 ab
1617 741 1744 769 Eduardo
1761 743 1850 780 Bm,

240 797 298 827 jcto
322 791 407 818 Bonn.
423 799 447 818 υ.
467 790 507 822 d.,
525 798 549 817 v.
572 789 647 816 Frid.
663 788 728 816 Car.
742 797 758 816 a
774 788 889 824 Sanigng
910 788 1005 816 librum
1027 788 1193 816 Geschichte
1205 788 1254 816 des
1266 788 1423 815 rémischen
1437 788 1551 822 Rccltts,
1572 794 1633 822 etc.,
1650 788 1713 821 Ill,
1727 789 1751 821 8,
1762 791 1798 817 ed.
1811 800 1850 819 see.

244 839 320 866 Inter
332 836 437 865 Grtecos
458 841 545 864 autent
561 835 643 863 libros
662 836 867 869 manuscriptos,
883 843 995 870 quarunt
1007 836 1083 869 copia
1097 834 1161 862 mihi
1175 842 1257 868 nuper
1273 834 1348 869 facta
1367 839 1406 862 est
1427 842 1474 870 per
1490 833 1660 866 Hartininm,
1678 844 1702 862 υ.
1718 845 1778 869 νη..
1793 838 1850 864 illius

244 887 338 914 domus
355 886 518 920 prafectum,
536 884 587 919 fuit
602 884 682 910 etiam
697 882 788 914 codex,
804 883 850 917 qui
863 888 945 909 totam
963 881 1065 909 Nicetav
1081 881 1193 909 Davidis
1203 882 1394 916 metapltrasim
1409 882 1524 909 continet
1536 882 1562 909 in
1577 883 1669 909 omnia
1684 882 1795 918 Gregorii
1805 884 1848 912 Na-

245 933 365 959 sianzeni
380 931 510 963 carmina,
533 937 592 965 qua:
615 929 662 956 ille
674 929 861 963 interpretatus
882 932 931 957 est.
946 928 1165 956 Nembranaceus
1179 932 1219 955 est
1238 933 1315 964 atque
1337 935 1370 955 ex
1383 928 1456 962 foliis
1475 928 1527 956 158
1541 929 1635 963 [οι-πω
1649 930 1786 964 quadratae
1801 940 1849 958 eol-

245 985 318 1013 stat;
334 980 450 1014 scriptus
469 982 508 1005 est
523 977 551 1004 ni
570 976 654 1010 fallor
672 975 769 1004 sucula
786 984 813 1003 ιι
829 976 869 1003 vel
880 984 919 1003 xu
938 976 1137 1011 caltigrapltice,
1153 983 1204 1002 non
1226 975 1426 1011 tachggrapltice
1441 975 1511 1010 quod
1526 980 1630 1008 cacant,
1646 984 1752 1003 summa
1769 978 1852 1005 litters-

245 1035 306 1055 rum
318 1025 451 1061 elegantia
467 1031 623 1059 summaque
640 1023 788 1058 diligentia.
806 1022 888 1058 Siglis
903 1024 984 1050 nullis
1000 1032 1064 1050 usus
1077 1028 1116 1050 est
1142 1023 1288 1053 librarius:
1304 1030 1393 1057 pauca
1407 1027 1509 1049 tantum
1527 1024 1657 1051 uocabula
1673 1033 1720 1059 per
1742 1026 1852 1053 abbresis.

246 1069 444 1107 turam‘scripta
461 1075 523 1098 sunt
534 1075 563 1097 ut
580 1069 696 1107 Ἰησοῦς,
708 1069 837 1106 Χριστός,
852 1070 923 1103 θεός,
938 1070 1042 1106 πνξῠμα

1188 1070 1260 1106 μητή
1266 1079 1290 1107 ρ,
1300 1070 1453 1107 ἄνθρωπος,
1471 1071 1592 1107 σωτηρία
1604 1077 1630 1099 et
1646 1072 1683 1099 ab
1695 1073 1734 1099 bis
1745 1073 1851 1101 derivata.

245 1120 406 1147 Accentuum
426 1118 496 1145 ratio
514 1116 604 1145 eadem
623 1117 676 1151 fere
693 1121 730 1144 est
749 1125 808 1151 ηοω
823 1117 899 1144 hodie
918 1118 1093 1150 observatur;
1107 1117 1177 1152 quod
1194 1116 1228 1144 ad
1248 1117 1357 1154 spiritus
1380 1118 1484 1150 attinet,
1507 1118 1560 1145 duo
1582 1119 1629 1145 rlto
1650 1119 1770 1154 deinceps
1785 1121 1852 1153 posits

245 1172 379 1199 nunquam
392 1164 453 1190 illos
466 1163 516 1190 sibi
530 1164 671 1197 inscriptos
688 1162 796 1196 habent,
808 1168 836 1190 ut
850 1170 875 1190 et
890 1164 918 1190 in
934 1164 995 1191 aliis
1010 1163 1144 1190 codicibus
1155 1168 1180 1190 et
1195 1171 1264 1190 nunc
1275 1152 1403 1190 scribitur
1413 1171 1422 1196 ;
1434 1172 1458 1191 υ.
1475 1164 1552 1192 Bast.
1564 1165 1724 1193 Comment.
1736 1152 1853 1202 palma,

246 1212 310 1239 ⁵153.
329 1210 391 1238 Iota
404 1210 473 1247 quod
494 1210 670 1245 subscriptum
684 1210 797 1237 dicimus
814 1219 947 1247 nunquam
962 1211 1035 1245 infra
1045 1211 1155 1248 lineam,
1172 1220 1234 1238 raro
1248 1212 1275 1238 in
1291 1212 1347 1245 ipso
1361 1219 1437 1238 uersu
1451 1212 1569 1245 ponitur,
1581 1213 1738 1249 plerumque
1749 1215 1852 1241 omissus.

245 1261 295 1290 ut,
318 1256 363 1284 sed
378 1261 440 1284 sunt
462 1255 540 1283 verba
558 1264 615 1291 quae
636 1264 704 1283 nunc
719 1261 809 1283 carent
824 1258 879 1283 iota
897 1256 1053 1291 subscripta,
1071 1262 1096 1284 et
1113 1258 1140 1284 in
1163 1257 1251 1284 codice
1264 1256 1330 1283 illud
1345 1256 1451 1288 habent.
1471 1262 1499 1284 ut
1521 1257 1600 1289 ζῶιον
1614 1267 1664 1292 pro
1683 1258 1760 1291 ζῶον,
1771 1260 1799 1287 de
1813 1269 1852 1295 qu

245 1301 378 1329 scribendi
398 1302 501 1329 ratione
519 1310 543 1329 υ.
561 1300 637 1328 Bast.
652 1301 671 1328 l.
687 1301 705 1328 ι.
722 1300 784 1329 719.
804 1301 949 1329 Ρατιὶτιιιω
967 1302 1042 1337 qutvd

1169 1303 1263 1338 posito:
1283 1310 1329 1337 per
1343 1308 1432 1338 partes
1450 1303 1612 1336 scribuntur,
1633 1314 1659 1332 ο.
1677 1313 1702 1332 c.
1719 1306 1756 1332 ὅτ’
1770 1306 1807 1339 ἄν,
1819 1308 1853 1333 ἐπ’

246 1349 289 1384 ην,
306 1348 393 1374 ὲπειδ*
408 1347 442 1375 ἄν
458 1356 464 1363 ·
482 1353 574 1375 contra
589 1348 743 1383 praepositio
756 1347 827 1375 κατά
841 1356 900 1375 cum
919 1348 1077 1383 quibusdam
1099 1349 1273 1377 substantivis
1295 1357 1363 1383 sa'pe
1382 1350 1409 1376 in
1424 1358 1504 1377 unum
1525 1351 1684 1380 uocabulum
1697 1354 1853 1390 conjungitur,

244 1405 267 1424 ν.
281 1404 305 1423 c.
322 1395 486 1430 κατάφυσιν.
500 1394 623 1422 Itacismi
638 1395 747 1431 vestigia
761 1402 849 1430 pauca
864 1397 1042 1431 reperiuntur.

278 1440 386 1469 Fallunt
401 1441 515 1476 primunt
529 1441 619 1475 incipit
632 1441 719 1468 colore
733 1441 813 1468 rubra
826 1450 835 1469 :
849 1442 956 1477 Νικήτα
968 1442 1015 1469 τοῦ
1027 1452 1042 1469 κ

1166 1443 1244 1470 ούλου
1263 1442 1288 1470 εὗ
1304 1443 1339 1479 χῦ
1356 1444 1403 1471 τοῦ
1416 1444 1559 1480 φιλοσόφου
1572 1445 1706 1482 ἐξήγησις
1721 1447 1774 1475 τῶν
1785 1449 1854 1485 άπερ·

202 1481 215 1489 ⁸
244 1488 334 1524 ρἢων
349 1487 396 1515 τοῦ
412 1487 530 1524 μεγάλου
549 1488 700 1524 Γρηγοριου
716 1488 763 1515 τοῦ
780 1488 912 1524 Θεολόγου
927 1490 1001 1517 ἐπῶν
1018 1490 1096 1525 λόγος
1117 1494 1152 1518 α’.
1168 1491 1323 1527 Προοίμιον.
1342 1491 1375 1519 Ol
1391 1492 1441 1528 μὲν
1457 1493 1522 1529 παρ’
1537 1481 1657 1530 Ἕλλησι
1669 1481 1855 1530 (summa.

243 1531 314 1560 εἶναι
327 1532 451 1566 δόξαντες
464 1534 511 1561 καὶ
526 1534 683 1568 λογιώτατοι
702 1535 773 1569 ἡνίκ’
793 1534 826 1561 ἂν
846 1537 905 1567 ταῖς
926 1536 996 1572 ὑπὲρ
1014 1536 1045 1563 τὸ
1068 1536 1231 1572 βλεπόμενον
1251 1537 1299 1565 καὶ
1318 1538 1368 1573 τὴν
1392 1538 1518 1575 αἴσθησιν
1536 1540 1676 1576 θεωρίαις,
1693 1541 1751 1568 κτλ.
1766 1541 1822 1578 Pag.
1835 1543 1855 1573 ι,

243 1578 314 1613 Περὶ
326 1578 436 1614 ἀρχῶν.
454 1580 485 1606 Oi
502 1578 553 1615 τῆς
565 1580 699 1615 κοσμικῆς
716 1579 812 1614 σοφίας
827 1581 876 1616 τὴν
895 1581 1048 1616 ἀκροτάτην
1065 1582 1227 1609 καταλαϐεῖν
1251 1583 1421 1618 κατοιόμενοι
1438 1584 1580 1620 περιωπὴν
1600 1585 1693 1612 πάντα
1708 1586 1742 1612 τὰ
1754 1586 1810 1613 ὅντα
1822 1588 1856 1613 ui

242 1625 279 1653 τὰ
290 1626 419 1662 γινόμενα
434 1627 475 1658 εις
489 1628 563 1663 τρεῖς
583 1627 632 1658 τὰς
648 1628 818 1663 κυριωτάτας
835 1629 882 1655 καὶ
896 1629 1051 1664 πρωτίστας
1065 1629 1153 1662 αἰτίας
1169 1630 1216 1657 καὶ
1234 1631 1322 1667 ἀρχὰς
1337 1631 1516 1666 ἀναφέροντες
1533 1632 1763 1668 ἑκκορυφοῦνται·
1777 1633 1854 1664 ταύτας

243 1674 272 1701 δὶ
287 1673 349 1700 νοῦν
372 1672 419 1700 καὶ
441 1672 506 1708 ὕλην
529 1673 576 1699 καὶ
605 1671 673 1705 εἶδος
700 1673 845 1705 καλοῦντες
867 1674 1016 1709 συνάρχους
1037 1674 1084 1701 καὶ
1111 1675 1263 1707 συναιτίους
1277 1675 1330 1701 τῶν
1348 1676 1456 1702 πάντων
1476 1676 1655 1705 ὑποτίθενται.
1674 1677 1735 1704 κτλ.
1749 1677 1808 1712 Pag.
1822 1679 1855 1709 16.

249 1719 392 1754 Ἑξήγησις
410 1718 463 1745 τῶν
483 1719 645 1757 ἀπορρήτων
662 1717 709 1745 τοῦ
734 1719 851 1754 μεγάλου
872 1719 1022 1755 Γρηγορίου
1047 1719 1094 1746 τοῦ
1116 1720 1246 1755 Θεολόγου
1264 1721 1353 1747 ἐπῶν·
1375 1721 1461 1755 Λόγος
1478 1721 1501 1757 β’
1517 1723 1586 1757 Περὶ
1614 1723 1695 1750 Υιοῦ.
1720 1723 1854 1758 Ἐκθέμενος

245 1767 308 1802 περὶ
320 1766 412 1802 ἀρχῶν
425 1766 441 1802 ἢ
452 1766 550 1802 ἀρχῆς,
564 1766 660 1793 ταύτὸν
675 1766 703 1793 δὲ
719 1767 815 1799 εἰπεῖν,
830 1767 893 1803 περὶ
908 1766 957 1802 τῆς
969 1767 1109 1803 τριαδικῆς
1126 1768 1274 1805 μοναρχίας
1289 1770 1303 1795 ό
1316 1769 1465 1805 Θαυμάσιος
1479 1771 1670 1806 ἐπιτομὼτατα
1686 1772 1809 1799 διαλαϐὼν
1821 1771 1855 1798 u‘.

244 1816 307 1848 τοὺς
321 1816 371 1852 μὲν
382 1816 491 1853 ἐριστὰς
512 1817 552 1848 εἰς
572 1816 761 1852 διαλογισμοὺς
781 1818 953 1845 παντάπασιν
967 1819 1056 1854 ἀφείς,
1075 1819 1135 1846 κτλ.
1152 1819 1220 1855 Pag.
1236 1821 1282 1853 50,
1294 1820 1379 1854 Λόγος
1396 1823 1420 1855 γ’
1433 1820 1503 1854 Περὶ
1519 1820 1572 1847 τοῦ
1591 1820 1683 1855 ἁγίου
1699 1820 1854 1854 Ursulum.

244 1864 413 1899 θεολογήσας
430 1864 445 1890 ὁ
458 1863 668 1898 θεοληπτότατος
684 1864 749 1900 περὶ
763 1864 869 1900 Πατρὺς
884 1865 931 1892 καὶ
947 1865 1011 1892 Υἱοῦ
1027 1866 1077 1893 ὅσα
1094 1867 1158 1902 ἐξῆν
1177 1867 1251 1903 αὐτῷ
1272 1868 1384 1896 διειπεῖν
1405 1869 1435 1894 ὲν
1451 1868 1581 1903 ἁφράστψ
1594 1867 1744 1903 γοργότητι
1756 1868 1797 1894 καὶ
1809 1876 1855 1894 σνν-

244 1909 328 1946 τομιᾳ.
339 1909 383 1936 διὰ
398 1909 453 1936 τῶν
465 1910 710 1945 προπεποιημένων
724 1911 849 1946 ἡρωϊκῶν
862 1911 936 1938 ἐπῶν
953 1911 1000 1938 νῦν
1014 1912 1046 1948 δὴ
1064 1913 1215 1949 ἑπομένως,
1238 1913 1297 1940 κτλ.
1320 1913 1388 1949 Pag.
1400 1914 1445 1948 45,
1459 1914 1528 1948 Περι
1544 1914 1662 1948 κόσμου
1676 1914 1753 1948 λόγος
1764 1914 1793 1940 δ’.
1804 1913 1854 1948 l'cg.

244 1955 288 1982 64.
309 1954 381 1989 Περὶ
394 1954 539 1989 προνοίας
557 1952 633 1988 λόγος
645 1953 677 1982 ε’,
692 1953 759 1990 Pag.
775 1955 820 1987 78,
835 1955 905 1990 Περὶ
919 1955 978 1983 τῶν
992 1957 1121 1992 λογικῶν
1132 1957 1245 1986 οὐσιῶν
1258 1958 1336 1993 λόγος
1352 1959 1389 1992 ς’.

281 2009 369 2046 Igitur
391 2017 425 2037 ex
448 2010 497 2037 Itoc
521 2008 609 2036 codice
628 2009 743 2044 primum
760 2010 942 2046 intelligimus,
959 2016 1022 2047 quot
1043 2013 1163 2040 carmina
1178 2012 1288 2041 Nicetas
1302 2014 1491 2046 interpretatus
1513 2015 1604 2050 fuerit,
1622 2021 1688 2043 sunt
1709 2020 1790 2043 αιιιιιι
1802 2023 1854 2048 ρκ’

244 2066 284 2088 ter
311 2059 465 2088 tetrasticha
487 2066 595 2086 nuntero
614 2063 665 2088 xv;
681 2055 773 2083 deinde
792 2064 929 2084 numerum
953 2058 1112 2090 carminum,
1129 2066 1188 2093 quae
1207 2059 1353 2094 ἀπόρρητα
1372 2061 1554 2093 nominaverit,
1585 2061 1726 2095 aliquanto
1750 2061 1852 2095 majore-

244 2115 301 2135 esse
322 2115 402 2143 quam
422 2107 498 2134 Billii
515 2113 663 2134 numerum.
686 2103 716 2132 Is
728 2104 798 2131 enim
819 2109 876 2131 octo
892 2108 996 2132 tantum
1007 2107 1128 2132 carmina
1146 2107 1182 2133 ita
1200 2107 1335 2141 inscripsit
1351 2116 1430 2143 neque
1444 2107 1588 2143 quidquam
1605 2107 1637 2134 de
1658 2106 1711 2134 Ilac
1725 2115 1752 2134 rs
1764 2106 1854 2134 quit.

244 2161 397 2190 quanquam
414 2157 497 2180 totum
512 2152 614 2180 Nicetae
634 2152 851 2180 commentarium
871 2153 900 2179 in
919 2153 1041 2180 manibus
1055 2155 1177 2181 habuisse
1196 2156 1298 2182 videtur
1325 2157 1376 2183 sive
1392 2157 1484 2184 inuno
1502 2155 1601 2188 codice,
1615 2155 1764 2183 σαν-ἀειαῶ
1783 2153 1855 2183 Sirmi

244 2198 360 2227 codicem
375 2199 444 2231 dico,
468 2199 521 2229 sive
539 2199 565 2226 in
583 2198 708 2233 pluribus
723 2202 864 2233 repertum,
890 2207 953 2226 nam
967 2199 996 2226 in
1008 2201 1177 2227 annotatione
1193 2202 1298 2235 respicit
1320 2202 1353 2228 ad
1369 2201 1587 2229 commentarium
1602 2209 1658 2228 non
1680 2200 1767 2228 solum
1777 2200 1853 2227 hasts

245 2244 294 2273 illa
308 2245 440 2276 carmina,
465 2244 510 2271 sed
522 2245 603 2271 etiam
618 2244 645 2270 in
667 2247 764 2277 septem
778 2243 881 2278 reliqua
908 2248 985 2278 atque
998 2246 1215 2271 commentarium
1245 2247 1270 2271 in
1296 2246 1462 2273 Tetrasticlta
1485 2252 1511 2274 to

1643 2253 1853 2281 .....,.....

1185 2439 1259 2464 μενοι
1276 2438 1399 2466 ολιγους
1413 2439 1430 2459 τ
1656 2449 1659 2451 ›
1708 2459 1710 2461 τ
1724 2443 1740 2453 ν

1187 2438 1909 2531 dum

1342 2537 1371 2548 ἢ,
1654 2534 1662 2541 ,ν
1877 2533 1888 2545 υ

1171 2673 1909 2787 -

1171 2764 1175 2784 l

1138 2910 1172 2929 υ]
1263 2930 1265 2932 ,

1271 2937 1277 2940 ’
1300 2938 1327 2949 ‘

1905 3232 1908 3247 λ

246 2290 372 2319 Νἰεειαηι
392 2291 448 2318 hac
460 2292 581 2318 carmina
591 2291 737 2327 ἀπόρρητα
751 2291 907 2326 appellasse.
916 2291 1009 2319 docere
1018 2292 1081 2318 mihi
1097 2294 1215 2319 videnlur
1227 2302 1284 2328 qua:
1299 2294 1331 2320 de
1344 2302 1391 2321 suo
1402 2301 1495 2329 propor

244 2338 264 2365 2
277 2345 301 2365 o.
316 2337 373 2364 cod.
391 2344 401 2363 :
416 2335 455 2362 At‘
471 2335 486 2362 ὃ
500 2336 545 2362 καὶ
558 2337 637 2372 ἡμεῖς
651 2337 676 2363 οἱ
696 2337 804 2364 πάντων
815 2336 985 2372 ἐσχατοιηκαὶ
999 2338 1154 2373 μικρότεροι
1171 2339 1238 2373 πρὸς
1261 2339 1306 2365 τὸν
1328 2339 1398 2375 ὑπὲρ
1417 2339 1457 2367 πά

245 2380 423 2412 διδασκάλους
436 2381 617 2416 τετιμημένον
631 2382 696 2417 ἡμῖν
710 2381 859 2418 Γρηγόριον
878 2381 924 2409 τὸν
939 2382 1068 2417 Θεολόγον
1088 2384 1133 2408 τὸν
1154 2382 1215 2409 νοῦν
1237 2384 1421 2419 ἐπερείδοντες
1439 2385 1455 2412 ti

244 2427 333 2464 ψυχῆς
346 2427 393 2454 καὶ
403 2427 441 2459 ὼς
455 2427 654 2463 περισσοτέρως
671 2429 704 2455 ἐκ
717 2428 769 2455 τῶν
789 2428 870 2456 αὐτοῦ
885 2428 1026 2463 θεολογῶνι
1041 2429 1259 2464 οἰκοδομούμενοι
1276 2431 1399 2466 ὀλίγους
1413 2439 1430 2459 τ

245 2483 327 2502 σιτων-
338 2474 388 2503 seat
403 2474 618 2509 δυσθεωρήτων
631 2476 729 2511 λόγων
745 2476 811 2511 ἦτοι
830 2476 1021 2512 θεοφρόστων
1036 2476 1117 2502 ἐπῶν
1134 2478 1168 2503 τὰ
1187 2485 1198 2504 a

246 2525 290 2558 εις
302 2524 451 2559 ἐξήγησιν
464 2523 675 2559 προυθήκαμεν
694 2524 820 2558 ἑαυτοῖς.
836 2524 902 2553 Cum
920 2525 958 2551 Itis
976 2533 1042 2559 com;

1166 2534 1174 2542 ψ

248 2575 332 2598 terum
348 2580 380 2600 ne
395 2573 443 2600 illa
456 2572 560 2609 quidem
575 2573 706 2607 carmina,
732 2581 790 2608 qute
805 2573 903 2600 Billius
920 2574 1073 2614 cognomine
1092 2573 1146 2598 τῶν
1163 2574 1187 2598 ἀν

248 2627 304 2647 esse
326 2620 456 2655 inscripta
480 2625 591 2648 testatus
606 2625 645 2648 est
660 2620 774 2648 Carolus
801 2619 896 2652 Bened.
912 2613 993 2652 Hase,
1008 2622 1052 2654 qui
1075 2621 1115 2646 vir
1136 2613 1193 2655 διαί

247 2672 330 2692 essent
340 2672 439 2691 memor
452 2673 542 2693 eorum
558 2673 616 2701 quae
632 2664 682 2700 legi
696 2665 722 2691 in
736 2664 893 2699 praefatione
910 2662 943 2690 ad
962 2663 1074 2691 Leonem
1100 2664 1183 2690 Diaco

248 2714 276 2740 in
287 2721 371 2741 meum
389 2721 466 2740 usum
479 2714 591 2741 contulit
601 2721 689 2741 omnes
704 2713 865 2740 bibliotheca:
877 2711 964 2747 Regia
981 2712 1139 2740 Parisiensis
1159 2721 1183 2740 cc

247 2759 397 2787 carminum
418 2758 538 2794 Gregorii
556 2759 735 2792 Bodleianus,
756 2766 832 2794 quem
852 2756 1042 2792 Gaisfordiust

1167 2764 1175 2785 l

246 2807 281 2835 ab
296 2806 317 2835 Ε
343 2806 484 2835 I).Clnrke
499 2808 651 2842 comparati
668 2807 696 2835 in
711 2806 877 2835 bibliotheca
894 2805 1039 2834 Bodleiana
1058 2815 1168 2835 asserva

247 2854 301 2882 hate
320 2854 440 2882 carmina
454 2862 482 2881 se
497 2854 553 2881 alia
572 2854 647 2881 nulla
665 2855 865 2888 interpretatum
882 2864 937 2883 esse
951 2856 1006 2891 ipse
1021 2856 1130 2884 Nicetas
1147 2865 1161 2883 a

246 2899 295 2928 151
312 2900 374 2938 (col.
385 2899 461 2937 757).
487 2898 529 2927 Ea:
542 2899 595 2927 illis
612 2899 694 2927 verbis
717 2899 877 2934 jamdudum
892 2900 1032 2929 uerisimile
1047 2902 1110 2928 mihi
1138 2898 1172 2929 cit
