3866 6530
539 412 645 472 687

536 552 662 592 nem
679 532 1074 603 et'theologiam
1118 531 1430 605 Theologus
1481 535 1764 591 transtulit
1801 536 2030 608 spiritus
2055 544 2112 593 et

537 625 802 696 expositis
834 624 1071 694 primum
1104 638 1293 679 eorum
1325 625 1421 694 qui
1475 625 1614 684 foris
1651 636 1781 684 sunt
1839 629 2125 686 sententiis

538 725 594 770 et
625 715 778 784 quasi
801 728 978 784 nugas
1007 727 1130 768 esse
1161 714 1462 783 convictis;
1494 716 1575 772 sic
1605 732 1790 772 veram
1821 719 2123 774 secundum

536 808 839 864 Ecclesiam
901 816 957 862 et
1001 805 1322 878 Scripturas
1375 824 1512 879 pure
1569 812 1718 867 dedit
1788 812 2119 870 doctrinam.

538 903 710 959 Porro
734 901 1085 973 simplicibus
1114 901 1406 959 admodum
1434 913 1488 959 et
1521 918 1550 957 a
1586 903 1697 960 Deo
1718 921 1846 963 vere
1882 905 2120 977 inspira-

535 995 616 1051 tis.
647 993 957 1050 ratiociniis
983 993 1035 1048 in
1068 993 1226 1048 initio
1256 994 1536 1050 disserens
1563 994 1642 1050 sic
1661 994 1793 1050 dicit
1823 1012 1837 1048 :

539 1087 563 1142 i
610 1084 985 1157 nime/latus
1010 1094 1088 1140 est
1109 1084 1224 1149 Dei,
1255 1086 1650 1157 miationemque
1682 1087 1907 1144 calcatis

532 1159 571 1214 2
609 1155 839 1211 Pertulit
865 1172 982 1210 cum
1001 1157 1272 1220 terrestri,
1297 1164 1406 1211 etc.

607 1247 762 1304 Sicut
788 1247 855 1302 in
891 1247 1014 1304 aliis
1048 1246 1324 1302 allirmans
1359 1247 1647 1318 theologus
1675 1250 1821 1320 quod
1861 1251 1929 1307 de
1958 1263 2122 1310 mate-

542 1338 624 1396 ria
657 1338 875 1412 quidem
900 1353 1114 1411 corpus
1142 1340 1439 1409 sumpserit
1481 1339 1646 1407 Deus,
1674 1341 1741 1397 de
1772 1342 1953 1414 seipse
1991 1359 2120 1400 vero

542 1431 912 1504 spiraculum,
955 1433 1283 1504 pronuntiat
1319 1432 1632 1490 Creatorem
1669 1435 1981 1492 condidisse
2021 1437 2120 1493 ho-

535 1523 736 1580 minem
765 1524 1017 1588 minum,
1054 1522 1135 1578 sic
1163 1531 1218 1579 et
1246 1540 1392 1579 nunc
1434 1524 1489 1579 in
1528 1525 1909 1597 superioribus
1945 1527 2119 1584 versi-

532 1616 644 1671 ‘bus
684 1613 912 1668 aﬂirmat
945 1613 1184 1670 animam
1214 1616 1614 1672 emanationem
1645 1632 1768 1673 csse
1803 1617 1894 1673 Dei
1922 1627 1976 1678 et
2005 1621 2120 1690 spi-

533 1707 802 1772 raculum,
844 1722 1007 1778 quam
1047 1707 1171 1764 ideo
1199 1708 1392 1777 probat
1427 1709 1704 1766 caelestem
1741 1711 1982 1781 quidem.
2021 1713 2115 1768 sed

528 1799 826 1870 patientem
863 1797 956 1853 vel
998 1798 1362 1853 sustinentem
1393 1800 1672 1856 terrestris
1691 1803 1938 1871 corporis
1966 1818 2116 1858 com-

527 1889 847 1944 mixtionem
875 1894 970 1942 aut
991 1886 1457 1958 coniunctionem,
1489 1897 1543 1946 et
1561 1891 1705 1946 sicut
1743 1892 1924 1948 lumen
1952 1895 2121 1965 qund-

530 1982 656 2034 dam
687 1978 994 2050 intelligens
1053 1979 1325 2032 occultam
1363 1994 1486 2034 esse
1523 1987 1578 2036 et
1616 1981 1824 2036 unitam
1857 1986 2011 2039 carm’
2043 1986 2120 2040 si-

529 2073 622 2121 cut
657 2067 712 2123 in
743 2084 978 2124 caverna
1011 2069 1304 2125 inclusam.
1365 2068 1470 2126 Sed
1509 2071 1866 2130 nihilominus
1919 2074 2117 2134 divinae

527 2174 654 2214 cum
703 2160 774 2216 sit
810 2168 1038 2227 natura),
1077 2161 1405 2218 immortalis
1430 2173 1482 2217 et
1506 2163 1942 2236 incorruptibilis
1986 2185 2111 2228 vere

527 2257 632 2305 est.
661 2249 781 2306 Non
803 2252 971 2320 enim,
1003 2252 1201 2323 inquit,
1227 2251 1452 2322 dignum
1475 2265 1595 2310 erat
1631 2258 1809 2328 magni
1841 2257 1935 2316 Dei
1976 2276 2104 2318 cum

529 2343 602 2398 sit
617 2342 815 2414 imago,
830 2345 1004 2416 ipsam
1025 2361 1131 2400 una
1153 2360 1279 2400 cum
1301 2347 1594 2418 reptilibus
1617 2349 2116 2412 irrationabilibus-

518 2451 634 2506 que
663 2437 862 2493 bestiis
886 2438 1030 2494 mori
1056 2447 1108 2494 et
1141 2437 1285 2494 Rede
1311 2438 1560 2508 dissolvi,
1581 2443 1794 2500 etiamsi
1827 2456 2113 2517 peccatum

529 2528 680 2583 illam
715 2539 874 2601 cogat
899 2529 969 2585 ad
997 2537 1229 2586 mortem
1253 2539 1308 2588 et
1327 2535 1756 2604 corruptionem.

526 2750 560 2805 7
632 2750 813 2822 Neque
835 2753 970 2824 ignis
999 2753 1189 2823 fervidi
1217 2764 1413 2810 natura
1435 2764 1536 2822 est,
1601 2766 1710 2814 etc.

604 2864 1058 2936 Philosophorum
1098 2866 1192 2936 qui
1246 2865 1508 2922 dicuntur
1562 2870 1849 2938 exoterici,
1904 2873 1996 2930 alii
2041 2876 2121 2948 ig-

527 2972 650 3010 nem
698 2957 1064 3012 substantiam
1096 2959 1496 3014 contenderunt
1527 2961 1746 3026 animae,
1790 2963 1881 3018 alii
1912 2980 2116 3033 aerem,

536 3051 629 3104 alii
668 3050 951 3120 sanguinis
1000 3049 1204 3106 fontem
1250 3065 1347 3122 per
1381 3066 1605 3110 carnem
1667 3062 1838 3110 totam
1894 3073 2121 3116 curren-

534 3148 650 3196 tem
686 3157 701 3195 :
739 3142 877 3221 nihil
913 3149 1098 3197 autem
1142 3142 1338 3198 horum
1384 3159 1571 3200 verum
1605 3161 1729 3202 esse
1756 3148 1936 3205 visum
1990 3160 2113 3207 est:

532 3232 809 3301 quomodo
837 3231 985 3288 enim
1017 3239 1166 3289 esset
1200 3234 1294 3305 qui
1325 3234 1554 3290 devorat
1586 3236 1731 3308 ignis
1768 3239 1952 3295 anima
1993 3256 2119 3297 coro

466 3387 468 3389 ς
533 3325 684 3394 poris
724 3326 872 3396 quod
933 3326 1229 3381 devoratur
1290 3327 1361 3384 ab
1403 3328 1547 3399 ipso,
1593 3332 1686 3402 qui
1740 3335 2017 3390 consumit
2064 3344 2120 3392 et

526 3416 790 3480 destruit,
830 3417 1014 3472 anima
1049 3418 1171 3488 ejus
1201 3419 1348 3488 quod
1377 3421 1449 3475 ab
1477 3421 1596 3492 ipso
1625 3422 1967 3482 destruitur?
2011 3426 2120 3484 Sed

528 3522 690 3563 nemo
756 3508 903 3563 dicet
964 3523 1144 3564 aerem
1193 3525 1316 3566 esse
1357 3511 1593 3570 hominis
1632 3516 1868 3571 animam
1907 3533 2122 3591 semper

533 3598 866 3668 respiratum
901 3605 956 3652 et
985 3600 1286 3668 aspiratum
1323 3607 1376 3654 et
1407 3617 1684 3674 nunquam
1711 3605 2117 3676 quiescentem;

537 3687 832 3758 sanguinis
873 3702 1009 3744 vero
1050 3687 1256 3743 lontem
1286 3689 1340 3744 in
1369 3705 1531 3746 omne
1566 3706 1880 3750 currentem
1927 3712 2121 3769 corpo-

536 3779 618 3840 ris
660 3778 968 3834 membrum
1009 3779 1246 3834 animam
1286 3780 1568 3850 arbitrari,
1622 3792 1881 3856 tanquam
1925 3789 2123 3845 absur-

537 3871 827 3926 dissimum
889 3877 944 3926 et
966 3870 1243 3941 stupidum
1276 3873 1520 3930 refutare
1551 3877 1795 3948 negligit.
1831 3897 1849 3932 ι
1881 3879 1987 3935 Sed
2010 3897 2120 3937 non

525 3963 812 4018 harmonia
843 3979 861 4015 ι
889 3969 945 4018 et
979 3977 1102 4033 qua:
1133 3972 1459 4033 sequuntur.
1503 3996 1565 4005 —-
1595 3965 1699 4023 Sed
1725 3984 1833 4024 non
1863 3971 2002 4042 ipsa,
2039 3974 2123 4028 in-

523 4056 661 4125 quit,
692 4065 776 4112 est
797 4055 1084 4110 harmonia
1125 4056 1518 4113 elementorum
1548 4075 1578 4115 e
1601 4062 1802 4132 quibus
1832 4078 2124 4136 coagmen-

530 4157 707 4205 tatum
729 4158 812 4204 est
832 4165 1060 4220 corpus,
1085 4151 1302 4217 anima;
1332 4166 1441 4206 non
1475 4153 1619 4207 enim
1637 4155 1944 4211 substantia
1973 4175 2121 4229 qua:-

524 4237 650 4292 dam
703 4248 789 4294 est
854 4239 1165 4310 producens
1236 4257 1334 4312 per
1389 4257 1449 4298 se
1503 4243 1677 4314 ipsam
1726 4247 2118 4305 elementorum

526 4345 868 4401 compages,
929 4331 1184 4388 accidens
1246 4341 1300 4388 et
1379 4322 1616 4405 qualitas
1680 4338 1991 4397 subsistens
2064 4341 2118 4397 in

526 4420 632 4475 hoc
701 4435 838 4479 casu
902 4432 1052 4479 esset
1103 4425 1318 4491 anima;
1377 4426 1536 4482 aliter
1597 4443 1613 4481 :
1682 4444 1791 4483 non
1865 4447 1973 4488 una
2035 4443 2121 4490 est

522 4514 775 4568 carnium
816 4523 866 4569 et
903 4514 1283 4573 similitudinis
1338 4516 1671 4577 immortalis
1716 4527 1935 4578 natura.
1973 4523 2118 4592 Quid

521 4605 668 4661 enim
706 4605 774 4662 de
823 4607 984 4662 rebus
1047 4607 1246 4678 saepius
1292 4608 1486 4666 divisis
1534 4612 1604 4668 ab
1655 4611 1887 4670 invicem
1939 4617 2117 4687 quoad

523 4699 929 4755 substantiam?
971 4699 1034 4753 Et
1057 4698 1188 4770 quid
1214 4700 1318 4754 erit
1356 4702 1590 4773 amplius
1615 4704 1774 4761 bonis
1795 4706 1926 4763 viris
1951 4724 2114 4775 supra

521 4803 726 4849 sortem
759 4792 1056 4863 insignium
1092 4792 1147 4848 in
1186 4794 1413 4860 malitia,
1457 4796 1504 4851 si
1533 4812 1638 4851 una
1674 4798 1950 4857 exsistens
1971 4816 2120 4857 com-

523 4899 712 4956 pages,
747 4884 958 4941 scilicet
989 4884 1196 4950 anima,
1231 4885 1346 4940 sive
1370 4887 1608 4956 Optimos
1667 4889 1783 4945 sive
1844 4893 2115 4962 pessimos

523 4976 766 5046 perlicit?
795 4973 1000 5032 Deinde
1032 4991 1215 5032 nonne
1244 4976 1720 5035 irrationabilibus
1755 4983 2112 5041 rationabiles

523 5068 822 5123 secundum
847 5077 1101 5122 naturam
1134 5079 1320 5124 essent
1347 5067 1597 5126 similes?
1632 5069 1928 5128 Harmonia
1961 5077 2109 5132 enim

518 5160 662 5214 sicut
703 5160 758 5216 in
790 5160 1096 5230 hominum,
1128 5162 1201 5216 ita
1225 5169 1282 5216 et
1318 5162 1375 5216 in
1405 5161 1712 5218 belluarum
1783 5167 2114 5235 corporibus

520 5250 773 5305 similiter
799 5252 1176 5322 conspicitur;
1213 5260 1268 5307 et
1296 5253 1456 5324 juxta
1480 5254 1707 5325 verbum
1736 5254 1870 5311 illud
1914 5259 2108 5317 melio-

530 5354 620 5394 res
655 5350 842 5396 essent
868 5357 1061 5399 omnes
1095 5343 1190 5415 qui
1218 5347 1745 5415 coagmentationern
1774 5357 1829 5404 et
1857 5355 2107 5424 corporis

519 5429 860 5484 harmoniam
906 5433 1084 5488 sortiti
1120 5443 1308 5491 essent
1337 5436 1508 5508 magis
1528 5439 1804 5509 egregiam
1833 5452 1887 5496 et
1916 5445 2108 5502 melio-

517 5538 652 5577 rem.
694 5522 787 5576 lsti
812 5524 1026 5594 quidem
1057 5527 1183 5583 talia
1223 5543 1360 5584 vane
1393 5529 1461 5585 de
1511 5532 1691 5585 anima
1748 5536 2101 5594 sermocinati

583 5788 659 5858 (ξ)
692 5788 1137 5858 Εικαιομυθίας.
1191 5787 1256 5844 ν.
1313 5793 1377 5846 de
1426 5793 1530 5846 hoc
1569 5791 1833 5851 vocabulo
1865 5793 2087 5855 liasium

511 5857 775 5936 πάρεστι.
818 5857 972 5936 Diue.
1018 5876 1093 5936 ιν.
1128 5875 1179 5930 p.
1211 5861 1318 5936 44ῆᾷ
1350 5861 1442 5936 ed.
1479 5862 1650 5916 Bonn.
2005 5919 2016 5936 «η

582 5930 658 5999 £3)
701 5932 1238 6004 βεορῤημοσύναις.
1265 5932 1448 5988 Codex
1479 5939 1693 6004 semper
1719 5951 1828 5994 uno
1863 5939 1978 5998 rho.
2009 5933 2084 5997 ~V'.

513 6002 656 6056 Best.
691 6001 897 6064 Comm.
927 6003 1065 6074 paL,
1093 6014 1146 6073 ις.
1181 6003 1286 6059 735
1312 6012 1364 6057 ct
1399 6005 1526 6060 783.

1919 412 2217 471 NICETAS
2253 413 2458 470 DAVID
2611 420 2614 422 ⁷
3636 417 3704 471 688

2217 536 2487 609 μετέθηκε
2514 535 2640 600 νοῦς
2674 535 2771 590 καὶ
2804 535 2902 600 τάς
2933 533 3041 590 ἀπὸ
3071 534 3184 588 τῶν
3216 533 3322 599 ιξω
3354 535 3579 609 πρότερον
3599 540 3706 608 δόξας

2225 629 2450 701 προθεὶς
2483 628 2614 701 περὶ
2651 628 2844 700 αὐτῆς,
2878 628 2974 682 καὶ
3011 627 3088 690 ὡς
3127 625 3489 696 είκαιομυθίας
3517 628 3578 698 (2)
3613 632 3708 688 an.

2223 722 2440 792 λέγξας,
2470 720 2612 775 οὓτω
2635 721 2733 793 τὴν
2765 719 3030 792 ἀληθινὴν
3053 717 3507 789 ὲκκλησιαστικῶς
3532 723 3605 776 xui
3623 741 3713 794 γρι.

2224 812 2402 881 φικῶς
2444 809 2756 882 ἀνεκάθηρε
2803 809 2998 876 δόξανο
3055 807 3386 879 ἰσχνοτάτοις
3428 807 3478 860 δὲ
3519 811 3595 863 καὶ
3628 813 3711 866 θεο-

2225 901 2517 967 πνεύστοις
2557 901 3028 974 θεορῤημοσύναις
3063 901 3140 971 (5)
3180 902 3239 952 ὲν
3279 898 3500 970 πρώτοις
3533 906 3714 971 φυσιολο-

2223 995 2337 1065 γῶν
2370 993 2515 1050 οὓτω
2541 995 2694 1063 λέγει
2709 1011 2726 1026 ο

2224 1087 2250 1142 1
2336 1086 2512 1156 Ψυχὴ
2540 1086 2592 1140 δ’
2620 1085 2794 1140 ἐστίν
2823 1084 2984 1154 ἇημα
3004 1084 3153 1156 θεοῦ
3182 1082 3282 1137 καὶ
3308 1083 3470 1152 μίξιν
3487 1084 3659 1155 ἀνέτλη

2225 1157 2261 1211 2
2334 1154 2593 1226 Οὐρανίη
2621 1156 2908 1226 χθονίοιο,
2939 1154 3059 1211 κτλ.

2296 1251 2507 1320 Ὥσπερ
2536 1251 2593 1304 ὲν
2612 1248 2792 1312 ἄλλοις
2825 1247 3104 1321 θεηγορῶν
3124 1248 3153 1301 ὁ
3179 1246 3502 1316 θεοφάντωρ,
3524 1247 3640 1320 παρὰ
3652 1251 3716 1320 τῆς

2222 1341 2354 1413 ὕλης
2385 1341 2482 1413 μὲν
2512 1340 2575 1395 τὸ
2629 1339 2788 1412 σῶμα
2833 1339 3021 1394 λαϐεῖν
3050 1339 3142 1392 τὸν
3173 1337 3330 1401 Θεὸν,
3365 1339 3486 1409 παρ’
3511 1339 3658 1394 ἑαυτοῦ
3678 1343 3715 1395 δὲ

2221 1433 2388 1505 πνοὴν
2412 1432 2718 1505 ἐνθέμενον,
2747 1431 2937 1503 μικτὸν
2960 1426 3204 1494 θεσπίζει
3229 1429 3319 1482 τὸν
3346 1427 3595 1501 ἄνθρωπον
3610 1431 3718 1504 51,11:-

2219 1524 2516 1597 ουργῆσαι⁶
2562 1522 2705 1577 οὕτω
2737 1523 2831 1576 καὶ
2865 1521 2959 1576 νῦν
2986 1520 3075 1574 διὰ
3111 1519 3217 1573 τῶν
3246 1521 3591 1591 προκειμένοιν
3618 1523 3718 1575 ἐπῶν

2221 1616 2475 1690 θεηγορεϊ
2502 1616 2599 1688 τὴν
2629 1614 2806 1688 ψυχὴν
2839 1615 2994 1688 ἀημα
3026 1609 3168 1667 εἶναι
3207 1612 3345 1668 Θεοῦ
3379 1612 3470 1665 καί⁵
3494 1613 3628 1686 πνοὴν
3653 1615 3719 1685 (δι’

2217 1707 2246 1760 ὃ
2274 1710 2366 1764 κοιλ⁸
2391 1709 2648 1781 οὐρανίαν
2675 1705 3161 1779 ἀποφαινόμενος),
3194 1705 3489 1776 ἀνατλῆναι
3519 1707 3564 1761 δὲ
3584 1709 3610 1780 ἢ
3634 1709 3722 1762 ἁνα-

2221 1799 2446 1871 σχέσθαι
2471 1800 2572 1871 τὴν
2603 1798 2696 1853 τοῦ
2727 1798 2942 1871 χθονίου
2976 1796 3228 1869 σώματος
3254 1798 3402 1870 μίξιν
3425 1799 3457 1869 ἦ
3481 1797 3724 1870 σύγκρασιν,

2226 1889 2322 1946 καὶ
2350 1891 2542 1963 ὥσπερ
2572 1907 2626 1944 τι
2663 1889 2738 1962 (4)
2774 1889 2891 1960 φῶς
2923 1889 3109 1962 νοερὸν
3141 1885 3230 1944 οἷα
3263 1889 3508 1961 σπηλαίῳ
3533 1891 3588 1960 τῇ
3615 1897 3725 1962 σαρκὶ

2227 1981 2602 2055 συγκρυϐἦναι
2643 1981 2738 2036 καὶ
2779 1980 3180 2052 συνενωθῆναιο
3225 1979 3348 2035 ἀλλ’
3373 1983 3512 2052 ὅμως
3541 1979 3635 2035 θεία
3660 1983 3725 2054 τὴδ

2225 2076 2388 2146 φύσιν
2416 2072 2572 2146 οὖσα,
2604 2078 2699 2132 καὶ
2726 2075 2995 2140 ἀθάνατος
3023 2075 3121 2130 καὶ
3148 2075 3426 2147 ἄφθαρτος
3447 2075 3592 2140 ὅντως
3610 2078 3725 2130 ὲπίν.

2222 2169 2333 2223 Καὶ
2380 2168 2489 2241 γάρ
2536 2168 2643 2223 οὐδ’
2693 2163 2784 2241 ἦν,
2819 2167 3006 2240 φησὶν,
3059 2166 3208 2231 ἄξιον
3253 2164 3357 2218 τοῦ
3400 2165 3607 2236 μεγάλου
3637 2164 3728 2218 Θεοῦ

2219 2263 2423 2339 ταύτην
2467 2265 2652 2320 εἰκόνα
2687 2265 3089 2336 τυγχάνουσαν,
3130 2265 3242 2328 τοῖς
3272 2264 3519 2335 ἑρπετοῖς
3549 2263 3625 2316 καὶ
3646 2264 3727 2316 ἀλέη

2221 2375 2338 2428 γοις
2368 2358 2568 2431 ὁμοίως
2599 2359 2856 2431 κτήνεσιν
2889 2356 3292 2429 καταθνήσκειν
3329 2373 3394 2409 τε
3425 2355 3513 2408 καὶ
3545 2355 3729 2426 ἀκόσμως

2221 2452 2560 2519 διαλύεσθαι,
2593 2457 2641 2508 εί
2669 2453 2765 2508 καὶ
2794 2455 2829 2525 ἡ
2863 2450 3107 2523 ἁμαρτία
3149 2450 3359 2522 ταύτην
3386 2449 3656 2516 ἐκϐιάζεται
3675 2450 3733 2502 6:-

2227 2545 2367 2620 νάτῳ
2396 2547 2711 2618 ὑπαγαγεῖν
2740 2547 2839 2601 καὶ
2866 2544 3157 2616 διαφθορᾷ.

2216 2774 2248 2827 7
2325 2775 2474 2830 Οὔτε
2501 2775 2693 2844 πυρὸς
2718 2771 3004 2843 μαλεροῖο
3025 2772 3102 2844 (5)
3126 2771 3300 2827 πέλει
3331 2775 3546 2842 φύσις,
3573 2773 3668 2828 κτλ.

2288 2886 2410 2942 Τῶν
2437 2885 2778 2959 ἐξωτερικῶν
2799 2885 3106 2955 φιλοσόφων
3135 2883 3450 2955 λεγομένων
3474 2885 3520 2938 οἱ
3555 2884 3636 2954 μὲν
3658 2885 3732 2952 ι-ἰρ

2217 2979 2318 3050 τὴν
2348 2979 2537 3034 οὐσίαν
2587 2978 2856 3050 ὑπάρχειν
2887 2977 3239 3047 ἀπεφήναντο
3276 2977 3385 3048 τῆς
3428 2976 3621 3048 ψυχῆς,
3645 2979 3679 3029 ol
3703 2977 3736 3028 εξ

2218 3073 2380 3147 ἀέρα,
2411 3071 2560 3126 ἄλλοι
2583 3070 2642 3124 δὲ
2671 3071 2905 3141 αἵματος
2946 3066 3104 3140 χύσιν
3134 3071 3322 3122 πᾶσαν
3356 3070 3460 3140 την
3487 3070 3637 3140 σάρκα
3656 3068 3734 3121 δια-

2223 3164 2524 3236 τρέχουσαν
2539 3180 2552 3194 ·
2587 3161 2740 3216 οὐδὲν
2760 3161 2815 3214 δὲ
2838 3159 3044 3215 τούτων
3066 3159 3244 3214 ἔοικεν
3271 3159 3478 3232 ἀληθὲς
3498 3156 3617 3214 εἶναι
3631 3179 3644 3193 ·
3662 3159 3740 3219 τῶς

2225 3259 2336 3330 γὰρ
2379 3257 2444 3312 ἂν
2475 3256 2570 3308 καὶ⁸
2604 3253 2690 3324 εἴη
2731 3253 2795 3306 τὸ
2841 3252 3041 3306 δάπτον
3081 3251 3178 3306 τοῦ
3211 3252 3573 3322 δαπτομένου,
3600 3251 3646 3303 τὸ
3673 3266 3739 3319 μι-

2224 3349 2477 3426 ραντικὸν
2519 3348 2614 3402 καὶ
2655 3344 2986 3418 λυμαντικὺν
3029 3344 3142 3416 πῦρ
3181 3344 3276 3398 τοῦ
3333 3341 3660 3415 φθειρομένου
3678 3339 3738 3393 ὑπ’

2222 3441 2387 3496 αὑτοῦ
2428 3438 2681 3510 σώματος
2719 3438 2898 3510 diem;
2947 3437 3087 3491 Ἀλλ’
3124 3437 3236 3490 οὐδ’
3258 3437 3333 3491 ἂν
3373 3439 3468 3491 τὸν
3506 3437 3625 3506 ἀέρα
3647 3436 3738 3502 φαίη

2220 3551 2304 3596 τις
2331 3530 2620 3604 ἀνθρώπου
2651 3529 2849 3602 ψυχὴν,
2895 3530 2984 3584 ἀεὶ⁸
3027 3529 3452 3599 ἀποπνεόμενόν
3480 3545 3536 3582 τε
3572 3527 3648 3582 καὶ
3669 3526 3740 3579 εἰει

2222 3626 2516 3696 πνεόμενον
2550 3623 2648 3677 καὶ
2671 3622 2982 3694 ἠρεμοῦντα
3045 3621 3345 3694 μηδέποτε·
3382 3624 3596 3691 αἵματος
3616 3619 3660 3672 δὲ
3679 3620 3741 3688 [J-

2223 3734 2307 3770 σιν
2341 3715 2435 3769 ἐπὶ
2479 3715 2589 3768 πᾶν
2631 3713 3021 3784 διατρέχουσαν
3071 3711 3234 3782 μέλος
3279 3711 3382 3766 τοῦ
3416 3711 3642 3782 σώματος
3677 3710 3741 3778 τὴν

2219 3807 2396 3880 ψυχὴν
2419 3809 2686 3869 ὑπονοεῖν,
2714 3806 2791 3870 ὡς
2817 3805 3158 3875 ἀλογώτατον
3179 3803 3241 3858 ὃν
3265 3806 3370 3859 καὶ
3389 3804 3636 3876 κτηνιΜ
3653 3819 3743 3870 περ

2224 3899 2367 3970 ίησιν
2394 3896 2630 3968 ἐλέγξαι.
2674 3915 2692 3948 ι
2727 3897 2869 3950 Ἀλλ’
2897 3895 3008 3950 οὐδ’
3040 3895 3276 3968 ἁρμονίη
3311 3915 3333 3948 ι
3377 3914 3436 3950 κ.
3471 3913 3518 3949 τ.
3549 3896 3617 3961 ἐξ.
3647 3893 3740 3947 Ἀλλ’

2219 3988 2328 4042 οὐδ’
2358 3987 2426 4043 ἂν
2459 3988 2621 4054 αὑτὴ,
2658 3988 2844 4059 φησὶν,
2891 3988 2926 4058 ὴ
2964 3986 3074 4040 τῶν
3117 3988 3408 4058 στοιχείων
3451 3987 3670 4059 ἁρμονία,
3703 3984 3742 4046 ἐξ

2219 4077 2296 4135 ὧν
2323 4081 2385 4134 τὸ
2414 4080 2574 4152 σῶμα
2621 4079 2986 4151 καθεστήκοι,
3029 4079 3210 4153 ψυχή·
3265 4081 3332 4135 οὐ
3385 4080 3494 4151 γάρ
3533 4079 3660 4132 οὐσία
3688 4076 3740 4136 τίς

2221 4176 2369 4229 ἐστιν
2399 4171 2691 4242 ὑφεστῶσα
2718 4171 2842 4225 καθ’
2865 4173 3040 4244 αὐτὴν
3069 4175 3104 4244 ὴ
3137 4175 3246 4227 τῶν
3278 4173 3558 4244 στοιχείων
3583 4171 3739 4241 κρᾶσις.

2221 4263 2566 4335 συμϐεϐηκὸς
2589 4262 2645 4316 δὲ
2665 4263 2760 4316 καὶ
2787 4262 3010 4333 ποιότης
3035 4259 3191 4328 οὖσα,
3216 4263 3423 4330 οὔκουν
3448 4264 3513 4318 ἂν
3530 4264 3606 4334 εἴη
3623 4261 3739 4332 ψυχή’

2219 4355 2393 4419 ἄλλως
2439 4372 2499 4409 τε
2554 4355 2614 4408 οὐ
2675 4355 2775 4427 μία
2836 4355 3056 4427 σαρκῶν
3109 4357 3227 4409 εστι
3279 4357 3451 4426 φύσις
3499 4357 3584 4410 καὶ
3621 4355 3741 4411 εἴδους

2218 4440 2512 4498 ἀθανάτου.
2531 4441 2658 4508 Πῶς
2685 4443 2795 4514 γὰρ
2838 4443 2908 4496 τά
2936 4444 3176 4516 πλείστῳ
3204 4447 3330 4499 κατ’
3359 4446 3546 4500 οὐσίαν
3567 4442 3741 4511 ἀλλήλων

2219 4530 2537 4599 διεστῶτας
2592 4533 2648 4588 τί
2709 4533 2768 4586 δὲ
2820 4534 3004 4590 πλεῖον
3049 4534 3203 4588 ἔσται
3266 4539 3388 4600 τοῖς
3437 4537 3639 4606 ἀγαθοῖς
3667 4533 3742 4586 ain

2219 4624 2638 4696 ἐπισημοτάτων
2680 4623 2738 4678 ἒν
2771 4626 2961 4698 κακίᾳ,
2985 4621 3060 4681 ῶν
3090 4627 3190 4699 μία
3219 4623 3363 4682 οὖσα
3391 4630 3597 4701 κρᾶσις,
3624 4629 3739 4697 1mm

2221 4715 2390 4789 ψυχὴ,
2442 4717 2476 4788 ἢ
2519 4717 2798 4790 κρείττους
2840 4718 2875 4789 ἢ
2929 4719 3147 4792 χείρους
3179 4721 3550 4788 ἀπετέλεσενς
3592 4719 3681 4782 πῶς
3711 4718 3739 4770 δ’

2218 4809 2339 4880 οὐχὶ
2371 4810 2467 4864 καὶ
2506 4812 2618 4875 τοῖς
2655 4810 2869 4880 ἀλόγοις
2911 4812 2962 4866 oi
3008 4811 3220 4881 λογικοὶ
3255 4815 3406 4868 κατά
3437 4813 3588 4884 φύσιν
3613 4807 3740 4864 deni

2218 4899 2407 4964 αὑτοί;
2447 4901 2483 4971 ἡ
2529 4899 2766 4972 ἁρμονία
2808 4901 2938 4973 γὰρ,
2985 4899 3174 4974 ῶσπερ
3206 4905 3322 4968 τοῖς
3372 4899 3740 4978 avemus.

2213 5008 2404 5063 μασιν,
2435 4990 2578 5045 οὕτω
2617 4991 2713 5044 καὶ
2739 4994 2853 5057 τοῖς
2884 4993 2992 5046 τῶν
3021 4992 3233 5062 ἀλόγων
3267 4995 3477 5063 ὁμοίως
3503 4993 3734 5064 ἑνορᾶται’

2209 5081 2353 5136 κατὰ
2379 5081 2435 5136 δὲ
2463 5081 2649 5136 τοῦτον
2678 5084 2771 5138 τὸν
2801 5083 2961 5154 λόγον
2981 5085 3076 5138 καὶ
3103 5085 3307 5150 πάντες
3330 5086 3402 5140 ἂν
3427 5083 3536 5140 εἷεν
3557 5082 3736 5156 βελτίους

2213 5175 2262 5228 oi
2284 5175 2535 5246 κράσεως
2566 5176 2672 5241 καὶ,
2700 5177 2965 5249 ἁρμονίας
2992 5180 3265 5252 σωμάτων
3293 5179 3653 5251 εὐμοιροῦντες
3674 5173 3736 5224 τε·

2214 5262 2520 5335 φυεστέρας
2553 5265 2649 5318 καὶ
2691 5265 2993 5337 ἀμείνονος.
3035 5268 3100 5321 Οἱ
3141 5269 3242 5340 μὶν
3279 5264 3375 5323 οὖν
3413 5265 3624 5321 τοιαῦτα
3651 5259 3738 5329 περὶ

2210 5354 2390 5426 ψυχῆς
2432 5355 2829 5430 ἐκενολόγησαν
2855 5377 2868 5390 ·
2926 5360 3076 5415 ἄλλοι
3120 5360 3179 5414 δὲ
3219 5361 3292 5415 τά
3321 5360 3474 5433 ζωῆς
3511 5362 3654 5420 αἴτια,
3683 5346 3736 5404 ὧν

2213 5447 2462 5501 ἀπόντων
2492 5451 2526 5521 ἡ
2551 5449 2698 5524 ψυχὴ
2739 5452 2800 5505 τὸ
2829 5451 2990 5522 σῶμα
3019 5453 3337 5508 καταλείπει
3373 5454 3594 5527 νεκρὸν,
3627 5445 3733 5502 τιέξ

2213 5533 2351 5592 εἶναι
2375 5539 2552 5612 ψυχὴν
2575 5541 2863 5614 ἀνθρώπου
2895 5544 3238 5617 διωρίσαντο.
3286 5566 3304 5599 r
3325 5549 3509 5622 Φορϐὴ
3532 5547 3574 5600 δ’
3594 5538 3738 5597 οὔποτέ

2273 5806 2370 5929 (ἑὲ
2390 5807 2614 5878 Ὥσπερ
2647 5828 2722 5865 τι.
2771 5810 2864 5867 Sic
2893 5813 3101 5869 Codex.
3135 5812 3205 5870 Υ.
3237 5815 3461 5872 Gndofr.
3501 5813 3737 5868 Herm-Ml

2220 5876 2291 5929 ib.
2371 5894 2399 5929 ε
2420 5881 2623 5929 emend.
2653 5892 2757 5929 rat-
2791 5881 2886 5929 Cr-
2919 5884 3038 5929 (ἐι,
3073 5902 3122 5929 n.
3155 5887 3244 5929 7n-
3273 5889 3470 5929 ptitur,
3497 5887 3735 5929 limum.

2198 5875 2291 5955 lib.
2321 5875 2399 5932 De
2420 5875 2758 5955 eiizendqat.
2791 5881 2887 5940 Gr.
2919 5884 3040 5948 (in,
3072 5902 3124 5955 p.
3155 5887 3246 5952 70,
3273 5889 3472 5942 etCar.
3497 5887 3735 5948 Coeli-us.

2198 5946 2506 6023 Deorceu}.
2540 5951 2575 6004 ί.
2618 5949 2736 6016 Gr.,
2769 5969 2822 6023 p.
2862 5955 2931 6008 85
2962 5946 3049 6009 ed.
3072 5946 3198 6011 'sec.

2278 6017 2354 6088 (5)
2391 6020 2515 6089 Πῦρ
2537 6017 2824 6093 μαλερόὶο.
2861 6022 2924 6080 V.
2963 6025 3116 6095 Ilias,
3156 6044 3231 6097 Ix,
3271 6026 3394 6082 2η.
