  <div class='ocr_page' id='page_1' title='image "/cluster/home/n/w/nwhite01/storage/ocr_20150623/38/hvd.32044014674576/354.png"; bbox 0 0 3866 6510; ppageno 0'>
   <div class='ocr_carea' id='block_1_1' title="bbox 106 394 193 453">
    <p class='ocr_par' dir='ltr' id='par_1_1' title="bbox 106 394 193 453">
     <span class='ocr_line' id='line_1_1' title="bbox 106 394 193 453; baseline 0 0"><span class='ocrx_word' id='word_1_1' title='bbox 106 394 193 453; x_wconf 75' lang='lat'><strong>689</strong></span> 
     </span>
    </p>
   </div>
   <div class='ocr_carea' id='block_1_2' title="bbox 105 491 1640 573">
    <p class='ocr_par' dir='ltr' id='par_1_2' title="bbox 105 491 1640 573">
     <span class='ocr_line' id='line_1_2' title="bbox 105 491 1640 573; baseline -0.01 -9"><span class='ocrx_word' id='word_1_2' title='bbox 105 526 191 573; x_wconf 85' lang='grc' dir='ltr'><strong>σοι,</strong></span> <span class='ocrx_word' id='word_1_3' title='bbox 219 524 235 558; x_wconf 72' lang='grc' dir='ltr'><strong>ι</strong></span> <span class='ocrx_word' id='word_1_4' title='bbox 260 502 343 557; x_wconf 74' lang='grc' dir='ltr'><strong>καὶ</strong></span> <span class='ocrx_word' id='word_1_5' title='bbox 370 498 513 570; x_wconf 67' lang='grc' dir='ltr'><strong>ἑξῆςο</strong></span> <span class='ocrx_word' id='word_1_6' title='bbox 532 499 602 565; x_wconf 81' lang='grc' dir='ltr'><strong>εί,</strong></span> <span class='ocrx_word' id='word_1_7' title='bbox 629 491 703 553; x_wconf 83' lang='grc' dir='ltr'><strong>ὧν</strong></span> <span class='ocrx_word' id='word_1_8' title='bbox 724 498 991 562; x_wconf 80' lang='grc' dir='ltr'><strong>ἀπόντων,</strong></span> <span class='ocrx_word' id='word_1_9' title='bbox 1014 496 1302 569; x_wconf 69' lang='grc' dir='ltr'><strong>ἄνθρωπος</strong></span> <span class='ocrx_word' id='word_1_10' title='bbox 1333 495 1640 561; x_wconf 78' lang='grc' dir='ltr'><strong>σϐέννυται,</strong></span> 
     </span>
    </p>
   </div>
   <div class='ocr_carea' id='block_1_3' title="bbox 105 583 1643 661">
    <p class='ocr_par' dir='ltr' id='par_1_3' title="bbox 105 583 1643 661">
     <span class='ocr_line' id='line_1_3' title="bbox 105 583 1643 661; baseline -0.008 -10"><span class='ocrx_word' id='word_1_11' title='bbox 105 595 237 652; x_wconf 75' lang='grc' dir='ltr'><strong>τοῦτό</strong></span> <span class='ocrx_word' id='word_1_12' title='bbox 258 595 392 646; x_wconf 69' lang='grc' dir='ltr'><strong>ἐστιν</strong></span> <span class='ocrx_word' id='word_1_13' title='bbox 415 587 565 660; x_wconf 81' lang='grc' dir='ltr'><strong>αὐτῷ</strong></span> <span class='ocrx_word' id='word_1_14' title='bbox 589 588 758 661; x_wconf 73' lang='grc' dir='ltr'><strong>ψυχὴ,</strong></span> <span class='ocrx_word' id='word_1_15' title='bbox 785 587 906 661; x_wconf 80' lang='grc' dir='ltr'><strong>ὥρα</strong></span> <span class='ocrx_word' id='word_1_16' title='bbox 936 604 1019 642; x_wconf 93' lang='grc' dir='ltr'><strong>σοι</strong></span> <span class='ocrx_word' id='word_1_17' title='bbox 1050 583 1150 655; x_wconf 82' lang='grc' dir='ltr'><strong>τὴν</strong></span> <span class='ocrx_word' id='word_1_18' title='bbox 1180 588 1481 658; x_wconf 85' lang='grc' dir='ltr'><strong>ἡμερήσιον</strong></span> <span class='ocrx_word' id='word_1_19' title='bbox 1518 603 1643 659; x_wconf 86' lang='grc' dir='ltr'><strong>τρο-</strong></span> 
     </span>
    </p>
   </div>
   <div class='ocr_carea' id='block_1_4' title="bbox 103 678 1643 759">
    <p class='ocr_par' dir='ltr' id='par_1_4' title="bbox 103 678 1643 759">
     <span class='ocr_line' id='line_1_4' title="bbox 103 678 1643 759; baseline -0.006 -17"><span class='ocrx_word' id='word_1_20' title='bbox 103 689 191 759; x_wconf 76' lang='grc' dir='ltr'><strong>φήν</strong></span> <span class='ocrx_word' id='word_1_21' title='bbox 228 682 392 756; x_wconf 78' lang='grc' dir='ltr'><strong>ψυχὴν</strong></span> <span class='ocrx_word' id='word_1_22' title='bbox 444 680 673 737; x_wconf 83' lang='grc' dir='ltr'><strong>σεαυτοῦ</strong></span> <span class='ocrx_word' id='word_1_23' title='bbox 726 680 1061 735; x_wconf 80' lang='grc' dir='ltr'><strong>ἀποκαλεῖν·</strong></span> <span class='ocrx_word' id='word_1_24' title='bbox 1114 678 1312 750; x_wconf 75' lang='grc' dir='ltr'><strong>θνητὸν</strong></span> <span class='ocrx_word' id='word_1_25' title='bbox 1348 678 1465 753; x_wconf 85' lang='grc' dir='ltr'><strong>-γάρ</strong></span> <span class='ocrx_word' id='word_1_26' title='bbox 1493 679 1643 743; x_wconf 77' lang='grc' dir='ltr'><strong>ὄντα,</strong></span> 
     </span>
    </p>
   </div>
   <div class='ocr_carea' id='block_1_5' title="bbox 1088 367 2293 434">
    <p class='ocr_par' dir='ltr' id='par_1_5' title="bbox 1088 367 2293 434">
     <span class='ocr_line' id='line_1_5' title="bbox 1088 367 2293 434; baseline -0.01 -1"><span class='ocrx_word' id='word_1_27' title='bbox 1088 377 1153 433; x_wconf 80' lang='grc' dir='ltr'>ΙΝ</span> <span class='ocrx_word' id='word_1_28' title='bbox 1186 375 1493 434; x_wconf 72' lang='lat' dir='ltr'><strong>CARMINA</strong></span> <span class='ocrx_word' id='word_1_29' title='bbox 1523 372 1802 432; x_wconf 74' lang='lat' dir='ltr'><strong>ABCANA</strong></span> <span class='ocrx_word' id='word_1_30' title='bbox 1839 371 1898 428; x_wconf 85' lang='lat' dir='ltr'><strong>S.</strong></span> <span class='ocrx_word' id='word_1_31' title='bbox 1932 367 2293 429; x_wconf 80' lang='lat' dir='ltr'><strong>GREGORII.</strong></span> 
     </span>
    </p>
   </div>
   <div class='ocr_carea' id='block_1_6' title="bbox 1746 474 3334 561">
    <p class='ocr_par' dir='ltr' id='par_1_6' title="bbox 1746 474 3334 561">
     <span class='ocr_line' id='line_1_6' title="bbox 1746 474 3334 561; baseline -0.013 -12"><span class='ocrx_word' id='word_1_32' title='bbox 1746 493 1909 561; x_wconf 68' lang='lat' dir='ltr'><strong>suntf;</strong></span> <span class='ocrx_word' id='word_1_33' title='bbox 1935 490 2027 548; x_wconf 85' lang='lat' dir='ltr'><strong>alii</strong></span> <span class='ocrx_word' id='word_1_34' title='bbox 2055 503 2208 551; x_wconf 89' lang='lat' dir='ltr'><strong>vero,</strong></span> <span class='ocrx_word' id='word_1_35' title='bbox 2231 482 2498 555; x_wconf 78' lang='lat' dir='ltr'><strong>principia</strong></span> <span class='ocrx_word' id='word_1_36' title='bbox 2518 482 2663 545; x_wconf 70' lang='lat' dir='ltr'><strong>vitae,</strong></span> <span class='ocrx_word' id='word_1_37' title='bbox 2694 480 2898 551; x_wconf 78' lang='lat' dir='ltr'><strong>quibus</strong></span> <span class='ocrx_word' id='word_1_38' title='bbox 2928 474 3334 537; x_wconf 73' lang='lat' dir='ltr'><strong>deﬁcientibus,</strong></span> 
     </span>
    </p>
   </div>
   <div class='ocr_carea' id='block_1_7' title="bbox 1751 562 3336 650">
    <p class='ocr_par' dir='ltr' id='par_1_7' title="bbox 1751 562 3336 650">
     <span class='ocr_line' id='line_1_7' title="bbox 1751 562 3336 650; baseline -0.012 -10"><span class='ocrx_word' id='word_1_39' title='bbox 1751 584 1935 640; x_wconf 87' lang='lat' dir='ltr'><strong>anima</strong></span> <span class='ocrx_word' id='word_1_40' title='bbox 1964 594 2167 650; x_wconf 88' lang='lat' dir='ltr'><strong>corpus</strong></span> <span class='ocrx_word' id='word_1_41' title='bbox 2198 575 2467 647; x_wconf 89' lang='lat' dir='ltr'><strong>deltnquit</strong></span> <span class='ocrx_word' id='word_1_42' title='bbox 2496 571 2928 637; x_wconf 75' lang='lat' dir='ltr'><strong>mortuum,ha:c</strong></span> <span class='ocrx_word' id='word_1_43' title='bbox 2950 562 3336 625; x_wconf 80' lang='lat' dir='ltr'><strong>essehominis</strong></span> 
     </span>
    </p>
   </div>
   <div class='ocr_carea' id='block_1_8' title="bbox 1753 664 3338 733">
    <p class='ocr_par' dir='ltr' id='par_1_8' title="bbox 1753 664 3338 733">
     <span class='ocr_line' id='line_1_8' title="bbox 1753 664 3338 733; baseline -0.014 0"><span class='ocrx_word' id='word_1_44' title='bbox 1753 678 1992 733; x_wconf 86' lang='lat' dir='ltr'><strong>animam</strong></span> <span class='ocrx_word' id='word_1_45' title='bbox 2050 672 2477 727; x_wconf 86' lang='lat' dir='ltr'><strong>ailirmaverunt.</strong></span> <span class='ocrx_word' id='word_1_46' title='bbox 2536 685 2555 718; x_wconf 79' lang='grc' dir='ltr'><strong>ι</strong></span> <span class='ocrx_word' id='word_1_47' title='bbox 2603 664 2740 721; x_wconf 82' lang='lat' dir='ltr'><strong>Esca</strong></span> <span class='ocrx_word' id='word_1_48' title='bbox 2800 677 2932 720; x_wconf 89' lang='lat' dir='ltr'><strong>vero</strong></span> <span class='ocrx_word' id='word_1_49' title='bbox 2988 673 3338 732; x_wconf 79' lang='lat' dir='ltr'><strong>nequaquam</strong></span> 
     </span>
    </p>
   </div>
   <div class='ocr_carea' id='block_1_9' title="bbox 3226 356 3337 415">
    <p class='ocr_par' dir='ltr' id='par_1_9' title="bbox 3226 356 3337 415">
     <span class='ocr_line' id='line_1_9' title="bbox 3226 356 3337 415; baseline 0.027 -3"><span class='ocrx_word' id='word_1_50' title='bbox 3226 356 3337 415; x_wconf 79' lang='lat'><strong>690</strong></span> 
     </span>
    </p>
   </div>
   <div class='ocr_carea' id='block_1_10' title="bbox 102 756 1666 857">
    <p class='ocr_par' dir='ltr' id='par_1_10' title="bbox 102 756 1645 857">
     <span class='ocr_line' id='line_1_10' title="bbox 102 756 1645 857; baseline -0.008 -20"><span class='ocrx_word' id='word_1_51' title='bbox 316 780 444 851; x_wconf 84' lang='grc' dir='ltr'><strong>άτερ</strong></span> <span class='ocrx_word' id='word_1_52' title='bbox 488 779 770 850; x_wconf 82' lang='grc' dir='ltr'><strong>ἀμήχανον</strong></span> <span class='ocrx_word' id='word_1_53' title='bbox 821 778 1136 833; x_wconf 86' lang='grc' dir='ltr'><strong>παντάπασι</strong></span> <span class='ocrx_word' id='word_1_54' title='bbox 1188 777 1291 848; x_wconf 74' lang='grc' dir='ltr'><strong>ζῇν</strong></span> <span class='ocrx_word' id='word_1_55' title='bbox 1319 790 1333 805; x_wconf 87' lang='grc'><strong>·</strong></span> <span class='ocrx_word' id='word_1_56' title='bbox 1380 774 1497 828; x_wconf 73' lang='grc' dir='ltr'><strong>ἐστι</strong></span> <span class='ocrx_word' id='word_1_57' title='bbox 1536 772 1645 843; x_wconf 82' lang='grc' dir='ltr'><strong>γὰρ</strong></span> 
     </span>
    </p>
   </div>
   <div class='ocr_carea' id='block_1_11' title="bbox 1784 756 3337 857">
    <p class='ocr_par' dir='ltr' id='par_1_11' title="bbox 1784 756 3337 838">
     <span class='ocr_line' id='line_1_11' title="bbox 1784 756 3337 838; baseline -0.012 -14"><span class='ocrx_word' id='word_1_58' title='bbox 1784 770 1851 825; x_wconf 92' lang='lat' dir='ltr'><strong>ibi</strong></span> <span class='ocrx_word' id='word_1_59' title='bbox 1896 787 1914 821; x_wconf 76' lang='grc' dir='ltr'><strong>ι</strong></span> <span class='ocrx_word' id='word_1_60' title='bbox 1947 775 2003 824; x_wconf 84' lang='lat' dir='ltr'><strong>et</strong></span> <span class='ocrx_word' id='word_1_61' title='bbox 2034 782 2153 838; x_wconf 88' lang='lat' dir='ltr'><strong>seq.</strong></span> <span class='ocrx_word' id='word_1_62' title='bbox 2177 794 2249 806; x_wconf 90' lang='lat'><strong>-—</strong></span> <span class='ocrx_word' id='word_1_63' title='bbox 2282 763 2340 818; x_wconf 87' lang='lat' dir='ltr'><strong>Si</strong></span> <span class='ocrx_word' id='word_1_64' title='bbox 2366 761 2568 833; x_wconf 84' lang='lat' dir='ltr'><strong>quibus</strong></span> <span class='ocrx_word' id='word_1_65' title='bbox 2597 756 2981 813; x_wconf 76' lang='lat' dir='ltr'><strong>deﬁcientibus</strong></span> <span class='ocrx_word' id='word_1_66' title='bbox 3015 756 3176 810; x_wconf 92' lang='lat' dir='ltr'><strong>homo</strong></span> <span class='ocrx_word' id='word_1_67' title='bbox 3238 762 3337 807; x_wconf 77' lang='lat' dir='ltr'><strong>ex-</strong></span> 
     </span>
    </p>
   </div>
   <div class='ocr_carea' id='block_1_12' title="bbox 102 864 1644 944">
    <p class='ocr_par' dir='ltr' id='par_1_12' title="bbox 102 864 1644 944">
     <span class='ocr_line' id='line_1_12' title="bbox 102 864 1644 944; baseline -0.01 -13"><span class='ocrx_word' id='word_1_68' title='bbox 102 874 237 932; x_wconf 76' lang='grc' dir='ltr'><strong>παντὶ</strong></span> <span class='ocrx_word' id='word_1_69' title='bbox 258 871 372 942; x_wconf 78' lang='grc' dir='ltr'><strong>ζὼῳ</strong></span> <span class='ocrx_word' id='word_1_70' title='bbox 394 871 766 944; x_wconf 81' lang='grc' dir='ltr'><strong>συντηρητικὴ</strong></span> <span class='ocrx_word' id='word_1_71' title='bbox 796 869 1025 941; x_wconf 85' lang='grc' dir='ltr'><strong>δύναμις</strong></span> <span class='ocrx_word' id='word_1_72' title='bbox 1059 872 1093 941; x_wconf 84' lang='grc' dir='ltr'><strong>ή</strong></span> <span class='ocrx_word' id='word_1_73' title='bbox 1127 869 1428 941; x_wconf 79' lang='grc' dir='ltr'><strong>ἡμερήσιος</strong></span> <span class='ocrx_word' id='word_1_74' title='bbox 1456 864 1644 935; x_wconf 76' lang='grc' dir='ltr'><strong>ἐδωδὴ.</strong></span> 
     </span>
    </p>
   </div>
   <div class='ocr_carea' id='block_1_13' title="bbox 103 975 1047 1041">
    <p class='ocr_par' dir='ltr' id='par_1_13' title="bbox 103 975 1047 1041">
     <span class='ocr_line' id='line_1_13' title="bbox 103 975 1047 1041; baseline -0.008 -18"><span class='ocrx_word' id='word_1_75' title='bbox 103 980 270 1041; x_wconf 78' lang='lat' dir='ltr'><strong>panem</strong></span> <span class='ocrx_word' id='word_1_76' title='bbox 309 975 542 1019; x_wconf 82' lang='lat' dir='ltr'><strong>animam</strong></span> <span class='ocrx_word' id='word_1_77' title='bbox 594 975 744 1019; x_wconf 87' lang='lat' dir='ltr'><strong>tuam</strong></span> <span class='ocrx_word' id='word_1_78' title='bbox 786 978 985 1018; x_wconf 89' lang='lat' dir='ltr'><strong>vocare</strong></span> <span class='ocrx_word' id='word_1_79' title='bbox 1033 978 1047 1015; x_wconf 76' lang='grc' dir='ltr'><strong>Ξ</strong></span> 
     </span>
    </p>
   </div>
   <div class='ocr_carea' id='block_1_14' title="bbox 1752 845 3339 933">
    <p class='ocr_par' dir='ltr' id='par_1_14' title="bbox 1752 845 3339 933">
     <span class='ocr_line' id='line_1_14' title="bbox 1752 845 3339 933; baseline -0.016 -16"><span class='ocrx_word' id='word_1_80' title='bbox 1752 861 1947 933; x_wconf 92' lang='lat' dir='ltr'><strong>spirat,</strong></span> <span class='ocrx_word' id='word_1_81' title='bbox 1981 862 2088 915; x_wconf 86' lang='lat' dir='ltr'><strong>ista</strong></span> <span class='ocrx_word' id='word_1_82' title='bbox 2122 864 2251 914; x_wconf 90' lang='lat' dir='ltr'><strong>sunt</strong></span> <span class='ocrx_word' id='word_1_83' title='bbox 2286 854 2393 926; x_wconf 83' lang='lat' dir='ltr'><strong>ipsi</strong></span> <span class='ocrx_word' id='word_1_84' title='bbox 2434 851 2637 915; x_wconf 87' lang='lat' dir='ltr'><strong>anima,</strong></span> <span class='ocrx_word' id='word_1_85' title='bbox 2674 849 2811 903; x_wconf 81' lang='lat' dir='ltr'><strong>hora</strong></span> <span class='ocrx_word' id='word_1_86' title='bbox 2840 847 2938 903; x_wconf 91' lang='lat' dir='ltr'><strong>tibi</strong></span> <span class='ocrx_word' id='word_1_87' title='bbox 2960 845 3339 918; x_wconf 87' lang='lat' dir='ltr'><strong>quotidianum</strong></span> 
     </span>
    </p>
   </div>
   <div class='ocr_carea' id='block_1_15' title="bbox 1099 934 3338 1022">
    <p class='ocr_par' dir='ltr' id='par_1_15' title="bbox 1099 934 3338 1022">
     <span class='ocr_line' id='line_1_15' title="bbox 1099 934 3338 1022; baseline -0.013 -6"><span class='ocrx_word' id='word_1_88' title='bbox 1099 934 1351 1016; x_wconf 78' lang='lat' dir='ltr'><strong>mortalis</strong></span> <span class='ocrx_word' id='word_1_89' title='bbox 1395 959 1541 1014; x_wconf 91' lang='lat' dir='ltr'><strong>enim</strong></span> <span class='ocrx_word' id='word_1_90' title='bbox 1585 969 1712 1009; x_wconf 92' lang='lat' dir='ltr'><strong>cum</strong></span> <span class='ocrx_word' id='word_1_91' title='bbox 1760 954 1859 1018; x_wconf 88' lang='lat' dir='ltr'><strong>sis,</strong></span> <span class='ocrx_word' id='word_1_92' title='bbox 1892 952 2101 1022; x_wconf 82' lang='lat' dir='ltr'><strong>absque</strong></span> <span class='ocrx_word' id='word_1_93' title='bbox 2132 950 2393 1004; x_wconf 89' lang='lat' dir='ltr'><strong>alimento</strong></span> <span class='ocrx_word' id='word_1_94' title='bbox 2428 940 2769 1015; x_wconf 83' lang='lat' dir='ltr'><strong>impossibile</strong></span> <span class='ocrx_word' id='word_1_95' title='bbox 2805 938 3030 995; x_wconf 87' lang='lat' dir='ltr'><strong>omnino</strong></span> <span class='ocrx_word' id='word_1_96' title='bbox 3059 935 3158 990; x_wconf 90' lang='lat' dir='ltr'><strong>tibi</strong></span> <span class='ocrx_word' id='word_1_97' title='bbox 3188 934 3338 989; x_wconf 82' lang='lat' dir='ltr'><strong>vive-</strong></span> 
     </span>
    </p>
   </div>
   <div class='ocr_carea' id='block_1_16' title="bbox 97 1045 2118 1121">
    <p class='ocr_par' dir='ltr' id='par_1_16' title="bbox 97 1045 2118 1121">
     <span class='ocr_line' id='line_1_16' title="bbox 97 1045 2118 1121; baseline -0.011 -1"><span class='ocrx_word' id='word_1_98' title='bbox 97 1077 175 1120; x_wconf 84' lang='lat' dir='ltr'><strong>re:</strong></span> <span class='ocrx_word' id='word_1_99' title='bbox 201 1072 316 1115; x_wconf 88' lang='lat' dir='ltr'><strong>nam</strong></span> <span class='ocrx_word' id='word_1_100' title='bbox 336 1056 484 1112; x_wconf 85' lang='lat' dir='ltr'><strong>omni</strong></span> <span class='ocrx_word' id='word_1_101' title='bbox 513 1056 737 1110; x_wconf 78' lang='lat' dir='ltr'><strong>animali</strong></span> <span class='ocrx_word' id='word_1_102' title='bbox 778 1055 1164 1111; x_wconf 74' lang='lat' dir='ltr'><strong>conservatrix</strong></span> <span class='ocrx_word' id='word_1_103' title='bbox 1196 1061 1282 1110; x_wconf 86' lang='lat' dir='ltr'><strong>est</strong></span> <span class='ocrx_word' id='word_1_104' title='bbox 1310 1062 1489 1107; x_wconf 78' lang='lat' dir='ltr'><strong>Vll’llls</strong></span> <span class='ocrx_word' id='word_1_105' title='bbox 1520 1048 1877 1121; x_wconf 73' lang='lat' dir='ltr'><strong>quotidianus</strong></span> <span class='ocrx_word' id='word_1_106' title='bbox 1915 1045 2118 1101; x_wconf 77' lang='lat' dir='ltr'><strong>victus.</strong></span> 
     </span>
    </p>
   </div>
   <div class='ocr_carea' id='block_1_17' title="bbox 98 1162 1159 1235">
    <p class='ocr_par' dir='ltr' id='par_1_17' title="bbox 98 1162 1159 1235">
     <span class='ocr_line' id='line_1_17' title="bbox 98 1162 1159 1235; baseline -0.009 -9"><span class='ocrx_word' id='word_1_107' title='bbox 98 1172 160 1227; x_wconf 76' lang='grc'>22</span> <span class='ocrx_word' id='word_1_108' title='bbox 193 1165 324 1223; x_wconf 79' lang='grc' dir='ltr'><strong>οῖδα</strong></span> <span class='ocrx_word' id='word_1_109' title='bbox 344 1165 412 1221; x_wconf 77' lang='grc' dir='ltr'><strong>δὲ</strong></span> <span class='ocrx_word' id='word_1_110' title='bbox 441 1165 539 1220; x_wconf 77' lang='grc' dir='ltr'><strong>καὶ</strong></span> <span class='ocrx_word' id='word_1_111' title='bbox 572 1168 761 1235; x_wconf 71' lang='grc' dir='ltr'><strong>λόγον</strong></span> <span class='ocrx_word' id='word_1_112' title='bbox 790 1164 1008 1228; x_wconf 71' lang='grc' dir='ltr'><strong>ἄλλον,</strong></span> <span class='ocrx_word' id='word_1_113' title='bbox 1041 1162 1159 1217; x_wconf 88' lang='grc' dir='ltr'><strong>κτλ.</strong></span> 
     </span>
    </p>
   </div>
   <div class='ocr_carea' id='block_1_18' title="bbox 158 1258 1653 1350">
    <p class='ocr_par' dir='ltr' id='par_1_18' title="bbox 158 1258 1653 1350">
     <span class='ocr_line' id='line_1_18' title="bbox 158 1258 1653 1350; baseline -0.008 -15"><span class='ocrx_word' id='word_1_114' title='bbox 158 1258 295 1345; x_wconf 77' lang='grc' dir='ltr'><strong>Οἶδα,</strong></span> <span class='ocrx_word' id='word_1_115' title='bbox 337 1280 488 1348; x_wconf 69' lang='grc' dir='ltr'><strong>φησὶ,</strong></span> <span class='ocrx_word' id='word_1_116' title='bbox 537 1278 632 1332; x_wconf 69' lang='grc' dir='ltr'><strong>καὶ</strong></span> <span class='ocrx_word' id='word_1_117' title='bbox 674 1278 863 1350; x_wconf 70' lang='grc' dir='ltr'><strong>ἕτερον</strong></span> <span class='ocrx_word' id='word_1_118' title='bbox 896 1276 1074 1347; x_wconf 78' lang='grc' dir='ltr'><strong>δόγμα</strong></span> <span class='ocrx_word' id='word_1_119' title='bbox 1100 1273 1353 1339; x_wconf 76' lang='grc' dir='ltr'><strong>παλαιὸν,</strong></span> <span class='ocrx_word' id='word_1_120' title='bbox 1399 1272 1495 1326; x_wconf 65' lang='grc' dir='ltr'><strong>καλ⁵</strong></span> <span class='ocrx_word' id='word_1_121' title='bbox 1538 1271 1653 1334; x_wconf 83' lang='grc' dir='ltr'><strong>τοῖς</strong></span> 
     </span>
    </p>
   </div>
   <div class='ocr_carea' id='block_1_19' title="bbox 1753 1152 2772 1218">
    <p class='ocr_par' dir='ltr' id='par_1_19' title="bbox 1753 1152 2772 1218">
     <span class='ocr_line' id='line_1_19' title="bbox 1753 1152 2772 1218; baseline -0.01 -5"><span class='ocrx_word' id='word_1_122' title='bbox 1753 1158 1826 1213; x_wconf 71' lang='lat'><strong>22</strong></span> <span class='ocrx_word' id='word_1_123' title='bbox 1868 1156 2007 1212; x_wconf 75' lang='lat' dir='ltr'><strong>Novi</strong></span> <span class='ocrx_word' id='word_1_124' title='bbox 2032 1168 2083 1211; x_wconf 83' lang='lat' dir='ltr'><strong>et</strong></span> <span class='ocrx_word' id='word_1_125' title='bbox 2109 1155 2273 1209; x_wconf 79' lang='lat' dir='ltr'><strong>aliam</strong></span> <span class='ocrx_word' id='word_1_126' title='bbox 2305 1152 2638 1218; x_wconf 78' lang='lat' dir='ltr'><strong>sententiam,</strong></span> <span class='ocrx_word' id='word_1_127' title='bbox 2663 1158 2772 1205; x_wconf 89' lang='lat' dir='ltr'><strong>etc.</strong></span> 
     </span>
    </p>
   </div>
   <div class='ocr_carea' id='block_1_20' title="bbox 1824 1258 3337 1335">
    <p class='ocr_par' dir='ltr' id='par_1_20' title="bbox 1824 1258 3337 1335">
     <span class='ocr_line' id='line_1_20' title="bbox 1824 1258 3337 1335; baseline -0.009 -10"><span class='ocrx_word' id='word_1_128' title='bbox 1824 1270 1982 1335; x_wconf 85' lang='lat' dir='ltr'><strong>Novi,</strong></span> <span class='ocrx_word' id='word_1_129' title='bbox 2008 1270 2104 1333; x_wconf 88' lang='lat' dir='ltr'><strong>ait,</strong></span> <span class='ocrx_word' id='word_1_130' title='bbox 2156 1277 2210 1324; x_wconf 90' lang='lat' dir='ltr'><strong>et</strong></span> <span class='ocrx_word' id='word_1_131' title='bbox 2256 1267 2419 1321; x_wconf 91' lang='lat' dir='ltr'><strong>aliam</strong></span> <span class='ocrx_word' id='word_1_132' title='bbox 2454 1262 2781 1321; x_wconf 88' lang='lat' dir='ltr'><strong>sententiam</strong></span> <span class='ocrx_word' id='word_1_133' title='bbox 2803 1267 3065 1325; x_wconf 88' lang='lat' dir='ltr'><strong>veterem,</strong></span> <span class='ocrx_word' id='word_1_134' title='bbox 3105 1265 3161 1314; x_wconf 91' lang='lat' dir='ltr'><strong>et</strong></span> <span class='ocrx_word' id='word_1_135' title='bbox 3206 1258 3337 1313; x_wconf 88' lang='lat' dir='ltr'><strong>olim</strong></span> 
     </span>
    </p>
   </div>
   <div class='ocr_carea' id='block_1_21' title="bbox 101 1351 1666 1445">
    <p class='ocr_par' dir='ltr' id='par_1_21' title="bbox 101 1365 1651 1445">
     <span class='ocr_line' id='line_1_21' title="bbox 101 1365 1651 1445; baseline -0.012 -13"><span class='ocrx_word' id='word_1_136' title='bbox 101 1377 245 1431; x_wconf 82' lang='grc' dir='ltr'><strong>πάλαι</strong></span> <span class='ocrx_word' id='word_1_137' title='bbox 271 1372 406 1445; x_wconf 82' lang='grc' dir='ltr'><strong>μέγα</strong></span> <span class='ocrx_word' id='word_1_138' title='bbox 433 1370 721 1443; x_wconf 80' lang='grc' dir='ltr'><strong>φρονοῦσιν</strong></span> <span class='ocrx_word' id='word_1_139' title='bbox 745 1369 838 1441; x_wconf 65' lang='grc' dir='ltr'><strong>ἐπὶ</strong></span> <span class='ocrx_word' id='word_1_140' title='bbox 869 1369 1031 1442; x_wconf 61' lang='grc' dir='ltr'><strong>σοφίᾳ⁴</strong></span> <span class='ocrx_word' id='word_1_141' title='bbox 1056 1368 1300 1441; x_wconf 82' lang='grc' dir='ltr'><strong>ληρῳδού</strong></span> <span class='ocrx_word' id='word_1_142' title='bbox 1310 1382 1488 1438; x_wconf 85' lang='grc' dir='ltr'><strong>μενον·</strong></span> <span class='ocrx_word' id='word_1_143' title='bbox 1515 1365 1651 1436; x_wconf 84' lang='grc' dir='ltr'><strong>ὅπερ</strong></span> 
     </span>
    </p>
   </div>
   <div class='ocr_carea' id='block_1_22' title="bbox 1784 1351 3336 1445">
    <p class='ocr_par' dir='ltr' id='par_1_22' title="bbox 1788 1351 3336 1435">
     <span class='ocr_line' id='line_1_22' title="bbox 1788 1351 3336 1435; baseline -0.008 -16"><span class='ocrx_word' id='word_1_144' title='bbox 1788 1361 2201 1435; x_wconf 80' lang='lat' dir='ltr'><strong>uperbientibus</strong></span> <span class='ocrx_word' id='word_1_145' title='bbox 2236 1360 2291 1414; x_wconf 88' lang='lat' dir='ltr'><strong>in</strong></span> <span class='ocrx_word' id='word_1_146' title='bbox 2323 1356 2593 1429; x_wconf 79' lang='lat' dir='ltr'><strong>sapientia</strong></span> <span class='ocrx_word' id='word_1_147' title='bbox 2636 1355 2869 1412; x_wconf 86' lang='lat' dir='ltr'><strong>usitatas</strong></span> <span class='ocrx_word' id='word_1_148' title='bbox 2916 1351 3171 1423; x_wconf 84' lang='lat' dir='ltr'><strong>ineptias.</strong></span> <span class='ocrx_word' id='word_1_149' title='bbox 3197 1364 3336 1419; x_wconf 85' lang='lat' dir='ltr'><strong>quas</strong></span> 
     </span>
    </p>
   </div>
   <div class='ocr_carea' id='block_1_23' title="bbox 97 1456 1647 1535">
    <p class='ocr_par' dir='ltr' id='par_1_23' title="bbox 97 1456 1647 1535">
     <span class='ocr_line' id='line_1_23' title="bbox 97 1456 1647 1535; baseline -0.008 -12"><span class='ocrx_word' id='word_1_150' title='bbox 97 1471 183 1523; x_wconf 73' lang='grc' dir='ltr'><strong>οὐκ</strong></span> <span class='ocrx_word' id='word_1_151' title='bbox 205 1466 264 1522; x_wconf 84' lang='grc' dir='ltr'><strong>ἂν</strong></span> <span class='ocrx_word' id='word_1_152' title='bbox 284 1463 764 1535; x_wconf 77' lang='grc' dir='ltr'><strong>καταδιδαξαίμην,</strong></span> <span class='ocrx_word' id='word_1_153' title='bbox 790 1463 994 1515; x_wconf 75' lang='grc' dir='ltr'><strong>εἰκαῖον</strong></span> <span class='ocrx_word' id='word_1_154' title='bbox 1021 1460 1097 1532; x_wconf 83' lang='grc'><strong>(6)</strong></span> <span class='ocrx_word' id='word_1_155' title='bbox 1121 1460 1214 1516; x_wconf 78' lang='grc' dir='ltr'><strong>καὶ</strong></span> <span class='ocrx_word' id='word_1_156' title='bbox 1236 1458 1450 1529; x_wconf 79' lang='grc' dir='ltr'><strong>ὑπόψυχ</strong></span> <span class='ocrx_word' id='word_1_157' title='bbox 1460 1475 1548 1528; x_wconf 89' lang='grc' dir='ltr'><strong>ρον</strong></span> <span class='ocrx_word' id='word_1_158' title='bbox 1568 1456 1647 1510; x_wconf 83' lang='grc' dir='ltr'><strong>δν.</strong></span> 
     </span>
    </p>
   </div>
   <div class='ocr_carea' id='block_1_24' title="bbox 1755 1441 3347 1520">
    <p class='ocr_par' dir='ltr' id='par_1_24' title="bbox 1755 1441 3347 1520">
     <span class='ocr_line' id='line_1_24' title="bbox 1755 1441 3347 1520; baseline -0.012 -7"><span class='ocrx_word' id='word_1_159' title='bbox 1755 1466 1903 1513; x_wconf 88' lang='lat' dir='ltr'><strong>certe</strong></span> <span class='ocrx_word' id='word_1_160' title='bbox 1941 1469 2053 1511; x_wconf 92' lang='lat' dir='ltr'><strong>non</strong></span> <span class='ocrx_word' id='word_1_161' title='bbox 2103 1452 2380 1514; x_wconf 90' lang='lat' dir='ltr'><strong>docerem,</strong></span> <span class='ocrx_word' id='word_1_162' title='bbox 2425 1448 2626 1520; x_wconf 89' lang='lat' dir='ltr'><strong>quippe</strong></span> <span class='ocrx_word' id='word_1_163' title='bbox 2657 1446 2801 1517; x_wconf 89' lang='lat' dir='ltr'><strong>quod</strong></span> <span class='ocrx_word' id='word_1_164' title='bbox 2841 1452 2926 1502; x_wconf 90' lang='lat' dir='ltr'><strong>est</strong></span> <span class='ocrx_word' id='word_1_165' title='bbox 2975 1441 3347 1498; x_wconf 82' lang='lat' dir='ltr'><strong>inconsidera-</strong></span> 
     </span>
    </p>
   </div>
   <div class='ocr_carea' id='block_1_25' title="bbox 98 1538 1666 1629">
    <p class='ocr_par' dir='ltr' id='par_1_25' title="bbox 98 1551 1653 1629">
     <span class='ocr_line' id='line_1_25' title="bbox 98 1551 1653 1629; baseline -0.007 -15"><span class='ocrx_word' id='word_1_166' title='bbox 98 1560 219 1615; x_wconf 80' lang='grc' dir='ltr'><strong>Φασὶ</strong></span> <span class='ocrx_word' id='word_1_167' title='bbox 260 1557 364 1629; x_wconf 83' lang='grc' dir='ltr'><strong>γάρ</strong></span> <span class='ocrx_word' id='word_1_168' title='bbox 410 1555 786 1627; x_wconf 79' lang='grc' dir='ltr'><strong>προϋπάρχειν</strong></span> <span class='ocrx_word' id='word_1_169' title='bbox 820 1552 1048 1608; x_wconf 82' lang='grc' dir='ltr'><strong>καθόλου</strong></span> <span class='ocrx_word' id='word_1_170' title='bbox 1089 1553 1196 1606; x_wconf 83' lang='grc' dir='ltr'><strong>τῶν</strong></span> <span class='ocrx_word' id='word_1_171' title='bbox 1227 1551 1527 1625; x_wconf 83' lang='grc' dir='ltr'><strong>ἀνθρώπων</strong></span> <span class='ocrx_word' id='word_1_172' title='bbox 1556 1551 1653 1627; x_wconf 82' lang='grc' dir='ltr'><strong>τὴν</strong></span> 
     </span>
    </p>
   </div>
   <div class='ocr_carea' id='block_1_26' title="bbox 1784 1538 3345 1629">
    <p class='ocr_par' dir='ltr' id='par_1_26' title="bbox 1784 1538 3345 1613">
     <span class='ocr_line' id='line_1_26' title="bbox 1784 1538 3345 1613; baseline -0.01 -11"><span class='ocrx_word' id='word_1_173' title='bbox 1784 1562 1894 1613; x_wconf 93' lang='lat' dir='ltr'><strong>um,</strong></span> <span class='ocrx_word' id='word_1_174' title='bbox 1956 1544 2272 1613; x_wconf 88' lang='lat' dir='ltr'><strong>nulliusque</strong></span> <span class='ocrx_word' id='word_1_175' title='bbox 2339 1541 2517 1612; x_wconf 89' lang='lat' dir='ltr'><strong>pretii.</strong></span> <span class='ocrx_word' id='word_1_176' title='bbox 2576 1538 2746 1594; x_wconf 81' lang='lat' dir='ltr'><strong>Aiunt</strong></span> <span class='ocrx_word' id='word_1_177' title='bbox 2773 1538 2918 1593; x_wconf 89' lang='lat' dir='ltr'><strong>enim</strong></span> <span class='ocrx_word' id='word_1_178' title='bbox 2950 1549 3174 1606; x_wconf 85' lang='lat' dir='ltr'><strong>prorsus</strong></span> <span class='ocrx_word' id='word_1_179' title='bbox 3202 1548 3345 1605; x_wconf 67' lang='lat' dir='ltr'><strong>prse-</strong></span> 
     </span>
    </p>
   </div>
   <div class='ocr_carea' id='block_1_27' title="bbox 96 1641 1658 1723">
    <p class='ocr_par' dir='ltr' id='par_1_27' title="bbox 96 1641 1658 1723">
     <span class='ocr_line' id='line_1_27' title="bbox 96 1641 1658 1723; baseline -0.006 -18"><span class='ocrx_word' id='word_1_180' title='bbox 96 1653 273 1723; x_wconf 66' lang='grc' dir='ltr'><strong>ιξρυχὴν,</strong></span> <span class='ocrx_word' id='word_1_181' title='bbox 298 1650 391 1703; x_wconf 72' lang='grc' dir='ltr'><strong>καὶ</strong></span> <span class='ocrx_word' id='word_1_182' title='bbox 414 1648 620 1718; x_wconf 85' lang='grc' dir='ltr'><strong>ταύτην</strong></span> <span class='ocrx_word' id='word_1_183' title='bbox 643 1646 827 1717; x_wconf 82' lang='grc' dir='ltr'><strong>κοινὴν</strong></span> <span class='ocrx_word' id='word_1_184' title='bbox 853 1641 1012 1711; x_wconf 75' lang='grc' dir='ltr'><strong>εἶναι,</strong></span> <span class='ocrx_word' id='word_1_185' title='bbox 1035 1645 1177 1700; x_wconf 86' lang='grc' dir='ltr'><strong>καθά</strong></span> <span class='ocrx_word' id='word_1_186' title='bbox 1199 1645 1307 1698; x_wconf 91' lang='grc' dir='ltr'><strong>τῶν</strong></span> <span class='ocrx_word' id='word_1_187' title='bbox 1331 1643 1658 1715; x_wconf 83' lang='grc' dir='ltr'><strong>σωματικῶν</strong></span> 
     </span>
    </p>
   </div>
   <div class='ocr_carea' id='block_1_28' title="bbox 100 1733 1659 1811">
    <p class='ocr_par' dir='ltr' id='par_1_28' title="bbox 100 1733 1659 1811">
     <span class='ocr_line' id='line_1_28' title="bbox 100 1733 1659 1811; baseline -0.004 -17"><span class='ocrx_word' id='word_1_188' title='bbox 100 1738 358 1811; x_wconf 82' lang='grc' dir='ltr'><strong>στοιχείων</strong></span> <span class='ocrx_word' id='word_1_189' title='bbox 383 1738 614 1792; x_wconf 76' lang='grc' dir='ltr'><strong>ἕκαστον</strong></span> <span class='ocrx_word' id='word_1_190' title='bbox 641 1738 808 1789; x_wconf 82' lang='grc' dir='ltr'><strong>πᾶσιν</strong></span> <span class='ocrx_word' id='word_1_191' title='bbox 837 1733 1143 1805; x_wconf 86' lang='grc' dir='ltr'><strong>ἀνθρώποις</strong></span> <span class='ocrx_word' id='word_1_192' title='bbox 1165 1734 1306 1789; x_wconf 79' lang='grc' dir='ltr'><strong>κατὰ</strong></span> <span class='ocrx_word' id='word_1_193' title='bbox 1327 1733 1425 1803; x_wconf 83' lang='grc' dir='ltr'><strong>τὴν</strong></span> <span class='ocrx_word' id='word_1_194' title='bbox 1446 1734 1659 1802; x_wconf 86' lang='grc' dir='ltr'><strong>γένεσιν</strong></span> 
     </span>
    </p>
   </div>
   <div class='ocr_carea' id='block_1_29' title="bbox 97 1825 1661 1903">
    <p class='ocr_par' dir='ltr' id='par_1_29' title="bbox 97 1825 1661 1903">
     <span class='ocr_line' id='line_1_29' title="bbox 97 1825 1661 1903; baseline -0.004 -19"><span class='ocrx_word' id='word_1_195' title='bbox 97 1828 564 1903; x_wconf 80' lang='grc' dir='ltr'><strong>ὲπιμεριζομένην,</strong></span> <span class='ocrx_word' id='word_1_196' title='bbox 599 1827 665 1880; x_wconf 82' lang='grc' dir='ltr'><strong>δι’</strong></span> <span class='ocrx_word' id='word_1_197' title='bbox 694 1827 814 1881; x_wconf 79' lang='grc' dir='ltr'><strong>ὅλου</strong></span> <span class='ocrx_word' id='word_1_198' title='bbox 847 1826 905 1878; x_wconf 80' lang='grc' dir='ltr'><strong>δὲ</strong></span> <span class='ocrx_word' id='word_1_199' title='bbox 933 1826 1026 1879; x_wconf 89' lang='grc' dir='ltr'><strong>τοῦ</strong></span> <span class='ocrx_word' id='word_1_200' title='bbox 1058 1826 1197 1898; x_wconf 64' lang='grc' dir='ltr'><strong>ὑπὲρ</strong></span> <span class='ocrx_word' id='word_1_201' title='bbox 1227 1825 1470 1896; x_wconf 72' lang='grc' dir='ltr'><strong>κεφαλῆς</strong></span> <span class='ocrx_word' id='word_1_202' title='bbox 1500 1825 1661 1895; x_wconf 84' lang='grc' dir='ltr'><strong>ἀέρος</strong></span> 
     </span>
    </p>
   </div>
   <div class='ocr_carea' id='block_1_30' title="bbox 100 1910 1661 1998">
    <p class='ocr_par' dir='ltr' id='par_1_30' title="bbox 100 1910 1661 1998">
     <span class='ocr_line' id='line_1_30' title="bbox 100 1910 1661 1998; baseline -0.004 -22"><span class='ocrx_word' id='word_1_203' title='bbox 100 1920 445 1992; x_wconf 72' lang='grc' dir='ltr'><strong>πλανωμένην</strong></span> <span class='ocrx_word' id='word_1_204' title='bbox 490 1920 585 1974; x_wconf 60' lang='grc' dir='ltr'><strong>καλ⁵</strong></span> <span class='ocrx_word' id='word_1_205' title='bbox 620 1920 719 1998; x_wconf 74' lang='grc' dir='ltr'><strong>τῇς</strong></span> <span class='ocrx_word' id='word_1_206' title='bbox 750 1918 888 1989; x_wconf 80' lang='grc' dir='ltr'><strong>πρὸς</strong></span> <span class='ocrx_word' id='word_1_207' title='bbox 916 1918 984 1971; x_wconf 86' lang='grc' dir='ltr'><strong>τὰ</strong></span> <span class='ocrx_word' id='word_1_208' title='bbox 1026 1917 1253 1989; x_wconf 84' lang='grc' dir='ltr'><strong>σώματα</strong></span> <span class='ocrx_word' id='word_1_209' title='bbox 1292 1918 1487 1982; x_wconf 81' lang='grc' dir='ltr'><strong>δέσεως</strong></span> <span class='ocrx_word' id='word_1_210' title='bbox 1514 1910 1661 1986; x_wconf 80' lang='grc' dir='ltr'><strong>ὲφιεο</strong></span> 
     </span>
    </p>
   </div>
   <div class='ocr_carea' id='block_1_31' title="bbox 97 2006 1664 2085">
    <p class='ocr_par' dir='ltr' id='par_1_31' title="bbox 97 2006 1664 2085">
     <span class='ocr_line' id='line_1_31' title="bbox 97 2006 1664 2085; baseline -0.003 -18"><span class='ocrx_word' id='word_1_211' title='bbox 97 2015 269 2085; x_wconf 82' lang='grc' dir='ltr'><strong>μένην.</strong></span> <span class='ocrx_word' id='word_1_212' title='bbox 311 2013 372 2065; x_wconf 86' lang='grc' dir='ltr'><strong>Εἰ</strong></span> <span class='ocrx_word' id='word_1_213' title='bbox 407 2011 464 2065; x_wconf 83' lang='grc' dir='ltr'><strong>δὲ</strong></span> <span class='ocrx_word' id='word_1_214' title='bbox 490 2011 647 2065; x_wconf 78' lang='grc' dir='ltr'><strong>τοῦτο</strong></span> <span class='ocrx_word' id='word_1_215' title='bbox 677 2009 878 2080; x_wconf 84' lang='grc' dir='ltr'><strong>δοθείη.</strong></span> <span class='ocrx_word' id='word_1_216' title='bbox 906 2012 1087 2063; x_wconf 80' lang='grc' dir='ltr'><strong>πᾶσαν</strong></span> <span class='ocrx_word' id='word_1_217' title='bbox 1120 2006 1259 2065; x_wconf 82' lang='grc' dir='ltr'><strong>εἶναι</strong></span> <span class='ocrx_word' id='word_1_218' title='bbox 1290 2010 1468 2083; x_wconf 71' lang='grc' dir='ltr'><strong>ψυχὴν</strong></span> <span class='ocrx_word' id='word_1_219' title='bbox 1488 2010 1664 2082; x_wconf 79' lang='grc' dir='ltr'><strong>ὁμοιό-</strong></span> 
     </span>
    </p>
   </div>
   <div class='ocr_carea' id='block_1_32' title="bbox 94 2099 1664 2176">
    <p class='ocr_par' dir='ltr' id='par_1_32' title="bbox 94 2099 1664 2176">
     <span class='ocr_line' id='line_1_32' title="bbox 94 2099 1664 2176; baseline -0.001 -19"><span class='ocrx_word' id='word_1_220' title='bbox 94 2122 290 2176; x_wconf 80' lang='grc' dir='ltr'><strong>τροπον,</strong></span> <span class='ocrx_word' id='word_1_221' title='bbox 321 2102 400 2165; x_wconf 84' lang='grc' dir='ltr'><strong>ὡς</strong></span> <span class='ocrx_word' id='word_1_222' title='bbox 433 2103 507 2174; x_wconf 78' lang='grc' dir='ltr'><strong>μὴ</strong></span> <span class='ocrx_word' id='word_1_223' title='bbox 529 2103 627 2173; x_wconf 80' lang='grc' dir='ltr'><strong>τὴν</strong></span> <span class='ocrx_word' id='word_1_224' title='bbox 656 2102 753 2173; x_wconf 82' lang='grc' dir='ltr'><strong>μὲν</strong></span> <span class='ocrx_word' id='word_1_225' title='bbox 783 2099 998 2170; x_wconf 81' lang='grc' dir='ltr'><strong>βελτίω,</strong></span> <span class='ocrx_word' id='word_1_226' title='bbox 1022 2100 1121 2172; x_wconf 82' lang='grc' dir='ltr'><strong>τὴν</strong></span> <span class='ocrx_word' id='word_1_227' title='bbox 1146 2101 1203 2154; x_wconf 83' lang='grc' dir='ltr'><strong>δὲ</strong></span> <span class='ocrx_word' id='word_1_228' title='bbox 1231 2101 1419 2172; x_wconf 87' lang='grc' dir='ltr'><strong>χείρω,</strong></span> <span class='ocrx_word' id='word_1_229' title='bbox 1448 2101 1543 2155; x_wconf 71' lang='grc' dir='ltr'><strong>καὶ</strong></span> <span class='ocrx_word' id='word_1_230' title='bbox 1563 2101 1664 2171; x_wconf 77' lang='grc' dir='ltr'><strong>τὴν</strong></span> 
     </span>
    </p>
   </div>
   <div class='ocr_carea' id='block_1_33' title="bbox 95 2193 1666 2269">
    <p class='ocr_par' dir='ltr' id='par_1_33' title="bbox 95 2193 1666 2269">
     <span class='ocr_line' id='line_1_33' title="bbox 95 2193 1666 2269; baseline -0.003 -18"><span class='ocrx_word' id='word_1_231' title='bbox 95 2199 184 2269; x_wconf 81' lang='grc' dir='ltr'><strong>μὲν</strong></span> <span class='ocrx_word' id='word_1_232' title='bbox 220 2196 437 2251; x_wconf 73' lang='grc' dir='ltr'><strong>εὐθεῖαν</strong></span> <span class='ocrx_word' id='word_1_233' title='bbox 477 2193 961 2266; x_wconf 83' lang='grc' dir='ltr'><strong>ἀνωμολογῆσθαι,</strong></span> <span class='ocrx_word' id='word_1_234' title='bbox 1002 2195 1101 2267; x_wconf 76' lang='grc' dir='ltr'><strong>τὴν</strong></span> <span class='ocrx_word' id='word_1_235' title='bbox 1138 2195 1196 2248; x_wconf 80' lang='grc' dir='ltr'><strong>δὲ</strong></span> <span class='ocrx_word' id='word_1_236' title='bbox 1233 2193 1531 2266; x_wconf 85' lang='grc' dir='ltr'><strong>δύστροπον</strong></span> <span class='ocrx_word' id='word_1_237' title='bbox 1570 2194 1666 2247; x_wconf 76' lang='grc' dir='ltr'><strong>καὶ</strong></span> 
     </span>
    </p>
   </div>
   <div class='ocr_carea' id='block_1_34' title="bbox 94 2288 1667 2361">
    <p class='ocr_par' dir='ltr' id='par_1_34' title="bbox 94 2288 1667 2361">
     <span class='ocr_line' id='line_1_34' title="bbox 94 2288 1667 2361; baseline -0.003 -18"><span class='ocrx_word' id='word_1_238' title='bbox 94 2290 315 2353; x_wconf 76' lang='grc' dir='ltr'><strong>σκολιὰν,</strong></span> <span class='ocrx_word' id='word_1_239' title='bbox 334 2289 415 2353; x_wconf 85' lang='grc' dir='ltr'><strong>ὡς</strong></span> <span class='ocrx_word' id='word_1_240' title='bbox 432 2288 591 2361; x_wconf 87' lang='grc' dir='ltr'><strong>ἀέρος</strong></span> <span class='ocrx_word' id='word_1_241' title='bbox 612 2289 668 2341; x_wconf 80' lang='grc' dir='ltr'><strong>δὲ</strong></span> <span class='ocrx_word' id='word_1_242' title='bbox 691 2289 852 2359; x_wconf 76' lang='grc' dir='ltr'><strong>φύσιν</strong></span> <span class='ocrx_word' id='word_1_243' title='bbox 873 2289 1230 2358; x_wconf 83' lang='grc' dir='ltr'><strong>είσπνευστήν</strong></span> <span class='ocrx_word' id='word_1_244' title='bbox 1247 2303 1305 2340; x_wconf 89' lang='grc' dir='ltr'><strong>τε</strong></span> <span class='ocrx_word' id='word_1_245' title='bbox 1321 2288 1416 2340; x_wconf 79' lang='grc' dir='ltr'><strong>καὶ</strong></span> <span class='ocrx_word' id='word_1_246' title='bbox 1435 2288 1667 2340; x_wconf 82' lang='grc' dir='ltr'><strong>ἐκπνευ-</strong></span> 
     </span>
    </p>
   </div>
   <div class='ocr_carea' id='block_1_35' title="bbox 92 2380 1667 2455">
    <p class='ocr_par' dir='ltr' id='par_1_35' title="bbox 92 2380 1667 2455">
     <span class='ocr_line' id='line_1_35' title="bbox 92 2380 1667 2455; baseline -0.003 -19"><span class='ocrx_word' id='word_1_247' title='bbox 92 2383 210 2455; x_wconf 78' lang='grc' dir='ltr'><strong>στὴν</strong></span> <span class='ocrx_word' id='word_1_248' title='bbox 235 2383 371 2436; x_wconf 82' lang='grc' dir='ltr'><strong>πᾶσι</strong></span> <span class='ocrx_word' id='word_1_249' title='bbox 412 2380 623 2455; x_wconf 85' lang='grc' dir='ltr'><strong>βροτοῖς</strong></span> <span class='ocrx_word' id='word_1_250' title='bbox 652 2381 983 2436; x_wconf 80' lang='grc' dir='ltr'><strong>καθεστάναι</strong></span> <span class='ocrx_word' id='word_1_251' title='bbox 1011 2382 1113 2454; x_wconf 79' lang='grc' dir='ltr'><strong>τὴν</strong></span> <span class='ocrx_word' id='word_1_252' title='bbox 1144 2381 1333 2452; x_wconf 81' lang='grc' dir='ltr'><strong>αὐτὴν,</strong></span> <span class='ocrx_word' id='word_1_253' title='bbox 1368 2380 1567 2444; x_wconf 89' lang='grc' dir='ltr'><strong>πάντες</strong></span> <span class='ocrx_word' id='word_1_254' title='bbox 1608 2380 1667 2433; x_wconf 82' lang='grc' dir='ltr'><strong>δὲ</strong></span> 
     </span>
    </p>
   </div>
   <div class='ocr_carea' id='block_1_36' title="bbox 90 2473 1669 2546">
    <p class='ocr_par' dir='ltr' id='par_1_36' title="bbox 90 2473 1669 2546">
     <span class='ocr_line' id='line_1_36' title="bbox 90 2473 1669 2546; baseline -0.003 -16"><span class='ocrx_word' id='word_1_255' title='bbox 90 2479 286 2531; x_wconf 73' lang='grc' dir='ltr'><strong>ἔσονται</strong></span> <span class='ocrx_word' id='word_1_256' title='bbox 307 2476 471 2541; x_wconf 82' lang='grc' dir='ltr'><strong>πᾶσι,</strong></span> <span class='ocrx_word' id='word_1_257' title='bbox 498 2477 593 2529; x_wconf 71' lang='grc' dir='ltr'><strong>καὶ</strong></span> <span class='ocrx_word' id='word_1_258' title='bbox 618 2474 699 2529; x_wconf 80' lang='grc' dir='ltr'><strong>ἔτι</strong></span> <span class='ocrx_word' id='word_1_259' title='bbox 729 2476 929 2540; x_wconf 80' lang='grc' dir='ltr'><strong>ζῶντες</strong></span> <span class='ocrx_word' id='word_1_260' title='bbox 957 2477 1014 2529; x_wconf 84' lang='lat' dir='ltr'><strong>tv</strong></span> <span class='ocrx_word' id='word_1_261' title='bbox 1040 2473 1273 2546; x_wconf 86' lang='grc' dir='ltr'><strong>σώματι,</strong></span> <span class='ocrx_word' id='word_1_262' title='bbox 1299 2473 1392 2528; x_wconf 86' lang='grc' dir='ltr'><strong>καί</strong></span> <span class='ocrx_word' id='word_1_263' title='bbox 1414 2490 1475 2543; x_wconf 87' lang='grc' dir='ltr'><strong>γε</strong></span> <span class='ocrx_word' id='word_1_264' title='bbox 1501 2490 1669 2544; x_wconf 65' lang='grc' dir='ltr'><strong>μετα.</strong></span> 
     </span>
    </p>
   </div>
   <div class='ocr_carea' id='block_1_37' title="bbox 90 2564 1667 2633">
    <p class='ocr_par' dir='ltr' id='par_1_37' title="bbox 90 2564 1667 2633">
     <span class='ocr_line' id='line_1_37' title="bbox 90 2564 1667 2633; baseline -0.003 -11"><span class='ocrx_word' id='word_1_265' title='bbox 90 2571 345 2633; x_wconf 80' lang='grc' dir='ltr'><strong>πνέοντες,</strong></span> <span class='ocrx_word' id='word_1_266' title='bbox 377 2569 565 2621; x_wconf 80' lang='grc' dir='ltr'><strong>εῐτουν</strong></span> <span class='ocrx_word' id='word_1_267' title='bbox 593 2568 968 2631; x_wconf 77' lang='grc' dir='ltr'><strong>ἀποδιοῦντες,</strong></span> <span class='ocrx_word' id='word_1_268' title='bbox 992 2567 1194 2629; x_wconf 88' lang='grc' dir='ltr'><strong>πάντες</strong></span> <span class='ocrx_word' id='word_1_269' title='bbox 1217 2567 1276 2619; x_wconf 84' lang='grc' dir='ltr'><strong>ὲν</strong></span> <span class='ocrx_word' id='word_1_270' title='bbox 1300 2566 1433 2619; x_wconf 81' lang='grc' dir='ltr'><strong>πᾶσι</strong></span> <span class='ocrx_word' id='word_1_271' title='bbox 1456 2564 1667 2619; x_wconf 83' lang='grc' dir='ltr'><strong>κεῖσθαι</strong></span> 
     </span>
    </p>
   </div>
   <div class='ocr_carea' id='block_1_38' title="bbox 92 2654 1667 2731">
    <p class='ocr_par' dir='ltr' id='par_1_38' title="bbox 92 2654 1667 2731">
     <span class='ocr_line' id='line_1_38' title="bbox 92 2654 1667 2731; baseline -0.004 -18"><span class='ocrx_word' id='word_1_272' title='bbox 92 2660 569 2731; x_wconf 80' lang='grc' dir='ltr'><strong>ὑπονοηθήσονται,</strong></span> <span class='ocrx_word' id='word_1_273' title='bbox 599 2658 677 2730; x_wconf 81' lang='grc' dir='ltr'><strong>τῷ</strong></span> <span class='ocrx_word' id='word_1_274' title='bbox 711 2658 836 2730; x_wconf 86' lang='grc' dir='ltr'><strong>μίαν</strong></span> <span class='ocrx_word' id='word_1_275' title='bbox 865 2656 1071 2710; x_wconf 77' lang='grc' dir='ltr'><strong>οἴεσθαι</strong></span> <span class='ocrx_word' id='word_1_276' title='bbox 1099 2656 1206 2710; x_wconf 91' lang='grc' dir='ltr'><strong>τῶν</strong></span> <span class='ocrx_word' id='word_1_277' title='bbox 1231 2656 1366 2709; x_wconf 84' lang='grc' dir='ltr'><strong>ὅλων</strong></span> <span class='ocrx_word' id='word_1_278' title='bbox 1400 2654 1667 2726; x_wconf 74' lang='grc' dir='ltr'><strong>ὑπάρχειν</strong></span> 
     </span>
    </p>
   </div>
   <div class='ocr_carea' id='block_1_39' title="bbox 91 2746 1669 2824">
    <p class='ocr_par' dir='ltr' id='par_1_39' title="bbox 91 2746 1669 2824">
     <span class='ocr_line' id='line_1_39' title="bbox 91 2746 1669 2824; baseline -0.006 -18"><span class='ocrx_word' id='word_1_279' title='bbox 91 2753 255 2824; x_wconf 63' lang='grc' dir='ltr'><strong>ψυχήν</strong></span> <span class='ocrx_word' id='word_1_280' title='bbox 275 2769 286 2782; x_wconf 90' lang='grc'><strong>·</strong></span> <span class='ocrx_word' id='word_1_281' title='bbox 311 2755 345 2821; x_wconf 81' lang='grc' dir='ltr'>ἡ</span> <span class='ocrx_word' id='word_1_282' title='bbox 368 2752 515 2823; x_wconf 79' lang='grc' dir='ltr'><strong>αὐτὴ</strong></span> <span class='ocrx_word' id='word_1_283' title='bbox 539 2751 615 2813; x_wconf 83' lang='grc' dir='ltr'><strong>δὲ,</strong></span> <span class='ocrx_word' id='word_1_284' title='bbox 643 2750 798 2821; x_wconf 74' lang='grc' dir='ltr'><strong>φησὶ,</strong></span> <span class='ocrx_word' id='word_1_285' title='bbox 823 2747 1032 2802; x_wconf 72' lang='grc' dir='ltr'><strong>καὶτοῦ</strong></span> <span class='ocrx_word' id='word_1_286' title='bbox 1060 2747 1221 2819; x_wconf 82' lang='grc' dir='ltr'><strong>ἀέρος</strong></span> <span class='ocrx_word' id='word_1_287' title='bbox 1247 2747 1486 2819; x_wconf 78' lang='grc' dir='ltr'><strong>ὑπάρχει</strong></span> <span class='ocrx_word' id='word_1_288' title='bbox 1513 2746 1669 2817; x_wconf 74' lang='grc' dir='ltr'><strong>ῥύσις</strong></span> 
     </span>
    </p>
   </div>
   <div class='ocr_carea' id='block_1_40' title="bbox 91 2833 1669 2912">
    <p class='ocr_par' dir='ltr' id='par_1_40' title="bbox 91 2833 1669 2912">
     <span class='ocr_line' id='line_1_40' title="bbox 91 2833 1669 2912; baseline -0.008 -14"><span class='ocrx_word' id='word_1_289' title='bbox 91 2845 252 2898; x_wconf 78' lang='grc' dir='ltr'><strong>ἄλλοτ’</strong></span> <span class='ocrx_word' id='word_1_290' title='bbox 274 2844 331 2895; x_wconf 81' lang='grc' dir='ltr'><strong>ὲν</strong></span> <span class='ocrx_word' id='word_1_291' title='bbox 354 2842 544 2906; x_wconf 81' lang='grc' dir='ltr'><strong>ἄλλοις</strong></span> <span class='ocrx_word' id='word_1_292' title='bbox 568 2839 932 2912; x_wconf 81' lang='grc' dir='ltr'><strong>διαχυνομένη</strong></span> <span class='ocrx_word' id='word_1_293' title='bbox 955 2838 1161 2901; x_wconf 82' lang='grc' dir='ltr'><strong>τόποις.</strong></span> <span class='ocrx_word' id='word_1_294' title='bbox 1196 2838 1261 2891; x_wconf 71' lang='lat' dir='ltr'><strong>Et</strong></span> <span class='ocrx_word' id='word_1_295' title='bbox 1286 2837 1342 2890; x_wconf 80' lang='grc' dir='ltr'><strong>δὲ</strong></span> <span class='ocrx_word' id='word_1_296' title='bbox 1367 2836 1565 2904; x_wconf 82' lang='grc' dir='ltr'><strong>λέγοις,</strong></span> <span class='ocrx_word' id='word_1_297' title='bbox 1594 2833 1669 2894; x_wconf 84' lang='grc' dir='ltr'><strong>ὡς</strong></span> 
     </span>
    </p>
   </div>
   <div class='ocr_carea' id='block_1_41' title="bbox 90 2926 1672 3007">
    <p class='ocr_par' dir='ltr' id='par_1_41' title="bbox 90 2926 1672 3007">
     <span class='ocr_line' id='line_1_41' title="bbox 90 2926 1672 3007; baseline -0.006 -20"><span class='ocrx_word' id='word_1_298' title='bbox 90 2937 177 3007; x_wconf 71' lang='grc' dir='ltr'><strong>οὐχ</strong></span> <span class='ocrx_word' id='word_1_299' title='bbox 207 2936 376 3000; x_wconf 73' lang='grc' dir='ltr'><strong>οὕτως</strong></span> <span class='ocrx_word' id='word_1_300' title='bbox 412 2938 447 3006; x_wconf 87' lang='grc' dir='ltr'><strong>ή</strong></span> <span class='ocrx_word' id='word_1_301' title='bbox 482 2933 629 3006; x_wconf 80' lang='grc' dir='ltr'><strong>ψυχὴ</strong></span> <span class='ocrx_word' id='word_1_302' title='bbox 661 2935 836 3004; x_wconf 86' lang='grc' dir='ltr'><strong>χεῖται</strong></span> <span class='ocrx_word' id='word_1_303' title='bbox 863 2932 1052 3001; x_wconf 84' lang='grc' dir='ltr'><strong>ὥσπερ</strong></span> <span class='ocrx_word' id='word_1_304' title='bbox 1083 2932 1111 2983; x_wconf 90' lang='grc' dir='ltr'><strong>ό</strong></span> <span class='ocrx_word' id='word_1_305' title='bbox 1137 2928 1266 3002; x_wconf 84' lang='grc' dir='ltr'><strong>ἀὴρ,</strong></span> <span class='ocrx_word' id='word_1_306' title='bbox 1298 2930 1353 2981; x_wconf 80' lang='lat' dir='ltr'><strong>tv</strong></span> <span class='ocrx_word' id='word_1_307' title='bbox 1382 2928 1463 2981; x_wconf 73' lang='grc' dir='ltr'><strong>ἐνὶ</strong></span> <span class='ocrx_word' id='word_1_308' title='bbox 1486 2926 1541 2979; x_wconf 84' lang='grc' dir='ltr'><strong>δὲ</strong></span> <span class='ocrx_word' id='word_1_309' title='bbox 1575 2926 1672 2979; x_wconf 74' lang='grc' dir='ltr'><strong>καὶ</strong></span> 
     </span>
    </p>
   </div>
   <div class='ocr_carea' id='block_1_42' title="bbox 88 3014 1673 3098">
    <p class='ocr_par' dir='ltr' id='par_1_42' title="bbox 88 3014 1673 3098">
     <span class='ocr_line' id='line_1_42' title="bbox 88 3014 1673 3098; baseline -0.008 -19"><span class='ocrx_word' id='word_1_310' title='bbox 88 3028 159 3098; x_wconf 78' lang='grc' dir='ltr'><strong>τῷ</strong></span> <span class='ocrx_word' id='word_1_311' title='bbox 189 3026 337 3098; x_wconf 78' lang='grc' dir='ltr'><strong>αὐτῷ</strong></span> <span class='ocrx_word' id='word_1_312' title='bbox 366 3024 540 3098; x_wconf 83' lang='grc' dir='ltr'><strong>χώρῳ</strong></span> <span class='ocrx_word' id='word_1_313' title='bbox 579 3023 844 3094; x_wconf 82' lang='grc' dir='ltr'><strong>διαμένει,</strong></span> <span class='ocrx_word' id='word_1_314' title='bbox 882 3020 1227 3090; x_wconf 82' lang='grc' dir='ltr'><strong>πυνθάνομαί</strong></span> <span class='ocrx_word' id='word_1_315' title='bbox 1275 3035 1335 3071; x_wconf 91' lang='grc' dir='ltr'><strong>σε</strong></span> <span class='ocrx_word' id='word_1_316' title='bbox 1379 3017 1583 3095; x_wconf 78' lang='grc' dir='ltr'><strong>λοιπὸν,</strong></span> <span class='ocrx_word' id='word_1_317' title='bbox 1620 3014 1673 3068; x_wconf 91' lang='grc' dir='ltr'><strong>τί</strong></span> 
     </span>
    </p>
   </div>
   <div class='ocr_carea' id='block_1_43' title="bbox 91 3089 1675 3191">
    <p class='ocr_par' dir='ltr' id='par_1_43' title="bbox 91 3089 1675 3191">
     <span class='ocr_line' id='line_1_43' title="bbox 91 3089 1675 3191; baseline 0 -29"><span class='ocrx_word' id='word_1_318' title='bbox 91 3089 182 3191; x_wconf 57' lang='grc' dir='ltr'><strong>μὲν</strong></span> <span class='ocrx_word' id='word_1_319' title='bbox 207 3089 335 3190; x_wconf 54' lang='grc' dir='ltr'><strong>παρ’</strong></span> <span class='ocrx_word' id='word_1_320' title='bbox 367 3089 544 3188; x_wconf 53' lang='grc' dir='ltr'><strong>ἕωλτῇ</strong></span> <span class='ocrx_word' id='word_1_321' title='bbox 580 3089 818 3188; x_wconf 77' lang='grc' dir='ltr'><strong>μένουσα</strong></span> <span class='ocrx_word' id='word_1_322' title='bbox 844 3089 1136 3182; x_wconf 72' lang='grc' dir='ltr'><strong>κατέσχεν,</strong></span> <span class='ocrx_word' id='word_1_323' title='bbox 1160 3109 1213 3163; x_wconf 84' lang='grc' dir='ltr'><strong>τί</strong></span> <span class='ocrx_word' id='word_1_324' title='bbox 1241 3109 1298 3163; x_wconf 77' lang='grc' dir='ltr'><strong>δὲ</strong></span> <span class='ocrx_word' id='word_1_325' title='bbox 1334 3108 1394 3161; x_wconf 79' lang='grc' dir='ltr'><strong>τὸ</strong></span> <span class='ocrx_word' id='word_1_326' title='bbox 1427 3089 1538 3171; x_wconf 79' lang='grc' dir='ltr'><strong>τοῖς</strong></span> <span class='ocrx_word' id='word_1_327' title='bbox 1569 3124 1675 3178; x_wconf 81' lang='grc' dir='ltr'><strong>μη·-</strong></span> 
     </span>
    </p>
   </div>
   <div class='ocr_carea' id='block_1_44' title="bbox 88 3200 1672 3283">
    <p class='ocr_par' dir='ltr' id='par_1_44' title="bbox 88 3200 1672 3283">
     <span class='ocr_line' id='line_1_44' title="bbox 88 3200 1672 3283; baseline -0.007 -18"><span class='ocrx_word' id='word_1_328' title='bbox 88 3211 274 3283; x_wconf 78' lang='grc' dir='ltr'><strong>τρῴοις</strong></span> <span class='ocrx_word' id='word_1_329' title='bbox 307 3210 649 3280; x_wconf 78' lang='grc' dir='ltr'><strong>σπλάγχνοις</strong></span> <span class='ocrx_word' id='word_1_330' title='bbox 681 3206 1118 3277; x_wconf 80' lang='grc' dir='ltr'><strong>ζωογονούμενον</strong></span> <span class='ocrx_word' id='word_1_331' title='bbox 1143 3203 1178 3273; x_wconf 80' lang='grc' dir='ltr'>ἦ</span> <span class='ocrx_word' id='word_1_332' title='bbox 1214 3200 1672 3273; x_wconf 79' lang='grc' dir='ltr'><strong>κυοφορούμενον.</strong></span> 
     </span>
    </p>
   </div>
   <div class='ocr_carea' id='block_1_45' title="bbox 88 3291 1677 3375">
    <p class='ocr_par' dir='ltr' id='par_1_45' title="bbox 88 3291 1677 3375">
     <span class='ocr_line' id='line_1_45' title="bbox 88 3291 1677 3375; baseline -0.008 -19"><span class='ocrx_word' id='word_1_333' title='bbox 88 3306 146 3357; x_wconf 83' lang='grc' dir='ltr'><strong>Εἰ</strong></span> <span class='ocrx_word' id='word_1_334' title='bbox 181 3304 289 3375; x_wconf 79' lang='grc' dir='ltr'><strong>γὰρ</strong></span> <span class='ocrx_word' id='word_1_335' title='bbox 334 3302 503 3366; x_wconf 72' lang='grc' dir='ltr'><strong>ἐκτός</strong></span> <span class='ocrx_word' id='word_1_336' title='bbox 540 3317 610 3371; x_wconf 89' lang='grc' dir='ltr'><strong>με</strong></span> <span class='ocrx_word' id='word_1_337' title='bbox 651 3294 817 3353; x_wconf 83' lang='grc' dir='ltr'><strong>οὖσαν</strong></span> <span class='ocrx_word' id='word_1_338' title='bbox 855 3295 1267 3367; x_wconf 81' lang='grc' dir='ltr'><strong>ἀπολελυμένην</strong></span> <span class='ocrx_word' id='word_1_339' title='bbox 1299 3292 1393 3347; x_wconf 87' lang='grc' dir='ltr'><strong>τοῦ</strong></span> <span class='ocrx_word' id='word_1_340' title='bbox 1426 3291 1677 3364; x_wconf 83' lang='grc' dir='ltr'><strong>σώματος</strong></span> 
     </span>
    </p>
   </div>
   <div class='ocr_carea' id='block_1_46' title="bbox 86 3383 1679 3465">
    <p class='ocr_par' dir='ltr' id='par_1_46' title="bbox 86 3383 1679 3465">
     <span class='ocr_line' id='line_1_46' title="bbox 86 3383 1679 3465; baseline -0.008 -16"><span class='ocrx_word' id='word_1_341' title='bbox 86 3398 176 3449; x_wconf 74' lang='grc' dir='ltr'><strong>καὶ</strong></span> <span class='ocrx_word' id='word_1_342' title='bbox 213 3394 522 3465; x_wconf 76' lang='grc' dir='ltr'><strong>ἐλευθέραν</strong></span> <span class='ocrx_word' id='word_1_343' title='bbox 562 3393 753 3463; x_wconf 80' lang='grc' dir='ltr'><strong>φήσειε</strong></span> <span class='ocrx_word' id='word_1_344' title='bbox 790 3389 952 3459; x_wconf 77' lang='grc' dir='ltr'><strong>τυχὸν</strong></span> <span class='ocrx_word' id='word_1_345' title='bbox 978 3391 1012 3459; x_wconf 86' lang='grc' dir='ltr'>ἠ</span> <span class='ocrx_word' id='word_1_346' title='bbox 1044 3386 1213 3459; x_wconf 78' lang='grc' dir='ltr'><strong>ψυχὴ,</strong></span> <span class='ocrx_word' id='word_1_347' title='bbox 1241 3387 1274 3457; x_wconf 81' lang='grc' dir='ltr'>ὴ</span> <span class='ocrx_word' id='word_1_348' title='bbox 1306 3386 1490 3457; x_wconf 84' lang='grc' dir='ltr'><strong>μήτηρ</strong></span> <span class='ocrx_word' id='word_1_349' title='bbox 1528 3383 1679 3455; x_wconf 67' lang='grc' dir='ltr'><strong>μερίς</strong></span> 
     </span>
    </p>
   </div>
   <div class='ocr_carea' id='block_1_47' title="bbox 88 3476 1677 3558">
    <p class='ocr_par' dir='ltr' id='par_1_47' title="bbox 88 3476 1677 3558">
     <span class='ocr_line' id='line_1_47' title="bbox 88 3476 1677 3558; baseline -0.006 -19"><span class='ocrx_word' id='word_1_350' title='bbox 88 3504 219 3541; x_wconf 90' lang='grc' dir='ltr'><strong>σασα</strong></span> <span class='ocrx_word' id='word_1_351' title='bbox 255 3486 617 3558; x_wconf 86' lang='grc' dir='ltr'><strong>προέσπασεν</strong></span> <span class='ocrx_word' id='word_1_352' title='bbox 651 3483 685 3555; x_wconf 85' lang='grc' dir='ltr'>ἢ</span> <span class='ocrx_word' id='word_1_353' title='bbox 722 3481 1131 3554; x_wconf 86' lang='grc' dir='ltr'><strong>προεσπάσατο,</strong></span> <span class='ocrx_word' id='word_1_354' title='bbox 1164 3478 1218 3533; x_wconf 89' lang='grc' dir='ltr'><strong>τί</strong></span> <span class='ocrx_word' id='word_1_355' title='bbox 1252 3478 1353 3549; x_wconf 86' lang='grc' dir='ltr'><strong>μὲν</strong></span> <span class='ocrx_word' id='word_1_356' title='bbox 1383 3477 1509 3548; x_wconf 77' lang='grc' dir='ltr'><strong>ἔσχε</strong></span> <span class='ocrx_word' id='word_1_357' title='bbox 1554 3476 1677 3531; x_wconf 83' lang='grc' dir='ltr'><strong>καθ’</strong></span> 
     </span>
    </p>
   </div>
   <div class='ocr_carea' id='block_1_48' title="bbox 86 3570 1681 3652">
    <p class='ocr_par' dir='ltr' id='par_1_48' title="bbox 86 3570 1681 3652">
     <span class='ocr_line' id='line_1_48' title="bbox 86 3570 1681 3652; baseline -0.006 -20"><span class='ocrx_word' id='word_1_358' title='bbox 86 3581 239 3634; x_wconf 72' lang='grc' dir='ltr'><strong>ἑαυτὸ</strong></span> <span class='ocrx_word' id='word_1_359' title='bbox 274 3579 470 3652; x_wconf 87' lang='grc' dir='ltr'><strong>μένον,</strong></span> <span class='ocrx_word' id='word_1_360' title='bbox 503 3577 555 3629; x_wconf 89' lang='grc' dir='ltr'><strong>τί</strong></span> <span class='ocrx_word' id='word_1_361' title='bbox 586 3577 643 3630; x_wconf 83' lang='grc' dir='ltr'><strong>δὲ</strong></span> <span class='ocrx_word' id='word_1_362' title='bbox 673 3577 734 3629; x_wconf 86' lang='grc' dir='ltr'><strong>τὸ</strong></span> <span class='ocrx_word' id='word_1_363' title='bbox 762 3577 819 3628; x_wconf 81' lang='grc' dir='ltr'><strong>ὲν</strong></span> <span class='ocrx_word' id='word_1_364' title='bbox 849 3574 1069 3638; x_wconf 81' lang='grc' dir='ltr'><strong>κόλποις</strong></span> <span class='ocrx_word' id='word_1_365' title='bbox 1098 3572 1268 3643; x_wconf 83' lang='grc' dir='ltr'><strong>αὐτῆς</strong></span> <span class='ocrx_word' id='word_1_366' title='bbox 1309 3570 1438 3637; x_wconf 80' lang='grc' dir='ltr'><strong>ζῶν,</strong></span> <span class='ocrx_word' id='word_1_367' title='bbox 1476 3570 1569 3624; x_wconf 79' lang='grc' dir='ltr'><strong>καὶ</strong></span> <span class='ocrx_word' id='word_1_368' title='bbox 1600 3571 1681 3634; x_wconf 85' lang='grc' dir='ltr'><strong>είς</strong></span> 
     </span>
    </p>
   </div>
   <div class='ocr_carea' id='block_1_49' title="bbox 85 3664 1682 3741">
    <p class='ocr_par' dir='ltr' id='par_1_49' title="bbox 85 3664 1682 3741">
     <span class='ocr_line' id='line_1_49' title="bbox 85 3664 1682 3741; baseline -0.004 -16"><span class='ocrx_word' id='word_1_369' title='bbox 85 3673 171 3726; x_wconf 77' lang='grc' dir='ltr'><strong>τὸν</strong></span> <span class='ocrx_word' id='word_1_370' title='bbox 203 3671 493 3726; x_wconf 69' lang='grc' dir='ltr'><strong>ἐπώδυνον</strong></span> <span class='ocrx_word' id='word_1_371' title='bbox 536 3669 649 3741; x_wconf 85' lang='grc' dir='ltr'><strong>βίον</strong></span> <span class='ocrx_word' id='word_1_372' title='bbox 682 3670 777 3724; x_wconf 72' lang='grc' dir='ltr'><strong>καὶ</strong></span> <span class='ocrx_word' id='word_1_373' title='bbox 814 3668 1152 3741; x_wconf 82' lang='grc' dir='ltr'><strong>πολύμοχθον</strong></span> <span class='ocrx_word' id='word_1_374' title='bbox 1185 3667 1502 3739; x_wconf 71' lang='grc' dir='ltr'><strong>ἐρχόμενον.</strong></span> <span class='ocrx_word' id='word_1_375' title='bbox 1534 3666 1598 3719; x_wconf 84' lang='grc' dir='ltr'><strong>Εἰ</strong></span> <span class='ocrx_word' id='word_1_376' title='bbox 1624 3664 1682 3719; x_wconf 80' lang='grc' dir='ltr'><strong>δέ</strong></span> 
     </span>
    </p>
   </div>
   <div class='ocr_carea' id='block_1_50' title="bbox 83 3756 1679 3835">
    <p class='ocr_par' dir='ltr' id='par_1_50' title="bbox 83 3756 1679 3835">
     <span class='ocr_line' id='line_1_50' title="bbox 83 3756 1679 3835; baseline -0.004 -18"><span class='ocrx_word' id='word_1_377' title='bbox 83 3782 144 3833; x_wconf 79' lang='grc' dir='ltr'><strong>γε</strong></span> <span class='ocrx_word' id='word_1_378' title='bbox 172 3766 236 3819; x_wconf 80' lang='grc' dir='ltr'><strong>σὺ</strong></span> <span class='ocrx_word' id='word_1_379' title='bbox 265 3764 489 3835; x_wconf 74' lang='grc' dir='ltr'><strong>ταύτην</strong></span> <span class='ocrx_word' id='word_1_380' title='bbox 520 3762 617 3817; x_wconf 76' lang='grc' dir='ltr'><strong>καὶ</strong></span> <span class='ocrx_word' id='word_1_381' title='bbox 649 3761 889 3816; x_wconf 87' lang='grc' dir='ltr'><strong>πλεόνων</strong></span> <span class='ocrx_word' id='word_1_382' title='bbox 920 3761 1127 3814; x_wconf 84' lang='grc' dir='ltr'><strong>τέκνων</strong></span> <span class='ocrx_word' id='word_1_383' title='bbox 1158 3760 1369 3831; x_wconf 84' lang='grc' dir='ltr'><strong>μητέρα</strong></span> <span class='ocrx_word' id='word_1_384' title='bbox 1399 3756 1679 3829; x_wconf 79' lang='grc' dir='ltr'><strong>ὑποθείης,</strong></span> 
     </span>
    </p>
   </div>
   <div class='ocr_carea' id='block_1_51' title="bbox 84 3847 1683 3928">
    <p class='ocr_par' dir='ltr' id='par_1_51' title="bbox 84 3847 1683 3928">
     <span class='ocr_line' id='line_1_51' title="bbox 84 3847 1683 3928; baseline -0.004 -20"><span class='ocrx_word' id='word_1_385' title='bbox 84 3857 390 3928; x_wconf 83' lang='grc' dir='ltr'><strong>τετίμηκας</strong></span> <span class='ocrx_word' id='word_1_386' title='bbox 443 3856 643 3926; x_wconf 80' lang='grc' dir='ltr'><strong>ἄτιμον</strong></span> <span class='ocrx_word' id='word_1_387' title='bbox 682 3853 871 3926; x_wconf 83' lang='grc' dir='ltr'><strong>τιμὴν,</strong></span> <span class='ocrx_word' id='word_1_388' title='bbox 907 3852 1147 3906; x_wconf 81' lang='grc' dir='ltr'><strong>πλεόνων</strong></span> <span class='ocrx_word' id='word_1_389' title='bbox 1175 3849 1363 3922; x_wconf 80' lang='grc' dir='ltr'><strong>ψυχῶν</strong></span> <span class='ocrx_word' id='word_1_390' title='bbox 1404 3851 1526 3913; x_wconf 86' lang='grc' dir='ltr'><strong>ταῖς</strong></span> <span class='ocrx_word' id='word_1_391' title='bbox 1556 3847 1683 3901; x_wconf 86' lang='grc' dir='ltr'><strong>δυσ-</strong></span> 
     </span>
    </p>
   </div>
   <div class='ocr_carea' id='block_1_52' title="bbox 83 3942 1685 4021">
    <p class='ocr_par' dir='ltr' id='par_1_52' title="bbox 83 3942 1685 4021">
     <span class='ocr_line' id='line_1_52' title="bbox 83 3942 1685 4021; baseline -0.004 -19"><span class='ocrx_word' id='word_1_392' title='bbox 83 3950 321 4021; x_wconf 82' lang='grc' dir='ltr'><strong>χερείαις</strong></span> <span class='ocrx_word' id='word_1_393' title='bbox 362 3948 469 4003; x_wconf 79' lang='grc' dir='ltr'><strong>τοῦ</strong></span> <span class='ocrx_word' id='word_1_394' title='bbox 515 3948 631 4020; x_wconf 81' lang='grc' dir='ltr'><strong>βίου</strong></span> <span class='ocrx_word' id='word_1_395' title='bbox 666 3947 762 4002; x_wconf 76' lang='grc' dir='ltr'><strong>καὶ</strong></span> <span class='ocrx_word' id='word_1_396' title='bbox 788 3945 1184 4016; x_wconf 77' lang='grc' dir='ltr'><strong>ταλαιπωρίαις</strong></span> <span class='ocrx_word' id='word_1_397' title='bbox 1207 3942 1553 4010; x_wconf 81' lang='grc' dir='ltr'><strong>δακνομένων</strong></span> <span class='ocrx_word' id='word_1_398' title='bbox 1590 3942 1685 3996; x_wconf 75' lang='grc' dir='ltr'><strong>καὶ</strong></span> 
     </span>
    </p>
   </div>
   <div class='ocr_carea' id='block_1_53' title="bbox 83 4036 1293 4114">
    <p class='ocr_par' dir='ltr' id='par_1_53' title="bbox 83 4036 1293 4114">
     <span class='ocr_line' id='line_1_53' title="bbox 83 4036 1293 4114; baseline -0.004 -21"><span class='ocrx_word' id='word_1_399' title='bbox 83 4040 475 4114; x_wconf 78' lang='grc' dir='ltr'><strong>κολαζομένων</strong></span> <span class='ocrx_word' id='word_1_400' title='bbox 508 4038 687 4096; x_wconf 76' lang='grc' dir='ltr'><strong>αἰτίαν</strong></span> <span class='ocrx_word' id='word_1_401' title='bbox 711 4037 914 4110; x_wconf 83' lang='grc' dir='ltr'><strong>ταύτην</strong></span> <span class='ocrx_word' id='word_1_402' title='bbox 949 4036 1293 4100; x_wconf 84' lang='grc' dir='ltr'><strong>ἀποδεικνύς.</strong></span> 
     </span>
    </p>
   </div>
   <div class='ocr_carea' id='block_1_54' title="bbox 79 4170 1687 4314">
    <p class='ocr_par' dir='ltr' id='par_1_54' title="bbox 79 4170 1687 4314">
     <span class='ocr_line' id='line_1_54' title="bbox 79 4170 1687 4314; baseline -0.005 -83"><span class='ocrx_word' id='word_1_403' title='bbox 79 4176 149 4231; x_wconf 70' lang='grc'><strong>59.</strong></span> <span class='ocrx_word' id='word_1_404' title='bbox 185 4178 271 4231; x_wconf 85' lang='grc' dir='ltr'><strong>Οὐ</strong></span> <span class='ocrx_word' id='word_1_405' title='bbox 317 4174 605 4233; x_wconf 57' lang='grc' dir='ltr'><strong>κωκυτῶν</strong></span> <span class='ocrx_word' id='word_1_406' title='bbox 644 4173 747 4228; x_wconf 84' lang='grc' dir='ltr'><strong>ὅδε</strong></span> <span class='ocrx_word' id='word_1_407' title='bbox 779 4174 994 4245; x_wconf 82' lang='grc' dir='ltr'><strong>μῦθος,</strong></span> <span class='ocrx_word' id='word_1_408' title='bbox 1034 4170 1536 4314; x_wconf 51' lang='grc' dir='ltr'><strong>ἐτιὸσιαῶτῗίγνια</strong></span> <span class='ocrx_word' id='word_1_409' title='bbox 1560 4170 1687 4294; x_wconf 49' lang='grc' dir='ltr'><strong>ξι-</strong></span> 
     </span>
     <span class='ocr_line' id='line_1_55' title="bbox 1359 4258 1611 4307; baseline -0.004 -11"><span class='ocrx_word' id='word_1_410' title='bbox 1359 4259 1461 4307; x_wconf 75' lang='grc' dir='ltr'><strong>ων,</strong></span> <span class='ocrx_word' id='word_1_411' title='bbox 1492 4258 1557 4295; x_wconf 87' lang='grc' dir='ltr'><strong>κτ</strong></span> <span class='ocrx_word' id='word_1_412' title='bbox 1597 4281 1611 4295; x_wconf 95' lang='grc'><strong>.</strong></span> 
     </span>
    </p>
   </div>
   <div class='ocr_carea' id='block_1_55' title="bbox 1359 4258 1611 4307">
    <p class='ocr_par' dir='ltr' id='par_1_55' title="bbox 1359 4258 1611 4307">
     <span class='ocr_line' id='line_1_56' title="bbox 1359 4258 1611 4307; baseline -0.004 -11"><span class='ocrx_word' id='word_1_413' title='bbox 1359 4259 1461 4307; x_wconf 77' lang='grc' dir='ltr'><strong>ων,</strong></span> <span class='ocrx_word' id='word_1_414' title='bbox 1492 4258 1611 4295; x_wconf 71' lang='grc' dir='ltr'><strong>κτλ.</strong></span> 
     </span>
    </p>
   </div>
   <div class='ocr_carea' id='block_1_56' title="bbox 148 4375 1688 4452">
    <p class='ocr_par' dir='ltr' id='par_1_56' title="bbox 148 4375 1688 4452">
     <span class='ocr_line' id='line_1_57' title="bbox 148 4375 1688 4452; baseline -0.003 -17"><span class='ocrx_word' id='word_1_415' title='bbox 148 4375 324 4447; x_wconf 75' lang='grc' dir='ltr'><strong>Οὗτος</strong></span> <span class='ocrx_word' id='word_1_416' title='bbox 364 4382 500 4452; x_wconf 80' lang='grc' dir='ltr'><strong>μὲν,</strong></span> <span class='ocrx_word' id='word_1_417' title='bbox 533 4380 721 4451; x_wconf 72' lang='grc' dir='ltr'><strong>φησὶν,</strong></span> <span class='ocrx_word' id='word_1_418' title='bbox 756 4381 786 4433; x_wconf 85' lang='grc' dir='ltr'><strong>ό</strong></span> <span class='ocrx_word' id='word_1_419' title='bbox 817 4379 976 4450; x_wconf 87' lang='grc' dir='ltr'><strong>λόγος</strong></span> <span class='ocrx_word' id='word_1_420' title='bbox 1013 4381 1043 4433; x_wconf 85' lang='grc' dir='ltr'><strong>ό</strong></span> <span class='ocrx_word' id='word_1_421' title='bbox 1090 4378 1220 4449; x_wconf 87' lang='grc' dir='ltr'><strong>μίαν</strong></span> <span class='ocrx_word' id='word_1_422' title='bbox 1266 4378 1379 4440; x_wconf 79' lang='grc' dir='ltr'><strong>τοῖς</strong></span> <span class='ocrx_word' id='word_1_423' title='bbox 1421 4376 1565 4440; x_wconf 85' lang='grc' dir='ltr'><strong>ὅλοις</strong></span> <span class='ocrx_word' id='word_1_424' title='bbox 1593 4378 1688 4432; x_wconf 88' lang='grc' dir='ltr'><strong>ἀν-</strong></span> 
     </span>
    </p>
   </div>
   <div class='ocr_carea' id='block_1_57' title="bbox 80 4468 1691 4545">
    <p class='ocr_par' dir='ltr' id='par_1_57' title="bbox 80 4468 1691 4545">
     <span class='ocr_line' id='line_1_58' title="bbox 80 4468 1691 4545; baseline -0.002 -19"><span class='ocrx_word' id='word_1_425' title='bbox 80 4472 325 4545; x_wconf 79' lang='grc' dir='ltr'><strong>θρώποις</strong></span> <span class='ocrx_word' id='word_1_426' title='bbox 377 4471 873 4544; x_wconf 78' lang='grc' dir='ltr'><strong>ὲπιμεριζόμενος,</strong></span> <span class='ocrx_word' id='word_1_427' title='bbox 904 4470 982 4535; x_wconf 87' lang='grc' dir='ltr'><strong>ὼς</strong></span> <span class='ocrx_word' id='word_1_428' title='bbox 1010 4469 1246 4542; x_wconf 70' lang='grc' dir='ltr'><strong>εἴρηται,</strong></span> <span class='ocrx_word' id='word_1_429' title='bbox 1287 4468 1485 4540; x_wconf 75' lang='grc' dir='ltr'><strong>ψυχὴν,</strong></span> <span class='ocrx_word' id='word_1_430' title='bbox 1519 4469 1691 4539; x_wconf 84' lang='grc' dir='ltr'><strong>ἀφρο-</strong></span> 
     </span>
    </p>
   </div>
   <div class='ocr_carea' id='block_1_58' title="bbox 78 4559 1691 4637">
    <p class='ocr_par' dir='ltr' id='par_1_58' title="bbox 78 4559 1691 4637">
     <span class='ocr_line' id='line_1_59' title="bbox 78 4559 1691 4637; baseline -0.005 -17"><span class='ocrx_word' id='word_1_431' title='bbox 78 4567 245 4637; x_wconf 80' lang='grc' dir='ltr'><strong>σύνης</strong></span> <span class='ocrx_word' id='word_1_432' title='bbox 276 4567 381 4620; x_wconf 75' lang='grc' dir='ltr'><strong>καὶ</strong></span> <span class='ocrx_word' id='word_1_433' title='bbox 415 4564 615 4627; x_wconf 85' lang='grc' dir='ltr'><strong>ἀνοίας</strong></span> <span class='ocrx_word' id='word_1_434' title='bbox 648 4563 870 4635; x_wconf 78' lang='grc' dir='ltr'><strong>μεστόςο</strong></span> <span class='ocrx_word' id='word_1_435' title='bbox 913 4560 1115 4616; x_wconf 83' lang='grc' dir='ltr'><strong>ὲτὼσια</strong></span> <span class='ocrx_word' id='word_1_436' title='bbox 1146 4560 1202 4615; x_wconf 82' lang='grc' dir='ltr'><strong>δὲ</strong></span> <span class='ocrx_word' id='word_1_437' title='bbox 1232 4562 1325 4614; x_wconf 73' lang='grc' dir='ltr'><strong>καὶ</strong></span> <span class='ocrx_word' id='word_1_438' title='bbox 1361 4560 1565 4631; x_wconf 86' lang='grc' dir='ltr'><strong>μάταια</strong></span> <span class='ocrx_word' id='word_1_439' title='bbox 1595 4559 1691 4613; x_wconf 64' lang='grc' dir='ltr'><strong>καὶ</strong></span> 
     </span>
    </p>
   </div>
   <div class='ocr_carea' id='block_1_59' title="bbox 81 4653 1689 4730">
    <p class='ocr_par' dir='ltr' id='par_1_59' title="bbox 81 4653 1689 4730">
     <span class='ocr_line' id='line_1_60' title="bbox 81 4653 1689 4730; baseline -0.002 -19"><span class='ocrx_word' id='word_1_440' title='bbox 81 4656 435 4730; x_wconf 75' lang='grc' dir='ltr'><strong>παιδαριώδη</strong></span> <span class='ocrx_word' id='word_1_441' title='bbox 495 4658 728 4724; x_wconf 82' lang='grc' dir='ltr'><strong>παίγνια</strong></span> <span class='ocrx_word' id='word_1_442' title='bbox 775 4654 974 4726; x_wconf 74' lang='grc' dir='ltr'><strong>βίϐλων</strong></span> <span class='ocrx_word' id='word_1_443' title='bbox 1020 4654 1412 4708; x_wconf 87' lang='grc' dir='ltr'><strong>ἀνατάττονται</strong></span> <span class='ocrx_word' id='word_1_444' title='bbox 1444 4653 1541 4708; x_wconf 76' lang='grc' dir='ltr'><strong>καὶ</strong></span> <span class='ocrx_word' id='word_1_445' title='bbox 1577 4655 1689 4708; x_wconf 84' lang='grc' dir='ltr'><strong>ὅσοι</strong></span> 
     </span>
    </p>
   </div>
   <div class='ocr_carea' id='block_1_60' title="bbox 77 4745 1689 4820">
    <p class='ocr_par' dir='ltr' id='par_1_60' title="bbox 77 4745 1689 4820">
     <span class='ocr_line' id='line_1_61' title="bbox 77 4745 1689 4820; baseline -0.002 -18"><span class='ocrx_word' id='word_1_446' title='bbox 77 4750 253 4803; x_wconf 79' lang='grc' dir='ltr'><strong>πολλά</strong></span> <span class='ocrx_word' id='word_1_447' title='bbox 285 4748 543 4820; x_wconf 82' lang='grc' dir='ltr'><strong>σώματα</strong></span> <span class='ocrx_word' id='word_1_448' title='bbox 572 4747 713 4801; x_wconf 87' lang='grc' dir='ltr'><strong>κατά</strong></span> <span class='ocrx_word' id='word_1_449' title='bbox 733 4748 861 4810; x_wconf 82' lang='grc' dir='ltr'><strong>τοὺς</strong></span> <span class='ocrx_word' id='word_1_450' title='bbox 885 4746 1033 4817; x_wconf 82' lang='grc' dir='ltr'><strong>βίους</strong></span> <span class='ocrx_word' id='word_1_451' title='bbox 1055 4746 1163 4799; x_wconf 90' lang='grc' dir='ltr'><strong>τῶν</strong></span> <span class='ocrx_word' id='word_1_452' title='bbox 1192 4745 1436 4799; x_wconf 83' lang='grc' dir='ltr'><strong>παλαιῶν</strong></span> <span class='ocrx_word' id='word_1_453' title='bbox 1459 4745 1689 4816; x_wconf 86' lang='grc' dir='ltr'><strong>ἀνδρῶν,</strong></span> 
     </span>
    </p>
   </div>
   <div class='ocr_carea' id='block_1_61' title="bbox 77 4837 1693 4910">
    <p class='ocr_par' dir='ltr' id='par_1_61' title="bbox 77 4837 1693 4910">
     <span class='ocr_line' id='line_1_62' title="bbox 77 4837 1693 4910; baseline -0.001 -17"><span class='ocrx_word' id='word_1_454' title='bbox 77 4841 305 4910; x_wconf 83' lang='grc' dir='ltr'><strong>ἀγαθῶν</strong></span> <span class='ocrx_word' id='word_1_455' title='bbox 342 4859 410 4895; x_wconf 84' lang='grc' dir='ltr'><strong>τε</strong></span> <span class='ocrx_word' id='word_1_456' title='bbox 437 4840 543 4895; x_wconf 71' lang='grc' dir='ltr'><strong>καὶ</strong></span> <span class='ocrx_word' id='word_1_457' title='bbox 570 4839 779 4902; x_wconf 85' lang='grc' dir='ltr'><strong>κακῶν,</strong></span> <span class='ocrx_word' id='word_1_458' title='bbox 809 4839 843 4909; x_wconf 81' lang='grc' dir='ltr'>ἢ</span> <span class='ocrx_word' id='word_1_459' title='bbox 873 4839 940 4892; x_wconf 82' lang='grc' dir='ltr'><strong>δι’</strong></span> <span class='ocrx_word' id='word_1_460' title='bbox 971 4837 1297 4909; x_wconf 80' lang='grc' dir='ltr'><strong>ἀντάμειψιν</strong></span> <span class='ocrx_word' id='word_1_461' title='bbox 1332 4837 1532 4909; x_wconf 82' lang='grc' dir='ltr'><strong>ἀρετῆς</strong></span> <span class='ocrx_word' id='word_1_462' title='bbox 1565 4837 1598 4909; x_wconf 75' lang='grc' dir='ltr'>ἢ</span> <span class='ocrx_word' id='word_1_463' title='bbox 1627 4838 1693 4891; x_wconf 82' lang='grc' dir='ltr'><strong>δι’</strong></span> 
     </span>
    </p>
   </div>
   <div class='ocr_carea' id='block_1_62' title="bbox 78 4929 1701 5006">
    <p class='ocr_par' dir='ltr' id='par_1_62' title="bbox 78 4929 1701 5006">
     <span class='ocr_line' id='line_1_63' title="bbox 78 4929 1701 5006; baseline -0.003 -19"><span class='ocrx_word' id='word_1_464' title='bbox 78 4934 367 5006; x_wconf 81' lang='grc' dir='ltr'><strong>ἁμαρτίας</strong></span> <span class='ocrx_word' id='word_1_465' title='bbox 446 4932 648 5003; x_wconf 81' lang='grc' dir='ltr'><strong>ποινὴν</strong></span> <span class='ocrx_word' id='word_1_466' title='bbox 722 4932 853 5003; x_wconf 86' lang='grc' dir='ltr'><strong>μίαν</strong></span> <span class='ocrx_word' id='word_1_467' title='bbox 914 4933 1011 4984; x_wconf 68' lang='grc' dir='ltr'><strong>κα)⁸</strong></span> <span class='ocrx_word' id='word_1_468' title='bbox 1077 4930 1174 5001; x_wconf 78' lang='grc' dir='ltr'><strong>τὴν</strong></span> <span class='ocrx_word' id='word_1_469' title='bbox 1224 4929 1394 5002; x_wconf 78' lang='grc' dir='ltr'><strong>αὐτὴν</strong></span> <span class='ocrx_word' id='word_1_470' title='bbox 1448 4930 1701 5001; x_wconf 76' lang='grc' dir='ltr'><strong>ἀμείϐειν</strong></span> 
     </span>
    </p>
   </div>
   <div class='ocr_carea' id='block_1_63' title="bbox 80 5022 1699 5098">
    <p class='ocr_par' dir='ltr' id='par_1_63' title="bbox 80 5022 1699 5098">
     <span class='ocr_line' id='line_1_64' title="bbox 80 5022 1699 5098; baseline -0.002 -21"><span class='ocrx_word' id='word_1_471' title='bbox 80 5027 351 5095; x_wconf 74' lang='grc' dir='ltr'><strong>ἐδόξασαν</strong></span> <span class='ocrx_word' id='word_1_472' title='bbox 379 5025 605 5098; x_wconf 80' lang='grc' dir='ltr'><strong>ψυχήν.</strong></span> <span class='ocrx_word' id='word_1_473' title='bbox 650 5024 918 5095; x_wconf 80' lang='grc' dir='ltr'><strong>Καθάπερ</strong></span> <span class='ocrx_word' id='word_1_474' title='bbox 948 5023 1058 5095; x_wconf 78' lang='grc' dir='ltr'><strong>γὰρ</strong></span> <span class='ocrx_word' id='word_1_475' title='bbox 1090 5023 1262 5094; x_wconf 74' lang='grc' dir='ltr'><strong>ἄνδρα</strong></span> <span class='ocrx_word' id='word_1_476' title='bbox 1298 5022 1419 5076; x_wconf 87' lang='grc' dir='ltr'><strong>τινὰ</strong></span> <span class='ocrx_word' id='word_1_477' title='bbox 1462 5023 1699 5093; x_wconf 72' lang='grc' dir='ltr'><strong>ἱματίοις</strong></span> 
     </span>
    </p>
   </div>
   <div class='ocr_carea' id='block_1_64' title="bbox 80 5112 1701 5191">
    <p class='ocr_par' dir='ltr' id='par_1_64' title="bbox 80 5112 1701 5191">
     <span class='ocr_line' id='line_1_65' title="bbox 80 5112 1701 5191; baseline -0.002 -20"><span class='ocrx_word' id='word_1_478' title='bbox 80 5121 577 5191; x_wconf 78' lang='grc' dir='ltr'><strong>περιστέλλοντες,</strong></span> <span class='ocrx_word' id='word_1_479' title='bbox 603 5119 699 5171; x_wconf 69' lang='grc' dir='ltr'><strong>καὶ.</strong></span> <span class='ocrx_word' id='word_1_480' title='bbox 725 5112 880 5179; x_wconf 81' lang='grc' dir='ltr'><strong>αὖθις</strong></span> <span class='ocrx_word' id='word_1_481' title='bbox 900 5117 1159 5186; x_wconf 77' lang='grc' dir='ltr'><strong>ἀκόσμως</strong></span> <span class='ocrx_word' id='word_1_482' title='bbox 1184 5115 1579 5185; x_wconf 80' lang='grc' dir='ltr'><strong>μετενδύοντες,</strong></span> <span class='ocrx_word' id='word_1_483' title='bbox 1607 5116 1701 5168; x_wconf 61' lang='grc' dir='ltr'><strong>καλ⁸</strong></span> 
     </span>
    </p>
   </div>
   <div class='ocr_carea' id='block_1_65' title="bbox 80 5207 1692 5283">
    <p class='ocr_par' dir='ltr' id='par_1_65' title="bbox 80 5207 1692 5283">
     <span class='ocr_line' id='line_1_66' title="bbox 80 5207 1692 5283; baseline -0.001 -20"><span class='ocrx_word' id='word_1_484' title='bbox 80 5211 189 5265; x_wconf 78' lang='grc' dir='ltr'><strong>ἀπὸ</strong></span> <span class='ocrx_word' id='word_1_485' title='bbox 219 5212 397 5265; x_wconf 72' lang='grc' dir='ltr'><strong>ἄλλου</strong></span> <span class='ocrx_word' id='word_1_486' title='bbox 448 5210 706 5283; x_wconf 84' lang='grc' dir='ltr'><strong>σώματος</strong></span> <span class='ocrx_word' id='word_1_487' title='bbox 745 5210 824 5273; x_wconf 80' lang='grc' dir='ltr'><strong>είς</strong></span> <span class='ocrx_word' id='word_1_488' title='bbox 870 5209 1017 5269; x_wconf 81' lang='grc' dir='ltr'><strong>ἄλλο,</strong></span> <span class='ocrx_word' id='word_1_489' title='bbox 1056 5208 1155 5260; x_wconf 83' lang='grc' dir='ltr'><strong>οὐκ</strong></span> <span class='ocrx_word' id='word_1_490' title='bbox 1188 5207 1474 5279; x_wconf 86' lang='grc' dir='ltr'><strong>ἀνθρώπου</strong></span> <span class='ocrx_word' id='word_1_491' title='bbox 1514 5208 1692 5279; x_wconf 84' lang='grc' dir='ltr'><strong>μόνον,</strong></span> 
     </span>
    </p>
   </div>
   <div class='ocr_carea' id='block_1_66' title="bbox 79 5297 1702 5370">
    <p class='ocr_par' dir='ltr' id='par_1_66' title="bbox 79 5297 1702 5370">
     <span class='ocr_line' id='line_1_67' title="bbox 79 5297 1702 5370; baseline -0.001 -16"><span class='ocrx_word' id='word_1_492' title='bbox 79 5304 218 5357; x_wconf 85' lang='grc' dir='ltr'><strong>ἁλλά</strong></span> <span class='ocrx_word' id='word_1_493' title='bbox 248 5304 353 5358; x_wconf 73' lang='grc' dir='ltr'><strong>καὶ</strong></span> <span class='ocrx_word' id='word_1_494' title='bbox 379 5302 538 5369; x_wconf 81' lang='grc' dir='ltr'><strong>ζώου</strong></span> <span class='ocrx_word' id='word_1_495' title='bbox 562 5301 761 5369; x_wconf 79' lang='grc' dir='ltr'><strong>ἀλόγου</strong></span> <span class='ocrx_word' id='word_1_496' title='bbox 794 5300 889 5353; x_wconf 68' lang='grc' dir='ltr'><strong>καὶ</strong></span> <span class='ocrx_word' id='word_1_497' title='bbox 916 5297 1084 5367; x_wconf 83' lang='grc' dir='ltr'><strong>φυτοῦ</strong></span> <span class='ocrx_word' id='word_1_498' title='bbox 1116 5298 1277 5351; x_wconf 84' lang='grc' dir='ltr'><strong>πάλιν</strong></span> <span class='ocrx_word' id='word_1_499' title='bbox 1313 5298 1475 5370; x_wconf 83' lang='grc' dir='ltr'><strong>σῶμα</strong></span> <span class='ocrx_word' id='word_1_500' title='bbox 1504 5316 1702 5370; x_wconf 85' lang='grc' dir='ltr'><strong>μεταγ-</strong></span> 
     </span>
    </p>
   </div>
   <div class='ocr_carea' id='block_1_67' title="bbox 80 5390 1701 5467">
    <p class='ocr_par' dir='ltr' id='par_1_67' title="bbox 80 5390 1701 5467">
     <span class='ocr_line' id='line_1_68' title="bbox 80 5390 1701 5467; baseline 0 -21"><span class='ocrx_word' id='word_1_501' title='bbox 80 5396 339 5459; x_wconf 78' lang='grc' dir='ltr'><strong>γίζοντες</strong></span> <span class='ocrx_word' id='word_1_502' title='bbox 393 5394 509 5467; x_wconf 80' lang='grc' dir='ltr'><strong>τὴν</strong></span> <span class='ocrx_word' id='word_1_503' title='bbox 558 5393 768 5465; x_wconf 75' lang='grc' dir='ltr'><strong>ψυχὴν,</strong></span> <span class='ocrx_word' id='word_1_504' title='bbox 819 5391 914 5446; x_wconf 71' lang='grc' dir='ltr'><strong>καὶ</strong></span> <span class='ocrx_word' id='word_1_505' title='bbox 956 5390 1099 5445; x_wconf 71' lang='grc' dir='ltr'><strong>οὕτω</strong></span> <span class='ocrx_word' id='word_1_506' title='bbox 1149 5390 1557 5461; x_wconf 85' lang='grc' dir='ltr'><strong>κενολογοῦντες</strong></span> <span class='ocrx_word' id='word_1_507' title='bbox 1606 5392 1701 5446; x_wconf 74' lang='grc' dir='ltr'><strong>καὶ</strong></span> 
     </span>
    </p>
   </div>
   <div class='ocr_carea' id='block_1_68' title="bbox 82 5484 1703 5560">
    <p class='ocr_par' dir='ltr' id='par_1_68' title="bbox 82 5484 1703 5560">
     <span class='ocr_line' id='line_1_69' title="bbox 82 5484 1703 5560; baseline -0.002 -17"><span class='ocrx_word' id='word_1_508' title='bbox 82 5490 298 5559; x_wconf 69' lang='grc' dir='ltr'><strong>μάταια</strong></span> <span class='ocrx_word' id='word_1_509' title='bbox 330 5485 646 5560; x_wconf 78' lang='grc' dir='ltr'><strong>ληροῦντες</strong></span> <span class='ocrx_word' id='word_1_510' title='bbox 676 5487 737 5540; x_wconf 81' lang='grc' dir='ltr'><strong>οὐ</strong></span> <span class='ocrx_word' id='word_1_511' title='bbox 774 5484 1049 5539; x_wconf 82' lang='grc' dir='ltr'><strong>συνιοῦσιν</strong></span> <span class='ocrx_word' id='word_1_512' title='bbox 1069 5503 1082 5515; x_wconf 93' lang='grc'><strong>·</strong></span> <span class='ocrx_word' id='word_1_513' title='bbox 1131 5486 1225 5540; x_wconf 83' lang='grc' dir='ltr'><strong>καὶ</strong></span> <span class='ocrx_word' id='word_1_514' title='bbox 1253 5484 1443 5558; x_wconf 80' lang='grc' dir='ltr'><strong>ὥσπερ</strong></span> <span class='ocrx_word' id='word_1_515' title='bbox 1481 5487 1571 5540; x_wconf 84' lang='grc' dir='ltr'><strong>τὸν</strong></span> <span class='ocrx_word' id='word_1_516' title='bbox 1601 5504 1703 5540; x_wconf 86' lang='grc' dir='ltr'><strong>πα-</strong></span> 
     </span>
    </p>
   </div>
   <div class='ocr_carea' id='block_1_69' title="bbox 1761 1632 3346 1703">
    <p class='ocr_par' dir='ltr' id='par_1_69' title="bbox 1761 1632 3346 1703">
     <span class='ocr_line' id='line_1_70' title="bbox 1761 1632 3346 1703; baseline -0.01 -8"><span class='ocrx_word' id='word_1_517' title='bbox 1761 1639 2028 1695; x_wconf 90' lang='lat' dir='ltr'><strong>exsistere</strong></span> <span class='ocrx_word' id='word_1_518' title='bbox 2059 1636 2296 1690; x_wconf 88' lang='lat' dir='ltr'><strong>animam</strong></span> <span class='ocrx_word' id='word_1_519' title='bbox 2326 1632 2631 1699; x_wconf 87' lang='lat' dir='ltr'><strong>hominum,</strong></span> <span class='ocrx_word' id='word_1_520' title='bbox 2684 1632 2968 1703; x_wconf 84' lang='lat' dir='ltr'><strong>ipsamque</strong></span> <span class='ocrx_word' id='word_1_521' title='bbox 2996 1642 3346 1684; x_wconf 86' lang='lat' dir='ltr'><strong>communem</strong></span> 
     </span>
    </p>
   </div>
   <div class='ocr_carea' id='block_1_70' title="bbox 1762 1719 3342 1797">
    <p class='ocr_par' dir='ltr' id='par_1_70' title="bbox 1762 1719 3342 1797">
     <span class='ocr_line' id='line_1_71' title="bbox 1762 1719 3342 1797; baseline -0.008 -12"><span class='ocrx_word' id='word_1_522' title='bbox 1762 1731 2152 1786; x_wconf 76' lang='lat' dir='ltr'><strong>elementorum</strong></span> <span class='ocrx_word' id='word_1_523' title='bbox 2179 1741 2566 1797; x_wconf 89' lang='lat' dir='ltr'><strong>corporeorum</strong></span> <span class='ocrx_word' id='word_1_524' title='bbox 2610 1723 2841 1795; x_wconf 80' lang='lat' dir='ltr'><strong>singulis</strong></span> <span class='ocrx_word' id='word_1_525' title='bbox 2881 1736 3023 1785; x_wconf 90' lang='lat' dir='ltr'><strong>esse,</strong></span> <span class='ocrx_word' id='word_1_526' title='bbox 3078 1719 3342 1776; x_wconf 81' lang='lat' dir='ltr'><strong>omnibus</strong></span> 
     </span>
    </p>
   </div>
   <div class='ocr_carea' id='block_1_71' title="bbox 1763 1814 3345 1882">
    <p class='ocr_par' dir='ltr' id='par_1_71' title="bbox 1763 1814 3345 1882">
     <span class='ocr_line' id='line_1_72' title="bbox 1763 1814 3345 1882; baseline -0.008 -7"><span class='ocrx_word' id='word_1_527' title='bbox 1763 1819 2077 1875; x_wconf 88' lang='lat' dir='ltr'><strong>hominibus</strong></span> <span class='ocrx_word' id='word_1_528' title='bbox 2098 1819 2152 1875; x_wconf 92' lang='lat' dir='ltr'><strong>in</strong></span> <span class='ocrx_word' id='word_1_529' title='bbox 2174 1817 2261 1873; x_wconf 90' lang='lat' dir='ltr'><strong>die</strong></span> <span class='ocrx_word' id='word_1_530' title='bbox 2280 1815 2577 1875; x_wconf 72' lang='lat' dir='ltr'><strong>nativitatis</strong></span> <span class='ocrx_word' id='word_1_531' title='bbox 2598 1814 2851 1880; x_wconf 90' lang='lat' dir='ltr'><strong>divisam,</strong></span> <span class='ocrx_word' id='word_1_532' title='bbox 2874 1820 3060 1882; x_wconf 81' lang='lat' dir='ltr'><strong>utpote</strong></span> <span class='ocrx_word' id='word_1_533' title='bbox 3098 1825 3221 1881; x_wconf 68' lang='lat' dir='ltr'><strong>qua:</strong></span> <span class='ocrx_word' id='word_1_534' title='bbox 3249 1824 3345 1880; x_wconf 82' lang='lat' dir='ltr'><strong>per</strong></span> 
     </span>
    </p>
   </div>
   <div class='ocr_carea' id='block_1_72' title="bbox 1765 1902 3346 1980">
    <p class='ocr_par' dir='ltr' id='par_1_72' title="bbox 1765 1902 3346 1980">
     <span class='ocr_line' id='line_1_73' title="bbox 1765 1902 3346 1980; baseline -0.008 -14"><span class='ocrx_word' id='word_1_535' title='bbox 1765 1928 1888 1967; x_wconf 90' lang='lat' dir='ltr'><strong>aera</strong></span> <span class='ocrx_word' id='word_1_536' title='bbox 1919 1910 2121 1980; x_wconf 90' lang='lat' dir='ltr'><strong>ubique</strong></span> <span class='ocrx_word' id='word_1_537' title='bbox 2153 1923 2319 1979; x_wconf 86' lang='lat' dir='ltr'><strong>supra</strong></span> <span class='ocrx_word' id='word_1_538' title='bbox 2348 1916 2511 1977; x_wconf 89' lang='lat' dir='ltr'><strong>caput</strong></span> <span class='ocrx_word' id='word_1_539' title='bbox 2545 1903 2739 1962; x_wconf 73' lang='lat' dir='ltr'><strong>diffusa</strong></span> <span class='ocrx_word' id='word_1_540' title='bbox 2794 1912 2850 1960; x_wconf 87' lang='lat' dir='ltr'><strong>et</strong></span> <span class='ocrx_word' id='word_1_541' title='bbox 2893 1902 3193 1975; x_wconf 87' lang='lat' dir='ltr'><strong>junctionis</strong></span> <span class='ocrx_word' id='word_1_542' title='bbox 3221 1914 3346 1955; x_wconf 87' lang='lat' dir='ltr'><strong>cum</strong></span> 
     </span>
    </p>
   </div>
   <div class='ocr_carea' id='block_1_73' title="bbox 1764 1992 3341 2075">
    <p class='ocr_par' dir='ltr' id='par_1_73' title="bbox 1764 1992 3341 2075">
     <span class='ocr_line' id='line_1_74' title="bbox 1764 1992 3341 2075; baseline -0.008 -16"><span class='ocrx_word' id='word_1_543' title='bbox 1764 2004 2090 2075; x_wconf 85' lang='lat' dir='ltr'><strong>corporibus</strong></span> <span class='ocrx_word' id='word_1_544' title='bbox 2128 2002 2306 2057; x_wconf 88' lang='lat' dir='ltr'><strong>avida.</strong></span> <span class='ocrx_word' id='word_1_545' title='bbox 2342 1999 2498 2067; x_wconf 84' lang='lat' dir='ltr'><strong>Quod</strong></span> <span class='ocrx_word' id='word_1_546' title='bbox 2525 2000 2573 2055; x_wconf 90' lang='lat' dir='ltr'><strong>si</strong></span> <span class='ocrx_word' id='word_1_547' title='bbox 2599 1998 2780 2063; x_wconf 82' lang='lat' dir='ltr'><strong>detur,</strong></span> <span class='ocrx_word' id='word_1_548' title='bbox 2819 2010 3035 2052; x_wconf 90' lang='lat' dir='ltr'><strong>omnem</strong></span> <span class='ocrx_word' id='word_1_549' title='bbox 3066 2009 3187 2051; x_wconf 83' lang='lat' dir='ltr'><strong>esse</strong></span> <span class='ocrx_word' id='word_1_550' title='bbox 3215 1992 3341 2047; x_wconf 85' lang='lat' dir='ltr'><strong>ani-</strong></span> 
     </span>
    </p>
   </div>
   <div class='ocr_carea' id='block_1_74' title="bbox 1766 2085 3348 2161">
    <p class='ocr_par' dir='ltr' id='par_1_74' title="bbox 1766 2085 3348 2161">
     <span class='ocr_line' id='line_1_75' title="bbox 1766 2085 3348 2161; baseline -0.006 -12"><span class='ocrx_word' id='word_1_551' title='bbox 1766 2110 1907 2150; x_wconf 89' lang='lat' dir='ltr'><strong>mam</strong></span> <span class='ocrx_word' id='word_1_552' title='bbox 1950 2109 2161 2149; x_wconf 90' lang='lat' dir='ltr'><strong>morum</strong></span> <span class='ocrx_word' id='word_1_553' title='bbox 2221 2092 2559 2155; x_wconf 84' lang='lat' dir='ltr'><strong>earumdem,</strong></span> <span class='ocrx_word' id='word_1_554' title='bbox 2612 2088 2839 2161; x_wconf 84' lang='lat' dir='ltr'><strong>proinde</strong></span> <span class='ocrx_word' id='word_1_555' title='bbox 2878 2102 2985 2143; x_wconf 91' lang='lat' dir='ltr'><strong>non</strong></span> <span class='ocrx_word' id='word_1_556' title='bbox 3032 2085 3174 2140; x_wconf 85' lang='lat' dir='ltr'><strong>hanc</strong></span> <span class='ocrx_word' id='word_1_557' title='bbox 3234 2098 3348 2139; x_wconf 84' lang='lat' dir='ltr'><strong>me-</strong></span> 
     </span>
    </p>
   </div>
   <div class='ocr_carea' id='block_1_75' title="bbox 1768 2175 3346 2256">
    <p class='ocr_par' dir='ltr' id='par_1_75' title="bbox 1768 2175 3346 2256">
     <span class='ocr_line' id='line_1_76' title="bbox 1768 2175 3346 2256; baseline -0.008 -14"><span class='ocrx_word' id='word_1_558' title='bbox 1768 2188 1979 2252; x_wconf 90' lang='lat' dir='ltr'><strong>liorem,</strong></span> <span class='ocrx_word' id='word_1_559' title='bbox 2015 2196 2068 2241; x_wconf 90' lang='lat' dir='ltr'><strong>et</strong></span> <span class='ocrx_word' id='word_1_560' title='bbox 2105 2186 2251 2240; x_wconf 82' lang='lat' dir='ltr'><strong>illam</strong></span> <span class='ocrx_word' id='word_1_561' title='bbox 2283 2184 2547 2256; x_wconf 85' lang='lat' dir='ltr'><strong>pejorem,</strong></span> <span class='ocrx_word' id='word_1_562' title='bbox 2577 2198 2678 2238; x_wconf 91' lang='lat' dir='ltr'><strong>nec</strong></span> <span class='ocrx_word' id='word_1_563' title='bbox 2734 2181 2876 2235; x_wconf 84' lang='lat' dir='ltr'><strong>hanc</strong></span> <span class='ocrx_word' id='word_1_564' title='bbox 2915 2186 3144 2244; x_wconf 78' lang='lat' dir='ltr'><strong>rectam,</strong></span> <span class='ocrx_word' id='word_1_565' title='bbox 3196 2175 3346 2229; x_wconf 86' lang='lat' dir='ltr'><strong>illam</strong></span> 
     </span>
    </p>
   </div>
   <div class='ocr_carea' id='block_1_76' title="bbox 1768 2265 3348 2346">
    <p class='ocr_par' dir='ltr' id='par_1_76' title="bbox 1768 2265 3348 2346">
     <span class='ocr_line' id='line_1_77' title="bbox 1768 2265 3348 2346; baseline -0.011 -13"><span class='ocrx_word' id='word_1_566' title='bbox 1768 2294 1895 2334; x_wconf 87' lang='lat' dir='ltr'><strong>vere</strong></span> <span class='ocrx_word' id='word_1_567' title='bbox 1920 2292 2189 2332; x_wconf 80' lang='lat' dir='ltr'><strong>morosatn</strong></span> <span class='ocrx_word' id='word_1_568' title='bbox 2214 2283 2267 2331; x_wconf 89' lang='lat' dir='ltr'><strong>et</strong></span> <span class='ocrx_word' id='word_1_569' title='bbox 2310 2288 2621 2346; x_wconf 84' lang='lat' dir='ltr'><strong>perversam</strong></span> <span class='ocrx_word' id='word_1_570' title='bbox 2645 2272 2698 2326; x_wconf 93' lang='lat' dir='ltr'><strong>in</strong></span> <span class='ocrx_word' id='word_1_571' title='bbox 2734 2268 2987 2325; x_wconf 79' lang='lat' dir='ltr'><strong>confesso</strong></span> <span class='ocrx_word' id='word_1_572' title='bbox 3024 2281 3164 2329; x_wconf 89' lang='lat' dir='ltr'><strong>esse,</strong></span> <span class='ocrx_word' id='word_1_573' title='bbox 3203 2265 3348 2320; x_wconf 85' lang='lat' dir='ltr'><strong>sicut</strong></span> 
     </span>
    </p>
   </div>
   <div class='ocr_carea' id='block_1_77' title="bbox 1769 2355 3355 2438">
    <p class='ocr_par' dir='ltr' id='par_1_77' title="bbox 1769 2355 3355 2438">
     <span class='ocr_line' id='line_1_78' title="bbox 1769 2355 3355 2438; baseline -0.01 -13"><span class='ocrx_word' id='word_1_574' title='bbox 1769 2370 1912 2427; x_wconf 90' lang='lat' dir='ltr'><strong>aeris</strong></span> <span class='ocrx_word' id='word_1_575' title='bbox 1941 2378 2137 2424; x_wconf 89' lang='lat' dir='ltr'><strong>natura</strong></span> <span class='ocrx_word' id='word_1_576' title='bbox 2162 2366 2228 2423; x_wconf 89' lang='lat' dir='ltr'><strong>ad</strong></span> <span class='ocrx_word' id='word_1_577' title='bbox 2259 2365 2611 2438; x_wconf 86' lang='lat' dir='ltr'><strong>aspirandum</strong></span> <span class='ocrx_word' id='word_1_578' title='bbox 2664 2374 2719 2419; x_wconf 90' lang='lat' dir='ltr'><strong>et</strong></span> <span class='ocrx_word' id='word_1_579' title='bbox 2753 2359 3136 2433; x_wconf 85' lang='lat' dir='ltr'><strong>respirandum</strong></span> <span class='ocrx_word' id='word_1_580' title='bbox 3175 2355 3355 2411; x_wconf 39' lang='lat' dir='ltr'><strong>omniv-</strong></span> 
     </span>
    </p>
   </div>
   <div class='ocr_carea' id='block_1_78' title="bbox 1770 2456 3354 2519">
    <p class='ocr_par' dir='ltr' id='par_1_78' title="bbox 1770 2456 3354 2519">
     <span class='ocr_line' id='line_1_79' title="bbox 1770 2456 3354 2519; baseline -0.011 -1"><span class='ocrx_word' id='word_1_581' title='bbox 1770 2463 1872 2518; x_wconf 90' lang='lat' dir='ltr'><strong>bus</strong></span> <span class='ocrx_word' id='word_1_582' title='bbox 1902 2462 2225 2517; x_wconf 89' lang='lat' dir='ltr'><strong>mortalibus</strong></span> <span class='ocrx_word' id='word_1_583' title='bbox 2256 2465 2475 2515; x_wconf 88' lang='lat' dir='ltr'><strong>constat</strong></span> <span class='ocrx_word' id='word_1_584' title='bbox 2526 2456 2738 2519; x_wconf 84' lang='lat' dir='ltr'><strong>eadem.</strong></span> <span class='ocrx_word' id='word_1_585' title='bbox 2786 2468 2979 2510; x_wconf 86' lang='lat' dir='ltr'><strong>omnes</strong></span> <span class='ocrx_word' id='word_1_586' title='bbox 3032 2458 3196 2507; x_wconf 86' lang='lat' dir='ltr'><strong>erunt</strong></span> <span class='ocrx_word' id='word_1_587' title='bbox 3234 2462 3354 2503; x_wconf 89' lang='lat' dir='ltr'><strong>om-</strong></span> 
     </span>
    </p>
   </div>
   <div class='ocr_carea' id='block_1_79' title="bbox 1768 2542 3347 2619">
    <p class='ocr_par' dir='ltr' id='par_1_79' title="bbox 1768 2542 3347 2619">
     <span class='ocr_line' id='line_1_80' title="bbox 1768 2542 3347 2619; baseline -0.011 -8"><span class='ocrx_word' id='word_1_588' title='bbox 1768 2556 1921 2611; x_wconf 89' lang='lat' dir='ltr'><strong>nium</strong></span> <span class='ocrx_word' id='word_1_589' title='bbox 1964 2564 2018 2610; x_wconf 90' lang='lat' dir='ltr'><strong>et</strong></span> <span class='ocrx_word' id='word_1_590' title='bbox 2064 2553 2245 2608; x_wconf 86' lang='lat' dir='ltr'><strong>adhuc</strong></span> <span class='ocrx_word' id='word_1_591' title='bbox 2266 2553 2526 2619; x_wconf 65' lang='lat' dir='ltr'><strong>&#39;gviventes</strong></span> <span class='ocrx_word' id='word_1_592' title='bbox 2548 2550 2602 2602; x_wconf 92' lang='lat' dir='ltr'><strong>in</strong></span> <span class='ocrx_word' id='word_1_593' title='bbox 2627 2561 2861 2618; x_wconf 88' lang='lat' dir='ltr'><strong>corpore</strong></span> <span class='ocrx_word' id='word_1_594' title='bbox 2892 2542 3347 2614; x_wconf 78' lang='lat' dir='ltr'><strong>etexspirantes;</strong></span> 
     </span>
    </p>
   </div>
   <div class='ocr_carea' id='block_1_80' title="bbox 1770 2634 3359 2710">
    <p class='ocr_par' dir='ltr' id='par_1_80' title="bbox 1770 2634 3359 2710">
     <span class='ocr_line' id='line_1_81' title="bbox 1770 2634 3359 2710; baseline -0.011 -7"><span class='ocrx_word' id='word_1_595' title='bbox 1770 2659 1863 2703; x_wconf 89' lang='lat' dir='ltr'><strong>aut</strong></span> <span class='ocrx_word' id='word_1_596' title='bbox 1890 2646 2214 2703; x_wconf 85' lang='lat' dir='ltr'><strong>decedentes</strong></span> <span class='ocrx_word' id='word_1_597' title='bbox 2244 2659 2436 2700; x_wconf 89' lang='lat' dir='ltr'><strong>omnes</strong></span> <span class='ocrx_word' id='word_1_598' title='bbox 2460 2643 2515 2698; x_wconf 92' lang='lat' dir='ltr'><strong>in</strong></span> <span class='ocrx_word' id='word_1_599' title='bbox 2546 2640 2802 2697; x_wconf 91' lang='lat' dir='ltr'><strong>omnibus</strong></span> <span class='ocrx_word' id='word_1_600' title='bbox 2828 2639 3015 2710; x_wconf 83' lang='lat' dir='ltr'><strong>jacere</strong></span> <span class='ocrx_word' id='word_1_601' title='bbox 3070 2634 3359 2691; x_wconf 86' lang='lat' dir='ltr'><strong>existima-</strong></span> 
     </span>
    </p>
   </div>
   <div class='ocr_carea' id='block_1_81' title="bbox 1772 2728 3361 2797">
    <p class='ocr_par' dir='ltr' id='par_1_81' title="bbox 1772 2728 3361 2797">
     <span class='ocr_line' id='line_1_82' title="bbox 1772 2728 3361 2797; baseline -0.011 0"><span class='ocrx_word' id='word_1_602' title='bbox 1772 2742 1977 2797; x_wconf 87' lang='lat' dir='ltr'><strong>buntnr</strong></span> <span class='ocrx_word' id='word_1_603' title='bbox 2002 2757 2068 2796; x_wconf 90' lang='lat' dir='ltr'><strong>ex</strong></span> <span class='ocrx_word' id='word_1_604' title='bbox 2084 2737 2353 2795; x_wconf 90' lang='lat' dir='ltr'><strong>sententia</strong></span> <span class='ocrx_word' id='word_1_605' title='bbox 2380 2735 2653 2792; x_wconf 88' lang='lat' dir='ltr'><strong>credentis</strong></span> <span class='ocrx_word' id='word_1_606' title='bbox 2681 2733 3062 2788; x_wconf 90' lang='lat' dir='ltr'><strong>universorum</strong></span> <span class='ocrx_word' id='word_1_607' title='bbox 3095 2728 3361 2785; x_wconf 74' lang='lat' dir='ltr'><strong>exsistere</strong></span> 
     </span>
    </p>
   </div>
   <div class='ocr_carea' id='block_1_82' title="bbox 1775 2821 3360 2897">
    <p class='ocr_par' dir='ltr' id='par_1_82' title="bbox 1775 2821 3360 2897">
     <span class='ocr_line' id='line_1_83' title="bbox 1775 2821 3360 2897; baseline -0.013 -5"><span class='ocrx_word' id='word_1_608' title='bbox 1775 2838 2013 2893; x_wconf 89' lang='lat' dir='ltr'><strong>animam</strong></span> <span class='ocrx_word' id='word_1_609' title='bbox 2049 2853 2062 2889; x_wconf 91' lang='lat'><strong>:</strong></span> <span class='ocrx_word' id='word_1_610' title='bbox 2100 2834 2312 2897; x_wconf 90' lang='lat' dir='ltr'><strong>eadem,</strong></span> <span class='ocrx_word' id='word_1_611' title='bbox 2335 2832 2430 2895; x_wconf 89' lang='lat' dir='ltr'><strong>ait,</strong></span> <span class='ocrx_word' id='word_1_612' title='bbox 2494 2838 2547 2886; x_wconf 91' lang='lat' dir='ltr'><strong>et</strong></span> <span class='ocrx_word' id='word_1_613' title='bbox 2594 2828 2738 2883; x_wconf 89' lang='lat' dir='ltr'><strong>aeris</strong></span> <span class='ocrx_word' id='word_1_614' title='bbox 2762 2825 2978 2882; x_wconf 77' lang='lat' dir='ltr'><strong>exsistit</strong></span> <span class='ocrx_word' id='word_1_615' title='bbox 3005 2821 3172 2877; x_wconf 80' lang='lat' dir='ltr'><strong>ﬂuxio</strong></span> <span class='ocrx_word' id='word_1_616' title='bbox 3211 2832 3360 2874; x_wconf 89' lang='lat' dir='ltr'><strong>nunc</strong></span> 
     </span>
    </p>
   </div>
   <div class='ocr_carea' id='block_1_83' title="bbox 1775 2913 3347 2993">
    <p class='ocr_par' dir='ltr' id='par_1_83' title="bbox 1775 2913 3347 2993">
     <span class='ocr_line' id='line_1_84' title="bbox 1775 2913 3347 2993; baseline -0.011 -7"><span class='ocrx_word' id='word_1_617' title='bbox 1775 2932 1830 2986; x_wconf 74' lang='lat' dir='ltr'><strong>in</strong></span> <span class='ocrx_word' id='word_1_618' title='bbox 1856 2931 1965 2993; x_wconf 76' lang='lat' dir='ltr'><strong>liis,</strong></span> <span class='ocrx_word' id='word_1_619' title='bbox 1996 2942 2142 2982; x_wconf 90' lang='lat' dir='ltr'><strong>nunc</strong></span> <span class='ocrx_word' id='word_1_620' title='bbox 2172 2926 2227 2980; x_wconf 92' lang='lat' dir='ltr'><strong>in</strong></span> <span class='ocrx_word' id='word_1_621' title='bbox 2262 2925 2383 2980; x_wconf 86' lang='lat' dir='ltr'><strong>istis</strong></span> <span class='ocrx_word' id='word_1_622' title='bbox 2408 2922 2604 2977; x_wconf 77' lang='lat' dir='ltr'><strong>diﬂ‘usa</strong></span> <span class='ocrx_word' id='word_1_623' title='bbox 2626 2921 2788 2976; x_wconf 90' lang='lat' dir='ltr'><strong>locis.</strong></span> <span class='ocrx_word' id='word_1_624' title='bbox 2813 2918 2872 2972; x_wconf 84' lang='lat' dir='ltr'><strong>Si</strong></span> <span class='ocrx_word' id='word_1_625' title='bbox 2895 2924 3077 2972; x_wconf 90' lang='lat' dir='ltr'><strong>autem</strong></span> <span class='ocrx_word' id='word_1_626' title='bbox 3107 2913 3347 2969; x_wconf 78' lang='lat' dir='ltr'><strong>dixeris:</strong></span> 
     </span>
    </p>
   </div>
   <div class='ocr_carea' id='block_1_84' title="bbox 1775 3003 3358 3078">
    <p class='ocr_par' dir='ltr' id='par_1_84' title="bbox 1775 3003 3358 3078">
     <span class='ocr_line' id='line_1_85' title="bbox 1775 3003 3358 3078; baseline -0.013 -1"><span class='ocrx_word' id='word_1_627' title='bbox 1775 3022 1892 3078; x_wconf 86' lang='lat' dir='ltr'><strong>Non</strong></span> <span class='ocrx_word' id='word_1_628' title='bbox 1923 3019 2249 3075; x_wconf 68' lang='lat' dir='ltr'><strong>diﬁunditur</strong></span> <span class='ocrx_word' id='word_1_629' title='bbox 2282 3016 2464 3070; x_wconf 87' lang='lat' dir='ltr'><strong>anima</strong></span> <span class='ocrx_word' id='word_1_630' title='bbox 2495 3013 2639 3069; x_wconf 90' lang='lat' dir='ltr'><strong>sicut</strong></span> <span class='ocrx_word' id='word_1_631' title='bbox 2670 3027 2784 3076; x_wconf 86' lang='lat' dir='ltr'><strong>aer,</strong></span> <span class='ocrx_word' id='word_1_632' title='bbox 2830 3010 2885 3063; x_wconf 91' lang='lat' dir='ltr'><strong>in</strong></span> <span class='ocrx_word' id='word_1_633' title='bbox 2940 3023 3051 3062; x_wconf 91' lang='lat' dir='ltr'><strong>uno</strong></span> <span class='ocrx_word' id='word_1_634' title='bbox 3079 3013 3133 3061; x_wconf 91' lang='lat' dir='ltr'><strong>et</strong></span> <span class='ocrx_word' id='word_1_635' title='bbox 3167 3003 3358 3060; x_wconf 88' lang='lat' dir='ltr'><strong>eodem</strong></span> 
     </span>
    </p>
   </div>
   <div class='ocr_carea' id='block_1_85' title="bbox 1776 3096 3352 3179">
    <p class='ocr_par' dir='ltr' id='par_1_85' title="bbox 1776 3096 3352 3179">
     <span class='ocr_line' id='line_1_86' title="bbox 1776 3096 3352 3179; baseline -0.015 -6"><span class='ocrx_word' id='word_1_636' title='bbox 1776 3118 1897 3172; x_wconf 91' lang='lat' dir='ltr'><strong>loco</strong></span> <span class='ocrx_word' id='word_1_637' title='bbox 1931 3118 2201 3179; x_wconf 88' lang='lat' dir='ltr'><strong>remanet,</strong></span> <span class='ocrx_word' id='word_1_638' title='bbox 2264 3117 2318 3164; x_wconf 89' lang='lat' dir='ltr'><strong>te</strong></span> <span class='ocrx_word' id='word_1_639' title='bbox 2352 3105 2701 3177; x_wconf 66' lang='lat' dir='ltr'><strong>interrogabo</strong></span> <span class='ocrx_word' id='word_1_640' title='bbox 2733 3104 2801 3158; x_wconf 85' lang='lat' dir='ltr'><strong>de</strong></span> <span class='ocrx_word' id='word_1_641' title='bbox 2840 3109 3037 3157; x_wconf 80' lang='lat' dir='ltr'><strong>caetero</strong></span> <span class='ocrx_word' id='word_1_642' title='bbox 3068 3118 3082 3153; x_wconf 86' lang='lat'><strong>:</strong></span> <span class='ocrx_word' id='word_1_643' title='bbox 3125 3096 3268 3164; x_wconf 87' lang='lat' dir='ltr'><strong>Quid</strong></span> <span class='ocrx_word' id='word_1_644' title='bbox 3305 3096 3352 3153; x_wconf 87' lang='lat' dir='ltr'><strong>si</strong></span> 
     </span>
    </p>
   </div>
   <div class='ocr_carea' id='block_1_86' title="bbox 1776 3188 3363 3281">
    <p class='ocr_par' dir='ltr' id='par_1_86' title="bbox 1776 3188 3363 3281">
     <span class='ocr_line' id='line_1_87' title="bbox 1776 3188 3363 3281; baseline -0.013 -16"><span class='ocrx_word' id='word_1_645' title='bbox 1776 3209 1920 3281; x_wconf 89' lang='lat' dir='ltr'><strong>apud</strong></span> <span class='ocrx_word' id='word_1_646' title='bbox 1952 3223 2012 3264; x_wconf 92' lang='lat' dir='ltr'><strong>se</strong></span> <span class='ocrx_word' id='word_1_647' title='bbox 2039 3207 2213 3277; x_wconf 90' lang='lat' dir='ltr'><strong>ipsam</strong></span> <span class='ocrx_word' id='word_1_648' title='bbox 2242 3216 2472 3258; x_wconf 90' lang='lat' dir='ltr'><strong>manens</strong></span> <span class='ocrx_word' id='word_1_649' title='bbox 2501 3197 2745 3271; x_wconf 84' lang='lat' dir='ltr'><strong>perstat?</strong></span> <span class='ocrx_word' id='word_1_650' title='bbox 2778 3194 2919 3262; x_wconf 85' lang='lat' dir='ltr'><strong>Quid</strong></span> <span class='ocrx_word' id='word_1_651' title='bbox 2964 3208 2997 3249; x_wconf 88' lang='lat' dir='ltr'><strong>e</strong></span> <span class='ocrx_word' id='word_1_652' title='bbox 3047 3201 3241 3247; x_wconf 88' lang='lat' dir='ltr'><strong>contra</strong></span> <span class='ocrx_word' id='word_1_653' title='bbox 3295 3188 3363 3244; x_wconf 78' lang='lat' dir='ltr'><strong>de</strong></span> 
     </span>
    </p>
   </div>
   <div class='ocr_carea' id='block_1_87' title="bbox 1778 3282 3367 3372">
    <p class='ocr_par' dir='ltr' id='par_1_87' title="bbox 1778 3282 3367 3372">
     <span class='ocr_line' id='line_1_88' title="bbox 1778 3282 3367 3372; baseline -0.016 -14"><span class='ocrx_word' id='word_1_654' title='bbox 1778 3310 2047 3372; x_wconf 88' lang='lat' dir='ltr'><strong>concepto</strong></span> <span class='ocrx_word' id='word_1_655' title='bbox 2076 3296 2341 3353; x_wconf 82' lang='lat' dir='ltr'><strong>maternis</strong></span> <span class='ocrx_word' id='word_1_656' title='bbox 2371 3294 2425 3349; x_wconf 94' lang='lat' dir='ltr'><strong>in</strong></span> <span class='ocrx_word' id='word_1_657' title='bbox 2444 3290 2776 3354; x_wconf 85' lang='lat' dir='ltr'><strong>visceribus,</strong></span> <span class='ocrx_word' id='word_1_658' title='bbox 2800 3286 2933 3357; x_wconf 90' lang='lat' dir='ltr'><strong>quid</strong></span> <span class='ocrx_word' id='word_1_659' title='bbox 2963 3285 3030 3340; x_wconf 94' lang='lat' dir='ltr'><strong>de</strong></span> <span class='ocrx_word' id='word_1_660' title='bbox 3055 3282 3367 3355; x_wconf 63' lang='lat' dir='ltr'><strong>praegnata?</strong></span> 
     </span>
    </p>
   </div>
   <div class='ocr_carea' id='block_1_88' title="bbox 1785 3372 3364 3456">
    <p class='ocr_par' dir='ltr' id='par_1_88' title="bbox 1785 3372 3364 3456">
     <span class='ocr_line' id='line_1_89' title="bbox 1785 3372 3364 3456; baseline -0.015 -7"><span class='ocrx_word' id='word_1_661' title='bbox 1785 3392 1844 3449; x_wconf 90' lang='lat' dir='ltr'><strong>Si</strong></span> <span class='ocrx_word' id='word_1_662' title='bbox 1887 3407 1977 3447; x_wconf 90' lang='lat' dir='ltr'><strong>me</strong></span> <span class='ocrx_word' id='word_1_663' title='bbox 2010 3389 2246 3446; x_wconf 84' lang='lat' dir='ltr'><strong>solutam</strong></span> <span class='ocrx_word' id='word_1_664' title='bbox 2282 3398 2515 3456; x_wconf 88' lang='lat' dir='ltr'><strong>corpore</strong></span> <span class='ocrx_word' id='word_1_665' title='bbox 2554 3389 2610 3438; x_wconf 89' lang='lat' dir='ltr'><strong>et</strong></span> <span class='ocrx_word' id='word_1_666' title='bbox 2662 3380 2913 3442; x_wconf 81' lang='lat' dir='ltr'><strong>libet-am,</strong></span> <span class='ocrx_word' id='word_1_667' title='bbox 2956 3376 3141 3431; x_wconf 88' lang='lat' dir='ltr'><strong>dicere</strong></span> <span class='ocrx_word' id='word_1_668' title='bbox 3161 3372 3364 3443; x_wconf 91' lang='lat' dir='ltr'><strong>poterit</strong></span> 
     </span>
    </p>
   </div>
   <div class='ocr_carea' id='block_1_89' title="bbox 1784 3466 3368 3546">
    <p class='ocr_par' dir='ltr' id='par_1_89' title="bbox 1784 3466 3368 3546">
     <span class='ocr_line' id='line_1_90' title="bbox 1784 3466 3368 3546; baseline -0.015 -6"><span class='ocrx_word' id='word_1_669' title='bbox 1784 3484 1988 3546; x_wconf 87' lang='lat' dir='ltr'><strong>anima,</strong></span> <span class='ocrx_word' id='word_1_670' title='bbox 2018 3487 2196 3535; x_wconf 89' lang='lat' dir='ltr'><strong>mater</strong></span> <span class='ocrx_word' id='word_1_671' title='bbox 2218 3474 2472 3532; x_wconf 87' lang='lat' dir='ltr'><strong>dividens</strong></span> <span class='ocrx_word' id='word_1_672' title='bbox 2500 3472 2730 3546; x_wconf 88' lang='lat' dir='ltr'><strong>projecit</strong></span> <span class='ocrx_word' id='word_1_673' title='bbox 2760 3478 2854 3525; x_wconf 89' lang='lat' dir='ltr'><strong>aut</strong></span> <span class='ocrx_word' id='word_1_674' title='bbox 2885 3466 3154 3538; x_wconf 85' lang='lat' dir='ltr'><strong>projicere</strong></span> <span class='ocrx_word' id='word_1_675' title='bbox 3175 3469 3368 3520; x_wconf 81' lang='lat' dir='ltr'><strong>coacta</strong></span> 
     </span>
    </p>
   </div>
   <div class='ocr_carea' id='block_1_90' title="bbox 1784 3552 3364 3643">
    <p class='ocr_par' dir='ltr' id='par_1_90' title="bbox 1784 3552 3364 3643">
     <span class='ocr_line' id='line_1_91' title="bbox 1784 3552 3364 3643; baseline -0.016 -12"><span class='ocrx_word' id='word_1_676' title='bbox 1784 3580 1888 3635; x_wconf 85' lang='lat' dir='ltr'><strong>est,</strong></span> <span class='ocrx_word' id='word_1_677' title='bbox 1910 3571 2043 3643; x_wconf 88' lang='lat' dir='ltr'><strong>quid</strong></span> <span class='ocrx_word' id='word_1_678' title='bbox 2077 3567 2306 3625; x_wconf 86' lang='lat' dir='ltr'><strong>retinnit</strong></span> <span class='ocrx_word' id='word_1_679' title='bbox 2351 3566 2406 3621; x_wconf 90' lang='lat' dir='ltr'><strong>in</strong></span> <span class='ocrx_word' id='word_1_680' title='bbox 2440 3579 2501 3620; x_wconf 89' lang='lat' dir='ltr'><strong>se</strong></span> <span class='ocrx_word' id='word_1_681' title='bbox 2533 3577 2784 3625; x_wconf 88' lang='lat' dir='ltr'><strong>manens,</strong></span> <span class='ocrx_word' id='word_1_682' title='bbox 2814 3558 2944 3629; x_wconf 90' lang='lat' dir='ltr'><strong>quid</strong></span> <span class='ocrx_word' id='word_1_683' title='bbox 2982 3572 3110 3612; x_wconf 91' lang='lat' dir='ltr'><strong>vero</strong></span> <span class='ocrx_word' id='word_1_684' title='bbox 3142 3552 3286 3624; x_wconf 88' lang='lat' dir='ltr'><strong>quod</strong></span> <span class='ocrx_word' id='word_1_685' title='bbox 3309 3552 3364 3607; x_wconf 86' lang='lat' dir='ltr'><strong>in</strong></span> 
     </span>
    </p>
   </div>
   <div class='ocr_carea' id='block_1_91' title="bbox 1786 3649 3369 3733">
    <p class='ocr_par' dir='ltr' id='par_1_91' title="bbox 1786 3649 3369 3733">
     <span class='ocr_line' id='line_1_92' title="bbox 1786 3649 3369 3733; baseline -0.016 -12"><span class='ocrx_word' id='word_1_686' title='bbox 1786 3666 1911 3722; x_wconf 86' lang='lat' dir='ltr'><strong>sinu</strong></span> <span class='ocrx_word' id='word_1_687' title='bbox 1941 3662 2061 3733; x_wconf 88' lang='lat' dir='ltr'><strong>ejus</strong></span> <span class='ocrx_word' id='word_1_688' title='bbox 2087 3661 2278 3714; x_wconf 87' lang='lat' dir='ltr'><strong>vivens</strong></span> <span class='ocrx_word' id='word_1_689' title='bbox 2303 3666 2467 3726; x_wconf 92' lang='lat' dir='ltr'><strong>atque</strong></span> <span class='ocrx_word' id='word_1_690' title='bbox 2494 3655 2551 3709; x_wconf 88' lang='lat' dir='ltr'><strong>in</strong></span> <span class='ocrx_word' id='word_1_691' title='bbox 2571 3654 2885 3709; x_wconf 84' lang='lat' dir='ltr'><strong>dolorosam</strong></span> <span class='ocrx_word' id='word_1_692' title='bbox 2915 3649 3079 3703; x_wconf 91' lang='lat' dir='ltr'><strong>vitam</strong></span> <span class='ocrx_word' id='word_1_693' title='bbox 3100 3654 3155 3701; x_wconf 91' lang='lat' dir='ltr'><strong>et</strong></span> <span class='ocrx_word' id='word_1_694' title='bbox 3173 3658 3369 3699; x_wconf 69' lang='lat' dir='ltr'><strong>aerum-</strong></span> 
     </span>
    </p>
   </div>
   <div class='ocr_carea' id='block_1_92' title="bbox 1786 3746 3373 3821">
    <p class='ocr_par' dir='ltr' id='par_1_92' title="bbox 1786 3746 3373 3821">
     <span class='ocr_line' id='line_1_93' title="bbox 1786 3746 3373 3821; baseline -0.015 -8"><span class='ocrx_word' id='word_1_695' title='bbox 1786 3771 1978 3812; x_wconf 90' lang='lat' dir='ltr'><strong>nosam</strong></span> <span class='ocrx_word' id='word_1_696' title='bbox 2010 3751 2314 3808; x_wconf 78' lang='lat' dir='ltr'><strong>accedens?</strong></span> <span class='ocrx_word' id='word_1_697' title='bbox 2352 3748 2751 3821; x_wconf 86' lang='lat' dir='ltr'><strong>Supponasque</strong></span> <span class='ocrx_word' id='word_1_698' title='bbox 2780 3746 2953 3815; x_wconf 83' lang='lat' dir='ltr'><strong>ipsam</strong></span> <span class='ocrx_word' id='word_1_699' title='bbox 2982 3748 3038 3797; x_wconf 87' lang='lat' dir='ltr'><strong>et</strong></span> <span class='ocrx_word' id='word_1_700' title='bbox 3067 3750 3373 3795; x_wconf 66' lang='lat' dir='ltr'><strong>numerosa</strong></span> 
     </span>
    </p>
   </div>
   <div class='ocr_carea' id='block_1_93' title="bbox 1787 3828 3369 3918">
    <p class='ocr_par' dir='ltr' id='par_1_93' title="bbox 1787 3828 3369 3918">
     <span class='ocr_line' id='line_1_94' title="bbox 1787 3828 3369 3918; baseline -0.015 -14"><span class='ocrx_word' id='word_1_701' title='bbox 1787 3858 2020 3904; x_wconf 77' lang='lat' dir='ltr'><strong>matrem</strong></span> <span class='ocrx_word' id='word_1_702' title='bbox 2064 3845 2255 3918; x_wconf 87' lang='lat' dir='ltr'><strong>prolis,</strong></span> <span class='ocrx_word' id='word_1_703' title='bbox 2321 3857 2422 3915; x_wconf 88' lang='lat' dir='ltr'><strong>pro</strong></span> <span class='ocrx_word' id='word_1_704' title='bbox 2470 3841 2677 3895; x_wconf 83' lang='lat' dir='ltr'><strong>honore</strong></span> <span class='ocrx_word' id='word_1_705' title='bbox 2726 3832 3081 3907; x_wconf 75' lang='lat' dir='ltr'><strong>ignominiam</strong></span> <span class='ocrx_word' id='word_1_706' title='bbox 3134 3828 3369 3893; x_wconf 81' lang='lat' dir='ltr'><strong>dedisti,</strong></span> 
     </span>
    </p>
   </div>
   <div class='ocr_carea' id='block_1_94' title="bbox 1789 3922 3376 4014">
    <p class='ocr_par' dir='ltr' id='par_1_94' title="bbox 1789 3922 3376 4014">
     <span class='ocr_line' id='line_1_95' title="bbox 1789 3922 3376 4014; baseline -0.013 -17"><span class='ocrx_word' id='word_1_707' title='bbox 1789 3941 1885 4014; x_wconf 92' lang='lat' dir='ltr'><strong>qui</strong></span> <span class='ocrx_word' id='word_1_708' title='bbox 1913 3941 2207 3995; x_wconf 89' lang='lat' dir='ltr'><strong>multarum</strong></span> <span class='ocrx_word' id='word_1_709' title='bbox 2237 3939 2542 3993; x_wconf 88' lang='lat' dir='ltr'><strong>animarum</strong></span> <span class='ocrx_word' id='word_1_710' title='bbox 2572 3933 2837 3988; x_wconf 82' lang='lat' dir='ltr'><strong>aerumnis</strong></span> <span class='ocrx_word' id='word_1_711' title='bbox 2881 3930 3006 3987; x_wconf 71' lang='lat' dir='ltr'><strong>vitae</strong></span> <span class='ocrx_word' id='word_1_712' title='bbox 3043 3935 3097 3983; x_wconf 87' lang='lat' dir='ltr'><strong>et</strong></span> <span class='ocrx_word' id='word_1_713' title='bbox 3132 3922 3376 3981; x_wconf 82' lang='lat' dir='ltr'><strong>miseriis</strong></span> 
     </span>
    </p>
   </div>
   <div class='ocr_carea' id='block_1_95' title="bbox 1791 4017 3375 4109">
    <p class='ocr_par' dir='ltr' id='par_1_95' title="bbox 1791 4017 3375 4109">
     <span class='ocr_line' id='line_1_96' title="bbox 1791 4017 3375 4109; baseline -0.015 -16"><span class='ocrx_word' id='word_1_714' title='bbox 1791 4048 2180 4109; x_wconf 84' lang='lat' dir='ltr'><strong>oppressarum</strong></span> <span class='ocrx_word' id='word_1_715' title='bbox 2216 4040 2272 4089; x_wconf 91' lang='lat' dir='ltr'><strong>et</strong></span> <span class='ocrx_word' id='word_1_716' title='bbox 2304 4037 2574 4085; x_wconf 77' lang='lat' dir='ltr'><strong>tactarum</strong></span> <span class='ocrx_word' id='word_1_717' title='bbox 2634 4039 2858 4081; x_wconf 88' lang='lat' dir='ltr'><strong>causam</strong></span> <span class='ocrx_word' id='word_1_718' title='bbox 2918 4023 3066 4078; x_wconf 87' lang='lat' dir='ltr'><strong>illam</strong></span> <span class='ocrx_word' id='word_1_719' title='bbox 3102 4017 3375 4077; x_wconf 86' lang='lat' dir='ltr'><strong>ostendis.</strong></span> 
     </span>
    </p>
   </div>
   <div class='ocr_carea' id='block_1_96' title="bbox 1793 4152 3380 4230">
    <p class='ocr_par' dir='ltr' id='par_1_96' title="bbox 1793 4152 3380 4230">
     <span class='ocr_line' id='line_1_97' title="bbox 1793 4152 3380 4230; baseline -0.016 0"><span class='ocrx_word' id='word_1_720' title='bbox 1793 4173 1866 4230; x_wconf 71' lang='grc'><strong>’52</strong></span> <span class='ocrx_word' id='word_1_721' title='bbox 1904 4172 2053 4229; x_wconf 83' lang='lat' dir='ltr'><strong>Vana</strong></span> <span class='ocrx_word' id='word_1_722' title='bbox 2106 4167 2363 4224; x_wconf 82' lang='lat' dir='ltr'><strong>librorum</strong></span> <span class='ocrx_word' id='word_1_723' title='bbox 2424 4163 2655 4218; x_wconf 77' lang='lat' dir='ltr'><strong>ludibria</strong></span> <span class='ocrx_word' id='word_1_724' title='bbox 2712 4176 2775 4214; x_wconf 86' lang='lat' dir='ltr'><strong>ac</strong></span> <span class='ocrx_word' id='word_1_725' title='bbox 2835 4157 3122 4230; x_wconf 68' lang='lat' dir='ltr'><strong>hominum</strong></span> <span class='ocrx_word' id='word_1_726' title='bbox 3166 4152 3380 4208; x_wconf 72' lang='lat' dir='ltr'><strong>minime</strong></span> 
     </span>
    </p>
   </div>
   <div class='ocr_carea' id='block_1_97' title="bbox 2491 4226 3312 4306">
    <p class='ocr_par' dir='ltr' id='par_1_97' title="bbox 2491 4226 3312 4306">
     <span class='ocr_line' id='line_1_98' title="bbox 2491 4226 3312 4306; baseline -0.012 -20"><span class='ocrx_word' id='word_1_727' title='bbox 2491 4232 2832 4306; x_wconf 67' lang='lat' dir='ltr'><strong>[sapientium</strong></span> <span class='ocrx_word' id='word_1_728' title='bbox 2856 4234 2934 4283; x_wconf 79' lang='lat' dir='ltr'><strong>est</strong></span> <span class='ocrx_word' id='word_1_729' title='bbox 2979 4226 3177 4296; x_wconf 75' lang='lat' dir='ltr'><strong>opinio,</strong></span> <span class='ocrx_word' id='word_1_730' title='bbox 3205 4234 3312 4279; x_wconf 88' lang='lat' dir='ltr'><strong>etc.</strong></span> 
     </span>
    </p>
   </div>
   <div class='ocr_carea' id='block_1_98' title="bbox 1867 4356 3383 4451">
    <p class='ocr_par' dir='ltr' id='par_1_98' title="bbox 1867 4356 3383 4451">
     <span class='ocr_line' id='line_1_99' title="bbox 1867 4356 3383 4451; baseline -0.022 -9"><span class='ocrx_word' id='word_1_731' title='bbox 1867 4384 1995 4449; x_wconf 87' lang='lat' dir='ltr'><strong>Iste,</strong></span> <span class='ocrx_word' id='word_1_732' title='bbox 2058 4382 2257 4451; x_wconf 80' lang='lat' dir='ltr'><strong>inquit,</strong></span> <span class='ocrx_word' id='word_1_733' title='bbox 2323 4388 2489 4430; x_wconf 86' lang='lat' dir='ltr'><strong>unam</strong></span> <span class='ocrx_word' id='word_1_734' title='bbox 2542 4364 2818 4425; x_wconf 85' lang='lat' dir='ltr'><strong>universis</strong></span> <span class='ocrx_word' id='word_1_735' title='bbox 2871 4360 3191 4420; x_wconf 62' lang='lat' dir='ltr'><strong>honﬁnibus</strong></span> <span class='ocrx_word' id='word_1_736' title='bbox 3228 4356 3383 4413; x_wconf 82' lang='lat' dir='ltr'><strong>attri—</strong></span> 
     </span>
    </p>
   </div>
   <div class='ocr_carea' id='block_1_99' title="bbox 1794 4448 3386 4539">
    <p class='ocr_par' dir='ltr' id='par_1_99' title="bbox 1794 4448 3386 4539">
     <span class='ocr_line' id='line_1_100' title="bbox 1794 4448 3386 4539; baseline -0.019 -7"><span class='ocrx_word' id='word_1_737' title='bbox 1794 4448 1992 4539; x_wconf 78' lang='lat' dir='ltr'><strong>bucns,</strong></span> <span class='ocrx_word' id='word_1_738' title='bbox 2061 4448 2364 4526; x_wconf 30' lang='lat' dir='ltr'><strong>ut&#39;dictum</strong></span> <span class='ocrx_word' id='word_1_739' title='bbox 2391 4470 2496 4525; x_wconf 86' lang='lat' dir='ltr'><strong>est,</strong></span> <span class='ocrx_word' id='word_1_740' title='bbox 2524 4460 2756 4516; x_wconf 84' lang='lat' dir='ltr'><strong>divisam</strong></span> <span class='ocrx_word' id='word_1_741' title='bbox 2787 4454 3051 4517; x_wconf 88' lang='lat' dir='ltr'><strong>animam,</strong></span> <span class='ocrx_word' id='word_1_742' title='bbox 3087 4464 3270 4508; x_wconf 87' lang='lat' dir='ltr'><strong>sermo</strong></span> <span class='ocrx_word' id='word_1_743' title='bbox 3298 4448 3386 4502; x_wconf 83' lang='lat' dir='ltr'><strong>in—</strong></span> 
     </span>
    </p>
   </div>
   <div class='ocr_carea' id='block_1_100' title="bbox 1800 4541 3384 4633">
    <p class='ocr_par' dir='ltr' id='par_1_100' title="bbox 1800 4541 3384 4633">
     <span class='ocr_line' id='line_1_101' title="bbox 1800 4541 3384 4633; baseline -0.02 -10"><span class='ocrx_word' id='word_1_744' title='bbox 1800 4567 1953 4624; x_wconf 87' lang='lat' dir='ltr'><strong>sania</strong></span> <span class='ocrx_word' id='word_1_745' title='bbox 2004 4574 2168 4633; x_wconf 91' lang='lat' dir='ltr'><strong>atque</strong></span> <span class='ocrx_word' id='word_1_746' title='bbox 2206 4558 2411 4630; x_wconf 89' lang='lat' dir='ltr'><strong>ineptia</strong></span> <span class='ocrx_word' id='word_1_747' title='bbox 2430 4552 2768 4611; x_wconf 85' lang='lat' dir='ltr'><strong>redundans.</strong></span> <span class='ocrx_word' id='word_1_748' title='bbox 2797 4546 2965 4603; x_wconf 74' lang='lat' dir='ltr'><strong>Vanis</strong></span> <span class='ocrx_word' id='word_1_749' title='bbox 3013 4552 3068 4600; x_wconf 88' lang='lat' dir='ltr'><strong>et</strong></span> <span class='ocrx_word' id='word_1_750' title='bbox 3116 4541 3284 4597; x_wconf 74' lang='lat' dir='ltr'><strong>fatuis</strong></span> <span class='ocrx_word' id='word_1_751' title='bbox 3331 4546 3384 4594; x_wconf 88' lang='lat' dir='ltr'><strong>et</strong></span> 
     </span>
    </p>
   </div>
   <div class='ocr_carea' id='block_1_101' title="bbox 1801 4638 3381 4731">
    <p class='ocr_par' dir='ltr' id='par_1_101' title="bbox 1801 4638 3381 4731">
     <span class='ocr_line' id='line_1_102' title="bbox 1801 4638 3381 4731; baseline -0.019 -17"><span class='ocrx_word' id='word_1_752' title='bbox 1801 4657 2106 4731; x_wconf 88' lang='lat' dir='ltr'><strong>puerilibus</strong></span> <span class='ocrx_word' id='word_1_753' title='bbox 2161 4647 2479 4722; x_wconf 87' lang='lat' dir='ltr'><strong>crepundiis</strong></span> <span class='ocrx_word' id='word_1_754' title='bbox 2505 4645 2678 4701; x_wconf 86' lang='lat' dir='ltr'><strong>libros</strong></span> <span class='ocrx_word' id='word_1_755' title='bbox 2741 4644 3187 4712; x_wconf 84' lang='lat' dir='ltr'><strong>composuerunt,</strong></span> <span class='ocrx_word' id='word_1_756' title='bbox 3219 4638 3381 4704; x_wconf 87' lang='lat' dir='ltr'><strong>quot-</strong></span> 
     </span>
    </p>
   </div>
   <div class='ocr_carea' id='block_1_102' title="bbox 1792 4723 3386 4822">
    <p class='ocr_par' dir='ltr' id='par_1_102' title="bbox 1792 4723 3386 4822">
     <span class='ocr_line' id='line_1_103' title="bbox 1792 4723 3386 4822; baseline -0.019 -17"><span class='ocrx_word' id='word_1_757' title='bbox 1792 4758 1925 4822; x_wconf 91' lang='lat' dir='ltr'><strong>quot</strong></span> <span class='ocrx_word' id='word_1_758' title='bbox 1948 4746 2115 4802; x_wconf 88' lang='lat' dir='ltr'><strong>tnulta</strong></span> <span class='ocrx_word' id='word_1_759' title='bbox 2142 4757 2375 4814; x_wconf 91' lang='lat' dir='ltr'><strong>corpora</strong></span> <span class='ocrx_word' id='word_1_760' title='bbox 2409 4754 2506 4810; x_wconf 89' lang='lat' dir='ltr'><strong>per</strong></span> <span class='ocrx_word' id='word_1_761' title='bbox 2533 4744 2783 4793; x_wconf 84' lang='lat' dir='ltr'><strong>veterum</strong></span> <span class='ocrx_word' id='word_1_762' title='bbox 2812 4732 2959 4788; x_wconf 85' lang='lat' dir='ltr'><strong>vitas</strong></span> <span class='ocrx_word' id='word_1_763' title='bbox 2990 4728 3258 4788; x_wconf 86' lang='lat' dir='ltr'><strong>virorum,</strong></span> <span class='ocrx_word' id='word_1_764' title='bbox 3290 4723 3386 4779; x_wconf 82' lang='lat' dir='ltr'><strong>bo-</strong></span> 
     </span>
    </p>
   </div>
   <div class='ocr_carea' id='block_1_103' title="bbox 1796 4818 3386 4899">
    <p class='ocr_par' dir='ltr' id='par_1_103' title="bbox 1796 4818 3386 4899">
     <span class='ocr_line' id='line_1_104' title="bbox 1796 4818 3386 4899; baseline -0.018 0"><span class='ocrx_word' id='word_1_765' title='bbox 1796 4857 1992 4899; x_wconf 90' lang='lat' dir='ltr'><strong>norum</strong></span> <span class='ocrx_word' id='word_1_766' title='bbox 2023 4848 2077 4895; x_wconf 81' lang='lat' dir='ltr'><strong>et</strong></span> <span class='ocrx_word' id='word_1_767' title='bbox 2118 4837 2411 4897; x_wconf 89' lang='lat' dir='ltr'><strong>malorum,</strong></span> <span class='ocrx_word' id='word_1_768' title='bbox 2462 4831 2577 4888; x_wconf 90' lang='lat' dir='ltr'><strong>sive</strong></span> <span class='ocrx_word' id='word_1_769' title='bbox 2610 4829 2681 4884; x_wconf 90' lang='lat' dir='ltr'><strong>ob</strong></span> <span class='ocrx_word' id='word_1_770' title='bbox 2725 4824 2946 4881; x_wconf 80' lang='lat' dir='ltr'><strong>virtutis</strong></span> <span class='ocrx_word' id='word_1_771' title='bbox 2987 4818 3386 4875; x_wconf 83' lang='lat' dir='ltr'><strong>remuneratio-</strong></span> 
     </span>
    </p>
   </div>
   <div class='ocr_carea' id='block_1_104' title="bbox 1796 4908 3388 4998">
    <p class='ocr_par' dir='ltr' id='par_1_104' title="bbox 1796 4908 3388 4998">
     <span class='ocr_line' id='line_1_105' title="bbox 1796 4908 3388 4998; baseline -0.016 -11"><span class='ocrx_word' id='word_1_772' title='bbox 1796 4914 1918 4998; x_wconf 82' lang='lat' dir='ltr'><strong>ncs,</strong></span> <span class='ocrx_word' id='word_1_773' title='bbox 1953 4928 2069 4983; x_wconf 85' lang='lat' dir='ltr'><strong>sive</strong></span> <span class='ocrx_word' id='word_1_774' title='bbox 2107 4926 2178 4980; x_wconf 89' lang='lat' dir='ltr'><strong>ob</strong></span> <span class='ocrx_word' id='word_1_775' title='bbox 2212 4923 2421 4996; x_wconf 88' lang='lat' dir='ltr'><strong>peccati</strong></span> <span class='ocrx_word' id='word_1_776' title='bbox 2455 4934 2667 4991; x_wconf 81' lang='lat' dir='ltr'><strong>poenas,</strong></span> <span class='ocrx_word' id='word_1_777' title='bbox 2698 4931 2864 4971; x_wconf 89' lang='lat' dir='ltr'><strong>unam</strong></span> <span class='ocrx_word' id='word_1_778' title='bbox 2893 4921 2948 4969; x_wconf 86' lang='lat' dir='ltr'><strong>et</strong></span> <span class='ocrx_word' id='word_1_779' title='bbox 2980 4908 3227 4967; x_wconf 86' lang='lat' dir='ltr'><strong>eamdem</strong></span> <span class='ocrx_word' id='word_1_780' title='bbox 3260 4922 3388 4963; x_wconf 81' lang='lat' dir='ltr'><strong>suc-</strong></span> 
     </span>
    </p>
   </div>
   <div class='ocr_carea' id='block_1_105' title="bbox 1799 4998 3384 5085">
    <p class='ocr_par' dir='ltr' id='par_1_105' title="bbox 1799 4998 3384 5085">
     <span class='ocr_line' id='line_1_106' title="bbox 1799 4998 3384 5085; baseline -0.017 -6"><span class='ocrx_word' id='word_1_781' title='bbox 1799 5022 2011 5079; x_wconf 55' lang='lat' dir='ltr'><strong>cessive</strong></span> <span class='ocrx_word' id='word_1_782' title='bbox 2025 5019 2275 5074; x_wconf 86' lang='lat' dir='ltr'><strong>habitare</strong></span> <span class='ocrx_word' id='word_1_783' title='bbox 2303 5013 2509 5085; x_wconf 90' lang='lat' dir='ltr'><strong>opinati</strong></span> <span class='ocrx_word' id='word_1_784' title='bbox 2534 5017 2663 5068; x_wconf 91' lang='lat' dir='ltr'><strong>sunt</strong></span> <span class='ocrx_word' id='word_1_785' title='bbox 2684 5008 2945 5063; x_wconf 87' lang='lat' dir='ltr'><strong>animam.</strong></span> <span class='ocrx_word' id='word_1_786' title='bbox 2977 5000 3225 5073; x_wconf 86' lang='lat' dir='ltr'><strong>Namque</strong></span> <span class='ocrx_word' id='word_1_787' title='bbox 3241 4998 3384 5055; x_wconf 90' lang='lat' dir='ltr'><strong>sicut</strong></span> 
     </span>
    </p>
   </div>
   <div class='ocr_carea' id='block_1_106' title="bbox 1800 5093 3382 5185">
    <p class='ocr_par' dir='ltr' id='par_1_106' title="bbox 1800 5093 3382 5185">
     <span class='ocr_line' id='line_1_107' title="bbox 1800 5093 3382 5185; baseline -0.015 -17"><span class='ocrx_word' id='word_1_788' title='bbox 1800 5114 1894 5185; x_wconf 82' lang='lat' dir='ltr'><strong>qui</strong></span> <span class='ocrx_word' id='word_1_789' title='bbox 1937 5112 2115 5165; x_wconf 91' lang='lat' dir='ltr'><strong>virum</strong></span> <span class='ocrx_word' id='word_1_790' title='bbox 2150 5105 2451 5180; x_wconf 86' lang='lat' dir='ltr'><strong>quemdam</strong></span> <span class='ocrx_word' id='word_1_791' title='bbox 2493 5102 2740 5159; x_wconf 81' lang='lat' dir='ltr'><strong>vestibus</strong></span> <span class='ocrx_word' id='word_1_792' title='bbox 2777 5096 3058 5169; x_wconf 78' lang='lat' dir='ltr'><strong>aperirent</strong></span> <span class='ocrx_word' id='word_1_793' title='bbox 3099 5101 3153 5149; x_wconf 91' lang='lat' dir='ltr'><strong>et</strong></span> <span class='ocrx_word' id='word_1_794' title='bbox 3186 5093 3382 5147; x_wconf 90' lang='lat' dir='ltr'><strong>iterum</strong></span> 
     </span>
    </p>
   </div>
   <div class='ocr_carea' id='block_1_107' title="bbox 1805 5187 3384 5266">
    <p class='ocr_par' dir='ltr' id='par_1_107' title="bbox 1805 5187 3384 5266">
     <span class='ocr_line' id='line_1_108' title="bbox 1805 5187 3384 5266; baseline -0.015 -5"><span class='ocrx_word' id='word_1_795' title='bbox 1805 5205 2113 5261; x_wconf 89' lang='lat' dir='ltr'><strong>inordinate</strong></span> <span class='ocrx_word' id='word_1_796' title='bbox 2136 5208 2417 5266; x_wconf 77' lang='lat' dir='ltr'><strong>exuerent,</strong></span> <span class='ocrx_word' id='word_1_797' title='bbox 2449 5197 2518 5252; x_wconf 87' lang='lat' dir='ltr'><strong>ab</strong></span> <span class='ocrx_word' id='word_1_798' title='bbox 2545 5196 2653 5250; x_wconf 85' lang='lat' dir='ltr'><strong>alio</strong></span> <span class='ocrx_word' id='word_1_799' title='bbox 2679 5206 2909 5262; x_wconf 88' lang='lat' dir='ltr'><strong>corpore</strong></span> <span class='ocrx_word' id='word_1_800' title='bbox 2924 5190 3160 5244; x_wconf 90' lang='lat' dir='ltr'><strong>animam</strong></span> <span class='ocrx_word' id='word_1_801' title='bbox 3186 5187 3384 5242; x_wconf 89' lang='lat' dir='ltr'><strong>iterum</strong></span> 
     </span>
    </p>
   </div>
   <div class='ocr_carea' id='block_1_108' title="bbox 1806 5279 3389 5357">
    <p class='ocr_par' dir='ltr' id='par_1_108' title="bbox 1806 5279 3389 5357">
     <span class='ocr_line' id='line_1_109' title="bbox 1806 5279 3389 5357; baseline -0.013 -4"><span class='ocrx_word' id='word_1_802' title='bbox 1806 5301 1863 5353; x_wconf 91' lang='lat' dir='ltr'><strong>in</strong></span> <span class='ocrx_word' id='word_1_803' title='bbox 1894 5294 2043 5351; x_wconf 88' lang='lat' dir='ltr'><strong>aliud</strong></span> <span class='ocrx_word' id='word_1_804' title='bbox 2067 5292 2523 5351; x_wconf 81' lang='lat' dir='ltr'><strong>transfundcntes</strong></span> <span class='ocrx_word' id='word_1_805' title='bbox 2546 5302 2769 5357; x_wconf 89' lang='lat' dir='ltr'><strong>corpus,</strong></span> <span class='ocrx_word' id='word_1_806' title='bbox 2812 5298 2922 5339; x_wconf 93' lang='lat' dir='ltr'><strong>non</strong></span> <span class='ocrx_word' id='word_1_807' title='bbox 2956 5290 3171 5336; x_wconf 90' lang='lat' dir='ltr'><strong>tantum</strong></span> <span class='ocrx_word' id='word_1_808' title='bbox 3206 5279 3389 5333; x_wconf 71' lang='lat' dir='ltr'><strong>homi—</strong></span> 
     </span>
    </p>
   </div>
   <div class='ocr_carea' id='block_1_109' title="bbox 1809 5375 3393 5455">
    <p class='ocr_par' dir='ltr' id='par_1_109' title="bbox 1809 5375 3393 5455">
     <span class='ocr_line' id='line_1_110' title="bbox 1809 5375 3393 5455; baseline -0.014 -8"><span class='ocrx_word' id='word_1_809' title='bbox 1809 5390 1919 5455; x_wconf 80' lang='lat' dir='ltr'><strong>nis,</strong></span> <span class='ocrx_word' id='word_1_810' title='bbox 1950 5387 2047 5445; x_wconf 89' lang='lat' dir='ltr'><strong>sed</strong></span> <span class='ocrx_word' id='word_1_811' title='bbox 2070 5388 2233 5444; x_wconf 87' lang='lat' dir='ltr'><strong>etiam</strong></span> <span class='ocrx_word' id='word_1_812' title='bbox 2266 5383 2521 5440; x_wconf 86' lang='lat' dir='ltr'><strong>animalis</strong></span> <span class='ocrx_word' id='word_1_813' title='bbox 2568 5376 2965 5435; x_wconf 89' lang='lat' dir='ltr'><strong>irrationabilis</strong></span> <span class='ocrx_word' id='word_1_814' title='bbox 2994 5384 3049 5430; x_wconf 87' lang='lat' dir='ltr'><strong>et</strong></span> <span class='ocrx_word' id='word_1_815' title='bbox 3078 5375 3297 5446; x_wconf 62' lang='lat' dir='ltr'><strong>planta,</strong></span> <span class='ocrx_word' id='word_1_816' title='bbox 3337 5382 3393 5427; x_wconf 83' lang='lat' dir='ltr'><strong>et</strong></span> 
     </span>
    </p>
   </div>
   <div class='ocr_carea' id='block_1_110' title="bbox 1811 5465 3384 5549">
    <p class='ocr_par' dir='ltr' id='par_1_110' title="bbox 1811 5465 3384 5549">
     <span class='ocr_line' id='line_1_111' title="bbox 1811 5465 3384 5549; baseline -0.014 -9"><span class='ocrx_word' id='word_1_817' title='bbox 1811 5484 1893 5540; x_wconf 86' lang='lat' dir='ltr'><strong>sic</strong></span> <span class='ocrx_word' id='word_1_818' title='bbox 1916 5495 2056 5536; x_wconf 88' lang='lat' dir='ltr'><strong>vana</strong></span> <span class='ocrx_word' id='word_1_819' title='bbox 2078 5480 2386 5549; x_wconf 85' lang='lat' dir='ltr'><strong>loquentes,</strong></span> <span class='ocrx_word' id='word_1_820' title='bbox 2418 5488 2472 5530; x_wconf 90' lang='lat' dir='ltr'><strong>et</strong></span> <span class='ocrx_word' id='word_1_821' title='bbox 2503 5473 2668 5529; x_wconf 91' lang='lat' dir='ltr'><strong>stulta</strong></span> <span class='ocrx_word' id='word_1_822' title='bbox 2708 5469 3006 5524; x_wconf 90' lang='lat' dir='ltr'><strong>delirantes</strong></span> <span class='ocrx_word' id='word_1_823' title='bbox 3028 5482 3137 5521; x_wconf 93' lang='lat' dir='ltr'><strong>non</strong></span> <span class='ocrx_word' id='word_1_824' title='bbox 3192 5465 3384 5520; x_wconf 84' lang='lat' dir='ltr'><strong>intelli-</strong></span> 
     </span>
    </p>
   </div>
   <div class='ocr_carea' id='block_1_111' title="bbox 78 5558 1666 5647">
    <p class='ocr_par' dir='ltr' id='par_1_111' title="bbox 78 5558 1666 5646">
     <span class='ocr_line' id='line_1_112' title="bbox 78 5558 1666 5646; baseline 0.001 -17"><span class='ocrx_word' id='word_1_825' title='bbox 78 5578 235 5632; x_wconf 82' lang='grc' dir='ltr'><strong>λαιὸν</strong></span> <span class='ocrx_word' id='word_1_826' title='bbox 279 5558 519 5632; x_wconf 77' lang='grc' dir='ltr'><strong>ἐκεῖνον</strong></span> <span class='ocrx_word' id='word_1_827' title='bbox 566 5575 753 5643; x_wconf 78' lang='grc' dir='ltr'><strong>Ἰξίονα</strong></span> <span class='ocrx_word' id='word_1_828' title='bbox 797 5577 847 5628; x_wconf 82' lang='grc' dir='ltr'><strong>οἱ</strong></span> <span class='ocrx_word' id='word_1_829' title='bbox 896 5574 1055 5646; x_wconf 80' lang='grc' dir='ltr'><strong>μῦθοι</strong></span> <span class='ocrx_word' id='word_1_830' title='bbox 1098 5575 1425 5630; x_wconf 88' lang='grc' dir='ltr'><strong>πλάττουσιν</strong></span> <span class='ocrx_word' id='word_1_831' title='bbox 1457 5578 1538 5640; x_wconf 86' lang='grc' dir='ltr'><strong>εἰς</strong></span> <span class='ocrx_word' id='word_1_832' title='bbox 1584 5577 1666 5632; x_wconf 74' lang='grc' dir='ltr'><strong>θεὲ</strong></span> 
     </span>
    </p>
   </div>
   <div class='ocr_carea' id='block_1_112' title="bbox 1784 5558 3378 5647">
    <p class='ocr_par' dir='ltr' id='par_1_112' title="bbox 1818 5558 3378 5647">
     <span class='ocr_line' id='line_1_113' title="bbox 1818 5558 3378 5647; baseline -0.01 -19"><span class='ocrx_word' id='word_1_833' title='bbox 1818 5582 1972 5647; x_wconf 87' lang='lat' dir='ltr'><strong>gunt.</strong></span> <span class='ocrx_word' id='word_1_834' title='bbox 2013 5570 2077 5625; x_wconf 86' lang='lat' dir='ltr'><strong>Et</strong></span> <span class='ocrx_word' id='word_1_835' title='bbox 2107 5572 2252 5627; x_wconf 90' lang='lat' dir='ltr'><strong>sicut</strong></span> <span class='ocrx_word' id='word_1_836' title='bbox 2282 5570 2572 5638; x_wconf 88' lang='lat' dir='ltr'><strong>antiquum</strong></span> <span class='ocrx_word' id='word_1_837' title='bbox 2623 5566 2792 5621; x_wconf 87' lang='lat' dir='ltr'><strong>istum</strong></span> <span class='ocrx_word' id='word_1_838' title='bbox 2853 5562 3042 5617; x_wconf 82' lang='lat' dir='ltr'><strong>lxiona</strong></span> <span class='ocrx_word' id='word_1_839' title='bbox 3071 5558 3268 5613; x_wconf 72' lang='lat' dir='ltr'><strong>fabula:</strong></span> <span class='ocrx_word' id='word_1_840' title='bbox 3298 5560 3378 5613; x_wconf 90' lang='lat' dir='ltr'><strong>de-</strong></span> 
     </span>
    </p>
   </div>
   <div class='ocr_carea' id='block_1_113' title="bbox 79 5652 1666 5746">
    <p class='ocr_par' dir='ltr' id='par_1_113' title="bbox 79 5665 1666 5746">
     <span class='ocr_line' id='line_1_114' title="bbox 79 5665 1666 5746; baseline -0.004 -19"><span class='ocrx_word' id='word_1_841' title='bbox 79 5671 482 5746; x_wconf 77' lang='grc' dir='ltr'><strong>ἠμαρτηκότα</strong></span> <span class='ocrx_word' id='word_1_842' title='bbox 504 5712 521 5736; x_wconf 89' lang='grc'><strong>,</strong></span> <span class='ocrx_word' id='word_1_843' title='bbox 553 5668 732 5741; x_wconf 82' lang='grc' dir='ltr'><strong>τροχῷ</strong></span> <span class='ocrx_word' id='word_1_844' title='bbox 765 5665 1130 5739; x_wconf 82' lang='grc' dir='ltr'><strong>ὲνειρόμενον,</strong></span> <span class='ocrx_word' id='word_1_845' title='bbox 1172 5668 1267 5722; x_wconf 71' lang='grc' dir='ltr'><strong>καὶ</strong></span> <span class='ocrx_word' id='word_1_846' title='bbox 1308 5668 1516 5732; x_wconf 82' lang='grc' dir='ltr'><strong>ἀενάως</strong></span> <span class='ocrx_word' id='word_1_847' title='bbox 1546 5668 1622 5741; x_wconf 86' lang='grc'><strong>(7)</strong></span> <span class='ocrx_word' id='word_1_848' title='bbox 1650 5669 1666 5721; x_wconf 73' lang='grc' dir='ltr'>ἒ</span> 
     </span>
    </p>
   </div>
   <div class='ocr_carea' id='block_1_114' title="bbox 1784 5652 3393 5746">
    <p class='ocr_par' dir='ltr' id='par_1_114' title="bbox 1818 5652 3393 5739">
     <span class='ocr_line' id='line_1_115' title="bbox 1818 5652 3393 5739; baseline -0.011 -17"><span class='ocrx_word' id='word_1_849' title='bbox 1818 5670 2050 5739; x_wconf 79' lang='lat' dir='ltr'><strong>pingunt</strong></span> <span class='ocrx_word' id='word_1_850' title='bbox 2090 5665 2145 5719; x_wconf 91' lang='lat' dir='ltr'><strong>in</strong></span> <span class='ocrx_word' id='word_1_851' title='bbox 2198 5663 2368 5719; x_wconf 89' lang='lat' dir='ltr'><strong>Deum</strong></span> <span class='ocrx_word' id='word_1_852' title='bbox 2419 5675 2544 5717; x_wconf 89' lang='lat' dir='ltr'><strong>cum</strong></span> <span class='ocrx_word' id='word_1_853' title='bbox 2608 5656 2995 5729; x_wconf 82' lang='lat' dir='ltr'><strong>peccavisset,</strong></span> <span class='ocrx_word' id='word_1_854' title='bbox 3079 5652 3145 5704; x_wconf 87' lang='lat' dir='ltr'><strong>ad</strong></span> <span class='ocrx_word' id='word_1_855' title='bbox 3217 5660 3393 5706; x_wconf 83' lang='lat' dir='ltr'><strong>rotam</strong></span> 
     </span>
    </p>
   </div>
   <div class='ocr_carea' id='block_1_115' title="bbox 156 5853 724 5930">
    <p class='ocr_par' dir='ltr' id='par_1_115' title="bbox 156 5853 724 5930">
     <span class='ocr_line' id='line_1_116' title="bbox 156 5853 724 5930; baseline -0.005 -18"><span class='ocrx_word' id='word_1_856' title='bbox 156 5856 240 5930; x_wconf 76' lang='lat'><strong>(6)</strong></span> <span class='ocrx_word' id='word_1_857' title='bbox 286 5853 439 5909; x_wconf 81' lang='lat' dir='ltr'><strong>Cod.</strong></span> <span class='ocrx_word' id='word_1_858' title='bbox 478 5853 724 5909; x_wconf 70' lang='grc' dir='ltr'><strong>εἰκαῖον.</strong></span> 
     </span>
    </p>
   </div>
   <div class='ocr_carea' id='block_1_116' title="bbox 1885 5831 3394 5914">
    <p class='ocr_par' dir='ltr' id='par_1_116' title="bbox 1885 5831 3394 5914">
     <span class='ocr_line' id='line_1_117' title="bbox 1885 5831 3394 5914; baseline -0.011 -12"><span class='ocrx_word' id='word_1_859' title='bbox 1885 5845 1961 5914; x_wconf 82' lang='lat'><strong>(7)</strong></span> <span class='ocrx_word' id='word_1_860' title='bbox 2038 5843 2298 5911; x_wconf 77' lang='grc' dir='ltr'><strong>Ὰενάως.</strong></span> <span class='ocrx_word' id='word_1_861' title='bbox 2356 5840 2474 5898; x_wconf 74' lang='lat' dir='ltr'><strong>Non</strong></span> <span class='ocrx_word' id='word_1_862' title='bbox 2525 5839 2704 5897; x_wconf 83' lang='lat' dir='ltr'><strong>omnia</strong></span> <span class='ocrx_word' id='word_1_863' title='bbox 2762 5852 2887 5894; x_wconf 70' lang='lat' dir='ltr'><strong>tera</strong></span> <span class='ocrx_word' id='word_1_864' title='bbox 2953 5843 3078 5892; x_wconf 83' lang='lat' dir='ltr'><strong>sunt</strong></span> <span class='ocrx_word' id='word_1_865' title='bbox 3134 5847 3254 5904; x_wconf 72' lang='lat' dir='ltr'><strong>quae</strong></span> <span class='ocrx_word' id='word_1_866' title='bbox 3326 5831 3394 5887; x_wconf 88' lang='lat' dir='ltr'><strong>dc</strong></span> 
     </span>
    </p>
   </div>
  </div>
