3866 6542
174 418 266 474 093
1124 424 1193 480 IN
1226 426 1540 486 CARMINA
1571 431 1855 489 ARCANA
1922 435 1979 491 S.
2055 432 2411 493 CREGORII.

178 530 422 602 ἡμετέραν
445 530 750 599 ἀναλαϐὼν,
786 535 903 599 ταῖς
940 537 1062 601 σαῖς
1086 540 1349 596 ιναπὸδου
1383 543 1595 611 ἀκοαῖς,
1631 564 1726 618 μι-

174 626 298 694 κρὰν
322 622 375 675 δὲ
402 622 588 695 τέρψιν
617 625 713 680 καὶ
752 624 987 699 ήὸύτητα
1012 632 1078 702 τῇ
1109 632 1359 706 παρούσῃ
1391 638 1731 711 προσαναμί-

3315 434 3420 491 ΒΜ

1835 549 2019 605 anima
2069 550 2331 624 hymnum
2372 556 2467 605 aut
2520 546 2852 622 theologiam
2898 562 3008 605 non
3057 546 3419 618 iniucundam

1838 640 1907 697 iis
1942 642 2035 713 qui
2058 641 2355 713 prudenter
2385 638 2696 711 intelligere
2728 639 2943 704 volunt,
2978 652 3338 711 exponemus.

165 714 307 784 ξομεν
326 714 428 787 ὦδῇ
450 732 463 746 “
494 718 591 771 καὶ
616 718 718 787 τὴν
750 720 879 792 περὶ
934 718 1114 793 ψυχῆς
1149 725 1476 797 ὑμνολογίαν
1531 729 1565 801 ἦ
1618 731 1902 803 θεολογίαν
1961 734 2062 788 οὐκ
2092 733 2235 805 ἀηδῆ
2264 737 2376 797 τοῖς
2416 731 2653 797 συνετῶς
2685 732 2899 787 ἐπαΐειν
2935 730 3178 786 ἐθέλουσι
3231 746 3414 801 παρα-

163 808 435 880 θςῖσόμεθα.

160 990 221 1045 55
245 984 346 1042 Ἦν
371 1001 535 1048 ποτε,
563 981 643 1057 ἦν
666 986 767 1043 ὅτε
804 989 1039 1061 κόσμον
1083 991 1350 1139 erant???
1395 998 1508 1086 τοῦ
1534 999 1716 1122 lira:

1289 1082 1327 1120 α
1351 1079 1492 1137 πυς,
1526 1086 1592 1123 κτ
1630 1108 1646 1123 .

1289 1079 1492 1137 αιπῠς,
1526 1079 1646 1123 κτλ.

219 1193 446 1248 ’Δνωθεν
485 1192 575 1247 τὸν
614 1194 742 1265 περὶ
769 1193 951 1268 ψυχῆς
981 1196 1140 1266 λόγον
1174 1199 1270 1253 ἀπ’
1301 1200 1477 1273 ἀρχῆς
1504 1203 1603 1272 τῆς
1628 1201 1721 1255 τοῦ

154 1288 342 1358 κόσμου
379 1284 646 1353 γενέσεως
682 1288 713 1340 6
768 1287 911 1352 θεῖος
933 1291 1338 1363 ἀναλαϐόμενος
1376 1294 1721 1365 ἱεροφάντης,

152 1374 212 1449 ἦν
236 1392 388 1437 ποτε,
435 1370 505 1447 ἧν
544 1377 655 1440 ὅτε,
689 1379 885 1449 φησὶν,
920 1381 949 1433 ὁ
987 1380 1212 1451 ὕψιστος
1244 1383 1338 1437 τοῦ
1384 1384 1602 1457 πρώτου
1629 1384 1720 1438 νοῦ

150 1469 316 1537 λόγος,
342 1468 420 1539 τῷ
449 1470 698 1542 πατρικῷ
736 1471 1037 1544 βουλήματι
1066 1474 1159 1527 τὸν
1206 1475 1327 1530 ὅλον
1374 1476 1586 1530 τουτονὶ
1629 1477 1720 1531 κό-

151 1579 292 1633 σμον,
311 1561 614 1635 ὑπέστησεν
640 1566 705 1618 ὲκ
732 1565 807 1637 μὴ
837 1565 1006 1620 ὅντων
1031 1569 1113 1633 είς
1136 1567 1197 1621 τὸ
1225 1565 1384 1623 εἶναι’
1405 1566 1558 1624 εἶπεν
1586 1570 1716 1643 γάρ,

148 1658 232 1711 καὶ
259 1659 352 1711 ὅσα
383 1657 476 1711 καὶ
506 1654 595 1712 οἷα
638 1658 910 1730 ἠθέλησεν
941 1663 1219 1735 παρήχθη.
1260 1665 1348 1730 Ὠς
1388 1662 1481 1721 οὖν
1504 1667 1720 1721 ἅπαντα

147 1751 365 1823 πρῶτον,
387 1751 637 1822 οὐρανὸς,
663 1752 756 1823 γῆ,
786 1752 1029 1808 Θάλασσα
1065 1755 1160 1809 καὶ
1184 1756 1254 1811 τά
1281 1760 1339 1811 ὲν
1374 1757 1555 1822 αὐτοῖς
1585 1758 1719 1811 ὐπο-

147 1844 330 1901 στάντα
356 1844 435 1907 είς
470 1844 571 1898 ἓνα
602 1846 809 1917 κόσμον
835 1849 1209 1919 συνεκέκριτο,
1245 1849 1493 1922 ἐζητεῖτο
1519 1850 1574 1904 δὲ
1609 1846 1721 1905 οἷόν

144 1955 219 2002 τις
250 1937 448 2009 κόσμος
487 1938 769 2011 δεύτερος,
817 1941 917 2012 τῆς
965 1958 1027 1994 τε
1065 1942 1273 2014 μητρὸς
1313 1943 1421 1997 τῶν
1463 1944 1720 1999 ἀπάντων

147 2028 323 2098 σοφίας
368 2030 722 2101 ἐπιστήμων,
770 2032 864 2085 καὶ
908 2030 1016 2086 τῶν
1059 2033 1272 2104 ὁρατῶν
1319 2034 1413 2088 καὶ
1460 2035 1720 2103 ἐπιγείων

147 2121 383 2174 ἀπάντων
417 2120 542 2174 κατ’
577 2122 763 2175 εἰκόνα
786 2122 882 2177 τοῦ
910 2122 1131 2179 κτίστου
1164 2124 1406 2197 θεοειδὴς
1431 2125 1716 2196 βασιλεύς·

141 2212 204 2268 δι’
227 2212 254 2266 ὁ
275 2212 418 2282 λέγει
445 2252 461 2276 ,
511 2232 531 2265 ι
577 2214 717 2287 Ἤδη
758 2215 858 2286 μὲν
888 2215 1143 2289 καθαροὶ,
1166 2235 1185 2268 ι
1239 2219 1334 2272 καὶ
1363 2217 1431 2272 τά
1463 2218 1591 2291 ἑξῆς
1614 2261 1627 2276 .
1654 2221 1719 2273 Ol

144 2307 234 2379 μὲν
257 2304 485 2378 καθαροὶ
516 2308 611 2361 καλ⁸
644 2306 903 2362 ἀθάνατοι
931 2307 1041 2361 τῶν
1071 2308 1292 2379 ἀγαθῶν
1322 2310 1571 2380 ἀγγέλων
1601 2311 1720 2367 διά-

140 2416 351 2469 κόσμοι,
393 2398 488 2453 τὸν
521 2400 773 2472 οὐράνιον
805 2400 1155 2473 διαλαχόντες
1187 2402 1399 2474 χῶρον,
1459 2403 1550 2475 τὴν
1580 2405 1721 2476 ἐμὴν

138 2492 281 2558 δόξαν
316 2491 609 2558 διαιωνίως
659 2491 955 2564 μέλποντες
994 2494 1283 2565 ὑμνοῦσιψ
1338 2497 1408 2567 γῆ
1458 2496 1517 2549 δὲ
1566 2498 1663 2551 καὶ
1692 2500 1721 2552 ὁ

139 2584 447 2655 φαινόμενος
499 2584 621 2649 ὅλος
661 2586 844 2640 οὐτοσὶ
878 2587 1083 2658 κόσμος
1132 2588 1247 2652 τοῖς
1290 2587 1506 2657 ἀλόγοις
1553 2588 1719 2655 ζώοις

138 2674 223 2728 καὶ
246 2675 361 2739 ταῖς
387 2678 652 2744 φυσικαῖς
676 2674 867 2748 χάρισι
900 2676 1008 2730 τῶν
1035 2676 1248 2747 ὁρατῶν
1282 2677 1544 2749 ἡδόμενος
1577 2679 1717 2733 καθ-

135 2762 435 2836 ωραῖζεται,
480 2764 544 2832 ἐξ
578 2767 782 2837 ἀμφοῖν
815 2766 872 2820 δὲ
901 2769 1016 2820 τοῖν
1050 2769 1251 2836 γενοῖν,
1288 2767 1575 2823 ἀθανάτων
1614 2787 1720 2840 φη-

140 2858 195 2925 μὶ
218 2858 308 2910 καὶ
332 2856 553 2928 θνητῶν
573 2898 589 2922 ,
644 2860 763 2930 ήτοι
806 2858 1043 2927 λογικῶν
1088 2861 1182 2913 καὶ
1214 2860 1447 2929 ἀλόγων,
1483 2862 1722 2932 νοήμονα

142 2947 356 3019 μέτοχον
397 2950 611 3021 κόσμου
654 2950 750 3005 τοῦ
794 2951 987 3023 νοητοῦ
1015 2954 1111 3006 καὶ
1144 2953 1406 3024 αίσθητοῦ
1437 2955 1602 3027 ήρεσέ
1629 2973 1718 3026 μοι

139 3040 434 3111 συμπήξαι·
470 3040 663 3096 τοῦτον
695 3042 753 3097 δὲ
781 3038 921 3097 εἶναι
942 3044 1230 3116 ἄνθρωπον
1256 3044 1419 3116 μέσον
1447 3045 1719 3118 οὐρανίων

138 3132 387 3203 μεγέθους
428 3134 531 3188 καὶ
571 3134 799 3206 χθονίων
829 3137 1251 3208 ταπεινότητος,
1299 3140 1364 3209 τῇ
1396 3138 1585 3211 ὁράσει
1617 3138 1718 3208 μὲν

134 3224 237 3287 τοῖς
259 3226 500 3295 ὁρατοῖς,
525 3225 603 3297 τῷ
632 3224 712 3280 νοτ
750 3225 807 3280 δὲ
836 3228 948 3290 τοῖς
976 3230 1186 3297 νοητοῖς
1210 3226 1591 3294 ἐπιϐάλλοντα,
1623 3229 1719 3282 καὶ

135 3317 245 3377 ταῖς
274 3318 492 3388 νοεραῖς
528 3315 784 3389 θεωρίαις
824 3319 1356 3390 μυσταγωγούμενον
1388 3319 1484 3374 κοιλ¹
1518 3320 1719 3391 τερπό-

137 3421 301 3474 μενον,
323 3406 560 3476 ἄγγελον
593 3406 772 3472 ἀλλον,
804 3409 912 3463 ἀπὸ
928 3410 1034 3480 γῆς
1082 3411 1249 3483 ήρεσε
1286 3411 1713 3480 κατασκευάσαι,

133 3495 233 3550 τῶν
258 3498 405 3569 ἐμῶν
446 3500 776 3573 ποιημάτων
819 3518 882 3556 τε
929 3503 1024 3556 καὶ
1066 3502 1452 3576 βουλευμάτων
1500 3500 1715 3576 μύστην

134 3587 221 3640 καὶ
250 3588 540 3665 δοξαστήν.

1836 998 1907 1056 55
1939 996 2199 1052 Mundam
2234 996 2383 1061 olim,
2427 994 2668 1051 condidit
2696 1010 2920 1050 summa:
2957 996 3144 1048 mentis
3188 994 3413 1053 sublime

3006 1062 3265 1129 iarbam,
3297 1073 3408 1121 etc.

1895 1209 1941 1263 Α
1976 1206 2249 1279 principio
2272 1218 2581 1262 sermonem
2614 1202 2682 1259 de
2710 1203 2920 1267 anima,
2959 1202 3216 1258 αἱ).ἰηὶϋο
3247 1216 3413 1272 geno—

1827 1299 2060 1354 rationis
2092 1296 2282 1352 mundi
2326 1294 2546 1351 divinus
2583 1302 2840 1367 repetens
2877 1307 3162 1349 sacrorum
3210 1294 3415 1349 revela-

1827 1398 1920 1446 tor
1952 1407 1967 1445 :
1998 1388 2127 1444 Erat
2149 1388 2203 1443 iu
2227 1389 2521 1459 principio.
2544 1388 2744 1458 inquit,
2766 1394 2888 1441 erat
2909 1401 3035 1442 cum
3073 1385 3410 1443 altissimum

1828 1484 2016 1553 prima:
2060 1480 2438 1553 intelligentia:
2492 1478 2728 1535 Verbum
2776 1479 2843 1533 ad
2887 1486 3175 1549 paternam
3218 1475 3410 1532 volun-

1825 1582 1992 1630 tatem
2039 1575 2359 1629 universum
2415 1572 2563 1627 hunc
2613 1570 2878 1625 mundum
2931 1569 3057 1624 fecit
3118 1569 3188 1625 de
3239 1568 3413 1623 niltiln

1826 1680 2186 1739 prorumpere
2214 1664 2270 1720 in
2297 1665 2717 1731 exsistentiam;
2761 1663 2902 1718 dixit
2939 1662 3086 1719 enim
3114 1670 3169 1717 et
3199 1668 3334 1731 quot
3356 1670 3411 1715 et

1825 1767 2031 1830 quanta
2094 1758 2265 1812 voluit
2330 1764 2726 1827 apparuerunt.
2831 1754 2931 1811 Ubi
2982 1754 3220 1825 primum
3277 1768 3410 1821 ergo

1823 1851 2030 1917 omnia,
2066 1851 2289 1917 cmlum,
2327 1857 2494 1914 terra,
2522 1864 2673 1904 mare
2705 1856 2761 1905 et
2790 1849 2843 1903 in
2874 1848 2961 1903 his
2989 1847 3313 1903 exsistentia
3353 1845 3408 1901 in

1826 1960 1996 2000 unum
2043 1944 2309 1999 mundum
2346 1941 2513 1997 simul
2551 1942 2728 1997 divisa
2772 1946 2927 2005 sunt,
2963 1938 3245 2010 quaerebat
3275 1954 3412 2010 quo-

1823 2036 2117 2091 dammodo
2144 2036 2271 2106 quis
2303 2034 2543 2089 mundus
2574 2034 2712 2089 alter
2737 2032 2794 2087 in
2828 2040 3004 2087 matre
3035 2031 3284 2087 omnium
3319 2046 3411 2086 sa-

1822 2129 2029 2200 pientia
2055 2129 2290 2199 peritus,
2314 2136 2372 2184 et
2404 2127 2707 2183 visibilium
2725 2133 2780 2181 et
2798 2124 3142 2181 terrestrium
3162 2123 3409 2179 omnium

1823 2234 1917 2274 rex
1949 2226 2099 2274 esset
2138 2219 2193 2272 in
2243 2217 2605 2273 similitudine
2641 2215 2735 2273 Dei
2777 2215 3074 2279 exsistam,
3116 2215 3174 2270 in
3213 2213 3411 2270 simili-

1825 2312 2011 2368 tudine
2039 2311 2342 2367 Creatoris.
2392 2309 2519 2367 ideo
2560 2309 2740 2365 dicit:
2775 2328 2793 2362 ι
2847 2307 3084 2379 Jamjam
3126 2308 3248 2378 puri
3288 2326 3306 2359 ι
3355 2316 3412 2363 et

1823 2418 1941 2473 seq.
1978 2401 2043 2457 Et
2077 2401 2299 2472 quidem
2338 2401 2463 2470 puri
2507 2416 2573 2456 ac
2617 2400 2963 2456 immortales
2992 2398 3267 2455 bonorum
3314 2416 3413 2453 an—

1824 2494 2074 2565 gelorum
2110 2494 2265 2547 chori
2311 2491 2591 2548 cmlestem
2634 2490 2819 2546 sortiti
2851 2490 3031 2545 locum
3074 2504 3251 2544 meam
3290 2489 3411 2559 glu-

1824 2586 1960 2641 riam
1982 2594 2300 2640 constanter
2322 2582 2711 2639 concelebrant
2738 2600 2752 2636 :
2776 2588 2925 2636 terra
2950 2596 3080 2637 vero
3100 2588 3155 2635 et
3182 2580 3414 2636 visibilis

1823 2676 2119 2733 universus
2154 2675 2308 2731 liicce
2329 2673 2568 2729 mundus
2604 2687 2823 2728 ammno
2850 2672 2919 2728 de
2957 2671 3274 2742 spectaculo
3296 2672 3414 2726 ani-

1822 2769 2092 2824 mantium
2144 2765 2603 2822 irrationabilium
2644 2770 2699 2819 et
2738 2772 3096 2819 venustatum
3152 2756 3412 2836 physica-

1824 2876 1945 2916 rum
1986 2858 2189 2931 gaudet
2229 2868 2283 2913 et
2318 2858 2587 2929 superbit.
2628 2857 2707 2911 Ex
2736 2856 2955 2912 duobus
2983 2866 3164 2912 autem
3192 2857 3408 2926 generi-

1822 2953 1948 3019 bus,
1976 2950 2363 3006 immortalium
2407 2950 2620 3006 scilicet
2648 2958 2705 3006 et
2743 2949 3084 3016 mortalium,
3115 2948 3412 3004 irrationao

1821 3040 2017 3095 bilium
2067 3048 2123 3093 et
2190 3037 2636 3103 rationabilium,
2698 3036 3024 3108 prudentem
3082 3036 3408 3108 participem

1822 3128 2014 3186 mundi
2046 3129 2162 3185 sive
2199 3125 2505 3201 spiritualis
2538 3128 2655 3185 sive
2698 3127 2958 3184 sensibus
2991 3127 3275 3198 corporeis
3312 3127 3412 3182 ob-

1825 3222 1978 3278 noxii
1999 3220 2205 3293 tingere
2229 3220 2362 3276 mihi
2388 3221 2564 3292 placet
2593 3239 2605 3274 :
2633 3220 2850 3276 scilicet
2870 3219 3148 3276 hominem
3171 3218 3413 3276 medium

1824 3314 2290 3386 magniﬁcentiam
2320 3314 2464 3369 inter
2494 3312 2803 3369 colestium
2842 3321 2896 3368 et
2932 3313 3280 3369 terrestrium
3319 3312 3415 3368 ab-

1817 3406 2136 3477 jectionem,
2190 3406 2343 3461 vultu
2383 3405 2605 3476 quidem
2651 3405 2984 3470 visibilibus,
3044 3405 3240 3476 spiritu
3289 3419 3417 3461 vero

1823 3498 2203 3571 Spiritualibus
2232 3498 2581 3566 adjunctum,
2612 3498 2795 3567 ipsum
2824 3510 3046 3568 quoque
3072 3497 3417 3552 intellectua-

1823 3595 1967 3650 Iibus
1991 3593 2550 3664 contemplationibus
2574 3593 2854 3649 initiatum
2876 3602 2929 3650 et
2953 3594 3414 3664 complacentcm,

135 3682 371 3751 angelum
416 3685 659 3739 alterum
688 3685 785 3758 qui
828 3700 996 3757 super
1033 3692 1239 3741 terram
1270 3688 1529 3761 gaudium
1566 3686 1868 3744 arbitretur
1900 3685 2014 3741 ﬁeri
2056 3699 2284 3759 operum
2313 3684 2771 3760 voluntatumque
2790 3699 3039 3742 mearum
3053 3684 3402 3745 sacerdotem

136 3787 187 3831 et
215 3775 651 3832 celebratorem.

137 3935 197 3991 70
235 3936 334 4003 Ὠς
363 3934 458 4006 ἄρ’
497 3936 638 4006 ἔφη,
676 3938 798 3992 κτλ.

195 4090 378 4147 Ταῦτα
409 4092 518 4163 μὲν
550 4092 578 4145 6
627 4091 961 4165 δημιουργὸς
989 4094 1188 4162 Λόγος,
1222 4093 1283 4147 οὐ
1318 4092 1499 4162 λόγοις
1524 4109 1715 4148 τιιπει⁴

132 4186 230 4246 ἰοῖς
257 4183 433 4247 οὕτως
483 4184 590 4255 ἔφη
636 4184 728 4238 καὶ
776 4187 1085 4256 μεριστοῖς,
1133 4186 1369 4257 νοήμασι
1406 4185 1464 4239 δὲ
1492 4185 1715 4249 ἑνιαίοις

135 4276 219 4329 καὶ
246 4274 637 4349 θεοπρεπέσιν,
660 4275 796 4348 ὁμοῦ
825 4294 885 4333 τε
919 4276 1073 4331 ταῦθ’
1107 4277 1248 4332 οὕτω
1276 4277 1409 4349 δρᾷν
1439 4277 1715 4348 ἐνενόησε,

129 4370 218 4423 καὶ
251 4370 413 4442 ἔργον
458 4369 713 4442 παρέστη
754 4371 816 4423 τὸ
854 4371 1119 4442 ἐννόημα·
1186 4371 1282 4425 καὶ
1313 4369 1465 4443 παρά
1493 4371 1590 4442 μὲν
1615 4370 1718 4442 τῆς

130 4463 313 4516 νεωστὶ
338 4463 649 4534 γενομένης
692 4461 826 4533 ὕλης
855 4465 967 4528 τοῖς
995 4462 1287 4526 ἀθανάτοις
1325 4462 1492 4517 αὑτοῦ
1517 4462 1718 4518 δακτύ-

126 4553 229 4618 λοις
268 4554 466 4627 μερίδα
504 4555 664 4626 χοὸς,
714 4554 791 4617 ὡς
818 4552 982 4618 αὐτὸς
1014 4549 1177 4620 οἶδεν,
1224 4554 1564 4625 ἀνειληφὼς,
1617 4556 1718 4628 τὴν

128 4640 258 4712 ἐμὴν
282 4640 621 4696 διεπλάσατο
651 4640 885 4714 μορφὴν,
909 4642 967 4695 ὲν
991 4643 1129 4714 αὐτῇ
1155 4641 1212 4696 δὲ
1235 4644 1430 4715 μοῖραν
1455 4645 1557 4716 τῆς
1581 4645 1718 4711 ίδίας

126 4733 450 4806 ἀπορῤήτως
508 4733 734 4804 ἐνέθηκε
789 4733 937 4804 ζωῆς
983 4734 1173 4803 (τοῦτο
1212 4735 1321 4809 γάρ
1371 4736 1465 4804 τὸ,
1505 4740 1716 4808 μοιρή-

123 4833 296 4895 σατο)
324 4843 337 4857 ·
387 4826 690 4881 ἐνέπνευσε
717 4826 828 4897 γάρ
863 4826 1112 4899 πνεῦμα,
1150 4828 1179 4881 ὃ
1205 4828 1270 4901 δὴ
1320 4830 1593 4907 ἀπόρροιά
1627 4833 1711 4897 τίς

123 4916 233 4969 ἐστι
259 4920 358 4989 τῆς
388 4919 691 4989 ἀσωμάτου
720 4919 973 4991 θεότητος
1005 4920 1097 4974 καὶ
1127 4920 1381 4977 ἀθεάτου.
1408 4924 1511 4977 Ἕκ
1533 4941 1592 4976 τε
1618 4919 1711 4979 οὖν

124 5006 211 5059 τοῦ
232 5010 355 5079 χοὸς
376 5011 485 5081 τῆς
510 5010 712 5082 σαρκὸς
734 5012 858 5082 ἐμοὶ
881 5012 1368 5085 σχηματισθείσης,
1391 5016 1483 5068 καὶ
1501 5015 1603 5087 τῆς
1616 5015 1715 5087 ψυ-

123 5098 214 5169 χῆς
237 5100 296 5154 δέ
338 5119 434 5172 μοι
462 5101 551 5157 διά
576 5103 675 5173 τῆς
705 5103 1146 5176 παντοκράτορος
1179 5106 1495 5178 κτισθείσης
1517 5108 1709 5179 πνοῆς,

123 5191 195 5252 είς
225 5193 539 5265 ἄνθρωπον,
580 5196 734 5265 φησὶ,
769 5197 865 5249 ἐνα
894 5196 1230 5268 συνεπάγην,
1264 5197 1427 5252 εἰκὼν
1451 5199 1546 5253 τοῦ
1578 5200 1711 5255 ἀθα-

121 5282 274 5337 νάτου
302 5286 604 5357 γενόμενος
616 5288 775 5353 Θεοῦ,
792 5288 869 5360 τῷ
897 5289 1228 5361 αὐτεξουσίῳ
1256 5290 1331 5362 νῷ
1347 5292 1441 5345 καὶ
1461 5292 1675 5364 ἀρχικῷ
1692 5310 1706 5324 ·

118 5374 325 5439 τούτοις
369 5378 488 5450 γὰρ
521 5381 554 5448 ή
594 5379 731 5451 πρὸς
761 5380 852 5436 τὸν
900 5381 1153 5453 Πλάστην
1200 5383 1457 5454 ὁμοίωσις
1489 5386 1708 5457 ὁρᾶται,

118 5469 210 5523 καὶ
241 5470 271 5523 6
300 5472 362 5524 ἐν
392 5470 674 5543 ἀνθρώπῳ
697 5472 823 5537 νοῦς
850 5474 1177 5546 ἀμφοτέρων
1208 5477 1307 5546 τῆς
1329 5494 1388 5530 τε
1415 5477 1594 5549 ψυχῆς
1620 5478 1712 5550 βα-

119 5562 315 5617 σιλεύει
344 5567 447 5619 καὶ
481 5564 574 5622 τοῦ
605 5563 879 5638 σώματος.
925 5567 992 5622 δι’
1023 5568 1053 5622 ὃ
1097 5567 1192 5622 καὶ
1217 5571 1577 5644 αὐτοκράτωρ
1602 5573 1711 5627 τῶν

117 5655 175 5707 ἐν
196 5657 329 5727 ἡμῖν
352 5659 722 5730 ἀνηγόρευται
746 5659 934 5714 παθῶν
951 5677 967 5693 ’
995 5660 1243 5715 ἐντεῦθεν
1267 5662 1520 5735 καὶπρὸς
1543 5665 1712 5736 ἄμφω

118 5750 240 5811 τοὺς
254 5748 409 5821 βίους
430 5751 617 5823 γήϊνον
632 5754 726 5807 καὶ
743 5755 994 5825 οὐράνιον
1016 5755 1261 5824 φυσικῶς
1280 5757 1599 5829 ὲπιρρέπειν
1619 5776 1709 5829 μοι

116 5838 277 5904 δοκῶ,
297 5858 393 5896 τοι
414 5842 517 5915 μὲν
536 5844 620 5897 διὰ
643 5846 704 5901 τὸ
736 5844 910 5915 σῶμα,
929 5846 1025 5900 τὸν
1042 5846 1098 5899 δὲ
1118 5845 1208 5901 διὰ
1233 5847 1294 5901 τὸ
1311 5847 1527 5920 πνεῦμα
1550 5849 1709 5922 στέρ-

119 5954 248 6006 γων,
282 5939 379 5994 καὶ
405 5938 544 6013 πρὸς
580 5941 814 6017 ἑκάτερα
849 5946 967 6009 ταῖς
998 5941 1313 6017 ἐπιθυμίαις
1343 5944 1710 6018 διελκόμενος.

1825 3960 1894 4017 70
1926 3960 2016 4017 Sic
2040 3959 2200 4030 dixit,
2233 3971 2341 4019 etc.

1892 4094 2019 4151 Haec
2040 4095 2180 4151 dixit
2212 4096 2402 4152 mundi
2433 4096 2736 4154 fabricator
2766 4094 3008 4152 Verbum
3041 4109 3151 4150 non
3186 4094 3414 4151 vocibus

1823 4188 2027 4245 vilibus
2065 4197 2121 4243 et
2162 4187 2388 4256 divisis,
2451 4190 2549 4247 sed
2586 4189 2924 4261 cogitatione
2984 4188 3150 4243 unica
3194 4185 3415 4259 Deoque

1823 4278 2011 4350 digna,
2030 4280 2196 4335 simul
2225 4288 2393 4351 atque
2421 4280 2503 4336 sic
2535 4280 2719 4336 facere
2747 4279 3031 4352 cogitavit,
3064 4288 3119 4335 et
3157 4293 3296 4351 opus
3321 4294 3415 4336 Co-

1822 4371 1992 4441 gitata
2034 4369 2424 4439 manifestavit,
2447 4380 2501 4429 et
2538 4371 2607 4428 de
2643 4387 2833 4428 recens
2863 4372 3008 4426 facta
3052 4371 3282 4427 materia
3316 4372 3416 4425 im-

1825 4464 2152 4521 mortalibus
2188 4464 2395 4537 digitis,
2440 4472 2654 4536 partem
2683 4475 2868 4531 terra.
2904 4464 3047 4523 sicut
3077 4465 3197 4536 ipse
3236 4466 3410 4527 novit.

1826 4571 2073 4623 sumens,
2106 4571 2284 4611 meam
2309 4557 2604 4625 plasmavit
2639 4556 2874 4613 formam
2898 4556 2953 4611 in
2977 4572 3151 4627 eaque
3178 4557 3414 4627 propria:

1827 4650 1951 4705 vitae
2003 4657 2215 4719 partem
2266 4664 2468 4705 arcane
2521 4640 2741 4720 poSuit;
2788 4648 2895 4703 hoc
2935 4650 3083 4703 enim
3126 4667 3140 4703 ε
3177 4649 3416 4719 partitus

1824 4750 1941 4809 est;
1973 4756 2211 4812 namque
2234 4741 2524 4812 inspiravit
2552 4742 2828 4813 spiritum,
2858 4741 2956 4811 qui
2982 4741 3114 4796 inde
3140 4741 3412 4799 enarratio

1817 4832 2066 4903 quaedam
2095 4842 2179 4889 est
2206 4834 2547 4905 incorporea:
2595 4834 3000 4904 iuvisibilisque
3048 4832 3293 4887 deitatis.
3334 4831 3410 4888 De

1819 4933 1968 4980 terra
2010 4940 2143 4997 ergo
2188 4940 2358 4981 carne
2399 4941 2519 4982 mea
2567 4925 2743 4981 edicta
2796 4933 2852 4980 et
2911 4924 3095 4980 anima
3135 4924 3268 4979 mihi
3314 4939 3411 4999 per

1820 5018 2253 5087 omnipotentem
2292 5018 2552 5088 spiritum
2573 5016 2892 5083 constituta,
2916 5016 3080 5071 homo
3121 5030 3282 5080 unus,
3325 5013 3412 5069 in-

1819 5112 1957 5182 quit,
2000 5110 2341 5180 compositus
2362 5125 2485 5166 sum
2521 5150 2537 5177 ,
2583 5110 2765 5181 imago
2818 5107 3149 5164 immortalis
3190 5105 3286 5163 Dei
3326 5107 3409 5161 fa-

1818 5207 1962 5267 ctus,
1998 5200 2172 5255 libera
2191 5208 2245 5256 et
2290 5200 2654 5256 dominatrice
2700 5198 3082 5272 intelligentia.
3106 5198 3231 5254 Istis
3261 5197 3408 5254 enim

1820 5294 2126 5351 similitudo
2150 5308 2275 5350 cum
2296 5294 2565 5350 Creatore
2576 5293 2919 5363 conspicitur
2935 5292 3093 5363 quod
3111 5295 3168 5347 in
3187 5290 3409 5346 homine

1817 5386 2173 5457 intelligentia
2204 5386 2260 5441 in
2280 5386 2471 5441 ambos
2493 5393 2702 5457 regnet,
2725 5400 2919 5456 nempe
2944 5385 3182 5440 animam
3205 5392 3260 5440 et
3281 5399 3407 5440 cor-

1819 5495 1922 5551 pus
1949 5498 1962 5534 :
1987 5480 2172 5550 itaque
2194 5479 2262 5537 de
2291 5480 2472 5551 seipsa
2504 5479 2800 5535 dominans
2835 5480 3136 5536 innostros
3173 5475 3406 5532 adactus

1818 5571 2195 5629 denuntiatur.
2213 5570 2346 5628 lude
2367 5570 2441 5627 ad
2463 5580 2756 5642 utramque
2774 5571 2943 5625 vitam
2969 5584 3134 5640 quam
3170 5571 3400 5624 sortitus

1819 5678 1963 5731 sum,
2022 5670 2340 5719 terrestrem
2376 5671 2431 5718 et
2464 5663 2744 5719 cmlestem
2780 5676 2990 5734 pronus
3019 5659 3151 5716 mihi
3184 5660 3392 5729 videor,

1819 5771 1964 5812 nunc
2016 5756 2290 5828 corporis,
2334 5771 2481 5813 nunc
2513 5756 2743 5828 spiritus
2780 5757 2944 5813 vitam
2990 5754 3179 5812 fovens
3218 5764 3273 5811 et
3332 5755 3406 5811 ad

1815 5851 2131 5909 alterutram
2163 5851 2437 5923 voluptate
2464 5857 2692 5907 tractus.
2744 5882 2751 5887 υ
2844 5892 2849 5896 .
