3802 6662
424 413 532 471 695

429 543 500 599 78
536 541 685 600 Talis
726 542 829 612 fuit
864 540 1195 613 primogeniti
1219 543 1449 607 hominis
1474 546 1744 618 colligatio
1765 589 1781 613 ,
1808 558 1915 603 etc.

500 635 561 689 lu
607 635 876 706 principio
903 635 1063 711 primi
1096 637 1270 707 patris
1309 639 1714 710 coagmentatio
1744 655 1842 695 seu
1867 640 2013 710 plas-

435 726 602 780 niatio
629 734 683 781 et
710 728 975 782 animatio
990 728 1147 799 juxta
1170 727 1376 785 dictum
1393 730 1598 789 ellectte
1618 740 1749 787 sunt
1768 732 2017 799 modum;

433 825 487 872 et
518 817 588 871 ab
625 817 837 887 origine
874 818 979 873 ista
1012 833 1190 888 usque
1236 817 1304 872 ad
1337 818 1520 884 linem,
1550 833 1687 875 caro
1722 836 1789 877 ex
1826 836 2013 885 carne,

434 907 617 960 anima
645 922 708 961 et
739 907 920 961 anima
960 908 1159 970 oritur,
1197 921 1401 977 corpus
1429 906 1648 977 quidem
1687 922 1719 963 e
1750 921 2016 978 corporea

435 998 728 1054 visibiliter
743 999 1089 1053 emanatione
1104 998 1161 1052 lit
1173 1038 1189 1064 ,
1214 999 1397 1054 anima
1414 1014 1544 1054 vero
1558 998 1721 1054 modo
1738 999 2019 1070 incognito

435 1100 490 1146 et
514 1092 776 1147 invisibili
804 1094 856 1146 in
880 1092 1130 1163 corporis
1158 1092 1473 1162 ﬁgmentum
1497 1093 1712 1150 incidit.
1733 1093 2019 1160 Quomodo

439 1185 543 1238 hoc
571 1184 653 1238 vel
678 1183 854 1238 illud?
894 1182 1046 1239 Sicut
1079 1186 1230 1242 solus
1263 1187 1414 1241 novit
1445 1187 1540 1258 qui
1582 1187 1818 1258 pri-mum
1854 1187 2022 1244 aﬁixit

440 1275 672 1347 ﬁguram
707 1283 870 1331 terrae
914 1284 971 1333 et
1009 1278 1261 1347 spiritum
1298 1277 1451 1333 dedit
1478 1279 1657 1333 carni.
1694 1278 1810 1334 Nisi
1840 1290 2019 1334 tamen

439 1369 589 1439 quis,
620 1368 821 1439 inquit,
862 1369 1214 1425 sermonibus
1253 1371 1610 1426 consentiens
1648 1371 1807 1436 meis,
1848 1370 2019 1424 conli-

440 1460 632 1516 denter
681 1462 827 1516 hunc
863 1461 1026 1515 addat
1067 1478 1398 1525 sermonem,
1443 1463 1631 1517 multis
1662 1464 1742 1518 sic
1780 1463 2025 1518 docenti-

445 1549 547 1602 bus
572 1549 905 1620 obsequens,
939 1549 1185 1604 scilicet:
1212 1548 1354 1621 Ergo
1370 1561 1424 1605 et
1455 1565 1655 1620 corpus
1677 1550 1822 1621 quod
1850 1550 2025 1621 primo

444 1641 774 1708 plasmatum
797 1638 865 1694 de
893 1649 1039 1694 terra
1080 1648 1186 1703 est,
1224 1655 1322 1709 per
1351 1654 1542 1694 omnes
1564 1654 1629 1694 ex
1659 1638 1849 1693 ordine
1881 1653 2027 1691 mor-

444 1732 583 1789 tales
610 1730 912 1787 immistum
946 1738 1208 1802 tanquam
1239 1733 1476 1785 humana
1509 1730 1567 1784 lit
1597 1729 1768 1785 lluxio
1790 1739 1843 1785 et
1885 1732 2027 1784 sicut

444 1839 511 1878 ex
542 1825 645 1879 ista
673 1823 858 1894 primo
879 1823 1145 1893 plasmata
1175 1823 1361 1879 radice
1393 1838 1458 1878 ex
1493 1823 1602 1877 alio
1635 1822 1801 1876 alium
1827 1821 2030 1877 habere

448 1914 726 1969 hominem
765 1929 832 1969 ex
864 1914 1088 1969 homine
1108 1930 1215 1968 non
1250 1921 1454 1970 cessat.
1500 1913 1763 1968 Similiter
1784 1921 1838 1968 et
1869 1927 1900 1966 a
1921 1912 2033 1968 Deo

449 2007 713 2077 inspirata
738 2008 919 2060 anima
948 2006 1001 2059 in
1035 2020 1266 2075 corpora
1309 2006 1589 2060 hominum
1616 2013 1822 2069 creata,
1861 2020 2036 2075 nuper

450 2097 594 2151 facta
622 2105 678 2152 et
700 2098 817 2168 ipsa
853 2097 1047 2153 incidit
1073 2106 1128 2153 et
1149 2098 1421 2167 ingeritur
1442 2106 1495 2152 et
1516 2104 1773 2167 tanquam
1799 2112 1830 2151 ο
1854 2096 2036 2151 radice

449 2190 640 2260 prima:
680 2189 980 2245 creationis
1019 2190 1186 2258 hujus
1232 2190 1289 2243 in
1324 2188 1521 2243 multas
1554 2197 1607 2243 et
1649 2203 1819 2243 novas
1854 2186 2036 2241 multi-

453 2282 690 2352 plicatur
709 2294 764 2337 et
799 2282 858 2336 in
891 2282 1145 2338 mortalia
1184 2290 1237 2336 et
1273 2281 1477 2337 similis
1505 2290 1769 2350 aspectus
1806 2293 2037 2349 corpora

455 2373 722 2429 dividitur
753 2376 1055 2431 secundum
1096 2375 1432 2429 voluntatem
1462 2382 1516 2429 et
1544 2372 1848 2429 efﬁcaciam
1875 2373 2042 2427 bene-

454 2468 689 2525 dicentis
718 2478 774 2524 et
805 2469 1050 2539 iubentis
1096 2476 1157 2524 ut
1200 2478 1475 2535 crescant,
1521 2476 1576 2523 et
1609 2468 2045 2539 nmltiplicentur

455 2571 510 2616 et
534 2562 782 2631 repleam
813 2562 1125 2619 universam
1152 2561 1345 2618 faciem
1379 2570 1559 2617 terras.

1797 404 2095 509 means
2124 426 2332 483 eum

3604 407 3711 464 σοις

2116 544 2187 600 78
2219 543 2357 599 "Hoc
2380 541 2500 612 μὲν
2529 541 2878 612 άρχεγόνοιο
2902 536 3133 606 βροτοῦ
3160 537 3356 604 δόσις,
3388 537 3511 592 κτλ.

2188 637 2256 700 Ἡ
2288 637 2388 708 μὲν
2417 637 2476 690 ἐν
2508 635 2706 707 ἀρχαῖς
2724 631 2819 687 τοῦ
2843 633 3189 704 προπάτορος
3212 632 3380 694 δέοις,
3402 630 3531 701 ἦτοι
3567 626 3721 681 πλά-

2114 747 2201 794 σις
2225 730 2323 783 καὶ
2351 728 2674 800 ἔμπνευσις,
2717 725 2810 780 τὸν
2852 726 3143 797 εἰρημένον
3178 723 3545 793 διεσκευάσθη
3589 722 3721 793 τρό-

2116 837 2217 873 πον
2241 836 2254 848 ·
2287 819 2347 885 ἐξ
2372 818 2590 889 ἐκείνης
2615 818 2673 870 δέ
2695 818 2796 886 τῆς
2826 816 3006 887 ἀρχῆς
3052 817 3180 888 ἄχρι
3210 816 3399 879 τέλους
3429 812 3579 885 σὰρξ
3617 812 3723 881 μὲν

2118 914 2185 966 ἐκ
2217 912 2439 982 σαρκὸς,
2461 910 2681 982 ψυχὴδὲ
2710 909 3014 981 βλαστοῦσα
3035 911 3099 962 ἐκ
3126 908 3309 980 ψυχῆς
3325 908 3422 979 (8),
3448 908 3516 961 τὺ
3552 905 3725 976 σῶμα

2120 1003 2221 1074 μὲν
2270 1004 2335 1056 ἐκ
2360 1001 2462 1072 τῆς
2496 1001 2816 1072 σωματικῆς
2856 1000 3067 1072 ῥύσεως
3112 998 3349 1071 ὁρατῶς,
3384 999 3418 1068 ή
3458 996 3623 1067 ψυχὴ
3664 996 3723 1047 δέ

2120 1093 2416 1164 ἀγνώστως
2462 1092 2560 1147 καὶ
2590 1092 2841 1165 ἀοράτως
2886 1094 2952 1163 τῇ
2986 1091 3083 1145 τοῦ
3126 1090 3378 1161 σώματος
3420 1087 3723 1142 διαπλάσει

2122 1185 2531 1239 συνεισπίπτειυ
2563 1183 2864 1248 πῶςοτοῦτο
2889 1183 2922 1255 ἢ
2958 1183 3074 1246 πῶς
3106 1184 3315 1249 ἐκεῖνος
3341 1182 3418 1246 ὼς
3441 1181 3615 1252 μόνος
3644 1175 3725 1233 οἷ-

2120 1277 2208 1330 δεν
2228 1278 2256 1331 ὁ
2283 1276 2499 1348 πρῶτον
2521 1275 2795 1346 συνθήσας
2819 1276 2919 1347 τὴν
2938 1274 3121 1328 είκόνα
3143 1274 3221 1345 τῷ
3250 1272 3336 1346 χοῖ
3368 1276 3459 1327 καὶ
3492 1273 3729 1342 πνεῦμα

2125 1364 2459 1437 συνόεδηκὼς
2501 1368 2568 1437 τῇ
2621 1366 2820 1437 σαρκί·
2884 1367 2933 1418 εί
2967 1366 3041 1437 μὴ
3074 1383 3178 1427 τις,
3216 1366 3373 1436 φησι,
3415 1367 3535 1429 τοῖς
3571 1368 3723 1434 ἐμοῖς

2125 1455 2443 1529 συνηγορῶν
2474 1454 2653 1524 λόγοις
2686 1456 2782 1511 καὶ
2813 1455 3001 1511 τοῦτον
3048 1455 3367 1528 θαρραλέως
3416 1456 3730 1526 προσθήσει

2124 1548 2218 1601 τὸν
2267 1548 2457 1616 λόγον,
2509 1546 2725 1611 πολλοῖς
2755 1546 2897 1602 οὕτω
2926 1546 3346 1617 δογματίζουσιν
3394 1548 3728 1617 ἑσπόμενος,

2126 1641 2203 1704 ὡς
2228 1640 2337 1712 ἀρα
2368 1641 2465 1694 καὶ
2490 1640 2553 1695 τὸ
2595 1638 2776 1710 σῶμα,
2819 1639 2880 1691 τὸ
2925 1639 3143 1710 πρῶτον
3189 1637 3429 1693 πλασθέν
3458 1640 3576 1692 ἀπὸ
3602 1640 3729 1709 γῆς,

2130 1734 2272 1805 πρὸς
2295 1732 2423 1795 τοὺς
2449 1732 2686 1803 καθεξῆς
2729 1731 2955 1805 βροτοὺς
3003 1732 3212 1795 πάντας
3253 1731 3729 1803 συγκιρνώμενον,

2132 1826 2321 1897 ὥσπερ
2350 1826 2622 1899 ἀνδρομέα
2650 1826 2862 1895 γίνεται
2891 1824 3071 1896 ῥύσις,
3089 1824 3183 1877 καὶ
3204 1823 3278 1887 ὡς
3309 1824 3417 1877 ἀπὸ
3443 1824 3549 1895 τῆς
3579 1841 3729 1895 πρυ-

2132 1920 2440 1974 τοπλάστου
2493 1919 2650 1992 ῥίζης
2700 1918 2916 1995 ἐκείνης
2945 1918 3132 1972 ἄλλοτε
3173 1917 3334 1971 ἄλλον
3363 1918 3568 1987 ἔχουσα
3603 1916 3729 1986 βρο-

2134 2011 2226 2065 τὸν
2265 2013 2330 2064 ἐκ
2379 2010 2573 2083 βροτοῦ
2620 2009 2721 2064 οὑκ
2767 2010 3051 2081 ἀπολήγει.
3101 2009 3405 2078 Ἀναλόγως
3450 2009 3509 2063 δὲ
3554 2009 3733 2077 τούτῳ

2137 2103 2229 2156 καὶ
2254 2105 2287 2174 ἡ
2323 2102 2474 2175 παρά
2514 2102 2648 2157 Θεοῦ
2680 2102 3005 2157 πνευσθεῖσα
3027 2103 3198 2175 ψυχὴ,
3226 2105 3342 2166 τοῖς
3380 2101 3488 2154 τῶν
3516 2100 3725 2174 ἀνθρώ-

2139 2211 2257 2248 πων
2293 2194 2509 2267 σώμασι
2565 2195 2986 2266 πλαττομένοις,
3043 2189 3134 2249 οἷα
3176 2194 3571 2265 ἀρτιγέννητος
3593 2233 3609 2256 ,
3642 2193 3729 2244 καὶ

2140 2277 2281 2357 αὑτὴ
2330 2286 2710 2340 συνεισπίπτει
2757 2287 2853 2341 καὶ
2900 2286 3246 2352 συνεξανθεῖ,
3296 2284 3394 2338 καὶ
3443 2284 3637 2355 ὥσπερ
3669 2287 3731 2337 ἐκ

2142 2377 2461 2449 σπέρματος
2490 2377 2587 2449 τῆς
2620 2378 2921 2450 ἀρχεγόνου
2962 2376 3144 2448 ψυχῆς
3175 2376 3392 2446 ἐκείνης
3428 2377 3508 2438 είς
3537 2375 3729 2437 πολλὰς

2144 2471 2236 2522 καὶ
2281 2469 2543 2541 ἀπείρους
2590 2468 2914 2540 πληθῦεται,
2971 2470 3067 2523 καὶ
3118 2468 3175 2522 ἐν
3219 2470 3334 2532 τοῖς
3381 2467 3599 2537 θνητοῖς
3644 2467 3731 2519 καὶ

2143 2561 2412 2633 ὁμοειδέσι
2476 2563 2694 2634 σώμασι
2748 2561 3218 2633 καταμερίζεται,
3276 2559 3421 2614 κατά
3486 2558 3732 2629 βούλημα

456 2657 550 2710 καὶ
575 2656 760 2722 σθένος
802 2656 902 2715 τοῦ
941 2658 1287 2728 εὐλογοῦντος
1316 2658 1411 2713 καὶ
1447 2658 1873 2730 προστάττοντος
1919 2655 2171 2721 αὐξάνειν
2209 2676 2271 2711 τε
2308 2659 2402 2713 καὶ
2429 2659 2692 2733 πληθύειν
2719 2658 2816 2714 καὶ
2856 2658 3099 2730 πληροῦν
3144 2656 3285 2713 ἅπαν
3340 2657 3405 2710 τὸ
3445 2655 3733 2726 πρόσωπον

455 2768 557 2823 της
590 2768 712 2822 γης.

458 2843 524 2899 91
610 2843 903 2915 Propterea
994 2846 1352 2917 principatum
1432 2843 1788 2899 intellectilem
1886 2853 2044 2897 nacta

1768 2936 1906 3009 last,
1938 2944 2045 2991 etc.

532 3028 669 3084 Cum
703 3044 738 3085 ε
763 3029 1032 3101 plasmato
1066 3029 1122 3085 in
1150 3028 1425 3102 principio
1456 3044 1485 3083 a
1521 3044 1686 3083 manu
1718 3027 1808 3083 Dei
1849 3035 2049 3083 cuncta

463 3138 530 3179 ex
571 3122 764 3179 ordine
794 3122 1078 3178 hominum
1110 3136 1368 3191 corpora.
1398 3120 1676 3175 communi
1716 3117 1963 3191 germine
1997 3123 2053 3172 et

466 3219 662 3268 natura
693 3211 960 3284 originem
996 3212 1222 3276 ducant,
1255 3226 1380 3265 cum
1424 3225 1491 3266 ex
1534 3209 1791 3281 primitus
1827 3209 1973 3263 farta
1999 3213 2053 3263 et

466 3304 654 3376 genita
754 3303 917 3376 primi
976 3303 1222 3375 parentis
1272 3304 1453 3357 anima
1508 3317 1604 3373 per
1649 3302 1954 3373 analogiam
2001 3307 2057 3355 et

467 3412 664 3454 omnes
702 3396 1015 3451 mortalium
1042 3394 1239 3450 animae
1266 3393 1535 3466 originem
1566 3394 1770 3450 ducant
1794 3392 1956 3449 modo
1981 3392 2059 3449 si-

469 3488 612 3551 mili.
649 3493 1054 3557 consequenter
1074 3492 1131 3542 et
1156 3486 1549 3558 intelligentem
1577 3487 1776 3543 mentis
1802 3492 2060 3557 praestan-

469 3580 601 3633 tiam
634 3578 946 3634 sortiuntur
975 3586 1210 3633 cunctas.
1242 3577 1543 3648 Postquam
1583 3578 1948 3649 objectionem
1979 3578 2060 3634 vi-

470 3670 552 3726 dit
586 3670 690 3726 sub
739 3670 831 3726 his
862 3670 1335 3741 propositionibus
1380 3677 1639 3725 retectam
1682 3669 1899 3726 divinus
1926 3670 2064 3725 scri-

477 3772 620 3832 ptor,
654 3776 855 3831 nempe
883 3761 950 3816 de
979 3762 1222 3817 motibus
1249 3760 1729 3817 irrationabilibus
1767 3769 1822 3816 et
1865 3763 2063 3831 ineptis

478 3851 793 3906 lactentium
823 3859 879 3906 et
911 3850 1225 3915 infantium,
1259 3851 1475 3906 victrici
1506 3850 1671 3906 modo
1701 3850 1844 3906 banc
1877 3853 2065 3923 expla-

477 3951 573 3998 nat
596 3944 847 4014 exemplo
872 3944 1057 3999 allato.
1084 3942 1220 3999 Nam
1253 3944 1400 4000 sicut
1431 3944 1485 3998 in
1513 3943 1841 4002 minusculis
1865 3944 2064 4004 ﬁstulis

476 4044 533 4092 et
564 4036 915 4107 perangustis
949 4036 1193 4092 validum
1241 4036 1437 4093 ﬂamen
1476 4051 1770 4093 remanens
1809 4037 2061 4109 exiguam

478 4138 534 4187 et
566 4130 750 4186 minus
780 4144 938 4199 atquo
970 4130 1187 4200 plenam
1222 4129 1601 4199 discrepanter
1637 4129 1838 4186 emittit
1866 4144 2060 4185 sonum

479 4232 907 4292 quantacunque
953 4222 1149 4292 peritia
1186 4230 1409 4293 praestet
1441 4222 1667 4278 tibicen.
1703 4221 1938 4289 Quando
1966 4238 2067 4276 au-

482 4323 589 4367 tem
622 4312 745 4368 latae
770 4313 965 4368 ﬁstula:
993 4321 1050 4368 et
1082 4313 1405 4371 barmonice
1427 4312 1620 4370 foratae
1654 4314 1711 4369 in
1740 4330 1938 4371 manus
1978 4332 2071 4386 pe-

482 4404 578 4460 riti
608 4404 709 4459 viri
742 4405 1059 4470 traduntur,
1083 4417 1215 4462 tunc
1237 4405 1535 4477 perlectam
1571 4413 1627 4462 et
1651 4421 1912 4462 canoram
1936 4407 2070 4461 dant

485 4511 698 4551 vocem.
752 4496 845 4553 Sic
876 4505 931 4552 et
955 4498 1199 4565 hominis
1219 4498 1399 4555 anima
1435 4499 1490 4553 in
1527 4497 1875 4555 infantilibus
1902 4499 2071 4553 imbe-

485 4586 630 4642 ciliis
670 4588 929 4645 membris
969 4588 1253 4651 intellectu
1284 4590 1492 4661 deﬁcit,
1526 4593 1626 4651 sed
1664 4591 1906 4662 perlecta
1941 4590 2075 4644 liant

486 4685 541 4731 et
573 4678 691 4747 ipsa
728 4678 1036 4735 illustratur
1075 4681 1294 4753 energia
1334 4682 1496 4752 plene
1534 4684 1747 4755 pollens
1781 4691 1836 4737 et
1880 4682 2073 4737 innato

487 4768 818 4840 proprioque
842 4770 1081 4844 ingenio.

489 4861 559 4917 97
604 4861 896 4935 Postquam
943 4874 1123 4920 autem
1161 4883 1315 4921 suum
1366 4866 1608 4925 condidit
1664 4864 1927 4919 hominem
1975 4864 2077 4916 im-

1428 4957 1699 5031 [mortalis
1735 4954 1931 5019 Filius,
1963 4965 2073 5011 etc.

565 5047 770 5106 Deinde
810 5050 1060 5111 divinum
1094 5048 1361 5115 Verbum,
1399 5050 1727 5106 immortalis
1758 5048 2077 5119 unigenitus

493 5142 674 5199 Patris
703 5158 830 5205 cum
875 5143 947 5199 ad
979 5142 1273 5213 imaginem
1316 5157 1472 5198 suam
1517 5141 1793 5196 hominem
1843 5139 2075 5207 creavit,

494 5241 721 5306 propter
753 5233 884 5305 quid
916 5234 1166 5290 creavit?
1213 5232 1284 5288 Ut
1322 5234 1565 5295 haberet,
1601 5231 1985 5301 inquit.‘bunc
2024 5232 2079 5285 in

498 5326 815 5382 novissimis
856 5325 1053 5382 diebus
1097 5325 1286 5396 gloriae
1320 5326 1554 5395 propria!
1597 5322 1802 5380 fontem
1845 5337 1982 5377 nova
2026 5330 2080 5376 et

497 5417 717 5475 sublimi
765 5416 1191 5475 adiuventione:
1249 5419 1512 5474 nimirum
1551 5424 1769 5473 creator
1797 5414 1853 5471 lit
1894 5415 2079 5480 homo,

568 5553 646 5622 (8)
687 5552 846 5621 Σὰρξ
866 5554 1049 5623 μὲν...
1081 5554 1149 5609 ἐκ

568 5573 646 5622 ιδ)
687 5573 841 5621 ιαρς
866 5573 1049 5623 μεν...
1081 5573 1149 5609 εκ
1195 5573 1203 5583 '
1249 5575 1252 5588 η

498 5632 742 5695 pugnent
782 5640 905 5677 cum
947 5626 1127 5680 verbis
1164 5573 1252 5680 Et:

500 5766 705 5818 viuitus
746 5765 979 5821 infundi.

572 5837 648 5902 (9i
680 5835 889 5890 Laudat
910 5837 1057 5891 hunc
1082 5836 1260 5892 locum
1292 5835 1455 5891 M‘icli.
1494 5835 1691 5905 Glyras
1726 5832 1919 5888 Annal.
1958 5848 2008 5905 ρ.
2043 5850 2079 5892 ι.

504 5921 556 5975 p.
582 5898 712 5972 .159,
750 5907 833 5972 l3,
854 5906 940 5962 ed.
969 5908 1181 5965 Bonn.:
1229 5905 1497 5978 Καθάπερ
1538 5897 1646 5979 γὰρ
1672 5905 1924 5975 μουσικὸς
1958 5897 2083 5977 sp...

1195 5552 1379 5624 i‘vzﬁc
1410 5554 1674 5625 expunxit
1699 5552 1921 5625 Billius,
1952 5550 2083 5621 quia

1214 5625 1408 5696 regorii
1452 5623 1598 5695 ψυχὴ
1640 5624 1687 5677 δ’
1729 5623 2080 5696 ἐπιμίσγεται

499 5696 723 5776 discute,
747 5696 963 5776 quibus
989 5696 1171 5776 verbis
1196 5694 1463 5767 signiﬁcat
1485 5694 1722 5750 animam
1755 5694 1971 5763 corpori
1999 5694 2082 5747 di-

2152 2836 2214 2893 9l
2243 2838 2530 2893 Τοῦνεκεν
2555 2838 2814 2907 orsoan
2838 2835 3057 2906 νοερὴν
3079 2834 3273 2903 ,λάχεν
3293 2834 3392 2904 (9),
3420 2834 3542 2886 κτλ.

2242 2930 2454 3003 Ἐπειδὴ
2486 2931 2566 3003 τῷ
2607 2932 2730 2984 κατ’
2774 2929 2950 3001 ἀρχὰς
2997 2929 3145 3001 χειρὶ
3172 2927 3308 2981 Θεοῦ
3358 2928 3728 2996 πλαστουργη-

2159 3023 2303 3077 θέντι
2333 3025 2511 3077 πάντα
2544 3023 2777 3095 καθεξῆς
2799 3022 2867 3077 τά
2895 3022 3003 3076 τῶν
3026 3020 3329 3092 ἀνθρώπων
3356 3018 3583 3090 σώματα
3603 3034 3727 3085 συμ-

2160 3118 2271 3188 φυᾶ
2308 3118 2404 3171 καὶ
2424 3117 2707 3189 ὁμοούσια,
2738 3118 2805 3187 τῇ
2840 3114 3231 3187 πρωτοκτίστῳ
3260 3113 3316 3165 δὲ
3348 3111 3382 3183 ἢ
3414 3109 3731 3182 πρωτογόνῳ

2158 3210 2253 3264 τοῦ
2286 3211 2633 3284 προπάτορος
2658 3210 2828 3282 ψυχῇ,
2860 3207 3139 3275 ἀναλόγως
3162 3206 3261 3259 καὶ
3284 3207 3455 3259 πᾶσαι
3484 3203 3593 3257 τῶν
3622 3202 3730 3272 .890—

2160 3302 2272 3356 τῶν
2305 3302 2518 3357 ἐκεῖθεν
2548 3302 2906 3373 βλαστάνουσι
2938 3300 3063 3355 καθ’
3096 3299 3389 3370 ὁμοιότητα
3409 3313 3424 3325 ο
3469 3294 3562 3349 διά
3590 3293 3731 3347 τοῦτο

2162 3396 2257 3448 καὶ
2286 3393 2596 3466 τὴννοεράν
2624 3395 2718 3448 τοῦ
2745 3394 2862 3458 νοὸς
2890 3392 3186 3465 ἠγεμονίαν
3213 3391 3420 3444 ἅπασαι
3451 3386 3726 3455 διαλαγιάο

2162 3503 2366 3541 νουσιν.
2412 3486 2629 3559 Ἐπειδὴ
2666 3486 2722 3539 δὲ
2747 3485 3019 3540 ἀντίθεσιν
3042 3482 3149 3538 εἶδε
3180 3483 3317 3554 τῷδε
3344 3482 3421 3551 τῷ
3452 3480 3594 3550 λόγῳ
3617 3481 3727 3532 ἀνα-

2164 3580 2478 3636 κύπτουσαν
2502 3580 2531 3633 ό
2566 3579 2850 3650 θεηγόρος,
2874 3578 2975 3650 τὴν
3004 3577 3229 3648 ἀνόητον
3268 3575 3363 3628 καὶ
3390 3574 3582 3642 ἄλογον
3604 3571 3737 3638 λέγω

2164 3674 2380 3746 κίνησιν
2408 3671 2515 3726 τῶν
2548 3674 2760 3744 νηπίων
2783 3672 2879 3726 καί
2917 3670 3155 3744 βρεφῶν,
3192 3667 3595 3741 παραδείγματι
3626 3663 3731 3716 ταύο

2162 3784 2264 3837 την
2290 3764 2533 3830 πιθανῶς
2558 3765 2696 3834 ἄγαν
2722 3763 3022 3818 ἐπιλύεται.
3053 3763 3141 3825 Ὡς
3168 3762 3281 3831 γάρ
3311 3762 3369 3813 ἐν
3403 3758 3733 3830 μικροτάτας

2165 3861 2350 3923 αὐλοῖς
2381 3859 2477 3914 καὶ
2523 3857 2869 3928 στενοπόροις
2900 3855 3121 3927 πνεῦμα
3156 3855 3298 3925 μέγα
3343 3848 3729 3917 ἐναπολειφθέν,

2172 3953 2364 4023 στενήν
2401 3968 2460 4004 τε
2487 3949 2582 4005 καὶ
2610 3949 2909 4021 ἔκτροπον,
2969 3947 2999 4001 ὅ
3026 3949 3141 4001 ἐστι
3170 3946 3433 4016 δύσηχον,
3462 3939 3729 3996 ἀναϐάλλει

2170 4046 2269 4116 τὴν
2301 4043 2462 4115 ἠχὴν,
2494 4045 2544 4097 εί
2574 4042 2669 4096 καὶ
2700 4042 2842 4096 πάνυ
2873 4043 2902 4095 ό
2929 4038 3165 4110 αὐλητὴς
3194 4038 3512 4107 ἐπιστήμων
3544 4034 3620 4087 ὢν
3649 4030 3726 4083 τὼ

2171 4154 2283 4213 χρέο
2314 4136 2479 4208 ἡνίκα
2501 4136 2546 4189 δ’
2569 4136 2635 4189 ἂν
2670 4134 2893 4197 πλατεῖς
2924 4134 2971 4186 οἱ
2993 4131 3147 4186 αὐλοὶ
3176 4130 3271 4184 καὶ
3307 4128 3631 4199 συμμέτρως
3653 4123 3726 4175 εὑ-

2175 4233 2406 4305 ρύποροι
2444 4230 2526 4294 είς
2560 4230 2751 4301 χεῖρας
2801 4225 2996 4297 ἀνδρὸς
3038 4224 3284 4296 τεχνίτου
3331 4218 3723 4291 περιενεχθεῖεν.

2171 4325 2294 4379 τότε
2326 4322 2392 4393 δὴ
2425 4320 2638 4375 τελείαν
2665 4318 2761 4372 καὶ
2788 4315 3063 4389 εῡρυθμον
3096 4316 3291 4384 ἀφιᾶσι
3330 4313 3429 4384 τὴν
3476 4310 3725 4381 φθογγήν⁸

2172 4414 2318 4469 οὕτω
2346 4414 2443 4466 καλ⁸
2481 4414 2516 4483 ἡ
2553 4409 2648 4464 τοῦ
2677 4407 2968 4480 ἀνθρώπου
2996 4405 3146 4478 ψυχὴ
3171 4446 3186 4469 ,
3235 4405 3295 4458 ἐν
3329 4402 3615 4473 νηπιώδεσι
3642 4399 3728 4469 μὲν

2174 4506 2476 4561 ἀσθενοῦσα
2515 4502 2737 4574 μέλεσιν
2778 4500 3085 4570 ἀνοηταίνει
3106 4539 3121 4562 ,
3150 4496 3546 4567 τελειουμένοις
3574 4493 3625 4547 δὲ
3652 4490 3725 4542 καὶ

2175 4598 2315 4670 αὑτὴ
2343 4595 2559 4657 τελείας
2600 4593 2701 4657 τὰς
2729 4592 3011 4664 ἐνεργείας
3066 4590 3161 4644 καὶ
3209 4589 3387 4643 πάντα
3436 4588 3531 4641 τὸν
3557 4586 3724 4639 οἰκεῖον

2178 4688 2591 4759 ωναναλὰμπει
2617 4686 2895 4757 σύμφυτον
2924 4683 3070 4737 νοῦν.

2180 4885 2251 4941 97
2296 4882 2495 4949 Αὐτὰρ
2552 4876 2761 4946 ἐπειδὴ
2821 4874 3036 4940 τεῦξεν
3100 4872 3205 4927 ἐὸν
3240 4869 3724 5014 ,βροῖξζόςᾶξξίτος

2266 5042 2487 5114 Ἐπειδὴ
2531 5045 2560 5096 ὁ
2614 5040 2758 5103 θεῖος
2790 5037 2997 5106 Λόγος,
3053 5035 3083 5088 ὁ
3120 5033 3391 5096 ἀθάνατος
3420 5031 3512 5085 τοῦ
3550 5026 3723 5097 Πατρὸς

2184 5138 2517 5207 Μονογενὴς,
2542 5135 2661 5189 κατ’
2686 5132 2871 5186 εἰκόνα
2894 5129 3027 5188 ἰδίαν
3054 5127 3147 5181 τὸν
3172 5126 3460 5198 ἄνθρωπον
3480 5118 3721 5191 ἐδημιούρ-

2182 5248 2350 5304 γησε,
2393 5230 2541 5291 τίνος
2570 5229 2790 5291 ἐνεκεν;
2854 5223 2945 5286 Ὦς
2978 5220 3075 5284 ἀν,
3121 5220 3307 5289 φησὶν,
3328 5218 3442 5289 ἔχοι
3475 5214 3646 5269 τοῦτον
3677 5211 3723 5309 ἓν

2183 5325 2421 5395 ἡμέραις
2450 5320 2709 5390 ἐσχάταις
2731 5315 2889 5384 δόξης
2923 5314 3062 5377 ίδίας
3082 5310 3341 5383 ἀφορμὴν
3368 5314 3719 5376 καινοπρεπους

2186 5416 2281 5471 καὶ
2312 5408 2786 5484 μεγαλοπρεποῦς,
2839 5407 2930 5460 ὅτε
2955 5404 3021 5475 δὴ
3048 5403 3142 5458 τοῦ
3179 5403 3465 5465 κτίσαντος
3493 5398 3719 5468 ἀνθρωπι-

2186 5566 2311 5611 στος
2346 5550 2405 5601 ἐν
2449 5548 2546 5619 μὲν
2598 5545 2815 5619 μικροῖς
2844 5540 3250 5619 αὐλοῖς-στενόν
3286 5556 3347 5593 τε
3383 5537 3475 5619 καὶ
3499 5534 3719 5619 Extat???

2189 5601 2348 5691 μέλος
2381 5601 2684 5689 ἀτέήχηοδεν,
2705 5601 2877 5685 ’ἡνίκα
2902 5612 2959 5664 δὲ
3002 5601 3342 5715 εὐρυπόρους
3386 5608 3513 5679 εῦρῃ
3542 5601 3715 5661 αὐλοὺς»

2189 5692 2303 5715 _.-_-
2328 5688 2426 5715 Α.-.
2455 5687 2615 5715 ...«.--::
2637 5687 2837 5715 -.ιαμ-ι..
2864 5682 2993 5715 mm.
3017 5682 3195 5715 ἔμε-ηε.
3237 5700 3295 5715 ε..
3317 5697 3333 5711 ι
3383 5678 3520 5715 εἴη...
3544 5668 3715 5715 valui/uc

2324 5668 2617 5760 mare;
2637 5668 2837 5756 τέχνην
2864 5682 2993 5760 an»:
3017 5668 3336 5760 ὑῖὶέδειξεκίί
3383 5668 3520 5760 οβξῶ
3544 5668 3717 5760 πλεάἲδξ

2185 5761 2276 5832 κῆν
2304 5751 2434 5824 (bG-6
2462 5751 3031 5832 θεόλογοέΤρηγόριος
3059 5756 3118 5807 ὲν
3146 5755 3257 5817 τοῖς
3282 5751 3566 5823 ἐμμέτροις
3586 5751 3717 5797 οὑτω

2185 5823 2437 5897 διέξεισιν
2464 5823 2641 5898 ἔπεσι,
2677 5846 2730 5883 κ.
2760 5823 2809 5881 τ.
2837 5823 2926 5889 ἐξ.
