3866 6514
66 415 148 471 m
929 398 998 454 ιιι
1037 398 1347 456 CARMINA
1390 403 1668 460 ARCANA
1712 403 1770 460 s.
1811 400 2173 459 cneconn.

65 541 241 601 a'ttvcog
261 527 346 584 καὶ
367 525 485 579 νέου
501 522 672 594 Ἀδὰμ
694 521 1089 594 γεγενημένου,
1117 523 1147 576 ό
1171 524 1399 588 παλαιὸς
1413 524 1586 596 ’Δδάμ

61 633 131 689 6ιᾶ
155 628 360 685 πίστεως
386 618 503 672 ὅλον
526 615 589 670 τὸ
619 614 808 687 γήϊνον
833 612 1094 686 ἀμείψας.
1117 617 1209 669 καί
1234 614 1316 686 τῷ
1348 615 1589 688 οὐρανίῳ

60 721 155 792 Θεῷ
183 707 600 788 προσκολληθεὶς,
628 704 762 770 Θεὸς
783 704 934 778 αὐτῷ
973 706 1286 761 συνοδεύσει
1313 706 1454 778 πρὸς
1494 706 1588 760 τὸν

55 810 260 886 οὐρανόν.
297 800 502 871 Ταύτην
547 799 754 871 μεταξὺ
788 796 885 852 τοῦ
936 797 1097 868 λόγου
1147 800 1248 871 τὴν
1281 801 1461 855 αἰτίαν
1487 801 1590 872 τῆς

57 904 265 963 πλάσεως
309 891 732 964 ὑπαινιξάμενος
774 891 970 959 ἐπάγει
993 907 1008 921 ο
1060 909 1079 942 ι
1111 890 1250 947 Οὔτε
1295 910 1423 965 μιν,
1475 893 1588 946 οὒτ’

56 998 248 1066 ἀνέηκεν
290 985 584 1058 ἐλεύθερον,
611 1005 628 1035 ι
667 985 764 1038 καὶ
808 984 969 1055 ἑξῆς·
1023 983 1050 1038 ὃ
1104 984 1163 1038 δὲ
1195 985 1383 1054 λέγει,
1434 985 1590 1040 τοῦτό

56 1097 180 1145 ἐστιν
207 1102 220 1117 ·
270 1082 350 1143 ’ος
376 1076 498 1131 οὔτε
530 1077 879 1131 παντάπασιν
911 1074 1199 1148 ἐλεύθερον
1245 1078 1460 1148 ἀφῆκεν
1495 1078 1590 1132 τὸν

52 1179 294 1249 ἄνθρωπον
324 1169 414 1224 καὶ
447 1167 842 1222 αὑτοδέσποτον
887 1166 1028 1238 (πῶς
1075 1167 1186 1240 γὰρ
1212 1169 1308 1223 καὶ
1339 1165 1408 1242 ἦν
1439 1168 1589 1233 ἄξιον

49 1269 133 1334 ἐξω
155 1266 240 1335 τῆς
283 1257 718 1329 παντοκράτορος
764 1255 978 1310 κεῖσθαι
1019 1257 1426 1326 δεσποπείας;),
1461 1257 1588 1313 οὔτε

47 1362 93 1417 δὲ
112 1353 356 1416 παντελῶς
379 1350 565 1405 τοῦτον
588 1350 791 1423 τρόπον
812 1349 1023 1419 ἀλόγων
1049 1351 1298 1423 ἀνάγκης
1325 1351 1588 1417 ὑπέζευξε

45 1452 198 1522 ζυγοῖς
216 1466 230 1480 ο
260 1447 348 1501 τὸν
379 1443 610 1516 φυσικὸν
633 1443 690 1497 δὲ
718 1443 883 1515 νόμον
905 1445 1002 1498 καὶ
1026 1445 1240 1513 ἀγαθὰς
1273 1445 1485 1509 ἐννοίας
1517 1449 1583 1518 τῇ

47 1541 181 1597 αὑτοῦ
225 1537 414 1609 καρδίᾳ
456 1533 912 1607 ἐγγραψάμενος,
971 1536 1031 1588 ὲν
1079 1538 1194 1600 τοῖς
1241 1536 1587 1607 μεσαιτάτοις

39 1634 114 1688 τοῦ
138 1627 401 1690 ἁειθαλοῦς
447 1627 779 1698 παραδείσου
816 1626 1227 1697 ἀμφιτάλαντον
1263 1627 1448 1699 τίθησι
1478 1645 1586 1697 χω·

41 1723 182 1792 ρῖοις.
208 1715 294 1772 καὶ
323 1716 652 1788 ἀμεριρρεπῆ
711 1716 810 1788 μὲν
845 1716 921 1780 ὡς
946 1715 1302 1787 αὐτοκίνητον
1330 1718 1426 1772 καὶ
1454 1718 1588 1770 αύτ-

35 1808 480 1884 εξούσιον,γυμνὸν
509 1809 566 1862 δὲ
592 1808 667 1872 ώς
688 1809 898 1863 ἁπλοῦν
923 1809 1018 1862 καὶ
1041 1809 1336 1881 ἀπόνηρον,
1364 1809 1586 1878 διπλόης

35 1923 82 1958 τε
107 1904 266 1976 πάσης
293 1900 580 1974 ἐλεύθερον
611 1901 706 1955 καὶ
746 1902 1092 1974 ὑποκρίσεως
1115 1917 1129 1932 '
1168 1903 1263 1958 καὶ
1300 1905 1408 1974 γὰρ
1437 1901 1589 1973 ἐμοι-

31 2015 82 2065 γε
107 1998 249 2070 κριτῇ
297 1996 330 2066 ἡ
371 1993 739 2064 θεόφθεγκτος
770 1995 1089 2067 ἀπεφήνατο
1125 1997 1277 2068 φωνή
1298 2012 1313 2028 ο
1345 1997 1374 2050 ό
1405 1996 1586 2066 παρά-

31 2088 177 2149 δεισος
217 2077 366 2147 οὗτος
417 2083 650 2154 οὐρανία
701 2083 1032 2155 χρηματίζει
1088 2085 1428 2150 κατάστασις
1494 2086 1588 2139 καὶ

27 2174 178 2229 δίαιτα
205 2173 367 2243 ἀγίων
407 2174 570 2238 νοῶν,
599 2169 661 2228 οῦ
712 2174 776 2246 δὴ
813 2175 906 2228 τὸν
935 2175 1221 2248 ἄνθρωπον
1249 2179 1308 2230 ὲν
1341 2178 1538 2249 ἀρχαῖς
1559 2179 1589 2231 ό

27 2265 473 2338 πλάτας.γεωργδν
503 2265 722 2321 ὲννοιῶν
746 2266 909 2321 θείων
939 2269 1036 2330 καὶ
1059 2268 1236 2337 λόγων
1256 2269 1587 2343 δραστήριον

27 2358 249 2430 ἐθήκατο.

27 2471 104 2526 107
140 2472 271 2526 Οίου
302 2489 414 2541 μιν
437 2470 699 2543 ἀπέεργε
731 2473 1120 2542 τελειοτέροιο
1149 2475 1384 2545 φυτοῖο,
1402 2475 1524 2530 κτλ.

86 2562 216 2626 Ἑνὸς
246 2561 416 2632 φυτοῦ
455 2564 622 2634 μόνου
666 2563 765 2636 τὴν
815 2565 1006 2634 γεῦσιν
1053 2565 1330 2620 ἐκώλυσεν
1374 2569 1403 2620 ό
1437 2565 1585 2621 Πλα-

21 2650 266 2722 στουργός.
305 2651 367 2704 Εί
399 2653 508 2723 μέν
535 2671 588 2706 τι
622 2655 716 2708 καὶ
746 2653 902 2718 ξύλου
938 2651 1077 2720 εἶδός
1106 2672 1158 2709 τι
1183 2650 1255 2727 ἦν
1280 2657 1399 2709 ἐκεῖ
1425 2654 1486 2708 τὸ
1510 2654 1588 2728 τῷ

19 2740 392 2814 πρωωπλάστῳ
415 2743 899 2816 ἀπηγορευμένον,
943 2747 1059 2809 τοῖς
1085 2745 1334 2800 εἰποῦσιν
1358 2747 1420 2800 οὺ
1453 2746 1584 2799 διοίο

17 2850 193 2904 σομαι·
254 2834 499 2907 θεωρίας
555 2837 612 2890 δὲ
660 2836 964 2909 μετάληψιν
1005 2837 1317 2908 κρείττονος
1360 2837 1394 2904 ἥ
1444 2838 1588 2892 κατά

17 2928 97 2998 τὴν
125 2927 228 2994 ἕξιν
270 2928 445 3000 Ἀδὰμ
487 2929 550 2984 τὸ
593 2929 758 2999 φυτὸν
788 2931 967 2984 έκεῖνο
1000 2932 1142 2985 νοεῖν
1169 2931 1263 2985 καὶ
1293 2931 1434 2986 πάνυ
1463 2947 1587 2986 συν-

17 3021 220 3091 θήσομαι
250 3020 328 3092 τῷ
354 3020 694 3093 διδασκάλῳ.
743 3021 896 3094 Αὕτη
927 3022 1058 3094 γὰρ,
1092 3024 1251 3095 φησὶ,
1279 3023 1497 3078 τελείαν
1529 3026 1588 3076 ὲν

17 3111 154 3182 ἑαυτῇ
183 3110 462 3182 διάκρισιν
496 3109 594 3165 τοῦ
639 3110 848 3181 ἀγαθοῦ
891 3128 952 3166 τε
981 3113 1096 3184 ἔχει
1129 3113 1228 3167 καὶ
1259 3112 1353 3167 τοῦ
1387 3111 1583 3178 κακοῦ,

17 3201 127 3256 ma
148 3203 234 3256 τὸν
274 3204 452 3276 αὐτῆς
507 3203 1036 3276 μεταλαμϐανομένη
1063 3204 1256 3276 καιρόν
1281 3221 1298 3236 ·
1349 3204 1418 3258 δι’
1457 3204 1485 3257 ὃ
1525 3205 1585 3258 ού

17 3298 101 3356 τοῖς
127 3296 258 3369 πρὸς
287 3298 428 3352 Θεὸν
458 3297 673 3351 ὁδεύειν
711 3297 1070 3369 ἀρχομένοις,
1098 3298 1216 3370 ἦτοι
1245 3297 1464 3369 νηπίοις
1490 3297 1585 3352 καὶ

17 3385 224 3440 ιτελέσιν
253 3391 315 3441 ὲν
353 3387 616 3461 Χριστῷ,
637 3388 940 3462 λυσιτελὴς,
967 3388 1104 3442 ἀλλὰ
1125 3392 1237 3453 τοῖς
1262 3391 1359 3460 τὴν
1390 3387 1585 3461 νοεράν

17 3481 375 3549 τροκεκοφόσιν
413 3479 665 3552 ἠλικίαν,
706 3479 801 3534 καὶ
838 3482 919 3544 είς
965 3479 1164 3552 μέτρον
1204 3481 1586 3554 πνευματικῆς

17 3567 292 3634 ινᾱϐἀσεως
319 3572 381 3624 ὲν
411 3569 769 3652 θεωρίαοκαὶ
801 3569 1001 3642 πράξει
1045 3570 1281 3643 Χριστοῦ
1312 3589 1587 3644 κατηντη-

17 3663 147 3726 ιόσιν,
181 3664 444 3718 τοσοῦτον
488 3663 806 3735 βαρύνουσα
831 3663 957 3727 τοὺς
990 3663 1223 3728 ἀτελεῖς,
1261 3665 1385 3719 ὅσον
1412 3667 1508 3720 καὶ
1552 3667 1587 3738 ἡ

17 3757 171 3830 τερεά
204 3759 388 3830 τροφὴ
433 3759 577 3822 τοὺς
632 3756 902 3826 γάλακτος
954 3757 1034 3812 ἔτι
1076 3757 1382 3830 δεομένους.
1445 3759 1588 3814 Ἀλλ’

18 3847 162 3918 ηπειδὴ
187 3847 283 3901 τοῦ
315 3847 601 3920 φθονεροῦ
635 3847 892 3918 δαίμονος
922 3847 1246 3912 ἐπιϐουλαῖς
1279 3848 1372 3902 καὶ
1401 3866 1590 3920 γυναι·-

17 3939 74 4003 ab;
99 3941 330 4011 παραινέ
342 3957 506 3994 σεσιν
531 3940 812 4014 ἡττηθεὶς,
839 3941 939 4009 τῆς
963 3941 1344 4013 ἀπειρημένης
1376 3943 1589 4015 ἐκείνης

17 4029 215 4095 ἐύσεως
262 4033 378 4104 πρὸ
420 4031 584 4104 ὥρας
632 4033 728 4086 καὶ
759 4033 911 4104 παρά
944 4031 1041 4104 τὴν
1071 4031 1292 4104 ἐντολὴν
1330 4033 1586 4104 μετέσχε,

17 4124 98 4186 οὺς
124 4123 499 4196 δερματίνους
533 4123 635 4196 μὲν
667 4121 922 4196 χιτῶνας,
957 4124 1080 4196 ἦτοι
1103 4124 1203 4189 τὴν
1235 4126 1463 4196 βαρεῖαν
1493 4124 1590 4178 καὶ

21 4215 173 4288 νητὴν
221 4217 438 4290 σάρκα,
492 4216 621 4271 ἀντὶ
656 4215 751 4270 τοῦ
775 4216 1219 4286 ζδιαφανεστάτου
1269 4216 1362 4271 καὶ
1399 4217 1592 4270 λεπτο-

18 4309 133 4364 ἀτου
161 4309 437 4384 ’σώματος
464 4310 808 4382 νεκροφόρος
843 4310 1162 4380 ἀμφιάσατο
1195 4306 1454 4380 γεγονώς.
1499 4307 1589 4379 Τῷ

17 4403 158 4473 νητὺν
181 4403 240 4456 δὲ
268 4403 478 4457 τοῦτον
523 4403 802 4472 γενέσθαι,
838 4401 1194 4456 διακέκοπται
1226 4401 1324 4473 μὲν
1349 4402 1382 4472 ἡ
1406 4402 1590 4474 ἀμαρ-

17 4493 61 4546 ία
84 4493 157 4565 τῷ
183 4494 442 4568 θανάτῳ,
466 4495 552 4560 ὡς
574 4495 649 4568 μὴ
669 4493 996 4560 διαιωνίζειν
1012 4493 1072 4547 τὸ
1103 4494 1295 4560 κακὸν,
1323 4493 1590 4548 καὶτοῦτο

17 4589 30 4636 ὲ
56 4585 211 4654 ἔργον
241 4588 610 4658 ἀγαθὸτητος
640 4586 804 4640 Θεοῦ’
835 4586 999 4652 αὐτὸς
1028 4587 1086 4640 δὲ

17 4700 70 4752 l7
118 4697 310 4757 Ἦλθε
367 4701 506 4774 μὲν
569 4700 797 4767 ἄλσεος
845 4699 1019 4774 ἐκτὸς
1073 4698 1174 4774 ἐπὶ
1212 4699 1423 4774 κράναν
1465 4698 1588 4774 Fac

998 4763 1370 4842 [γένοξῆεν.
1397 4768 1514 4823 κτλ.

38 4883 204 4938 Τοῦτο
239 4886 349 4958 τῆς
377 4881 718 4958 παραϐολῆς
740 4883 802 4938 τὸ
831 4882 1044 4956 κέρδος,
1079 4884 1176 4938 καὶ
1209 4881 1414 4954 ταύτην
1443 4883 1476 4936 ὀ
1498 4882 1590 4936 ἄν’

17 4991 180 5042 ρωπος
222 4978 508 5032 ἀπώνατο
547 4975 652 5047 τῆς
701 4975 1068 5048 παραϐάσεως
1115 4976 1444 5046 ἀντάμειψιν
1470 5015 1486 5041 ,
1530 4977 1593 5030 τὸ

17 5071 68 5136 ξω
85 5075 279 5127 πεσεῖν
294 5072 398 5127 τοῦ
427 5070 798 5142 παραδείσου,
817 5072 913 5124 καὶ
941 5072 1020 5133 είς
1040 5072 1164 5140 γῆν,
1185 5069 1246 5135 ἐξ
1260 5063 1329 5142 ἦς
1354 5069 1589 5142 ἐλήφθη,

17 5167 299 5237 τραφῆναι,
322 5168 428 5220 καὶ
454 5165 615 5235 ζωὴν
643 5163 921 5217 ἐπώδυνον
942 5164 1036 5217 καὶ
1062 5162 1401 5234 πολύμοχθον
1423 5180 1591 5218 κατα.-

17 5257 213 5328 )ιθῆναι
238 5273 262 5292 ⁸
287 5258 375 5330 τῷ
411 5256 666 5330 ὲριτίμῳ
689 5256 748 5310 δὲ
779 5256 882 5324 τῆς
911 5254 1056 5326 ζωῆς
1083 5240 1326 5326 ξύλῳτῷ
1354 5258 1414 5309 ὲν
1438 5254 1590 5328 μέσῳ

17 5349 54 5401 οὗ
89 5351 444 5422 παραδείσου
477 5347 785 5419 νοουμένῳ,
838 5348 866 5401 ὃ
908 5349 975 5418 δὴ
1012 5348 1174 5420 τυχὸν
1220 5351 1256 5419 ἡ
1285 5349 1588 5420 ἀκραιφνε-

17 5442 131 5514 τάτη
167 5442 314 5497 Θεοῦ
347 5441 588 5513 θεωρία
614 5441 712 5494 καὶ
763 5441 1040 5512 ἀκροτάτη
1087 5439 1184 5494 τοῦ
1209 5428 1596 5512 ἀκαταλήπτου

17 5535 160 5600 ιῶσίς
190 5538 357 5599 ἐστι,
406 5533 607 5603 τούτῳ
647 5532 712 5605 δὴ
736 5532 814 5604 τῷ
850 5533 1001 5604 φυτῷ
1045 5533 1138 5587 τὸν
1165 5531 1387 5605 πύρινον
1426 5532 1594 5587 αὐτοῦ

17 5628 142 5698 ιλον,
166 5629 230 5685 ὃν
254 5629 363 5690 καῖ
392 5625 680 5698 φλογίνην
711 5627 984 5698 ῥομφαίαν
1008 5628 1042 5699 ἡ
1078 5625 1199 5681 θεία
1224 5625 1374 5695 λέγει
1399 5625 1590 5699 Γραφὴ

17 5722 54 5774 il.
79 5723 418 5794 Χερουϐεὶμ
447 5718 580 5793 (10)
606 5717 988 5791 κατονομάζει,
1008 5719 1302 5783 ἀγγελικάς
1333 5718 1591 5791 δυνάμεις

31 5905 142 5976 (l0)
167 5901 560 5975 Χερουσειμ.
605 5899 696 5955 Sic
726 5898 920 5957 todcx.

3181 398 3287 453 698

1687 525 1746 582 lit
1774 539 1952 582 novus
1982 523 2196 589 Adam;
2247 521 2375 576 hinc
2403 529 2561 576 vetus
2586 521 2758 576 Adam
2788 537 2887 592 per
2923 519 3083 576 fidem
3118 536 3283 576 omne

1693 626 1973 672 terrenum
2015 616 2272 670 immutat
2320 621 2375 668 et
2415 612 2558 669 Deus
2606 613 2981 684 agglutinatus
3023 611 3136 669 Deo
3167 628 3284 668 cin-

1691 709 1834 774 lesti,
1882 723 2010 763 cum
2055 709 2175 777 ipso
2225 720 2459 776 pergens
2503 705 2608 759 iter
2651 707 2916 762 ascendet
2962 706 3020 761 in
3053 706 3277 763 celum.

1691 800 1844 857 Hanc
1888 802 1944 856 in
1995 799 2284 855 tractando
2321 813 2545 852 causam
2590 797 2974 868 plasmatinnis
3029 799 3280 855 revolans

1689 893 1906 964 pergit:
1939 909 1960 943 ι
1997 890 2107 946 Nec
2143 906 2268 946 eum
2294 889 2531 944 libenter
2560 888 2689 943 sivit
2722 888 2981 953 liberum,
3013 907 3032 941 ι
3067 899 3122 945 et
3158 904 3276 959 seq.

1691 982 1746 1038 Id
1771 993 1875 1048 est,
1931 983 2076 1039 sicut
2105 997 2214 1037 non
2250 981 2565 1036 omnimode
2609 979 2842 1036 liberum
2879 980 3135 1050 permisit
3182 983 3281 1036 ho-

1690 1075 1893 1132 minem
1917 1084 1973 1132 et
1995 1078 2080 1133 sui
2111 1079 2279 1148 juris,
2305 1107 2379 1121 —
2401 1080 2681 1151 quomodo
2713 1081 2859 1135 enim
2888 1078 3113 1149 dignum
3138 1077 3278 1135 fuis-

1691 1175 1774 1223 set
1800 1168 2078 1226 hominem
2108 1171 2502 1228 dominationis
2525 1170 2930 1242 Omnipotentis
2957 1177 3276 1239 exemptum

1690 1268 1838 1314 stare
1856 1260 1962 1314 i—
1980 1278 2085 1317 nec
2115 1262 2339 1316 omnino
2362 1261 2514 1318 illum
2539 1261 2672 1333 iugo
2689 1260 3038 1317 necessitatis
3055 1258 3283 1314 irratio-

1690 1351 1953 1406 nabilium
1983 1367 2141 1408 more
2166 1353 2433 1420 revinxit;
2464 1351 2561 1407 sed
2605 1351 2724 1423 lege
2751 1350 2991 1406 naturali
3021 1360 3078 1407 et
3111 1351 3283 1404 rectis

1689 1443 2115 1514 cogitationibus
2155 1444 2212 1499 in
2239 1442 2406 1499 corde
2442 1443 2616 1514 ipsius
2639 1443 2953 1513 inscriptis,
2990 1442 3045 1496 in
3085 1441 3282 1495 mediis

1688 1537 1929 1607 paradisi
1957 1537 2254 1593 viridantis
2279 1537 2370 1591 'ad
2415 1545 2652 1605 utraque
2690 1543 2876 1606 aptum
2915 1535 3072 1606 ponit
3102 1535 3284 1601 regio-

1686 1630 1874 1694 nibus,
1905 1629 1971 1684 ad
2003 1639 2235 1699 utraque
2289 1629 2446 1699 quasi
2495 1627 2790 1698 proclivem
2812 1666 2828 1690 ,
2861 1631 2954 1698 qui
2989 1625 3280 1679 affectuum

1687 1729 1834 1778 esset
1865 1737 2115 1793 compos,
2161 1722 2426 1792 suiipsius
2468 1720 2708 1779 arbitrii.
2750 1719 2902 1789 ponit
2944 1727 3000 1772 et
3049 1715 3280 1774 nudum,

1687 1815 1779 1885 qui
1821 1815 2048 1884 simplex
2075 1821 2130 1869 et
2167 1813 2374 1883 absque
2407 1812 2639 1876 malitia,
2671 1811 2811 1866 liber
2838 1818 2988 1865 esset
3031 1809 3101 1861 ah
3131 1807 3281 1862 omni

1690 1903 2022 1974 duplicitate
2053 1910 2110 1958 et
2153 1901 2456 1974 hypocrisi.
2515 1901 2644 1958 Mihi
2687 1900 2833 1978 enim
2879 1899 3054 1969 judici
3101 1913 3202 1952 vox
3251 1912 3283 1950 a

1691 1996 1800 2056 Deo
1839 2004 1990 2052 certe
2023 1995 2269 2050 insonuit
2305 2014 2318 2050 :
2354 1994 2656 2050 Paradisus
2689 1993 2792 2048 iste
2837 1993 3059 2054 cmleste
3099 1991 3281 2045 ilrma-

1689 2097 1934 2144 mentum
1993 2095 2257 2151 vocatur,
2335 2095 2392 2141 et
2435 2095 2757 2142 sanctorum
2796 2083 3088 2152 spirituum
3135 2081 3284 2144 vita,

1688 2181 1848 2249 cujus
1873 2181 1928 2236 in
1965 2180 2239 2252 principio
2273 2179 2555 2234 hominem
2582 2177 2816 2233 Creator
2846 2176 3114 2230 cultorem
3145 2189 3281 2229 con-

1688 2272 1890 2332 stituit,
1950 2271 2318 2342 cogitationes
2353 2283 2752 2339 sermonesque
2790 2266 3009 2322 clivinos
3049 2280 3286 2334 operose

1686 2367 2097 2421 observantem.

1688 2475 1791 2531 107
1831 2474 1949 2530 Una
1981 2476 2031 2530 ei
2058 2474 2336 2529 interdixit
2367 2473 2680 2543 perfectiora
2710 2469 2919 2532 arbore,
2962 2477 3069 2523 etc.

1759 2565 1936 2621 Unius
1971 2575 2184 2621 tantum
2223 2565 2439 2620 fructus
2472 2572 2691 2635 gustum
2729 2564 2904 2616 vetuit
2947 2559 3284 2614 Ptasmator.

1687 2655 1843 2723 Quod
1879 2657 2044 2712 fuerit
2072 2655 2280 2727 aliquid
2321 2654 2612 2726 pulchrum
2661 2653 2715 2706 in
2761 2652 2906 2722 ligno
2952 2653 3051 2704 hoc
3093 2659 3286 2720 proto-

1688 2751 1903 2820 parenti
1941 2750 2282 2821 prohibitum
2310 2748 2498 2803 dicant
2522 2747 2636 2812 alii,
2665 2761 2776 2800 non
2809 2753 3002 2800 contra
3035 2744 3287 2807 iavehar,

1689 2843 1782 2898 sed
1815 2843 2282 2899 considerationis
2325 2841 2642 2913 allegoriam
2693 2838 2938 2893 melioris
2978 2833 3161 2907 quam
3197 2852 3286 2892 se-

1689 2935 1932 2990 cundum
1959 2951 2121 2990 usum
2156 2935 2329 2989 Adam
2356 2933 2509 2988 illum
2544 2931 2846 3002 intelligere
2875 2930 3136 2994 fructum,
3165 2945 3289 2999 pro-

1691 3027 1834 3084 fecto
1868 3028 2211 3084 consentiam
2249 3027 2554 3097 magistro:
2589 3023 2722 3091 Quae
2762 3024 3039 3094 allegoria,
3076 3023 3282 3093 inquit,

1690 3118 1995 3190 perfectum
2023 3119 2078 3173 in
2105 3133 2166 3174 se
2199 3117 2318 3188 ipsa
2353 3115 2625 3188 judicium
2659 3114 2728 3170 de
2761 3115 2906 3170 bono
2932 3122 2984 3168 et
3017 3114 3161 3168 malo
3186 3113 3286 3168 ha-

1693 3213 1808 3275 bet,
1843 3220 2065 3282 accepta
2107 3211 2163 3264 in
2195 3208 2372 3279 ipsius
2407 3217 2657 3278 tempore
2692 3213 3026 3278 opportuno.
3075 3204 3291 3261 Idcirco

1688 3301 1952 3375 act-edere
1979 3298 2048 3354 ad
2080 3297 2248 3354 Deum
2275 3297 2702 3365 incipientibus,
2737 3295 3044 3351 infantibus
3073 3295 3287 3350 scilicet

1686 3401 1740 3450 et
1770 3390 2106 3462 imperfectis
2138 3390 2192 3444 in
2219 3388 2441 3443 Christo
2471 3402 2581 3442 non
2606 3388 2849 3458 expedit,
2893 3387 2989 3441 sed
3020 3396 3182 3442 aetate
3206 3386 3287 3439 in-

1690 3483 1952 3556 telligenti
1996 3483 2274 3554 provectis
2307 3489 2362 3536 et
2398 3479 2467 3535 iis
2502 3479 2596 3550 qui
2640 3479 2710 3534 ad
2757 3479 3011 3535 altiorem
3049 3477 3285 3547 spiritus

1689 3589 2003 3630 mensuram
2028 3575 2081 3629 in
2101 3573 2545 3630 consideratione
2571 3579 2626 3626 et
2651 3572 2910 3642 operibus
2931 3569 3137 3624 Christi
3167 3583 3287 3639 per-

1690 3675 1981 3726 venerunt.
2027 3667 2155 3723 Hinc
2203 3682 2332 3722 vero
2386 3673 2598 3719 tantum
2648 3678 2883 3734 gravatis
2929 3661 3287 3732 imperfectos

1691 3771 1960 3833 quantum
1995 3759 2156 3816 solidi
2188 3758 2296 3814 cibi
2335 3773 2433 3813 eos
2465 3757 2561 3828 qui
2607 3757 2748 3812 lacte
2790 3754 2972 3810 adhuc
3015 3753 3284 3822 indigent.

1693 3850 1800 3908 Sed
1835 3863 2123 3922 postquam
2149 3848 2322 3904 invidi
2347 3849 2703 3904 suasionibus
2724 3846 2934 3902 diaboli
2956 3853 3010 3899 et
3032 3844 3288 3900 mulieris

1690 3943 2108 3998 invitationibus
2141 3943 2342 4005 victus,
2373 3943 2601 3996 vetitum
2638 3938 2878 3994 fructum
2905 3945 3034 3991 ante
3067 3944 3288 4006 tempus

1692 4043 1747 4092 et
1779 4043 1979 4107 praeter
2013 4032 2334 4089 mandatum
2361 4034 2622 4103 gustavit,
2649 4031 2894 4102 pelliceis
2922 4029 3128 4084 tunicis
3155 4044 3283 4098 gra-

1692 4145 1810 4184 vem
1848 4136 1903 4184 et
1941 4126 2232 4182 mortalem
2273 4139 2496 4180 carnem
2543 4139 2666 4194 quae
2695 4123 2973 4178 successit
3011 4120 3190 4176 nitido
3231 4128 3287 4173 et

1693 4219 1905 4292 Inlgido
1931 4217 2154 4287 corpori
2184 4215 2363 4270 letifer
2386 4216 2628 4280 vestivit,
2656 4215 2774 4286 ipse
2801 4213 2906 4270 sub
2934 4213 3021 4268 his
3043 4212 3110 4266 ad
3137 4227 3286 4266 mor-

1691 4323 1801 4369 tem
1821 4312 2163 4383 designatus.
2188 4308 2485 4380 Frangitur
2506 4319 2686 4364 autem
2715 4315 3000 4378 peccatum
3026 4321 3122 4378 per
3147 4320 3289 4360 mor-

1693 4415 1801 4460 tem
1845 4403 1918 4457 ita
1948 4414 2007 4456 ut
2035 4418 2144 4457 non
2173 4402 2245 4457 sit
2268 4408 2536 4455 aeternum
2561 4402 2795 4466 malum,
2827 4407 3052 4454 auctore
3080 4398 3288 4468 optimo

1697 4496 1807 4551 Deo
1835 4515 1850 4551 :
1884 4494 2061 4550 Homo
2092 4509 2219 4550 vero
2249 4494 2367 4565 ipse

1699 4702 1797 4757 117
1843 4699 2057 4771 Ejectus
2102 4717 2129 4755 ε
2157 4700 2415 4770 paradiso
2446 4699 2585 4754 venit
2610 4699 2665 4753 iu
2703 4708 2899 4752 terram
2919 4714 2968 4771 _e
2992 4713 3096 4764 qua
3137 4708 3288 4752 ortus

2917 4767 3078 4840 [erat,
3107 4775 3213 4823 etc.

1769 4887 1872 4943 llic
1924 4885 2374 4943 fuitdivisionis
2424 4884 2682 4952 fructus,
2754 4883 2890 4938 illud
2945 4883 3292 4952 comparavit

1698 4979 1864 5036 homo
1897 4979 2344 5048 transgressione
2369 4992 2470 5032 sua
2496 4976 2645 5048 quod
2689 4975 2959 5033 exciderit
3003 4975 3071 5030 de
3126 4989 3291 5045 para-

1696 5073 1896 5129 disoin
1933 5081 2138 5127 terram
2168 5087 2202 5127 e
2243 5087 2354 5142 qua
2399 5078 2654 5140 sumptus
2702 5077 2788 5124 est
2826 5082 3176 5131 reversurus,
3220 5067 3290 5121 ad

1697 5168 1866 5220 vitam
1897 5163 2180 5219 doloribus
2219 5162 2602 5232 aerumnisque
2640 5159 2900 5215 refertam
2956 5158 3287 5222 damnatus,

1699 5259 1856 5328 quin,
1906 5258 2055 5314 circa
2103 5255 2565 5326 pretiosissimum
2601 5253 2726 5308 vitae
2769 5254 2972 5322 lignum
3021 5251 3076 5305 in
3109 5251 3293 5305 medio

1698 5350 1960 5422 paradiso
1997 5349 2336 5403 intellectum
2384 5345 2532 5417 quod
2573 5360 2698 5401 esse
2759 5352 2942 5415 potest
2991 5343 3289 5413 purissima

1701 5443 1792 5498 Dei
1834 5440 2231 5511 contemplatio
2285 5449 2342 5495 et
2387 5438 2644 5496 sublimis
2710 5433 3290 5506 incomprehensibilis

1697 5534 1792 5590 Dei
1827 5534 2096 5606 cognitio,
2137 5533 2286 5588 circa
2317 5532 2426 5587 hoc
2454 5532 2687 5600 lignum,
2735 5530 2956 5601 igneum
2985 5523 3158 5598 ipsius
3197 5542 3288 5581 ze-

1694 5627 1827 5693 lum,
1851 5642 2012 5698 quem
2037 5625 2350 5682 ﬂammeum
2373 5625 2613 5698 gladium
2638 5623 2823 5679 divina
2841 5623 2973 5678 dicit
2996 5622 3282 5691 Scriptura

1697 5729 1752 5776 et
1779 5720 2071 5776 Cherubim
2103 5725 2281 5788 vocat,
2317 5718 2590 5792 angelicas
2623 5717 2862 5773 virtutes
2895 5714 3020 5770 dico
3071 5723 3124 5770 et
3168 5726 3284 5768 ca-
