3802 6568
581 423 685 476 ϐνυ

583 544 750 600 lentes
775 558 897 615 quae
931 544 1187 615 indignos
1224 542 1472 599 dividant
1506 552 1559 599 et
1604 551 1847 604 arceant,
1886 543 2163 614 disposuit

582 638 754 701 Deus,
792 653 861 693 ne
889 637 1016 707 quis
1046 652 1429 708 pneprOperus
1451 636 1623 691 Adam
1657 644 1711 691 et
1736 636 1952 704 spiritui
1977 644 2159 706 aptam

582 730 775 781 horam
809 728 1169 797 praveniens,
1199 744 1268 784 ue
1313 729 1440 799 quis
1484 727 1752 799 profanus
1810 734 1905 781 aut
1956 728 2159 793 malus,

581 831 697 871 non
718 816 949 886 abjectis
978 829 1139 872 antea
1178 818 1473 888 saporibus
1517 832 1677 886 pinna
1724 816 1905 886 dignis
1948 816 2164 871 arboris

587 909 1045 978 concupiscentia
1095 910 1381 974 carnalis,
1426 910 1551 963 vitae
1602 908 1807 980 lignum
1867 909 2165 979 appropin-

585 1015 758 1069 quare
785 999 1005 1054 audeat.
1042 1020 1061 1052 ι
1095 997 1281 1069 Itaque
1330 1015 1362 1054 a
1404 999 1844 1062 vehementibus,
1896 1017 1916 1052 ι
1952 1008 2007 1055 et
2045 1014 2162 1069 seq.

588 1091 744 1148 Unde
782 1091 838 1145 lit
896 1099 957 1145 ut
1006 1091 1334 1147 hiemalibus
1366 1090 1889 1162 vehementibusque
1932 1090 2164 1146 furenti-

584 1183 689 1238 bus
731 1183 986 1252 procellis
1036 1185 1090 1236 in
1126 1182 1265 1237 mari
1307 1183 1572 1252 navigans
1599 1181 1761 1237 homo
1809 1191 1864 1238 et
1910 1182 1979 1239 ab
2026 1191 2163 1239 testu

585 1282 852 1343 exsputus
885 1275 939 1328 in
971 1274 1141 1328 altum
1174 1274 1504 1344 volutusque
1534 1283 1681 1329 retro
1726 1273 1998 1329 dedecore
2026 1290 2055 1328 a
2079 1276 2163 1331 via

583 1367 923 1433 deducatur;
965 1365 1164 1421 deinde
1202 1366 1506 1422 lenioribus
1555 1366 1732 1422 ventis
1782 1367 1898 1420 vela
1947 1366 2165 1438 scapha:

583 1460 911 1528 permittens
973 1469 1069 1512 aut
1136 1458 1439 1529 remigibus
1489 1467 1652 1517 utens
1707 1460 2164 1517 convenientibus

581 1550 762 1603 multo
825 1549 1013 1604 labore
1062 1550 1300 1619 spatium
1344 1550 1636 1621 denavigat
1680 1566 1865 1607 suum.
1915 1551 1980 1606 Et
2038 1568 2161 1619 nos,

582 1642 778 1710 inquit,
810 1642 999 1697 eodem
1036 1644 1198 1698 modo
1219 1685 1233 1709 ,
1261 1658 1291 1696 a
1331 1641 1440 1698 Deo
1471 1644 1795 1716 elongamur
1832 1661 1933 1717 per
1976 1647 2165 1702 inobe-

582 1733 848 1788 dientiam
904 1734 1008 1788 sub
1076 1736 1372 1805 spirituum
1430 1737 1702 1790 malorum
1758 1738 2057 1807 impetibus
2107 1748 2164 1796 et

584 1833 807 1893 peccato
842 1826 1234 1881 contundimur
1259 1833 1313 1881 et
1349 1833 1562 1893 morte;
1615 1826 1712 1882 sed
1738 1842 1958 1882 rursum
2002 1828 2164 1883 Cbri-

581 1922 704 1972 stus
730 1913 893 1972 Jesus
919 1915 1127 1993 dirigit,
1159 1918 1316 1987 cujus
1338 1916 1496 1972 bonis
1525 1918 1736 1989 angelis
1767 1920 2163 1977 auxiliantibus

581 2016 634 2057 et
666 2005 1055 2075 adjuvantibus
1096 2007 1163 2061 ad
1212 2007 1553 2063 destinatum
1608 2019 2024 2081 persequentes,
2073 2013 2165 2068 vix

581 2095 763 2151 adhuc
790 2105 846 2152 et
881 2096 1159 2166 adjunctis
1206 2116 1316 2154 non
1358 2100 1571 2171 ignavis
1613 2102 1905 2157 conatibus
1959 2105 2168 2160 nostris

582 2204 681 2259 pro
706 2190 929 2258 pietate.
966 2190 1109 2244 viam
1140 2188 1208 2244 ad
1242 2189 1337 2245 Dei
1389 2192 1709 2262 paradisum
1750 2208 1975 2250 sursum
2026 2195 2166 2249 diri-

582 2279 782 2348 gimus.
836 2278 963 2334 "rec
1001 2279 1103 2333 l'uit
1158 2295 1188 2334 a
1220 2281 1398 2350 primo
1448 2292 1672 2350 parente
1718 2285 2163 2353 superseminata

581 2372 638 2423 in
669 2385 843 2440 genus
870 2370 1171 2425 humanum
1200 2387 1323 2443 qua:
1351 2374 1679 2442 germinavit
1724 2375 1921 2446 culpa;
1953 2391 2062 2430 non
2101 2378 2157 2430 in

582 2462 856 2534 principio
902 2465 1202 2530 exsistens,
1263 2482 1384 2537 qua:
1455 2482 1521 2523 ex
1564 2468 1761 2523 ordine
1815 2469 1871 2522 in
1922 2476 2159 2539 segetem

580 2552 949 2609 abundantem
1005 2554 1249 2612 letiferos
1301 2556 1453 2612 dedit
1513 2558 1755 2626 fructus,
1798 2560 2007 2630 quibus
2058 2576 2162 2615 nos

580 2645 740 2713 plene
772 2645 1096 2715 puriﬁcans,
1122 2661 1155 2701 ο
1199 2646 1419 2704 Christe
1462 2646 1628 2714 Deus,
1654 2664 1753 2721 per
1795 2657 1942 2705 tuam
1993 2651 2161 2707 bene-

577 2737 897 2807 dictionem,
924 2740 1141 2810 justitia
1175 2747 1268 2795 tua
1299 2750 1353 2796 et
1385 2756 1517 2811 pace
1540 2750 1597 2796 et
1630 2743 1807 2813 gratia
1838 2744 1990 2814 reple
2023 2760 2153 2810 nos,

577 2830 672 2899 qui
702 2832 857 2888 solus
882 2833 1206 2890 benedictus
1248 2849 1310 2890 es
1354 2842 1409 2890 et
1452 2834 1792 2905 gloriﬁcatus
1832 2836 1889 2892 in
1932 2839 2154 2895 saacnla.

575 2927 770 2981 Amen.

575 3107 999 3185 Commentariun
1036 3128 1365 3185 organorum
1397 3111 1604 3185 Magni
1626 3112 1870 3183 Gregorii
1907 3114 2158 3185 Theolugi

644 3182 979 3262 carminum;
1013 3180 1075 3262 de
1104 3180 1459 3238 Testamentt’s
1488 3180 1987 3253 etManifestatione
2006 3180 2158 3240 Chii-

646 3258 738 3315 m',
764 3267 937 3304 sermo
968 3260 1203 3307 octavus.

646 3339 874 3396 Peracto
930 3342 1238 3414 dogmatico
1271 3342 1339 3400 de
1379 3346 1563 3400 anima
1611 3362 1867 3403 sermone
1921 3348 2157 3418 septimo

573 3434 904 3490 excellenter
933 3450 963 3489 a
1019 3434 1131 3491 Deo
1179 3436 1378 3493 ductus
1431 3437 1730 3509 Gregorius
1774 3440 1901 3496 inde
1933 3441 1998 3496 ad
2048 3441 2158 3496 duo

574 3533 923 3589 testamenta,
959 3536 1114 3583 vetus
1170 3537 1227 3583 et
1287 3545 1509 3597 novum,
1558 3539 1653 3585 aut
1718 3532 1785 3587 ad
1834 3534 2007 3605 legem
2062 3533 2158 3589 Dei

575 3618 796 3673 transit.
884 3617 1097 3675 Etenim
1163 3621 1218 3675 in
1285 3620 1571 3693 Scriptura
1628 3624 1714 3679 lex
1772 3641 1869 3696 per
1916 3624 2156 3697 Moysem

574 3710 830 3781 primitus
858 3711 1005 3781 data,
1034 3719 1197 3785 atque
1228 3716 1405 3784 gratia
1429 3724 1484 3772 et
1512 3718 1713 3774 veritas
1751 3718 2031 3791 Evangelii
2072 3736 2159 3775 se-

572 3802 756 3855 cundo
787 3818 883 3873 per
929 3802 1118 3858 Iesum
1172 3804 1455 3861 Christum
1513 3806 1678 3873 facta,
1722 3824 1831 3864 una
1892 3810 1981 3865 lex
2028 3818 2159 3865 sunt

573 3892 801 3960 spiritus
834 3894 961 3949 vita:
992 3894 1086 3965 qui
1128 3894 1185 3949 in
1225 3892 1355 3951 Jesu
1418 3895 1642 3953 Christo
1697 3915 1783 3956 me
1831 3900 2086 3957 liberavit
2129 3919 2158 3955 a

574 3985 693 4054 lege
726 3986 937 4054 peccati
971 3995 1026 4042 et
1048 3989 1265 4043 mortis.
1296 3988 1414 4043 Duo
1455 3997 1783 4046 testamenta
1831 3994 1983 4048 dicta
2030 4002 2159 4049 sunt

570 4094 638 4135 eo
661 4080 807 4149 quod
842 4080 1061 4137 duobus
1092 4083 1456 4153 temporibus,
1493 4085 1624 4138 olim
1654 4093 1711 4141 et
1738 4103 1908 4154 nunc,
1936 4098 1991 4143 et
2015 4087 2158 4158 apud

572 4178 712 4227 duos
740 4172 931 4237 Israel,
984 4184 1222 4229 veterem
1268 4185 1323 4229 et
1374 4190 1576 4229 novum
1645 4177 1856 4247 prolata
1924 4181 1997 4234 sit
2048 4178 2156 4234 lex.

573 4264 709 4319 Aliis
743 4265 964 4334 quidem
995 4266 1240 4335 potentia
1265 4266 1387 4337 ejus
1424 4267 1480 4320 in
1532 4268 1813 4337 parabolis
1858 4278 1913 4325 et
1969 4268 2160 4341 ﬁguris

575 4356 905 4411 adumbrata
961 4367 1068 4425 est,
1123 4366 1314 4429 utpote
1365 4358 1459 4430 qui
1515 4361 1772 4416 tardioris
1827 4360 2055 4431 spiritus
2105 4370 2161 4418 et

572 4446 911 4517 imperfecti;
948 4464 1090 4503 novo
1129 4465 1259 4505 vero
1316 4451 1515 4520 populo
1564 4452 1774 4507 clarius
1826 4461 1880 4508 et
1938 4453 2049 4509 Deo
2083 4453 2160 4509 di-

571 4540 759 4611 gnius,
789 4540 950 4608 quasi
985 4548 1132 4597 esset
1160 4541 1465 4597 eruditiore
1505 4545 1668 4599 oculo
1732 4553 1786 4600 et
1811 4545 2152 4615 pel'l‘ectiori.

571 4632 935 4703 evangelizati
960 4644 1091 4687 sunt
1140 4633 1197 4688 in
1227 4632 1627 4697 Christo_Jesu
1682 4637 1838 4706 regni
1886 4638 2154 4694 caelorum

571 4728 915 4798 splendores.
958 4726 1251 4785 Videamus
1283 4744 1350 4784 ne
1381 4730 1508 4786 vilis
1536 4730 1610 4786 sit
1630 4746 1837 4795 sermo,
1869 4741 1925 4788 et
1964 4732 2150 4789 heroic

576 4835 774 4874 corum
824 4820 1135 4875 carminum
1187 4831 1353 4892 atque
1395 4823 1682 4894 elegantiae
1729 4822 1934 4879 Graeca:
1985 4826 2154 4881 ardua

570 4913 819 4982 plurimis
864 4913 1123 4985 ingeniis.
1166 4930 1265 4987 pro
1297 4929 1459 4985 posse
1498 4924 1712 4982 nostro,
1749 4916 2035 4988 theologia;
2069 4918 2155 4973 di-

573 5006 684 5059 vini
716 5008 1144 5065 sermocinantis
1178 5023 1345 5080 quam
1376 5008 1666 5063 minimum
1717 5008 1960 5080 impares
2032 5010 2158 5066 illu—

572 5103 833 5155 stremus.

573 5276 597 5330 Ι
642 5276 749 5332 Eia
795 5296 891 5349 age
924 5290 973 5334 et
1009 5281 1284 5351 utriusque
1308 5280 1438 5346 legis
1473 5279 1733 5335 rationem
1755 5281 2010 5351 expende,
2043 5292 2150 5338 etc.

646 5441 780 5511 Age,
821 5440 979 5509 quasi
1011 5456 1134 5495 cum
1170 5440 1346 5495 altero
1371 5439 1695 5510 colloquens
1723 5440 1907 5504 divus,
1941 5454 2154 5496 sermo-

573 5549 698 5589 nem
726 5531 796 5588 de
816 5531 1023 5603 duplici
1066 5534 1183 5604 lege
1240 5534 1520 5604 perquire,
1571 5533 1754 5603 inquit
1796 5534 1916 5603 ipse
1955 5531 2154 5587 anima:

571 5640 691 5681 suae
733 5646 745 5681 :
786 5622 987 5694 duplex
1013 5625 1162 5680 etaim
1198 5632 1284 5679 est
1311 5632 1470 5682 vetus
1506 5634 1564 5681 et
1598 5639 1762 5690 nova,
1802 5618 2154 5677 manifestata

643 5765 759 5835 (ll)
795 5766 1079 5834 Ἕγγίσει.
1140 5764 1199 5819 in
1244 5766 1434 5837 codice
1484 5766 1748 5837 scriptum
1788 5775 1873 5837 est
1911 5764 2146 5837 ἐγγίσει,

573 5844 778 5907 puncto
844 5838 1089 5892 litteram
1143 5835 1623 5907 superimposito,
1673 5836 1833 5907 quod
1878 5835 2151 5907 signiﬁcat

575 5905 971 5964 dubitationem
996 5916 1091 5962 aut
1109 5905 1539 5978 corruptionem.
1586 5906 1650 5963 ν.
1671 5905 1837 5961 Bastii
1857 5905 2128 5962 Coinmeut

1915 427 2217 485 NICETAS

2288 426 2495 483 DAVID
3682 440 3753 498 τοι,

2269 542 2414 613 φημὶ
2441 541 2506 613 δὴ
2540 539 2634 594 καὶ
2668 537 2960 611 οὐρανίας,
3008 540 3136 606 τοὺς
3170 540 3418 610 ἀναξίους
3446 543 3756 619 ἀποκλειούσης

2266 633 2358 686 καὶ
2388 627 2911 695 ἁποδιαστελλούσας
2938 630 3183 698 διέταξεν
3225 634 3253 687 ὀ
3296 632 3444 697 Θεδς,
3472 636 3601 700 ὅπως
3620 644 3755 713 μηδεὶς

2266 722 2535 795 προώρισς
2563 722 2733 793 Ἀδάμ
2754 723 2849 777 καλ⁸
2873 723 2972 795 τὴν
2996 724 3370 797 πνευματικὴν
3398 726 3591 797 ἡλικίαν
3612 732 3752 805 ἄωρος,

2269 817 2454 887 μηδεὶς
2481 814 2705 885 βέϐηλος
2737 815 2832 869 καὶ
2860 815 3051 881 κακὸς,
3077 816 3207 887 πρὶν
3232 816 3264 889 ἢ
3285 817 3380 871 τοῦ
3403 818 3493 890 τῆς
3518 824 3755 893 σαρχώδως

2266 907 2563 979 ἐπιθυμίας
2593 906 2763 977 φυτοῦ
2797 906 2894 979 τὴν
2928 908 3283 980 κολαστήριον
3306 908 3487 978 γεῦσιν
3511 918 3682 982 φυγεῖν,
3705 921 3755 989 τῷ

2265 1005 2364 1076 τῆς
2397 1002 2543 1073 ζωῆς
2577 1001 2785 1071 ἐγγίσει
2814 1002 2927 1070 (H)
2968 1001 3141 1073 φυτῷ.
3187 1020 3206 1054 ι
3265 1004 3354 1067 Ὠς
3376 1003 3421 1056 δ’
3449 1006 3531 1059 ὑπ’
3552 1008 3750 1078 ἀήταις,ι

2266 1110 2320 1147 κ.
2352 1110 2404 1146 τ.
2437 1092 2734 1164 ἑξ.’Ὠσπερ
2766 1092 2871 1146 ὑπὸ
2894 1095 3222 1165 χειμερινοῖς
3243 1094 3339 1147 καὶ
3365 1093 3546 1165 βιαίοις
3578 1101 3753 1172 πνεύμιο

2268 1203 2353 1239 σιν
2387 1185 2675 1256 ἄνθρωπος
2715 1185 2898 1240 πλέων
2929 1185 3026 1257 τὴν
3055 1185 3353 1251 θάλασσαν,
3397 1189 3487 1243 καὶ
3524 1190 3610 1261 τῆς
3636 1196 3694 1256 εἰς
3716 1195 3755 1246 τὸ

2267 1277 2457 1348 πρόσω
2502 1276 2674 1346 φορᾶς
2706 1276 3078 1347 ἐκκρουσθεὶς,
3112 1277 3205 1329 καὶ
3234 1276 3607 1345 κλυδωνισθεὶς,
3631 1285 3690 1348 είς
3711 1290 3755 1339 τὰ

2266 1368 2440 1423 ὀπίσω
2480 1368 2802 1440 παλίνορσος
2836 1371 2952 1439 μετ’
2981 1369 3241 1441 αίσχύνης
3275 1371 3597 1445 ἀπεστράφη,
3624 1376 3755 1431 ἔπειτα

2267 1462 2428 1515 πάλιν
2461 1462 2494 1533 ἢ
2535 1461 2865 1534 πραϋτέροις
2902 1461 3177 1533 πνεύμασι
3213 1463 3285 1517 τά
3327 1465 3465 1519 ίστία
3506 1466 3586 1523 τοῦ
3626 1468 3754 1523 πλοῐιυ

2264 1554 2455 1619 διῖεὶς,
2493 1553 2767 1625 ἥὲρέταις
2820 1556 3167 1626 χρησάμενος
3200 1556 3472 1629 δοκίμοις,
3516 1560 3597 1613 σὺν
3633 1563 3753 1631 πολλῷ

2266 1643 2413 1713 πόνῳ
2440 1642 2530 1695 τὸν
2558 1644 2756 1696 οίκεῖον
2781 1641 3076 1715 ὲξεπέρανε
3107 1644 3273 1699 πλοῦν
3290 1663 3305 1677 ·
3327 1646 3524 1711 τοῦτον,
3553 1651 3673 1719 φησὶ,
3692 1656 3754 1705 καὶ

2266 1737 2427 1807 ἡμεῖς
2454 1734 2547 1786 τὸν
2567 1734 2769 1805 τρόπον
2795 1733 2888 1786 τοῦ
2910 1734 3047 1788 Θεοῦ
3079 1736 3178 1806 μὲν
3207 1738 3523 1802 ἐκπεσόντες
3548 1740 3619 1793 διὰ
3636 1760 3755 1813 παρα-

2267 1826 2497 1890 ϐάσεως,
2514 1824 2838 1896 πνευμάτων
2854 1826 2910 1879 δὲ
2930 1828 3181 1899 πονηρῶν
3202 1828 3474 1883 ὲπιθέσεσι
3488 1835 3545 1903 τῇ
3566 1849 3613 1885 τε
3632 1834 3753 1905 epap-

2266 1921 2359 1991 τίᾳ
2386 1918 2835 1991 κατατριϐόμενοι
2868 1919 2965 1972 καὶ
2986 1918 3064 1991 τῷ
3093 1919 3331 1991 θανάτῳ,
3358 1916 3505 1985 αὖθις
3522 1923 3753 1993 sihmo;

2282 2008 2457 2081 Ἰησοῦ
2493 2009 2849 2081 κυϐερνήτου,
2893 2009 3002 2064 τῶν
3032 2009 3253 2078 ἀγαθῶν
3282 2010 3342 2063 δὲ
3379 2010 3553 2064 τούτου
3578 2012 3753 2080 ἀγγέλων

2266 2102 2646 2173 εὐστοχοῦντες
2696 2100 2904 2172 βοηθῶν
2969 2102 3064 2155 καὶ⁵
3128 2102 3440 2171 συνεργῶν,
3498 2104 3623 2174 μόλις
3660 2104 3752 2157 οὕτω

2269 2197 2365 2249 σὺν
2392 2195 2492 2249 οὐκ
2516 2194 2764 2264 ἀγεννέσι
2792 2195 2905 2258 τοῖς
2939 2194 3230 2265 ἡμετέροις
3262 2193 3405 2266 ὑπὲρ
3434 2195 3669 2258 εὐσεϐείας
3690 2198 3750 2247 πό·

2266 2302 2379 2349 νοις
2403 2284 2494 2338 τὸν
2524 2284 2661 2356 πρὸς
2697 2281 2810 2337 ἀνω
2848 2282 2943 2337 τοῦ
2996 2283 3133 2337 Θεοῦ
3169 2283 3494 2355 παράδεισον
3518 2286 3753 2339 κατευθυνὸ-

2268 2377 2410 2450 μεθα
2437 2377 2621 2432 πλοῦν.
2657 2376 2891 2449 Τοιαύτη
2926 2379 3024 2450 μὲν
3052 2378 3161 2433 ἀπὸ
3186 2379 3284 2433 τοῦ
3315 2379 3683 2451 πρωωπλάστου
3703 2380 3751 2446 τῷ

2264 2470 2587 2541 ἀνθρωπίνῳ
2627 2470 2772 2538 γένει
2815 2469 3109 2539 νεόσπορος
3134 2471 3168 2541 ἡ
3202 2470 3449 2540 ἀμαρτία
3489 2470 3750 2539 meimei:

2263 2562 2515 2634 ἀνάρχως
2540 2558 2697 2627 οὖσα,
2718 2560 2807 2615 διά
2830 2560 2940 2614 τῶν
2962 2559 3219 2631 καθεξῆς,
3245 2563 3328 2626 εἱς
3356 2562 3542 2631 στάχυν
3564 2561 3751 2630 πολύχουν

2263 2655 2356 2709 τὸν
2385 2654 2733 2726 ὀλεθροτόκον
2762 2652 2934 2723 αὐτῆς
2964 2652 3201 2707 ἀνέδωκε
3236 2653 3465 2725 καρπὸν,
3487 2648 3541 2707 οὗ
3561 2653 3635 2706 καὶ
3656 2654 3750 2721 ἡμᾶς

2263 2749 2610 2803 παντάπασιν
2657 2745 3148 2818 ἀνακαθηράμενος
3170 2785 3185 2810 ,
3243 2746 3444 2818 Χριστὲ
3473 2748 3499 2800 ὁ
3528 2745 3656 2807 Θεὸς,
3689 2745 3749 2811 τῆς

2263 2841 2360 2911 σῆς
2386 2838 2652 2907 εὐλογίας,
2684 2837 2787 2908 τῆς
2843 2837 2943 2909 σῆς
2981 2837 3329 2911 δικαιοσύνης
3362 2838 3453 2891 καὶ
3489 2839 3669 2910 εἰρήνης
3692 2837 3749 2887 ul

2260 2931 2624 3003 χρηστότητος
2667 2929 2974 3003 πλήρωσον,
3026 2929 3109 2983 ὅτι
3148 2930 3315 3001 μόνος
3354 2931 3611 3001 εὐλογητὸς
3643 2925 3752 2981 εῐκιι

2259 3021 2645 3092 δεδοξασμένος
2673 3022 2751 3084 είς
2779 3020 2906 3084 τοὺς
2934 3020 3155 3084 αἰῶνας.
3208 3021 3404 3093 Ἀμήν.

2273 3114 2597 3184 Ἐξήτησις
2630 3112 2749 3167 τῶν
2778 3112 3134 3184 ἀπορῤήτωγ
3182 3113 3293 3167 τοῦ
3320 3112 3568 3183 μεγάλου
3605 3115 3751 3184 Γρηγο-

2321 3181 2460 3256 ρίοὺ
2497 3184 2603 3256 τοῦ
2650 3181 2953 3256 Θεολόγόυ
2992 3182 3189 3256 ἐπῶν·
3227 3181 3372 3256 περὶ,
3399 3181 3657 3252 Διαθηκῶγ
3684 3184 3747 3234 καὶ

2326 3254 2675 3324 ἐπιφανείας
2699 3254 2979 3322 Χριστοῦ,
3004 3255 3185 3324 λόγος
3212 3260 3268 3324 η’
3300 3255 3433 3326 (12).

2329 3346 2661 3410 Συντελέσας
2687 3347 2814 3409 τοὺς
2848 3345 3213 3418 δογματικοὺς
3258 3347 3390 3419 περὶ
3429 3346 3587 3418 ψυχῆς
3623 3346 3750 3410 λόγους

2260 3441 2327 3507 ζ’,
2354 3442 2384 3494 ὁ
2415 3436 2894 3510 θεωρητικώτατος
2927 3436 3225 3510 Γρηγὸριος
3251 3479 3267 3503 ,
3304 3436 3537 3491 ἐντεῦθεν
3565 3434 3751 3507 περὶτῶν

2258 3533 2352 3587 δύο
2389 3528 2693 3602 Διαθηκῶν,
2730 3528 2979 3594 Παλαιᾶς
3030 3546 3090 3583 τε
3138 3530 3233 3584 καὶ
3283 3530 3502 3602 Καινῆς,
3543 3531 3636 3601 ἦτοι
3668 3526 3750 3596 περὶ

2260 3623 2425 3695 νόμου
2458 3622 2593 3676 Θεοῦ
2613 3662 2629 3685 ,
2689 3621 3067 3694 διαλαμϐάνει.
3099 3623 3168 3676 '0
3216 3640 3279 3677 τε
3326 3623 3433 3695 γάρ
3466 3624 3516 3676 ὲν
3544 3622 3750 3693 γράμματι

2258 3717 2421 3788 νόμος
2452 3716 2540 3771 διὰ
2567 3715 2843 3780 Μωῦσέως
2874 3716 3091 3787 πρῶτον
3142 3716 3442 3787 δεδομένος,
3493 3718 3521 3786 ῆ
3559 3732 3605 3768 τε
3646 3714 3750 3784 χάρις

2260 3806 2356 3860 καὶ
2387 3808 2420 3878 ἡ
2452 3805 2681 3877 ἀλήθεια
2718 3804 2809 3858 τοῦ
2852 3804 3182 3874 Εὐαγγελίου
3216 3804 3283 3859 τὸ
3320 3805 3551 3876 δεύτερον
3587 3802 3655 3857 διλ
3683 3802 3749 3867 Ἰηο

2261 3898 2355 3953 σοῦ
2402 3896 2637 3969 Χριστοῦ
2686 3896 3045 3969 γεγενημένη,
3081 3890 3162 3960 εἷς
3190 3897 3355 3968 νόμος
3394 3897 3501 3951 ἐστὶ
3536 3894 3612 3949 τοῦ
3638 3892 3749 3947 Πνεῠ-

2264 4007 2429 4062 ματος
2466 3990 2565 4060 τῆς
2597 3990 2765 4061 ζωῆς,
2809 3989 2869 4053 ὃς
2920 3991 2978 4043 ὲν
3011 3989 3229 4061 Χριστῷ
3278 3988 3447 4062 Ἰησοῦ
3506 3981 3745 4055 ἑλευθέρωσέ

2263 4097 2331 4151 με
2372 4080 2480 4133 ἀπὸ
2519 4077 2613 4132 τοῦ
2664 4079 2829 4150 νόμου
2867 4079 2967 4150 τῆς
3013 4079 3293 4150 ἁμαρτίας
3331 4080 3421 4134 καὶ
3452 4079 3534 4133 τοῦ
3563 4076 3745 4130 θανάτου·

2258 4170 2351 4225 δύο
2383 4170 2440 4224 δὲ
2471 4170 2735 4241 Διαθῆκαι
2767 4170 3016 4240 εἴρηνται
3052 4168 3132 4239 τῷ
3179 4171 3239 4223 ὲν
3291 4170 3433 4225 δυοῖν
3460 4169 3647 4241 χρόνοις.
3681 4162 3746 4214 πά-

2260 4264 2347 4318 λαι
2393 4264 2486 4316 καὶ
2512 4262 2626 4329 νῦν,
2676 4262 2768 4316 καὶ
2811 4262 2957 4317 δυοῖν
3014 4262 3229 4335 Ἰσραὴλ
3268 4263 3347 4335 τῷ
3390 4260 3574 4331 παλαιῷ
3598 4272 3745 4323 νενομῡυ

2261 4355 2520 4427 θετῆσθαι
2549 4357 2644 4409 καὶ
2673 4354 2749 4425 τῷ
2782 4353 2973 4427 καινῷ,
3006 4355 3102 4408 καὶ
3132 4355 3209 4427 τῷ
3246 4358 3345 4427 μὲν
3375 4357 3466 4428 τὴν
3495 4351 3627 4410 αὑτοῦ
3643 4348 3744 4401 δύνα-

2265 4468 2356 4522 μιν
2383 4448 2459 4513 ὼς
2485 4450 2543 4502 ὲν
2571 4448 2906 4521 παραϐολαῖς
2936 4450 3029 4503 καὶ
3062 4454 3243 4515 σκιαῖς
3276 4448 3596 4504 ὑποτυπῶσαι
3629 4460 3743 4510 παχυ-

2260 4536 2407 4609 τέρῳ
2430 4538 2521 4591 τὸν
2546 4536 2669 4591 νοῦν
2701 4538 2815 4591 δντι
2850 4537 2945 4590 καὶ
2969 4538 3167 4604 ἀτελεῖ,
3204 4539 3283 4610 τῷ
3322 4538 3481 4610 καινῷ
3503 4537 3550 4590 δὲ
3583 4531 3665 4603 λαῷ
3684 4532 3745 4596 ἀμ’

2262 4629 2594 4701 φανέστερον
2624 4626 2717 4683 καὶ
2744 4628 3208 4701 θεοπρεπέστερον
3235 4631 3312 4695 ὡς
3334 4625 3663 4697 ὀξυωπεστίρῳ
3686 4618 3745 4671 καὶ

2262 4723 2579 4795 τελειοτέρῳ
2607 4722 2707 4785 τάς
2733 4721 2835 4792 τῆς
2863 4722 3141 4793 βασιλείας
3179 4725 3287 4778 τῶν
3327 4721 3566 4795 οὐρανίων
3590 4718 3742 4781 εὐαγγε-

2263 4817 2511 4873 λίσασθαι
2544 4817 2604 4871 ὲν
2643 4815 2865 4887 Χριστῷ
2904 4815 3080 4887 Ἰησοῦ
3110 4816 3487 4889 μαρμαρυγὰς.
3514 4813 3685 4880 ἰδωμεν
3706 4802 3741 4856 δὲ

2265 4914 2357 4967 καλ⁸
2392 4911 2492 4984 τὴν
2523 4908 2857 4981 ίσχνολογίαν
2894 4908 2995 4977 τῆς
3034 4909 3305 4982 φράσεως,
3342 4906 3545 4962 καὶτῶν
3570 4893 3742 4984 ήρωῐκῦν

2268 4982 2482 5075 μέτρων
2527 4999 2623 5053 καὶ⁸
2670 4997 2868 5063 λέξεων
2909 4996 3237 5070 Ἑλληνικῶν
3287 4998 3348 5052 τὸ
3375 4994 3641 5062 ,δύσληπτον
3672 4982 3741 5075 τοῖς

2267 5072 2479 5155 πολλοῖς
2525 5091 2600 5155 ὼς
2640 5085 2743 5143 οἷοί
2787 5106 2846 5143 τε
2890 5089 3059 5160 ἐσμεν
3103 5088 3467 5159 ὀμαλίσαντες,
3492 5086 3547 5154 τῇ
3574 5072 3739 5139 θεολογίι

2263 5184 2357 5240 τοῦ
2390 5182 2750 5254 θεοφάντορος
2776 5179 3284 5251 καταλαμπώμεθα.

2268 5280 2290 5333 l
2326 5275 2489 5346 Δεῦρ⁹
2532 5274 2641 5345 ἄγε
2679 5273 2779 5329 καί
2815 5272 3054 5327 δισσοῐο
3103 5274 3292 5343 νόμον
3321 5271 3494 5338 λόγον
3516 5260 3736 5405 “crisin.

2333 5439 2468 5506 ,Λγε
2496 5436 2580 5508 δὴ,
2613 5436 2797 5505 φησὶν,
2840 5434 2916 5497 ὡς
2955 5432 3094 5503 πρὸς
3136 5431 3320 5505 ἕτερον
3349 5433 3377 5484 ὁ
3414 5427 3635 5508 θειότατος
3653 5417 3739 5468 ἀπο.

2260 5529 2586 5600 τεινόμενος,
2614 5526 2707 5579 τὸν
2740 5526 2870 5597 περὶ
2897 5525 2990 5578 τοῦ
3019 5523 3208 5580 διπλοῦ
3235 5525 3394 5594 νόμου
3438 5518 3570 5587 λόγον
3592 5507 3739 5600 ἐξέφυ·

2259 5639 2348 5686 να,
2377 5592 2443 5693 τῆ
2482 5616 2674 5674 ἑαυτοῦ
2708 5592 3015 5687 διαλέγεται
3056 5616 3237 5689 ψυχῇο
3281 5592 3482 5673 διπλοῦς
3504 5604 3593 5676 γὰρ
3618 5592 3735 5654 οὗτοςν

2254 5768 2533 5834 ραιωοςν.,
2562 5777 2615 5831 p.
2637 5758 2975 5834 855:_!taque
3001 5758 3164 5834 etiam
3208 5755 3364 5834 scribi
3385 5753 3555 5834 potest

2332 5814 2695 5903 {tenvi-an;
2720 5814 2985 5903 ίγιιιῇρ.
3046 5829 3269 5903 used,
3307 5814 3480 5882 c011,“.
3523 5814 3609 5890 [cd.
3646 5818 3730 5863 nov.

2259 5899 2434 5962 car‘m.
2463 5906 2495 5961 9
2526 5904 2618 5960 lib.
2655 5918 2693 5969 ι,
2733 5911 2865 5959 sect.
2904 5899 2949 5967 Ι,
2979 5916 3034 5972 p.
3057 5899 3172 5974 ει]
