3866 6512
98 397 205 453 ’Μ-
1044 390 1110 446 IN
1150 392 1460 449 CARMINA
1498 392 1636 451 ΑΒΕ

1739 391 1779 449 Α
1855 395 1910 451 ς.
1970 395 2325 455 GREGORH.

89 520 152 581 ὥς
187 508 393 574 παλαιὸς
438 508 533 564 mi
569 507 689 575 νέος
740 511 1017 582 ἒκιρανεὶς,
1068 514 1163 567 καὶ
1219 516 1644 586 σκιαγραφήσας

90 607 177 679 μιν
200 601 349 658 αὑτοῦ
375 601 475 672 τὴν
516 599 744 671 δύναμιν
772 603 831 655 ὲν
863 602 1092 673 Μωῦσῇ,
1126 602 1556 673 τηλαυγέστερον
1582 602 1639 655 δὲ

88 700 172 771 τὴν
209 690 361 749 αὐτοῦ
388 691 546 759 δόξαν
594 692 683 746 διὰ
732 693 911 764 Ἰησοῦ
965 694 1320 764 ἀνακαλύψας
1369 693 1636 767 Χριστοῦο

91 790 170 846 καὶ
194 785 362 854 ἐπειδὴ
394 785 511 837 κατ’
537 785 710 855 ἀρχάς
748 785 990 857 Ἑϐραῖοι
1018 786 1085 840 δι’
1127 787 1378 859 Ἀϐραάμ
1406 789 1500 841 καὶ
1530 788 1640 840 τῶν

83 881 307 948 πατέρων
348 876 437 929 τὸν
487 877 837 947 παμϐασιλέα
878 879 1085 950 πρῶτοι
1131 881 1445 949 ἐπέγνωσαν
1483 880 1639 946 Θεὸν,

84 970 283 1031 εἰκότως
327 966 419 1020 καὶ
470 968 676 1038 πρῶτοι
715 968 807 1022 τὸν
834 970 997 1041 νόμον
1044 971 1393 1041 ὑπεδέχοντο·
1430 974 1640 1043 καιροῖς

79 1064 127 1118 δὲ
151 1060 285 1123 ἰδίοις
310 1057 395 1112 διὰ
438 1058 533 1112 τοῦ
582 1061 919 1129 Μονογενοῠς
954 1064 1033 1127 είς
1067 1063 1138 1116 τά
1174 1062 1319 1133 ἄκρα
1351 1063 1639 1133 εὐαγγελί-

80 1158 210 1221 ζεται
238 1152 334 1222 τῆς
358 1152 478 1223 γῆς.
513 1150 635 1207 Ὀτι
673 1152 731 1206 δὲ
774 1148 855 1213 εἷς
886 1148 1041 1217 οὗτός
1068 1156 1216 1209 ἐστιν
1254 1157 1283 1209 ό
1314 1155 1495 1225 νόμος,
1529 1154 1639 1209 ὦσ-

82 1264 173 1319 περ
196 1245 284 1299 καὶ
305 1246 333 1298 6
360 1242 682 1316 νομοθέτης,
714 1244 772 1297 ἐν
794 1262 855 1299 τε
884 1248 951 1318 τῇ
978 1246 1193 1318 Παλαιᾷ
1216 1248 1311 1300 καὶ
1340 1248 1406 1318 τῇ
1434 1247 1635 1319 Καινῇ,

77 1340 204 1405 ἀξιον
228 1334 441 1399 ειδέναι,
468 1335 544 1399 ὼς
573 1336 672 1389 οὐκ
709 1337 1142 1409 ἐναντιουμένοις
1175 1338 1439 1408 δόγμασιν
1471 1337 1503 1409 ἢ
1537 1354 1638 1391 παι

75 1428 374 1501 λιμϐούλοις,
428 1428 521 1481 καὶ
578 1426 753 1481 ἄλλοτ’
788 1427 976 1491 ἄλλαις
1023 1428 1390 1492 διδασκαλίαις
1430 1431 1460 1483 6
1508 1428 1641 1494 Θεὸς

72 1516 165 1569 τῶν
208 1512 457 1583 γνώσεων
501 1514 593 1567 τὸν
646 1515 932 1587 ἄνθρωπον
978 1516 1101 1585 ἄγει
1140 1518 1275 1589 πρὸς
1320 1518 1636 1587 ἐπίγνωσιν,

71 1607 239 1678 ὥσπερ
280 1623 361 1668 τις
413 1606 706 1672 ἀσύνθετος
755 1608 850 1661 καὶ
896 1607 1264 1680 παλίμόουλος
1293 1611 1433 1681 ἀνὴρ
1466 1610 1639 1682 ἑαυτῴ

73 1698 375 1769 μαχόμενος,
446 1697 480 1769 ἢ
537 1698 629 1752 ἐπὶ
683 1701 795 1762 τοῖς
859 1699 1147 1772 προτέροις
1196 1700 1331 1757 ἄλλα
1377 1720 1640 1775 προσεπι-

69 1789 186 1842 νοῶν
207 1806 219 1818 ·
257 1788 437 1857 ἄπαγε
487 1788 587 1861 τὴν
634 1787 972 1861 χαμαίζηλον
1006 1790 1271 1863 ὑπόληψιν
1298 1794 1405 1848 ἀπὸ
1439 1794 1533 1847 τοῦ
1569 1794 1637 1849 τά

66 1882 224 1935 πάντα
260 1880 363 1952 πρὸ
394 1884 493 1953 τῆς
526 1883 705 1937 αὐτῶν
738 1883 1005 1953 γενέσεως
1034 1884 1354 1958 ὡρισμένως
1374 1888 1467 1941 καὶ
1495 1889 1639 1941 ἀπαε-

64 1974 355 2044 ραποιήτως
410 1974 853 2045 ὲξεπισταμένου.
916 1976 1087 2030 Τοῦτο
1138 1977 1248 2049 γὰρ
1287 1979 1382 2033 καὶ
1426 1978 1639 2050 ἀνθρώ-

63 2080 170 2126 ποις
201 2065 372 2115 ποιεῖν
404 2062 439 2134 ῆ
470 2063 700 2133 πάσχειν
734 2065 1117 2122 ἐπονείδιστον.
1346 2062 1347 2065 “

61 2156 90 2210 8
135 2155 278 2209 Ἀλλ’
300 2154 390 2209 ὅδ’
422 2156 565 2226 ἐμὸς
593 2159 794 2226 λόγος,
821 2174 877 2212 κ.
912 2176 963 2213 τ.
990 2159 1070 2226 ἐξ.

120 2247 267 2301 Τοῦτ’
299 2248 481 2301 ἔστιν’
510 2241 678 2313 Οὗτος
710 2251 739 2303 ό
777 2250 909 2321 ἐμὸς
941 2250 1098 2320 λόγος
1124 2251 1218 2306 καὶ
1244 2250 1383 2325 αὕτη
1421 2253 1570 2309 ἐστὶν
1604 2256 1637 2327 ή

58 2340 174 2411 παρ’
220 2339 353 2410 ἐμοῦ
401 2341 530 2412 περὶ
574 2340 677 2412 τῆς
708 2342 785 2405 είς
815 2342 907 2395 τὸν
949 2342 1232 2414 ἄνθρωπον
1292 2344 1387 2398 τοῦ
1437 2344 1640 2414 φιλαν-

55 2431 257 2503 θρώπου
293 2432 624 2503 κηδεμονίας
655 2435 749 2487 καὶ
782 2434 1034 2506 βοηθείας
1062 2436 1376 2491 διδασκαλία
1405 2438 1500 2492 καὶ
1531 2439 1639 2493 διά-

55 2538 217 2594 κρισις
240 2524 336 2577 καὶ
375 2525 408 2577 ό
448 2522 543 2576 τοῦ
571 2523 730 2593 λόγου
776 2526 996 2590 σκοπὸς,
1031 2527 1113 2581 ὅτι
1152 2526 1211 2593 ἐξ
1254 2527 1429 2599 ἀρχῆς
1469 2530 1497 2583 ὀ
1541 2528 1637 2583 τοῦ

51 2615 360 2687 γράμματος
406 2617 635 2688 εἰσήχθη
680 2617 859 2688 νόμος,
893 2619 990 2682 τὰς
1035 2619 1476 2690 εἰδωλολατρείας
1504 2638 1639 2674 κατ-

52 2709 241 2778 αργῶν,
274 2710 369 2761 καὶ
400 2709 592 2781 ὅτιπερ
623 2711 681 2762 ὲν
702 2709 877 2780 τούτῳ
915 2710 1037 2782 μηδ’
1066 2710 1231 2764 αὐτοῦ
1260 2711 1355 2764 τοῦ
1382 2711 1635 2781 παλαιοῦ,

48 2800 248 2870 Ἰσραὴλ
291 2802 436 2871 πρὸς
482 2800 574 2853 τὸν
613 2799 911 2872 νομοθέτην
951 2802 1114 2856 αὐτὸν
1148 2802 1443 2858 ἀνανεῦσαι
1474 2804 1636 2858 δυνα-

50 2893 220 2960 μένου,
249 2893 420 2958 αὐτὺς
447 2896 653 2960 ἐκεῖνος
681 2894 1074 2968 ἀνδρούμενος.
1107 2897 1317 2951 καὶτὸν
1348 2896 1441 2951 τοῦ
1474 2896 1641 2951 πνεύ-

45 3002 202 3054 ματος
231 2986 405 3057 νόμον
441 2981 530 3040 οἷα
570 2987 722 3058 ῥόδον
762 2990 822 3042 ὲν
874 2989 1074 3044 κάλυκι
1106 2988 1186 3060 τῷ
1213 2991 1502 3062 γράμματι
1540 3008 1631 3045 κε·

43 3078 349 3147 κρυμμένον
386 3075 743 3147 ἑξεκάλυψεν,
774 3079 867 3133 καὶ
894 3078 984 3133 τὸν
1014 3080 1381 3151 πνευματικὸν
1422 3079 1637 3152 Ἰσραὴλ

38 3169 123 3222 τοῦ
171 3168 450 3241 σαρκικοῦ
504 3172 573 3242 τῇ
637 3169 927 3244 θεανδρικῇ
983 3171 1216 3244 ένδημίᾳ
1274 3171 1633 3243 διημείψατο·

37 3255 180 3323 οὗτος
212 3256 329 3325 οὖν,
370 3261 564 3333 φησιν,
595 3263 624 3314 6
651 3261 782 3332 ὲμὸς
806 3261 901 3315 ἀπ’
934 3262 1109 3334 ἀρχῆς
1130 3263 1261 3335 ἄχρι
1285 3264 1473 3327 τέλους
1501 3265 1630 3336 περὶ

34 3352 124 3422 τῆς
140 3352 467 3422 οίκονομίας
490 3349 584 3404 τοῦ
610 3350 755 3405 θείου
779 3350 953 3421 Λόγου
976 3352 1155 3421 λόγος,
1181 3352 1240 3407 ὃν
1264 3354 1360 3408 ἐπὶ
1384 3354 1444 3409 τὸ
1469 3355 1631 3427 ἀκρι-

34 3444 284 3498 ςεστατον
316 3447 443 3507 τοῖς
474 3442 628 3497 ἔπεσι
656 3443 866 3508 τούτοις
896 3446 1230 3517 πειράσομαι
1258 3447 1613 3519 διασαφῆσαι.

32 3560 63 3615 9
94 3561 425 3630 Λυσσήεις
474 3559 573 3614 ὅτε
614 3559 849 3630 πρῶτον
880 3560 1054 3633 Ἀδὰμ
1092 3561 1291 3626 βάλεν
1332 3562 1402 3618 ἐκ
1437 3575 1631 3633 παρα-

996 3631 1252 3704 [δείσου,
1288 3650 1344 3690 κ.
1382 3651 1434 3689 τ.
1478 3631 1559 3701 ἐξ.

95 3727 222 3781 Ὅτε
258 3727 362 3781 ἀπ’
392 3724 583 3798 ἀρχῆς
610 3723 888 3798 λυσσώδης
916 3725 1013 3780 καὶ
1045 3724 1488 3798 ἀνθρωποκτόνος
1508 3728 1632 3797 ὄφις

27 3818 107 3871 ala:
132 3819 234 3889 τῆς
272 3818 669 3890 ἀπειρημένης
699 3817 795 3871 τοῦ
839 3818 1200 3889 όλεθροφόρου
1227 3818 1467 3888 γεύσεως
1494 3838 1631 3893 καρ-

28 3910 123 3964 ποῦ
159 3912 255 3965 τὸν
301 3910 533 3985 πρῶτον
575 3909 865 3981 ἄνθρωπον
914 3910 1201 3983 ἀπατήσας
1248 3910 1488 3984 δξὼθησε
1535 3912 1627 3967 τοῦ

25 4003 388 4073 παραδείσου,
444 4001 715 4074 καθάπερ,
757 4004 943 4075 φησὶν,
989 4004 1082 4057 ἐπὶ
1137 4003 1409 4075 πολεμίων
1450 4022 1630 4077 παρα-

23 4092 243 4159 τάξεως,
275 4093 380 4148 τοῦ
412 4097 743 4165 στρατηγεῖν
777 4095 1115 4165 τεταγμένου
1140 4097 1512 4162 πεπτωκότος,
1538 4097 1630 4152 τὸν

18 4190 472 4261 ἀνηγεμόνευτον
504 4187 724 4243 τύπτων
764 4188 993 4258 στρατὸν
1017 4189 1047 4242 6
1072 4187 1340 4259 δυσμενὴς
1374 4190 1467 4242 καὶ
1503 4207 1629 4243 κον-

17 4284 124 4345 τοῖς
154 4283 252 4335 καὶ
279 4280 475 4351 βέλεσι
506 4279 599 4333 καὶ
618 4279 783 4331 πᾶσιν
811 4278 1013 4342 ὅπλοις,
1042 4278 1465 4349 κατευμεγεθείν
1485 4280 1630 4347 ἀγω-

14 4374 221 4437 νίζεται
246 4373 373 4428 τῶν
405 4371 758 4444 ἡττωμένων,
788 4371 880 4424 τὸν
910 4371 1093 4441 ὅμοιον
1129 4371 1327 4442 τρόπον
1350 4372 1444 4426 καὶ
1469 4372 1631 4437 αὐτὸς

15 4465 43 4517 6
88 4466 371 4530 Σατανᾶς,
427 4463 521 4517 τὸν
574 4462 790 4535 πρῶτον
835 4462 1009 4532 Ἀδὰμ
1060 4464 1485 4535 τῳπωσάμενος
1536 4464 1630 4519 καὶ

12 4558 458 4628 ὑπαγαγόμενος
502 4557 569 4628 τῇ
612 4554 855 4626 ἁμαρτίᾳ
897 4556 992 4608 καὶ
1036 4557 1171 4610 πᾶσι
1213 4558 1326 4620 τοῖς
1355 4556 1414 4623 ἐξ
1460 4557 1627 4611 αὑτοῦ

12 4649 152 4702 κατά
181 4649 382 4712 πάσας
410 4646 804 4718 βεϐλαστηκὸσι
832 4646 1046 4714 γενεὰς,
1082 4652 1297 4720 μηχανῇ
1333 4650 1490 4723 πάσῃ
1516 4667 1634 4705 συν.

8 4741 402 4813 εργαζόμενος
432 4740 531 4811 τὴν
560 4739 854 4811 ἁμαρτίαν,
878 4738 957 4811 τῷ
995 4740 1093 4811 ἴσῳ
1140 4741 1425 4812 προστίμῳ
1461 4759 1631 4797 κατα-

8 4830 220 4895 δικάζει
250 4829 359 4883 τοῦ
410 4828 679 4882 θανάτου’
726 4826 892 4881 αὑτοῦ
929 4827 1037 4900 γὰρ
1090 4828 1183 4881 τοῦ
1222 4829 1476 4899 Ὑψίστου
1510 4835 1631 4897 ταῖς

7 4922 341 4985 ἑπικλόποις
371 4918 543 4974 αὑτοῦ
586 4918 681 4973 καὶ
718 4920 1124 4991 κακομηχάνοις
1156 4922 1473 4993 ἀπορρήξας
1506 4923 1631 4993 βου-

7 5013 139 5079 λαίς,
182 5013 430 5084 πρῶτον
467 5011 567 5083 μὲν
604 5012 730 5074 τοὺς
759 5009 923 5065 αὐτοῦ
946 5010 1257 5082 διέπρεψεν
1296 5012 1626 5083 ὀφθαλμοὺς,

7 5108 135 5178 πρὸς
164 5107 245 5161 τά
276 5105 471 5178 κάλλη
509 5104 604 5158 τοῦ
636 5104 866 5174 οὐρανοῦ
895 5106 990 5159 καὶ
1021 5106 1120 5169 τὰς
1176 5107 1476 5176 φανοτάτας
1512 5109 1625 5180 (ιό)

7 5199 103 5251 τῶν
134 5200 384 5271 ἄστρων
431 5197 665 5266 ἀγλαΐας
712 5197 1045 5262 ἀτενίζοντα,
1074 5197 1285 5262 τούτοις
1317 5198 1379 5252 τὸ
1416 5200 1627 5269 ὀφειλό-

8 5311 161 5361 μενον
186 5291 276 5364 τῷ
314 5292 543 5365 Κτίστῃ
572 5292 1005 5364 προσαναφέρειν
1031 5292 1194 5357 σέϐας
1212 5309 1227 5323 ·
1256 5292 1447 5347 ἔπειτα
1486 5295 1623 5366 πρὸς

7 5385 90 5449 τὰς
112 5386 235 5440 τῶν
266 5383 669 5440 ἀποθανόντων
704 5384 918 5457 μορφὰς
954 5385 1279 5440 ἀποϐλέπειν
1316 5388 1409 5441 καὶ
1452 5389 1519 5442 τὰ
1546 5389 1625 5443 εί-

7 5476 158 5542 ῑωλα,
213 5476 255 5532 ἃ
300 5477 599 5547 συγγενῶν
644 5476 808 5542 πόθος
854 5478 1038 5551 χρυσῷ
1087 5479 1119 5551 ἢ
1173 5480 1625 5553 ἀργύρῳῆτισιν

7 5565 151 5631 ἰλαις
196 5568 423 5632 ἄλλαις
470 5568 753 5638 εὐκόσμως
789 5568 1160 5640 διεμόρφωσεν
1183 5587 1197 5601 ’
1243 5570 1410 5641 μῦθος
1441 5572 1500 5626 δὲ
1529 5575 1620 5628 καὶ

8 5659 169 5730 όγος,
205 5660 447 5731 ψευδὴς
472 5660 590 5730 μὲν,
633 5660 1015 5730 ἀνεξέλεγκτος
1048 5661 1106 5716 δὲ
1139 5662 1232 5718 καὶ
1270 5664 1358 5718 ἀεὶ
1380 5667 1493 5729 τοῖς
1520 5667 1619 5720 έπ-

12 5754 331 5825 ρχομένοις
363 5752 548 5807 ἐτεσιν
572 5755 693 5818 ταῖς
714 5754 1085 5824 ψευδοεπείαις
1113 5756 1498 5830 ὲπαυξὸμενος,
1524 5761 1618 5815 καὶ

47 5933 172 6005 μδ)
213 5932 388 5990 ﬁdit.
433 5940 768 6006 φανωτάτας.

3224 404 3330 463 702

1745 521 1800 570 et
1829 515 2167 573 adumbrans
2204 518 2506 587 potentiam
2534 534 2690 575 suam
2716 520 3069 577 ministrante
3118 518 3323 591 Moyse.

1745 609 2022 665 illustrius
2058 626 2190 665 vero
2223 612 2454 681 gloriam
2507 628 2665 668 suam
2693 615 2949 669 revelans
2996 629 3093 684 per
3135 609 3327 667 Iesum

1744 698 2049 755 Christum.
2083 699 2150 755 Et
2184 711 2476 773 postquam
2535 703 2590 757 in
2652 703 2929 776 principio
2962 702 3175 758 Hebraei
3228 717 3326 773 per

1744 790 2023 847 Abraham
2055 802 2110 849 et
2138 792 2332 851 Patres
2377 796 2624 851 omnium
2668 812 2852 869 regem
2901 799 3066 868 primi
3110 796 3325 853 didice-

1743 892 1876 938 runt
1903 882 2096 952 Deum,
2129 885 2384 942 similiter
2404 895 2461 943 et
2507 888 2695 959 primi
2725 888 2901 959 legem
2954 897 3321 958 acceperunt;

1746 979 1992 1043 tempore
2024 988 2155 1029 vero
2187 982 2498 1045 opportuno
2528 992 2627 1048 per
2657 976 3003 1048 unigenitum
3045 976 3324 1047 evangeli-

1744 1073 1905 1120 zatur
1932 1081 2108 1137 usque
2134 1066 2201 1121 ad
2250 1067 2614 1123 novissimum
2661 1076 2844 1124 terrae.
2888 1066 3045 1134 Quod
3093 1068 3161 1120 sit
3214 1081 3325 1122 una

1742 1160 1860 1216 haec
1894 1161 1979 1217 lex
2014 1162 2156 1218 sicut
2186 1178 2329 1218 unus
2350 1170 2405 1219 et
2426 1164 2710 1235 legislator
2734 1163 2790 1218 in
2819 1161 3002 1219 Veteri
3020 1170 3075 1217 et
3099 1163 3155 1217 in
3172 1161 3323 1217 Novo

1744 1252 2121 1318 Testamento,
2153 1255 2299 1310 scire
2336 1255 2561 1327 dignum
2591 1264 2697 1323 est,
2727 1255 2874 1310 unde
2909 1270 3020 1309 non
3061 1269 3157 1324 per
3189 1254 3318 1323 dog-

1740 1353 1890 1399 mata
1922 1346 2065 1400 inter
2110 1361 2170 1402 se
2210 1347 2576 1418 repugnantia
2619 1356 2717 1402 aut
2761 1346 3060 1414 variantia,
3097 1361 3197 1401 nec
3225 1361 3325 1416 per

1741 1436 1849 1491 alia
1881 1446 1935 1493 et
1964 1437 2070 1492 alia
2102 1437 2356 1495 instituta
2391 1438 2545 1497 ducit
2568 1439 2716 1497 Deus
2747 1439 3028 1495 hominem
3070 1438 3138 1493 ad
3166 1438 3324 1509 agni-

1741 1531 1945 1585 tionem
1998 1532 2336 1598 veritatum,
2410 1534 2516 1589 viri
2570 1533 2747 1589 instar
2795 1533 2956 1602 cujus
3004 1531 3325 1588 intellectus

1740 1623 1964 1679 mobilis
2002 1639 2105 1680 nec
2154 1633 2357 1680 cuncta
2404 1626 2802 1696 complectens,
2856 1625 3067 1695 quique
3115 1631 3324 1694 pugnat

1739 1728 1926 1770 secum
1993 1722 2090 1770 aut
2152 1716 2435 1786 prioribus
2504 1717 2613 1771 alia
2669 1716 3065 1786 supercogitat.
3121 1713 3324 1769 Procul

1741 1816 1968 1878 reptans
1991 1824 2149 1865 mens
2174 1809 2229 1863 in
2254 1816 2425 1873 terra,
2459 1808 2530 1863 ab
2564 1809 2660 1864 illo
2694 1810 2789 1880 qui
2828 1808 3069 1865 scienter
3102 1815 3157 1864 et
3193 1816 3323 1863 ante

1738 1897 2120 1953 exsistentiam
2155 1897 2339 1953 omnia
2375 1898 2596 1969 praellae
2625 1906 2679 1954 et
2728 1899 2845 1953 ullo
2878 1899 3089 1968 absque
3133 1913 3324 1955 errore

1741 1990 2028 2062 perspicit.
2064 1988 2221 2045 Talia
2249 1988 2433 2046 facere
2454 2000 2509 2045 et
2544 1990 2655 2060 pali
2686 1989 2930 2047 hominis
2956 1997 3068 2054 est,
3100 1987 3323 2060 ipsique

1740 2083 2063 2154 ignominia.

1737 2177 1772 2233 8
1806 2174 1911 2232 Sed
1960 2190 2105 2229 meus
2164 2172 2248 2227 hic
2308 2188 2503 2239 sermo,
2558 2179 2614 2227 et
2664 2187 2785 2242 seq.

1812 2266 2025 2323 Sensus
2043 2271 2131 2321 est
2152 2282 2166 2319 :
2191 2262 2347 2319 Meus
2368 2263 2461 2318 hic
2491 2276 2697 2326 sermo,
2718 2269 2773 2317 et
2791 2276 2821 2314 a
2842 2275 2928 2316 me
2955 2259 3127 2314 hocce
3152 2257 3323 2313 docu-

1739 2368 1980 2415 mentum
1998 2367 2052 2414 et
2060 2357 2330 2427 judicium
2346 2356 2414 2411 de
2430 2355 2550 2411 zelo
2564 2362 2618 2410 et
2636 2354 2845 2408 auxilio
2860 2352 3144 2406 hominum
3164 2365 3323 2404 ama-

1738 2451 1875 2507 toris
1903 2458 1958 2506 et
1992 2449 2266 2506 sermonis
2300 2447 2423 2503 [luis
2440 2446 2731 2502 enuntiare
2756 2447 2901 2515 quod
2925 2444 2994 2498 ab
3024 2443 3182 2498 initio
3212 2443 3322 2499 lata

1738 2545 1812 2602 sit
1858 2541 2160 2614 Scriptura:
2176 2541 2264 2596 lex
2295 2539 2363 2595 ad
2392 2537 2684 2595 delendam
2702 2534 3073 2592 idololatriam
3095 2542 3150 2589 et
3172 2531 3323 2603 quod

1739 2637 1845 2694 sub
1876 2637 1994 2707 lege
2014 2634 2168 2690 nullo
2196 2632 2342 2703 apud
2372 2640 2617 2688 veterem
2645 2628 2815 2685 Israel
2851 2626 2917 2680 ad
2952 2626 3323 2696 legislatorem

1738 2744 1896 2785 suum
1923 2727 2136 2797 erigere
2165 2740 2227 2781 se
2255 2725 2473 2779 valente
2516 2722 2637 2793 ipse
2696 2720 2862 2774 homo
2908 2718 3086 2773 factus
3130 2724 3185 2771 et
3238 2717 3321 2771 le-

1738 2834 1858 2890 gem
1916 2816 2147 2887 spiritus
2183 2812 2446 2884 patefecit
2494 2812 2549 2866 in
2597 2809 2889 2880 Scriptura
2938 2807 3322 2863 obnubilatqu

1737 2910 1883 2964 sicut
1911 2920 2093 2961 rosam
2125 2904 2183 2960 in
2214 2903 2390 2959 calice
2438 2902 2713 2965 clausam,
2743 2909 2798 2955 et
2840 2898 3179 2954 habitatione
3220 2913 3322 2953 sua

1737 3003 1794 3057 in
1826 2999 1988 3055 nobis
2018 2998 2187 3054 homo
2212 2995 2380 3060 Deus,
2420 2993 2589 3050 Israel
2642 2992 2925 3048 carnalem
2977 2990 3214 3051 mutavit
3263 2991 3321 3045 in

1737 3092 2103 3167 spiritualem.
2157 3090 2298 3161 Ergo
2347 3090 2418 3156 is,
2477 3086 2679 3159 inquit,
2738 3086 2809 3141 ab
2846 3085 3007 3140 initio
3036 3083 3104 3140 ad
3157 3083 3328 3139 linem

1737 3199 1921 3243 sermo
1951 3198 2108 3241 meus
2133 3181 2202 3238 de
2231 3181 2620 3237 lncarnatioue
2640 3177 2815 3233 divini
2859 3175 3044 3241 Verbi,
3094 3175 3309 3246 ipsum-

1731 3292 1841 3349 que
1868 3290 2036 3347 quam
2071 3272 2490 3330 accuratissime
2510 3268 2862 3328 carminibus
2893 3265 3015 3323 istis
3041 3264 3327 3320 deliueare

1733 3368 1936 3442 aggred
1949 3368 2057 3421 iar.

1729 3572 1764 3628 9
1804 3570 2097 3641 Postquam
2128 3566 2347 3622 rabidus
2383 3563 2552 3620 hostis
2605 3562 2840 3641 primum
2868 3557 3128 3641 hominem
3166 3555 3324 3641 ejecir

2756 3630 2807 3704 [ε
2832 3630 3108 3700 paradiso,
3135 3635 3245 3683 etc.

1806 3735 1945 3791 Cum
1978 3733 2049 3789 ab
2076 3729 2234 3787 initio
2266 3726 2632 3784 habensiram
2669 3736 2925 3795 magnam
2957 3729 3013 3777 et
3044 3719 3322 3775 homicida

1731 3840 1961 3897 serpens
1989 3838 2087 3894 per
2108 3820 2334 3877 vetitam
2349 3818 2550 3875 letil’eri
2570 3815 2938 3889 gustationem
2962 3810 3179 3867 fructus
3206 3810 3323 3880 pri-

1731 3932 1882 3972 mum
1927 3913 2236 3984 decepisset
2283 3911 2558 3967 hominem
2588 3907 3049 3976 exturbassetque
3098 3917 3129 3956 a
3155 3917 3317 3972 para-

1731 4010 1876 4074 diso,
1904 4005 2370 4079 quemadmodum
2419 4012 2642 4058 mortuo
2692 4001 2751 4056 in
2802 4013 2985 4071 pugna
3034 3996 3174 4053 duce
3220 3994 3317 4064 qui

1730 4101 2074 4172 imperabat,
2132 4096 2399 4168 proelians
2459 4094 2639 4150 hostis
2708 4092 2765 4148 in
2828 4090 3130 4147 exercitum
3177 4088 3320 4142 duce

1731 4191 1928 4248 orbum
1963 4229 1979 4256 ,
2037 4187 2258 4252 contis,
2302 4183 2505 4255 iaculis
2561 4190 2617 4238 et
2663 4179 3000 4251 quibuslibet
3042 4175 3214 4231 armis
3259 4176 3317 4229 in

1734 4285 1911 4355 victos
1936 4289 2200 4353 pmslare
2225 4284 2425 4342 certat,
2462 4274 2629 4333 simili
2666 4274 2873 4345 impetu
2907 4279 2965 4327 et
3006 4270 3125 4341 ipse
3156 4267 3319 4324 Sata-

1730 4390 1832 4431 nas
1864 4358 2113 4446 l‘ugatum
2179 4369 2419 4440 primum
2470 4365 2645 4422 Adam
2715 4378 2842 4419 cum
2894 4361 3210 4418 induxisset
3258 4361 3315 4415 in

1735 4471 2023 4539 peccatum
2052 4467 2109 4517 et
2141 4460 2199 4514 in
2226 4457 2411 4513 omnia
2446 4470 2570 4527 quae
2609 4454 2680 4509 ab
2724 4469 2793 4510 eo
2831 4452 3115 4517 oriuntur,
3163 4451 3316 4505 omni

1735 4572 1903 4629 opera
1927 4554 2033 4626 ipsi
2071 4551 2381 4623 adjutorem
2406 4565 2466 4605 se
2488 4550 2696 4620 praebet
2723 4546 3077 4611 delictorum,
3100 4551 3156 4599 et
3181 4559 3318 4599 con-

1732 4651 1870 4710 socii
1919 4650 1975 4704 in
2006 4653 2234 4718 peccato
2262 4643 2320 4699 iit
2346 4651 2635 4699 accusator
2659 4640 2728 4695 ad
2754 4646 3010 4694 mortem.
3047 4635 3183 4691 Nam
3224 4652 3315 4691 as—

1731 4743 1869 4800 tutis
1890 4748 1947 4795 et
1985 4738 2212 4795 nefariis
2245 4735 2499 4793 consiliis
2520 4733 2590 4788 ab
2619 4732 2909 4787 Altissimo
2955 4728 3113 4784 divisi
3165 4726 3314 4781 illius

1731 4834 1923 4891 oculos
1953 4831 2129 4902 primo
2159 4826 2435 4885 convertit
2463 4825 2532 4881 ad
2554 4823 2679 4881 coeli
2704 4818 3207 4894 pulchritudinem,
3238 4824 3316 4872 at-

1731 4941 1839 4998 que
1861 4927 1916 4979 in
1946 4921 2383 4995 fulgentissimas
2405 4927 2679 4975 astrorum
2702 4917 2985 4973 claritates
3038 4914 3314 4968 intentum

1732 5022 1900 5086 astris
1926 5017 2141 5074 deferre
2170 5015 2411 5071 debitam
2443 5011 2692 5067 Creatori
2743 5006 3111 5065 reverentiam
3152 5003 3307 5060 fecit.

1732 5114 1856 5169 Mox
1888 5111 1957 5168 ad
1983 5107 2442 5179 contemplandos
2472 5102 2827 5159 morientium
2874 5098 3098 5170 impulit
3123 5097 3313 5152 vultus

1730 5216 1785 5263 et
1811 5204 2080 5274 imagines
2113 5216 2236 5273 quae
2267 5214 2403 5254 auro
2432 5206 2527 5252 aut
2557 5202 2785 5268 argento
2838 5202 2933 5247 aut
2970 5190 3099 5246 aliis
3136 5196 3310 5244 mate-

1734 5299 1832 5355 riis
1858 5299 2138 5369 eleganter
2155 5292 2361 5350 ellinxit
2387 5289 2699 5362 parentium
2721 5286 3081 5344 desiderium.
3104 5282 3311 5339 Deinde

1733 5397 2107 5447 commentum
2135 5394 2191 5442 et
2215 5398 2418 5448 sermo,
2476 5380 2713 5437 mendax
2749 5377 2995 5450 quidem.
3048 5377 3144 5434 sed
3196 5391 3317 5431 non

1733 5482 2075 5554 improbatus
2133 5486 2188 5535 et
2264 5491 2481 5547 semper
2542 5473 2705 5529 anuis
2788 5469 3313 5542 supervenientibus

1732 5571 2059 5632 commentis
2084 5575 2280 5625 auctus
2308 5575 2362 5624 et
2391 5568 2446 5623 in
2471 5567 2776 5622 amicorum
2803 5562 3157 5621 sermonibus
3190 5575 3309 5615 non

1728 5663 1891 5718 malis
1922 5661 2019 5716 illu
2041 5667 2253 5716 stratus
2284 5661 2442 5730 quasi
2479 5660 2585 5715 llde
2613 5658 2834 5731 dignus,
2866 5658 3120 5715 insanam
3152 5657 3311 5712 addi-

1730 5756 1809 5813 dit
1846 5756 2243 5812 adorationcm.
2281 5753 2373 5812 Sic
2404 5754 2475 5812 ab
2498 5754 2658 5812 initio
2690 5751 3011 5812 idololatria
3042 5750 3097 5807 in
3132 5750 3313 5806 vitam
