3802 6522
68 432 142 487 705
903 424 972 481 IN
1010 425 1321 481 CARMINA
1354 424 1637 481 ARCAN.\
1678 425 1735 481 S.
1766 425 2121 483 GRECORII.

70 557 111 609 δι
154 546 296 605 Ἀλλὰ
314 545 379 599 τὰ
407 543 523 615 μὲν
546 542 859 613 μετόπισθ’
889 545 946 597 οι
984 542 1037 597 δ’
1068 543 1150 615 ᾡς
1180 542 1370 611 νόμον
1400 537 1569 615 εἶχον

1074 610 1328 685 [dapem
1372 612 1489 668 κτλ.

116 713 175 768 Τὰ
198 711 281 783 μὲν
323 707 598 780 είρημένα,
637 705 802 778 φησὶν
830 705 859 758 ὁ
891 704 991 777 τῆς
1034 705 1321 775 θεοσοφίας
1352 703 1565 775 λύχνος,

68 810 155 877 ᾖτε
187 804 279 856 τῶν
318 801 478 855 ἐθνῶν
508 800 764 854 ἁπάντων
795 798 1001 861 εἴσοδος
1032 800 1113 861 είς
1160 797 1417 869 Χριστὸν,
1446 797 1480 867 ἢ
1505 812 1564 849 τε

162 893 563 964 καταλείμματος
605 889 818 961 Ἰσραὴλ
861 889 950 944 διὰ
983 888 1147 961 ζήλου
1182 890 1276 942 καὶ
1312 891 1565 959 exter-spo-

65 991 137 1059 φῆς
164 989 275 1059 πρὸς
305 987 427 1040 Θεὸν
453 986 716 1057 σωτηρία,
741 983 916 1037 ταῦτα
938 985 1036 1055 μὲν
1062 986 1121 1037 ὲν
1152 983 1399 1053 ὑστέροις
1428 983 1565 1035 ἀπο-

67 1079 389 1149 καλυφθήσεται
418 1080 626 1148 καιροῖς
646 1093 659 1106 ·
690 1075 834 1130 κατὰ
876 1075 1059 1146 μέντοι
1088 1074 1179 1129 τὸν
1218 1075 1431 1147 πρῶτον
1462 1076 1561 1145 τῆς

63 1170 305 1240 ἐπιφανείας
346 1168 436 1221 τοῦ
490 1168 744 1239 Σωτῆρος
805 1166 1323 1238 ὲνανθρωπήσαντος
1370 1166 1560 1238 καιρὸν

62 1266 131 1318 τῶν
154 1262 292 1318 ἐθνῶν
320 1262 411 1332 μὲν
431 1264 552 1325 ταῖς
576 1260 837 1331 ἀθέσμοις
864 1258 1333 1330 είδωλολατρείαις
1356 1257 1560 1327 σφόδρα

62 1356 239 1427 σῳῦρῶς
267 1354 684 1424 ὲϐδελυγμένων,
720 1352 829 1405 τῶν
855 1351 916 1417 ἐξ
962 1351 1178 1423 Ἰσραὴλ
1215 1352 1270 1405 δὲ
1316 1354 1437 1414 ταῖς
1462 1349 1557 1404 τοῦ

60 1451 172 1519 νόμον
196 1446 443 1509 ποικίλαις
477 1444 860 1517 παραϐάσεσιν
891 1441 1232 1515 ἀτιμούντων
1273 1442 1365 1496 τὸν
1401 1442 1555 1506 Θεὸν,

58 1545 136 1595 τότε
160 1542 210 1613 δὴ
234 1542 359 1604 τότε,
380 1540 466 1592 ἵνα
493 1540 528 1609 ἡ
572 1536 848 1608 ὑπερϐολὴ
874 1536 973 1607 τῆς
1002 1536 1234 1607 ἀπείρου
1256 1534 1558 1606 χρηστότη-

58 1650 115 1697 τος
130 1631 358 1701 ἀναοανῇ,
389 1627 651 1697 τοιαύτης
686 1629 719 1698 ἠ
753 1626 1070 1699 ἀνθρωπίνη
1109 1625 1271 1695 φύσις
1296 1624 1555 1697 διειλήχει

57 1726 191 1795 τιμῆς·
217 1721 428 1794 Εύδοκίᾳ
465 1719 568 1793 μὲν
592 1718 687 1774 τοῦ
718 1718 988 1773 ἀθανάτου
1015 1718 1250 1795 Πατρὸς,
1280 1716 1374 1770 τοῦ
1397 1717 1550 1785 ἀγίου

56 1818 91 1870 ἂ
114 1813 322 1888 συνεργίᾳ
350 1814 670 1885 Πνεύματος
697 1811 726 1863 ὁ
754 1811 1048 1884 μονογενὴς
1075 1810 1169 1864 τοῦ
1194 1808 1329 1863 Θεοῦ
1355 1800 1549 1878 Λόγος,

57 1910 135 1961 im
173 1907 255 1977 τῆς
302 1906 481 1975 θεῖκῆς
532 1904 731 1977 μοίρας
788 1901 989 1967 κτίζων
1024 1902 1116 1955 τὸν
1163 1901 1449 1974 ἄνθρωπον
1496 1899 1556 1965 ἐξ

56 2000 173 2071 ἀρχῆς
196 1998 263 2069 τῷ
288 1996 445 2053 αὑτοῦ
481 1996 702 2067 σώματι
732 1995 1016 2059 κατέθετο,
1048 1995 1206 2049 τοῦτο
1232 1997 1353 2059 ταῖς
1387 1993 1556 2066 ψυχο-

58 2094 208 2163 ςθόροις
239 2092 521 2165 ἁμαρτίαις
571 2088 982 2160 λελυμασμένον
1017 2086 1183 2160 ὁρῶν,
1212 2104 1555 2160 κατατυραν-

55 2164 184 2239 νοῦντα
229 2185 279 2238 δὲ
322 2164 428 2238 τῶν
478 2183 705 2237 πάντων
750 2181 958 2253 βροτῶν
1008 2181 1101 2235 τὸν
1146 2181 1417 2253 δράκοντα
1462 2181 1554 2235 τὸν

56 2280 280 2349 ἀποστάτην
304 2277 442 2342 ἰδὼν,
476 2274 871 2348 καὶ.ηλεηκὼς,
897 2274 1080 2328 οὐκέτι
1114 2273 1296 2338 ἀλλοις
1326 2275 1426 2345 τὴν
1454 2274 1553 2346 ἀῤ-

56 2371 219 2439 ῥωστῐιν
260 2370 449 2441 ταύτην
488 2369 683 2440 ἐφίησι
736 2366 985 2438 βοηθεῖν·
1021 2367 1083 2420 ού
1136 2366 1241 2439 γὰρ
1279 2364 1551 2437 αὑταρκες

57 2466 102 2525 εἰς
126 2463 327 2532 μεγάλων
366 2460 561 2515 παθῶν
595 2458 893 2531 θεραπείαν
928 2457 1066 2528 [αμα
1105 2457 1329 2530 μικρόν*
1371 2457 1448 2521 ώς
1486 2457 1552 2511 ἂν

54 2552 86 2601 δὲ
110 2551 413 2620 κληρονομίαν
446 2550 589 2604 ἰδίαν
619 2547 800 2619 ἑαυτῷ
833 2547 895 2613 ἐξ
936 2546 1241 2620 ἀνθρώπων
1271 2547 1299 2599 ὁ
1343 2549 1407 2601 ὲκ
1439 2549 1551 2602 Πα-

56 2643 133 2709 τςλς
151 2641 248 2705 Υἱὸς
275 2642 499 2712 ἀμήτωρ
530 2640 933 2711 ἀναστήσηται,
974 2638 1066 2692 καὶ
1088 2638 1186 2711 τὴν
1219 2639 1400 2693 εἰκόνα
1422 2640 1549 2693 ἑαυ-

56 2732 110 2783 τςῦ
134 2734 205 2802 τῆς
225 2735 544 2805 τυραννικῆς
576 2729 1031 2802 ἀπολυτρώσηται
1066 2729 1323 2801 κατοχῆς,
1349 2730 1549 2784 ἐκένω-

56 2824 280 2878 σενὲιυτὸν
310 2825 433 2888 Tib;
471 2821 766 2895 ἀνθρώπου
808 2822 934 2892 δίχα
972 2822 1175 2894 πατρὸς
1213 2821 1552 2892 γεννώμενος

54 2917 135 2983 ἡμῖν
159 2916 513 2989 καιωπρεπιῦς
564 2919 660 2989 μὲν
701 2918 796 2972 καὶ⁹
826 2917 1014 2983 ξένως,
1044 2918 1125 2972 ὅτι
1170 2916 1304 2990 ἄτερ
1334 2916 1548 2990 ἀνδρὸς,

54 3009 87 3058 r3
108 3008 229 3073 ξένιος
250 3010 300 3063 δὲ
326 3011 706 3071 παντάπασιν,
733 3010 816 3063 ὅτι
844 3010 904 3075 ἐξ
930 3009 1089 3081 ἐμοῦ,
1112 3004 1266 3074 οὗτος
1295 3011 1383 3065 διά
1413 3029 1553 3083 παρ-

53 3096 201 3167 θενικῆς
224 3101 305 3153 καὶ
328 3100 486 3169 ἀγίας
524 3099 892 3171 βροτούμενος
923 3101 1153 3172 μητρὸς,
1180 3100 1300 3165 ὅλος
1318 3101 1439 3154 ὅλον
1461 3101 1550 3156 τὸν

52 3189 91 3240 δι’
114 3193 337 3261 ἁμαρτίας
382 3193 631 3247 πεσόντα
675 3192 1047 3263 προσείληφεν
1091 3191 1284 3264 Ἀδὰμ,
1330 3193 1397 3247 ἵν’
1444 3193 1550 3266 ὅλῳ

52 3288 382 3358 περιωιήσηται
412 3288 516 3359 τὴν
555 3286 848 3359 σωτηρίαν.
882 3285 991 3339 Τοῦ
1025 3284 1091 3357 δὴ
1134 3285 1295 3357 χάριν
1341 3285 1551 3358 ἀνθρω-

54 3377 167 3441 πίνοις
192 3379 271 3431 καὶ
318 3380 416 3432 oin:
454 3378 828 3448 ἀνθρωπίνοις
875 3378 1061 3449 νόμοις
1111 3376 1172 3442 ἐξ
1228 3376 1408 3447 ἁγνῶν
1459 3378 1554 3431 καὶ

55 3468 310 3537 τιρθενικῶν
336 3470 671 3540 σπλάγχνων
700 3468 767 3540 (ὣ
802 3467 989 3539 θαῦμα
1028 3468 1256 3522 ἄπιστον
1308 3467 1554 3540 βεϐήλοις

55 3560 288 3629 βροτοῖςίμ
312 3562 590 3634 ἄμϐροτος
624 3559 918 3633 βροτωθεὶς
963 3558 1204 3632 προῆλθε
1244 3557 1377 3623 Θεὸς
1416 3556 1553 3630 ὁμοῦ

54 3653 111 3702 nl.
132 3651 395 3724 ἄνθρωπος,
417 3652 517 3707 δύο
547 3650 739 3722 φύσεις
772 3653 852 3715 είς
881 3650 938 3705 ἒν
966 3650 1259 3721 πρόσωπον
1282 3649 1551 3719 συνάγων,

53 3742 113 3809 τὴν
134 3744 206 3813 μὲν
225 3748 609 3818 κρυπτομένην
640 3744 735 3799 καὶ
769 3744 1018 3810 ἀθέατον,
1048 3743 1146 3815 τὴν
1178 3742 1222 3796 δ’
1246 3743 1555 3814 ἀναφανδὸν

56 3835 275 3905 ἀνθρώποις
299 3840 589 3913 ὁρωμένην
612 3855 625 3869 ·
655 3830 731 3893 ὧν
756 3839 791 3909 ἠ
826 3838 924 3909 μὲν
955 3836 1087 3900 Θεὸς
1112 3831 1180 3907 ἦν
1201 3834 1280 3907 τῷ
1302 3836 1556 3905 ἀνάρχως

54 3930 233 3991 ·;τ·ρκῖνιτι
273 3933 643 4004 ὁμοούσιος,ὴ
685 3931 743 3984 δὲ
775 3931 1062 4003 ἄνθρωπος
1105 3929 1349 3984 ἔκτισται
1390 3931 1457 4001 τῇ
1498 3928 1556 3981 ἐν

55 4020 167 4091 τρόνῳ
186 4024 393 4098 τεκούσῃ
423 4025 528 4080 καὶ
554 4025 687 4095 ἡμῖν
720 4024 987 4095 moeniae.

56 4201 91 4254 3|
120 4205 199 4276 (2!)
228 4205 320 4275 Εἷς
348 4211 494 4277 Θεὸς
523 4208 959 4279 ἀμφοτέρωθεν,
984 4206 1113 4262 ἐπεὶ
1135 4207 1367 4279 θεότητι
1389 4224 1557 4279 κερα-

54 4342 97 4396 52
122 4347 201 4399 Kal
240 4350 454 4420 ,ϐροτὸς
506 4351 577 4406 ἐκ
632 4348 910 4416 θεότητος
947 4347 1105 4420 ἄναξ
1156 4347 1258 4420 καί
1295 4278 1557 4419 ᾟὲἒύς

1057 4418 1483 4493 [ὑπέστη,⁵κτλ.

99 4510 163 4573 εἷς
180 4518 292 4581 Θεὸς
335 4516 793 4588 ὁμολογουμένως
817 4515 882 4568 ἐκ
917 4514 1065 4569 δυοῖν
1092 4513 1307 4585 φύσεων
1344 4514 1554 4587 ὑπέστη

56 4604 339 4683 ὁΧριστόςυή
368 4610 479 4682 γάρ
505 4610 563 4662 ὲν
588 4607 737 4679 αύτῷ
776 4607 999 4679 βροτεία
1024 4605 1209 4677 φύσις,
1240 4610 1306 4679 τῇ
1338 4607 1556 4680 Θεότητι

58 4696 131 4746 ull‘
144 4700 403 4756 ὑπόστασιν
430 4701 822 4773 συνενουμένη,
843 4700 938 4754 καὶ
958 4701 993 4771 ἠ
1019 4699 1211 4771 θεότης
1237 4698 1557 4772 παραδόξως

56 4788 95 4854 τῇ
118 4788 448 4866 ἁνθρωπότητι
479 4791 913 4864 συγκιρναμένη,
932 4793 962 4844 ὁ
988 4791 1151 4856 αὐτὸς
1186 4789 1440 4861 βασιλεὺς
1465 4792 1557 4846 καὶ

56 4874 140 4942 Θεὸς
163 4885 237 4937 καὶ
280 4885 433 4951 ἀλλος
465 4885 586 4950 νέος
633 4883 805 4954 ’Δδάμ
844 4881 936 4937 τὸν
985 4882 1214 4937 παλαιὸν
1263 4881 1557 4955 ἐξιώμενος

57 4974 309 5043 πιστεύεται,
335 4979 410 5043 ὡς
428 4978 538 5031 ὑπὸ
560 4974 1025 5047 παραπετάσματι
1050 4974 1107 5027 δὲ
1126 4973 1205 5047 τῷ
1230 4975 1556 5047 ἀνθρωπίνῳ

58 5064 321 5138 aptati,th
348 5070 682 5135 κεκάλυπτο,
710 5065 926 5139 πρῶτον
962 5066 1061 5138 μὲν
1088 5067 1168 5120 ὅτι
1202 5068 1276 5139 μὴ
1309 5067 1556 5140 καθαρὰν

56 5154 163 5210 the]
182 5161 263 5235 τὴν
286 5162 512 5236 θεότητα
537 5164 724 5234 φέρειν
749 5155 861 5215 οἷόν
883 5177 967 5229 τε,
994 5160 1128 5232 μηδὲ
1152 5160 1399 5232 χωρητδν
1419 5155 1557 5216 εἶναι

57 5245 183 5302 τοῦτον
208 5256 306 5318 τοῖς
333 5253 603 5326 ὲμπαθέσι
634 5256 818 5325 γυμνῇ
842 5252 1208 5324 προσεγγίσαι
1229 5256 1295 5325 τῇ
1321 5252 1555 5327 θεότητι·

57 5336 185 5394 ἔπειτα
216 5343 281 5409 tit;
303 5346 365 5401 ἂν
392 5348 485 5401 τὸν
508 5347 813 5418 ἀρχέκακον
836 5345 959 5415 ὄφιν
983 5343 1395 5417 φρονιμώτατον
1417 5342 1559 5401 εἶναι

58 5428 125 5480 “.in
151 5434 368 5492 ἁπάντων
398 5439 603 5512 θηρίων
637 5438 845 5509 νοητῶν
880 5436 1248 5508 κατοιόμενον,
1275 5438 1355 5510 τῷ
1381 5457 1558 5510 φαινο-

60 5521 158 5593 μέλι)
181 5526 436 5597 δελεάσας,
583 5531 762 5602 οἰκείᾳ
806 5530 1020 5603 θεότητι
1058 5529 1130 5595 ὡς
1175 5532 1233 5583 ὲν
1279 5531 1559 5605 ἀγκίστρῳ

60 5620 299 5693 περιπείρη,
330 5624 420 5677 καὶ
448 5623 520 5688 ώς
563 5622 734 5694 Ἀδὰμ
764 5622 864 5693 μὲν
897 5620 1045 5692 αὑτῷ
1075 5620 1557 5693 προσπηδήσαντα,

3151 439 3253 494 706

1674 541 1735 596 3t
1804 540 1993 597 Verum
2030 544 2142 598 Ιιωσ
2190 552 2391 611 postea.
2449 545 2578 600 Cum
2628 548 2792 616 igitur
2854 546 3061 606 Ilelr'rwi
3104 554 3254 608 vitam

2592 618 2920 691 [habuissem
2940 627 3123 693 legem,
3145 637 3253 679 etc.

1741 701 1872 769 Qum
1904 717 2161 760 enarrata
2190 714 2338 774 sunt,
2370 709 2445 762 ait
2468 710 2754 780 sapientia:
2789 711 2880 768 Dei
2923 714 3261 779 Iucerna,si-

1666 812 1733 849 ve
1776 798 2102 867 populorum
2155 802 2401 856 omnium
2443 805 2709 860 transitus
2733 806 2799 860 ad
2839 807 3141 873 Christum,
3175 810 3257 863 si-

1666 902 1732 943 ve
1766 889 2123 961 reliquiarum
2148 890 2315 947 Israel
2349 894 2582 949 salvatio
2614 912 2711 966 per
2735 900 2910 953 zelum
2946 908 3001 954 et
3034 916 3259 957 conver-

1665 979 1875 1036 sionem
1911 983 1977 1036 ad
2012 982 2204 1048 Deum,
2240 985 2447 1041 ultimis
2475 989 2815 1057 temporibus
2844 992 3254 1048 revelabuntur.

1665 1073 1915 1129 Attamen
1947 1075 2140 1145 primis
2182 1077 2645 1136 manifestationis
2689 1082 2965 1137 iucarnati
3005 1084 3256 1139 Salvato-

1664 1164 1741 1221 ris
1773 1169 2135 1237 temporibus,
2169 1185 2294 1224 cum
2325 1170 2453 1226 hinc
2493 1181 2685 1243 gentes
2715 1173 2844 1230 odio
2886 1177 3042 1232 valde
3070 1192 3195 1234 esse
3234 1184 3260 1233 t

1662 1273 1779 1328 pra
1818 1259 2007 1314 illicita
2038 1262 2370 1328 idololatria,
2398 1264 2523 1320 inde
2557 1281 2686 1320 vero
2725 1266 2889 1322 Israel
2917 1270 3086 1324 variis
3122 1271 3258 1340 legis

1662 1352 2195 1422 transgressionibus
2234 1354 2403 1410 Deum
2446 1356 2825 1423 iuhonoraret,
2872 1368 3002 1414 tunc
3053 1368 3111 1414 ut
3140 1362 3261 1414 the-

1660 1460 1859 1501 saurus
1888 1446 2169 1503 immensa:
2197 1448 2457 1504 bonitatis
2492 1452 2878 1516 illustraretur,
2911 1462 3121 1509 tantum
3155 1454 3256 1509 hu-

1658 1551 1820 1591 mana
1886 1546 2080 1593 natura
2142 1540 2334 1595 sortita
2382 1550 2468 1597 est
2520 1542 2829 1599 honorem:
2879 1545 3035 1613 juxta
3065 1545 3259 1600 aeterni

1656 1625 1834 1683 Patris
1892 1628 2314 1699 beneplacitum,
2377 1640 2707 1699 cooperante
2777 1630 2984 1704 Spiritu
3037 1643 3254 1697 sancto,

1657 1717 1915 1784 Verbum,
1954 1720 2270 1791 unigenitus
2306 1720 2397 1777 Dei
2433 1720 2622 1787 Filius,
2668 1740 2831 1794 quam
2872 1724 3071 1780 divina:
3098 1725 3257 1780 intel-

1653 1811 1889 1885 ligentia:
1919 1814 2212 1868 scintillam
2259 1814 2327 1869 ab
2360 1814 2514 1869 initio
2555 1831 2754 1872 crcans
2781 1816 3056 1874 hominem
3094 1820 3149 1875 in
3184 1821 3259 1889 ip-

1657 1903 1773 1960 sius
1801 1919 2033 1976 corpore
2074 1906 2459 1968 constituerat,
2507 1921 2628 1961 eam
2669 1908 2921 1964 letalibus
2967 1910 3255 1967 erroribus

1658 2003 1976 2051 evacuatam
2016 2010 2268 2060 cernens,
2301 1996 2495 2051 videns
2525 2005 2578 2052 et
2610 1998 2897 2069 tyrannice
2938 2000 3258 2071 opprimen-

1658 2100 1767 2145 tem
1803 2103 1995 2144 omnes
2037 2097 2302 2161 quotquot
2351 2090 2542 2145 vivunt
2588 2090 2882 2146 draconem
2914 2100 3247 2163 apostatam,

1656 2181 2032 2238 misericordia
2077 2190 2259 2238 motus
2287 2183 2422 2239 alios
2454 2200 2565 2240 non
2616 2184 2746 2240 sinit
2782 2186 2837 2240 in
2891 2194 3041 2240 tanta
3095 2187 3254 2240 auxi-

1655 2275 1774 2331 liari
1820 2276 2137 2332 inﬁrmitate
2169 2276 2449 2332 destitutis
2482 2295 2497 2332 :
2530 2294 2641 2332 non
2676 2277 3032 2333 sullicilenim
3056 2278 3122 2332 ad
3149 2294 3259 2331 ma-

1654 2381 1884 2435 gnorum
1914 2367 2181 2421 malorum
2208 2382 2395 2422 curam
2438 2368 2553 2423 leve
2583 2369 2885 2423 remedium
2916 2386 2931 2435 ;
2967 2367 3254 2431 nimirum.

1654 2465 1713 2509 ut
1744 2472 1811 2511 ex
1856 2456 2170 2515 hominibus
2192 2460 2484 2514 suscitaret
2518 2459 2618 2513 sibi
2667 2466 2855 2530 gentes
2885 2459 3064 2514 hatred
3090 2468 3123 2513 ι.
3146 2465 3257 2516 tem

1655 2564 1833 2604 suam.
1883 2548 2057 2605 Filius
2100 2548 2282 2605 Patris
2312 2550 2431 2605 sine
2467 2559 2662 2612 matre,
2687 2559 2745 2604 ut
2779 2549 3069 2619 imaginem
3101 2566 3255 2604 suam

1653 2640 1944 2697 redimeret
1968 2658 1997 2695 a
2020 2643 2301 2715 tyrannica
2334 2646 2705 2713 possessione,
2721 2641 3022 2697 esinanivit
3056 2650 3260 2697 semet-

1655 2733 1834 2803 ipsum
1888 2732 2060 2790 Filius
2102 2733 2340 2789 hominis
2363 2734 2483 2789 sine
2517 2743 2673 2804 patre
2708 2743 2871 2788 natus
2926 2733 3104 2796 nobis.
3158 2718 3259 2788 ηοξ

1654 2840 1779 2878 vum
1812 2838 1978 2897 snper
1999 2833 2225 2891 terram,
2271 2826 2572 2896 alienigena
2597 2826 2725 2897 quia
2751 2826 2871 2882 sine
2902 2828 3040 2892 viro,
3072 2837 3125 2881 et
3148 2843 3259 2881 non

1654 2918 1984 2991 alienigena,
2011 2920 2137 2990 quia
2182 2928 2375 2974 natura
2408 2919 2540 2975 mihi
2587 2920 2809 2987 similis,
2836 2920 2954 2990 ipse
3001 2901 3107 2991 per.
3131 2918 3257 2976 Vir~

1652 3010 1832 3081 ginem
1900 3018 2146 3068 sanctam
2188 3020 2417 3066 matrem
2458 3013 2633 3067 factus
2676 3014 2950 3078 mortalis,
2985 3023 3133 3068 totus
3174 3021 3259 3065 to-

1656 3112 1767 3157 tum
1795 3102 1967 3157 Adam
2010 3117 2107 3172 per
2139 3114 2421 3172 peccatum
2456 3102 2669 3172 lapsum
2703 3104 3027 3173 assumpsit,
3072 3105 3143 3157 ita
3200 3110 3261 3156 ut

1658 3196 1808 3251 omni
1838 3194 2043 3250 homini
2082 3196 2313 3249 salutem
2349 3196 2678 3264 acquireret.
2716 3193 3259 3265 Quamobremjuxta

1661 3290 1805 3361 leges
1840 3288 2065 3344 humani
2106 3288 2343 3359 generis,
2379 3297 2432 3343 et
2462 3287 2701 3341 humano
2730 3287 2915 3359 generi
2967 3289 3195 3353 alienas,
3227 3303 3263 3342 e

1656 3382 1780 3437 sinu
1812 3394 1966 3437 casto
2005 3392 2059 3437 et
2091 3380 2367 3450 virginali,
2429 3396 2463 3434 ο
2498 3380 2698 3435 mirum
2740 3394 2904 3452 supra
2956 3381 3113 3436 ﬁdem
3160 3396 3261 3451 pro

1656 3472 1898 3544 profanis
1984 3473 2345 3527 mortalibus!
2446 3481 2689 3529 aeternus
2743 3475 2993 3529 mortalis
3079 3474 3260 3533 factus

1657 3581 1914 3634 egressus
1942 3571 2027 3621 est
2061 3563 2202 3620 Deus
2241 3564 2404 3619 simul
2439 3572 2494 3620 et
2535 3566 2718 3630 homo,
2744 3562 2884 3621 duas
2926 3577 3153 3623 naturas
3203 3569 3260 3623 in

1658 3673 1825 3711 unam
1862 3672 2151 3726 personam
2197 3656 2498 3722 adducens,
2533 3674 2764 3730 quarum
2788 3659 2959 3714 altera
2993 3664 3171 3715 velata
3203 3670 3261 3715 ct

1659 3747 1974 3813 invisibilis,
2006 3749 2179 3802 altera
2207 3749 2383 3819 palam
2426 3758 2753 3804 cerneretur
2808 3750 2877 3804 ab
2919 3749 3258 3815 hominibus.

1656 3840 1747 3895 illa
1784 3838 1929 3895 Deus
1971 3848 2119 3896 esset
2152 3839 2385 3910 genitori
2419 3847 2547 3895 ante
2570 3824 2733 3893 clune
2762 3840 3094 3911 principium
3120 3858 3257 3896 con-

1657 3932 2061 3997 substantialis,
2094 3930 2210 3986 haec
2246 3929 2408 3985 homo
2440 3945 2536 4001 per
2564 3932 2903 3985 creationem
2935 3937 3102 3995 esset,
3134 3947 3257 3986 eam

1659 4032 1909 4078 naturam
1936 4038 2061 4078 cum
2094 4030 2269 4077 matre
2313 4036 2435 4093 qua:
2470 4021 2710 4076 divinam
2740 4022 2948 4093 prolem
2980 4025 3165 4094 genuit
3201 4024 3257 4076 iu

1658 4126 1900 4185 tempore
1938 4115 2336 4183 nobiscumque
2376 4113 2633 4169 sortiens.

1657 4210 1722 4265 51
1764 4206 1910 4263 Unus
1935 4206 2075 4262 Deus
2099 4207 2364 4276 utrinque,
2403 4207 2661 4278 siquidem
2695 4207 2881 4263 deitati
2902 4210 3112 4265 mixtus.

1659 4347 1729 4404 52
1769 4345 1837 4401 Et
1857 4344 2013 4400 homo
2042 4360 2135 4413 per
2166 4343 2414 4399 deitatem
2444 4359 2538 4399 rex
2564 4314 2615 4398 et
2636 4340 2884 4399 Christus
2902 4345 3125 4411 exstitit,
3150 4356 3256 4402 etc.

1732 4508 1888 4567 Unus
1916 4507 2084 4573 Deus,
2108 4507 2320 4564 duabus
2342 4514 2606 4562 constans
2660 4506 2874 4562 naturis
2906 4506 2978 4562 ab
3019 4506 3259 4562 homini-

1659 4604 1764 4660 bus
1790 4602 2120 4674 pratdicatur
2170 4600 2448 4656 Christus.
2504 4598 2751 4670 Namque
2791 4601 2845 4654 in
2897 4601 3017 4671 ipso
3064 4610 3261 4657 natura

1662 4696 1911 4752 mortalis
1975 4694 2246 4750 divinitati
2310 4692 2610 4751 secundum
2654 4693 2992 4765 hypostasim
3026 4694 3176 4748 unita
3202 4700 3260 4747 et

1662 4789 1924 4845 divinitas
1948 4786 2273 4841 mirabiliter
2292 4784 2616 4841 humanitati
2640 4783 2763 4854 conj
2774 4795 2957 4851 uncta,
2978 4799 3109 4842 ecce
3139 4800 3260 4847 res.

1663 4879 1831 4947 Deus,
1866 4894 2042 4934 novus
2069 4877 2241 4933 Adam
2293 4880 2451 4942 alter,
2488 4875 2719 4931 alterum
2758 4884 2990 4931 veterem
3054 4889 3263 4930 sanans

1663 4975 1927 5031 creditur.
1969 4970 2062 5028 Sic
2098 4970 2202 5028 sub
2228 4969 2501 5026 velamine
2565 4967 2807 5025 hominis
2842 4968 3016 5023 forma
3057 4982 3263 5040 myste-

1663 5068 1748 5123 rio
1804 5067 1964 5138 plena
2001 5063 2223 5127 latebat,
2256 5062 2433 5134 primo
2462 5060 2705 5131 quidem,
2733 5059 2862 5130 quia
2890 5075 3081 5129 puram
3139 5060 3265 5128 ejus

1664 5160 2005 5218 divinitatem
2064 5156 2208 5212 ferre
2275 5154 2454 5218 nefas,
2500 5166 2677 5223 neque
2720 5167 2845 5207 cum
2882 5150 3267 5210 aﬂectionibus

1664 5254 1875 5311 nostris
1924 5250 2247 5323 simpliciter
2291 5246 2640 5305 manifestata
2672 5244 2934 5305 divinitas
2968 5248 3263 5317 approp'm-

1666 5348 1822 5423 quari
1858 5353 2059 5417 potest.
2089 5341 2296 5398 Deinde
2326 5348 2385 5394 ut
2413 5354 2690 5395 summum
2738 5338 2794 5393 in
2813 5338 3023 5396 malitia
3039 5355 3265 5411 serpen-

1667 5450 1798 5508 tem,
1846 5439 1941 5511 qui
1988 5437 2284 5509 putabatur
2311 5433 2704 5490 callidissimus
2728 5434 2971 5491 omnium
3010 5436 3264 5492 animan-

1667 5533 1800 5588 tium
1835 5530 2190 5601 intelligentia
2222 5527 2596 5600 praeditorum,
2635 5528 2816 5598 specie
2843 5528 3094 5583 delusum
3130 5544 3262 5599 pro-

1667 5624 1788 5696 prio
1859 5624 2082 5679 numine
2142 5621 2299 5693 quasi
2329 5621 2492 5677 hamo
2523 5620 2889 5693 transfigeret,
2928 5630 2985 5676 et
3010 5620 3263 5677 eumdem

58 5702 105 5767 (τίς
131 5710 225 5785 Θεῷ
250 5715 301 5769 δὲ
340 5715 783 5790 ἀντιϐολήσαντα,
822 5717 1013 5771 τοῦτον
1048 5717 1421 5788 κατανικήσας
1467 5718 1555 5771 καὶ

1710 5725 1966 5773 ruentem
2006 5716 2064 5772 in
2094 5715 2374 5771 Christum
2414 5723 2675 5785 tanquam
2710 5714 2764 5769 in
2807 5713 3101 5781 Adamum,
3141 5723 3264 5767 tan-

62 5799 177 5867 βάξις
198 5807 363 5882 ὲκτίλῃ
378 5809 476 5880 τῆς
495 5808 688 5883 ἀρχῆς.
717 5829 734 5861 ι
758 5807 851 5881 Τῷ
879 5808 1005 5879 πέρι
1030 5809 1250 5877 κάρτος,
1278 5827 1295 5858 ι
1321 5825 1373 5865 κ.
1398 5825 1447 5861 τ.
1480 5808 1560 5875 ἐξ.

1670 5826 1832 5883 quam
1879 5809 1988 5866 Dco
2031 5820 2212 5866 autem
2245 5826 2370 5866 cum
2430 5809 2906 5867 obsecrationibus
2950 5808 3262 5863 obviantem

108 5960 192 6031 (il)
222 5966 374 6029 Iidem
405 5989 593 6034 versus
638 5981 963 6048 repetuntur
1003 5987 1175 6029 carm.
1208 5971 1242 6028 2
1275 5970 1378 6045 [t],
1415 5986 1557 6029 vers.
1604 5973 1728 6043 153,
1764 5972 1884 6027 ibi.
