3802 6524
563 391 665 448 707

571 514 775 569 victum
804 522 866 570 et
906 512 1138 571 fractum
1173 517 1433 574 evelleret
1457 535 1523 574 ex
1562 519 1812 591 imperio.
1851 520 2033 578 tForti
2071 539 2163 577 ar-

560 618 709 661 mato
736 625 757 659 ι
787 616 847 663 et
890 622 1007 678 seq.
1038 609 1177 664 Ante
1196 610 1446 665 eumdem
1485 613 1632 667 enim
1676 612 1949 670 hominem
1983 613 2152 671 Deum

558 698 840 755 Christum
869 701 1046 757 victus
1079 700 1254 757 draco
1294 705 1569 773 pessimus
1614 708 1965 776 praevalidam
1997 725 2154 764 suam

558 794 829 848 malitiam
864 802 1030 864 atque
1068 798 1420 867 tyrannidem
1444 800 1580 853 vidit
1634 800 1864 855 fractam
1895 812 1949 857 et
1999 818 2156 857 coni-

557 885 851 947 tninutam.
891 887 1036 942 sicut
1073 889 1247 942 maris
1282 888 1483 943 ﬂuctus
1525 899 1718 945 contra
1773 907 2023 962 asperam
2063 910 2155 948 ru-

559 993 682 1047 pem
710 979 1064 1035 immobiliter
1079 988 1317 1036 stantem
1341 981 1727 1039 inconcussam
1766 997 1989 1041 ruentes
2025 1002 2152 1041 vor-

559 1070 725 1124 ticosi
760 1070 1092 1141 franguntur
1119 1084 1173 1127 et
1198 1073 1500 1128 eliduntur.

558 1161 644 1230 60;
677 1147 813 1216 Cum
864 1164 1063 1233 prodiit
1099 1163 1368 1231 Christus,
1403 1176 1545 1221 terra
1575 1176 1624 1220 et
1652 1168 1843 1222 caelum
1870 1171 1941 1223 ad
1973 1180 2151 1254 ortum

2091 1258 2123 1294 ιι

2036 1257 2152 1311 ejus

558 1299 621 1355 61
668 1300 1031 1369 Mavebanlur,
1060 1313 1171 1360 etc.

632 1396 897 1451 Altissimi
928 1396 1017 1451 Dei
1044 1399 1383 1468 unigenitum
1413 1398 1651 1456 Verbum
1686 1400 1834 1455 dicto
1876 1401 2036 1457 modo
2070 1402 2152 1456 fa-

559 1494 710 1542 ctum
750 1497 834 1543 est
866 1488 1051 1554 homo,
1087 1500 1141 1545 et
1176 1507 1353 1548 novus
1387 1491 1558 1546 Adam
1580 1508 1645 1548 ex
1685 1501 1839 1548 casta
1868 1502 1922 1549 et
1973 1495 2152 1549 virum

560 1581 839 1636 nesciente
871 1580 1093 1653 Virgine
1131 1594 1315 1650 natus,
1356 1583 1497 1640 Deus
1543 1593 1596 1641 et
1627 1586 1811 1652 homo,
1846 1587 1914 1643 de
1944 1603 2003 1643 se
2034 1589 2154 1659 ipso

560 1672 736 1730 ﬂuens
778 1682 832 1729 et
879 1675 1157 1731 exsistens
1216 1676 1600 1733 manifestatus
1644 1688 1729 1734 est
1778 1680 1973 1746 nobis;
2011 1680 2154 1737 Deus

558 1764 836 1835 perfectus
859 1776 913 1820 et
942 1766 1219 1836 perfectus
1249 1767 1411 1823 homo
1460 1769 1632 1838 prima
1666 1768 1782 1825 haec
1839 1770 2150 1825 testimonia

556 1856 672 1911 Deo
710 1857 871 1929 digna
904 1857 1102 1913 dabat:
1145 1859 1405 1914 nimirum
1450 1861 1542 1917 ubi
1585 1862 1819 1931 primum
1879 1879 1978 1934 per
2009 1863 2153 1918 nati-

556 1948 783 1999 vitatem
827 1946 1103 2016 apparuit,
1136 1948 1319 2002 statim
1346 1948 1471 2004 cmli
1497 1956 1551 2004 et
1596 1956 1743 2003 terra
1796 1959 2148 2005 contremue-

555 2040 724 2087 runt:
758 2035 881 2089 εωΙί
926 2034 1132 2090 militiae
1179 2036 1421 2093 caelestis
1463 2039 1870 2095 multitudinem
1909 2040 1963 2095 in
2034 2041 2149 2111 glo.

555 2123 690 2177 riam
715 2133 771 2180 et
818 2124 1032 2181 laudem
1075 2134 1205 2182 nato
1230 2128 1536 2194 miserunt;
1566 2137 1711 2184 terra
1744 2147 1873 2186 vero
1904 2148 2148 2186 commo-

554 2223 609 2268 ta
640 2225 998 2286 estsurgente
1032 2219 1190 2273 stella
1213 2228 1265 2273 et
1289 2218 1472 2293 Magos
1488 2219 1784 2278 Persarum
1813 2240 1972 2294 reges
2005 2225 2147 2279 dona

556 2304 797 2362 ferentes
831 2307 885 2361 in
904 2305 1149 2362 Iudaeam
1174 2308 1409 2365 ducente
1433 2318 1486 2365 et
1513 2311 1567 2365 in
1590 2311 1890 2379 Bethleem,
1911 2313 2147 2370 Parvulo

555 2399 650 2467 qui
692 2406 856 2454 natus
891 2408 972 2454 est
1011 2414 1106 2455 rex
1140 2402 1401 2456 honorem
1437 2410 1491 2458 et
1516 2403 1897 2461 adorationem
1929 2407 2146 2463 habitu-

554 2505 672 2546 ros.
716 2489 817 2545 llic
845 2506 977 2564 ergo
1013 2508 1169 2549 nova:
1197 2502 1251 2550 et
1280 2496 1537 2550 secunda:
1561 2496 1764 2554 Christi
1795 2500 1900 2554 mei
1923 2515 2150 2569 genera-

556 2583 723 2638 tionis
750 2598 954 2649 sermo,
988 2584 1123 2641 adeo
1163 2600 1355 2656 purus.
1389 2588 1619 2645 illustris
1657 2588 1873 2661 Deoque
1925 2593 2144 2662 dignus.

555 2670 704 2726 Nihil
750 2675 805 2728 in
832 2673 938 2729 hoc
973 2674 1257 2731 invenitur
1287 2678 1661 2732 verecundum
1691 2687 1784 2734 aut
1828 2681 2146 2737 indecorum

555 2771 649 2818 aut
689 2764 835 2837 quod
865 2766 1145 2821 sanctitati
1178 2767 1299 2837 ejus
1322 2783 1432 2822 non
1465 2768 1679 2825 deceat.
1741 2768 1976 2826 Peccato
2029 2775 2149 2827 solo

554 2836 829 2911 adhaaceat
878 2855 1115 2912 dedecus
1150 2836 1550 2930 etturpitudo;
1595 2860 1690 2916 sed
1752 2877 1875 2917 cunt
1908 2861 2147 2917 Verbum

558 2946 653 3002 Dei
691 2948 924 3005 mortale
958 2948 1162 3005 factum
1190 2960 1301 3016 est,
1355 2969 1465 3007 non
1501 2955 1722 3008 humani
1761 2956 2014 3027 corporis
2066 2959 2150 3011 in-

553 3038 736 3093 lluxus
785 3037 912 3105 fuit,
972 3042 1111 3097 bene
1147 3059 1281 3099 vero
1339 3030 1680 3101 sanctiﬁcata
1744 3064 1841 3120 per
1881 3047 2145 3119 Spiritum

554 3144 722 3186 carne
756 3132 947 3186 matris
994 3142 1201 3189 sancta:
1242 3143 1295 3190 et
1322 3137 1552 3206 virginis
1607 3152 1808 3209 corpus
1837 3140 2022 3195 anima
2056 3157 2146 3195 ra-

554 3220 745 3274 tionali
786 3229 841 3276 et
890 3222 1220 3295 intelligenti
1264 3227 1551 3297 prreditnnt
1584 3230 1690 3283 sibi
1730 3230 2061 3287 cirumdedit
2092 3240 2146 3287 et

554 3314 678 3368 inde
708 3316 983 3385 processit
1010 3335 1022 3369 :
1055 3333 1219 3387 porro
1268 3319 1371 3390 ipsi
1404 3321 1537 3391 quid
1566 3323 1753 3393 probri
1790 3333 1886 3378 aut
1923 3324 2149 3380 dedeco—

553 3404 632 3459 ris
672 3413 817 3460 esset
842 3408 1167 3477 .secundum
1208 3426 1429 3467 carnem
1466 3416 1617 3469 nasci
1644 3416 1762 3486 lege
1803 3426 2015 3473 natura:
2044 3434 2145 3474 cu-

563 3498 660 3568 jus
695 3498 811 3568 ipse
854 3508 1070 3556 creator
1108 3511 1251 3568 erat,
1295 3512 1347 3560 et
1399 3507 1707 3576 piaculares
1737 3525 1837 3580 pro
1878 3527 1966 3566 me
2011 3513 2145 3568 tole-

553 3606 678 3644 rare
698 3604 891 3662 poenas
919 3591 1077 3661 juxta
1109 3594 1280 3666 legem
1312 3598 1470 3668 cujus
1493 3610 1610 3655 erat
1666 3600 1783 3672 ipse
1831 3602 2145 3675 legislator?

554 3683 768 3738 Etenim
820 3684 1282 3757 quemadmodum
1314 3691 1499 3745 omnia
1551 3703 1761 3751 naturae
1803 3694 2003 3752 honori
2048 3698 2143 3753 ha-

555 3775 721 3837 bens,
778 3784 1030 3831 naturam
1096 3786 1341 3836 nostram
1388 3783 1596 3854 absque
1636 3796 1866 3857 peccato
1926 3805 2141 3846 assum-

557 3877 761 3937 pserat,
786 3868 857 3953 ita
877 3878 932 3925 et
961 3878 1165 3926 statuta
1184 3872 1369 3944 inlege
1398 3876 1581 3933 omnia
1608 3880 1837 3951 accepit,
1863 3881 1977 3937 sive
2005 3898 2142 3953 qna-

554 3959 599 4013 si
648 3950 973 4034 pmdagogus
1026 3962 1143 4035 ipse
1196 3965 1665 4023 sanctiﬁcatorum
1712 3950 1751 4025 a7
1792 3972 1977 4043 seipso
2022 3950 2140 4029 sol-

552 4069 682 4109 vens
724 4054 927 4119 debita,
958 4055 1073 4112 sive
1107 4057 1469 4127 expiatoriam
1522 4060 1698 4133 legem
1730 4061 2052 4132 adimplens,
2086 4077 2140 4123 et

554 4146 675 4200 ideo
718 4161 843 4201 cum
890 4148 975 4204 lex
1030 4148 1101 4203 ob
1132 4148 1506 4207 inﬁrmitatem
1552 4154 1782 4213 cedebat
1815 4156 2136 4230 periectioni

552 4239 740 4305 gratiae
767 4255 931 4311 quam
962 4241 1142 4297 attulit
1167 4240 1522 4314 Evangelium
1559 4262 1817 4319 suprema
1880 4251 1968 4323 pia
2027 4252 2137 4308 sol-

554 4346 709 4394 vens,
738 4339 797 4385 nt
820 4332 1061 4403 loquitur
1082 4332 1302 4390 divinus
1331 4336 1591 4409 scriptor.

555 4504 629 4561 72
730 4505 1015 4578 Postquam
1095 4514 1272 4583 magni
1352 4514 1569 4572 luminis
1647 4519 1991 4591 ρνςείιιίῃεκιε
2051 4521 2134 4575 lu-

1716 4590 1923 4663 [cenia,
1952 4599 2060 4647 etc.

620 4691 762 4747 Ante
794 4691 1010 4763 fulgens
1035 4695 1168 4752 solis
1189 4697 1395 4761 lumen.
1415 4708 1543 4758 ante
1567 4699 1731 4760 Verbi
1756 4722 1967 4775 vocem,
1999 4708 2138 4762 ami-

548 4797 651 4839 cus
672 4784 862 4855 sponsi
895 4801 1240 4856 praecurrens
1279 4791 1581 4847 secundum
1621 4797 1962 4854 nativitatem
1994 4816 2135 4871 prte-

549 4874 797 4929 cucurrit
840 4882 896 4931 et
946 4879 1259 4949 evangelica
1310 4882 1697 4952 pmdicatione
1724 4896 1778 4942 et
1837 4893 1989 4960 regni
2026 4907 2138 4948 cm-

547 4968 725 5022 lorum
768 4968 1203 5037 annuntiatione,
1237 4987 1342 5027 vox
1367 4973 1660 5033 clamantis
1683 4978 1739 5033 in
1757 4980 1977 5037 deserto
2003 5000 2134 5054 pro-

542 5072 614 5129 pe
652 5072 776 5114 esse
792 5056 962 5115 Deum
996 5068 1051 5116 et
1074 5061 1356 5118 Christum
1390 5082 1592 5136 meum,
1646 5070 1715 5125 ad
1770 5087 1933 5130 aures
1964 5092 2138 5148 popu-

542 5147 725 5205 lorum
755 5154 1223 5231 concurrentium,
1249 5164 1302 5211 et
1332 5158 1467 5214 istos
1498 5160 1783 5233 baptizans
1815 5166 1867 5220 in
1897 5147 2137 5226 Jordane

542 5238 613 5293 ad
643 5244 949 5334 parandum
999 5247 1289 5305 adventum
1332 5252 1454 5324 ejus
1500 5255 1834 5325 puriﬁcat‘it,
1896 5270 1950 5316 et
2014 5261 2137 5334 Ipse

543 5333 731 5390 statim
760 5347 893 5389 voce
921 5342 1282 5407 pnecursoris
1321 5347 1607 5404 nuntiatus
1657 5359 1711 5404 et
1756 5333 2133 5411 testimonium

541 5423 822 5492 accipiens
851 5426 1070 5481 obviam
1099 5434 1247 5488 venit
1279 5434 1538 5508 Baptistae
1556 5446 1611 5495 et
1642 5441 1711 5495 ah
1741 5445 2134 5517 eobaptizatus

542 5521 655 5577 est,
698 5514 879 5586 majus
946 5534 1111 5589 quam
1175 5524 1418 5585 Joannes
1490 5544 1520 5583 a
1562 5528 1771 5601 Spiritu
1832 5514 2015 5597 Patris
2053 5549 2136 5597 te-

540 5606 867 5663 stimonium
902 5610 1115 5667 habuit.
1145 5613 1267 5684 Ipse
1305 5620 1517 5679 medius
1542 5624 1684 5679 viam
1716 5630 1964 5686 cucurrit
1995 5634 2135 5692 duos

538 5699 684 5756 inter
712 5705 967 5776 populos,
1021 5706 1174 5762 illum
1208 5711 1302 5781 qui
1339 5728 1510 5786 pr0pe
1551 5734 1614 5772 ex
1653 5718 1840 5785 Israel.
1890 5732 1945 5778 et
1967 5725 2132 5782 istum

536 5789 632 5859 qui
674 5793 887 5865 alonge
914 5805 1034 5851 erat
1062 5813 1127 5853 ex
1157 5802 1414 5871 gentibus
1449 5824 1462 5860 :
1518 5812 1831 5867 communis
1876 5814 2021 5869 enim
2078 5825 2135 5871 et

537 5882 819 5953 angularis
848 5885 986 5959 Ιτιρίε
1013 5889 1220 5948 electus
1261 5901 1313 5950 et
1354 5896 1630 5966 pretiosus
1674 5898 1834 5958 Iesus
1868 5903 2124 5966 Christus

1925 406 2221 464 NICETAS
2255 406 2463 464 DAVID
2908 466 2909 469 η
3677 427 3749 485 708

2270 526 2406 598 Περὶ
2436 528 2595 581 αὑτὸν
2623 530 2731 601 γὰρ
2759 531 2850 585 τὸν
2878 532 3227 607 θεάνθρωπον
3248 537 3468 610 Χριστὸν
3485 544 3635 616 τὸτῆς
3659 552 3749 606 ιδίας

2260 620 2457 683 κακίας
2491 622 2688 689 κράτος
2713 623 2805 676 καὶ
2835 624 2932 696 τὴν
2975 628 3265 697 τυραννίδα
3292 631 3319 683 ό
3358 634 3586 707 πανώλης
3610 638 3746 705 {utili

2256 710 2473 780 δράκων
2495 712 2750 778 ἑαλωκὼς
2771 716 3022 783 κατάξειν
3043 736 3103 772 τε
3125 723 3220 774 καὶ
3242 725 3596 795 καταρῤἁξειν,
3614 728 3749 802 ὥσπερ

2256 802 2321 873 δὴ
2363 805 2459 856 καὶ
2502 803 2746 859 Θάλασσα
2782 810 2911 879 περὶ
2945 814 3204 882 τραχεῖαν
3238 813 3435 886 πέτραν
3466 818 3548 871 καὶ
3587 822 3749 893 ἰσχυρὰν

2258 894 2354 947 καὶ
2398 895 2674 950 ἀνένδοτον
2702 898 2761 951 τὸ
2793 901 2963 973 αὑτῆς
2990 902 3158 974 -κῦμα
3195 908 3587 977 προσρὶ·σσουσιι
3614 918 3749 969 moid-

2256 1001 2448 1054 γνυται
2475 988 2571 1041 καὶ
2604 990 3029 1063 καταθραύεται.

2257 1164 2328 1220 60
2379 1166 2475 1233 Ὠς
2499 1166 2717 1236 ἐφάνη,
2748 1167 2885 1238 γαῖα
2904 1168 2972 1223 δὲ
2996 1168 3095 1223 καὶ
3126 1171 3383 1241 οὐρανὸς
3402 1175 3537 1246 ἀμφὶ
3564 1181 3749 1252 γενέθλη

2258 1298 2318 1352 61
2364 1299 2583 1363 Σείετο,
2617 1299 2738 1354 κτλ.

2338 1390 2399 1443 '0
2428 1390 2523 1460 μὲν
2556 1389 2650 1442 τοῦ
2677 1390 2901 1457 ὑψίστου
2946 1393 3079 1447 Θεοῦ
3114 1397 3406 1469 μονογενὴς
3437 1400 3586 1469 Λόγος
3609 1404 3676 1457 τὸν
3698 1409 3752 1461 ιι.

2259 1501 2326 1555 ρη
2336 1482 2492 1554 μένον
2516 1484 2811 1554 ἀνδρωθεὶς
2835 1486 3054 1558 τρόπον,
3091 1488 3185 1542 καὶ
3213 1491 3331 1555 νέος
3370 1492 3527 1565 Ἀδὰμ
3552 1496 3602 1559 ἐξ
3636 1499 3752 1568 ἁγνῆς

2256 1576 2351 1628 καὶ
2384 1575 2731 1645 ἀνυμφεύτου
2769 1576 2939 1649 κόρης
2961 1579 3224 1647 γεγονὼς,
3252 1582 3387 1645 Θεὸς
3412 1585 3501 1639 καὶ
3522 1586 3749 1659 ἄνθρωπος,

2256 1666 2631 1740 αὑτοπαγὴςῆ
2676 1668 3087 1734 αὑθυπόστατος
3131 1672 3400 1743 ὲπέφανεν
3437 1676 3661 1748 ἡμῖν-ότι
3684 1681 3752 1735 δ’ὁ

2257 1759 2418 1821 αὑτὸς
2471 1760 2566 1814 καὶ
2610 1760 2745 1824 Θεὸς
2788 1760 2993 1824 τέλειος
3040 1763 3133 1816 καὶ
3175 1764 3381 1831 τέλειος
3423 1769 3662 1839 ἄνθρωπος
3691 1770 3750 1843 ἦν,

2258 1853 2452 1923 πρῶτα
2478 1855 2753 1925 τεκμήρια
2784 1854 2957 1910 ταῦτα
2987 1856 3358 1920 ἀξιοθεώτατα
3382 1861 3660 1934 παρέσχετο.
3679 1867 3751 1919 Καὶ

2254 1940 2362 2011 γὰρ
2390 1938 2508 2010 ἅμα
2550 1940 2767 2011 πρῶτον
2795 1942 2882 1996 διὰ
2925 1946 3232 2014 γεννήσεως
3264 1947 3514 2019 ὲπέφανε,
3542 1954 3619 2006 καὶ
3648 1955 3751 2007 60'3-

2256 2031 2413 2103 ρανδς
2440 2031 2605 2095 εὐθὺς
2632 2032 2921 2106 ἁνεσείσθη
2958 2036 3053 2088 καὶ
3074 2037 3107 2106 ἡ
3132 2037 3231 2107 γῆ·
3262 2040 3485 2110 οὑρανδς
3507 2042 3590 2113 μὲν
3609 2044 3750 2113 πλῆοος

2253 2124 2514 2193 στρατιᾶς
2544 2124 2804 2196 οὐρανίας
2846 2128 2927 2190 είς
2958 2126 3267 2197 δοξολογίαν
3312 2134 3406 2186 καὶ
3432 2134 3612 2188 αἴνεσιν
3638 2140 3752 2207 προῦ-

2253 2232 2439 2285 πεμπε
2487 2214 2565 2286 τῷ
2599 2217 2944 2289 γεννωμένῳ,
2984 2221 3018 2291 ὴ
3055 2220 3124 2290 γῆ
3164 2221 3221 2273 δὲ
3258 2224 3554 2289 σεσάλευτο,
3590 2228 3751 2299 ἀστέρος

2250 2305 2311 2370 ἐξ
2340 2305 2608 2377 ἀνατολῆς
2634 2307 2982 2380 ἀνασχόντος,
3014 2313 3107 2366 καὶ
3134 2314 3333 2385 μάγοις
3356 2317 3460 2369 τῶν
3488 2318 3672 2389 Περσῶν
3693 2320 3755 2390 βα-

2252 2397 2459 2452 σιλεῦσι
2488 2398 2818 2471 δωροφόροις
2840 2403 2921 2467 είς
2948 2403 3047 2476 τὴν
3086 2405 3351 2462 Ἰουδαίαν
3383 2409 3483 2480 γῆν
3513 2411 3751 2483 tuomst-

2254 2490 2415 2561 μένου
2440 2491 2536 2544 καὶ
2573 2490 2672 2563 τὴν
2715 2493 2964 2567 Βηθλεὲμ
2988 2498 3067 2561 είς
3097 2498 3198 2571 τὴν
3239 2499 3336 2553 τοῦ
3375 2505 3623 2572 νεογενοῦς
3649 2504 3754 2573 βασι-

2249 2582 2387 2648 λέως
2431 2585 2806 2658 προσκύνησιν
2857 2588 2951 2642 καὶ
2977 2592 3163 2661 τιμήν.
3206 2592 3269 2646 ὐ
3303 2594 3402 2665 μὲν
3438 2593 3525 2649 οὑν
3558 2597 3636 2667 τῆς
3668 2598 3751 2659 νέας

2251 2671 2344 2725 καὶ
2372 2672 2633 2744 δευτέρας
2659 2675 2755 2729 τοῦ
2785 2677 2919 2749 ἐμοῦ
2950 2680 3188 2751 Χριστοῦ
3215 2686 3518 2755 γεννήσεως
3545 2687 3671 2755 λόγος
3690 2682 3751 2740 οὗ-

2248 2781 2340 2827 τος
2367 2763 2463 2817 καὶ
2486 2763 2628 2818 οὑτω
2654 2765 2893 2839 καθαρὸς
2919 2771 3014 2824 καὶ
3032 2771 3175 2826 οὕτω
3207 2773 3458 2847 λαμπρὸς
3482 2780 3567 2833 καὶ
3594 2779 3751 2849 θεοπρε-

2251 2857 2386 2929 πής·
2419 2858 2665 2929 ἄσχημον
2698 2858 2754 2912 δὲ
2799 2859 2833 2931 ἢ
2879 2861 3129 2934 ἀπρεπὲς
3162 2866 3257 2919 καὶ
3298 2868 3399 2939 τῆς
3444 2870 3754 2940 ἁγιοπρετείας

2250 2947 2417 3001 αὑτοῦ
2452 2949 2669 3016 ἀνάξιον
2710 2951 2896 3005 οὐδέν·
2932 2954 3067 3025 μόνη
3092 2956 3202 3028 γὰρ
3244 2958 3584 3032 ἀσχημοσύνη
3611 2964 3755 3016 καλαὶ.

2252 3042 2542 3115 σχρότηςη
2578 3044 2822 3117 ἁμαρτία
2850 3046 3087 3119 ὑπάρχει
3115 3048 3355 3124 δηλαδή·
3385 3054 3462 3125 τῷ
3480 3056 3674 3127 Λόγῳδὲ
3692 3053 3753 3108 τοῦ

2251 3134 2386 3187 Θεοῦ
2409 3136 2510 3190 οὑκ
2533 3135 2851 3211 ἀνθρωπίνῃ
2875 3138 3126 3209 σώματος
3149 3141 3305 3212 ῥύσει
3340 3145 3673 3220 βροτουμένῳ·
3696 3149 3754 3201 αὖε

2250 3226 2341 3291 τὸς
2377 3227 2487 3299 γὰρ
2518 3229 2724 3292 ἐκεῖνος
2751 3230 2815 3283 ὲκ
2846 3231 3049 3303 σαρκὸς
3076 3234 3415 3310 ήγνισμένης
3442 3239 3516 3311 τῷ
3546 3240 3755 3311 Πνεῦματι

2252 3319 2346 3372 καὶ
2370 3318 2606 3391 μητέρος
2638 3319 2798 3389 ἁγίας
2819 3322 2912 3375 καί⁵
2941 3324 3277 3399 παρθενικῆς
3298 3330 3474 3402 ἑαυτῷ
3504 3333 3637 3405 σῶμα
3654 3336 3753 3403 ψυχῇ

2250 3409 2441 3481 λογικῇ
2468 3411 2562 3464 καὶ
2581 3412 2744 3483 νοερᾷ
2768 3412 3049 3485 χρώμενον
3071 3420 3511 3493 πριπηξάμενος
3534 3422 3753 3496 προῆλθεν

2253 3504 2429 3575 τούτῳ
2465 3502 2517 3573 γ’
2544 3499 2637 3558 οὖν
2666 3506 2818 3570 ποῖος
2848 3508 3037 3579 μῶμος
3062 3511 3096 3581 ἢ
3128 3506 3316 3584 αἶσχος
3343 3517 3484 3571 κατὰ
3507 3520 3653 3589 σάρκα
3671 3535 3757 3584 γεν-

2249 3594 2474 3667 νωμένῳ
2497 3596 2646 3669 νόμῳ
2673 3598 2773 3671 τῆς
2811 3599 3050 3669 φύσεως,
3076 3596 3145 3676 ἦς
3170 3605 3337 3671 αὑτὸς
3377 3607 3669 3681 δημιουργὸς
3693 3605 3755 3679 ἦν.

2248 3687 2343 3772 καὶ
2377 3687 2690 3760 καθαρσίων
2741 3691 2883 3764 ὑπὲρ
2923 3692 3056 3764 ἐμοῦ
3102 3697 3418 3772 ἀνεχομένῳ
3468 3702 3593 3755 κατὰ
3622 3706 3755 3772 νόμον.

2247 3771 2307 3832 οὑ
2337 3778 2633 3851 νομοθέτης
2661 3782 2821 3847 αὑτὸς
2847 3779 2945 3854 ἦνς
2978 3785 3088 3839 Καὶ
3114 3787 3223 3860 γὰρ
3262 3771 3451 3863 ὥσπερ
3485 3794 3547 3848 τὰ
3581 3771 3754 3865 cm;-

2248 3888 2387 3937 σεως
2413 3873 2592 3926 πάντα
2627 3874 2824 3946 τιμῶν,
2860 3876 2958 3949 τὴν
2989 3880 3147 3951 ἡμῶν
3172 3882 3337 3952 φύσιν
3359 3887 3521 3958 χωρὶς
3547 3888 3753 3959 ἁμαρτίας

2246 3964 2611 4019 καταδέδεκτο
2632 3981 2647 3996 ο
2678 3966 2821 4021 οὑτω
2849 3969 2945 4023 καὶ
2981 3970 3051 4025 τὰ
3096 3980 3537 4049 προστεταγμένα
3558 3979 3622 4050 τῷ
3648 3979 3752 4046 νόμῳ

2245 4054 2425 4108 πάντα
2454 4056 2798 4122 κατεδέξατο,
2835 4060 2868 4131 ἢ
2899 4060 2976 4125 ὡς
3016 4064 3349 4140 παιδαγωγῷ
3382 4069 3493 4124 ὄντι
3532 4070 3621 4123 τῶν
3642 4071 3754 4137 mu.

2246 4145 2457 4215 σμένων
2494 4148 2584 4201 ὑπ’
2609 4148 2756 4219 αὑτῷ
2778 4149 2846 4203 τὰ
2874 4150 3179 4226 θρεπτήρια
3215 4158 3677 4230 ἀποτιννύρενος.ῆ
3700 4157 3751 4216 ὡς

2243 4240 2616 4312 ὑποχωροῦντι
2666 4241 2756 4295 διὰ
2796 4244 2895 4313 τὴν
2944 4245 3192 4301 ἀτέλειαν
3236 4253 3304 4322 τῇ
3336 4252 3436 4323 τῆς
3474 4254 3661 4323 χάριτος
3689 4246 3750 4300 τώ

2243 4329 2576 4399 Εὑαγγελίου
2604 4332 2902 4403 τελειότητι
2933 4336 3000 4389 τὰ
3038 4344 3491 4415 προπεμπτηρια,
3529 4342 3594 4407 ὦς
3635 4357 3750 4410 φησιν

2243 4420 2270 4472 ὁ
2296 4418 2671 4487 θεόπνευστος,
2700 4423 3111 4495 ἀφοσιούμενος.

2245 4527 2311 4581 72
2346 4529 2543 4599 Αὐτὰρ
2592 4530 2721 4585 ἐπεὶ
2766 4532 3053 4604 μεγάλοιο
3104 4537 3299 4608 φάους
3341 4542 3631 4687 έριῐιαμπέτ
3662 4542 3747 4663 ὶίιιι.

3451 4633 3580 4683 χγῳ,
3610 4631 3660 4666 κτ
3689 4652 3699 4663 .

3451 4633 3580 4683 χγῳ,
3610 4631 3699 4666 κτλ.

2320 4713 2474 4767 Ἐπεὶ
2504 4713 2582 4779 δὲ,
2610 4717 2775 4787 φησὶν
2808 4719 2838 4771 ό
2871 4718 3345 4791 θεολογικὼτατος,
3485 4728 3747 4797 φαεινοτάτῳ

2237 4804 2416 4878 λύχνῳ
2452 4806 2546 4861 τοῦ
2570 4807 2744 4879 ἡλίου,
2791 4813 2857 4883 τῇ
2886 4816 3035 4886 φωνῇ
3088 4817 3179 4869 τοῦ
3210 4818 3409 4888 Λόγου,
3435 4821 3511 4892 τῷ
3547 4822 3659 4890 φίλῳ
3683 4815 3746 4868 τοῦ

2236 4902 2492 4973 νυμφίου,
2516 4904 2871 4975 προτρέχοντι
2892 4908 3033 4962 κατὰ
3050 4907 3148 4979 τὴν
3170 4912 3441 4985 γέννησιν,
3465 4911 3745 4986 προτρέχοντι

2238 4994 2379 5049 κατὰ
2418 4995 2516 5066 τὴν
2550 4996 2910 5069 εὑαγγελικὴν
2934 4998 3155 5072 διδαχὴν
3184 5003 3276 5056 καὶ
3310 5005 3411 5077 τῆς
3444 5008 3543 5059 τῶν
3565 5001 3747 5074 οὐρανῶν

2238 5084 2516 5156 βασιλείας
2550 5087 2905 5161 ἀνακήρυξιν,
2934 5092 3033 5145 καὶ
3064 5094 3121 5146 ἐν
3150 5094 3344 5167 ἐρήμῳ
3392 5097 3526 5169 μέση
3554 5096 3630 5149 τὸν
3654 5092 3745 5161 ἐμὸν

2236 5179 2368 5233 Θεὸν
2398 5180 2492 5233 καὶ
2524 5180 2759 5251 Χριστὸν
2787 5181 3027 5251 ἐγγίζειν
3062 5183 3252 5255 βοῶντι
3281 5189 3422 5260 πρὸς
3449 5189 3565 5254 τοὺς
3590 5186 3745 5241 ἒτάὐ·

2234 5271 2326 5325 τὸν
2355 5271 2741 5344 συντρέχοντας
2766 5272 2949 5339 λαοὺς,
2971 5275 3065 5340 οὓς
3086 5279 3179 5331 καὶ
3201 5279 3478 5350 βαπτίζων
3498 5283 3551 5335 έν
3567 5280 3631 5349 τῷ
3659 5278 3746 5345 Ἰορ-

2235 5364 2368 5437 δάνῃ
2418 5365 2553 5437 πρὸς
2596 5366 2695 5437 τὴν
2740 5367 3007 5441 ὑποδοχὴν
3047 5371 3252 5426 ἐκείνου
3301 5372 3746 5445 προεκᾶθαιρε,καὶ

2234 5455 2396 5518 αὑτὸς
2421 5454 2621 5519 εὑθέως
2637 5454 2826 5511 λοιπὸν
2848 5461 2877 5513 ό
2898 5462 3293 5533 κηρυττόμενος
3314 5468 3410 5519 καὶ
3434 5464 3746 5537 μαρτυρούμεο

2236 5562 2325 5609 νος
2352 5545 2430 5617 τῷ
2464 5546 2779 5616 βαπτίζοντι
2807 5554 3112 5622 παραστὰς,
3141 5557 3232 5609 καὶ
3254 5556 3559 5627 βαπτισθεὶς
3582 5558 3656 5610 ὑπ’
3678 5552 3743 5607 αὖα

2235 5635 2351 5703 τοῦτ
2387 5638 2559 5707 μείζω
2609 5640 2665 5694 δὲ
2697 5642 2800 5712 τῆς
2840 5645 3087 5700 Ἰωάννου
3124 5648 3221 5721 τὴν
3262 5651 3525 5723 πατρόθεν
3569 5648 3656 5701 ὑπὸ
3680 5643 3745 5695 τοῦ

2236 5729 2553 5801 Πνεύματος
2575 5735 3029 5811 καταδεδεγμένος
3056 5743 3376 5815 μαρτυρίαν,
3401 5744 3553 5808 αὐτὸς
3569 5742 3651 5814 μὲν
3667 5739 3745 5792 τῶν

2234 5821 2328 5876 δύο
2347 5823 2509 5894 μέσος
2530 5830 2862 5902 πεπόρευται
2883 5833 3048 5899 λαῶν,
3069 5835 3161 5888 τοῦ
3179 5854 3233 5890 τε
3255 5837 3480 5907 πλησίον
3502 5838 3553 5903 ἐξ
3580 5831 3742 5905 Ἰσραὴλ

2232 5914 2328 5972 καὶ
2351 5915 2447 5971 τοῦ
2479 5918 2761 5993 πόρρωθεν
2782 5923 3007 5996 ἥκοντος
3036 5929 3099 5982 ἐκ
3127 5929 3232 5983 τῶν
3258 5928 3449 5985 ἐθνῶν.
3477 5926 3643 5991 Κοινὺς
3663 5923 3742 5995 γάρ
