3866 6562
38 432 110 489 709
989 411 1053 466 IN
1090 413 1398 468 CARMINA
1434 413 1713 470 ARCANA
1756 416 1812 469 S.
1843 414 2194 470 CREGORII.

38 554 101 606 καὶ
145 531 494 611 ἀκρογωνιαῒος
537 529 682 592 λίθος
735 527 987 592 ἐκλεκτὸς
1032 532 1126 583 καὶ
1177 530 1391 601 ἔντιμος
1431 531 1534 602 Ἰη-

38 641 131 701 σοῦς
155 637 177 686 ὁ
201 625 404 700 Χριστὸς
434 625 490 674 ὲν
523 625 588 692 τῇ
624 620 759 673 Σιὼν
791 620 974 692 ἐτέθη,
1005 622 1089 690 ἐφ’
1130 621 1319 674 ἑαυτὸν
1349 623 1538 675 ἑκατέ-

38 747 125 791 ,ους
150 726 216 785 εις
251 720 301 772 ἐν
331 714 553 768 συνδέων
582 713 706 777 τοὺς
750 713 910 776 λαούς
932 730 945 743 '
989 713 1176 783 ὥσπερ
1218 715 1275 767 δὲ
1320 714 1538 784 πνεῦμα

38 821 76 894 ἣν
106 820 129 871 ό
152 812 290 874 αὐτὸς
317 806 402 862 καὶ
425 805 578 876 σὰρξ,
605 805 746 857 οὕτω
779 806 873 858 καὶ
893 804 1159 875 κάθαρσιν
1191 808 1302 868 τοῖς
1328 804 1536 876 ἀνθρώ-

38 929 120 973 ῑοις
153 901 418 974 παρέχεται
459 896 664 968 διττὴν,
693 899 791 966 τήν
821 913 880 949 τε
918 895 1011 948 τοῦ
1053 895 1254 960 ζῶντος
1285 895 1536 966 Πνεύμα-

38 1021 109 1066 ξος,
136 993 174 1066 ᾧ
192 996 273 1049 καὶ
295 992 348 1044 τὸ
375 989 514 1060 ὕδωρ
542 988 636 1041 τοῦ
669 987 1044 1058 βαπτίσματος
1084 987 1327 1041 κάτωθεν
1364 988 1534 1058 παρέ-

38 1109 162 1154 ξεται,
183 1083 271 1154 τήν
291 1100 345 1136 τε
371 1078 459 1133 τοῦ
486 1080 714 1149 αἵματος
731 1078 965 1150 Χριστοῦ
989 1079 1082 1131 τοῦ
1106 1079 1361 1149 χυθέντος
1391 1079 1533 1150 ὑπὲρ

38 1184 142 1255 ιμῶν
164 1183 214 1234 ὲν
236 1175 304 1246 τῷ
321 1171 532 1244 σταυρῷ
557 1186 570 1200 ’
587 1170 744 1224 τοῦτό
773 1172 888 1224 ἐστι
917 1171 976 1224 τὸ
998 1164 1134 1242 αἷμα
1155 1172 1187 1242 ὴ
1217 1171 1316 1241 τῆς
1341 1171 1534 1242 διαθή-

38 1295 99 1346 εης
123 1274 208 1343 τῆς
230 1267 404 1336 καινῆς
428 1264 682 1335 σφραγὶς.
709 1264 738 1317 ὃ
761 1264 825 1336 δὴ
855 1264 1039 1334 ρύσιὸν
1072 1281 1129 1317 τε
1163 1265 1253 1318 καὶ
1283 1263 1533 1336 λυτήριον

38 1371 100 1422 κῶν
117 1364 194 1420 τοῦ
223 1357 548 1432 προπάτορός
593 1357 741 1409 ἐστιν
779 1356 1091 1428 ἀρχεγόνων
1122 1357 1333 1422 παθῶν,
1379 1357 1535 1411 τοῦτο

38 1501 68 1553 2
96 1498 152 1549 Et
173 1493 278 1563 μὲν
303 1488 375 1557 δὴ
398 1487 484 1558 μὴ
520 1486 770 1555 τρεπτὸς
810 1487 923 1555 ἔην
960 1488 1202 1563 βροτὸς,
1231 1489 1367 1542 ἀλλ’
1392 1489 1532 1563 ᾀδό-

1033 1559 1305 1629 [μαστος,
1337 1559 1456 1614 κτλ.

67 1684 118 1736 El
141 1675 336 1750 ἀληθῶς
357 1674 462 1746 ἄρα
487 1673 549 1726 οὖ
573 1673 806 1744 τρεπτὸς
832 1673 970 1726 ἀλλὰ
993 1673 1262 1744 ἄτρεπτος
1285 1674 1380 1727 καὶ
1404 1676 1535 1745 ἀμε·

38 1771 224 1842 ἀκλινὴς
252 1768 336 1821 ἐπὶ
371 1765 430 1818 τὸ
461 1767 640 1836 χεῖρον
670 1765 845 1833 ἔγωγε
877 1765 1196 1836 πέπλασμαι
1228 1767 1292 1818 ὲκ
1318 1765 1534 1837 προσώ-

38 1885 91 1919 ου
112 1865 196 1934 τῆς
228 1859 657 1931 ἀνθρωπότητος,
694 1859 728 1927 ἡ
764 1858 1085 1930 θεορρήμων
1113 1858 1334 1927 γλῶσσά
1376 1877 1528 1928 φησι,

38 1959 140 2020 ,ὁνος
159 1956 218 2008 ἀν
243 1953 464 2025 ἐδεόμην
487 1951 588 2021 τῆς
611 1951 976 2021 σταυριώδους
1007 1949 1101 2003 τοῦ
1134 1951 1267 2004 Θεοῦ
1292 1951 1530 2021 ἐντολῆς·

55 2045 460 2120 περιφρουροῦσα
475 2043 568 2098 καὶ
587 2043 833 2108 σώζουσα
850 2046 929 2108 είς
950 2045 1090 2115 μέγα
1111 2043 1176 2098 ἀν
1199 2062 1266 2115 με
1297 2045 1534 2117 προῆγεν

38 2142 180 2212 ῲοῦσα
205 2139 352 2205 δόξης
391 2152 453 2188 τε
502 2135 593 2189 καὶ
633 2137 831 2206 τιμῆςο
869 2135 963 2188 νῦν
996 2135 1052 2188 δὲ
1081 2136 1266 2208 ἐπειδὴ
1321 2138 1418 2207 οὐχ
1460 2138 1536 2201 ὡς

38 2232 112 2284 ιεὸν
140 2227 477 2300 ἀμετάθετον,
521 2227 636 2279 ἀλλ’
664 2226 738 2289 ὠς
790 2225 926 2287 ζῶον
976 2225 1191 2280 ἔκτισεν
1236 2228 1536 2298 εὐμετάὸο-

38 2341 91 2383 iv,
112 2322 375 2393 ἀμφιρεπῆ
403 2335 468 2371 τε
491 2317 671 2372 κλιτόν
693 2333 771 2381 τε,
803 2317 889 2369 ἐπ’
908 2316 1110 2387 ἀρετήν
1134 2335 1194 2370 τε
1220 2317 1312 2371 καὶ
1339 2320 1536 2374 κακίαν

38 2417 166 2477 mito;
191 2413 368 2485 ῥέπειν
403 2410 502 2464 καὶ
537 2407 931 2472 ὲπικλίνεσθαι,
960 2409 1267 2481 ὁποτέρωσε
1311 2411 1532 2477 νεύσειε,

38 2504 266 2574 ›νάμενον,
293 2501 380 2555 διὰ
407 2499 574 2554 τοῦτο
593 2502 686 2554 καὶ
715 2500 924 2554 πλείοσι
958 2499 1294 2571 βοηθήμασιν
1317 2501 1392 2565 ὡς
1423 2503 1538 2570 φιλ-

38 2595 164 2662 γαθος
199 2594 584 2666 ὑποστηρίζει·
619 2593 728 2646 τῶν
778 2592 1138 2664 βοηθημάτων
1168 2594 1223 2646 δὲ
1252 2593 1310 2647 ἓν
1340 2596 1433 2648 καὶ
1476 2595 1538 2648 τὸ

38 2689 240 2740 ἱλλιστον
284 2688 317 2758 ἡ
371 2687 463 2739 διὰ
519 2684 744 2756 λουτροῦ
802 2686 895 2739 καὶ
947 2685 1322 2758 βαπτίσματος
1377 2689 1536 2760 χάρις

38 2779 134 2832 ττίν.
153 2779 252 2832 Καὶ
274 2779 376 2850 γάρ
401 2778 460 2831 δν
491 2777 694 2847 τρόπον
716 2777 983 2848 Ἐὗραίων
1005 2763 1192 2841 παίδές
1214 2795 1342 2831 ποτε
1363 2780 1536 2851 ἀμνοῦ

38 2871 156 2938 ιόγου
187 2870 258 2940 τῷ
283 2870 483 2940 αἵματι
505 2868 604 2933 τὰς
631 2869 738 2922 τῶν
767 2869 953 2922 οἰκιῶν
990 2869 1302 2939 ἀλείφοντες
1335 2872 1392 2924 ἑν
1423 2889 1538 2925 συν·

38 2960 417 3031 ἱιγματικυρίου
446 2961 634 3030 ιρλιάς,
665 2961 752 3013 ὅτε
772 2963 879 3013 πᾶν
910 2961 1252 3031 πρωτογενὲς
1285 2963 1342 3014 ὲν
1373 2963 1541 3032 Αίγύ-

38 3073 92 3125 τῳ
116 3055 212 3108 ἀπὸ
242 3053 532 3125 ἀνθρώπου
565 3055 668 3116 ἕως
700 3055 929 3124 κτήνους
958 3056 1016 3106 ὲν
1058 3057 1157 3126 μιᾷ
1183 3055 1541 3130 ἐξανῃροῦντο

38 3147 142 3212 niti,
159 3149 270 3200 τότε
292 3142 439 3202 οὗτοι
471 3146 555 3217 τῷ
578 3147 791 3218 τυπικῷ
814 3145 1072 3218 χρίσματι
1095 3146 1287 3218 ἐκείνῳ
1306 3148 1404 3218 τὴν
1435 3149 1542 3203 ἀπὸ

38 3241 68 3293 ιῦ
102 3241 408 3314 ὀλοθρευτοῦ
434 3242 622 3313 λύμην
654 3241 1019 3312 διεδίδρασκον
1043 3258 1056 3271 ⁸
1085 3239 1229 3294 οὕτω
1248 3243 1416 3312 κάμοὶ
1447 3241 1540 3295 τοῦ

38 3332 137 3387 ινοῦ
162 3333 250 3386 τοῦ
279 3333 414 3387 Θεοῦ
444 3333 543 3387 τοῦ
575 3333 675 3404 τὴν
721 3333 992 3404 ἁμαρτίαν
1026 3333 1274 3402 αἴροντος
1311 3333 1407 3386 τοῦ
1446 3333 1539 3386 κός

38 3440 104 3474 ιου
135 3423 192 3476 τό
211 3423 430 3494 πνεῦμα
457 3424 558 3476 καὶ¹
584 3424 645 3475 τὸ
664 3416 803 3492 αἷμα
835 3421 1094 3491 Χριστοῦ,
1127 3422 1363 3493 σφραγὶς
1388 3422 1542 3494 θεόρ-

38 3532 124 3578 ιτος
142 3516 227 3567 καὶ
251 3515 389 3586 [αμα
421 3513 772 3578 ἀλεξίκακον,
807 3513 884 3584 τῷ
911 3532 970 3566 τε
997 3515 1072 3585 νῷ
1105 3515 1200 3567 καὶ
1224 3515 1301 3585 τῷ
1332 3513 1542 3585 σώματι

38 3623 50 3666 ;
87 3605 222 3658 οίκου
269 3606 458 3676 φλιαῖς
502 3605 699 3675 νοητοῦ
744 3605 1039 3677 χριομένῳ,
1074 3606 1397 3678 χρηματίζει
1451 3608 1544 3661 καὶ

38 3700 219 3751 ιντοίων
281 3699 663 3770 ἀποτρόπαιον
713 3698 1090 3752 ἀποδείκνυται
1155 3698 1360 3752 κακῶν.
1419 3699 1543 3762 Τοῖς

38 3807 71 3841 :v
118 3787 197 3844 οὖν
253 3791 331 3856 ὡς
390 3790 619 3845 ἀτελέσι
678 3790 769 3843 καὶ
832 3791 1045 3860 νηπίοις
1098 3790 1158 3842 τὸ
1208 3790 1452 3853 τυπικῶς
1509 3789 1542 3862 ἢ

38 3882 198 3944 ειωδῶς
259 3886 379 3937 ἐκεῖ
438 3882 898 3954 παρειλημμένον
941 3882 1151 3953 χρίσμα
1194 3882 1431 3953 τυπικήν
1484 3899 1543 3934 τε

38 3973 66 4022 tl.
111 3974 441 4048 πρόσκαιρον
496 3975 679 4028 εττουν
738 3975 1057 4044 σωματικὴν
1111 3975 1381 4046 σωτηρίαν
1432 3977 1546 4038 τοῖς

38 4065 259 4133 ιιομένοις
292 4065 660 4118 ὑπετείνατο’
716 4064 966 4118 ἐνταυθοῖ
1012 4065 1067 4118 δὲ
1115 4067 1148 4136 ἡ
1195 4067 1284 4119 διὰ
1321 4066 1544 4139 λουτροῦ

38 4154 373 4225 ιλιγγενεσίας
407 4157 674 4228 διδομένη
715 4158 876 4227 χάρις
905 4157 997 4210 τοῦ
1027 4157 1340 4228 Πνεύματοι,
1369 4159 1462 4212 καὶ
1488 4158 1548 4213 τὸ

38 4245 374 4314 ῦφωτοδότου
409 4243 560 4320 αἷμα
608 4249 783 4321 Ἰησοῦ
819 4248 1017 4319 ἀρίστη
1058 4247 1264 4316 γίνεται
1314 4249 1549 4321 σφραγὶς

38 4338 62 4389 :l
85 4341 343 4410 ἀσφάλεια
378 4341 631 4413 μυστικὴ
662 4341 780 4404 νοὸς
807 4342 903 4394 καὶ
944 4341 1122 4413 ψυχῆς
1151 4342 1244 4395 καὶ
1273 4340 1546 4412 σώματος,

38 4433 72 4482 iv
99 4450 173 4496 τις
201 4434 470 4506 ἀρραϐὼν
509 4433 664 4503 ζωῆς
696 4433 916 4487 αἰωνίου
945 4435 1039 4486 καὶ
1081 4432 1423 4487 ἀκαταλύτου
1454 4433 1550 4504 βα-

38 4522 188 4588 θείας,
235 4529 352 4590 τοῖς
405 4526 594 4592 ἀξίοις
642 4525 1008 4596 λαμϐάνουσιν
1057 4525 1450 4599 βραϐευομένη·
1491 4527 1549 4580 ἐν

39 4615 104 4684 τῷ
127 4619 229 4689 γὰρ
254 4620 332 4690 τῷ
358 4620 459 4672 τοῦ
502 4618 684 4690 ἀμνοῦ
709 4617 801 4672 τοῦ
831 4617 964 4671 Θεοῦ
995 4619 1278 4690 χρίσματι,
1318 4617 1411 4671 τοῦ
1444 4617 1537 4688 βά-

38 4721 86 4766 a;
110 4707 200 4777 τῆς
237 4707 420 4779 λύπης
464 4709 571 4761 καὶ
614 4707 717 4777 τῆς
762 4705 1143 4775 ἀπογνώσεως.
1199 4706 1294 4760 καὶ
1336 4707 1399 4778 δὴ
1453 4708 1548 4760 καὶ

38 4795 55 4845 3
93 4802 181 4869 τῆς
213 4801 502 4872 ἁμαρτίας
538 4799 744 4871 βάρους
791 4797 933 4852 κατά
968 4797 1162 4869 μικρὸν
1191 4797 1548 4867 ἀνακουφιζόο

39 4904 124 4950 νοι,
160 4892 251 4943 καὶ
277 4892 375 4944 τὸν
409 4891 630 4963 αὐχένα
657 4890 1026 4952 ἀνατείνοντες
1045 4889 1142 4959 τῆς
1169 4889 1368 4960 ψυχῆς,
1408 4890 1550 4961 πρὸς

38 5002 55 5031 ν
84 4985 322 5054 οὐράνιον
359 4985 516 5055 ζωὴν
553 4984 657 5047 τὰς
701 4984 926 5055 πορείας
965 4982 1408 5054 κατευθυνόμεθα
1453 4981 1547 5036 τοῦ

38 5071 70 5125 3.
103 5075 204 5128 Kal.
235 5075 344 5147 γὰρ
376 5076 586 5146 ῶσπερ
632 5075 932 5146 όδοιπόρος,
967 5071 1271 5144 ἐπιτηδείου
1315 5069 1552 5125 καταλύο

38 5180 120 5225 τος
173 5165 580 5238 εύμοιρηκὼς,
635 5165 729 5217 καὶ
773 5163 882 5216 τῶν
945 5163 1128 5216 κόπων
1181 5161 1548 5226 ἀναπνεύσας,

38 5253 117 5320 ιρᾷ
148 5254 429 5324 προθυμίᾳ
461 5253 567 5305 καὶ
616 5250 987 5322 συντονωτέρᾳ
1023 5251 1159 5322 πρὸς
1196 5251 1255 5303 τὸ
1300 5249 1427 5319 ἑξῆς
1455 5250 1554 5321 τῆς

38 5344 169 5410 ρείας
212 5345 596 5406 διανίσταται,
637 5341 779 5395 οὕτω
826 5344 919 5396 καὶ
968 5343 997 5394 ό
1039 5343 1139 5412 τῆς
1187 5343 1409 5412 χάριτος
1456 5340 1552 5394 τοῦ

41 5434 108 5485 ίου
155 5437 482 5508 Πνεύματος
517 5436 622 5489 καὶ
665 5436 895 5505 αἵματος
939 5435 998 5489 ἐν
1045 5432 1294 5504 αἰσθήσει
1325 5433 1554 5505 καρδίας

38 5525 50 5576 ί
98 5528 269 5582 πίστει
321 5527 533 5600 βεϐαίᾳ.
579 5525 988 5597 κατηξιωμένος
1015 5523 1108 5576 τοῦ
1149 5522 1407 5594 Χριστοῦ,
1440 5522 1552 5575 τῶν

59 5618 362 5674 λυπούντων
413 5622 709 5682 ἁπάντων,
745 5618 851 5671 τῶν
883 5634 943 5670 τε
973 5616 1311 5689 βαρυνόντων
1341 5615 1552 5687 νοητῶς

38 5712 103 5764 (αἱ
127 5715 429 5786 ὀρωμένως
466 5715 533 5768 τὸ
563 5712 729 5781 ἄχθος
755 5713 848 5766 καὶ¹
883 5712 982 5781 τῆς
1013 5710 1242 5780 άκηδίας
1272 5709 1364 5764 τὸν
1391 5710 1556 5778 ὄγκον

43 5806 469 5875 ξυσκευαζόμενος
495 5805 603 5858 καὶ
634 5803 1043 5873 ἀνανεούμενος,
1073 5801 1347 5866 εὐσταλῶς
1374 5819 1433 5855 τε
1462 5804 1555 5855 καὶ

39 5899 344 5968 πονημένως
399 5897 565 5972 πρὸς.
601 5897 702 5960 τὰς
740 5896 1029 5968 ἀγαπητάς
1076 5895 1170 5951 τοῦ
1209 5896 1327 5975 τῶν.
1360 5895 1554 5966 φώτων

3118 421 3223 476 710

1639 535 1691 585 in
1727 529 1854 586 Sion
1873 533 2082 602 positus
2115 531 2282 596 est,in
2308 530 2489 600 scipso
2519 541 2813 604 utrumque
2848 534 3098 590 adunans
3130 553 3227 605 po-

1647 624 1883 694 pulum;
1946 635 2000 679 et
2038 627 2183 680 sicut
2222 633 2340 678 erat
2396 623 2513 693 ipse
2567 624 2804 694 Spiritus
2850 636 2904 681 et
2955 643 3106 690 caro.
3145 633 3226 683 sic

1647 715 1961 770 hominibus
1979 716 2249 786 duplicem
2276 716 2708 783 puriﬁcationem
2746 719 2970 787 praebet.
2996 722 3223 775 alteram

1645 807 1872 876 spiritus
1923 807 2046 862 vita:
2093 824 2252 878 quem
2295 809 2544 877 sequitur
2584 824 2614 862 a
2679 819 2822 862 terra
2882 812 3228 881 baptismatis

1641 913 1804 966 aqua,
1848 899 2074 953 alteram
2113 899 2396 970 sanguinis
2421 900 2627 953 Christi
2651 917 2816 970 super
2842 919 2941 958 nos
2977 904 3031 959 in
3061 916 3225 959 cruce

1640 989 1797 1044 effusi
1835 1008 1848 1046 :
1880 991 1967 1044 hic
1992 993 2239 1062 sanguis,
2277 992 2402 1046 novi
2436 993 2743 1047 testamenti
2790 992 2985 1059 fmdus,
3039 996 3227 1064 piacu~

1644 1082 1753 1134 lum
1782 1089 1834 1136 et
1867 1082 2169 1153 redemptio
2196 1083 2546 1152 originalium
2574 1085 2912 1138 macularum
2940 1086 3099 1154 primi
3130 1103 3227 1155 pa-

1644 1173 1745 1226 tris
1801 1173 1905 1228 hoc
1969 1176 2204 1243 pretium
2273 1174 2522 1229 funditur
2577 1174 2984 1244 puriﬁcationis
3053 1180 3224 1232 totius

1643 1264 1854 1318 mundi.

1574 1358 1667 1411 καὶ
1683 1358 1876 1429 λύτρον
1899 1357 2039 1428 ὑπὲρ
2055 1357 2178 1410 ὃλου
2216 1357 2536 1428 καθάρσεως
2567 1358 2790 1428 κέχυται
2815 1357 2907 1410 τοῦ
2930 1360 3153 1431 κόσμου.

1640 1488 1710 1543 82
1763 1487 2024 1559 Equidem
2083 1491 2130 1543 si
2178 1506 2281 1543 non
2325 1505 2491 1543 essem
2558 1490 2711 1544 homo
2757 1492 3085 1560 inconstans,
3136 1497 3228 1550 sed

2713 1562 3080 1630 immutabilis,
3117 1578 3223 1620 etc.

1712 1671 1993 1744 Siquidem
2021 1690 2150 1730 vere
2173 1676 2454 1732 versatilis
2487 1676 2581 1731 sed
2601 1686 2653 1731 et
2682 1693 2791 1732 non
2819 1679 3090 1733 versatilis
3126 1697 3227 1733 nec

1639 1781 1864 1822 cessans
1909 1767 1975 1821 ad
2018 1768 2205 1837 pejora
2241 1784 2449 1838 pronus
2487 1784 2614 1824 esse
2653 1771 2958 1840 plasmatus
3009 1787 3129 1826 sum
3167 1782 3228 1826 ut

1641 1856 1823 1921 homo,
1849 1857 2030 1927 lingua
2063 1857 2299 1927 theologi
2331 1858 2612 1927 praedicat,
2646 1860 2816 1914 solius
2837 1862 3058 1931 egebam
3086 1879 3226 1932 prae-

1638 1946 1780 2016 cepti
1811 1947 1877 2000 de
1910 1945 2019 2002 Deo
2054 1948 2321 2001 cruciﬁxo
2358 1967 2371 2003 :
2402 1949 2546 2018 quod
2585 1949 2984 2022 circumtegens
3017 1964 3067 2008 et
3115 1956 3228 2009 Sul-

1637 2053 1770 2090 vans
1801 2052 1886 2091 me
1918 2038 2121 2091 exaltat
2159 2047 2211 2091 et
2245 2039 2395 2092 ducit
2425 2039 2489 2091 ad
2528 2039 2713 2109 gloria:
2729 2052 2782 2094 et
2819 2041 3042 2100 honoris
3074 2061 3225 2099 sum-

1638 2141 1806 2181 mum.
1851 2127 1957 2182 Sed
2001 2143 2148 2182 nunc
2201 2127 2291 2197 qui
2347 2144 2432 2182 me
2461 2130 2668 2183 creavit
2714 2145 2822 2184 non
2865 2133 3005 2187 sicut
3057 2133 3225 2188 Deum

1638 2217 2052 2283 immutabilem,
2075 2219 2219 2274 bene
2240 2235 2366 2274 vero
2392 2221 2535 2275 sicut
2555 2224 2789 2275 animam
2810 2223 3080 2279 viventem
3106 2243 3225 2278 mu-

1640 2309 1830 2364 tationi
1862 2310 2180 2375 obnoxium,
2230 2319 2520 2381 utramque
2540 2312 2606 2364 ad
2657 2320 2864 2381 partem
2893 2329 3224 2385 propensum

1637 2408 1690 2453 et
1733 2400 2050 2454 inclinatum
2077 2417 2091 2466 ;
2119 2409 2173 2456 et
2204 2402 2454 2457 similiter
2486 2403 2860 2460 inclinationis
2881 2415 2935 2461 et
2956 2409 3226 2462 trahentis

1637 2494 1932 2564 voluptatis
1966 2495 2034 2550 ad
2078 2496 2338 2550 virtutem
2383 2511 2536 2566 reque
2572 2511 2635 2550 ac
2669 2497 2733 2550 ad
2775 2499 3034 2553 malitiam
3083 2517 3223 2571 quo--

1639 2599 1851 2653 cunque
1878 2599 2001 2639 sors
2028 2594 2191 2649 esset,
2216 2601 2509 2656 capacem,
2549 2585 2758 2640 idcirco
2787 2587 3044 2642 virtutum
3075 2605 3227 2644 ama-

1640 2681 1725 2728 tor
1744 2675 1992 2746 pluribus
2026 2676 2247 2731 auxiliis
2267 2674 2559 2730 conﬁrmat
2583 2692 2599 2729 :
2626 2691 2860 2745 quorum
2898 2679 3225 2734 auxiliorum

1641 2785 1807 2824 unum
1833 2771 2238 2840 pulchritudine
2275 2778 2494 2841 praestat
2527 2769 2711 2824 Gratia
2744 2787 2838 2840 per
2867 2771 3140 2828 lavacrum
3173 2784 3228 2829 et

1641 2863 1932 2932 baptisma.
1969 2861 2034 2916 Et
2054 2862 2514 2933 quemadmodum
2544 2864 2698 2932 pueri
2718 2863 3068 2919 Hebrmorum
3095 2868 3225 2921 olim

1640 2955 1763 3028 ain
1786 2957 1997 3010 ratione
2029 2956 2269 3024 expertis
2300 2956 2564 3025 sanguine
2594 2956 2891 3009 domorum
2941 2971 3124 3026 posms
3157 2959 3227 3012 li-

1642 3050 1858 3104 nientes
1878 3049 1944 3102 ad
1960 3047 2170 3103 Domini
2189 3049 2516 3118 iussionem,
2536 3050 2754 3120 quando
2779 3065 2940 3106 omne
2957 3053 3228 3123 primoge-

1643 3143 1817 3196 nitum
1855 3141 1908 3196 in
1933 3140 2170 3212 Egyth
2200 3143 2270 3196 ab
2321 3142 2538 3196 homine
2568 3156 2745 3212 usque
2796 3141 2864 3196 ad
2907 3159 3076 3213 pecus
3116 3161 3226 3200 una

1648 3241 1808 3288 nocte
1841 3233 2248 3288 exterminatus
2279 3240 2386 3297 est,
2435 3241 2566 3287 tunc
2601 3233 2707 3303 ipsi
2748 3234 2848 3287 hac
2875 3234 3129 3289 linitione
3156 3236 3224 3289 ﬁ-

1651 3322 1898 3393 gurativa
1927 3323 2138 3393 plagam
2183 3322 2495 3393 eﬁ’ugerunt
2539 3324 3004 3391 exterminatoris,
3055 3325 3137 3380 sic
3174 3334 3229 3380 et

1643 3414 1775 3467 mihi
1805 3413 1941 3483 Agni
1988 3412 2080 3468 Dei
2115 3414 2206 3484 qui
2255 3415 2406 3468 tollit
2450 3424 2740 3484 peccatum
2767 3417 2957 3471 mundi
2989 3417 3224 3486 spiritus

1643 3512 1697 3558 et
1727 3504 1951 3574 sanguis
1989 3503 2214 3570 Christi,
2261 3506 2614 3575 signaculum
2661 3521 2690 3560 a
2722 3506 2837 3563 Deo
2887 3508 3134 3564 oblatum
3175 3521 3230 3564 et

1645 3598 1943 3652 remedium
2001 3598 2140 3650 mala
2175 3597 2480 3668 corrigens.
2511 3613 2675 3668 super
2717 3599 3130 3671 intelligentiam
3175 3611 3231 3655 et

1645 3705 1843 3760 corpus
1871 3691 2029 3760 quasi
2062 3691 2260 3745 domus
2291 3691 2593 3760 spiritualis
2625 3701 2810 3761 postes
2831 3694 3048 3758 linitur,
3066 3695 3228 3750 valde

1645 3783 1938 3853 proﬁciens
1964 3791 2021 3837 et
2059 3783 2115 3836 ﬁt
2144 3782 2312 3837 tutela
2341 3790 2532 3836 contra
2563 3784 2872 3839 omnimoda
2896 3787 3035 3839 mala
3070 3806 3084 3841 :
3111 3786 3225 3842 illis

1646 3889 1775 3945 ergo
1817 3874 2365 3945 utpoteimperfectis
2396 3876 2771 3932 etinl'antibus
2809 3877 3082 3947 ﬁguratim
3128 3890 3227 3934 aut

1647 3980 1742 4035 per
1784 3966 2031 4019 umbram
2067 3965 2155 4019 hic
2189 3964 2405 4018 tradita
2443 3967 2644 4030 linitio,
2680 3966 2968 4037 ﬁguratam
3005 3976 3058 4023 et
3107 3984 3229 4023 mo-

1648 4064 1989 4112 mentaneam
2015 4065 2069 4112 et
2104 4057 2226 4112 ideo
2258 4072 2578 4128 corpoream
2623 4059 2982 4113 salvationem
3055 4060 3228 4115 linitis

1650 4149 1942 4203 tribuebat.
1990 4147 2144 4218 Apud
2179 4165 2280 4203 nos
2312 4164 2441 4204 vero
2475 4164 2572 4218 per
2612 4150 2890 4204 lavacrum
2926 4166 3218 4221 regenera-

1649 4239 1814 4292 tionis
1844 4237 1969 4291 data
2005 4237 2242 4308 Spiritus
2270 4240 2446 4310 gratia
2472 4249 2524 4295 et
2560 4239 2951 4296 illuminatoris
2996 4245 3222 4313 sanguis

1648 4326 1777 4382 Jesu
1805 4327 1863 4382 ﬁt
1888 4327 2150 4397 optimum
2179 4329 2519 4399 signaculum
2547 4337 2600 4385 et
2632 4331 2800 4385 tutela
2830 4331 3061 4401 mystica
3106 4334 3219 4402 spi-

1650 4423 1812 4487 ritus,
1879 4420 2073 4475 animae
2125 4430 2179 4476 et
2222 4423 2495 4491 corporis,
2545 4421 2744 4491 pignus
2789 4423 3064 4492 quoddam
3102 4424 3230 4477 vita:

1652 4521 1870 4568 aeternae
1900 4521 1954 4568 et
1973 4513 2126 4583 regni
2165 4514 2312 4584 quod
2348 4514 2498 4568 nulla
2530 4513 2832 4569 afﬂictione
2872 4513 3089 4585 ﬁneque
3134 4515 3230 4570 de-

1652 4605 1880 4670 solatur,
1932 4605 2112 4675 dignis
2149 4603 2469 4661 decernitur
2527 4606 2622 4677 qui
2665 4607 2957 4678 recipiant.
3011 4607 3224 4663 Etenim

1654 4694 1748 4749 ubi
1788 4694 2028 4764 primum
2060 4709 2229 4764 super
2274 4711 2377 4750 nos
2420 4704 2606 4750 manat
2631 4697 2750 4766 ipse
2790 4697 2931 4766 Agni
2977 4696 3070 4752 Dei
3100 4711 3229 4751 sano

1652 4787 1793 4856 guis.
1829 4787 1897 4842 de
1923 4787 2212 4856 profundis
2238 4787 2466 4857 angoris
2498 4797 2551 4842 et
2575 4788 2978 4859 desperationis
3001 4798 3054 4844 et
3091 4805 3228 4859 pra:-

1653 4881 1838 4937 sertim
1866 4879 1932 4936 de
1960 4881 2167 4951 peccati
2187 4896 2354 4936 onere
2381 4881 2654 4952 erigentes
2692 4897 2816 4948 nos,
2871 4884 3224 4953 gubernacu-

1654 4973 1766 5028 lum
1802 4975 2147 5029 sustollimus
2177 4973 2374 5028 animae
2418 4982 2584 5044 atque
2628 4973 2696 5028 ad
2739 4974 3016 5029 cmiestem
3057 4975 3226 5028 vitam

1651 5065 1877 5134 spiritus
1913 5080 2135 5136 gressus
2159 5063 2464 5136 dirigimus.
2487 5065 2741 5120 Proiecto
2766 5066 2910 5120 sicut
2934 5066 3114 5119 viator
3136 5065 3221 5120 di-

1655 5158 1961 5212 versorium
1982 5165 2176 5213 nactus
2207 5167 2578 5229 Opportunum
2601 5171 2630 5211 a
2653 5157 2978 5213 lassitudine
2999 5158 3227 5228 acquie-

1664 5253 1789 5314 scit,
1816 5265 2052 5320 moxque
2088 5265 2232 5306 novo
2252 5250 2694 5305 ardorealacrior
2716 5248 2784 5304 ad
2816 5251 2922 5304 iter
2943 5251 3224 5304 residuum

1666 5353 1946 5411 assurget;
1978 5344 2057 5396 sic
2093 5350 2148 5397 et
2179 5343 2352 5412 gratia
2383 5344 2555 5398 sancti
2589 5342 2828 5412 Spiritus
2872 5348 2923 5396 et
2960 5342 3228 5411 sanguine

1663 5434 1869 5490 Christi
1901 5434 2157 5504 dignatus
2177 5434 2271 5504 qui
2302 5435 2469 5489 corde
2497 5434 2754 5503 intelligit
2799 5443 2855 5489 et
2889 5433 2994 5488 ﬁde
3033 5433 3226 5487 ﬁrmus

1660 5534 1744 5580 est
1765 5533 2046 5580 recreatus
2071 5534 2123 5578 et
2147 5534 2442 5580 renovatus
2482 5525 2551 5578 ab
2581 5525 2940 5596 oppressione
2984 5525 3230 5591 aﬁligeno

1658 5618 1794 5672 tium
1825 5616 2067 5671 omnium
2101 5624 2156 5671 et
2183 5617 2526 5671 onerantium
2568 5618 2684 5672 sive
2714 5618 3073 5686 spiritualiter
3111 5618 3228 5672 sive

1657 5708 1974 5772 visibiliter,
2028 5722 2242 5762 necnon
2286 5721 2316 5760 a
2362 5715 2571 5766 tumore
2614 5710 2833 5772 acediae,
2875 5710 3126 5762 alacriter
3173 5715 3228 5762 et

1657 5797 1932 5851 laboriose
1961 5795 2104 5850 sicut
2132 5811 2328 5853 cervus
2355 5795 2630 5854 desiderat
2647 5796 2714 5852 ad
2732 5799 2964 5853 dilectas
2988 5796 3228 5851 mansio-

1658 5906 1758 5949 nes
1790 5888 1931 5960 apud
1952 5886 2168 5944 Patrem
2192 5889 2484 5948 luminum.
2537 5891 2606 5947 Et
2655 5904 2722 5946 ne
2756 5890 2880 5962 quis
2920 5898 3226 5946 murmuret
