3802 6548
89 499 153 553 ἠδ
925 485 991 540 ΙΝ
1026 484 1334 541 CARMINA
1365 485 1650 544 ARCANA
1677 486 1734 542 S.
1763 485 2116 542 GREGORII.

87 609 401 680 ὸτελισκόμενος
439 606 679 660 κολλᾶται
716 602 858 674 Θεῷ,
894 605 986 658 καὶ
1014 605 1072 658 ἓν
1112 605 1354 676 πνεῦμα,
1384 606 1524 659 κατά

87 705 140 757 τὸν
165 699 431 760 Ἀτόστολον,
456 695 593 767 αὐτῷ
627 697 870 764 γίνεται;
904 696 1041 750 Καθ’
1083 698 1208 751 ὅσον
1231 697 1523 770 τοιγαροῦν

86 799 214 868 ὑψηλόν
239 813 281 848 τε
309 793 388 847 καὶ
423 790 596 862 νοερὸν
622 789 716 843 καὶ
740 789 840 860 τῆς
863 789 1088 860 πρώτης
1124 791 1523 861 μακαριότητος

84 889 253 958 πρόξενον
286 885 337 937 τὸ
367 882 538 954 χρῆμα
585 881 941 934 πεπίστευται
986 881 1086 951 τῆς
1134 881 1358 952 ἀρετῆς,
1382 881 1523 935 κατὰ

79 979 246 1033 τοσοῦτον
282 976 358 1029 καὶ
390 973 544 1027 πολλά
591 972 704 1044 ἔχει
747 972 818 1026 τὰ
861 972 998 1044 πρὸς
1040 972 1139 1043 τὴν
1184 973 1522 1044 κατόρθωσιν

79 1073 206 1140 ταύτης
223 1069 388 1136 ἀνάντη
413 1068 496 1120 καὶ
515 1066 770 1137 δυσχερῆ.
800 1065 918 1118 Ἵνα
946 1065 1055 1136 γὰρ
1080 1065 1172 1118 τὸν
1194 1066 1288 1119 τοῦ
1317 1067 1520 1138 δυσμε-

77 1161 314 1230 νοῦςφθόνον
351 1159 494 1230 παρῶ
526 1161 843 1212 ἐπισκοπεῖν
889 1159 976 1211 ἀεὶ
1002 1159 1100 1228 τὴν
1145 1159 1400 1230 πρόθεσιν
1427 1160 1520 1214 τοῦ

77 1255 157 1322 πρὸς
178 1251 307 1321 αὐτὴν
321 1250 537 1313 ἀνιόντος
560 1249 930 1321 πειρωμένου,
956 1249 1093 1320 αὐτὴ
1128 1252 1162 1321 ἡ
1192 1251 1310 1304 κατ’
1336 1252 1522 1322 αἴσθη-

74 1361 123 1397 σιν
143 1344 281 1413 {tum
314 1359 363 1395 τε
392 1343 660 1413 σύμφυτος
692 1343 791 1413 τῆς
818 1343 996 1414 ψυχῆς
1019 1342 1188 1415 θυμὸς
1215 1346 1311 1398 καὶ
1341 1346 1374 1416 ἡ
1402 1345 1522 1398 ἐπι-

73 1437 200 1504 θυμία,
237 1436 276 1487 εἰ
314 1435 380 1504 μὴ
423 1433 774 1505 πνευματικῷ
819 1435 969 1504 νόμῳ
1021 1434 1380 1489 παιδευθέντα
1426 1437 1522 1490 καὶ

69 1528 256 1597 ταχθέντα,
289 1526 537 1596 καταπιθῆ
571 1528 665 1580 καὶ
687 1527 876 1596 εὑήνια
902 1527 1112 1596 γένοιτο
1140 1527 1219 1599 τῷ
1250 1529 1518 1601 λογισμῷ,

69 1619 180 1680 cito;
200 1619 250 1672 ἂν
280 1620 304 1671 ὁ
332 1618 508 1690 ἐχθρὸς
532 1617 938 1690 ἀποστραφείη,
964 1618 1077 1672 οὐδ’
1111 1619 1408 1691 εἰλικρινὴς
1429 1622 1521 1674 ἀν-

70 1707 195 1776 ίρώπῳ
226 1706 559 1779 κατορθωθείη
609 1708 813 1779 ἀρετή’
855 1707 920 1761 δι’
961 1707 991 1761 ὃ
1035 1709 1126 1762 καὶ
1169 1711 1197 1763 ὁ
1248 1709 1325 1780 τῷ
1357 1709 1520 1782 ἔρωτι

67 1800 170 1867 αὐτῆς
199 1801 386 1870 κάτοχος
430 1801 733 1870 φιλοσόφως
763 1802 845 1865 εἰς
880 1800 1071 1854 ἐαυτὸν
1112 1802 1203 1855 τὸν
1233 1803 1391 1871 λόγον
1423 1821 1521 1875 με-

69 1891 386 1961 τεῖχηματίζων,
434 1892 542 1962 Τὴν
589 1891 811 1964 ἀρετὴν,
871 1895 1028 1965 φησὶ,
1083 1894 1232 1948 ποθῶ
1280 1897 1398 1965 μὲν,
1426 1897 1520 1950 καὶ

66 1983 121 2033 οὐκ
139 1984 404 2053 ἀρνήσομαι·
445 1983 606 2037 τοῦτο
630 1983 740 2056 γὰρ
778 1986 871 2038 καὶ
913 1986 1114 2051 πάντες
1142 1989 1191 2041 oi.
1227 1988 1321 2042 τοῦ
1353 1989 1520 2053 ὄντως

65 2073 206 2142 ἐρασταὶ
233 2073 372 2128 καλοῦ
390 2093 404 2106 ο
433 2075 573 2130 ἀλλὰ
602 2075 761 2130 τοῦτό
793 2095 860 2146 με
886 2078 987 2132 οὐκ
1015 2079 1242 2146 ἐδίδαξε,
1281 2083 1364 2146 τίς
1389 2100 1518 2136 ποτε

64 2165 156 2234 riu”
181 2167 251 2219 καὶ
284 2167 391 2220 ὅθεν
436 2168 500 2221 ἀν
549 2185 644 2240 μοι
693 2170 1041 2242 προστεθείη,
1082 2174 1276 2244 κομιδῇ
1319 2174 1518 2246 ταύτης

64 2255 165 2322 ἔχοντι
201 2259 277 2328 τὴν
320 2259 518 2331 ὄρεξινο
578 2259 660 2325 οἷς
701 2263 796 2316 καὶ
843 2263 1082 2334 ἀνιῶμαι
1133 2269 1200 2338 τῇ
1239 2268 1521 2338 ἀτελότητι

63 2349 180 2416 ταύτης
218 2351 547 2422 ἀλγυνόμενος
573 2369 586 2382 '
654 2356 764 2417 πᾶς
818 2354 928 2426 γὰρ
993 2357 1155 2421 πόθος
1214 2359 1519 2425 ἀτέλεστος,

63 2437 151 2510 ὀδύνη
173 2440 230 2510 τῷ
259 2446 564 2515 κεκτημένῳ
602 2445 789 2500 τοῦτον
838 2449 1190 2520 χρηματίζει.

239 2537 296 2588 Εἰ
319 2535 429 2603 μὲν
455 2537 532 2605 δὴ
564 2539 847 2606 καθαρὸς,
881 2557 936 2596 κ.
965 2558 1014 2594 τ.
1050 2541 1097 2594 ἐ.

105 2620 422 2698 Ἠμένάληθὴς
464 2628 640 2700 ἀρετὴ
685 2631 780 2684 καὶ
837 2631 915 2702 τῷ
959 2630 1073 2685 ὄντι
1135 2632 1386 2706 καθαρὰ,
1446 2639 1523 2710 τῷ

61 2713 164 2781 τάπης
191 2717 353 2780 κακίας
395 2721 484 2772 καὶ
525 2721 803 2792 ῥυπαρίας
853 2722 1055 2794 σαρκὸς
1087 2724 1179 2777 καὶ
1211 2727 1524 2798 πνεύματος

61 2806 203 2873 πίμπιν
223 2809 568 2882 ἀπηλλάχθαι,
603 2811 760 2867 ὕδατι
800 2815 1090 2885 προσέοικε
1128 2817 1520 2892 καθαρωτάτῳ,

58 2900 108 2948 tr‘.
126 2898 297 2968 ῥεύματι
317 2904 515 2974 κρήνης
546 2903 893 2976 ἐξαλλομὲνῳ
919 2905 1122 2978 ζώσης,
1163 2907 1223 2974 ἐξ
1269 2909 1524 2980 οὐδεμιᾶς

59 2992 250 3058 χειμερίων
297 2994 517 3059 ὑδάτων,
569 2995 688 3065 ἦτοι
735 2997 1085 3069 χειμάρρων,
1136 3000 1418 3071 ἐπιμιξίας
1463 3002 1525 3056 τὸ

57 3079 104 3130 τοῦ
130 3082 311 3152 νάματος
349 3085 660 3156 θολουμένῳ
688 3087 1070 3144 διειδέστατον.
1110 3090 1281 3162 Εἴπερ
1322 3088 1414 3147 οὖν
1441 3111 1526 3158 τις

57 3168 139 3222 vita
162 3173 355 3244 καθαρός
399 3177 575 3240 ἐστιν,
615 3176 691 3241 ὡς
741 3178 915 3249 ἀμιγῆ
962 3180 1143 3250 πάσης
1189 3182 1387 3246 κακίας
1431 3185 1528 3238 καὶ

53 3260 229 3332 ἁμαρτίας
266 3268 511 3338 ἀμίαντον
551 3269 652 3341 τὴν
703 3270 874 3324 αὑτοῦ
927 3273 1171 3344 τηρήσας
1208 3273 1388 3346 ψυχὴν
1433 3279 1528 3331 καὶ

138 3358 255 3422 νοῦν,
301 3361 574 3417 ἀθόλωτον
627 3363 684 3417 δὲ
729 3365 829 3436 τὴν
877 3365 1056 3439 σάρκα
1108 3367 1204 3420 καὶ
1256 3369 1524 3440 ἄρρυπον,

51 3442 138 3512 ζητῶ
164 3450 228 3514 τίς
261 3451 321 3506 ἂν
362 3450 514 3519 οὗτος
564 3457 686 3526 εἴης
741 3459 791 3509 εἰ
834 3456 943 3528 γὰρ
975 3459 1150 3528 ἄστρα
1195 3459 1257 3512 οὺ
1311 3461 1530 3532 καθαρά

50 3537 201 3594 ἐναντίον
220 3546 384 3613 αὐτοῦ,
413 3546 564 3601 κατὰ
586 3548 648 3600 τὸ
675 3547 874 3616 λόγιον,
903 3549 967 3603 ἔα
990 3551 1048 3604 δὲ
1075 3552 1125 3604 οἱ
1149 3551 1530 3618 κατοικοῦντες

47 3628 157 3694 a151,-
181 3637 478 3712 πηλίναςοῆ
526 3639 642 3710 γὰρ
690 3643 756 3694 ἐκ
807 3642 1034 3712 καρδίας
1085 3644 1222 3708 ιδίας
1269 3645 1531 3717 βόρϐορον

47 3720 179 3776 ἀτόπων
194 3729 426 3802 ἀναφέρει
453 3733 748 3805 ἅνθρωπος
770 3733 1046 3806 λογισμῶν
1064 3753 1076 3766 ·
1099 3736 1236 3809 αὕτη
1259 3737 1356 3808 μία
1381 3737 1530 3791 αἰτία

48 3811 296 3885 τῆςκακίις·
329 3824 522 3880 ἔπειτα
553 3826 732 3898 σάρκα
773 3827 1000 3899 βαρεῖαν
1034 3829 1128 3884 καὶ
1165 3829 1361 3901 ἰλυώδη
1395 3830 1531 3903 πρὸς

47 3905 79 3953 τί
107 3907 253 3976 Υεῶδές
285 3915 580 3986 βρίθουσαν
620 3919 878 3991 φρόνημα
924 3921 1387 3992 συνεφελκόμενος
1433 3927 1532 3995 ρυ-

48 3999 238 4054 τείνεται·
264 4009 390 4080 πρὸς
420 4010 477 4064 δὲ
514 4011 617 4065 καί¹
656 4011 736 4082 τῷ
780 4012 1000 4084 ἄρχοντι
1053 4013 1147 4068 τοῦ
1198 4016 1423 4080 σκότους
1453 4017 1534 4089 τῷ

45 4091 99 4154 ii;
118 4097 337 4168 ἡμετέρας
366 4103 556 4174 ἐχθρῷ
585 4103 860 4176 σωτηρίας
897 4105 1099 4173 ἔξωθεν
1129 4109 1536 4180 παροτρυνόμε-

47 4194 109 4240 ἐῢς.
134 4189 203 4239 καὶ
231 4194 354 4260 πρὸς
405 4197 689 4268 ἁμαρτίαν
731 4197 1140 4270 ὑφαπτόμενος,
1186 4199 1305 4263 πῶς
1343 4201 1408 4255 ἂν
1452 4201 1537 4254 δυ-

43 4274 167 4344 νλίιην
186 4280 441 4356 ἀκραιφνῆ
483 4286 771 4358 προΐσχειν
802 4287 900 4358 τὴν
928 4289 1130 4360 ἀρετήν
1153 4305 1169 4353 ;

187 4373 395 4444 Ἐπειδὴ
429 4373 551 4434 οὖν
573 4379 758 4446 ῥύσις
784 4380 900 4447 εἰμὶ
929 4381 1208 4449 πατεῖσα.

85 4454 396 4539 Ἦοῦχῶσπερ
412 4470 559 4538 γάλα
572 4489 639 4542 με
670 4470 930 4541 ῆμελξας,
963 4473 1126 4543 φησὶν
1168 4476 1198 4528 ὁ
1247 4473 1387 4539 Ἰὼϐ,
1412 4473 1531 4527 ἐτύ-

42 4559 154 4612 ρωῖις
180 4554 225 4607 δέ
257 4575 316 4628 με
357 4561 448 4615 ἴσα
481 4560 670 4632 cupii);
720 4562 809 4616 διὰ
846 4562 962 4632 βίου
993 4581 1052 4618 τε
1084 4565 1297 4636 ῥέοντος
1330 4566 1422 4619 καὶ
1453 4565 1534 4618 εὑ·

39 4642 246 4699 ἑκηϐόλου
286 4649 628 4723 διεκτρέχω⁶
677 4655 778 4706 οὐκ
825 4649 888 4725 ἦν
966 4656 1140 4719 ἐοικὸς
1201 4657 1354 4729 (625%
1413 4659 1534 4728 ἦτοι

39 4739 250 4803 πῗπφυὲς.
287 4744 594 4817 ᾰρῤευστόν
647 4763 714 4817 με
737 4745 857 4817 Θεῷ
905 4746 1019 4819 βίον
1062 4752 1156 4803 καὶ
1183 4750 1533 4804 παντάπασιν

37 4821 321 4905 ἀναμάρτητον
347 4838 503 4908 βιοῦν
519 4881 533 4894 .

34 4911 121 4965 [ἰδ’
145 4925 234 4978 οὐκ
259 4929 553 4998 ἀργύρεος
586 4928 783 4999 πάντη
817 4933 982 4998 νόος,
1018 4932 1160 4987 ἀλλ’
1199 4933 1533 5002 ἐπίμικτος.

75 5008 113 5061 [ἱ
207 5019 372 5086 τοῦτο,
407 5024 600 5093 φησιν,
631 5023 850 5094 ἀληθὲς,
881 5026 973 5078 καὶ
1005 5027 1034 5078 ὁ
1066 5025 1343 5097 τροπικῶς
1374 5041 1537 5096 προσ-

33 5108 235 5173 ειρτιμένῡς
266 5114 421 5181 ῥοῦς,
452 5116 574 5186 ἦτοι
619 5117 760 5186 βίος,
796 5118 896 5169 οὐκ
929 5117 1196 5189 ἀργύρεος
1230 5118 1351 5172 οὐδὲ
1383 5117 1531 5170 δόκι-

119 5204 360 5270 τ-αντελῶς
391 5211 489 5261 καὶ
522 5209 782 5281 καθαρὸς,
824 5209 1074 5282 ἐπιμιξίᾳ
1102 5211 1160 5264 δὲ
1189 5212 1289 5282 τῆς
1333 5211 1530 5274 κακίας

3098 501 3202 558 7M

1629 605 1740 661 Deo
1769 620 2008 676 quocum
2042 620 2184 660 unus
2218 605 2447 676 Spiritus
2475 606 2632 676 juxta
2678 609 3000 682 Apostolum
3037 615 3205 672 ellici-

1626 695 1749 749 tur?
1789 693 2069 762 Quantum
2115 710 2246 766 ergo
2295 698 2790 766 supereminenset
2812 702 3118 775 Spiritualls
3149 717 3208 763 et

1625 785 1816 856 primae
1835 785 2199 860 beatitudinis
2234 788 2658 858 promissionem
2703 793 2911 852 habens
2960 807 3206 866 quaestus

1623 877 1850 932 virtutis
1885 878 2174 942 creditur,
2200 885 2311 932 tam
2343 879 2515 934 multa
2543 881 2611 936 ad
2650 882 2771 953 ejus
2799 888 3206 944 assecutionem

1623 969 1798 1024 ardua
1831 969 2126 1025 admodum
2183 979 2240 1027 et
2287 971 2527 1028 diﬂicilia
2580 975 2803 1044 pratbet.
2857 975 3106 1050 Namque
3148 992 3209 1036 ιιι

1623 1061 1935 1117 Adversarii
1988 1063 2396 1132 praetermittam
2435 1064 2694 1120 invidiam
2749 1067 3083 1139 pedetentim
3124 1071 3211 1126 in-

1623 1151 1776 1220 sequi
1811 1152 2155 1222 pr0positum
2189 1153 2501 1211 anhelantis
2528 1155 2594 1210 ad
2624 1155 2884 1214 virtutem
2919 1160 3205 1225 conantis,

1623 1245 1741 1316 ipsa
1801 1243 1910 1298 vita
1946 1259 2054 1315 qua
2098 1245 2357 1301 sensibus
2401 1246 2737 1320 indulgetur,
2776 1260 2834 1306 et
2867 1250 3058 1307 innata
3092 1255 3209 1308 ani-

1624 1352 1726 1392 mae
1756 1335 1936 1393 fervor
1966 1346 2023 1395 et
2062 1339 2541 1410 concupiscentia.
2598 1341 2764 1398 nisia
2814 1343 2933 1415 lege
2975 1345 3209 1417 spiritus

1623 1429 1839 1484 erudita
1867 1436 1922 1485 et
1966 1430 2183 1494 edocta,
2239 1431 2538 1488 suadibilia
2599 1444 2656 1490 et
2697 1435 2953 1492 docibilia
3011 1439 3211 1494 rationi

1626 1521 1778 1587 ﬁant,
1796 1522 1946 1579 nullo
1967 1522 2130 1578 modo
2160 1521 2346 1581 Hostis
2369 1523 2672 1596 fugabitur,
2702 1529 3014 1586 nullatenus
3033 1531 3211 1588 electa

1625 1615 1799 1670 virtus
1821 1614 2099 1670 hominem
2129 1615 2458 1672 moderabit.
2496 1618 2624 1674 ldeo
2661 1619 2836 1690 ipsius
2869 1636 3060 1678 amore
3087 1623 3210 1693 phi-

1626 1707 1911 1777 losophice
1956 1706 2221 1780 ﬂagrans,
2266 1725 2410 1764 novo
2457 1711 2651 1767 ordine
2691 1712 2933 1782 seipsum
2976 1715 3211 1786 alloqui-

1625 1805 1784 1854 tur...
1811 1798 2103 1867 Virtutem,
2153 1800 2356 1870 inquit,
2398 1801 2562 1871 cupio
2596 1817 2697 1857 nec
2738 1805 3042 1861 aversabor
3074 1826 3088 1862 :
3128 1807 3213 1863 sic

1627 1889 1776 1945 enim
1817 1889 2001 1946 cuncti
2033 1890 2217 1961 reipsa
2263 1891 2393 1946 boni
2439 1901 2747 1958 amatores;
2792 1894 2886 1950 sed
2928 1911 3038 1952 non
3086 1912 3214 1953 eru-

1628 1981 1777 2038 ditus
1821 1998 1941 2037 sum
1988 1997 2111 2052 quae
2155 1982 2227 2036 sit
2260 1989 2314 2037 et
2349 1981 2494 2038 unde
2529 1983 2661 2038 mihi
2711 1984 2874 2055 hujus
2917 1988 3212 2044 vehemens

1629 2075 1963 2130 desiderium
1995 2074 2216 2130 habenti
2259 2074 2571 2145 adjiciatur.
2618 2075 2715 2132 llis
2761 2078 2922 2134 doleo
2970 2095 3213 2137 maerens

1630 2167 1697 2222 de
1726 2167 1946 2222 virtutis
1973 2168 2386 2237 imperfectione
2412 2185 2427 2234 ;
2458 2169 2659 2224 etenim
2695 2171 3028 2227 desiderium
3052 2188 3216 2230 omne

1628 2276 1739 2330 quo
1771 2275 1881 2314 non
1912 2261 2092 2331 potior
2125 2260 2331 2316 doloris
2357 2261 2632 2316 rationem
2692 2263 2859 2318 habet
2899 2266 2953 2320 in
2993 2265 3212 2322 deside-

1629 2353 1795 2407 ranti.
1828 2371 1846 2404 ι
1874 2352 1932 2408 Si
1955 2365 2135 2408 autem
2169 2369 2363 2422 purus,
2388 2371 2404 2406 ι
2426 2361 2481 2409 et
2505 2370 2621 2425 seq.
2650 2354 2791 2412 Vera
2815 2358 2989 2414 virtus
3010 2367 3064 2414 et
3088 2373 3219 2415 vere

1631 2461 1768 2516 pura
1800 2445 1870 2501 ab
1904 2445 2054 2500 omni
2085 2445 2290 2500 malitia
2321 2455 2375 2501 et
2399 2444 2647 2502 tarditate
2670 2450 2855 2504 carnis
2875 2457 2932 2504 et
2961 2448 3214 2520 spiritus,

1630 2539 1999 2608 aequiparatur
2032 2537 2346 2608 purissimis
2399 2539 2564 2595 undis
2596 2547 2653 2595 et
2698 2541 3027 2599 salientibus
3063 2558 3219 2613 aqua:

1632 2633 1768 2686 viva:
1797 2629 2011 2692 rivulis,
2037 2645 2274 2700 quorum
2302 2631 2450 2685 nulla
2464 2646 2732 2701 aquarum
2754 2632 3015 2688 imbrium
3036 2635 3220 2690 mistio

1631 2739 1703 2778 ne
1757 2720 2104 2791 superﬁciem
2155 2721 2375 2792 quidem
2428 2722 2623 2779 inﬁcit.
2689 2723 2774 2779 Sit
2825 2739 2960 2796 ergo
3016 2726 3220 2797 aliquis

1633 2815 1770 2870 adeo
1799 2827 1970 2884 purus
1995 2813 2089 2882 qui
2121 2827 2328 2868 meram
2364 2815 2433 2868 ab
2462 2815 2613 2870 omni
2647 2815 2857 2870 malitia
2897 2827 2952 2872 et
2992 2827 3219 2888 peccato

1633 2907 1934 2965 servaverit
1979 2905 2221 2960 animam
2281 2914 2446 2976 atque
2500 2915 2760 2975 mentem,
2807 2909 2903 2980 qui
2955 2910 3219 2966 mundam

1633 2998 1959 3055 custodierit
2020 3010 2244 3052 carnem
2301 3005 2356 3052 et
2438 2998 2873 3066 immaculatatn,
2928 3001 3056 3070 quis
3113 3002 3222 3058 erit

1636 3096 1778 3150 iste?
1822 3093 2045 3164 quando
2093 3101 2242 3146 astra
2289 3107 2398 3146 non
2441 3099 2572 3147 sunt
2621 3093 2828 3148 munda
2857 3108 2887 3148 a
2923 3093 3065 3150 faeie
3098 3094 3218 3162 Dei,

1629 3189 1787 3258 juxta
1813 3186 2060 3242 divinum
2088 3184 2316 3250 librum,
2350 3184 2485 3255 quid
2511 3184 2579 3240 de
2604 3185 2987 3242 habitantibus
3022 3187 3221 3244 domos

1634 3278 1848 3334 luteas?
1893 3275 2020 3332 Sive
2043 3291 2111 3331 ex
2141 3276 2306 3331 corde
2346 3291 2449 3332 suo
2490 3277 3008 3348 intempestivorum
3053 3281 3222 3336 ratio-

1630 3371 1904 3426 ciniorum
1951 3367 2117 3422 homo
2149 3363 2396 3437 proferat
2430 3380 2673 3434 caenum,
2701 3367 2816 3423 haec
2852 3385 2960 3424 una
2999 3370 3225 3427 malitiae

1631 3474 1796 3518 causa
1821 3477 1837 3527 ;
1871 3458 2144 3530 siquidem
2168 3471 2336 3513 carne
2363 3457 2518 3528 gravi
2546 3465 2603 3513 ct
2634 3458 2814 3514 lutosa
2830 3459 2898 3514 ad
2921 3467 3213 3541 terrestres

1631 3559 1921 3607 attractata
1948 3549 2308 3621 cogitationes
2333 3547 2610 3618 impulsus
2633 3551 2959 3605 maculatur.
2987 3549 3224 3608 Praeter-

1631 3657 1698 3698 ea
1750 3641 1820 3697 ab
1863 3648 2019 3696 extra
2050 3655 2080 3693 a
2131 3639 2382 3710 principe
2420 3640 2773 3696 tenebrarum
2815 3651 3019 3698 nostra:
3054 3643 3221 3700 saluti

1632 3735 1852 3791 infenso
1878 3733 2199 3789 stimulatus
2247 3741 2301 3788 et
2334 3732 2402 3787 ad
2447 3741 2736 3804 peccatum
2777 3735 3040 3793 incensus
3077 3753 3222 3808 quo-

1632 3826 1796 3882 modo
1826 3841 2021 3898 puram
2059 3825 2317 3881 virtutem
2343 3826 2586 3896 praebere
2616 3829 2873 3897 possem?
2917 3848 2935 3882 ι
2963 3828 3098 3884 Cum
3117 3831 3224 3886 sim

1633 3917 1756 3973 fons
1771 3917 2142 3987 obrigescens.
2170 3935 2189 3968 ι
2215 3914 2360 3980 Sive,
2381 3915 2572 3972 Nonne
2593 3917 2835 3972 sicutlac
2857 3918 3096 3974 mulsisti
3111 3934 3219 3983 me,

1635 4011 1814 4082 inquit
1840 4008 1966 4076 Job,
1994 4017 2050 4064 et
2081 4009 2228 4064 sicut
2273 4023 2494 4063 caseum
2523 4023 2610 4064 me
2638 4009 2983 4079 coagulasti?
3043 4008 3223 4064 Vitam

1633 4109 2012 4159 transeuntem
2037 4107 2093 4156 et
2121 4099 2409 4155 mutationi
2440 4098 2733 4154 obnoxiam
2765 4115 2952 4166 curro,
2995 4117 3104 4157 non
3127 4102 3226 4157 de-

1633 4196 1792 4251 cebat
1821 4207 1953 4250 sane
1985 4208 2051 4246 ex
2085 4202 2282 4246 natura
2311 4191 2710 4247 immutabilem
2747 4206 2836 4247 me
2874 4192 3018 4248 sicut
3049 4192 3221 4248 Deum

1633 4286 1804 4340 vitam
1838 4290 1892 4339 et
1917 4281 2228 4338 omnimode
2256 4279 2670 4350 impeccabilem
2705 4279 2930 4336 ducere.
2969 4300 2988 4333 ε
3020 4281 3078 4336 Si
3111 4297 3221 4336 nou

1637 4389 1721 4435 est
1756 4376 1980 4432 omnino
2006 4373 2214 4429 nitidus
2257 4371 2518 4444 spiritus,
2549 4371 2643 4427 sed
2683 4381 2740 4427 et
2785 4371 3160 4441 intermistus;
3199 4394 3219 4428 ι

1639 4468 1696 4523 Si
1733 4467 1786 4522 id
1819 4480 2006 4522 verum
2036 4472 2142 4527 est,
2178 4463 2378 4534 inquit,
2410 4462 2458 4518 si
2496 4462 2774 4533 alligorice
2813 4479 2980 4535 supra
3025 4466 3226 4521 allatus

1640 4561 1830 4623 vivus,
1879 4558 2090 4615 scilicet
2139 4556 2250 4610 vita
2296 4569 2400 4611 nec
2449 4554 2624 4609 nitida
2677 4570 2776 4611 nec
2829 4557 3055 4611 omnino
3103 4573 3223 4628 pro-

1642 4656 1770 4710 bata
1800 4661 1855 4707 et
1891 4667 2048 4721 pura,
2081 4649 2178 4704 sed
2214 4648 2420 4702 malitia
2451 4648 2715 4704 miscetur
2756 4657 2812 4704 et
2859 4649 3122 4714 inﬁcitur,
3172 4658 3228 4704 et

1644 4743 1955 4800 inordinate
2001 4741 2264 4806 findatur,
2305 4737 2438 4793 illud
2485 4741 2766 4809 quomodo
2812 4748 2962 4795 esset
3003 4741 3225 4794 virtus?

1637 4834 1884 4906 Agedum
1919 4832 2009 4887 die
2059 4831 2218 4894 mihi,
2268 4830 2449 4900 inquit
2489 4831 2732 4901 sapiens,
2789 4833 3073 4901 justumne
3142 4842 3227 4887 est

1641 4929 1801 4984 istius
1830 4926 1978 4981 modi
2008 4925 2258 4980 habitum
2286 4939 2480 4979 vocare
2534 4925 2837 4980 virtutem?
2882 4925 3095 4980 Etenim
3143 4928 3226 4982 sic

1639 5038 1742 5093 ego
1775 5020 1975 5092 spiritu
2019 5034 2136 5075 rem
2175 5019 2424 5082 volvens,
2467 5033 2658 5088 puram
2712 5028 2767 5074 et
2812 5018 3222 5073 immaculatam

1639 5115 1811 5170 vitam
1852 5115 1908 5168 in
1935 5113 2159 5168 homine
2181 5110 2366 5167 videre
2389 5112 2484 5181 qui
2532 5126 2768 5181 nequeo,
2794 5110 2942 5167 unde
2961 5111 3222 5166 virtutem

1640 5208 1982 5263 nominarem
2010 5220 2132 5277 quae
2154 5203 2362 5260 malitia
2399 5204 2662 5260 miscetur
2686 5204 2710 5257 ’ί

27 5281 261 5361 Μθέμενος
322 5301 614 5370 μολύνεται
666 5305 761 5356 καὶ
808 5281 1068 5373 ἀκόσμως
1129 5281 1574 5374 καταχραίνεται,
1630 5299 1746 5364 πῶς
1795 5298 1860 5355 ἂν
1910 5297 1996 5369 εἴη
2048 5297 2206 5351 τοῦτο
2253 5298 2454 5368 ἀρετή;
2493 5296 2704 5369 Φράσον
2737 5295 2800 5368 δή
2839 5314 2950 5367 μοι,
2992 5298 3158 5368 φησὶν
3196 5297 3228 5350 ὁ

29 5388 274 5459 militum
321 5399 371 5450 εἰ
409 5399 564 5463 ἄξιον
600 5397 699 5469 τὴν
736 5399 879 5453 οὕτω
908 5399 1260 5471 διακειμένην
1292 5400 1404 5467 ἕξιν
1442 5399 1626 5452 καλεῖν
1664 5397 1898 5470 ἀρετήν’
1929 5395 2024 5448 καί⁵
2061 5394 2170 5465 γὰρ
2201 5392 2356 5461 κάγὼ
2389 5386 2490 5446 ὧδε
2522 5394 2683 5447 κάκεῖ
2704 5391 2802 5445 τοῦ
2831 5391 2924 5446 νοῦ
2956 5392 3226 5464 περιελίσ-

24 5487 106 5534 εων.
131 5485 350 5557 καθαράν
381 5493 444 5543 τέ
483 5509 605 5544 τινα
639 5493 734 5545 καὶ
777 5494 1252 5565 ἀκραιφνεστάτην
1293 5493 1480 5564 βίωσίν
1530 5495 1587 5548 ἐν
1625 5488 1897 5562 ἀνθρώπῳ
1940 5487 2014 5559 μὴ
2065 5486 2362 5558 δυνάμενος
2411 5488 2558 5548 ἰδεῖν,
2616 5483 2828 5558 ἀπορῶ,
2880 5485 2995 5549 πῶς
3029 5484 3229 5558 ἀρετὴν

22 5565 83 5636 τὴν
109 5573 361 5648 ἐπίμικτον
397 5584 540 5657 πρὸς
571 5587 768 5640 κακίαν
795 5587 1146 5659 ὀνομάσαιμι.

23 5676 278 5761 ίθᾹιύχρή
331 5697 451 5765 μὲν
505 5701 710 5767 χιόνος
759 5700 946 5768 φύσις
1265 5699 1533 5822 ἁρψῗέη

1010 5788 1071 5824 τε
1226 5812 1238 5833 ,
1267 5789 1390 5824 κ.τ.
1448 5811 1460 5823 .

1010 5788 1071 5824 τε
1103 5788 1238 5833 (τυ),
1267 5789 1322 5824 κ.
1341 5789 1390 5824 τ.
1412 5788 1460 5823 Α.

64 5846 180 5919 Οἶδα,
209 5865 367 5932 φησὶν
413 5869 443 5918 ὁ
499 5865 637 5930 θεῖος
677 5867 786 5920 τῶν
827 5867 1006 5939 ἑργῶν
1058 5867 1194 5921 Θεοὖ
1243 5866 1536 5939 ἐξηγητὴςν

64 5981 143 6059 (ἓξ)
179 5993 301 6050 Cod.
339 5999 537 6064 ἐοικώς
571 6010 622 6056 et
660 6001 829 6072 μεθῶ.

231 6113 510 6175 Ρηιιοι.
549 6118 638 6177 Gs
709 6117 1029 6178 XXXVIII.

1717 5695 1784 5752 16
1803 5693 2029 5765 Frigida
2059 5696 2270 5765 quidem
2296 5707 2374 5749 est
2403 5698 2535 5750 n'vis
2558 5707 2754 5750 natura
2775 5707 2824 5751 ει
2847 5693 3227 5758 candida,etc.

1726 5862 1838 5927 Sic,
1888 5863 1966 5916 ait
2015 5863 2177 5918 divus
2223 5879 2448 5934 operum
2498 5863 2590 5917 Dei
2633 5863 2927 5932 interpres,
2975 5859 3228 5930 frigidam

1717 6003 1832 6071 (26)
1871 6002 2060 6060 Billius
2092 6005 2333 6076 ἀργυρέη
2375 6022 2453 6057 τε.
2487 6001 2587 6059 Sed
2618 6003 2871 6074 ἀργυφέη
2903 6000 3226 6056 vocabulum

2837 6112 2910 6175 23
