3866 6522
85 452 169 510 m
1038 432 1104 490 lN
1129 435 1434 492 CARMINA
1466 434 1749 491 ARCANA
1791 435 1850 492 s.
1889 424 2234 494 GREGORII.

3165 433 3268 490 718

84 575 207 629 ϐαιον
244 562 329 619 καὶ
363 559 556 633 ἀραρὸς
600 555 694 612 καὶ
736 559 960 630 μόνιμον
1008 555 1068 612 τὺ
1119 561 1256 629 μετά
1299 559 1458 612 πόνου
1506 559 1594 613 καὶ

1699 561 2046 624 i‘irmumest,
2069 559 2261 614 stabile
2291 561 2445 613 decet
2477 563 2528 613 et
2557 567 2824 629 perstans,
2855 559 2997 629 quod
3038 573 3160 613 cum
3188 557 3268 610 la-

78 666 219 721 κόπου
254 649 576 725 προσκτηθὲν
608 648 683 720 τῷ
723 649 797 719 νῷ
846 651 939 702 καὶ
985 650 1274 719 φυλαχθὲν,
1303 649 1492 722 ὥσπερ
1535 648 1596 702 τὸ

79 749 339 824 προχείρως
369 740 563 810 ληφθὲν
591 741 1062 811 εὐκαταφρόνητον
1091 742 1232 796 ἆπαν
1263 744 1356 796 καὶ
1395 742 1594 796 εὖαπόο

74 847 239 914 ϐλητον
264 833 589 890 καθίσταται.

504 930 778 982 ιηολλάκι
806 929 856 980 δ’
891 925 1034 982 αὖτε

172 1000 419 1066 Ἐσθλοῦ,
455 1019 506 1054 κ.
537 1017 586 1054 τ.
625 998 683 1063 ἐξ

126 1097 358 1174 (28)Φασ“ι
372 1095 458 1149 τὸν
474 1095 682 1156 λέοντα,
701 1097 756 1147 ἐν
772 1095 889 1167 ὥρα
914 1095 1189 1163 βαδίζοντα
1207 1097 1484 1167 χειμῶνος,
1507 1099 1596 1149 καὶ

72 1195 153 1257 τὰς
186 1190 283 1244 τῶν
323 1187 593 1259 θηρευτῶν
644 1188 915 1251 ἐπιθέσεις
947 1189 1303 1258 διαφεύγοντα
1330 1233 1344 1254 ,
1374 1194 1451 1262 τῷ
1501 1193 1594 1244 οὐ..

72 1286 184 1358 ραεῳ
215 1283 277 1336 τὰ
318 1281 431 1350 ῖχνη
465 1278 572 1331 τῶν
604 1280 817 1334 οἰκείων
866 1281 1041 1334 ποδῶν
1095 1283 1480 1336 ὲπικαλύπτειν
1526 1287 1592 1354 τῇ

69 1378 181 1448 χιόνι
211 1391 223 1404 ο
251 1369 453 1426 τοιοῦτό
481 1388 533 1422 τι
565 1370 841 1424 κάνταῦθα
880 1371 969 1424 τὸν
1013 1371 1256 1426 διάϐολον
1288 1373 1419 1445 δρᾷν
1451 1375 1478 1426 ό
1513 1374 1593 1426 δι-

64 1465 292 1528 δάσκαλός
313 1479 496 1532 φησιν,
522 1463 603 1516 ὃτι
638 1463 896 1527 πολλάκις
930 1464 1132 1532 ἀγαθοῦ
1161 1467 1253 1519 καὶ
1280 1465 1449 1520 κακοῦ
1480 1466 1597 1520 διά-

65 1573 218 1628 κρισιν
267 1555 320 1606 ἐν
371 1551 578 1624 διανοίᾳ
631 1551 820 1624 ἀνδρὸς
871 1553 1126 1617 εὐσεϐοῦς
1171 1557 1540 1625 ὑποφανεῖσαν
1570 1559 1598 1611 ὁ

73 1644 267 1716 Ἐχθρὸς
296 1642 649 1714 πανουργίαις
680 1643 800 1713 ἴχνη
833 1643 1037 1713 βάλλων
1063 1647 1148 1697 ἐπ’
1189 1647 1392 1714 ἴχνεσιν
1419 1647 1597 1717 ἠμαύ-

66 1752 200 1807 ρωσε,
245 1733 333 1786 καὶ
376 1731 655 1802 λογισμοῖς
709 1726 983 1805 σαρκίνοις
1016 1735 1139 1798 τοὺς
1192 1741 1596 1808 πνευματικοὺς

61 1825 328 1896 κακουργίᾳ
357 1824 939 1896 παρακαλυπτόμενος,
980 1827 1070 1880 τὸν
1102 1826 1195 1880 τοῦ
1232 1829 1436 1897 ἀγαθοῦ
1463 1829 1594 1882 θεω-

61 1917 137 1987 ρὸν
167 1915 442 1986 ἀποπλανᾷ
477 1931 490 1944 ⁶
511 1915 604 1968 καὶ
634 1917 666 1985 ἡ
699 1915 796 1986 μὲν
824 1915 957 1987 σὰρξ
990 1918 1111 1987 ἐμοὶ
1143 1917 1284 1972 κατὰ
1303 1919 1401 1990 τὴν
1427 1921 1597 1992 αὑτῆς

59 2007 193 2078 φύσιν
216 2007 277 2058 τὰ
296 2007 391 2076 τῆς
413 2005 620 2076 σαρκὸς
643 2005 916 2076 ἐπιθυμεῖ,
941 2008 973 2077 ἡ
1001 2008 1186 2078 ἐντολὴ
1211 2009 1267 2061 δὲ
1297 2027 1593 2080 πνευματι-

56 2100 114 2170 κὴ
149 2095 265 2153 οῦσα
289 2097 355 2151 τὰ
396 2097 493 2150 τοῦ
531 2096 834 2168 πνεύματος
874 2100 1234 2168 ὑπαγορεύει,
1259 2103 1350 2154 καὶ
1392 2103 1450 2153 τὸ
1499 2104 1592 2156 τοῦ

55 2189 166 2242 Θεοῦ
194 2189 390 2258 θέλημα
443 2186 875 2258 παρακελεύεται
917 2203 929 2217 ⁸
956 2188 1082 2241 ἄλλο
1109 2188 1152 2240 δ’
1187 2191 1214 2240 ό
1243 2190 1434 2258 φθόνος
1465 2193 1597 2244 ὑπο-

54 2282 229 2334 τίθεται
249 2281 338 2336 τοῦ
366 2280 633 2351 Πονηροῦ,
652 2281 777 2334 ἄλλο
803 2280 846 2333 δ’
865 2279 936 2331 ἔτ⁹
971 2280 1106 2350 πρὸς
1135 2284 1246 2345 τοῖς
1285 2283 1596 2352 εἰρημένοις

51 2372 173 2443 τρισὶ
203 2372 378 2442 νόμοις
413 2373 441 2424 ὁ
472 2371 604 2424 αἰὼν
636 2373 727 2424 καὶ
749 2374 782 2441 ἡ
814 2370 1080 2441 πρόληψις
1109 2371 1202 2424 τοῦ
1250 2373 1594 2444 ἀνθρωπίνου

52 2464 309 2517 ὑποϐάλλει
346 2459 634 2534 λογισμοῦ.
677 2481 694 2514 ι
737 2463 914 2534 Ἔρδω
954 2462 999 2514 δ’
1045 2463 1072 2516 ὃ
1115 2464 1357 2532 στυγέωο
1405 2485 1423 2518 ι
1454 2465 1597 2520 καθά

53 2574 190 2625 φησιν
216 2557 242 2608 ό
276 2555 626 2618 Ἀπόστολος·
649 2557 731 2607 Οὐ
758 2555 865 2623 γὰρ
885 2555 917 2608 ὃ
936 2557 1088 2609 θέλω
1119 2557 1294 2610 τοῦτο
1321 2557 1594 2625 πράσσω,

51 2649 162 2702 ἀλλ’
194 2647 222 2701 ὃ
247 2647 404 2717 μισῶ
443 2646 622 2700 τοῦτο
661 2646 958 2713 πολλάκις
990 2647 1089 2701 καὶ
1115 2649 1262 2702 ποιῶ
1292 2666 1306 2679 ⁸
1330 2651 1421 2704 καὶ
1453 2650 1481 2703 ὃ
1521 2651 1596 2714 ὡς

50 2740 273 2810 ἀθέμιτον
319 2739 350 2811 ἢ
400 2738 589 2792 ἄδικον
643 2739 937 2806 ἀποστυγῶ
965 2778 980 2803 ,
1020 2743 1086 2812 τῇ
1141 2741 1416 2814 φιληδονίᾳ
1453 2741 1595 2812 ἢτῷ

51 2831 202 2901 ςθόνῳ
231 2830 320 2884 τοῦ
351 2829 601 2901 Πονηροῦ
630 2831 1036 2902 κατεργάζομαι
1071 2832 1434 2902 κλεπτόμενος
1452 2875 1465 2898 ,
1503 2835 1598 2888 καὶ

49 2923 336 2993 ὲνηδύνομαι
364 2925 482 2986 τοῖς
509 2925 698 2985 κακοῖς
727 2924 819 2975 καὶ
840 2923 982 2990 γελῶ
1010 2923 1100 2976 τὸν
1127 2923 1257 2994 ἐμὸν
1288 2925 1452 2995 μόρον
1483 2929 1598 2988 τοῖς

48 3016 209 3084 μέλεσι
247 3018 353 3076 τοῖς
394 3016 554 3084 ἐμοῖς
588 3015 931 3085 ἐνιδρυμένον
951 3054 965 3080 ,
998 3015 1141 3084 γελῶ
1172 3016 1381 3083 γέλωτα
1422 3017 1596 3088 κακῆς

48 3107 448 3178 πεπληρωμένον
497 3107 668 3176 χαρᾶς
699 3107 792 3158 καλ
831 3101 942 3159 οἷον
974 3109 1007 3178 ἡ
1042 3108 1309 3179 παροιμία
1330 3105 1475 3176 λέγει
1504 3109 1596 3162 τὸν

48 3202 298 3272 σαρδάνιον
332 3217 346 3230 ·
383 3201 505 3254 ἔστι
536 3199 642 3271 γὰρ
689 3199 782 3251 καὶ
816 3198 1042 3262 θάνατος
1073 3200 1203 3270 ἡδὺς
1251 3201 1284 3272 ἡ
1330 3201 1594 3272 ἁμαρτία.

45 3298 96 3348 ΟΞ
113 3296 225 3364 γοῦν
250 3298 347 3368 τῆς
377 3295 578 3365 στενῆς
607 3292 724 3347 ὁδοῦ
749 3293 840 3346 καὶ
865 3293 999 3364 πρὸς
1035 3293 1206 3363 βραχὺ
1231 3293 1595 3366 τεθλιμμένης

45 3387 350 3449 ἐκκλίνοντες
391 3386 453 3439 τὸ
500 3385 678 3456 ἀηδὲς,
722 3384 820 3454 τὴν
859 3385 1118 3437 πλατεῖαν
1153 3383 1209 3436 δὲ
1237 3385 1328 3437 καὶ
1358 3384 1597 3456 εὐρύχω-

47 3495 122 3547 ρον
167 3478 510 3548 ἀνθελόμενοι
559 3475 656 3545 τῆς
686 3473 896 3545 ἡδονῆς,
927 3476 1025 3544 τῆς
1071 3473 1237 3537 ὅντως
1273 3474 1370 3544 μὲν
1421 3474 1595 3545 ξωῆς’

43 3568 396 3639 ὡλισθηκότες,
436 3567 578 3639 πρὸς
607 3567 703 3637 τὴν
733 3565 1005 3618 ἀπώλειαν
1035 3565 1093 3617 δὲ
1128 3565 1333 3619 ἑαυτῶν
1366 3567 1596 3636 αὐτομο-

45 3660 252 3723 λοῦντες,
297 3661 646 3730 κακόχαρτον
668 3658 877 3726 γέλωτα
905 3657 1124 3726 γελῶσι,
1157 3658 1249 3710 καὶ
1285 3657 1362 3728 τῷ
1388 3659 1596 3712 ἑαυτῶν

43 3749 226 3822 θανάτῳ
270 3752 666 3824 ἐφηδυνόμενοι
698 3749 1130 3819 ἀναισθητοῦσιν.
1170 3767 1188 3800 ι
1221 3747 1334 3801 Νῦν
1383 3749 1596 3820 χθαμα-

43 3841 161 3907 λὺς,ι
180 3862 228 3898 κ.
259 3863 308 3898 τ.
341 3845 421 3910 ἐξ.
453 3843 558 3896 Διά
590 3842 794 3896 τούτων
814 3842 870 3895 δὲ
895 3842 1222 3913 σαφέστερον
1245 3841 1352 3895 τῶν
1371 3843 1598 3912 ὑποκρι-

41 3933 131 3986 τῶν
151 3934 208 3987 τὸ
235 3934 501 3988 ἀϐέϐαιον
527 3933 896 4004 ἐπιμέμφεται
934 3933 1026 3986 καὶ
1061 3930 1598 3997 ἀκατάστατον,Νῦν,

41 4018 208 4090 λέγων,
230 4023 518 4093 χθαμαλός
563 4036 646 4085 τις
687 4021 1050 4093 ὑποκρίνομαι
1079 4023 1173 4076 καὶ
1210 4023 1481 4088 ταπεινὸς,
1507 4021 1602 4076 νῦν

1694 648 1824 704 bore
1856 658 1908 703 et
1931 649 2244 720 fatigatione
2269 643 2508 718 possedit
2537 649 2764 718 spiritus
2799 657 2852 703 et
2879 647 3094 708 tutavit,
3136 646 3263 700 dum

1693 751 1855 792 omne
1905 739 2050 807 quod
2121 733 2353 792 faciliter
2404 737 2796 806 consequimur
2857 733 3266 804 contemptibile

1693 830 1993 884 arstimatur
2035 838 2088 884 et
2110 827 2532 900 dedignandum.
2581 845 2599 877 ι
2631 825 2786 896 Saepe
2820 827 3016 880 iterum
3051 827 3200 888 boni,
3239 843 3258 876 ι

1695 929 1749 975 et
1773 937 1887 992 seq.
1911 920 2147 975 Narrant
2176 922 2384 976 leonem
2418 921 2596 976 hieme
2636 920 3001 972 ambulantem
3027 927 3079 972 et
3107 933 3265 971 vena-

1696 1021 1873 1066 torum
1898 1013 2272 1083 aggressiones
2319 1011 2614 1082 fugientem
2650 1011 2824 1064 cauda
2859 1009 3056 1078 pedum
3094 1011 3263 1064 vesti-

1697 1105 1781 1174 gia
1812 1120 2034 1158 suorum
2065 1106 2184 1159 nive
2219 1105 2602 1174 supervestire,
2647 1102 2826 1156 simile
2855 1101 3056 1170 aliquid
3097 1110 3150 1156 et
3190 1102 3265 1154 ibi

1697 1211 1857 1264 agere
1885 1195 2157 1248 diabolum
2184 1195 2316 1248 dicit
2349 1195 2646 1264 magister;
2706 1209 2848 1262 saepe
2879 1193 3004 1247 boni
3045 1201 3100 1248 et
3137 1195 3264 1246 mali

1696 1286 2170 1340 distiuctionemin
2197 1286 2268 1356 pii
2301 1285 2398 1339 viri
2432 1295 2610 1338 mente
2643 1285 2846 1337 claram
2886 1283 3145 1338 Inimicus
3169 1283 3269 1336 fal-

1698 1375 1850 1430 laciis
1875 1376 2098 1446 vestigia
2132 1376 2375 1446 'vestigiis
2400 1376 2654 1445 operiens
2676 1374 2984 1430 obscuravit
3017 1381 3070 1427 et
3101 1374 3260 1426 ratio-

1696 1467 1856 1522 ciniis
1878 1467 2189 1522 carnalibus
2209 1467 2511 1538 spiritualia
2531 1466 2800 1520 malitiose
2821 1467 3160 1535 conperiens,
3177 1479 3269 1519 eo-

1697 1559 1990 1627 gnitionem
2020 1558 2145 1613 boni
2171 1558 2497 1626 conturbat;
2537 1558 2821 1628 etquidem
2847 1572 2973 1612 caro
2997 1559 3050 1611 in
3076 1573 3162 1612 me
3189 1572 3271 1612 se-

1697 1649 1936 1702 cundum
1973 1649 2145 1720 ipsius
2179 1657 2429 1704 naturam
2461 1665 2582 1720 qua:
2626 1657 2755 1705 sunt
2783 1649 2966 1704 carnis
3002 1651 3268 1720 concupi-

1699 1741 1832 1804 scit;
1865 1749 2189 1810 praeceptum
2221 1748 2400 1795 autem
2430 1741 2628 1810 quippe
2657 1741 2801 1810 quod
2833 1741 3116 1810 spirituale
3147 1755 3269 1811 qua;

1697 1832 2000 1900 Spiritualia
2023 1833 2341 1902 suntjubet,
2364 1844 2417 1887 et
2445 1833 2510 1887 ad
2531 1833 2862 1888 voluntatem
2886 1833 2979 1889 Dei
3008 1835 3267 1905 impellit;

1697 1922 1841 1975 aliud
1863 1922 2063 1976 invidia
2098 1923 2288 1978 suadet
2323 1924 2449 1976 mali
2500 1932 2553 1978 et
2591 1925 2732 1977 ultra
2761 1933 2873 1980 tres
2905 1925 3079 1980 dict:s
3124 1926 3270 1998 leges

1695 2015 1996 2079 aeternitas,
2040 2023 2094 2069 et
2125 2013 2500 2085 prae-judicium
2553 2015 2776 2070 humani
2837 2018 3106 2072 ratiocinii
3138 2035 3268 2088 sup-

1697 2105 1870 2174 ponit.
1919 2123 1936 2155 ι
1967 2105 2122 2172 Quod
2156 2106 2270 2171 odi,
2313 2106 2480 2171 facio,
2508 2125 2526 2156 ι
2565 2114 2727 2176 prout
2775 2109 2906 2162 dicit
2933 2108 3264 2179 Apostolus;

1714 2197 1860 2253 «Non
1874 2199 2016 2255 enim
2031 2203 2176 2272 quod
2190 2204 2330 2264 νοιο,
2350 2197 2480 2251 illud
2516 2197 2672 2262 facio,
2705 2199 2797 2254 sed
2822 2201 2967 2269 quod
2998 2201 3108 2268 odi,
3135 2201 3269 2256 illud

1697 2302 1842 2358 sarpe
1873 2287 2134 2352 facionet
2169 2288 2313 2360 quod
2334 2297 2592 2357 tanquam
2631 2289 2896 2360 injustum
2932 2300 2986 2346 ct
3021 2292 3268 2363 iniquum

1697 2375 1961 2439 detestor,
1993 2377 2271 2446 voluptate
2317 2385 2411 2432 aut
2453 2378 2656 2432 invidia
2694 2378 2819 2433 Mali
2845 2381 3106 2452 deceptus
3130 2383 3270 2438 facio

1697 2476 1750 2522 et
1788 2468 1841 2522 in
1876 2467 2031 2523 malis
2063 2467 2324 2533 delector,
2358 2477 2412 2521 et
2443 2468 2592 2522 rideo
2621 2469 2688 2524 de
2728 2479 2902 2525 morte
2944 2488 3058 2526 mea
3097 2489 3270 2528 mem-

1696 2561 1811 2616 bris
1846 2562 1983 2615 meis
2014 2560 2202 2621 insita,
2243 2559 2395 2613 rideo
2444 2561 2615 2614 risum
2664 2563 2916 2630 pessimae
2957 2564 3270 2619 redundan-

1699 2661 1804 2708 tem
1832 2653 2052 2718 laetitiae,
2091 2653 2306 2722 qualem
2338 2655 2688 2723 proverbium
2727 2655 2862 2709 dicit
2905 2656 3222 2711 sardonium
3252 2677 3266 2725 ;

1699 2757 1822 2798 nam
1854 2751 2138 2815 peccatum
2176 2759 2322 2798 mors
2357 2751 2440 2798 est
2470 2745 2716 2812 quaedam
2745 2746 3009 2815 jucunda.
3038 2747 3099 2800 Hi
3141 2765 3271 2819 ergo

1697 2835 1790 2906 qui
1827 2837 1895 2890 ab
1924 2843 2166 2906 angusta:
2216 2837 2315 2890 viae
2347 2845 2400 2890 et
2451 2839 2852 2907 aliquantisper
2903 2848 3068 2894 arctae
3124 2841 3270 2910 inju-

1697 2927 1876 2983 cundo
1905 2943 1964 2983 se
2000 2927 2307 2994 retrahunt,
2342 2930 2644 2999 spatiosam
2688 2933 2984 3000 voluptatis
3018 2942 3071 2988 et
3101 2934 3268 2988 latam

1698 3021 1840 3073 viam
1871 3029 2288 3089 anteponentes.
2345 3021 2524 3091 reipsa
2555 3037 2584 3074 a
2621 3023 2729 3075 vita
2763 3024 3022 3078 cadentes
3059 3023 3126 3079 de
3173 3042 3270 3080 sua

1705 3115 1946 3184 ipsorum
1976 3113 2217 3182 pernicie
2246 3112 2547 3183 transfugm
2590 3113 2825 3170 infelicis
2866 3117 3047 3187 gaudii
3097 3118 3270 3172 risum

1702 3201 1882 3256 rident
1912 3208 1965 3256 et
1997 3202 2047 3253 in
2075 3201 2292 3271 propria
2326 3212 2501 3256 morte
2546 3218 2645 3257 sua
2679 3204 2931 3258 laetantur
2973 3222 3135 3262 sensu
3180 3222 3273 3261 ca-

1702 3301 1906 3349 rentes.
1944 3311 1962 3344 ι
1996 3292 2132 3347 Tum
2169 3294 2318 3347 humi
2363 3294 2633 3363 abjectus,
2676 3315 2694 3347 ι
2723 3305 2775 3349 et
2801 3311 2915 3366 seq.
2942 3297 3039 3354 His
3091 3301 3274 3355 verbis

1705 3387 1964 3450 lucidius,
1996 3386 2152 3456 quasi
2186 3386 2557 3441 commdorum
2618 3387 2872 3444 instabile
2911 3399 2966 3444 ct
2993 3391 3275 3447 inordina-

1705 3486 1817 3532 tum
1845 3476 2053 3548 arguit;
2077 3475 2237 3538 Tum,
2269 3477 2364 3540 ait,
2407 3477 2557 3531 humi
2599 3478 2844 3547 abjectus
2875 3489 2928 3536 et
2953 3482 3102 3548 vilis,
3158 3491 3275 3538 tum

1702 3569 1901 3624 iterum
1933 3575 2152 3623 erectus
2185 3577 2238 3623 et
2279 3569 2483 3634 celsus,
2522 3571 2684 3626 hodie
2713 3574 3078 3643 arrogantiam
3104 3585 3156 3632 et
3187 3591 3277 3631 ar-

1702 3667 1959 3731 rogantes
1989 3670 2346 3715 contemnens
2369 3671 2422 3715 et
2451 3659 2780 3730 deprimens,
2808 3679 2931 3720 cras
2961 3665 3076 3734 ipse
3115 3681 3272 3722 arro-

1703 3766 1836 3821 gans
1852 3757 1903 3804 et
1939 3749 2337 3814 venditator,et
2367 3751 2508 3806 alius
2543 3752 2666 3807 aliis
2713 3753 2766 3807 in
2811 3757 3148 3824 temporibus
3178 3774 3275 3830 ap-

1705 3850 1924 3906 parens,
1958 3835 2281 3906 polyporum
2315 3845 2565 3890 naturam
2597 3836 2803 3900 imitor,
2840 3840 2935 3908 qui
2963 3839 3030 3893 ad
3061 3849 3272 3910 petram

1705 3928 1795 3982 cui
1835 3925 2114 3981 adhaerent
2152 3928 2390 3982 colorem
2432 3928 2914 3988 accommodantes
2954 3934 3277 4003 perquiren-

1711 4029 1816 4076 tem
1849 4018 2153 4088 decipiunt.

39 4111 86 4166 δὲ
127 4115 275 4171 πάλιν
310 4117 599 4189 μετέωρος
635 4117 727 4170 καὶ
754 4115 983 4187 ὑψηλὸς,
1020 4117 1258 4187 σήμερον
1290 4118 1389 4188 τὴν
1439 4115 1595 4188 ὓϐριν
1633 4115 1727 4169 καὶ
1763 4115 1888 4177 τοὺς
1910 4112 2168 4184 ὑϐριστὰς
2205 4113 2416 4184 ἀτιμῶν
2447 4113 2539 4166 καὶ
2571 4114 2860 4186 διασύρων,
2903 4116 3088 4189 αὔριον
3115 4121 3278 4184 αὐτὸς

40 4206 268 4279 ὑϐριστὴς
295 4209 654 4280 δεικνύμενος
687 4209 778 4264 καὶ
803 4206 1035 4272 ἀλαζὼν,
1066 4210 1161 4262 καὶ
1198 4208 1354 4272 ἄλλος
1383 4211 1439 4262 ὲν
1470 4209 1648 4272 ἄλλοις
1685 4206 1958 4279 ὁρώμενος
1994 4209 2205 4277 καιροῖς
2236 4205 2376 4260 κατά
2404 4207 2502 4278 τὴν
2531 4207 2640 4260 τῶν
2668 4209 2979 4264 πολυπόδων
3017 4212 3274 4284 ἰδιότητα,

39 4298 78 4348 οἰ
104 4301 223 4370 πρὸς
250 4303 348 4372 τὴν
381 4303 802 4374 παρακειμένην
835 4301 1018 4364 αὐτοῖς
1057 4301 1261 4374 πέτραν
1291 4301 1388 4373 τὴν
1420 4301 1607 4373 χροιὰν
1640 4299 2061 4372 μεταϐάλλοντες
2079 4299 2139 4351 τὸ
2165 4297 2394 4369 θηρεῦον
2421 4298 2819 4368 διαφεύγουσιν.

39 4425 96 4476 45
125 4426 347 4497 Διὲκρυα
396 4429 590 4498 θερμὰ
637 4429 823 4500 χέωνο
875 4430 912 4496 ἡ
971 4429 1031 4500 δ’,
1068 4431 1140 4482 οὐ
1186 4429 1562 4500 συνέρευσεν

979 4498 1284 4572 [ἀμαρτάς,
1312 4517 1363 4552 κ.
1392 4517 1441 4552 τ.
1471 4499 1520 4552 λ.

97 4627 203 4679 Ἐτι
240 4630 333 4682 καὶ
373 4629 470 4684 διὰ
516 4628 622 4682 τῶν
660 4628 1034 4699 προκειμένων
1091 4629 1295 4682 τούτων
1355 4627 1504 4681 ἐπῶν
1536 4628 1598 4681 τὸ

34 4719 339 4789 παλίμϐολον
368 4723 467 4776 καὶ
523 4721 804 4793 ἀνίδρυτον
832 4720 1095 4790 διελέγχει
1119 4720 1227 4772 τῶν
1261 4720 1595 4790 ὑποκριτῶν.

36 4811 128 4863 Καὶ
167 4815 270 4884 γάρ
314 4832 451 4868 ποτε
503 4814 603 4884 μὲν
649 4813 881 4882 δάκρυον
932 4811 1081 4882 ἐχεον
1123 4810 1183 4875 ἐξ
1215 4811 1527 4882 ὀφθαλμῶν,
1561 4811 1595 4882 ἡ

30 4902 256 4975 ἁμαρτὰς
267 4907 328 4960 δὲ
353 4905 517 4978 αὑτῷ
531 4907 591 4960 οὑ
616 4906 1054 4977 συνεξέῤῥευσεν,
1074 4905 1260 4967 ἄλλαις
1288 4904 1346 4957 δὲ
1380 4903 1599 4973 ἀμπλα-

32 4997 158 5062 κίαις
180 5001 418 5070 συνεχῶς
449 4997 872 5071 ὲνεργουμέναις
893 4997 1024 5052 ἄλλα
1057 4997 1270 5068 δάκρυα
1289 4995 1434 5049 ἔνδον
1471 5013 1596 5048 συνο

30 5090 213 5160 αγείρω
250 5108 264 5122 ·
290 5093 393 5162 τῆς
433 5091 547 5161 γὰρ
577 5089 841 5159 συνήθους
895 5087 1218 5159 προλήψεως
1256 5087 1364 5140 τῶν
1413 5087 1597 5140 κακῶν

28 5180 113 5231 οὐκ
139 5183 533 5253 ἀφιστάμενος,
561 5182 680 5252 είκῆ
709 5181 776 5234 τά
821 5181 1088 5250 φάρμακα
1124 5179 1222 5246 τῆς
1254 5178 1447 5240 ίάσεως
1475 5177 1598 5230 ἐ.κέ-

28 5288 154 5326 νωσα
184 5290 198 5305 °
225 5277 390 5330 πάλιν
411 5293 424 5305 ·
461 5277 544 5345 Τῇ
579 5273 742 5345 σαρκὶ
787 5273 884 5343 μὲν
916 5270 1270 5342 παρθενεύειν
1309 5288 1399 5340 μοι
1434 5269 1594 5332 δοκῶ,

27 5367 277 5425 γυναικῶν
313 5367 606 5428 συνουσίας
646 5365 1000 5434 ἀπεχόμενος,
1023 5363 1082 5414 οὑ
1118 5361 1264 5432 μάλα
1301 5361 1377 5427 δὲ,
1409 5361 1594 5432 φησιν,

27 5450 144 5519 οἶδα,
178 5460 224 5512 εἰ
252 5461 349 5513 καὶ
376 5461 524 5530 αὐτῇ
555 5461 622 5529 τῇ
657 5456 863 5527 διανοίᾳ
882 5474 896 5487 ο
932 5455 1092 5508 πάλιν
1113 5471 1125 5484 ·
1157 5452 1326 5516 Αἰδὼς
1360 5452 1595 5523 ὑποδρα-

28 5550 184 5615 μοῦσα
212 5553 463 5615 εὐλαϐῶς
493 5551 638 5607 ἐστιν
665 5552 752 5604 ὅτε
800 5548 956 5620 μύειν
986 5548 1238 5602 ἀνέπεισε
1262 5545 1357 5616 τὴν
1382 5546 1592 5615 ὅρασιν,

27 5641 131 5706 νοῦς
160 5644 212 5698 δὲ
254 5646 546 5700 ἀνανεύων
585 5643 723 5714 μετά
765 5641 956 5713 μικρὸν
997 5639 1283 5694 ἁνένευσεν
1323 5637 1552 5699 ἀναιδῶς
1576 5653 1589 5666 ·

27 5736 106 5788 καί
137 5738 267 5806 πρὸς
296 5739 400 5806 τὴν
426 5736 541 5789 τῶν
577 5735 868 5806 ἀλλοτρίων
905 5733 1001 5805 μὲν
1031 5729 1357 5802 ἁμαρτάδων
1389 5729 1592 5799 ἀκρόα-

83 5874 185 5941 (ea:
225 5877 265 5930 A
292 5893 408 5948 quo
442 5875 711 5947 scriptore
745 5874 857 5932 haec
883 5871 1080 5929 tradita
1112 5871 1222 5927 sint
1259 5869 1460 5925 nescio.

1701 4428 1770 4483 45
1798 4426 2000 4482 Calida:
2048 4427 2222 4496 ﬂuunt
2268 4442 2334 4480 ea:
2381 4428 2548 4482 oculis
2597 4429 2879 4498 lacrymw,
2921 4446 3035 4570 lnam
3097 4448 3282 4499 pecca-

2947 4511 3075 4566 tum,
3101 4512 3205 4557 etc.

2947 4511 3075 4566 tum,
3101 4512 3205 4557 etc.

1770 4623 1850 4676 Ad
1889 4623 1992 4678 hoc
2032 4630 2085 4678 et
2127 4638 2224 4693 per
2259 4639 2422 4694 supra
2453 4623 2631 4694 posita
2669 4625 2916 4679 carmina
2956 4627 3059 4681 ista
3105 4629 3278 4683 insta-

1699 4714 1809 4769 bile
1838 4723 1892 4770 et
1931 4715 2259 4769 inconstans
2286 4715 2469 4785 arguit
2515 4715 2794 4769 hominum
2826 4718 3090 4772 comaedis
3123 4721 3281 4773 simi-

1700 4805 1834 4859 lium
1867 4819 1880 4854 :
1916 4820 2042 4859 nam
2083 4805 2380 4876 aliquando
2408 4806 2676 4877 lacrymas
2717 4805 3007 4863 fundebant
3054 4825 3115 4863 ex
3149 4825 3281 4863 ocu-

1702 4899 1794 4965 lis,
1847 4913 1950 4953 nec
1999 4913 2107 4953 una
2159 4913 2284 4953 cum
2334 4898 2453 4953 istis
2502 4909 2784 4968 peccatum
2835 4899 3206 4966 auferebatur,
3248 4920 3279 4957 e

1699 4998 1891 5043 contra
1919 4989 2043 5044 aliis
2069 4989 2335 5042 continuo
2363 4989 2678 5044 commissis
2721 4990 2896 5059 culpis
2927 4991 3155 5046 aliarum
3201 4994 3280 5046 la-

1698 5093 2011 5150 crymarum
2057 5078 2204 5132 intus
2231 5093 2424 5133 causas
2455 5094 2761 5134 coaeervo:
2807 5081 2898 5150 qui
2933 5082 3094 5136 solita
3141 5098 3280 5153 prte-

1698 5172 2009 5241 suuiptione
2053 5172 2320 5225 malorum
2369 5185 2476 5224 non
2536 5171 2985 5243 abstinens.qu:e
3035 5176 3276 5230 remedia

1685 5263 1967 5338 .sanationi
2005 5277 2130 5317 esse
2160 5262 2452 5325 debebant,
2484 5263 2692 5318 nullius
2740 5279 2864 5320 esse
2895 5263 2997 5320 feci
3024 5266 3272 5322 effectus.

1696 5353 2131 5412 lterumztiarne
2172 5351 2406 5420 virginis
2457 5352 2630 5406 instar
2656 5353 2842 5408 vivere
2884 5353 3018 5407 mihi
3062 5356 3270 5418 videor,

1695 5447 1982 5500 continens
2036 5445 2292 5500 mulieres
2341 5461 2450 5499 non
2495 5459 2790 5515 cognosco,
2837 5447 2929 5516 qui
2977 5462 3087 5500 non
3141 5447 3262 5502 ideo

1696 5537 1869 5608 magis
1893 5537 2038 5604 novi,
2073 5535 2272 5605 inquit,
2306 5536 2350 5591 si
2383 5545 2436 5591 et
2463 5538 2580 5606 ipso
2607 5538 2770 5592 corde
2796 5538 2877 5592 sic
2907 5539 3126 5608 gloriari
3165 5557 3272 5594 me-

1692 5631 1800 5685 rito
1825 5630 2054 5700 possim.
2087 5628 2284 5684 lterum
2314 5647 2328 5684 :
2358 5628 2620 5684 Modestia
2654 5630 2738 5699 pie
2767 5646 3059 5687 accurrcns
3083 5632 3261 5686 locum

1695 5725 1857 5781 habet
1897 5722 2201 5794 suadetque
2247 5724 2440 5780 oculos
2476 5723 2713 5795 dejicere
2751 5734 2803 5779 ct
2860 5733 2980 5794 post
3021 5725 3277 5795 pusiilum
