3866 6526
613 492 713 548 H9

609 610 828 664 animus
852 620 1019 678 supra
1043 602 1275 676 erigitur
1303 609 1358 658 et
1390 600 1740 672 impudenter
1770 598 1827 654 in
1855 597 2025 652 altum
2051 596 2192 667 aspi-

607 702 709 757 cit.
762 701 829 756 Et
874 699 1110 753 aliorum
1157 694 1454 750 auditurus
1502 692 1694 762 culpas
1732 689 1923 746 solerti
1966 687 2194 753 auditu,

611 791 902 848 emissitiis
952 788 1132 844 oculis
1174 800 1300 842 cum
1327 785 1454 847 sim,
1479 783 1547 837 ad
1588 797 1835 838 mearum
1880 778 2200 836 considera-

612 886 816 938 tionem
846 880 1135 936 immemor
1162 894 1285 935 sum
1313 886 1367 931 et
1397 877 1745 932 tenebrosus.
1785 873 1852 927 Et
1892 872 2076 927 adhuc
2108 871 2201 926 ite-

614 990 739 1029 rum
782 992 796 1029 :
836 973 1090 1029 Caelestis
1133 972 1188 1025 in
1238 970 1587 1026 sermonibus
1624 977 1679 1024 et
1735 965 2035 1038 grandibus
2079 980 2201 1019 vcr-

614 1069 725 1133 bis,
757 1078 938 1123 mente
966 1075 1018 1121 ct
1044 1065 1474 1137 cogitationibus
1512 1071 1670 1133 rcpto
1697 1071 1971 1115 terrenus.
2011 1077 2029 1110 ι
2066 1056 2199 1112 Sum

617 1160 842 1217 sedatus
861 1168 915 1214 et
933 1172 1193 1222 serenus;
1222 1175 1241 1209 ι
1270 1170 1502 1211 serenus
1523 1170 1625 1224 ego
1647 1153 1868 1223 quando
1885 1148 2202 1206 moderatus

618 1260 674 1308 et
695 1252 882 1309 suavis
917 1249 1235 1304 hominibus
1264 1261 1524 1317 appareo,
1557 1244 1723 1297 llante
1753 1250 1934 1297 autem
1974 1239 2063 1294 vel
2106 1253 2205 1308 pa-

620 1358 745 1398 rum
775 1355 943 1413 parva
982 1339 1049 1396 de
1087 1353 1259 1395 causa
1307 1339 1413 1403 ira,
1445 1337 1590 1394 sicut
1638 1350 1789 1390 mare
1831 1331 2091 1388 ﬂuctibus
2121 1332 2206 1385 in-

622 1434 869 1496 ﬂatus,et
904 1431 1229 1502 allligentem
1260 1437 1476 1485 tumore
1512 1436 1608 1483 aut
1636 1427 1801 1482 etiam
1836 1423 2093 1480 manibus
2123 1421 2207 1476 ala

625 1537 783 1583 terna
810 1525 933 1581 vice
970 1524 1210 1597 aﬂligere
1246 1531 1399 1594 opto,
1437 1537 1538 1575 nec
1566 1520 1721 1591 prius
1752 1517 1986 1573 sedabor
2027 1531 2056 1570 a
2092 1530 2210 1570 mo-

626 1621 777 1675 tibus
808 1618 942 1689 quin
982 1617 1066 1672 ira
1097 1615 1287 1672 sedata
1318 1614 1390 1670 sit
1428 1622 1483 1669 et
1523 1611 1845 1675 cessaverit,
1878 1608 2100 1680 quando
2131 1616 2211 1662 tu-

624 1726 778 1766 more
807 1724 927 1779 quae
958 1706 1226 1764 aestuabat
1259 1711 1664 1769 consummato,
1700 1702 1836 1755 nihil
1870 1700 2071 1754 mirum
2097 1699 2204 1754 erit

624 1804 672 1858 si
700 1802 1080 1872 exstinguatur
1108 1797 1486 1853 inﬂammatio.

624 1895 694 1950 56
727 1893 877 1964 δαιρε
903 1894 1065 1964 etiam
1091 1900 1228 1945 recte
1242 1896 1542 1964 currentem
1566 1902 1685 1939 cum
1708 1900 1797 1952 spe
1830 1883 2030 1964 optima

623 1966 691 2021 57
724 1964 792 2019 Et
816 1955 932 2033 'jam
960 1963 1107 2016 ultra
1138 1959 1367 2014 mediam
1403 1958 1776 2029 vulgaremque
1804 1955 2051 2094 virltutem
2083 1967 2208 2021 per-

1855 2093 1859 2094 ,
1901 2032 2205 2093 tangentem,

623 2106 693 2162 58
712 2104 902 2161 Subito
931 2101 1255 2175 praecipitem
1273 2099 1341 2154 ad
1366 2099 1473 2152 ima
1494 2095 1683 2167 dejecit
1700 2093 1917 2166 pestifer
1937 2094 2206 2148 inimicus.

698 2263 874 2333 Saepe,
928 2260 1108 2331 inquit
1154 2258 1375 2314 divinus
1406 2256 1701 2326 interpres,
1759 2267 1884 2309 cum
1934 2250 2079 2306 bona
2114 2264 2212 2319 spe

625 2366 778 2413 recta
802 2359 1116 2408 currentem
1143 2356 1198 2404 et
1223 2348 1290 2402 ad
1328 2347 1496 2401 Deum
1528 2345 1670 2401 bene
1698 2343 2048 2398 accedentem
2072 2346 2127 2395 et
2156 2338 2209 2392 in

625 2445 807 2501 media
862 2443 1068 2497 virtute
1115 2438 1455 2499 tendentem,
1497 2435 1609 2504 jam
1660 2432 1975 2503 proximum
2028 2428 2210 2499 perfe-

624 2535 799 2592 ctioni
860 2533 1041 2589 virum
1080 2529 1266 2586 subito
1305 2525 1685 2582 subintroiens
1725 2520 1934 2576 malitia
1964 2529 2212 2575 retroce-

625 2630 955 2697 dentcmque
980 2630 1235 2680 evertens
1265 2618 1333 2673 ad
1376 2616 1595 2674 infimos
1633 2614 1851 2670 virtutis
1890 2613 2092 2684 gradus
2123 2626 2211 2665 re-

624 2718 757 2791 iecit
795 2725 848 2771 et
892 2715 959 2769 ad
992 2713 1334 2768 noviciorum
1391 2715 1629 2773 statum;
1684 2718 1924 2774 namque
1969 2702 2112 2757 sicut
2157 2699 2210 2754 hi

631 2811 724 2883 qui
759 2814 951 2863 contra
985 2818 1167 2860 arenae
1209 2801 1381 2857 maris
1414 2812 1642 2854 acervos
1686 2796 2012 2858 ascendunt,
2049 2792 2214 2849 simul

633 2920 698 2960 ac
739 2902 1034 2958 mobilibus
1083 2898 1268 2953 arenis
1314 2902 1370 2951 et
1421 2902 1569 2949 retro
1624 2888 1966 2962 fugientibus
2021 2886 2212 2958 pedem

630 2997 947 3060 admovent,
980 2992 1212 3062 vestigio
1252 2990 1467 3043 incerto
1509 2983 1769 3049 titubant,
1811 2988 1977 3051 atque
2027 2979 2073 3035 si
2113 2993 2207 3033 re-

626 3099 783 3162 ptare
798 3096 853 3143 et
872 3099 1133 3157 superare
1147 3081 1330 3138 conati
1354 3080 1485 3144 sint,
1501 3077 1637 3133 nihil
1657 3074 1918 3146 amplius,
1942 3072 2049 3128 nisi
2064 3070 2214 3143 quod

625 3185 683 3240 in
705 3196 905 3236 vanum
938 3179 1155 3234 labores
1173 3185 1228 3231 et
1249 3174 1600 3244 fatigationes
1632 3175 1995 3235 consumunt,
2027 3163 2215 3236 profe-

630 3283 826 3331 cerunt
857 3290 875 3329 :
906 3272 1015 3334 ita,
1047 3267 1249 3339 inquit,
1282 3274 1336 3322 et
1375 3279 1479 3321 nos
1522 3262 1593 3318 ad
1629 3260 1839 3317 letbum
1878 3270 2218 3330 persequens

628 3364 911 3425 Inimicus,
933 3360 1024 3415 ubi
1059 3359 1296 3429 primum
1331 3361 1523 3411 contra
1554 3352 1808 3409 sabulum
1833 3349 2218 3405 inconstantia:

628 3451 1028 3524 cogitationum
1065 3448 1302 3502 infertur
1330 3459 1486 3499 mens
1518 3450 1710 3498 nostra
1741 3448 1796 3496 et
1817 3440 1883 3495 ad
1907 3439 2038 3495 boni
2065 3452 2220 3494 asse-

635 3544 911 3599 cutionem
962 3538 1286 3595 desiderans
1325 3536 1544 3591 advolat
1574 3543 1630 3590 et
1667 3533 1956 3603 accingere
1998 3546 2060 3588 se
2100 3538 2221 3586 ten-

633 3644 716 3692 tat
742 3636 799 3689 iu
830 3632 1054 3689 virtutis
1078 3630 1186 3697 via,
1221 3629 1427 3683 nullam
1460 3641 1582 3681 esse
1618 3622 2083 3694 progressionem,
2117 3635 2217 3675 va-

634 3744 765 3784 num
804 3742 928 3784 esse
975 3723 1227 3780 ardorem
1275 3719 1542 3778 ostendit.
1592 3718 1750 3773 Unde
1792 3715 2020 3786 inquit:
2078 3712 2220 3768 Hinc

633 3819 895 3884 ascendo,
932 3817 1153 3889 pietatis
1191 3813 1420 3887 gradum
1467 3826 1639 3865 unum
1690 3808 1923 3865 feliciter
1951 3821 2221 3863 consecu-

634 3923 749 3969 tum
777 3911 951 3968 fuisse
986 3909 1291 3970 conlidens,
1327 3904 1455 3961 inde
1484 3918 1613 3960 vero
1638 3903 1838 3958 iterum
1865 3899 2220 3957 retrocedens

632 4004 811 4076 magis
838 4018 1005 4074 quam
1043 4000 1221 4071 pridie
1252 4014 1282 4053 a
1311 3996 1650 4069 perfectione
1688 3993 1896 4061 cecidi;
1931 4004 2103 4063 quare
2135 4007 2221 4046 re-

631 4096 845 4167 liquum
881 4102 967 4149 est
995 4100 1055 4148 ut
1077 4104 1289 4162 gemam
1324 4087 1711 4158 desperatione
1743 4093 1799 4139 et
1843 4084 2106 4139 maestitia
2139 4090 2222 4136 ta-

634 4199 759 4247 ctus
790 4198 845 4243 et
879 4186 1132 4249 afﬂictus,
1166 4196 1363 4252 meque
1391 4179 1664 4234 miserans
1693 4175 1966 4231 infelicem
1997 4184 2051 4230 et
2076 4175 2223 4229 cala-

636 4282 815 4337 mitati
839 4277 1292 4336 succumbentem
1328 4274 1530 4337 dicam,
1549 4271 1644 4342 qui
1668 4283 1884 4339 semper
1911 4268 1970 4323 in
1998 4266 2222 4324 virtutis

636 4377 743 4432 viis
769 4386 994 4429 currere
1013 4368 1252 4436 conﬁdo,
1289 4380 1392 4423 nec
1429 4377 1671 4434 unquam
1713 4361 1782 4417 ad
1809 4362 1984 4434 ipsius
2015 4368 2216 4417 metam

638 4465 919 4538 pervenio,
970 4475 1186 4530 semper
1247 4468 1394 4514 metu
1448 4457 1856 4526 circumseptus
1898 4467 2100 4526 magno
2151 4467 2222 4507 ne

637 4560 844 4615 bonum
881 4570 988 4610 non
1017 4554 1317 4623 attingam;
1360 4566 1455 4623 per
1484 4558 1714 4606 conatus
1739 4557 1794 4605 et
1826 4550 2019 4621 longos
2065 4548 2223 4602 labo—

636 4668 726 4709 res
756 4651 847 4707 vix
895 4648 1137 4718 quidem,
1181 4646 1275 4701 sed
1308 4643 1523 4699 tandem
1554 4643 1890 4699 destinatum
1924 4650 2219 4697 assecutu-

634 4760 760 4802 rum
790 4758 876 4797 me
914 4738 1122 4811 putavi,
1166 4737 1257 4808 qui
1298 4735 1553 4791 facillime
1591 4750 1835 4806 praeceps
1869 4733 1924 4788 in
1959 4734 2222 4787 malitiam

637 4835 837 4891 cecidi.
871 4831 1076 4885 lterum
1113 4844 1256 4898 saepe
1282 4826 1641 4897 prolongatur
1679 4826 1813 4880 mihi
1846 4825 1954 4879 vita
1999 4823 2221 4880 virtutis

640 4927 892 4989 amatrix,
924 4922 1123 4993 inquit,
1152 4920 1482 4975 solutionem
1525 4933 1554 4972 a
1584 4917 1696 4973 vita
1746 4918 1873 4972 nolo
1906 4914 2227 4972 conversio-

638 5020 729 5075 nis
780 5033 895 5088 Spe,
942 5014 1286 5072 sanationem
1329 5009 1557 5081 cupiens
1604 5010 1841 5080 peccati,
1887 5016 1941 5063 et
1976 5007 2221 5078 permul-

642 5123 725 5168 tos
782 5112 955 5181 longae
1002 5108 1127 5163 vitae
1173 5104 1317 5169 dies,
1366 5119 1479 5159 non
1527 5102 1711 5159 minus
1771 5101 1979 5156 malitia
2024 5115 2225 5171 super-

590 5190 595 5193 ’
642 5201 894 5266 abundo,
932 5200 1134 5255 nedum
1179 5195 1602 5252 conversionem
1642 5193 2102 5263 sanationemque
2137 5192 2224 5248 in-

643 5291 860 5344 veniam
917 5303 947 5342 a
999 5288 1166 5343 malo.
1219 5284 1373 5341 Talis
1432 5291 1518 5340 est
1565 5284 1847 5338 hominum
1904 5283 2082 5339 virtus
2133 5281 2226 5338 cui

647 5381 947 5436 secundum
996 5380 1280 5450 pr0prium
1327 5392 1552 5435 sensum
1604 5381 1658 5430 et
1692 5373 1937 5431 studium
1972 5391 2033 5432 se
2060 5391 2223 5431 exer-

649 5484 773 5531 ccnt
811 5483 866 5529 et
920 5490 1028 5529 non
1080 5476 1136 5530 in
1191 5472 1470 5543 adiutorio
1500 5470 1548 5526 J.
1596 5470 1827 5526 Christi.
1891 5489 1910 5523 ι
1954 5468 2078 5526 Ideo
2128 5486 2227 5541 ge-

646 5567 766 5620 neri
800 5570 1011 5626 nostro,
1052 5581 1072 5617 ι
1127 5572 1179 5617 et
1229 5578 1346 5632 seq.
1392 5563 1555 5623 Cum,
1593 5560 1796 5631 inquit,
1829 5560 1911 5614 sic
1952 5559 2227 5616 instabilis

649 5665 705 5711 ct
740 5654 1096 5708 fundamento
1135 5666 1351 5715 carens,
1392 5652 1474 5707 sic
1508 5650 1745 5707 infectus
1784 5659 1838 5706 et
1868 5650 2224 5723 imperfectus

722 5834 833 5907 (29)
876 5835 993 5888 Bill.
1027 5850 1091 5907 cx
1136 5832 1257 5889 cod.
1293 5833 1475 5889 Sirleti
1518 5832 1673 5888 affert
1700 5831 2124 5907 ὲπιδεδασμένου
2170 5839 2225 5886 et

650 5904 776 5963 cum
816 5904 977 5961 verba
1014 5904 1200 5960 Graeca
1237 5913 1495 5973 corrupta
1533 5920 1658 5961 esse
1703 5904 2001 5971 existimet,
2036 5904 2225 5976 legen-

651 5980 779 6036 dum
807 5986 994 6036 censet
1015 5976 1472 6052 ἀποσκεδάσαιμι.

1990 474 2035 531 Ν
2043 472 2286 532 lCETAS
2329 471 2539 531 DAYID
3671 473 3732 531 ἷῖθ

2302 613 2384 650 σιν
2421 591 2663 664 ὀξυφαὴς
2698 590 2919 660 γίνομαι
2971 589 3070 641 καὶ
3118 584 3401 657 ὀξυήκοος,
3426 583 3541 655 πρὸς
3571 590 3641 657 τήν
3663 589 3734 645 ἐπί.

2302 686 2495 756 σκεψιν
2527 684 2585 737 δὲ
2617 681 2727 736 τῶν
2785 679 2930 733 ἰδίων
2983 676 3231 747 ἀφεγγὴς
3272 673 3361 727 καὶ
3388 673 3737 745 ἐπιλήσμωνοω

2300 774 2368 833 αὖ
2424 776 2586 832 πάλιν
2624 791 2640 808 ·
2672 772 2938 844 Ούράνιος
2979 768 3081 841 μὲν
3134 769 3194 820 ὲν
3245 765 3414 833 λόγοις
3458 766 3538 819 καὶ
3568 769 3737 842 μεγαλοφ-

2304 869 2641 943 ρημοσύναις
2663 910 2678 934 ,
2729 867 2788 919 ὲν
2839 863 3002 935 φρεσὶ
3048 860 3107 914 δὲ
3162 859 3258 912 καὶ
3309 858 3521 928 νοήμασι
3556 862 3741 934 mum;

2302 966 2398 1019 καὶ
2450 962 2774 1035 ἐπιχθόνιος.
2811 978 2830 1011 ι
2866 956 2998 1029 Εἰμὶ
3048 952 3346 1025 γαληνιόων
3374 968 3428 1004 τε
3467 953 3547 1005 καὶ
3580 952 3738 1017 εωιος.»

2302 1057 2566 1129 Γαλήνιος
2616 1055 2763 1108 ἐστιν
2809 1052 2900 1105 ὅτε
2950 1050 3045 1104 καὶ
3104 1046 3348 1115 ἐπιεικὴς
3403 1043 3486 1099 καὶ
3523 1045 3656 1115 πραῢς

2304 1146 2611 1221 ἀνθρώποις
2658 1141 3038 1215 καθορώμενος
3083 1156 3097 1171 ·
3143 1140 3192 1193 εί
3239 1137 3296 1192 δέ
3346 1155 3466 1191 ποτε
3508 1137 3667 1207 πνεῦμα
3695 1141 3744 1209 ὁρ

2305 1238 2415 1309 γῆς
2461 1238 2556 1292 καὶ
2623 1234 2820 1307 μικρὸν
2868 1237 2934 1287 ὲκ
2996 1231 3199 1304 μικρᾶς
3260 1228 3429 1292 αἰτίας
3483 1228 3746 1291 amnem,

2308 1325 2506 1402 οἷάπερ
2539 1327 2785 1382 θάλασσα
2822 1325 3031 1396 κύμασι
3054 1320 3409 1394 φυσιούμενος
3438 1320 3519 1374 καὶ
3545 1320 3680 1391 ὕϐρεσι
3698 1324 3747 1375 ὡς

2310 1420 2589 1476 λυποῦντα
2620 1419 2655 1491 ἢ
2700 1417 2796 1472 καὶ
2849 1416 3037 1489 χερσὶν
3071 1412 3378 1469 ἀντιλυπεῖν
3428 1411 3748 1485 ὀρεγόμενος,οὲ

2311 1514 2443 1586 πρὶν
2487 1510 2855 1584 κατεστόρεσα
2902 1509 2964 1564 τὸ
3004 1506 3234 1579 φύσημα
3282 1505 3406 1577 πρὶν
3433 1504 3465 1575 ἢ
3493 1507 3751 1575 νηνεμίανιιὶ

2312 1602 2655 1658 κατάπαυσιν
2674 1599 2956 1671 γεγονέναι
2985 1596 3081 1652 τοῦ
3110 1595 3311 1669 θυμοῦ,
3348 1596 3494 1668 ἡνίκα
3518 1596 3573 1666 δὴ
3594 1596 3663 1668 τὴν
3681 1599 3752 1652 ἀα-

2313 1695 2432 1764 ξίαν
2461 1693 2907 1764 ἐπιδεδειγμένον
2940 1692 3049 1764 (2Q)
3078 1690 3173 1743 τοῦ
3216 1687 3530 1761 θυμοειδοῦς,
3552 1689 3662 1741 οὐδὲν
3679 1689 3751 1743 θω-

2319 1778 2521 1850 μαστὸν
2550 1778 2650 1849 τὴν
2673 1775 2837 1830 αὐτοῦ
2868 1776 3059 1845 ἔξαψιν
3084 1772 3398 1842 σϐεσθῆναι.

2316 1872 2385 1928 56
2419 1869 2690 1926 Haud“
2731 1868 2785 1923 δ’
2808 1866 3209 1939 εὐδρομέοντα
3252 1864 3374 1920 σὺν
3403 1863 3676 1939 ἐλπωρῇσιν·
3689 1866 3757 1931 ἀρί-

2314 2012 2381 2066 57
2422 2011 2576 2078 Ἤδη
2604 2011 2711 2064 παὶ
2752 2006 3026 2079 μεσάτης
3067 2007 3208 2074 ἀρετ
3211 1933 3723 2079 ἧςῦπερεξῖείνσῖειτὲ
3822 1964 3823 1973 χ

2313 2082 2382 2138 58
2432 2074 3159 2150 Ὲξάπίνηξπαλίνὸρσον
3194 2075 3318 2131 ὑπὸ
3340 2074 3759 2216 προῖιόόεσσινξινη-
3822 2138 3823 2143 η

3463 2161 3567 2209 κεν,
3592 2162 3631 2196 κ.
3647 2160 3723 2195 at.

2386 2243 2676 2308 Πολλάκις,
2702 2241 2867 2313 φησὶν
2898 2243 2927 2295 ό
2955 2239 3281 2310 θεόληπτος,
3308 2238 3402 2291 σὺν
3439 2235 3761 2305 ἀγαθαῖς

2313 2334 2483 2407 ἄνδρα
2529 2331 2991 2404 εύθυδρομοῦντα,
3025 2330 3121 2382 καὶ
3174 2329 3317 2399 πρὸς
3348 2328 3472 2380 Θεὸν
3517 2325 3762 2393 choragum
3822 2374 3823 2379 η

2315 2425 2410 2481 καὶ
2446 2426 2503 2477 ὲν
2541 2424 2799 2495 μεσότητι
2824 2421 2925 2492 τῆς
2964 2418 3169 2491 ἀρετῆς
3202 2417 3573 2487 ἐκτεινόμενον,
3598 2416 3765 2480 καὶ

2315 2517 2478 2584 ζοντα
2507 2515 2645 2589 πρὸς
2677 2515 2741 2568 τὸ
2790 2513 3018 2577 τέλειον,
3052 2510 3391 2577 ἐξαπιναίως
3433 2505 3764 2578 παρεισφθαρείπ

2315 2611 2523 2674 κακία,
2556 2609 2651 2662 καὶ
2696 2605 3100 2677 ὀπισθόρμητον
3161 2603 3331 2657 αὑτὸν
3379 2598 3767 2671 ἀνατρέύαπ,ὁὲ

2314 2704 2441 2768 τοὺς
2465 2700 2741 2774 πρόποδας
2763 2700 2864 2770 τῆς
2889 2697 3094 2770 ἀρετῆς
3135 2696 3235 2749 καὶ
3266 2695 3368 2766 τὴν
3393 2693 3493 2747 τῶν
3526 2690 3764 2759 εἰσαγομένων

2316 2794 2647 2849 κατάστασιν
2671 2792 2927 2864 ἐθήκατο.
2952 2790 3063 2843 Καὶ
3085 2788 3195 2861 γὰρ
3221 2788 3417 2859 ὥσπερ
3440 2787 3485 2839 oi
3503 2785 3619 2839 κατά

2318 2887 2612 2950 θαλασσίας
2664 2885 2832 2938 τόπον
2887 2882 3090 2952 ἀνάντη
3150 2878 3587 2951 προσϐαίνοντες,
3623 2875 3701 2945 ειμι
3731 2872 3769 2939 τῷ

2318 2977 2695 3051 προσπελάσαι
2745 2974 2826 3047 τῷ
2870 2973 3015 3037 ποδὶ,
3067 2970 3434 3044 διαρρεούσης
3479 2969 3621 3039 αὐτῆς
3644 2968 3706 3019 καὶ
3733 2967 3772 3023 εἰς

2316 3071 2558 3124 τούπίσω
2598 3067 2929 3140 φερομένης,
2966 3063 3268 3119 ἀστατοῦσι
3301 3064 3399 3134 μὲν
3433 3060 3610 3121 τούτοις
3625 3059 3672 3110 τὰ
3694 3058 3771 3126 ίχπ.

2319 3160 2718 3233 ἀναῤῥιχᾶσθαι
2749 3160 2861 3230 (50)
2883 3158 2939 3212 δὲ
2973 3159 3066 3211 καὶ
3105 3155 3427 3228 προϐαίνειν
3464 3150 3763 3224 ταιριῖιμεναοζ

2318 3255 2407 3308 δὲν
2429 3255 2590 3308 πλέον
2614 3253 2709 3307 τοῦ
2740 3251 2943 3315 κόπους
2971 3253 3184 3313 ἑαυτοῖς
3211 3249 3473 3321 παρέχειν
3499 3241 3775 3306 animata-

2319 3362 2511 3402 ναντο·
2543 3344 2714 3411 οὔτω,
2745 3345 2911 3415 φησι,
2948 3344 3043 3398 καὶ
3073 3345 3102 3396 ὁ
3132 3341 3384 3412 ὀλέθριος
3416 3338 3560 3410 ἡμῶν
3590 3333 3777 3404 animi;

2319 3439 2395 3502 ὡς
2423 3437 2565 3491 κατά
2607 3436 2837 3508 ψάμμου
2870 3436 2975 3508 τῆς
3022 3435 3132 3488 τῶν
3175 3433 3461 3503 λογισμῶν
3506 3430 3706 3485 dataria;
3725 3426 3779 3484 τίς

2320 3530 2477 3602 ἡμῶν
2504 3529 2744 3593 διανοίας
2776 3527 3106 3598 φερομένης.
3143 3526 3242 3581 καὶ
3285 3528 3353 3597 τῇ
3389 3523 3623 3595 ἐπιθυμίᾳ
3642 3519 3705 3573 τοῦ
3727 3535 3781 3571 n-

2320 3623 2416 3678 λοῦ
2448 3622 2851 3695 πτερουμένης,
2907 3620 3002 3674 καὶ
3030 3619 3241 3673 ἀνιέναι
3271 3617 3595 3689 πειρωμένης
3618 3614 3680 3665 τὸν
3693 3607 3782 3677 οἶμαι

2319 3716 2423 3787 τῆς
2445 3715 2672 3787 ἀρετῆς,
2699 3715 3011 3788 ἀπρόκοπον
3043 3712 3403 3767 ἀποδείκνυσι
3426 3710 3520 3781 τὴν
3554 3703 3781 3778 προθυμίαν

2320 3809 2388 3864 δι’
2438 3809 2490 3873 ὃ,
2534 3808 2688 3881 φησὶ,
2739 3806 2816 3879 πὴ
2852 3806 2951 3878 μὲν
3015 3805 3351 3876 ἀνέρχομαι,
3409 3801 3561 3873 μέρος
3607 3793 3782 3851 admisit;

2322 3902 2571 3974 οἰόμενος
2617 3900 2943 3972 κατορθοῦν,
2991 3898 3070 3970 πὴ
3116 3898 3174 3951 δὲ
3224 3894 3465 3968 ἔμπαλιν
3507 3890 3781 3961 (inﬁmum;

2322 3993 2710 4062 ἀπολισθαίνω,
2750 3992 2947 4065 μᾶλλον
2994 3991 3028 4064 ἢ
3063 3988 3261 4062 πρώην
3313 3987 3409 4042 τοῦ
3452 3985 3626 4039 τελείου
3664 3983 3783 4033 ἀππ-

2324 4086 2558 4151 πτωκώς
2574 4103 2588 4119 ·
2628 4085 2694 4140 δι’
2718 4085 2747 4138 ὃ
2773 4086 2869 4139 καὶ
2891 4083 3143 4154 ἀσχάλλω
3179 4082 3379 4135 λοιπὸν
3415 4079 3504 4133 καὶ
3527 4072 3722 4147 dar.me
3734 4068 3783 4118 ni

2324 4179 2635 4250 ἀπογνώσει
2669 4176 3070 4249 ψηλαφώμενος
3102 4175 3199 4230 καὶ
3224 4172 3651 4242 κατώυνὼμενος,
3672 4161 3786 4217 ὅπείῦ

2324 4292 2483 4331 νατον
2505 4274 2742 4345 ἐμαυτὸν
2774 4272 2868 4325 καὶ
2898 4268 3079 4324 ἄθλιον
3110 4266 3493 4337 οίκτιζόμενος
3526 4252 3784 4315 inuitati;

2327 4370 2417 4424 dial.
2444 4369 2544 4436 μὲν
2592 4365 2799 4421 ὁδεύειν
2827 4364 3003 4418 δοκῶν
3041 4362 3132 4416 τὸν
3150 4362 3359 4434 δρόμον
3389 4359 3488 4430 τῆς
3519 4348 3788 4428 ἀρετῆς.

2329 4479 2419 4516 πω
2461 4461 2521 4515 δὲ
2560 4460 2623 4516 τὸ
2650 4459 2804 4523 τέλος
2847 4457 3020 4528 αὐτῆς
3051 4454 3375 4526 πεφθακὼς,
3403 4455 3487 4509 ἀεὶ
3523 4441 3785 4522 φόεῳμετὶὶετέ

2328 4555 2429 4626 τῆς
2461 4552 2557 4606 τοῦ
2608 4547 2818 4620 ἀγαθοῦ
2862 4546 3118 4613 ἀτευξίας
3173 4533 3787 4618 τεεριστοιχιξόμενοςᾞπ

2334 4646 2434 4718 μὲν
2455 4643 2552 4699 καί¹
2584 4642 2767 4705 πόνοις
2797 4641 3028 4712 μακροῖς
3052 4638 3206 4711 μόλις
3232 4656 3291 4692 τι
3314 4633 3595 4708 κατορθοῦν
3614 4627 3785 4718 κόμαι

2330 4739 2505 4810 ῥᾷστα
2532 4736 2588 4790 δὲ
2611 4736 2687 4799 ὡς
2723 4731 3109 4805 καταπρανοῦς
3136 4731 3281 4801 πρὸς
3310 4730 3515 4784 κακίαν
3535 4717 3787 4810 ἁνίκα-θεῖς’

2329 4806 2492 4883 πάλιν
2527 4824 2829 4898 μηκύνεταί
2883 4842 2972 4896 μοι
3018 4821 3283 4885 πολλάκις
3309 4822 3342 4874 ὁ
3385 4819 3653 4888 φιλάρετυς.
3680 4806 3772 4876 πέει

2329 4919 2441 4991 ἐγὼ
2464 4919 2521 4973 δὲ
2549 4919 2648 4991 τὴν
2675 4918 2828 4971 λύσιν
2857 4917 2955 4987 τῆς
2977 4914 3124 4986 ζωῆς
3143 4915 3206 4967 οὐ
3227 4913 3376 4967 θέλω
3406 4909 3569 4966 ἑλπίδι

2328 5014 2393 5068 τὸ
2423 5013 2522 5084 τῆς
2549 5011 2823 5084 ἁμαρτίας
2854 5010 2991 5081 ἴαμα
3012 5005 3216 5071 ποθῶν,
3233 5008 3363 5070 ταῖς
3381 4994 3717 5064 πολλαῐςδδτῆς

2331 5080 2685 5176 κροὸίότηέοέ
2706 5080 2943 5175 ἡμέραις
2961 5099 3061 5170 τὴν
3087 5099 3290 5152 κακίαν
3327 5097 3481 5151 οὐδὲν
3498 5090 3632 5166 ἧττον

2332 5196 2462 5261 ζων,
2505 5196 2630 5249 οῦτε
2665 5194 2957 5266 μετάνοιαν
2980 5232 2997 5257 ,
3031 5189 3146 5244 οὔτ’
3182 5183 3278 5245 οὗν
3337 5186 3613 5260 θεραπείαν
3647 5178 3785 5245 cipis"

2331 5287 2426 5340 τοῦ
2464 5286 2638 5341 κακοῦ
2666 5262 2695 5319 ⁷·
2741 5286 2836 5339 καὶ
2891 5287 2925 5356 ἡ
2959 5285 3060 5356 μὲν
3089 5283 3202 5336 τῶν
3246 5280 3551 5353 ἀνθρώπων
3585 5262 3789 5344 apati?
3822 5272 3823 5275 ’

2331 5378 2474 5433 κατά
2506 5378 2602 5449 τὴν
2640 5377 2778 5431 ἰδίαν
2815 5375 2995 5430 αὐτῶν
3027 5372 3300 5444 ὑπόληψιν
3330 5372 3427 5425 καὶ
3463 5364 3657 5431 οπο-δὴν

2334 5471 2621 5544 δευομένη,
2650 5470 2742 5525 καὶ
2771 5471 2874 5523 οὐκ
2907 5471 2965 5522 ἐν
2990 5468 3218 5537 δυνάμει
3256 5463 3441 5536 Ἰησοῦ
3468 5458 3667 5523 τοιαύτη-

2599 5563 2890 5617 Τοῦνεκεν
2922 5559 3177 5631 ἡμετέρῃ
3225 5556 3431 5629 γενεῇ,
3459 5574 3493 5609 ιι
3532 5571 3574 5605 τ.
3601 5551 3638 5601 ἑ.

2418 5655 2658 5729 Ἐπειδὴ,
2713 5658 2911 5728 φησιν,
2944 5653 3117 5717 οὕτως
3166 5652 3429 5714 ἀϐέϐαιος
3475 5646 3559 5702 καὶ
3596 5637 3793 5705 ἁνίῖιωπὲφ

2336 5831 2537 5960 “Eg;
2573 5831 3159 5905 Ἀναρῤιχᾶσθαιδὶε
3180 5828 3355 5886 codex
3380 5804 3782 5895 Bekkerthﬂ‘

2434 5940 2528 5974 ,θοι
2542 5944 2555 5960 ι
