3802 6514
61 407 122 462 Ἢ
996 393 1061 448 IN
1085 391 1398 450 CARMINA
1433 388 1716 448 ARCANA
1754 387 1813 444 5.
1851 385 2204 444 GREGORIL

58 526 179 582 ὡτως
199 515 431 588 ἀνήνυτος
467 516 563 568 καὶ
584 513 870 575 ἀτέλεστος
897 511 926 565 6
953 511 1095 584 ὑπὲρ
1129 510 1331 583 ἀρετῆς
1364 511 1547 576 πόνος,

59 618 117 668 καὶ
137 613 270 671 κόπος
292 590 415 660 Θεοῦ
444 607 724 678 δυνάμεως
749 606 870 676 δίχα
894 607 1006 667 τοῖς
1028 604 1336 675 ἀνθρώποις
1361 607 1551 674 ἐπιτη-

56 704 284 774 δευόμενος,
300 701 476 753 τούτου
491 716 555 766 γε
572 699 631 768 δὴ
649 699 808 768 χάριν
829 701 892 768 τῇ
918 697 1040 750 καθ’
1057 699 1202 766 ἡμᾶς
1221 693 1549 766 ταλαιπώρῳ

55 799 166 866 γενεᾷ
188 794 338 866 ταύτῃ
374 791 530 844 τοῦτο
575 791 634 844 τὸ
665 791 843 862 δόγμα
883 788 1412 861 προδιωμολογήσθω
1457 788 1552 842 καὶ⁵

57 887 390 962 τρθῦποκείσθω
415 883 493 954 τῷ
516 883 611 954 νῷ.

53 984 96 1035 63
124 981 288 1048 Πρώτη
310 977 420 1047 μὲν
453 977 692 1046 Τριάδος
727 975 958 1044 καθαρὴ
989 977 1194 1045 φύσις,
1227 993 1282 1029 κ.
1305 975 1421 1029 τ.λ.

95 1073 224 1126 Τοῦτο
265 1070 426 1139 δόγμα
478 1069 578 1138 τῆς
628 1069 1092 1138 θεολογικωτάτης
1134 1068 1213 1137 τῷ
1257 1069 1369 1121 δντι
1398 1066 1546 1132 ἀξιον

54 1165 203 1235 φρενὸς,
233 1159 436 1229 πρώτην
461 1159 712 1229 καθαρὰν
741 1159 903 1228 φύσιν
953 1161 1047 1212 καὶ
1076 1159 1276 1229 ἀρετῆς
1322 1157 1544 1227 ἀπάσης

55 1249 223 1317 main
245 1246 404 1318 ἀρχὴν
437 1247 661 1309 εἰδέναι,
690 1248 790 1318 τὴν
816 1248 1246 1318 τρισυπόστατον
1274 1246 1540 1316 θεότηταο

55 1338 160 1398 εὐθὺς
185 1336 230 1386 δὲ
263 1337 368 1404 μετ’
390 1335 563 1406 αὐτὴν
611 1337 710 1406 τὴν
763 1336 1060 1407 ἀγγελικὴν
1100 1339 1192 1390 καὶ
1237 1337 1494 1408 οὐρανίαν
1525 1354 1539 1368 ο

51 1427 154 1494 τρίτη
177 1425 221 1476 δὲ
250 1424 345 1493 ἀρα
374 1427 534 1494 φύσις
583 1426 808 1496 μέτοχος
832 1427 925 1480 τοῦ
960 1425 1126 1480 καλοῦ
1162 1427 1256 1479 καὶ
1279 1425 1379 1495 τῆς
1409 1426 1540 1496 ἀρε-

53 1520 158 1585 τῆςό
188 1518 464 1588 ἄνθρωπος,
509 1518 570 1580 ὃς
605 1519 1008 1588 ἀμφιτάλαντος
1047 1519 1143 1571 καὶ
1186 1517 1542 1589 ἀμφιρῤεπὴς

55 1608 206 1678 ἐκτίσθη
237 1609 345 1660 κατ’
397 1610 606 1679 ἀρχάς*
643 1611 847 1680 μεταξὺ
905 1611 1004 1680 τῆς
1057 1628 1115 1664 τε
1170 1611 1290 1663 κατ’
1339 1609 1542 1681 ἀρετὴν

54 1701 147 1768 ζωῆς
171 1702 243 1752 καὶ
271 1699 358 1752 τοῦ
393 1701 535 1754 κατὰ
565 1702 664 1771 τὴν
698 1702 972 1772 ἁμαρτίαν
1007 1703 1236 1756 Θανάτου
1271 1699 1538 1770 έστηκὼς,

55 1794 113 1842 au".
145 1792 518 1862 μεγαλοπρεπὲς
564 1794 662 1864 μὲν
708 1794 860 1856 τέλος
894 1793 1033 1863 ἔχων
1061 1793 1156 1846 τοῦ
1197 1797 1318 1847 κατ’
1338 1794 1541 1864 ἀρετὴν

55 1883 146 1950 βίω,
175 1883 223 1934 τὸ
260 1883 365 1935 υἱὸν
409 1884 668 1952 γενέσθαι
705 1885 841 1938 Θεοῦ
880 1885 1102 1956 δηλαδὴ,
1143 1885 1437 1957 ἐπίμοχοον
1481 1885 1539 1939 δὲ

54 1979 109 2027 xxi
135 1976 345 2028 ἐπίπονον
395 1975 596 2046 κομιδῇ
631 1977 773 2046 (51),
801 1977 960 2048 εἴπερ
989 1978 1093 2030 κᾶν
1116 1978 1208 2031 ἐπὶ
1237 1978 1410 2048 βραχὺ
1443 1977 1541 2042 τὰς

52 2070 113 2136 τῆς
141 2068 301 2131 κακίας
337 2069 509 2132 πύλας
561 2070 939 2141 παρανοίξειεν
971 2086 983 2099 °
1019 2070 1175 2124 τοῦτο
1225 2074 1333 2142 γὰρ
1381 2067 1545 2126 ἆθλον

52 2161 225 2230 τῆςὲμῆς
252 2160 477 2225 διανοίας
511 2163 788 2234 ἑναρέτως
822 2162 1042 2232 βιούσης
1071 2165 1098 2216 6
1122 2162 1385 2232 ’Υψιστος
1405 2181 1545 2233 παρ-

53 2267 184 2318 ιχετσι.

211 2343 396 2410 Κεῖνος
430 2345 486 2398 δ’
530 2345 708 2398 ἐστὶν
744 2346 1009 2415 ἄριστος,
1053 2365 1108 2400 κ.
1139 2364 1188 2400 τ.
1227 2347 1288 2426 ἐξ

92 2426 210 2494 03:0;
233 2431 635 2504 ἄριστος,οῦτος
665 2439 902 2509 ἐργάτης
932 2438 1133 2502 τέλειος
1155 2439 1379 2510 ἀρετῆς,
1393 2439 1451 2502 ὃς
1486 2441 1544 2492 ὲν

55 2524 148 2591 μέσῳ
175 2529 337 2591 γενεᾶς
386 2528 613 2592 σκολιᾶς
663 2530 756 2582 καὶ
787 2531 965 2601 κακῆς
1017 2530 1216 2601 μέτριά
1255 2547 1376 2585 τινα
1422 2531 1541 2604 ἴχνη

54 2616 181 2678 κακίας
199 2619 468 2687 ἐπιφαίνει,
495 2619 690 2692 Θέρμῷ
723 2622 782 2674 δὲ
810 2621 903 2675 τοῦ
942 2621 1198 2691 Ὑψίστου
1217 2622 1380 2694 ἔρωτι
1409 2624 1544 2694 πρὸς

55 2708 202 2774 apud»;
222 2709 500 2775 ἀνανεύων,
523 2712 937 2783 συντεταμένως
963 2715 1169 2786 τρέχει,
1203 2713 1345 2767 κατά
1370 2715 1542 2768 νώτου

52 2798 171 2869 δὲτὴν
195 2804 365 2857 κακίαν
411 2805 629 2858 διώκων
667 2805 892 2871 ἐξωθεῖ,
923 2805 1113 2879 ὥσπερ
1153 2824 1238 2872 τις
1279 2809 1543 2879 τωτάμιος

54 2891 130 2958 μῦς
156 2894 281 2946 ἀλλον
302 2899 418 2948 τινὰ
459 2897 600 2966 ῥοῦν
629 2899 834 2970 τραχύν
866 2917 925 2952 τε
979 2901 1075 2954 καὶ
1105 2901 1296 2971 ἄγριον
1327 2902 1420 2954 καὶ
1450 2901 1542 2955 Θοο

53 2980 149 3049 ἱερὸν
177 2985 735 3058 ἀποδιοπομπούμενος
765 2990 860 3041 καὶ
903 2989 1346 3060 ἀποτρεπόμενος
1370 3007 1383 3020 ·
1415 2991 1544 3046 είδέ

54 3087 130 3124 se:
151 3077 222 3128 aut
245 3079 620 3149 παραμίγνυτό
649 3098 700 3133 τι
742 3081 960 3146 κακίας,
989 3080 1177 3152 ὥσπερ
1209 3083 1288 3153 τῷ
1319 3083 1544 3155 καθαρῷ

53 3165 208 3233 ῥεύματι
247 3169 330 3221 τοῦ
371 3169 570 3232 ὓδατος
610 3171 674 3224 ἐκ
711 3171 804 3224 τοῦ
846 3171 1065 3244 θολεροῦ
1091 3174 1152 3227 τὸ
1189 3174 1284 3228 τοῦ
1317 3174 1542 3240 διειδοῦς

51 3257 341 3327 ὑπερὸἀλλοντι
375 3263 649 3333 νάματος,
678 3263 739 3316 τὸ
771 3263 988 3327 ἰλυῶδες
1020 3265 1406 3330 ἀποκλύζεται,
1444 3267 1539 3321 καὶ

51 3351 332 3423 σὲκὲπξδῃλον
380 3357 479 3427 τὴν
537 3356 637 3425 τῆς
685 3355 864 3426 ψυχῆς
896 3357 1180 3426 ὑποφαίνει
1217 3359 1488 3429 ῥυπαρίαν
1520 3376 1533 3390 ο

52 3439 136 3510 αὕτη
182 3443 262 3511 μὲν
313 3445 402 3498 τοῦ
457 3445 724 3500 συνθέτου
773 3446 1062 3518 ἀνθρώπου
1111 3449 1282 3520 ἀρετὴ
1325 3449 1538 3504 τελείαν

52 3530 210 3596 ἑνήπθω·
237 3537 410 3591 τούτου
453 3539 512 3592 δὲ
547 3540 606 3591 τὺ
639 3539 800 3592 πλέον
842 3541 900 3594 ἐν
934 3542 1045 3602 τοῖς
1085 3540 1356 3611 οὐρανίοις
1397 3543 1540 3607 νόοις

53 3625 321 3681 απενέσθω·
348 3631 395 3682 εί
423 3630 480 3682 δέ
513 3647 603 3691 τις
641 3629 874 3684 ἐνταῦθα
907 3633 1026 3701 μετ’
1052 3630 1356 3701 ἀνθρώπων
1389 3633 1536 3703 βιοὺς

53 3717 130 3766 θεὸν
167 3720 269 3772 ξδεῖν
303 3723 620 3794 κατηξιώθη
643 3763 657 3781 .
689 3724 765 3786 ὡς
806 3725 1049 3795 Μωῦσῆς
1080 3727 1174 3780 καὶ
1213 3728 1459 3794 Ἡσαΐας,
1499 3728 1532 3798 ἢ

53 3810 162 3879 Sim
185 3815 382 3887 βαρεῖαν
423 3818 747 3885 κουφισθεὶς
780 3819 860 3881 εἰς
905 3820 1135 3891 οὐρανὸν
1163 3820 1536 3892 ἀναδεδραμή-

3125 377 3233 435 ’ΞΞ2

1657 531 1816 586 labor
1855 529 1923 584 ad
1959 524 2352 598 acquirendam
2393 524 2653 580 virtutem
2693 521 2900 592 absque
2942 518 3037 575 Dei
3079 518 3236 588 adju-

1658 621 1802 676 torio
1829 620 1899 674 ab
1937 618 2255 672 hominibus
2284 624 2628 680 exerceatur,
2663 613 2785 669 ideo
2812 620 3004 689 nostrp
3045 612 3234 680 generi

1657 714 1724 768 ad
1755 713 1806 768 id
1840 728 2018 783 usque
2056 712 2261 766 misero
2289 707 2422 763 illud
2457 709 2650 779 dogma
2680 707 2735 760 in
2762 707 2942 759 animo
2969 703 3235 774 deligatur

1651 813 1709 860 et
1751 815 1878 860 ante
1907 805 2012 858 alia
2051 805 2418 874 imprimatur.

1653 984 1722 1039 68
1754 983 1940 1037 Prima
1972 983 2182 1052 quidem
2221 979 2502 1036 Trinitatis
2537 994 2672 1046 pura
2711 985 2929 1040 natura,
2963 982 3072 1030 etc.

1720 1073 1922 1142 Reipsa
1971 1072 2260 1142 theologici
2319 1069 2524 1140 ingenii
2577 1068 2801 1137 dignum
2857 1064 2989 1119 illud
3034 1064 3231 1134 dogma

1648 1177 1833 1228 nosse,
1862 1178 2056 1232 nempe
2087 1163 2316 1231 primam
2345 1173 2533 1230 puram
2559 1167 2811 1212 naturam
2842 1164 2896 1210 et
2921 1157 3102 1211 omnis
3121 1156 3231 1210 vir-

1650 1255 1784 1310 tutis
1831 1254 2161 1324 principium
2209 1260 2264 1306 et
2313 1252 2512 1306 fontem
2561 1265 2686 1306 esse
2729 1249 2932 1303 trinum
2981 1249 3236 1318 personis

1650 1346 1840 1413 Deum;
1858 1363 2019 1416 quem
2041 1346 2349 1402 immediate
2362 1344 2609 1413 sequitur
2622 1342 2866 1412 angelica
2888 1349 2939 1395 et
2962 1340 3229 1406 cmlestis;

1649 1439 1808 1492 tertia
1834 1447 2036 1493 natura
2060 1437 2190 1492 boni
2215 1447 2268 1490 et
2288 1435 2510 1490 virtutis
2534 1435 2808 1504 particeps
2849 1433 3012 1486 homo
3039 1433 3131 1501 qui
3161 1432 3236 1487 ab

1647 1530 1804 1583 initio
1835 1529 1902 1584 ad
1934 1529 2044 1584 duo
2075 1542 2380 1598 suspensus
2409 1533 2463 1579 et
2484 1540 2690 1596 pronus
2721 1532 2940 1580 creatus
2968 1532 3088 1580 est:
3122 1538 3243 1577 me-

1646 1618 1772 1674 dius
1803 1619 1948 1674 inter
1964 1618 2183 1674 virtutis
2206 1618 2370 1672 vitam
2388 1625 2441 1671 et
2473 1615 2679 1686 peccati
2703 1625 2959 1676 mortem,
2993 1625 3047 1669 et
3067 1614 3234 1670 subli-

1647 1725 1787 1764 mem
1822 1709 2116 1764 tcrminutn
2152 1708 2363 1762 habens
2390 1706 2513 1760 vita:
2541 1706 2743 1759 virtute
2772 1705 3024 1774 insignis,
3057 1705 3232 1758 ﬁlium

1648 1797 1740 1853 Dei
1786 1801 2004 1854 realiter
2048 1799 2191 1864 fieri,
2239 1813 2610 1852 aerumnosum
2657 1811 2787 1851 vero
2832 1807 2885 1850 et
2937 1797 3228 1850 molestum

1645 1890 1803 1946 valde
1827 1892 1872 1946 si
1907 1891 1989 1945 vel
2015 1891 2302 1945 tninimum
2344 1889 2566 1943 malitiae
2595 1897 2784 1959 portas
2825 1888 3051 1957 aperiat.
3091 1885 3227 1941 Illud

1645 1985 1788 2038 enim
1817 1984 2088 2050 bravium,
2114 1983 2467 2054 intelligentia
2499 1998 2624 2036 cum
2655 1981 2854 2035 virtute
2887 1982 3098 2034 vivente
3141 1996 3227 2034 me

1647 2077 1716 2130 ab
1746 2076 2030 2132 Altissimo
2073 2083 2276 2130 manet.
2339 2093 2353 2126 |
2386 2072 2491 2129 Iste
2533 2081 2617 2128 est
2666 2073 2927 2143 Optimus.
2965 2093 2982 2125 ι
3017 2080 3072 2128 et
3108 2087 3226 2142 seq.

1645 2168 1898 2239 Optimus
1946 2170 2054 2232 ille,
2106 2169 2196 2226 ille
2226 2171 2445 2223 virtutis
2472 2168 2744 2238 perfectus
2795 2168 2995 2230 cultor,
3046 2166 3228 2234 quiin

1647 2267 1844 2314 natura
1875 2274 2135 2331 perversa
2160 2267 2214 2314 et
2245 2260 2385 2313 mala
2430 2261 2574 2315 levia
2607 2259 2855 2330 quiedam
2900 2258 3118 2312 malitiae
3138 2273 3230 2313 ve-

1647 2351 1805 2421 Stigia
1835 2350 2106 2419 praebens,
2140 2348 2352 2404 fervido
2397 2349 2664 2404 Altissimi
2710 2364 2898 2403 amore
2928 2348 2994 2401 ad
3026 2348 3228 2402 coelum

1647 2442 1840 2504 tendit,
1872 2440 2246 2495 indesinenter
2271 2439 2437 2502 volat,
2466 2449 2588 2509 post
2613 2448 2824 2510 tergum
2855 2446 3036 2493 autem
3068 2435 3228 2492 mali—

1646 2532 1779 2586 tiam
1818 2530 1999 2600 rejicit
2033 2539 2089 2585 et
2140 2530 2324 2600 fugat;
2353 2531 2815 2600 quemadmodum
2850 2544 3081 2584 currens
3126 2527 3228 2583 ﬂu-

1645 2638 1768 2677 men
1819 2624 1986 2676 alium
2041 2630 2342 2676 torrentem
2406 2622 2683 2693 fragosum
2723 2630 2777 2677 et
2829 2622 3225 2676 tumultuosum

1645 2715 1900 2784 propellit
1933 2723 1989 2770 et
2019 2715 2198 2783 rejicit
2224 2732 2238 2777 ;
2269 2723 2323 2768 et
2354 2715 2397 2768 si
2440 2715 2570 2784 quid
2594 2715 2721 2769 mali
2747 2711 3226 2774 intermisceretur,

1645 2807 1792 2861 velut
1821 2822 1943 2862 cum
1973 2821 2170 2876 purum
2209 2806 2409 2862 flanten
2447 2821 2543 2877 per
2565 2805 2770 2860 turbidi
2793 2805 3023 2859 alterius
3051 2819 3225 2874 aquas

1645 2898 1847 2968 trajicit
1875 2899 2128 2968 limpidas
2167 2901 2250 2952 sui
2278 2898 2452 2969 ipsius
2483 2899 2679 2961 undas,
2719 2907 2850 2952 tunc
2878 2897 3022 2966 quod
3054 2897 3226 2950 limo-

1643 3007 1764 3046 sum
1795 2997 1915 3045 erat
1944 2998 2306 3060 expurgatur,
2334 2999 2388 3044 et
2435 2991 2638 3045 revelat
2682 2991 2834 3060 prius
2863 2990 3078 3060 ignotas
3107 2989 3229 3042 ani»

1645 3098 1744 3136 man
1797 3081 2008 3137 sordes.
2051 3079 2302 3136 Hominis
2345 3083 2555 3152 agentis
2601 3083 2774 3137 virtus
2801 3082 2855 3136 in
2893 3082 3224 3150 perfectione

1643 3182 1881 3241 constet,
1912 3174 2032 3245 ipse
2065 3181 2247 3228 autem
2282 3175 2457 3244 magis
2489 3175 2543 3228 in
2573 3173 2896 3230 cwlestibus
2937 3170 3224 3243 spiritibus

1594 3295 1600 3300 -
1643 3265 1902 3320 confidat.
1939 3264 1996 3320 Si
2027 3266 2151 3337 quis
2186 3274 2368 3322 autem
2401 3267 2489 3321 hic
2542 3283 2662 3322 eum
2698 3267 3010 3321 hominibus
3035 3266 3226 3321 vivens

1644 3357 1814 3416 Deum
1845 3361 2032 3415 videre
2056 3360 2315 3429 dignatus
2351 3359 2534 3424 fuerit,
2559 3361 2705 3415 velut
2728 3357 2940 3430 Moyses
2957 3368 3009 3413 et
3034 3358 3222 3422 Isaias,

1641 3453 1757 3508 sive
1786 3454 1839 3507 in
1861 3467 2028 3507 carne
2052 3453 2203 3524 gravi
2236 3452 2409 3508 levior
2444 3451 2618 3508 factus
2653 3453 2707 3507 in
2730 3453 2931 3507 coelum
2964 3450 3028 3504 ad
3055 3450 3224 3504 Deum

1643 3545 1818 3599 instar
1857 3543 2042 3599 linoch
2091 3551 2146 3598 et
2179 3542 2308 3598 Elia:
2356 3543 2674 3605 avolaverit,
2725 3541 2902 3613 gloria
2944 3549 2995 3594 et
3050 3540 3226 3594 honor

1644 3635 1756 3692 Deo
1792 3635 1920 3702 soli,
1975 3635 2228 3691 homines
2281 3643 2461 3690 autem
2513 3633 2780 3690 modestia
2823 3633 2878 3686 in
2923 3633 3127 3686 virtute
3169 3639 3225 3684 et

1642 3730 1877 3786 elatione
1915 3727 2150 3783 maxime
2179 3727 2401 3797 expedit
2445 3726 2829 3798 supervestiri,
2880 3725 3044 3795 idque
3075 3724 3225 3778 salu-

1644 3829 1759 3876 tare
1784 3827 2020 3874 constat.

53 3909 213 3975 γειπρζ
247 3910 396 3974 Θεὸν,
422 3912 499 3974 ὡς
550 3910 720 3981 Ἐνώχ
748 3927 808 3962 τε
835 3911 996 3973 αὐτὸς
1023 3912 1117 3964 καὶ
1151 3913 1332 3974 Ἠλίας
1365 3915 1498 3984 (5‘2),
1532 3915 1689 3968 τοῦτο
1721 3912 1849 3976 δόξα
1873 3910 2010 3964 Θεοῦ
2041 3911 2134 3964 καὶ
2154 3911 2287 3981 τιμὴ
2313 3909 2507 3980 δηλαδή
2532 3927 2542 3938 ·
2567 3909 2764 3980 μέτρον
2793 3909 2850 3962 δὲ
2872 3911 2984 3973 τοῖς
3017 3906 3224 3980 ἀνθρώ-

54 4011 126 4052 εηκ
146 4003 219 4070 τῆς
249 4003 433 4075 ἀρετῆς
468 4005 568 4057 καὶ
612 4005 712 4074 τῆς
747 4003 1005 4073 ὑψώσεως
1035 4005 1475 4061 λυσιτελέστατον
1511 4005 1899 4078 ἐπιϐεϐλῆσθαι
1927 4007 2020 4059 καὶ
2047 4004 2407 4077 σωτηριῶδες.

299 4132 377 4168 τοι
390 4115 490 4186 καί
505 4115 850 4184 τοῦτονὲγὼ
863 4117 1050 4186 ,λόγον
1069 4117 1138 4168 ἐν
1156 4117 1331 4185 φρεσὶ
1351 4118 1537 4183 θήσω,

54 4179 193 4249 ιϋιιώς
223 4179 314 4237 κεν
341 4185 449 4255 τῆς
475 4186 752 4257 μεγάλης
776 4179 999 4254 ἀρετ-ἦς
1032 4186 1138 4329 ἐπὶ
1156 4179 1385 4241 ’τέλσον
1413 4179 1541 4272 ἕλιηὲ

1141 4276 1229 4322 αι,
1264 4275 1314 4311 κ.
1340 4275 1388 4311 τ.
1419 4275 1466 4312 Α.

1141 4276 1229 4322 αι,
1264 4275 1314 4311 κ.
1340 4275 1388 4311 τ.
1419 4275 1466 4312 Α.

94 4358 174 4416 Εἶεν
195 4366 246 4437 δὴ
284 4362 370 4422 οῦν
406 4370 503 4422 καὶ
565 4367 753 4420 τοῦτον
809 4367 920 4434 ἐγὼ
960 4367 1051 4420 τὸν
1089 4368 1243 4436 λόγον
1280 4372 1399 4432 ταῖς
1425 4371 1543 4434 σαῖς

55 4456 336 4527 παραθήσομαι
366 4459 584 4529 φρεσὶν,
624 4462 657 4530 ἡ
695 4458 942 4528 Θεολόγος
972 4459 1220 4524 σαλπίζει
1249 4462 1420 4532 φωνή.
1446 4461 1542 4525 Τίς

54 4539 281 4614 δεὸὶόγοςς
304 4551 422 4614 Πῶς
451 4551 520 4604 ἂν
554 4553 635 4614 εἰς
665 4551 977 4620 τελειότητα
1001 4552 1101 4622 τῆς
1141 4553 1382 4624 μεγάλης
1410 4553 1540 4623 ἀφί-

57 4653 125 4689 m
162 4643 347 4716 ἀρετῆς,
383 4648 507 4718 ἥτις
551 4646 687 4716 μόνη
723 4647 937 4717 καθαρὰ
969 4647 1130 4701 θυσία
1157 4646 1236 4716 τῷ
1267 4648 1411 4718 μόνῳ
1443 4648 1542 4716 τὴν

55 4728 154 4789 φὶτιν
194 4735 404 4805 ὑπάρχει
453 4735 708 4806 καθαρῴ;
752 4738 866 4789 Οὐκ
899 4732 1050 4806 οἶμαι
1100 4735 1176 4802 δὲ,
1219 4737 1374 4805 φησὶ,
1401 4737 1544 4792 κατὰ

53 4819 107 4866 τὸν
128 4828 318 4893 παρόντα
343 4827 452 4898 βίον
474 4827 570 4881 τοῦ
591 4829 895 4899 ἀκροτάτου
909 4827 1543 4898 καταδράξασοαιτέλους

53 4910 183 4980 αὐτῆς
209 4919 357 4983 πολὺς
378 4921 488 4991 γὰρ
509 4923 538 4973 6
558 4920 785 4984 καπνὸς,
819 4920 987 4984 πολὺς
1018 4921 1047 4972 6
1074 4919 1233 4988 ζόφος
1266 4920 1294 4972 6
1313 4919 1419 4972 ἀπὸ
1445 4919 1543 4988 τῆς

53 5001 325 5075 teletam-ao;
361 5011 561 5082 ἀχλύος
613 5014 722 5073 τοῖς
755 5010 997 5080 ὄμμασιν
1031 5010 1423 5080 ὲπικεχυμὲνος
1447 5008 1542 5062 τοῦ

55 5091 132 5142 νιῦ·
153 5101 393 5174 ἀγαπητὸν
430 5104 489 5158 δέ
523 5120 611 5173 μοι
643 5104 770 5173 ἄρα,
802 5104 852 5155 εἰ
882 5103 974 5155 καὶ
1002 5103 1141 5174 μετά
1163 5105 1260 5175 τὴν
1285 5103 1434 5157 λύσιν
1447 5104 1541 5160 τοῦ

55 5180 408 5258 mmmam;
451 5197 644 5264 νέφους
676 5195 1120 5266 ἁποσμηξαμένῳ
1163 5199 1231 5250 τὰ
1260 5198 1543 5272 δακρυώδη

56 5281 142 5330 uti
158 5286 304 5340 πάντα
334 5290 481 5353 ἐντὸς
506 5289 600 5342 τοῦ
631 5288 766 5341 Θεοῦ
802 5290 1017 5358 καὶτῆς
1056 5290 1379 5362 εἰλικρινοῦς
1409 5294 1542 5366 ἀρε·

57 5381 113 5434 της
127 5378 508 5452 καταληφθῆναι.
527 5381 688 5434 Ἀλλά
703 5381 785 5442 τίς
803 5382 835 5451 ἡ
858 5381 1004 5434 αἰτία
1029 5382 1128 5453 τῆς
1150 5383 1543 5456 κατορθώσεως

55 5459 190 5532 ﬁtﬁt;
218 5469 321 5523 οὔτε
346 5474 449 5543 γὰρ
483 5474 644 5545 μόνου
691 5472 786 5525 τοῦ
835 5473 968 5526 Θεοῦ
1007 5474 1165 5529 τοῦτο
1189 5476 1359 5548 δῶρον
1375 5478 1556 5550 ὑπάρ-

56 5565 120 5614 Χει.
154 5559 232 5628 τὴν
280 5564 461 5617 ἑαυτοῦ
511 5564 866 5635 σεμνύνοντος
915 5567 1100 5620 εἰκόνα
1127 5583 1140 5597 ·
1173 5570 1306 5622 πᾶσι
1335 5574 1444 5643 γὰρ
1476 5572 1543 5627 ἂν

57 5645 146 5728 κιτὰ
170 5650 305 5714 φύσιν
331 5655 630 5726 ἀνθρώποις
662 5656 886 5728 προσῆν,
913 5656 987 5720 ὡς
1008 5657 1069 5710 τὸ
1106 5659 1321 5728 λογικὸν
1361 5665 1454 5718 καὶ
1481 5664 1543 5720 τὸ

57 5725 305 5803 ("Vinum
344 5745 505 5798 λύοιτ’
537 5747 601 5800 ἂν
638 5747 810 5810 οὕτως
855 5747 916 5799 τὸ
946 5748 1232 5815 αύτοθελὲς
1277 5755 1366 5808 καὶ
1419 5757 1540 5812 αύτ-

101 5846 177 5919 (51)
209 5854 324 5914 Cod.
361 5861 574 5931 κομιδή,
603 5868 658 5914 et
701 5859 778 5914 sic
811 5857 952 5914 infra
987 5876 1220 5930 semper.

1645 4120 1714 4175 85
1735 4121 1771 4172 Α
1784 4135 1844 4188 ge
1860 4133 1976 4188 vero
1991 4125 2040 4170 et
2058 4117 2194 4188 [tunc
2212 4133 2306 4181 ego
2337 4130 2627 4188 sermonem
2646 4123 2749 4188 (tur
2767 4123 2925 4165 menti
2941 4128 3218 4188 apponam.

1645 4191 1712 4246 86
1737 4183 2010 4255 Quomodo
2029 4185 2096 4238 ad
2121 4201 2338 4238 summa:
2365 4185 2571 4237 virtutis
2595 4183 2797 4236 culmen
2814 4185 3234 4252 pervenianetc.

1717 4369 1957 4442 Agedum
1991 4378 2046 4424 et
2078 4369 2222 4424 hunc
2252 4382 2557 4424 sermonem
2580 4367 2851 4422 mentibus
2887 4365 2994 4420 tuis
3025 4379 3225 4436 propo-

1650 4475 1798 4524 nam,
1839 4459 2095 4514 buccinat
2129 4457 2431 4527 theologica
2471 4472 2568 4510 vox
2598 4474 2611 4508 :
2651 4458 2776 4526 quis
2810 4457 3032 4510 sermo?
3080 4458 3228 4521 Quo-

1649 4551 1812 4606 modo
1860 4550 1926 4604 ad
1968 4548 2357 4620 perfectionem
2399 4534 2615 4616 magnae
2657 4549 2939 4617 pervenies
2985 4548 3222 4608 virtutis.

1647 4659 1766 4713 quae
1799 4644 1913 4699 sola
1953 4643 2156 4696 oblatio
2196 4642 2418 4703 munda.
2472 4643 2571 4696 soli
2604 4658 2741 4712 puro
2772 4658 2836 4694 ex
2887 4650 3080 4694 natura
3125 4655 3228 4694 sua

1646 4737 1792 4792 stat?
1844 4735 1963 4789 Non
2012 4736 2284 4796 arbitror,
2336 4734 2546 4802 inquit,
2604 4749 2688 4786 me
2741 4732 3227 4802 minprehendisse

1645 4831 1822 4902 ipsius
1869 4844 2179 4894 summum,
2227 4827 2471 4898 quandiu
2524 4828 2576 4880 in
2623 4827 2875 4896 praesenti
2915 4842 3034 4881 sum
3070 4827 3222 4888 vita;

1647 4939 1772 4979 nam
1810 4923 2015 4977 multus
2047 4920 2249 4984 fumus,
2281 4921 2518 4975 tenehrze
2541 4921 2746 4984 multae,
2773 4933 2896 4989 qua:
2919 4933 2950 4972 e
2973 4918 3225 4986 corporis

1645 5017 1864 5073 nebulis
1897 5015 2266 5069 extenduntur
2305 5012 2498 5066 oculos
2549 5011 2750 5065 mentis
2797 5008 3226 5076 circumsepien-

1646 5117 1761 5177 tes;
1801 5110 2003 5164 bonum
2037 5108 2082 5163 si
2132 5116 2418 5177 postquam
2449 5103 2732 5158 evanueuit
2782 5101 2978 5156 nebula
3025 5100 3222 5164 oll‘usa,

1647 5203 1898 5272 lugendis
1939 5217 1969 5254 a
2000 5202 2160 5255 malis
2189 5198 2447 5253 omnibus
2491 5197 2744 5266 expedito
2775 5195 2907 5248 mihi
2940 5193 3227 5262 contingat

1647 5295 1699 5349 in
1730 5294 1898 5348 Deum
1930 5301 1979 5348 et
2011 5294 2064 5347 in
2101 5294 2387 5362 probatam
2423 5290 2683 5343 virtutem
2722 5286 2926 5341 induci.
2964 5284 3069 5340 Sed
3105 5301 3226 5356 qua:

1645 5387 1712 5440 ad
1742 5387 1998 5440 virtutem
2035 5383 2355 5438 directionis
2384 5381 2587 5436 causa?
2617 5396 2723 5434 non
2760 5380 2904 5432 enim
2935 5380 3105 5435 solius
3131 5378 3223 5433 Dei

1645 5479 1848 5534 donqu
1883 5487 1967 5532 est
1996 5477 2168 5547 ipsius
2209 5475 2500 5546 imaginem
2531 5474 2891 5545 glorificantis
2918 5492 2930 5526 :
2969 5473 3226 5527 erunibus

1647 5569 1946 5624 secundum
1986 5576 2239 5622 naturam
2281 5567 2594 5622 hominibus
2631 5566 2839 5632 aderat,
2872 5567 3018 5621 sicut
3048 5574 3102 5620 et
3139 5581 3228 5619 ra-

1647 5663 1813 5716 tionis
1855 5660 2086 5715 facultas
2126 5669 2183 5714 et
2236 5661 2398 5714 morti
2435 5658 2794 5724 ohnoxietas;
2848 5657 3228 5712 destrueretur

1647 5751 1750 5806 hoc
1771 5749 1936 5802 verbo
1958 5749 2324 5804 voluntarium
2351 5758 2403 5804 et
2440 5748 2668 5804 liberum
2697 5747 3018 5803 arbitrium:
3050 5760 3228 5816 neque

1720 5865 1832 5936 (σε)
1861 5865 1996 5921 Coit.
2051 5864 2254 5920 Ἡλίου.
