3802 6568
546 345 653 402 727

545 461 764 532 diligas,
800 475 974 518 vanos
1000 460 1056 518 in
1083 469 1231 519 terra
1258 461 1553 518 thesauros
1574 461 1990 529 thesaurizans;
2022 464 2136 520 imo

547 554 812 624 templum
849 555 1080 625 spiritus
1112 554 1564 611 meditationibus
1612 557 1844 612 mundes
1888 558 2137 612 cunctisd

547 661 653 715 que
701 646 1001 702 virtutibus
1030 646 1322 702 meliorare
1353 648 1600 704 studeas.

657 825 759 882 156
790 821 1066 895 Templum
1097 825 1235 881 enim
1265 826 1444 896 magni
1469 825 1566 880 Dei
1592 835 1667 880 est
1700 826 1890 891 homo,
1927 834 2034 882 etc.

623 920 822 976 Dicens
844 919 992 990 quod
1025 921 1291 989 templum
1326 933 1531 974 ornare
1557 927 1810 990 oporteat
1837 929 1894 975 et
1923 935 2139 990 semper

550 1013 870 1076 meliorare,
895 1011 1028 1082 quid
1059 1012 1322 1082 templum
1353 1011 1446 1067 Dei
1477 1021 1584 1079 est,
1617 1013 1762 1083 quod
1801 1012 1930 1068 fecit
1956 1011 2140 1067 Domi-

552 1105 698 1161 nus?
725 1103 852 1160 Cito
878 1102 1087 1174 profert
1115 1105 1396 1160 hominem
1425 1120 1572 1169 esse,
1595 1105 1690 1174 qui
1721 1119 1752 1158 a
1779 1113 1928 1160 terra
1966 1111 2140 1158 terre-

551 1200 754 1270 nisque
783 1197 1214 1267 cogitationibus
1242 1197 1517 1267 incipiens
1545 1197 1612 1252 ad
1645 1196 1816 1252 Deum
1849 1205 1904 1252 et
1937 1197 2139 1252 coelum

553 1290 788 1359 moveri,
829 1306 927 1362 per
959 1291 1214 1363 spiritum
1257 1305 1480 1347 sursum
1523 1290 1827 1348 extollitur.
1865 1290 1980 1345 Hoc
2013 1306 2138 1361 ego,

555 1384 633 1438 ait
691 1381 748 1438 S.
793 1383 1126 1455 Theologus,
1170 1383 1320 1438 omni
1375 1399 1541 1454 opere
1584 1391 1638 1439 et
1678 1398 1934 1439 sermone
1971 1383 2138 1447 bono,

555 1477 712 1530 suavi
741 1475 912 1532 odore
933 1475 1185 1546 fragrans
1217 1485 1276 1530 ut
1314 1491 1521 1540 serves,
1556 1485 1611 1532 et
1634 1473 1744 1531 Deo
1769 1483 1984 1546 gratum
2015 1490 2143 1546 pro-

555 1566 856 1640 batumque
897 1569 1181 1624 custodias
1204 1568 1257 1622 in
1279 1576 1565 1634 a-ternum,
1596 1567 1803 1623 suadeo
1827 1585 1843 1635 ;
1872 1575 1926 1623 te
1953 1567 2143 1623 hortor

555 1653 624 1717 ad
653 1677 870 1733 seraper
896 1661 951 1716 in
976 1671 1158 1718 mente
1179 1661 1490 1716 habendum
1511 1660 1794 1716 Christum
1827 1668 2101 1730 regentem
2125 1677 2138 1715 :

556 1754 636 1811 sis
665 1769 885 1824 semper
908 1769 1019 1809 non
1055 1753 1240 1824 specie
1265 1752 1360 1808 sed
1392 1767 1453 1808 re
1479 1758 1536 1807 et
1565 1751 1791 1808 veritate
1811 1767 2007 1822 purus,
2042 1765 2147 1806 nec

557 1847 754 1902 oculus
789 1847 859 1902 ab
895 1847 1144 1902 externis
1164 1844 1426 1915 judicans
1464 1853 1517 1900 te
1545 1845 1712 1899 talem
1749 1842 2066 1912 arbitretur;
2095 1853 2150 1900 et

564 1952 701 1993 eave
741 1952 812 1994 ne
856 1937 1002 1993 sicut
1042 1937 1213 1991 minio
1256 1936 1648 2006 coloribusque
1683 1935 1946 1991 distincta
1992 1936 2151 1991 navis

560 2038 656 2084 aut
684 2029 812 2085 aliis
842 2029 1228 2085 venustatibus
1261 2029 1574 2100 insignibus
1615 2027 1892 2095 decorata,
1917 2042 2038 2099 quae
2069 2027 2151 2083 sic

558 2120 830 2175 tumentia
857 2120 1030 2177 maria
1059 2129 1391 2187 transmeat;
1424 2135 1518 2186 ne,
1550 2120 1796 2191 inquam,
1828 2128 1885 2175 et
1912 2128 1971 2176 tu
1998 2121 2152 2176 colo-

556 2212 716 2270 ribus
754 2213 978 2269 virtutis
1017 2213 1092 2267 ita
1128 2212 1360 2283 teipsum
1406 2211 1664 2269 inliciens
1728 2221 1785 2270 et
1845 2213 2148 2268 videntium

557 2305 928 2363 admiratione
974 2306 1280 2363 honoratus
1323 2313 1378 2362 et
1424 2305 1724 2370 laudatus,
1769 2305 1826 2360 in
1866 2304 2150 2378 hypocrisi

557 2398 728 2453 vitam
752 2412 1086 2454 consumens
1112 2397 1325 2454 lateas:
1356 2397 1558 2454 bonam
1580 2398 1934 2470 validamque
1964 2397 2147 2452 navim

558 2488 800 2557 fabrica,
843 2505 1006 2561 quam
1048 2489 1407 2545 fortissimam
1459 2491 1869 2561 pollentemque
1909 2487 2149 2560 Spiritus

561 2581 785 2653 legibus
819 2589 983 2653 atque
1020 2580 1225 2637 Christi
1257 2578 1385 2636 Jesu
1422 2581 1580 2637 navis
1615 2579 1964 2636 fabricatoris
2010 2594 2150 2650 prat-

559 2676 736 2746 eeptis
787 2682 842 2730 et
887 2673 1244 2746 dogmatibus
1291 2674 1616 2744 compingas
1662 2673 1822 2744 quasi
1877 2673 2069 2740 clavis,
2093 2680 2150 2728 et

559 2766 754 2838 rapide
783 2777 948 2838 atque
987 2767 1161 2822 multo
1192 2774 1395 2822 conatu
1421 2773 1758 2820 tentatorum
1777 2764 2018 2822 evadens
2045 2763 2148 2820 llu-

559 2867 685 2916 ctus
726 2859 795 2915 ad
839 2874 1066 2915 serenos
1100 2868 1296 2929 portus
1338 2868 1394 2915 et
1433 2858 1605 2929 patris
1645 2859 1956 2916 tutissimas
1985 2874 2144 2914 man-

558 2953 745 3008 siones
768 2953 1044 3024 appellere
1073 2953 1276 3023 possis.

631 3135 738 3191 M5
777 3135 1012 3201 Quilibet
1042 3134 1220 3190 tendat
1254 3135 1538 3205 proﬁcere,
1573 3143 1680 3190 etc.

628 3229 822 3298 Quoad
849 3229 1224 3302 praestantiam
1258 3235 1353 3284 aut
1387 3228 1626 3298 primum
1662 3225 1928 3298 gradum,
1957 3227 2142 3284 nullus

561 3340 591 3379 a
626 3338 714 3380 me
751 3321 948 3378 edetur
990 3335 1208 3388 sermo,
1263 3321 1340 3375 ait
1381 3318 1710 3375 humilitatis
1756 3318 1816 3374 S.
1859 3335 2140 3376 commen-

562 3422 743 3480 tator,
772 3413 953 3484 quivis
990 3422 1117 3468 ante
1159 3427 1248 3468 me
1284 3419 1624 3483 praecurrat,
1657 3426 1688 3466 a
1721 3413 1934 3483 Droque
1969 3413 2142 3483 pluris

561 3507 868 3562 aestimetur
891 3504 1038 3560 sicut
1066 3503 1169 3574 ipsi
1203 3504 1605 3573 beneplacitum
1633 3501 1925 3566 videbitur,
1959 3519 2140 3559 meum

562 3614 672 3653 non
699 3604 785 3654 est
819 3597 1028 3668 primos
1063 3595 1268 3666 gradus
1315 3595 1574 3666 diligere;
1613 3601 1826 3650 tantum
1862 3595 1972 3651 Deo
2011 3597 2136 3651 sub-

559 3692 690 3763 jecti
716 3698 894 3747 estote
917 3703 1110 3744 omnes
1139 3688 1194 3742 in
1220 3687 1451 3753 mundo,
1471 3688 1630 3758 siqui
1662 3687 1958 3757 sapientes,
1983 3688 2028 3742 si
2047 3689 2142 3759 qui

563 3791 840 3856 potentes,
868 3781 913 3838 si
947 3782 1038 3853 qui
1065 3779 1264 3838 divites
1294 3789 1349 3837 et
1371 3795 1674 3853 pauperes:
1704 3779 1848 3850 quod
1885 3782 2144 3837 omnibus

562 3879 835 3948 reliquum
858 3885 962 3941 est,
995 3889 1025 3928 a
1059 3882 1205 3930 terra
1229 3881 1284 3929 et
1311 3889 1340 3928 a
1363 3873 1624 3929 cordibus
1654 3873 1937 3928 hominum
1961 3889 2146 3928 ascen-

561 3971 756 4025 dentes
796 3966 1184 4038 cogitationes,
1229 3966 1458 4020 sincera:
1492 3973 1547 4019 et
1580 3965 1817 4018 immota:
1851 3974 2017 4035 petra
2053 3975 2146 4019 aut

563 4064 913 4115 ﬁrmamento
963 4058 1253 4136 veritatis,
1305 4055 1529 4112 Christo
1582 4056 1942 4112 adhmreant:
2006 4073 2145 4128 prae-

563 4153 754 4212 sertim
785 4153 921 4208 illud
952 4152 1084 4208 mihi
1112 4150 1253 4206 dixit
1281 4149 1666 4208 mstimandutn
1695 4149 1854 4206 valde
1889 4167 1902 4202 :
1931 4167 2144 4222 nempe,

563 4247 774 4303 sedenti
810 4247 866 4301 in
910 4255 1073 4301 trono
1111 4246 1354 4317 glorioso
1389 4253 1442 4300 et
1487 4258 1517 4299 a
1562 4253 1708 4300 terra
1746 4244 1813 4299 ad
1853 4247 2051 4300 coelum
2091 4247 2145 4300 in

563 4337 855 4394 sacriﬁciis
896 4339 1127 4408 populos
1174 4346 1364 4393 sancte
1415 4337 1684 4408 erigenti,
1732 4347 2002 4407 quantum
2052 4336 2146 4391 tali

564 4431 764 4486 durum
808 4438 863 4486 et
904 4430 1148 4500 periculo
1193 4431 1412 4502 plenum
1456 4439 1544 4486 est
1591 4431 1900 4487 tenebrosis
1941 4431 2150 4500 cogita-

565 4521 813 4576 tionibus
843 4528 938 4575 aut
962 4521 1222 4591 operibus
1242 4522 1522 4577 Christum
1553 4522 1909 4586 inhonorare,
1936 4530 2147 4576 tantum

563 4617 736 4671 decus
799 4623 1062 4684 tantaque
1107 4614 1238 4668 mihi
1286 4615 1392 4670 erit
1429 4614 1627 4686 gloria,
1681 4615 2148 4685 irreprchensibili

563 4709 632 4763 ad
665 4708 835 4763 Deum
866 4708 1170 4765 accedenti.
1210 4727 1228 4759 ι
1266 4705 1399 4761 Nam
1425 4723 1710 4764 mensuras
1733 4707 1850 4771 Dei,
1896 4729 1913 4760 ι
1947 4715 2002 4762 et
2033 4723 2148 4779 seq.

564 4800 721 4866 Quod
757 4799 925 4867 dicit,
958 4800 1069 4856 tale
1108 4799 1239 4853 mihi
1277 4798 1495 4854 videtur
1527 4817 1539 4853 :
1583 4799 1845 4853 nimirum
1877 4799 2021 4868 quod
2062 4784 2151 4854 se-

563 4894 807 4948 cundum
857 4908 1172 4948 mensuram
1231 4892 1549 4946 donationis
1607 4891 1814 4948 Christi
1860 4907 2025 4962 quam
2083 4893 2151 4946 ab

563 4984 725 5040 initio
753 4983 1111 5039 credentibus
1161 4983 1467 5049 distribuit,
1508 4993 1560 5037 et
1610 4983 1746 5052 ipsis
1795 4983 1902 5037 vita
1953 4983 2151 5037 subse-

564 5087 785 5149 qnetur.
837 5077 900 5132 Et
933 5079 1053 5134 vice
1088 5093 1288 5133 versa:
1332 5077 1636 5132 secundum
1675 5077 1798 5132 vitae
1836 5092 2150 5132 mensuram

566 5171 813 5238 ipsorum
845 5175 898 5223 et
931 5169 1183 5224 laborum
1209 5169 1493 5224 mercedes
1515 5183 1544 5222 a
1577 5167 1686 5223 Deo
1731 5176 2044 5234 occurrent;
2071 5168 2153 5223 sic

569 5259 787 5328 sapiens
807 5266 861 5314 et
885 5259 1041 5330 juxta
1070 5260 1210 5315 hanc
1241 5261 1414 5331 legem
1446 5274 1698 5316 securam
1719 5269 1773 5316 et
1792 5260 1930 5316 bene
1964 5261 2152 5330 dispo-

571 5348 734 5403 sitam
769 5348 823 5402 in
860 5349 1157 5407 virtutibus
1188 5353 1397 5407 ducens
1429 5354 1595 5406 vitam
1626 5352 1680 5406 in
1714 5365 1946 5422 corpore
1977 5351 2152 5421 degis;

570 5457 679 5497 non
707 5442 885 5496 solum
907 5443 1012 5499 hoc
1042 5446 1136 5500 tibi
1176 5446 1404 5511 bonum,
1434 5446 1530 5501 sed
1561 5454 1616 5500 et
1659 5445 1940 5516 deinceps,
1975 5454 2158 5500 trans-

491 5603 507 5616 .
571 5538 694 5588 ecta
727 5535 1015 5593 tenebrosa
1062 5538 1173 5592 vita
1218 5548 1311 5594 tua
1339 5547 1393 5594 et
1417 5539 1634 5594 mortali
1667 5557 1788 5611 quae
1841 5540 2006 5596 hodie
2037 5538 2154 5595 lluit

572 5633 809 5688 transitu
839 5632 1042 5696 soluto,
1071 5646 1196 5686 cum
1220 5633 1429 5703 optimo
1446 5640 1732 5703 apparatu.
1760 5635 2153 5691 comitantibus

641 5784 755 5857 (ἒῖ)
787 5777 947 5857 (ξοῲ,
977 5783 1283 5857 ἡρμοσμέν.
1323 5786 1416 5837 καὶ
1452 5784 1933 5857 συμπεπηγμὲνον.

649 5855 761 5927 ('58)
793 5854 952 5922 Cod.,
989 5854 1440 5926 πρεποὸέστατον.
1498 5895 1522 5920 ρ

1892 346 2190 406 NICETAS
2265 345 2472 403 DAVID
3667 350 3742 404 7'18

2241 481 2394 535 ματι,
2427 461 2522 517 καὶ
2549 460 2625 533 μὴ
2648 461 2715 516 τὰ
2741 479 2806 516 πε
2817 459 2979 533 ρισσὰ
3001 457 3096 514 τοῦ
3132 457 3247 530 βίου
3277 457 3467 528 φιλεῖν,
3487 457 3571 512 καὶ
3593 459 3744 530 Ore-au.

2239 553 2410 625 ρίζειν
2456 552 2718 623 ματαίους
2771 552 2864 605 ἐπὶ
2922 552 3026 622 γῆς
3079 549 3406 621 θησαυροὺς,
3459 550 3542 602 τὸν
3580 553 3674 604 ναὸν
3705 555 3744 606 ει

2237 647 2361 706 ταῖς
2399 645 2660 714 ἀσκήσεσι
2709 643 2992 715 καθαίρειν
3034 642 3127 697 καὶ
3167 642 3368 704 πάσαις
3388 639 3621 710 ,βελτιιὼ
3659 645 3745 714 ἀει-

2241 739 2376 800 ταῖς.

2241 852 2342 906 156
2359 852 2520 920 Νηύς
2547 852 2656 923 γὰρ
2668 853 2958 922 μεγάλοιο
2995 849 3142 904 Θεοῦ
3159 849 3400 919 βροτός,
3423 867 3474 903 κ.
3499 867 3543 904 τ.
3563 852 3606 906 λ.

2309 942 2498 998 Εἰπὼν
2539 945 2622 998 ὃτι
2665 944 2772 1016 χρὴ
2816 944 3044 1013 κοσμεῖν
3095 941 3187 995 τὸν
3218 942 3345 994 ναὸν
3377 943 3468 996 καὶ⁸
3495 943 3573 996 ἀεὶ
3606 943 3745 1012 eam

2240 1040 2434 1103 ποιεῖν,
2463 1037 2547 1102 τίς
2578 1037 2714 1092 ότοῦ
2745 1035 2882 1089 Θεοῦ
2911 1033 3038 1098 ναδς
3065 1025 3221 1097 οὗτός
3245 1034 3415 1098 ἐστιν,
3441 1033 3498 1087 ὃν
3513 1036 3743 1105 πεποίηκεν

2239 1131 2268 1183 ὁ
2307 1130 2531 1201 Κύριος,
2562 1130 2727 1195 εὐθὺς
2753 1128 2950 1198 ἐπάγει
2988 1127 3081 1180 τὸν
3117 1125 3402 1198 ἄνθρωπον
3439 1122 3577 1190 εἶναι,
3609 1130 3744 1190 ὃςὰπὺ

2239 1223 2343 1292 γῆς
2375 1222 2470 1274 καὶ
2524 1219 2620 1274 τοῦ
2673 1221 2862 1292 γηῒνου
2893 1219 3237 1290 φρονήματος
3264 1217 3363 1288 τῆς
3414 1217 3536 1286 πρὸς
3556 1218 3660 1270 Otila
3681 1220 3745 1272 ni

2240 1311 2332 1364 τὸν
2354 1309 2582 1382 οὐρανὸν
2608 1309 2914 1381 ἀρξάμενος
2951 1308 3240 1378 κινήσεως,
3273 1305 3364 1358 διά
3398 1303 3662 1374 πνεύματος
3687 1305 3742 1356 ai-

2246 1419 2396 1472 ρεται
2455 1399 2616 1470 ὑψοῦ.
2645 1399 2848 1454 Τοῦτον
2905 1399 3036 1468 ἐγὼ,
3088 1399 3251 1469 φησιν
3289 1398 3319 1450 ὁ
3368 1397 3503 1468 ἱερὸς
3540 1395 3741 1464 θεολόγος,

2244 1495 2409 1546 πᾶσιν
2432 1492 2618 1564 ἔργοις
2665 1492 2762 1545 καὶ
2800 1490 2980 1560 λόγοις
3026 1489 3251 1559 ἀγαθοῖς
3281 1487 3453 1556 εύώδη
3487 1490 3656 1558 τηρεῖν,
3679 1490 3743 1540 καὶ

2243 1584 2361 1656 Θεῷ
2407 1585 2698 1657 εὐάρεστον
2768 1584 2862 1638 καὶ
2937 1585 3160 1654 δόκιμον
3235 1579 3542 1650 φυλάσσειν,
3589 1582 3651 1640 εἰς
3687 1582 3745 1632 ἀεὶ

2245 1676 2524 1748 παραινῶ·
2555 1675 2642 1730 ἀεί
2682 1693 2743 1729 τε
2795 1674 2934 1729 κατὰ
2957 1673 3083 1728 νοῦν
3115 1673 3309 1742 ἔχοντα
3343 1670 3433 1724 τὸν
3476 1669 3666 1740 Χριστὸν
3687 1669 3743 1720 ἐν·

2251 1769 2368 1839 ιδρυ
2377 1768 2556 1839 μένον,
2588 1769 2682 1820 καὶ
2697 1767 2785 1820 ἀεὶ
2809 1766 2971 1835 ἁγνὸν
2995 1765 3144 1827 ὂντα,
3172 1764 3233 1816 ού
3263 1760 3534 1822 δοκοῦντα,
3559 1758 3744 1828 etiam

2249 1879 2307 1915 τε
2329 1861 2407 1932 τῷ
2426 1861 2560 1922 ὄντι,
2592 1860 2705 1914 ἀλλ’
2727 1861 2826 1914 ούκ
2846 1859 3021 1931 οἰήσει
3042 1857 3172 1928 ψιλῇ
3209 1853 3552 1926 νομιζόμενον
3570 1850 3743 1904 τοιοῦτον

2249 1951 2411 2018 εἶναι,
2474 1954 2586 2023 ἐγὼ
2640 1952 3117 2025 παρακελεύομαι·
3165 1949 3264 2004 καὶ
3311 1949 3384 2020 μὴ
3420 1947 3587 2018 ὥσπερ
3615 1946 3741 1998 πλοῖον

2253 2047 2424 2119 μίλτῳ
2445 2047 2536 2100 καὶ
2560 2045 2812 2118 χρώμασι
2835 2042 3306 2115 διαντιζόμενον,ἧ
3327 2057 3436 2093 τισι
3452 2039 3604 2101 ἄλλοις
3621 2053 3743 2108 παρα·

2251 2141 2446 2211 σήμοις
2473 2138 2726 2192 κάλλεσιν
2753 2137 3086 2208 ἀστράπτον,
3114 2137 3229 2198 τοῖς
3258 2134 3360 2205 τῆς
3399 2127 3635 2200 θαλάσσης
3671 2129 3741 2182 νὼ-

2248 2247 2360 2294 τοις
2387 2229 2633 2283 ἐπιπλεῖ·
2661 2229 2736 2301 μὴ
2781 2229 2877 2283 καὶ
2901 2229 2965 2282 σὺ
3012 2226 3301 2300 χρώμασιν
3338 2224 3476 2279 οὕτω
3492 2223 3578 2294 τῆς
3601 2220 3742 2292 ἀρετῆς

2250 2323 2544 2377 ποικίλλων
2560 2321 2770 2388 ἑαυτὸν,
2789 2321 2884 2376 καὶ
2901 2319 3007 2374 ύπδ
3019 2319 3128 2373 τῶν
3149 2317 3402 2390 ὁρώντων
3417 2313 3740 2386 θαυμαζόμενος

2249 2413 2342 2467 καὶ
2373 2411 2784 2483 ἐπαινούμενος,
2819 2411 2878 2463 ὲν
2914 2408 3202 2481 ὑποκρίσει
3261 2404 3514 2476 διαλάθης
3561 2402 3741 2472 ἐκπερῶν

2245 2504 2340 2557 τὸν
2383 2503 2498 2574 βίον
2523 2519 2537 2533 ·
2587 2501 2757 2573 μιμοῦ
2795 2501 2850 2554 δὲ
2899 2499 3033 2556 ναῦν
3063 2498 3281 2569 ἀγαθην
3306 2497 3398 2552 xui.
3420 2496 3740 2567 ίσχυρὰν,κραο

2246 2593 2451 2657 τίστοις
2481 2593 2575 2646 καὶ
2602 2591 2978 2664 στερῤοτάτοις
3010 2589 3104 2644 τοῦ
3145 2588 3460 2660 Πνεύματος
3488 2587 3640 2656 νόμοις
3673 2582 3734 2635 καὶ

2247 2685 2484 2757 Χριστοῦ
2519 2685 2694 2757 Ἰησοῦ
2718 2685 2793 2749 ὼς
2823 2683 3108 2757 ναυπηγοῦ
3141 2681 3475 2754 δικαιώμασι
3502 2679 3582 2732 καὶ
3607 2677 3740 2744 δόγμα-

2248 2798 2333 2835 σιν
2348 2775 2437 2836 οῗα
2451 2781 2684 2852 γόμφοις
2704 2782 2738 2852 ἡ
2749 2780 3060 2852 ρμοσμένην
3079 2778 3191 2846 (57)
3213 2778 3312 2831 καὶ
3335 2794 3398 2830 συ
3406 2772 3738 2846 μπεπηγμένην.

2245 2874 2414 2939 ὀξέως
2446 2892 2505 2928 τε
2533 2876 2628 2928 καὶ
2653 2874 2886 2937 εὐτόνως
2908 2873 2977 2926 τὰ
3012 2872 3123 2925 τῶν
3143 2868 3509 2940 πειραζόντων
3524 2861 3737 2918 διεκδύνων

2247 2963 2488 3034 κύματα,
2516 2963 2652 3035 πρὸς
2671 2963 2798 3024 τοὺς
2818 2961 3107 3035 γαληνίους
3134 2961 3340 3033 ὅρμους
3366 2959 3454 3013 καὶ
3479 2956 3739 3026 aucupium:

2249 3055 2342 3110 τοῦ
2373 3056 2588 3129 Πατρὸς
2613 3054 2951 3118 καταπαύοις
2987 3055 3176 3126 μονάς.

2355 3151 2459 3204 145
2483 3148 2608 3216 Πᾶς
2626 3149 2743 3219 μὲν
2771 3149 2849 3202 τοι
2874 3147 3256 3217 προπάροιθε,
3284 3164 3338 3198 κ.
3370 3161 3420 3197 τ.
3446 3144 3488 3196 λ,

2317 3243 2454 3315 Περὶ
2506 3243 2890 3314 προτιμήσεως
2937 3241 2969 3311 ἢ
3017 3241 3147 3312 περὶ
3201 3238 3578 3310 πρωτοκλισίας
3621 3229 3734 3289 οὐδείς

2252 3351 2342 3406 μοι
2372 3333 2595 3405 λόγος,ὁ
2619 3334 2718 3404 τῆς
2759 3330 3262 3403 ταπεινοφροσύνης
3312 3331 3572 3398 ὑποφήτης
3603 3324 3734 3389 λέγει·

2248 3426 2357 3489 πᾶς
2389 3423 2694 3497 ἔμπροσθέν
2743 3439 2846 3494 μου
2892 3422 3241 3494 προτρεχέτω
3275 3423 3370 3474 καὶ
3412 3412 3737 3488 προτετιμήπθω

2249 3515 2325 3587 τῷ
2369 3515 2510 3586 Θεῷ,
2556 3515 2633 3578 ὼς
2681 3513 2748 3568 ἂν
2781 3513 3095 3584 παρασταίη
3136 3512 3390 3583 ἀρεστόν.
3432 3509 3500 3562 Ob
3529 3506 3614 3574 γὰρ
3639 3502 3736 3568 φιλο·

2249 3608 2550 3680 πρωτεύειν
2583 3608 2771 3679 ἔμοιγε
2807 3623 2824 3639 ο
2859 3606 3018 3677 μόνον
3046 3605 3102 3658 δὲ
3135 3603 3229 3659 τοῦ
3267 3603 3402 3658 Θεοῦ
3449 3603 3644 3658 ἅπαντες
3681 3595 3735 3656 ἐξ·

2251 3702 2482 3772 έχοισθε,
2507 3703 2706 3765 πάντες
2737 3702 2851 3753 ὅσοι
2868 3698 3006 3752 κατά
3023 3697 3226 3770 κόσμον
3260 3699 3429 3768 σοφοὶ,
3450 3697 3548 3749 ὅσοι
3569 3687 3734 3744 smmi.

2249 3797 2364 3850 ὅσοι
2397 3795 2642 3850 πλούσιοι
2675 3795 2770 3848 καὶ
2799 3793 3005 3872 πεωχοί
3024 3810 3038 3824 ⁸
3066 3793 3136 3846 τὰ
3167 3792 3387 3846 πάντων
3418 3777 3734 3860 πρυμνήπαιοί

2252 3885 2361 3940 ἀπὸ
2392 3885 2492 3957 γῆς
2525 3886 2617 3939 καὶ
2646 3885 2744 3956 τῆς
2782 3885 2959 3938 αὐτῶν
3001 3883 3229 3954 καρδίας
3275 3880 3613 3936 ἀναϐαίνοντες
3638 3873 3734 3933 107'.-

2255 3979 2382 4049 σμοὶ
2403 4018 2418 4038 .
2447 3978 2540 4031 τοῦ
2570 3977 2838 4048 ἀψεύστου
2865 3978 2957 4030 καὶ
2984 3976 3286 4029 ἀσαλεύτου
3315 3969 3532 4045 ἕρματος
3559 3969 3583 4037 ἢ
3608 3961 3732 4030 στηρί-

2252 4089 2460 4142 γματος
2493 4071 2590 4141 τῆς
2621 4071 2878 4141 ἀληθείας
2903 4069 3227 4140 ὲξήφθωσαν
3243 4064 3488 4138 Χριστοῦ·
3507 4061 3682 4132 μάλιστα
3697 4053 3731 4102 δὲ

2185 4213 2190 4218 .
2254 4160 2474 4212 πάντων
2503 4159 2628 4229 ἐμοὶ
2658 4158 2814 4212 τοῦτο
2847 4158 2950 4230 ἔφη
2993 4157 3440 4228 πρεπωδέστατον
3469 4154 3566 4224 (58)
3597 4148 3729 4202 misit

2252 4251 2327 4316 ὡς
2355 4251 2625 4323 ὑψιθρόνῳ
2647 4252 2964 4322 τυγχάνοντι
3003 4253 3098 4304 καὶ
3150 4254 3207 4305 ἐν
3239 4251 3443 4311 θυσίαις
3488 4236 3730 4308 λαῶνὶερῶν

2253 4341 2541 4412 ἡγουμένῳ
2575 4341 2708 4412 πρὸς
2732 4342 2823 4394 τὸν
2855 4342 3082 4413 οὐρανὸν
3109 4341 3217 4394 ἀπὸ
3253 4342 3350 4411 τῆς
3386 4340 3484 4408 (ἧς
3505 4331 3542 4404 ᾧ
3567 4331 3730 4393 τοσούτῳ

2257 4433 2323 4504 βα
2331 4435 2393 4502 ρὺ
2408 4433 2500 4486 καὶ
2514 4433 2830 4496 κινδυνῶδες
2844 4433 3259 4503 ὲσκοτοσμέναις
3281 4429 3530 4497 ἐννοίαιςῆ
3547 4423 3729 4494 πράξεσιν

2256 4525 2543 4594 ἀτιμάζειν
2573 4525 2664 4578 τὸν
2709 4527 2943 4596 Χριστὸν
2963 4568 2976 4590 ,
3009 4526 3116 4596 ὅσῳ
3147 4542 3237 4596 μοι
3268 4525 3416 4586 κλέος
3439 4519 3606 4589 ἀγαθὸν
3631 4515 3728 4565 ἔσται

2257 4619 2352 4672 καὶ
2380 4618 2526 4684 δόξα,
2563 4619 2780 4672 ἐπειδὰν
2809 4619 3121 4690 ἀμωμήτως
3153 4619 3358 4686 ἑγγίσω
3382 4615 3452 4683 τῷ
3469 4610 3583 4679 Θεῷ.

2365 4711 2476 4764 Καὶ
2506 4711 2614 4780 γὰρ
2637 4711 2713 4778 δὴ
2739 4710 3006 4780 μέτροισι
3043 4713 3212 4770 Θεοῦ,
3242 4726 3296 4762 κ.
3321 4725 3370 4762 τ.
3397 4704 3468 4769 ἐξ.

2336 4807 2402 4857 Ὃ
2429 4804 2485 4857 δὲ
2514 4803 2693 4871 λέγει,
2730 4803 2972 4855 τοιοῦτον
3007 4796 3149 4854 εἷναί
3183 4817 3272 4871 μοι
3301 4800 3457 4855 δοκεῖ.
3487 4797 3554 4848 ὃτι
3575 4784 3673 4842 κστᾶ
3688 4785 3726 4834 τδ

2260 4898 2454 4970 μέτρον
2480 4897 2577 4967 τῆς
2601 4896 2806 4967 δωρεᾶς
2828 4895 2921 4948 τοῦ
2945 4893 3178 4965 Χριστοῦ
3201 4893 3302 4962 τῆς
3327 4894 3380 4944 ὲν
3407 4891 3530 4960 ἀρχῇ
3567 4883 3656 4970 (59)-
3673 4877 3725 4926 δε-

2257 4990 2577 5062 δωρημένης
2597 4991 2707 5050 τοῖς
2739 4986 3051 5040 πιστεύουσι
3087 4985 3180 5038 καὶ
3206 4987 3234 5037 ὁ
3264 4983 3373 5053 βίος
3394 4980 3552 5038 αὐτοῖς
3574 4973 3724 5024 dim"

2260 5083 2343 5135 Οεῖ
2365 5098 2376 5111 ·
2399 5081 2493 5134 καὶ
2513 5077 2578 5134 αὖ
2604 5080 2762 5133 πάλιν
2783 5095 2795 5108 ·
2812 5079 2970 5132 Κατά
2991 5078 3057 5130 τὰ
3089 5080 3268 5148 μέτρα
3293 5074 3378 5128 τοῦ
3409 5073 3508 5142 βίον
3532 5060 3724 5150 ἀναλόγῳ

2258 5176 2440 5237 αὐτοῖς
2473 5172 2652 5228 καὶτὰ
2675 5171 2813 5242 γέρα
2835 5171 2942 5224 τῶν
2971 5171 3149 5224 πόνων
3179 5168 3465 5236 ἀπαντήσει
3494 5159 3601 5227 πρὸς
3619 5150 3720 5248 950':-

2258 5265 2414 5320 Οὕτω
2429 5265 2482 5318 δὲ
2504 5263 2717 5336 φρονῶν
2748 5263 2840 5316 καὶ
2880 5262 3018 5314 κατά
3043 5260 3189 5314 τόνδε
3206 5259 3292 5312 τὸν
3321 5257 3476 5310 τύπον
3505 5251 3551 5301 ἐν
3576 5247 3723 5340 ips-Ivi;

2256 5357 2568 5420 διαϐιώσας,
2611 5354 2825 5424 ἀσφαλῆ
2876 5353 2968 5407 καὶ
3015 5353 3302 5423 εὐάρεστον
3343 5338 3629 5413 Biar-capud:
3661 5342 3723 5393 την

2256 5453 2312 5504 έν
2343 5449 2552 5518 σώματι
2583 5448 2766 5518 ζωήν·
2803 5445 2862 5498 οὐ
2903 5445 3059 5516 μόνον
3093 5444 3178 5507 δὲ,
3216 5441 3347 5496 ἀλλὰ
3373 5438 3457 5492 και
3481 5428 3720 5520 μετέῖε²ῗ³⁹

2253 5541 2348 5596 τοῦ
2381 5539 2641 5603 σκιώδους
2673 5541 2789 5610 βίου
2827 5556 2918 5593 σου
2954 5537 3110 5592 τοῦδε
3139 5536 3233 5590 καὶ
3263 5526 3484 5603 φθαρτοῦ
3519 5525 3566 5574 ἐν
3598 5521 3722 5610 Ἦλῗῇ

2253 5635 2431 5700 ἐξόδου
2473 5607 2736 5705 λυομένου
2759 5675 2772 5699 ,
2811 5632 2906 5684 σὺν
2942 5631 3138 5702 ἀρίστῃ
3165 5628 3348 5700 πομπῇ
3375 5620 3459 5676 και
3485 5607 3631 5682 ὁδηγί(ἕ
3653 5607 3720 5659 ἀγ.

2331 5789 2445 5861 (59)
2480 5787 2638 5854 σοι,
2659 5788 2880 5860 ἐναρχή.
