3814 6512
84 498 230 571 γέλων
255 486 375 543 Θεοῦ
414 488 680 559 κρείττονι
727 487 808 553 είς
847 488 947 552 τὰς
977 488 1087 543 τῶν
1122 492 1410 564 μακαρίων
1441 508 1610 544 καταο

85 588 266 647 παύσας
299 579 521 649 σκηνὰς,
556 582 649 634 τὸν
694 580 905 635 ἑστῶτα
934 583 1026 635 καὶ
1056 582 1249 637 ἄλυτον
1292 585 1388 637 σὺν
1428 585 1614 648 αὐτοῖς

81 676 328 739 διιιωνίως
348 672 402 723 ὲν
430 670 725 743 Πνεῦματι,
750 675 811 725 ὲν
836 672 1057 743 Χριστῷ
1100 674 1273 743 Ἰησοῦ
1302 673 1613 739 διαὸιώσεις

84 782 175 841 βίον
200 784 210 796 ·
232 758 320 833 ᾦή
349 762 469 827 δόξα
497 764 579 827 είς
607 764 734 827 τοὺς
760 765 961 827 αίῶνας
987 766 1098 818 τῶν
1127 765 1356 819 αἰώνων.
1414 768 1607 838 Ἀμήν.

80 860 191 931 Περὶ
222 856 407 928 ἀρετῆς
433 855 773 926 ἀνθρωπίνης
802 856 958 925 λόγος
989 856 1051 914 θ’.

87 972 380 1042 Ἐξήγησις
399 971 493 1042 sic
526 968 595 1042 τὰ
623 969 930 1038 ἀπόρῤητα
949 968 1065 1042 ⁸τοῦ
1092 969 1368 1042 μεγάλου-
1387 970 1611 1042 Γρηγο-

126 1038 248 1113 plot)
264 1038 362 1113 τοῦ
381 1040 672 1113 Θεολόλγου
683 1043 839 1106 Ἔπη
854 1042 926 1096 τὰ
937 1038 1044 1113 διὰ,
1056 1040 1457 1109 ἠρωελεγείων
1472 1039 1608 1110 (40).

135 1110 258 1181 Περὶ
286 1110 520 1179 φύσεως
542 1110 937 1176 ἀνθρωπίνης.
964 1112 1150 1179 Λόγος
1182 1116 1234 1163 ι’.

129 1222 474 1291 Φιλοσοφήσας
505 1223 533 1274 ὁ
562 1220 961 1290 θεοσοφώτατος
986 1222 1113 1292 περὶ
1142 1222 1240 1291 τῆς
1262 1220 1613 1293 ἀνθρωπίνης

74 1318 266 1390 ἀρετῆς,
294 1315 391 1367 ὅσα
432 1315 465 1383 ή
515 1312 625 1367 τῶν
676 1314 812 1367 ὅλων
860 1316 1091 1385 τεχνῖτις
1149 1313 1262 1384 (41)
1310 1314 1615 1384 ὑπέρσοφος

72 1410 348 1480 ἐδωρήσατο
413 1406 607 1474 σοφία,
664 1405 753 1459 διὰ
812 1406 919 1459 τῶν
984 1406 1358 1476 προκειμένων
1409 1404 1614 1458 τούτων

75 1502 203 1557 ἐπῶν
233 1499 353 1570 περῖΙ
382 1499 553 1568 αὐτῆς
583 1498 683 1568 τῆς
702 1498 809 1550 τῶν
832 1496 1134 1572 ἀνθρώπων
1160 1497 1372 1566 φύσεως
1394 1497 1617 1567 διαλαμ-

72 1596 221 1656 ϐάνει,
251 1590 308 1645 τὸ
338 1589 575 1660 φθαρτόν
603 1606 662 1642 τε
687 1590 859 1659 αὐτῆς
891 1590 985 1642 καὶ
1010 1588 1298 1660 οὐδαμινὸν
1329 1590 1423 1641 καὶ
1451 1590 1616 1659 εὐμε-

73 1685 266 1739 τάϐολον
292 1681 811 1752 διακωμῳδούμενος
840 1680 983 1734 οὕτω
1001 1681 1150 1749 λέγει
1167 1698 1180 1711 ’

73 1780 91 1830 l
126 1774 312 1836 Χθιζὸν
337 1773 448 1845 (42)
478 1773 641 1843 ἐμοῖς
670 1772 922 1842 ἀχέεσσι
947 1774 1327 1843 τετρυμένος,
1353 1792 1407 1828 κ.
1438 1791 1483 1829 τ.
1506 1776 1555 1828 λ.

127 1868 254 1930 Χθὲς
282 1866 373 1920 καὶ
406 1864 599 1935 πρώην
619 1904 634 1927 ,
666 1864 830 1935 φησὶν
864 1866 893 1918 ό
931 1865 1222 1936 θεόληπτος
1257 1868 1611 1939 ἱεροφάντης,

71 1962 201 2022 ἰδίοις
222 1958 395 2029 ψυχῆς
422 1958 668 2025 ἄλγεσιν,
735 1957 913 2021 ἀνίαις
953 1974 1015 2010 τε
1059 1959 1153 2012 καὶ
1193 1960 1407 2025 ὀδύναις
1443 1979 1614 2015 κατα-

67 2049 390 2119 τρυχόμενος,
445 2046 664 2099 πάντων
719 2047 1097 2117 ἀπομονωθεὶς
1148 2050 1241 2101 ἐπί
1291 2067 1344 2102 τι
1396 2052 1611 2121 σκιερὸν

66 2144 203 2202 ἄλσος
231 2138 457 2207 ἐκείμην
480 2181 495 2203 ,
537 2138 865 2209 δακνόμενος
898 2139 997 2211 τὴν
1034 2139 1285 2210 αἴσθησιν
1324 2142 1418 2194 καὶ
1444 2158 1613 2195 κατα-

63 2229 335 2299 τηκόμνος
358 2242 374 2260 ⁸
398 2229 499 2281 καὶ
518 2228 627 2298 γάρ
655 2246 744 2299 μοι
777 2227 935 2282 τοῦτο
965 2229 1116 2298 φίλον
1144 2231 1231 2284 ἀεὶ
1259 2230 1447 2302 ὥσπερ
1476 2233 1614 2303 φάρ-

67 2339 217 2392 μακον
240 2320 355 2390 ίατή
366 2337 501 2391 ριον,
538 2322 595 2372 ὲν
619 2320 912 2393 αὐστηροῖς
937 2322 1166 2376 πάθεσιν
1190 2323 1509 2395 όδυνωμένῳ
1536 2325 1615 2396 τῷ

64 2416 166 2468 καθ’
197 2414 419 2483 ἡσυχίαν
460 2412 682 2483 ἐμαυτῷ
731 2415 1071 2486 προσλαλεῖν.
1112 2412 1284 2487 Λῦραι
1323 2417 1379 2469 δὲ
1420 2418 1616 2471 λεπταὶ

62 2507 221 2577 ἠρέμα
246 2504 607 2575 περιηχοῦσαι
630 2505 721 2557 τὸν
758 2505 897 2576 ἀέρα
921 2546 936 2570 ,
967 2506 1083 2577 ἅμα
1119 2509 1230 2569 τοῖς
1262 2506 1477 2577 ᾠδικοῖς
1518 2508 1614 2578 δρ-

63 2618 181 2653 νισιν
213 2595 360 2671 ᾇσμα
403 2596 692 2652 κελαδοῦσι
740 2600 903 2653 καλὸν
948 2601 1043 2654 καὶ
1078 2600 1309 2671 τερπνὸν
1354 2600 1462 2654 ἀπὸ
1507 2601 1616 2655 τῶν

64 2688 374 2761 ἀκρεμόνων,
416 2689 625 2760 καίπερ
649 2690 931 2743 ὲκπνέοντί
970 2708 1060 2758 μοι
1085 2691 1184 2761 τὴν
1215 2690 1415 2761 ψυχὴν,
1446 2691 1615 2762 ὅμως,

64 2782 208 2834 ὕπνον
250 2781 471 2849 ἥδιστον
518 2781 834 2851 ἐχαρίζοντο
887 2784 981 2836 καὶ
1031 2783 1289 2853 μαλακόν.
1343 2782 1491 2837 Ἐκεῖ
1530 2783 1617 2855 δή,

65 2873 209 2941 φησὶ,
241 2874 331 2926 καὶ
363 2874 411 2925 oi
443 2874 690 2942 τέττιγες
714 2875 762 2926 οἱ
795 2873 887 2927 τοῦ
921 2875 1068 2944 ἡλίου
1106 2876 1286 2944 φίλοι,
1313 2877 1361 2928 οί
1392 2874 1619 2947 λιγυρὰν

62 2967 142 3018 καὶ
163 2965 330 3032 ὀξεῖαν
356 2966 472 3020 ἀπὸ
502 2966 596 3019 τοῦ
631 2969 858 3039 στήθους
896 2970 1202 3041 μελίζοντες
1230 2970 1327 3041 τὴν
1354 2968 1617 3040 φθογγήν,

62 3057 366 3128 ἐπηχοῦντες
406 3058 532 3111 ὅλον
566 3061 835 3132 ἐπλήρουν
871 3062 933 3115 τὸ
975 3062 1138 3125 ἄλσος
1171 3064 1344 3115 ἐκεῖνο
1375 3061 1475 3130 τῆς
1505 3078 1619 3131 φω-

60 3149 407 3221 νῆςοψυχρὸν
467 3150 523 3204 δὲ
577 3151 719 3223 ὕδωρ
761 3154 944 3224 ἠρέμα
988 3154 1056 3206 δι’
1104 3154 1223 3206 ὅλου
1281 3152 1373 3205 τοῦ
1425 3153 1622 3215 ἀλσους

60 3242 346 3313 παραρρέον
410 3243 514 3296 καὶ
553 3244 679 3307 τοὺς
703 3244 868 3315 ἐμοὺς
898 3244 1162 3310 ἐπέκλυζε
1198 3244 1361 3307 πόδας
1388 3244 1545 3314 ’ἐμοὶ
1565 3242 1622 3295 δὲ

56 3334 187 3403 ὅμως
205 3335 596 3405 ἀπαράκλητος
619 3334 912 3406 ἐτύγχανεν
944 3338 976 3406 ή
1010 3336 1176 3407 ψυχή.
1213 3337 1324 3389 Καὶ
1353 3335 1461 3406 γὰρ
1490 3352 1623 3406 κρα-

58 3426 204 3491 ταιῶς
228 3430 290 3498 τῇ
320 3428 475 3499 λύπῃ
506 3427 831 3499 συνειχόμην
854 3468 869 3491 ,
916 3428 1068 3482 οὐδὲν
1108 3424 1268 3499 ἦττον
1294 3427 1326 3499 ἢ
1369 3428 1497 3497 πρὶν
1530 3443 1625 3495 γε-

58 3519 219 3571 νέσθαι
254 3521 368 3573 ἐκεῖ
393 3537 407 3551 °
431 3521 548 3572 τῶν
572 3519 987 3589 κατεπᾳδόντων
1025 3520 1122 3590 μὲν
1144 3521 1253 3591 γὰρ
1286 3522 1380 3573 καὶ
1410 3519 1624 3586 θέλγειν

57 3608 337 3662 δοκούντων
364 3609 548 3672 οὐδεὶς
580 3610 703 3679 ἐμοὶ
741 3609 917 3677 λόγος.
969 3610 1113 3674 Νοῦς
1144 3610 1253 3681 γὰρ
1294 3610 1581 3680 ἀνθρώπου
1608 3648 1623 3672 ,

60 3698 250 3762 πολλοῖς
297 3701 393 3753 καὶ
452 3700 675 3770 δριμέσι
717 3702 901 3765 πόνοις
942 3701 1471 3773 καταϐαρυνόμενος,
1527 3701 1624 3754 οὐκ

58 3790 208 3843 ἐθέλει
231 3791 419 3844 λοιπὸν
457 3790 893 3861 παρακαλεῖσθαι
923 3792 1043 3845 οὐδὲ
1083 3792 1326 3863 τέρψεως
1354 3792 1627 3863 ἀνθρωπί-

60 3898 142 3949 νης
177 3881 352 3951 ἔχεται
390 3884 674 3953 οὐδεμιᾶς.
721 3884 847 3948 Τοῖς
884 3884 978 3937 τοῦ
1019 3884 1108 3937 νοῦ
1147 3885 1201 3937 δὲ
1234 3887 1494 3955 κινήμασι
1534 3888 1627 3939 καὶ

58 3974 159 4035 ταῖς
176 3974 279 4025 τῶν
306 3975 569 4028 ἐναντίων
590 3974 866 4045 λογισμῶν
883 3976 1075 4039 πάλαις
1102 3977 1161 4028 ὲν
1182 3975 1379 4048 καρδίᾳ
1402 3994 1629 4047 συστρε-

65 4065 278 4132 ςόμενος
302 4069 400 4120 καὶ
426 4066 706 4138 περιδινού
716 4084 873 4137 μενος
896 4068 1183 4122 ἐσκόπουν.

58 4152 115 4206 l7
221 4157 318 4223 Τίς
355 4159 626 4226 γενόμην
640 4173 657 4221 ;
689 4158 777 4223 τίς
808 4158 981 4227 δἐῐμί
999 4174 1016 4219 ;
1051 4160 1107 4210 τί
1168 4158 1517 4226 δ’ἓσσομαι;
1556 4160 1628 4212 οὐ

966 4248 1154 4320 [σάφα
1182 4246 1333 4313 οἶδα,
1362 4268 1413 4303 κ.
1436 4268 1484 4303 τ.
1509 4250 1557 4303 λ.

112 4341 202 4403 Τίς
230 4380 245 4403 ,
284 4342 455 4412 φησὶν
480 4381 495 4405 ,
530 4341 797 4412 ἐγενόμην
821 4381 835 4402 ,
877 4343 941 4393 ἐκ
979 4341 1053 4412 μή
1080 4340 1231 4403 ὄντος
1266 4342 1346 4404 εἰς
1394 4341 1454 4394 τὸ
1491 4338 1631 4395 εἶναι

62 4428 249 4495 ὲλθὼν;
281 4433 366 4496 τίς
392 4434 453 4487 δὲ
493 4435 589 4486 νῦν
620 4437 770 4505 εἰμι,
810 4435 932 4487 ἐπεὶ
964 4433 1291 4504 γεγενῆσθαί
1326 4453 1501 4505 (amat;
1539 4434 1631 4487 xui.

58 4518 105 4569 τί
150 4520 289 4588 μετὰ
333 4523 518 4575 ταῦτα
570 4523 796 4594 μάταιος
840 4525 1180 4593 γενήσομαι;
1234 4524 1328 4577 καὶ
1374 4525 1482 4594 γὰρ
1520 4524 1631 4577 οὔτ’

60 4611 206 4675 αὐτὸς
236 4609 355 4667 οἶδα
380 4615 592 4684 σαφῶς,
618 4615 701 4678 τίς
733 4616 764 4685 ή
801 4617 921 4668 κατ’
947 4616 1121 4687 ἀρχὰς
1143 4614 1345 4678 εἴσοδος
1376 4616 1512 4686 πρὸς
1542 4616 1633 4669 τὸν

60 4702 179 4771 βίον,
209 4706 241 4777 ἧ
270 4708 357 4770 τίς
384 4707 802 4779 προ[σ]κόπτων
830 4707 981 4760 ἔνθεν
1015 4707 1142 4777 ἀχρι
1168 4705 1259 4758 τοῦ
1288 4706 1493 4770 τέλους.
1526 4706 1634 4758 Λυ-

58 4795 161 4859 θεὶς
190 4798 385 4853 ἔπειτα
422 4800 509 4863 τίς
539 4800 879 4870 γενήσομαι,
914 4800 1119 4869 φράσον
1162 4813 1178 4829 ο
1225 4799 1317 4851 καὶ
1360 4798 1467 4867 γὰρ
1520 4798 1631 4850 οὔτ’

58 4888 206 4953 αὐτὸς
258 4890 518 4959 ἀκριϐῶς
565 4890 904 4961 ἐπίσταμαι,
960 4888 1075 4942 ἀλλ’
1119 4888 1227 4940 οὐδ’
1280 4892 1516 4949 ἐκεῖνος,
1574 4888 1633 4950 ὃς

59 4980 245 5044 μᾶλλον
283 4983 423 5052 ἐμοῦ
478 4981 787 5052 σοφώτερος
822 4982 1039 5052 εὔχεται
1062 4976 1224 5034 εἶναι·
1257 4979 1333 5049 τῷ
1364 4982 1628 5049 ἐπιπροσ-

56 5069 222 5125 θοῦντι
252 5074 311 5125 δὲ
345 5072 568 5144 σώματι
605 5074 700 5128 καὶ
732 5077 795 5145 τῇ
854 5073 1047 5145 ἀγνοίᾳ
1075 5069 1162 5125 οἷα
1192 5072 1344 5139 νέφει
1372 5072 1525 5141 βαθεῖ
1544 5072 1634 5124 τὸν

54 5163 166 5215 νοῦν
197 5165 657 5236 κεκαλυμμένος,
701 5158 804 5219 ὧδε
839 5166 999 5219 κάκεῖ
1029 5163 1451 5235 περιπλανῶμαι
1475 5203 1489 5229 ,
1534 5182 1635 5233 μα-

120 5365 229 5435 (ιο)
262 5366 457 5420 Carm.
488 5367 641 5435 XIII,
680 5368 827 5438 p.86
853 5409 868 5433 ,
908 5368 994 5421 ed.
1037 5366 1230 5421 Colon.
1291 5382 1345 5438 p.
1381 5365 1515 5431 943,
1550 5366 1639 5420 ed.

57 5428 351 5507 Leuvencl.
385 5438 578 5493 Carm.
618 5428 767 5493 nunc
823 5428 963 5503 XIV,
999 5454 1051 5507 p.
1080 5438 1205 5490 469.

266 5508 435 5579 90¢,
471 5511 767 5579 τεχνηίτις.

124 5576 235 5648 (42)
268 5573 667 5648 Βὶ11.,χθι’ζός;
700 5590 992 5647 utrumque
1022 5576 1395 5631 Homericum.
1422 5608 1493 5618 —-
1513 5573 1643 5643 Οἷος

56 5643 367 5719 ᾁπξίᾶλλων
514 5650 584 5701 ita
630 5651 793 5704 etiam
845 5643 1058 5703 locutus
1097 5658 1181 5702 est
1230 5648 1415 5719 Apoll.
1462 5648 1639 5703 Rhod.

60 5716 96 5793 ξ,
124 5715 222 5795 βο,
269 5718 684 5795 ει-ῙτῖρΙ-ιίοά.
717 5720 843 5795 εει,
896 5728 973 5795 ct_
999 5720 1232 5795 fortasse
1258 5715 1370 5795 alii
1423 5734 1641 5795 quoque

61 5786 329 5844 imitantes
351 5785 891 5853 illudillomericum,
924 5785 1032 5854 οἷος
1052 5790 1228 5843 ἄνευθ’
1250 5785 1452 5853 ἀλλων,
1476 5785 1638 5843 Iliad.

60 5869 189 5926 ml,
242 5860 335 5928 59,
409 5862 469 5915 iu
521 5862 705 5917 eadem
750 5861 980 5917 formula
1056 5877 1107 5914 v.
1159 5856 1267 5923 οἷος
1308 5877 1407 5931 pro
1448 5861 1639 5932 μοῦνος

1047 376 1114 432 IN
1149 378 1453 435 CARMINA
1492 377 1773 437 ARCANA
1810 378 1867 435 S.
1910 378 2257 435 GRLGORII.

3176 385 3279 443 736

1720 490 1933 561 angelis
1978 488 2069 543 Dei
2116 490 2314 544 melius
2360 488 2534 545 adhuc
2565 496 2667 552 erit
2697 492 2814 558 tibi,
2837 491 2973 551 acin
3011 490 3292 549 beatorum

1720 583 2074 638 tabernacula
2114 580 2305 651 reqttie
2345 582 2618 637 fruiturus
2654 584 2933 642 avelabis.
2975 594 3027 641 et
3076 603 3295 657 perma-

1720 674 1867 728 nenti
1887 672 2183 741 stabilique
2204 673 2511 727 aeternitate
2527 689 2649 727 cum
2675 676 2808 743 ipsis
2839 676 2892 728 in
2914 673 3297 748 S_piritu,vives

1719 764 1778 818 in
1824 762 2048 816 Christo
2089 761 2243 825 Jesu,
2282 763 2369 817 cui
2401 763 2573 834 gloria
2615 764 2667 816 in
2711 766 2911 820 saecula
2945 770 3295 822 saeculormn.

1720 855 1919 909 Amen.
1952 853 2027 908 De
2056 854 2239 908 anima
2271 854 2511 908 humana
2544 871 2726 910 sermo
2753 855 2807 909 9.

1722 962 2527 1039 Commentariusflrcanorum
2562 966 2739 1039 magni
2776 965 3011 1039 Gregorii
3052 968 3298 1039 Tlteologi

1793 1035 2090 1087 carminum
2147 1034 2523 1100 distichorum,
2574 1034 2880 1089 de’natura
2922 1038 3151 1091 humana
3189 1034 3301 1093 sc}—

1786 1120 1869 1158 mo
1907 1104 1989 1159 10.

1797 1215 1867 1269 10
1893 1213 2293 1285 Philosophans
2319 1216 2763 1286 sapientissimus
2783 1219 3083 1274 secundum
3106 1219 3297 1285 Deum,

1717 1317 1783 1363 de
1802 1309 2037 1362 humana
2057 1310 2278 1373 virtute,
2294 1326 2416 1379 qual
2435 1311 2818 1364 universorum
2834 1312 3044 1366 doctrix
3063 1313 3301 1381 perfecta

1719 1400 1869 1454 dedit
1902 1400 2204 1470 sapientia,
2242 1401 2331 1453 illa
2378 1416 2472 1469 per
2513 1402 2601 1455 hic
2648 1404 2923 1472 proposita
2957 1405 3201 1457 carmina
3232 1403 3302 1458 de

1720 1502 1916 1547 natura
1939 1492 2222 1547 hominum
2251 1493 2541 1547 reassumit
2560 1501 2724 1562 atque
2745 1496 3151 1563 corruptionem
3179 1494 3302 1563 ejus

1722 1594 1776 1639 et
1804 1582 2068 1638 vilitatem
2094 1590 2149 1636 et
2183 1581 2542 1638 mobilitatem
2574 1583 2807 1640 irridens
2842 1585 2924 1639 sic
2954 1585 3196 1655 loquitur
3230 1604 3244 1640 :

1720 1758 1744 1812 1
1843 1756 1967 1812 Heri
1998 1756 2124 1809 meis
2156 1758 2406 1811 wrunmis
2429 1758 2714 1826 conlectus,
2745 1765 2851 1812 etc.

1794 1849 1923 1904 I'Ieri
1953 1857 2008 1904 et
2042 1848 2245 1903 nudius
2270 1850 2488 1915 tertius,
2524 1851 2600 1903 ait
2630 1851 2850 1905 divinus
2883 1850 3173 1920 interpres,
3205 1866 3303 1904 an-

1720 1943 1947 2013 goribus
1978 1942 2173 1996 anima:
2204 1942 2503 1997 comitibus
2524 1980 2539 2003 .
2561 1942 2801 1996 miseriis
2827 1953 2986 2012 atque
3019 1944 3306 2001 doloribus

1723 2035 2057 2105 implicatus,
2083 2034 2150 2088 ab
2174 2034 2430 2089 omnibus
2450 2034 2765 2097 derelictus,
2792 2035 3050 2089 umbroso
3083 2036 3135 2088 in
3168 2052 3308 2106 quo-

1718 2125 1842 2180 dam
1880 2140 2101 2180 nemore
2130 2124 2401 2194 iacebam,
2440 2125 2634 2180 mentis
2663 2141 2899 2180 maerore
2934 2127 3221 2183 confectus
3253 2138 3305 2183 ct

1720 2224 2063 2287 prostratus:
2106 2216 2286 2285 placet
2324 2217 2466 2270 enim
2505 2231 2720 2285 semper
2753 2218 2885 2271 mihi
2919 2220 3075 2289 quasi
3128 2237 3308 2276 reme-

1720 2310 1868 2364 dium
1898 2322 2123 2373 sanans,
2141 2322 2264 2362 cum
2286 2306 2423 2360 dura
2451 2323 2668 2377 pascor,
2694 2310 2903 2378 placide
2930 2326 3139 2365 mecum
3171 2328 3309 2368 con-

1720 2397 1951 2453 versari.
1972 2400 2134 2451 Aurze
2164 2396 2309 2451 leves
2334 2396 2480 2451 dulci
2514 2412 2746 2451 susurro
2771 2415 2867 2468 per
2896 2415 3021 2454 aera
3050 2417 3157 2455 una
3181 2417 3307 2456 cum

1722 2486 2181 2553 modulatricibus
2199 2486 2394 2541 avibus
2407 2486 2711 2543 cantilenas
2726 2489 3025 2544 concinunt
3054 2492 3310 2559 pulchras

1722 2588 1775 2635 et
1808 2594 2055 2634 alumnas
2082 2579 2315 2635 summis
2337 2578 2392 2631 in
2420 2578 2612 2645 ramis;
2646 2579 2773 2633 inde
2794 2581 2924 2634 mihi
2951 2582 3310 2651 cogitationes

1725 2675 1921 2727 anima:
1991 2672 2270 2727 exhalanti
2325 2670 2633 2740 jucundum
2679 2672 3009 2742 mollemque
3052 2690 3311 2742 procrea-

1724 2767 1857 2821 bant
1900 2779 2177 2821 somnum.
2234 2762 2334 2817 llic
2380 2778 2531 2833 ergo,
2589 2764 2787 2833 inqttit,
2834 2774 2890 2819 et
2938 2766 3072 2819 solis
3122 2767 3311 2819 amicae

1725 2858 1931 2911 cicadae
1957 2870 2222 2911 canorum
2261 2863 2596 2923 acutumque
2621 2855 2793 2907 melos
2826 2871 2854 2907 a
2894 2865 3115 2925 pectore
3148 2860 3311 2910 emit-

1726 2959 1908 3005 tcnles
1955 2948 2233 3003 resonanti
2284 2956 2459 3002 totum
2504 2948 2685 3001 lucum
2728 2948 2875 3002 hunc
2905 2964 3038 3003 voce
3069 2954 3311 3018 compte-

1727 3044 1887 3107 bant;
1914 3041 2157 3112 jucunde
2184 3024 2278 3111 per
2305 3047 2478 3093 totum
2510 3040 2693 3094 lucum
2719 3039 2926 3095 ell‘usus
2959 3039 3191 3106 frigidus
3220 3056 3309 3096 re:

1729 3136 1894 3205 pedes
1942 3150 2093 3189 meos
2138 3131 2565 3197 madefaciebat,
2598 3140 2653 3186 et
2700 3134 2755 3185 in
2817 3146 2903 3185 me
2952 3129 3312 3186 nihilominus

1730 3230 1910 3282 anima
1946 3227 2095 3281 nullo
2134 3225 2329 3280 solatio
2371 3224 2681 3291 levabatur,
2720 3224 2814 3293 qui
2860 3232 3154 3294 antequam
3204 3224 3313 3278 huc

1732 3321 1973 3375 venirem
2012 3317 2288 3373 mmstitize
2328 3316 2632 3386 subjectus,
2673 3325 2905 3371 mtestus
2944 3315 3099 3369 valde
3127 3324 3181 3371 et
3222 3315 3313 3369 hic

1725 3410 2096 3465 remanebam.
2149 3407 2296 3461 Nihil
2346 3408 2411 3461 ad
2464 3423 2551 3463 me
2595 3407 2665 3462 de
2718 3408 3137 3462 susurrantibus
3186 3423 3313 3475 una:

1727 3499 2023 3552 mulcentia
2048 3498 2396 3564 videbantur;
2428 3514 2583 3552 mens
2605 3498 2809 3568 quippe
2841 3498 3102 3559 hominis,
3126 3507 3313 3552 mutus

1725 3600 1778 3647 et
1808 3592 2020 3648 acerbis
2054 3592 2310 3647 laborans
2341 3592 2766 3661 aegritudinibus
2797 3590 3077 3655 solatium,
3102 3590 3311 3643 nullum

1727 3682 1985 3747 admittit,
2014 3696 2115 3736 nec
2160 3681 2288 3737 ullis
2320 3680 2742 3736 oblectamentis
2772 3679 3086 3735 continetur
3123 3677 3316 3731 huma-

1730 3770 1851 3825 nis:
1884 3770 2053 3824 animi
2076 3770 2319 3826 motibus
2340 3781 2394 3826 et
2421 3769 2852 3840 cogitationibus
2894 3769 3038 3822 inter
3087 3782 3146 3822 se
3177 3766 3315 3821 relu-

1729 3861 2005 3915 ctantibus
2037 3862 2203 3916 corde
2234 3861 2534 3927 volutatus,
2569 3860 2891 3916 recollectus
2923 3858 3233 3913 manebatn.

1734 4148 1797 4203 17
1833 4148 1966 4215 Quis
2007 4147 2231 4217 fuerim,
2274 4148 2390 4216 quis
2430 4147 2565 4208 sint,
2618 4143 2745 4215 quid
2785 4144 3000 4213 futurus
3033 4142 3169 4205 sim,
3210 4157 3313 4194 ,ιοη

2628 4239 2795 4309 [δίαγε
2820 4236 3099 4304 perspicio,
3131 4240 3241 4288 etc.

1803 4334 1938 4401 Quis
1967 4333 2145 4388 factus
2175 4347 2317 4399 sum,
2346 4332 2545 4400 inquit,
2567 4353 2593 4389 τι
2615 4346 2721 4383 ιιοη
2740 4344 2861 4384 esse
2886 4329 2940 4381 in
2973 4343 3097 4381 csse
3133 4334 3319 4379 trans-

1734 4429 1890 4483 iens?
1914 4428 2051 4493 Quis
2073 4436 2125 4481 et
2156 4442 2301 4481 nunc
2340 4442 2485 4489 sum,
2517 4426 2609 4494 qui
2633 4432 2797 4478 natus
2834 4422 3003 4477 fuisse
3031 4420 3224 4475 dicor?
3255 4420 3324 4472 Et

1737 4531 1861 4593 post
1889 4522 2004 4576 haec
2036 4538 2213 4576 vanus
2240 4520 2369 4591 quid
2395 4520 2561 4573 liam?
2591 4516 2725 4571 Nam
2751 4532 2851 4571 nec
2876 4516 2993 4586 ipse
3018 4516 3162 4568 clare
3190 4511 3319 4565 novi

1736 4633 1857 4688 qum
1886 4617 1940 4670 in
1979 4615 2253 4686 principio
2299 4614 2384 4667 via
2444 4613 2509 4665 ad
2549 4613 2712 4665 vitam
2743 4653 2757 4677 ,
2800 4625 2987 4680 quaeve
3025 4608 3152 4661 inde
3188 4620 3319 4659 cur-

1734 4725 1860 4765 rens
1896 4723 2139 4777 praeceps
2180 4722 2354 4775 usque
2388 4705 2453 4759 ad
2505 4706 2664 4758 ﬁnem
2717 4704 2840 4764 via;
2876 4702 3087 4757 solutus
3120 4698 3321 4753 deinde

1732 4802 1863 4871 quid
1895 4802 2041 4865 (iam,
2066 4801 2187 4854 die:
2221 4815 2345 4853 nam
2371 4814 2472 4852 nec
2498 4799 2614 4866 ipse
2643 4804 2898 4850 accurate
2929 4795 3063 4857 scio,
3088 4792 3182 4847 sed
3213 4806 3317 4845 ﬂl'C

1734 4895 1836 4949 iste
1870 4894 1962 4963 qui
1996 4892 2297 4962 sapientior
2330 4905 2492 4959 quam
2529 4904 2630 4957 ego
2673 4889 2938 4957 gloriatur
2965 4900 3106 4940 esse.
3156 4883 3317 4937 Invo-

1740 4986 1894 5038 lucro
1944 4984 2196 5052 corporis
2243 4989 2297 5035 et
2347 4979 2728 5048 imprudentiae
2756 4977 2911 5047 quasi
2958 4977 3123 5030 densa
3170 4974 3316 5027 nube

1744 5091 1900 5130 mens
1934 5089 2055 5128 mea
2094 5072 2489 5127 obtenebratur
2535 5078 2588 5124 ct
2626 5072 2703 5125 sic
2745 5084 2889 5133 erro,
2931 5067 3317 5137 insipientibus

1738 5169 1979 5238 jactatus
2017 5165 2453 5238 cogitationibus
2492 5172 2545 5218 et
2583 5162 2719 5217 nihil
2766 5162 2978 5215 ﬁrmum
3022 5162 3075 5214 in
3117 5159 3318 5213 intelli-

1749 5377 2113 5439 usurparunt,
2154 5382 2474 5439 quarernon
2512 5366 2658 5439 omni
2690 5380 2754 5439 ex
2770 5373 3155 5439 parteverum
3196 5376 3317 5439 esse

1749 5432 1910 5503 puto,
1944 5432 2467 5508 quodWernitkius
2500 5437 2635 5490 dixit
2666 5437 2731 5508 ad
2770 5432 3068 5506 Tryphiod.
3112 5449 3160 5508 v.

1744 5503 2012 5564 Caeterum
2050 5511 2114 5563 ad
2164 5512 2309 5562 hunc
2341 5512 2516 5563 locum
2540 5548 2553 5567 ,
2591 5508 2642 5559 ni
2686 5503 2895 5564 fallor,
2930 5506 3168 5572 respexit
3206 5503 3318 5553 M0.

1747 5582 2042 5649 schopolus
2075 5582 2125 5634 in
2159 5581 2383 5634 scholiis
2413 5580 2477 5631 ad
2515 5578 2730 5649 Ilcsiod.
2760 5575 2826 5649 0.
2855 5581 2900 5625 ct
2928 5574 2991 5628 Ι).
3012 5576 3109 5649 _II,
3141 5588 3315 5642 quan-
3368 5592 3373 5595 τ

1748 5646 1911 5719 quam
1945 5651 2239 5719 Gregorius
2266 5650 2454 5704 eadem
2490 5647 2718 5719 furinum
2755 5646 2929 5719 utitur
2954 5646 3311 5719 etiaurt'arm.

1742 5711 1782 5783 Ι,
1808 5736 1951 5775 vers.
1976 5711 2113 5786 26G;
2157 5720 2245 5786 lV,
2284 5721 2372 5772 HI
2402 5738 2414 5784 ζ
2446 5716 2605 5782 XLV,
2638 5718 2738 5783 ‘29.;
2772 5717 2808 5768 L
2834 5756 2847 5774 ,
2878 5716 3017 5779 ‘205;
3068 5711 3201 5786 LIV,

1740 5790 1899 5917 pugnet,
1931 5792 1980 5847 7.
2011 5782 2109 5848 Ed.
2148 5782 2252 5848 nov
2318 5782 2409 5864 ιφ
2442 5782 2750 5858 (575,359,
2788 5788 2932 5851 279,
2972 5786 3137 5851 1037,
3168 5782 3314 5846 eos.

1845 5883 1896 5917 ι).

1845 5883 1896 5919 υ.
