3814 6508
84 431 169 489 753

91 545 172 617 γὰρ
207 535 462 608 ἀμήχανον
499 524 590 581 τὸν
631 521 877 594 ποταμὸν
923 516 1178 590 περῶντα
1217 513 1298 576 δὶς
1339 507 1418 580 τῷ
1461 501 1610 572 αὐτῷ

82 595 209 687 ύδάτι
232 595 476 677 τὸν-’πόδα
509 612 707 685 βάψαι,
742 609 915 674 οὕτως
939 606 1060 661 οὐδὲ
1091 605 1181 659 τὸν
1214 601 1374 658 αὑτὸν
1403 595 1611 667 ἄνθρω-

82 740 182 784 πον,
225 717 278 769 δν
316 709 524 782 πρῶτον
574 705 858 777 ἑώρακας,
905 696 1341 772 ἀπαραλλάκτως
1393 687 1614 749 ἐσαῦθις

203 809 285 862 τὸν
312 781 488 858 αὐτόν.
539 799 650 855 Καὶ
684 797 792 867 γάρ
823 792 900 864 τῷ
929 791 1005 862 νῷ
1051 789 1149 860 μὲν
1181 788 1240 840 ὲν
1286 781 1614 855 βουλεύμασι

78 872 156 962 καὶ
173 897 473 967 διανοήμασι
499 888 737 961 συνεχῶς
767 882 1261 958 μεταϐαλλόμενος,
1288 873 1378 930 οἷα
1408 872 1617 943 ἄνθρωο

77 1013 164 1058 ato;
201 989 466 1057 ἀνίδρυτος
509 979 939 1049 καταθεωρεῖται
980 974 1038 1025 ὲν
1077 971 1290 1034 αὐτοῖς,
1325 967 1373 1020 εἰ
1409 965 1480 1036 μή
1515 979 1615 1014 που

76 1051 187 1148 Θεδς
216 1084 240 1134 6
266 1051 336 1131 ὢν
361 1075 445 1128 ἀεὶ
472 1073 564 1125 καὶ
599 1071 659 1124 τὸ
699 1071 849 1141 ῥῆμα
885 1063 1090 1136 Κυρίου
1131 1061 1291 1132 μένον
1331 1059 1388 1111 ὲν
1433 1051 1614 1123 αὐτῷ,

77 1181 124 1232 τὸ
147 1147 300 1233 ἑστὼς
327 1164 705 1220 καταδείκνυσι
735 1160 832 1213 καὶ
863 1158 1110 1228 μόνιμον,
1134 1155 1200 1224 τῇ
1229 1151 1375 1220 ψυχῇ
1405 1148 1462 1200 δὲ
1498 1147 1618 1208 ταῖς

75 1286 122 1320 τε
157 1263 347 1322 λαλιαῖς
390 1255 486 1309 καὶ
529 1253 846 1322 αἰσθήσεσι,
889 1249 1008 1310 ταῖς
1058 1261 1119 1298 τε
1163 1239 1484 1312 φαντασίαις
1525 1235 1620 1290 καὶ

77 1357 178 1415 ταῖς
215 1347 446 1420 ὀρέξεσιν
481 1341 736 1402 ἀϐέϐαιος
779 1336 1078 1407 καθορᾶται
1120 1331 1215 1385 καὶ
1260 1329 1617 1397 ἀστήρικτος,

75 1445 230 1511 ἀενάῳ
248 1443 455 1507 κινήσει
472 1433 593 1487 κατ’
617 1429 786 1492 αὑτὰς
813 1425 1231 1497 διαμειϐόμενος
1251 1437 1266 1451 ⁸
1301 1418 1380 1489 τῷ
1407 1416 1620 1487 σώματι

75 1539 122 1592 δὲ
161 1533 305 1587 πάλιν
345 1530 466 1591 ταῖς
509 1543 566 1578 τε
617 1521 948 1594 μεταϐάσεσι
984 1515 1123 1570 κατὰ
1153 1513 1244 1567 τὸν
1274 1511 1461 1572 τόπον,
1501 1509 1622 1568 ταῖς

74 1647 124 1682 τε
149 1623 404 1678 διαθέσεσι
445 1618 540 1672 καὶ⁹
567 1617 714 1683 ἕξεσι
747 1613 844 1668 καὶ
887 1609 1074 1682 χρόαις
1114 1603 1493 1673 ἀλλοιούμενος
1529 1597 1623 1651 καὶ

76 1719 150 1772 ἀεὶ
201 1709 682 1785 μετατρεπόμενος,
738 1705 1014 1758 ἄπαυστον
1074 1698 1187 1769 ἔχει
1233 1695 1334 1767 τὴν
1391 1690 1618 1762 τροπήν.

73 1783 211 1860 Οὕτω
236 1803 328 1872 μὲν
355 1797 498 1852 κατὰ
530 1796 589 1850 τὸ
626 1795 844 1864 συνεχὲς
871 1792 966 1845 τοῦ
996 1789 1188 1860 χρόνου
1213 1785 1309 1839 καὶ
1335 1783 1620 1854 ἁεὶρῤυτον

72 1892 413 1967 ήάνθρωπίνη
450 1889 612 1959 φύσις
649 1885 1064 1940 καταδείκνυται
1101 1878 1306 1952 ματαία
1336 1893 1349 1907 ⁸
1383 1874 1524 1929 κατὰ
1560 1872 1621 1926 τὸ

69 1963 343 2055 όλοσχερῶς
388 1981 448 2034 δὲ
489 1979 522 2051 ἢ
575 1973 911 2048 παχυμερῶς
961 1969 1332 2042 θεωρούμενον
1359 2006 1373 2032 ,
1422 1963 1623 2017 οὑτωσὶ

73 2074 333 2131 σκεπτέον.

157 2185 259 2241 Ἦν
288 2182 479 2252 πάρος
506 2181 576 2234 ἐν
595 2179 748 2250 χροΐ,
782 2194 835 2230 κ.
861 2193 911 2228 τ.
944 2173 1022 2240 ἐξ.

131 2281 328 2348 Ὠσπερ
357 2279 384 2328 6
414 2273 546 2327 Λευῒ
575 2272 886 2341 γέγραπται
920 2269 976 2318 ἐν
1004 2267 1072 2336 τῇ
1099 2261 1263 2330 ὀσφύϊ
1294 2257 1389 2313 τοῦ
1421 2255 1629 2328 πατρὸς

67 2371 188 2426 εἶναι
227 2346 476 2438 Ἀϐραὰμ
508 2364 640 2436 (45),
661 2361 802 2416 οὕτω
830 2361 923 2413 καὶ
954 2359 1060 2420 πᾶς
1089 2354 1374 2426 ἅνθρωπος
1405 2349 1510 2421 πρὸ
1535 2346 1628 2401 τοῦ

68 2461 407 2534 γεννηθῆναι,
451 2460 508 2511 ὲν
539 2460 605 2528 τῇ
644 2454 736 2508 τοῦ
774 2452 981 2523 πατρὸς
1020 2447 1184 2503 αὑτοῦ
1220 2445 1380 2516 φύσει
1407 2441 1632 2511 νοούμε-

69 2532 163 2617 veg,
197 2555 387 2607 ἔπειτα
417 2553 498 2615 εἰς
529 2550 627 2621 τὴν
664 2544 1070 2615 ὑποδεξαμένην
1099 2540 1261 2594 αὑτὸν
1293 2536 1508 2608 μητέρα
1543 2532 1632 2587 διὰ

68 2651 152 2717 τῆς
174 2643 463 2706 συνουσίας
498 2638 860 2713 μεταϐαίνων,
892 2635 1068 2690 κοινὸν
1101 2631 1238 2704 μετὰ
1260 2629 1434 2683 ταῦτα
1462 2626 1632 2698 κρέας

67 2739 252 2808 ἀμφοῖν
280 2737 389 2798 τοῖς
415 2731 670 2786 τεκοῦσιν
694 2731 751 2783 έν
778 2730 844 2800 τῇ
873 2725 1103 2798 μητρῲᾳ
1126 2722 1326 2795 γαστρὶ
1367 2719 1635 2793 βρεφουρ-

66 2831 310 2901 γούμενος
341 2825 675 2881 καθίσταται
707 2839 722 2854 ·
757 2823 816 2874 ὲν
848 2821 987 2892 ἀρχῇ
1021 2819 1076 2871 δὲ
1108 2817 1211 2888 τῆς
1247 2809 1632 2886 βρεφουργίας,

66 2924 359 2994 ἀδιάκριτον
411 2919 514 2972 xui.
559 2916 932 2988 ἀδιάρθρωτον
983 2911 1041 2965 ὃν
1085 2911 1142 2964 τὸ
1194 2908 1471 2980 κρεάδιον,
1511 2903 1634 2958 οὔτε

68 3015 257 3087 βροτὸς,
285 3011 691 3083 οὔτ’ἅνθρωπος
720 3008 942 3062 δύναται
969 2995 1473 3072 καλεῖσθαι,αἷσχος
1488 2997 1636 3050 ἁνεί-

65 3111 170 3164 δεον
209 3109 264 3162 ὃν
312 3108 408 3162 καὶ
458 3104 711 3168 ἀκαλλὲς,
741 3099 866 3154 οὕτε
904 3098 1064 3165 λόγου
1112 3091 1466 3166 μετεσχηκὸς,
1513 3088 1636 3142 οὕτε

65 3204 170 3259 νώς
201 3220 214 3233 ·
246 3200 350 3255 ποῦ
404 3201 517 3272 γὰρ
565 3196 738 3250 ταῦτα
779 3191 933 3260 παρὰ
975 3188 1051 3259 τῷ
1092 3185 1316 3258 ὲμὸρύῳ
1351 3182 1428 3254 τῷ
1460 3183 1535 3245 ὡς
1580 3183 1638 3233 ὲν

64 3296 242 3366 τύμϐῳ
271 3298 336 3367 τῇ
381 3293 627 3365 μητρικῇ
671 3286 825 3358 νηδύῖ
859 3283 1209 3353 ὲνεχόμενονς
1257 3277 1333 3339 ὡς
1379 3277 1438 3329 ὲν
1483 3275 1638 3343 τάφῳ

65 3389 160 3456 γὰρ
184 3385 354 3457 ταύτῃ
389 3381 812 3455 περιείληπταιο
841 3376 908 3430 δι’
942 3375 970 3428 ὃ
1005 3375 1099 3428 καὶ
1133 3369 1384 3441 ἐπιφέρει
1411 3383 1426 3398 ·
1469 3386 1486 3419 ι
1517 3369 1642 3418 Δισ-

64 3479 246 3547 ταφὲες
285 3476 529 3542 ζώοντες
571 3475 663 3527 ἐπὶ
701 3471 908 3542 φθοράν
936 3486 950 3501 ο
992 3489 1010 3520 ι
1047 3465 1438 3527 ταλανιστικῶς
1485 3461 1644 3514 τοῦτο

61 3571 224 3638 λέγων
263 3571 360 3623 καὶ
403 3565 878 3636 ὲποικτιζόμενος.
928 3562 1015 3624 Ὠς
1049 3559 1156 3612 ἀπὸ
1198 3557 1368 3626 τάφου
1397 3554 1506 3624 γάρ
1535 3552 1643 3604 τῶν

64 3663 322 3738 μητρῴων
363 3661 588 3732 χωρίων
618 3658 872 3725 ἐξιόντες,
906 3655 999 3708 καὶ
1022 3653 1242 3717 ζῶντες,
1272 3648 1527 3716 όδεύομεν
1553 3643 1646 3698 ἐπὶ

63 3753 256 3827 φθοράν
283 3793 298 3815 ,
338 3753 376 3822 ἦ
411 3755 535 3804 ἐστι
561 3748 810 3818 δεύτερος
842 3747 1010 3815 τάφος
1036 3784 1050 3807 ,
1083 3743 1174 3795 καὶ
1205 3740 1298 3793 τοῦ
1335 3737 1645 3808 πεπηγότος

67 3845 306 3914 σώματος
335 3842 589 3904 διάλυσις
624 3859 636 3872 ο
665 3840 730 3909 ἣν
769 3839 822 3892 δὲ
841 3879 856 3904 ,
905 3835 1069 3906 φησὶν
1095 3875 1109 3897 ,
1147 3831 1464 3901 ώδεύσαμεν
1494 3827 1610 3881 ὁδὸν
1629 3867 1643 3891 ,

64 3938 150 3990 καὶ
175 3936 323 4008 ζωὴν
351 3938 414 3989 ὲν
442 3933 524 4004 τῷ
563 3933 660 4003 βίῳ
694 3932 856 4001 ζῆσαι
903 3926 1040 3999 μετά
1071 3923 1321 3994 σώματος
1352 3919 1611 3989 ἐδόξαμεν
1630 3958 1644 3982 ,

65 4032 204 4084 οὐδὲν
239 4030 372 4083 ἄλλο
413 4045 509 4099 μοι
539 4027 571 4095 ἢ
608 4024 743 4076 ἐτῶν
773 4020 984 4089 δαπάνη
1011 4057 1024 4080 ,
1054 4018 1147 4071 καὶ
1177 4016 1367 4087 χρόνου
1398 4013 1646 4074 κένωσις,

63 4125 174 4194 ἦτοι
203 4122 550 4194 παρέλευσις
576 4157 590 4181 ,
619 4117 766 4168 δοκεῖ
799 4131 811 4144 ο
845 4111 986 4181 αὕτη
1027 4110 1085 4162 δέ
1127 4126 1216 4180 μοι
1258 4107 1352 4160 καὶ
1395 4101 1651 4174 ὀδυνηρὸν

65 4193 152 4265 καὶ
182 4193 450 4264 ἐπίπονον
473 4208 656 4278 γῆρας
680 4203 927 4272 καταχεῖ.
956 4199 1192 4268 Τοιαύτη
1215 4195 1310 4266 μὲν
1331 4197 1364 4265 ἡ
1390 4193 1553 4263 ὲπίκη
1563 4208 1652 4262 ρος

64 4305 201 4376 ζωὴ,
234 4306 344 4358 ἀπὸ
370 4304 555 4372 τάφου
591 4297 872 4370 ἀρξαμένη
904 4295 996 4348 καὶ
1035 4291 1417 4360 καταλήγουσα
1448 4288 1527 4349 εἰς
1554 4286 1653 4338 τά-

66 4419 156 4470 φον
182 4420 196 4432 ·
227 4401 278 4454 εἰ
317 4399 380 4452 δέ
419 4414 490 4467 με
540 4393 695 4455 ἄλλος
752 4390 904 4454 αἰὼν,
954 4388 1048 4440 καὶ
1077 4385 1190 4455 ζωὴ
1233 4384 1507 4453 ἄφθαρτος
1557 4379 1657 4432 καὶ

62 4495 270 4555 ἀλυτος,
305 4489 506 4551 καθὼς
531 4485 863 4555 γέγραπται,
898 4479 1125 4533 λυθέντα
1152 4476 1245 4528 τοῦ
1279 4473 1527 4544 σώματος
1547 4472 1658 4523 δια-

63 4587 272 4655 δέχεται
309 4583 456 4646 ἐκεῖ,
495 4577 714 4646 σκέψαι,
741 4568 785 4626 ὦ
815 4568 990 4635 οὗτος,
1022 4573 1050 4624 ό
1077 4570 1218 4632 θεῖός
1253 4584 1415 4638 φησιν
1458 4563 1659 4636 ἱερολόο

62 4697 170 4746 γος,
204 4679 280 4749 μή
322 4691 468 4729 ποτε
499 4673 534 4743 ἡ
566 4668 801 4723 δοκοῦσα
838 4667 934 4738 μὲν
958 4664 1096 4734 αὓτη
1130 4662 1242 4732 ζωὴ
1269 4660 1367 4731 ἔχῃ
1395 4658 1549 4720 τέλος
1573 4656 1664 4709 τὸν

69 4773 228 4843 μόρον
263 4770 365 4823 καὶ
399 4768 498 4822 τὸν
528 4767 756 4820 θάνατον
778 4802 792 4825 ,
831 4761 864 4830 ἡ
888 4756 1114 4826 τελευτὴ
1143 4755 1198 4806 δὲ
1222 4754 1367 4822 ζωῆς
1395 4751 1662 4806 ἀθανάτου

56 4865 377 4936 ὁδοποίησίς
424 4879 513 4915 σοι
565 4859 658 4912 καὶ
692 4855 950 4928 πρόξενος
1011 4850 1378 4911 καθίσταται,
1430 4845 1663 4916 ἔμπαλιν

61 4959 399 5028 ἢύπονοείς.
447 4956 521 5007 Σὺ
559 4952 657 5022 μὲν
694 4948 801 5019 γὰρ
832 4945 1082 4998 τεθνάναι
1105 4941 1318 5004 πάντως
1357 4939 1448 4992 τὸν
1487 4936 1666 4990 τελευ-

60 5049 236 5103 τῶντα
264 5044 631 5106 ὑποπτεύεις,
663 5045 691 5095 6
715 5041 772 5092 δὲ
792 5037 870 5109 τῷ
896 5036 1122 5107 λυθῆναι
1145 5033 1244 5103 τῆς
1264 5031 1408 5101 ζωῆς
1432 5027 1656 5096 ταύτης,

63 5144 256 5212 ἄριστα
295 5137 515 5210 δηλαδὴ
561 5134 796 5205 βιώσας,
844 5128 979 5200 πρὸς
1018 5125 1116 5197 τὴν
1154 5123 1415 5195 ἀληθινὴν
1458 5120 1658 5192 μετέϐη

62 5233 228 5305 ζωήν.

62 5340 129 5393 45
169 5339 372 5392 Οὐδὲν
400 5336 583 5406 ἔφυν,
609 5351 662 5386 κ.
689 5349 736 5384 τ.
763 5328 814 5384 λ.

1021 400 1087 458 ΙΝ
1125 392 1436 457 CARMINA
1472 383 1758 444 ARCANA
1817 384 1874 440 S.
1947 379 2298 439 GREGORII.

3184 361 3290 419 734

1713 495 2006 554 admodum
2051 508 2284 566 pronum
2325 489 2523 543 flumen
2570 485 2658 542 bis
2715 481 2902 537 eadem
2938 489 3079 548 aqua
3123 478 3293 545 pedes

1716 592 1924 661 tingere
1957 571 2295 657 impossibile
2332 592 2438 648 est,
2476 580 2555 635 sic
2581 591 2682 632 nec
2723 573 2972 630 eumdem
3013 569 3288 624 hominem

1715 699 1875 756 quem
1913 682 2090 752 primo
2117 677 2302 733 vidisti
2346 689 2537 729 rursus
2566 672 2754 728 eadem
2788 665 3107 721 habitudine
3137 660 3294 715 vide-

1717 754 1822 829 bis.
1861 771 1996 825 Nam
2033 767 2213 839 quoad
2254 765 2611 824 voluntatem,
2652 754 3048 812 intentionibus
3075 757 3130 804 et
3167 762 3296 817 pro-

1717 863 1911 934 positis
1942 861 2314 915 indesinenter
2354 861 2606 912 mutans,
2637 846 2993 903 immoderate
3024 840 3296 896 instabilis

1720 957 1882 1010 homo
1927 955 1984 1008 in
2031 952 2152 1008 istis
2195 948 2474 1012 cernitur,
2515 945 2690 999 donec
2739 939 2883 992 Deus
2931 936 2985 989 in
3029 943 3296 988 aeternum

1719 1049 1993 1104 exsistens
2014 1052 2068 1100 et
2092 1045 2145 1098 in
2178 1044 2298 1112 ipso
2321 1052 2547 1093 manens
2580 1032 2813 1088 Verbum
2839 1026 3051 1080 Domini
3079 1023 3297 1078 stabilia

1719 1147 1774 1196 et
1805 1136 2157 1209 per-durantia
2178 1131 2468 1196 ostendat;
2490 1125 2669 1198 quoad
2693 1122 2929 1177 animam
2963 1116 3298 1176 sensualem,

1721 1229 2052 1299 vaniloquiis
2107 1236 2161 1281 et
2210 1221 2614 1284 affectionibus,
2670 1213 2976 1288 phantasiis
3025 1217 3079 1264 et
3136 1221 3303 1275 appeo

1722 1323 1935 1386 titibus,
1977 1321 2298 1375 inconstans
2340 1319 2564 1385 apparet
2611 1320 2664 1366 et
2707 1309 2980 1367 diversus,
3025 1299 3304 1372 perpetuis

1723 1417 1963 1474 motibus
2003 1415 2057 1468 in
2085 1412 2175 1466 his
2207 1411 2564 1469 immutatus;
2606 1399 2788 1473 quoad
2815 1410 3016 1465 corpus
3046 1392 3224 1445 adhuc
3250 1394 3306 1442 et

1723 1509 1958 1568 statibus
2009 1502 2312 1562 secundum
2351 1498 2671 1553 occasiones
2716 1499 2770 1546 et
2816 1483 3211 1543 constitutione
3251 1485 3307 1534 et

1724 1605 1911 1660 colore
1940 1598 2093 1654 vitali
2123 1601 2470 1651 commutans
2501 1596 2556 1644 et
2585 1599 2802 1654 semper
2829 1573 3306 1634 vicissitudinibus

1727 1693 2021 1756 obnoxius,
2073 1691 2436 1744 incessantem
2484 1679 2842 1735 mobilitatem
2897 1670 3159 1726 ostendit.
3215 1665 3308 1719 Sic

1728 1804 1826 1862 per
1869 1785 2152 1842 assiduum
2197 1788 2412 1847 tempus
2457 1781 2511 1828 et
2559 1785 2776 1840 semper
2809 1767 2984 1820 fluens
3013 1761 3307 1817 vanitatem

1727 1896 1839 1952 prae
1866 1895 1926 1936 se
1969 1878 2074 1932 fert
2101 1875 2339 1928 humana
2373 1875 2566 1922 natura
2593 1903 2607 1928 ,
2642 1864 2722 1918 sic
2751 1853 3150 1914 consideranda
3193 1851 3309 1906 sive

1729 1974 1785 2028 in
1829 1978 1965 2034 toto,
2009 1967 2126 2024 sive
2164 1961 2371 2017 crassis
2417 1959 2472 2011 in
2507 1955 2772 2026 partibus.
2815 1970 2833 2002 ι
2872 1949 3121 2002 Praesens
3157 1955 3306 1997 eram

1727 2069 1784 2122 in
1806 2078 1994 2130 carne,
2028 2080 2047 2112 ο
2080 2068 2134 2114 et
2175 2071 2292 2126 seq.
2324 2049 2791 2120 Quemadmodum
2832 2043 3096 2111 scriptum
3139 2045 3222 2091 est
3255 2035 3310 2088 in

1729 2155 1933 2212 lumbis
1972 2149 2249 2206 Abraham
2296 2146 2469 2216 patris
2513 2142 2684 2195 fuisse
2729 2136 2888 2200 Levi,
2918 2134 2998 2187 sic
3030 2140 3086 2184 et
3127 2126 3310 2182 omnis

1731 2251 1896 2305 homo
1923 2253 2218 2314 antequam
2259 2243 2519 2293 nascatur
2550 2232 2721 2304 patris
2749 2229 2831 2284 sui
2867 2228 2922 2280 in
2953 2233 3147 2278 natura
3177 2234 3313 2272 con-

1731 2349 1958 2412 ceptus,
1990 2335 2188 2392 deinde
2231 2334 2287 2388 in
2321 2328 2717 2391 concipientem
2772 2330 2999 2375 matrem
3045 2328 3142 2385 per
3163 2326 3316 2365 com-

1733 2433 1997 2490 mercium
2031 2427 2330 2487 transiens,
2367 2421 2493 2476 inde
2528 2414 2836 2472 communis
2867 2423 3000 2465 caro
3030 2404 3316 2460 amborum

1735 2528 1793 2583 fit
1819 2533 2106 2598 parentum
2126 2520 2180 2574 in
2203 2518 2360 2572 vulva
2384 2512 2576 2568 matris
2611 2509 2902 2570 feturatus;
2923 2513 3108 2556 verum
3141 2495 3314 2550 fetura

1735 2619 1792 2672 in
1816 2612 2086 2687 principio
2111 2623 2235 2664 cum
2261 2606 2334 2660 sit
2367 2598 2621 2656 informis
2637 2609 2768 2649 caro
2791 2599 2844 2646 et
2874 2602 2996 2659 quae
3020 2577 3318 2639 internosci

1736 2716 2002 2778 nequeat,
2059 2715 2160 2756 nec
2212 2692 2464 2751 mortalis
2514 2704 2613 2744 nec
2664 2687 2827 2740 homo
2879 2675 3066 2734 vocari
3114 2679 3318 2744 potest,

1736 2770 1896 2872 turpe
1929 2794 2133 2866 aliquid
2181 2791 2301 2847 sine
2331 2781 2676 2840 lineamentis
2713 2785 2771 2830 et
2821 2774 2939 2830 sine
2979 2770 3178 2824 decore
3209 2772 3318 2828 est,

1738 2906 1990 2951 sermone
2038 2899 2233 2942 carens
2279 2887 2334 2935 et
2370 2876 2685 2938 intellectu;
2715 2864 2990 2939 quomodo
3024 2860 3169 2916 enim
3205 2857 3320 2911 hazc

1737 2991 1923 3043 essent
1954 2983 2008 3036 in
2045 2978 2154 3033 fetu
2192 2972 2337 3046 quod
2362 2966 2520 3040 quasi
2555 2966 2609 3019 in
2647 2961 2898 3032 sepulcro
2931 2958 2986 3010 in
3013 2954 3172 3009 vulva
3205 2965 3325 3004 ma-

1741 3080 1845 3135 tris
1877 3044 2226 3132 coarctatur‘i
2262 3064 2393 3119 Nam
2422 3071 2678 3129 tanquam
2716 3055 2769 3107 in
2799 3050 3010 3105 tumulo
3045 3046 3118 3101 ibi
3145 3044 3324 3099 inclu—

1740 3133 1921 3235 ditur,
1967 3165 2094 3220 inde
2134 3159 2325 3215 addit:
2384 3174 2402 3206 ι
2457 3151 2548 3207 Bis
2595 3143 2931 3217 sepulcrales
2965 3140 3210 3194 viventes
3255 3133 3320 3186 ad

1741 3261 2165 3332 corruptionem,
2187 3273 2203 3304 ι
2222 3251 2513 3319 adgemens
2534 3243 2619 3297 his
2646 3238 2826 3294 verbis
2849 3242 3010 3303 atque
3037 3227 3324 3300 lugendam

1744 3357 1918 3412 vicem
1960 3351 2253 3405 miserans.
2291 3341 2427 3395 Nam
2474 3333 2634 3405 quasi
2675 3346 2706 3386 e
2755 3327 2942 3384 tumba
2985 3339 3016 3378 e
3057 3316 3323 3375 maternis

1744 3449 1959 3505 vicibus
1994 3444 2258 3497 exeuntes
2286 3442 2340 3489 et
2367 3431 2613 3486 viventes
2653 3424 2755 3477 iter
2794 3417 3008 3488 agimus
3039 3412 3105 3467 ad
3134 3425 3326 3466 corru-

1747 3541 1989 3611 ptionem
2039 3547 2161 3603 quae
2191 3536 2276 3584 est
2319 3525 2551 3578 alterum
2587 3515 2898 3586 sepulcrum
2955 3518 3008 3563 et
3055 3501 3327 3574 coagulati
3368 3546 3372 3555 .

1745 3629 1992 3702 corporis
2025 3623 2262 3687 solutio;
2289 3628 2342 3674 et
2368 3629 2552 3686 quam,
2576 3608 2776 3679 inquit,
2800 3604 2942 3660 viam
2961 3597 3328 3658 cucurrimus,

1748 3737 1910 3793 quam
1957 3717 2124 3772 vitam
2176 3713 2233 3766 in
2277 3707 2479 3766 saeculo
2522 3703 2720 3772 degere
2771 3711 2893 3751 cum
2947 3703 3178 3760 corpore
3225 3684 3329 3737 visi

1750 3827 1968 3876 sumus,
2012 3808 2126 3861 haec
2168 3801 2306 3857 nihil
2346 3797 2452 3853 nisi
2495 3803 2764 3847 annorum
2811 3786 3055 3852 impensa
3097 3784 3330 3831 et‘tem-

1751 3906 1901 3978 poris
1941 3897 2225 3957 evacuatio
2264 3900 2353 3946 aut
2408 3883 2757 3953 consumptio
2801 3894 2828 3931 a
2872 3891 2958 3930 me
3002 3872 3328 3927 aestimatur.

1753 3960 1870 4070 ipsa
1909 3993 2040 4050 mihi
2063 3987 2290 4046 effundit
2317 3980 2599 4037 doloribus
2641 3981 2696 4029 ct
2737 3966 2996 4026 aerumnis
3026 3960 3329 4018 confertam

1754 4051 2112 4146 sitanectutem.
2154 4080 2228 4133 Ea
2262 4084 2346 4132 est
2391 4070 2573 4127 fatalis
2607 4067 2719 4121 vita
2751 4079 2780 4116 a
2819 4058 3002 4115 tumba
3038 4051 3330 4122 incipiens,

1755 4179 1823 4234 ad
1854 4176 2094 4232 tumbam
2133 4169 2424 4232 desinens;
2465 4162 2511 4217 si
2545 4173 2674 4214 vero
2722 4151 2959 4208 nnmdus
2994 4146 3156 4209 alius,
3195 4143 3338 4194 vitam

1756 4286 1862 4341 que
1895 4260 2330 4332 incorruptibilis
2359 4264 2413 4310 et
2440 4245 2860 4306 indissolubilis,
2897 4240 3042 4295 sicut
3070 4234 3335 4302 scriptum

1757 4371 1862 4426 est,
1899 4376 1929 4413 a
1967 4371 2198 4426 corpore
2241 4351 2480 4405 solutum
2513 4358 2600 4426 me
2644 4339 2720 4394 ibi
2759 4333 2974 4404 recipit,
3018 4329 3217 4391 vide,o
3255 4333 3335 4389 tu,

1762 4457 1909 4510 fatur
1943 4451 2104 4506 divus
2133 4450 2322 4502 sancta
2355 4415 2680 4508 praedicans,
2703 4446 2769 4485 ne
2804 4427 2941 4483 forte
2965 4437 3086 4493 quae
3118 4425 3340 4488 apparet

1763 4550 1898 4611 vita,
1937 4545 2120 4605 finem,
2159 4534 2488 4607 supplicium
2524 4539 2578 4583 et
2602 4534 2834 4579 mortem
2868 4519 3087 4577 habeat,
3126 4519 3181 4566 et
3217 4509 3341 4562 vitae

1761 4635 2047 4712 praesentis
2078 4631 2202 4686 finis
2229 4604 2333 4682 iter
2368 4623 2466 4677 tibi
2498 4629 2549 4676 et
2587 4630 2754 4672 causa
2792 4611 2933 4665 adsit
2965 4609 3086 4660 vitae
3121 4604 3343 4656 immor-

1761 4693 2066 4797 talislonge
2091 4724 2250 4778 aliter
2290 4731 2454 4789 quam
2502 4721 2698 4783 putas;
2740 4714 2798 4759 tu
2839 4701 3056 4772 quidem
3105 4693 3344 4748 totaliter

1765 4826 1902 4882 mori
1960 4813 2256 4888 suspicaris
2300 4809 2644 4867 morientem,
2673 4797 2768 4870 qui
2802 4802 2980 4848 autem
3013 4788 3081 4842 ab
3106 4786 3206 4838 hac
3234 4783 3344 4835 vita

1764 4913 2059 4973 solvendus
2098 4907 2301 4980 optime
2341 4899 2565 4959 omnino
2595 4892 2822 4954 vixerit,
2861 4887 2925 4940 ad
2949 4896 3131 4940 veram
3163 4886 3344 4932 trans-

1765 5010 1866 5064 ibit
1893 5008 2080 5062 vitam.

1809 5324 1840 5376 5
1889 5314 2032 5371 Nihil
2070 5326 2221 5373 sum,
2250 5315 2356 5363 etc.

1843 5437 2142 5504 Postquam
2173 5437 2370 5481 vanam
2407 5426 2461 5475 et
2493 5416 2696 5472 nullius
2726 5410 2888 5485 pretii
2923 5403 3159 5464 hominis
3185 5407 3349 5456 natu-

1772 5545 1888 5587 ram
1924 5517 2322 5583 demonstravit
2353 5524 2406 5569 et
2441 5520 2701 5581 tanquam
2726 5505 2953 5561 nihilum
2989 5494 3350 5556 substantiam

1772 5624 1913 5693 ejus;
1944 5617 2170 5673 minime
2210 5610 2339 5666 facit
2370 5607 2640 5676 reliquum
2671 5602 2739 5657 de
2762 5597 3043 5656 doloribus
3078 5599 3131 5646 ct
3165 5600 3354 5656 super-

1775 5710 2120 5769 venientibus
2141 5707 2196 5761 in
2214 5701 2488 5761 hominem
2515 5693 2920 5755 calamitatibus
2941 5689 3128 5746 dicens
3152 5680 3356 5740 :Natus

137 5453 479 5518 Ἀποδεὶξας
505 5447 738 5522 ματαίαν
760 5445 856 5499 mi.
885 5442 1181 5514 οὐδαμινὴν
1219 5440 1318 5511 τὴν
1343 5439 1437 5494 τοῦ
1467 5437 1669 5510 ἀνθρώ-

61 5563 165 5601 που
228 5545 425 5616 φύσιν.
488 5541 581 5594 καὶ
633 5538 764 5592 ώσεὶ
814 5536 968 5589 οὐθὲν
1015 5529 1181 5587 οὖσαν
1223 5532 1322 5602 τὴν
1373 5531 1670 5584 ὑπόστασιν

59 5639 248 5703 αὑτοῦ,
295 5635 681 5699 άποδυσπετεῖ
720 5631 907 5684 λοιπὸν
942 5629 1036 5681 ἐπὶ
1072 5631 1182 5691 τοῖς
1212 5627 1402 5694 ἄλγεσι
1432 5626 1523 5678 καὶ
1551 5627 1671 5686 ταῖς

63 5729 490 5803 ἐπερχομέναις
522 5723 794 5796 ἀνθρώπῳ
828 5723 1132 5792 συμφοραῖς
1153 5760 1166 5783 ,
1196 5718 1361 5772 Οὐδὲν
1391 5718 1520 5785 ἔφυν
1545 5757 1559 5780 ,
1586 5715 1672 5766 λέ.

136 5912 251 5984 μὸ)
303 5907 527 5965 Alludit
569 5908 637 5963 ad
677 5905 729 5961 id
774 5917 916 5975 quoo
962 5901 1038 5958 ait
1073 5899 1365 5972 Apostolus
1402 5895 1468 5950 ad
1514 5893 1679 5950 llcbr.
1720 5909 1811 5962 ut,
1845 5891 1895 5948 εἰ.
