3802 6542
494 368 602 428 735

451 535 460 547 ,
496 502 622 543 sum
653 502 812 557 quasi
845 486 1161 552 nihil,nihil
1190 502 1348 555 sum;
1383 498 1438 543 et
1478 502 1577 544 cur
1602 496 1685 544 tot
1714 490 1874 546 malis
1901 505 2086 561 super-

499 580 844 635 abundanter
884 580 1174 637 confectus
1208 581 1525 652 opprimor,
1569 583 1727 653 quasi
1773 583 1912 639 bene
1949 597 2088 640 cono

498 675 656 726 stans
688 686 869 726 essem
906 670 1123 726 factura
1167 677 1222 726 et
1252 670 1435 727 valida
1478 683 1535 726 et
1566 672 1840 728 robusta?
1867 670 2084 728 Etenim

499 763 961 834 quemadmodum
1004 763 1114 819 Deo
1139 772 1193 820 et
1229 763 1543 820 cmlestibus
1582 764 1728 834 quod
1788 763 1857 818 ad
1895 780 2087 821 essen—

500 855 634 908 tiam
658 866 713 910 et
740 856 1037 925 potentiam
1071 863 1126 912 et
1146 856 1380 928 gloriam
1408 856 1465 910 in
1497 856 1733 913 excelsis
1766 866 1821 911 et
1846 856 2087 912 beatitu-

500 945 682 1001 dinem
728 955 939 1016 spectat
981 947 1364 1004 indissolubile
1394 955 1482 1003 est
1512 956 1571 1003 et
1602 948 1975 1008 immutabile;
2007 948 2087 1005 sic

500 1046 556 1093 et
588 1038 829 1095 hominis
861 1048 1074 1095 natura:
1103 1040 1489 1097 indissolubile
1523 1048 1577 1096 et
1601 1041 1886 1096 adhaerens
1922 1048 2088 1097 estet

500 1130 842 1188 immutabile
888 1132 1161 1188 infelicem
1206 1148 1331 1189 esse
1374 1148 1702 1203 semperque
1769 1135 1909 1189 alios
1966 1133 2089 1190 aliis

501 1222 629 1277 vita;
654 1223 918 1279 arumnis
963 1234 1019 1280 et
1058 1224 1298 1279 miseriis
1326 1225 1534 1294 urgeri.
1569 1224 1646 1277 Ex
1682 1239 1792 1294 quo
1851 1224 2087 1295 primum

498 1329 535 1371 e
562 1314 724 1369 vulva
752 1317 941 1371 matris
976 1316 1167 1371 exiens
1205 1316 1262 1370 in
1297 1323 1501 1371 terram
1532 1316 1988 1385 cecidi,ploratus
2021 1316 2092 1373 ab

501 1409 683 1463 oculis
700 1409 881 1475 emisi;
900 1410 1031 1465 mihi
1050 1425 1182 1480 ergo
1205 1407 1553 1464 manifestum
1573 1408 1820 1478 profecto
1869 1408 2090 1481 signum

500 1499 611 1555 hoc
651 1509 756 1564 est,
791 1500 897 1556 hoc
924 1501 1328 1564 testimonium,
1362 1508 1497 1571 quot
1531 1508 1587 1555 et
1616 1499 1838 1571 quantis
1869 1499 2089 1555 obviam

507 1608 601 1650 ero
627 1593 876 1664 lngendis
900 1603 955 1649 et
980 1594 1139 1650 malis
1167 1595 1260 1662 qui
1291 1596 1613 1664 priusquam
1640 1594 1804 1648 vitam
1828 1591 2090 1659 delibem,

507 1691 777 1757 lacrymas
804 1687 874 1743 ab
901 1689 1081 1745 oculis
1102 1687 1298 1744 fundo.
1333 1706 1352 1739 ι
1386 1686 1610 1742 Terram
1637 1686 1932 1756 quamdam
1958 1685 2093 1743 foris

507 1779 757 1841 liberam,
783 1802 796 1832 ι
821 1786 877 1836 et
907 1796 1026 1851 seq.
1061 1779 1179 1845 Est,
1207 1780 1407 1850 inquit,
1432 1787 1575 1834 terra
1602 1786 1658 1834 et
1691 1778 1869 1835 insula
1898 1778 1952 1832 in
1984 1793 2092 1849 qua

506 1871 809 1926 belluarum
842 1888 1016 1943 genus
1049 1889 1161 1928 non
1194 1874 1346 1935 vivit.
1376 1882 1431 1929 et
1464 1881 1549 1928 est
1582 1873 1736 1927 locus
1770 1879 1949 1928 tostus
1981 1886 2093 1942 quo

507 1978 615 2017 non
643 1966 1045 2034 appropinquat
1071 1964 1266 2037 frigida
1300 1981 1407 2021 nox
1426 1983 1440 2029 ;
1461 1980 1736 2020 :erumnas
1756 1975 1936 2021 autem
1969 1966 2094 2018 vitae

506 2067 560 2112 et
597 2057 812 2115 labores
839 2074 1000 2113 nemo
1044 2059 1370 2130 gloriabitur
1402 2060 1548 2128 quod
1583 2060 1824 2114 intactus
1851 2065 1906 2114 et
1940 2057 2096 2113 indo-

507 2150 677 2205 mitus
699 2150 791 2207 hic
813 2149 1229 2222 subterfugerit.
1258 2148 1363 2205 Sed
1396 2150 1644 2221 quaedam
1676 2149 1892 2205 misera:
1923 2148 2098 2203 homi-

505 2257 639 2296 num
670 2243 794 2296 viue
822 2242 960 2296 dura
989 2250 1241 2298 recenset
1275 2251 1331 2296 et
1363 2241 1531 2296 dicit:
1578 2240 1722 2296 Sunt
1755 2241 2014 2296 debilitas
2039 2248 2096 2296 et

508 2339 840 2402 paupertas,
875 2333 1123 2403 corporis
1154 2334 1319 2388 varia;
1364 2334 1713 2389 inﬁrmitates
1752 2341 1808 2388 et
1842 2333 1965 2390 vitae
1997 2350 2094 2390 nc-

507 2425 879 2480 cessariorum
921 2433 1175 2496 egestas,
1222 2436 1413 2495 partus
1453 2433 1507 2481 et
1554 2427 1715 2481 triste
1750 2427 1959 2490 fatum,
2003 2435 2095 2481 aut

507 2515 730 2571 dolores
773 2517 1103 2586 parientinm
1155 2524 1210 2570 et
1245 2532 1346 2587 pro
1389 2516 1717 2573 educatione
1757 2518 1927 2588 prolis
1974 2534 2096 2575 sese

507 2608 949 2663 eonsumentium
972 2649 987 2675 ,
1018 2609 1205 2664 odium
1239 2616 1295 2664 et
1324 2609 1379 2662 in
1411 2610 1719 2679 proximum
1756 2609 2008 2674 invidias,
2043 2619 2098 2666 et

507 2700 701 2769 injusti
732 2700 833 2754 viri
857 2708 913 2755 et
940 2701 1190 2757 scelerati
1218 2700 1290 2757 ab
1310 2703 1599 2771 egentibus
1633 2703 1947 2758 necessaria
1973 2704 2097 2759 vita:

506 2792 808 2864 rapientes,
839 2807 992 2849 more
1016 2794 1320 2849 belluarum
1353 2794 1406 2848 in
1440 2794 1579 2848 mari
1607 2801 1662 2849 et
1692 2809 1859 2864 super
1893 2804 2093 2851 terram

508 2885 741 2941 miseros
781 2892 1140 2949 consumunt,
1184 2892 1237 2938 et
1267 2898 1483 2939 omnem
1518 2883 1658 2938 hanc
1696 2885 1863 2938 vitam
1898 2900 2097 2940 aerum-

509 2986 702 3029 nosam
730 2983 786 3029 et
809 2973 1095 3031 doloribus
1121 2972 1438 3029 affluentem
1459 2973 1778 3030 hominibus
1803 2975 2094 3030 inducunt.

514 3083 536 3117 ι
572 3064 778 3121 Damna
814 3065 1037 3138 quidem
1064 3073 1120 3123 et
1148 3068 1398 3133 omnino,
1441 3086 1459 3120 ι
1498 3079 1554 3123 et
1582 3082 1703 3138 seq.
1728 3067 1884 3134 Quod
1915 3068 2093 3136 dicit,

515 3148 647 3203 illud
694 3159 780 3207 est
825 3169 843 3209 :
887 3154 1027 3210 Mala
1057 3171 1178 3226 quae
1218 3157 1466 3212 homines
1501 3174 1625 3214 esse
1654 3169 1846 3228 putant
1879 3176 1944 3215 ac
1973 3176 2093 3215 mo-

514 3241 687 3304 lesta.
759 3245 1018 3317 pleraque
1072 3250 1320 3319 reputavi
1384 3250 1613 3305 omnino
1676 3248 1976 3320 injucunda
2033 3261 2092 3308 et

511 3347 824 3392 aerumnosa
879 3340 1141 3410 omnique
1192 3342 1389 3396 solatio
1452 3342 1757 3408 destituta;
1817 3342 2089 3398 bonorum

514 3442 638 3497 qua:
705 3444 773 3483 eo
830 3432 1053 3487 nomine
1114 3433 1472 3503 designantur
1539 3435 1792 3491 molestia
1850 3436 2092 3492 immune

513 3520 725 3575 nul'um
774 3522 1018 3592 profecto
1075 3525 1222 3590 vidi,
1270 3541 1336 3581 ex
1398 3541 1509 3596 quo
1557 3525 1807 3582 lethifera
1860 3542 1892 3582 a
1944 3525 2092 3597 ligno

512 3614 823 3684 degustatio
860 3625 916 3672 et
957 3617 1249 3674 homicidae
1297 3618 1503 3675 invidia
1548 3635 1794 3675 amaram
1831 3628 1888 3675 et
1935 3634 2092 3675 acer-

511 3707 639 3762 bam
677 3709 809 3763 mihi
848 3713 1302 3782 transgressionis
1338 3728 1556 3783 poenam
1600 3714 1806 3771 attulit.

1840 368 2140 427 NICETAS
2203 370 2409 427 DAVID
3652 366 3735 424 πει

2188 506 2320 559 γων,
2345 489 2496 543 οὐδέν
2520 490 2656 560 εἰμι.
2699 488 2810 543 Καὶ
2835 486 2923 543 ῖνα
2948 486 3002 539 τί
3023 483 3296 549 τοσούτοις
3316 482 3733 555 ταλαιπωροῦμαι

2189 582 2400 647 κακοῖς,
2445 575 3093 650 ὲνδαπανώμενος,’ὥστε
3144 575 3392 647 πεπηγὸς
3436 573 3496 625 δν
3541 576 3737 643 πρᾶγμα

2189 675 2284 728 καὶ
2322 673 2541 745 ἰσχυρὸν
2573 673 2669 726 καὶ
2709 669 2968 743 στερρόν;
3004 668 3113 723 Καὶ
3144 669 3256 738 γάρ
3293 667 3483 737 ὥσπερ
3522 668 3630 736 Θεῴ
3666 671 3743 723 καὶ

2188 768 2301 830 τοῖς
2343 765 2508 830 θείοις
2546 765 2608 819 τὸ
2649 764 2768 819 κατ’
2798 764 3019 828 οὐσίαν,
3064 762 3159 816 καὶ
3206 759 3455 832 δύναμιν,
3494 758 3741 822 καὶδόξαν

2190 858 2290 927 τὴν
2329 856 2628 921 ἀνωτάτω,
2657 856 2753 909 καὶ
2797 854 3208 927 μακαριότητα,
3241 850 3510 921 ἄτρεπτόν
3550 848 3605 901 τὲ
3648 852 3741 903 ἐστι

2194 951 2289 1003 καὶ
2322 949 2658 1019 ἀμετάϐολον
2681 966 2695 979 ⁸
2723 948 2896 1011 οὕτως
2921 944 3210 1017 ἀνθρώπου
3236 944 3396 1015 φύσει
3420 943 3485 995 τὸ
3500 942 3743 996 ταλαιπω-

2196 1040 2443 1112 ρεῖσθαι,
2473 1040 2568 1093 καὶ
2595 1039 2684 1093 ἀεὶ
2730 1040 2842 1102 τοῖς
2873 1036 2968 1092 τοῦ
3013 1036 3130 1107 βίου
3175 1032 3549 1089 διαπονεῖσθαι
3583 1031 3740 1086 ἄλλοτε

2190 1131 2375 1194 ἄλλοις
2428 1130 2710 1193 ἐπιπόνοις
2761 1130 2858 1184 καὶ
2904 1128 3183 1201 ἀλγηροῖς,
3225 1125 3496 1197 ἄτρεπτον
3542 1124 3742 1194 ὑπάρχει

2192 1223 2287 1275 καὶ
2333 1223 2581 1293 συμφυὲς
2622 1223 2717 1275 καὶ
2756 1220 3094 1292 ἀμετάθετον
3131 1237 3145 1250 ·
3181 1218 3242 1284 ἐξ
3272 1214 3336 1273 οὗ
3363 1218 3430 1288 δὴ
3468 1217 3529 1269 τὸ
3563 1215 3742 1285 πρῶτον

2191 1314 2300 1367 τῶν
2330 1314 2613 1387 μητρικῶν
2650 1314 2889 1383 λαγόνων
2928 1311 3269 1375 όλισθαίνων,
3307 1311 3405 1364 καὶ
3442 1311 3523 1371 εἰς
3558 1309 3650 1377 γῆν
3673 1309 3744 1359 ἐκ-

2193 1405 2399 1470 πεσὼν,
2426 1405 2660 1477 δάκρυον
2687 1406 2876 1477 ἀφῆκα
2901 1405 3012 1460 τῶν
3047 1403 3346 1477 ὀφθαλμῶν
3372 1417 3389 1433 ’
3422 1401 3518 1455 καὶ
3548 1399 3647 1469 γάρ
3674 1415 3743 1468 μοι

2192 1498 2345 1551 τουτὶ
2402 1497 2604 1571 δηλαδὴ
2654 1497 2922 1569 σύμϐολον
2966 1497 3225 1568 ἐναργὲς,
3260 1494 3424 1550 τοῦτο
3452 1492 3647 1561 γίνεται
3676 1508 3746 1544 τε-

2195 1591 2432 1662 κμήριον
2449 1632 2463 1655 ,
2498 1592 2642 1655 ὅσοις
2663 1592 2757 1645 καὶ
2780 1591 2915 1654 οῖοις
2948 1590 3126 1661 μέλλω
3145 1586 3577 1659 συναντήσεσθαι
3601 1585 3745 1655 λυπη-

2199 1686 2312 1754 ροῖς
2346 1684 2441 1737 καὶ
2460 1686 2672 1750 κακοῖς,
2703 1683 2763 1736 τὸ
2797 1686 2925 1754 πρὶν
2954 1682 2988 1754 ἢ
3011 1681 3106 1736 τοῦ
3131 1681 3247 1755 βίου
3275 1679 3521 1751 ἅψασθαι
3546 1678 3743 1749 δάκρυον

2195 1773 2257 1839 ἐξ
2282 1774 2577 1847 ὀφθαλμῶν
2600 1776 2837 1845 ἀφεῖναι.

2303 1867 2514 1937 Χώρην
2532 1868 2649 1939 μέν
2681 1869 2787 1922 τιν’
2817 1866 3065 1936 ἄθηρον,
3093 1884 3149 1922 κ.
3178 1883 3233 1921 τ.
3259 1863 3343 1933 ἐξ.

2275 1964 2448 2027 Ἐστι,
2478 1964 2632 2033 φησὶ,
2662 1962 2834 2035 χώρα,
2860 1964 2956 2016 καὶ
2980 1962 3175 2032 νῆσος,
3209 1953 3328 2034 ὲνῇ
3360 1956 3545 2029 θηρῶν
3574 1951 3745 2023 ἀγρίων

2195 2058 2256 2110 ού
2282 2056 2553 2110 διαιτᾶται
2585 2056 2747 2126 φύσις
2769 2073 2785 2086 ι
2823 2057 2916 2109 καὶ
2942 2055 3057 2109 ἐστι
3081 2056 3247 2118 τόπος
3273 2048 3742 2119 κατακεκαυμένος,

2194 2144 2256 2204 οὗ
2296 2148 2507 2222 κρυερὰ
2548 2149 2608 2202 οὐ
2646 2148 2996 2221 προσεγγίζει
3034 2147 3196 2216 νιφάς
3229 2160 3243 2173 ⁶
3278 2144 3388 2197 τῶν
3434 2140 3675 2211 λυπηρῶν
3700 2138 3741 2190 δὲ

2194 2242 2290 2297 τοῦ
2327 2242 2442 2314 βίου
2468 2243 2563 2296 καὶ
2586 2241 2697 2297 τῶν
2733 2241 2947 2313 μόχθων
2969 2240 3147 2305 οὐδεὶς
3166 2239 3507 2309 καυχήσεται
3537 2235 3606 2297 ὡς
3638 2233 3740 2287 ἀδά-

2199 2350 2403 2406 μαστος
2440 2334 2534 2386 καὶ
2575 2333 2840 2402 ἄγευστος
2862 2331 3097 2385 ἐνταῦθα
3123 2328 3426 2399 διαφυγών.
3468 2326 3627 2378 Ἀλλα
3650 2324 3744 2377 τινὰ

2194 2425 2264 2479 τὰ
2293 2423 2528 2494 δυσχερῆ
2562 2423 2675 2494 (46)
2703 2421 2799 2477 τοῦ
2822 2420 3169 2494 ταλαιπώρου
3196 2421 3304 2474 τῶν
3329 2417 3430 2473 ἀνθ
3442 2415 3630 2489 ρώπων
3652 2414 3743 2485 βίον

2197 2519 2316 2571 κατ’
2362 2515 2500 2580 εἶδος
2536 2515 2952 2589 ἀναριθμεῖται,
2994 2515 3088 2568 καί
3115 2531 3279 2585 φησιν
3309 2529 3324 2541 ·
3373 2510 3647 2584 ’Δδράνεια
3674 2509 3743 2560 καὶ

2198 2611 2380 2673 πενία,
2414 2608 2665 2680 σώματος
2705 2610 3009 2681 ἀρρωστίαι
3041 2608 3280 2663 ποικίλαι
3315 2607 3411 2661 καὶ
3441 2605 3627 2659 ἔνδειαι
3659 2600 3743 2653 τῶν

2196 2701 2518 2773 ἐπιτηδείων
2545 2700 2680 2773 πρὸς
2706 2699 2870 2772 ζωὴν,
2897 2700 3056 2764 τόκος
3090 2701 3183 2754 καὶ
3214 2698 3379 2770 μόρος
3403 2737 3422 2759 ,
3457 2698 3571 2766 ἦτοι
3609 2709 3742 2746 κακο-

2198 2793 2401 2847 πάθεια
2456 2795 2576 2857 ταῖς
2607 2795 2920 2859 τικτούσαις
2948 2795 3040 2846 καὶ
3068 2793 3195 2865 περὶ
3214 2792 3310 2862 τὴν
3336 2788 3640 2865 ἀνατροφὴν
3660 2784 3742 2836 τῶν

2198 2884 2437 2953 ἐκγόνων
2471 2852 2854 2956 πονουμέναις,
2882 2852 3039 2954 έχθος
3072 2852 3165 2937 καλ
3199 2852 3427 2955 αἶ’πρὸξ⁹
3602 2852 3740 2947 γειτο·

2197 2976 2423 3049 νοῦντας
2468 2975 2800 3049 ἔχθραι,καὶ
2838 2975 3014 3031 ἄδικοι
3056 2974 3249 3045 ἄνδρες
3284 2974 3380 3026 καὶ
3436 2967 3741 3043 ἁμαρτωλοὶ,

2199 3048 2295 3132 τὰς
2323 3067 2459 3139 πρὸς
2491 3067 2552 3121 τὸ
2576 3048 2676 3139 ζῇν
2697 3065 2809 3120 τῶν
2844 3065 3246 3136 ταπεινοτέρων
3274 3062 3592 3135 ἁρπώμενοι
3613 3061 3743 3127 epop-

2203 3162 2310 3233 μὰς
2333 3201 2349 3226 ,
2395 3162 2582 3233 ὅμοιον
2620 3161 2819 3233 τρόπον
2855 3162 2967 3225 τοῖς
3007 3161 3066 3213 ὲν
3099 3159 3343 3229 θαλάσσῃ
3378 3156 3545 3227 θηρσὶ
3584 3153 3663 3205 καὶ
3692 3152 3741 3219 τῇ

2200 3255 2342 3328 ξηρᾷ
2371 3254 2793 3328 κατατρίϐουσιν
2825 3255 3025 3319 αὐτοὺς
3044 3297 3058 3321 ,
3092 3254 3185 3308 καὶ
3218 3252 3395 3306 πάντα
3423 3249 3519 3304 τὸν
3546 3248 3647 3318 βίον
3669 3242 3740 3295 ἀλ·

2199 3347 2369 3420 γηρὸν
2399 3347 2491 3401 καὶ
2521 3345 2792 3400 ἐπώδυνον
2817 3347 2929 3409 τοῖς
2951 3342 3259 3416 ἀνθρώποις
3288 3337 3634 3394 καθιστῶσιν.

2306 3439 2558 3509 Rimata
2576 3437 2694 3509 μὲν
2723 3437 2821 3492 καὶ
2854 3436 3127 3506 πάμπαν,
3151 3452 3187 3489 κ
3232 3451 3285 3487 τ.
3313 3431 3394 3497 ἐξ.

2281 3530 2347 3583 Ὃ
2389 3530 2444 3584 δὲ
2482 3529 2652 3595 λέγει,
2692 3528 2931 3584 τοιοῦτόν
2967 3530 3084 3582 ὲστι
3112 3543 3127 3557 ’
3162 3523 3285 3579 Τῶν
3326 3523 3458 3594 παρ’
3484 3516 3743 3590 ἀνθρώπως

2201 3620 2512 3689 λεγομένων
2559 3619 2749 3673 κακῶν
2796 3619 2890 3671 καὶ
2933 3615 3211 3687 δυσχερῶν
3261 3611 3433 3666 πολλὰ
3484 3604 3742 3673 κατενόησα

2204 3710 2486 3774 παντελῶς
2513 3710 2643 3764 ὄντα
2676 3708 2893 3781 ἀτερπῆ
2964 3708 3058 3759 καὶ
3090 3704 3312 3777 λυπηρά
3332 3747 3347 3772 ,
3391 3705 3490 3756 καὶ
3532 3694 3743 3767 οὐδεμίαν

510 3795 705 3863 ἔχοντα
734 3791 1064 3865 παραψυχὴν
1098 3782 1563 3867 παρομαρτοῦσαν
1588 3812 1603 3826 ’
1638 3797 1746 3850 τῶν
1777 3795 2002 3865 ἀγαθῶν
2046 3798 2103 3852 δὲ
2139 3800 2196 3851 ὲν
2235 3799 2336 3872 βίῳ
2366 3801 2875 3873 κατωνομασμένων
2920 3799 3072 3854 οὐδὲν
3109 3797 3337 3869 ἄμοιρον
3376 3795 3552 3865 λύπης
3581 3782 3743 3844 παντά-

512 3904 649 3941 πασι
678 3887 966 3957 τεθέαμαι,
999 3887 1092 3958 ἀφ’
1114 3878 1231 3959 οὗὴ
1259 3886 1481 3960 ὀλεθρία
1501 3886 1596 3941 τοῦ
1623 3887 1781 3955 ξύλου
1813 3888 2002 3959 γεῦσις
2032 3891 2125 3945 καὶ
2158 3894 2185 3945 ὁ
2207 3892 2299 3946 τοῦ
2328 3893 2683 3965 ἀνδροκτόνου
2712 3892 2904 3962 φθόνος
2941 3890 3143 3963 πικράν
3173 3886 3380 3960 μοικαὶ
3416 3882 3649 3956 ἀλγηρᾶν
3668 3877 3741 3947 τὴν

508 3984 612 4053 τῆς
645 3981 1010 4055 παραϐάσεως
1034 3981 1307 4054 τιμωρίαν
1333 3982 1699 4053 ὲναπήμεσεν.

511 4095 582 4151 59
606 4093 736 4149 Ηωο
752 4094 866 4159 tibi,
894 4110 1043 4159 caro,
1074 4092 1222 4148 dicta
1246 4095 1376 4160 sint,
1399 4111 1503 4149 non
1524 4093 1686 4163 facile
1707 4096 1966 4158 sanabili,
1989 4104 2095 4152 etc.

581 4186 663 4241 Ad
709 4194 762 4242 te
794 4202 957 4257 ergo,
987 4201 1023 4241 ο
1056 4200 1219 4251 caro,
1270 4194 1466 4242 sanatu
1503 4185 1809 4250 difﬁcilem,
1843 4186 2099 4242 immedi—

511 4278 742 4334 cabilem
780 4278 923 4336 forte
966 4282 1082 4336 haec
1115 4296 1146 4336 a
1186 4282 1387 4338 nobis:
1428 4296 1556 4335 nam
1597 4281 1757 4337 hoste
1799 4297 2014 4338 amoma
2049 4293 2102 4339 te

510 4379 637 4426 utor
660 4380 714 4426 et
741 4388 958 4443 semper
984 4374 1276 4444 militanti;
1311 4374 1486 4429 hostis
1517 4374 1704 4428 debita
1738 4389 1955 4446 semper
1991 4376 2098 4430 ini-

510 4466 656 4519 mica
690 4466 914 4535 placens
958 4481 1109 4529 caro,
1153 4475 1269 4521 tum
1302 4482 1446 4537 saepe
1485 4482 1794 4536 cooperans
1827 4469 1892 4522 ad
1932 4470 2098 4534 bona,

510 4566 627 4612 tum
652 4556 931 4614 ordinarie
956 4574 1227 4630 propensa
1249 4559 1314 4613 ad
1340 4561 1606 4615 malorum
1634 4560 1915 4631 abyssum.
1948 4560 2100 4618 Ferat

508 4651 811 4707 blandienti
850 4651 985 4707 mihi
1020 4652 1219 4709 similis
1254 4652 1458 4709 videris
1496 4661 1553 4710 et
1596 4654 1880 4718 adulanti,
1918 4664 1972 4711 et
2014 4655 2096 4710 in-

510 4742 727 4799 terdum
765 4743 962 4800 acerbe
999 4743 1296 4813 mordenti;
1346 4751 1400 4800 et
1429 4745 1540 4816 igni
1569 4746 1909 4803 calefacienti
1941 4747 2097 4803 simi-

509 4838 657 4900 labo.
701 4837 796 4894 sed
823 4845 879 4894 et
923 4837 1089 4895 simul
1131 4839 1489 4898 vehementer
1520 4842 1909 4914 refrigeranti;
1945 4843 2093 4915 quod

509 4934 815 5003 insolitum,
845 4950 1021 5007 eoque
1054 4937 1228 5008 magis
1253 4936 1450 4991 mirum
1472 4946 1579 5003 est,
1604 4940 1651 4996 si
1677 4939 1816 4996 forte
1838 4941 1906 4995 ad
1933 4941 2095 4995 linem

507 5035 681 5083 totum
711 5028 845 5084 mihi
889 5028 1153 5085 benevola
1195 5032 1354 5087 lieres
1389 5046 1690 5106 pacemque
1757 5032 1957 5102 dares;
1996 5032 2098 5088 tibi

507 5132 661 5187 ergo,
694 5133 728 5172 o
750 5133 903 5196 caro,
928 5118 1042 5174 hzec
1066 5119 1214 5175 dicta
1249 5121 1381 5189 sint,
1415 5121 1511 5176 sed
1539 5130 1594 5176 et
1620 5122 1715 5175 tibi
1744 5123 1939 5178 anima:
1991 5117 2095 5189 ipsi

509 5210 769 5265 dicentur
825 5221 991 5282 prout
1044 5213 1257 5283 justum
1313 5223 1421 5274 est.
1477 5234 1495 5266 ι
1541 5214 1718 5281 Quis?
1762 5215 1963 5271 Unde?
2009 5225 2104 5270 aut

509 5303 641 5373 quid
670 5304 773 5359 es?
803 5325 823 5358 ι
845 5313 901 5360 et
922 5321 1041 5375 seq.
1069 5303 1205 5372 Quis
1222 5312 1275 5361 et
1299 5308 1465 5373 unde,
1491 5313 1544 5361 et
1568 5306 1698 5378 quid
1717 5322 1777 5363 es
1795 5306 2099 5363 secundum

510 5403 791 5461 naturam,
830 5396 921 5452 die
959 5397 1007 5453 si
1052 5397 1254 5466 babes;
1285 5399 1410 5470 quis
1445 5406 1498 5456 te
1529 5406 1804 5454 mortuum
1837 5397 2099 5454 ferentem

513 5497 610 5543 aut
636 5503 841 5559 corpus
875 5489 1138 5547 ferentem
1188 5492 1512 5563 plasmavit?
1560 5491 1695 5561 Quis
1736 5491 2104 5562 undequaqne

514 5592 800 5640 oneratam
850 5592 907 5640 et
948 5584 1018 5640 ad
1064 5593 1267 5642 terram
1308 5588 1593 5659 religatam
1641 5586 1854 5642 catenis
1905 5583 2101 5640 validis

513 5675 644 5734 vita
679 5675 966 5748 religavit?
1000 5678 1287 5746 Quomodo
1330 5680 1621 5736 cowmista
1667 5678 1766 5737 es?
1815 5677 2103 5747 Quomodo

580 5863 695 5938 (16)
723 5865 910 5925 Codex
941 5864 1087 5924 ἀλλὰ
1110 5865 1230 5923 τίνα
1258 5865 1328 5920 τὰ
1352 5864 1618 5938 δυσχερεί.

2200 4103 2267 4160 59
2303 4100 2405 4156 Σοὶ
2422 4100 2543 4170 μὲν
2570 4099 2669 4168 δὴ,
2696 4098 2873 4167 σὰρξ,
2899 4098 3027 4153 τοῖα
3056 4096 3368 4162 δυσαλθέτ,
3403 4114 3458 4150 κ.
3486 4115 3534 4150 τ.
3554 4096 3599 4147 λ.

2272 4194 2417 4266 Πρός
2459 4209 2520 4246 σε
2562 4192 2662 4264 μὲν
2691 4187 2784 4246 οὖν
2803 4231 2818 4255 ,
2854 4185 2901 4244 ὦ
2935 4191 3093 4261 σάρξ,
3125 4190 3362 4262 δυσαλθῆ
3393 4208 3453 4243 τε
3484 4191 3571 4242 καὶ
3590 4183 3738 4241 δυσία-

2200 4304 2290 4342 τον
2326 4286 2678 4358 ύπάρχουσαν
2701 4285 2927 4340 τοιαῦτα
2961 4286 3094 4356 παρ’
3123 4284 3278 4356 ἡμῶν
3300 4302 3314 4315 ο
3353 4283 3450 4337 καὶ
3474 4282 3575 4352 γὰρ
3597 4273 3737 4349 ἐχθρῷ

2202 4397 2284 4435 σοι
2333 4380 2555 4451 εὐμενεῖ
2608 4377 2828 4450 χρῶμαι
2860 4378 2955 4432 καὶ
3010 4375 3462 4448 φιλοπολεμοῦντι
3521 4367 3739 4428 deum-

2207 4470 2401 4543 εχθρος
2428 4471 2538 4523 αἰεὶ
2567 4469 2865 4542 δυσμενὴς,
2888 4471 2921 4541 ἡ
2958 4469 3094 4541 σάρξ
3122 4467 3294 4538 φίλος,
3322 4466 3385 4521 τὸ
3410 4468 3510 4539 μὲν
3528 4460 3737 4533 συνεργὸς

2207 4563 2345 4634 πρὸς
2395 4562 2466 4616 τά
2517 4563 2657 4616 καλά
2689 4560 2978 4624 πολλάκις,
3033 4560 3095 4614 τὸ
3141 4560 3184 4615 δ’
3236 4560 3482 4624 ἐκτόπως
3527 4557 3736 4629 βρίθουσα

2207 4655 2342 4726 πρὸς
2388 4653 2574 4709 κακῶν
2628 4653 2822 4724 βάθος·
2861 4654 3036 4725 θηρίῳ
3079 4653 3189 4725 γὰρ
3221 4652 3455 4707 ἐοικέναι
3496 4646 3734 4723 μοιδοκεᾶ

2204 4743 2585 4815 προσσαίνοντι
2627 4745 2725 4814 μὲν
2759 4742 3067 4809 κολακικῶς
3086 4783 3101 4807 ,
3144 4742 3393 4796 δάκνοντι
3422 4742 3470 4795 δ’
3500 4741 3648 4795 ἐνίοτε
3670 4753 3736 4789 πι-

2204 4837 2384 4909 κρῶς,
2415 4839 2510 4891 καὶ
2539 4836 2675 4907 πυρὶ
2697 4836 3046 4908 θερμαίνοντι
3070 4837 3449 4908 παρομοιάσω,
3489 4834 3591 4888 ἀλλ’
3618 4827 3733 4898 αὑτῷ

2203 4933 2381 5003 τούτῳ
2413 4933 2507 4986 καὶ
2536 4930 2762 5002 ψύχοντι
2797 4929 3071 5002 σφοδρῶς
3112 4930 3142 4983 ὃ
3169 4930 3262 4983 καὶ
3292 4931 3613 5002 παράδοξον,
3643 4924 3732 4994 μεῖ-

2207 5026 2298 5092 ζον
2336 5025 2392 5080 δὲ
2422 5023 2642 5094 θαῦμα,
2692 5025 2746 5078 et
2775 5041 2904 5079 ποτε
2942 5023 3045 5077 κᾶν
3090 5024 3148 5087 ὲς
3200 5023 3426 5094 ὕστερον
3456 5022 3516 5075 τὸ
3540 5020 3639 5074 ὅλον
3666 5029 3732 5084 μαι

2205 5116 2437 5187 εὐμενὴς
2483 5116 2657 5184 γένοιο
2703 5115 2797 5170 καὶ
2842 5115 3164 5186 εἰρηνεύοις.
3217 5115 3308 5167 Σοὶ
3353 5115 3453 5185 μὲν
3481 5110 3567 5167 οὖν
3589 5097 3729 5179 δῆλ’

2207 5208 2377 5281 σάρξ,
2427 5208 2599 5261 ταῦτα
2651 5208 3061 5279 προσειρήσθω·
3108 5207 3244 5261 άλλά
3273 5208 3370 5261 καὶ
3416 5209 3499 5261 σοὶ
3541 5198 3729 5275 τῇψυχῇ

2207 5302 2344 5374 αὐτῇ
2375 5300 2444 5355 τά
2479 5301 2791 5371 καθήκοντα
2820 5300 3137 5371 ῥηθήσεται.

2352 5394 2483 5460 Τίς;
2510 5392 2729 5457 πόθεν;
2758 5390 2797 5461 ἣ
2828 5391 2886 5445 τί
2917 5391 3153 5458 «eam;
3179 5408 3233 5446 κ.
3264 5409 3314 5445 τ.
3349 5389 3428 5456 ἐξ.

2277 5488 2373 5553 Τίς
2407 5487 2500 5542 καὶ
2549 5486 2711 5542 πόθεν
2767 5486 2860 5540 καὶ
2896 5485 2948 5540 τί
2999 5485 3139 5539 κατὰ
3175 5485 3275 5557 τὴν
3321 5485 3480 5555 φύσιν
3509 5481 3649 5550 αὐτὴν
3673 5469 3726 5536 εἷο

2210 5580 2454 5653 φράσον,
2503 5580 2557 5633 εῖ
2588 5597 2671 5634 σοι
2717 5579 2918 5650 παρόν·
2950 5578 3033 5643 τίς
3077 5578 3134 5632 δέ
3169 5595 3228 5630 σε
3254 5577 3597 5648 νεκροφόρον,
3638 5570 3727 5640 ἦτοι

2214 5672 2598 5746 σωματοφὸρον
2617 5713 2632 5742 ,
2689 5672 2984 5742 ἐποιήσατο
3004 5710 3018 5736 ,
3072 5670 3311 5741 στερεοῖς
3343 5670 3401 5723 ἐν
3427 5666 3622 5737 δεσμοῖς
3656 5653 3727 5712 τοῦ
