3814 6534
92 425 178 482 737
1071 409 1137 466 IN
1178 412 1487 469 CARMINA
1525 409 1806 466 ARCANA
1845 408 1902 463 S.
1942 405 2292 463 GBEGORII.

93 543 191 617 βίου
238 531 530 602 καταδήσας
583 529 919 601 πανταχόθεν
973 530 1346 604 βαρυνομένην
1381 531 1474 584 καὶ
1502 545 1629 584 συνο

91 626 408 698 ειλκυσμένην
457 624 534 686 είς
581 623 713 693 γῆν;
747 623 863 688 πῶς
912 623 1149 694 ἐμίγης;
1191 623 1311 688 πῶς
1353 621 1625 695 ἐκράθης,

92 723 277 794 πνεῦμα
321 712 470 783 οὖσα,
492 715 570 786 τῷ
622 715 775 787 βάρει
817 714 910 769 τοῦ
946 714 1225 784 σώματοςς
1259 716 1377 778 πῶς
1411 715 1467 767 δὲ
1503 713 1629 776 νοῦς

89 818 330 875 πέλουσα,
397 809 557 878 σαρκὶ
621 809 892 880 κραθῆναι
954 807 1259 872 κατεδέξως
1333 806 1509 878 κούφη
1569 805 1626 858 δὲ

66 909 390 981 -τυγχὰνουσα
433 901 550 964 πῶς
587 901 751 971 ἄχθος
779 903 999 972 φέρεις;
1026 899 1210 954 Ταῦτα
1251 899 1360 970 γὰρ
1392 899 1628 954 ἀντικεί-

88 1021 204 1076 μενα
231 999 301 1061 ὡς
321 995 529 1048 ἐναντία
561 993 809 1064 ἀλλήλοις
843 995 1188 1064 διαμάχεται.

85 1096 141 1150 69
175 1092 235 1145 Εἰ
253 1086 362 1157 μὲν
389 1082 464 1150 δὴ
494 1083 834 1150 σάρκεσσιν
863 1082 1300 1227 όμόσποροῖθές
1333 1083 1480 1205 ,βίοζ
1505 1078 1630 1204 λῆλ..

1238 1172 1321 1219 ες,
1346 1171 1400 1206 κ.
1465 1193 1478 1206 .
1541 1195 1554 1206 .

1238 1172 1321 1219 ες,
1346 1171 1400 1206 κ.
1427 1171 1478 1206 τ.
1506 1171 1554 1206 Α.

144 1247 508 1322 Προσλαλήσας
555 1249 620 1317 τῇ
670 1247 833 1318 σαρκὶ
879 1247 1128 1319 πρῶτον,
1166 1243 1285 1300 εἶτα
1330 1249 1397 1317 τῇ
1444 1246 1626 1316 ψυχῇ,

82 1348 166 1400 ὅσα
204 1337 658 1412 θεόληπτούμενον
689 1340 857 1411 ἄνδρα
887 1338 1210 1410 προσλαλεῖν
1243 1339 1441 1410 ἐχρῆν,
1473 1334 1630 1401 αὖθις

82 1437 198 1510 πρὸς
232 1433 324 1505 τὴν
371 1431 548 1503 ψυχὴν
580 1434 708 1503 περὶ
729 1434 826 1503 τῆς
877 1433 997 1486 κατ’
1023 1434 1193 1504 αὐτὴν
1222 1432 1489 1502 γενέσεως
1535 1431 1629 1486 καὶ

82 1529 200 1601 πρὸς
245 1527 302 1580 τὸ
362 1524 522 1595 σῶμα
579 1526 934 1595 συγκράσεως
983 1525 1289 1594 διαλέγεται
1344 1523 1630 1594 θεοφορού-

85 1637 222 1692 μενος
241 1659 254 1681 ,
287 1619 345 1670 El
376 1616 474 1686 μὲν
506 1617 622 1688 ἅμα
644 1657 657 1680 ,
702 1617 877 1686 λέγων
899 1659 914 1683 ,
957 1616 1036 1687 τῷ
1069 1617 1282 1688 σώματι
1334 1617 1428 1669 καὶ
1455 1616 1626 1688 αὑτὴ,

80 1705 119 1765 ὦ
154 1711 313 1781 ψυχὴ,
341 1709 776 1780 συσπειρομένη,
808 1711 873 1780 τῇ
912 1708 1140 1780 μητρῷα
1173 1709 1373 1779 γαστρὶ
1421 1725 1629 1777 συγκα-

78 1801 349 1873 τεῦλήθης,
397 1801 494 1853 καὶ
544 1800 688 1854 οὕτω
747 1800 1027 1872 παρῆλθες
1067 1803 1148 1864 είς
1171 1801 1264 1853 τὸν
1296 1801 1431 1871 βίον,
1459 1799 1504 1852 ὦ
1535 1817 1630 1871 μοι

77 1897 165 1965 τῆς
215 1892 471 1961 συζυγίας
521 1892 610 1946 διὰ
675 1893 886 1963 μακροῦ
937 1893 1307 1964 ἀπολομένηςῑ
1360 1894 1468 1947 Καὶ
1523 1894 1630 1964 γὰρ

77 1983 220 2038 εἰκὼν
251 1979 389 2035 εἶναι
433 1981 569 2034 Θεοῦ
624 1983 837 2052 φρονῶν
858 1984 974 2059 Δκαὶ
1006 1982 1366 2053 μεγαλαυχῶν
1385 2023 1399 2046 ,
1430 1999 1633 2054 μαργο-

79 2075 222 2144 σύνης
271 2074 504 2143 αἰσχρᾶς
546 2075 639 2127 καὶ
669 2075 864 2146 ἀτίμου
914 2077 1154 2145 ρεύσεως
1199 2076 1631 2146 ἀποτετέλεσμαι

76 2166 191 2227 υἱός.
221 2164 557 2235 Αἰσχύνομαι
586 2166 649 2237 δὴ
679 2162 771 2219 οὖν
807 2168 1017 2238 μητέρα
1054 2168 1238 2238 τιμῆς,
1273 2169 1417 2238 φημὶ
1443 2167 1508 2240 δὴ
1532 2167 1633 2238 τῆς

75 2257 256 2319 εἰκόνος
274 2297 288 2320 ,
322 2258 423 2327 τὴν
457 2258 560 2327 τῆς
590 2259 791 2329 σαρκὸς
823 2260 1120 2313 ἀκόλαστον
1146 2259 1369 2332 λέγωνῆ
1391 2259 1632 2314 ὑπονοῶν

73 2349 372 2420 ἐπιθυμίαν·
408 2350 748 2423 εὐλαϐοῦμαι
783 2353 878 2405 καὶ⁵
910 2353 1055 2406 δέδια
1091 2353 1304 2424 μητέρα
1329 2353 1426 2423 τῆς
1454 2352 1633 2422 ψυχῆς

71 2443 158 2512 τὴν
183 2442 359 2513 ρεῦσιν
387 2444 592 2506 εἰπεῖν,
628 2445 710 2497 ὅτι
755 2443 892 2515 αὑτὴ
924 2446 1021 2514 μὲν
1052 2445 1317 2517 ἔφθαρται
1347 2446 1428 2508 είς
1473 2445 1632 2515 σῶμα

72 2540 283 2606 παγείσα
310 2537 530 2610 βροτοῦ,
556 2539 616 2603 ὃς
643 2540 738 2594 νῦν
769 2541 869 2611 μὲν
897 2543 1089 2612 ὁρᾶται
1119 2538 1305 2611 βροτὸς
1327 2554 1635 2606 γενεσιουρο

72 2631 258 2700 γηθεὶς,
289 2627 451 2693 αὖθις
474 2631 532 2684 δὲ
553 2632 672 2684 οὐδὲ
699 2632 910 2704 βροτὸς,
941 2632 1077 2685 ἀλλά
1115 2632 1261 2694 κόνις
1290 2630 1547 2701 ἐσόμενος
1572 2629 1635 2682 τὸ

71 2723 374 2777 τελευταῖον.
411 2724 480 2776 Ei
523 2720 645 2788 οὖν,
695 2723 740 2776 ὦ
769 2723 936 2795 ψυχὴ,
965 2727 1029 2794 τῇ
1061 2723 1225 2794 σαρκὶ
1252 2721 1634 2792 συγκατεσπᾶ-

74 2832 186 2886 ρης,
217 2817 286 2886 μή
317 2832 454 2870 arma
486 2816 580 2869 καὶ
616 2815 1151 2886 συγκαταφθαρῇις].

127 2911 190 2961 Ei
216 2908 281 2960 δὲ
311 2909 392 2961 σύ
421 2910 478 2977 γ’
507 2910 754 2977 οὐρανίη
781 2926 901 2974 τις,
925 2926 976 2962 κ.
1013 2927 1058 2963 τ.
1099 2909 1178 2974 ἐξ.

127 2999 306 3070 Εἴπερ,
344 3002 518 3070 φησὶν
537 3040 551 3063 ,
575 3001 672 3070 οὐχ
688 3001 1015 3071 ὁμόσπορος,
1046 2995 1090 3054 ὦ
1117 2999 1285 3072 ψυχὴ,
1307 2999 1536 3069 γέγονας
1558 2999 1636 3071 τῷ

69 3090 291 3161 σώματι,
324 3089 522 3162 ὥσπερ
551 3092 658 3144 οὐδ’
697 3093 944 3162 όμοφυὴς
981 3092 1132 3159 (πῶς
1161 3093 1304 3164 γάρ;
1334 3094 1416 3146 ὅτι
1447 3093 1509 3145 τὸ
1540 3093 1636 3163 μὲν

67 3183 179 3252 χοῦς
213 3184 302 3235 καὶ
350 3183 541 3254 ἐπάγη
575 3186 638 3236 ἐκ
673 3184 819 3253 χοὸς,
847 3186 911 3238 σὺ
943 3184 1000 3237 δὲ
1031 3184 1289 3256 οὐρανίας
1333 3184 1638 3254 κομπάζεις

69 3271 261 3340 φύσεως
292 3267 438 3326 εἶναι
489 3274 584 3325 καὶ
617 3271 959 3343 ἀφθάρτου),
996 3273 1117 3327 ὅθεν
1150 3273 1304 3342 ἔφυς,
1341 3275 1638 3344 σαφήνισον

67 3367 182 3434 ἡμῖν
204 3381 219 3396 °
249 3367 296 3418 εἰ
332 3365 443 3435 μὲν
473 3365 607 3417 Θεοῦ
639 3365 795 3436 ἄημα
822 3366 856 3437 ἢ
889 3365 1135 3436 πνεῦμα,
1177 3368 1271 3420 καὶ
1300 3366 1482 3436 λάχος,
1519 3367 1636 3435 ἦτοι

65 3456 276 3526 κλῆρος,
307 3455 383 3518 ὡς
412 3455 553 3518 οἴει,
587 3455 680 3508 καὶ
715 3456 893 3526 μερὶς,
922 3454 1075 3524 piem
1105 3453 1434 3508 ἀτασθαλίαν
1460 3455 1639 3507 πᾶσαν

64 3549 258 3611 ἀδικίας
295 3567 354 3602 τε
383 3549 485 3602 καὶ
519 3549 814 3620 πονηρίαν,
846 3549 940 3602 καὶ
983 3550 1352 3620 συνθήσομαιο
1402 3549 1499 3602 καὶ
1530 3548 1640 3620 γὰρ

64 3641 368 3705 οὑδὲ-ἐξεστι
395 3641 500 3694 τοῦ
544 3641 750 3708 ἀγαθοῦ
778 3642 872 3693 καὶ
903 3640 1147 3711 καθαροῦ
1187 3642 1347 3710 φύσει
1382 3644 1575 3713 μοῖραν
1605 3641 1637 3710 ἢ

63 3732 342 3803 ἀπόρροιαν
404 3733 796 3803 ὑπάρχουσαν,
847 3732 1024 3804 κακὴν
1077 3728 1216 3785 εἶναι
1257 3733 1289 3803 ἢ
1331 3731 1503 3802 ῥύπου
1537 3731 1639 3785 κᾶν

64 3823 296 3876 ὁπωσοῦν
338 3826 398 3876 ἐν
433 3823 651 3895 μεθέξει
704 3824 1070 3878 καθεστάναι’
1122 3825 1241 3877 οὐδὲ
1292 3826 1401 3895 γὰρ
1448 3825 1640 3889 σκότος

64 3916 200 3985 ἡλίου
249 3917 502 3987 πέφυκεν
549 3916 864 3987 ἐνέργημα,
895 3916 1017 3970 οὔτε
1062 3917 1298 3988 πονηροῦ
1329 3918 1422 3970 καὶ
1463 3916 1640 3986 ζοφὼ-

63 4005 172 4068 δους
211 4008 529 4078 πνεύματος
573 4007 861 4076 φώταυγον
894 4008 1003 4078 (47)
1037 4007 1253 4078 πνεῦμα
1291 4008 1324 4079 ἢ
1372 4008 1641 4078 ἀγαθουρ-

62 4098 145 4162 γὸν
175 4098 338 4168 ἐξέφυ
357 4116 372 4131 ο
422 4099 488 4152 τὸ
519 4100 703 4170 ὅμοιον
734 4101 842 4169 γὰρ
875 4099 1016 4152 κατά
1047 4099 1208 4168 φύσιν
1236 4100 1421 4169 ὅμοιον
1451 4102 1638 4171 γεννᾷ.

63 4188 176 4251 Πῶς
201 4187 294 4243 οὖν
323 4191 390 4244 σὺ
411 4231 428 4253 ,
458 4185 506 4244 ὦ
537 4190 705 4261 ψυχὴ,
737 4193 858 4252 ταῖς
888 4190 983 4244 τοῦ
1016 4190 1260 4262 Πονηροῦ
1292 4195 1490 4255 κακαῖς
1521 4195 1640 4246 ἐπι-

63 4274 233 4330 θέσεσι
275 4277 540 4331 τοσοῦτον
595 4277 690 4330 τοῦ
734 4277 898 4348 ὀρθοῦ
933 4278 1091 4346 λόγου
1144 4278 1239 4330 καὶ
1288 4277 1383 4330 τοῦ
1433 4279 1638 4346 ἀγαθοῦ

63 4369 381 4440 παρατρέπῃ
413 4369 513 4422 καὶ
555 4368 927 4440 παρεξελαύνῃ
953 4409 966 4431 ,
1018 4370 1240 4440 καίπερ,
1279 4369 1355 4433 ὡς
1393 4371 1521 4439 φῂς,
1546 4370 1640 4423 ού·

63 4457 218 4528 ρανίῳ
246 4459 344 4512 καὶ
379 4457 577 4526 ἀγαθῷ
606 4457 875 4528 πνεύματι
915 4457 1370 4528 συγκεκραμένης
1398 4457 1508 4510 Καὶ
1533 4455 1640 4529 γὰρ

59 4551 103 4601 εί
133 4549 321 4620 βοηθὸν
353 4551 559 4620 ἔχουσα
587 4549 850 4611 τοιοῦτον,
875 4549 968 4601 ἐπὶ
991 4548 1245 4604 τοσοῦτον
1275 4548 1480 4620 βρίθεις
1505 4549 1641 4620 πρὸς

58 4640 148 4713 τὴν
174 4643 275 4712 γῆν
305 4644 405 4697 καὶ
439 4642 613 4706 οὓτως
635 4643 726 4695 ἐπὶ
752 4641 811 4694 τὸ
836 4645 1017 4714 χεῖρον
1041 4643 1429 4715 καταρῤέπεις,
1463 4643 1544 4705 τίς
1575 4643 1642 4696 ἂν

58 4735 168 4804 εἴης
216 4735 568 4807 ἐστερημένη
619 4735 906 4806 βοηθείας;
952 4734 1020 4787 Ai
1066 4734 1122 4787 αἳ
1155 4734 1254 4803 τῆς
1293 4732 1642 4805 πανωλέθρου

59 4830 245 4892 κακίας
277 4830 540 4900 ἀμικτῶς
571 4830 708 4902 πρὸς
733 4831 795 4883 τὸ
817 4829 1019 4898 ἀγαθὸν
1045 4827 1426 4900 διακειμένηςί

124 4923 190 4973 Ei
208 4921 261 4973 δ’
295 4923 370 4976 οὔ
393 4939 500 4990 μοι
533 4924 740 4975 θεόθεν
758 4920 861 4985 σὺ,
892 4937 946 4976 κ.
981 4939 1033 4974 τ.
1065 4920 1146 4986 ἐξ.

120 5012 180 5064 El
221 5014 297 5084 μὴ
340 4999 576 5085 οὐρανία
610 5015 705 5066 καὶ
759 5014 822 5065 ἐκ
852 5012 946 5065 τοῦ
997 5011 1392 5084 ὑπερουρανίου
1441 5011 1640 5082 Θεοῦή

61 5103 121 5174 σὴ
150 5105 314 5173 φύσις
338 5107 442 5160 καὶ
465 5107 741 5171 ούσίωσις,
770 5100 814 5158 ὧ
835 5104 1005 5176 ψυχὴ,
1037 5106 1210 5171 πέλει,
1239 5105 1355 5168 δέος
1394 5123 1483 5176 μοι
1515 5105 1642 5175 σφό-

56 5194 152 5263 δρα
179 5195 346 5266 μέγα,
369 5197 472 5250 καὶ
493 5197 703 5264 ἀγωνία
720 5237 734 5261 ,
761 5197 853 5250 καὶ
882 5196 1044 5265 φόϐος
1061 5195 1368 5267 ὑποτρέχει,
1412 5198 1485 5266 μή
1511 5213 1644 5249 ποτε

55 5288 188 5358 κενῷ
207 5289 453 5362 δοξαρίῳ
482 5289 798 5359 φυσιοῦμαι,
824 5290 915 5342 καὶ
937 5288 1278 5359 γαυριάματι
1312 5289 1642 5360 μετεωρίζο-

59 5392 171 5445 pas,
195 5378 318 5450 εἰκῆ
347 5379 579 5446 πλάσμα
607 5380 702 5432 καὶ
728 5378 890 5433 εἰκὼν
919 5378 1056 5432 Θεοῦ
1087 5375 1226 5431 εἶναι
1260 5377 1641 5448 μεγαλαυχῶν.

55 5489 114 5542 87
156 5493 425 5563 Πλὰσμα
455 5495 600 5549 Θεοῦ
634 5493 1020 5564 παράδεισος,
1052 5494 1241 5564 Ἐδὲμ,
1275 5514 1325 5548 κ.
1346 5512 1394 5548 τ.
1415 5495 1469 5548 λ.

121 5605 309 5660 Εἰπὼν
367 5609 628 5678 οὐρανίαν
681 5606 822 5665 εἶναι
881 5610 978 5682 τὴν
1029 5609 1240 5681 ψυχὴν,
1296 5609 1371 5672 ὡς
1421 5609 1646 5679 πλάσμα

53 5696 183 5752 Θεοῦ
227 5701 325 5754 τοῦ
371 5703 804 5776 ύπερουρανίου,
835 5705 902 5758 δι’
950 5704 977 5757 ὃ
1008 5705 1100 5758 καὶ
1137 5703 1506 5774 βοηθουμένην
1553 5704 1645 5755 ὑπ’

3217 404 3329 465 738

1733 525 1960 596 spiritus
1989 539 2115 579 cum
2159 524 2270 587 sis,
2310 534 2478 578 onere
2502 522 2767 593 corporis.
2793 521 2999 577 domita
3044 521 3144 577 es?
3176 519 3322 587 Quo-

1735 615 1899 670 modo
1931 615 2148 668 animus
2181 628 2306 666 cum
2336 613 2446 677 sis,
2479 612 2768 683 imperium
2794 614 2981 667 carnis
3019 620 3209 666 coacta
3261 627 3324 666 es

1733 707 2016 776 recipere?
2035 704 2284 760 Pondere
2313 705 2573 760 immunis
2595 705 2723 774 quid
2755 705 2972 775 pondus
3001 704 3154 761 fers?
3181 702 3324 758 Nam

1734 797 1851 852 haec
1879 795 1983 855 sibi
2029 797 2264 852 invicem
2294 796 2579 854 contraria
2616 795 2760 851 inter
2788 811 2849 851 se
2881 804 3212 867 repugnant.

1735 1067 1805 1123 69
1843 1066 1998 1133 Quod
2033 1082 2081 1120 ει
2109 1081 2229 1119 cum
2261 1062 2514 1118 carnibus
2548 1072 2668 1117 sata
2699 1062 2754 1116 in
2783 1062 2942 1116 vitam
2973 1064 3180 1130 venisti,
3206 1071 3317 1122 etc.

1805 1157 2106 1228 Postquam
2142 1157 2296 1211 carni
2327 1156 2587 1226 primum,
2621 1154 2748 1210 dein
2783 1154 3001 1220 animae,
3032 1155 3179 1210 sicut
3208 1155 3324 1209 Deo

1737 1251 2055 1306 concitante
2100 1249 2250 1318 loqui
2296 1249 2532 1303 decebat
2573 1247 2780 1312 virum,
2811 1247 3029 1303 loculus
3060 1256 3166 1314 est,
3215 1248 3320 1301 ite-

1736 1357 1860 1397 rum
1890 1356 2016 1396 cum
2057 1342 2241 1395 anima
2275 1341 2342 1396 de
2385 1340 2563 1411 ipsius
2602 1346 2799 1394 natura
2831 1346 2886 1393 et
2929 1353 3052 1393 cum
3091 1353 3324 1408 corpore

1736 1435 1804 1490 de
1831 1434 1953 1504 ejus
1977 1435 2212 1490 mistura
2237 1441 2602 1488 conversatur
2625 1433 2814 1486 divino
2841 1431 3038 1502 spiritu
3072 1432 3320 1487 afﬂatus:

1738 1526 2044 1598 Siquidem,
2094 1527 2298 1596 inquit,
2331 1541 2455 1580 cum
2494 1539 2726 1594 corpore
2769 1533 2825 1579 et
2863 1525 3003 1594 ipsa.
3050 1539 3084 1579 ο
3115 1523 3322 1585 anima.

1737 1623 2008 1694 inspirata
2038 1637 2068 1677 e
2099 1621 2294 1675 matris
2324 1619 2536 1690 gremio
2567 1619 2751 1674 exiisti
2783 1627 2839 1672 et
2870 1618 2936 1671 ad
2960 1618 3126 1671 vitam
3166 1617 3320 1672 veni-

1737 1716 1829 1781 sti,
1863 1729 1943 1769 vae
1991 1703 2128 1766 mihi
2179 1711 2251 1765 oh
2293 1709 2741 1780 conjunctionem
2785 1709 2932 1764 lente
2969 1707 3324 1779 pereuntem!

1739 1806 1874 1861 Nam
1908 1806 2088 1874 imago
2116 1802 2209 1858 Dei
2241 1801 2386 1871 quod
2419 1801 2522 1855 sim
2557 1801 2812 1870 cegitans
2847 1807 2902 1854 et
2933 1801 3199 1870 glorians,
3229 1801 3325 1856 de-

1737 1897 1959 1953 mentia:
2013 1894 2192 1964 turpis
2230 1900 2285 1948 et
2336 1892 2720 1962 ignominiosae
2778 1891 3013 1961 originis
3069 1893 3324 1961 perﬁcior

1739 1990 1909 2046 ﬁlius.
1958 1987 2240 2042 Erubesco
2280 2000 2413 2055 ergo
2457 1993 2688 2038 matrem
2736 1983 2982 2049 honoris,
3017 1985 3140 2038 dico
3188 1984 3321 2038 ima-

1739 2083 1920 2154 ginis,
1977 2080 2310 2135 infrenatam
2356 2078 2535 2131 dicere
2607 2081 2702 2130 aut
2723 2075 2990 2145 suspicari
3013 2076 3196 2131 carnis
3227 2091 3324 2130 cu-

1734 2174 2034 2242 piditatem;
2079 2172 2167 2242 pio
2216 2169 2415 2225 affectu
2449 2177 2504 2224 et
2537 2175 2806 2223 tremente
2857 2183 3048 2220 vereor
3093 2175 3326 2222 matrem

1735 2267 1933 2320 anima:
2011 2262 2368 2318 inllnxionem
2433 2274 2780 2325 memorare,
2842 2259 2970 2328 quia
3028 2260 3146 2329 ipsa
3206 2259 3328 2331 qui-

1735 2359 1859 2414 dem
1899 2373 2025 2412 cum
2072 2355 2433 2424 corruptione
2483 2353 2789 2407 seminatur
2834 2352 2889 2406 in
2933 2367 3136 2422 corpus
3177 2367 3325 2406 mor-

1735 2451 1864 2506 talis
1916 2449 2225 2520 coagulata,
2267 2447 2360 2517 qui
2406 2460 2554 2500 nunc
2598 2445 2815 2499 videtur
2867 2445 3119 2501 mortalis
3173 2460 3329 2501 crea-

1735 2551 1847 2602 tus,
1875 2548 2064 2612 postea
2100 2556 2230 2594 vero
2249 2539 2358 2609 jam
2396 2554 2507 2591 non
2536 2537 2808 2598 mortalis,
2842 2539 2935 2592 sed
2966 2537 3146 2607 pulvis
3178 2535 3330 2592 fotu.

1736 2651 1832 2689 rus
1862 2637 1917 2689 in
1950 2635 2136 2688 linem.
2171 2632 2228 2688 Si
2257 2649 2410 2704 ergo,
2453 2647 2487 2687 o
2516 2633 2723 2696 anima,
2768 2631 2822 2684 in
2853 2646 3020 2685 carne
3056 2629 3329 2685 seminata

1735 2730 1836 2795 sis,
1873 2728 1998 2782 vide
2033 2743 2100 2781 ne
2140 2727 2302 2779 simul
2341 2728 2741 2794 corrumparis.
2788 2744 2805 2776 ι
2841 2723 2896 2777 Si
2932 2739 3060 2778 vero
3085 2725 3331 2780 emlestis

1739 2827 1863 2888 lu..,
1901 2839 1918 2870 ι
1954 2827 2009 2873 et
2048 2834 2165 2888 seq.
2203 2818 2284 2881 Si,
2318 2817 2518 2887 inquit,
2557 2833 2667 2870 non
2708 2831 2774 2870 ex
2820 2816 2985 2870 simili
3025 2817 3260 2886 origine,
3295 2833 3330 2866 η

1738 2913 1944 2976 anima,
1975 2910 2253 2980 prodiisti,
2286 2924 2352 2962 ac
2391 2924 2616 2978 corpus,
2663 2924 2763 2962 nec
2795 2922 2824 2961 a
2870 2908 3035 2963 simili
3079 2908 3202 2962 loco
3231 2924 3327 2978 ge-

1737 3006 1854 3057 nita
1879 3019 1961 3067 es,
1994 3003 2166 3074 quid?
2199 3000 2334 3056 Illud
2366 3002 2586 3072 quidem
2617 3010 2763 3055 terra
2793 3009 2846 3055 ct
2878 3009 3156 3070 sumptum
3183 3009 3268 3054 est
3298 3015 3334 3053 ο

1739 3107 1906 3159 terra,
1942 3106 1996 3148 tu
2040 3107 2218 3149 tamen
2256 3091 2468 3147 cmlesti
2517 3102 2714 3146 natura
2748 3099 2803 3145 et
2846 3091 3168 3159 incorrupta
3215 3091 3330 3159 glo-

1741 3189 1938 3243 riaris?
1976 3186 2130 3241 Unde
2158 3195 2276 3240 orta
2307 3200 2387 3248 es,
2421 3184 2603 3238 indica
2649 3184 2779 3237 mihi
2821 3203 2834 3238 :
2865 3184 2912 3238 si
2947 3198 2975 3235 a
3017 3182 3127 3238 Deo
3187 3184 3329 3240 bali-

1741 3293 1829 3337 tus
1856 3291 1910 3336 et
1942 3280 2168 3350 spiritus
2194 3295 2277 3342 es,
2308 3287 2360 3333 et
2386 3284 2524 3348 pars
2561 3285 2652 3330 aut
2693 3276 3088 3345 luercditas,ut
3133 3280 3330 3346 opina-

1743 3377 1910 3443 ris,et
1943 3375 2142 3446 portio,
2183 3387 2401 3427 omnem
2436 3371 2660 3425 malitia:
2707 3371 3030 3425 thesaurum
3079 3379 3132 3424 et
3176 3371 3332 3424 mali-

1741 3467 2002 3535 gnitatem
2038 3464 2272 3535 projice,
2301 3471 2356 3517 et
2397 3462 2762 3516 consentiam.
2795 3459 3006 3514 Etenim
3053 3475 3163 3516 non
3204 3460 3332 3515 licet

1755 3556 1885 3610 boni
1929 3562 1986 3609 et
2018 3555 2139 3624 puri
2171 3560 2380 3625 partem
2414 3552 2744 3607 naturaliter
2789 3559 2883 3605 aut
2929 3551 3329 3606 emanationem

1740 3660 1867 3700 esse
1905 3646 2102 3699 malam
2140 3651 2235 3698 aut
2271 3643 2546 3713 quantulo
2585 3642 2715 3695 libet
2747 3641 2910 3695 modo
2943 3639 3078 3697 fecis
3104 3643 3329 3711 partici-

1744 3753 1866 3808 pem
1897 3753 2044 3793 esse.
2066 3736 2202 3790 Nam
2239 3750 2342 3790 nec
2385 3733 2646 3790 tenebras
2686 3733 2875 3803 genuit
2905 3733 3039 3787 solis
3068 3731 3330 3795 efﬁcacia.

1742 3847 1844 3887 nec
1873 3831 2002 3884 mali
2037 3838 2091 3886 et
2123 3829 2476 3883 tenebrarum
2529 3827 2762 3896 spiritus
2791 3824 3031 3880 ellicacia
3074 3824 3329 3894 spiritum

1743 3926 2146 3981 illuminantem
2177 3931 2232 3978 et
2269 3923 2411 3976 bona
2445 3927 2764 3988 operantem
2815 3918 3044 3989 genuit:
3076 3933 3201 3972 nam
3254 3917 3332 3972 si-

1742 4020 1870 4074 mile
1903 4018 2010 4072 sibi
2059 4014 2361 4072 secundum
2398 4021 2652 4068 naturain
2685 4011 2940 4080 qumlihet
2987 4027 3075 4066 res
3108 4010 3281 4081 gignit
3315 4029 3327 4064 :

1742 4110 2021 4182 quomodo
2050 4123 2183 4178 ergo
2213 4115 2294 4170 tu,
2331 4121 2365 4160 ο
2393 4105 2598 4169 anima,
2632 4103 2688 4158 in
2731 4103 2905 4157 malos
2945 4099 3068 4156 Mali
3099 4113 3330 4156 conatus

1743 4203 1878 4256 adeo
1917 4216 1946 4253 a
1985 4207 2135 4254 recta
2186 4197 2400 4251 ratione
2445 4203 2497 4248 et
2539 4211 2570 4248 a
2620 4195 2766 4248 bono
2797 4193 3113 4248 declinares
3144 4201 3200 4248 et
3255 4194 3332 4247 ir-

1744 4308 2050 4365 rnmperes,
2099 4291 2252 4352 licet,
2289 4298 2347 4343 ut
2377 4287 2538 4352 dicis,
2579 4287 2792 4342 caelesti
2824 4293 2879 4342 et
2922 4287 3070 4342 bono
3106 4287 3329 4357 spiritui

1742 4383 2188 4442 commiscearis‘!
2237 4380 2487 4452 Namque
2541 4382 2635 4434 tali
2689 4378 2880 4435 fruens
2936 4379 3237 4435 auxiliante
3282 4379 3330 4436 si

1743 4485 1954 4534 tantum
1989 4475 2363 4546 prosternaris
2405 4476 2459 4528 in
2505 4481 2745 4538 terram,
2795 4472 2988 4543 sicque
3039 4471 3105 4526 ad
3142 4471 3330 4543 pejora

1745 4580 1799 4625 te
1827 4568 2117 4634 extendas,
2147 4567 2281 4639 quid
2324 4568 2532 4622 auxilio
2567 4567 2762 4621 orbata
2807 4565 3153 4620 remanehis?
3179 4565 3329 4619 Eheu

1746 4663 1925 4719 letalis
1955 4661 2177 4717 malitiae
2222 4662 2428 4730 absque
2463 4660 2696 4716 mistura
2744 4673 2843 4729 pro
2875 4658 3022 4714 bono
3056 4658 3329 4726 impoten—

1743 4765 1832 4812 ter
1861 4756 2132 4826 jacentis!
2171 4774 2188 4806 ι
2221 4753 2278 4808 Si
2327 4770 2437 4808 non
2481 4769 2511 4808 a
2551 4751 2660 4807 Deo
2694 4761 2750 4805 ιιι
2785 4750 2942 4815 mihi,
2973 4770 2990 4802 ι
3031 4758 3085 4805 et
3113 4766 3232 4821 seq.
3273 4749 3330 4805 Si

1749 4863 1858 4904 non
1897 4855 1981 4901 est
2012 4846 2256 4900 caelestis
2291 4859 2391 4900 nec
2426 4845 2496 4898 ab
2546 4844 2817 4898 altissimo
2848 4841 2963 4897 Deo
2993 4849 3190 4896 natura
3235 4850 3328 4898 tua

1747 4951 1802 4996 et
1827 4940 2159 5001 substantia,
2185 4954 2218 4993 ο
2249 4937 2454 5001 anima,
2485 4951 2714 5006 magnus
2743 4933 2906 4990 valde
2929 4933 3096 4988 timor
3132 4943 3188 4989 et
3217 4942 3332 4989 tre-

1754 5048 1873 5086 mor
1897 5042 1951 5086 et
1974 5033 2118 5086 lucta
2143 5031 2408 5092 occurrit,
2438 5044 2506 5083 ne
2537 5027 2677 5082 l‘orte
2709 5041 2848 5081 vana
2891 5028 3064 5097 gloria
3095 5036 3330 5082 Iumeam

1754 5133 1807 5178 ct
1837 5124 2145 5193 arrogantia
2179 5139 2263 5176 me
2303 5122 2560 5184 exaltem,
2593 5127 2904 5175 creaturam
2947 5127 3002 5173 et
3038 5120 3332 5191 imaginem

1754 5214 1851 5270 Dei
1895 5231 1982 5269 me
2007 5214 2243 5284 jactans.

1756 5497 1821 5550 87
1866 5493 2202 5562 Figmcntum
2239 5492 2337 5547 Dei
2365 5493 2670 5563 paradisus,
2704 5491 2874 5560 Eden,
2903 5500 3012 5547 etc.

1828 5607 2026 5660 Dieens
2055 5609 2335 5663 caelestem
2368 5608 2605 5660 animam
2632 5616 2896 5677 tanquam
2932 5605 3026 5661 Dei
3079 5604 3335 5660 altissimi

1753 5703 1985 5774 plasma,
2033 5702 2260 5772 ideoque
2306 5701 2374 5756 ab
2419 5700 2538 5772 ipso
2586 5699 2848 5770 adjntam,
2897 5699 3147 5771 quaedam
3193 5698 3337 5753 inter

121 5878 236 5949 (εἴ)
280 5879 631 5953 (Abram-or,
669 5883 748 5940 sic
783 5883 942 5951 cod.;
975 5879 1313 5940 addubitavit
1343 5884 1485 5940 hanc
1531 5884 1759 5940 formam
1797 5883 2186 5941 Schneiderus.
