3802 6516
525 378 629 436 739

524 500 766 556 maxima
817 499 1022 555 auxilia
1059 515 1179 570 qum
1212 514 1312 571 pro
1355 500 1471 570 ipsa
1524 500 1779 572 praestitit
1828 509 2110 557 memorat.

523 590 712 646 Primo
748 605 880 662 ergo
907 591 1227 661 paradisum
1266 591 1321 645 in
1371 591 1518 646 Eden
1567 593 1620 645 in
1654 593 1849 646 animae
1876 592 2114 646 hominis

526 683 770 738 favorem
823 684 1128 754 plantavit;
1171 691 1225 737 et
1273 684 1512 753 primum
1557 685 1728 740 decus
1775 685 2114 754 gloriamque

523 774 768 846 perfudit
814 775 869 828 in
917 775 1096 845 ipsum
1148 790 1311 844 quem
1361 777 1427 830 ad
1465 776 1757 846 imaginem
1806 775 2114 831 similitudi-

522 881 762 936 nemque
794 880 950 920 suam
985 867 1312 936 plasmavit;
1356 866 1557 922 deinde
1590 868 1644 921 in
1691 867 1955 922 auxilium
2007 867 2112 937 ipsi

520 957 672 1012 dedit
732 959 1052 1013 mandatum
1107 973 1212 1028 quo
1251 958 1544 1013 observato
1580 957 2012 1012 immortalitatis
2059 965 2113 1012 ct

519 1047 893 1104 deiﬁcationis
951 1065 1079 1119 spes
1153 1049 1596 1118 promittebatur.
1658 1049 1916 1104 Admissa
1983 1064 2112 1104 vero

517 1142 968 1212 transgressione
1018 1142 1069 1196 in
1108 1141 1462 1211 irrequietam
1493 1143 1661 1196 vitam
1691 1143 1879 1206 istam,
1919 1157 2110 1212 pecca-

521 1229 596 1284 tis
621 1230 994 1286 abundantem
1029 1239 1085 1287 et
1128 1233 1418 1288 mortalem
1454 1234 1582 1287 inde
1616 1234 1828 1304 lapsum
1859 1237 2106 1297 noxium,

518 1323 603 1379 sic
649 1324 768 1380 sine
801 1326 1076 1393 adiutorio
1113 1341 1221 1381 non
1263 1328 1504 1397 neglexit
1540 1328 1827 1383 hominum
1873 1337 2106 1384 amator.

517 1413 763 1473 Diversis
816 1419 1202 1472 institutorum
1250 1419 1549 1490 generibus
1596 1421 1711 1475 sive
1758 1421 2113 1491 generaliori-

518 1507 650 1574 bus,
687 1509 804 1564 sive
829 1515 1006 1582 magis
1029 1514 1366 1582 specialibus
1394 1515 1702 1584 impietates
1728 1524 1782 1567 et
1813 1513 2106 1583 impiorum

517 1603 575 1659 in
617 1604 794 1675 ipsum
845 1605 1068 1675 indigne
1121 1615 1242 1660 acta
1301 1607 1453 1677 juxta
1506 1607 1780 1676 justitiam
1827 1605 2108 1660 insecutus

515 1707 600 1753 est
635 1716 648 1751 :
683 1698 764 1752 sic
817 1699 1080 1766 paulatim
1134 1700 1219 1752 sui
1283 1700 1460 1768 ipsius
1506 1699 1804 1768 agnitionis
1855 1697 2108 1752 instituta

515 1791 718 1856 dabat;
755 1801 806 1845 et
843 1807 986 1862 aqua
1029 1784 1193 1846 morti
1225 1792 1471 1848 deditum
1504 1791 1794 1846 inundavit
1840 1792 2107 1846 mundum

514 1893 570 1938 et
595 1883 905 1954 fulguribus
949 1885 1264 1939 incendium
1312 1885 1701 1954 spargentihus
1747 1882 2106 1938 Sodomorum

514 1975 807 2033 lasciviam
842 1978 896 2032 in
923 1979 1162 2033 cinerem
1189 1977 1418 2048 redegit.
1448 1977 1652 2032 Deinde
1676 1984 1799 2046 post
1822 1977 1936 2031 haec
1962 1976 2107 2031 aliud

513 2067 816 2124 remedium
875 2077 968 2124 aut
1015 2069 1281 2122 auxilium
1331 2070 1720 2138 peccatoribus
1765 2069 1851 2123 lex
1903 2069 2107 2138 scripta

513 2176 612 2231 per
649 2159 890 2231 Moysem
939 2161 1266 2216 insinuavit.
1301 2161 1550 2226 Quorum
1582 2162 1825 2214 omnium
1866 2160 2108 2215 fortissi-

514 2268 688 2316 mum,
729 2252 964 2307 Domino
1011 2253 1400 2324 dignissimum
1433 2261 1487 2308 et
1535 2252 1795 2322 pietatem
1829 2267 1959 2322 erga
2006 2252 2108 2306 ho-

515 2343 700 2398 mines
753 2344 994 2414 spirans,
1039 2345 1157 2414 ipse
1189 2344 1244 2397 in
1283 2353 1590 2414 temporum
1618 2344 1990 2413 plenitudine,
2035 2344 2108 2399 si-

514 2451 648 2490 num
685 2434 868 2490 Patris
903 2452 1012 2490 non
1058 2437 1376 2506 relinquens
1420 2434 1593 2490 Filius
1625 2437 1940 2507 unigenitus
1988 2436 2103 2499 Dei.

514 2524 785 2592 Verbum,
839 2542 1155 2596 supremam
1208 2525 1303 2580 Dei
1356 2534 1608 2579 naturam
1665 2525 1918 2579 humana:
1969 2540 2106 2579 con-

517 2620 715 2685 iunxit,
770 2629 920 2675 totus
979 2618 1286 2674 secundum
1353 2617 1696 2689 hypostasim
1741 2625 1854 2671 tota
1910 2626 2106 2671 natura

514 2713 758 2765 humana
810 2727 931 2767 sese
984 2711 1276 2766 includens
1323 2711 1696 2777 inellabiliter,
1744 2714 1818 2767 ita
1866 2725 1924 2768 ut
1963 2713 2107 2770 Deus

515 2804 876 2873 impassibilis
907 2820 1158 2868 manens,
1198 2805 1556 2874 passionibus
1589 2805 1728 2861 meis
1761 2821 1789 2860 ιι
1821 2815 1975 2876 parte
2002 2806 2106 2860 hu-

517 2910 678 2950 mana
717 2896 955 2966 patiens,
1003 2895 1385 2951 fortitudinem
1435 2886 1498 2952 et
1528 2898 1673 2952 vires
1724 2898 1859 2951 mihi
1902 2898 2107 2968 praebe-

515 2996 619 3050 ret,
664 2998 718 3044 et
753 3005 838 3043 me
873 2989 1164 3043 mortalem
1216 2989 1338 3060 ipso
1371 2999 1792 3046 consummante
1825 2991 1988 3045 deum
2026 2991 2106 3046 ef-

519 3080 726 3136 ﬁceret.
762 3081 914 3136 Adeo
959 3096 1112 3152 ergo,
1147 3081 1224 3135 ait
1263 3082 1444 3136 anima
1490 3098 1518 3136 a
1555 3082 1666 3138 Deo
1699 3084 2007 3138 illuminata
2053 3091 2107 3140 et

515 3174 699 3231 divina
749 3174 1026 3240 revelans,
1086 3174 1222 3229 mihi
1276 3177 1533 3245 praestitis
1587 3178 1657 3231 ab
1713 3178 1924 3246 optimo
1975 3177 2106 3231 boni

515 3274 767 3320 amatore
829 3265 1155 3328 heneliciis,
1206 3274 1597 3336 prmpotentem
1656 3277 1716 3320 ut
1772 3277 1826 3320 et
1885 3267 2109 3336 perillu-

516 3368 688 3411 sxrem
746 3355 920 3410 habeo
966 3357 1235 3410 animam.
1270 3356 1473 3412 Verum
1512 3373 1674 3412 suum
1725 3373 1875 3413 more
1916 3359 2007 3428 qui
2050 3374 2110 3414 se

517 3447 775 3502 occidere
827 3448 986 3517 quasi
1054 3447 1266 3513 furunt,
1315 3449 1479 3503 corde
1538 3449 1741 3503 volenti
1795 3451 1849 3503 in
1902 3449 2107 3504 ferrum

517 3549 763 3598 ruentes.
799 3540 864 3594 ad
911 3551 1142 3595 mortem
1182 3557 1307 3612 qure
1328 3546 1398 3601 ob
1414 3552 1692 3616 peccatum
1712 3540 1870 3600 nobis
1901 3543 2109 3612 impen-

517 3633 610 3689 det
648 3635 956 3704 praecipites
1000 3635 1350 3690 festinamus.

518 3725 737 3796 Ecquod
766 3727 886 3781 vita:
923 3728 1116 3780 bonum
1148 3726 1244 3780 Dei
1266 3726 1403 3782 lux?
1429 3736 1481 3781 et
1521 3743 1639 3797 seq.

597 3819 655 3872 lu
690 3819 758 3874 iis
801 3832 923 3890 quae
958 3819 1311 3888 reperiuntur
1356 3819 1409 3874 in
1465 3820 1566 3874 hac
1602 3821 1710 3875 vita
1743 3821 1870 3890 qttid
1909 3819 2107 3877 testifi-

516 3909 756 3964 candum
806 3919 891 3966 est
939 3911 1188 3965 bonum?
1249 3909 1599 3966 Unanimiter
1646 3913 2104 3982 respondebitur,

520 4003 706 4058 lumen
742 3999 940 4064 :Nam,
968 4001 1168 4072 inquit,
1200 4001 1341 4055 vidit
1372 4002 1516 4057 Deus
1562 4002 1746 4057 lumen
1776 4003 1922 4072 quod
1963 4011 2108 4058 esset

518 4099 766 4164 bonum;
797 4109 851 4153 et
893 4098 1026 4168 quid
1084 4097 1232 4152 aliud
1276 4099 1475 4154 melius
1520 4099 1933 4168 autjucundius
1963 4108 2107 4154 esset

520 4205 714 4244 eorum
745 4203 870 4259 qua:
909 4200 1036 4245 sunt
1068 4189 1124 4244 in
1159 4191 1312 4244 vita?
1359 4189 1465 4245 Sed
1497 4199 1552 4245 et
1587 4206 1655 4245 ne
1686 4191 1803 4261 ipse
1835 4193 2106 4263 particeps

521 4285 627 4338 sim
673 4291 768 4336 aut
810 4282 963 4337 fruar
1013 4284 1209 4354 majori
1260 4291 1417 4354 parte
1465 4283 1644 4352 ipsius
1693 4299 1779 4338 me
1816 4285 2014 4340 invidae
2051 4295 2104 4340 et

518 4375 728 4429 odiose
771 4376 986 4445 privant
1035 4377 1298 4438 tenebrae,
1351 4377 1528 4432 aciem
1575 4375 1861 4431 oculorum
1899 4378 2102 4433 obscu-

521 4479 746 4536 rantes,
804 4483 903 4523 nec
945 4469 1077 4522 mihi
1116 4469 1239 4538 plus
1278 4469 1441 4537 hujus
1493 4479 1739 4524 remanet
1796 4471 2022 4527 luminis
2055 4471 2101 4527 si

520 4561 612 4631 pie
631 4563 816 4615 vivere
856 4568 1104 4631 reputor.
1141 4560 1402 4626 Quinimo
1435 4562 1615 4630 majus
1662 4563 1844 4616 lumen
1886 4563 2102 4618 videtur

522 4652 666 4722 apud
695 4653 915 4723 impios,
948 4653 1093 4706 unde
1123 4669 1209 4708 me
1233 4654 1518 4707 oculorum
1547 4654 1666 4708 acie
1697 4654 1944 4708 hebetem
1976 4671 2100 4725 pre-

523 4753 680 4800 Catur
715 4744 854 4800 idem
887 4760 1013 4798 cum
1069 4746 1177 4799 illis
1224 4748 1346 4800 visu
1390 4760 1651 4816 prospere
1695 4746 1940 4815 assequi,
1979 4747 2103 4801 licet

524 4838 631 4892 alia
693 4852 757 4891 ex
817 4846 971 4908 parte
1035 4836 1352 4893 inﬁrmitate
1401 4838 1641 4892 laborem
1697 4846 1752 4893 et
1802 4853 1999 4892 onerer
2049 4846 2104 4893 et

521 4938 794 5000 aegrotans
818 4928 922 4983 sim
955 4938 1010 4983 et
1046 4928 1240 4998 jacens
1278 4937 1332 4984 et
1358 4928 1604 4998 abjectus
1639 4947 1652 4983 :
1683 4943 1876 4983 verum
1907 4928 2000 4984 Dei
2036 4931 2104 4984 ti-

521 5037 643 5076 mor
672 5035 759 5076 me
789 5021 1054 5076 humilem
1082 5021 1175 5076 diu
1205 5029 1484 5090 noctuque
1509 5021 1940 5091 cogitationibus
1969 5037 2105 5077 cun-

521 5114 802 5168 turbatum
828 5121 881 5169 et
905 5123 1295 5183 consumptum
1326 5113 1479 5168 facit.

525 5204 627 5260 Ille
650 5223 729 5261 me
765 5208 1017 5276 superbus
1048 5208 1292 5276 supinum
1319 5206 1528 5276 impulit
1563 5214 1725 5271 retro,
1760 5213 1815 5260 et
1835 5221 1950 5276 seq.

597 5359 690 5414 Illa
720 5360 955 5430 superba
987 5363 1096 5416 vita
1124 5371 1178 5418 et
1209 5362 1448 5429 excelsa,
1486 5363 1580 5416 illa
1607 5362 1790 5417 mollis
1824 5369 1878 5417 et
1913 5362 2108 5417 crude-

522 5454 593 5510 lis
621 5463 675 5510 et
709 5455 964 5524 languida
1011 5455 1064 5509 in
1098 5457 1490 5527 voluptatibus,
1527 5455 1661 5526 pede
1696 5464 1878 5510 terens
1918 5455 2009 5510 illa
2052 5462 2108 5509 et

523 5559 553 5599 a
587 5544 953 5615 propensione
987 5545 1039 5599 in
1088 5561 1438 5618 progressum
1489 5547 1794 5616 reprimens
1826 5561 1913 5600 me
1959 5556 2107 5600 retro

525 5637 736 5706 repellit
769 5629 944 5699 :Dixi,
993 5637 1189 5708 inquit,
1223 5649 1273 5692 et
1325 5641 1552 5693 timores
1582 5649 1635 5693 et
1679 5649 1858 5694 metus
1897 5645 1952 5692 et
1991 5646 2104 5692 tre-

525 5741 708 5781 mores
749 5725 949 5792 quibus
999 5738 1048 5783 te
1093 5737 1333 5798 torquet,
1381 5729 1672 5785 Tartarum
1724 5729 2100 5794 tenebrosum,

596 5861 706 5931 (£8)
746 5861 880 5919 Cod.
913 5863 1334 5935 νοσιλειόμενος.

1891 378 2066 437 ΝΙΟΕἽ

2224 377 2434 434 ωινιι)
3658 387 3735 443 740

2219 501 2416 567 αὑτοῦ,
2452 500 2755 572 ὑπόμνησιν
2809 499 2876 553 δι’
2927 499 3121 569 ὀλίγων
3159 501 3266 553 τῶν
3303 499 3565 570 μεγίστων
3607 508 3736 564 αὐτοῦ

2217 593 2614 664 βοηθημάτων,
2653 588 2727 646 ὧν
2772 593 2913 664 ὑπὲρ
2952 593 3120 664 αὑτῆς
3166 593 3485 664 εἰργάσατο,
3530 602 3735 655 ποιεῖται.

2217 685 2439 756 Πρῶτον
2470 680 2562 738 οὖν
2595 683 2684 737 τὸν
2708 684 3032 754 παράδεισον
3053 685 3142 738 τὸν
3168 687 3226 738 ἐν
3269 685 3429 755 Ἐδὲμ
3455 684 3538 738 διὰ
3563 688 3645 758 τὴν
3669 691 3738 743 τοῦ

2216 777 2503 849 ἀνθρώπου
2551 776 2812 846 ἐφύτευσε
2858 777 3038 848 ψυχήν
3061 794 3074 809 ο
3108 777 3202 830 καὶ
3252 778 3466 848 πρῶτον
3497 778 3585 848 μὲν
3621 781 3741 843 κλέος

2215 868 2366 940 αὑτῷ
2399 867 2621 939 κατέχεε
2667 869 2760 922 καὶ
2805 868 2994 934 δόξαν,
3031 870 3151 922 κατ’
3180 869 3365 922 εἰκόνα
3409 868 3606 932 πλάσας
3637 871 3740 924 ξδζπν

2215 963 2308 1017 καὶ
2337 963 2596 1033 ὁμοίωσιν
2621 980 2634 993 ο
2663 964 2853 1017 ἔπειτα
2880 962 3102 1034 ἐντολὴν
3128 963 3278 1032 αὑτῷ
3305 963 3522 1020 δεδώκει
3548 969 3618 1030 εἰς
3646 967 3741 1038 βοή-

2215 1055 2384 1118 θειαν,
2405 1051 2472 1126 ἦς
2489 1055 2588 1126 τῆς
2606 1055 2901 1118 ἀθανασίας
2917 1055 3070 1118 ἐλπὶς
3094 1055 3185 1108 καλ⁵
3201 1053 3447 1118 θεώσεως
3462 1058 3740 1127 ἐπήγγελται·

2215 1148 2582 1218 παραϐάσεως
2612 1147 2668 1200 δὲ
2697 1148 2996 1217 γενομένης
3016 1186 3030 1209 ,
3079 1149 3171 1200 καὶ
3198 1150 3275 1211 εἰς
3305 1148 3395 1201 τὸν
3423 1149 3629 1220 ἐμπαθῆ
3651 1169 3741 1203 τολ-

2211 1242 2327 1295 τονὶ
2366 1241 2479 1312 βίον
2518 1240 2612 1294 καὶ
2647 1240 3017 1311 ἁμαρτητικὸν
3051 1240 3146 1293 καὶ
3179 1239 3373 1310 Θνητὸν
3400 1240 3495 1293 τοῦ
3543 1243 3740 1310 παραδε-

2213 1334 2442 1404 ϐηκότος
2491 1333 2699 1386 ἐκεῖθεν
2742 1331 3157 1402 ὁλισθήσαντος,
3207 1332 3316 1384 οὐδ’
3361 1331 3535 1395 οὕτως
3565 1335 3743 1386 αὑτὸνὸ

2213 1423 2594 1494 φιλάνθρωπος
2643 1422 2945 1493 ἀϐοήθητον
2976 1423 3253 1494 παρεῖδεν,
3280 1422 3555 1494 διαφόροις
3578 1427 3625 1478 δὲ
3651 1429 3743 1494 τῴ-

2211 1531 2334 1577 ποις
2359 1513 2609 1577 παιδείας
2657 1513 3110 1584 καθολικωτέροις
3142 1513 3235 1566 καὶ
3265 1515 3643 1585 μερικωτέροις
3669 1520 3743 1581 τὰς

2211 1604 2466 1668 ἀσεϐείας
2494 1605 2587 1657 καὶ
2616 1603 2842 1670 ἀθεσίας
2857 1603 2960 1656 τῶν
2979 1606 3059 1667 είς
3084 1605 3245 1658 αὑτὸν
3273 1606 3606 1660 ἀσεϐούντων
3624 1611 3742 1661 ἐνδι-

2216 1696 2472 1768 καιοσύνῃ
2509 1697 2926 1768 μετερχόμενος,
2949 1697 3090 1751 οὑτω
3129 1698 3271 1752 κατά
3302 1701 3495 1771 μικρὸν
3527 1702 3647 1773 πρὸς
3671 1705 3742 1772 τὴν

2228 1791 2363 1844 ἰδίαν
2391 1787 2558 1842 αὑτοῦ
2590 1789 2881 1857 ἐπίγνωσιν
2925 1789 3326 1859 ἐπαιδαγώγειο
3365 1793 3460 1844 καὶ
3497 1793 3636 1846 ὕδατι
3670 1797 3742 1864 μὲν

2210 1881 2557 1944 κατακλύσας
2585 1881 2672 1934 τὸν
2706 1880 2907 1951 κόσμον
2927 1881 3136 1952 ὀλέθρῳ
3170 1883 3519 1954 παραδέδωκε
3541 1927 3556 1948 ,
3590 1904 3743 1956 κεραυ-

2211 1971 2320 2032 νοῖς
2343 1969 2400 2020 δὲ
2429 1969 2790 2040 πρηστηρίοις
2813 1971 2913 2040 τὴν
2938 1969 3047 2025 τῶν
3073 1971 3392 2043 Σοδομηνῶν
3420 1974 3741 2045 ἑξετέφρωςεν

2209 2062 2496 2130 ἀσέλγειαν
2517 2079 2529 2092 ο
2559 2061 2748 2116 ἔπειτα
2785 2063 2920 2134 μετὰ
2960 2063 3134 2118 ταῦτα
3159 2063 3285 2118 ἄλλο
3319 2067 3473 2136 ἴαμα,
3505 2070 3617 2139 ἦτοι
3641 2070 3736 2140 get.

2211 2156 2362 2227 Θημα
2383 2197 2396 2220 ,
2430 2159 2542 2220 τοῖς
2573 2157 2978 2227 ἁμαρτάνουσιν
3013 2160 3042 2211 ὁ
3074 2159 3318 2229 γραπτδς
3343 2159 3503 2230 νόμος
3536 2161 3615 2214 διὰ
3642 2162 3736 2214 lli-io

2212 2251 2349 2314 σέως
2379 2249 2744 2322 παρεισῆλθεν
2767 2266 2779 2280 ·
2815 2254 2876 2304 το
2915 2251 3133 2306 πάντων
3164 2251 3454 2324 κράτιστον
3473 2295 3486 2317 ,
3515 2254 3740 2326 κυριώτα-

2207 2342 2298 2395 τόν
2330 2359 2388 2396 τε
2425 2342 2518 2396 καὶ
2543 2341 3056 2412 φιλανθρωπότατον
3077 2384 3091 2406 ,
3125 2343 3287 2407 αὑτὸς
3317 2345 3376 2397 ὲν
3413 2345 3490 2415 τῷ
3512 2347 3612 2398 τῶν
3643 2349 3738 2415 xpl-

2209 2452 2314 2487 νων
2350 2433 2677 2504 πληρώματι
2722 2433 2830 2487 τῶν
2861 2435 3146 2506 πατρικῶν
3179 2436 3240 2488 οὑ
3279 2435 3501 2501 διαστὰς
3519 2441 3742 2493 κόλπωνό

2212 2525 2506 2596 μονογενὴς
2539 2524 2670 2588 Θεὸς
2716 2525 2884 2594 Λόγος
2931 2528 3031 2596 τὴν
3063 2527 3356 2599 Θεαρχικὴν
3388 2529 3548 2598 φύσιν
3588 2534 3644 2599 τῇ
3670 2533 3741 2582 ἀνι

2210 2615 2456 2686 θρωπίνῃ
2514 2617 2908 2686 συνεκέρασεν,
2957 2617 3077 2681 ὅλος
3138 2619 3236 2691 ὅλῃ
3299 2619 3422 2672 καθ’
3489 2621 3741 2674 ὑπόστασιν

2208 2706 2532 2777 ἀπορῤήτως
2597 2706 3015 2777 συνενούμενος,
3068 2707 3210 2772 ὅπως
3270 2709 3336 2763 ἂν
3379 2710 3510 2774 Θεὸς
3565 2712 3742 2780 ἀπαῡής

2212 2798 2423 2868 μένων,
2472 2800 2585 2862 τοῖς
2632 2799 2783 2866 ἐμοῖς
2829 2798 2887 2851 δὲ
2917 2799 3114 2853 πάθεσι
3154 2800 3232 2871 τῷ
3267 2801 3588 2873 ἀνθρωπίνῳ
3621 2803 3740 2874 μέρει

2209 2890 2432 2955 παθὼν,
2485 2891 2635 2962 ἰσχύν
2678 2892 2738 2963 τέ
2776 2909 2866 2962 μοι
2897 2893 2990 2945 καὶ
3028 2893 3256 2965 δύναμιν
3293 2895 3592 2966 παράσχοι,
3633 2896 3740 2965 κάμὲ

2207 2983 2300 3036 τὸν
2327 2983 2536 3056 βροτὸν,
2557 2983 2675 3036 θεὸν
2693 2983 2993 3048 ἀποδείξειε
3011 2985 3252 3038 τελεσιου
3263 2987 3488 3056 ργήσας.
3517 2985 3742 3038 Τοτοὺτσν

2207 3073 2300 3130 οὖν
2329 3094 2437 3147 μοι,
2466 3077 2630 3146 φησιν
2653 3079 2685 3146 ἡ
2708 3076 3114 3147 θεοπτικωτάτη
3141 3077 3288 3146 ψυχὴ
3323 3079 3413 3130 καὶ
3441 3076 3624 3148 θεορρή
3633 3095 3740 3146 μων,

2205 3170 2316 3224 τῶν
2347 3172 2451 3224 ὑπὸ
2473 3170 2567 3224 τοῦ
2590 3170 2886 3239 φιλαγάθου
2910 3170 3343 3241 παρεσχημένων
3369 3171 3739 3241 εὑεργημάτων,

2207 3263 2357 3334 ὅμως
2377 3263 2688 3334 ἀδάμαστον
2712 3263 2791 3315 ἔτι
2820 3261 2915 3316 καὶ
2941 3263 3291 3332 ὑπερήφανον
3321 3261 3429 3332 ἔχω
3451 3262 3545 3332 τὴν
3571 3263 3739 3330 ψυχήν·

2210 3357 2356 3409 συῶν
2387 3356 2443 3409 δὲ
2468 3355 2669 3426 τρόπον
2711 3355 2993 3425 αὑτοφόνῳ
3027 3356 3193 3426 μανίᾳ
3220 3356 3315 3407 καὶ
3343 3355 3565 3426 καρδίας
3591 3355 3744 3406 1:301:-

2209 3449 2349 3520 ρέτῳ
2383 3450 2522 3520 ῥοπῇ
2566 3447 2701 3518 πρὸς
2746 3447 2840 3500 τὸν
2884 3447 3130 3516 σίδηρον,
3166 3448 3342 3502 είτουν
3380 3448 3471 3500 τὸν
3503 3448 3567 3500 δι’
3596 3450 3743 3516 ἁμαρ-

2206 3542 2327 3604 τίας
2355 3540 2745 3609 ἀπειλούμενον
2778 3541 2908 3611 ἡμῖν
2943 3539 3206 3607 θάνατον,
3241 3541 3446 3612 σπουδῇ
3478 3540 3740 3613 χωροῦμεν.

2213 3724 2368 3776 Τι’πτ’
2397 3722 2624 3792 ἀγαθόν
2645 3723 2912 3788 βιότοιο;
2943 3723 3090 3777 Θεοῦ
3113 3722 3287 3792 φάος,
3311 3741 3364 3777 κ.
3390 3741 3440 3778 τ.
3479 3723 3557 3787 ἐξ.

2279 3814 2344 3866 Τί
2381 3815 2510 3868 ποτέ
2541 3818 2657 3868 ἐστι
2702 3815 2810 3868 τῶν
2844 3816 2902 3868 ὲν
2930 3814 3065 3885 τῷδε
3103 3813 3180 3884 τῷ
3213 3814 3312 3884 βίῳ
3341 3813 3741 3886 μαρτυρούμενον

2207 3911 2402 3976 καλόν;
2441 3909 2664 3972 Πάντως
2706 3909 3160 3978 συνομολογήσεις
3189 3908 3249 3960 τὸ
3289 3908 3423 3975 φῶς.
3463 3904 3611 3960 Εἷὸεν
3635 3906 3738 3973 γὰρ.

2207 4001 2372 4071 φησὶν
2396 4043 2411 4064 ,
2462 4001 2491 4052 ὁ
2520 3998 2652 4062 Θεὸς
2698 3999 2758 4052 τὸ
2792 3999 2906 4067 φῶς
2953 3999 3035 4051 ὅτι
3069 3998 3270 4050 καλόν·
3315 3998 3436 4051 τίδ’
3466 3999 3529 4051 ἂν
3566 3997 3644 4050 καὶ
3670 3996 3739 4062 εἴη

2207 4095 2334 4150 ἄλλο
2373 4093 2638 4164 βέλτιονῆ
2680 4092 2827 4164 ἥδιον
2856 4095 2968 4156 τοῖς
3012 4093 3071 4144 ὲν
3107 4091 3185 4161 τῷ
3217 4091 3352 4162 βίῳς
3388 4091 3520 4144 ἀλλά
3558 4093 3637 4144 καὶ
3662 4088 3741 4155 τῆς

2207 4185 2372 4239 αὑτοῦ
2409 4183 2822 4256 μεταλήψει»)ςῆ
2873 4183 3226 4246 ἀπολαύσεως
3283 4183 3343 4236 τὸ
3391 4183 3567 4236 πλεῖον
3609 4182 3740 4252 μέρος

2209 4279 2244 4348 ἡ
2279 4275 2516 4347 φθονερά
2545 4293 2610 4346 με
2638 4277 2733 4328 καὶ
2757 4275 2996 4344 στυγητὴ
3024 4275 3318 4346 ἀποστερεῖ
3338 4274 3544 4337 σκοτία,
3568 4274 3623 4325 τὸ
3643 4270 3742 4333 6&9-

2209 4362 2398 4434 δερκὲς
2438 4363 2535 4433 τῆς
2569 4362 2808 4432 βλέψεως
2845 4361 3184 4430 ὲξείργουσα,
3220 4362 3316 4415 καὶ
3349 4363 3496 4416 οὐδὲν
3531 4363 3637 4432 ἐμοὶ
3663 4358 3739 4410 τοῦ

2210 4454 2386 4524 φωτὸς
2411 4452 2561 4506 τοῦδε
2598 4453 2758 4506 πλέον
2786 4452 2861 4515 ὼς
2892 4454 3132 4505 εὐσεϐεῖν
3175 4451 3514 4524 νομιζομένῳ
3533 4471 3547 4484 ·
3579 4451 3738 4522 μᾶλλον

2214 4547 2311 4618 μὲν
2339 4541 2431 4599 οὖν
2460 4546 2523 4598 τὸ
2558 4546 2740 4598 πλεῖον
2773 4548 2883 4608 τοῖς
2911 4544 3199 4598 ἀσεϐοῦσιν
3233 4545 3606 4615 ὲνορᾶσῢαι,ὼς
3626 4542 3735 4609 κάμὲ

2209 4638 2627 4709 ἀμϐλυώττοντα
2668 4637 2958 4707 ἐπεύχεται
2988 4637 3082 4690 τοῦ
3117 4636 3232 4690 ⁸ἴσον
3265 4637 3448 4700 αὐτοῖς
3476 4641 3568 4706 τῆς
3597 4635 3737 4703 olet»;

2209 4733 2613 4800 κατευστοχεῖν,
2652 4730 2854 4800 καίπερ
2909 4729 3075 4783 τᾶλλα
3124 4730 3406 4801 ἀρρωστία
3453 4749 3510 4783 τε
3555 4729 3733 4797 κάμνων

2209 4824 2301 4876 καὶ
2324 4823 2744 4894 νοσηλευόμενος
2775 4822 2908 4893 (48),
2938 4824 3031 4876 καὶ
3055 4824 3465 4893 κατακείμενος,
3491 4824 3577 4876 καὶ
3597 4820 3732 4883 ὀλιγο-

2207 4915 2394 4987 ψυχῶν
2411 4932 2424 4944 ·
2455 4914 2618 4984 φόϐος
2644 4915 2697 4968 δέ
2725 4933 2791 4984 με
2811 4914 2945 4968 Θεοῦ
2971 4917 3380 4986 κατακάμπτει,
3416 4916 3668 4986 ἡμεριναίς
3684 4924 3728 4959 τε

2209 5007 2454 5079 φροντίσι
2488 5008 2579 5060 καὶ
2605 5009 2944 5070 νυκτεριναίς
2969 5006 3357 5075 δαπανώμενον
3388 5007 3479 5059 καὶ
3519 5020 3731 5073 κατατρυ-

2208 5101 2272 5171 χό
2279 5117 2456 5170 μενον.

2213 5192 2408 5262 Οὗτος
2434 5198 2466 5250 ὁ
2491 5195 2841 5264 βρισαύχην
2863 5212 2934 5264 με
2968 5195 3067 5248 καὶ
3092 5195 3302 5262 ὕπτιος
3507 5196 3726 5314 exiges.

3473 5283 3521 5324 κ,
3546 5283 3585 5315 τ.
3638 5283 3673 5326 ς.

3473 5283 3521 5324 κ,
3546 5283 3585 5315 τ.
3615 5283 3673 5326 ες.

2277 5351 2443 5420 Οὑτος
2465 5359 2493 5410 ὁ
2521 5357 2766 5427 ὑψαύχην
2794 5356 2905 5427 βίος
2951 5359 3044 5412 καὶ
3083 5359 3376 5430 μετέωρος,
3401 5362 3428 5412 ὁ
3469 5357 3633 5414 ὕπτιος
3659 5350 3730 5402 καὶ

2206 5451 2506 5521 ἀνάλγητος
2547 5451 2641 5503 κει)¹
2675 5450 3088 5515 ἀναπεπτωκὼς
3115 5455 3233 5514 ταῖς
3274 5451 3503 5522 ἡδοναῖς,
3541 5448 3730 5511 λάξὲπι·

2207 5542 2306 5604 ϐὰς
2341 5539 2492 5607 οὗτος
2522 5545 2614 5596 καὶ
2653 5544 2751 5614 τῆς
2778 5544 2857 5607 εἰς
2887 5544 2948 5596 τὸ
2979 5545 3166 5615 πρόσω
3197 5545 3367 5613 φορᾶς
3397 5540 3641 5608 ἀνακόψας
3668 5535 3728 5593 εξς

2208 5635 2452 5689 τούπίσω
2495 5653 2563 5706 με
2615 5635 2904 5689 ἀπώσατο·
2945 5635 3107 5689 Εἶπον
3153 5635 3237 5698 δὲ,
3272 5637 3429 5707 φησι.
3466 5635 3551 5687 καὶ
3570 5631 3624 5683 τὰ
3645 5626 3727 5679 5:5-

2214 5745 2360 5800 ματα
2403 5728 2496 5782 καὶ
2539 5728 2664 5792 τοὺς
2717 5728 2917 5798 φόϐους
2961 5729 3053 5783 καλ⁸
3095 5729 3350 5800 τρόμους,
3407 5721 3483 5791 οἷς
3507 5741 3558 5778 σε
3597 5735 3726 5774 κατα·
