3814 6538
122 429 197 483 ιιι
1060 414 1130 474 ΙΝ
1169 418 1483 474 CARMINA
1521 418 1805 478 ARCANA
1843 419 1903 478 S.
1959 417 2308 478 GREGORII.

115 547 339 615 κάμπτει,
364 537 642 611 Τάρταρον
679 536 959 609 ἠερόεντα,
982 539 1255 592 σκοτεινὸν
1282 539 1442 610 ’ᾼδου
1477 539 1657 612 χῶρον

111 641 189 692 καὶ
220 630 427 702 ἀλαμπῆ
476 629 593 682 λίαν
636 630 1003 698 φαντάζεσθαι
1027 627 1454 701 παρασκευάζει,
1486 632 1655 702 Πυρι-

112 723 435 798 φλεγέθοντας
465 718 559 782 οὓς
587 719 650 789 δή
696 737 863 789 φασιν
897 719 1179 789 Ἕλληνες,
1219 721 1442 788 γέενναν
1473 720 1528 774 δὲ
1560 722 1656 773 καὶ

110 818 205 889 πῦρ
248 811 494 868 ἄσϐεστον
536 809 602 864 τά
648 811 914 882 θεαρχικά
944 811 1056 883 (49)
1107 812 1262 880 λόγια
1293 813 1484 876 καλεῖ,
1529 813 1658 884 ίμά-

110 910 252 969 σθλας
284 921 339 956 τε
373 901 506 973 πρὸς
533 903 745 966 αὐτοῖς,
793 903 1062 975 τιμωρίας
1109 904 1251 974 φημὶ
1279 906 1373 958 καὶ
1405 904 1655 968 κολάσεις

109 1002 187 1056 καὶ
231 997 497 1066 δαίμονας,
558 994 940 1065 τιμωρητικάς
994 990 1146 1064 οἶμαι
1195 996 1492 1066 δυνάμεις,
1549 996 1656 1049 τῶν

108 1091 359 1164 ἡμετέρων
400 1087 719 1159 πράκτορας
767 1087 989 1157 ψυχῶν,
1016 1087 1115 1150 τὰς
1161 1088 1293 1159 ἡμῖν
1329 1087 1427 1158 μὲν
1461 1105 1651 1159 συνερ-

106 1184 282 1252 γούσας
309 1179 428 1250 ἄρτι
471 1179 607 1248 πρὸς
638 1181 738 1250 τὴν
775 1178 1052 1249 ἁμαρτίαν
1073 1217 1087 1242 ,
1119 1179 1176 1233 ἐν
1220 1179 1398 1250 καιρῷ
1431 1180 1487 1233 δέ
1534 1180 1658 1252 κρί-

104 1291 222 1336 σεως
266 1269 555 1341 τιμωροῦσι
593 1270 689 1340 μὲν
720 1269 944 1333 ἐνδίκως
965 1311 980 1335 ,
1007 1270 1082 1333 ὡς
1111 1272 1657 1342 ἐπακολουθήσαντας

105 1365 262 1421 αὐτῶν
296 1363 412 1425 ταῖς
456 1362 782 1424 ὑποϐολαῖς,
832 1363 925 1414 καὶ
970 1361 1132 1414 αὑταὶ
1157 1363 1214 1415 δέ
1251 1364 1342 1416 ἐπὶ
1373 1364 1434 1416 τὺ
1476 1363 1660 1417 διπλά·

107 1475 205 1511 σιον
259 1453 828 1524 συντιμωρηθήσονται
873 1456 987 1516 τοῖς
1028 1452 1386 1517 ὑπευθύνοις,
1436 1454 1512 1517 ὡς
1563 1456 1657 1508 καὶ

109 1544 628 1617 συμϐουλευσάμεναι
662 1546 730 1598 τὰ
758 1545 834 1616 τῷ
875 1543 994 1614 Θεῷ
1026 1545 1268 1616 στυγητὰ
1295 1547 1391 1599 καὶ
1414 1563 1658 1617 συμπρα-

102 1642 323 1711 ξάμεναι,
352 1637 418 1690 δι’
438 1636 466 1688 ὃ
496 1639 591 1691 καὶ¹
632 1639 941 1710 πράκτορες
969 1638 1077 1690 τῶν
1099 1638 1385 1710 ἡμετέρων
1413 1638 1658 1710 εἴρηνται

101 1731 286 1804 ψυχῶν.
328 1727 513 1782 Ταῦτα
540 1729 618 1791 δὲ,
651 1731 805 1799 φησὶ,
842 1729 1019 1784 πάντα
1049 1729 1218 1800 μῦθος
1249 1731 1345 1799 μὲν
1365 1730 1653 1800 λεγόμενα,

99 1830 178 1880 καὶ
199 1824 439 1885 ὑπόθεσις
461 1823 694 1891 γέλωτος
724 1823 1047 1876 καθίσταται
1068 1825 1178 1884 τοῖς
1205 1821 1427 1875 ἀσεϐέσι
1447 1837 1463 1853 ο
1494 1822 1653 1892 μόνον

97 1918 146 1970 δὲ
181 1914 234 1967 τὺ
267 1911 397 1967 κατὰ
429 1912 490 1964 τὸ
539 1912 713 1983 παρὸν
758 1912 855 1982 ἡδὺ
885 1912 979 1964 καὶ
1014 1912 1275 1982 ἐράσμιον
1303 1912 1486 1975 αὐτοῖς
1511 1930 1655 1982 νομι-

98 2010 206 2061 σθὲν
245 2005 407 2076 ἀπρὶξ
435 2006 756 2072 ἀγαπῶντες
789 2004 882 2058 καὶ
914 2003 1315 2076 περιεχόμενοι,
1352 2004 1451 2074 τῆς
1479 2006 1535 2056 ἐν
1576 2006 1655 2058 ἐλ-

96 2103 198 2153 πίσι
231 2097 459 2168 βασάνου
489 2097 596 2149 οὐδ’
623 2095 871 2168 ἡντινοῦν
892 2096 1168 2150 ποιοῦνται
1202 2097 1557 2166 ἐπιστροφήν.

217 2189 399 2244 Λώῖον
523 2189 812 2257 ἀλιτροῖς,
845 2207 895 2242 κ.
938 2207 986 2244 τ.
1021 2190 1065 2246 ἐ.

153 2282 309 2335 Τοῦτο
340 2277 498 2352 οἶμαι
543 2282 635 2335 τὸν
681 2282 936 2352 θεοφόρον
967 2281 1134 2353 ἄνδρα
1178 2281 1263 2335 διὰ
1291 2281 1443 2334 τοῦδε
1477 2296 1656 2351 παρα-

90 2374 261 2446 δηλοῦν
287 2374 378 2427 τοῦ
417 2375 602 2438 ἔπους,
639 2374 714 2438 ὡς
745 2374 950 2444 βέλτιον
985 2369 1051 2443 ἦν
1086 2374 1193 2446 ἄρα
1228 2375 1323 2428 καὶ
1355 2373 1630 2436 λυσιτελὲς

91 2471 187 2530 τοῖς
212 2466 551 2537 ἁμαρτωλοῖς
576 2466 675 2536 μέν
704 2464 1026 2536 ἀτιμώρητα
1049 2460 1187 2518 εἶναι
1209 2464 1350 2518 κατά
1373 2465 1464 2518 τὸν
1486 2465 1658 2519 αἰῶνα

91 2558 169 2610 τὸν
202 2557 459 2627 μέλλοντα
505 2559 601 2610 καὶ
634 2559 830 2627 πεῖραν
863 2558 961 2626 τῆς
995 2559 1112 2610 ἐκεῖ
1137 2556 1412 2620 κολάσεως
1454 2556 1527 2628 μὴ
1561 2556 1658 2610 λα-

93 2651 213 2713 θεῖν,
261 2652 419 2720 εῐπερ
461 2651 560 2720 ἐμὲ
589 2650 728 2703 κατὰ
755 2649 846 2702 τὸν
899 2649 1142 2720 παρόντα
1173 2653 1294 2712 ταῖς
1326 2651 1424 2717 τῆς
1457 2650 1656 2713 κακίας

90 2743 170 2796 τοῦ
203 2743 310 2812 βίου
337 2742 685 2813 δυσχερείαις
730 2741 1020 2813 ἀσχάλλειν
1066 2743 1161 2794 καὶ
1191 2741 1473 2794 ἀνιᾶσθαι·
1504 2741 1653 2811 ἢοῦι

89 2851 208 2898 τως’
234 2834 503 2904 Συνέφερε
528 2836 639 2896 τοῖς
670 2833 874 2904 ἐνόχοις
895 2875 908 2897 ,
933 2835 1032 2904 τῆς
1061 2833 1333 2904 ἁμαρτίας
1353 2833 1653 2902 ἀφεθεῖσιν,

88 2924 407 2996 ἀπηλλάχθαι
441 2925 539 2994 τῆς
572 2923 806 2994 βασάνου
828 2965 842 2988 ,
875 2923 969 2976 καὶ
995 2923 1093 2993 ἐμὲ
1126 2922 1238 2994 (50)
1267 2925 1379 2986 τοῖς
1413 2922 1506 2976 τοῦ
1539 2923 1656 2993 βίου

88 3019 256 3080 κακοῖς
282 3015 486 3069 οὑτωσὶ
513 3013 1001 3085 ταλαιπωρεῖσθαι.

91 3111 178 3165 109
226 3108 398 3162 Ἀλλὰ
423 3107 484 3161 τι
505 3125 606 3175 μοι
635 3105 924 3175 βροτέων,
960 3105 1017 3158 τί
1050 3103 1118 3157 δέ
1135 3121 1236 3175 μοι
1268 3105 1456 3157 τόσον·
1493 3102 1657 3175 ἄλγε’

1078 3174 1345 3246 (ἀείδειν,
1382 3191 1436 3227 κ.
1459 3192 1509 3229 τ.
1532 3174 1582 3228 λ.

147 3270 506 3342 Παραμυθίαν
552 3272 673 3333 ταῖς
707 3266 873 3322 αὑτοῦ
929 3268 1234 3337 συμφοραῖς
1272 3266 1367 3319 κοιλ⁹
1408 3267 1522 3328 τοῖς
1561 3264 1656 3319 τοῦ

87 3362 317 3433 σώματος
359 3363 588 3432 ἄλγεσιν
635 3364 664 3414 ό
714 3360 1006 3432 ἱερώτατος
1038 3358 1270 3411 ἐπινοῶν
1310 3359 1655 3430 πρεσϐύτης,

88 3458 191 3509 Ἰνα
232 3457 282 3509 τί
313 3474 445 3528 μοι,
479 3455 613 3525 ἔφη,
660 3454 754 3506 ἐπὶ
791 3451 1043 3505 τοσοῦτον
1090 3451 1158 3504 τὰ
1195 3451 1304 3503 τῶν
1357 3450 1660 3522 ἀνθρώπων

84 3548 442 3620 ἐκτραγῳδεῖν
480 3546 716 3617 ὀδυνηρὰ
759 3545 854 3599 καὶ¹
885 3544 986 3608 τὰς
1029 3541 1443 3612 συμπιπτούσας
1474 3543 1660 3597 ταλαι-

84 3641 277 3710 πωρίας
304 3638 634 3707 καταλέγειν
655 3654 669 3700 ;

208 3733 405 3788 Πᾶσιν
436 3733 687 3786 ἔπεστιν
713 3729 882 3797 ἄχος.

145 3826 279 3879 llic:
308 3823 475 3888 ζώοις
512 3825 606 3876 καὶ
656 3824 789 3874 πᾶσι
839 3822 952 3883 τοῖς
987 3818 1078 3872 τοῦ
1131 3819 1339 3890 κόσμου
1376 3818 1662 3888 στοιχείοις

84 3916 213 3986 λύπη
243 3917 357 3984 (51)
397 3916 494 3969 καὶ
543 3914 857 3976 ἐναντίωσις
888 3911 1255 3983 παρίσταται,
1289 3913 1350 3964 ού
1393 3910 1552 3981 μόνον
1581 3910 1658 3974 δέ,

84 4005 206 4059 ἀλλά
252 4009 346 4059 καὶ
387 4009 504 4070 τοῖς
536 4006 847 4075 ἀσωμάτοις
886 4003 1103 4066 αὐτοῖς·
1157 4005 1249 4056 καὶ
1279 4005 1414 4075 αὐτῇ
1441 4002 1552 4074 (52)
1591 4005 1658 4074 τῇ

85 4095 498 4166 ὑπερασωμάτῳ
529 4094 719 4164 Τριάδι
772 4094 834 4146 τὸ
877 4092 1125 4159 ἀντίξουν
1169 4093 1263 4146 καὶ
1287 4093 1661 4162 ἀντικείμενον

83 4189 437 4256 παρομαρτεῖ.
487 4186 599 4238 Καὶ
630 4184 739 4255 γὰρ
779 4183 867 4237 ἵνα
906 4183 1004 4246 τάς
1051 4181 1159 4235 τῶν
1207 4182 1360 4245 ζώων
1410 4185 1502 4236 καὶ
1551 4183 1661 4236 τῶν

81 4274 242 4328 ἄλλων
273 4275 437 4346 παρῶ
461 4273 760 4345 διαφθορὰς
780 4314 794 4337 ,
825 4273 963 4344 αὑτὴ
995 4274 1027 4344 ἡ
1066 4273 1139 4342 γῆ
1169 4273 1230 4325 τὸ
1267 4277 1526 4344 στοιχεῖον
1560 4275 1660 4328 οὐκ

82 4366 360 4430 ἀτίνακτος
418 4365 534 4420 οὐδ’
598 4366 848 4428 ἄσειστος
907 4364 1187 4427 παντελῶς
1237 4366 1330 4417 καὶ
1379 4366 1656 4437 ἀτρεμής·

82 4457 358 4527 πνεύματα
410 4457 470 4511 δὲ
516 4457 800 4529 κρυφαίως
831 4456 999 4527 αὐτὴν
1027 4456 1490 4526 διαλαμϐάνοντα,
1531 4459 1661 4510 ὅταν

79 4554 270 4607 ἀνωθεν
300 4553 450 4628 λάϐῃ
481 4554 544 4607 τὸ
590 4554 887 4624 ἐνδόσιμον,
944 4554 1358 4606 ὰνατινὰσσουσί
1389 4571 1448 4606 τε
1491 4555 1659 4623 αὐτὴν

81 4646 164 4698 καὶ
193 4647 267 4709 ὡς
309 4645 394 4717 τῷ
438 4647 792 4718 ἐπιτρέποντι
829 4645 978 4715 φίλον
1013 4645 1440 4698 ἐντινάσσουσιν·
1478 4648 1571 4700 καὶ
1603 4648 1660 4699 ai

75 4731 204 4805 ὧραι
227 4739 285 4792 δέ
322 4739 424 4793 τοῦ
461 4740 616 4800 ἔτους
644 4738 876 4809 ταχινῶς
906 4737 1164 4809 ἀλλήλαις
1193 4737 1572 4808 ὑποχωροῦσαί
1602 4755 1662 4790 τε

79 4831 165 4882 καὶ
198 4832 580 4894 ύπαπιοῦσαι,
624 4833 827 4903 τρόπον
860 4829 982 4883 τινὰ
1026 4831 1116 4882 ὑπ’
1159 4827 1402 4898 ἀλλήλων
1437 4829 1665 4900 ἀνατρέ-

78 4938 261 4977 πονται
280 4968 294 4990 ,
325 4925 603 4996 χειμῶνος
649 4924 746 4993 μὲν
777 4923 882 4976 ὑπὸ
906 4923 1100 4993 θέρους
1127 4921 1216 4973 διὰ
1246 4919 1340 4973 τοῦ
1385 4921 1543 4992 ἔαρος
1573 4939 1666 4992 με-

81 5014 434 5081 σολαϐοὖντος
480 5016 768 5086 λυομένου,
801 5015 994 5086 θέρους
1020 5015 1076 5067 δέ
1110 5010 1177 5067 αὖ
1207 5013 1296 5066 διὰ
1329 5013 1422 5066 τοῦ
1456 5015 1663 5084 μεταξὺ

79 5107 428 5181 φθινοπώρου
485 5108 913 5179 ἀφανιζομένου·
982 5106 1170 5176 ὥσπερ
1222 5124 1286 5175 γε
1320 5107 1413 5160 καὶ
1455 5108 1665 5179 ἡμέραν

83 5199 172 5267 μὲν
221 5203 547 5255 κατέπαυσε
610 5200 740 5265 νὺξ,
812 5200 984 5252 νύκτα
1040 5199 1082 5253 δ’
1139 5197 1415 5252 ἀπώλεσεν
1477 5201 1507 5268 ἡ
1562 5199 1666 5263 ἕως

79 5293 372 5363 ἀνίσχουσα
388 5313 403 5325 ·
432 5295 624 5348 πάλιν·
653 5292 873 5365 Χειμὼν
897 5293 993 5364 μὲν
1010 5291 1392 5362 ἐπιγενόμενος
1409 5290 1563 5360 ξοφοῖ
1576 5293 1668 5347 τὸν

79 5384 209 5456 ἀέρα
238 5388 337 5440 καὶ
381 5387 660 5452 σκοτάζει,
690 5387 840 5458 ἥλιος
876 5386 932 5440 δὲ
965 5385 1184 5456 λάμψας
1217 5385 1454 5458 ἀστέρας
1492 5386 1670 5457 ἀμαυ-

81 5477 186 5545 ροί·
231 5479 328 5530 καὶ
366 5478 507 5550 ἡλίῳ
543 5477 641 5549 μὲν
685 5477 844 5546 νέφος
875 5475 1240 5546 ἐπιπροσθοῦν
1267 5474 1544 5528 διακόπτει
1571 5476 1668 5547 τὴν

79 5567 268 5642 αἴγλην
297 5571 440 5644 (5⁸5),
497 5571 694 5643 σελήνη
743 5569 801 5624 δέ
847 5568 1108 5639 φθίνουσα
1161 5568 1256 5621 καὶ
1301 5569 1380 5634 είς
1431 5569 1667 5639 παντελῆ

149 5710 260 5784 (49)
299 5711 446 5784 ῼοὰ.
484 5711 740 5784 θεάρχια,
772 5727 826 5764 v.
857 5723 1022 5784 supra
1052 5715 1167 5761 not.
1202 5708 1295 5784 20:

153 5779 266 5850 (50)
309 5782 439 5837 Bill.
487 5785 542 5837 in
583 5779 984 5838 commentario
1022 5794 1122 5850 pro
1153 5779 1247 5831 καὶ
1280 5779 1380 5850 ἐμέ
1424 5792 1668 5836 scribere

85 5848 261 5924 τ-ιιῐιή
311 5852 451 5924 ἐμέ,
482 5853 575 5908 sed
608 5854 772 5908 etiam
824 5865 989 5923 supra
1037 5848 1253 5904 Nicetes
1297 5848 1434 5904 dixit
1470 5850 1666 5923 εἰπερ,

87 5921 228 5991 quod
252 5921 378 5978 non
407 5924 671 5996 intelligo.

3205 413 3210 418 ’
3240 427 3345 484 ’με

1759 542 2058 597 obscurum
2091 541 2213 593 Orci
2247 540 2426 594 locum
2460 549 2514 596 et
2545 541 2755 613 absque
2799 545 3004 601 lumine
3041 544 3342 600 fantasma.

1759 632 1908 686 tibus
1957 631 2236 684 abundare
2282 640 2572 699 pra'parat,
2618 633 2776 702 ignea
2830 633 3054 688 [Iuntina
3107 651 3343 705 quorum

1757 721 2130 776 meminerunt
2173 720 2370 787 Graeci,
2404 723 2708 791 gehennam
2761 731 2812 778 et
2865 726 3042 794 ignem
3079 728 3345 782 inexstin-

1758 811 2020 882 guibilem
2069 820 2270 867 vocant
2317 813 2615 882 prophetia:
2662 815 2881 883 divinae,
2934 825 2990 872 et
3035 817 3241 890 ﬂagella
3285 820 3346 875 in

1761 904 1933 974 ipsis,
1988 919 2178 973 poenas
2223 904 2348 959 dico
2395 913 2448 961 et
2491 907 2993 966 animadversiones
3039 921 3094 964 et
3139 913 3344 966 daemo-

1759 1013 1880 1062 nes,
1911 1000 2202 1068 punientes
2233 1007 2368 1074 puto
2413 1007 2736 1070 potestates,
2773 1012 3084 1058 nostrarum
3116 1020 3344 1060 exsecu-

1761 1098 1912 1146 tores
1972 1092 2304 1156 animarum,
2359 1108 2481 1162 qua:
2523 1094 2810 1149 nobiscum
2865 1104 3168 1164 cooperatae
3214 1109 3342 1153 sunt

1761 1189 2012 1238 recenter
2037 1183 2104 1236 ad
2136 1193 2447 1253 peccatum,
2481 1184 2534 1237 in
2561 1193 2804 1255 tempore
2829 1201 2959 1241 vero
2979 1187 3170 1256 judicii
3198 1189 3344 1256 juste

1761 1272 1981 1342 quidem
2016 1275 2254 1342 puniunt
2289 1289 2382 1328 eas
2407 1290 2526 1344 qua:
2559 1291 2656 1345 per
2689 1276 3070 1347 instigationes
3101 1277 3343 1345 ipsarum

1761 1364 2037 1419 comitatze
2067 1373 2234 1430 sunt;
2285 1375 2339 1420 et
2386 1366 2518 1436 ipsa:
2550 1367 2938 1424 damnatorum
2976 1368 3222 1437 duplices
3257 1369 3347 1422 dn-

1761 1457 1898 1511 hunt
1929 1472 2121 1527 poenas
2153 1473 2276 1528 qua:
2309 1468 2608 1513 suaserunt
2635 1461 2824 1514 odiosa
2862 1459 2974 1515 Deo
3018 1465 3234 1530 u‘naque
3270 1461 3347 1516 fe-

1760 1557 1977 1613 cerunt,
2024 1549 2168 1603 unde
2201 1557 2516 1605 nostrarum
2550 1551 2854 1605 animarum
2880 1562 3234 1608 exsecutores
3261 1555 3338 1607 di.

1759 1651 1859 1694 ctae
1905 1647 2053 1696 sunt.
2106 1639 2231 1694 llaec
2273 1641 2476 1705 omnia,
2523 1642 2722 1712 inquit,
2774 1643 2957 1698 fabula
2992 1645 3253 1698 dicuntur
3291 1653 3344 1701 et

1764 1730 1882 1785 risu
1907 1731 2070 1800 digna
2096 1742 2441 1802 reponuntur
2471 1733 2540 1787 ab
2567 1734 2783 1803 impiis;
2816 1744 3026 1789 tantum
3050 1751 3178 1790 vero
3199 1739 3342 1807 quml

1762 1838 2002 1892 przcsens
2031 1832 2114 1879 est
2150 1825 2311 1880 dulce
2351 1832 2403 1880 et
2435 1825 2738 1894 jucundum
2781 1827 3097 1896 judicantes
3131 1827 3345 1882 fortiter

1759 1919 1946 1966 amant
1996 1923 2050 1967 et
2099 1914 2313 1976 ardent,
2368 1915 2498 1968 dum
2546 1918 2803 1971 tormenti
2859 1933 2887 1970 τι
2929 1934 3027 1988 spe
3066 1918 3340 1989 designati

1761 2005 1963 2058 nullam
2001 2021 2190 2060 curam
2240 2007 2460 2062 habent.
2505 2027 2522 2058 ι
2557 2007 2750 2065 Melius
2786 2018 2903 2064 erat
2931 2013 3202 2076 sontibus,
3235 2032 3252 2066 ι
3290 2023 3344 2076 et.

1763 2112 1880 2166 seq.
1919 2095 1973 2151 ld
2014 2099 2190 2152 virum
2221 2098 2467 2152 divinum
2506 2098 2918 2156 demonstrasse
2944 2118 3040 2172 per
3069 2104 3182 2158 ha‘c
3222 2120 3345 2160 car-

1761 2188 1906 2241 mina
1937 2198 2069 2256 puto
2101 2207 2113 2242 :
2147 2188 2339 2243 Melius
2373 2198 2568 2244 eratet
2605 2193 2780 2260 magis
2808 2192 3126 2262 expediebat
3152 2209 3346 2263 pecca-

1759 2280 1972 2335 toribus
1995 2281 2263 2350 impunita
2295 2296 2418 2335 esse
2448 2281 2502 2335 in
2530 2282 2641 2335 vita
2672 2281 2854 2336 futura
2888 2285 3026 2338 mala
3061 2301 3159 2338 nec
3187 2286 3347 2356 quid-

1761 2386 1930 2442 quam
1961 2372 2028 2428 de
2059 2372 2352 2427 tormentis
2380 2373 2535 2428 hisce
2561 2374 2819 2444 experiri,
2855 2375 2983 2430 licet
3013 2377 3064 2430 in
3093 2380 3351 2446 ρτςιοεευιί

1760 2466 1964 2520 saeculo
2003 2465 2268 2520 arumnis
2305 2465 2651 2519 miseriarum
2698 2465 2824 2520 vita:
2860 2481 3029 2537 angar
3059 2477 3110 2521 et
3143 2468 3351 2540 amigar

1758 2571 1881 2626 ego.
1917 2555 2025 2608 Aut.
2057 2557 2137 2610 sic
2165 2575 2178 2610 :
2207 2555 2438 2626 Expedit
2471 2556 2722 2611 sontibus
2749 2557 2844 2626 qui
2877 2573 2904 2610 a
2940 2567 3163 2628 peccato
3185 2562 3352 2616 soluti

1760 2657 1911 2708 sunt,
1945 2662 1973 2699 a
2007 2649 2300 2702 tormentis
2337 2648 2610 2702 immunes
2639 2650 2896 2712 transire,
2923 2665 3008 2706 me
3034 2651 3112 2706 sic
3146 2651 3198 2705 in
3237 2668 3350 2707 ma-

1759 2741 1828 2796 lis
1857 2741 1980 2794 vitae
2015 2740 2230 2795 relicto.

1761 3107 1864 3163 109
1906 3104 2008 3161 Sed
2048 3106 2174 3176 quid
2211 3103 2358 3168 milii,
2386 3102 2525 3176 quid
2562 3112 2834 3171 tantopere
2865 3119 3072 3157 necesse
3102 3114 3178 3157 est
3210 3121 3354 3156 mor-

2385 3173 2605 3246 [talt’um
2631 3191 2900 3227 (erumnas
2924 3177 3146 3227 canere?
3174 3185 3278 3227 etc.

1835 3268 2256 3323 Consolationes
2312 3267 2458 3320 inter
2497 3267 2724 3320 adversa
2773 3275 2938 3336 atque
2975 3266 3194 3321 dolores
3237 3283 3352 3320 cor-

1763 3360 1917 3430 poris
1949 3360 2220 3414 meditans
2254 3358 2639 3414 sanctissimus
2663 3357 2925 3412 sacerdos
2952 3375 2966 3411 :
2995 3356 3127 3421 Cur,
3156 3357 3350 3427 inquit,

1764 3453 1903 3508 adeo
1939 3451 2242 3521 grandibus
2284 3450 2459 3505 tristia
2507 3449 2790 3504 hominum
2833 3450 3130 3505 condolere
3171 3453 3353 3508 verbis

1761 3555 1817 3602 et
1844 3544 2100 3600 miserias
2125 3544 2496 3613 opprimentes
2527 3543 2816 3612 repetere?
2850 3561 2867 3593 ι
2899 3541 3169 3597 Omnibus
3201 3545 3353 3597 adest

1763 3638 2010 3694 aﬂlictio:
2040 3636 2327 3690 Iomnibus
2358 3635 2732 3690 animantibus
2761 3642 2817 3690 et
2847 3635 3107 3691 omnibus
3144 3651 3264 3705 qua!
3299 3637 3352 3690 in

1763 3731 1969 3785 mundo
2007 3727 2364 3783 continentur
2397 3726 2621 3780 afﬂictio
2665 3734 2718 3780 et
2761 3726 3044 3796 OppOSiliO
3077 3729 3347 3790 occurrit.

1763 3829 1818 3875 et
1905 3835 2013 3874 non
2063 3820 2235 3876 solum
2279 3818 2394 3882 his,
2440 3819 2536 3873 sed
2579 3825 2633 3870 et
2666 3822 2800 3875 item
2835 3818 3180 3888 incorporeis
3213 3820 3355 3872 emi-

1764 3913 1888 3967 bus.
1924 3912 1982 3965 ln
2022 3911 2196 3981 ipsam
2242 3909 2404 3965 etiam
2443 3909 2765 3978 incorporea
2807 3923 3040 3977 quaeque
3089 3924 3356 3977 superan-

1765 4013 1872 4057 tem
1911 4002 2237 4057 Trinitatem
2276 4001 2516 4072 insurgit
2559 4000 2838 4054 contrarie
2863 4000 3154 4055 incurrens
3189 4009 3238 4054 et
3270 3999 3355 4069 ja—

1765 4111 1896 4150 cens
1947 4113 1960 4148 :
2012 4094 2058 4150 si
2120 4093 2265 4148 enim
2321 4091 2684 4146 animantium
2738 4091 3085 4161 aliorumque
3128 4101 3353 4159 praeter-

1763 4188 1968 4244 misero
2032 4184 2465 4255 corruptiones,
2559 4193 2701 4238 terra
2767 4183 2881 4252 ipsa
2951 4183 3004 4238 in
3070 4183 3356 4237 elementis

1765 4280 1881 4335 suis
1931 4292 2032 4333 nec
2079 4277 2408 4331 inconcussa
2481 4289 2581 4328 nec
2633 4275 2841 4344 absque
2901 4273 3011 4328 ulla
3060 4274 3356 4344 agitatione

1763 4380 1818 4427 et
1899 4371 2083 4442 quiete
2156 4376 2340 4422 manet
2385 4385 2399 4422 :
2441 4367 2670 4438 spiritus
2744 4368 2915 4436 ipsam
2995 4367 3138 4420 clam
3203 4368 3357 4420 inva-

1763 4466 1923 4531 dunt,
1957 4461 2178 4534 quando
2214 4476 2279 4515 ex
2316 4461 2426 4513 alto
2465 4459 2605 4513 dona
2643 4459 2887 4528 suscepit
2927 4458 3102 4528 ipsam
3145 4460 3358 4530 agitant

1765 4564 1854 4618 et,
1909 4553 2067 4624 quasi
2116 4553 2168 4606 id
2223 4550 2560 4620 permittenti
2608 4551 2856 4619 placeat,
2909 4551 3240 4621 peragitant.
3292 4550 3357 4602 Et

1771 4649 2030 4703 velociter
2085 4661 2144 4700 se
2195 4643 2428 4697 invicem
2483 4643 2852 4712 pr0pellentes
2902 4650 2966 4708 ,ει
3023 4657 3360 4712 prosequen-

1772 4750 1854 4795 tes
1910 4740 2061 4794 horae
2126 4737 2255 4790 anni
2307 4734 2542 4805 quodam
2589 4734 2752 4788 modo
2809 4735 2955 4788 inter
3015 4749 3075 4788 se
3125 4735 3355 4787 invicem

1772 4834 2190 4893 subvertuntur,
2237 4829 2465 4898 expulso
2505 4827 2573 4880 ab
2610 4835 2800 4881 aestate
2855 4825 3034 4879 hieme
3084 4823 3359 4879 mediante

1774 4940 1935 4986 vere,
1978 4930 2164 4977 azstate
2205 4935 2423 4973 rursum
2472 4933 2568 4986 per
2603 4917 2842 4971 medium
2895 4924 3220 4970 autumnum
3262 4915 3359 4970 de-

1775 5019 2038 5084 cedente;
2090 5015 2345 5070 similiter
2399 5021 2451 5068 et
2509 5012 2652 5065 diem
2739 5023 2960 5065 cessare
3026 5009 3153 5064 fecit
3206 5024 3356 5076 nox;

1773 5119 1992 5165 noctem
2035 5107 2307 5163 destruxit
2337 5119 2535 5158 aurora
2569 5118 2840 5172 surgens;
2899 5116 3115 5154 rursum
3143 5099 3360 5156 :Hiems

1775 5201 2174 5274 superveniens
2209 5198 2472 5253 obscurat
2509 5210 2636 5249 aera
2680 5203 2734 5248 et
2763 5193 3041 5256 tenebrat,
3077 5193 3158 5247 sol
3198 5193 3360 5247 reful-

1775 5309 1910 5364 gens
1959 5301 2109 5347 astra
2168 5290 2465 5360 pallescere
2522 5287 2652 5342 facit
2700 5294 2752 5342 et
2815 5286 2914 5340 soli
2964 5287 3359 5356 superveniens

1775 5387 1953 5441 nubes
1997 5382 2346 5454 splendorem
2397 5379 2518 5450 ejus
2570 5379 2804 5449 frangit;
2853 5379 2983 5433 luna
3031 5378 3360 5433 decrescens

1775 5479 1833 5528 et.
1863 5471 1932 5525 ad
1969 5471 2191 5540 plenum
2217 5469 2434 5524 senium
2465 5469 2742 5522 inclinans
2774 5483 2971 5524 rursus
3015 5467 3126 5522 vita
3157 5466 3360 5521 crescit

1778 5581 1878 5622 sua
1907 5572 1962 5619 et
1996 5563 2140 5619 sicut
2173 5577 2364 5618 recens
2397 5572 2527 5618 nata
2573 5564 2976 5635 contemplatur
3024 5561 3254 5628 licens;
3301 5565 3360 5614 ιι

1847 5703 1960 5775 (51)
1999 5703 2135 5759 Cod.
2165 5703 2378 5759 λλύπει.

1848 5777 1961 5844 (se)
2003 5775 2140 5830 Cod.
2179 5776 2336 5847 αύτή.

1851 5847 1962 5920 (55)
2000 5847 2136 5906 Cod.
2169 5847 2358 5918 αῑγήν.
