  <div class='ocr_page' id='page_1' title='image "/cluster/home/n/w/nwhite01/storage/ocr_20150623/38/hvd.32044014674576/381.png"; bbox 0 0 3818 6542; ppageno 0'>
   <div class='ocr_carea' id='block_1_1' title="bbox 510 402 619 461">
    <p class='ocr_par' dir='ltr' id='par_1_1' title="bbox 510 402 619 461">
     <span class='ocr_line' id='line_1_1' title="bbox 510 402 619 461; baseline -0.018 0"><span class='ocrx_word' id='word_1_1' title='bbox 510 402 619 461; x_wconf 67' lang='grc'><strong>76⁸5</strong></span> 
     </span>
    </p>
   </div>
   <div class='ocr_carea' id='block_1_2' title="bbox 513 514 2099 592">
    <p class='ocr_par' dir='ltr' id='par_1_2' title="bbox 513 514 2099 592">
     <span class='ocr_line' id='line_1_2' title="bbox 513 514 2099 592; baseline -0.008 -16"><span class='ocrx_word' id='word_1_2' title='bbox 513 521 695 592; x_wconf 83' lang='lat' dir='ltr'><strong>ipsum</strong></span> <span class='ocrx_word' id='word_1_3' title='bbox 725 515 893 573; x_wconf 90' lang='lat' dir='ltr'><strong>astris</strong></span> <span class='ocrx_word' id='word_1_4' title='bbox 923 514 1235 572; x_wconf 73' lang='lat' dir='ltr'><strong>scintillans</strong></span> <span class='ocrx_word' id='word_1_5' title='bbox 1281 515 1480 570; x_wconf 73' lang='lat' dir='ltr'><strong>cmlum</strong></span> <span class='ocrx_word' id='word_1_6' title='bbox 1535 528 1643 568; x_wconf 89' lang='lat' dir='ltr'><strong>non</strong></span> <span class='ocrx_word' id='word_1_7' title='bbox 1690 521 1869 567; x_wconf 91' lang='lat' dir='ltr'><strong>totum</strong></span> <span class='ocrx_word' id='word_1_8' title='bbox 1922 525 2099 582; x_wconf 88' lang='lat' dir='ltr'><strong>quan-</strong></span> 
     </span>
    </p>
   </div>
   <div class='ocr_carea' id='block_1_3' title="bbox 513 602 2094 679">
    <p class='ocr_par' dir='ltr' id='par_1_3' title="bbox 513 602 2094 679">
     <span class='ocr_line' id='line_1_3' title="bbox 513 602 2094 679; baseline -0.006 -15"><span class='ocrx_word' id='word_1_9' title='bbox 513 620 629 667; x_wconf 90' lang='lat' dir='ltr'><strong>tum</strong></span> <span class='ocrx_word' id='word_1_10' title='bbox 663 620 748 665; x_wconf 90' lang='lat' dir='ltr'><strong>est</strong></span> <span class='ocrx_word' id='word_1_11' title='bbox 781 623 1021 679; x_wconf 85' lang='lat' dir='ltr'><strong>unquam</strong></span> <span class='ocrx_word' id='word_1_12' title='bbox 1052 604 1419 676; x_wconf 86' lang='lat' dir='ltr'><strong>contemplari</strong></span> <span class='ocrx_word' id='word_1_13' title='bbox 1480 611 1588 667; x_wconf 89' lang='lat' dir='ltr'><strong>est,</strong></span> <span class='ocrx_word' id='word_1_14' title='bbox 1645 616 1865 672; x_wconf 78' lang='lat' dir='ltr'><strong>semper</strong></span> <span class='ocrx_word' id='word_1_15' title='bbox 1913 602 2094 657; x_wconf 83' lang='lat' dir='ltr'><strong>Inedia</strong></span> 
     </span>
    </p>
   </div>
   <div class='ocr_carea' id='block_1_4' title="bbox 515 695 2092 773">
    <p class='ocr_par' dir='ltr' id='par_1_4' title="bbox 515 695 2092 773">
     <span class='ocr_line' id='line_1_4' title="bbox 515 695 2092 773; baseline -0.005 -17"><span class='ocrx_word' id='word_1_16' title='bbox 515 712 666 773; x_wconf 86' lang='lat' dir='ltr'><strong>parte</strong></span> <span class='ocrx_word' id='word_1_17' title='bbox 691 710 910 757; x_wconf 91' lang='lat' dir='ltr'><strong>tantum</strong></span> <span class='ocrx_word' id='word_1_18' title='bbox 943 699 1163 757; x_wconf 91' lang='lat' dir='ltr'><strong>visibile</strong></span> <span class='ocrx_word' id='word_1_19' title='bbox 1191 705 1300 760; x_wconf 88' lang='lat' dir='ltr'><strong>est.</strong></span> <span class='ocrx_word' id='word_1_20' title='bbox 1330 705 1387 752; x_wconf 93' lang='lat' dir='ltr'><strong>et</strong></span> <span class='ocrx_word' id='word_1_21' title='bbox 1422 695 1810 766; x_wconf 64' lang='lat' dir='ltr'><strong>hemisphaerio</strong></span> <span class='ocrx_word' id='word_1_22' title='bbox 1841 696 2092 749; x_wconf 90' lang='lat' dir='ltr'><strong>occulta-</strong></span> 
     </span>
    </p>
   </div>
   <div class='ocr_carea' id='block_1_5' title="bbox 512 785 2095 856">
    <p class='ocr_par' dir='ltr' id='par_1_5' title="bbox 512 785 2095 856">
     <span class='ocr_line' id='line_1_5' title="bbox 512 785 2095 856; baseline -0.006 -9"><span class='ocrx_word' id='word_1_23' title='bbox 512 800 639 856; x_wconf 91' lang='lat' dir='ltr'><strong>tur;</strong></span> <span class='ocrx_word' id='word_1_24' title='bbox 672 800 727 847; x_wconf 92' lang='lat' dir='ltr'><strong>et</strong></span> <span class='ocrx_word' id='word_1_25' title='bbox 761 790 1005 847; x_wconf 87' lang='lat' dir='ltr'><strong>visibilia</strong></span> <span class='ocrx_word' id='word_1_26' title='bbox 1030 787 1223 843; x_wconf 90' lang='lat' dir='ltr'><strong>mundi</strong></span> <span class='ocrx_word' id='word_1_27' title='bbox 1258 787 1530 843; x_wconf 85' lang='lat' dir='ltr'><strong>elementa</strong></span> <span class='ocrx_word' id='word_1_28' title='bbox 1551 786 1745 841; x_wconf 90' lang='lat' dir='ltr'><strong>eodem</strong></span> <span class='ocrx_word' id='word_1_29' title='bbox 1781 785 1946 840; x_wconf 89' lang='lat' dir='ltr'><strong>modo</strong></span> <span class='ocrx_word' id='word_1_30' title='bbox 1974 799 2095 839; x_wconf 87' lang='lat' dir='ltr'><strong>mu-</strong></span> 
     </span>
    </p>
   </div>
   <div class='ocr_carea' id='block_1_6' title="bbox 514 875 2102 950">
    <p class='ocr_par' dir='ltr' id='par_1_6' title="bbox 514 875 2102 950">
     <span class='ocr_line' id='line_1_6' title="bbox 514 875 2102 950; baseline -0.003 -15"><span class='ocrx_word' id='word_1_31' title='bbox 514 890 701 936; x_wconf 90' lang='lat' dir='ltr'><strong>tantur</strong></span> <span class='ocrx_word' id='word_1_32' title='bbox 725 899 740 945; x_wconf 88' lang='lat'><strong>;</strong></span> <span class='ocrx_word' id='word_1_33' title='bbox 764 889 819 936; x_wconf 90' lang='lat' dir='ltr'><strong>et</strong></span> <span class='ocrx_word' id='word_1_34' title='bbox 848 892 929 944; x_wconf 88' lang='lat' dir='ltr'><strong>tu,</strong></span> <span class='ocrx_word' id='word_1_35' title='bbox 963 880 1164 950; x_wconf 88' lang='lat' dir='ltr'><strong>inquit,</strong></span> <span class='ocrx_word' id='word_1_36' title='bbox 1189 879 1490 934; x_wconf 80' lang='lat' dir='ltr'><strong>fascinator</strong></span> <span class='ocrx_word' id='word_1_37' title='bbox 1515 877 1686 932; x_wconf 83' lang='lat' dir='ltr'><strong>draco</strong></span> <span class='ocrx_word' id='word_1_38' title='bbox 1710 875 1850 948; x_wconf 82' lang='lat' dir='ltr'><strong>ipse.</strong></span> <span class='ocrx_word' id='word_1_39' title='bbox 1882 875 2102 931; x_wconf 76' lang='lat' dir='ltr'><strong>invidia:</strong></span> 
     </span>
    </p>
   </div>
   <div class='ocr_carea' id='block_1_7' title="bbox 513 968 2101 1045">
    <p class='ocr_par' dir='ltr' id='par_1_7' title="bbox 513 968 2101 1045">
     <span class='ocr_line' id='line_1_7' title="bbox 513 968 2101 1045; baseline -0.003 -18"><span class='ocrx_word' id='word_1_40' title='bbox 513 982 672 1044; x_wconf 88' lang='lat' dir='ltr'><strong>pater</strong></span> <span class='ocrx_word' id='word_1_41' title='bbox 692 983 748 1029; x_wconf 92' lang='lat' dir='ltr'><strong>et</strong></span> <span class='ocrx_word' id='word_1_42' title='bbox 768 973 982 1045; x_wconf 87' lang='lat' dir='ltr'><strong>peccati</strong></span> <span class='ocrx_word' id='word_1_43' title='bbox 1007 972 1163 1028; x_wconf 81' lang='lat' dir='ltr'><strong>radix</strong></span> <span class='ocrx_word' id='word_1_44' title='bbox 1190 986 1255 1026; x_wconf 92' lang='lat' dir='ltr'><strong>ac</strong></span> <span class='ocrx_word' id='word_1_45' title='bbox 1283 971 1427 1035; x_wconf 80' lang='lat' dir='ltr'><strong>fons,</strong></span> <span class='ocrx_word' id='word_1_46' title='bbox 1458 978 1512 1025; x_wconf 91' lang='lat' dir='ltr'><strong>et</strong></span> <span class='ocrx_word' id='word_1_47' title='bbox 1534 978 1614 1036; x_wconf 92' lang='lat' dir='ltr'><strong>tu,</strong></span> <span class='ocrx_word' id='word_1_48' title='bbox 1632 985 1665 1024; x_wconf 89' lang='grc' dir='ltr'><strong>ο</strong></span> <span class='ocrx_word' id='word_1_49' title='bbox 1689 969 1891 1023; x_wconf 88' lang='lat' dir='ltr'><strong>Satana</strong></span> <span class='ocrx_word' id='word_1_50' title='bbox 1924 968 2101 1023; x_wconf 88' lang='lat' dir='ltr'><strong>homi-</strong></span> 
     </span>
    </p>
   </div>
   <div class='ocr_carea' id='block_1_8' title="bbox 517 1059 2103 1136">
    <p class='ocr_par' dir='ltr' id='par_1_8' title="bbox 517 1059 2103 1136">
     <span class='ocr_line' id='line_1_8' title="bbox 517 1059 2103 1136; baseline -0.004 -16"><span class='ocrx_word' id='word_1_51' title='bbox 517 1065 662 1130; x_wconf 87' lang='lat' dir='ltr'><strong>cida,</strong></span> <span class='ocrx_word' id='word_1_52' title='bbox 689 1066 833 1121; x_wconf 90' lang='lat' dir='ltr'><strong>inter</strong></span> <span class='ocrx_word' id='word_1_53' title='bbox 860 1064 1142 1136; x_wconf 79' lang='lat' dir='ltr'><strong>angelicas</strong></span> <span class='ocrx_word' id='word_1_54' title='bbox 1170 1063 1379 1119; x_wconf 91' lang='lat' dir='ltr'><strong>choros</strong></span> <span class='ocrx_word' id='word_1_55' title='bbox 1423 1062 1571 1117; x_wconf 87' lang='lat' dir='ltr'><strong>sicut</strong></span> <span class='ocrx_word' id='word_1_56' title='bbox 1598 1062 1743 1117; x_wconf 90' lang='lat' dir='ltr'><strong>inter</strong></span> <span class='ocrx_word' id='word_1_57' title='bbox 1789 1069 1936 1115; x_wconf 91' lang='lat' dir='ltr'><strong>astra</strong></span> <span class='ocrx_word' id='word_1_58' title='bbox 1973 1059 2103 1114; x_wconf 91' lang='lat' dir='ltr'><strong>luci-</strong></span> 
     </span>
    </p>
   </div>
   <div class='ocr_carea' id='block_1_9' title="bbox 519 1152 2098 1227">
    <p class='ocr_par' dir='ltr' id='par_1_9' title="bbox 519 1152 2098 1227">
     <span class='ocr_line' id='line_1_9' title="bbox 519 1152 2098 1227; baseline -0.006 -15"><span class='ocrx_word' id='word_1_59' title='bbox 519 1154 604 1213; x_wconf 79' lang='lat' dir='ltr'><strong>fer</strong></span> <span class='ocrx_word' id='word_1_60' title='bbox 625 1158 830 1212; x_wconf 85' lang='lat' dir='ltr'><strong>lumine</strong></span> <span class='ocrx_word' id='word_1_61' title='bbox 854 1163 1129 1227; x_wconf 67' lang='lat' dir='ltr'><strong>praestans</strong></span> <span class='ocrx_word' id='word_1_62' title='bbox 1163 1168 1460 1225; x_wconf 83' lang='lat' dir='ltr'><strong>apparens,</strong></span> <span class='ocrx_word' id='word_1_63' title='bbox 1491 1152 1690 1208; x_wconf 90' lang='lat' dir='ltr'><strong>deinde</strong></span> <span class='ocrx_word' id='word_1_64' title='bbox 1712 1166 1809 1222; x_wconf 91' lang='lat' dir='ltr'><strong>per</strong></span> <span class='ocrx_word' id='word_1_65' title='bbox 1829 1163 2098 1206; x_wconf 85' lang='lat' dir='ltr'><strong>tumorem</strong></span> 
     </span>
    </p>
   </div>
   <div class='ocr_carea' id='block_1_10' title="bbox 520 1245 2105 1315">
    <p class='ocr_par' dir='ltr' id='par_1_10' title="bbox 520 1245 2105 1315">
     <span class='ocr_line' id='line_1_10' title="bbox 520 1245 2105 1315; baseline -0.006 -10"><span class='ocrx_word' id='word_1_66' title='bbox 520 1250 578 1305; x_wconf 91' lang='lat' dir='ltr'><strong>in</strong></span> <span class='ocrx_word' id='word_1_67' title='bbox 609 1250 867 1306; x_wconf 84' lang='lat' dir='ltr'><strong>tenebras</strong></span> <span class='ocrx_word' id='word_1_68' title='bbox 901 1263 1092 1304; x_wconf 91' lang='lat' dir='ltr'><strong>versus</strong></span> <span class='ocrx_word' id='word_1_69' title='bbox 1120 1262 1203 1311; x_wconf 89' lang='lat' dir='ltr'><strong>es,</strong></span> <span class='ocrx_word' id='word_1_70' title='bbox 1255 1245 1565 1302; x_wconf 65' lang='lat' dir='ltr'><strong>caelestium</strong></span> <span class='ocrx_word' id='word_1_71' title='bbox 1603 1253 1862 1315; x_wconf 88' lang='lat' dir='ltr'><strong>tanquam</strong></span> <span class='ocrx_word' id='word_1_72' title='bbox 1904 1255 2105 1313; x_wconf 85' lang='lat' dir='ltr'><strong>oppro-</strong></span> 
     </span>
    </p>
   </div>
   <div class='ocr_carea' id='block_1_11' title="bbox 517 1336 2097 1412">
    <p class='ocr_par' dir='ltr' id='par_1_11' title="bbox 517 1336 2097 1412">
     <span class='ocr_line' id='line_1_11' title="bbox 517 1336 2097 1412; baseline -0.005 -14"><span class='ocrx_word' id='word_1_73' title='bbox 517 1341 724 1406; x_wconf 86' lang='lat' dir='ltr'><strong>brium,</strong></span> <span class='ocrx_word' id='word_1_74' title='bbox 754 1351 1017 1412; x_wconf 90' lang='lat' dir='ltr'><strong>tanquam</strong></span> <span class='ocrx_word' id='word_1_75' title='bbox 1047 1338 1384 1394; x_wconf 89' lang='lat' dir='ltr'><strong>ahominatio</strong></span> <span class='ocrx_word' id='word_1_76' title='bbox 1415 1336 1782 1393; x_wconf 82' lang='lat' dir='ltr'><strong>habitantium</strong></span> <span class='ocrx_word' id='word_1_77' title='bbox 1826 1336 2053 1391; x_wconf 84' lang='lat' dir='ltr'><strong>evasisti</strong></span> <span class='ocrx_word' id='word_1_78' title='bbox 2081 1351 2097 1403; x_wconf 92' lang='lat'><strong>;</strong></span> 
     </span>
    </p>
   </div>
   <div class='ocr_carea' id='block_1_12' title="bbox 516 1428 2099 1505">
    <p class='ocr_par' dir='ltr' id='par_1_12' title="bbox 516 1428 2099 1505">
     <span class='ocr_line' id='line_1_12' title="bbox 516 1428 2099 1505; baseline -0.004 -15"><span class='ocrx_word' id='word_1_79' title='bbox 516 1434 648 1490; x_wconf 89' lang='lat' dir='ltr'><strong>hinc</strong></span> <span class='ocrx_word' id='word_1_80' title='bbox 670 1447 802 1505; x_wconf 85' lang='lat' dir='ltr'><strong>ergo</strong></span> <span class='ocrx_word' id='word_1_81' title='bbox 829 1434 944 1488; x_wconf 90' lang='lat' dir='ltr'><strong>sint</strong></span> <span class='ocrx_word' id='word_1_82' title='bbox 978 1433 1081 1487; x_wconf 86' lang='lat' dir='ltr'><strong>ista</strong></span> <span class='ocrx_word' id='word_1_83' title='bbox 1111 1431 1179 1487; x_wconf 89' lang='lat' dir='ltr'><strong>de</strong></span> <span class='ocrx_word' id='word_1_84' title='bbox 1211 1440 1410 1486; x_wconf 89' lang='lat' dir='ltr'><strong>natura</strong></span> <span class='ocrx_word' id='word_1_85' title='bbox 1443 1438 1632 1486; x_wconf 87' lang='lat' dir='ltr'><strong>creata</strong></span> <span class='ocrx_word' id='word_1_86' title='bbox 1658 1448 1671 1483; x_wconf 88' lang='lat'><strong>:</strong></span> <span class='ocrx_word' id='word_1_87' title='bbox 1704 1428 1834 1485; x_wconf 89' lang='lat' dir='ltr'><strong>inde</strong></span> <span class='ocrx_word' id='word_1_88' title='bbox 1851 1428 1985 1500; x_wconf 89' lang='lat' dir='ltr'><strong>quid</strong></span> <span class='ocrx_word' id='word_1_89' title='bbox 2017 1429 2099 1483; x_wconf 83' lang='lat' dir='ltr'><strong>in-</strong></span> 
     </span>
    </p>
   </div>
   <div class='ocr_carea' id='block_1_13' title="bbox 514 1520 2097 1595">
    <p class='ocr_par' dir='ltr' id='par_1_13' title="bbox 514 1520 2097 1595">
     <span class='ocr_line' id='line_1_13' title="bbox 514 1520 2097 1595; baseline -0.004 -14"><span class='ocrx_word' id='word_1_90' title='bbox 514 1534 703 1582; x_wconf 82' lang='lat' dir='ltr'><strong>creata</strong></span> <span class='ocrx_word' id='word_1_91' title='bbox 745 1524 1101 1595; x_wconf 74' lang='lat' dir='ltr'><strong>ingenitaque</strong></span> <span class='ocrx_word' id='word_1_92' title='bbox 1151 1522 1420 1586; x_wconf 86' lang='lat' dir='ltr'><strong>Trinitas,</strong></span> <span class='ocrx_word' id='word_1_93' title='bbox 1452 1520 1758 1576; x_wconf 84' lang='lat' dir='ltr'><strong>secundum</strong></span> <span class='ocrx_word' id='word_1_94' title='bbox 1797 1521 2097 1576; x_wconf 86' lang='lat' dir='ltr'><strong>essentiam</strong></span> 
     </span>
    </p>
   </div>
   <div class='ocr_carea' id='block_1_14' title="bbox 517 1612 2101 1684">
    <p class='ocr_par' dir='ltr' id='par_1_14' title="bbox 517 1612 2101 1684">
     <span class='ocr_line' id='line_1_14' title="bbox 517 1612 2101 1684; baseline -0.004 -11"><span class='ocrx_word' id='word_1_95' title='bbox 517 1632 673 1673; x_wconf 88' lang='lat' dir='ltr'><strong>suam</strong></span> <span class='ocrx_word' id='word_1_96' title='bbox 699 1615 1166 1673; x_wconf 89' lang='lat' dir='ltr'><strong>incommutabilis</strong></span> <span class='ocrx_word' id='word_1_97' title='bbox 1196 1623 1250 1671; x_wconf 87' lang='lat' dir='ltr'><strong>et</strong></span> <span class='ocrx_word' id='word_1_98' title='bbox 1292 1615 1556 1680; x_wconf 90' lang='lat' dir='ltr'><strong>immota;</strong></span> <span class='ocrx_word' id='word_1_99' title='bbox 1592 1612 1843 1682; x_wconf 87' lang='lat' dir='ltr'><strong>nunquid</strong></span> <span class='ocrx_word' id='word_1_100' title='bbox 1881 1612 1999 1684; x_wconf 84' lang='lat' dir='ltr'><strong>ipsa</strong></span> <span class='ocrx_word' id='word_1_101' title='bbox 2045 1622 2101 1668; x_wconf 90' lang='lat' dir='ltr'><strong>et</strong></span> 
     </span>
    </p>
   </div>
   <div class='ocr_carea' id='block_1_15' title="bbox 516 1700 2101 1776">
    <p class='ocr_par' dir='ltr' id='par_1_15' title="bbox 516 1700 2101 1776">
     <span class='ocr_line' id='line_1_15' title="bbox 516 1700 2101 1776; baseline -0.003 -15"><span class='ocrx_word' id='word_1_102' title='bbox 516 1707 742 1761; x_wconf 87' lang='lat' dir='ltr'><strong>omnino</strong></span> <span class='ocrx_word' id='word_1_103' title='bbox 773 1721 991 1762; x_wconf 89' lang='lat' dir='ltr'><strong>omnem</strong></span> <span class='ocrx_word' id='word_1_104' title='bbox 1022 1704 1300 1776; x_wconf 67' lang='lat' dir='ltr'><strong>przeclusit</strong></span> <span class='ocrx_word' id='word_1_105' title='bbox 1335 1702 1780 1775; x_wconf 82' lang='lat' dir='ltr'><strong>oppositionem?</strong></span> <span class='ocrx_word' id='word_1_106' title='bbox 1826 1700 1934 1759; x_wconf 91' lang='lat' dir='ltr'><strong>Sed</strong></span> <span class='ocrx_word' id='word_1_107' title='bbox 1972 1719 2101 1774; x_wconf 87' lang='lat' dir='ltr'><strong>pro-</strong></span> 
     </span>
    </p>
   </div>
   <div class='ocr_carea' id='block_1_16' title="bbox 518 1796 2099 1873">
    <p class='ocr_par' dir='ltr' id='par_1_16' title="bbox 518 1796 2099 1873">
     <span class='ocr_line' id='line_1_16' title="bbox 518 1796 2099 1873; baseline -0.001 -20"><span class='ocrx_word' id='word_1_108' title='bbox 518 1799 651 1869; x_wconf 86' lang='lat' dir='ltr'><strong>pitia</strong></span> <span class='ocrx_word' id='word_1_109' title='bbox 680 1799 835 1862; x_wconf 88' lang='lat' dir='ltr'><strong>mihi,</strong></span> <span class='ocrx_word' id='word_1_110' title='bbox 866 1799 1101 1873; x_wconf 82' lang='lat' dir='ltr'><strong>propitia</strong></span> <span class='ocrx_word' id='word_1_111' title='bbox 1130 1798 1231 1862; x_wconf 85' lang='lat' dir='ltr'><strong>sis.</strong></span> <span class='ocrx_word' id='word_1_112' title='bbox 1265 1796 1514 1851; x_wconf 80' lang='lat' dir='ltr'><strong>Trinitas</strong></span> <span class='ocrx_word' id='word_1_113' title='bbox 1538 1804 1729 1851; x_wconf 83' lang='lat' dir='ltr'><strong>sancta</strong></span> <span class='ocrx_word' id='word_1_114' title='bbox 1756 1803 1854 1851; x_wconf 92' lang='lat' dir='ltr'><strong>aut</strong></span> <span class='ocrx_word' id='word_1_115' title='bbox 1878 1810 2099 1851; x_wconf 88' lang='lat' dir='ltr'><strong>summe</strong></span> 
     </span>
    </p>
   </div>
   <div class='ocr_carea' id='block_1_17' title="bbox 519 1887 2099 1961">
    <p class='ocr_par' dir='ltr' id='par_1_17' title="bbox 519 1887 2099 1961">
     <span class='ocr_line' id='line_1_17' title="bbox 519 1887 2099 1961; baseline -0.004 -14"><span class='ocrx_word' id='word_1_116' title='bbox 519 1899 734 1955; x_wconf 82' lang='lat' dir='ltr'><strong>sancta,</strong></span> <span class='ocrx_word' id='word_1_117' title='bbox 782 1890 964 1961; x_wconf 90' lang='lat' dir='ltr'><strong>inquit</strong></span> <span class='ocrx_word' id='word_1_118' title='bbox 1016 1897 1144 1946; x_wconf 91' lang='lat' dir='ltr'><strong>tuus</strong></span> <span class='ocrx_word' id='word_1_119' title='bbox 1187 1887 1576 1946; x_wconf 89' lang='lat' dir='ltr'><strong>sanctissimus</strong></span> <span class='ocrx_word' id='word_1_120' title='bbox 1636 1888 1871 1957; x_wconf 91' lang='lat' dir='ltr'><strong>piusque</strong></span> <span class='ocrx_word' id='word_1_121' title='bbox 1912 1888 2099 1942; x_wconf 90' lang='lat' dir='ltr'><strong>divina</strong></span> 
     </span>
    </p>
   </div>
   <div class='ocr_carea' id='block_1_18' title="bbox 517 1979 2100 2052">
    <p class='ocr_par' dir='ltr' id='par_1_18' title="bbox 517 1979 2100 2052">
     <span class='ocr_line' id='line_1_18' title="bbox 517 1979 2100 2052; baseline -0.004 -14"><span class='ocrx_word' id='word_1_122' title='bbox 517 1983 789 2046; x_wconf 85' lang='lat' dir='ltr'><strong>clamans,</strong></span> <span class='ocrx_word' id='word_1_123' title='bbox 821 1996 944 2052; x_wconf 76' lang='lat' dir='ltr'><strong>qua:</strong></span> <span class='ocrx_word' id='word_1_124' title='bbox 974 1996 1075 2037; x_wconf 89' lang='lat' dir='ltr'><strong>nec</strong></span> <span class='ocrx_word' id='word_1_125' title='bbox 1097 1982 1214 2052; x_wconf 92' lang='lat' dir='ltr'><strong>ipsa</strong></span> <span class='ocrx_word' id='word_1_126' title='bbox 1245 1980 1464 2051; x_wconf 87' lang='lat' dir='ltr'><strong>penitus</strong></span> <span class='ocrx_word' id='word_1_127' title='bbox 1493 1979 1877 2050; x_wconf 90' lang='lat' dir='ltr'><strong>insipientium</strong></span> <span class='ocrx_word' id='word_1_128' title='bbox 1918 1979 2100 2034; x_wconf 89' lang='lat' dir='ltr'><strong>homi-</strong></span> 
     </span>
    </p>
   </div>
   <div class='ocr_carea' id='block_1_19' title="bbox 518 2070 2100 2144">
    <p class='ocr_par' dir='ltr' id='par_1_19' title="bbox 518 2070 2100 2144">
     <span class='ocr_line' id='line_1_19' title="bbox 518 2070 2100 2144; baseline -0.003 -15"><span class='ocrx_word' id='word_1_129' title='bbox 518 2090 649 2129; x_wconf 89' lang='lat' dir='ltr'><strong>num</strong></span> <span class='ocrx_word' id='word_1_130' title='bbox 683 2073 908 2130; x_wconf 82' lang='lat' dir='ltr'><strong>evasisti</strong></span> <span class='ocrx_word' id='word_1_131' title='bbox 938 2074 1325 2144; x_wconf 88' lang='lat' dir='ltr'><strong>loquacitatem</strong></span> <span class='ocrx_word' id='word_1_132' title='bbox 1371 2089 1386 2126; x_wconf 90' lang='lat'><strong>:</strong></span> <span class='ocrx_word' id='word_1_133' title='bbox 1419 2070 1614 2126; x_wconf 90' lang='lat' dir='ltr'><strong>dicunt</strong></span> <span class='ocrx_word' id='word_1_134' title='bbox 1659 2070 1805 2126; x_wconf 87' lang='lat' dir='ltr'><strong>enim</strong></span> <span class='ocrx_word' id='word_1_135' title='bbox 1837 2073 1979 2127; x_wconf 85' lang='lat' dir='ltr'><strong>male</strong></span> <span class='ocrx_word' id='word_1_136' title='bbox 2011 2078 2100 2124; x_wconf 91' lang='lat' dir='ltr'><strong>tu-</strong></span> 
     </span>
    </p>
   </div>
   <div class='ocr_carea' id='block_1_20' title="bbox 518 2162 2097 2235">
    <p class='ocr_par' dir='ltr' id='par_1_20' title="bbox 518 2162 2097 2235">
     <span class='ocr_line' id='line_1_20' title="bbox 518 2162 2097 2235; baseline -0.003 -15"><span class='ocrx_word' id='word_1_137' title='bbox 518 2174 733 2221; x_wconf 89' lang='lat' dir='ltr'><strong>mentes</strong></span> <span class='ocrx_word' id='word_1_138' title='bbox 772 2165 1049 2221; x_wconf 85' lang='lat' dir='ltr'><strong>temerarii</strong></span> <span class='ocrx_word' id='word_1_139' title='bbox 1083 2164 1305 2235; x_wconf 88' lang='lat' dir='ltr'><strong>quidam</strong></span> <span class='ocrx_word' id='word_1_140' title='bbox 1345 2182 1360 2220; x_wconf 90' lang='lat'><strong>:</strong></span> <span class='ocrx_word' id='word_1_141' title='bbox 1393 2163 1449 2217; x_wconf 92' lang='lat' dir='ltr'><strong>ln</strong></span> <span class='ocrx_word' id='word_1_142' title='bbox 1490 2162 1765 2233; x_wconf 88' lang='lat' dir='ltr'><strong>principio</strong></span> <span class='ocrx_word' id='word_1_143' title='bbox 1821 2171 1940 2219; x_wconf 92' lang='lat' dir='ltr'><strong>erat</strong></span> <span class='ocrx_word' id='word_1_144' title='bbox 1990 2162 2097 2217; x_wconf 86' lang='lat' dir='ltr'><strong>Pa-</strong></span> 
     </span>
    </p>
   </div>
   <div class='ocr_carea' id='block_1_21' title="bbox 518 2252 2101 2328">
    <p class='ocr_par' dir='ltr' id='par_1_21' title="bbox 518 2252 2101 2328">
     <span class='ocr_line' id='line_1_21' title="bbox 518 2252 2101 2328; baseline -0.001 -17"><span class='ocrx_word' id='word_1_145' title='bbox 518 2263 625 2321; x_wconf 86' lang='lat' dir='ltr'><strong>ter,</strong></span> <span class='ocrx_word' id='word_1_146' title='bbox 657 2257 857 2313; x_wconf 90' lang='lat' dir='ltr'><strong>deinde</strong></span> <span class='ocrx_word' id='word_1_147' title='bbox 900 2270 1160 2328; x_wconf 79' lang='lat' dir='ltr'><strong>magnum</strong></span> <span class='ocrx_word' id='word_1_148' title='bbox 1210 2255 1399 2326; x_wconf 88' lang='lat' dir='ltr'><strong>genuit</strong></span> <span class='ocrx_word' id='word_1_149' title='bbox 1427 2252 1647 2320; x_wconf 91' lang='lat' dir='ltr'><strong>Filium,</strong></span> <span class='ocrx_word' id='word_1_150' title='bbox 1679 2254 1878 2311; x_wconf 90' lang='lat' dir='ltr'><strong>deinde</strong></span> <span class='ocrx_word' id='word_1_151' title='bbox 1917 2254 2101 2326; x_wconf 86' lang='lat' dir='ltr'><strong>magni</strong></span> 
     </span>
    </p>
   </div>
   <div class='ocr_carea' id='block_1_22' title="bbox 519 2348 2103 2420">
    <p class='ocr_par' dir='ltr' id='par_1_22' title="bbox 519 2348 2103 2420">
     <span class='ocr_line' id='line_1_22' title="bbox 519 2348 2103 2420; baseline 0.001 -19"><span class='ocrx_word' id='word_1_152' title='bbox 519 2348 614 2404; x_wconf 90' lang='lat' dir='ltr'><strong>Dei</strong></span> <span class='ocrx_word' id='word_1_153' title='bbox 650 2348 937 2420; x_wconf 86' lang='lat' dir='ltr'><strong>Spiritum,</strong></span> <span class='ocrx_word' id='word_1_154' title='bbox 968 2349 1129 2420; x_wconf 91' lang='lat' dir='ltr'><strong>quasi</strong></span> <span class='ocrx_word' id='word_1_155' title='bbox 1165 2350 1220 2404; x_wconf 91' lang='lat' dir='ltr'><strong>in</strong></span> <span class='ocrx_word' id='word_1_156' title='bbox 1270 2349 1539 2420; x_wconf 84' lang='lat' dir='ltr'><strong>graduum</strong></span> <span class='ocrx_word' id='word_1_157' title='bbox 1596 2348 1989 2419; x_wconf 74' lang='lat' dir='ltr'><strong>inaequalitate,</strong></span> <span class='ocrx_word' id='word_1_158' title='bbox 2015 2362 2103 2403; x_wconf 87' lang='lat' dir='ltr'><strong>se-</strong></span> 
     </span>
    </p>
   </div>
   <div class='ocr_carea' id='block_1_23' title="bbox 517 2439 2104 2496">
    <p class='ocr_par' dir='ltr' id='par_1_23' title="bbox 517 2439 2104 2496">
     <span class='ocr_line' id='line_1_23' title="bbox 517 2439 2104 2496; baseline 0.001 -2"><span class='ocrx_word' id='word_1_159' title='bbox 517 2440 764 2495; x_wconf 87' lang='lat' dir='ltr'><strong>cundum</strong></span> <span class='ocrx_word' id='word_1_160' title='bbox 800 2439 1127 2494; x_wconf 68' lang='lat' dir='ltr'><strong>substantiae</strong></span> <span class='ocrx_word' id='word_1_161' title='bbox 1164 2441 1546 2495; x_wconf 86' lang='lat' dir='ltr'><strong>mutationem.</strong></span> <span class='ocrx_word' id='word_1_162' title='bbox 1583 2440 1672 2496; x_wconf 88' lang='lat' dir='ltr'><strong>Sic</strong></span> <span class='ocrx_word' id='word_1_163' title='bbox 1713 2440 2003 2496; x_wconf 91' lang='lat' dir='ltr'><strong>diversiter</strong></span> <span class='ocrx_word' id='word_1_164' title='bbox 2031 2440 2104 2495; x_wconf 93' lang='lat' dir='ltr'><strong>ab</strong></span> 
     </span>
    </p>
   </div>
   <div class='ocr_carea' id='block_1_24' title="bbox 523 2528 2100 2600">
    <p class='ocr_par' dir='ltr' id='par_1_24' title="bbox 523 2528 2100 2600">
     <span class='ocr_line' id='line_1_24' title="bbox 523 2528 2100 2600; baseline 0.003 -19"><span class='ocrx_word' id='word_1_165' title='bbox 523 2528 791 2583; x_wconf 64' lang='lat' dir='ltr'><strong>haereticis</strong></span> <span class='ocrx_word' id='word_1_166' title='bbox 833 2529 1266 2600; x_wconf 81' lang='lat' dir='ltr'><strong>blasphematur.</strong></span> <span class='ocrx_word' id='word_1_167' title='bbox 1319 2549 1338 2584; x_wconf 77' lang='grc' dir='ltr'>ι</span> <span class='ocrx_word' id='word_1_168' title='bbox 1381 2532 1503 2598; x_wconf 86' lang='lat' dir='ltr'><strong>Quo</strong></span> <span class='ocrx_word' id='word_1_169' title='bbox 1552 2532 1799 2587; x_wconf 89' lang='lat' dir='ltr'><strong>stabilies</strong></span> <span class='ocrx_word' id='word_1_170' title='bbox 1865 2545 1952 2586; x_wconf 91' lang='lat' dir='ltr'><strong>me</strong></span> <span class='ocrx_word' id='word_1_171' title='bbox 1997 2546 2100 2587; x_wconf 85' lang='lat' dir='ltr'><strong>au-</strong></span> 
     </span>
    </p>
   </div>
   <div class='ocr_carea' id='block_1_25' title="bbox 519 2615 2104 2693">
    <p class='ocr_par' dir='ltr' id='par_1_25' title="bbox 519 2615 2104 2693">
     <span class='ocr_line' id='line_1_25' title="bbox 519 2615 2104 2693; baseline 0.001 -20"><span class='ocrx_word' id='word_1_172' title='bbox 519 2615 723 2682; x_wconf 78' lang='lat' dir='ltr'><strong>ferens,</strong></span> <span class='ocrx_word' id='word_1_173' title='bbox 768 2637 787 2670; x_wconf 75' lang='grc' dir='ltr'>ι</span> <span class='ocrx_word' id='word_1_174' title='bbox 821 2627 876 2674; x_wconf 90' lang='lat' dir='ltr'><strong>et</strong></span> <span class='ocrx_word' id='word_1_175' title='bbox 906 2634 1024 2690; x_wconf 88' lang='lat' dir='ltr'><strong>seq.</strong></span> <span class='ocrx_word' id='word_1_176' title='bbox 1054 2617 1098 2674; x_wconf 94' lang='grc' dir='ltr'>Ο</span> <span class='ocrx_word' id='word_1_177' title='bbox 1125 2620 1364 2691; x_wconf 87' lang='lat' dir='ltr'><strong>pessima</strong></span> <span class='ocrx_word' id='word_1_178' title='bbox 1395 2622 1629 2691; x_wconf 90' lang='lat' dir='ltr'><strong>loquens</strong></span> <span class='ocrx_word' id='word_1_179' title='bbox 1662 2622 1866 2693; x_wconf 82' lang='lat' dir='ltr'><strong>lingua,</strong></span> <span class='ocrx_word' id='word_1_180' title='bbox 1885 2636 2007 2693; x_wconf 73' lang='lat' dir='ltr'><strong>quae</strong></span> <span class='ocrx_word' id='word_1_181' title='bbox 2034 2620 2104 2675; x_wconf 86' lang='lat' dir='ltr'><strong>ad</strong></span> 
     </span>
    </p>
   </div>
   <div class='ocr_carea' id='block_1_26' title="bbox 520 2710 2103 2784">
    <p class='ocr_par' dir='ltr' id='par_1_26' title="bbox 520 2710 2103 2784">
     <span class='ocr_line' id='line_1_26' title="bbox 520 2710 2103 2784; baseline 0.004 -21"><span class='ocrx_word' id='word_1_182' title='bbox 520 2710 674 2764; x_wconf 77' lang='lat' dir='ltr'><strong>nefas</strong></span> <span class='ocrx_word' id='word_1_183' title='bbox 704 2718 755 2769; x_wconf 83' lang='lat' dir='ltr'><strong>et</strong></span> <span class='ocrx_word' id='word_1_184' title='bbox 784 2710 1179 2781; x_wconf 85' lang='lat' dir='ltr'><strong>blasphemiam</strong></span> <span class='ocrx_word' id='word_1_185' title='bbox 1207 2713 1321 2767; x_wconf 93' lang='lat' dir='ltr'><strong>otio</strong></span> <span class='ocrx_word' id='word_1_186' title='bbox 1352 2714 1549 2778; x_wconf 91' lang='lat' dir='ltr'><strong>uteris,</strong></span> <span class='ocrx_word' id='word_1_187' title='bbox 1582 2729 1693 2784; x_wconf 89' lang='lat' dir='ltr'><strong>quo</strong></span> <span class='ocrx_word' id='word_1_188' title='bbox 1730 2730 1818 2769; x_wconf 90' lang='lat' dir='ltr'><strong>me</strong></span> <span class='ocrx_word' id='word_1_189' title='bbox 1842 2714 2103 2770; x_wconf 84' lang='lat' dir='ltr'><strong>auferens</strong></span> 
     </span>
    </p>
   </div>
   <div class='ocr_carea' id='block_1_27' title="bbox 520 2794 2105 2876">
    <p class='ocr_par' dir='ltr' id='par_1_27' title="bbox 520 2794 2105 2876">
     <span class='ocr_line' id='line_1_27' title="bbox 520 2794 2105 2876; baseline 0.005 -21"><span class='ocrx_word' id='word_1_190' title='bbox 520 2794 692 2856; x_wconf 63' lang='lat' dir='ltr'><strong>stabis</strong></span> <span class='ocrx_word' id='word_1_191' title='bbox 720 2814 755 2855; x_wconf 63' lang='grc' dir='ltr'>τι</span> <span class='ocrx_word' id='word_1_192' title='bbox 783 2802 922 2857; x_wconf 87' lang='lat' dir='ltr'><strong>male</strong></span> <span class='ocrx_word' id='word_1_193' title='bbox 953 2801 1160 2857; x_wconf 83' lang='lat' dir='ltr'><strong>dictis?</strong></span> <span class='ocrx_word' id='word_1_194' title='bbox 1186 2803 1277 2858; x_wconf 91' lang='lat' dir='ltr'><strong>ubi</strong></span> <span class='ocrx_word' id='word_1_195' title='bbox 1311 2804 1626 2859; x_wconf 89' lang='lat' dir='ltr'><strong>sollicitudo</strong></span> <span class='ocrx_word' id='word_1_196' title='bbox 1655 2814 1713 2861; x_wconf 92' lang='lat' dir='ltr'><strong>et</strong></span> <span class='ocrx_word' id='word_1_197' title='bbox 1756 2807 1982 2876; x_wconf 75' lang='lat' dir='ltr'><strong>grandis</strong></span> <span class='ocrx_word' id='word_1_198' title='bbox 2011 2822 2105 2863; x_wconf 92' lang='lat' dir='ltr'><strong>co-</strong></span> 
     </span>
    </p>
   </div>
   <div class='ocr_carea' id='block_1_28' title="bbox 518 2892 2102 2964">
    <p class='ocr_par' dir='ltr' id='par_1_28' title="bbox 518 2892 2102 2964">
     <span class='ocr_line' id='line_1_28' title="bbox 518 2892 2102 2964; baseline 0.007 -20"><span class='ocrx_word' id='word_1_199' title='bbox 518 2892 846 2963; x_wconf 76' lang='lat' dir='ltr'><strong>gitationum</strong></span> <span class='ocrx_word' id='word_1_200' title='bbox 883 2893 1052 2948; x_wconf 87' lang='lat' dir='ltr'><strong>stabit</strong></span> <span class='ocrx_word' id='word_1_201' title='bbox 1084 2895 1459 2964; x_wconf 64' lang='lat' dir='ltr'><strong>perplexitas;</strong></span> <span class='ocrx_word' id='word_1_202' title='bbox 1497 2896 1632 2952; x_wconf 89' lang='lat' dir='ltr'><strong>siste</strong></span> <span class='ocrx_word' id='word_1_203' title='bbox 1658 2906 1713 2951; x_wconf 94' lang='lat' dir='ltr'><strong>et</strong></span> <span class='ocrx_word' id='word_1_204' title='bbox 1751 2899 2102 2955; x_wconf 88' lang='lat' dir='ltr'><strong>irrationales</strong></span> 
     </span>
    </p>
   </div>
   <div class='ocr_carea' id='block_1_29' title="bbox 520 2983 2104 3055">
    <p class='ocr_par' dir='ltr' id='par_1_29' title="bbox 520 2983 2104 3055">
     <span class='ocr_line' id='line_1_29' title="bbox 520 2983 2104 3055; baseline 0.005 -18"><span class='ocrx_word' id='word_1_205' title='bbox 520 2996 811 3052; x_wconf 86' lang='lat' dir='ltr'><strong>compesce</strong></span> <span class='ocrx_word' id='word_1_206' title='bbox 838 2983 1098 3052; x_wconf 82' lang='lat' dir='ltr'><strong>impetus,</strong></span> <span class='ocrx_word' id='word_1_207' title='bbox 1134 2984 1217 3038; x_wconf 91' lang='lat' dir='ltr'><strong>ori</strong></span> <span class='ocrx_word' id='word_1_208' title='bbox 1252 2991 1346 3039; x_wconf 93' lang='lat' dir='ltr'><strong>tuo</strong></span> <span class='ocrx_word' id='word_1_209' title='bbox 1378 2999 1521 3055; x_wconf 90' lang='lat' dir='ltr'><strong>pone</strong></span> <span class='ocrx_word' id='word_1_210' title='bbox 1549 2987 1862 3043; x_wconf 86' lang='lat' dir='ltr'><strong>custodiam</strong></span> <span class='ocrx_word' id='word_1_211' title='bbox 1895 2997 1950 3044; x_wconf 90' lang='lat' dir='ltr'><strong>et</strong></span> <span class='ocrx_word' id='word_1_212' title='bbox 1980 2989 2104 3046; x_wconf 88' lang='lat' dir='ltr'><strong>vide</strong></span> 
     </span>
    </p>
   </div>
   <div class='ocr_carea' id='block_1_30' title="bbox 519 3074 2104 3152">
    <p class='ocr_par' dir='ltr' id='par_1_30' title="bbox 519 3074 2104 3152">
     <span class='ocr_line' id='line_1_30' title="bbox 519 3074 2104 3152; baseline 0.008 -27"><span class='ocrx_word' id='word_1_213' title='bbox 519 3081 787 3143; x_wconf 89' lang='lat' dir='ltr'><strong>quantum</strong></span> <span class='ocrx_word' id='word_1_214' title='bbox 819 3075 1073 3131; x_wconf 59' lang='lat' dir='ltr'><strong>essentia:</strong></span> <span class='ocrx_word' id='word_1_215' title='bbox 1104 3090 1219 3131; x_wconf 71' lang='lat' dir='ltr'><strong>sua:</strong></span> <span class='ocrx_word' id='word_1_216' title='bbox 1244 3074 1508 3133; x_wconf 76' lang='lat' dir='ltr'><strong>firmitate</strong></span> <span class='ocrx_word' id='word_1_217' title='bbox 1548 3095 1715 3150; x_wconf 86' lang='lat' dir='ltr'><strong>super</strong></span> <span class='ocrx_word' id='word_1_218' title='bbox 1758 3082 1941 3136; x_wconf 89' lang='lat' dir='ltr'><strong>omnia</strong></span> <span class='ocrx_word' id='word_1_219' title='bbox 1973 3098 2104 3152; x_wconf 69' lang='lat' dir='ltr'><strong>prte-</strong></span> 
     </span>
    </p>
   </div>
   <div class='ocr_carea' id='block_1_31' title="bbox 519 3163 2101 3241">
    <p class='ocr_par' dir='ltr' id='par_1_31' title="bbox 519 3163 2101 3241">
     <span class='ocr_line' id='line_1_31' title="bbox 519 3163 2101 3241; baseline 0.006 -22"><span class='ocrx_word' id='word_1_220' title='bbox 519 3171 627 3219; x_wconf 90' lang='lat' dir='ltr'><strong>stet</strong></span> <span class='ocrx_word' id='word_1_221' title='bbox 682 3163 862 3231; x_wconf 86' lang='lat' dir='ltr'><strong>Deus;</strong></span> <span class='ocrx_word' id='word_1_222' title='bbox 908 3173 965 3221; x_wconf 90' lang='lat' dir='ltr'><strong>et</strong></span> <span class='ocrx_word' id='word_1_223' title='bbox 1029 3180 1216 3220; x_wconf 90' lang='lat' dir='ltr'><strong>coram</strong></span> <span class='ocrx_word' id='word_1_224' title='bbox 1275 3168 1448 3238; x_wconf 84' lang='lat' dir='ltr'><strong>ipsius</strong></span> <span class='ocrx_word' id='word_1_225' title='bbox 1507 3171 1795 3241; x_wconf 81' lang='lat' dir='ltr'><strong>majestate</strong></span> <span class='ocrx_word' id='word_1_226' title='bbox 1839 3174 2101 3229; x_wconf 79' lang='lat' dir='ltr'><strong>inferiora</strong></span> 
     </span>
    </p>
   </div>
   <div class='ocr_carea' id='block_1_32' title="bbox 517 3257 2103 3336">
    <p class='ocr_par' dir='ltr' id='par_1_32' title="bbox 517 3257 2103 3336">
     <span class='ocr_line' id='line_1_32' title="bbox 517 3257 2103 3336; baseline 0.007 -26"><span class='ocrx_word' id='word_1_227' title='bbox 517 3265 716 3311; x_wconf 85' lang='lat' dir='ltr'><strong>cuncta</strong></span> <span class='ocrx_word' id='word_1_228' title='bbox 750 3272 1008 3327; x_wconf 85' lang='lat' dir='ltr'><strong>reponas,</strong></span> <span class='ocrx_word' id='word_1_229' title='bbox 1046 3257 1325 3329; x_wconf 82' lang='lat' dir='ltr'><strong>indignam</strong></span> <span class='ocrx_word' id='word_1_230' title='bbox 1354 3262 1523 3317; x_wconf 89' lang='lat' dir='ltr'><strong>verbo</strong></span> <span class='ocrx_word' id='word_1_231' title='bbox 1546 3265 1797 3320; x_wconf 85' lang='lat' dir='ltr'><strong>veritatis</strong></span> <span class='ocrx_word' id='word_1_232' title='bbox 1853 3274 1906 3321; x_wconf 92' lang='lat' dir='ltr'><strong>te</strong></span> <span class='ocrx_word' id='word_1_233' title='bbox 1934 3281 2103 3336; x_wconf 83' lang='lat' dir='ltr'><strong>agno-</strong></span> 
     </span>
    </p>
   </div>
   <div class='ocr_carea' id='block_1_33' title="bbox 519 3348 2100 3416">
    <p class='ocr_par' dir='ltr' id='par_1_33' title="bbox 519 3348 2100 3416">
     <span class='ocr_line' id='line_1_33' title="bbox 519 3348 2100 3416; baseline 0.006 -11"><span class='ocrx_word' id='word_1_234' title='bbox 519 3364 719 3416; x_wconf 81' lang='lat' dir='ltr'><strong>scens;</strong></span> <span class='ocrx_word' id='word_1_235' title='bbox 760 3359 814 3403; x_wconf 79' lang='lat' dir='ltr'><strong>et</strong></span> <span class='ocrx_word' id='word_1_236' title='bbox 840 3366 972 3405; x_wconf 84' lang='lat' dir='ltr'><strong>cave</strong></span> <span class='ocrx_word' id='word_1_237' title='bbox 1005 3367 1073 3405; x_wconf 91' lang='lat' dir='ltr'><strong>ne</strong></span> <span class='ocrx_word' id='word_1_238' title='bbox 1115 3353 1230 3405; x_wconf 90' lang='lat' dir='ltr'><strong>ullo</strong></span> <span class='ocrx_word' id='word_1_239' title='bbox 1251 3348 1414 3408; x_wconf 90' lang='lat' dir='ltr'><strong>modo</strong></span> <span class='ocrx_word' id='word_1_240' title='bbox 1459 3356 1731 3411; x_wconf 88' lang='lat' dir='ltr'><strong>creaturis</strong></span> <span class='ocrx_word' id='word_1_241' title='bbox 1781 3356 2100 3414; x_wconf 85' lang='lat' dir='ltr'><strong>Creatorem</strong></span> 
     </span>
    </p>
   </div>
   <div class='ocr_carea' id='block_1_34' title="bbox 518 3441 2100 3513">
    <p class='ocr_par' dir='ltr' id='par_1_34' title="bbox 518 3441 2100 3513">
     <span class='ocr_line' id='line_1_34' title="bbox 518 3441 2100 3513; baseline 0.007 -17"><span class='ocrx_word' id='word_1_242' title='bbox 518 3441 817 3505; x_wconf 79' lang='lat' dir='ltr'><strong>assimiles,</strong></span> <span class='ocrx_word' id='word_1_243' title='bbox 853 3458 990 3497; x_wconf 80' lang='lat' dir='ltr'><strong>neve</strong></span> <span class='ocrx_word' id='word_1_244' title='bbox 1030 3444 1335 3513; x_wconf 82' lang='lat' dir='ltr'><strong>suspicaris</strong></span> <span class='ocrx_word' id='word_1_245' title='bbox 1359 3461 1499 3502; x_wconf 89' lang='lat' dir='ltr'><strong>vane</strong></span> <span class='ocrx_word' id='word_1_246' title='bbox 1525 3458 1773 3504; x_wconf 84' lang='lat' dir='ltr'><strong>creatum</strong></span> <span class='ocrx_word' id='word_1_247' title='bbox 1821 3465 1948 3506; x_wconf 89' lang='lat' dir='ltr'><strong>esse</strong></span> <span class='ocrx_word' id='word_1_248' title='bbox 1996 3451 2100 3506; x_wconf 90' lang='lat' dir='ltr'><strong>bo-</strong></span> 
     </span>
    </p>
   </div>
   <div class='ocr_carea' id='block_1_35' title="bbox 518 3533 2100 3610">
    <p class='ocr_par' dir='ltr' id='par_1_35' title="bbox 518 3533 2100 3610">
     <span class='ocr_line' id='line_1_35' title="bbox 518 3533 2100 3610; baseline 0.007 -24"><span class='ocrx_word' id='word_1_249' title='bbox 518 3535 721 3588; x_wconf 87' lang='lat' dir='ltr'><strong>minem</strong></span> <span class='ocrx_word' id='word_1_250' title='bbox 761 3551 774 3587; x_wconf 93' lang='lat'>:</span> <span class='ocrx_word' id='word_1_251' title='bbox 833 3533 1036 3588; x_wconf 89' lang='lat' dir='ltr'><strong>etenim</strong></span> <span class='ocrx_word' id='word_1_252' title='bbox 1069 3534 1400 3603; x_wconf 89' lang='lat' dir='ltr'><strong>palinodiam</strong></span> <span class='ocrx_word' id='word_1_253' title='bbox 1430 3547 1664 3595; x_wconf 87' lang='lat' dir='ltr'><strong>cantans</strong></span> <span class='ocrx_word' id='word_1_254' title='bbox 1686 3549 1740 3595; x_wconf 90' lang='lat' dir='ltr'><strong>et</strong></span> <span class='ocrx_word' id='word_1_255' title='bbox 1770 3542 1956 3610; x_wconf 88' lang='lat' dir='ltr'><strong>priora</strong></span> <span class='ocrx_word' id='word_1_256' title='bbox 1979 3557 2100 3597; x_wconf 82' lang='lat' dir='ltr'><strong>car-</strong></span> 
     </span>
    </p>
   </div>
   <div class='ocr_carea' id='block_1_36' title="bbox 518 3624 2100 3702">
    <p class='ocr_par' dir='ltr' id='par_1_36' title="bbox 518 3624 2100 3702">
     <span class='ocr_line' id='line_1_36' title="bbox 518 3624 2100 3702; baseline 0.009 -25"><span class='ocrx_word' id='word_1_257' title='bbox 518 3624 690 3687; x_wconf 90' lang='lat' dir='ltr'><strong>mina,</strong></span> <span class='ocrx_word' id='word_1_258' title='bbox 716 3624 802 3679; x_wconf 89' lang='lat' dir='ltr'><strong>his</strong></span> <span class='ocrx_word' id='word_1_259' title='bbox 828 3625 884 3679; x_wconf 90' lang='lat' dir='ltr'><strong>in</strong></span> <span class='ocrx_word' id='word_1_260' title='bbox 911 3626 1262 3683; x_wconf 86' lang='lat' dir='ltr'><strong>sermonibus</strong></span> <span class='ocrx_word' id='word_1_261' title='bbox 1284 3626 1517 3685; x_wconf 77' lang='lat' dir='ltr'><strong>ﬁrmiter</strong></span> <span class='ocrx_word' id='word_1_262' title='bbox 1552 3643 1737 3702; x_wconf 90' lang='lat' dir='ltr'><strong>persto</strong></span> <span class='ocrx_word' id='word_1_263' title='bbox 1758 3635 2100 3691; x_wconf 84' lang='lat' dir='ltr'><strong>contendens</strong></span> 
     </span>
    </p>
   </div>
   <div class='ocr_carea' id='block_1_37' title="bbox 517 3714 2099 3790">
    <p class='ocr_par' dir='ltr' id='par_1_37' title="bbox 517 3714 2099 3790">
     <span class='ocr_line' id='line_1_37' title="bbox 517 3714 2099 3790; baseline 0.008 -21"><span class='ocrx_word' id='word_1_264' title='bbox 517 3730 607 3770; x_wconf 89' lang='lat' dir='ltr'><strong>me</strong></span> <span class='ocrx_word' id='word_1_265' title='bbox 636 3714 862 3771; x_wconf 88' lang='lat' dir='ltr'><strong>minime</strong></span> <span class='ocrx_word' id='word_1_266' title='bbox 889 3731 919 3769; x_wconf 90' lang='lat' dir='ltr'><strong>a</strong></span> <span class='ocrx_word' id='word_1_267' title='bbox 969 3715 1079 3771; x_wconf 90' lang='lat' dir='ltr'><strong>Deo</strong></span> <span class='ocrx_word' id='word_1_268' title='bbox 1116 3717 1171 3771; x_wconf 91' lang='lat' dir='ltr'><strong>in</strong></span> <span class='ocrx_word' id='word_1_269' title='bbox 1209 3733 1411 3775; x_wconf 84' lang='lat' dir='ltr'><strong>vanum</strong></span> <span class='ocrx_word' id='word_1_270' title='bbox 1460 3720 1814 3790; x_wconf 88' lang='lat' dir='ltr'><strong>plasmatum.</strong></span> <span class='ocrx_word' id='word_1_271' title='bbox 1861 3723 2099 3781; x_wconf 73' lang='lat' dir='ltr'><strong>Verbum</strong></span> 
     </span>
    </p>
   </div>
   <div class='ocr_carea' id='block_1_38' title="bbox 517 3805 2098 3879">
    <p class='ocr_par' dir='ltr' id='par_1_38' title="bbox 517 3805 2098 3879">
     <span class='ocr_line' id='line_1_38' title="bbox 517 3805 2098 3879; baseline 0.008 -18"><span class='ocrx_word' id='word_1_272' title='bbox 517 3805 664 3861; x_wconf 85' lang='lat' dir='ltr'><strong>enim</strong></span> <span class='ocrx_word' id='word_1_273' title='bbox 687 3815 741 3862; x_wconf 90' lang='lat' dir='ltr'><strong>et</strong></span> <span class='ocrx_word' id='word_1_274' title='bbox 769 3806 1120 3863; x_wconf 88' lang='lat' dir='ltr'><strong>ratiocinium</strong></span> <span class='ocrx_word' id='word_1_275' title='bbox 1149 3809 1631 3879; x_wconf 64' lang='lat' dir='ltr'><strong>pusillanimitatis.</strong></span> <span class='ocrx_word' id='word_1_276' title='bbox 1649 3822 1704 3869; x_wconf 94' lang='lat' dir='ltr'><strong>et</strong></span> <span class='ocrx_word' id='word_1_277' title='bbox 1732 3815 1960 3871; x_wconf 86' lang='lat' dir='ltr'><strong>vilitatis</strong></span> <span class='ocrx_word' id='word_1_278' title='bbox 1992 3820 2098 3873; x_wconf 90' lang='lat' dir='ltr'><strong>hu-</strong></span> 
     </span>
    </p>
   </div>
   <div class='ocr_carea' id='block_1_39' title="bbox 516 3894 2100 3976">
    <p class='ocr_par' dir='ltr' id='par_1_39' title="bbox 516 3894 2100 3976">
     <span class='ocr_line' id='line_1_39' title="bbox 516 3894 2100 3976; baseline 0.008 -26"><span class='ocrx_word' id='word_1_279' title='bbox 516 3909 695 3950; x_wconf 60' lang='lat' dir='ltr'><strong>mana:</strong></span> <span class='ocrx_word' id='word_1_280' title='bbox 732 3902 837 3951; x_wconf 89' lang='lat' dir='ltr'><strong>est.</strong></span> <span class='ocrx_word' id='word_1_281' title='bbox 892 3894 1142 3966; x_wconf 84' lang='lat' dir='ltr'><strong>Namque</strong></span> <span class='ocrx_word' id='word_1_282' title='bbox 1187 3912 1337 3953; x_wconf 92' lang='lat' dir='ltr'><strong>nunc</strong></span> <span class='ocrx_word' id='word_1_283' title='bbox 1381 3900 1628 3970; x_wconf 90' lang='lat' dir='ltr'><strong>quidem,</strong></span> <span class='ocrx_word' id='word_1_284' title='bbox 1682 3903 1880 3974; x_wconf 85' lang='lat' dir='ltr'><strong>inquit,</strong></span> <span class='ocrx_word' id='word_1_285' title='bbox 1942 3906 2100 3976; x_wconf 85' lang='lat' dir='ltr'><strong>igno-</strong></span> 
     </span>
    </p>
   </div>
   <div class='ocr_carea' id='block_1_40' title="bbox 516 3988 2098 4057">
    <p class='ocr_par' dir='ltr' id='par_1_40' title="bbox 516 3988 2098 4057">
     <span class='ocr_line' id='line_1_40' title="bbox 516 3988 2098 4057; baseline 0.009 -15"><span class='ocrx_word' id='word_1_286' title='bbox 516 3988 712 4044; x_wconf 80' lang='lat' dir='ltr'><strong>rantiae</strong></span> <span class='ocrx_word' id='word_1_287' title='bbox 763 3989 1077 4048; x_wconf 87' lang='lat' dir='ltr'><strong>obscuritas</strong></span> <span class='ocrx_word' id='word_1_288' title='bbox 1148 4001 1204 4049; x_wconf 90' lang='lat' dir='ltr'><strong>et</strong></span> <span class='ocrx_word' id='word_1_289' title='bbox 1258 3992 1697 4050; x_wconf 88' lang='lat' dir='ltr'><strong>sollicitudinum</strong></span> <span class='ocrx_word' id='word_1_290' title='bbox 1752 3997 1876 4053; x_wconf 68' lang='lat' dir='ltr'><strong>vitae</strong></span> <span class='ocrx_word' id='word_1_291' title='bbox 1926 4000 2098 4057; x_wconf 88' lang='lat' dir='ltr'><strong>nubes</strong></span> 
     </span>
    </p>
   </div>
   <div class='ocr_carea' id='block_1_41' title="bbox 514 4079 2093 4145">
    <p class='ocr_par' dir='ltr' id='par_1_41' title="bbox 514 4079 2093 4145">
     <span class='ocr_line' id='line_1_41' title="bbox 514 4079 2093 4145; baseline 0.008 -12"><span class='ocrx_word' id='word_1_292' title='bbox 514 4079 712 4134; x_wconf 74' lang='lat' dir='ltr'><strong>ditl’usa</strong></span> <span class='ocrx_word' id='word_1_293' title='bbox 760 4095 868 4135; x_wconf 87' lang='lat' dir='ltr'><strong>non</strong></span> <span class='ocrx_word' id='word_1_294' title='bbox 921 4081 1053 4137; x_wconf 89' lang='lat' dir='ltr'><strong>sinit</strong></span> <span class='ocrx_word' id='word_1_295' title='bbox 1106 4083 1388 4140; x_wconf 82' lang='lat' dir='ltr'><strong>veritatem</strong></span> <span class='ocrx_word' id='word_1_296' title='bbox 1435 4092 1491 4141; x_wconf 90' lang='lat' dir='ltr'><strong>et</strong></span> <span class='ocrx_word' id='word_1_297' title='bbox 1532 4087 1929 4145; x_wconf 83' lang='lat' dir='ltr'><strong>vicissitudinis</strong></span> <span class='ocrx_word' id='word_1_298' title='bbox 1969 4105 2093 4145; x_wconf 88' lang='lat' dir='ltr'><strong>mu-</strong></span> 
     </span>
    </p>
   </div>
   <div class='ocr_carea' id='block_1_42' title="bbox 514 4168 2093 4250">
    <p class='ocr_par' dir='ltr' id='par_1_42' title="bbox 514 4168 2093 4250">
     <span class='ocr_line' id='line_1_42' title="bbox 514 4168 2093 4250; baseline 0.012 -31"><span class='ocrx_word' id='word_1_299' title='bbox 514 4168 848 4237; x_wconf 86' lang='lat' dir='ltr'><strong>tationisque</strong></span> <span class='ocrx_word' id='word_1_300' title='bbox 893 4185 1119 4227; x_wconf 91' lang='lat' dir='ltr'><strong>causam</strong></span> <span class='ocrx_word' id='word_1_301' title='bbox 1153 4173 1332 4230; x_wconf 91' lang='lat' dir='ltr'><strong>lucide</strong></span> <span class='ocrx_word' id='word_1_302' title='bbox 1380 4177 1721 4234; x_wconf 89' lang='lat' dir='ltr'><strong>considerari</strong></span> <span class='ocrx_word' id='word_1_303' title='bbox 1760 4197 1775 4235; x_wconf 91' lang='lat'><strong>:</strong></span> <span class='ocrx_word' id='word_1_304' title='bbox 1820 4189 1944 4250; x_wconf 86' lang='lat' dir='ltr'><strong>post</strong></span> <span class='ocrx_word' id='word_1_305' title='bbox 1976 4181 2093 4238; x_wconf 64' lang='lat' dir='ltr'><strong>haec</strong></span> 
     </span>
    </p>
   </div>
   <div class='ocr_carea' id='block_1_43' title="bbox 514 4260 2093 4328">
    <p class='ocr_par' dir='ltr' id='par_1_43' title="bbox 514 4260 2093 4328">
     <span class='ocr_line' id='line_1_43' title="bbox 514 4260 2093 4328; baseline 0.011 -18"><span class='ocrx_word' id='word_1_306' title='bbox 514 4273 646 4314; x_wconf 87' lang='lat' dir='ltr'><strong>vero</strong></span> <span class='ocrx_word' id='word_1_307' title='bbox 674 4260 913 4316; x_wconf 65' lang='lat' dir='ltr'><strong>scientia:</strong></span> <span class='ocrx_word' id='word_1_308' title='bbox 942 4278 1125 4320; x_wconf 89' lang='lat' dir='ltr'><strong>sermo</strong></span> <span class='ocrx_word' id='word_1_309' title='bbox 1151 4266 1295 4321; x_wconf 91' lang='lat' dir='ltr'><strong>sicut</strong></span> <span class='ocrx_word' id='word_1_310' title='bbox 1329 4268 1422 4322; x_wconf 79' lang='lat' dir='ltr'><strong>lux</strong></span> <span class='ocrx_word' id='word_1_311' title='bbox 1451 4270 1739 4326; x_wconf 83' lang='lat' dir='ltr'><strong>veritatem</strong></span> <span class='ocrx_word' id='word_1_312' title='bbox 1770 4271 2093 4328; x_wconf 86' lang='lat' dir='ltr'><strong>desideran-</strong></span> 
     </span>
    </p>
   </div>
   <div class='ocr_carea' id='block_1_44' title="bbox 513 4350 2092 4433">
    <p class='ocr_par' dir='ltr' id='par_1_44' title="bbox 513 4350 2092 4433">
     <span class='ocr_line' id='line_1_44' title="bbox 513 4350 2092 4433; baseline 0.01 -30"><span class='ocrx_word' id='word_1_313' title='bbox 513 4350 662 4406; x_wconf 89' lang='lat' dir='ltr'><strong>tibus</strong></span> <span class='ocrx_word' id='word_1_314' title='bbox 705 4355 985 4426; x_wconf 78' lang='lat' dir='ltr'><strong>exsurgit,</strong></span> <span class='ocrx_word' id='word_1_315' title='bbox 1019 4357 1177 4427; x_wconf 88' lang='lat' dir='ltr'><strong>cujus</strong></span> <span class='ocrx_word' id='word_1_316' title='bbox 1215 4360 1456 4423; x_wconf 88' lang='lat' dir='ltr'><strong>lumine.</strong></span> <span class='ocrx_word' id='word_1_317' title='bbox 1489 4362 1701 4433; x_wconf 89' lang='lat' dir='ltr'><strong>inquit,</strong></span> <span class='ocrx_word' id='word_1_318' title='bbox 1744 4364 1890 4421; x_wconf 90' lang='lat' dir='ltr'><strong>clare</strong></span> <span class='ocrx_word' id='word_1_319' title='bbox 1932 4365 2092 4421; x_wconf 83' lang='lat' dir='ltr'><strong>intel-</strong></span> 
     </span>
    </p>
   </div>
   <div class='ocr_carea' id='block_1_45' title="bbox 511 4441 2091 4525">
    <p class='ocr_par' dir='ltr' id='par_1_45' title="bbox 511 4441 2091 4525">
     <span class='ocr_line' id='line_1_45' title="bbox 511 4441 2091 4525; baseline 0.01 -28"><span class='ocrx_word' id='word_1_320' title='bbox 511 4441 651 4514; x_wconf 86' lang='lat' dir='ltr'><strong>liges</strong></span> <span class='ocrx_word' id='word_1_321' title='bbox 715 4460 881 4517; x_wconf 85' lang='lat' dir='ltr'><strong>quam</strong></span> <span class='ocrx_word' id='word_1_322' title='bbox 960 4449 1187 4516; x_wconf 87' lang='lat' dir='ltr'><strong>pulchre</strong></span> <span class='ocrx_word' id='word_1_323' title='bbox 1249 4460 1303 4506; x_wconf 91' lang='lat' dir='ltr'><strong>et</strong></span> <span class='ocrx_word' id='word_1_324' title='bbox 1371 4452 1647 4522; x_wconf 87' lang='lat' dir='ltr'><strong>sapienter</strong></span> <span class='ocrx_word' id='word_1_325' title='bbox 1718 4454 2091 4525; x_wconf 76' lang='lat' dir='ltr'><strong>gubernantur</strong></span> 
     </span>
    </p>
   </div>
   <div class='ocr_carea' id='block_1_46' title="bbox 515 4535 2088 4613">
    <p class='ocr_par' dir='ltr' id='par_1_46' title="bbox 515 4535 2088 4613">
     <span class='ocr_line' id='line_1_46' title="bbox 515 4535 2088 4613; baseline 0.009 -26"><span class='ocrx_word' id='word_1_326' title='bbox 515 4535 776 4589; x_wconf 82' lang='lat' dir='ltr'><strong>universa</strong></span> <span class='ocrx_word' id='word_1_327' title='bbox 816 4535 885 4589; x_wconf 88' lang='lat' dir='ltr'><strong>ab</strong></span> <span class='ocrx_word' id='word_1_328' title='bbox 938 4539 1182 4589; x_wconf 88' lang='lat' dir='ltr'><strong>omnium</strong></span> <span class='ocrx_word' id='word_1_329' title='bbox 1234 4537 1604 4607; x_wconf 89' lang='lat' dir='ltr'><strong>gubernatore</strong></span> <span class='ocrx_word' id='word_1_330' title='bbox 1648 4551 1703 4597; x_wconf 90' lang='lat' dir='ltr'><strong>et</strong></span> <span class='ocrx_word' id='word_1_331' title='bbox 1748 4546 2088 4613; x_wconf 87' lang='lat' dir='ltr'><strong>providente.</strong></span> 
     </span>
    </p>
   </div>
   <div class='ocr_carea' id='block_1_47' title="bbox 511 4621 2088 4703">
    <p class='ocr_par' dir='ltr' id='par_1_47' title="bbox 511 4621 2088 4703">
     <span class='ocr_line' id='line_1_47' title="bbox 511 4621 2088 4703; baseline 0.014 -29"><span class='ocrx_word' id='word_1_332' title='bbox 511 4621 623 4676; x_wconf 81' lang='lat' dir='ltr'><strong>Aut</strong></span> <span class='ocrx_word' id='word_1_333' title='bbox 649 4622 793 4677; x_wconf 81' lang='lat' dir='ltr'><strong>sicut</strong></span> <span class='ocrx_word' id='word_1_334' title='bbox 832 4625 1007 4681; x_wconf 91' lang='lat' dir='ltr'><strong>lucem</strong></span> <span class='ocrx_word' id='word_1_335' title='bbox 1035 4628 1226 4684; x_wconf 85' lang='lat' dir='ltr'><strong>videns</strong></span> <span class='ocrx_word' id='word_1_336' title='bbox 1269 4628 1460 4695; x_wconf 89' lang='lat' dir='ltr'><strong>Deum,</strong></span> <span class='ocrx_word' id='word_1_337' title='bbox 1496 4632 1550 4686; x_wconf 93' lang='lat' dir='ltr'><strong>in</strong></span> <span class='ocrx_word' id='word_1_338' title='bbox 1595 4633 1716 4703; x_wconf 89' lang='lat' dir='ltr'><strong>ipso</strong></span> <span class='ocrx_word' id='word_1_339' title='bbox 1743 4636 1908 4693; x_wconf 88' lang='lat' dir='ltr'><strong>etiam</strong></span> <span class='ocrx_word' id='word_1_340' title='bbox 1957 4639 2088 4695; x_wconf 91' lang='lat' dir='ltr'><strong>illu-</strong></span> 
     </span>
    </p>
   </div>
   <div class='ocr_carea' id='block_1_48' title="bbox 512 4713 2091 4801">
    <p class='ocr_par' dir='ltr' id='par_1_48' title="bbox 512 4713 2091 4801">
     <span class='ocr_line' id='line_1_48' title="bbox 512 4713 2091 4801; baseline 0.011 -34"><span class='ocrx_word' id='word_1_341' title='bbox 512 4719 657 4768; x_wconf 90' lang='lat' dir='ltr'><strong>stres</strong></span> <span class='ocrx_word' id='word_1_342' title='bbox 724 4713 932 4773; x_wconf 90' lang='lat' dir='ltr'><strong>habens</strong></span> <span class='ocrx_word' id='word_1_343' title='bbox 1014 4732 1200 4774; x_wconf 90' lang='lat' dir='ltr'><strong>rerum</strong></span> <span class='ocrx_word' id='word_1_344' title='bbox 1261 4720 1538 4787; x_wconf 87' lang='lat' dir='ltr'><strong>notiones,</strong></span> <span class='ocrx_word' id='word_1_345' title='bbox 1608 4735 1703 4780; x_wconf 90' lang='lat' dir='ltr'><strong>aut</strong></span> <span class='ocrx_word' id='word_1_346' title='bbox 1768 4726 1913 4783; x_wconf 92' lang='lat' dir='ltr'><strong>sicut</strong></span> <span class='ocrx_word' id='word_1_347' title='bbox 1966 4731 2091 4801; x_wconf 91' lang='lat' dir='ltr'><strong>igne</strong></span> 
     </span>
    </p>
   </div>
   <div class='ocr_carea' id='block_1_49' title="bbox 510 4804 2089 4894">
    <p class='ocr_par' dir='ltr' id='par_1_49' title="bbox 510 4804 2089 4894">
     <span class='ocr_line' id='line_1_49' title="bbox 510 4804 2089 4894; baseline 0.014 -36"><span class='ocrx_word' id='word_1_348' title='bbox 510 4804 620 4861; x_wconf 87' lang='lat' dir='ltr'><strong>isto</strong></span> <span class='ocrx_word' id='word_1_349' title='bbox 661 4818 1023 4881; x_wconf 89' lang='lat' dir='ltr'><strong>consumptus</strong></span> <span class='ocrx_word' id='word_1_350' title='bbox 1070 4818 1127 4868; x_wconf 90' lang='lat' dir='ltr'><strong>et</strong></span> <span class='ocrx_word' id='word_1_351' title='bbox 1176 4819 1379 4877; x_wconf 89' lang='lat' dir='ltr'><strong>tactus,</strong></span> <span class='ocrx_word' id='word_1_352' title='bbox 1431 4817 1571 4873; x_wconf 90' lang='lat' dir='ltr'><strong>scies</strong></span> <span class='ocrx_word' id='word_1_353' title='bbox 1618 4820 1807 4874; x_wconf 86' lang='lat' dir='ltr'><strong>omnia</strong></span> <span class='ocrx_word' id='word_1_354' title='bbox 1843 4823 1914 4878; x_wconf 90' lang='lat' dir='ltr'><strong>ab</strong></span> <span class='ocrx_word' id='word_1_355' title='bbox 1967 4824 2089 4894; x_wconf 91' lang='lat' dir='ltr'><strong>ipso</strong></span> 
     </span>
    </p>
   </div>
   <div class='ocr_carea' id='block_1_50' title="bbox 512 4899 2088 4975">
    <p class='ocr_par' dir='ltr' id='par_1_50' title="bbox 512 4899 2088 4975">
     <span class='ocr_line' id='line_1_50' title="bbox 512 4899 2088 4975; baseline 0.014 -22"><span class='ocrx_word' id='word_1_356' title='bbox 512 4899 631 4955; x_wconf 83' lang='lat' dir='ltr'><strong>ﬁeri</strong></span> <span class='ocrx_word' id='word_1_357' title='bbox 657 4908 711 4955; x_wconf 90' lang='lat' dir='ltr'><strong>et</strong></span> <span class='ocrx_word' id='word_1_358' title='bbox 734 4900 887 4971; x_wconf 84' lang='lat' dir='ltr'><strong>justa</strong></span> <span class='ocrx_word' id='word_1_359' title='bbox 917 4914 972 4959; x_wconf 90' lang='lat' dir='ltr'><strong>et</strong></span> <span class='ocrx_word' id='word_1_360' title='bbox 1019 4920 1149 4962; x_wconf 88' lang='lat' dir='ltr'><strong>vera</strong></span> <span class='ocrx_word' id='word_1_361' title='bbox 1193 4916 1249 4962; x_wconf 94' lang='lat' dir='ltr'><strong>et</strong></span> <span class='ocrx_word' id='word_1_362' title='bbox 1300 4908 1458 4964; x_wconf 91' lang='lat' dir='ltr'><strong>utilia</strong></span> <span class='ocrx_word' id='word_1_363' title='bbox 1506 4919 1563 4969; x_wconf 93' lang='lat' dir='ltr'><strong>et</strong></span> <span class='ocrx_word' id='word_1_364' title='bbox 1608 4911 1811 4969; x_wconf 85' lang='lat' dir='ltr'><strong>ﬁdelia.</strong></span> <span class='ocrx_word' id='word_1_365' title='bbox 1884 4935 1904 4970; x_wconf 76' lang='grc' dir='ltr'>ι</span> <span class='ocrx_word' id='word_1_366' title='bbox 1947 4917 2088 4975; x_wconf 90' lang='lat' dir='ltr'><strong>Dum</strong></span> 
     </span>
    </p>
   </div>
   <div class='ocr_carea' id='block_1_51' title="bbox 510 4995 2084 5084">
    <p class='ocr_par' dir='ltr' id='par_1_51' title="bbox 510 4995 2084 5084">
     <span class='ocr_line' id='line_1_51' title="bbox 510 4995 2084 5084; baseline 0.014 -36"><span class='ocrx_word' id='word_1_367' title='bbox 510 4995 643 5050; x_wconf 87' lang='lat' dir='ltr'><strong>mihi</strong></span> <span class='ocrx_word' id='word_1_368' title='bbox 673 4996 787 5055; x_wconf 64' lang='lat' dir='ltr'><strong>haec</strong></span> <span class='ocrx_word' id='word_1_369' title='bbox 814 5000 1139 5058; x_wconf 84' lang='lat' dir='ltr'><strong>concinebat</strong></span> <span class='ocrx_word' id='word_1_370' title='bbox 1163 5005 1397 5076; x_wconf 88' lang='lat' dir='ltr'><strong>spiritus</strong></span> <span class='ocrx_word' id='word_1_371' title='bbox 1433 5023 1611 5076; x_wconf 89' lang='lat' dir='ltr'><strong>meus,</strong></span> <span class='ocrx_word' id='word_1_372' title='bbox 1642 5027 1664 5062; x_wconf 75' lang='grc' dir='ltr'>ι</span> <span class='ocrx_word' id='word_1_373' title='bbox 1696 5019 1753 5066; x_wconf 82' lang='grc' dir='ltr'><strong>ει</strong></span> <span class='ocrx_word' id='word_1_374' title='bbox 1776 5026 1894 5084; x_wconf 91' lang='lat' dir='ltr'><strong>seq.</strong></span> <span class='ocrx_word' id='word_1_375' title='bbox 1943 5011 2084 5070; x_wconf 89' lang='lat' dir='ltr'><strong>Dum</strong></span> 
     </span>
    </p>
   </div>
   <div class='ocr_carea' id='block_1_52' title="bbox 509 5093 2087 5173">
    <p class='ocr_par' dir='ltr' id='par_1_52' title="bbox 509 5093 2087 5173">
     <span class='ocr_line' id='line_1_52' title="bbox 509 5093 2087 5173; baseline 0.013 -27"><span class='ocrx_word' id='word_1_376' title='bbox 509 5093 640 5148; x_wconf 87' lang='lat' dir='ltr'><strong>talia</strong></span> <span class='ocrx_word' id='word_1_377' title='bbox 669 5096 958 5155; x_wconf 89' lang='lat' dir='ltr'><strong>ratiocinia</strong></span> <span class='ocrx_word' id='word_1_378' title='bbox 983 5099 1039 5155; x_wconf 92' lang='lat' dir='ltr'><strong>in</strong></span> <span class='ocrx_word' id='word_1_379' title='bbox 1087 5103 1406 5173; x_wconf 89' lang='lat' dir='ltr'><strong>supradicto</strong></span> <span class='ocrx_word' id='word_1_380' title='bbox 1451 5105 1577 5161; x_wconf 87' lang='lat' dir='ltr'><strong>luco</strong></span> <span class='ocrx_word' id='word_1_381' title='bbox 1622 5106 1731 5163; x_wconf 91' lang='lat' dir='ltr'><strong>isto</strong></span> <span class='ocrx_word' id='word_1_382' title='bbox 1783 5110 2087 5167; x_wconf 88' lang='lat' dir='ltr'><strong>concinens</strong></span> 
     </span>
    </p>
   </div>
   <div class='ocr_carea' id='block_1_53' title="bbox 508 5190 2084 5275">
    <p class='ocr_par' dir='ltr' id='par_1_53' title="bbox 508 5190 2084 5275">
     <span class='ocr_line' id='line_1_53' title="bbox 508 5190 2084 5275; baseline 0.012 -32"><span class='ocrx_word' id='word_1_383' title='bbox 508 5190 737 5258; x_wconf 90' lang='lat' dir='ltr'><strong>spiritus</strong></span> <span class='ocrx_word' id='word_1_384' title='bbox 766 5208 920 5252; x_wconf 84' lang='lat' dir='ltr'><strong>meus</strong></span> <span class='ocrx_word' id='word_1_385' title='bbox 953 5212 1038 5253; x_wconf 91' lang='lat' dir='ltr'><strong>me</strong></span> <span class='ocrx_word' id='word_1_386' title='bbox 1063 5207 1401 5270; x_wconf 88' lang='lat' dir='ltr'><strong>prostratum</strong></span> <span class='ocrx_word' id='word_1_387' title='bbox 1432 5210 1487 5257; x_wconf 92' lang='lat' dir='ltr'><strong>et</strong></span> <span class='ocrx_word' id='word_1_388' title='bbox 1507 5202 1767 5259; x_wconf 86' lang='lat' dir='ltr'><strong>amictum</strong></span> <span class='ocrx_word' id='word_1_389' title='bbox 1797 5206 2084 5275; x_wconf 88' lang='lat' dir='ltr'><strong>mulceret,</strong></span> 
     </span>
    </p>
   </div>
   <div class='ocr_carea' id='block_1_54' title="bbox 507 5291 2087 5372">
    <p class='ocr_par' dir='ltr' id='par_1_54' title="bbox 507 5291 2087 5372">
     <span class='ocr_line' id='line_1_54' title="bbox 507 5291 2087 5372; baseline 0.015 -35"><span class='ocrx_word' id='word_1_390' title='bbox 507 5292 564 5338; x_wconf 83' lang='lat' dir='ltr'><strong>et</strong></span> <span class='ocrx_word' id='word_1_391' title='bbox 591 5300 793 5357; x_wconf 89' lang='lat' dir='ltr'><strong>corpus</strong></span> <span class='ocrx_word' id='word_1_392' title='bbox 837 5291 1088 5348; x_wconf 84' lang='lat' dir='ltr'><strong>sedatum</strong></span> <span class='ocrx_word' id='word_1_393' title='bbox 1136 5294 1407 5361; x_wconf 84' lang='lat' dir='ltr'><strong>reticeret,</strong></span> <span class='ocrx_word' id='word_1_394' title='bbox 1458 5313 1582 5370; x_wconf 91' lang='lat' dir='ltr'><strong>ego,</strong></span> <span class='ocrx_word' id='word_1_395' title='bbox 1646 5300 1844 5372; x_wconf 90' lang='lat' dir='ltr'><strong>inquit,</strong></span> <span class='ocrx_word' id='word_1_396' title='bbox 1901 5305 2087 5361; x_wconf 89' lang='lat' dir='ltr'><strong>serius</strong></span> 
     </span>
    </p>
   </div>
   <div class='ocr_carea' id='block_1_55' title="bbox 506 5381 2087 5463">
    <p class='ocr_par' dir='ltr' id='par_1_55' title="bbox 506 5381 2087 5463">
     <span class='ocr_line' id='line_1_55' title="bbox 506 5381 2087 5463; baseline 0.016 -30"><span class='ocrx_word' id='word_1_397' title='bbox 506 5388 634 5449; x_wconf 82' lang='lat' dir='ltr'><strong>post</strong></span> <span class='ocrx_word' id='word_1_398' title='bbox 661 5381 849 5438; x_wconf 88' lang='lat' dir='ltr'><strong>horam</strong></span> <span class='ocrx_word' id='word_1_399' title='bbox 879 5387 950 5442; x_wconf 88' lang='lat' dir='ltr'><strong>ab</strong></span> <span class='ocrx_word' id='word_1_400' title='bbox 983 5389 1142 5447; x_wconf 90' lang='lat' dir='ltr'><strong>horto</strong></span> <span class='ocrx_word' id='word_1_401' title='bbox 1168 5406 1401 5463; x_wconf 88' lang='lat' dir='ltr'><strong>surgens</strong></span> <span class='ocrx_word' id='word_1_402' title='bbox 1442 5395 1501 5450; x_wconf 91' lang='lat' dir='ltr'><strong>in</strong></span> <span class='ocrx_word' id='word_1_403' title='bbox 1531 5396 1757 5453; x_wconf 87' lang='lat' dir='ltr'><strong>domum</strong></span> <span class='ocrx_word' id='word_1_404' title='bbox 1792 5399 2039 5457; x_wconf 86' lang='lat' dir='ltr'><strong>redibam</strong></span> <span class='ocrx_word' id='word_1_405' title='bbox 2073 5422 2087 5458; x_wconf 92' lang='lat'><strong>:</strong></span> 
     </span>
    </p>
   </div>
   <div class='ocr_carea' id='block_1_56' title="bbox 507 5479 2096 5570">
    <p class='ocr_par' dir='ltr' id='par_1_56' title="bbox 507 5479 2096 5570">
     <span class='ocr_line' id='line_1_56' title="bbox 507 5479 2096 5570; baseline 0.014 -35"><span class='ocrx_word' id='word_1_406' title='bbox 507 5485 562 5535; x_wconf 86' lang='lat' dir='ltr'><strong>et</strong></span> <span class='ocrx_word' id='word_1_407' title='bbox 594 5479 868 5536; x_wconf 86' lang='lat' dir='ltr'><strong>interdum</strong></span> <span class='ocrx_word' id='word_1_408' title='bbox 903 5484 1084 5543; x_wconf 90' lang='lat' dir='ltr'><strong>ridere</strong></span> <span class='ocrx_word' id='word_1_409' title='bbox 1124 5505 1210 5546; x_wconf 89' lang='lat' dir='ltr'><strong>me</strong></span> <span class='ocrx_word' id='word_1_410' title='bbox 1240 5492 1612 5565; x_wconf 85' lang='lat' dir='ltr'><strong>contingebat,</strong></span> <span class='ocrx_word' id='word_1_411' title='bbox 1663 5497 1710 5554; x_wconf 89' lang='lat' dir='ltr'><strong>si</strong></span> <span class='ocrx_word' id='word_1_412' title='bbox 1759 5500 1886 5570; x_wconf 89' lang='lat' dir='ltr'><strong>quis</strong></span> <span class='ocrx_word' id='word_1_413' title='bbox 1935 5500 2096 5557; x_wconf 88' lang='lat' dir='ltr'><strong>aliter</strong></span> 
     </span>
    </p>
   </div>
   <div class='ocr_carea' id='block_1_57' title="bbox 507 5581 2090 5656">
    <p class='ocr_par' dir='ltr' id='par_1_57' title="bbox 507 5581 2090 5656">
     <span class='ocr_line' id='line_1_57' title="bbox 507 5581 2090 5656; baseline 0.018 -28"><span class='ocrx_word' id='word_1_414' title='bbox 507 5591 671 5645; x_wconf 85' lang='lat' dir='ltr'><strong>quam</strong></span> <span class='ocrx_word' id='word_1_415' title='bbox 720 5593 884 5650; x_wconf 87' lang='lat' dir='ltr'><strong>supra</strong></span> <span class='ocrx_word' id='word_1_416' title='bbox 935 5581 1047 5639; x_wconf 80' lang='lat' dir='ltr'><strong>dixi</strong></span> <span class='ocrx_word' id='word_1_417' title='bbox 1087 5587 1329 5645; x_wconf 87' lang='lat' dir='ltr'><strong>sentiat:</strong></span> <span class='ocrx_word' id='word_1_418' title='bbox 1372 5592 1573 5647; x_wconf 84' lang='lat' dir='ltr'><strong>etenim</strong></span> <span class='ocrx_word' id='word_1_419' title='bbox 1632 5595 1787 5652; x_wconf 89' lang='lat' dir='ltr'><strong>aliter</strong></span> <span class='ocrx_word' id='word_1_420' title='bbox 1842 5598 2090 5656; x_wconf 87' lang='lat' dir='ltr'><strong>sentiens</strong></span> 
     </span>
    </p>
   </div>
   <div class='ocr_carea' id='block_1_58' title="bbox 506 5675 2083 5760">
    <p class='ocr_par' dir='ltr' id='par_1_58' title="bbox 506 5675 2083 5760">
     <span class='ocr_line' id='line_1_58' title="bbox 506 5675 2083 5760; baseline 0.016 -33"><span class='ocrx_word' id='word_1_421' title='bbox 506 5675 687 5745; x_wconf 73' lang='lat' dir='ltr'><strong>quivis</strong></span> <span class='ocrx_word' id='word_1_422' title='bbox 738 5678 911 5734; x_wconf 70' lang='lat' dir='ltr'><strong>unicae</strong></span> <span class='ocrx_word' id='word_1_423' title='bbox 971 5691 1023 5736; x_wconf 89' lang='lat' dir='ltr'><strong>et</strong></span> <span class='ocrx_word' id='word_1_424' title='bbox 1089 5682 1277 5752; x_wconf 73' lang='lat' dir='ltr'><strong>primae</strong></span> <span class='ocrx_word' id='word_1_425' title='bbox 1323 5701 1432 5741; x_wconf 89' lang='lat' dir='ltr'><strong>non</strong></span> <span class='ocrx_word' id='word_1_426' title='bbox 1486 5690 1739 5760; x_wconf 89' lang='lat' dir='ltr'><strong>sequitur</strong></span> <span class='ocrx_word' id='word_1_427' title='bbox 1792 5695 2083 5752; x_wconf 88' lang='lat' dir='ltr'><strong>ratiocinia</strong></span> 
     </span>
    </p>
   </div>
   <div class='ocr_carea' id='block_1_59' title="bbox 503 5773 2079 5849">
    <p class='ocr_par' dir='ltr' id='par_1_59' title="bbox 503 5773 2079 5849">
     <span class='ocr_line' id='line_1_59' title="bbox 503 5773 2079 5849; baseline 0.015 -23"><span class='ocrx_word' id='word_1_428' title='bbox 503 5773 773 5836; x_wconf 86' lang='lat' dir='ltr'><strong>veritatis,</strong></span> <span class='ocrx_word' id='word_1_429' title='bbox 808 5791 908 5832; x_wconf 89' lang='lat' dir='ltr'><strong>nec</strong></span> <span class='ocrx_word' id='word_1_430' title='bbox 941 5777 994 5832; x_wconf 92' lang='lat' dir='ltr'><strong>in</strong></span> <span class='ocrx_word' id='word_1_431' title='bbox 1041 5778 1179 5849; x_wconf 81' lang='lat' dir='ltr'><strong>ipsis</strong></span> <span class='ocrx_word' id='word_1_432' title='bbox 1221 5782 1577 5840; x_wconf 81' lang='lat' dir='ltr'><strong>stabilitatem</strong></span> <span class='ocrx_word' id='word_1_433' title='bbox 1622 5795 1677 5841; x_wconf 89' lang='lat' dir='ltr'><strong>et</strong></span> <span class='ocrx_word' id='word_1_434' title='bbox 1727 5791 2079 5848; x_wconf 89' lang='lat' dir='ltr'><strong>securitatem</strong></span> 
     </span>
    </p>
   </div>
   <div class='ocr_carea' id='block_1_60' title="bbox 504 5862 2076 5940">
    <p class='ocr_par' dir='ltr' id='par_1_60' title="bbox 504 5862 2076 5940">
     <span class='ocr_line' id='line_1_60' title="bbox 504 5862 2076 5940; baseline 0.014 -22"><span class='ocrx_word' id='word_1_435' title='bbox 504 5862 687 5922; x_wconf 81' lang='lat' dir='ltr'><strong>habet.</strong></span> <span class='ocrx_word' id='word_1_436' title='bbox 714 5866 873 5925; x_wconf 84' lang='lat' dir='ltr'><strong>Nunc</strong></span> <span class='ocrx_word' id='word_1_437' title='bbox 904 5870 1071 5940; x_wconf 85' lang='lat' dir='ltr'><strong>igitur</strong></span> <span class='ocrx_word' id='word_1_438' title='bbox 1099 5872 1290 5929; x_wconf 86' lang='lat' dir='ltr'><strong>talium</strong></span> <span class='ocrx_word' id='word_1_439' title='bbox 1337 5871 1732 5936; x_wconf 84' lang='lat' dir='ltr'><strong>commiserans</strong></span> <span class='ocrx_word' id='word_1_440' title='bbox 1769 5882 2076 5940; x_wconf 73' lang='lat' dir='ltr'><strong>caecitatem</strong></span> 
     </span>
    </p>
   </div>
   <div class='ocr_carea' id='block_1_61' title="bbox 1870 389 2416 452">
    <p class='ocr_par' dir='ltr' id='par_1_61' title="bbox 1870 389 2416 452">
     <span class='ocr_line' id='line_1_61' title="bbox 1870 389 2416 452; baseline 0.002 -5"><span class='ocrx_word' id='word_1_441' title='bbox 1870 389 2168 449; x_wconf 82' lang='lat' dir='ltr'><strong>NICETAS</strong></span> <span class='ocrx_word' id='word_1_442' title='bbox 2206 391 2293 448; x_wconf 72' lang='lat' dir='ltr'><strong>DA</strong></span> <span class='ocrx_word' id='word_1_443' title='bbox 2303 393 2416 452; x_wconf 76' lang='lat' dir='ltr'><strong>VID</strong></span> 
     </span>
    </p>
   </div>
   <div class='ocr_carea' id='block_1_62' title="bbox 3670 384 3766 440">
    <p class='ocr_par' dir='ltr' id='par_1_62' title="bbox 3670 384 3766 440">
     <span class='ocr_line' id='line_1_62' title="bbox 3670 384 3766 440; baseline 0 0"><span class='ocrx_word' id='word_1_444' title='bbox 3670 384 3766 440; x_wconf 76' lang='grc' dir='ltr'>τιι</span> 
     </span>
    </p>
   </div>
   <div class='ocr_carea' id='block_1_63' title="bbox 2207 500 3763 585">
    <p class='ocr_par' dir='ltr' id='par_1_63' title="bbox 2207 500 3763 585">
     <span class='ocr_line' id='line_1_63' title="bbox 2207 500 3763 585; baseline -0.01 -16"><span class='ocrx_word' id='word_1_445' title='bbox 2207 514 2388 585; x_wconf 77' lang='grc' dir='ltr'><strong>φθίσιν</strong></span> <span class='ocrx_word' id='word_1_446' title='bbox 2446 513 2630 576; x_wconf 83' lang='grc' dir='ltr'>ίοῦσα,</span> <span class='ocrx_word' id='word_1_447' title='bbox 2683 511 2854 582; x_wconf 74' lang='grc' dir='ltr'>ἀναζῇ</span> <span class='ocrx_word' id='word_1_448' title='bbox 2902 509 3063 565; x_wconf 87' lang='grc' dir='ltr'>πάλιν</span> <span class='ocrx_word' id='word_1_449' title='bbox 3125 507 3220 561; x_wconf 76' lang='grc' dir='ltr'>καὶ</span> <span class='ocrx_word' id='word_1_450' title='bbox 3268 504 3345 567; x_wconf 82' lang='grc' dir='ltr'>ὡς</span> <span class='ocrx_word' id='word_1_451' title='bbox 3396 500 3763 575; x_wconf 78' lang='grc' dir='ltr'>ἀρτιγέννητος</span> 
     </span>
    </p>
   </div>
   <div class='ocr_carea' id='block_1_64' title="bbox 2207 592 3763 676">
    <p class='ocr_par' dir='ltr' id='par_1_64' title="bbox 2207 592 3763 676">
     <span class='ocr_line' id='line_1_64' title="bbox 2207 592 3763 676; baseline -0.014 -17"><span class='ocrx_word' id='word_1_452' title='bbox 2207 604 2463 676; x_wconf 84' lang='grc' dir='ltr'><strong>βλέπεται</strong></span> <span class='ocrx_word' id='word_1_453' title='bbox 2510 601 2888 673; x_wconf 75' lang='grc' dir='ltr'>φωτιζομένηο</span> <span class='ocrx_word' id='word_1_454' title='bbox 2939 599 3104 663; x_wconf 80' lang='grc' dir='ltr'>αὐτὸς</span> <span class='ocrx_word' id='word_1_455' title='bbox 3130 597 3187 651; x_wconf 83' lang='grc' dir='ltr'>δὲ</span> <span class='ocrx_word' id='word_1_456' title='bbox 3214 599 3242 650; x_wconf 99' lang='lat'><strong>6</strong></span> <span class='ocrx_word' id='word_1_457' title='bbox 3290 592 3663 666; x_wconf 69' lang='grc' dir='ltr'>άστεροφανὴς</span> <span class='ocrx_word' id='word_1_458' title='bbox 3685 594 3763 646; x_wconf 61' lang='grc' dir='ltr'><strong>οξ-</strong></span> 
     </span>
    </p>
   </div>
   <div class='ocr_carea' id='block_1_65' title="bbox 2207 682 3764 765">
    <p class='ocr_par' dir='ltr' id='par_1_65' title="bbox 2207 682 3764 765">
     <span class='ocr_line' id='line_1_65' title="bbox 2207 682 3764 765; baseline -0.006 -17"><span class='ocrx_word' id='word_1_459' title='bbox 2207 694 2368 765; x_wconf 82' lang='grc' dir='ltr'>ρανὸς</span> <span class='ocrx_word' id='word_1_460' title='bbox 2398 693 2497 763; x_wconf 86' lang='grc' dir='ltr'>οὐχ</span> <span class='ocrx_word' id='word_1_461' title='bbox 2527 693 2646 755; x_wconf 82' lang='grc' dir='ltr'>ὅλος</span> <span class='ocrx_word' id='word_1_462' title='bbox 2676 691 2800 753; x_wconf 85' lang='grc' dir='ltr'>ὅσος</span> <span class='ocrx_word' id='word_1_463' title='bbox 2843 688 2962 744; x_wconf 77' lang='grc' dir='ltr'>ἐστὶ</span> <span class='ocrx_word' id='word_1_464' title='bbox 3001 686 3221 742; x_wconf 81' lang='grc' dir='ltr'>πώποτε</span> <span class='ocrx_word' id='word_1_465' title='bbox 3264 684 3570 749; x_wconf 73' lang='grc' dir='ltr'><strong>κατῶπται,</strong></span> <span class='ocrx_word' id='word_1_466' title='bbox 3597 684 3683 739; x_wconf 74' lang='grc' dir='ltr'>ἀεὶ</span> <span class='ocrx_word' id='word_1_467' title='bbox 3714 682 3764 738; x_wconf 75' lang='grc' dir='ltr'><strong>δέ</strong></span> 
     </span>
    </p>
   </div>
   <div class='ocr_carea' id='block_1_66' title="bbox 2202 779 3760 859">
    <p class='ocr_par' dir='ltr' id='par_1_66' title="bbox 2202 779 3760 859">
     <span class='ocr_line' id='line_1_66' title="bbox 2202 779 3760 859; baseline -0.008 -18"><span class='ocrx_word' id='word_1_468' title='bbox 2202 785 2479 859; x_wconf 81' lang='grc' dir='ltr'>ἠμιφανὴς</span> <span class='ocrx_word' id='word_1_469' title='bbox 2499 787 2691 856; x_wconf 79' lang='grc' dir='ltr'>ὁρᾶται</span> <span class='ocrx_word' id='word_1_470' title='bbox 2713 786 2808 838; x_wconf 75' lang='grc' dir='ltr'>καὶ</span> <span class='ocrx_word' id='word_1_471' title='bbox 2825 781 2903 853; x_wconf 83' lang='grc' dir='ltr'>τῷ</span> <span class='ocrx_word' id='word_1_472' title='bbox 2930 780 3272 854; x_wconf 68' lang='grc' dir='ltr'>ἡμισφαιρίῳ</span> <span class='ocrx_word' id='word_1_473' title='bbox 3298 779 3760 849; x_wconf 66' lang='grc' dir='ltr'>κατακέκρυπταν</span> 
     </span>
    </p>
   </div>
   <div class='ocr_carea' id='block_1_67' title="bbox 2201 868 3764 950">
    <p class='ocr_par' dir='ltr' id='par_1_67' title="bbox 2201 868 3764 950">
     <span class='ocr_line' id='line_1_67' title="bbox 2201 868 3764 950; baseline -0.008 -16"><span class='ocrx_word' id='word_1_474' title='bbox 2201 881 2298 934; x_wconf 84' lang='grc' dir='ltr'>καὶ</span> <span class='ocrx_word' id='word_1_475' title='bbox 2323 878 2391 934; x_wconf 84' lang='grc' dir='ltr'><strong>τά</strong></span> <span class='ocrx_word' id='word_1_476' title='bbox 2418 878 2517 950; x_wconf 79' lang='grc' dir='ltr'>μὲν</span> <span class='ocrx_word' id='word_1_477' title='bbox 2542 876 2797 949; x_wconf 79' lang='grc' dir='ltr'><strong>ὁρώμενα</strong></span> <span class='ocrx_word' id='word_1_478' title='bbox 2826 875 2922 929; x_wconf 91' lang='grc' dir='ltr'><strong>τοῦ</strong></span> <span class='ocrx_word' id='word_1_479' title='bbox 2971 875 3176 943; x_wconf 86' lang='grc' dir='ltr'><strong>κόσμου</strong></span> <span class='ocrx_word' id='word_1_480' title='bbox 3207 875 3444 943; x_wconf 81' lang='grc' dir='ltr'>στοιχεῖα</span> <span class='ocrx_word' id='word_1_481' title='bbox 3489 870 3637 924; x_wconf 81' lang='grc' dir='ltr'>τόνδε</span> <span class='ocrx_word' id='word_1_482' title='bbox 3685 868 3764 923; x_wconf 65' lang='grc' dir='ltr'><strong>τὸν</strong></span> 
     </span>
    </p>
   </div>
   <div class='ocr_carea' id='block_1_68' title="bbox 2200 957 3764 1042">
    <p class='ocr_par' dir='ltr' id='par_1_68' title="bbox 2200 957 3764 1042">
     <span class='ocr_line' id='line_1_68' title="bbox 2200 957 3764 1042; baseline -0.006 -17"><span class='ocrx_word' id='word_1_483' title='bbox 2200 970 2401 1042; x_wconf 79' lang='grc' dir='ltr'>τρόπον</span> <span class='ocrx_word' id='word_1_484' title='bbox 2437 968 2867 1042; x_wconf 77' lang='grc' dir='ltr'>μετατρέπεται,</span> <span class='ocrx_word' id='word_1_485' title='bbox 2909 967 3006 1021; x_wconf 76' lang='grc' dir='ltr'>καὶ</span> <span class='ocrx_word' id='word_1_486' title='bbox 3046 968 3110 1020; x_wconf 76' lang='grc' dir='ltr'><strong>σὺ</strong></span> <span class='ocrx_word' id='word_1_487' title='bbox 3142 966 3201 1020; x_wconf 83' lang='grc' dir='ltr'><strong>δὲ</strong></span> <span class='ocrx_word' id='word_1_488' title='bbox 3222 1008 3239 1030; x_wconf 95' lang='grc'><strong>,</strong></span> <span class='ocrx_word' id='word_1_489' title='bbox 3273 965 3439 1037; x_wconf 80' lang='grc' dir='ltr'>φησὶν</span> <span class='ocrx_word' id='word_1_490' title='bbox 3460 1006 3477 1029; x_wconf 88' lang='grc'><strong>,</strong></span> <span class='ocrx_word' id='word_1_491' title='bbox 3510 963 3692 1026; x_wconf 42' lang='grc' dir='ltr'>αὐτὴ,</span> <span class='ocrx_word' id='word_1_492' title='bbox 3724 957 3764 1015; x_wconf 78' lang='grc' dir='ltr'><strong>ὢ</strong></span> 
     </span>
    </p>
   </div>
   <div class='ocr_carea' id='block_1_69' title="bbox 2202 1053 3761 1133">
    <p class='ocr_par' dir='ltr' id='par_1_69' title="bbox 2202 1053 3761 1133">
     <span class='ocr_line' id='line_1_69' title="bbox 2202 1053 3761 1133; baseline -0.005 -18"><span class='ocrx_word' id='word_1_493' title='bbox 2202 1062 2442 1133; x_wconf 85' lang='grc' dir='ltr'>βάσκανε</span> <span class='ocrx_word' id='word_1_494' title='bbox 2469 1061 2687 1133; x_wconf 86' lang='grc' dir='ltr'>δράκον,</span> <span class='ocrx_word' id='word_1_495' title='bbox 2715 1053 2760 1114; x_wconf 80' lang='grc' dir='ltr'><strong>ὦ</strong></span> <span class='ocrx_word' id='word_1_496' title='bbox 2794 1061 2971 1132; x_wconf 85' lang='grc' dir='ltr'>πάτερ</span> <span class='ocrx_word' id='word_1_497' title='bbox 2999 1057 3194 1129; x_wconf 80' lang='grc' dir='ltr'>φθόνου</span> <span class='ocrx_word' id='word_1_498' title='bbox 3232 1058 3324 1112; x_wconf 74' lang='grc' dir='ltr'>καὶ</span> <span class='ocrx_word' id='word_1_499' title='bbox 3352 1055 3628 1128; x_wconf 81' lang='grc' dir='ltr'>ἁμαρτίας</span> <span class='ocrx_word' id='word_1_500' title='bbox 3655 1055 3761 1127; x_wconf 77' lang='grc' dir='ltr'>ῥίζα</span> 
     </span>
    </p>
   </div>
   <div class='ocr_carea' id='block_1_70' title="bbox 2201 1145 3763 1226">
    <p class='ocr_par' dir='ltr' id='par_1_70' title="bbox 2201 1145 3763 1226">
     <span class='ocr_line' id='line_1_70' title="bbox 2201 1145 3763 1226; baseline -0.005 -17"><span class='ocrx_word' id='word_1_501' title='bbox 2201 1156 2297 1209; x_wconf 75' lang='grc' dir='ltr'>καὶ</span> <span class='ocrx_word' id='word_1_502' title='bbox 2332 1154 2514 1226; x_wconf 77' lang='grc' dir='ltr'>πηγὴ,</span> <span class='ocrx_word' id='word_1_503' title='bbox 2544 1153 2639 1208; x_wconf 70' lang='grc' dir='ltr'><strong>καὶ</strong></span> <span class='ocrx_word' id='word_1_504' title='bbox 2670 1155 2734 1208; x_wconf 83' lang='grc' dir='ltr'><strong>σὺ</strong></span> <span class='ocrx_word' id='word_1_505' title='bbox 2756 1194 2772 1218; x_wconf 96' lang='grc'><strong>,</strong></span> <span class='ocrx_word' id='word_1_506' title='bbox 2804 1145 2850 1206; x_wconf 78' lang='grc' dir='ltr'><strong>ὦ</strong></span> <span class='ocrx_word' id='word_1_507' title='bbox 2883 1153 3060 1206; x_wconf 87' lang='grc' dir='ltr'>Σατᾶν</span> <span class='ocrx_word' id='word_1_508' title='bbox 3103 1150 3514 1223; x_wconf 83' lang='grc' dir='ltr'>ἀνθρωποκτόνε</span> <span class='ocrx_word' id='word_1_509' title='bbox 3534 1191 3550 1214; x_wconf 86' lang='grc'><strong>,</strong></span> <span class='ocrx_word' id='word_1_510' title='bbox 3580 1151 3643 1203; x_wconf 85' lang='grc' dir='ltr'><strong>ἐν</strong></span> <span class='ocrx_word' id='word_1_511' title='bbox 3666 1152 3763 1208; x_wconf 75' lang='grc' dir='ltr'>τοῖς</span> 
     </span>
    </p>
   </div>
   <div class='ocr_carea' id='block_1_71' title="bbox 2201 1240 3762 1317">
    <p class='ocr_par' dir='ltr' id='par_1_71' title="bbox 2201 1240 3762 1317">
     <span class='ocr_line' id='line_1_71' title="bbox 2201 1240 3762 1317; baseline -0.005 -17"><span class='ocrx_word' id='word_1_512' title='bbox 2201 1246 2510 1315; x_wconf 87' lang='grc' dir='ltr'>άγγελικοῖς</span> <span class='ocrx_word' id='word_1_513' title='bbox 2551 1248 2730 1317; x_wconf 81' lang='grc' dir='ltr'>χοροῖς</span> <span class='ocrx_word' id='word_1_514' title='bbox 2779 1243 2969 1315; x_wconf 85' lang='grc' dir='ltr'>ὥσπερ</span> <span class='ocrx_word' id='word_1_515' title='bbox 2998 1244 3057 1296; x_wconf 89' lang='grc' dir='ltr'><strong>ἐν</strong></span> <span class='ocrx_word' id='word_1_516' title='bbox 3083 1244 3209 1312; x_wconf 66' lang='grc' dir='ltr'>ἀστε</span> <span class='ocrx_word' id='word_1_517' title='bbox 3224 1242 3342 1297; x_wconf 87' lang='grc' dir='ltr'>άσιν</span> <span class='ocrx_word' id='word_1_518' title='bbox 3367 1241 3646 1311; x_wconf 77' lang='grc' dir='ltr'><strong>ἑωσφόρος</strong></span> <span class='ocrx_word' id='word_1_519' title='bbox 3670 1240 3762 1293; x_wconf 76' lang='grc' dir='ltr'><strong>δεισ</strong></span> 
     </span>
    </p>
   </div>
   <div class='ocr_carea' id='block_1_72' title="bbox 2202 1332 3762 1411">
    <p class='ocr_par' dir='ltr' id='par_1_72' title="bbox 2202 1332 3762 1411">
     <span class='ocr_line' id='line_1_72' title="bbox 2202 1332 3762 1411; baseline -0.008 -16"><span class='ocrx_word' id='word_1_520' title='bbox 2202 1340 2468 1411; x_wconf 88' lang='grc' dir='ltr'>κνύμενος</span> <span class='ocrx_word' id='word_1_521' title='bbox 2493 1339 2897 1410; x_wconf 89' lang='grc' dir='ltr'>λαμπρότατος,</span> <span class='ocrx_word' id='word_1_522' title='bbox 2934 1332 3054 1390; x_wconf 82' lang='grc' dir='ltr'>εἶτα</span> <span class='ocrx_word' id='word_1_523' title='bbox 3086 1334 3275 1398; x_wconf 85' lang='grc' dir='ltr'><strong>σκότος</strong></span> <span class='ocrx_word' id='word_1_524' title='bbox 3309 1333 3399 1388; x_wconf 78' lang='grc' dir='ltr'><strong>διὰ</strong></span> <span class='ocrx_word' id='word_1_525' title='bbox 3423 1333 3522 1406; x_wconf 79' lang='grc' dir='ltr'>τὴν</span> <span class='ocrx_word' id='word_1_526' title='bbox 3545 1333 3762 1403; x_wconf 79' lang='grc' dir='ltr'>ἔπαρσιν</span> 
     </span>
    </p>
   </div>
   <div class='ocr_carea' id='block_1_73' title="bbox 2203 1420 3763 1501">
    <p class='ocr_par' dir='ltr' id='par_1_73' title="bbox 2203 1420 3763 1501">
     <span class='ocr_line' id='line_1_73' title="bbox 2203 1420 3763 1501; baseline -0.005 -16"><span class='ocrx_word' id='word_1_527' title='bbox 2203 1432 2525 1501; x_wconf 84' lang='grc' dir='ltr'>γενόμενος,</span> <span class='ocrx_word' id='word_1_528' title='bbox 2570 1428 2678 1483; x_wconf 86' lang='grc' dir='ltr'><strong>τῶν</strong></span> <span class='ocrx_word' id='word_1_529' title='bbox 2720 1427 3008 1500; x_wconf 79' lang='grc' dir='ltr'><strong>οὐρανίων,</strong></span> <span class='ocrx_word' id='word_1_530' title='bbox 3038 1425 3115 1489; x_wconf 83' lang='grc' dir='ltr'>ὡς</span> <span class='ocrx_word' id='word_1_531' title='bbox 3144 1420 3353 1496; x_wconf 81' lang='grc' dir='ltr'>αἶσχος,</span> <span class='ocrx_word' id='word_1_532' title='bbox 3390 1425 3467 1489; x_wconf 85' lang='grc' dir='ltr'>ὡς</span> <span class='ocrx_word' id='word_1_533' title='bbox 3501 1425 3763 1496; x_wconf 77' lang='grc' dir='ltr'>βδέλυγμα</span> 
     </span>
    </p>
   </div>
   <div class='ocr_carea' id='block_1_74' title="bbox 2201 1516 3763 1594">
    <p class='ocr_par' dir='ltr' id='par_1_74' title="bbox 2201 1516 3763 1594">
     <span class='ocr_line' id='line_1_74' title="bbox 2201 1516 3763 1594; baseline -0.004 -18"><span class='ocrx_word' id='word_1_534' title='bbox 2201 1522 2568 1594; x_wconf 82' lang='grc' dir='ltr'>ἐξωλίσθησας</span> <span class='ocrx_word' id='word_1_535' title='bbox 2607 1519 2957 1592; x_wconf 78' lang='grc' dir='ltr'>οἰκητηρίων.</span> <span class='ocrx_word' id='word_1_536' title='bbox 2989 1520 3100 1572; x_wconf 79' lang='grc' dir='ltr'><strong>Καὶ</strong></span> <span class='ocrx_word' id='word_1_537' title='bbox 3128 1516 3199 1572; x_wconf 78' lang='grc' dir='ltr'>τὰ</span> <span class='ocrx_word' id='word_1_538' title='bbox 3227 1518 3328 1589; x_wconf 86' lang='grc' dir='ltr'><strong>μὲν</strong></span> <span class='ocrx_word' id='word_1_539' title='bbox 3359 1518 3487 1590; x_wconf 76' lang='grc' dir='ltr'>περὶ</span> <span class='ocrx_word' id='word_1_540' title='bbox 3518 1517 3621 1587; x_wconf 81' lang='grc' dir='ltr'><strong>τῆς</strong></span> <span class='ocrx_word' id='word_1_541' title='bbox 3658 1535 3763 1570; x_wconf 79' lang='grc' dir='ltr'>κτι-</span> 
     </span>
    </p>
   </div>
   <div class='ocr_carea' id='block_1_75' title="bbox 2204 1610 3763 1686">
    <p class='ocr_par' dir='ltr' id='par_1_75' title="bbox 2204 1610 3763 1686">
     <span class='ocr_line' id='line_1_75' title="bbox 2204 1610 3763 1686; baseline -0.003 -19"><span class='ocrx_word' id='word_1_542' title='bbox 2204 1617 2334 1686; x_wconf 84' lang='grc' dir='ltr'>στῆς</span> <span class='ocrx_word' id='word_1_543' title='bbox 2364 1614 2577 1681; x_wconf 79' lang='grc' dir='ltr'>φύσεως</span> <span class='ocrx_word' id='word_1_544' title='bbox 2597 1613 2769 1684; x_wconf 69' lang='grc' dir='ltr'>ἐχέτω</span> <span class='ocrx_word' id='word_1_545' title='bbox 2787 1611 2961 1685; x_wconf 80' lang='grc' dir='ltr'>ταύτῃ</span> <span class='ocrx_word' id='word_1_546' title='bbox 2980 1627 2994 1642; x_wconf 90' lang='grc'><strong>·</strong></span> <span class='ocrx_word' id='word_1_547' title='bbox 3018 1610 3071 1664; x_wconf 86' lang='grc' dir='ltr'><strong>τί</strong></span> <span class='ocrx_word' id='word_1_548' title='bbox 3091 1611 3148 1664; x_wconf 78' lang='grc' dir='ltr'><strong>δὲ</strong></span> <span class='ocrx_word' id='word_1_549' title='bbox 3176 1613 3210 1680; x_wconf 85' lang='grc' dir='ltr'><strong>ή</strong></span> <span class='ocrx_word' id='word_1_550' title='bbox 3239 1610 3494 1674; x_wconf 80' lang='grc' dir='ltr'>ἀκτιστος</span> <span class='ocrx_word' id='word_1_551' title='bbox 3529 1611 3629 1664; x_wconf 79' lang='grc' dir='ltr'><strong>καὶ</strong></span> <span class='ocrx_word' id='word_1_552' title='bbox 3655 1610 3763 1678; x_wconf 74' lang='grc' dir='ltr'>ἀγέι</span> 
     </span>
    </p>
   </div>
   <div class='ocr_carea' id='block_1_76' title="bbox 2200 1700 3761 1777">
    <p class='ocr_par' dir='ltr' id='par_1_76' title="bbox 2200 1700 3761 1777">
     <span class='ocr_line' id='line_1_76' title="bbox 2200 1700 3761 1777; baseline -0.004 -18"><span class='ocrx_word' id='word_1_553' title='bbox 2200 1724 2358 1775; x_wconf 87' lang='grc' dir='ltr'>νητος</span> <span class='ocrx_word' id='word_1_554' title='bbox 2379 1706 2548 1777; x_wconf 87' lang='grc' dir='ltr'>Τριάς</span> <span class='ocrx_word' id='word_1_555' title='bbox 2565 1706 2657 1758; x_wconf 60' lang='grc' dir='ltr'><strong>καὶ⁵</strong></span> <span class='ocrx_word' id='word_1_556' title='bbox 2677 1703 2818 1758; x_wconf 85' lang='grc' dir='ltr'>κατά</span> <span class='ocrx_word' id='word_1_557' title='bbox 2841 1720 2907 1772; x_wconf 90' lang='grc' dir='ltr'><strong>γε</strong></span> <span class='ocrx_word' id='word_1_558' title='bbox 2929 1704 3028 1771; x_wconf 80' lang='grc' dir='ltr'>τὴν</span> <span class='ocrx_word' id='word_1_559' title='bbox 3047 1702 3217 1771; x_wconf 77' lang='grc' dir='ltr'>αὐτῆς</span> <span class='ocrx_word' id='word_1_560' title='bbox 3240 1701 3402 1771; x_wconf 81' lang='grc' dir='ltr'>φύσιν</span> <span class='ocrx_word' id='word_1_561' title='bbox 3425 1700 3761 1764; x_wconf 73' lang='grc' dir='ltr'><strong>ἀναλλοίωτος</strong></span> 
     </span>
    </p>
   </div>
   <div class='ocr_carea' id='block_1_77' title="bbox 2203 1790 3761 1870">
    <p class='ocr_par' dir='ltr' id='par_1_77' title="bbox 2203 1790 3761 1870">
     <span class='ocr_line' id='line_1_77' title="bbox 2203 1790 3761 1870; baseline -0.006 -18"><span class='ocrx_word' id='word_1_562' title='bbox 2203 1798 2297 1852; x_wconf 76' lang='grc' dir='ltr'>καὶ</span> <span class='ocrx_word' id='word_1_563' title='bbox 2333 1799 2600 1870; x_wconf 85' lang='grc' dir='ltr'><strong>ἄτρεπτος</strong></span> <span class='ocrx_word' id='word_1_564' title='bbox 2619 1835 2633 1858; x_wconf 89' lang='grc'><strong>,</strong></span> <span class='ocrx_word' id='word_1_565' title='bbox 2664 1790 2776 1866; x_wconf 80' lang='grc' dir='ltr'>ἆρά</span> <span class='ocrx_word' id='word_1_566' title='bbox 2805 1810 2869 1863; x_wconf 90' lang='grc' dir='ltr'><strong>γε</strong></span> <span class='ocrx_word' id='word_1_567' title='bbox 2918 1793 3230 1847; x_wconf 82' lang='grc' dir='ltr'>παντάπασι</span> <span class='ocrx_word' id='word_1_568' title='bbox 3270 1792 3374 1846; x_wconf 84' lang='grc' dir='ltr'><strong>κᾶν</strong></span> <span class='ocrx_word' id='word_1_569' title='bbox 3419 1791 3556 1864; x_wconf 79' lang='grc' dir='ltr'>αὕτη</span> <span class='ocrx_word' id='word_1_570' title='bbox 3598 1794 3761 1846; x_wconf 74' lang='grc' dir='ltr'>πᾶσαν</span> 
     </span>
    </p>
   </div>
   <div class='ocr_carea' id='block_1_78' title="bbox 2199 1885 3765 1958">
    <p class='ocr_par' dir='ltr' id='par_1_78' title="bbox 2199 1885 3765 1958">
     <span class='ocr_line' id='line_1_78' title="bbox 2199 1885 3765 1958; baseline -0.004 -14"><span class='ocrx_word' id='word_1_571' title='bbox 2199 1889 2514 1958; x_wconf 77' lang='grc' dir='ltr'>διεξέφυγεν</span> <span class='ocrx_word' id='word_1_572' title='bbox 2539 1887 2880 1956; x_wconf 75' lang='grc' dir='ltr'>ἀντιλογίανς</span> <span class='ocrx_word' id='word_1_573' title='bbox 2923 1886 3064 1939; x_wconf 75' lang='grc' dir='ltr'>’Δλλ’</span> <span class='ocrx_word' id='word_1_574' title='bbox 3087 1886 3241 1949; x_wconf 84' lang='grc' dir='ltr'>ἵλεώς</span> <span class='ocrx_word' id='word_1_575' title='bbox 3270 1903 3381 1957; x_wconf 89' lang='grc' dir='ltr'>μοι,</span> <span class='ocrx_word' id='word_1_576' title='bbox 3406 1886 3559 1949; x_wconf 79' lang='grc' dir='ltr'>ἵλεως</span> <span class='ocrx_word' id='word_1_577' title='bbox 3576 1885 3765 1953; x_wconf 79' lang='grc' dir='ltr'>γένοιο,</span> 
     </span>
    </p>
   </div>
   <div class='ocr_carea' id='block_1_79' title="bbox 2202 1975 3759 2051">
    <p class='ocr_par' dir='ltr' id='par_1_79' title="bbox 2202 1975 3759 2051">
     <span class='ocr_line' id='line_1_79' title="bbox 2202 1975 3759 2051; baseline -0.004 -18"><span class='ocrx_word' id='word_1_578' title='bbox 2202 1980 2372 2051; x_wconf 86' lang='grc' dir='ltr'>Τριάς</span> <span class='ocrx_word' id='word_1_579' title='bbox 2389 1980 2520 2049; x_wconf 87' lang='grc' dir='ltr'>άγία</span> <span class='ocrx_word' id='word_1_580' title='bbox 2539 1978 2573 2051; x_wconf 76' lang='grc' dir='ltr'>ἢ</span> <span class='ocrx_word' id='word_1_581' title='bbox 2589 1979 2880 2049; x_wconf 88' lang='grc' dir='ltr'>ὐπεραγία,</span> <span class='ocrx_word' id='word_1_582' title='bbox 2898 1980 2925 2031; x_wconf 88' lang='grc' dir='ltr'><strong>ό</strong></span> <span class='ocrx_word' id='word_1_583' title='bbox 2952 1976 3251 2047; x_wconf 83' lang='grc' dir='ltr'>ἁγιώτατός</span> <span class='ocrx_word' id='word_1_584' title='bbox 3278 1992 3372 2029; x_wconf 86' lang='grc' dir='ltr'><strong>σου</strong></span> <span class='ocrx_word' id='word_1_585' title='bbox 3388 1975 3759 2045; x_wconf 73' lang='grc' dir='ltr'>εὐλαϐούμενος</span> 
     </span>
    </p>
   </div>
   <div class='ocr_carea' id='block_1_80' title="bbox 2201 2064 3755 2141">
    <p class='ocr_par' dir='ltr' id='par_1_80' title="bbox 2201 2064 3755 2141">
     <span class='ocr_line' id='line_1_80' title="bbox 2201 2064 3755 2141; baseline -0.006 -17"><span class='ocrx_word' id='word_1_586' title='bbox 2201 2070 2596 2141; x_wconf 77' lang='grc' dir='ltr'><strong>ἐπιφθέγγεται</strong></span> <span class='ocrx_word' id='word_1_587' title='bbox 2614 2068 2904 2139; x_wconf 82' lang='grc' dir='ltr'>ίερολόγος,</span> <span class='ocrx_word' id='word_1_588' title='bbox 2929 2067 3004 2132; x_wconf 87' lang='grc' dir='ltr'>ὡς</span> <span class='ocrx_word' id='word_1_589' title='bbox 3022 2066 3131 2121; x_wconf 87' lang='grc' dir='ltr'>οὐδ’</span> <span class='ocrx_word' id='word_1_590' title='bbox 3147 2066 3284 2138; x_wconf 79' lang='grc' dir='ltr'>αὐτὴ</span> <span class='ocrx_word' id='word_1_591' title='bbox 3305 2065 3479 2136; x_wconf 83' lang='grc' dir='ltr'>πάντη</span> <span class='ocrx_word' id='word_1_592' title='bbox 3498 2065 3602 2118; x_wconf 87' lang='grc' dir='ltr'><strong>τῶν</strong></span> <span class='ocrx_word' id='word_1_593' title='bbox 3617 2064 3755 2134; x_wconf 66' lang='grc' dir='ltr'><strong>ἀφρῶ</strong></span> 
     </span>
    </p>
   </div>
   <div class='ocr_carea' id='block_1_81' title="bbox 2203 2155 3756 2234">
    <p class='ocr_par' dir='ltr' id='par_1_81' title="bbox 2203 2155 3756 2234">
     <span class='ocr_line' id='line_1_81' title="bbox 2203 2155 3756 2234; baseline -0.008 -17"><span class='ocrx_word' id='word_1_594' title='bbox 2203 2180 2309 2217; x_wconf 89' lang='grc' dir='ltr'><strong>νων</strong></span> <span class='ocrx_word' id='word_1_595' title='bbox 2337 2160 2640 2234; x_wconf 86' lang='grc' dir='ltr'>ἀνθρώπων</span> <span class='ocrx_word' id='word_1_596' title='bbox 2661 2159 2946 2231; x_wconf 81' lang='grc' dir='ltr'>διέδρασας</span> <span class='ocrx_word' id='word_1_597' title='bbox 2971 2159 3071 2229; x_wconf 82' lang='grc' dir='ltr'><strong>τὴν</strong></span> <span class='ocrx_word' id='word_1_598' title='bbox 3096 2156 3494 2227; x_wconf 83' lang='grc' dir='ltr'>γλωσσαλγίαν.</span> <span class='ocrx_word' id='word_1_599' title='bbox 3520 2155 3652 2208; x_wconf 73' lang='grc' dir='ltr'>Φασὶ</span> <span class='ocrx_word' id='word_1_600' title='bbox 3665 2157 3756 2224; x_wconf 66' lang='grc' dir='ltr'>γὰρ</span> 
     </span>
    </p>
   </div>
   <div class='ocr_carea' id='block_1_82' title="bbox 2201 2241 3755 2324">
    <p class='ocr_par' dir='ltr' id='par_1_82' title="bbox 2201 2241 3755 2324">
     <span class='ocr_line' id='line_1_82' title="bbox 2201 2241 3755 2324; baseline -0.005 -19"><span class='ocrx_word' id='word_1_601' title='bbox 2201 2252 2487 2324; x_wconf 87' lang='grc' dir='ltr'>τολμητίαι</span> <span class='ocrx_word' id='word_1_602' title='bbox 2521 2249 2709 2313; x_wconf 87' lang='grc' dir='ltr'>κακῶς</span> <span class='ocrx_word' id='word_1_603' title='bbox 2757 2248 3169 2320; x_wconf 76' lang='grc' dir='ltr'>αὐθαδιζόμενοι</span> <span class='ocrx_word' id='word_1_604' title='bbox 3188 2263 3202 2277; x_wconf 88' lang='grc'><strong>·</strong></span> <span class='ocrx_word' id='word_1_605' title='bbox 3255 2246 3477 2319; x_wconf 86' lang='grc' dir='ltr'>Πρῶτον</span> <span class='ocrx_word' id='word_1_606' title='bbox 3505 2241 3573 2317; x_wconf 78' lang='grc' dir='ltr'>ἦν</span> <span class='ocrx_word' id='word_1_607' title='bbox 3601 2247 3630 2299; x_wconf 88' lang='lat'><strong>6</strong></span> <span class='ocrx_word' id='word_1_608' title='bbox 3658 2247 3755 2299; x_wconf 77' lang='lat' dir='ltr'><strong>Ila-</strong></span> 
     </span>
    </p>
   </div>
   <div class='ocr_carea' id='block_1_83' title="bbox 2201 2336 3754 2416">
    <p class='ocr_par' dir='ltr' id='par_1_83' title="bbox 2201 2336 3754 2416">
     <span class='ocr_line' id='line_1_83' title="bbox 2201 2336 3754 2416; baseline -0.005 -19"><span class='ocrx_word' id='word_1_609' title='bbox 2201 2343 2328 2416; x_wconf 81' lang='grc' dir='ltr'>τὴρ,</span> <span class='ocrx_word' id='word_1_610' title='bbox 2357 2338 2476 2397; x_wconf 75' lang='grc' dir='ltr'>εἷτα</span> <span class='ocrx_word' id='word_1_611' title='bbox 2502 2342 2594 2397; x_wconf 78' lang='grc' dir='ltr'><strong>τὸν</strong></span> <span class='ocrx_word' id='word_1_612' title='bbox 2638 2342 2816 2413; x_wconf 83' lang='grc' dir='ltr'>μέγαν</span> <span class='ocrx_word' id='word_1_613' title='bbox 2856 2341 3144 2412; x_wconf 82' lang='grc' dir='ltr'>ἐγέννησεν</span> <span class='ocrx_word' id='word_1_614' title='bbox 3176 2339 3303 2393; x_wconf 82' lang='grc' dir='ltr'>Υίδν</span> <span class='ocrx_word' id='word_1_615' title='bbox 3322 2381 3337 2404; x_wconf 92' lang='grc'><strong>,</strong></span> <span class='ocrx_word' id='word_1_616' title='bbox 3377 2338 3567 2391; x_wconf 75' lang='grc' dir='ltr'>ἔπειτα</span> <span class='ocrx_word' id='word_1_617' title='bbox 3594 2338 3652 2391; x_wconf 76' lang='grc' dir='ltr'><strong>τὸ</strong></span> <span class='ocrx_word' id='word_1_618' title='bbox 3675 2336 3754 2389; x_wconf 72' lang='grc' dir='ltr'><strong>τοῦ</strong></span> 
     </span>
    </p>
   </div>
   <div class='ocr_carea' id='block_1_84' title="bbox 2206 2428 3756 2505">
    <p class='ocr_par' dir='ltr' id='par_1_84' title="bbox 2206 2428 3756 2505">
     <span class='ocr_line' id='line_1_84' title="bbox 2206 2428 3756 2505; baseline -0.005 -16"><span class='ocrx_word' id='word_1_619' title='bbox 2206 2434 2441 2505; x_wconf 81' lang='grc' dir='ltr'><strong>μεγάλου</strong></span> <span class='ocrx_word' id='word_1_620' title='bbox 2470 2433 2605 2488; x_wconf 83' lang='grc' dir='ltr'>Θεοῦ</span> <span class='ocrx_word' id='word_1_621' title='bbox 2632 2432 2876 2504; x_wconf 78' lang='grc' dir='ltr'>Πνεῦμα,</span> <span class='ocrx_word' id='word_1_622' title='bbox 2907 2433 2982 2497; x_wconf 79' lang='grc' dir='ltr'>ὼς</span> <span class='ocrx_word' id='word_1_623' title='bbox 3010 2433 3068 2485; x_wconf 82' lang='grc' dir='ltr'><strong>ἐν</strong></span> <span class='ocrx_word' id='word_1_624' title='bbox 3103 2430 3327 2502; x_wconf 84' lang='grc' dir='ltr'>βαθμῶν</span> <span class='ocrx_word' id='word_1_625' title='bbox 3359 2430 3632 2499; x_wconf 82' lang='grc' dir='ltr'>άνισότητι</span> <span class='ocrx_word' id='word_1_626' title='bbox 3654 2428 3756 2483; x_wconf 80' lang='grc' dir='ltr'>κατ’</span> 
     </span>
    </p>
   </div>
   <div class='ocr_carea' id='block_1_85' title="bbox 2203 2523 3756 2597">
    <p class='ocr_par' dir='ltr' id='par_1_85' title="bbox 2203 2523 3756 2597">
     <span class='ocr_line' id='line_1_85' title="bbox 2203 2523 3756 2597; baseline -0.001 -18"><span class='ocrx_word' id='word_1_627' title='bbox 2203 2526 2392 2590; x_wconf 86' lang='grc' dir='ltr'>οὐσίας</span> <span class='ocrx_word' id='word_1_628' title='bbox 2433 2525 2697 2580; x_wconf 78' lang='grc' dir='ltr'>ὑπόϐασιν</span> <span class='ocrx_word' id='word_1_629' title='bbox 2730 2527 2842 2589; x_wconf 85' lang='grc' dir='ltr'>τοῖς</span> <span class='ocrx_word' id='word_1_630' title='bbox 2871 2525 3220 2597; x_wconf 82' lang='grc' dir='ltr'>αἰρεσιώταις</span> <span class='ocrx_word' id='word_1_631' title='bbox 3248 2523 3507 2588; x_wconf 83' lang='grc' dir='ltr'><strong>ποικίλως</strong></span> <span class='ocrx_word' id='word_1_632' title='bbox 3541 2524 3756 2594; x_wconf 64' lang='grc' dir='ltr'>βλασφη-</span> 
     </span>
    </p>
   </div>
   <div class='ocr_carea' id='block_1_86' title="bbox 2208 2617 2411 2689">
    <p class='ocr_par' dir='ltr' id='par_1_86' title="bbox 2208 2617 2411 2689">
     <span class='ocr_line' id='line_1_86' title="bbox 2208 2617 2411 2689; baseline 0.01 -19"><span class='ocrx_word' id='word_1_633' title='bbox 2208 2617 2411 2689; x_wconf 85' lang='grc' dir='ltr'>μείται.</span> 
     </span>
    </p>
   </div>
   <div class='ocr_carea' id='block_1_87' title="bbox 2347 2708 3444 2780">
    <p class='ocr_par' dir='ltr' id='par_1_87' title="bbox 2347 2708 3444 2780">
     <span class='ocr_line' id='line_1_87' title="bbox 2347 2708 3444 2780; baseline 0.003 -18"><span class='ocrx_word' id='word_1_634' title='bbox 2347 2708 2463 2763; x_wconf 87' lang='grc' dir='ltr'><strong>Ποῖ</strong></span> <span class='ocrx_word' id='word_1_635' title='bbox 2483 2708 2736 2777; x_wconf 82' lang='grc' dir='ltr'>στήσεις</span> <span class='ocrx_word' id='word_1_636' title='bbox 2756 2726 2833 2780; x_wconf 81' lang='grc' dir='ltr'><strong>με</strong></span> <span class='ocrx_word' id='word_1_637' title='bbox 2864 2708 3163 2779; x_wconf 69' lang='grc' dir='ltr'>φέρουσα,</span> <span class='ocrx_word' id='word_1_638' title='bbox 3193 2726 3247 2763; x_wconf 85' lang='grc' dir='ltr'>κ.</span> <span class='ocrx_word' id='word_1_639' title='bbox 3280 2727 3329 2763; x_wconf 91' lang='grc' dir='ltr'><strong>τ.</strong></span> <span class='ocrx_word' id='word_1_640' title='bbox 3359 2710 3444 2776; x_wconf 77' lang='grc' dir='ltr'><strong>ἐξ.</strong></span> 
     </span>
    </p>
   </div>
   <div class='ocr_carea' id='block_1_88' title="bbox 2274 2794 3752 2873">
    <p class='ocr_par' dir='ltr' id='par_1_88' title="bbox 2274 2794 3752 2873">
     <span class='ocr_line' id='line_1_88' title="bbox 2274 2794 3752 2873; baseline 0.007 -21"><span class='ocrx_word' id='word_1_641' title='bbox 2274 2794 2347 2852; x_wconf 83' lang='grc' dir='ltr'><strong><em>Ὦ</em></strong></span> <span class='ocrx_word' id='word_1_642' title='bbox 2375 2800 2598 2868; x_wconf 86' lang='grc' dir='ltr'>γλῶσσα</span> <span class='ocrx_word' id='word_1_643' title='bbox 2624 2802 2986 2873; x_wconf 81' lang='grc' dir='ltr'>κακοφραδὲς.</span> <span class='ocrx_word' id='word_1_644' title='bbox 3021 2802 3319 2873; x_wconf 85' lang='grc' dir='ltr'>κακόσχολε</span> <span class='ocrx_word' id='word_1_645' title='bbox 3345 2804 3442 2857; x_wconf 60' lang='grc' dir='ltr'><strong>καί⁵</strong></span> <span class='ocrx_word' id='word_1_646' title='bbox 3468 2801 3752 2873; x_wconf 68' lang='grc' dir='ltr'>βλάσφημε.</span> 
     </span>
    </p>
   </div>
   <div class='ocr_carea' id='block_1_89' title="bbox 2204 2890 3751 2965">
    <p class='ocr_par' dir='ltr' id='par_1_89' title="bbox 2204 2890 3751 2965">
     <span class='ocr_line' id='line_1_89' title="bbox 2204 2890 3751 2965; baseline 0.003 -23"><span class='ocrx_word' id='word_1_647' title='bbox 2204 2890 2309 2942; x_wconf 86' lang='grc' dir='ltr'><strong>ποῦ</strong></span> <span class='ocrx_word' id='word_1_648' title='bbox 2370 2908 2437 2962; x_wconf 87' lang='grc' dir='ltr'><strong>με</strong></span> <span class='ocrx_word' id='word_1_649' title='bbox 2488 2892 2730 2961; x_wconf 80' lang='grc' dir='ltr'>φέρουσα</span> <span class='ocrx_word' id='word_1_650' title='bbox 2778 2894 2994 2964; x_wconf 83' lang='grc' dir='ltr'>στήσεις</span> <span class='ocrx_word' id='word_1_651' title='bbox 3037 2893 3147 2946; x_wconf 87' lang='grc' dir='ltr'><strong>τῶν</strong></span> <span class='ocrx_word' id='word_1_652' title='bbox 3195 2893 3549 2965; x_wconf 71' lang='grc' dir='ltr'>δυσφημαῦνς</span> <span class='ocrx_word' id='word_1_653' title='bbox 3602 2895 3751 2947; x_wconf 70' lang='grc' dir='ltr'>Ὅπου</span> 
     </span>
    </p>
   </div>
   <div class='ocr_carea' id='block_1_90' title="bbox 2207 2982 3748 3059">
    <p class='ocr_par' dir='ltr' id='par_1_90' title="bbox 2207 2982 3748 3059">
     <span class='ocr_line' id='line_1_90' title="bbox 2207 2982 3748 3059; baseline 0.003 -25"><span class='ocrx_word' id='word_1_654' title='bbox 2207 2982 2448 3055; x_wconf 82' lang='grc' dir='ltr'>μέριμνα</span> <span class='ocrx_word' id='word_1_655' title='bbox 2466 3023 2482 3046; x_wconf 92' lang='grc'><strong>,</strong></span> <span class='ocrx_word' id='word_1_656' title='bbox 2511 2983 2603 3036; x_wconf 76' lang='grc' dir='ltr'><strong>καὶ</strong></span> <span class='ocrx_word' id='word_1_657' title='bbox 2633 2983 2802 3053; x_wconf 82' lang='grc' dir='ltr'>βαθὺς</span> <span class='ocrx_word' id='word_1_658' title='bbox 2845 2985 3131 3055; x_wconf 77' lang='grc' dir='ltr'>νοημάτων</span> <span class='ocrx_word' id='word_1_659' title='bbox 3160 2986 3368 3055; x_wconf 83' lang='grc' dir='ltr'>ἴλιγγος</span> <span class='ocrx_word' id='word_1_660' title='bbox 3401 2988 3748 3059; x_wconf 75' lang='grc' dir='ltr'>προοίσταται.</span> 
     </span>
    </p>
   </div>
   <div class='ocr_carea' id='block_1_91' title="bbox 2207 3075 3751 3149">
    <p class='ocr_par' dir='ltr' id='par_1_91' title="bbox 2207 3075 3751 3149">
     <span class='ocr_line' id='line_1_91' title="bbox 2207 3075 3751 3149; baseline 0.003 -22"><span class='ocrx_word' id='word_1_661' title='bbox 2207 3076 2427 3129; x_wconf 85' lang='grc' dir='ltr'>Ἵστασο</span> <span class='ocrx_word' id='word_1_662' title='bbox 2461 3076 2560 3146; x_wconf 81' lang='grc' dir='ltr'><strong>τῆς</strong></span> <span class='ocrx_word' id='word_1_663' title='bbox 2606 3075 2892 3145; x_wconf 78' lang='grc' dir='ltr'>ἀλογίστου</span> <span class='ocrx_word' id='word_1_664' title='bbox 2926 3077 3105 3149; x_wconf 77' lang='grc' dir='ltr'>ῥύμης</span> <span class='ocrx_word' id='word_1_665' title='bbox 3134 3077 3404 3148; x_wconf 78' lang='grc' dir='ltr'>ἐπέχουσα</span> <span class='ocrx_word' id='word_1_666' title='bbox 3435 3079 3659 3149; x_wconf 75' lang='grc' dir='ltr'>σαυτὴν,</span> <span class='ocrx_word' id='word_1_667' title='bbox 3685 3078 3751 3147; x_wconf 72' lang='grc' dir='ltr'>τῷ</span> 
     </span>
    </p>
   </div>
   <div class='ocr_carea' id='block_1_92' title="bbox 2206 3167 3748 3240">
    <p class='ocr_par' dir='ltr' id='par_1_92' title="bbox 2206 3167 3748 3240">
     <span class='ocr_line' id='line_1_92' title="bbox 2206 3167 3748 3240; baseline 0.003 -21"><span class='ocrx_word' id='word_1_668' title='bbox 2206 3167 2435 3237; x_wconf 85' lang='grc' dir='ltr'>στόματί</span> <span class='ocrx_word' id='word_1_669' title='bbox 2463 3185 2555 3221; x_wconf 89' lang='grc' dir='ltr'><strong>σου</strong></span> <span class='ocrx_word' id='word_1_670' title='bbox 2583 3167 2842 3238; x_wconf 83' lang='grc' dir='ltr'>τιθεμένη</span> <span class='ocrx_word' id='word_1_671' title='bbox 2872 3168 3119 3240; x_wconf 80' lang='grc' dir='ltr'>φυλακὴν</span> <span class='ocrx_word' id='word_1_672' title='bbox 3146 3172 3240 3224; x_wconf 81' lang='grc' dir='ltr'><strong>καὶ</strong></span> <span class='ocrx_word' id='word_1_673' title='bbox 3268 3170 3467 3235; x_wconf 75' lang='grc' dir='ltr'>εἰδυῖα,</span> <span class='ocrx_word' id='word_1_674' title='bbox 3498 3171 3574 3234; x_wconf 83' lang='grc' dir='ltr'>ὡς</span> <span class='ocrx_word' id='word_1_675' title='bbox 3602 3171 3748 3240; x_wconf 69' lang='grc' dir='ltr'>ὐπερα</span> 
     </span>
    </p>
   </div>
   <div class='ocr_carea' id='block_1_93' title="bbox 2202 3260 3747 3334">
    <p class='ocr_par' dir='ltr' id='par_1_93' title="bbox 2202 3260 3747 3334">
     <span class='ocr_line' id='line_1_93' title="bbox 2202 3260 3747 3334; baseline 0.003 -21"><span class='ocrx_word' id='word_1_676' title='bbox 2202 3260 2400 3324; x_wconf 77' lang='grc' dir='ltr'>ουσίως</span> <span class='ocrx_word' id='word_1_677' title='bbox 2447 3260 2556 3314; x_wconf 86' lang='grc' dir='ltr'><strong>τῶν</strong></span> <span class='ocrx_word' id='word_1_678' title='bbox 2598 3260 2767 3315; x_wconf 82' lang='grc' dir='ltr'>όντων</span> <span class='ocrx_word' id='word_1_679' title='bbox 2801 3263 3155 3334; x_wconf 87' lang='grc' dir='ltr'>ὐπερίδρυται</span> <span class='ocrx_word' id='word_1_680' title='bbox 3198 3262 3341 3317; x_wconf 88' lang='grc' dir='ltr'><strong>κατά</strong></span> <span class='ocrx_word' id='word_1_681' title='bbox 3367 3262 3530 3332; x_wconf 81' lang='grc' dir='ltr'>φύσιν</span> <span class='ocrx_word' id='word_1_682' title='bbox 3552 3265 3582 3316; x_wconf 88' lang='lat'><strong>6</strong></span> <span class='ocrx_word' id='word_1_683' title='bbox 3605 3264 3747 3326; x_wconf 84' lang='grc' dir='ltr'>Θεός·</span> 
     </span>
    </p>
   </div>
   <div class='ocr_carea' id='block_1_94' title="bbox 2203 3352 3748 3427">
    <p class='ocr_par' dir='ltr' id='par_1_94' title="bbox 2203 3352 3748 3427">
     <span class='ocr_line' id='line_1_94' title="bbox 2203 3352 3748 3427; baseline 0.001 -20"><span class='ocrx_word' id='word_1_684' title='bbox 2203 3353 2298 3407; x_wconf 77' lang='grc' dir='ltr'>καὶ</span> <span class='ocrx_word' id='word_1_685' title='bbox 2324 3352 2554 3425; x_wconf 79' lang='grc' dir='ltr'>δεύτερα</span> <span class='ocrx_word' id='word_1_686' title='bbox 2597 3352 2774 3407; x_wconf 86' lang='grc' dir='ltr'>πάντα</span> <span class='ocrx_word' id='word_1_687' title='bbox 2813 3355 2913 3425; x_wconf 83' lang='grc' dir='ltr'>τῆς</span> <span class='ocrx_word' id='word_1_688' title='bbox 2961 3354 3125 3408; x_wconf 89' lang='grc' dir='ltr'>αὐτοῦ</span> <span class='ocrx_word' id='word_1_689' title='bbox 3177 3355 3591 3427; x_wconf 79' lang='grc' dir='ltr'>μεγαλειότητος</span> <span class='ocrx_word' id='word_1_690' title='bbox 3638 3356 3748 3409; x_wconf 67' lang='grc' dir='ltr'><strong>ἐτω-</strong></span> 
     </span>
    </p>
   </div>
   <div class='ocr_carea' id='block_1_95' title="bbox 2204 3443 3746 3517">
    <p class='ocr_par' dir='ltr' id='par_1_95' title="bbox 2204 3443 3746 3517">
     <span class='ocr_line' id='line_1_95' title="bbox 2204 3443 3746 3517; baseline 0.009 -22"><span class='ocrx_word' id='word_1_691' title='bbox 2204 3446 2370 3516; x_wconf 72' lang='grc' dir='ltr'>χιὶιρει</span> <span class='ocrx_word' id='word_1_692' title='bbox 2392 3484 2408 3508; x_wconf 91' lang='grc'><strong>,</strong></span> <span class='ocrx_word' id='word_1_693' title='bbox 2442 3443 2520 3516; x_wconf 81' lang='grc' dir='ltr'><strong>τῷ</strong></span> <span class='ocrx_word' id='word_1_694' title='bbox 2565 3446 2707 3516; x_wconf 81' lang='grc' dir='ltr'>λόγῳ</span> <span class='ocrx_word' id='word_1_695' title='bbox 2746 3445 2849 3515; x_wconf 80' lang='grc' dir='ltr'>τῆς</span> <span class='ocrx_word' id='word_1_696' title='bbox 2886 3446 3143 3517; x_wconf 76' lang='grc' dir='ltr'><strong>ἀληθείας</strong></span> <span class='ocrx_word' id='word_1_697' title='bbox 3180 3446 3506 3517; x_wconf 78' lang='grc' dir='ltr'>ἡττωμένη,</span> <span class='ocrx_word' id='word_1_698' title='bbox 3545 3446 3746 3508; x_wconf 71' lang='grc' dir='ltr'>καὶτοῖς</span> 
     </span>
    </p>
   </div>
   <div class='ocr_carea' id='block_1_96' title="bbox 2201 3538 3743 3610">
    <p class='ocr_par' dir='ltr' id='par_1_96' title="bbox 2201 3538 3743 3610">
     <span class='ocr_line' id='line_1_96' title="bbox 2201 3538 3743 3610; baseline 0.001 -20"><span class='ocrx_word' id='word_1_699' title='bbox 2201 3539 2464 3610; x_wconf 83' lang='grc' dir='ltr'>κτίσμασι</span> <span class='ocrx_word' id='word_1_700' title='bbox 2502 3539 2594 3593; x_wconf 82' lang='grc' dir='ltr'><strong>τὸν</strong></span> <span class='ocrx_word' id='word_1_701' title='bbox 2620 3539 2859 3609; x_wconf 65' lang='grc' dir='ltr'>κτίστην</span> <span class='ocrx_word' id='word_1_702' title='bbox 2895 3539 3171 3602; x_wconf 85' lang='grc' dir='ltr'>παντελῶς</span> <span class='ocrx_word' id='word_1_703' title='bbox 3226 3538 3302 3609; x_wconf 80' lang='grc' dir='ltr'>μὴ</span> <span class='ocrx_word' id='word_1_704' title='bbox 3331 3538 3743 3610; x_wconf 64' lang='grc' dir='ltr'>παρεικάζουσι.</span> 
     </span>
    </p>
   </div>
   <div class='ocr_carea' id='block_1_97' title="bbox 2201 3628 3745 3703">
    <p class='ocr_par' dir='ltr' id='par_1_97' title="bbox 2201 3628 3745 3703">
     <span class='ocr_line' id='line_1_97' title="bbox 2201 3628 3745 3703; baseline -0.001 -20"><span class='ocrx_word' id='word_1_705' title='bbox 2201 3628 2336 3683; x_wconf 86' lang='grc' dir='ltr'><strong>ἀλλά</strong></span> <span class='ocrx_word' id='word_1_706' title='bbox 2374 3630 2499 3703; x_wconf 77' lang='grc' dir='ltr'>μηδ’</span> <span class='ocrx_word' id='word_1_707' title='bbox 2536 3630 2619 3683; x_wconf 80' lang='grc' dir='ltr'>ὅτι</span> <span class='ocrx_word' id='word_1_708' title='bbox 2663 3631 2908 3700; x_wconf 83' lang='grc' dir='ltr'>ματαίως</span> <span class='ocrx_word' id='word_1_709' title='bbox 2950 3631 3042 3684; x_wconf 81' lang='grc' dir='ltr'><strong>τὸν</strong></span> <span class='ocrx_word' id='word_1_710' title='bbox 3091 3631 3375 3702; x_wconf 77' lang='grc' dir='ltr'>ἄνθρωπον</span> <span class='ocrx_word' id='word_1_711' title='bbox 3403 3631 3612 3686; x_wconf 74' lang='grc' dir='ltr'>ἔκτισεν</span> <span class='ocrx_word' id='word_1_712' title='bbox 3636 3632 3745 3683; x_wconf 76' lang='grc' dir='ltr'>ὐπο-</span> 
     </span>
    </p>
   </div>
   <div class='ocr_carea' id='block_1_98' title="bbox 2200 3721 3742 3796">
    <p class='ocr_par' dir='ltr' id='par_1_98' title="bbox 2200 3721 3742 3796">
     <span class='ocr_line' id='line_1_98' title="bbox 2200 3721 3742 3796; baseline 0 -22"><span class='ocrx_word' id='word_1_713' title='bbox 2200 3722 2436 3795; x_wconf 79' lang='grc' dir='ltr'>νοήσῃςο</span> <span class='ocrx_word' id='word_1_714' title='bbox 2480 3721 2578 3776; x_wconf 74' lang='grc' dir='ltr'>καὶ</span> <span class='ocrx_word' id='word_1_715' title='bbox 2627 3721 2737 3794; x_wconf 87' lang='grc' dir='ltr'><strong>γάρ</strong></span> <span class='ocrx_word' id='word_1_716' title='bbox 2788 3722 3150 3794; x_wconf 82' lang='grc' dir='ltr'>παλινῳδίαν,</span> <span class='ocrx_word' id='word_1_717' title='bbox 3224 3725 3285 3778; x_wconf 84' lang='grc' dir='ltr'>τὸ</span> <span class='ocrx_word' id='word_1_718' title='bbox 3335 3724 3399 3796; x_wconf 74' lang='grc' dir='ltr'><strong>δὴ</strong></span> <span class='ocrx_word' id='word_1_719' title='bbox 3455 3723 3742 3793; x_wconf 81' lang='grc' dir='ltr'>λεγόμενον,</span> 
     </span>
    </p>
   </div>
   <div class='ocr_carea' id='block_1_99' title="bbox 2199 3814 3744 3886">
    <p class='ocr_par' dir='ltr' id='par_1_99' title="bbox 2199 3814 3744 3886">
     <span class='ocr_line' id='line_1_99' title="bbox 2199 3814 3744 3886; baseline -0.001 -18"><span class='ocrx_word' id='word_1_720' title='bbox 2199 3814 2343 3886; x_wconf 77' lang='grc' dir='ltr'>ᾅδων</span> <span class='ocrx_word' id='word_1_721' title='bbox 2405 3814 2661 3885; x_wconf 86' lang='grc' dir='ltr'>ἶσταμαι,</span> <span class='ocrx_word' id='word_1_722' title='bbox 2714 3814 2889 3868; x_wconf 80' lang='grc' dir='ltr'>τοῖσδε</span> <span class='ocrx_word' id='word_1_723' title='bbox 2939 3816 3049 3878; x_wconf 78' lang='grc' dir='ltr'>τοῖς</span> <span class='ocrx_word' id='word_1_724' title='bbox 3102 3815 3280 3884; x_wconf 85' lang='grc' dir='ltr'>λόγοις</span> <span class='ocrx_word' id='word_1_725' title='bbox 3340 3816 3627 3885; x_wconf 76' lang='grc' dir='ltr'>ἐρεισθεὶς,</span> <span class='ocrx_word' id='word_1_726' title='bbox 3681 3815 3744 3877; x_wconf 76' lang='grc' dir='ltr'>ὡς</span> 
     </span>
    </p>
   </div>
   <div class='ocr_carea' id='block_1_100' title="bbox 2200 3908 3742 3982">
    <p class='ocr_par' dir='ltr' id='par_1_100' title="bbox 2200 3908 3742 3982">
     <span class='ocr_line' id='line_1_100' title="bbox 2200 3908 3742 3982; baseline 0.001 -20"><span class='ocrx_word' id='word_1_727' title='bbox 2200 3908 2402 3979; x_wconf 82' lang='grc' dir='ltr'>ἥκιστά</span> <span class='ocrx_word' id='word_1_728' title='bbox 2440 3925 2509 3979; x_wconf 90' lang='grc' dir='ltr'><strong>με</strong></span> <span class='ocrx_word' id='word_1_729' title='bbox 2554 3909 2636 3973; x_wconf 85' lang='grc' dir='ltr'><strong>είς</strong></span> <span class='ocrx_word' id='word_1_730' title='bbox 2666 3909 2822 3964; x_wconf 75' lang='grc' dir='ltr'>κενὸν</span> <span class='ocrx_word' id='word_1_731' title='bbox 2867 3910 3297 3982; x_wconf 75' lang='grc' dir='ltr'>ἐδημιούργησεν</span> <span class='ocrx_word' id='word_1_732' title='bbox 3346 3914 3375 3966; x_wconf 90' lang='grc' dir='ltr'><strong>ό</strong></span> <span class='ocrx_word' id='word_1_733' title='bbox 3421 3912 3584 3976; x_wconf 77' lang='grc' dir='ltr'>Θεός“</span> <span class='ocrx_word' id='word_1_734' title='bbox 3613 3912 3742 3966; x_wconf 69' lang='grc' dir='ltr'>τοῦτο</span> 
     </span>
    </p>
   </div>
   <div class='ocr_carea' id='block_1_101' title="bbox 2199 4001 3739 4079">
    <p class='ocr_par' dir='ltr' id='par_1_101' title="bbox 2199 4001 3739 4079">
     <span class='ocr_line' id='line_1_101' title="bbox 2199 4001 3739 4079; baseline 0.001 -23"><span class='ocrx_word' id='word_1_735' title='bbox 2199 4002 2308 4074; x_wconf 74' lang='grc' dir='ltr'>γὰρ</span> <span class='ocrx_word' id='word_1_736' title='bbox 2335 4001 2682 4073; x_wconf 72' lang='grc' dir='ltr'>ὀλιγοψυχίας</span> <span class='ocrx_word' id='word_1_737' title='bbox 2703 4003 2797 4057; x_wconf 77' lang='grc' dir='ltr'><strong>καὶ</strong></span> <span class='ocrx_word' id='word_1_738' title='bbox 2819 4003 3243 4076; x_wconf 81' lang='grc' dir='ltr'>όλιγοφροσύνης</span> <span class='ocrx_word' id='word_1_739' title='bbox 3260 4005 3598 4079; x_wconf 82' lang='grc' dir='ltr'>ἀνθρωπίνης</span> <span class='ocrx_word' id='word_1_740' title='bbox 3618 4006 3739 4078; x_wconf 68' lang='grc' dir='ltr'>ῥῆμά</span> 
     </span>
    </p>
   </div>
   <div class='ocr_carea' id='block_1_102' title="bbox 2199 4094 3738 4169">
    <p class='ocr_par' dir='ltr' id='par_1_102' title="bbox 2199 4094 3738 4169">
     <span class='ocr_line' id='line_1_102' title="bbox 2199 4094 3738 4169; baseline 0.006 -22"><span class='ocrx_word' id='word_1_741' title='bbox 2199 4095 2316 4148; x_wconf 85' lang='grc' dir='ltr'>ἐστι</span> <span class='ocrx_word' id='word_1_742' title='bbox 2342 4095 2436 4150; x_wconf 71' lang='grc' dir='ltr'><strong>καὶ</strong></span> <span class='ocrx_word' id='word_1_743' title='bbox 2456 4094 2737 4167; x_wconf 90' lang='grc' dir='ltr'>λογισμός.</span> <span class='ocrx_word' id='word_1_744' title='bbox 2766 4094 2882 4149; x_wconf 87' lang='grc' dir='ltr'>Νῦν</span> <span class='ocrx_word' id='word_1_745' title='bbox 2910 4096 3011 4168; x_wconf 81' lang='grc' dir='ltr'>μὲν</span> <span class='ocrx_word' id='word_1_746' title='bbox 3037 4097 3167 4169; x_wconf 76' lang='grc' dir='ltr'>γὰρ,</span> <span class='ocrx_word' id='word_1_747' title='bbox 3190 4099 3346 4169; x_wconf 74' lang='grc' dir='ltr'>φησὶ,</span> <span class='ocrx_word' id='word_1_748' title='bbox 3372 4101 3532 4168; x_wconf 66' lang='grc' dir='ltr'>ζόφος</span> <span class='ocrx_word' id='word_1_749' title='bbox 3553 4101 3738 4168; x_wconf 78' lang='grc' dir='ltr'>ἀγνοίας</span> 
     </span>
    </p>
   </div>
   <div class='ocr_carea' id='block_1_103' title="bbox 2200 4184 3738 4257">
    <p class='ocr_par' dir='ltr' id='par_1_103' title="bbox 2200 4184 3738 4257">
     <span class='ocr_line' id='line_1_103' title="bbox 2200 4184 3738 4257; baseline -0.002 -18"><span class='ocrx_word' id='word_1_750' title='bbox 2200 4186 2294 4239; x_wconf 76' lang='grc' dir='ltr'><strong>καὶ</strong></span> <span class='ocrx_word' id='word_1_751' title='bbox 2318 4184 2485 4254; x_wconf 84' lang='grc' dir='ltr'>ἀχλὺς</span> <span class='ocrx_word' id='word_1_752' title='bbox 2506 4184 2614 4238; x_wconf 87' lang='grc' dir='ltr'><strong>τῶν</strong></span> <span class='ocrx_word' id='word_1_753' title='bbox 2644 4186 2985 4256; x_wconf 86' lang='grc' dir='ltr'>πραγμάτων</span> <span class='ocrx_word' id='word_1_754' title='bbox 3010 4186 3427 4257; x_wconf 81' lang='grc' dir='ltr'>κατακεχυμένη</span> <span class='ocrx_word' id='word_1_755' title='bbox 3458 4188 3556 4240; x_wconf 89' lang='grc' dir='ltr'><strong>οὐκ</strong></span> <span class='ocrx_word' id='word_1_756' title='bbox 3588 4189 3644 4257; x_wconf 73' lang='grc' dir='ltr'>ἐᾷ</span> <span class='ocrx_word' id='word_1_757' title='bbox 3661 4187 3738 4253; x_wconf 74' lang='grc' dir='ltr'>τὴν</span> 
     </span>
    </p>
   </div>
   <div class='ocr_carea' id='block_1_104' title="bbox 2198 4276 3735 4349">
    <p class='ocr_par' dir='ltr' id='par_1_104' title="bbox 2198 4276 3735 4349">
     <span class='ocr_line' id='line_1_104' title="bbox 2198 4276 3735 4349; baseline -0.003 -18"><span class='ocrx_word' id='word_1_758' title='bbox 2198 4277 2456 4348; x_wconf 81' lang='grc' dir='ltr'>ἀλήθειαν</span> <span class='ocrx_word' id='word_1_759' title='bbox 2484 4278 2582 4331; x_wconf 73' lang='grc' dir='ltr'>καὶ</span> <span class='ocrx_word' id='word_1_760' title='bbox 2629 4276 2729 4349; x_wconf 82' lang='grc' dir='ltr'><strong>τὴν</strong></span> <span class='ocrx_word' id='word_1_761' title='bbox 2757 4277 2934 4331; x_wconf 81' lang='grc' dir='ltr'>αἰτίαν</span> <span class='ocrx_word' id='word_1_762' title='bbox 2963 4277 3065 4348; x_wconf 77' lang='grc' dir='ltr'><strong>τῆς</strong></span> <span class='ocrx_word' id='word_1_763' title='bbox 3104 4278 3285 4332; x_wconf 84' lang='grc' dir='ltr'>αὐτῶν</span> <span class='ocrx_word' id='word_1_764' title='bbox 3334 4279 3627 4349; x_wconf 59' lang='grc' dir='ltr'>μεταδολῑκ</span> <span class='ocrx_word' id='word_1_765' title='bbox 3663 4278 3735 4329; x_wconf 69' lang='grc' dir='ltr'><strong>καὶ</strong></span> 
     </span>
    </p>
   </div>
   <div class='ocr_carea' id='block_1_105' title="bbox 2197 4367 3735 4441">
    <p class='ocr_par' dir='ltr' id='par_1_105' title="bbox 2197 4367 3735 4441">
     <span class='ocr_line' id='line_1_105' title="bbox 2197 4367 3735 4441; baseline 0.004 -19"><span class='ocrx_word' id='word_1_766' title='bbox 2197 4369 2407 4441; x_wconf 85' lang='grc' dir='ltr'>τροπῆς</span> <span class='ocrx_word' id='word_1_767' title='bbox 2454 4369 2712 4441; x_wconf 83' lang='grc' dir='ltr'>καθαρῶς</span> <span class='ocrx_word' id='word_1_768' title='bbox 2767 4367 3058 4440; x_wconf 84' lang='grc' dir='ltr'>καταθρείν</span> <span class='ocrx_word' id='word_1_769' title='bbox 3079 4387 3094 4403; x_wconf 78' lang='grc'><em>’</em></span> <span class='ocrx_word' id='word_1_770' title='bbox 3146 4369 3286 4441; x_wconf 85' lang='grc' dir='ltr'><strong>μετά</strong></span> <span class='ocrx_word' id='word_1_771' title='bbox 3315 4369 3489 4424; x_wconf 89' lang='grc' dir='ltr'>ταῦτα</span> <span class='ocrx_word' id='word_1_772' title='bbox 3523 4370 3577 4423; x_wconf 80' lang='grc' dir='ltr'><strong>δὲ</strong></span> <span class='ocrx_word' id='word_1_773' title='bbox 3609 4368 3735 4435; x_wconf 60' lang='lat'><strong>1670;</strong></span> 
     </span>
    </p>
   </div>
   <div class='ocr_carea' id='block_1_106' title="bbox 2197 4461 3733 4533">
    <p class='ocr_par' dir='ltr' id='par_1_106' title="bbox 2197 4461 3733 4533">
     <span class='ocr_line' id='line_1_106' title="bbox 2197 4461 3733 4533; baseline -0.002 -17"><span class='ocrx_word' id='word_1_774' title='bbox 2197 4461 2450 4532; x_wconf 81' lang='grc' dir='ltr'>γνώσεως</span> <span class='ocrx_word' id='word_1_775' title='bbox 2480 4463 2555 4525; x_wconf 81' lang='grc' dir='ltr'>ὡς</span> <span class='ocrx_word' id='word_1_776' title='bbox 2582 4461 2696 4531; x_wconf 82' lang='grc' dir='ltr'><strong>φῶς</strong></span> <span class='ocrx_word' id='word_1_777' title='bbox 2732 4464 2845 4526; x_wconf 76' lang='grc' dir='ltr'>τοῖς</span> <span class='ocrx_word' id='word_1_778' title='bbox 2868 4462 2966 4533; x_wconf 77' lang='grc' dir='ltr'>τῆς</span> <span class='ocrx_word' id='word_1_779' title='bbox 3006 4462 3261 4531; x_wconf 86' lang='grc' dir='ltr'>ἀληθείας</span> <span class='ocrx_word' id='word_1_780' title='bbox 3288 4463 3589 4533; x_wconf 72' lang='grc' dir='ltr'>ἐφιεμένοις</span> <span class='ocrx_word' id='word_1_781' title='bbox 3632 4464 3733 4514; x_wconf 80' lang='grc' dir='ltr'>ἀνα-</span> 
     </span>
    </p>
   </div>
   <div class='ocr_carea' id='block_1_107' title="bbox 2197 4554 3733 4626">
    <p class='ocr_par' dir='ltr' id='par_1_107' title="bbox 2197 4554 3733 4626">
     <span class='ocr_line' id='line_1_107' title="bbox 2197 4554 3733 4626; baseline 0 -19"><span class='ocrx_word' id='word_1_782' title='bbox 2197 4554 2370 4618; x_wconf 80' lang='grc' dir='ltr'>τελεῖ,</span> <span class='ocrx_word' id='word_1_783' title='bbox 2403 4556 2500 4608; x_wconf 73' lang='grc' dir='ltr'>καὶ</span> <span class='ocrx_word' id='word_1_784' title='bbox 2547 4554 2758 4617; x_wconf 85' lang='grc' dir='ltr'>πάντα,</span> <span class='ocrx_word' id='word_1_785' title='bbox 2807 4555 2977 4625; x_wconf 82' lang='grc' dir='ltr'>φησὶ,</span> <span class='ocrx_word' id='word_1_786' title='bbox 3020 4554 3233 4625; x_wconf 80' lang='grc' dir='ltr'>τρανῶς</span> <span class='ocrx_word' id='word_1_787' title='bbox 3273 4558 3648 4626; x_wconf 77' lang='grc' dir='ltr'>κατανοήσεις,</span> <span class='ocrx_word' id='word_1_788' title='bbox 3674 4554 3733 4613; x_wconf 78' lang='grc' dir='ltr'>ὡς</span> 
     </span>
    </p>
   </div>
   <div class='ocr_carea' id='block_1_108' title="bbox 2198 4646 3731 4717">
    <p class='ocr_par' dir='ltr' id='par_1_108' title="bbox 2198 4646 3731 4717">
     <span class='ocr_line' id='line_1_108' title="bbox 2198 4646 3731 4717; baseline -0.001 -18"><span class='ocrx_word' id='word_1_789' title='bbox 2198 4646 2380 4709; x_wconf 84' lang='grc' dir='ltr'>καλῶς</span> <span class='ocrx_word' id='word_1_790' title='bbox 2407 4647 2502 4700; x_wconf 76' lang='grc' dir='ltr'><strong>καὶ</strong></span> <span class='ocrx_word' id='word_1_791' title='bbox 2535 4646 2714 4716; x_wconf 80' lang='grc' dir='ltr'>σοφῶς</span> <span class='ocrx_word' id='word_1_792' title='bbox 2737 4647 3098 4716; x_wconf 85' lang='grc' dir='ltr'>οἰκονομεῖται</span> <span class='ocrx_word' id='word_1_793' title='bbox 3125 4646 3204 4717; x_wconf 81' lang='grc' dir='ltr'>τῷ</span> <span class='ocrx_word' id='word_1_794' title='bbox 3226 4647 3335 4700; x_wconf 89' lang='grc' dir='ltr'><strong>τῶν</strong></span> <span class='ocrx_word' id='word_1_795' title='bbox 3358 4648 3602 4701; x_wconf 82' lang='grc' dir='ltr'>ἁπάντων</span> <span class='ocrx_word' id='word_1_796' title='bbox 3624 4662 3731 4715; x_wconf 74' lang='grc' dir='ltr'><strong>προ⁴</strong></span> 
     </span>
    </p>
   </div>
   <div class='ocr_carea' id='block_1_109' title="bbox 2201 4739 3729 4813">
    <p class='ocr_par' dir='ltr' id='par_1_109' title="bbox 2201 4739 3729 4813">
     <span class='ocr_line' id='line_1_109' title="bbox 2201 4739 3729 4813; baseline -0.002 -22"><span class='ocrx_word' id='word_1_797' title='bbox 2201 4739 2363 4809; x_wconf 85' lang='grc' dir='ltr'>μηθεῖ</span> <span class='ocrx_word' id='word_1_798' title='bbox 2402 4739 2497 4792; x_wconf 68' lang='grc' dir='ltr'><strong>καὶ</strong></span> <span class='ocrx_word' id='word_1_799' title='bbox 2527 4743 2828 4813; x_wconf 80' lang='grc' dir='ltr'>προνοητῇ·</span> <span class='ocrx_word' id='word_1_800' title='bbox 2864 4742 2896 4812; x_wconf 81' lang='grc' dir='ltr'><strong>ἢ</strong></span> <span class='ocrx_word' id='word_1_801' title='bbox 2931 4740 3006 4803; x_wconf 83' lang='grc' dir='ltr'>ὡς</span> <span class='ocrx_word' id='word_1_802' title='bbox 3053 4739 3168 4809; x_wconf 80' lang='grc' dir='ltr'>φῶς</span> <span class='ocrx_word' id='word_1_803' title='bbox 3215 4741 3358 4811; x_wconf 86' lang='grc' dir='ltr'>όρῶν</span> <span class='ocrx_word' id='word_1_804' title='bbox 3386 4741 3478 4795; x_wconf 70' lang='grc' dir='ltr'><strong>τὸν</strong></span> <span class='ocrx_word' id='word_1_805' title='bbox 3514 4740 3634 4793; x_wconf 73' lang='grc' dir='ltr'>Θεὸν</span> <span class='ocrx_word' id='word_1_806' title='bbox 3660 4740 3729 4791; x_wconf 74' lang='grc' dir='ltr'><strong>καὶ</strong></span> 
     </span>
    </p>
   </div>
   <div class='ocr_carea' id='block_1_110' title="bbox 2176 4830 3730 4902">
    <p class='ocr_par' dir='ltr' id='par_1_110' title="bbox 2176 4830 3730 4902">
     <span class='ocr_line' id='line_1_110' title="bbox 2176 4830 3730 4902; baseline 0.001 -20"><span class='ocrx_word' id='word_1_807' title='bbox 2176 4832 2257 4883; x_wconf 83' lang='grc' dir='ltr'><strong>’ὲν</strong></span> <span class='ocrx_word' id='word_1_808' title='bbox 2284 4830 2434 4901; x_wconf 85' lang='grc' dir='ltr'><strong>αὐτῷ</strong></span> <span class='ocrx_word' id='word_1_809' title='bbox 2467 4833 2591 4894; x_wconf 80' lang='grc' dir='ltr'>τοὺς</span> <span class='ocrx_word' id='word_1_810' title='bbox 2612 4831 2804 4900; x_wconf 86' lang='grc' dir='ltr'>λόγους</span> <span class='ocrx_word' id='word_1_811' title='bbox 2846 4833 2955 4887; x_wconf 88' lang='grc' dir='ltr'><strong>τῶν</strong></span> <span class='ocrx_word' id='word_1_812' title='bbox 2998 4832 3299 4902; x_wconf 81' lang='grc' dir='ltr'>γινομένων</span> <span class='ocrx_word' id='word_1_813' title='bbox 3330 4831 3730 4902; x_wconf 67' lang='grc' dir='ltr'>καταφοηιζόμί-</span> 
     </span>
    </p>
   </div>
   <div class='ocr_carea' id='block_1_111' title="bbox 2198 4924 3725 4997">
    <p class='ocr_par' dir='ltr' id='par_1_111' title="bbox 2198 4924 3725 4997">
     <span class='ocr_line' id='line_1_111' title="bbox 2198 4924 3725 4997; baseline 0.001 -18"><span class='ocrx_word' id='word_1_814' title='bbox 2198 4942 2310 4990; x_wconf 88' lang='grc' dir='ltr'>νος,</span> <span class='ocrx_word' id='word_1_815' title='bbox 2342 4924 2375 4995; x_wconf 77' lang='grc' dir='ltr'>ἢ</span> <span class='ocrx_word' id='word_1_816' title='bbox 2409 4924 2485 4988; x_wconf 82' lang='grc' dir='ltr'>ὡς</span> <span class='ocrx_word' id='word_1_817' title='bbox 2514 4927 2648 4995; x_wconf 76' lang='grc' dir='ltr'>πυρὶ</span> <span class='ocrx_word' id='word_1_818' title='bbox 2670 4925 2845 4996; x_wconf 82' lang='grc' dir='ltr'>τούτῳ</span> <span class='ocrx_word' id='word_1_819' title='bbox 2885 4926 3221 4997; x_wconf 85' lang='grc' dir='ltr'>δαπτόμενος</span> <span class='ocrx_word' id='word_1_820' title='bbox 3263 4926 3356 4979; x_wconf 82' lang='grc' dir='ltr'><strong>καὶ</strong></span> <span class='ocrx_word' id='word_1_821' title='bbox 3379 4926 3725 4997; x_wconf 74' lang='grc' dir='ltr'>κολαζόμενος.</span> 
     </span>
    </p>
   </div>
   <div class='ocr_carea' id='block_1_112' title="bbox 2198 5014 3725 5088">
    <p class='ocr_par' dir='ltr' id='par_1_112' title="bbox 2198 5014 3725 5088">
     <span class='ocr_line' id='line_1_112' title="bbox 2198 5014 3725 5088; baseline 0.004 -21"><span class='ocrx_word' id='word_1_822' title='bbox 2198 5014 2321 5088; x_wconf 80' lang='grc' dir='ltr'>εἴσῃ</span> <span class='ocrx_word' id='word_1_823' title='bbox 2368 5016 2545 5071; x_wconf 86' lang='grc' dir='ltr'>πάντα</span> <span class='ocrx_word' id='word_1_824' title='bbox 2586 5016 2652 5071; x_wconf 87' lang='grc' dir='ltr'><strong>δι’</strong></span> <span class='ocrx_word' id='word_1_825' title='bbox 2695 5019 2861 5072; x_wconf 87' lang='grc' dir='ltr'>αὐτοῦ</span> <span class='ocrx_word' id='word_1_826' title='bbox 2909 5019 3154 5088; x_wconf 85' lang='grc' dir='ltr'>γίνεσθαι</span> <span class='ocrx_word' id='word_1_827' title='bbox 3182 5020 3279 5073; x_wconf 74' lang='grc' dir='ltr'><strong>καὶ</strong></span> <span class='ocrx_word' id='word_1_828' title='bbox 3304 5020 3489 5075; x_wconf 85' lang='grc' dir='ltr'>δίκαια</span> <span class='ocrx_word' id='word_1_829' title='bbox 3515 5024 3602 5075; x_wconf 78' lang='grc' dir='ltr'>καὶ</span> <span class='ocrx_word' id='word_1_830' title='bbox 3622 5018 3725 5088; x_wconf 68' lang='grc' dir='ltr'>ἁλη-</span> 
     </span>
    </p>
   </div>
   <div class='ocr_carea' id='block_1_113' title="bbox 2199 5108 3059 5182">
    <p class='ocr_par' dir='ltr' id='par_1_113' title="bbox 2199 5108 3059 5182">
     <span class='ocr_line' id='line_1_113' title="bbox 2199 5108 3059 5182; baseline 0.006 -20"><span class='ocrx_word' id='word_1_831' title='bbox 2199 5108 2320 5163; x_wconf 78' lang='grc' dir='ltr'><strong>θινά</strong></span> <span class='ocrx_word' id='word_1_832' title='bbox 2345 5111 2438 5163; x_wconf 81' lang='grc' dir='ltr'><strong>καὶ</strong></span> <span class='ocrx_word' id='word_1_833' title='bbox 2465 5110 2716 5182; x_wconf 84' lang='grc' dir='ltr'>λυσιτελῆ</span> <span class='ocrx_word' id='word_1_834' title='bbox 2747 5112 2842 5165; x_wconf 81' lang='grc' dir='ltr'>καὶ</span> <span class='ocrx_word' id='word_1_835' title='bbox 2871 5112 3059 5169; x_wconf 86' lang='grc' dir='ltr'>πιστά.</span> 
     </span>
    </p>
   </div>
   <div class='ocr_carea' id='block_1_114' title="bbox 2303 5224 3643 5297">
    <p class='ocr_par' dir='ltr' id='par_1_114' title="bbox 2303 5224 3643 5297">
     <span class='ocr_line' id='line_1_114' title="bbox 2303 5224 3643 5297; baseline -0.001 -17"><span class='ocrx_word' id='word_1_836' title='bbox 2303 5226 2411 5292; x_wconf 84' lang='grc' dir='ltr'><strong>’Ὧς</strong></span> <span class='ocrx_word' id='word_1_837' title='bbox 2435 5243 2534 5295; x_wconf 80' lang='grc' dir='ltr'><strong>μοι</strong></span> <span class='ocrx_word' id='word_1_838' title='bbox 2558 5224 2722 5278; x_wconf 81' lang='grc' dir='ltr'>ταῦτ’</span> <span class='ocrx_word' id='word_1_839' title='bbox 2741 5225 2985 5280; x_wconf 61' lang='lat' dir='ltr'><strong>satisth</strong></span> <span class='ocrx_word' id='word_1_840' title='bbox 3013 5229 3191 5297; x_wconf 72' lang='grc' dir='ltr'>φίλος</span> <span class='ocrx_word' id='word_1_841' title='bbox 3216 5230 3380 5295; x_wconf 80' lang='grc' dir='ltr'>νόος,</span> <span class='ocrx_word' id='word_1_842' title='bbox 3414 5245 3470 5283; x_wconf 86' lang='grc' dir='ltr'>κ.</span> <span class='ocrx_word' id='word_1_843' title='bbox 3494 5245 3543 5282; x_wconf 89' lang='grc' dir='ltr'><strong>τ.</strong></span> <span class='ocrx_word' id='word_1_844' title='bbox 3574 5226 3643 5292; x_wconf 78' lang='grc' dir='ltr'><strong>ἐξ.</strong></span> 
     </span>
    </p>
   </div>
   <div class='ocr_carea' id='block_1_115' title="bbox 2280 5337 3725 5413">
    <p class='ocr_par' dir='ltr' id='par_1_115' title="bbox 2280 5337 3725 5413">
     <span class='ocr_line' id='line_1_115' title="bbox 2280 5337 3725 5413; baseline 0.001 -21"><span class='ocrx_word' id='word_1_845' title='bbox 2280 5338 2365 5403; x_wconf 86' lang='grc' dir='ltr'>Ὧς</span> <span class='ocrx_word' id='word_1_846' title='bbox 2391 5339 2516 5404; x_wconf 79' lang='grc' dir='ltr'><strong>τούς</strong></span> <span class='ocrx_word' id='word_1_847' title='bbox 2566 5339 2840 5405; x_wconf 84' lang='grc' dir='ltr'>τοιούτους</span> <span class='ocrx_word' id='word_1_848' title='bbox 2872 5341 3167 5413; x_wconf 79' lang='grc' dir='ltr'>λογισμοὺς</span> <span class='ocrx_word' id='word_1_849' title='bbox 3203 5341 3348 5397; x_wconf 86' lang='grc' dir='ltr'><strong>κατά</strong></span> <span class='ocrx_word' id='word_1_850' title='bbox 3384 5341 3447 5396; x_wconf 76' lang='grc' dir='ltr'>τὸ</span> <span class='ocrx_word' id='word_1_851' title='bbox 3481 5337 3725 5411; x_wconf 71' lang='grc' dir='ltr'>εἰρημένον</span> 
     </span>
    </p>
   </div>
   <div class='ocr_carea' id='block_1_116' title="bbox 2194 5427 3726 5507">
    <p class='ocr_par' dir='ltr' id='par_1_116' title="bbox 2194 5427 3726 5507">
     <span class='ocr_line' id='line_1_116' title="bbox 2194 5427 3726 5507; baseline 0.003 -22"><span class='ocrx_word' id='word_1_852' title='bbox 2194 5430 2356 5495; x_wconf 78' lang='grc' dir='ltr'>ἄλσος</span> <span class='ocrx_word' id='word_1_853' title='bbox 2396 5431 2573 5485; x_wconf 76' lang='grc' dir='ltr'>ἐκεῖνο</span> <span class='ocrx_word' id='word_1_854' title='bbox 2624 5431 3034 5506; x_wconf 86' lang='grc' dir='ltr'>ἀνακεκλιμένῳ</span> <span class='ocrx_word' id='word_1_855' title='bbox 3062 5435 3158 5490; x_wconf 75' lang='grc' dir='ltr'>καὶ</span> <span class='ocrx_word' id='word_1_856' title='bbox 3201 5435 3532 5507; x_wconf 82' lang='grc' dir='ltr'>τρυχωμένῳ</span> <span class='ocrx_word' id='word_1_857' title='bbox 3552 5434 3579 5486; x_wconf 92' lang='lat'><strong>6</strong></span> <span class='ocrx_word' id='word_1_858' title='bbox 3607 5427 3726 5500; x_wconf 70' lang='grc' dir='ltr'>φίλος</span> 
     </span>
    </p>
   </div>
   <div class='ocr_carea' id='block_1_117' title="bbox 2193 5520 3724 5597">
    <p class='ocr_par' dir='ltr' id='par_1_117' title="bbox 2193 5520 3724 5597">
     <span class='ocr_line' id='line_1_117' title="bbox 2193 5520 3724 5597; baseline 0.003 -23"><span class='ocrx_word' id='word_1_859' title='bbox 2193 5520 2316 5585; x_wconf 86' lang='grc' dir='ltr'>νοῦς</span> <span class='ocrx_word' id='word_1_860' title='bbox 2350 5522 2669 5595; x_wconf 75' lang='grc' dir='ltr'>κατεπᾴδων</span> <span class='ocrx_word' id='word_1_861' title='bbox 2695 5541 2783 5595; x_wconf 90' lang='grc' dir='ltr'><strong>μοι</strong></span> <span class='ocrx_word' id='word_1_862' title='bbox 2810 5525 3178 5597; x_wconf 86' lang='grc' dir='ltr'>παρεμυθεῖτο</span> <span class='ocrx_word' id='word_1_863' title='bbox 3198 5527 3291 5579; x_wconf 76' lang='grc' dir='ltr'>καὶ</span> <span class='ocrx_word' id='word_1_864' title='bbox 3316 5526 3377 5579; x_wconf 87' lang='grc' dir='ltr'>τὸ</span> <span class='ocrx_word' id='word_1_865' title='bbox 3398 5524 3488 5580; x_wconf 88' lang='grc' dir='ltr'><strong>τοῦ</strong></span> <span class='ocrx_word' id='word_1_866' title='bbox 3516 5523 3724 5591; x_wconf 73' lang='grc' dir='ltr'>σώματος</span> 
     </span>
    </p>
   </div>
   <div class='ocr_carea' id='block_1_118' title="bbox 2193 5610 3718 5688">
    <p class='ocr_par' dir='ltr' id='par_1_118' title="bbox 2193 5610 3718 5688">
     <span class='ocr_line' id='line_1_118' title="bbox 2193 5610 3718 5688; baseline 0 -24"><span class='ocrx_word' id='word_1_867' title='bbox 2193 5610 2362 5682; x_wconf 44' lang='lat' dir='ltr'><strong>Erratis</strong></span> <span class='ocrx_word' id='word_1_868' title='bbox 2420 5613 2715 5685; x_wconf 80' lang='grc' dir='ltr'>πραῦνθέν,</span> <span class='ocrx_word' id='word_1_869' title='bbox 2752 5614 2927 5683; x_wconf 84' lang='grc' dir='ltr'>κάγὼ,</span> <span class='ocrx_word' id='word_1_870' title='bbox 2959 5618 3115 5687; x_wconf 80' lang='grc' dir='ltr'>φησὶ,</span> <span class='ocrx_word' id='word_1_871' title='bbox 3157 5617 3259 5687; x_wconf 82' lang='grc' dir='ltr'>τῆς</span> <span class='ocrx_word' id='word_1_872' title='bbox 3295 5617 3445 5688; x_wconf 82' lang='grc' dir='ltr'>ὧρας</span> <span class='ocrx_word' id='word_1_873' title='bbox 3466 5616 3555 5686; x_wconf 70' lang='grc' dir='ltr'><strong>ὀψὲ</strong></span> <span class='ocrx_word' id='word_1_874' title='bbox 3575 5615 3718 5667; x_wconf 78' lang='grc' dir='ltr'>διανα·</span> 
     </span>
    </p>
   </div>
   <div class='ocr_carea' id='block_1_119' title="bbox 2196 5703 3715 5781">
    <p class='ocr_par' dir='ltr' id='par_1_119' title="bbox 2196 5703 3715 5781">
     <span class='ocr_line' id='line_1_119' title="bbox 2196 5703 3715 5781; baseline 0.002 -25"><span class='ocrx_word' id='word_1_875' title='bbox 2196 5703 2328 5768; x_wconf 85' lang='grc' dir='ltr'><strong>στάς</strong></span> <span class='ocrx_word' id='word_1_876' title='bbox 2356 5704 2449 5757; x_wconf 89' lang='grc' dir='ltr'><strong>τοῦ</strong></span> <span class='ocrx_word' id='word_1_877' title='bbox 2472 5706 2802 5777; x_wconf 83' lang='grc' dir='ltr'>παραδείσου</span> <span class='ocrx_word' id='word_1_878' title='bbox 2830 5708 2913 5771; x_wconf 90' lang='grc' dir='ltr'><strong>είς</strong></span> <span class='ocrx_word' id='word_1_879' title='bbox 2938 5710 3038 5779; x_wconf 81' lang='grc' dir='ltr'>τὴν</span> <span class='ocrx_word' id='word_1_880' title='bbox 3061 5709 3238 5763; x_wconf 89' lang='grc' dir='ltr'>οίκίαν</span> <span class='ocrx_word' id='word_1_881' title='bbox 3268 5711 3540 5781; x_wconf 71' lang='grc' dir='ltr'>ἐπανῄειν,</span> <span class='ocrx_word' id='word_1_882' title='bbox 3568 5704 3715 5760; x_wconf 74' lang='grc' dir='ltr'>ἄλλοτε</span> 
     </span>
    </p>
   </div>
   <div class='ocr_carea' id='block_1_120' title="bbox 2195 5793 3715 5871">
    <p class='ocr_par' dir='ltr' id='par_1_120' title="bbox 2195 5793 3715 5871">
     <span class='ocr_line' id='line_1_120' title="bbox 2195 5793 3715 5871; baseline 0.008 -22"><span class='ocrx_word' id='word_1_883' title='bbox 2195 5797 2295 5868; x_wconf 83' lang='grc' dir='ltr'><strong>μὲν</strong></span> <span class='ocrx_word' id='word_1_884' title='bbox 2321 5793 2415 5851; x_wconf 75' lang='grc' dir='ltr'><strong>οὖν</strong></span> <span class='ocrx_word' id='word_1_885' title='bbox 2453 5799 2614 5869; x_wconf 78' lang='grc' dir='ltr'>γελᾷν</span> <span class='ocrx_word' id='word_1_886' title='bbox 2652 5817 2741 5870; x_wconf 89' lang='grc' dir='ltr'><strong>μοι</strong></span> <span class='ocrx_word' id='word_1_887' title='bbox 2777 5800 2868 5853; x_wconf 84' lang='grc' dir='ltr'>τὸν</span> <span class='ocrx_word' id='word_1_888' title='bbox 2901 5800 3133 5871; x_wconf 84' lang='grc' dir='ltr'>ἄλλωςῆ</span> <span class='ocrx_word' id='word_1_889' title='bbox 3172 5801 3367 5867; x_wconf 72' lang='grc' dir='ltr'>οὕτως,</span> <span class='ocrx_word' id='word_1_890' title='bbox 3394 5803 3465 5866; x_wconf 84' lang='grc' dir='ltr'>ὠς</span> <span class='ocrx_word' id='word_1_891' title='bbox 3499 5796 3715 5871; x_wconf 78' lang='grc' dir='ltr'>προείρη-</span> 
     </span>
    </p>
   </div>
   <div class='ocr_carea' id='block_1_121' title="bbox 2181 5883 3713 5969">
    <p class='ocr_par' dir='ltr' id='par_1_121' title="bbox 2181 5883 3713 5969">
     <span class='ocr_line' id='line_1_121' title="bbox 2181 5883 3713 5969; baseline 0.003 -24"><span class='ocrx_word' id='word_1_892' title='bbox 2181 5905 2313 5956; x_wconf 65' lang='grc' dir='ltr'>ται,</span> <span class='ocrx_word' id='word_1_893' title='bbox 2357 5889 2657 5962; x_wconf 82' lang='grc' dir='ltr'>φρονοῦντα</span> <span class='ocrx_word' id='word_1_894' title='bbox 2700 5889 2857 5961; x_wconf 73' lang='grc' dir='ltr'>ἐπῄει</span> <span class='ocrx_word' id='word_1_895' title='bbox 2884 5910 2897 5923; x_wconf 90' lang='grc'><strong>·</strong></span> <span class='ocrx_word' id='word_1_896' title='bbox 2934 5895 3027 5947; x_wconf 80' lang='grc' dir='ltr'>καὶ</span> <span class='ocrx_word' id='word_1_897' title='bbox 3072 5893 3178 5969; x_wconf 77' lang='grc' dir='ltr'><strong>γάρ</strong></span> <span class='ocrx_word' id='word_1_898' title='bbox 3215 5895 3518 5968; x_wconf 73' lang='grc' dir='ltr'>ἐτερὸφρων</span> <span class='ocrx_word' id='word_1_899' title='bbox 3548 5883 3713 5950; x_wconf 67' lang='grc' dir='ltr'><strong>ᾰπτιςδ</strong></span> 
     </span>
    </p>
   </div>
  </div>
