3814 6494
106 391 207 449 ῗιῖῧ

107 513 181 582 μὴ
212 514 321 576 τοῖς
349 510 448 583 τῆς
491 512 618 582 μιᾶς
644 513 737 566 καὶ
779 511 1004 583 πρώτης
1041 503 1301 582 ἀληθείας
1333 511 1558 582 ποιχῶν
1583 511 1670 564 λό-

103 618 238 670 γοις,
269 603 361 655 καὶ
401 600 582 664 αὐτοῖς
624 599 882 672 ἀσφαλῶς
924 602 1288 674 ὲνιδρυμένος.
1323 593 1405 674 Πὴ
1450 604 1547 674 μὲν
1577 599 1671 656 οὐν

99 694 209 745 τῶν
259 694 512 748 τοιούτων
561 696 858 760 ταλανίζων
906 696 1004 768 τὴν
1041 696 1224 751 ἄνοιαν
1252 695 1474 764 ἐγέλων,
1509 695 1586 766 πὴ
1614 695 1670 749 δὲ

98 785 196 838 καὶ
219 788 283 856 τῇ
307 785 451 857 λύπῃ
480 786 577 857 τὴν
609 785 786 856 ψυχὴν
820 786 1242 859 ὲπνρπολούμην
1263 805 1274 818 ·
1305 788 1366 841 οὐ
1389 785 1499 858 γὰρ
1529 785 1671 840 κατὰ

95 874 190 925 τὸν
211 876 545 946 Δημόκριτον
571 876 808 949 ἄκρατος
835 879 863 932 ό
891 877 1084 946 γέλως,
1118 877 1254 931 ἀλλὰ
1275 876 1417 932 κατά
1440 876 1532 930 τὸν
1553 878 1670 947 φιλ-

93 966 384 1037 άνθρωπον
421 967 628 1039 Ἰησοῦν
675 971 768 1022 καὶ
804 969 901 1040 τῆς
925 969 1092 1032 ὄντως
1143 968 1460 1038 φιλοσοφίας
1493 969 1668 1041 ἀρχη-

93 1060 384 1127 γόν.οὓτω
409 1080 498 1131 μοι
527 1062 620 1116 τοῦ
658 1061 750 1116 νοΰ
779 1061 891 1126 τοῖς
916 1062 1215 1134 λογισμοῖς,
1247 1060 1324 1134 τῷ
1353 1063 1545 1132 γέλωτι
1577 1061 1669 1114 καὶ

90 1155 158 1222 τῇ
209 1153 352 1226 λύπῃ
398 1152 794 1226 ἀγαθοπρεπῶς
843 1154 1134 1226 μαχομένῳ
1185 1154 1276 1208 καὶ
1331 1153 1668 1225 μεριζομένῳ

88 1245 387 1314 ἐπανῆκον.
429 1243 645 1316 Ταύτης
671 1249 769 1316 τῆς
809 1246 1128 1316 φιλοσοφίας
1155 1245 1249 1298 καὶ
1281 1243 1428 1316 ἡμᾶς
1457 1243 1544 1296 διά
1573 1240 1668 1296 τοῦ

89 1334 343 1402 θεολόγον
386 1353 499 1398 σου,
551 1337 752 1408 Χριστὲ
793 1339 966 1407 Ἰησοῦ
990 1377 1004 1400 ,
1032 1337 1392 1401 καταξιώσας,
1417 1335 1510 1389 καὶ
1558 1335 1670 1395 τοῖς

1081 393 1150 447 ίΝ
1189 391 1496 448 (ἸΑΒΜΙΝΑ
1538 392 1816 451 ARCANA
1877 394 1936 448 S.
1965 392 2312 450 GREGORII.

3242 397 3345 481 ται

1781 513 2044 575 ridebam,
2082 530 2226 569 nunc
2264 529 2496 570 maerere
2519 515 2570 568 in
2608 515 2789 571 anima
2825 517 3171 573 conﬂcichar.
3223 519 3342 574 Non

1777 603 1925 656 enim
1978 602 2272 658 Democriti
2306 620 2458 660 more
2499 621 2681 661 merus
2704 607 2872 672 risus,
2916 608 3010 663 sed
3046 607 3207 678 juxta
3244 609 3345 664 ho-

1776 693 1985 746 minum
2012 704 2313 748 amatorem
2346 692 2531 748 Jesum
2561 705 2615 748 et
2651 711 2792 749 verte
2820 695 3182 766 philosophias
3228 711 3344 749 ma-

1773 782 2030 852 gistrum.
2065 783 2158 839 Sic
2188 785 2256 839 ab
2283 786 2487 857 agitato
2520 785 2841 851 ratiociniis,
2874 786 2995 842 visu
3019 797 3072 842 et
3095 786 3345 841 alllictio-

1775 875 1938 931 nibus
1976 875 2362 932 convenienter
2409 886 2589 931 tamen
2630 887 2794 948 atque
2827 878 3003 932 diviso
3040 879 3235 948 spiritu
3273 877 3344 933 ait

1777 979 1862 1018 me
1896 960 2162 1021 redibam.
2199 965 2310 1023 llac
2345 968 2686 1038 philosophia
2713 975 2766 1022 et
2797 984 2898 1024 nos
2925 985 3019 1038 per
3035 971 3352 1041 theologum.

1771 1065 1948 1124 tuum,
1987 1055 2204 1114 Christe
2241 1055 2393 1124 Iesu,
2431 1061 2690 1133 dignatus
2737 1077 2815 1127 es,
2849 1069 2903 1116 et
2940 1061 3131 1117 iisdem
3173 1064 3345 1116 ratio-

1771 1147 1952 1214 ciniis,
1985 1151 2330 1206 sermonibus
2365 1159 2418 1206 et
2448 1153 2798 1224 dogmatibus
2825 1154 3125 1225 colligasti,
3161 1163 3213 1208 et
3251 1170 3345 1211 ve-

1770 1239 1946 1296 ritatis
1996 1245 2104 1296 tum
2160 1249 2327 1313 atque
2365 1244 2648 1314 sapienti-.e
2696 1244 2972 1314 periecisti
3016 1243 3343 1315 participes,

1773 1344 1876 1384 nos
1923 1333 2102 1388 adhuc
2152 1334 2331 1404 recipe
2365 1336 2418 1390 in
2445 1337 2663 1392 saecula.
2693 1337 2888 1391 Amen.

86 1430 282 1493 αὐτοῖς
330 1429 604 1500 λογισμοῖς
647 1432 739 1484 καὶ
786 1430 965 1499 λόγοις
1002 1433 1092 1485 καὶ
1151 1433 1413 1502 ¹δόγμασιν
1459 1423 1782 1499 ἐμπεδώσεις
1820 1423 1912 1475 καὶ
1963 1425 2448 1498 καταρτισάμενος,
2495 1430 2593 1501 τῆς
2634 1429 2733 1500 σῆς
2783 1429 3037 1492 ἀληθείας
3084 1430 3177 1484 καὶ
3225 1429 3343 1483 θεο-

88 1523 288 1589 σοςρίας
325 1521 586 1592 μετόχους
630 1519 903 1586 ἀνάδειξον
937 1525 1015 1587 είς
1041 1526 1167 1589 τοὺς
1193 1524 1414 1586 αἰῶνας.
1457 1518 1650 1590 Ἀμήν.
1680 1511 1814 1584 Περὶ
1840 1512 2054 1583 φύσεως
2073 1515 2415 1592 ἀνθρωπίνης
2447 1521 2598 1591 λόγος
2624 1530 2673 1580 ι’.

97 1635 432 1708 Ἐξήγησις
477 1637 595 1690 τῶν
641 1639 992 1707 ἀπορῤἠτων
1022 1641 1128 1694 τοῦ
1149 1641 1409 1708 μεγάλου
1439 1640 1663 1708 rostro:

147 1707 297 1773 ρίου
324 1709 426 1761 τοῦ
467 1706 766 1778 Θεολόγουί
805 1709 968 1762 ἐπῶν
993 1729 1005 1740 ’
1039 1712 1176 1777 Περὶ
1223 1706 1528 1772 εὐτελείας
1568 1706 1672 1760 τοῦ

153 1779 336 1843 ἐκτὸς
367 1779 677 1846 ἀνθρώπου
707 1779 804 1831 καί
827 1779 936 1848 τῆς
957 1779 1073 1833 τῶν
1095 1781 1407 1850 παρόντων
1429 1778 1666 1848 ματαιό-

155 1860 364 1915 τητος,
398 1853 580 1916 λόγος
617 1856 689 1902 ια’
726 1850 860 1920 (54).

155 1953 300 2027 Περὶ
333 1957 431 2027 τῆς
466 1959 812 2032 ἀνθρωπίνης
851 1959 1067 2029 φύσεως
1097 1959 1183 2013 διὰ
1213 1959 1320 2013 τῶν
1351 1943 1670 2029 φθασάντων

75 2047 148 2099 τὰ
189 2049 381 2102 εἰκότα
411 2051 806 2122 φυσιολογήσας
837 2055 865 2105 ὁ
891 2052 1344 2121 φιλοσοιρώτατος,
1372 2051 1465 2104 νῦν
1485 2051 1548 2121 δὴ
1574 2051 1668 2114 τὰς

76 2141 485 2210 παρεπομένας
529 2144 664 2214 αὐτῇ
711 2143 1116 2214 ταλαιπωρίας,
1152 2144 1424 2206 εὐτελείας
1467 2160 1526 2196 τε
1575 2142 1669 2195 καὶ

71 2230 420 2296 δυσπαθείας
451 2234 757 2298 εὐτελίζων,
790 2237 893 2288 κάν
923 2237 1131 2298 τούτοις
1169 2236 1276 2288 τῶν
1304 2235 1662 2306 ὑψαυχενούν-

72 2335 193 2375 των
219 2324 281 2374 τὸ
305 2324 533 2394 φύσημα
562 2327 880 2390 συστέλλων,
915 2327 1058 2380 οὕτω
1090 2328 1187 2391 τὰς
1214 2325 1455 2391 οὐδενίας
1487 2325 1667 2382 αὐτῶν

72 2414 426 2486 ὲκτραγῳδεῖ
452 2417 622 2486 λέγων
647 2433 662 2446 ·

73 2528 98 2582 1
153 2530 260 2595 Τίς
293 2531 586 2600 γενόμην;
625 2532 713 2598 τίς
735 2531 787 2584 δ’
807 2533 953 2602 εἱμί;
977 2551 1028 2586 κ.
1047 2551 1096 2586 τ.
1115 2533 1165 2588 λ.

159 2641 461 2714 Ἑννοήσας
480 2645 507 2696 ὁ
528 2644 984 2714 διορατικὼτατος
1009 2647 1070 2699 τὸ
1103 2648 1354 2718 άείρυτον
1377 2649 1471 2701 καὶ
1499 2649 1662 2718 εὐμε-

71 2733 369 2787 τάπτωτον
397 2739 494 2806 τῆς
525 2737 872 2808 ἀνθρωπίνης
894 2739 1080 2803 οὐσίας
1107 2741 1202 2792 καὶ
1227 2741 1664 2813 εὐρίπιστον,ναὶ

67 2825 135 2896 δὴ
166 2825 272 2878 καὶ
317 2825 379 2878 τὸ
414 2827 760 2881 ἀκιδνότατον
810 2830 902 2883 καὶ
947 2831 1338 2902 ἀδρανέστατον
1376 2830 1544 2901 αὐτῆς
1570 2849 1664 2884 τα·

67 2913 340 2981 λανίζων,
374 2913 734 2970 ἀποδυσπετεῖ
787 2921 874 2974 καὶ
928 2920 1120 2987 λέγει·
1149 2918 1220 2973 Ὦ
1264 2921 1346 2983 τίς
1398 2922 1663 2992 ἐγενόμην

64 3006 200 3060 κατ’
238 3008 453 3078 ἀρχάςς
487 3006 567 3072 τίς
597 3009 653 3062 δὲ
686 3011 778 3063 νῦν
803 3013 916 3082 εἰμι
943 3029 956 3076 ;
993 3013 1086 3065 καὶ
1117 3013 1170 3065 τί
1202 3013 1340 3083 μετὰ
1369 3009 1661 3084 [οιηπολύν

62 3098 276 3170 ἔσομαι
314 3100 532 3170 χρόνονς
572 3100 672 3154 ποῦ
718 3101 774 3154 δὲ
808 3103 1100 3173 καταλήξει
1140 3105 1232 3156 καὶ
1274 3107 1364 3156 ποῖ
1407 3104 1661 3175 στήσεταί

63 3208 152 3244 σοι
192 3191 261 3244 τὸ
287 3193 433 3262 μέγα
459 3192 614 3245 τοῦτο
654 3195 897 3264 πλάσμα,
938 3189 982 3247 ὦ
1028 3197 1294 3260 Δέσποτα,
1328 3197 1377 3250 εί
1424 3193 1532 3268 ἄρα
1567 3197 1660 3250 καὶ

64 3283 227 3352 μέγα
252 3284 403 3336 ἐστίν
432 3302 445 3350 ;
497 3285 651 3355 Ἐμοὶ
683 3287 792 3359 γὰρ
828 3289 1032 3352 δοκεῖν,
1064 3292 1091 3342 ό
1121 3287 1438 3353 διδάσκαλός
1473 3306 1659 3359 φησιν,

54 3375 138 3438 ὡς
163 3375 334 3428 οὐδὲν
355 3376 506 3440 ὄντες
539 3379 588 3430 οὶ
629 3378 925 3449 ἄνθρωποι,
967 3381 1144 3452 μάτην
1178 3380 1534 3452 ὡφρυωμένοι
1565 3382 1660 3433 έπ-

58 3467 373 3539 αιρόμεθα,
410 3470 566 3542 εἴπερ
593 3471 748 3524 τοῦτο
785 3473 942 3542 μόνον
983 3474 1146 3543 ἐσμὲν
1167 3474 1300 3544 ὅπερ
1332 3475 1522 3544 ὁρᾶται
1549 3475 1661 3536 τοῖς

57 3560 319 3624 πολλοῖς,
357 3562 450 3614 κοι)⁵
488 3562 614 3616 ἀλλο
658 3563 814 3615 πλέον
853 3563 1003 3618 οὐδὲν
1034 3563 1135 3635 τῆς
1169 3566 1395 3635 ῥεούσης
1443 3563 1659 3636 ἔχοιμεν

55 3652 158 3704 καὶ
186 3650 564 3724 φθειρομένης
606 3652 768 3724 ζωῆς.

52 3753 294 3820 Πόρτις
327 3754 464 3820 μὲν,
507 3771 562 3807 κ.
593 3771 642 3806 τ.
680 3755 756 3818 ἐξ.

131 3845 250 3898 Διά
287 3844 746 3914 παραδειγμάτων
770 3847 1028 3900 πλειόνων
1069 3849 1541 3920 ταλαιπωροτέραν
1565 3847 1656 3920 τὴν

51 3935 224 4006 ζωὴν
269 3931 385 3987 τῶν
422 3933 722 4006 ἀνθρώπων
768 3937 867 4006 τῆς
917 3937 1024 3991 τῶν
1060 3939 1272 4008 κτηνῶν
1315 3939 1408 3990 καὶ
1455 3938 1660 4009 Θηρίων

51 4026 158 4079 καὶ
197 4025 391 4079 αὐτῶν
427 4023 768 4078 ἀποδείκνυσι
815 4026 1058 4098 πτηνῶνο
1092 4027 1239 4096 λέγει
1271 4027 1328 4081 δέ
1354 4044 1368 4058 ·
1399 4022 1488 4090 Ὠς
1510 4029 1537 4081 ό
1564 4029 1660 4097 μό-

53 4134 200 4189 τλῇς
250 4115 358 4187 μὲν
385 4116 482 4188 τὴν
513 4117 753 4187 γαστέρα
796 4117 892 4189 τῆς
935 4119 1097 4172 αὐτὸν
1132 4119 1395 4190 τεκούσης
1425 4119 1655 4183 διεκδὺς,

49 4209 301 4263 ἅλλεται
339 4209 435 4278 μὲν
478 4207 637 4272 εὐθὺς
666 4209 757 4263 ἐπὶ
795 4209 924 4279 γῆς,
956 4212 1048 4263 καὶ
1075 4211 1166 4264 τὸν
1192 4210 1454 4282 γλυκερὸν
1477 4211 1534 4264 δὲ
1562 4212 1663 4282 τῆς

47 4300 425 4371 γεννησάσης
464 4301 663 4370 μαστὸν
712 4301 928 4372 έκμυζᾷ
975 4305 1228 4374 παραυτά
1267 4305 1360 4357 καὶ
1391 4302 1661 4370 ἐκπιέζει,

44 4393 301 4464 τριέτης
327 4389 384 4443 δὲ
408 4393 644 4460 γεγονὼς
678 4393 768 4446 τὸν
795 4395 955 4462 ζυγὸν
979 4397 1366 4467 ἀναλαμϐάνει,
1383 4398 1477 4450 καὶ
1496 4397 1660 4469 σκλη-

48 4487 152 4558 ρον
180 4484 368 4556 ἄχθος
397 4487 488 4538 καὶ
520 4486 795 4541 δύσοιστον
829 4489 1286 4560 ἐφελκυσάμενος,
1326 4491 1546 4564 ἀμάξης
1566 4494 1656 4547 τὸν

41 4576 281 4646 αὐχένα
334 4574 425 4628 τὴν
479 4576 666 4646 μέγαν,
709 4577 800 4629 τὸν
850 4578 1271 4650 ἐπιϐαλλόμενον
1314 4581 1463 4652 αὐτῷ
1515 4582 1656 4651 λέγω

1773 1630 2194 1707 Commentarius
2229 1638 2558 1707 arcanorum
2595 1640 2770 1707 magni
2801 1638 3040 1704 Gregorii
3091 1637 3344 1706 Tlteologi

1840 1703 2136 1754 carminum
2167 1719 2185 1756 .'
2217 1703 2279 1756 de
2309 1707 2506 1759 vilitate
2538 1703 2813 1763 citerioris
2854 1703 3081 1764 hominis
3112 1721 3160 1764 et
3197 1703 3346 1763 van'iv

1843 1779 1950 1824 tate
1974 1775 2335 1840 pra-sentiunt,
2368 1793 2539 1830 sermo
2573 1776 2673 1832 ΧΙ.

1842 1949 1916 2006 De
1948 1951 2182 2006 humana
2209 1960 2403 2007 natura
2437 1967 2533 2025 per
2556 1957 2800 2026 apprime
2831 1973 2996 2028 supra
3022 1958 3166 2014 dicta
3197 1964 3343 2028 post-

1767 2054 1932 2110 quam
1991 2045 2228 2099 studium
2290 2047 2541 2101 adhibuit
2607 2055 2794 2103 noster
2830 2048 3066 2104 eximius
3097 2049 3342 2118 philoso-

1767 2134 1937 2204 phus,
1999 2152 2144 2191 nunc
2203 2139 2574 2193 conseCtarias
2611 2140 2883 2203 miserias,
2918 2149 2970 2196 et
3007 2141 3246 2196 vilitates
3285 2147 3342 2195 et

1767 2237 2045 2282 aerumnas
2076 2230 2477 2298 parvipendens
2510 2246 2605 2300 per
2643 2231 2756 2285 haec
2793 2232 3225 2301 superbiendum
3253 2242 3340 2287 tn-

1768 2333 1973 2373 morem
2009 2321 2271 2383 retundit,
2315 2323 2728 2392 nullitatemque
2749 2322 2995 2393 ipsorum
3021 2325 3101 2382 sic
3124 2325 3341 2397 empha-

1766 2409 1872 2465 tice
1904 2412 2175 2481 deplorat,
2201 2412 2391 2468 dicens
2425 2434 2437 2468 :
2795 2407 2798 2411 ’

1769 2522 1791 2574 i
1840 2523 1971 2590 Quis
2009 2533 2167 2578 natus
2192 2541 2308 2578 sum
2335 2526 2360 2579 3’
2385 2527 2502 2596 quis
2524 2544 2639 2581 sunt
2663 2531 2688 2584 ?
2710 2536 2817 2584 etc.

1837 2635 2126 2692 Meditatus
2146 2639 2657 2709 perSpicacissimus
2684 2650 2843 2712 poeta
2896 2649 3152 2698 naturam
3215 2659 3344 2714 qua

1765 2744 1980 2800 semper
2013 2733 2211 2786 transit
2233 2732 2450 2787 mobilis
2474 2741 2526 2787 et
2549 2734 2830 2788 mutationi
2859 2735 3092 2789 obnoxia
3121 2744 3335 2792 etoerte

1768 2822 1835 2877 de
1865 2823 2039 2892 ipsius
2069 2824 2333 2878 vilissima
2354 2833 2408 2880 et
2438 2825 2772 2881 debilissima
2795 2839 2942 2882 sorte
2962 2842 3204 2897 gemens,
3225 2845 3340 2883 mo-

1772 2917 1907 2971 leste
1939 2916 2042 2971 l'ert
2077 2925 2129 2971 et
2155 2917 2288 2972 dicit
2323 2937 2335 2972 :
2369 2918 2413 2973 Ο
2449 2935 2554 2984 me,
2595 2920 2718 2992 quis
2767 2919 2844 2974 Γιιί
2903 2920 2960 2974 in
3015 2921 3338 2991 principio?

1769 3008 1968 3076 etquis
2001 3023 2147 3062 nunc
2187 3009 2360 3065 sum?
2405 3017 2458 3065 et
2504 3011 2734 3065 multum
2777 3021 2899 3081 post
2950 3019 3164 3083 tempus
3209 3015 3334 3086 quis

1762 3100 1890 3153 ero?
1915 3098 2144 3165 Quando
2166 3115 2295 3154 vero
2343 3103 2580 3157 cessabit
2633 3111 2684 3158 et
2716 3102 2807 3158 ubi
2858 3103 3025 3159 stabit
3057 3105 3156 3158 tibi
3200 3107 3335 3163 illud

1761 3207 2016 3262 magnum
2047 3208 2205 3262 opus,
2236 3192 2585 3247 Dominator?
2623 3194 2671 3248 si
2704 3202 2886 3249 tamen
2915 3210 3169 3268 magnum
3220 3203 3328 3251 est.

1757 3278 1875 3340 Meo
1900 3283 2043 3338 enim
2063 3284 2288 3354 judicio.
2314 3286 2388 3339 ait
2413 3285 2691 3356 magister,
2723 3286 2775 3347 in
2804 3302 3004 3342 vanum
3038 3289 3339 3346 insolenter

1759 3376 1883 3429 elati
1915 3376 2006 3448 qui
2037 3376 2169 3430 nihil
2202 3392 2394 3432 sumus
2423 3377 2667 3434 homines
2698 3376 2979 3446 inilamur;
3011 3381 3103 3451 qui
3132 3396 3190 3434 re
3220 3381 3338 3450 ipsa

1761 3471 1889 3524 illml
1931 3477 2139 3523 tantum
2187 3486 2380 3526 sumus
2425 3469 2572 3540 quod
2618 3470 2861 3540 plerique
2907 3472 3093 3527 vident
3118 3482 3173 3525 et
3200 3472 3338 3526 nihil

1761 3563 1996 3632 amplius
2037 3563 2089 3617 in
2132 3563 2330 3617 ﬂuente
2364 3571 2417 3618 et
2461 3565 2525 3618 ad
2560 3564 2967 3633 corruptionem
3004 3575 3337 3636 properante

1759 3656 1866 3710 vita
1908 3657 2190 3712 habemus.

1773 3741 1950 3801 Vitula
1977 3749 2184 3819 quidem
2197 3790 2209 3811 ,
2238 3761 2344 3805 etc.

1830 3833 1932 3893 Per
1969 3841 2123 3910 plura
2172 3843 2417 3912 exempla
2460 3843 2794 3899 miseriorem
2847 3843 3011 3896 vitam
3049 3843 3333 3900 hominum

1758 3948 1918 4002 quam
1983 3935 2349 4003 iumentorum
2417 3945 2469 3989 et
2546 3937 2848 3990 helluarum
2908 3943 2964 3990 et
3027 3936 3334 3992 volucrium

1758 4024 2003 4093 ipsorum
2052 4027 2313 4080 ostendit.
2377 4023 2518 4079 Dicit
2561 4038 2574 4074 :
2611 4025 2830 4082 Vitulus
2867 4027 3086 4095 quidem
3135 4043 3166 4083 e
3209 4043 3333 4083 ma-

1759 4116 1858 4168 tris
1902 4124 2057 4171 utero
2102 4115 2394 4186 prodiens.
2449 4121 2695 4186 protinus
2746 4134 2912 4190 super
2960 4127 3158 4174 terram
3205 4121 3333 4176 salit

1757 4211 1810 4261 et
1861 4208 2232 4263 delectabilem
2278 4212 2467 4266 matris
2518 4226 2808 4266 mammam
2856 4212 3038 4267 statim
3091 4214 3234 4284 sugit
3279 4223 3334 4270 et

1763 4309 2015 4368 pressat;
2070 4301 2301 4356 trienuis
2344 4316 2473 4355 vero
2525 4302 2730 4367 lactus,
2779 4303 2969 4372 iugum
3030 4305 3228 4376 accipit
3277 4313 3334 4361 et

1762 4395 1958 4445 durum
1987 4408 2128 4448 or.us
2171 4402 2224 4447 et
2271 4393 2503 4483 arduum
2546 4395 2801 4458 trahens,
2845 4411 3040 4451 currus
3075 4411 3332 4468 magnum

1764 4487 2060 4548 timoucm,
2122 4487 2528 4556 superpositum
2588 4486 2711 4540 dico
2750 4487 2940 4557 jugum
3004 4487 3132 4542 forti
3192 4489 3332 4544 collo

1761 4589 1862 4628 suo
1915 4581 2006 4628 aut
2055 4577 2214 4644 capiti
2262 4575 2444 4645 junxit
2482 4587 2534 4631 et
2574 4579 2885 4647 colligatum
2952 4578 3140 4632 habuit
3188 4598 3201 4634 :
3249 4579 3331 4635 sic

1759 4664 1882 4718 iste.
1932 4663 2198 4720 llinnulus
2242 4676 2421 4720 autem
2471 4668 2696 4722 maculis
2747 4667 3036 4722 distinctus
3089 4680 3212 4722 cum
3261 4684 3327 4723 ex

1760 4767 1916 4814 utero
1989 4760 2178 4815 matris
2250 4760 2484 4829 prodiit,
2554 4763 2736 4816 statim
2810 4763 2967 4830 juxta
3045 4762 3328 4832 genitricis

1761 4849 1947 4920 pedem
1987 4867 2146 4906 suum
2181 4853 2490 4918 constituit,
2510 4853 2678 4922 etjam
2713 4852 3101 4923 apparentibus
3165 4869 3328 4909 vena-

1761 4939 2007 5001 toribus,
2051 4940 2301 5010 protinus
2334 4956 2496 4995 canes
2534 4940 2745 4996 feroces
2773 4951 2827 4996 et
2867 4957 3132 5012 equorum
3162 4958 3326 5013 quam

1759 5033 1994 5087 maxime
2048 5034 2352 5102 pernicium
2408 5049 2628 5086 cursum
2679 5048 2784 5086 una
2830 5049 2954 5087 cum
3004 5044 3176 5090 matre
3237 5037 3322 5091 vi-

1759 5137 1903 5188 tans,
1945 5143 2139 5182 recens
2165 5138 2326 5182 natus
2354 5127 2408 5180 in
2433 5126 2663 5181 saltibus
2689 5127 2877 5196 opacis
2907 5142 3031 5182 sese
3057 5129 3317 5182 occultat.

1759 5218 2025 5274 Similiter
2047 5228 2102 5274 et
2137 5218 2272 5283 ursi,
2303 5228 2356 5273 et
2384 5217 2499 5288 apri
2527 5225 2580 5273 et
2603 5218 2811 5283 leones,
2846 5219 3124 5288 panthera:
3165 5228 3219 5274 et
3251 5219 3321 5273 ti-

1755 5327 1880 5382 gres
1907 5315 2083 5367 ventis
2138 5327 2248 5380 prae
2302 5310 2497 5380 pedum
2539 5310 2832 5365 velocitate
2880 5312 3322 5382 :equiparabiles,

1757 5405 1848 5458 ubi
1897 5405 2133 5474 primum
2177 5411 2502 5466 nascuntur,
2555 5402 2641 5454 vix
2697 5401 2899 5456 ferrum
2950 5404 3225 5467 viderunt,
3271 5415 3327 5462 et

1755 5496 1940 5552 statim
1970 5498 2146 5566 rigent
2171 5496 2355 5548 crines
2383 5502 2436 5548 et
2468 5501 2584 5547 toto
2637 5494 2779 5548 collo
2817 5495 2983 5564 jubaz.
3030 5503 3084 5549 et
3139 5497 3323 5552 subito

1757 5587 1812 5641 in
1844 5602 1940 5642 eos
1972 5589 2063 5656 qui
2087 5586 2275 5642 venari
2318 5581 2589 5653 volebant,
2627 5595 2818 5642 ruunt.
2855 5585 2920 5640 Et
2968 5587 3061 5644 isti
3105 5588 3322 5660 quidem

41 4665 258 4736 ζυγὸν,
294 4665 378 4735 τῷ
397 4666 510 4738 ίδίῳ
540 4665 706 4721 αὐτοῦ
739 4669 976 4743 στιϐαρῷ
998 4671 1206 4741 αὐχένι,
1231 4673 1349 4743 ἦτοι
1378 4676 1653 4746 τραχήλῳ,

41 4758 338 4829 συνέμιξε
385 4761 477 4812 καὶ
528 4760 846 4832 συνέδησεν·
881 4763 976 4814 καὶ
1007 4763 1034 4814 6
1063 4764 1161 4832 μὲν
1201 4764 1390 4828 οὕτως.
1428 4766 1655 4834 Ἐλάφου

33 4849 99 4902 δὲ
143 4848 372 4920 μόσχος
402 4850 837 4922 ποικιλόδερμος,
867 4851 1005 4922 ἡνίκ’
1045 4853 1111 4905 ἂν
1151 4855 1250 4924 τῆς
1283 4855 1540 4927 μητρῴας
1562 4857 1654 4922 ἑξ-

31 4942 372 5011 ολισθήσας
401 4942 658 5016 διεκπέσῃ
700 4945 955 5016 γαστρὸς,
979 4946 1139 5006 εὐθὺς
1162 4948 1310 5019 παρά
1337 4949 1413 5019 τῷ
1445 4950 1543 5020 τῆς
1572 4968 1657 5003 τε·

31 5035 280 5104 κοὺσης
323 5031 444 5086 ποδὶ
483 5035 570 5087 τὸν
614 5033 742 5090 ἴδιον
791 5039 924 5091 πόδα
974 5039 1327 5111 παρατίθησι,
1362 5041 1453 5094 καί
1493 5042 1654 5096 ποθεν

31 5125 396 5196 κυνηγετῶν
427 5126 811 5197 ὑποφανέντων
837 5129 1030 5183 αὐτίκα
1064 5130 1231 5193 κύνας
1251 5149 1308 5184 τε
1340 5131 1653 5204 ὠμοϐόρους

30 5220 145 5274 καὶ
182 5217 406 5286 δρόμον
429 5219 609 5274 ἵππων
637 5220 916 5275 ὠκύτατον
937 5221 1052 5292 ἅμα
1079 5223 1246 5294 μητρὶ
1269 5224 1654 5296 διαδιδράσκων

23 5313 60 5367 ὁ
100 5308 391 5377 νεογνὸς,
424 5311 478 5363 ἐν
523 5313 643 5376 ταῖς
675 5313 866 5382 λαγόσι
907 5313 1006 5384 τῆς
1052 5313 1259 5386 λόχμης
1293 5317 1604 5390 κατεκρύὸη
1636 5335 1650 5349 ο

24 5404 343 5466 ὡσαύτως
376 5402 431 5454 δὲ
458 5404 551 5457 καὶ
593 5403 804 5476 ἄρκτοι,
831 5408 955 5472 σύες
989 5428 1048 5464 τε
1076 5413 1255 5480 ἄγριοι
1300 5411 1392 5464 καὶ
1421 5412 1650 5476 λέοντες,

24 5497 374 5570 παρδάλεις
401 5498 496 5550 καὶ
526 5498 783 5569 τίγρητες
812 5497 948 5572 (55),
981 5503 1202 5573 ἀνέμοις
1233 5507 1300 5574 τῇ
1331 5504 1440 5558 τῶν
1474 5505 1652 5559 ποδῶν

21 5587 346 5660 ταχυτῆτι
389 5587 661 5653 ἐοικότες,
724 5589 861 5662 ὁμοῦ
894 5609 953 5645 τε
997 5595 1412 5662 γεννῶνταικαὶ
1453 5597 1650 5650 αὐτίκα

113 5745 251 5812 (54)
298 5745 482 5800 Carm.
533 5746 647 5806 XV.
695 5765 745 5817 p.
791 5751 892 5812 88,
927 5751 1014 5808 ed.
1065 5751 1292 5818 Co!on.;
1337 5771 1391 5824 p.
1431 5754 1534 5810 946
1563 5756 1648 5810 ed.
1755 5753 1863 5814 δες,
1901 5759 2087 5806 contra
2116 5767 2274 5806 usum
2307 5752 2504 5835 linguae
2550 5761 2902 5880 etgrtecepta
2937 5757 3316 5824 grammatico-

113 5817 368 5870 ‘uvenrl.
404 5816 488 5869 ed.
538 5833 658 5871 πον.
691 5836 740 5880 p.
769 5817 893 5874 477.
1757 5839 1917 5880 rum:
1953 5839 2006 5875 v.
2053 5822 2282 5880 Etumol.
2320 5822 2553 5880 Gudran.
2594 5824 2626 5878 5
2664 5825 2728 5880 8.
2776 5819 2845 5878 29
2875 5833 2930 5879 et
2962 5827 3216 5880 (Ihmrub.
3251 5826 3316 5880 ad

17 5816 368 5893 Letrxcncl.
404 5816 488 5869 ed.
538 5816 740 5893 nov._p.
769 5817 893 5874 477.
1282 5816 1286 5818 Ὗ
1337 5816 1350 5824 ’
1757 5839 1917 5893 rum;
1953 5839 2006 5875 v.
2053 5822 2282 5893 EtytNOL
2320 5816 2553 5880 Gudian.
2594 5816 2728 5885 598,
2776 5816 2845 5878 29
2875 5816 3216 5884 εινωιωιυὶ).
3251 5826 3322 5885 ad

108 5887 253 5956 (55)
300 5887 604 5956 ἰ’ίγρητες.
641 5891 718 5942 Sic
775 5893 944 5946 codex
1001 5907 1098 5960 pro
1147 5893 1349 5964 τίγρεις
1385 5907 1429 5950 3,
1480 5896 1651 5967 τίγρι..

1770 5892 2015 5950 “temtas.
2045 5894 2098 5949 in
2120 5887 2358 5951 'Beklteri
2395 5895 2588 5951 Atrecd.
2621 5911 2675 5967 ρ.
2709 5895 2863 5952 H95.

375 5982 646 6042 Ιίτιιοι..
693 5983 813 6045 Gn.
865 5985 977 6044 ΧΧ
995 5987 1220 6046 XVIII.

3012 5995 3084 6058 23
