3818 6500
536 331 639 392 ῚιἹ

538 452 623 508 sic
670 452 738 506 ab
782 450 1010 505 infantia
1068 449 1123 505 in
1186 448 1446 506 robustos
1520 461 1812 507 venatores
1876 453 2111 507 irruun‘t.

1888 331 2183 391 NICETAS
2256 330 2466 389 DAVID
3684 332 3767 389 τιὸ

2224 451 2556 535 τὴνωειραν
2578 449 2671 503 καὶ
2696 466 2790 504 του
2811 449 3082 535 τραχήλου
3110 449 3211 520 τὴν
3230 448 3442 520 λοφιὰν,
3463 448 3616 519 εἴπερ
3640 449 3772 503 ibam:

540 544 779 614 σίδηρον,
813 541 1123 613 φρίξαντες,
1158 544 1296 597 κατὰ
1328 542 1437 595 τῶν
1459 542 1709 615 Θηρεύειν
1742 544 2022 616 ἐφορμῶσι
2049 534 2475 615 βεὸουλημένων·
2510 542 2605 597 καὶ
2626 541 2683 596 ὀί
2716 534 2976 614 μὲνούτω
3006 537 3263 613 marces»
3290 541 3384 595 ἐπὶ
3411 543 3535 605 τούς
3559 540 3774 611 ἰσχυροὺς

538 638 857 708 ἐφάλλονται
879 637 1139 710 θηρατάς.

542 735 609 789 l9
647 733 775 787 Avis
806 734 1035 802 primum
1065 733 1353 803 implumis,
1384 745 1489 789 etc.

602 821 719 879 Sed
751 824 883 894 quid
908 823 1272 879 aves?noune
1301 835 1356 879 et
1382 824 1459 878 illi
1489 824 1985 881 multo‘faciliorem
2012 839 2128 878 ma-

541 917 737 987 gisque
770 916 1045 971 'mrtIntnis
1088 917 1400 987 expeditam
1443 932 1607 987 quam
1654 917 1905 972 homines
1946 916 2125 972 sortiti

543 1017 674 1063 sunt
708 1007 919 1061 vitam?
944 1006 1193 1077 Namque
1219 1008 1408 1063 statim
1440 1024 1503 1062 ac
1537 1024 1639 1063 ova
1687 1008 1972 1079 fregerunt
2024 1008 2127 1063 im-

542 1101 781 1171 plumes,
806 1105 933 1169 post
959 1106 1173 1169 tempus
1219 1114 1329 1154 non
1363 1100 1584 1172 longuiu
1631 1101 1748 1157 alas
1794 1100 2030 1155 induunt
2073 1106 2128 1154 et

544 1193 779 1247 multum
813 1192 867 1245 iu
898 1192 1067 1245 altum
1108 1206 1137 1243 a
1173 1193 1455 1248 mansione
1478 1202 1605 1247 aera
1635 1194 1884 1247 volitant.
1914 1191 1979 1246 Et
2008 1192 2127 1261 ipsa

545 1281 688 1337 ﬂava
739 1283 1020 1337 celebrata
1055 1281 1174 1353 apis
1212 1291 1420 1352 petram
1442 1283 1505 1337 'in
1536 1299 1643 1355 qua
1679 1285 1933 1339 manebat
1960 1280 2128 1338 relin-

543 1376 665 1445 quit
696 1383 751 1430 et
789 1375 843 1429 in
870 1389 996 1431 aere
1026 1374 1169 1429 inter
1202 1373 1366 1431 liores
1397 1375 1805 1430 circumvolitat
1827 1376 1967 1448 agri,
2010 1376 2129 1429 ido-

544 1481 646 1521 nea
682 1466 892 1538 colligit
920 1466 1255 1537 domumque
1301 1466 1407 1521 sibi
1439 1468 1907 1522 accommodatam
1943 1478 2123 1539 parat,

544 1570 601 1614 ct
666 1560 986 1630 hexagonos
1030 1560 1276 1615 alveolos
1332 1559 1594 1615 ineffabili
1649 1561 1925 1631 sapientia
1983 1562 2128 1617 ceris

543 1660 762 1723 coaptat
790 1660 843 1708 et
884 1662 1247 1724 coagmentat,
1292 1653 1626 1708 suavissimo
1671 1653 1856 1708 fructu
1902 1656 2126 1707 domum

544 1753 700 1799 sitam
745 1746 995 1816 iniplens.
1046 1744 1258 1799 Cuncta
1281 1746 1415 1810 haec,
1442 1745 1645 1816 inquit,
1672 1746 1836 1802 unius
1869 1753 1954 1801 est
1985 1749 2129 1801 veris

540 1852 703 1907 upus.
737 1836 801 1889 Et
828 1836 1085 1891 onmibus
1126 1835 1502 1890 animantibus
1539 1836 1682 1889 ultro
1718 1835 1985 1905 producta
2011 1836 2131 1889 sine

546 1930 733 1983 labore
762 1943 792 1981 a
824 1938 969 1983 terra
998 1935 1051 1982 et
1084 1926 1372 1982 abundans
1408 1927 1641 1983 offertur
1673 1943 1801 1984 esca
1839 1947 1852 1982 :
1901 1943 2005 1983 nec
2044 1928 2130 1981 ul-

544 2031 629 2073 tra
662 2020 835 2074 maria
861 2020 1140 2076 lassantnr
1183 2020 1286 2075 iter
1327 2019 1596 2075 facientes
1649 2036 1901 2076 escarum
1946 2022 2124 2092 gratia

546 2115 757 2181 belluas,
796 2116 941 2169 sicut
964 2114 1234 2177 homines,
1280 2130 1381 2168 nec
1411 2123 1615 2169 terram
1649 2115 1863 2179 colunt,
1897 2130 1997 2168 nec
2039 2114 2123 2184 ip-

544 2208 623 2262 sis
655 2216 784 2262 sunt
821 2206 1061 2277 prtefccti
1101 2222 1130 2259 a
1155 2209 1323 2271 victu,
1353 2222 1509 2262 escas
1548 2216 1989 2278 transportantes
2032 2212 2127 2259 aut

544 2310 865 2367 servantes,
900 2315 1000 2355 nec
1052 2302 1331 2370 pincerna:
1369 2301 1592 2371 scyphis
1624 2316 1834 2355 merum
1883 2300 2125 2354 miscen-

544 2401 629 2445 tes
667 2408 679 2444 :
711 2390 796 2443 ala
832 2406 938 2460 qua
971 2391 1059 2445 hic
1086 2393 1232 2445 volat
1262 2394 1402 2455 avis,
1433 2394 1772 2463 aptuni,sine
1809 2393 1996 2448 labore
2029 2409 2126 2448 su-

543 2480 1048 2551 perabundantem,
1114 2490 1169 2537 et
1228 2484 1481 2537 idoneum
1537 2482 1696 2536 amart
1745 2483 1952 2537 cibum.
2021 2480 2126 2538 Sed

543 2580 600 2627 et
662 2572 842 2643 quoad
902 2572 1113 2628 belluas
1173 2573 1356 2642 ipsas,
1410 2574 1685 2644 sylvarum
1757 2590 2011 2629 recessus
2074 2586 2129 2632 et

548 2665 819 2719 montium
858 2665 1031 2721 latera
1087 2676 1141 2720 et
1167 2666 1385 2721 dunwta
1412 2668 1794 2735 quotidianum
1845 2670 2126 2741 paululum

545 2757 933 2813 laborantibus
987 2760 1230 2829 pra-bent
1269 2759 1515 2828 victum;
1555 2761 1748 2815 dicunt
1810 2771 1863 2816 et
1909 2763 2124 2816 leonem

545 2849 642 2919 qui
668 2863 925 2920 magnam
962 2850 1132 2905 feram
1160 2850 1308 2904 illico
1336 2852 1567 2915 voravit,
1602 2855 1645 2905 si
1682 2851 1815 2921 quid
1856 2852 1998 2907 forte
2042 2869 2129 2909 re-

548 2941 913 3012 manseritjn
959 2950 1259 3012 posterum,
1306 2943 1617 2999 hesternam
1664 2944 2001 3000 manducare
2036 2946 2129 3001 de-

548 3036 795 3108 dignari;
829 3037 1159 3109 quandoque
1192 3040 1250 3093 lit
1276 3048 1335 3093 ut
1372 3042 1615 3110 reposita
1639 3041 1707 3094 ab
1746 3041 2012 3096 anteriori
2042 3041 2130 3097 die

546 3133 822 3189 veraciter
848 3132 1139 3189 manducet
1166 3142 1219 3188 et
1256 3136 1413 3191 avide
1455 3145 1642 3206 potum
1677 3138 1917 3202 hauriat,
1944 3138 2124 3193 ventri

549 3227 631 3281 sic
678 3226 1093 3296 temperantiam
1139 3226 1391 3283 aﬂerens.
1430 3227 1544 3284 luto
1589 3230 1771 3286 minus
1817 3244 2131 3285 aarumnosa

550 3328 634 3375 est
675 3334 777 3390 pro
819 3320 1193 3375 animantibus
1247 3320 1359 3375 vita
1428 3335 1594 3392 quam
1650 3338 1753 3394 pro
1796 3318 2131 3381 hominibus,

548 3411 696 3482 quod
737 3410 874 3481 ipsis
899 3425 1115 3480 semper
1144 3409 1210 3465 ad
1238 3410 1457 3465 libitum
1494 3421 1548 3466 et
1579 3411 1633 3465 in
1658 3412 1839 3465 vicino
1896 3422 1978 3466 est
2035 3413 2135 3467 do-

551 3519 675 3559 mus
705 3502 821 3559 sive
862 3517 1026 3571 rupes
1074 3502 1191 3557 sive
1237 3517 1447 3567 ramus,
1493 3511 1547 3559 et
1602 3505 1824 3573 quidem
1878 3506 2035 3561 bona:
2079 3513 2134 3561 et

553 3610 722 3662 same,
755 3595 945 3651 solida:
969 3604 1023 3649 et
1056 3602 1208 3657 tutte.
1236 3596 1478 3666 pulchrae
1529 3605 1584 3652 ct
1625 3597 1886 3667 jucunda:
1933 3601 2134 3657 domus

553 3698 714 3755 sunt;
755 3702 879 3742 cum
904 3696 1083 3741 autem
1114 3686 1256 3742 forte
1283 3690 1510 3745 morbus
1551 3692 1834 3761 opprimit,
1878 3693 2134 3749 indefleta

556 3782 766 3851 placide
809 3780 1117 3847 decedunt,
1158 3797 1269 3836 non
1306 3784 1450 3838 enim
1482 3784 1575 3838 alii
1606 3785 1755 3840 circa
1805 3788 1945 3841 alios
1986 3798 2137 3842 stan-

556 3886 636 3929 tcs
653 3873 977 3948 lacrymosis
991 3879 1045 3927 et
1064 3872 1312 3931 tristibus
1329 3876 1668 3931 carminibus
1687 3877 1894 3943 dolent,
1910 3896 2014 3933 non
2034 3896 2137 3935 cre-

555 3966 779 4031 sariem,
806 3966 949 4022 sicut
972 3980 1091 4021 mos
1112 3976 1198 4023 est
1225 3968 1564 4033 hominibus,
1589 3983 1810 4042 propter
1832 3974 2134 4029 amicorum

553 4066 787 4116 mortem
829 4058 1083 4123 tondent,
1118 4067 1172 4115 et
1207 4062 1353 4131 quod
1389 4063 1621 4132 exprimi
1656 4064 1745 4118 vix
1780 4074 1981 4133 potest.
2016 4068 2136 4121 sine

551 4154 919 4225 trepidatione
955 4161 1010 4209 et
1058 4154 1265 4223 absque
1301 4166 1449 4211 metu
1491 4172 1522 4211 e
1568 4157 1678 4211 vita
1723 4157 1995 4213 decedunt
2029 4160 2136 4213 bel-

554 4246 677 4305 luas.
698 4244 1088 4314 nullasjndicii
1119 4254 1212 4297 aut
1238 4261 1522 4315 pamarum
1550 4246 1908 4303 formidantes
1934 4252 2132 4305 minas.

2237 731 2300 788 l9
2341 732 2508 800 Ἀρτι
2543 730 2611 784 δὲ
2640 730 2898 798 ἄπτερος
2928 729 3113 799 ὄρνις,
3151 747 3205 782 κ.
3234 746 3285 783 τ.
3322 729 3371 783 λ.

2300 818 2366 875 Τί
2396 819 2484 877 δαὶ
2516 821 2564 875 οί
2603 822 2849 895 δρνιθεςς
2891 817 2981 893 ἆρ’
3014 822 3074 874 οὐ
3118 820 3298 892 πολλῷ
3322 815 3418 875 καὶ
3445 817 3586 876 οὗτοι
3614 834 3777 891 κουφο-

2228 914 2393 988 τέραν
2422 915 2528 969 τῶν
2549 908 2646 969 ἀνθ
2657 915 2851 987 ρώπων
2870 915 2963 967 καὶ
2978 908 3348 986 ἀμοχθοτέραν
3372 914 3614 987 εἰλήχασι
3632 915 3774 986 ζωήνς

2229 1011 2293 1063 Οἱ
2329 1008 2436 1081 γὰρ
2462 1002 2586 1080 ἄρτι
2613 998 2722 1062 τῶν
2752 1006 2875 1061 ὠῶν
2920 1008 3249 1077 ὲκραγέντες
3292 1007 3520 1079 ἄπτεροι
3542 1008 3630 1070 ,οὐ
3668 1008 3777 1077 μετὰ

2230 1102 2365 1157 πολύ
2411 1100 2845 1173 πτεροφυοῖητες
2879 1094 3093 1173 χρόνον,
3129 1100 3267 1154 κατὰ
3320 1094 3455 1154 πολύ
3493 1100 3593 1171 τῆς
3636 1102 3777 1164 οξκὲας

2224 1186 2435 1268 ὕπερθε
2484 1188 2575 1247 τὸν
2614 1193 2752 1265 ἀέρα
2799 1188 3150 1247 διαπέτανται
3175 1211 3189 1225 ο
3216 1190 3308 1246 καὶ
3330 1194 3470 1263 αὐτὴ
3504 1188 3560 1245 δὲ
3590 1195 3620 1264 ἡ
3647 1192 3779 1266 gauli!)

2230 1283 2665 1356 ὲπωνομασμένη
2715 1283 2966 1354 μέλισσα,
2995 1285 3057 1337 τὸ
3087 1284 3377 1356 πετρίδιον,
3404 1286 3462 1337 ὲν
3576 1288 3777 1355 μεμενή-

2230 1388 2338 1440 κει,
2357 1376 2763 1430 καταλείπουσα
2794 1375 2928 1447 (56),
2949 1375 3043 1430 καὶ
3076 1378 3131 1430 ὲν
3161 1372 3255 1448 ἦρι
3276 1376 3343 1430 τὰ
3370 1367 3509 1445 ἄνθη
3534 1393 3779 1447 περιιπτα-

2232 1467 2370 1539 μένη
2428 1465 2521 1520 τοῦ
2573 1466 2747 1539 ἀγροῦ
2785 1460 2880 1521 καί
2929 1468 2995 1520 τὰ
3050 1460 3330 1538 ἐπιτήδεια
3383 1465 3779 1529 συλῶσα,οἷκον

2230 1558 2507 1612 ἀντίθετον
2546 1552 2713 1630 ἑαυτῇ
2750 1560 3182 1625 κατασκευάζει,
3224 1561 3319 1612 καὶ
3367 1559 3467 1621 τὰς
3515 1553 3780 1626 ἐξαγώνονς

2234 1651 2502 1723 σύριγγας
2531 1654 2589 1705 ὲν
2620 1653 2782 1723 σοφίᾳ
2812 1654 3036 1725 ἀρρήτῳ
3060 1656 3170 1717 τοῖς
3187 1650 3403 1725 κηρίοις
3423 1655 3779 1722 συνυφαίνουσσ

2231 1740 2327 1796 καί⁵
2386 1744 2862 1815 συμπηγνύουσα,
2898 1744 3236 1812 γλυκυτάτου
3297 1745 3389 1799 τὸν
3442 1746 3610 1816 αὐτῆς
3652 1745 3779 1814 δόμον

2231 1835 2584 1908 ἐμπίμπλησι
2612 1836 2727 1907 (57)
2759 1837 2973 1909 καρποῦ
2993 1854 3006 1867 ⁸
3024 1838 3194 1891 ταῦτα
3216 1839 3271 1892 δέ
3300 1857 3431 1910 φησι
3460 1842 3633 1893 πάντα
3655 1839 3781 1908 ἔαρος

2232 1930 2350 1993 ἑνὸς
2398 1930 2555 2002 ἔργα.
2593 1931 2705 1984 Καὶ
2758 1934 2895 1985 πᾶσι
2939 1931 2996 1985 δὲ
3044 1931 3202 1997 ζώοις
3234 1934 3521 2005 αὐτομάτη
3565 1936 3649 1989 καὶ
3671 1936 3781 2003 iam.

2236 2023 2362 2093 χθος
2405 2024 2515 2077 ἀπὸ
2548 2024 2647 2096 τῆς
2697 2024 2802 2093 γῆς
2844 2026 2937 2078 καὶ
2982 2025 3208 2096 δαψιλὴς
3244 2027 3576 2098 παρίσταται
3608 2028 3775 2097 τροφή¹

2236 2118 2330 2169 καὶ
2385 2118 2447 2170 οὐ
2486 2118 2828 2180 διαποντίους
2883 2118 3194 2189 ἀποδημίας
3250 2120 3507 2173 πονοῦσιν
3554 2121 3601 2173 oi
3653 2118 3779 2186 Θῆρες

2235 2208 2443 2278 τροφῆς
2474 2210 2631 2279 χάριν
2670 2209 2922 2281 καθάπερ
2964 2211 3260 2283 ἄνθρωποι,
3293 2212 3356 2264 οὐ
3390 2210 3779 2282 γεωργοῦσι

2236 2298 2359 2367 γῆν,
2395 2299 2456 2351 οὐ
2501 2299 2697 2369 ταμίαι
2738 2298 2884 2352 σίτου
2926 2300 3109 2364 αὐτοῖς
3144 2301 3237 2353 καὶ
3282 2300 3508 2353 σιτῶναι
3543 2302 3631 2354 καὶ
3666 2317 3780 2352 σιτα-

2236 2388 2428 2456 γωγοὶ,
2468 2387 2567 2440 οὐκ
2598 2388 2824 2459 οἰνοχόοι
2866 2389 3151 2454 κυπέλλοις
3197 2390 3287 2444 τὸν
3315 2386 3457 2444 οἶνον
3486 2392 3776 2461 ὲγκιρνῶσι·

2236 2482 2332 2533 καὶ
2363 2483 2559 2554 πτερὸν
2608 2481 2664 2534 δὲ
2709 2484 2800 2535 τὸν
2842 2482 2991 2554 ὄρνιν
3047 2476 3149 2536 ὧδε
3182 2486 3344 2537 κακεῖ
3392 2484 3781 2555 περιπετόμενον

2236 2575 2334 2645 τὴν
2363 2575 2620 2646 ἁρμόδιον
2650 2576 2865 2640 ἀπόνως
2894 2575 3327 2647 προσεπορίσατο
3362 2575 3441 2646 τῷ
3474 2575 3650 2647 πτηνῴ
3672 2574 3781 2645 βρῶ-

2239 2683 2323 2719 σιν
2354 2684 2368 2729 ;
2402 2667 2539 2720 ἀλλά
2572 2669 2667 2722 καὶ
2700 2669 2826 2732 τούς
2871 2668 3043 2738 Θῆρας
3085 2668 3281 2732 αὐτοὺς
3317 2670 3373 2721 αἱ
3399 2668 3597 2739 λόχμαι
3628 2670 3707 2721 καὶ
3730 2668 3780 2721 τὰ

2236 2759 2345 2812 τῶν
2371 2758 2513 2832 ὀρῶν
2545 2760 2699 2815 κοῖλα
2735 2762 2831 2814 καλ⁸
2862 2760 3025 2815 λάσια
3056 2762 3155 2832 τὴν
3187 2762 3488 2832 ἡμερήσιον
3517 2763 3675 2833 μικρά
3706 2779 3778 2813 πο-

2238 2853 2566 2923 νησαμένοις
2617 2854 2915 2924 παρέχεται
2949 2851 3180 2923 τροφήν.
3211 2851 3348 2905 Φασὶ
3385 2851 3443 2905 δὲ
3478 2854 3573 2906 καὶ
3606 2852 3775 2910 λέοντι,

2238 2944 2328 2996 τὸν
2369 2944 2541 3015 μέγαν
2572 2943 2737 3015 Θῆρα,
2763 2944 2821 2998 ὃν
2853 2945 3181 3017 προσφάτως
3212 2944 3650 3016 κατεθοινήσατο,
3680 2943 3723 2993 εἴ
3742 2940 3778 2990 τί

2239 3054 2370 3090 ποτε
2401 3038 2592 3091 τούτου
2631 3037 2881 3107 λείψανον
2911 3039 2989 3102 είς
3026 3038 3126 3110 τὴν
3169 3036 3295 3108 ἑξῆς
3327 3034 3780 3105 ὐπολειφθείῃὲωο

2240 3129 2329 3182 λον
2361 3130 2631 3199 ἐμφαγεῖν
2665 3130 2740 3201 μὴ
2772 3130 3195 3201 καταδέχεσθαι·
3228 3128 3344 3183 ἐστι
3382 3129 3429 3183 δ’
3462 3130 3551 3182 ὅτε
3576 3131 3659 3182 καὶ
3680 3130 3780 3181 ἐτε-

2241 3224 2480 3294 ρήμερον
2511 3222 2726 3285 ἐσθίων,
2757 3223 2995 3296 βριαρῶς
3020 3224 3117 3278 καὶ
3149 3223 3365 3295 λάδρως
3398 3222 3477 3293 τῷ
3508 3222 3648 3293 ποτῷ
3676 3221 3777 3291 χρῆ.

2236 3331 2348 3381 ται,
2385 3317 2558 3387 μέτρα
2589 3315 2632 3367 δ’
2656 3311 2750 3370 οὖν
2781 3318 2933 3387 ὅμως
2963 3316 3243 3370 ἐπιϐάλλει
3270 3319 3335 3388 τῇ
3368 3316 3567 3388 γαστρί
3594 3334 3606 3345 ·
3632 3312 3780 3366 tomi-

2238 3423 2330 3460 τον
2364 3407 2419 3461 δὲ
2462 3410 2572 3471 τοῖς
2604 3408 2783 3472 ἄλλοις
2825 3407 2986 3473 ζώοις
3021 3408 3360 3479 άπονὼτερος
3394 3411 3423 3461 ὁ
3444 3410 3557 3480 βίος
3589 3408 3669 3462 τοῦ
3697 3406 3778 3459 τῶν

2237 3500 2545 3573 ἀνθρώπων
2593 3502 2766 3565 πέλει,
2802 3502 2923 3556 καθ’
2974 3503 3097 3557 ὅσον
3153 3502 3249 3555 κα)⁵
3284 3497 3433 3566 οἶκος
3474 3504 3685 3563 ἐκείνοις
3718 3502 3779 3552 ἀεὶ

2240 3594 2449 3665 σχέδιος
2480 3595 2576 3648 καὶ
2622 3595 2937 3665 αὐτόματος
2964 3594 2996 3664 ἣ
3040 3594 3213 3664 πέτρα
3252 3594 3285 3664 ἢ
3317 3594 3574 3659 κλαδέων,
3600 3595 3680 3647 καὶ
3708 3594 3779 3645 αὐ·

2236 3687 2321 3739 τοὶ
2373 3688 2639 3759 ἀτρεμεῖς
2687 3687 2781 3741 καί
2824 3687 2997 3756 ὑγιεῖς
3024 3727 3038 3749 ,
3067 3688 3328 3760 κρατεροί
3364 3688 3460 3740 καὶ
3513 3688 3776 3747 εὐσθενεῖς,

2240 3781 2591 3853 περικαλλεῖς
2640 3782 2734 3834 καὶ
2781 3780 3006 3844 εὐειδεῖς
3035 3796 3048 3811 ’
3080 3782 3208 3833 ὅταν
3248 3782 3305 3833 δέ
3350 3799 3479 3833 ποτε
3535 3783 3621 3834 καὶ
3659 3780 3779 3839 νότος

2241 3872 2612 3945 κατακάμψῃ,
2645 3871 2938 3943 ἁθρήνητοι
2992 3869 3321 3936 ἐξέπνευσαν
3377 3874 3574 3944 ἡσυχῆ,
3619 3870 3777 3925 οὖκουν

2241 3965 2400 4029 ἄλλος
2444 3964 2663 4019 ἄλλοθεν
2702 3965 3113 4039 περιιστάμενοι
3161 3965 3385 4030 τούτους
3420 3966 3678 4036 πενθίμοις
3706 3964 3777 4015 ni

2242 4059 2455 4127 γοεροῖς
2504 4056 2720 4127 μέλεσιν
2770 4056 3225 4127 άπολοφύρονται,
3264 4058 3325 4110 οὐ
3377 4057 3687 4129 πλοκάμους,
3721 4057 3776 4117 ὡς

2243 4147 2556 4221 ἀνθρώποις
2586 4145 2725 4211 ἔθος,
2756 4147 2848 4199 ἐπὶ
2876 4149 2942 4217 τῇ
2974 4145 3082 4201 τῶν
3122 4146 3289 4216 φίλων
3324 4148 3684 4219 ἀποκείρονται
3710 4162 3775 4196 τε·

2243 4243 2406 4312 λευτῇ
2441 4257 2454 4272 ·
2489 4240 2580 4293 καὶ
2611 4238 2671 4291 τὸ
2709 4237 2817 4291 τῶν
2864 4238 3174 4308 εἰρημένων
3224 4240 3408 4309 μεῖζον
3442 4241 3522 4293 ὃτι
3567 4236 3777 4307 ἀταρεεξς

553 4336 804 4392 ἐντεῦθεν
852 4339 901 4390 oi.
954 4336 1120 4408 θῆρες
1167 4338 1261 4390 καὶ
1306 4339 1496 4409 ἄφοϐοι
1542 4342 1640 4411 τὴν
1677 4341 1797 4394 κατ’
1852 4341 2049 4406 αὐτοὺς
2095 4340 2454 4395 ὐπεκδύνουσι
2503 4330 2673 4403 ζωὴν,
2724 4326 2983 4398 οὐδεμίαν
3032 4327 3268 4399 κρίσεως
3321 4328 3353 4399 ἥ
3403 4329 3656 4391 κολάσεως
3692 4327 3776 4381 ὑπ’

551 4432 871 4497 οπτεύοντες
907 4433 1156 4502 ἀπειλήν.

551 4529 613 4583 ιι
654 4527 861 4597 Inspice
898 4528 1167 4580 hominum
1204 4523 1455 4576 miserum
1490 4537 1671 4592 genus,
1711 4530 1818 4577 etc.

622 4618 785 4682 Cum,
820 4617 1021 4687 inquit,
1050 4615 1183 4669 dicti
1212 4614 1265 4667 in
1306 4612 1721 4667 irrationalibus
1751 4613 2131 4669 animantibus

552 4708 975 4781 conspiciuntur
1002 4719 1203 4769 mores,
1246 4704 1515 4772 reliquum
1542 4702 2004 4758 considerandum
2022 4712 2129 4767 est,

550 4810 601 4857 et
657 4797 882 4871 quantis
943 4792 1277 4866 deploranda
1346 4794 1628 4848 hominum
1680 4793 1852 4864 ligura
1903 4796 2131 4851 exerci—

550 4904 699 4948 tatur
727 4889 907 4954 malis,
950 4889 1025 4942 ita
1056 4896 1115 4941 ut
1144 4887 1260 4956 ipse
1286 4894 1412 4940 ante
1456 4893 1818 4955 conspectum
1860 4887 2130 4943 creatoris

551 4997 822 5053 apparens
872 4979 1029 5035 dicas
1084 4977 1222 5032 nihil
1269 4976 1532 5037 debilins,
1556 4977 1694 5030 nihil
1748 4979 2128 5035 miserabilius

551 5076 698 5129 alere
715 5082 915 5128 terram
944 5086 1106 5142 quam
1121 5070 1417 5124 hominem.
1445 5068 1624 5121 Prima
1642 5085 1772 5139 ergo
1790 5071 2016 5127 vilitatis
2032 5072 2128 5127 de-

551 5165 877 5220 monstratio
910 5163 1054 5235 quod
1079 5164 1133 5217 in
1176 5162 1444 5233 principio
1473 5162 1857 5233 coagulatione
1894 5179 2130 5234 concep-

550 5259 722 5315 tionis
757 5257 1152 5326 lit,multisque
1172 5254 1457 5309 doloribus
1477 5254 1797 5323 subjacente
1820 5257 2129 5325 parturitur

551 5361 605 5407 et
621 5351 866 5406 nutritur
888 5364 915 5403 a
956 5357 1129 5403 matre
1155 5346 1383 5414 ;deiude
1410 5348 1667 5401 lactatum
1696 5361 1858 5417 super
1887 5348 2128 5404 brachiis

550 5453 773 5518 gestans
800 5450 975 5497 mater
995 5441 1356 5496 circumducit
1389 5442 1532 5496 sicut
1563 5439 1710 5496 dulci
1754 5440 1905 5495 oneri
1943 5439 2128 5496 adhae-

551 5553 681 5594 rens
721 5533 951 5601 infanti;
988 5532 1182 5587 moxin
1206 5542 1379 5589 strato
1414 5534 1622 5604 positus
1650 5534 1938 5605 supplodo,
1973 5535 2130 5605 vagio

550 5628 837 5685 doloribus
855 5638 1101 5697 pressus;
1120 5622 1243 5680 inde
1258 5624 1847 5696 quadrupedummore
1867 5626 2124 5682 manibus

623 5778 733 5849 (56)
772 5776 921 5849 Cod._
967 5776 1412 5849 καταλειποῦσα,
1466 5777 1609 5834 unde
1665 5776 1898 5837 fortasse
1958 5780 2125 5839 scribi

553 5847 727 5909 uirtest
766 5847 1163 5904 καταλιποῦσα.

2257 4519 2309 4573 ιι
2362 4518 2561 4585 ’Δθρει
2602 4514 2699 4568 καί
2743 4516 3026 4584 μερόπων
3056 4513 3261 4571 δειλόν
3285 4516 3483 4586 γένος,
3513 4537 3562 4573 κ.
3587 4533 3625 4571 τ,
3648 4516 3691 4566 λ.

2311 4608 2552 4679 Ἐπειδὴ,
2578 4608 2734 4678 φησὶ,
2773 4607 2840 4662 τὰ
2863 4606 3129 4680 είρημένα
3175 4608 3233 4661 ὲν
3266 4611 3379 4674 τοῖς
3411 4610 3615 4679 ἀλόγοις
3635 4605 3769 4661 ὲθεω-

2240 4702 2379 4775 ρὴθη
2416 4700 2576 4767 ζώοις
2614 4700 2880 4770 ίδιώματα
2902 4740 2918 4765 ,
2948 4698 3211 4754 σκεπτέον
3253 4702 3346 4755 ἐπὶ
3376 4701 3581 4766 τούτοις
3608 4700 3767 4760 λοιπον,

2239 4795 2331 4847 καὶ
2370 4792 2502 4853 οἵοις
2536 4793 2568 4862 ἡ
2596 4789 2804 4843 δειλαία
2846 4790 2956 4843 τῶν
2998 4789 3305 4863 ἀνθρώπων
3335 4792 3517 4864 μορφή
3546 4791 3769 4846 ταλαιπωρ

2241 4890 2412 4959 ρεῖται
2460 4887 2671 4947 κακοῖς,
2702 4884 2776 4947 ὡς
2820 4883 2885 4937 ἂν
2934 4883 3027 4936 καὶ
3068 4883 3231 4947 αὐτὸς
3268 4885 3411 4937 κατὰ
3460 4885 3548 4937 τὸν
3590 4881 3767 4949 ποιητὴν

2236 4979 2661 5050 ἀποφηνάμενος
2692 4977 2871 5049 εἴπῃς,
2901 4976 2976 5041 ὡς
2991 4977 3143 5031 οὐδὲν
3176 4976 3517 5049 ἀκιδνότερον
3563 4970 3766 5044 “eius.

2238 5073 2452 5143 τερονή
2486 5068 2559 5140 γῆ
2607 5069 2700 5122 τοῦ
2740 5064 3034 5141 ἀνθρώπου
3068 5068 3283 5141 τρέφει.
3330 5068 3525 5139 Πρώτη
3576 5068 3656 5139 μὲν
3694 5058 3765 5115 οὖν

2238 5164 2516 5226 εὐτελείας
2546 5161 2802 5227 ἔνδειξις,
2828 5162 2890 5216 τὸ
2920 5162 3082 5233 ῥοιῆς
3123 5162 3499 5233 πηγνυμένης’
3534 5163 3635 5232 ἦτοι
3664 5155 3763 5227 ῥίς.

2240 5270 2395 5317 σεως,
2430 5249 2569 5306 εἶναι
2614 5254 2772 5322 γόνον
2818 5255 2876 5306 ὲν
2906 5253 3141 5323 ἀρχαῖς,
3179 5254 3332 5323 μόγῳ
3366 5252 3424 5305 δὲ
3464 5252 3553 5304 καὶ
3591 5246 3765 5305 πολλαέ

2238 5345 2631 5410 κακοπαθείαις
2670 5346 2963 5415 γεννᾶσθαι
2994 5346 3087 5399 καὶ
3134 5344 3532 5417 άνατρέφεσοαι
3570 5342 3651 5411 τῆς
3679 5353 3763 5407 μη·

2236 5439 2365 5511 τρός
2387 5459 2400 5471 ο
2434 5434 2551 5492 εἶτα
2591 5438 3205 5511 γαλακτοτροφούμενον
3242 5438 3329 5491 ἐπ’
3357 5434 3600 5506 ἀγκαλῶν
3636 5430 3764 5501 ἡμή·

2236 5550 2343 5604 τηρ
2371 5533 2573 5603 ὀχοῦσα
2614 5534 2893 5603 περιάγει,
2927 5533 3003 5596 ὡς
3052 5531 3244 5600 γλυκεῖ
3300 5530 3448 5601 πόνῳ
3474 5526 3762 5599 προσέχουσι

2235 5623 2315 5695 τῷ
2351 5624 2541 5695 βρέφει
2572 5643 2585 5655 ·
2615 5625 2807 5679 ἔπειτα
2846 5624 2984 5697 πρὸς
3030 5622 3109 5695 τῷ
3162 5622 3346 5693 ἐδάφει
3384 5621 3639 5679 τιθέμενος
3670 5618 3760 5666 ἑπι-

2310 5782 2422 5850 (57)
2476 5783 2899 5857 Ἐμπίμπλησι,
2942 5783 3021 5840 sic
3078 5782 3275 5841 codex.
3335 5797 3386 5836 ι’.
3443 5774 3662 5839 Ιιυιὶειιι,
3703 5766 3757 5822 ad

2237 5850 2444 5920 Phrqn.
2479 5850 2646 5915 p.795.

2429 5968 2470 6001 δ
