3814 6504
97 393 183 454 τω
1040 383 1108 442 IN
1146 383 1449 444 cantum
1493 377 1772 444 ARCANA
1814 385 1870 445 S.
1915 387 2266 448 GnEconu.

97 512 240 586 τρίῧω
265 505 351 577 τὴν
377 504 478 574 γῆν
507 497 600 556 καὶ
630 496 1039 574 κλαυθμυρίζω,
1071 507 1185 570 τοῖς
1215 505 1406 575 ἄλγεσι
1440 505 1627 560 πονούρ

95 620 232 680 μενος
266 618 276 631 ·
305 595 553 680 ἐντεῦθεν,
598 595 940 666 τετραπόδων
993 596 1267 670 ὁμοιότητι
1323 599 1478 670 χερσὶ
1536 599 1631 653 καὶ

93 679 202 748 East
225 686 356 742 κατὰ
387 683 480 737 τού
513 679 742 752 ἐδάφους
773 683 1106 756 ὲπισύρομαι
1141 701 1157 716 ·
1189 685 1627 740 πάλινὲντεῦθεν

90 782 272 854 ἀρθεὶς,
298 775 387 830 καὶ
410 777 699 846 τρομεροῖς
734 775 905 844 ῖχνεσι
946 774 1273 845 βηματίζειν
1309 775 1624 848 ἐπιχειρῶν,

85 871 234 942 δειλία
288 868 380 938 τῆς
429 864 692 929 πτώσεως
735 865 834 929 τάς
875 867 1134 936 παλάμας
1171 867 1625 938 διακλεπτόμενος

87 965 354 1020 ἐκτέτεικα·
390 958 528 1030 μετά
566 957 742 1012 ταῦτα
785 959 967 1028 φωνῆς
995 958 1268 1030 ἀνάρθρου
1298 959 1624 1030 ψελλίσμασι

80 1058 184 1118 ’νοὸς
207 1049 536 1120 ἀνθρωπίνου
577 1049 723 1120 ἴχνος
745 1048 1089 1117 ἐπιφαίνεται
1121 1065 1134 1080 ·
1169 1049 1307 1120 μετά
1328 1047 1502 1102 ταῦτα
1534 1050 1629 1103 καὶ

82 1151 220 1216 λόγος
259 1141 333 1213 τῷ
375 1139 526 1194 παιδὶ
573 1139 1017 1211 διαρθρούμενος,
1065 1140 1165 1194 οὐκ
1216 1141 1512 1210 ἀδακρυτὶ,
1540 1140 1629 1210 ὑφ’

79 1248 288 1321 ἡγεμόσι
324 1244 378 1298 δὲ
423 1247 534 1307 τοῖς
581 1244 809 1315 δάκρυσι
844 1246 988 1299 κατά
1022 1244 1216 1319 μικρὸν
1260 1247 1359 1317 τῆς
1404 1245 1627 1316 πρώτης

81 1342 360 1417 τρανοῦται.

71 1478 372 1544 Εἱκοσέτης
407 1476 739 1547 συνάγειρη
776 1478 983 1548 μένος,
1011 1497 1066 1533 κ.
1101 1496 1151 1532 τ.
1185 1479 1260 1547 ις.

135 1592 310 1654 Μόλις,
367 1591 554 1661 φησὶν,
608 1593 925 1663 εἰκοσαέτης
977 1594 1286 1663 γενόμενος,
1341 1574 1630 1665 τῆν’ἀνθρὶ

72 1684 403 1752 καθήκουσαν
422 1680 653 1752 δύναμιν
675 1681 840 1753 συνήο
851 1700 1025 1755 poma:
1046 1685 1139 1737 καὶ
1158 1683 1345 1757 ῶσπερ
1366 1703 1450 1748 τις
1471 1684 1631 1754 ἀθλη-

73 1778 158 1849 τὴς
181 1778 235 1829 ὲν
255 1773 468 1844 θεάτρῳ
495 1773 574 1844 τῷ
599 1773 697 1846 βίῳ
719 1775 1014 1839 καταστάς,
1042 1775 1258 1840 πολλοῖς
1278 1779 1359 1830 ὅτι
1393 1775 1626 1854 μάλιστα

73 1869 236 1929 πόνοις
279 1865 372 1918 καὶ
423 1864 614 1928 κόποις
647 1865 789 1918 κατά
813 1867 1104 1936 πρόσωπον
1127 1867 1467 1921 ἀντιϐολοῦσι
1500 1885 1626 1920 συν-

72 1959 294 2031 εκύρησα
315 1975 328 1988 ·
357 1957 488 2012 ἄλλο
540 1958 638 2028 μὲν
667 1953 760 2012 οὖν
807 1977 865 2012 σε
897 1959 1004 2011 τῶν
1038 1959 1350 2014 λυπούντων
1399 1961 1538 2015 κατά
1566 1961 1628 2014 τὸ

72 2051 153 2104 νῦν
201 2049 378 2103 θλίὸον
424 2050 760 2112 ἐπιτίθεται,
804 2051 932 2105 ἄλλο
971 2051 1016 2104 δ’
1059 2052 1267 2124 ἀπῆλθε
1319 2053 1399 2123 τῷ
1453 2053 1629 2124 χρόνῳ

75 2140 519 2212 συμπαρῳχηκὸς,
551 2139 730 2204 ἀλλοις
755 2141 832 2203 δὲ,
863 2133 908 2194 ὦ
939 2139 1106 2214 ψυχὴ,
1133 2139 1192 2196 εὖ
1236 2142 1367 2207 ῐσΘι,
1393 2143 1482 2196 τὸν
1515 2143 1628 2215 βίον

73 2229 276 2300 περῶσα
310 2225 670 2299 συναντήσεις
705 2231 762 2292 ἐς
785 2226 848 2283 τὸ
878 2231 1032 2284 ἐπὸν
1067 2231 1380 2304 μοχθηροῖς,
1407 2234 1497 2286 καὶ
1522 2235 1628 2304 γὰρ

75 2317 174 2392 βίον
197 2321 362 2391 περᾷς
387 2314 580 2391 ὥσπερ
606 2319 728 2374 τινα
760 2321 917 2374 ὁλκὸν
949 2322 1195 2392 ποταμοῦ
1226 2324 1497 2396 ἀνάρρουν
1534 2325 1629 2377 αύ-

71 2412 149 2465 τὸν
189 2407 598 2480 ἐκϐιαζόμενος.
622 2411 914 2482 ἔμπαλινῆ
950 2411 1112 2476 αὐτὸς
1149 2413 1328 2484 βούλει
1357 2432 1414 2468 σε
1447 2415 1630 2469 συνέλ-

71 2503 292 2574 κ)ντα,ἢ
340 2498 422 2566 ῶς
453 2521 502 2555 τι
553 2502 732 2574 ῥεῦμα
780 2504 1053 2576 θαλάσσης
1093 2506 1294 2576 βίαιον,
1327 2500 1427 2560 ὧδε
1470 2511 1632 2562 κακεῖ

71 2593 332 2666 περιέλκον
373 2592 474 2646 καὶ
521 2593 824 2665 περισπῶν.
853 2595 882 2647 ὃ
928 2595 992 2668 δὴ
1034 2600 1264 2661 πυκναῖς
1303 2597 1629 2670 πνευμάτων

72 2685 360 2756 ἐμπτώσεσι
409 2687 814 2757 ἀναϐράττεται
849 2688 942 2740 καὶ
992 2687 1284 2759 ῥιπίζεται.
1321 2689 1500 2743 Πολλὰ
1531 2692 1629 2761 μὲν

71 2776 167 2843 οὖν,
210 2780 370 2852 φησὶν
400 2780 434 2831 ὁ
461 2774 798 2844 διδάσκαλος,
845 2784 967 2844 ταῖς
1021 2781 1228 2835 ἑαυτῶν
1278 2782 1482 2846 ἀνοίαις
1539 2783 1632 2836 καὶ

71 2872 376 2944 ἀφροσύναις
419 2872 675 2944 ἑπόμενοι
705 2873 1080 2946 πειραζόμεθα
1104 2887 1117 2903 ·
1153 2875 1251 2928 ὅσα
1281 2873 1479 2946 δηλαδὴ
1514 2873 1631 2939 ταῖς

69 2965 290 3034 ἀνοήτοις
351 2964 678 3035 ἐπιθυμίαις
744 2966 831 3019 καὶ
896 2966 1189 3039 βλαϐεραῖς
1257 2967 1630 3038 ὑπηρετούμε-

70 3073 138 3109 νοι
177 3057 556 3128 ὲκτρυχόμεθα
587 3073 604 3088 ‘
642 3059 869 3111 πλεῖστα
911 3057 954 3111 δ’
987 3059 1088 3111 ὅσα
1136 3059 1227 3112 καὶ
1274 3060 1302 3112 ὁ
1344 3059 1443 3130 τῆς
1489 3061 1628 3131 ημε-

69 3149 216 3220 τέρας
251 3149 386 3222 πρὸς
447 3150 578 3203 Θεὸν
629 3149 862 3212 νεύσεως
915 3150 1008 3203 καὶ
1049 3150 1146 3221 τῆς
1197 3150 1340 3204 κατὰ
1396 3148 1628 3222 Χριστὸν

71 3238 200 3311 ζωῆς
237 3241 643 3312 Ἀντικείμενος
672 3243 735 3295 ἐκ
762 3241 950 3311 φθόνου
981 3241 1073 3295 καὶ
1105 3238 1400 3312 βασκανίας
1428 3245 1631 3298 ἐπινοεῖ

69 3325 120 3384 δυ
129 3349 206 3402 σχε

71 3433 126 3490 59
156 3437 217 3490 El
262 3435 369 3507 γάρ
400 3452 519 3490 κεν
557 3436 674 3491 ὅσα
716 3437 939 3505 τερπνὰ
984 3437 1079 3490 καὶ
1138 3439 1391 3508 ὁππόσα,
1437 3439 1630 3508 λυγρὰ

67 3575 126 3630 60
171 3577 733 3644 Ἀντιταλαντεύοις,
769 3594 823 3631 κ.
850 3589 902 3632 τ.
933 3579 983 3632 λδ
1381 3507 1559 3580 [βίοιο

131 3696 289 3769 Εἴπερ
327 3697 393 3768 δὴ
443 3693 559 3762 οὖν,
595 3699 757 3768 φησὶν
791 3699 819 3752 ὁ
858 3698 959 3769 τῆς
989 3697 1248 3770 ἀληθείας
1291 3691 1627 3771 καθηγητὴς,

68 3788 126 3839 τὰ
172 3790 378 3860 χρηστὰ
427 3789 527 3842 τοῦ
583 3789 698 3860 βίου
737 3790 890 3843 τοῦδε
935 3789 1048 3854 τοῖς
1099 3788 1376 3862 λυπηροῖς·
1415 3793 1632 3846 ἀντιτα-

71 3878 323 3945 λαντεύοις
368 3880 765 3952 σταθμώμενος
813 3881 887 3946 ὡς
935 3881 992 3935 ἐν
1022 3882 1188 3953 ζυγῷ,
1218 3883 1359 3937 κατὰ
1394 3876 1527 3936 πολὺ
1565 3882 1631 3936 ἂν

72 3974 98 4040 ἠ
134 3974 231 4025 τῶν
259 3975 447 4028 κακῶν
484 3972 752 4042 πλάστιγξ
782 3973 1112 4045 βαρυνθεῖσα
1155 3974 1508 4047 κατενεχθείη
1538 3975 1632 4028 ἐπὶ

72 4067 179 4135 γῆν,
213 4068 244 4138 ἡ
279 4067 336 4120 δὲ
367 4068 481 4120 τῶν
519 4065 741 4134 ἀγαθῶν
790 4066 882 4120 καὶ
928 4067 1172 4137 τερπνῶν
1209 4067 1296 4134 ἐφ’
1344 4061 1476 4136 ὕψος
1517 4078 1634 4120 κου·

73 4157 267 4229 φισθείη
294 4157 435 4230 πρὸς
469 4157 728 4228 οὐρανόνο
761 4157 954 4220 οὕτως,
989 4155 1178 4220 εἰπὼν,
1203 4159 1323 4210 κατ’
1353 4152 1488 4221 εἶδος
1515 4159 1650 4230 ἀριέ

73 4248 266 4318 [incitat
294 4253 515 4324 πρῶτον
539 4252 605 4304 τὰ
635 4251 871 4323 λυπηρὰ,
902 4249 1058 4324 δῆρις
1091 4250 1185 4304 καὶ
1215 4251 1384 4322 μάχαι
1407 4253 1521 4314 τοῖς
1544 4245 1633 4303 τὸν

68 4345 247 4413 τρόπον
293 4344 637 4416 πολεμικοῖς,
677 4345 868 4408 πόντος
897 4343 992 4398 καλ⁷
1024 4344 1255 4398 κίνδυνοι
1279 4347 1392 4408 τοῖς
1417 4343 1632 4398 ναυτιλ-

68 4432 315 4502 λομὲνοις,
367 4438 584 4507 ἄρουρα
632 4437 724 4489 καὶ
769 4436 1010 4499 κόπωσις
1049 4438 1160 4499 τοῖς
1202 4435 1488 4507 γεωργοῖς,
1518 4439 1631 4500 τοῖς

67 4524 518 4597 ἐμπορευομένοις
573 4528 665 4578 καὶ
724 4525 975 4579 πλουτεῖν
1031 4524 1306 4579 ἐθέλουσιν
1359 4523 1632 4582 ἐπίϐουλοι

68 4616 239 4685 ἄνδρες
271 4619 619 4690 παρέπονται
668 4613 765 4669 καὶ⁹
814 4615 1093 4690 λῃστρικοί
1120 4633 1132 4647 '
1191 4609 1286 4670 καὶ
1327 4619 1438 4684 τοῖς
1471 4614 1631 4690 εὐρυ-

67 4706 203 4773 θόαις
247 4711 347 4782 μὲν
393 4714 492 4764 καὶ
537 4709 926 4780 πολυκτησίαις
965 4703 1218 4780 χαίρουσι
1259 4707 1632 4782 δασμογρὰφοι

67 4804 148 4854 καὶ
179 4803 454 4870 ἐξισωταὶ,
480 4803 574 4857 καὶ
597 4803 704 4856 τῶν
728 4801 909 4874 φόρων
938 4804 1242 4874 πράκτορες
1272 4801 1632 4876 ἀπαραίτητοι

67 4896 416 4963 παρίστανται
438 4912 452 4926 ⁸
476 4895 589 4958 τοῖς
611 4895 1044 4967 πολιτευομένοις
1065 4893 1119 4948 δὲ
1147 4895 1240 4948 καὶ
1269 4897 1396 4968 περὶ⁹
1421 4895 1633 4965 βίϐλους

65 4987 148 5038 καὶ
173 4987 360 5055 λόγους
397 4988 718 5058 σχολάζουσι
753 4987 980 5060 ῥήτορες
1019 4987 1166 5040 ἔστιν
1199 4987 1286 5040 ὅτε
1335 4988 1498 5041 δεινοὶ
1540 4983 1634 5040 καὶ

67 5080 384 5146 συκοφάνται
412 5079 512 5132 καὶ
536 5079 726 5150 κριτὴς
756 5079 938 5143 ἄδικος
977 5079 1072 5132 καί
1093 5079 1275 5150 ἄρχων
1301 5078 1398 5142 τὰς
1420 5077 1632 5150 ψήφους

64 5170 152 5222 οὐκ
177 5170 390 5234 εὐθείας
411 5170 693 5234 διατιθείς.
724 5170 832 5222 Καὶ
854 5170 1026 5224 ταῦτα
1054 5166 1152 5240 μὲν
1171 5169 1237 5223 τὰ
1268 5166 1518 5224 ἐπώδυνα
1539 5165 1632 5224 τοῦ

63 5260 279 5316 ὲλεεινού
312 5261 434 5332 βίου
476 5262 724 5331 παίγνια,
763 5263 870 5316 τῶν
903 5263 1146 5332 ματαίων
1171 5262 1472 5334 ἀνθρώπων
1503 5280 1636 5316 κατο-

61 5354 356 5422 ορχούμενα
382 5355 488 5424 τῆς
521 5355 686 5426 ζωῆς.
715 5355 946 5408 Σκοπεῖν
969 5354 1033 5426 δὴ
1059 5350 1153 5408 οὖν
1183 5353 1331 5421 ἄξιον
1359 5354 1454 5408 καὶ
1476 5354 1634 5408 ὁποῖά

63 5443 166 5496 ἐστι
190 5448 255 5500 τὰ
293 5447 534 5518 τερπνὰ,
565 5447 725 5519 κόρος
767 5448 861 5500 καὶ
885 5448 1120 5519 γαστρὸς
1155 5446 1439 5517 πλησμονή
1469 5463 1482 5476 ο
1541 5447 1634 5499 καὶ

61 5535 207 5588 τοῦτο
242 5537 383 5609 βαρύ
422 5555 485 5590 τε
512 5539 604 5592 καὶ
638 5535 874 5608 ἐπαχθές
892 5556 903 5568 ·
930 5535 1080 5610 ᾆσμα
1106 5537 1200 5592 καὶ
1221 5538 1475 5607 γέλωτες·
1507 5537 1636 5590 ἄλλο

62 5627 300 5695 παίγνιον
327 5644 342 5658 ο
396 5628 655 5702 λαμπραὶ
694 5629 914 5701 τύμϐων
965 5629 1336 5684 κατασκευαί·
1390 5630 1551 5682 αὐταὶ
1578 5624 1634 5682 δὲ

64 5719 277 5788 πλήρεις
323 5722 605 5775 ὀδωδότων
633 5723 864 5793 ὁρῶνται
894 5721 1133 5793 νεκρῶν·
1175 5721 1299 5774 ἕδνα
1333 5720 1635 5792 περισπού-

63 5809 219 5864 δαστα
249 5814 343 5866 καὶ
369 5817 734 5886 προγαμιαῖαι
759 5813 979 5884 δωρεαὶ,
1007 5812 1293 5884 καὶπρολξ,
1319 5812 1412 5866 καὶ
1437 5812 1632 5882 γάμος,

67 5904 147 5955 καὶ
185 5904 441 5973 δεύτερος
475 5906 732 5970 πολλάκις
780 5905 869 5958 τού
915 5904 1130 5977 πρῶτον
1169 5903 1514 5968 διακοπέντος
1561 5904 1636 5974 τῷ

3195 388 3300 452 730

1731 523 1794 562 ac
1821 507 2054 576 pedibus
2084 523 2250 579 super
2278 507 2395 563 solo
2439 517 2627 580 repto;
2671 521 2885 566 rursum
2919 506 3043 566 inde
3069 527 3302 584 surgens

1727 606 1782 654 et
1823 600 2053 653 tremulo
2086 599 2220 670 pede
2248 599 2467 670 gradive
2493 610 2733 666 tentans,
2763 616 2873 673 pra:
2933 617 3098 660 casus
3150 616 3298 659 metu

1729 705 1927 748 manus
1959 693 2291 764 protendens
2324 703 2613 764 pertento;
2646 700 2906 766 praeterea
2926 694 3128 770 lingua:
3170 699 3306 754 titu-

1725 783 1908 839 bantis
1953 785 2093 840 male
2137 785 2436 840 articulatm
2476 783 2762 858 vestigium
2805 786 3034 859 spiritus
3077 790 3306 846 humani

1732 872 2047 938 ostendunt,
2075 884 2258 944 postea
2289 883 2342 930 et
2367 885 2548 932 sermo
2575 878 2628 931 in
2660 890 2828 947 puero
2852 879 3173 946 emendatus
3194 898 3306 936 non

1734 965 1855 1019 sine
1891 965 2169 1036 lacrymis,
2200 967 2334 1038 ipsis
2365 968 2672 1024 rectoribus
2701 969 2982 1039 laciymis,
3015 978 3307 1026 transeun-

1734 1058 1884 1115 tibus
1922 1067 2126 1116 tenerae
2164 1062 2341 1117 relatis
2375 1062 2566 1133 primis
2598 1069 2651 1117 et
2676 1062 2938 1118 secundis
2966 1064 3128 1118 annis
3167 1065 3310 1119 inci-

1737 1151 1816 1222 pit
1850 1152 1997 1208 clare
2027 1151 2390 1210 manilestari.

1680 1263 1737 1298 τε
1791 1249 1887 1300 καὶ
1935 1245 2196 1322 δευτέρας
2255 1251 2471 1322 ἡλικίας
2521 1246 2926 1322 παροδευούσης
2971 1248 3158 1320 σαφῶς
3190 1249 3309 1305 δια-

1742 1479 2050 1535 Vicesimmu
2081 1485 2341 1555 attingens
2366 1499 2562 1538 annum
2586 1483 2952 1554 fortitudinem
2975 1483 3182 1556 coilegi,
3199 1495 3306 1541 etc.

1808 1591 1932 1659 Vix,
1953 1595 2146 1665 inquit,
2167 1597 2357 1664 viginti
2377 1608 2551 1653 annos
2572 1604 2757 1663 natus,
2788 1596 3168 1653 fortitudinem
3187 1597 3310 1652 viro

1729 1688 2142 1742 convenientem
2179 1699 2466 1744 assecutus
2496 1705 2640 1750 sum.
2671 1698 2724 1744 et
2757 1689 2902 1742 sicut
2947 1688 3150 1743 athleta
3192 1688 3316 1758 qui-

1729 1780 1852 1834 dam
1879 1779 1934 1834 in
1959 1781 2084 1834 vita:
2113 1779 2327 1834 theatro
2359 1794 2628 1852 apparens
2647 1781 2839 1837 multis
2859 1789 2914 1836 et
2943 1797 3107 1852 quam
3135 1781 3310 1835 maxi-

1731 1873 1839 1927 mis
1863 1870 2148 1926 laboribus
2178 1880 2232 1926 et
2273 1871 2538 1926 :erumnis
2567 1871 2783 1925 obviam
2837 1872 3176 1927 irruentibus
3213 1885 3310 1926 oc-

1730 1964 1907 2029 curri;
1939 1962 2086 2016 aliud
2119 1962 2341 2032 quidem
2392 1961 2582 2018 dolore
2620 1969 2674 2018 te
2725 1962 2780 2016 in
2827 1963 3082 2033 praesenti
3129 1971 3311 2017 conte.

1733 2069 1860 2107 rens
1908 2054 2238 2124 apponitur,
2294 2053 2444 2108 aliud
2500 2067 2630 2108 vero
2706 2066 2814 2110 una
2877 2068 3002 2109 cum
3065 2061 3313 2124 tempore

1732 2146 1894 2201 simul
1925 2147 2081 2218 fugit,
2117 2146 2240 2201 aliis
2271 2147 2472 2213 adhuc,
2510 2161 2544 2198 ο
2583 2145 2790 2212 anima,
2848 2155 2997 2200 certe
3039 2145 3090 2200 id
3138 2145 3309 2204 scias.

1731 2254 1828 2309 per
1866 2240 2031 2293 vitam
2069 2239 2343 2294 transiens
2377 2237 2433 2292 in
2463 2236 2710 2292 futurmn
2760 2236 2918 2292 duris
2949 2237 3109 2291 obvia
3157 2237 3310 2302 eris;

1736 2346 1974 2400 namque
2003 2345 2101 2403 per
2125 2331 2294 2385 vitam
2328 2331 2535 2386 transis
2561 2330 2723 2402 quasi
2756 2345 2850 2400 per
2877 2330 3054 2386 amnis
3083 2344 3312 2385 cursum

1737 2431 1790 2478 te
1849 2423 1902 2478 vi
1949 2439 2145 2495 magna
2193 2424 2535 2495 abripientis.
2597 2422 2664 2477 Et
2717 2437 2936 2478 rursum
3025 2413 3112 2477 vel
3194 2421 3312 2492 ipse

1731 2524 1787 2567 te
1829 2514 2064 2570 trahenti
2125 2516 2393 2579 assentis,
2454 2515 2540 2570 vel
2616 2515 2762 2570 sicut
2831 2513 3030 2568 ﬂuctus
3087 2511 3310 2584 quidam

1731 2607 1900 2663 maris
1945 2615 2216 2672 coactus,
2284 2608 2366 2664 sic
2441 2603 2722 2677 abripiens
2783 2615 2839 2662 et
2907 2605 3154 2660 avellens
3217 2604 3314 2672 qui

1736 2702 1938 2756 iterum
2000 2711 2164 2772 atque
2225 2703 2425 2756 iterum
2491 2709 2779 2756 ventorum
2856 2697 3080 2752 ﬂatibus
3124 2696 3314 2750 turba-

1734 2805 1822 2850 tur
1855 2805 1910 2850 et
1945 2795 2190 2850 tumidus
2218 2795 2300 2852 iit.
2328 2794 2556 2848 Multum
2603 2807 2756 2864 ergo,
2803 2791 2980 2860 inquit
3025 2791 3312 2860 magister,

1734 2885 1940 2940 nostris
1968 2884 2215 2956 profanis
2243 2885 2676 2956 cogitationibus
2703 2893 2758 2940 et
2803 2881 3190 2938 deliramentis
3233 2881 3312 2933 in-

1735 2977 2092 3048 sequentibus
2129 2985 2409 3032 tentamur
2446 2994 2459 3030 :
2501 2989 2666 3048 quam
2723 2974 2914 3029 multis
2938 2971 3185 3044 profecto
3215 2971 3309 3025 in-

1737 3070 1888 3127 sanis
1914 3079 1967 3125 et
2005 3070 2220 3125 nocivis
2268 3067 2558 3125 desideriis
2595 3066 2975 3122 consumimur
3012 3071 3222 3119 tantum
3259 3071 3316 3118 et

1739 3165 1861 3234 plus
1890 3161 2066 3220 nostri
2106 3177 2236 3233 erga
2267 3160 2438 3216 Deum
2472 3158 2724 3229 obsequii
2754 3165 2919 3228 atque
2951 3156 3076 3212 vita:
3108 3170 3314 3211 secun‘

1737 3256 1865 3309 dum
1903 3253 2188 3310 Christum
2211 3251 2572 3308 Adversarius
2602 3265 2713 3321 pra:
2743 3248 2950 3306 invidia
2997 3248 3310 3320 suggestio-

1741 3346 1906 3403 nibus
1944 3345 2154 3401 dolosis
2177 3343 2416 3398 diilicilia
2439 3343 2694 3400 suscitat.

1737 3447 1804 3503 59
1846 3446 2057 3502 Etenim
2081 3448 2128 3501 si
2161 3447 2338 3502 omnia
2368 3447 2505 3500 bona
2529 3445 2809 3515 omniaque
2829 3445 2951 3499 vita:
2976 3443 3120 3496 mala

1739 3517 1807 3572 60
1849 3517 2195 3587 Appenderis,
2221 3525 2326 3572 etc.

1812 3702 1868 3757 Si
1917 3716 2082 3772 ergo,
2137 3695 2315 3772 inquit
2358 3702 2544 3754 orator
2584 3699 2737 3770 juxta
2789 3698 3115 3760 veritatem,
3171 3711 3316 3752 com-

1739 3795 1900 3850 moda
1937 3794 2060 3850 vita:
2095 3792 2258 3864 hujus
2301 3791 2638 3848 calamitosis
2677 3789 3104 3863 wqitiparav'eris
3155 3791 3315 3859 quasi

1741 3889 1794 3942 in
1822 3887 2059 3951 bilance,
2093 3887 2364 3942 malorum
2390 3885 2604 3939 lancula
2651 3893 2930 3955 premente
2963 3883 3208 3953 pondere
3243 3881 3317 3935 fa:

1741 3993 1892 4036 retur
1935 3978 2001 4034 ad
2045 3987 2270 4044 terram,
2336 3977 2605 4031 bonorum
2661 3990 2792 4032 vero
2837 3983 2893 4030 ct
2941 3973 3313 4044 jucundorum

1741 4072 1959 4128 lancula
1987 4073 2042 4127 in
2071 4071 2241 4125 altum
2296 4067 2550 4123 alleviata
2589 4065 2656 4120 ad
2689 4063 3200 4122 caalumattolletur.
3223 4059 3316 4117 Sic

1741 4165 1934 4220 dicens
1946 4180 2042 4235 per
2067 4163 2281 4234 species
2309 4168 2570 4231 supputat
2600 4159 2775 4230 primo
2799 4157 3154 4224 calamitosa;
3181 4155 3317 4210 rixa!

1741 4260 1796 4307 et
1819 4251 2010 4322 praelia
2036 4265 2136 4321 pro
2172 4244 2524 4306 bellatoribus
2569 4264 2635 4303 ex
2689 4247 2934 4318 ipsorum
2974 4243 3315 4308 conditione,

1743 4359 1893 4399 mare
1924 4351 1979 4399 et
2006 4342 2246 4413 pericula
2285 4356 2382 4412 pro
2419 4340 2828 4411 navigantibus,
2876 4337 3051 4392 aratio
3086 4343 3140 4391 et
3188 4335 3317 4390 fati-'-

1738 4438 1886 4508 gatio
1903 4451 2001 4507 pro
2043 4434 2335 4504 agricolis,
2380 4446 2481 4504 pro
2532 4426 2963 4502 negotiatoribus
2997 4437 3052 4484 et
3112 4425 3181 4484 iis
3220 4421 3317 4500 qui

1740 4528 1938 4583 divites
1969 4527 2159 4582 volunt
2189 4523 2305 4582 ﬁeri
2363 4534 2494 4580 sunt
2543 4523 2871 4578 insidiantes
2922 4522 3025 4576 viri
3075 4529 3128 4576 et
3152 4514 3320 4576 latro:

1741 4637 1871 4688 nes;
1902 4627 1956 4676 et
1985 4627 2305 4690 arroganter
2355 4616 2708 4688 loquentibus
2760 4624 2814 4670 et
2870 4607 3318 4685 possessionibus

1741 4717 1932 4770 multis
1994 4713 2360 4786 gaudentibus
2422 4710 2866 4765 circumcurrunt
2923 4711 3210 4762 exactores
3261 4707 3318 4760 et

1741 4809 2028 4880 vectigalia
2060 4808 2390 4877 imperantes
2434 4811 2488 4858 et
2529 4801 2864 4856 tributorum
2921 4806 3151 4852 censum
3209 4791 3312 4850 im-

1743 4907 2008 4972 ponuutes
2043 4914 2182 4969 quos
2210 4897 2358 4952 nullo
2382 4894 2542 4949 modo
2563 4891 2814 4956 ﬂexeris;
2864 4888 3121 4958 subjectit
3157 4895 3210 4942 et
3256 4895 3318 4942 ut

1743 4991 1835 5062 qui
1861 4991 2014 5046 libris
2053 4994 2108 5043 et
2157 4979 2488 5057 eloquentia
2532 4983 2712 5038 studia
2749 4972 3012 5034 adhibent
3060 4978 3316 5034 doctores

1743 5079 2014 5150 contingit
2043 5089 2101 5132 ut
2124 5078 2235 5132 sint
2265 5072 2593 5130 l‘ormidandi
2624 5079 2680 5126 et
2699 5068 3150 5134 calumniatores,
3187 5078 3316 5124 sunt

1743 5184 1797 5228 et
1827 5165 1993 5241 judex
2023 5162 2262 5239 iniustus
2293 5173 2345 5220 et
2373 5166 2626 5235 princeps
2652 5173 2853 5216 causas
2877 5175 2985 5214 non
3021 5169 3167 5215 recte
3192 5176 3317 5232 pro-

1745 5263 2088 5327 nuntians;et
2121 5261 2224 5314 ista
2251 5258 2469 5329 quidem
2517 5268 2828 5310 aerumnosa
2877 5253 3204 5309 miserandae
3239 5257 3319 5308 vi-

1745 5364 1814 5410 tae
1867 5353 2184 5422 crepundia,
2224 5351 2425 5422 quibus
2455 5349 2606 5404 stulti
2643 5348 2890 5402 homines
2939 5347 2995 5402 in
3048 5362 3166 5402 avo
3201 5347 3318 5403 dis-

1744 5449 2009 5501 tinentur.
2041 5443 2403 5498 Considerare
2439 5447 2494 5495 et
2523 5439 2745 5510 dignum
2777 5445 2861 5492 est
2901 5453 3022 5508 quae
3057 5438 3168 5493 sint
3221 5439 3316 5506 ju-

1745 5538 1946 5603 cunda,
1985 5536 2250 5591 saturitas
2278 5545 2332 5588 et
2361 5532 2572 5587 ventris
2596 5529 2858 5600 expietio,
2880 5545 3047 5600 grave
3093 5545 3317 5601 quoque

1744 5626 1795 5679 id
1827 5633 1914 5679 est
1940 5633 2106 5693 atque
2136 5623 2367 5677 toleratu
2402 5620 2641 5685 diilicile;
2665 5627 2861 5674 cantus
2910 5632 2966 5674 et
3009 5619 3154 5675 risus
3209 5621 3318 5674 ειη

1749 5717 2074 5788 crepundia;
2107 5713 2407 5785 splendida!
2455 5713 2834 5783 sepulcrorum
2883 5719 3213 5772 εινιιοῑιιιτε.
3263 5715 3325 5766 (ι’

1748 5811 1877 5881 ipsa:
1903 5808 2272 5865 redundantes
2308 5807 2564 5862 videntur
2612 5816 2953 5860 tliOl‘lltOi‘ilm
2993 5805 3315 5875 putoribus;

1749 5901 2074 5959 munuscula
2101 5900 2382 5957 amatoriis
2412 5901 2610 5956 studiis
2638 5899 2838 5965 oblata,
2879 5897 3132 5969 donaque
3176 5915 3321 5968 unp-
