3814 6510
97 431 180 485 795

98 544 257 617 μόρονς
280 534 425 591 Ἀλλὰ
436 534 526 589 καὶ
549 531 629 600 ob,
661 534 846 606 φησὶν,
870 530 920 588 ib
956 534 1292 608 Ἀλέξανδρε,
1318 537 1611 608 δράκοντος

89 637 138 700 ξς
161 626 429 703 κομπάζεις
457 626 570 692 υἱὸς
611 623 775 691 εἶναι,
809 627 885 700 τῷ
921 628 1294 700 ἀκατάσχετος
1335 626 1474 684 εἶναι
1514 627 1612 699 τὴν

87 724 230 794 ἀλκὴν
253 720 336 774 καὶ
359 717 743 784 ἀνυπόστατος,
769 721 864 796 καὶ
891 721 952 774 σὲ
979 720 1117 792 μετά
1139 722 1199 776 τὸ
1226 723 1406 777 πᾶσαν
1427 722 1612 793 σχεδὸν

85 820 163 888 τὴν
188 815 276 884 γῆν
300 810 556 877 ἐπελθεῖν,
597 807 739 876 οῐνος
763 813 1021 886 ἀμέτρως
1046 815 1373 880 ὲναπέπνιξε
1396 815 1609 880 ποθείς.

83 907 136 962 Τί
159 906 207 960 δὲ
232 903 376 958 πλέον
395 903 452 956 ἐν
474 905 688 974 νεκροῖς
716 903 1027 973 βασιλεῦσιν
1044 905 1076 977 ἢ
1093 905 1287 977 πένησι
1306 922 1320 971 ;
1352 906 1453 977 μία
1478 909 1611 960 πᾶσι

84 997 236 1062 κόνις,
278 995 382 1056 too;
412 993 543 1046 πᾶσι
572 993 668 1046 καὶ
695 994 878 1065 ὅμοιος
902 996 930 1048 ό
963 996 1232 1060 σκελετὸς,
1258 998 1392 1050 ὀστᾶ
1430 995 1614 1067 γυμνά

83 1090 217 1160 μόνον
245 1083 386 1155 αὐτῷ
407 1101 466 1137 τε
587 1085 730 1157 ἦρωῖ
753 1087 995 1158 Ἀτρείδη
1023 1088 1117 1141 καὶ
1150 1089 1281 1160 Ἴρῳ
1308 1088 1384 1159 τῷ
1418 1089 1614 1160 ἀλητο·

81 1183 202 1253 ϐόρῳ
243 1177 331 1232 καὶ
370 1178 655 1249 ἑπαιτήσει
712 1179 879 1250 ἄρτου
936 1178 1191 1245 διαζῶντι
1229 1197 1242 1212 ·
1295 1180 1459 1244 αὐτός
1531 1198 1610 1244 τε,

79 1272 234 1344 φησιν,
273 1270 298 1322 6
338 1268 510 1339 μέγας
544 1271 955 1329 Κωνσταντῖνος
992 1271 1086 1325 καὶ
1115 1272 1369 1344 θεράπων
1398 1273 1615 1342 οἰκέτης

79 1363 207 1434 ἐμὸς,
229 1361 365 1422 ὅστις
384 1376 444 1412 τε
471 1359 694 1424 ἄνολϐος
719 1361 813 1415 καὶ
840 1363 988 1426 ὅστις
1015 1361 1309 1427 πολύολϐος
1340 1364 1431 1417 καὶ
1453 1363 1616 1436 βαρυ-

75 1459 288 1528 κτήμων,
337 1452 487 1506 οὐδὲν
538 1453 666 1507 ἄλλο
718 1452 971 1519 θανόντες
1013 1455 1196 1526 ἔχουσι
1241 1455 1397 1510 πλέον
1442 1456 1475 1527 ἢ
1524 1457 1618 1511 τὸν

73 1550 236 1616 τάμον.

71 1640 127 1695 97
160 1635 259 1693 Καὶ
285 1636 355 1690 τὰ
380 1633 502 1703 μὲν
528 1635 745 1693 ἐνθάδε
762 1636 914 1703 τοῖα,
962 1638 1031 1692 τὰ
1061 1640 1114 1692 δ’
1141 1640 1358 1695 ἄλλοθι
1389 1641 1479 1706 τίς
1511 1658 1618 1696 κεν

1023 1709 1300 1780 [ἐνίσποι.
1327 1728 1378 1763 κ.
1409 1729 1458 1764 τ.
1491 1710 1542 1764 λ.

132 1801 252 1854 Ὀσα
298 1795 395 1867 μὲν
446 1799 651 1870 τῆς-ὲν
703 1800 893 1872 κόσμῳ
951 1801 1098 1872 ζωῆς
1159 1800 1299 1872 μετὰ
1365 1801 1615 1874 σώματος

70 1891 274 1960 ὀδῦνηρὰ
307 1890 399 1943 καὶ
426 1892 658 1962 τερπνά,
688 1893 931 1958 τοιαῦτα,
963 1894 1265 1966 ὁλοσχερῶς
1294 1895 1488 1956 εἰπεῖν,
1523 1898 1617 1950 καὶ

68 1982 216 2046 οὕτως
237 1981 423 2052 ἔχοντα
449 2001 460 2015 ο
509 1983 589 2048 τίς
615 1984 658 2037 δ’
693 1984 759 2038 ἂν
788 1985 1107 2056 ἐκλαλῆσαι,
1143 1987 1295 2055 φησι,
1332 1987 1402 2040 τὰ
1434 1987 1616 2042 ἄλλοθι

66 2075 162 2137 τοῖς
183 2073 375 2138 ἀδίκοις
395 2075 783 2146 ἀπειλούμενα,
806 2076 843 2130 ἂ
863 2078 1118 2148 ήῠὲσχάτη
1145 2077 1324 2148 ἡμέρα
1346 2079 1617 2132 ἀποκαλυ-

67 2167 278 2236 πτομένη
323 2164 620 2232 ἐπιδείξει;
668 2169 779 2239 πῦρ
830 2169 938 2241 γὰρ
983 2172 1099 2222 ἐκεῖ
1148 2169 1408 2240 βρόμεον,
1450 2171 1617 2242 ἤγουν

66 2257 286 2330 φοῦερὸν,
317 2259 409 2312 καὶ
441 2259 634 2327 γέεννα
662 2260 950 2331 ὴπείληται
984 2261 1078 2315 καὶ
1125 2262 1314 2324 σκότος
1352 2258 1616 2334 ἐξώτερον

65 2352 161 2412 τοῖς
185 2350 614 2420 μακρυνομένοις
643 2352 738 2405 καὶ
774 2353 962 2424 πόρρω
987 2351 1244 2407 πίπτουσι
1274 2352 1370 2405 τοῦ
1399 2354 1574 2422 φωτός
1598 2371 1613 2387 ο

63 2442 164 2493 ἐκεῖ
203 2441 292 2494 καὶ
333 2440 554 2513 σκώληξ
600 2443 917 2516 ἀκοίμητος,
944 2444 1042 2515 τῆς
1093 2444 1370 2517 ἡμετέρας
1417 2446 1617 2512 κακίας

63 2531 336 2604 ὑπόμνησις
383 2534 484 2587 καὶ
536 2534 630 2587 τοῦ
690 2536 988 2600 συνειδότος
1037 2538 1071 2607 ή
1117 2537 1266 2603 νύξις
1303 2539 1398 2592 καὶ
1449 2539 1618 2592 κατά-

62 2640 232 2688 γνωσις
238 2669 255 2688 ο

65 2714 245 2780 Δώῐον,
273 2718 321 2769 εί
344 2715 600 2781 βιότοιο,
632 2734 684 2772 κ.
711 2734 761 2776 τε
792 2716 872 2782 ἐξ.

119 2807 319 2862 Βέλτιον
367 2803 443 2881 ἦν
496 2826 577 2862 σοι
630 2811 725 2866 καὶ
775 2809 1086 2864 λυσιτελοῦν
1140 2811 1374 2882 μᾶλλον,
1425 2803 1472 2865 ὦ
1519 2815 1620 2885 τῆς

63 2899 306 2966 κολάσεως
354 2901 579 2972 ἐκείνης
611 2903 854 2969 ύπόδικε,
895 2904 943 2963 εἰ
987 2904 1060 2975 μὴ
1103 2904 1202 2969 τὰς
1249 2907 1328 2970 εἰς
1367 2906 1459 2961 τὸν
1504 2904 1618 2977 βίον

60 2993 304 3063 φερούσας
340 2995 622 3068 ὲπέρασας
651 2996 802 3063 ὁδούς
822 3014 835 3028 °
873 2997 1037 3050 καλὸν
1071 3014 1152 3052 σοι
1188 2996 1264 3069 μὴ
1291 2998 1620 3070 γεννηθῆναι

59 3086 142 3154 τήν
172 3086 337 3157 ἀρχὴν
385 3087 418 3159 ἢ
479 3088 792 3158 γεννηθέντι
845 3091 938 3144 καὶ
992 3090 1328 3161 πεπερακότι
1375 3091 1466 3144 τὸν
1507 3092 1618 3162 βίον

57 3175 234 3246 ὁμοίως
279 3177 483 3250 θηρσὶν
518 3179 550 3250 ἦ
581 3182 802 3252 κτήνεσι
829 3179 1057 3250 λυθῆναι
1096 3181 1191 3234 καὶ
1230 3179 1430 3246 θανεῖν,
1463 3181 1495 3253 ἦ
1535 3182 1620 3236 ἵνα

58 3269 146 3320 κάν
169 3269 241 3340 τῷ
275 3267 374 3341 βίῳ
408 3269 554 3341 τῷδε
594 3271 870 3337 τοσούτοις
915 3275 1106 3335 κακοῖς
1150 3271 1470 3344 ταλαιπωρῄ
1525 3274 1620 3326 καὶ

55 3357 257 3432 ὕστερον
292 3363 464 3425 πάλιν
491 3363 670 3435 πολλῷ
696 3364 806 3420 τῶν
835 3365 1066 3419 ἐνταῦθα
1089 3365 1308 3436 χείρονα
1329 3365 1620 3438 προσδέχῃν

55 3452 160 3504 καθ’
187 3454 306 3507 ὅσον
331 3455 402 3508 τά
439 3456 543 3526 μὲν
568 3455 722 3520 τέλος
751 3457 896 3528 ἔχειν
930 3457 1314 3528 προσδοκᾶται,
1339 3458 1406 3512 τά
1434 3457 1478 3510 δ’
1503 3459 1623 3510 ἁτε-

52 3540 284 3615 λεύτητον
308 3545 549 3615 ἐπάγειν
571 3549 681 3612 τοῖς
709 3548 1088 3620 κολαζομένοις
1118 3550 1328 3620 ποινήν.
1365 3548 1474 3602 Ποῦ
1509 3567 1620 3620 μοι,

52 3633 194 3688 πάλιν
231 3637 396 3706 φησὶν
429 3637 469 3689 ὁ
499 3637 810 3708 θεόληπτος,
843 3642 876 3711 ἡ
919 3639 1131 3711 μεγάλη
1165 3641 1258 3694 τοῦ
1297 3639 1623 3711 πρωτοπλά-

50 3742 160 3779 στου
185 3727 330 3794 δόξα,
371 3730 432 3783 ὅτ
449 3746 469 3782 ι
499 3731 643 3802 χειρὶ
671 3730 805 3785 Θεοῦ
832 3733 925 3787 καὶ
955 3732 1098 3787 κατὰ
1125 3733 1223 3804 τὴν
1249 3731 1414 3786 αὑτοῦ
1441 3731 1624 3786 είκόνα

49 3819 130 3870 καὶ
155 3819 422 3890 ὁμοίωσιν.
477 3821 743 3892 ἐπλάσθη,
780 3822 873 3875 καὶ
920 3821 1058 3893 αὕτη
1102 3824 1198 3893 μιᾷ
1239 3821 1424 3892 γεύσει
1466 3821 1623 3888 ξύλου

46 3910 377 3985 ἀπειρημένη
410 3912 730 3980 όιπολώλει;
769 3913 872 3971 ποῦ
904 3914 960 3968 δὲ
989 3914 1082 3968 τοῦ
1113 3912 1369 3986 Σαλομὼν
1401 3915 1434 3987 ή
1464 3913 1625 3983 σοφία

46 3999 128 4052 καὶ
152 4001 210 4054 τὸ
235 4001 402 4067 κῦδος
430 4003 542 4075 τῆς
568 4005 881 4076 φρονήσεως
903 4021 917 4071 ;
960 4005 1293 4076 δεδάμασται
1323 4004 1378 4062 δὲ
1403 4006 1498 4059 καὶ
1531 3997 1624 4060 οὗ-

47 4107 128 4157 τος
160 4095 253 4149 καὶ
307 4097 591 4168 ἠτίμωται
625 4096 890 4166 γυναιξίν.
943 4097 1054 4152 Ποῦ
1100 4098 1157 4152 δὲ
1221 4097 1418 4161 Ἰούδας
1461 4099 1489 4150 6
1533 4097 1626 4152 τὸν

44 4183 445 4260 δωδεκάριθμόν
475 4188 589 4261 (61)
623 4206 752 4242 ποτε
790 4188 902 4243 τῶν
940 4189 1254 4243 ἀποστόλων
1298 4189 1458 4262 χορὸν
1486 4207 1624 4261 συμ-

46 4274 288 4352 πληρῶνς
350 4281 498 4336 ἀλλὰ
547 4284 640 4335 καὶ
700 4282 863 4345 αὐτὸς
917 4281 1146 4353 βραχέος
1189 4281 1346 4336 ἕκατι
1402 4281 1626 4354 κέρδους

43 4368 244 4425 αἰώνιον
284 4373 490 4427 σκότον
525 4372 917 4444 ἀντηλλάξατο.

48 4457 136 4513 109
169 4461 393 4530 Χριστὲ
420 4463 604 4528 ἄναξ,
641 4481 694 4517 κ.
726 4479 777 4522 τ.
802 4463 850 4520 ὲ.

15 4553 19 4572 ³
117 4553 318 4625 Δέομαί
364 4573 489 4619 σου,
546 4557 710 4628 φησὶν
763 4557 792 4612 6
849 4555 1236 4621 θεόπνευστος,
1286 4549 1331 4610 ὧ
1390 4555 1626 4628 μακάριε

40 4644 228 4716 Χριστὲ
273 4647 374 4705 καὶ
417 4647 807 4720 παμϐασιλεῦ,
854 4649 1054 4703 αὐτίκα
1088 4647 1183 4703 νῦν
1231 4649 1545 4719 ἀναστήσας
1593 4647 1627 4719 ἢ

41 4741 387 4811 μεταστήσας
415 4757 490 4811 με
519 4739 631 4794 τῶν
657 4739 750 4794 τοῦ
777 4741 891 4812 βίου
915 4741 1232 4814 συμφορῶν,
1253 4739 1330 4812 τῷ
1359 4739 1434 4811 σῷ
1456 4739 1628 4810 δούλῳ

38 4827 128 4898 τὴν
162 4830 307 4885 ἴασιν
349 4832 652 4904 παράσχου
674 4849 686 4862 ·
735 4835 828 4887 καὶ
853 4834 961 4906 γάρ
985 4833 1144 4888 τοῦτο
1171 4834 1332 4905 μόνον
1366 4833 1529 4887 καλὸν
1553 4831 1631 4904 τῷ

35 4920 139 4974 ὖντι
160 4925 254 4977 καὶ
278 4923 516 4995 βέϐαιον
546 4924 852 4998 ἀνθρώποις
877 4928 1111 4998 ὑπάρχει
1136 4925 1286 4998 παρὰ
1317 4925 1432 4990 σοῦ,
1457 4925 1512 4979 αἱ
1533 4925 1629 4996 τῆς

34 5012 284 5081 οὖρανίας
319 5015 552 5080 ἐλπίδες
596 5016 892 5087 βασιλείας,
925 5021 981 5071 ἐν
1027 5011 1114 5081 αἷς
1155 5016 1300 5087 κάμὲ
1338 5014 1535 5088 μικρόν
1567 5031 1630 5068 τε

31 5103 372 5163 ἀναπνὲοντα
416 5109 611 5178 ζῆσον,
660 5110 722 5164 τὸ
750 5109 1101 5182 ἐλπιζόμενον
1145 5109 1474 5181 παρασχώνο
1523 5105 1629 5162 τῶν

31 5195 197 5251 ἄλλων
222 5200 281 5253 δὲ
312 5200 417 5254 τοῦ
467 5199 587 5271 βίου
631 5201 894 5256 ποθεινῶν
921 5205 1016 5256 καὶ
1043 5201 1310 5274 ἐραστῶν,
1351 5194 1428 5255 ὧν
1465 5199 1632 5264 πολὺς

29 5288 55 5339 ό
81 5289 260 5362 κόρος,
289 5293 480 5366 πολλὴ
505 5295 538 5366 ἡ
564 5292 869 5366 πλημμύρα
899 5295 992 5349 καὶ
1019 5295 1052 5366 ὴ
1080 5292 1388 5364 πλησμονὴ,
1418 5294 1518 5347 ὅσα
1539 5292 1632 5346 ἐπὶ

29 5381 127 5450 γῆς
165 5383 223 5434 ἐν
283 5382 620 5458 ἀνθρώποις
686 5383 1041 5457 περισύρεται
1093 5382 1189 5437 καὶ
1245 5379 1494 5437 ποθεῖται
1538 5380 1633 5436 καὶ

27 5471 268 5543 ζητεῖται
296 5474 509 5530 ἄλλοτε
530 5477 608 5540 είς
627 5473 820 5539 ἄλλους
845 5474 1326 5546 μεταριπτούμενα
1352 5471 1447 5527 καὶ
1469 5488 1633 5545 μετα-

29 5563 320 5634 πίπτοντα,
361 5567 558 5622 πᾶντα
597 5569 917 5624 καταλιπεῖν
958 5567 1147 5634 ἐθέλω,
1183 5565 1361 5621 πάντα
1401 5564 1632 5638 ἀφήσειν

27 5655 278 5730 εὔχομαι,
313 5654 442 5715 οἷον
473 5659 572 5732 τὴν
614 5661 955 5734 καλουμένην
987 5660 1080 5714 ἐπὶ
1108 5659 1213 5732 γῆς
1244 5659 1504 5733 πατρίδα,
1536 5657 1633 5713 καὶ

25 5751 324 5826 αὖτὴντὴν
353 5752 641 5829 ἁλλοδαπῆ
666 5757 758 5810 καὶ
783 5755 960 5826 ξένην,
989 5755 1114 5819 τούς
1134 5772 1193 5808 τε
1224 5755 1632 5827 περιμαχήτους

93 5876 209 5950 (61)
251 5877 694 5952 Δωδεκάριθμος
732 5878 886 5938 tinxit
909 5877 1134 5936 Nonnus
1163 5877 1426 5949 Paraphr.
1457 5891 1505 5932 c.
1539 5875 1624 5942 ιδ,

1053 418 1119 473 1Ν
1153 419 1466 476 canum
1504 419 1780 478 ansam
1822 377 2266 476 sicasconn.‘

3185 423 3289 481 156

1717 535 1824 594 Sed
1849 536 2014 593 etiam
2043 543 2116 604 te,
2139 537 2238 601 ait.
2265 548 2300 590 ο
2317 533 2648 603 Alexander,
2675 535 2846 606 quite
2867 535 3131 595 eti‘erebas
3158 541 3288 596 dra-

1676 658 1678 660 τ
1715 630 1870 687 conis
1895 629 2253 699 tilium,quasi
2290 627 2534 685 invictus
2567 637 2622 684 et
2669 628 3021 687 indomabilis
3067 631 3286 689 fortitu-

1718 722 1844 777 dine
1863 721 2146 776 habendus
2169 737 2350 787 esses;
2401 727 2454 777 te
2495 737 2715 792 quoque
2755 738 2896 793 pene
2937 725 3086 779 omni
3129 742 3287 796 pera-

1713 823 1865 886 grata
1891 821 2056 875 terra,
2074 813 2262 867 vinum
2293 812 2721 869 immoderanter
2739 814 2980 870 domavit
3006 820 3282 886 potatnmi

1716 907 1780 961 Et
1821 906 1951 978 quid
1990 905 2226 976 amplius
2273 913 2359 961 est
2393 905 2625 960 mortuis
2664 904 2884 973 regibus
2936 921 3097 975 quam
3149 924 3290 978 pou.

1723 998 1994 1068 peribus?
2042 997 2161 1052 Una
2194 995 2450 1052 omnibus
2477 996 2678 1065 pulvis,
2720 995 2898 1050 simile
2943 997 3198 1053 omnibus
3237 1008 3290 1054 et

1716 1090 1925 1160 requale
1946 1089 2202 1152 cadaver.
2229 1103 2356 1144 ossa
2381 1087 2528 1142 nuda
2552 1086 2978 1142 tantum.herois
3003 1087 3205 1147 Atridae
3239 1099 3291 1144 et

1717 1183 1784 1237 iri
1810 1182 1952 1236 victu
1981 1181 2131 1252 parci
2157 1191 2210 1236 et
2266 1180 2580 1236 mendicato
2635 1178 2873 1233 viventis
2934 1194 3093 1249 pane.
3145 1179 3288 1250 Ipse,

1716 1275 1914 1345 inquit,
1945 1275 2172 1344 Magnus
2198 1272 2601 1328 Constantinus
2631 1279 2687 1327 et
2717 1270 2812 1341 qui
2839 1269 2971 1324 mibi
3012 1272 3294 1328 ministrat

1717 1380 1930 1430 servus,
1961 1373 2014 1418 et
2041 1363 2355 1433 quicunque
2383 1378 2592 1432 egenus
2616 1363 2733 1418 sive
2761 1365 3055 1436 opulentus
3081 1373 3137 1420 et
3175 1378 3294 1418 ma-

1715 1465 1850 1522 gnas
1871 1449 2256 1520 possessiones
2304 1450 2536 1516 habens,
2581 1467 2773 1508 omnes
2814 1454 3113 1510 morientes
3156 1453 3305 1513 nihil

1718 1541 2057 1611 aliud,_nihil
2083 1541 2322 1611 amplius
2349 1540 2552 1596 habent
2575 1542 2680 1598 nisi
2706 1543 3040 1613 sepulcrum.

1719 1632 1786 1686 97
1810 1630 1879 1685 Et
1908 1632 2117 1702 quidem
2150 1647 2232 1685 res
2274 1631 2330 1685 in
2368 1631 2469 1684 hac
2506 1632 2816 1703 vitarlules;
2861 1633 3042 1703 quales
3081 1648 3199 1686 vero
3239 1636 3296 1696 in

2628 1702 2822 1772 [altera
2849 1702 2964 1774 quis
2993 1704 3228 1758 dixerit?

1793 1815 1965 1884 Quam
1991 1816 2162 1870 multa
2198 1814 2420 1885 quidem
2446 1815 2498 1880 in
2527 1815 2630 1871 hoc
2659 1817 2863 1872 mundo
2889 1816 3018 1872 dum
3068 1817 3123 1871 in
3168 1830 3297 1870 cor--

1725 1923 1859 1979 pore
1891 1907 2126 1963 vivimus
2156 1907 2413 1962 dolorosa
2437 1916 2567 1962 sunt
2602 1916 2657 1962 et
2704 1923 2940 1972 amoma,
2974 1918 3081 1964 tam
3128 1906 3297 1962 multa

1726 1999 1974 2058 absolute
1996 1998 2142 2053 dicta
2169 2009 2299 2055 sunt
2329 2000 2410 2054 sic
2441 2014 2500 2054 se
2527 1999 2782 2055 habentia
2817 1999 2973 2070 :quis
3013 2014 3162 2064 vero,
3209 1998 3298 2053 in-

1723 2091 1862 2160 quit,
1914 2091 2163 2146 narrabit
2203 2105 2326 2161 quae
2362 2089 2586 2159 injustis
2633 2091 2688 2144 in
2739 2092 2912 2145 altero
2958 2089 3295 2159 impendent,

1722 2199 1845 2254 quae
1877 2185 2068 2238 ultima
2093 2184 2212 2240 dies
2241 2184 2504 2240 revelabit
2525 2183 2549 2238 ?
2568 2181 2706 2236 Nam
2754 2182 2826 2238 ibi
2853 2182 2998 2253 ignis
3020 2183 3298 2240 devorans

1723 2275 1984 2332 terribilis
2006 2275 2376 2341 vehementer,
2423 2283 2476 2330 et
2514 2274 2760 2346 geheuna
2806 2272 3082 2344 impendet
3121 2282 3177 2329 et
3217 2281 3299 2329 te-

1725 2369 1910 2422 nebrze
1938 2368 2243 2424 exteriores
2273 2383 2374 2439 pro
2400 2367 2488 2422 his
2522 2368 2615 2437 qui
2637 2366 2960 2437 elongantur
2977 2373 3032 2422 et
3079 2366 3240 2438 longe
3265 2381 3298 2421 ι

1721 2458 2191 2530 luminepadunt;
2224 2458 2299 2514 ibi
2330 2469 2384 2515 et
2411 2458 2506 2530 qui
2535 2474 2642 2520 non
2676 2458 2882 2514 dormit
2913 2459 3140 2522 vermis,
3171 2471 3298 2513 nos-

1723 2559 1822 2607 tra:
1846 2553 2071 2606 malitia:
2121 2552 2429 2608 recordatio
2470 2559 2524 2607 et
2559 2551 2914 2608 conscientiae
2959 2550 3189 2608 aculeus
3244 2559 3313 2613 et.

1724 2657 1996 2698 accusans
2017 2657 2256 2700 morsus.

1722 2732 1918 2790 Helius
1949 2743 2062 2788 erat
2084 2735 2131 2787 si
2156 2735 2298 2800 vim,
2333 2746 2439 2791 etc.

1795 2825 1988 2882 Melius
2013 2825 2203 2884 fuisset
2235 2827 2329 2881 tibi
2364 2835 2418 2882 et
2449 2828 2628 2899 magni
2674 2827 3063 2898 cxpedivisset,
3117 2840 3152 2880 ο
3201 2825 3298 2895 qui

1725 2913 1828 2970 bac
1855 2915 2332 2972 animadversione
2360 2915 2558 2986 dignus
2587 2932 2673 2983 es,
2705 2916 2752 2972 si
2784 2917 2901 2972 vias
2933 2931 3054 2987 qua:
3095 2916 3165 2970 ad
3210 2917 3292 2969 vi-

1722 3004 1832 3060 tam
1862 3008 2073 3062 ducunt
2121 3022 2229 3063 non
2283 3006 2567 3078 ingressus
2619 3023 2793 3064 esses.
2822 3008 3056 3066 ,Bonum
3107 3007 3203 3063 tibi
3247 3006 3296 3062 si

1717 3099 1880 3146 natus
1932 3105 2042 3144 non
2082 3086 2286 3143 fuisses
2334 3089 2388 3142 in
2428 3088 2606 3154 initio,
2663 3098 2759 3142 aut
2797 3097 2983 3142 natum
3033 3096 3088 3142 et
3127 3089 3294 3142 vitam

1714 3181 2021 3253 ingressum
2056 3180 2200 3236 sicut
2247 3179 2460 3235 belluas
2513 3191 2570 3236 et
2609 3179 2859 3249 iumenta
2907 3181 3046 3236 mori
3093 3189 3148 3235 et
3193 3195 3297 3252 pu-

1713 3287 1972 3341 trescere,
2011 3291 2177 3348 quam
2221 3285 2280 3331 ut
2318 3275 2424 3330 hoc
2467 3275 2522 3330 in
2565 3291 2681 3331 aevo
2722 3285 2799 3332 tot
2826 3285 2881 3332 et
2916 3276 3082 3332 tantis
3136 3277 3302 3332 malis

1711 3369 2073 3440 opprimaris,
2114 3379 2169 3425 et
2219 3368 2521 3424 novissime
2574 3369 2750 3424 multo
2784 3369 3066 3441 peioribus
3114 3368 3296 3426 adhuc

1711 3463 1978 3533 patiendis
2006 3462 2310 3534 subiacens,
2342 3463 2524 3532 quoad
2557 3462 2717 3517 linem
2746 3462 2862 3517 haec
2898 3461 3150 3524 habitura
3173 3476 3322 3531 ερον,

1712 3565 1924 3622 rantur,
1971 3555 2062 3610 illa
2094 3572 2222 3612 vero
2270 3572 2488 3626 poenam
2543 3555 2819 3612 damnatis
2865 3564 3122 3610 aeternam
3165 3565 3297 3610 sunt

1711 3645 2034 3701 adductura.
2093 3645 2214 3712 Quo
2272 3647 2446 3711 mihi,
2510 3646 2685 3714 inquit
2729 3646 2946 3700 divinus
3005 3644 3308 3714 interpres,

1723 3744 1922 3802 magna
1955 3730 2116 3801 primi
2147 3730 2388 3802 parentis
2425 3729 2622 3800 gloria,
2665 3730 2762 3802 qui
2805 3744 2971 3785 manu
2997 3727 3095 3785 Dei
3132 3736 3188 3784 et
3229 3727 3297 3781 ad

1724 3837 1844 3890 ejus
1897 3820 2190 3891 imaginem
2239 3827 2290 3874 et
2336 3819 2748 3874 similitudinem
2815 3821 3116 3890 plasmatus
3172 3826 3296 3883 est,

1726 3925 1848 3980 quas
1881 3909 2053 3980 gloria
2087 3909 2254 3964 unica
2283 3923 2314 3964 e
2340 3908 2488 3978 ligno
2529 3909 2840 3978 gustatione
2891 3916 3150 3979 corrupta
3200 3923 3299 3979 pe-

1725 4001 1863 4057 riit?
1892 4001 2010 4067 Quo
2043 4000 2351 4056 Salomonis
2374 4002 2642 4070 sapientia
2676 4009 2729 4054 et
2758 3999 3060 4070 prudentiae
3081 3999 3251 4054 decus
3275 3999 3314 4053 2-

1729 4093 1979 4149 Domitus
2015 4099 2176 4149 estet
2208 4093 2326 4162 ipse
2384 4091 2929 4162 eontemptibilisque
2973 4092 3154 4149 factus
3201 4106 3302 4163 per

1727 4183 2003 4239 mulieres.
2037 4181 2156 4248 Quo
2204 4180 2374 4236 Judas
2421 4180 2516 4251 qui
2564 4180 2966 4236 duodenarium
3012 4179 3304 4251 Apostolo--

1727 4291 1846 4332 rum
1879 4289 2168 4330 numerum
2207 4273 2514 4344 complebat
2533 4273 2568 4327 ?-
2585 4272 2693 4328 Sed
2715 4280 2770 4328 et
2794 4272 2910 4344 ipse
2955 4272 3111 4343 parvi
3163 4272 3323 4333 lucri.

1727 4382 1895 4424 causa
1929 4373 2162 4422 aeternas
2189 4364 2430 4420 obtinuit
2455 4364 2732 4421 tenebras.

1735 4459 1831 4516 l09
1859 4456 2069 4514 Christe
2098 4466 2210 4520 rex,
2242 4463 2351 4511 etc.

1799 4549 2042 4606 Obsecro
2073 4556 2146 4618 te,
2170 4550 2247 4602 ait
2275 4548 2576 4618 inspiratus
2597 4562 2628 4602 a
2656 4545 2786 4612 Deo,
2817 4563 2853 4602 ο
2876 4545 3269 4605 beateGbristc
3286 4587 3302 4610 ,

1730 4659 1824 4699 rex
1854 4640 2124 4705 omnium,
2151 4652 2386 4710 propera
2435 4653 2586 4694 nunc
2629 4638 2848 4708 erigens
2893 4644 2988 4691 aut
3040 4636 3305 4691 allevians

1729 4752 1816 4791 me
1837 4751 1866 4790 e
1885 4735 2010 4788 vita:
2036 4730 2477 4797 calamitatibus;
2507 4745 2666 4785 servo
2697 4737 2792 4784 tuo
2824 4727 3089 4797 medelam
3133 4724 3297 4791 ali'er;

1733 4843 1969 4898 namque
2000 4824 2134 4882 illud
2175 4832 2388 4880 tantum
2421 4837 2610 4878 revera
2663 4823 2868 4877 bonum
2912 4792 2975 4876 Et
3020 4820 3236 4874 ﬁrmum
3273 4833 3306 4873 a

1731 4926 1784 4972 te
1807 4916 1861 4971 in
1895 4913 2212 4970 hominibus
2241 4920 2432 4974 restat,
2467 4926 2592 4980 spes
2617 4909 2769 4979 regni
2796 4907 3044 4962 cmlestis
3071 4904 3140 4961 ad
3159 4907 3306 4976 quod

1733 5007 2013 5080 paululum
2041 5005 2374 5076 aspirantem
2404 5017 2490 5057 me
2526 5001 2708 5057 vivere
2753 5000 2860 5065 fac,
2908 5008 3126 5069 sperata
3173 5014 3308 5057 conv

1731 5099 1960 5160 cedens;
1995 5096 2175 5168 quoad
2198 5097 2304 5150 alia
2331 5109 2462 5150 vero
2496 5094 2622 5148 vitae
2654 5091 3043 5148 desiderabilia
3073 5097 3128 5147 et
3151 5107 3307 5147 ama-

1731 5191 1884 5259 bilia,
1913 5190 1981 5245 de
2009 5190 2209 5262 quibus
2240 5188 2468 5244 satietas
2506 5187 2679 5241 multa
2699 5226 2713 5252 ,
2758 5187 2924 5240 nmlta
2953 5186 3316 5256 superﬂuitas.

1730 5291 1786 5341 et
1807 5284 2189 5348 exuberantia,
2224 5287 2494 5354 quotquot
2526 5293 2692 5351 super
2743 5287 2891 5335 terra
2929 5280 3078 5342 circa
3123 5278 3308 5334 homi-

1731 5393 1830 5434 nes
1855 5377 2194 5440 volutantur,
2216 5382 2270 5431 et
2303 5373 2580 5432 desiderio
2632 5372 2999 5444 quaesituique
3023 5380 3174 5438 sunt,
3197 5369 3310 5425 alio

1733 5471 1790 5525 in
1843 5469 1985 5524 alios
2025 5467 2237 5538 jactata
2287 5474 2342 5523 et
2391 5465 2715 5530 incidentia,
2759 5473 2959 5520 cuncta
2994 5464 3310 5534 relinquere

1732 5561 1899 5629 volo,
1953 5568 2153 5616 cuncta
2209 5558 2627 5629 praetermittere
2679 5572 2898 5629 precor,
2917 5571 3113 5626 nempe
3160 5544 3310 5610 illam

1735 5670 1896 5728 quam
1941 5652 1997 5709 in
2029 5661 2176 5708 terra
2215 5653 2448 5723 patriam
2483 5665 2767 5717 vocamus,
2817 5655 2872 5703 et
2911 5648 3084 5718 ipsam
3126 5646 3309 5718 hospi.

1737 5749 1899 5805 talem
1930 5754 1984 5804 et
2011 5745 2242 5802 alienam
2279 5745 2577 5815 plagam,et
2608 5743 2835 5798 thronos
2869 5743 3014 5797 circa
3033 5740 3174 5813 quos
3208 5754 3310 5811 pu-

1669 5867 1919 5939 126,άλλ’
1948 5869 2036 5924 ὅτε
2068 5866 2224 5941 νόσφι
2252 5861 2690 5934 δυωδεκάριθμος
2729 5861 2946 5926 Ἰούδας,
2975 5868 3029 5916 cl.
3060 5859 3115 5927 2,
3141 5859 3231 5916 61‘.
