  <div class='ocr_page' id='page_1' title='image "/cluster/home/n/w/nwhite01/storage/ocr_20150623/38/hvd.32044014674576/387.png"; bbox 0 0 3818 6502; ppageno 0'>
   <div class='ocr_carea' id='block_1_1' title="bbox 505 413 608 469">
    <p class='ocr_par' dir='ltr' id='par_1_1' title="bbox 505 413 608 469">
     <span class='ocr_line' id='line_1_1' title="bbox 505 413 608 469; baseline 0.029 -3"><span class='ocrx_word' id='word_1_1' title='bbox 505 413 608 469; x_wconf 70' lang='lat'><strong>7’55</strong></span> 
     </span>
    </p>
   </div>
   <div class='ocr_carea' id='block_1_2' title="bbox 494 534 2074 604">
    <p class='ocr_par' dir='ltr' id='par_1_2' title="bbox 494 534 2074 604">
     <span class='ocr_line' id='line_1_2' title="bbox 494 534 2074 604; baseline 0.003 -21"><span class='ocrx_word' id='word_1_2' title='bbox 494 553 526 602; x_wconf 67' lang='grc' dir='ltr'>κ</span> <span class='ocrx_word' id='word_1_3' title='bbox 556 552 602 586; x_wconf 76' lang='grc' dir='ltr'><strong>ιιι</strong></span> <span class='ocrx_word' id='word_1_4' title='bbox 639 549 778 603; x_wconf 90' lang='lat' dir='ltr'><strong>opus</strong></span> <span class='ocrx_word' id='word_1_5' title='bbox 802 541 971 595; x_wconf 85' lang='lat' dir='ltr'><strong>est,et</strong></span> <span class='ocrx_word' id='word_1_6' title='bbox 999 535 1385 604; x_wconf 86' lang='lat' dir='ltr'><strong>gloriationetn</strong></span> <span class='ocrx_word' id='word_1_7' title='bbox 1426 550 1455 589; x_wconf 90' lang='lat' dir='ltr'><strong>e</strong></span> <span class='ocrx_word' id='word_1_8' title='bbox 1490 536 1629 591; x_wconf 83' lang='lat' dir='ltr'><strong>solio</strong></span> <span class='ocrx_word' id='word_1_9' title='bbox 1669 534 2074 604; x_wconf 86' lang='lat' dir='ltr'><strong>procedentem,</strong></span> 
     </span>
    </p>
   </div>
   <div class='ocr_carea' id='block_1_3' title="bbox 494 626 2079 697">
    <p class='ocr_par' dir='ltr' id='par_1_3' title="bbox 494 626 2079 697">
     <span class='ocr_line' id='line_1_3' title="bbox 494 626 2079 697; baseline 0.001 -20"><span class='ocrx_word' id='word_1_10' title='bbox 494 642 619 679; x_wconf 64' lang='lat' dir='ltr'><strong>cum</strong></span> <span class='ocrx_word' id='word_1_11' title='bbox 652 626 889 681; x_wconf 98' lang='lat' dir='ltr'><strong>elatione</strong></span> <span class='ocrx_word' id='word_1_12' title='bbox 919 636 974 681; x_wconf 91' lang='lat' dir='ltr'><strong>et</strong></span> <span class='ocrx_word' id='word_1_13' title='bbox 1011 626 1210 683; x_wconf 79' lang='lat' dir='ltr'><strong>decore</strong></span> <span class='ocrx_word' id='word_1_14' title='bbox 1250 644 1375 697; x_wconf 62' lang='lat' dir='ltr'><strong>quae</strong></span> <span class='ocrx_word' id='word_1_15' title='bbox 1423 644 1487 681; x_wconf 79' lang='lat' dir='ltr'><strong>ex</strong></span> <span class='ocrx_word' id='word_1_16' title='bbox 1539 642 1729 682; x_wconf 89' lang='lat' dir='ltr'><strong>eorum</strong></span> <span class='ocrx_word' id='word_1_17' title='bbox 1778 627 2079 680; x_wconf 90' lang='lat' dir='ltr'><strong>ambitione</strong></span> 
     </span>
    </p>
   </div>
   <div class='ocr_carea' id='block_1_4' title="bbox 499 716 2075 787">
    <p class='ocr_par' dir='ltr' id='par_1_4' title="bbox 499 716 2075 787">
     <span class='ocr_line' id='line_1_4' title="bbox 499 716 2075 787; baseline 0.001 -19"><span class='ocrx_word' id='word_1_18' title='bbox 499 716 649 779; x_wconf 84' lang='lat' dir='ltr'><strong>lluit,</strong></span> <span class='ocrx_word' id='word_1_19' title='bbox 689 717 945 772; x_wconf 91' lang='lat' dir='ltr'><strong>similiter</strong></span> <span class='ocrx_word' id='word_1_20' title='bbox 972 726 1026 772; x_wconf 92' lang='lat' dir='ltr'><strong>et</strong></span> <span class='ocrx_word' id='word_1_21' title='bbox 1051 733 1147 773; x_wconf 89' lang='lat' dir='ltr'><strong>eos</strong></span> <span class='ocrx_word' id='word_1_22' title='bbox 1177 719 1271 786; x_wconf 91' lang='lat' dir='ltr'><strong>qni</strong></span> <span class='ocrx_word' id='word_1_23' title='bbox 1308 717 1542 787; x_wconf 77' lang='lat' dir='ltr'><strong>proximi</strong></span> <span class='ocrx_word' id='word_1_24' title='bbox 1579 726 1706 771; x_wconf 90' lang='lat' dir='ltr'><strong>sunt</strong></span> <span class='ocrx_word' id='word_1_25' title='bbox 1744 731 1809 770; x_wconf 77' lang='lat' dir='ltr'><strong>ex</strong></span> <span class='ocrx_word' id='word_1_26' title='bbox 1854 731 2075 786; x_wconf 79' lang='lat' dir='ltr'><strong>genere,</strong></span> 
     </span>
    </p>
   </div>
   <div class='ocr_carea' id='block_1_5' title="bbox 493 808 2079 881">
    <p class='ocr_par' dir='ltr' id='par_1_5' title="bbox 493 808 2079 881">
     <span class='ocr_line' id='line_1_5' title="bbox 493 808 2079 881; baseline -0.001 -18"><span class='ocrx_word' id='word_1_27' title='bbox 493 817 547 863; x_wconf 83' lang='lat' dir='ltr'><strong>et</strong></span> <span class='ocrx_word' id='word_1_28' title='bbox 581 809 673 877; x_wconf 87' lang='lat' dir='ltr'><strong>qui</strong></span> <span class='ocrx_word' id='word_1_29' title='bbox 709 810 906 875; x_wconf 86' lang='lat' dir='ltr'><strong>alieno,</strong></span> <span class='ocrx_word' id='word_1_30' title='bbox 934 818 989 864; x_wconf 90' lang='lat' dir='ltr'><strong>et</strong></span> <span class='ocrx_word' id='word_1_31' title='bbox 1014 811 1108 880; x_wconf 88' lang='lat' dir='ltr'><strong>qui</strong></span> <span class='ocrx_word' id='word_1_32' title='bbox 1140 812 1213 881; x_wconf 91' lang='lat' dir='ltr'><strong>pii</strong></span> <span class='ocrx_word' id='word_1_33' title='bbox 1247 810 1594 865; x_wconf 65' lang='lat' dir='ltr'><strong>aestimantur</strong></span> <span class='ocrx_word' id='word_1_34' title='bbox 1627 818 1680 863; x_wconf 86' lang='lat' dir='ltr'><strong>ot</strong></span> <span class='ocrx_word' id='word_1_35' title='bbox 1723 808 1895 877; x_wconf 85' lang='lat' dir='ltr'><strong>impii,</strong></span> <span class='ocrx_word' id='word_1_36' title='bbox 1941 808 2079 863; x_wconf 83' lang='lat' dir='ltr'><strong>sim-</strong></span> 
     </span>
    </p>
   </div>
   <div class='ocr_carea' id='block_1_6' title="bbox 497 899 2080 972">
    <p class='ocr_par' dir='ltr' id='par_1_6' title="bbox 497 899 2080 972">
     <span class='ocr_line' id='line_1_6' title="bbox 497 899 2080 972; baseline 0 -19"><span class='ocrx_word' id='word_1_37' title='bbox 497 903 666 970; x_wconf 79' lang='lat' dir='ltr'><strong>plices</strong></span> <span class='ocrx_word' id='word_1_38' title='bbox 689 912 741 956; x_wconf 90' lang='lat' dir='ltr'><strong>et</strong></span> <span class='ocrx_word' id='word_1_39' title='bbox 770 918 867 957; x_wconf 86' lang='lat' dir='ltr'><strong>eos</strong></span> <span class='ocrx_word' id='word_1_40' title='bbox 898 902 994 972; x_wconf 91' lang='lat' dir='ltr'><strong>qui</strong></span> <span class='ocrx_word' id='word_1_41' title='bbox 1028 903 1221 970; x_wconf 88' lang='lat' dir='ltr'><strong>spiritu</strong></span> <span class='ocrx_word' id='word_1_42' title='bbox 1263 901 1464 958; x_wconf 81' lang='lat' dir='ltr'><strong>sinceri</strong></span> <span class='ocrx_word' id='word_1_43' title='bbox 1507 911 1637 957; x_wconf 88' lang='lat' dir='ltr'><strong>sunt</strong></span> <span class='ocrx_word' id='word_1_44' title='bbox 1666 910 1719 956; x_wconf 89' lang='lat' dir='ltr'><strong>et</strong></span> <span class='ocrx_word' id='word_1_45' title='bbox 1749 899 2004 966; x_wconf 89' lang='lat' dir='ltr'><strong>candidi,</strong></span> <span class='ocrx_word' id='word_1_46' title='bbox 2026 906 2080 955; x_wconf 85' lang='lat' dir='ltr'><strong>et</strong></span> 
     </span>
    </p>
   </div>
   <div class='ocr_carea' id='block_1_7' title="bbox 496 993 2075 1065">
    <p class='ocr_par' dir='ltr' id='par_1_7' title="bbox 496 993 2075 1065">
     <span class='ocr_line' id='line_1_7' title="bbox 496 993 2075 1065; baseline 0 -21"><span class='ocrx_word' id='word_1_47' title='bbox 496 1000 670 1047; x_wconf 84' lang='lat' dir='ltr'><strong>tectos</strong></span> <span class='ocrx_word' id='word_1_48' title='bbox 704 993 959 1063; x_wconf 88' lang='lat' dir='ltr'><strong>malaque</strong></span> <span class='ocrx_word' id='word_1_49' title='bbox 996 995 1189 1049; x_wconf 90' lang='lat' dir='ltr'><strong>dolose</strong></span> <span class='ocrx_word' id='word_1_50' title='bbox 1238 1002 1498 1065; x_wconf 80' lang='lat' dir='ltr'><strong>agentes;</strong></span> <span class='ocrx_word' id='word_1_51' title='bbox 1548 994 1816 1056; x_wconf 89' lang='lat' dir='ltr'><strong>onmium,</strong></span> <span class='ocrx_word' id='word_1_52' title='bbox 1864 1006 2075 1062; x_wconf 83' lang='lat' dir='ltr'><strong>precor,</strong></span> 
     </span>
    </p>
   </div>
   <div class='ocr_carea' id='block_1_8' title="bbox 496 1084 2080 1155">
    <p class='ocr_par' dir='ltr' id='par_1_8' title="bbox 496 1084 2080 1155">
     <span class='ocr_line' id='line_1_8' title="bbox 496 1084 2080 1155; baseline 0.001 -19"><span class='ocrx_word' id='word_1_53' title='bbox 496 1085 750 1138; x_wconf 85' lang='lat' dir='ltr'><strong>inveniar</strong></span> <span class='ocrx_word' id='word_1_54' title='bbox 789 1085 1063 1155; x_wconf 89' lang='lat' dir='ltr'><strong>superior,</strong></span> <span class='ocrx_word' id='word_1_55' title='bbox 1088 1094 1143 1140; x_wconf 88' lang='lat' dir='ltr'><strong>et</strong></span> <span class='ocrx_word' id='word_1_56' title='bbox 1168 1086 1383 1140; x_wconf 80' lang='lat' dir='ltr'><strong>illorum</strong></span> <span class='ocrx_word' id='word_1_57' title='bbox 1411 1085 1505 1155; x_wconf 88' lang='lat' dir='ltr'><strong>qtti</strong></span> <span class='ocrx_word' id='word_1_58' title='bbox 1557 1086 1679 1140; x_wconf 88' lang='lat' dir='ltr'><strong>sine</strong></span> <span class='ocrx_word' id='word_1_59' title='bbox 1728 1085 1933 1139; x_wconf 81' lang='lat' dir='ltr'><strong>invidia</strong></span> <span class='ocrx_word' id='word_1_60' title='bbox 1983 1084 2080 1138; x_wconf 86' lang='lat' dir='ltr'><strong>bo-</strong></span> 
     </span>
    </p>
   </div>
   <div class='ocr_carea' id='block_1_9' title="bbox 498 1177 2079 1248">
    <p class='ocr_par' dir='ltr' id='par_1_9' title="bbox 498 1177 2079 1248">
     <span class='ocr_line' id='line_1_9' title="bbox 498 1177 2079 1248; baseline 0.001 -17"><span class='ocrx_word' id='word_1_61' title='bbox 498 1192 628 1231; x_wconf 88' lang='lat' dir='ltr'><strong>num</strong></span> <span class='ocrx_word' id='word_1_62' title='bbox 663 1178 883 1231; x_wconf 90' lang='lat' dir='ltr'><strong>oculum</strong></span> <span class='ocrx_word' id='word_1_63' title='bbox 914 1178 968 1232; x_wconf 91' lang='lat' dir='ltr'><strong>in</strong></span> <span class='ocrx_word' id='word_1_64' title='bbox 1010 1193 1111 1232; x_wconf 89' lang='lat' dir='ltr'><strong>nos</strong></span> <span class='ocrx_word' id='word_1_65' title='bbox 1143 1177 1456 1244; x_wconf 90' lang='lat' dir='ltr'><strong>intendunt,</strong></span> <span class='ocrx_word' id='word_1_66' title='bbox 1494 1185 1549 1232; x_wconf 88' lang='lat' dir='ltr'><strong>et</strong></span> <span class='ocrx_word' id='word_1_67' title='bbox 1585 1178 1815 1233; x_wconf 90' lang='lat' dir='ltr'><strong>istormn</strong></span> <span class='ocrx_word' id='word_1_68' title='bbox 1860 1178 1953 1248; x_wconf 89' lang='lat' dir='ltr'><strong>qui</strong></span> <span class='ocrx_word' id='word_1_69' title='bbox 1996 1180 2079 1233; x_wconf 82' lang='lat' dir='ltr'><strong>in-</strong></span> 
     </span>
    </p>
   </div>
   <div class='ocr_carea' id='block_1_10' title="bbox 497 1269 2079 1342">
    <p class='ocr_par' dir='ltr' id='par_1_10' title="bbox 497 1269 2079 1342">
     <span class='ocr_line' id='line_1_10' title="bbox 497 1269 2079 1342; baseline 0.004 -22"><span class='ocrx_word' id='word_1_70' title='bbox 497 1269 1474 1340; x_wconf 84' lang='lat' dir='ltr'><strong>vidiatabescunt,malitiaipsismet</strong></span> <span class='ocrx_word' id='word_1_71' title='bbox 1524 1270 1591 1324; x_wconf 91' lang='lat' dir='ltr'><strong>ad</strong></span> <span class='ocrx_word' id='word_1_72' title='bbox 1640 1280 1874 1325; x_wconf 92' lang='lat' dir='ltr'><strong>mortem</strong></span> <span class='ocrx_word' id='word_1_73' title='bbox 1904 1287 2079 1342; x_wconf 87' lang='lat' dir='ltr'><strong>usque</strong></span> 
     </span>
    </p>
   </div>
   <div class='ocr_carea' id='block_1_11' title="bbox 498 1361 1722 1427">
    <p class='ocr_par' dir='ltr' id='par_1_11' title="bbox 498 1361 1722 1427">
     <span class='ocr_line' id='line_1_11' title="bbox 498 1361 1722 1427; baseline 0.003 -13"><span class='ocrx_word' id='word_1_74' title='bbox 498 1364 717 1427; x_wconf 82' lang='lat' dir='ltr'><strong>nociva,</strong></span> <span class='ocrx_word' id='word_1_75' title='bbox 752 1361 903 1417; x_wconf 90' lang='lat' dir='ltr'><strong>intus</strong></span> <span class='ocrx_word' id='word_1_76' title='bbox 932 1361 1223 1417; x_wconf 88' lang='lat' dir='ltr'><strong>adversum</strong></span> <span class='ocrx_word' id='word_1_77' title='bbox 1258 1377 1359 1417; x_wconf 88' lang='lat' dir='ltr'><strong>nos</strong></span> <span class='ocrx_word' id='word_1_78' title='bbox 1400 1362 1722 1418; x_wconf 85' lang='lat' dir='ltr'><strong>sentientes.</strong></span> 
     </span>
    </p>
   </div>
   <div class='ocr_carea' id='block_1_12' title="bbox 496 1452 1178 1517">
    <p class='ocr_par' dir='ltr' id='par_1_12' title="bbox 496 1452 1178 1517">
     <span class='ocr_line' id='line_1_12' title="bbox 496 1452 1178 1517; baseline -0.009 -8"><span class='ocrx_word' id='word_1_79' title='bbox 496 1452 633 1509; x_wconf 72' lang='lat' dir='ltr'><strong>Aliis</strong></span> <span class='ocrx_word' id='word_1_80' title='bbox 667 1468 874 1506; x_wconf 81' lang='grc' dir='ltr'>αηιωηα</span> <span class='ocrx_word' id='word_1_81' title='bbox 898 1454 1037 1517; x_wconf 72' lang='lat' dir='ltr'><strong>vitm,</strong></span> <span class='ocrx_word' id='word_1_82' title='bbox 1072 1462 1178 1507; x_wconf 89' lang='lat' dir='ltr'><strong>etc.</strong></span> 
     </span>
    </p>
   </div>
   <div class='ocr_carea' id='block_1_13' title="bbox 570 1544 2080 1620">
    <p class='ocr_par' dir='ltr' id='par_1_13' title="bbox 570 1544 2080 1620">
     <span class='ocr_line' id='line_1_13' title="bbox 570 1544 2080 1620; baseline 0.005 -23"><span class='ocrx_word' id='word_1_83' title='bbox 570 1544 706 1600; x_wconf 83' lang='lat' dir='ltr'><strong>Aliis</strong></span> <span class='ocrx_word' id='word_1_84' title='bbox 731 1546 842 1600; x_wconf 83' lang='lat' dir='ltr'><strong>sint</strong></span> <span class='ocrx_word' id='word_1_85' title='bbox 880 1546 1257 1601; x_wconf 63' lang='lat' dir='ltr'><strong>amoenissima</strong></span> <span class='ocrx_word' id='word_1_86' title='bbox 1304 1547 1491 1602; x_wconf 89' lang='lat' dir='ltr'><strong>tnundi</strong></span> <span class='ocrx_word' id='word_1_87' title='bbox 1524 1546 2080 1620; x_wconf 87' lang='lat' dir='ltr'><strong>magnipendentibns</strong></span> 
     </span>
    </p>
   </div>
   <div class='ocr_carea' id='block_1_14' title="bbox 494 1638 2080 1710">
    <p class='ocr_par' dir='ltr' id='par_1_14' title="bbox 494 1638 2080 1710">
     <span class='ocr_line' id='line_1_14' title="bbox 494 1638 2080 1710; baseline 0.002 -20"><span class='ocrx_word' id='word_1_88' title='bbox 494 1653 619 1706; x_wconf 71' lang='lat' dir='ltr'><strong>quae</strong></span> <span class='ocrx_word' id='word_1_89' title='bbox 648 1638 829 1693; x_wconf 86' lang='lat' dir='ltr'><strong>dulcia</strong></span> <span class='ocrx_word' id='word_1_90' title='bbox 861 1648 990 1694; x_wconf 88' lang='lat' dir='ltr'><strong>sunt</strong></span> <span class='ocrx_word' id='word_1_91' title='bbox 1016 1640 1170 1694; x_wconf 87' lang='lat' dir='ltr'><strong>carni</strong></span> <span class='ocrx_word' id='word_1_92' title='bbox 1198 1658 1211 1707; x_wconf 93' lang='lat'>;</span> <span class='ocrx_word' id='word_1_93' title='bbox 1251 1656 1353 1710; x_wconf 97' lang='lat' dir='ltr'><strong>ego</strong></span> <span class='ocrx_word' id='word_1_94' title='bbox 1399 1656 1530 1696; x_wconf 89' lang='lat' dir='ltr'><strong>vero</strong></span> <span class='ocrx_word' id='word_1_95' title='bbox 1556 1641 1771 1696; x_wconf 83' lang='lat' dir='ltr'><strong>fortiter</strong></span> <span class='ocrx_word' id='word_1_96' title='bbox 1805 1640 1920 1696; x_wconf 63' lang='lat' dir='ltr'><strong>haec</strong></span> <span class='ocrx_word' id='word_1_97' title='bbox 1948 1640 2080 1710; x_wconf 86' lang='lat' dir='ltr'><strong>reji-</strong></span> 
     </span>
    </p>
   </div>
   <div class='ocr_carea' id='block_1_15' title="bbox 494 1732 2082 1805">
    <p class='ocr_par' dir='ltr' id='par_1_15' title="bbox 494 1732 2082 1805">
     <span class='ocr_line' id='line_1_15' title="bbox 494 1732 2082 1805; baseline 0.003 -21"><span class='ocrx_word' id='word_1_98' title='bbox 494 1733 640 1786; x_wconf 88' lang='lat' dir='ltr'><strong>ciam</strong></span> <span class='ocrx_word' id='word_1_99' title='bbox 682 1741 943 1801; x_wconf 90' lang='lat' dir='ltr'><strong>tanquam</strong></span> <span class='ocrx_word' id='word_1_100' title='bbox 982 1732 1190 1787; x_wconf 56' lang='lat' dir='ltr'><strong>anima</strong></span> <span class='ocrx_word' id='word_1_101' title='bbox 1236 1733 1477 1788; x_wconf 78' lang='lat' dir='ltr'><strong>vincula.</strong></span> <span class='ocrx_word' id='word_1_102' title='bbox 1519 1733 1615 1789; x_wconf 90' lang='lat' dir='ltr'><strong>llei</strong></span> <span class='ocrx_word' id='word_1_103' title='bbox 1664 1735 1831 1789; x_wconf 89' lang='lat' dir='ltr'><strong>mihi!</strong></span> <span class='ocrx_word' id='word_1_104' title='bbox 1880 1734 2082 1805; x_wconf 70' lang='lat' dir='ltr'><strong>Longae</strong></span> 
     </span>
    </p>
   </div>
   <div class='ocr_carea' id='block_1_16' title="bbox 494 1820 2082 1897">
    <p class='ocr_par' dir='ltr' id='par_1_16' title="bbox 494 1820 2082 1897">
     <span class='ocr_line' id='line_1_16' title="bbox 494 1820 2082 1897; baseline 0.004 -23"><span class='ocrx_word' id='word_1_105' title='bbox 494 1829 621 1877; x_wconf 79' lang='lat' dir='ltr'><strong>v.t-.e</strong></span> <span class='ocrx_word' id='word_1_106' title='bbox 665 1820 944 1876; x_wconf 90' lang='lat' dir='ltr'><strong>diuturnis</strong></span> <span class='ocrx_word' id='word_1_107' title='bbox 1011 1823 1296 1880; x_wconf 84' lang='lat' dir='ltr'><strong>doloribus</strong></span> <span class='ocrx_word' id='word_1_108' title='bbox 1350 1826 1585 1881; x_wconf 86' lang='lat' dir='ltr'><strong>aﬂlictus</strong></span> <span class='ocrx_word' id='word_1_109' title='bbox 1644 1840 1949 1897; x_wconf 88' lang='lat' dir='ltr'><strong>usqueqno.</strong></span> <span class='ocrx_word' id='word_1_110' title='bbox 1994 1827 2082 1881; x_wconf 90' lang='lat' dir='ltr'><strong>in-</strong></span> 
     </span>
    </p>
   </div>
   <div class='ocr_carea' id='block_1_17' title="bbox 494 1912 2082 1979">
    <p class='ocr_par' dir='ltr' id='par_1_17' title="bbox 494 1912 2082 1979">
     <span class='ocr_line' id='line_1_17' title="bbox 494 1912 2082 1979; baseline 0.004 -13"><span class='ocrx_word' id='word_1_111' title='bbox 494 1913 633 1979; x_wconf 79' lang='lat' dir='ltr'><strong>quit,</strong></span> <span class='ocrx_word' id='word_1_112' title='bbox 673 1912 725 1966; x_wconf 91' lang='lat' dir='ltr'><strong>in</strong></span> <span class='ocrx_word' id='word_1_113' title='bbox 782 1913 1063 1969; x_wconf 84' lang='lat' dir='ltr'><strong>alimentis</strong></span> <span class='ocrx_word' id='word_1_114' title='bbox 1110 1916 1321 1971; x_wconf 74' lang='lat' dir='ltr'><strong>ventris</strong></span> <span class='ocrx_word' id='word_1_115' title='bbox 1367 1924 1421 1971; x_wconf 88' lang='lat' dir='ltr'><strong>et</strong></span> <span class='ocrx_word' id='word_1_116' title='bbox 1458 1917 1513 1970; x_wconf 93' lang='lat' dir='ltr'><strong>in</strong></span> <span class='ocrx_word' id='word_1_117' title='bbox 1552 1916 1678 1971; x_wconf 85' lang='lat' dir='ltr'><strong>limo</strong></span> <span class='ocrx_word' id='word_1_118' title='bbox 1725 1918 2082 1973; x_wconf 79' lang='lat' dir='ltr'><strong>delectabar?</strong></span> 
     </span>
    </p>
   </div>
   <div class='ocr_carea' id='block_1_18' title="bbox 494 2004 2078 2078">
    <p class='ocr_par' dir='ltr' id='par_1_18' title="bbox 494 2004 2078 2078">
     <span class='ocr_line' id='line_1_18' title="bbox 494 2004 2078 2078; baseline 0.006 -22"><span class='ocrx_word' id='word_1_119' title='bbox 494 2017 789 2072; x_wconf 84' lang='lat' dir='ltr'><strong>usquequo</strong></span> <span class='ocrx_word' id='word_1_120' title='bbox 825 2004 1089 2074; x_wconf 88' lang='lat' dir='ltr'><strong>recipiam</strong></span> <span class='ocrx_word' id='word_1_121' title='bbox 1115 2013 1170 2059; x_wconf 90' lang='lat' dir='ltr'><strong>et</strong></span> <span class='ocrx_word' id='word_1_122' title='bbox 1193 2006 1460 2074; x_wconf 80' lang='lat' dir='ltr'><strong>ejiciam?</strong></span> <span class='ocrx_word' id='word_1_123' title='bbox 1504 2022 1741 2077; x_wconf 88' lang='lat' dir='ltr'><strong>namque</strong></span> <span class='ocrx_word' id='word_1_124' title='bbox 1790 2009 1937 2078; x_wconf 90' lang='lat' dir='ltr'><strong>quod</strong></span> <span class='ocrx_word' id='word_1_125' title='bbox 1981 2025 2078 2065; x_wconf 90' lang='lat' dir='ltr'><strong>su-</strong></span> 
     </span>
    </p>
   </div>
   <div class='ocr_carea' id='block_1_19' title="bbox 494 2096 2079 2165">
    <p class='ocr_par' dir='ltr' id='par_1_19' title="bbox 494 2096 2079 2165">
     <span class='ocr_line' id='line_1_19' title="bbox 494 2096 2079 2165; baseline 0.004 -12"><span class='ocrx_word' id='word_1_126' title='bbox 494 2096 667 2153; x_wconf 87' lang='lat' dir='ltr'><strong>mitur</strong></span> <span class='ocrx_word' id='word_1_127' title='bbox 695 2098 762 2152; x_wconf 90' lang='lat' dir='ltr'><strong>ad</strong></span> <span class='ocrx_word' id='word_1_128' title='bbox 800 2099 967 2153; x_wconf 87' lang='lat' dir='ltr'><strong>vitam</strong></span> <span class='ocrx_word' id='word_1_129' title='bbox 1022 2099 1309 2154; x_wconf 88' lang='lat' dir='ltr'><strong>hominum</strong></span> <span class='ocrx_word' id='word_1_130' title='bbox 1362 2101 1590 2165; x_wconf 93' lang='lat' dir='ltr'><strong>bonum,</strong></span> <span class='ocrx_word' id='word_1_131' title='bbox 1640 2102 1936 2159; x_wconf 68' lang='lat' dir='ltr'><strong>obYectatio</strong></span> <span class='ocrx_word' id='word_1_132' title='bbox 1979 2103 2079 2159; x_wconf 87' lang='lat' dir='ltr'><strong>du-</strong></span> 
     </span>
    </p>
   </div>
   <div class='ocr_carea' id='block_1_20' title="bbox 494 2189 2078 2266">
    <p class='ocr_par' dir='ltr' id='par_1_20' title="bbox 494 2189 2078 2266">
     <span class='ocr_line' id='line_1_20' title="bbox 494 2189 2078 2266; baseline 0.008 -27"><span class='ocrx_word' id='word_1_133' title='bbox 494 2189 621 2256; x_wconf 68' lang='lat' dir='ltr'><strong>ple:</strong></span> <span class='ocrx_word' id='word_1_134' title='bbox 646 2200 752 2253; x_wconf 88' lang='lat' dir='ltr'><strong>est,</strong></span> <span class='ocrx_word' id='word_1_135' title='bbox 789 2191 1026 2260; x_wconf 90' lang='lat' dir='ltr'><strong>primum</strong></span> <span class='ocrx_word' id='word_1_136' title='bbox 1059 2192 1111 2246; x_wconf 90' lang='lat' dir='ltr'><strong>in</strong></span> <span class='ocrx_word' id='word_1_137' title='bbox 1133 2193 1424 2257; x_wconf 86' lang='lat' dir='ltr'><strong>sumendo,</strong></span> <span class='ocrx_word' id='word_1_138' title='bbox 1447 2194 1643 2250; x_wconf 87' lang='lat' dir='ltr'><strong>deinde</strong></span> <span class='ocrx_word' id='word_1_139' title='bbox 1669 2195 1723 2250; x_wconf 91' lang='lat' dir='ltr'><strong>in</strong></span> <span class='ocrx_word' id='word_1_140' title='bbox 1757 2197 2078 2266; x_wconf 89' lang='lat' dir='ltr'><strong>rejiciendo,</strong></span> 
     </span>
    </p>
   </div>
   <div class='ocr_carea' id='block_1_21' title="bbox 494 2281 2081 2357">
    <p class='ocr_par' dir='ltr' id='par_1_21' title="bbox 494 2281 2081 2357">
     <span class='ocr_line' id='line_1_21' title="bbox 494 2281 2081 2357; baseline 0.006 -22"><span class='ocrx_word' id='word_1_141' title='bbox 494 2281 701 2350; x_wconf 79' lang='lat' dir='ltr'><strong>repleri</strong></span> <span class='ocrx_word' id='word_1_142' title='bbox 732 2284 1033 2347; x_wconf 87' lang='lat' dir='ltr'><strong>alimentis,</strong></span> <span class='ocrx_word' id='word_1_143' title='bbox 1077 2285 1274 2341; x_wconf 87' lang='lat' dir='ltr'><strong>deinde</strong></span> <span class='ocrx_word' id='word_1_144' title='bbox 1306 2288 1621 2357; x_wconf 76' lang='lat' dir='ltr'><strong>expurgari,</strong></span> <span class='ocrx_word' id='word_1_145' title='bbox 1656 2287 1728 2342; x_wconf 83' lang='lat' dir='ltr'><strong>ita</strong></span> <span class='ocrx_word' id='word_1_146' title='bbox 1772 2300 1828 2343; x_wconf 92' lang='lat' dir='ltr'><strong>ut</strong></span> <span class='ocrx_word' id='word_1_147' title='bbox 1862 2290 2081 2345; x_wconf 88' lang='lat' dir='ltr'><strong>cellaria</strong></span> 
     </span>
    </p>
   </div>
   <div class='ocr_carea' id='block_1_22' title="bbox 496 2374 2084 2446">
    <p class='ocr_par' dir='ltr' id='par_1_22' title="bbox 496 2374 2084 2446">
     <span class='ocr_line' id='line_1_22' title="bbox 496 2374 2084 2446; baseline 0.008 -21"><span class='ocrx_word' id='word_1_148' title='bbox 496 2374 782 2429; x_wconf 77' lang='lat' dir='ltr'><strong>fructuum</strong></span> <span class='ocrx_word' id='word_1_149' title='bbox 825 2377 1103 2446; x_wconf 87' lang='lat' dir='ltr'><strong>complere</strong></span> <span class='ocrx_word' id='word_1_150' title='bbox 1144 2386 1199 2432; x_wconf 88' lang='lat' dir='ltr'><strong>et</strong></span> <span class='ocrx_word' id='word_1_151' title='bbox 1248 2393 1517 2435; x_wconf 85' lang='lat' dir='ltr'><strong>evacuare</strong></span> <span class='ocrx_word' id='word_1_152' title='bbox 1554 2380 1847 2435; x_wconf 80' lang='lat' dir='ltr'><strong>oblectatio</strong></span> <span class='ocrx_word' id='word_1_153' title='bbox 1880 2380 1951 2437; x_wconf 88' lang='lat' dir='ltr'><strong>sit</strong></span> <span class='ocrx_word' id='word_1_154' title='bbox 1981 2382 2084 2437; x_wconf 86' lang='lat' dir='ltr'><strong>du-</strong></span> 
     </span>
    </p>
   </div>
   <div class='ocr_carea' id='block_1_23' title="bbox 496 2466 2080 2536">
    <p class='ocr_par' dir='ltr' id='par_1_23' title="bbox 496 2466 2080 2536">
     <span class='ocr_line' id='line_1_23' title="bbox 496 2466 2080 2536; baseline 0.008 -20"><span class='ocrx_word' id='word_1_155' title='bbox 496 2466 646 2536; x_wconf 81' lang='lat' dir='ltr'><strong>plex,</strong></span> <span class='ocrx_word' id='word_1_156' title='bbox 674 2466 741 2520; x_wconf 85' lang='lat' dir='ltr'><strong>de</strong></span> <span class='ocrx_word' id='word_1_157' title='bbox 771 2467 861 2522; x_wconf 91' lang='lat' dir='ltr'><strong>die</strong></span> <span class='ocrx_word' id='word_1_158' title='bbox 891 2468 947 2521; x_wconf 92' lang='lat' dir='ltr'><strong>in</strong></span> <span class='ocrx_word' id='word_1_159' title='bbox 975 2468 1122 2523; x_wconf 88' lang='lat' dir='ltr'><strong>diem</strong></span> <span class='ocrx_word' id='word_1_160' title='bbox 1166 2478 1376 2524; x_wconf 88' lang='lat' dir='ltr'><strong>mutata</strong></span> <span class='ocrx_word' id='word_1_161' title='bbox 1406 2479 1462 2526; x_wconf 90' lang='lat' dir='ltr'><strong>et</strong></span> <span class='ocrx_word' id='word_1_162' title='bbox 1507 2472 1749 2527; x_wconf 85' lang='lat' dir='ltr'><strong>vicissim</strong></span> <span class='ocrx_word' id='word_1_163' title='bbox 1785 2473 2080 2530; x_wconf 89' lang='lat' dir='ltr'><strong>transiens.</strong></span> 
     </span>
    </p>
   </div>
   <div class='ocr_carea' id='block_1_24' title="bbox 496 2558 2082 2631">
    <p class='ocr_par' dir='ltr' id='par_1_24' title="bbox 496 2558 2082 2631">
     <span class='ocr_line' id='line_1_24' title="bbox 496 2558 2082 2631; baseline 0.006 -22"><span class='ocrx_word' id='word_1_164' title='bbox 496 2558 814 2623; x_wconf 74' lang='lat' dir='ltr'><strong>Paululum,</strong></span> <span class='ocrx_word' id='word_1_165' title='bbox 861 2558 1063 2629; x_wconf 87' lang='lat' dir='ltr'><strong>inquit,</strong></span> <span class='ocrx_word' id='word_1_166' title='bbox 1111 2570 1369 2631; x_wconf 85' lang='lat' dir='ltr'><strong>tanquam</strong></span> <span class='ocrx_word' id='word_1_167' title='bbox 1420 2564 1473 2617; x_wconf 91' lang='lat' dir='ltr'><strong>in</strong></span> <span class='ocrx_word' id='word_1_168' title='bbox 1522 2563 1759 2619; x_wconf 90' lang='lat' dir='ltr'><strong>transitu</strong></span> <span class='ocrx_word' id='word_1_169' title='bbox 1802 2564 2082 2619; x_wconf 87' lang='lat' dir='ltr'><strong>titillatunt</strong></span> 
     </span>
    </p>
   </div>
   <div class='ocr_carea' id='block_1_25' title="bbox 495 2652 2084 2727">
    <p class='ocr_par' dir='ltr' id='par_1_25' title="bbox 495 2652 2084 2727">
     <span class='ocr_line' id='line_1_25' title="bbox 495 2652 2084 2727; baseline 0.008 -26"><span class='ocrx_word' id='word_1_170' title='bbox 495 2658 724 2718; x_wconf 81' lang='lat' dir='ltr'><strong>guttur,</strong></span> <span class='ocrx_word' id='word_1_171' title='bbox 789 2652 934 2707; x_wconf 84' lang='lat' dir='ltr'><strong>sicut</strong></span> <span class='ocrx_word' id='word_1_172' title='bbox 997 2652 1254 2708; x_wconf 89' lang='lat' dir='ltr'><strong>vehiculo</strong></span> <span class='ocrx_word' id='word_1_173' title='bbox 1313 2655 1399 2709; x_wconf 93' lang='lat' dir='ltr'><strong>vel</strong></span> <span class='ocrx_word' id='word_1_174' title='bbox 1473 2658 1836 2727; x_wconf 62' lang='lat' dir='ltr'><strong>aquaeductu,</strong></span> <span class='ocrx_word' id='word_1_175' title='bbox 1904 2657 2084 2713; x_wconf 82' lang='lat' dir='ltr'><strong>ventri</strong></span> 
     </span>
    </p>
   </div>
   <div class='ocr_carea' id='block_1_26' title="bbox 494 2742 2083 2819">
    <p class='ocr_par' dir='ltr' id='par_1_26' title="bbox 494 2742 2083 2819">
     <span class='ocr_line' id='line_1_26' title="bbox 494 2742 2083 2819; baseline 0.004 -23"><span class='ocrx_word' id='word_1_176' title='bbox 494 2750 697 2797; x_wconf 86' lang='lat' dir='ltr'><strong>cuncta</strong></span> <span class='ocrx_word' id='word_1_177' title='bbox 718 2750 769 2796; x_wconf 90' lang='lat' dir='ltr'><strong>et</strong></span> <span class='ocrx_word' id='word_1_178' title='bbox 800 2742 1015 2799; x_wconf 90' lang='lat' dir='ltr'><strong>latrinis</strong></span> <span class='ocrx_word' id='word_1_179' title='bbox 1039 2744 1228 2799; x_wconf 89' lang='lat' dir='ltr'><strong>mittit.</strong></span> <span class='ocrx_word' id='word_1_180' title='bbox 1263 2744 1457 2802; x_wconf 85' lang='lat' dir='ltr'><strong>Postea</strong></span> <span class='ocrx_word' id='word_1_181' title='bbox 1492 2749 1785 2819; x_wconf 87' lang='lat' dir='ltr'><strong>perpendit</strong></span> <span class='ocrx_word' id='word_1_182' title='bbox 1809 2758 1865 2805; x_wconf 88' lang='lat' dir='ltr'><strong>et</strong></span> <span class='ocrx_word' id='word_1_183' title='bbox 1895 2763 2083 2805; x_wconf 89' lang='lat' dir='ltr'><strong>verum</strong></span> 
     </span>
    </p>
   </div>
   <div class='ocr_carea' id='block_1_27' title="bbox 496 2835 2080 2906">
    <p class='ocr_par' dir='ltr' id='par_1_27' title="bbox 496 2835 2080 2906">
     <span class='ocr_line' id='line_1_27' title="bbox 496 2835 2080 2906; baseline 0.007 -21"><span class='ocrx_word' id='word_1_184' title='bbox 496 2841 553 2885; x_wconf 79' lang='lat' dir='ltr'><strong>ct</strong></span> <span class='ocrx_word' id='word_1_185' title='bbox 587 2835 820 2904; x_wconf 76' lang='lat' dir='ltr'><strong>congrui</strong></span> <span class='ocrx_word' id='word_1_186' title='bbox 871 2837 1140 2906; x_wconf 88' lang='lat' dir='ltr'><strong>temporis</strong></span> <span class='ocrx_word' id='word_1_187' title='bbox 1186 2838 1600 2896; x_wconf 81' lang='lat' dir='ltr'><strong>vicissitudines</strong></span> <span class='ocrx_word' id='word_1_188' title='bbox 1644 2850 1699 2896; x_wconf 86' lang='lat' dir='ltr'><strong>et</strong></span> <span class='ocrx_word' id='word_1_189' title='bbox 1738 2845 2034 2899; x_wconf 78' lang='lat' dir='ltr'><strong>varietates</strong></span> <span class='ocrx_word' id='word_1_190' title='bbox 2067 2858 2080 2896; x_wconf 89' lang='lat'>:</span> 
     </span>
    </p>
   </div>
   <div class='ocr_carea' id='block_1_28' title="bbox 498 2925 2083 3009">
    <p class='ocr_par' dir='ltr' id='par_1_28' title="bbox 498 2925 2083 3009">
     <span class='ocr_line' id='line_1_28' title="bbox 498 2925 2083 3009; baseline 0.007 -28"><span class='ocrx_word' id='word_1_191' title='bbox 498 2926 675 2981; x_wconf 79' lang='lat' dir='ltr'><strong>hiems</strong></span> <span class='ocrx_word' id='word_1_192' title='bbox 729 2925 906 2999; x_wconf 80' lang='lat' dir='ltr'><strong>frigus</strong></span> <span class='ocrx_word' id='word_1_193' title='bbox 954 2928 1132 2997; x_wconf 85' lang='lat' dir='ltr'><strong>affert,</strong></span> <span class='ocrx_word' id='word_1_194' title='bbox 1176 2942 1342 2987; x_wconf 72' lang='lat' dir='ltr'><strong>aestas</strong></span> <span class='ocrx_word' id='word_1_195' title='bbox 1387 2948 1517 2988; x_wconf 86' lang='lat' dir='ltr'><strong>vero</strong></span> <span class='ocrx_word' id='word_1_196' title='bbox 1563 2934 1804 2991; x_wconf 87' lang='lat' dir='ltr'><strong>calorem</strong></span> <span class='ocrx_word' id='word_1_197' title='bbox 1852 2939 2083 3009; x_wconf 76' lang='lat' dir='ltr'><strong>spargit,</strong></span> 
     </span>
    </p>
   </div>
   <div class='ocr_carea' id='block_1_29' title="bbox 497 3018 2081 3097">
    <p class='ocr_par' dir='ltr' id='par_1_29' title="bbox 497 3018 2081 3097">
     <span class='ocr_line' id='line_1_29' title="bbox 497 3018 2081 3097; baseline 0.013 -30"><span class='ocrx_word' id='word_1_198' title='bbox 497 3032 598 3071; x_wconf 86' lang='lat' dir='ltr'><strong>ver</strong></span> <span class='ocrx_word' id='word_1_199' title='bbox 648 3018 847 3073; x_wconf 83' lang='lat' dir='ltr'><strong>hiemis</strong></span> <span class='ocrx_word' id='word_1_200' title='bbox 896 3021 1044 3078; x_wconf 85' lang='lat' dir='ltr'><strong>vices</strong></span> <span class='ocrx_word' id='word_1_201' title='bbox 1097 3026 1335 3093; x_wconf 88' lang='lat' dir='ltr'><strong>supplet,</strong></span> <span class='ocrx_word' id='word_1_202' title='bbox 1395 3036 1449 3080; x_wconf 92' lang='lat' dir='ltr'><strong>et</strong></span> <span class='ocrx_word' id='word_1_203' title='bbox 1499 3029 1711 3085; x_wconf 70' lang='lat' dir='ltr'><strong>aestatis</strong></span> <span class='ocrx_word' id='word_1_204' title='bbox 1765 3042 2081 3097; x_wconf 88' lang='lat' dir='ltr'><strong>autumnus,</strong></span> 
     </span>
    </p>
   </div>
   <div class='ocr_carea' id='block_1_30' title="bbox 499 3110 2085 3181">
    <p class='ocr_par' dir='ltr' id='par_1_30' title="bbox 499 3110 2085 3181">
     <span class='ocr_line' id='line_1_30' title="bbox 499 3110 2085 3181; baseline 0.009 -16"><span class='ocrx_word' id='word_1_205' title='bbox 499 3110 647 3165; x_wconf 81' lang='lat' dir='ltr'><strong>sicut</strong></span> <span class='ocrx_word' id='word_1_206' title='bbox 676 3110 875 3168; x_wconf 89' lang='lat' dir='ltr'><strong>diebus</strong></span> <span class='ocrx_word' id='word_1_207' title='bbox 904 3123 1096 3169; x_wconf 82' lang='lat' dir='ltr'><strong>noctes</strong></span> <span class='ocrx_word' id='word_1_208' title='bbox 1127 3124 1183 3170; x_wconf 89' lang='lat' dir='ltr'><strong>et</strong></span> <span class='ocrx_word' id='word_1_209' title='bbox 1224 3118 1481 3172; x_wconf 89' lang='lat' dir='ltr'><strong>noctibus</strong></span> <span class='ocrx_word' id='word_1_210' title='bbox 1520 3120 1718 3175; x_wconf 85' lang='lat' dir='ltr'><strong>iterum</strong></span> <span class='ocrx_word' id='word_1_211' title='bbox 1748 3121 1868 3179; x_wconf 81' lang='lat' dir='ltr'><strong>dies</strong></span> <span class='ocrx_word' id='word_1_212' title='bbox 1894 3137 2085 3181; x_wconf 86' lang='lat' dir='ltr'><strong>succe—</strong></span> 
     </span>
    </p>
   </div>
   <div class='ocr_carea' id='block_1_31' title="bbox 497 3200 2083 3280">
    <p class='ocr_par' dir='ltr' id='par_1_31' title="bbox 497 3200 2083 3280">
     <span class='ocr_line' id='line_1_31' title="bbox 497 3200 2083 3280; baseline 0.01 -29"><span class='ocrx_word' id='word_1_213' title='bbox 497 3200 659 3265; x_wconf 79' lang='lat' dir='ltr'><strong>dunt,</strong></span> <span class='ocrx_word' id='word_1_214' title='bbox 713 3200 1035 3273; x_wconf 82' lang='lat' dir='ltr'><strong>duplicibus</strong></span> <span class='ocrx_word' id='word_1_215' title='bbox 1087 3206 1376 3276; x_wconf 66' lang='lat' dir='ltr'><strong>prmsentis</strong></span> <span class='ocrx_word' id='word_1_216' title='bbox 1428 3208 1551 3262; x_wconf 71' lang='lat' dir='ltr'><strong>vita:</strong></span> <span class='ocrx_word' id='word_1_217' title='bbox 1602 3210 1790 3280; x_wconf 85' lang='lat' dir='ltr'><strong>ﬁguris</strong></span> <span class='ocrx_word' id='word_1_218' title='bbox 1839 3211 2083 3268; x_wconf 82' lang='lat' dir='ltr'><strong>vicissim</strong></span> 
     </span>
    </p>
   </div>
   <div class='ocr_carea' id='block_1_32' title="bbox 500 3294 2083 3359">
    <p class='ocr_par' dir='ltr' id='par_1_32' title="bbox 500 3294 2083 3359">
     <span class='ocr_line' id='line_1_32' title="bbox 500 3294 2083 3359; baseline 0.008 -14"><span class='ocrx_word' id='word_1_219' title='bbox 500 3294 807 3347; x_wconf 88' lang='lat' dir='ltr'><strong>immutatis</strong></span> <span class='ocrx_word' id='word_1_220' title='bbox 856 3302 910 3348; x_wconf 87' lang='lat' dir='ltr'><strong>et</strong></span> <span class='ocrx_word' id='word_1_221' title='bbox 959 3296 1303 3353; x_wconf 86' lang='lat' dir='ltr'><strong>subslitutis.</strong></span> <span class='ocrx_word' id='word_1_222' title='bbox 1334 3298 1445 3351; x_wconf 76' lang='lat' dir='ltr'><strong>Cur</strong></span> <span class='ocrx_word' id='word_1_223' title='bbox 1498 3300 1611 3354; x_wconf 61' lang='lat' dir='ltr'><strong>hare</strong></span> <span class='ocrx_word' id='word_1_224' title='bbox 1664 3300 1828 3357; x_wconf 91' lang='lat' dir='ltr'><strong>dico?</strong></span> <span class='ocrx_word' id='word_1_225' title='bbox 1870 3302 2083 3359; x_wconf 68' lang='lat' dir='ltr'><strong>Caelum</strong></span> 
     </span>
    </p>
   </div>
   <div class='ocr_carea' id='block_1_33' title="bbox 503 3383 2084 3458">
    <p class='ocr_par' dir='ltr' id='par_1_33' title="bbox 503 3383 2084 3458">
     <span class='ocr_line' id='line_1_33' title="bbox 503 3383 2084 3458; baseline 0.006 -21"><span class='ocrx_word' id='word_1_226' title='bbox 503 3383 670 3448; x_wconf 80' lang='lat' dir='ltr'><strong>idem,</strong></span> <span class='ocrx_word' id='word_1_227' title='bbox 736 3392 903 3449; x_wconf 89' lang='lat' dir='ltr'><strong>terra,</strong></span> <span class='ocrx_word' id='word_1_228' title='bbox 936 3400 1111 3449; x_wconf 86' lang='lat' dir='ltr'><strong>mare,</strong></span> <span class='ocrx_word' id='word_1_229' title='bbox 1143 3395 1197 3441; x_wconf 90' lang='lat' dir='ltr'><strong>ct</strong></span> <span class='ocrx_word' id='word_1_230' title='bbox 1236 3387 1372 3441; x_wconf 85' lang='lat' dir='ltr'><strong>nihil</strong></span> <span class='ocrx_word' id='word_1_231' title='bbox 1403 3403 1602 3443; x_wconf 91' lang='lat' dir='ltr'><strong>novum</strong></span> <span class='ocrx_word' id='word_1_232' title='bbox 1633 3397 1687 3445; x_wconf 90' lang='lat' dir='ltr'><strong>et</strong></span> <span class='ocrx_word' id='word_1_233' title='bbox 1712 3392 1848 3445; x_wconf 89' lang='lat' dir='ltr'><strong>nihil</strong></span> <span class='ocrx_word' id='word_1_234' title='bbox 1870 3407 2084 3458; x_wconf 88' lang='lat' dir='ltr'><strong>recens,</strong></span> 
     </span>
    </p>
   </div>
   <div class='ocr_carea' id='block_1_34' title="bbox 501 3472 2089 3554">
    <p class='ocr_par' dir='ltr' id='par_1_34' title="bbox 501 3472 2089 3554">
     <span class='ocr_line' id='line_1_34' title="bbox 501 3472 2089 3554; baseline 0.009 -31"><span class='ocrx_word' id='word_1_235' title='bbox 501 3472 803 3535; x_wconf 81' lang='lat' dir='ltr'><strong>mihi,dioit</strong></span> <span class='ocrx_word' id='word_1_236' title='bbox 842 3474 1225 3541; x_wconf 82' lang='lat' dir='ltr'><strong>Ecclesiastes,</strong></span> <span class='ocrx_word' id='word_1_237' title='bbox 1270 3479 1374 3534; x_wconf 92' lang='lat' dir='ltr'><strong>sub</strong></span> <span class='ocrx_word' id='word_1_238' title='bbox 1409 3478 1545 3540; x_wconf 87' lang='lat' dir='ltr'><strong>sole.</strong></span> <span class='ocrx_word' id='word_1_239' title='bbox 1594 3494 1694 3534; x_wconf 92' lang='lat' dir='ltr'><strong>nec</strong></span> <span class='ocrx_word' id='word_1_240' title='bbox 1743 3498 2089 3554; x_wconf 82' lang='lat' dir='ltr'><strong>quacunque</strong></span> 
     </span>
    </p>
   </div>
   <div class='ocr_carea' id='block_1_35' title="bbox 502 3564 2088 3633">
    <p class='ocr_par' dir='ltr' id='par_1_35' title="bbox 502 3564 2088 3633">
     <span class='ocr_line' id='line_1_35' title="bbox 502 3564 2088 3633; baseline 0.008 -18"><span class='ocrx_word' id='word_1_241' title='bbox 502 3564 792 3633; x_wconf 78' lang='lat' dir='ltr'><strong>eoagnlata</strong></span> <span class='ocrx_word' id='word_1_242' title='bbox 827 3576 956 3622; x_wconf 88' lang='lat' dir='ltr'><strong>sunt</strong></span> <span class='ocrx_word' id='word_1_243' title='bbox 995 3575 1050 3622; x_wconf 89' lang='lat' dir='ltr'><strong>et</strong></span> <span class='ocrx_word' id='word_1_244' title='bbox 1093 3576 1239 3622; x_wconf 84' lang='lat' dir='ltr'><strong>stant</strong></span> <span class='ocrx_word' id='word_1_245' title='bbox 1272 3568 1636 3625; x_wconf 90' lang='lat' dir='ltr'><strong>immutabilia</strong></span> <span class='ocrx_word' id='word_1_246' title='bbox 1683 3572 1823 3627; x_wconf 89' lang='lat' dir='ltr'><strong>sicut</strong></span> <span class='ocrx_word' id='word_1_247' title='bbox 1862 3581 2005 3628; x_wconf 90' lang='lat' dir='ltr'><strong>terra</strong></span> <span class='ocrx_word' id='word_1_248' title='bbox 2034 3582 2088 3628; x_wconf 89' lang='lat' dir='ltr'><strong>et</strong></span> 
     </span>
    </p>
   </div>
   <div class='ocr_carea' id='block_1_36' title="bbox 502 3657 2089 3731">
    <p class='ocr_par' dir='ltr' id='par_1_36' title="bbox 502 3657 2089 3731">
     <span class='ocr_line' id='line_1_36' title="bbox 502 3657 2089 3731; baseline 0.008 -22"><span class='ocrx_word' id='word_1_249' title='bbox 502 3673 626 3726; x_wconf 69' lang='lat' dir='ltr'><strong>quae</strong></span> <span class='ocrx_word' id='word_1_250' title='bbox 662 3657 716 3711; x_wconf 92' lang='lat' dir='ltr'><strong>in</strong></span> <span class='ocrx_word' id='word_1_251' title='bbox 758 3672 821 3712; x_wconf 84' lang='lat' dir='ltr'><strong>ca</strong></span> <span class='ocrx_word' id='word_1_252' title='bbox 872 3668 1022 3724; x_wconf 91' lang='lat' dir='ltr'><strong>sunt,</strong></span> <span class='ocrx_word' id='word_1_253' title='bbox 1054 3675 1154 3715; x_wconf 89' lang='lat' dir='ltr'><strong>nec</strong></span> <span class='ocrx_word' id='word_1_254' title='bbox 1187 3677 1532 3731; x_wconf 66' lang='lat' dir='ltr'><strong>quaecunque</strong></span> <span class='ocrx_word' id='word_1_255' title='bbox 1558 3666 1610 3716; x_wconf 91' lang='lat' dir='ltr'><strong>in</strong></span> <span class='ocrx_word' id='word_1_256' title='bbox 1643 3665 1832 3720; x_wconf 89' lang='lat' dir='ltr'><strong>orbem</strong></span> <span class='ocrx_word' id='word_1_257' title='bbox 1863 3682 2089 3722; x_wconf 86' lang='lat' dir='ltr'><strong>moven-</strong></span> 
     </span>
    </p>
   </div>
   <div class='ocr_carea' id='block_1_37' title="bbox 504 3749 2089 3829">
    <p class='ocr_par' dir='ltr' id='par_1_37' title="bbox 504 3749 2089 3829">
     <span class='ocr_line' id='line_1_37' title="bbox 504 3749 2089 3829; baseline 0.008 -26"><span class='ocrx_word' id='word_1_258' title='bbox 504 3759 617 3816; x_wconf 91' lang='lat' dir='ltr'><strong>tur,</strong></span> <span class='ocrx_word' id='word_1_259' title='bbox 656 3749 803 3805; x_wconf 87' lang='lat' dir='ltr'><strong>sicut</strong></span> <span class='ocrx_word' id='word_1_260' title='bbox 840 3752 1042 3807; x_wconf 79' lang='lat' dir='ltr'><strong>cmlum</strong></span> <span class='ocrx_word' id='word_1_261' title='bbox 1092 3762 1147 3808; x_wconf 91' lang='lat' dir='ltr'><strong>et</strong></span> <span class='ocrx_word' id='word_1_262' title='bbox 1185 3754 1288 3808; x_wconf 94' lang='lat' dir='ltr'><strong>hoc</strong></span> <span class='ocrx_word' id='word_1_263' title='bbox 1334 3755 1480 3824; x_wconf 87' lang='lat' dir='ltr'><strong>quod</strong></span> <span class='ocrx_word' id='word_1_264' title='bbox 1518 3756 1782 3829; x_wconf 84' lang='lat' dir='ltr'><strong>continet,</strong></span> <span class='ocrx_word' id='word_1_265' title='bbox 1809 3758 1864 3814; x_wconf 91' lang='lat' dir='ltr'><strong>in</strong></span> <span class='ocrx_word' id='word_1_266' title='bbox 1906 3759 2089 3817; x_wconf 55' lang='lat' dir='ltr'><strong>circuo</strong></span> 
     </span>
    </p>
   </div>
   <div class='ocr_carea' id='block_1_38' title="bbox 506 3841 1033 3915">
    <p class='ocr_par' dir='ltr' id='par_1_38' title="bbox 506 3841 1033 3915">
     <span class='ocr_line' id='line_1_38' title="bbox 506 3841 1033 3915; baseline 0.009 -19"><span class='ocrx_word' id='word_1_267' title='bbox 506 3843 619 3913; x_wconf 81' lang='lat' dir='ltr'><strong>Iunt</strong></span> <span class='ocrx_word' id='word_1_268' title='bbox 652 3841 860 3915; x_wconf 84' lang='lat' dir='ltr'><strong>jugiter</strong></span> <span class='ocrx_word' id='word_1_269' title='bbox 890 3852 1033 3901; x_wconf 85' lang='lat' dir='ltr'><strong>acta.</strong></span> 
     </span>
    </p>
   </div>
   <div class='ocr_carea' id='block_1_39' title="bbox 505 4025 1826 4096">
    <p class='ocr_par' dir='ltr' id='par_1_39' title="bbox 505 4025 1826 4096">
     <span class='ocr_line' id='line_1_39' title="bbox 505 4025 1826 4096; baseline 0.004 -14"><span class='ocrx_word' id='word_1_270' title='bbox 505 4027 576 4082; x_wconf 77' lang='grc'><strong>10</strong></span> <span class='ocrx_word' id='word_1_271' title='bbox 611 4025 815 4081; x_wconf 83' lang='lat' dir='ltr'><strong>Horum</strong></span> <span class='ocrx_word' id='word_1_272' title='bbox 853 4027 1092 4093; x_wconf 73' lang='lat' dir='ltr'><strong>mdium,</strong></span> <span class='ocrx_word' id='word_1_273' title='bbox 1127 4028 1295 4087; x_wconf 82' lang='lat' dir='ltr'><strong>aliam</strong></span> <span class='ocrx_word' id='word_1_274' title='bbox 1339 4029 1468 4083; x_wconf 74' lang='lat' dir='ltr'><strong>mihi</strong></span> <span class='ocrx_word' id='word_1_275' title='bbox 1503 4030 1687 4096; x_wconf 83' lang='lat' dir='ltr'><strong>vitam,</strong></span> <span class='ocrx_word' id='word_1_276' title='bbox 1721 4039 1826 4087; x_wconf 87' lang='lat' dir='ltr'><strong>etc.</strong></span> 
     </span>
    </p>
   </div>
   <div class='ocr_carea' id='block_1_40' title="bbox 578 4117 2085 4197">
    <p class='ocr_par' dir='ltr' id='par_1_40' title="bbox 578 4117 2085 4197">
     <span class='ocr_line' id='line_1_40' title="bbox 578 4117 2085 4197; baseline 0.005 -26"><span class='ocrx_word' id='word_1_277' title='bbox 578 4117 810 4182; x_wconf 80' lang='lat' dir='ltr'><strong>Horum,</strong></span> <span class='ocrx_word' id='word_1_278' title='bbox 838 4118 1037 4188; x_wconf 85' lang='lat' dir='ltr'><strong>inquit,</strong></span> <span class='ocrx_word' id='word_1_279' title='bbox 1087 4120 1367 4175; x_wconf 84' lang='lat' dir='ltr'><strong>suiliciens</strong></span> <span class='ocrx_word' id='word_1_280' title='bbox 1402 4120 1568 4178; x_wconf 84' lang='lat' dir='ltr'><strong>fuerit</strong></span> <span class='ocrx_word' id='word_1_281' title='bbox 1611 4122 1899 4197; x_wconf 88' lang='lat' dir='ltr'><strong>hucusque</strong></span> <span class='ocrx_word' id='word_1_282' title='bbox 1931 4141 2085 4189; x_wconf 89' lang='lat' dir='ltr'><strong>usus,</strong></span> 
     </span>
    </p>
   </div>
   <div class='ocr_carea' id='block_1_41' title="bbox 506 4210 2091 4293">
    <p class='ocr_par' dir='ltr' id='par_1_41' title="bbox 506 4210 2091 4293">
     <span class='ocr_line' id='line_1_41' title="bbox 506 4210 2091 4293; baseline 0.004 -29"><span class='ocrx_word' id='word_1_283' title='bbox 506 4211 829 4266; x_wconf 83' lang='lat' dir='ltr'><strong>transitoria</strong></span> <span class='ocrx_word' id='word_1_284' title='bbox 854 4210 1039 4267; x_wconf 86' lang='lat' dir='ltr'><strong>videre</strong></span> <span class='ocrx_word' id='word_1_285' title='bbox 1058 4227 1143 4267; x_wconf 90' lang='lat' dir='ltr'><strong>me</strong></span> <span class='ocrx_word' id='word_1_286' title='bbox 1161 4214 1347 4279; x_wconf 75' lang='lat' dir='ltr'><strong>taedet,</strong></span> <span class='ocrx_word' id='word_1_287' title='bbox 1368 4215 1505 4270; x_wconf 85' lang='lat' dir='ltr'><strong>satis</strong></span> <span class='ocrx_word' id='word_1_288' title='bbox 1521 4216 1864 4293; x_wconf 83' lang='lat' dir='ltr'><strong>corruptibili</strong></span> <span class='ocrx_word' id='word_1_289' title='bbox 1885 4217 2091 4271; x_wconf 90' lang='lat' dir='ltr'><strong>mundo</strong></span> 
     </span>
    </p>
   </div>
   <div class='ocr_carea' id='block_1_42' title="bbox 509 4304 2089 4377">
    <p class='ocr_par' dir='ltr' id='par_1_42' title="bbox 509 4304 2089 4377">
     <span class='ocr_line' id='line_1_42' title="bbox 509 4304 2089 4377; baseline 0.003 -18"><span class='ocrx_word' id='word_1_290' title='bbox 509 4304 717 4359; x_wconf 87' lang='lat' dir='ltr'><strong>fruitus</strong></span> <span class='ocrx_word' id='word_1_291' title='bbox 759 4319 882 4358; x_wconf 92' lang='lat' dir='ltr'><strong>sum</strong></span> <span class='ocrx_word' id='word_1_292' title='bbox 918 4323 931 4359; x_wconf 89' lang='lat'><strong>:</strong></span> <span class='ocrx_word' id='word_1_293' title='bbox 963 4305 1128 4359; x_wconf 87' lang='lat' dir='ltr'><strong>aliam</strong></span> <span class='ocrx_word' id='word_1_294' title='bbox 1181 4305 1315 4358; x_wconf 92' lang='lat' dir='ltr'><strong>mihi</strong></span> <span class='ocrx_word' id='word_1_295' title='bbox 1360 4308 1553 4371; x_wconf 85' lang='lat' dir='ltr'><strong>vitam,</strong></span> <span class='ocrx_word' id='word_1_296' title='bbox 1587 4306 1757 4363; x_wconf 81' lang='lat' dir='ltr'><strong>alium</strong></span> <span class='ocrx_word' id='word_1_297' title='bbox 1802 4310 2089 4377; x_wconf 88' lang='lat' dir='ltr'><strong>mundum,</strong></span> 
     </span>
    </p>
   </div>
   <div class='ocr_carea' id='block_1_43' title="bbox 509 4395 2094 4467">
    <p class='ocr_par' dir='ltr' id='par_1_43' title="bbox 509 4395 2094 4467">
     <span class='ocr_line' id='line_1_43' title="bbox 509 4395 2094 4467; baseline 0.004 -17"><span class='ocrx_word' id='word_1_298' title='bbox 509 4414 545 4450; x_wconf 86' lang='grc' dir='ltr'><strong>ο</strong></span> <span class='ocrx_word' id='word_1_299' title='bbox 589 4395 827 4459; x_wconf 89' lang='lat' dir='ltr'><strong>Christe,</strong></span> <span class='ocrx_word' id='word_1_300' title='bbox 867 4397 1067 4461; x_wconf 89' lang='lat' dir='ltr'><strong>tribue,</strong></span> <span class='ocrx_word' id='word_1_301' title='bbox 1122 4406 1347 4467; x_wconf 87' lang='lat' dir='ltr'><strong>propter</strong></span> <span class='ocrx_word' id='word_1_302' title='bbox 1381 4414 1548 4467; x_wconf 90' lang='lat' dir='ltr'><strong>quam</strong></span> <span class='ocrx_word' id='word_1_303' title='bbox 1592 4400 1755 4455; x_wconf 88' lang='lat' dir='ltr'><strong>vitam</strong></span> <span class='ocrx_word' id='word_1_304' title='bbox 1801 4400 1989 4459; x_wconf 90' lang='lat' dir='ltr'><strong>laboro</strong></span> <span class='ocrx_word' id='word_1_305' title='bbox 2039 4412 2094 4459; x_wconf 86' lang='lat' dir='ltr'><strong>et</strong></span> 
     </span>
    </p>
   </div>
   <div class='ocr_carea' id='block_1_44' title="bbox 512 4488 2093 4560">
    <p class='ocr_par' dir='ltr' id='par_1_44' title="bbox 512 4488 2093 4560">
     <span class='ocr_line' id='line_1_44' title="bbox 512 4488 2093 4560; baseline 0.004 -17"><span class='ocrx_word' id='word_1_306' title='bbox 512 4490 695 4560; x_wconf 89' lang='lat' dir='ltr'><strong>patior</strong></span> <span class='ocrx_word' id='word_1_307' title='bbox 752 4489 971 4545; x_wconf 81' lang='lat' dir='ltr'><strong>fortiter</strong></span> <span class='ocrx_word' id='word_1_308' title='bbox 1019 4498 1219 4547; x_wconf 81' lang='lat' dir='ltr'><strong>cuncta</strong></span> <span class='ocrx_word' id='word_1_309' title='bbox 1274 4488 1457 4546; x_wconf 87' lang='lat' dir='ltr'><strong>ferens</strong></span> <span class='ocrx_word' id='word_1_310' title='bbox 1514 4506 1843 4556; x_wconf 77' lang='lat' dir='ltr'><strong>:erutunosa,</strong></span> <span class='ocrx_word' id='word_1_311' title='bbox 1893 4503 2093 4549; x_wconf 90' lang='lat' dir='ltr'><strong>cuncta</strong></span> 
     </span>
    </p>
   </div>
   <div class='ocr_carea' id='block_1_45' title="bbox 511 4579 2096 4656">
    <p class='ocr_par' dir='ltr' id='par_1_45' title="bbox 511 4579 2096 4656">
     <span class='ocr_line' id='line_1_45' title="bbox 511 4579 2096 4656; baseline 0.003 -19"><span class='ocrx_word' id='word_1_312' title='bbox 511 4585 667 4637; x_wconf 81' lang='lat' dir='ltr'><strong>durae</strong></span> <span class='ocrx_word' id='word_1_313' title='bbox 700 4581 825 4641; x_wconf 69' lang='lat' dir='ltr'><strong>vita:</strong></span> <span class='ocrx_word' id='word_1_314' title='bbox 874 4579 1103 4640; x_wconf 78' lang='lat' dir='ltr'><strong>adversa</strong></span> <span class='ocrx_word' id='word_1_315' title='bbox 1145 4579 1372 4643; x_wconf 69' lang='lat' dir='ltr'><strong>suffero,</strong></span> <span class='ocrx_word' id='word_1_316' title='bbox 1424 4581 1490 4633; x_wconf 88' lang='lat' dir='ltr'><strong>ad</strong></span> <span class='ocrx_word' id='word_1_317' title='bbox 1539 4581 2010 4656; x_wconf 86' lang='lat' dir='ltr'><strong>incorruptibilem</strong></span> <span class='ocrx_word' id='word_1_318' title='bbox 2043 4594 2096 4641; x_wconf 87' lang='lat' dir='ltr'><strong>et</strong></span> 
     </span>
    </p>
   </div>
   <div class='ocr_carea' id='block_1_46' title="bbox 511 4671 2096 4747">
    <p class='ocr_par' dir='ltr' id='par_1_46' title="bbox 511 4671 2096 4747">
     <span class='ocr_line' id='line_1_46' title="bbox 511 4671 2096 4747; baseline 0 -15"><span class='ocrx_word' id='word_1_319' title='bbox 511 4674 812 4732; x_wconf 86' lang='lat' dir='ltr'><strong>solutionis</strong></span> <span class='ocrx_word' id='word_1_320' title='bbox 868 4674 1168 4731; x_wconf 87' lang='lat' dir='ltr'><strong>immunem</strong></span> <span class='ocrx_word' id='word_1_321' title='bbox 1232 4673 1485 4731; x_wconf 87' lang='lat' dir='ltr'><strong>tendens.</strong></span> <span class='ocrx_word' id='word_1_322' title='bbox 1548 4671 1764 4747; x_wconf 87' lang='lat' dir='ltr'><strong>Utinam</strong></span> <span class='ocrx_word' id='word_1_323' title='bbox 1844 4676 1976 4729; x_wconf 90' lang='lat' dir='ltr'><strong>mihi</strong></span> <span class='ocrx_word' id='word_1_324' title='bbox 2042 4683 2096 4732; x_wconf 86' lang='lat' dir='ltr'><strong>et</strong></span> 
     </span>
    </p>
   </div>
   <div class='ocr_carea' id='block_1_47' title="bbox 509 4766 2091 4839">
    <p class='ocr_par' dir='ltr' id='par_1_47' title="bbox 509 4766 2091 4839">
     <span class='ocr_line' id='line_1_47' title="bbox 509 4766 2091 4839; baseline -0.001 -15"><span class='ocrx_word' id='word_1_325' title='bbox 509 4770 651 4824; x_wconf 88' lang='lat' dir='ltr'><strong>mori</strong></span> <span class='ocrx_word' id='word_1_326' title='bbox 677 4766 1001 4839; x_wconf 84' lang='lat' dir='ltr'><strong>contigisset</strong></span> <span class='ocrx_word' id='word_1_327' title='bbox 1032 4782 1158 4822; x_wconf 92' lang='lat' dir='ltr'><strong>cum</strong></span> <span class='ocrx_word' id='word_1_328' title='bbox 1211 4766 1474 4823; x_wconf 84' lang='lat' dir='ltr'><strong>maternis</strong></span> <span class='ocrx_word' id='word_1_329' title='bbox 1512 4766 1816 4823; x_wconf 85' lang='lat' dir='ltr'><strong>visceribus</strong></span> <span class='ocrx_word' id='word_1_330' title='bbox 1852 4768 2091 4837; x_wconf 83' lang='lat' dir='ltr'><strong>ligabarl</strong></span> 
     </span>
    </p>
   </div>
   <div class='ocr_carea' id='block_1_48' title="bbox 510 4858 2096 4930">
    <p class='ocr_par' dir='ltr' id='par_1_48' title="bbox 510 4858 2096 4930">
     <span class='ocr_line' id='line_1_48' title="bbox 510 4858 2096 4930; baseline -0.001 -14"><span class='ocrx_word' id='word_1_331' title='bbox 510 4861 649 4921; x_wconf 78' lang='lat' dir='ltr'><strong>Nam</strong></span> <span class='ocrx_word' id='word_1_332' title='bbox 698 4862 885 4915; x_wconf 88' lang='lat' dir='ltr'><strong>statim</strong></span> <span class='ocrx_word' id='word_1_333' title='bbox 934 4868 1147 4922; x_wconf 87' lang='lat' dir='ltr'><strong>natum,</strong></span> <span class='ocrx_word' id='word_1_334' title='bbox 1193 4858 1655 4930; x_wconf 81' lang='lat' dir='ltr'><strong>quemadmodum</strong></span> <span class='ocrx_word' id='word_1_335' title='bbox 1733 4860 1971 4917; x_wconf 60' lang='lat' dir='ltr'><strong>tenebrat</strong></span> <span class='ocrx_word' id='word_1_336' title='bbox 2042 4868 2096 4918; x_wconf 89' lang='lat' dir='ltr'><strong>et</strong></span> 
     </span>
    </p>
   </div>
   <div class='ocr_carea' id='block_1_49' title="bbox 512 4950 1662 5020">
    <p class='ocr_par' dir='ltr' id='par_1_49' title="bbox 512 4950 1662 5020">
     <span class='ocr_line' id='line_1_49' title="bbox 512 4950 1662 5020; baseline -0.003 -10"><span class='ocrx_word' id='word_1_337' title='bbox 512 4953 822 5019; x_wconf 85' lang='lat' dir='ltr'><strong>tribulatio,</strong></span> <span class='ocrx_word' id='word_1_338' title='bbox 856 4953 931 5007; x_wconf 90' lang='lat' dir='ltr'><strong>ita</strong></span> <span class='ocrx_word' id='word_1_339' title='bbox 961 4952 1216 5020; x_wconf 66' lang='lat' dir='ltr'><strong>lacryma:</strong></span> <span class='ocrx_word' id='word_1_340' title='bbox 1242 4950 1662 5009; x_wconf 86' lang='lat' dir='ltr'><strong>comitabantur.</strong></span> 
     </span>
    </p>
   </div>
   <div class='ocr_carea' id='block_1_50' title="bbox 514 5047 1101 5114">
    <p class='ocr_par' dir='ltr' id='par_1_50' title="bbox 514 5047 1101 5114">
     <span class='ocr_line' id='line_1_50' title="bbox 514 5047 1101 5114; baseline -0.005 -10"><span class='ocrx_word' id='word_1_341' title='bbox 514 5049 619 5104; x_wconf 74' lang='grc'><strong>133</strong></span> <span class='ocrx_word' id='word_1_342' title='bbox 658 5047 790 5114; x_wconf 69' lang='lat' dir='ltr'><strong>Qum</strong></span> <span class='ocrx_word' id='word_1_343' title='bbox 818 5048 965 5107; x_wconf 77' lang='lat' dir='ltr'><strong>vita?</strong></span> <span class='ocrx_word' id='word_1_344' title='bbox 997 5055 1101 5102; x_wconf 89' lang='lat' dir='ltr'><strong>etc.</strong></span> 
     </span>
    </p>
   </div>
   <div class='ocr_carea' id='block_1_51' title="bbox 587 5134 2101 5210">
    <p class='ocr_par' dir='ltr' id='par_1_51' title="bbox 587 5134 2101 5210">
     <span class='ocr_line' id='line_1_51' title="bbox 587 5134 2101 5210; baseline 0 -17"><span class='ocrx_word' id='word_1_345' title='bbox 587 5137 719 5205; x_wconf 75' lang='lat' dir='ltr'><strong>Quae</strong></span> <span class='ocrx_word' id='word_1_346' title='bbox 750 5138 903 5193; x_wconf 83' lang='lat' dir='ltr'><strong>vita?</strong></span> <span class='ocrx_word' id='word_1_347' title='bbox 928 5136 1062 5210; x_wconf 89' lang='lat' dir='ltr'><strong>quid</strong></span> <span class='ocrx_word' id='word_1_348' title='bbox 1101 5135 1157 5191; x_wconf 89' lang='lat' dir='ltr'><strong>in</strong></span> <span class='ocrx_word' id='word_1_349' title='bbox 1198 5135 1339 5207; x_wconf 87' lang='lat' dir='ltr'><strong>ipsa,</strong></span> <span class='ocrx_word' id='word_1_350' title='bbox 1384 5135 1584 5204; x_wconf 89' lang='lat' dir='ltr'><strong>inquit,</strong></span> <span class='ocrx_word' id='word_1_351' title='bbox 1623 5134 1989 5193; x_wconf 84' lang='lat' dir='ltr'><strong>desiderabile</strong></span> <span class='ocrx_word' id='word_1_352' title='bbox 2014 5147 2101 5194; x_wconf 85' lang='lat' dir='ltr'><strong>est</strong></span> 
     </span>
    </p>
   </div>
   <div class='ocr_carea' id='block_1_52' title="bbox 513 5228 2099 5301">
    <p class='ocr_par' dir='ltr' id='par_1_52' title="bbox 513 5228 2099 5301">
     <span class='ocr_line' id='line_1_52' title="bbox 513 5228 2099 5301; baseline -0.001 -14"><span class='ocrx_word' id='word_1_353' title='bbox 513 5240 570 5287; x_wconf 90' lang='lat' dir='ltr'><strong>et</strong></span> <span class='ocrx_word' id='word_1_354' title='bbox 601 5229 869 5287; x_wconf 87' lang='lat' dir='ltr'><strong>amabile?</strong></span> <span class='ocrx_word' id='word_1_355' title='bbox 918 5229 1113 5284; x_wconf 87' lang='lat' dir='ltr'><strong>Nonne</strong></span> <span class='ocrx_word' id='word_1_356' title='bbox 1152 5229 1311 5301; x_wconf 89' lang='lat' dir='ltr'><strong>quasi</strong></span> <span class='ocrx_word' id='word_1_357' title='bbox 1364 5244 1394 5283; x_wconf 91' lang='lat' dir='ltr'><strong>e</strong></span> <span class='ocrx_word' id='word_1_358' title='bbox 1440 5228 1713 5297; x_wconf 89' lang='lat' dir='ltr'><strong>sepulcro,</strong></span> <span class='ocrx_word' id='word_1_359' title='bbox 1759 5244 1789 5283; x_wconf 90' lang='lat' dir='ltr'><strong>e</strong></span> <span class='ocrx_word' id='word_1_360' title='bbox 1833 5230 2099 5287; x_wconf 86' lang='lat' dir='ltr'><strong>maternis</strong></span> 
     </span>
    </p>
   </div>
   <div class='ocr_carea' id='block_1_53' title="bbox 514 5320 2099 5393">
    <p class='ocr_par' dir='ltr' id='par_1_53' title="bbox 514 5320 2099 5393">
     <span class='ocr_line' id='line_1_53' title="bbox 514 5320 2099 5393; baseline -0.002 -15"><span class='ocrx_word' id='word_1_361' title='bbox 514 5323 825 5378; x_wconf 85' lang='lat' dir='ltr'><strong>visceribus</strong></span> <span class='ocrx_word' id='word_1_362' title='bbox 857 5322 1071 5391; x_wconf 83' lang='lat' dir='ltr'><strong>exiens,</strong></span> <span class='ocrx_word' id='word_1_363' title='bbox 1108 5320 1176 5375; x_wconf 91' lang='lat' dir='ltr'><strong>ad</strong></span> <span class='ocrx_word' id='word_1_364' title='bbox 1216 5321 1450 5376; x_wconf 91' lang='lat' dir='ltr'><strong>alterum</strong></span> <span class='ocrx_word' id='word_1_365' title='bbox 1492 5321 1804 5393; x_wconf 86' lang='lat' dir='ltr'><strong>sepulcrum</strong></span> <span class='ocrx_word' id='word_1_366' title='bbox 1840 5321 1997 5389; x_wconf 87' lang='lat' dir='ltr'><strong>vado,</strong></span> <span class='ocrx_word' id='word_1_367' title='bbox 2033 5320 2099 5375; x_wconf 93' lang='lat' dir='ltr'><strong>ad</strong></span> 
     </span>
    </p>
   </div>
   <div class='ocr_carea' id='block_1_54' title="bbox 519 5413 2100 5484">
    <p class='ocr_par' dir='ltr' id='par_1_54' title="bbox 519 5413 2100 5484">
     <span class='ocr_line' id='line_1_54' title="bbox 519 5413 2100 5484; baseline 0 -15"><span class='ocrx_word' id='word_1_368' title='bbox 519 5416 787 5471; x_wconf 86' lang='lat' dir='ltr'><strong>mortem?</strong></span> <span class='ocrx_word' id='word_1_369' title='bbox 816 5414 859 5468; x_wconf 90' lang='lat' dir='ltr'><strong>E</strong></span> <span class='ocrx_word' id='word_1_370' title='bbox 893 5413 1139 5470; x_wconf 89' lang='lat' dir='ltr'><strong>secundo</strong></span> <span class='ocrx_word' id='word_1_371' title='bbox 1184 5421 1366 5468; x_wconf 87' lang='lat' dir='ltr'><strong>autem</strong></span> <span class='ocrx_word' id='word_1_372' title='bbox 1403 5413 1496 5468; x_wconf 93' lang='lat' dir='ltr'><strong>illo</strong></span> <span class='ocrx_word' id='word_1_373' title='bbox 1528 5427 1710 5468; x_wconf 88' lang='lat' dir='ltr'><strong>nonne</strong></span> <span class='ocrx_word' id='word_1_374' title='bbox 1742 5413 1796 5469; x_wconf 92' lang='lat' dir='ltr'><strong>in</strong></span> <span class='ocrx_word' id='word_1_375' title='bbox 1832 5414 1957 5484; x_wconf 83' lang='lat' dir='ltr'><strong>igne</strong></span> <span class='ocrx_word' id='word_1_376' title='bbox 1999 5413 2100 5469; x_wconf 57' lang='lat' dir='ltr'><strong>ite.</strong></span> 
     </span>
    </p>
   </div>
   <div class='ocr_carea' id='block_1_55' title="bbox 520 5502 2100 5577">
    <p class='ocr_par' dir='ltr' id='par_1_55' title="bbox 520 5502 2100 5577">
     <span class='ocr_line' id='line_1_55' title="bbox 520 5502 2100 5577; baseline 0.001 -18"><span class='ocrx_word' id='word_1_377' title='bbox 520 5520 645 5565; x_wconf 82' lang='lat' dir='ltr'><strong>rum</strong></span> <span class='ocrx_word' id='word_1_378' title='bbox 702 5504 939 5575; x_wconf 79' lang='lat' dir='ltr'><strong>sepeliar</strong></span> <span class='ocrx_word' id='word_1_379' title='bbox 991 5502 1500 5560; x_wconf 86' lang='lat' dir='ltr'><strong>immisericorditer</strong></span> <span class='ocrx_word' id='word_1_380' title='bbox 1555 5518 1748 5573; x_wconf 66' lang='lat' dir='ltr'><strong>poenas</strong></span> <span class='ocrx_word' id='word_1_381' title='bbox 1803 5504 2100 5577; x_wconf 85' lang='lat' dir='ltr'><strong>impietatis</strong></span> 
     </span>
    </p>
   </div>
   <div class='ocr_carea' id='block_1_56' title="bbox 520 5596 2101 5677">
    <p class='ocr_par' dir='ltr' id='par_1_56' title="bbox 520 5596 2101 5677">
     <span class='ocr_line' id='line_1_56' title="bbox 520 5596 2101 5677; baseline -0.001 -25"><span class='ocrx_word' id='word_1_382' title='bbox 520 5598 811 5677; x_wconf 69' lang='lat' dir='ltr'><strong>prmsentis</strong></span> <span class='ocrx_word' id='word_1_383' title='bbox 836 5598 934 5653; x_wconf 85' lang='lat' dir='ltr'><strong>aevi</strong></span> <span class='ocrx_word' id='word_1_384' title='bbox 973 5597 1245 5653; x_wconf 85' lang='lat' dir='ltr'><strong>daturus?</strong></span> <span class='ocrx_word' id='word_1_385' title='bbox 1277 5596 1339 5650; x_wconf 83' lang='lat' dir='ltr'><strong>Et</strong></span> <span class='ocrx_word' id='word_1_386' title='bbox 1380 5603 1643 5665; x_wconf 89' lang='lat' dir='ltr'><strong>quantum</strong></span> <span class='ocrx_word' id='word_1_387' title='bbox 1687 5596 1868 5651; x_wconf 86' lang='lat' dir='ltr'><strong>vivere</strong></span> <span class='ocrx_word' id='word_1_388' title='bbox 1912 5597 1966 5650; x_wconf 89' lang='lat' dir='ltr'><strong>in</strong></span> <span class='ocrx_word' id='word_1_389' title='bbox 2004 5612 2101 5651; x_wconf 85' lang='lat' dir='ltr'><strong>vo-</strong></span> 
     </span>
    </p>
   </div>
   <div class='ocr_carea' id='block_1_57' title="bbox 523 5687 2097 5761">
    <p class='ocr_par' dir='ltr' id='par_1_57' title="bbox 523 5687 2097 5761">
     <span class='ocr_line' id='line_1_57' title="bbox 523 5687 2097 5761; baseline -0.001 -16"><span class='ocrx_word' id='word_1_390' title='bbox 523 5692 732 5761; x_wconf 86' lang='lat' dir='ltr'><strong>luptate</strong></span> <span class='ocrx_word' id='word_1_391' title='bbox 766 5690 899 5745; x_wconf 91' lang='lat' dir='ltr'><strong>mihi</strong></span> <span class='ocrx_word' id='word_1_392' title='bbox 934 5690 1135 5761; x_wconf 87' lang='lat' dir='ltr'><strong>placet,</strong></span> <span class='ocrx_word' id='word_1_393' title='bbox 1167 5696 1381 5744; x_wconf 89' lang='lat' dir='ltr'><strong>tantum</strong></span> <span class='ocrx_word' id='word_1_394' title='bbox 1418 5687 1527 5743; x_wconf 82' lang='lat' dir='ltr'><strong>illic</strong></span> <span class='ocrx_word' id='word_1_395' title='bbox 1567 5689 1669 5743; x_wconf 75' lang='lat' dir='ltr'><strong>frui</strong></span> <span class='ocrx_word' id='word_1_396' title='bbox 1716 5704 1821 5743; x_wconf 92' lang='lat' dir='ltr'><strong>non</strong></span> <span class='ocrx_word' id='word_1_397' title='bbox 1859 5688 2097 5745; x_wconf 82' lang='lat' dir='ltr'><strong>ﬂuminis</strong></span> 
     </span>
    </p>
   </div>
   <div class='ocr_carea' id='block_1_58' title="bbox 524 5782 2097 5859">
    <p class='ocr_par' dir='ltr' id='par_1_58' title="bbox 524 5782 2097 5859">
     <span class='ocr_line' id='line_1_58' title="bbox 524 5782 2097 5859; baseline -0.001 -20"><span class='ocrx_word' id='word_1_398' title='bbox 524 5789 769 5846; x_wconf 83' lang='lat' dir='ltr'><strong>torrente</strong></span> <span class='ocrx_word' id='word_1_399' title='bbox 784 5797 947 5854; x_wconf 89' lang='lat' dir='ltr'><strong>quam</strong></span> <span class='ocrx_word' id='word_1_400' title='bbox 969 5782 1315 5853; x_wconf 80' lang='lat' dir='ltr'><strong>rapidissitne</strong></span> <span class='ocrx_word' id='word_1_401' title='bbox 1352 5782 1611 5859; x_wconf 78' lang='lat' dir='ltr'><strong>fugientis</strong></span> <span class='ocrx_word' id='word_1_402' title='bbox 1631 5782 1853 5840; x_wconf 87' lang='lat' dir='ltr'><strong>omnino</strong></span> <span class='ocrx_word' id='word_1_403' title='bbox 1884 5798 2097 5854; x_wconf 68' lang='lat' dir='ltr'><strong>aequum</strong></span> 
     </span>
    </p>
   </div>
   <div class='ocr_carea' id='block_1_59' title="bbox 595 5893 1121 5969">
    <p class='ocr_par' dir='ltr' id='par_1_59' title="bbox 595 5893 1121 5969">
     <span class='ocr_line' id='line_1_59' title="bbox 595 5893 1121 5969; baseline 0 -18"><span class='ocrx_word' id='word_1_404' title='bbox 595 5893 703 5967; x_wconf 62' lang='lat'><strong>(62)</strong></span> <span class='ocrx_word' id='word_1_405' title='bbox 744 5896 877 5952; x_wconf 80' lang='lat' dir='ltr'><strong>Cotl.</strong></span> <span class='ocrx_word' id='word_1_406' title='bbox 915 5896 1121 5969; x_wconf 70' lang='grc' dir='ltr'>ὁπῶρα.</span> 
     </span>
    </p>
   </div>
   <div class='ocr_carea' id='block_1_60' title="bbox 1852 416 3763 475">
    <p class='ocr_par' dir='ltr' id='par_1_60' title="bbox 1852 416 3763 475">
     <span class='ocr_line' id='line_1_60' title="bbox 1852 416 3763 475; baseline 0.003 -5"><span class='ocrx_word' id='word_1_407' title='bbox 1852 416 2145 472; x_wconf 75' lang='lat' dir='ltr'><strong>NICETAS</strong></span> <span class='ocrx_word' id='word_1_408' title='bbox 2209 416 2416 473; x_wconf 77' lang='lat' dir='ltr'><strong>DAVID</strong></span> <span class='ocrx_word' id='word_1_409' title='bbox 3640 420 3763 475; x_wconf 76' lang='lat'><strong>756-</strong></span> 
     </span>
    </p>
   </div>
   <div class='ocr_carea' id='block_1_61' title="bbox 2188 532 3726 607">
    <p class='ocr_par' dir='ltr' id='par_1_61' title="bbox 2188 532 3726 607">
     <span class='ocr_line' id='line_1_61' title="bbox 2188 532 3726 607; baseline 0.001 -19"><span class='ocrx_word' id='word_1_410' title='bbox 2188 535 2411 605; x_wconf 85' lang='grc' dir='ltr'>θρόνους</span> <span class='ocrx_word' id='word_1_411' title='bbox 2443 536 2536 590; x_wconf 78' lang='grc' dir='ltr'>καὶ</span> <span class='ocrx_word' id='word_1_412' title='bbox 2573 536 2633 590; x_wconf 82' lang='grc' dir='ltr'>τὸ</span> <span class='ocrx_word' id='word_1_413' title='bbox 2672 537 2967 607; x_wconf 83' lang='grc' dir='ltr'>ἀπὸθρονον</span> <span class='ocrx_word' id='word_1_414' title='bbox 2999 532 3175 607; x_wconf 75' lang='grc' dir='ltr'>εὖχος,</span> <span class='ocrx_word' id='word_1_415' title='bbox 3205 538 3320 606; x_wconf 67' lang='grc' dir='ltr'>ἦτοι</span> <span class='ocrx_word' id='word_1_416' title='bbox 3349 536 3409 588; x_wconf 82' lang='grc' dir='ltr'>τὸ</span> <span class='ocrx_word' id='word_1_417' title='bbox 3438 536 3527 587; x_wconf 68' lang='grc' dir='ltr'><strong>ἐπὶ</strong></span> <span class='ocrx_word' id='word_1_418' title='bbox 3560 538 3619 605; x_wconf 72' lang='grc' dir='ltr'>τῇ</span> <span class='ocrx_word' id='word_1_419' title='bbox 3650 539 3726 589; x_wconf 65' lang='lat' dir='ltr'><strong>a5-</strong></span> 
     </span>
    </p>
   </div>
   <div class='ocr_carea' id='block_1_62' title="bbox 2185 627 3727 700">
    <p class='ocr_par' dir='ltr' id='par_1_62' title="bbox 2185 627 3727 700">
     <span class='ocr_line' id='line_1_62' title="bbox 2185 627 3727 700; baseline -0.001 -19"><span class='ocrx_word' id='word_1_420' title='bbox 2185 629 2291 681; x_wconf 81' lang='grc' dir='ltr'>τῶν</span> <span class='ocrx_word' id='word_1_421' title='bbox 2316 630 2644 700; x_wconf 77' lang='grc' dir='ltr'><strong>παραιτήσει</strong></span> <span class='ocrx_word' id='word_1_422' title='bbox 2680 629 2939 699; x_wconf 80' lang='grc' dir='ltr'>καύχημα</span> <span class='ocrx_word' id='word_1_423' title='bbox 2964 631 3057 682; x_wconf 67' lang='grc' dir='ltr'><strong>καί</strong></span> <span class='ocrx_word' id='word_1_424' title='bbox 3087 629 3265 691; x_wconf 80' lang='grc' dir='ltr'>κλέος,</span> <span class='ocrx_word' id='word_1_425' title='bbox 3298 627 3497 695; x_wconf 81' lang='grc' dir='ltr'>ὁμοίως</span> <span class='ocrx_word' id='word_1_426' title='bbox 3522 629 3605 679; x_wconf 69' lang='grc' dir='ltr'>καὶ</span> <span class='ocrx_word' id='word_1_427' title='bbox 3627 631 3727 691; x_wconf 63' lang='grc' dir='ltr'>τώς</span> 
     </span>
    </p>
   </div>
   <div class='ocr_carea' id='block_1_63' title="bbox 2186 719 3729 790">
    <p class='ocr_par' dir='ltr' id='par_1_63' title="bbox 2186 719 3729 790">
     <span class='ocr_line' id='line_1_63' title="bbox 2186 719 3729 790; baseline -0.003 -16"><span class='ocrx_word' id='word_1_428' title='bbox 2186 721 2354 790; x_wconf 74' lang='grc' dir='ltr'>ἐγγὺς</span> <span class='ocrx_word' id='word_1_429' title='bbox 2395 722 2535 775; x_wconf 84' lang='grc' dir='ltr'><strong>κατά</strong></span> <span class='ocrx_word' id='word_1_430' title='bbox 2562 721 2715 790; x_wconf 83' lang='grc' dir='ltr'>γένος</span> <span class='ocrx_word' id='word_1_431' title='bbox 2765 723 2860 775; x_wconf 70' lang='grc' dir='ltr'><strong>καί</strong></span> <span class='ocrx_word' id='word_1_432' title='bbox 2880 721 3204 789; x_wconf 80' lang='grc' dir='ltr'>ἀλλογενείς,</span> <span class='ocrx_word' id='word_1_433' title='bbox 3223 721 3320 772; x_wconf 71' lang='grc' dir='ltr'>καὶ</span> <span class='ocrx_word' id='word_1_434' title='bbox 3351 719 3477 781; x_wconf 75' lang='grc' dir='ltr'>τοὺς</span> <span class='ocrx_word' id='word_1_435' title='bbox 3520 719 3729 781; x_wconf 58' lang='lat' dir='ltr'><strong>simam;</strong></span> 
     </span>
    </p>
   </div>
   <div class='ocr_carea' id='block_1_64' title="bbox 2187 810 3728 886">
    <p class='ocr_par' dir='ltr' id='par_1_64' title="bbox 2187 810 3728 886">
     <span class='ocr_line' id='line_1_64' title="bbox 2187 810 3728 886; baseline -0.003 -18"><span class='ocrx_word' id='word_1_436' title='bbox 2187 832 2261 886; x_wconf 84' lang='grc' dir='ltr'><strong>φη</strong></span> <span class='ocrx_word' id='word_1_437' title='bbox 2272 814 2595 886; x_wconf 77' lang='grc' dir='ltr'>μιζομένους</span> <span class='ocrx_word' id='word_1_438' title='bbox 2622 816 2717 867; x_wconf 74' lang='grc' dir='ltr'>καὶ</span> <span class='ocrx_word' id='word_1_439' title='bbox 2749 814 2988 880; x_wconf 74' lang='grc' dir='ltr'>ἀσεϐεῖς,</span> <span class='ocrx_word' id='word_1_440' title='bbox 3011 813 3137 873; x_wconf 89' lang='grc' dir='ltr'>τούς</span> <span class='ocrx_word' id='word_1_441' title='bbox 3160 830 3219 864; x_wconf 89' lang='grc' dir='ltr'><strong>τε</strong></span> <span class='ocrx_word' id='word_1_442' title='bbox 3243 810 3450 875; x_wconf 85' lang='grc' dir='ltr'>ἁπλοῦς</span> <span class='ocrx_word' id='word_1_443' title='bbox 3465 812 3555 864; x_wconf 69' lang='grc' dir='ltr'>καὶ</span> <span class='ocrx_word' id='word_1_444' title='bbox 3582 812 3728 875; x_wconf 63' lang='lat' dir='ltr'><strong>stillet;</strong></span> 
     </span>
    </p>
   </div>
   <div class='ocr_carea' id='block_1_65' title="bbox 2185 903 3727 978">
    <p class='ocr_par' dir='ltr' id='par_1_65' title="bbox 2185 903 3727 978">
     <span class='ocr_line' id='line_1_65' title="bbox 2185 903 3727 978; baseline -0.003 -19"><span class='ocrx_word' id='word_1_445' title='bbox 2185 907 2277 960; x_wconf 74' lang='grc' dir='ltr'><strong>τὸν</strong></span> <span class='ocrx_word' id='word_1_446' title='bbox 2313 907 2440 961; x_wconf 86' lang='grc' dir='ltr'>νοῦν</span> <span class='ocrx_word' id='word_1_447' title='bbox 2483 908 2578 961; x_wconf 80' lang='grc' dir='ltr'>καὶ</span> <span class='ocrx_word' id='word_1_448' title='bbox 2609 908 2880 978; x_wconf 78' lang='grc' dir='ltr'>φανεροὺς</span> <span class='ocrx_word' id='word_1_449' title='bbox 2904 946 2918 971; x_wconf 96' lang='grc'><strong>,</strong></span> <span class='ocrx_word' id='word_1_450' title='bbox 2939 905 3066 969; x_wconf 88' lang='grc' dir='ltr'>τούς</span> <span class='ocrx_word' id='word_1_451' title='bbox 3086 922 3145 957; x_wconf 91' lang='grc' dir='ltr'><strong>τε</strong></span> <span class='ocrx_word' id='word_1_452' title='bbox 3166 904 3444 975; x_wconf 81' lang='grc' dir='ltr'><strong>κρυπτοὺς</strong></span> <span class='ocrx_word' id='word_1_453' title='bbox 3465 904 3555 956; x_wconf 68' lang='grc' dir='ltr'><strong>καί</strong></span> <span class='ocrx_word' id='word_1_454' title='bbox 3573 903 3727 965; x_wconf 80' lang='grc' dir='ltr'>δολίως</span> 
     </span>
    </p>
   </div>
   <div class='ocr_carea' id='block_1_66' title="bbox 2185 993 3726 1071">
    <p class='ocr_par' dir='ltr' id='par_1_66' title="bbox 2185 993 3726 1071">
     <span class='ocr_line' id='line_1_66' title="bbox 2185 993 3726 1071; baseline -0.005 -18"><span class='ocrx_word' id='word_1_455' title='bbox 2185 999 2648 1069; x_wconf 64' lang='grc' dir='ltr'><strong>κακουργοῦντας</strong></span> <span class='ocrx_word' id='word_1_456' title='bbox 2674 1000 2893 1053; x_wconf 73' lang='grc' dir='ltr'>πάντων</span> <span class='ocrx_word' id='word_1_457' title='bbox 2915 998 3214 1071; x_wconf 82' lang='grc' dir='ltr'>ὑπέρτερος</span> <span class='ocrx_word' id='word_1_458' title='bbox 3234 995 3464 1065; x_wconf 75' lang='grc' dir='ltr'>εὔχομαι</span> <span class='ocrx_word' id='word_1_459' title='bbox 3487 993 3726 1062; x_wconf 80' lang='grc' dir='ltr'>γενέσθαι,</span> 
     </span>
    </p>
   </div>
   <div class='ocr_carea' id='block_1_67' title="bbox 2187 1088 3729 1163">
    <p class='ocr_par' dir='ltr' id='par_1_67' title="bbox 2187 1088 3729 1163">
     <span class='ocr_line' id='line_1_67' title="bbox 2187 1088 3729 1163; baseline -0.006 -16"><span class='ocrx_word' id='word_1_460' title='bbox 2187 1094 2298 1147; x_wconf 83' lang='grc' dir='ltr'>τῶν</span> <span class='ocrx_word' id='word_1_461' title='bbox 2343 1096 2391 1147; x_wconf 82' lang='grc' dir='ltr'>τ’</span> <span class='ocrx_word' id='word_1_462' title='bbox 2424 1093 2736 1148; x_wconf 82' lang='grc' dir='ltr'>ἀϐἀσκανον</span> <span class='ocrx_word' id='word_1_463' title='bbox 2764 1092 2919 1163; x_wconf 76' lang='grc' dir='ltr'>ὄμμα</span> <span class='ocrx_word' id='word_1_464' title='bbox 2969 1091 3065 1144; x_wconf 74' lang='grc' dir='ltr'>καὶ</span> <span class='ocrx_word' id='word_1_465' title='bbox 3091 1089 3333 1151; x_wconf 74' lang='grc' dir='ltr'>ἐπιεικὲς</span> <span class='ocrx_word' id='word_1_466' title='bbox 3389 1088 3521 1159; x_wconf 74' lang='grc' dir='ltr'>ἡμῖν</span> <span class='ocrx_word' id='word_1_467' title='bbox 3547 1088 3729 1156; x_wconf 72' lang='grc' dir='ltr'>ἐπερει-</span> 
     </span>
    </p>
   </div>
   <div class='ocr_carea' id='block_1_68' title="bbox 2184 1178 3729 1255">
    <p class='ocr_par' dir='ltr' id='par_1_68' title="bbox 2184 1178 3729 1255">
     <span class='ocr_line' id='line_1_68' title="bbox 2184 1178 3729 1255; baseline -0.007 -14"><span class='ocrx_word' id='word_1_468' title='bbox 2184 1187 2408 1249; x_wconf 84' lang='grc' dir='ltr'>δόντων,</span> <span class='ocrx_word' id='word_1_469' title='bbox 2444 1186 2553 1239; x_wconf 84' lang='grc' dir='ltr'>τῶν</span> <span class='ocrx_word' id='word_1_470' title='bbox 2598 1202 2658 1239; x_wconf 83' lang='grc' dir='ltr'><strong>τε</strong></span> <span class='ocrx_word' id='word_1_471' title='bbox 2707 1184 2947 1255; x_wconf 81' lang='grc' dir='ltr'>φθονερᾷ</span> <span class='ocrx_word' id='word_1_472' title='bbox 2999 1183 3093 1237; x_wconf 77' lang='grc' dir='ltr'>καὶ</span> <span class='ocrx_word' id='word_1_473' title='bbox 3143 1181 3422 1252; x_wconf 83' lang='grc' dir='ltr'>αύτοφόνῳ</span> <span class='ocrx_word' id='word_1_474' title='bbox 3465 1178 3623 1249; x_wconf 79' lang='grc' dir='ltr'>κακίᾳ</span> <span class='ocrx_word' id='word_1_475' title='bbox 3656 1180 3729 1231; x_wconf 74' lang='grc' dir='ltr'><strong>ὲκ·-</strong></span> 
     </span>
    </p>
   </div>
   <div class='ocr_carea' id='block_1_69' title="bbox 2184 1272 3359 1349">
    <p class='ocr_par' dir='ltr' id='par_1_69' title="bbox 2184 1272 3359 1349">
     <span class='ocr_line' id='line_1_69' title="bbox 2184 1272 3359 1349; baseline -0.003 -18"><span class='ocrx_word' id='word_1_476' title='bbox 2184 1277 2502 1349; x_wconf 84' lang='grc' dir='ltr'>τηκομένων</span> <span class='ocrx_word' id='word_1_477' title='bbox 2526 1276 2671 1330; x_wconf 74' lang='grc' dir='ltr'>ἔνδον</span> <span class='ocrx_word' id='word_1_478' title='bbox 2698 1278 2764 1349; x_wconf 80' lang='grc' dir='ltr'><strong>τῇ</strong></span> <span class='ocrx_word' id='word_1_479' title='bbox 2793 1274 3000 1346; x_wconf 73' lang='grc' dir='ltr'>διανοίᾳ</span> <span class='ocrx_word' id='word_1_480' title='bbox 3027 1274 3147 1329; x_wconf 81' lang='grc' dir='ltr'>καθ’</span> <span class='ocrx_word' id='word_1_481' title='bbox 3178 1272 3359 1345; x_wconf 84' lang='grc' dir='ltr'>ἡμῶν.</span> 
     </span>
    </p>
   </div>
   <div class='ocr_carea' id='block_1_70' title="bbox 2190 1450 3151 1521">
    <p class='ocr_par' dir='ltr' id='par_1_70' title="bbox 2190 1450 3151 1521">
     <span class='ocr_line' id='line_1_70' title="bbox 2190 1450 3151 1521; baseline -0.003 -13"><span class='ocrx_word' id='word_1_482' title='bbox 2190 1454 2428 1520; x_wconf 70' lang='grc' dir='ltr'>Ἄλλως</span> <span class='ocrx_word' id='word_1_483' title='bbox 2458 1452 2682 1521; x_wconf 73' lang='grc' dir='ltr'>τερπνὰ</span> <span class='ocrx_word' id='word_1_484' title='bbox 2702 1451 2886 1517; x_wconf 74' lang='grc' dir='ltr'>βίοιο,</span> <span class='ocrx_word' id='word_1_485' title='bbox 2916 1470 2970 1505; x_wconf 88' lang='grc' dir='ltr'>κ.</span> <span class='ocrx_word' id='word_1_486' title='bbox 2993 1468 3044 1505; x_wconf 88' lang='grc' dir='ltr'><strong>τ.</strong></span> <span class='ocrx_word' id='word_1_487' title='bbox 3072 1450 3151 1517; x_wconf 76' lang='grc' dir='ltr'><strong>ἐξ.</strong></span> 
     </span>
    </p>
   </div>
   <div class='ocr_carea' id='block_1_71' title="bbox 2262 1538 3731 1615">
    <p class='ocr_par' dir='ltr' id='par_1_71' title="bbox 2262 1538 3731 1615">
     <span class='ocr_line' id='line_1_71' title="bbox 2262 1538 3731 1615; baseline -0.005 -15"><span class='ocrx_word' id='word_1_488' title='bbox 2262 1546 2478 1610; x_wconf 84' lang='grc' dir='ltr'>Ἀλλοις</span> <span class='ocrx_word' id='word_1_489' title='bbox 2506 1545 2646 1599; x_wconf 75' lang='grc' dir='ltr'>ἔστω</span> <span class='ocrx_word' id='word_1_490' title='bbox 2690 1545 2756 1599; x_wconf 75' lang='grc' dir='ltr'><strong>τὰ</strong></span> <span class='ocrx_word' id='word_1_491' title='bbox 2802 1544 2997 1615; x_wconf 78' lang='grc' dir='ltr'>ἥδιστα</span> <span class='ocrx_word' id='word_1_492' title='bbox 3042 1541 3137 1597; x_wconf 91' lang='grc' dir='ltr'><strong>τοῦ</strong></span> <span class='ocrx_word' id='word_1_493' title='bbox 3174 1540 3382 1613; x_wconf 76' lang='grc' dir='ltr'>κόσμου</span> <span class='ocrx_word' id='word_1_494' title='bbox 3426 1543 3538 1605; x_wconf 84' lang='grc' dir='ltr'>τοῖς</span> <span class='ocrx_word' id='word_1_495' title='bbox 3569 1538 3731 1593; x_wconf 78' lang='grc' dir='ltr'>πολλοῦ</span> 
     </span>
    </p>
   </div>
   <div class='ocr_carea' id='block_1_72' title="bbox 2184 1632 3732 1710">
    <p class='ocr_par' dir='ltr' id='par_1_72' title="bbox 2184 1632 3732 1710">
     <span class='ocr_line' id='line_1_72' title="bbox 2184 1632 3732 1710; baseline -0.005 -18"><span class='ocrx_word' id='word_1_496' title='bbox 2184 1637 2519 1710; x_wconf 75' lang='grc' dir='ltr'><strong>τιμωμένοις</strong></span> <span class='ocrx_word' id='word_1_497' title='bbox 2562 1636 2664 1707; x_wconf 84' lang='grc' dir='ltr'>τῆς</span> <span class='ocrx_word' id='word_1_498' title='bbox 2698 1636 2898 1707; x_wconf 78' lang='grc' dir='ltr'>σαρκὸς</span> <span class='ocrx_word' id='word_1_499' title='bbox 2941 1634 3039 1706; x_wconf 79' lang='grc' dir='ltr'>τὴν</span> <span class='ocrx_word' id='word_1_500' title='bbox 3068 1634 3260 1706; x_wconf 78' lang='grc' dir='ltr'>ἡδονὴν</span> <span class='ocrx_word' id='word_1_501' title='bbox 3280 1673 3295 1696; x_wconf 85' lang='grc'><strong>,</strong></span> <span class='ocrx_word' id='word_1_502' title='bbox 3338 1632 3452 1702; x_wconf 73' lang='grc' dir='ltr'><strong>ἐγὼ</strong></span> <span class='ocrx_word' id='word_1_503' title='bbox 3482 1633 3537 1686; x_wconf 71' lang='grc' dir='ltr'>δὲ</span> <span class='ocrx_word' id='word_1_504' title='bbox 3560 1632 3732 1702; x_wconf 73' lang='grc' dir='ltr'>ταύτην</span> 
     </span>
    </p>
   </div>
   <div class='ocr_carea' id='block_1_73' title="bbox 2189 1723 3730 1805">
    <p class='ocr_par' dir='ltr' id='par_1_73' title="bbox 2189 1723 3730 1805">
     <span class='ocr_line' id='line_1_73' title="bbox 2189 1723 3730 1805; baseline -0.006 -19"><span class='ocrx_word' id='word_1_505' title='bbox 2189 1731 2484 1805; x_wconf 81' lang='grc' dir='ltr'><strong>προθύμως</strong></span> <span class='ocrx_word' id='word_1_506' title='bbox 2508 1730 2582 1795; x_wconf 87' lang='grc' dir='ltr'>ὼς</span> <span class='ocrx_word' id='word_1_507' title='bbox 2616 1730 2813 1801; x_wconf 68' lang='grc' dir='ltr'>δεσμὸν</span> <span class='ocrx_word' id='word_1_508' title='bbox 2837 1728 3215 1798; x_wconf 80' lang='grc' dir='ltr'>ἀποφεύξομαι</span> <span class='ocrx_word' id='word_1_509' title='bbox 3249 1726 3448 1799; x_wconf 71' lang='grc' dir='ltr'>ψυχῆς.</span> <span class='ocrx_word' id='word_1_510' title='bbox 3480 1723 3632 1798; x_wconf 76' lang='grc' dir='ltr'>Οἶμοι</span> <span class='ocrx_word' id='word_1_511' title='bbox 3655 1724 3730 1778; x_wconf 75' lang='grc' dir='ltr'><strong>τοῦ</strong></span> 
     </span>
    </p>
   </div>
   <div class='ocr_carea' id='block_1_74' title="bbox 2191 1818 3730 1895">
    <p class='ocr_par' dir='ltr' id='par_1_74' title="bbox 2191 1818 3730 1895">
     <span class='ocr_line' id='line_1_74' title="bbox 2191 1818 3730 1895; baseline -0.005 -19"><span class='ocrx_word' id='word_1_512' title='bbox 2191 1822 2403 1895; x_wconf 81' lang='grc' dir='ltr'>μακροῦ</span> <span class='ocrx_word' id='word_1_513' title='bbox 2428 1821 2570 1891; x_wconf 73' lang='grc' dir='ltr'>βίουί</span> <span class='ocrx_word' id='word_1_514' title='bbox 2608 1824 2833 1892; x_wconf 86' lang='grc' dir='ltr'>μακροῖς</span> <span class='ocrx_word' id='word_1_515' title='bbox 2857 1820 3042 1888; x_wconf 74' lang='grc' dir='ltr'>ἄλγεσι</span> <span class='ocrx_word' id='word_1_516' title='bbox 3069 1819 3393 1889; x_wconf 67' lang='grc' dir='ltr'>πονούμενος</span> <span class='ocrx_word' id='word_1_517' title='bbox 3422 1819 3579 1889; x_wconf 83' lang='grc' dir='ltr'>μέχρι</span> <span class='ocrx_word' id='word_1_518' title='bbox 3596 1818 3730 1881; x_wconf 80' lang='grc' dir='ltr'>τίνος,</span> 
     </span>
    </p>
   </div>
   <div class='ocr_carea' id='block_1_75' title="bbox 2187 1912 3732 1988">
    <p class='ocr_par' dir='ltr' id='par_1_75' title="bbox 2187 1912 3732 1988">
     <span class='ocr_line' id='line_1_75' title="bbox 2187 1912 3732 1988; baseline -0.016 -3"><span class='ocrx_word' id='word_1_519' title='bbox 2187 1916 2344 1988; x_wconf 56' lang='grc' dir='ltr'><strong>φησι.</strong></span> <span class='ocrx_word' id='word_1_520' title='bbox 2376 1919 2487 1980; x_wconf 85' lang='grc' dir='ltr'>τοῖς</span> <span class='ocrx_word' id='word_1_521' title='bbox 2510 1933 2567 1969; x_wconf 81' lang='grc' dir='ltr'>τε</span> <span class='ocrx_word' id='word_1_522' title='bbox 2601 1913 2851 1987; x_wconf 82' lang='grc' dir='ltr'>βρώμασι</span> <span class='ocrx_word' id='word_1_523' title='bbox 2882 1915 2982 1984; x_wconf 76' lang='grc' dir='ltr'>τῆς</span> <span class='ocrx_word' id='word_1_524' title='bbox 3009 1914 3241 1985; x_wconf 77' lang='grc' dir='ltr'>γαστρὸς</span> <span class='ocrx_word' id='word_1_525' title='bbox 3274 1912 3368 1967; x_wconf 71' lang='grc' dir='ltr'>καὶ</span> <span class='ocrx_word' id='word_1_526' title='bbox 3396 1916 3517 1977; x_wconf 83' lang='grc' dir='ltr'>ταῖς</span> <span class='ocrx_word' id='word_1_527' title='bbox 3542 1913 3732 1981; x_wconf 77' lang='grc' dir='ltr'>κόπροις</span> 
     </span>
    </p>
   </div>
   <div class='ocr_carea' id='block_1_76' title="bbox 2189 2006 3733 2083">
    <p class='ocr_par' dir='ltr' id='par_1_76' title="bbox 2189 2006 3733 2083">
     <span class='ocr_line' id='line_1_76' title="bbox 2189 2006 3733 2083; baseline -0.005 -19"><span class='ocrx_word' id='word_1_528' title='bbox 2189 2011 2676 2083; x_wconf 74' lang='grc' dir='ltr'>ὲμφιλοχωρήσως</span> <span class='ocrx_word' id='word_1_529' title='bbox 2741 2007 2902 2080; x_wconf 86' lang='grc' dir='ltr'>μέχρι</span> <span class='ocrx_word' id='word_1_530' title='bbox 2957 2007 3100 2071; x_wconf 86' lang='grc' dir='ltr'>τίνος</span> <span class='ocrx_word' id='word_1_531' title='bbox 3161 2007 3381 2077; x_wconf 76' lang='grc' dir='ltr'>δέξομαι</span> <span class='ocrx_word' id='word_1_532' title='bbox 3450 2007 3543 2059; x_wconf 71' lang='grc' dir='ltr'>καὶ</span> <span class='ocrx_word' id='word_1_533' title='bbox 3592 2006 3733 2078; x_wconf 67' lang='grc' dir='ltr'>ἀπορο</span> 
     </span>
    </p>
   </div>
   <div class='ocr_carea' id='block_1_77' title="bbox 2191 2096 3732 2178">
    <p class='ocr_par' dir='ltr' id='par_1_77' title="bbox 2191 2096 3732 2178">
     <span class='ocr_line' id='line_1_77' title="bbox 2191 2096 3732 2178; baseline -0.006 -20"><span class='ocrx_word' id='word_1_534' title='bbox 2191 2103 2452 2178; x_wconf 59' lang='grc' dir='ltr'>ρίψομαις</span> <span class='ocrx_word' id='word_1_535' title='bbox 2505 2102 2615 2157; x_wconf 66' lang='grc' dir='ltr'><strong>Καὶ</strong></span> <span class='ocrx_word' id='word_1_536' title='bbox 2654 2102 2763 2173; x_wconf 77' lang='grc' dir='ltr'><strong>γὰρ</strong></span> <span class='ocrx_word' id='word_1_537' title='bbox 2800 2102 2861 2155; x_wconf 79' lang='grc' dir='ltr'><strong>τὸ</strong></span> <span class='ocrx_word' id='word_1_538' title='bbox 2902 2100 3091 2154; x_wconf 84' lang='grc' dir='ltr'>δοκοῦν</span> <span class='ocrx_word' id='word_1_539' title='bbox 3118 2100 3261 2154; x_wconf 84' lang='grc' dir='ltr'>ἆπαν</span> <span class='ocrx_word' id='word_1_540' title='bbox 3291 2102 3355 2169; x_wconf 78' lang='grc' dir='ltr'>τῇ</span> <span class='ocrx_word' id='word_1_541' title='bbox 3390 2098 3503 2168; x_wconf 77' lang='grc' dir='ltr'>ζωῇ</span> <span class='ocrx_word' id='word_1_542' title='bbox 3532 2096 3630 2150; x_wconf 82' lang='grc' dir='ltr'><strong>τῶν</strong></span> <span class='ocrx_word' id='word_1_543' title='bbox 3658 2100 3732 2149; x_wconf 82' lang='grc' dir='ltr'>ἀν-</span> 
     </span>
    </p>
   </div>
   <div class='ocr_carea' id='block_1_78' title="bbox 2190 2187 3733 2267">
    <p class='ocr_par' dir='ltr' id='par_1_78' title="bbox 2190 2187 3733 2267">
     <span class='ocr_line' id='line_1_78' title="bbox 2190 2187 3733 2267; baseline -0.007 -17"><span class='ocrx_word' id='word_1_544' title='bbox 2190 2194 2421 2267; x_wconf 84' lang='grc' dir='ltr'>θρώπων</span> <span class='ocrx_word' id='word_1_545' title='bbox 2450 2192 2718 2264; x_wconf 80' lang='grc' dir='ltr'>ὑπάρχειν</span> <span class='ocrx_word' id='word_1_546' title='bbox 2741 2192 2941 2261; x_wconf 82' lang='grc' dir='ltr'>ἀγαθὸν</span> <span class='ocrx_word' id='word_1_547' title='bbox 2970 2192 3222 2261; x_wconf 87' lang='grc' dir='ltr'>δίστομος</span> <span class='ocrx_word' id='word_1_548' title='bbox 3250 2190 3407 2261; x_wconf 80' lang='grc' dir='ltr'>χάρις</span> <span class='ocrx_word' id='word_1_549' title='bbox 3430 2190 3564 2251; x_wconf 77' lang='grc' dir='ltr'>ἐστὶ,</span> <span class='ocrx_word' id='word_1_550' title='bbox 3585 2187 3733 2242; x_wconf 71' lang='grc' dir='ltr'>λαϐεῖν</span> 
     </span>
    </p>
   </div>
   <div class='ocr_carea' id='block_1_79' title="bbox 2191 2274 3735 2359">
    <p class='ocr_par' dir='ltr' id='par_1_79' title="bbox 2191 2274 3735 2359">
     <span class='ocr_line' id='line_1_79' title="bbox 2191 2274 3735 2359; baseline -0.006 -18"><span class='ocrx_word' id='word_1_551' title='bbox 2191 2285 2426 2359; x_wconf 85' lang='grc' dir='ltr'>πρῶτον,</span> <span class='ocrx_word' id='word_1_552' title='bbox 2485 2281 2606 2341; x_wconf 72' lang='grc' dir='ltr'>εἶτα</span> <span class='ocrx_word' id='word_1_553' title='bbox 2656 2283 2833 2354; x_wconf 69' lang='grc' dir='ltr'>ῥίψαι,</span> <span class='ocrx_word' id='word_1_554' title='bbox 2892 2282 3244 2354; x_wconf 77' lang='grc' dir='ltr'>πληρωθῆναι</span> <span class='ocrx_word' id='word_1_555' title='bbox 3306 2280 3594 2352; x_wconf 76' lang='grc' dir='ltr'><strong>βρώσεως,</strong></span> <span class='ocrx_word' id='word_1_556' title='bbox 3641 2274 3735 2331; x_wconf 72' lang='grc' dir='ltr'>εἶτα</span> 
     </span>
    </p>
   </div>
   <div class='ocr_carea' id='block_1_80' title="bbox 2190 2370 3735 2449">
    <p class='ocr_par' dir='ltr' id='par_1_80' title="bbox 2190 2370 3735 2449">
     <span class='ocr_line' id='line_1_80' title="bbox 2190 2370 3735 2449; baseline -0.008 -16"><span class='ocrx_word' id='word_1_557' title='bbox 2190 2379 2533 2449; x_wconf 83' lang='grc' dir='ltr'>κενωθῆναι,</span> <span class='ocrx_word' id='word_1_558' title='bbox 2596 2375 2785 2445; x_wconf 83' lang='grc' dir='ltr'>ὥσπερ</span> <span class='ocrx_word' id='word_1_559' title='bbox 2859 2375 2955 2429; x_wconf 76' lang='grc' dir='ltr'>καὶ</span> <span class='ocrx_word' id='word_1_560' title='bbox 3014 2374 3081 2426; x_wconf 83' lang='grc' dir='ltr'>τὰ</span> <span class='ocrx_word' id='word_1_561' title='bbox 3133 2375 3333 2444; x_wconf 85' lang='grc' dir='ltr'>ταμεῖα</span> <span class='ocrx_word' id='word_1_562' title='bbox 3377 2371 3486 2424; x_wconf 81' lang='grc' dir='ltr'>τῶν</span> <span class='ocrx_word' id='word_1_563' title='bbox 3541 2370 3735 2441; x_wconf 77' lang='grc' dir='ltr'>καρπῶν</span> 
     </span>
    </p>
   </div>
   <div class='ocr_carea' id='block_1_81' title="bbox 2190 2464 3734 2542">
    <p class='ocr_par' dir='ltr' id='par_1_81' title="bbox 2190 2464 3734 2542">
     <span class='ocr_line' id='line_1_81' title="bbox 2190 2464 3734 2542; baseline -0.006 -18"><span class='ocrx_word' id='word_1_564' title='bbox 2190 2468 2434 2542; x_wconf 81' lang='grc' dir='ltr'>πληροῦν</span> <span class='ocrx_word' id='word_1_565' title='bbox 2470 2468 2565 2522; x_wconf 71' lang='grc' dir='ltr'>καὶ</span> <span class='ocrx_word' id='word_1_566' title='bbox 2596 2466 2784 2521; x_wconf 90' lang='grc' dir='ltr'>κενοῦν</span> <span class='ocrx_word' id='word_1_567' title='bbox 2817 2466 3064 2537; x_wconf 81' lang='grc' dir='ltr'>δίστομός</span> <span class='ocrx_word' id='word_1_568' title='bbox 3094 2468 3210 2519; x_wconf 85' lang='grc' dir='ltr'>ὲστι</span> <span class='ocrx_word' id='word_1_569' title='bbox 3235 2466 3414 2537; x_wconf 65' lang='grc' dir='ltr'>χάρις,</span> <span class='ocrx_word' id='word_1_570' title='bbox 3444 2464 3647 2535; x_wconf 77' lang='grc' dir='ltr'>ἡμέραν</span> <span class='ocrx_word' id='word_1_571' title='bbox 3670 2465 3734 2530; x_wconf 70' lang='grc' dir='ltr'><strong>ἐφ’</strong></span> 
     </span>
    </p>
   </div>
   <div class='ocr_carea' id='block_1_82' title="bbox 2192 2555 3724 2634">
    <p class='ocr_par' dir='ltr' id='par_1_82' title="bbox 2192 2555 3724 2634">
     <span class='ocr_line' id='line_1_82' title="bbox 2192 2555 3724 2634; baseline -0.005 -18"><span class='ocrx_word' id='word_1_572' title='bbox 2192 2562 2405 2634; x_wconf 81' lang='grc' dir='ltr'>ἡμέρας</span> <span class='ocrx_word' id='word_1_573' title='bbox 2441 2560 2499 2615; x_wconf 82' lang='grc' dir='ltr'>ὲν</span> <span class='ocrx_word' id='word_1_574' title='bbox 2556 2560 2740 2632; x_wconf 85' lang='grc' dir='ltr'>μέτρῳ</span> <span class='ocrx_word' id='word_1_575' title='bbox 2785 2558 3233 2630; x_wconf 78' lang='grc' dir='ltr'>ὑπαλλαττομένη</span> <span class='ocrx_word' id='word_1_576' title='bbox 3286 2560 3378 2612; x_wconf 78' lang='grc' dir='ltr'>καὶ</span> <span class='ocrx_word' id='word_1_577' title='bbox 3418 2555 3724 2611; x_wconf 80' lang='grc' dir='ltr'>ύπαπιοῦσα.</span> 
     </span>
    </p>
   </div>
   <div class='ocr_carea' id='block_1_83' title="bbox 2189 2646 3734 2725">
    <p class='ocr_par' dir='ltr' id='par_1_83' title="bbox 2189 2646 3734 2725">
     <span class='ocr_line' id='line_1_83' title="bbox 2189 2646 3734 2725; baseline -0.001 -19"><span class='ocrx_word' id='word_1_578' title='bbox 2189 2653 2376 2721; x_wconf 84' lang='grc' dir='ltr'>Μικρά</span> <span class='ocrx_word' id='word_1_579' title='bbox 2398 2652 2520 2725; x_wconf 71' lang='grc' dir='ltr'>μὲν,</span> <span class='ocrx_word' id='word_1_580' title='bbox 2551 2653 2737 2723; x_wconf 76' lang='grc' dir='ltr'>φησὶν,</span> <span class='ocrx_word' id='word_1_581' title='bbox 2770 2650 2846 2715; x_wconf 84' lang='grc' dir='ltr'>ὡς</span> <span class='ocrx_word' id='word_1_582' title='bbox 2882 2652 2939 2704; x_wconf 80' lang='grc' dir='ltr'>ἐν</span> <span class='ocrx_word' id='word_1_583' title='bbox 2972 2650 3190 2722; x_wconf 75' lang='grc' dir='ltr'>παρόδῳ</span> <span class='ocrx_word' id='word_1_584' title='bbox 3221 2650 3472 2721; x_wconf 73' lang='grc' dir='ltr'>τερφθεὶς</span> <span class='ocrx_word' id='word_1_585' title='bbox 3499 2651 3525 2702; x_wconf 81' lang='grc' dir='ltr'>ὁ</span> <span class='ocrx_word' id='word_1_586' title='bbox 3551 2646 3734 2717; x_wconf 78' lang='grc' dir='ltr'>λαιμὸς.</span> 
     </span>
    </p>
   </div>
   <div class='ocr_carea' id='block_1_84' title="bbox 2190 2736 3735 2817">
    <p class='ocr_par' dir='ltr' id='par_1_84' title="bbox 2190 2736 3735 2817">
     <span class='ocr_line' id='line_1_84' title="bbox 2190 2736 3735 2817; baseline 0.005 -20"><span class='ocrx_word' id='word_1_587' title='bbox 2190 2745 2266 2808; x_wconf 85' lang='grc' dir='ltr'>ὡς</span> <span class='ocrx_word' id='word_1_588' title='bbox 2307 2745 2365 2798; x_wconf 81' lang='grc' dir='ltr'>ἐν</span> <span class='ocrx_word' id='word_1_589' title='bbox 2408 2744 2599 2817; x_wconf 78' lang='grc' dir='ltr'>ὰμάρᾳ</span> <span class='ocrx_word' id='word_1_590' title='bbox 2633 2743 2725 2798; x_wconf 76' lang='grc' dir='ltr'>καὶ</span> <span class='ocrx_word' id='word_1_591' title='bbox 2763 2743 2965 2813; x_wconf 83' lang='grc' dir='ltr'>ἀγωγῷ</span> <span class='ocrx_word' id='word_1_592' title='bbox 3006 2745 3074 2815; x_wconf 78' lang='grc' dir='ltr'>τῇ</span> <span class='ocrx_word' id='word_1_593' title='bbox 3118 2743 3314 2814; x_wconf 70' lang='grc' dir='ltr'>γαστρὶ</span> <span class='ocrx_word' id='word_1_594' title='bbox 3346 2742 3520 2796; x_wconf 77' lang='grc' dir='ltr'>πάντα</span> <span class='ocrx_word' id='word_1_595' title='bbox 3549 2741 3639 2794; x_wconf 72' lang='grc' dir='ltr'>καὶ</span> <span class='ocrx_word' id='word_1_596' title='bbox 3678 2736 3735 2806; x_wconf 65' lang='grc' dir='ltr'>τῷ</span> 
     </span>
    </p>
   </div>
   <div class='ocr_carea' id='block_1_85' title="bbox 2190 2833 3736 2912">
    <p class='ocr_par' dir='ltr' id='par_1_85' title="bbox 2190 2833 3736 2912">
     <span class='ocr_line' id='line_1_85' title="bbox 2190 2833 3736 2912; baseline -0.004 -22"><span class='ocrx_word' id='word_1_597' title='bbox 2190 2836 2461 2910; x_wconf 84' lang='grc' dir='ltr'>ἀφεδρῶνι</span> <span class='ocrx_word' id='word_1_598' title='bbox 2502 2835 2891 2912; x_wconf 75' lang='grc' dir='ltr'>παραπέμπει’</span> <span class='ocrx_word' id='word_1_599' title='bbox 2940 2835 3130 2890; x_wconf 82' lang='grc' dir='ltr'>σκόπει</span> <span class='ocrx_word' id='word_1_600' title='bbox 3173 2834 3229 2891; x_wconf 76' lang='grc' dir='ltr'>δὲ</span> <span class='ocrx_word' id='word_1_601' title='bbox 3260 2834 3397 2906; x_wconf 72' lang='grc' dir='ltr'>πρὸς</span> <span class='ocrx_word' id='word_1_602' title='bbox 3424 2833 3627 2896; x_wconf 78' lang='grc' dir='ltr'><strong>τούτοις</strong></span> <span class='ocrx_word' id='word_1_603' title='bbox 3665 2837 3736 2887; x_wconf 71' lang='grc' dir='ltr'><strong>καὶ</strong></span> 
     </span>
    </p>
   </div>
   <div class='ocr_carea' id='block_1_86' title="bbox 2191 2926 3734 3001">
    <p class='ocr_par' dir='ltr' id='par_1_86' title="bbox 2191 2926 3734 3001">
     <span class='ocr_line' id='line_1_86' title="bbox 2191 2926 3734 3001; baseline -0.006 -16"><span class='ocrx_word' id='word_1_604' title='bbox 2191 2932 2251 2985; x_wconf 85' lang='grc' dir='ltr'>τὸ</span> <span class='ocrx_word' id='word_1_605' title='bbox 2280 2931 2391 2985; x_wconf 86' lang='grc' dir='ltr'><strong>τῶν</strong></span> <span class='ocrx_word' id='word_1_606' title='bbox 2418 2930 2697 3001; x_wconf 80' lang='grc' dir='ltr'>στοιχείων</span> <span class='ocrx_word' id='word_1_607' title='bbox 2728 2927 2823 2983; x_wconf 71' lang='grc' dir='ltr'>καὶ</span> <span class='ocrx_word' id='word_1_608' title='bbox 2850 2928 2959 2982; x_wconf 83' lang='grc' dir='ltr'><strong>τῶν</strong></span> <span class='ocrx_word' id='word_1_609' title='bbox 2986 2928 3192 3000; x_wconf 83' lang='grc' dir='ltr'>καιρῶν</span> <span class='ocrx_word' id='word_1_610' title='bbox 3221 2926 3504 2982; x_wconf 76' lang='grc' dir='ltr'>ἀλλοιωτὸν</span> <span class='ocrx_word' id='word_1_611' title='bbox 3531 2928 3619 2980; x_wconf 78' lang='grc' dir='ltr'>καὶ</span> <span class='ocrx_word' id='word_1_612' title='bbox 3638 2943 3734 2996; x_wconf 83' lang='grc' dir='ltr'>τρε-</span> 
     </span>
    </p>
   </div>
   <div class='ocr_carea' id='block_1_87' title="bbox 2193 3014 3731 3094">
    <p class='ocr_par' dir='ltr' id='par_1_87' title="bbox 2193 3014 3731 3094">
     <span class='ocr_line' id='line_1_87' title="bbox 2193 3014 3731 3094; baseline -0.007 -17"><span class='ocrx_word' id='word_1_613' title='bbox 2193 3024 2355 3077; x_wconf 85' lang='grc' dir='ltr'>πτόν·</span> <span class='ocrx_word' id='word_1_614' title='bbox 2389 3020 2597 3094; x_wconf 87' lang='grc' dir='ltr'>χειμὼν</span> <span class='ocrx_word' id='word_1_615' title='bbox 2638 3022 2735 3091; x_wconf 81' lang='grc' dir='ltr'>μὲν</span> <span class='ocrx_word' id='word_1_616' title='bbox 2773 3021 3098 3091; x_wconf 68' lang='grc' dir='ltr'>καταψύχει,</span> <span class='ocrx_word' id='word_1_617' title='bbox 3152 3020 3306 3093; x_wconf 79' lang='grc' dir='ltr'>θέρος</span> <span class='ocrx_word' id='word_1_618' title='bbox 3359 3018 3417 3073; x_wconf 79' lang='grc' dir='ltr'>δὲ</span> <span class='ocrx_word' id='word_1_619' title='bbox 3450 3014 3597 3082; x_wconf 79' lang='grc' dir='ltr'>αὖθις</span> <span class='ocrx_word' id='word_1_620' title='bbox 3627 3020 3731 3070; x_wconf 62' lang='grc' dir='ltr'><strong>ἀνα</strong></span> 
     </span>
    </p>
   </div>
   <div class='ocr_carea' id='block_1_88' title="bbox 2195 3108 3733 3187">
    <p class='ocr_par' dir='ltr' id='par_1_88' title="bbox 2195 3108 3733 3187">
     <span class='ocr_line' id='line_1_88' title="bbox 2195 3108 3733 3187; baseline -0.005 -20"><span class='ocrx_word' id='word_1_621' title='bbox 2195 3114 2419 3185; x_wconf 79' lang='grc' dir='ltr'>φλέγει,</span> <span class='ocrx_word' id='word_1_622' title='bbox 2462 3113 2564 3186; x_wconf 82' lang='grc' dir='ltr'>ἔαρ</span> <span class='ocrx_word' id='word_1_623' title='bbox 2602 3113 2699 3185; x_wconf 79' lang='grc' dir='ltr'>μὲν</span> <span class='ocrx_word' id='word_1_624' title='bbox 2746 3114 2965 3184; x_wconf 75' lang='grc' dir='ltr'>ἀμείϐει</span> <span class='ocrx_word' id='word_1_625' title='bbox 3007 3114 3098 3170; x_wconf 73' lang='grc' dir='ltr'><strong>τὸν</strong></span> <span class='ocrx_word' id='word_1_626' title='bbox 3131 3113 3393 3187; x_wconf 80' lang='grc' dir='ltr'>χειμῶνα,</span> <span class='ocrx_word' id='word_1_627' title='bbox 3421 3108 3605 3181; x_wconf 76' lang='grc' dir='ltr'>ὀπώρα</span> <span class='ocrx_word' id='word_1_628' title='bbox 3646 3110 3733 3170; x_wconf 71' lang='lat'><strong>(6&#39;2)</strong></span> 
     </span>
    </p>
   </div>
   <div class='ocr_carea' id='block_1_89' title="bbox 2194 3204 3735 3279">
    <p class='ocr_par' dir='ltr' id='par_1_89' title="bbox 2194 3204 3735 3279">
     <span class='ocr_line' id='line_1_89' title="bbox 2194 3204 3735 3279; baseline -0.003 -20"><span class='ocrx_word' id='word_1_629' title='bbox 2194 3206 2251 3259; x_wconf 83' lang='grc' dir='ltr'>δὲ</span> <span class='ocrx_word' id='word_1_630' title='bbox 2277 3206 2338 3260; x_wconf 81' lang='grc' dir='ltr'>τὸ</span> <span class='ocrx_word' id='word_1_631' title='bbox 2369 3207 2547 3277; x_wconf 84' lang='grc' dir='ltr'>θέρος,</span> <span class='ocrx_word' id='word_1_632' title='bbox 2578 3205 2767 3277; x_wconf 83' lang='grc' dir='ltr'>ὥσπερ</span> <span class='ocrx_word' id='word_1_633' title='bbox 2796 3204 2897 3270; x_wconf 77' lang='grc' dir='ltr'><strong>τὰς</strong></span> <span class='ocrx_word' id='word_1_634' title='bbox 2923 3206 3134 3279; x_wconf 76' lang='grc' dir='ltr'>ἡμέρας</span> <span class='ocrx_word' id='word_1_635' title='bbox 3184 3206 3280 3279; x_wconf 84' lang='grc' dir='ltr'>μὲν</span> <span class='ocrx_word' id='word_1_636' title='bbox 3325 3207 3382 3261; x_wconf 79' lang='grc' dir='ltr'>αἱ</span> <span class='ocrx_word' id='word_1_637' title='bbox 3428 3206 3627 3269; x_wconf 88' lang='grc' dir='ltr'>νύκτες,</span> <span class='ocrx_word' id='word_1_638' title='bbox 3656 3205 3735 3269; x_wconf 69' lang='grc' dir='ltr'>τὰς</span> 
     </span>
    </p>
   </div>
   <div class='ocr_carea' id='block_1_90' title="bbox 2194 3293 3732 3371">
    <p class='ocr_par' dir='ltr' id='par_1_90' title="bbox 2194 3293 3732 3371">
     <span class='ocr_line' id='line_1_90' title="bbox 2194 3293 3732 3371; baseline -0.006 -19"><span class='ocrx_word' id='word_1_639' title='bbox 2194 3298 2395 3362; x_wconf 88' lang='grc' dir='ltr'>νύκτας</span> <span class='ocrx_word' id='word_1_640' title='bbox 2417 3298 2472 3351; x_wconf 84' lang='grc' dir='ltr'>δὲ</span> <span class='ocrx_word' id='word_1_641' title='bbox 2505 3293 2570 3351; x_wconf 79' lang='grc' dir='ltr'>αὖ</span> <span class='ocrx_word' id='word_1_642' title='bbox 2598 3300 2654 3352; x_wconf 92' lang='grc' dir='ltr'>αἱ</span> <span class='ocrx_word' id='word_1_643' title='bbox 2690 3298 2917 3371; x_wconf 78' lang='grc' dir='ltr'>ἡμέραι,</span> <span class='ocrx_word' id='word_1_644' title='bbox 2950 3298 3019 3355; x_wconf 74' lang='grc' dir='ltr'><strong>τὰ</strong></span> <span class='ocrx_word' id='word_1_645' title='bbox 3044 3298 3203 3355; x_wconf 74' lang='grc' dir='ltr'>δισσὰ</span> <span class='ocrx_word' id='word_1_646' title='bbox 3231 3297 3325 3351; x_wconf 85' lang='grc' dir='ltr'><strong>τοῦ</strong></span> <span class='ocrx_word' id='word_1_647' title='bbox 3354 3297 3611 3368; x_wconf 67' lang='grc' dir='ltr'>παρῦντος</span> <span class='ocrx_word' id='word_1_648' title='bbox 3642 3295 3732 3365; x_wconf 61' lang='grc' dir='ltr'>βίον)</span> 
     </span>
    </p>
   </div>
   <div class='ocr_carea' id='block_1_91' title="bbox 2196 3386 3735 3461">
    <p class='ocr_par' dir='ltr' id='par_1_91' title="bbox 2196 3386 3735 3461">
     <span class='ocr_line' id='line_1_91' title="bbox 2196 3386 3735 3461; baseline -0.008 -11"><span class='ocrx_word' id='word_1_649' title='bbox 2196 3392 2457 3461; x_wconf 82' lang='grc' dir='ltr'>φάσματα</span> <span class='ocrx_word' id='word_1_650' title='bbox 2502 3390 2841 3461; x_wconf 76' lang='grc' dir='ltr'>διαμείδουσι</span> <span class='ocrx_word' id='word_1_651' title='bbox 2891 3391 2985 3444; x_wconf 73' lang='grc' dir='ltr'>καὶ</span> <span class='ocrx_word' id='word_1_652' title='bbox 3030 3390 3445 3445; x_wconf 81' lang='grc' dir='ltr'>ύπαλλάττουσι.</span> <span class='ocrx_word' id='word_1_653' title='bbox 3497 3389 3559 3441; x_wconf 84' lang='grc' dir='ltr'>Τί</span> <span class='ocrx_word' id='word_1_654' title='bbox 3595 3386 3735 3441; x_wconf 76' lang='grc' dir='ltr'>ταῦτά</span> 
     </span>
    </p>
   </div>
   <div class='ocr_carea' id='block_1_92' title="bbox 2196 3478 3735 3552">
    <p class='ocr_par' dir='ltr' id='par_1_92' title="bbox 2196 3478 3735 3552">
     <span class='ocr_line' id='line_1_92' title="bbox 2196 3478 3735 3552; baseline -0.015 -1"><span class='ocrx_word' id='word_1_655' title='bbox 2196 3499 2372 3552; x_wconf 72' lang='grc' dir='ltr'>φημις</span> <span class='ocrx_word' id='word_1_656' title='bbox 2425 3480 2666 3552; x_wconf 75' lang='grc' dir='ltr'>Οὐρανὸς</span> <span class='ocrx_word' id='word_1_657' title='bbox 2710 3482 2740 3533; x_wconf 75' lang='grc' dir='ltr'><strong>ὁ</strong></span> <span class='ocrx_word' id='word_1_658' title='bbox 2787 3481 2985 3545; x_wconf 63' lang='grc' dir='ltr'><strong>αὑτὸς,</strong></span> <span class='ocrx_word' id='word_1_659' title='bbox 3024 3483 3115 3551; x_wconf 79' lang='grc' dir='ltr'><strong>γῆ.</strong></span> <span class='ocrx_word' id='word_1_660' title='bbox 3152 3482 3413 3545; x_wconf 80' lang='grc' dir='ltr'>θάλασσα,</span> <span class='ocrx_word' id='word_1_661' title='bbox 3466 3480 3557 3533; x_wconf 80' lang='grc' dir='ltr'>καὶ</span> <span class='ocrx_word' id='word_1_662' title='bbox 3611 3478 3735 3532; x_wconf 77' lang='grc' dir='ltr'>οὐδὲν</span> 
     </span>
    </p>
   </div>
   <div class='ocr_carea' id='block_1_93' title="bbox 2197 3570 3735 3645">
    <p class='ocr_par' dir='ltr' id='par_1_93' title="bbox 2197 3570 3735 3645">
     <span class='ocr_line' id='line_1_93' title="bbox 2197 3570 3735 3645; baseline -0.003 -18"><span class='ocrx_word' id='word_1_663' title='bbox 2197 3574 2460 3645; x_wconf 86' lang='grc' dir='ltr'>νεώτερον</span> <span class='ocrx_word' id='word_1_664' title='bbox 2523 3574 2616 3627; x_wconf 77' lang='grc' dir='ltr'>καὶ</span> <span class='ocrx_word' id='word_1_665' title='bbox 2664 3573 2817 3627; x_wconf 80' lang='grc' dir='ltr'>οὐδὲν</span> <span class='ocrx_word' id='word_1_666' title='bbox 2868 3575 3054 3626; x_wconf 76' lang='grc' dir='ltr'>καινὸν</span> <span class='ocrx_word' id='word_1_667' title='bbox 3107 3572 3318 3644; x_wconf 79' lang='grc' dir='ltr'>ἔμοιγε,</span> <span class='ocrx_word' id='word_1_668' title='bbox 3358 3572 3520 3643; x_wconf 76' lang='grc' dir='ltr'>φησὶν</span> <span class='ocrx_word' id='word_1_669' title='bbox 3562 3573 3589 3624; x_wconf 81' lang='grc' dir='ltr'>ὁ</span> <span class='ocrx_word' id='word_1_670' title='bbox 3638 3570 3735 3623; x_wconf 77' lang='grc' dir='ltr'><strong>Ἐκο</strong></span> 
     </span>
    </p>
   </div>
   <div class='ocr_carea' id='block_1_94' title="bbox 2196 3662 3737 3738">
    <p class='ocr_par' dir='ltr' id='par_1_94' title="bbox 2196 3662 3737 3738">
     <span class='ocr_line' id='line_1_94' title="bbox 2196 3662 3737 3738; baseline -0.005 -17"><span class='ocrx_word' id='word_1_671' title='bbox 2196 3664 2662 3738; x_wconf 78' lang='grc' dir='ltr'>κλησιαστὴς,ύπδ</span> <span class='ocrx_word' id='word_1_672' title='bbox 2685 3666 2775 3719; x_wconf 81' lang='grc' dir='ltr'>τὸν</span> <span class='ocrx_word' id='word_1_673' title='bbox 2803 3664 2973 3736; x_wconf 76' lang='grc' dir='ltr'>ἥλιον,</span> <span class='ocrx_word' id='word_1_674' title='bbox 3008 3664 3121 3718; x_wconf 68' lang='grc' dir='ltr'><strong>οὔθ’</strong></span> <span class='ocrx_word' id='word_1_675' title='bbox 3154 3666 3253 3719; x_wconf 81' lang='grc' dir='ltr'>ὅσα</span> <span class='ocrx_word' id='word_1_676' title='bbox 3286 3666 3467 3737; x_wconf 76' lang='grc' dir='ltr'>πηκτὰ</span> <span class='ocrx_word' id='word_1_677' title='bbox 3500 3665 3637 3718; x_wconf 82' lang='grc' dir='ltr'>πέλει</span> <span class='ocrx_word' id='word_1_678' title='bbox 3662 3662 3737 3715; x_wconf 75' lang='grc' dir='ltr'>καὶ</span> 
     </span>
    </p>
   </div>
   <div class='ocr_carea' id='block_1_95' title="bbox 2200 3754 3734 3831">
    <p class='ocr_par' dir='ltr' id='par_1_95' title="bbox 2200 3754 3734 3831">
     <span class='ocr_line' id='line_1_95' title="bbox 2200 3754 3734 3831; baseline -0.006 -18"><span class='ocrx_word' id='word_1_679' title='bbox 2200 3759 2431 3831; x_wconf 77' lang='grc' dir='ltr'>βέϐηκεν</span> <span class='ocrx_word' id='word_1_680' title='bbox 2458 3757 2688 3829; x_wconf 79' lang='grc' dir='ltr'>ἀκίνητα</span> <span class='ocrx_word' id='word_1_681' title='bbox 2717 3756 2907 3827; x_wconf 79' lang='grc' dir='ltr'>ὥσπερ</span> <span class='ocrx_word' id='word_1_682' title='bbox 2937 3758 3006 3826; x_wconf 81' lang='grc' dir='ltr'>γῆ</span> <span class='ocrx_word' id='word_1_683' title='bbox 3043 3758 3137 3810; x_wconf 69' lang='grc' dir='ltr'>καὶ</span> <span class='ocrx_word' id='word_1_684' title='bbox 3164 3756 3234 3809; x_wconf 75' lang='grc' dir='ltr'><strong>τὰ</strong></span> <span class='ocrx_word' id='word_1_685' title='bbox 3275 3759 3402 3828; x_wconf 69' lang='grc' dir='ltr'>περὶ</span> <span class='ocrx_word' id='word_1_686' title='bbox 3433 3758 3613 3828; x_wconf 79' lang='grc' dir='ltr'>αὐτὴν,</span> <span class='ocrx_word' id='word_1_687' title='bbox 3644 3754 3734 3807; x_wconf 69' lang='grc' dir='ltr'>οὗθ’</span> 
     </span>
    </p>
   </div>
   <div class='ocr_carea' id='block_1_96' title="bbox 2196 3847 3737 3922">
    <p class='ocr_par' dir='ltr' id='par_1_96' title="bbox 2196 3847 3737 3922">
     <span class='ocr_line' id='line_1_96' title="bbox 2196 3847 3737 3922; baseline -0.006 -14"><span class='ocrx_word' id='word_1_688' title='bbox 2196 3856 2296 3909; x_wconf 80' lang='grc' dir='ltr'>ὃσα</span> <span class='ocrx_word' id='word_1_689' title='bbox 2338 3852 2747 3922; x_wconf 81' lang='grc' dir='ltr'>περιτρέπεται,</span> <span class='ocrx_word' id='word_1_690' title='bbox 2798 3849 2988 3922; x_wconf 79' lang='grc' dir='ltr'>ὥσπερ</span> <span class='ocrx_word' id='word_1_691' title='bbox 3033 3848 3259 3920; x_wconf 76' lang='grc' dir='ltr'>οὐρανὸς</span> <span class='ocrx_word' id='word_1_692' title='bbox 3309 3850 3393 3905; x_wconf 67' lang='grc' dir='ltr'>καὶ</span> <span class='ocrx_word' id='word_1_693' title='bbox 3420 3849 3487 3902; x_wconf 83' lang='grc' dir='ltr'><strong>τὰ</strong></span> <span class='ocrx_word' id='word_1_694' title='bbox 3529 3850 3583 3901; x_wconf 80' lang='grc' dir='ltr'>ὲν</span> <span class='ocrx_word' id='word_1_695' title='bbox 3614 3847 3737 3916; x_wconf 76' lang='grc' dir='ltr'>αύτφ</span> 
     </span>
    </p>
   </div>
   <div class='ocr_carea' id='block_1_97' title="bbox 2196 3938 3339 4013">
    <p class='ocr_par' dir='ltr' id='par_1_97' title="bbox 2196 3938 3339 4013">
     <span class='ocr_line' id='line_1_97' title="bbox 2196 3938 3339 4013; baseline -0.003 -16"><span class='ocrx_word' id='word_1_696' title='bbox 2196 3943 2437 4007; x_wconf 81' lang='grc' dir='ltr'>ἀεννάως</span> <span class='ocrx_word' id='word_1_697' title='bbox 2472 3942 2564 4001; x_wconf 75' lang='grc' dir='ltr'>καὶ</span> <span class='ocrx_word' id='word_1_698' title='bbox 2594 3940 2871 4004; x_wconf 82' lang='grc' dir='ltr'>κυκλικῶς</span> <span class='ocrx_word' id='word_1_699' title='bbox 2904 3938 3339 4013; x_wconf 82' lang='grc' dir='ltr'>περιδινούμενα.</span> 
     </span>
    </p>
   </div>
   <div class='ocr_carea' id='block_1_98' title="bbox 2204 4026 3706 4101">
    <p class='ocr_par' dir='ltr' id='par_1_98' title="bbox 2204 4026 3706 4101">
     <span class='ocr_line' id='line_1_98' title="bbox 2204 4026 3706 4101; baseline -0.01 -10"><span class='ocrx_word' id='word_1_700' title='bbox 2204 4034 2269 4091; x_wconf 79' lang='grc'><strong>10</strong></span> <span class='ocrx_word' id='word_1_701' title='bbox 2301 4033 2424 4089; x_wconf 80' lang='grc' dir='ltr'><strong>Τῶν</strong></span> <span class='ocrx_word' id='word_1_702' title='bbox 2449 4034 2627 4100; x_wconf 82' lang='grc' dir='ltr'>κόρος</span> <span class='ocrx_word' id='word_1_703' title='bbox 2666 4031 2778 4101; x_wconf 81' lang='grc'><strong>(65)</strong></span> <span class='ocrx_word' id='word_1_704' title='bbox 2813 4050 2826 4062; x_wconf 93' lang='grc'><strong>·</strong></span> <span class='ocrx_word' id='word_1_705' title='bbox 2870 4032 3066 4089; x_wconf 69' lang='grc' dir='ltr'><em>ἄλλον</em></span> <span class='ocrx_word' id='word_1_706' title='bbox 3098 4031 3297 4101; x_wconf 78' lang='grc' dir='ltr'>ἔμοιγε</span> <span class='ocrx_word' id='word_1_707' title='bbox 3328 4031 3490 4095; x_wconf 76' lang='grc' dir='ltr'>βίον,</span> <span class='ocrx_word' id='word_1_708' title='bbox 3524 4048 3574 4085; x_wconf 90' lang='grc' dir='ltr'>κ.</span> <span class='ocrx_word' id='word_1_709' title='bbox 3596 4047 3641 4080; x_wconf 85' lang='grc' dir='ltr'>τ.</span> <span class='ocrx_word' id='word_1_710' title='bbox 3666 4026 3706 4077; x_wconf 91' lang='grc' dir='ltr'>λ.</span> 
     </span>
    </p>
   </div>
   <div class='ocr_carea' id='block_1_99' title="bbox 2270 4121 3733 4198">
    <p class='ocr_par' dir='ltr' id='par_1_99' title="bbox 2270 4121 3733 4198">
     <span class='ocr_line' id='line_1_99' title="bbox 2270 4121 3733 4198; baseline -0.006 -19"><span class='ocrx_word' id='word_1_711' title='bbox 2270 4126 2510 4189; x_wconf 81' lang='grc' dir='ltr'>Τούτων,</span> <span class='ocrx_word' id='word_1_712' title='bbox 2544 4124 2731 4198; x_wconf 75' lang='grc' dir='ltr'>φησίν,</span> <span class='ocrx_word' id='word_1_713' title='bbox 2774 4121 2893 4187; x_wconf 86' lang='grc' dir='ltr'>ἀλις</span> <span class='ocrx_word' id='word_1_714' title='bbox 2918 4123 3104 4193; x_wconf 81' lang='grc' dir='ltr'>ἔμοιγε</span> <span class='ocrx_word' id='word_1_715' title='bbox 3150 4123 3258 4177; x_wconf 85' lang='grc' dir='ltr'><strong>τῶν</strong></span> <span class='ocrx_word' id='word_1_716' title='bbox 3280 4121 3634 4183; x_wconf 68' lang='grc' dir='ltr'>ἀτωλαύσεων,</span> <span class='ocrx_word' id='word_1_717' title='bbox 3666 4133 3733 4170; x_wconf 80' lang='grc' dir='ltr'>κε-</span> 
     </span>
    </p>
   </div>
   <div class='ocr_carea' id='block_1_100' title="bbox 2200 4209 3736 4291">
    <p class='ocr_par' dir='ltr' id='par_1_100' title="bbox 2200 4209 3736 4291">
     <span class='ocr_line' id='line_1_100' title="bbox 2200 4209 3736 4291; baseline -0.006 -18"><span class='ocrx_word' id='word_1_718' title='bbox 2200 4220 2468 4291; x_wconf 87' lang='grc' dir='ltr'>κόρεσμαι</span> <span class='ocrx_word' id='word_1_719' title='bbox 2488 4216 2596 4269; x_wconf 86' lang='grc' dir='ltr'>τῶν</span> <span class='ocrx_word' id='word_1_720' title='bbox 2622 4216 2971 4287; x_wconf 83' lang='grc' dir='ltr'>τερπομένων</span> <span class='ocrx_word' id='word_1_721' title='bbox 2993 4218 3091 4286; x_wconf 80' lang='grc' dir='ltr'>τῆς</span> <span class='ocrx_word' id='word_1_722' title='bbox 3115 4213 3355 4286; x_wconf 77' lang='grc' dir='ltr'>ὁράσεως</span> <span class='ocrx_word' id='word_1_723' title='bbox 3376 4255 3391 4280; x_wconf 89' lang='grc'><strong>,</strong></span> <span class='ocrx_word' id='word_1_724' title='bbox 3418 4209 3736 4285; x_wconf 73' lang='grc' dir='ltr'>ἀποχρώντως</span> 
     </span>
    </p>
   </div>
   <div class='ocr_carea' id='block_1_101' title="bbox 2200 4301 3734 4379">
    <p class='ocr_par' dir='ltr' id='par_1_101' title="bbox 2200 4301 3734 4379">
     <span class='ocr_line' id='line_1_101' title="bbox 2200 4301 3734 4379; baseline -0.007 -18"><span class='ocrx_word' id='word_1_725' title='bbox 2200 4309 2294 4363; x_wconf 89' lang='grc' dir='ltr'><strong>τοῦ</strong></span> <span class='ocrx_word' id='word_1_726' title='bbox 2334 4308 2575 4379; x_wconf 80' lang='grc' dir='ltr'>φθαρτοῦ</span> <span class='ocrx_word' id='word_1_727' title='bbox 2606 4307 2813 4377; x_wconf 88' lang='grc' dir='ltr'>κόσμου</span> <span class='ocrx_word' id='word_1_728' title='bbox 2844 4305 3232 4378; x_wconf 87' lang='grc' dir='ltr'>κατετρύφησα</span> <span class='ocrx_word' id='word_1_729' title='bbox 3252 4324 3264 4335; x_wconf 91' lang='grc'><strong>·</strong></span> <span class='ocrx_word' id='word_1_730' title='bbox 3311 4305 3466 4361; x_wconf 78' lang='grc' dir='ltr'>ἀλλον</span> <span class='ocrx_word' id='word_1_731' title='bbox 3502 4304 3613 4379; x_wconf 73' lang='grc' dir='ltr'>ἐμοὶ</span> <span class='ocrx_word' id='word_1_732' title='bbox 3646 4301 3734 4372; x_wconf 82' lang='grc' dir='ltr'>βίον</span> 
     </span>
    </p>
   </div>
   <div class='ocr_carea' id='block_1_102' title="bbox 2204 4394 3733 4473">
    <p class='ocr_par' dir='ltr' id='par_1_102' title="bbox 2204 4394 3733 4473">
     <span class='ocr_line' id='line_1_102' title="bbox 2204 4394 3733 4473; baseline -0.006 -15"><span class='ocrx_word' id='word_1_733' title='bbox 2204 4404 2297 4459; x_wconf 77' lang='grc' dir='ltr'>καὶ</span> <span class='ocrx_word' id='word_1_734' title='bbox 2329 4404 2533 4473; x_wconf 86' lang='grc' dir='ltr'>κόσμον</span> <span class='ocrx_word' id='word_1_735' title='bbox 2558 4441 2573 4467; x_wconf 85' lang='grc'><strong>,</strong></span> <span class='ocrx_word' id='word_1_736' title='bbox 2598 4394 2643 4455; x_wconf 80' lang='grc' dir='ltr'><strong>ὦ</strong></span> <span class='ocrx_word' id='word_1_737' title='bbox 2670 4400 2871 4472; x_wconf 84' lang='grc' dir='ltr'>Χριστὲ</span> <span class='ocrx_word' id='word_1_738' title='bbox 2889 4441 2904 4463; x_wconf 89' lang='grc'><strong>,</strong></span> <span class='ocrx_word' id='word_1_739' title='bbox 2944 4399 3092 4453; x_wconf 90' lang='grc' dir='ltr'>δίδου</span> <span class='ocrx_word' id='word_1_740' title='bbox 3116 4440 3131 4466; x_wconf 88' lang='grc'><strong>,</strong></span> <span class='ocrx_word' id='word_1_741' title='bbox 3169 4399 3235 4452; x_wconf 82' lang='grc' dir='ltr'><strong>δι’</strong></span> <span class='ocrx_word' id='word_1_742' title='bbox 3267 4398 3325 4452; x_wconf 79' lang='grc' dir='ltr'>ὃν</span> <span class='ocrx_word' id='word_1_743' title='bbox 3352 4397 3525 4453; x_wconf 82' lang='grc' dir='ltr'>πονῶν</span> <span class='ocrx_word' id='word_1_744' title='bbox 3550 4395 3633 4449; x_wconf 74' lang='grc' dir='ltr'>καὶ</span> <span class='ocrx_word' id='word_1_745' title='bbox 3658 4411 3733 4449; x_wconf 61' lang='grc' dir='ltr'><strong>καί</strong></span> 
     </span>
    </p>
   </div>
   <div class='ocr_carea' id='block_1_103' title="bbox 2206 4488 3732 4567">
    <p class='ocr_par' dir='ltr' id='par_1_103' title="bbox 2206 4488 3732 4567">
     <span class='ocr_line' id='line_1_103' title="bbox 2206 4488 3732 4567; baseline -0.01 -14"><span class='ocrx_word' id='word_1_746' title='bbox 2206 4496 2457 4553; x_wconf 86' lang='grc' dir='ltr'>κοπαθῶν</span> <span class='ocrx_word' id='word_1_747' title='bbox 2487 4494 2782 4567; x_wconf 81' lang='grc' dir='ltr'>προθύμως</span> <span class='ocrx_word' id='word_1_748' title='bbox 2813 4492 2989 4547; x_wconf 82' lang='grc' dir='ltr'>πάντα</span> <span class='ocrx_word' id='word_1_749' title='bbox 3031 4491 3181 4564; x_wconf 84' lang='grc' dir='ltr'>φέρω</span> <span class='ocrx_word' id='word_1_750' title='bbox 3218 4492 3285 4546; x_wconf 74' lang='grc' dir='ltr'><strong>τὰ</strong></span> <span class='ocrx_word' id='word_1_751' title='bbox 3316 4491 3561 4563; x_wconf 81' lang='grc' dir='ltr'>ἀλγεινὰ,</span> <span class='ocrx_word' id='word_1_752' title='bbox 3590 4488 3732 4545; x_wconf 75' lang='grc' dir='ltr'>πάσας</span> 
     </span>
    </p>
   </div>
   <div class='ocr_carea' id='block_1_104' title="bbox 2205 4582 3731 4659">
    <p class='ocr_par' dir='ltr' id='par_1_104' title="bbox 2205 4582 3731 4659">
     <span class='ocr_line' id='line_1_104' title="bbox 2205 4582 3731 4659; baseline -0.006 -15"><span class='ocrx_word' id='word_1_753' title='bbox 2205 4588 2420 4646; x_wconf 85' lang='grc' dir='ltr'>ἀνατλῶ</span> <span class='ocrx_word' id='word_1_754' title='bbox 2459 4586 2745 4659; x_wconf 78' lang='grc' dir='ltr'>συμφορὰς</span> <span class='ocrx_word' id='word_1_755' title='bbox 2775 4585 3013 4657; x_wconf 73' lang='grc' dir='ltr'>σκληροῦ</span> <span class='ocrx_word' id='word_1_756' title='bbox 3043 4585 3156 4655; x_wconf 82' lang='grc' dir='ltr'>βίου</span> <span class='ocrx_word' id='word_1_757' title='bbox 3181 4626 3197 4649; x_wconf 92' lang='grc'><strong>,</strong></span> <span class='ocrx_word' id='word_1_758' title='bbox 3230 4585 3365 4654; x_wconf 80' lang='grc' dir='ltr'>πρὸς</span> <span class='ocrx_word' id='word_1_759' title='bbox 3391 4585 3480 4638; x_wconf 87' lang='grc' dir='ltr'>τὸν</span> <span class='ocrx_word' id='word_1_760' title='bbox 3504 4582 3731 4652; x_wconf 74' lang='grc' dir='ltr'>ἄφθαρτον</span> 
     </span>
    </p>
   </div>
   <div class='ocr_carea' id='block_1_105' title="bbox 2205 4668 3727 4750">
    <p class='ocr_par' dir='ltr' id='par_1_105' title="bbox 2205 4668 3727 4750">
     <span class='ocr_line' id='line_1_105' title="bbox 2205 4668 3727 4750; baseline -0.009 -14"><span class='ocrx_word' id='word_1_761' title='bbox 2205 4683 2302 4736; x_wconf 72' lang='grc' dir='ltr'><strong>καὶ</strong></span> <span class='ocrx_word' id='word_1_762' title='bbox 2338 4682 2542 4737; x_wconf 82' lang='grc' dir='ltr'>ἄλυπον</span> <span class='ocrx_word' id='word_1_763' title='bbox 2579 4676 2825 4750; x_wconf 79' lang='grc' dir='ltr'>ἀφορῶν·</span> <span class='ocrx_word' id='word_1_764' title='bbox 2861 4678 2976 4731; x_wconf 78' lang='grc' dir='ltr'>αἴθε</span> <span class='ocrx_word' id='word_1_765' title='bbox 3004 4677 3112 4748; x_wconf 78' lang='grc' dir='ltr'>γάρ</span> <span class='ocrx_word' id='word_1_766' title='bbox 3150 4695 3237 4748; x_wconf 85' lang='grc' dir='ltr'><strong>μοι</strong></span> <span class='ocrx_word' id='word_1_767' title='bbox 3276 4679 3367 4730; x_wconf 77' lang='grc' dir='ltr'>καὶ</span> <span class='ocrx_word' id='word_1_768' title='bbox 3396 4676 3569 4729; x_wconf 88' lang='grc' dir='ltr'>θανεῖν</span> <span class='ocrx_word' id='word_1_769' title='bbox 3587 4668 3727 4740; x_wconf 69' lang='grc' dir='ltr'>ἐξεγέ-</span> 
     </span>
    </p>
   </div>
   <div class='ocr_carea' id='block_1_106' title="bbox 2204 4761 3729 4843">
    <p class='ocr_par' dir='ltr' id='par_1_106' title="bbox 2204 4761 3729 4843">
     <span class='ocr_line' id='line_1_106' title="bbox 2204 4761 3729 4843; baseline -0.01 -16"><span class='ocrx_word' id='word_1_770' title='bbox 2204 4790 2323 4827; x_wconf 88' lang='grc' dir='ltr'>νετο</span> <span class='ocrx_word' id='word_1_771' title='bbox 2349 4812 2362 4835; x_wconf 91' lang='grc'><strong>,</strong></span> <span class='ocrx_word' id='word_1_772' title='bbox 2416 4770 2581 4843; x_wconf 82' lang='grc' dir='ltr'>ἡνίκα</span> <span class='ocrx_word' id='word_1_773' title='bbox 2616 4768 2886 4841; x_wconf 84' lang='grc' dir='ltr'>μητρῲοις</span> <span class='ocrx_word' id='word_1_774' title='bbox 2926 4766 3227 4839; x_wconf 79' lang='grc' dir='ltr'>ὲνεδέσμεις</span> <span class='ocrx_word' id='word_1_775' title='bbox 3278 4767 3624 4836; x_wconf 79' lang='grc' dir='ltr'>σπλάγχνοις·</span> <span class='ocrx_word' id='word_1_776' title='bbox 3666 4761 3729 4813; x_wconf 60' lang='grc' dir='ltr'><strong>καὶ</strong></span> 
     </span>
    </p>
   </div>
   <div class='ocr_carea' id='block_1_107' title="bbox 2204 4851 3731 4936">
    <p class='ocr_par' dir='ltr' id='par_1_107' title="bbox 2204 4851 3731 4936">
     <span class='ocr_line' id='line_1_107' title="bbox 2204 4851 3731 4936; baseline -0.009 -19"><span class='ocrx_word' id='word_1_777' title='bbox 2204 4865 2316 4936; x_wconf 85' lang='grc' dir='ltr'><strong>γὰρ</strong></span> <span class='ocrx_word' id='word_1_778' title='bbox 2343 4862 2503 4926; x_wconf 77' lang='grc' dir='ltr'>εὐθὺς</span> <span class='ocrx_word' id='word_1_779' title='bbox 2556 4861 2868 4932; x_wconf 83' lang='grc' dir='ltr'>γεννηθέντι</span> <span class='ocrx_word' id='word_1_780' title='bbox 2920 4860 3108 4933; x_wconf 81' lang='grc' dir='ltr'>ὥσπερ</span> <span class='ocrx_word' id='word_1_781' title='bbox 3157 4860 3345 4915; x_wconf 87' lang='grc' dir='ltr'>σκοτία</span> <span class='ocrx_word' id='word_1_782' title='bbox 3385 4859 3479 4915; x_wconf 71' lang='grc' dir='ltr'>καὶ</span> <span class='ocrx_word' id='word_1_783' title='bbox 3505 4856 3661 4926; x_wconf 74' lang='grc' dir='ltr'>θλίψις</span> <span class='ocrx_word' id='word_1_784' title='bbox 3691 4851 3731 4904; x_wconf 65' lang='grc' dir='ltr'>τὸ</span> 
     </span>
    </p>
   </div>
   <div class='ocr_carea' id='block_1_108' title="bbox 2205 4952 2847 5028">
    <p class='ocr_par' dir='ltr' id='par_1_108' title="bbox 2205 4952 2847 5028">
     <span class='ocr_line' id='line_1_108' title="bbox 2205 4952 2847 5028; baseline -0.009 -17"><span class='ocrx_word' id='word_1_785' title='bbox 2205 4958 2441 5028; x_wconf 80' lang='grc' dir='ltr'>δάκρυον</span> <span class='ocrx_word' id='word_1_786' title='bbox 2470 4952 2847 5025; x_wconf 74' lang='grc' dir='ltr'>ἐπηκολούθει.</span> 
     </span>
    </p>
   </div>
   <div class='ocr_carea' id='block_1_109' title="bbox 2210 5046 2908 5114">
    <p class='ocr_par' dir='ltr' id='par_1_109' title="bbox 2210 5046 2908 5114">
     <span class='ocr_line' id='line_1_109' title="bbox 2210 5046 2908 5114; baseline -0.006 -11"><span class='ocrx_word' id='word_1_787' title='bbox 2210 5050 2311 5105; x_wconf 73' lang='grc'><strong>155</strong></span> <span class='ocrx_word' id='word_1_788' title='bbox 2348 5047 2447 5114; x_wconf 76' lang='grc' dir='ltr'><strong>Τις</strong></span> <span class='ocrx_word' id='word_1_789' title='bbox 2466 5048 2647 5112; x_wconf 80' lang='grc' dir='ltr'>βίος;</span> <span class='ocrx_word' id='word_1_790' title='bbox 2692 5064 2745 5099; x_wconf 91' lang='grc' dir='ltr'>κ.</span> <span class='ocrx_word' id='word_1_791' title='bbox 2780 5062 2831 5099; x_wconf 87' lang='grc' dir='ltr'>τ.</span> <span class='ocrx_word' id='word_1_792' title='bbox 2856 5046 2908 5099; x_wconf 88' lang='grc' dir='ltr'>λ.</span> 
     </span>
    </p>
   </div>
   <div class='ocr_carea' id='block_1_110' title="bbox 2278 5127 3731 5208">
    <p class='ocr_par' dir='ltr' id='par_1_110' title="bbox 2278 5127 3731 5208">
     <span class='ocr_line' id='line_1_110' title="bbox 2278 5127 3731 5208; baseline -0.018 -3"><span class='ocrx_word' id='word_1_793' title='bbox 2278 5140 2374 5203; x_wconf 84' lang='grc' dir='ltr'><strong>Τίς</strong></span> <span class='ocrx_word' id='word_1_794' title='bbox 2416 5141 2445 5193; x_wconf 75' lang='grc' dir='ltr'><strong>ὁ</strong></span> <span class='ocrx_word' id='word_1_795' title='bbox 2482 5138 2593 5208; x_wconf 82' lang='grc' dir='ltr'>βίος</span> <span class='ocrx_word' id='word_1_796' title='bbox 2622 5155 2636 5202; x_wconf 79' lang='grc' dir='ltr'>ς</span> <span class='ocrx_word' id='word_1_797' title='bbox 2669 5138 2722 5190; x_wconf 78' lang='grc' dir='ltr'>τί</span> <span class='ocrx_word' id='word_1_798' title='bbox 2769 5137 2824 5189; x_wconf 67' lang='grc' dir='ltr'><strong>δὲ</strong></span> <span class='ocrx_word' id='word_1_799' title='bbox 2857 5136 2919 5188; x_wconf 74' lang='grc' dir='ltr'>τὸ</span> <span class='ocrx_word' id='word_1_800' title='bbox 2952 5135 3140 5188; x_wconf 74' lang='grc' dir='ltr'>τούτου</span> <span class='ocrx_word' id='word_1_801' title='bbox 3165 5176 3179 5197; x_wconf 86' lang='grc'><strong>.</strong></span> <span class='ocrx_word' id='word_1_802' title='bbox 3213 5135 3343 5207; x_wconf 75' lang='grc' dir='ltr'>φησὶ</span> <span class='ocrx_word' id='word_1_803' title='bbox 3364 5175 3377 5198; x_wconf 92' lang='grc'><strong>,</strong></span> <span class='ocrx_word' id='word_1_804' title='bbox 3417 5131 3643 5187; x_wconf 81' lang='grc' dir='ltr'>ποθεινὸν</span> <span class='ocrx_word' id='word_1_805' title='bbox 3666 5127 3731 5179; x_wconf 64' lang='grc' dir='ltr'>καὶ</span> 
     </span>
    </p>
   </div>
   <div class='ocr_carea' id='block_1_111' title="bbox 2206 5218 3733 5304">
    <p class='ocr_par' dir='ltr' id='par_1_111' title="bbox 2206 5218 3733 5304">
     <span class='ocr_line' id='line_1_111' title="bbox 2206 5218 3733 5304; baseline -0.008 -19"><span class='ocrx_word' id='word_1_806' title='bbox 2206 5231 2471 5304; x_wconf 72' lang='grc' dir='ltr'>ἑραστόνς</span> <span class='ocrx_word' id='word_1_807' title='bbox 2527 5230 2639 5301; x_wconf 85' lang='grc' dir='ltr'><strong>Ούχ</strong></span> <span class='ocrx_word' id='word_1_808' title='bbox 2668 5229 2855 5301; x_wconf 81' lang='grc' dir='ltr'>ὥσπερ</span> <span class='ocrx_word' id='word_1_809' title='bbox 2899 5229 2964 5281; x_wconf 78' lang='grc' dir='ltr'>ἐκ</span> <span class='ocrx_word' id='word_1_810' title='bbox 2993 5228 3164 5297; x_wconf 80' lang='grc' dir='ltr'>τάφου</span> <span class='ocrx_word' id='word_1_811' title='bbox 3214 5228 3311 5297; x_wconf 75' lang='grc' dir='ltr'>τῆς</span> <span class='ocrx_word' id='word_1_812' title='bbox 3345 5226 3593 5299; x_wconf 81' lang='grc' dir='ltr'>μητρῴας</span> <span class='ocrx_word' id='word_1_813' title='bbox 3613 5218 3733 5287; x_wconf 77' lang='grc' dir='ltr'>ἐξιὼν</span> 
     </span>
    </p>
   </div>
   <div class='ocr_carea' id='block_1_112' title="bbox 2207 5313 3733 5394">
    <p class='ocr_par' dir='ltr' id='par_1_112' title="bbox 2207 5313 3733 5394">
     <span class='ocr_line' id='line_1_112' title="bbox 2207 5313 3733 5394; baseline -0.023 0"><span class='ocrx_word' id='word_1_814' title='bbox 2207 5322 2441 5394; x_wconf 78' lang='grc' dir='ltr'>γαστρὸς</span> <span class='ocrx_word' id='word_1_815' title='bbox 2480 5322 2565 5391; x_wconf 77' lang='grc' dir='ltr'><strong>ἐφ’</strong></span> <span class='ocrx_word' id='word_1_816' title='bbox 2598 5322 2783 5393; x_wconf 79' lang='grc' dir='ltr'>ἓτερον</span> <span class='ocrx_word' id='word_1_817' title='bbox 2812 5322 2979 5389; x_wconf 82' lang='grc' dir='ltr'>τάφον</span> <span class='ocrx_word' id='word_1_818' title='bbox 3012 5319 3179 5372; x_wconf 81' lang='grc' dir='ltr'>ὁδεύω</span> <span class='ocrx_word' id='word_1_819' title='bbox 3200 5319 3288 5372; x_wconf 77' lang='grc' dir='ltr'><strong>τὸν</strong></span> <span class='ocrx_word' id='word_1_820' title='bbox 3326 5319 3462 5391; x_wconf 76' lang='grc' dir='ltr'>μετὰ</span> <span class='ocrx_word' id='word_1_821' title='bbox 3488 5319 3576 5389; x_wconf 71' lang='grc' dir='ltr'>τὴν</span> <span class='ocrx_word' id='word_1_822' title='bbox 3590 5313 3733 5367; x_wconf 66' lang='grc' dir='ltr'>τελευο</span> 
     </span>
    </p>
   </div>
   <div class='ocr_carea' id='block_1_113' title="bbox 2205 5402 3734 5487">
    <p class='ocr_par' dir='ltr' id='par_1_113' title="bbox 2205 5402 3734 5487">
     <span class='ocr_line' id='line_1_113' title="bbox 2205 5402 3734 5487; baseline -0.009 -19"><span class='ocrx_word' id='word_1_823' title='bbox 2205 5416 2306 5487; x_wconf 86' lang='grc' dir='ltr'>τήν</span> <span class='ocrx_word' id='word_1_824' title='bbox 2332 5431 2345 5479; x_wconf 91' lang='lat'><strong>;</strong></span> <span class='ocrx_word' id='word_1_825' title='bbox 2382 5416 2446 5468; x_wconf 79' lang='grc' dir='ltr'>ὲκ</span> <span class='ocrx_word' id='word_1_826' title='bbox 2474 5413 2565 5466; x_wconf 88' lang='grc' dir='ltr'><strong>τοῦ</strong></span> <span class='ocrx_word' id='word_1_827' title='bbox 2599 5411 2850 5483; x_wconf 85' lang='grc' dir='ltr'>δευτέρου</span> <span class='ocrx_word' id='word_1_828' title='bbox 2878 5412 2936 5463; x_wconf 85' lang='grc' dir='ltr'>δὲ</span> <span class='ocrx_word' id='word_1_829' title='bbox 2966 5410 3153 5464; x_wconf 91' lang='grc' dir='ltr'>τούτου</span> <span class='ocrx_word' id='word_1_830' title='bbox 3191 5406 3277 5481; x_wconf 81' lang='grc' dir='ltr'><strong>ἆρ’</strong></span> <span class='ocrx_word' id='word_1_831' title='bbox 3320 5411 3419 5463; x_wconf 83' lang='grc' dir='ltr'><strong>ούκ</strong></span> <span class='ocrx_word' id='word_1_832' title='bbox 3449 5413 3503 5463; x_wconf 84' lang='grc' dir='ltr'>ὲν</span> <span class='ocrx_word' id='word_1_833' title='bbox 3528 5407 3597 5477; x_wconf 81' lang='grc' dir='ltr'>τῷ</span> <span class='ocrx_word' id='word_1_834' title='bbox 3632 5402 3734 5471; x_wconf 58' lang='lat' dir='ltr'><strong>mp‘.</strong></span> 
     </span>
    </p>
   </div>
   <div class='ocr_carea' id='block_1_114' title="bbox 2209 5496 3735 5575">
    <p class='ocr_par' dir='ltr' id='par_1_114' title="bbox 2209 5496 3735 5575">
     <span class='ocr_line' id='line_1_114' title="bbox 2209 5496 3735 5575; baseline -0.008 -16"><span class='ocrx_word' id='word_1_835' title='bbox 2209 5506 2522 5575; x_wconf 81' lang='grc' dir='ltr'>ταφήσομαι</span> <span class='ocrx_word' id='word_1_836' title='bbox 2556 5504 2715 5558; x_wconf 83' lang='grc' dir='ltr'>πάλιν</span> <span class='ocrx_word' id='word_1_837' title='bbox 2766 5501 3171 5572; x_wconf 83' lang='grc' dir='ltr'>ἀνελεημόνως,</span> <span class='ocrx_word' id='word_1_838' title='bbox 3221 5500 3376 5565; x_wconf 87' lang='grc' dir='ltr'>δίκας</span> <span class='ocrx_word' id='word_1_839' title='bbox 3415 5505 3511 5573; x_wconf 68' lang='grc' dir='ltr'>τῆς</span> <span class='ocrx_word' id='word_1_840' title='bbox 3546 5496 3735 5552; x_wconf 63' lang='grc' dir='ltr'>ἐνταῦθα</span> 
     </span>
    </p>
   </div>
   <div class='ocr_carea' id='block_1_115' title="bbox 2208 5586 3732 5663">
    <p class='ocr_par' dir='ltr' id='par_1_115' title="bbox 2208 5586 3732 5663">
     <span class='ocr_line' id='line_1_115' title="bbox 2208 5586 3732 5663; baseline -0.007 -13"><span class='ocrx_word' id='word_1_841' title='bbox 2208 5596 2463 5660; x_wconf 74' lang='grc' dir='ltr'>ἀσεϐείας</span> <span class='ocrx_word' id='word_1_842' title='bbox 2497 5595 2818 5663; x_wconf 85' lang='grc' dir='ltr'>ἀποτιννύς;</span> <span class='ocrx_word' id='word_1_843' title='bbox 2850 5595 2982 5648; x_wconf 76' lang='grc' dir='ltr'>αὐτὸ</span> <span class='ocrx_word' id='word_1_844' title='bbox 3010 5595 3054 5647; x_wconf 75' lang='grc' dir='ltr'>δ’</span> <span class='ocrx_word' id='word_1_845' title='bbox 3084 5596 3206 5647; x_wconf 83' lang='grc' dir='ltr'>ὅσον</span> <span class='ocrx_word' id='word_1_846' title='bbox 3232 5593 3567 5647; x_wconf 79' lang='grc' dir='ltr'>διαειώσκειν</span> <span class='ocrx_word' id='word_1_847' title='bbox 3592 5594 3640 5644; x_wconf 79' lang='grc' dir='ltr'>ἐν</span> <span class='ocrx_word' id='word_1_848' title='bbox 3662 5586 3732 5639; x_wconf 79' lang='grc' dir='ltr'>εύ-</span> 
     </span>
    </p>
   </div>
   <div class='ocr_carea' id='block_1_116' title="bbox 2210 5682 3731 5761">
    <p class='ocr_par' dir='ltr' id='par_1_116' title="bbox 2210 5682 3731 5761">
     <span class='ocr_line' id='line_1_116' title="bbox 2210 5682 3731 5761; baseline -0.005 -19"><span class='ocrx_word' id='word_1_849' title='bbox 2210 5689 2409 5761; x_wconf 78' lang='grc' dir='ltr'>παθείᾳ</span> <span class='ocrx_word' id='word_1_850' title='bbox 2439 5707 2528 5759; x_wconf 88' lang='grc' dir='ltr'><strong>μοι</strong></span> <span class='ocrx_word' id='word_1_851' title='bbox 2559 5689 2721 5750; x_wconf 81' lang='grc' dir='ltr'>δοκῶ,</span> <span class='ocrx_word' id='word_1_852' title='bbox 2756 5689 2879 5741; x_wconf 81' lang='grc' dir='ltr'>ὅσον</span> <span class='ocrx_word' id='word_1_853' title='bbox 2903 5687 3151 5741; x_wconf 71' lang='grc' dir='ltr'>ἐνταυθοῖ</span> <span class='ocrx_word' id='word_1_854' title='bbox 3181 5688 3554 5759; x_wconf 79' lang='grc' dir='ltr'>κατατρυφᾷν,</span> <span class='ocrx_word' id='word_1_855' title='bbox 3578 5682 3631 5735; x_wconf 73' lang='grc' dir='ltr'>οὐ</span> <span class='ocrx_word' id='word_1_856' title='bbox 3659 5694 3731 5729; x_wconf 73' lang='grc' dir='ltr'><strong>πο·</strong></span> 
     </span>
    </p>
   </div>
   <div class='ocr_carea' id='block_1_117' title="bbox 2210 5767 3728 5853">
    <p class='ocr_par' dir='ltr' id='par_1_117' title="bbox 2210 5767 3728 5853">
     <span class='ocr_line' id='line_1_117' title="bbox 2210 5767 3728 5853; baseline -0.008 -17"><span class='ocrx_word' id='word_1_857' title='bbox 2210 5782 2385 5853; x_wconf 86' lang='grc' dir='ltr'>ταμοῦ</span> <span class='ocrx_word' id='word_1_858' title='bbox 2420 5782 2651 5853; x_wconf 78' lang='grc' dir='ltr'>ῥεύματι</span> <span class='ocrx_word' id='word_1_859' title='bbox 2696 5780 2929 5847; x_wconf 76' lang='grc' dir='ltr'>ὀξύτατα</span> <span class='ocrx_word' id='word_1_860' title='bbox 2974 5779 3185 5851; x_wconf 72' lang='grc' dir='ltr'>ῥέοντος</span> <span class='ocrx_word' id='word_1_861' title='bbox 3228 5780 3418 5850; x_wconf 67' lang='grc' dir='ltr'>κομιδῇ</span> <span class='ocrx_word' id='word_1_862' title='bbox 3453 5767 3728 5850; x_wconf 72' lang='grc' dir='ltr'>παρομοιοῦ·</span> 
     </span>
    </p>
   </div>
   <div class='ocr_carea' id='block_1_118' title="bbox 2287 5882 3269 5967">
    <p class='ocr_par' dir='ltr' id='par_1_118' title="bbox 2287 5882 3269 5967">
     <span class='ocr_line' id='line_1_118' title="bbox 2287 5882 3269 5967; baseline -0.007 -20"><span class='ocrx_word' id='word_1_863' title='bbox 2287 5892 2397 5967; x_wconf 75' lang='grc'><strong>(63)</strong></span> <span class='ocrx_word' id='word_1_864' title='bbox 2420 5891 2554 5951; x_wconf 84' lang='lat' dir='ltr'><strong>Cod.</strong></span> <span class='ocrx_word' id='word_1_865' title='bbox 2589 5891 2691 5948; x_wconf 90' lang='lat' dir='ltr'><strong>hoc</strong></span> <span class='ocrx_word' id='word_1_866' title='bbox 2724 5891 2841 5945; x_wconf 90' lang='lat' dir='ltr'><strong>loco</strong></span> <span class='ocrx_word' id='word_1_867' title='bbox 2867 5889 3067 5943; x_wconf 73' lang='grc' dir='ltr'>τούτων</span> <span class='ocrx_word' id='word_1_868' title='bbox 3096 5882 3269 5959; x_wconf 61' lang='grc' dir='ltr'>κόρος.</span> 
     </span>
    </p>
   </div>
  </div>
