3814 6558
84 425 200 483 ’157

80 563 180 600 ται
202 588 218 610 ,
252 546 498 618 ποταμοῦ
539 545 752 610 ἀενάως
778 548 1062 618 τρέχοντος
1092 550 1187 602 καὶ
1223 550 1312 602 ἀεὶ
1334 551 1399 603 ἐκ
1422 549 1528 603 τῶν
1562 548 1683 603 ὄπι-

85 638 223 689 σθεν
273 636 742 707 ίόντος,διηνεκῶς
791 642 1118 709 κινουμένου
1145 641 1240 694 καλ⁸
1272 641 1427 695 οὐδὲν
1465 641 1683 713 ἔχοντος

82 725 268 791 ἑστὼς
290 767 307 792 ,
334 728 484 784 οὐδὲν
510 730 674 799 μέρος
701 731 866 784 αὐτοῦ
896 733 1092 802 πάγιον
1122 733 1526 798 ἐπιδεικνύντος
1546 751 1558 764 ’
1593 734 1684 788 v.6-

82 837 172 884 νις
206 819 329 885 ὅλος
362 821 696 892 καθέστηκεν
724 824 753 876 ό
781 822 926 892 βίος,
969 827 1082 888 τοῖς
1113 827 1268 896 ἐμοῖς
1307 825 1551 896 ὄμμασιν
1585 828 1684 896 ἐμ-

81 914 373 974 πίπτουσα
403 915 496 967 καὶ
519 915 710 968 σκότον
734 915 1082 986 ἐμϐάλλουσα
1108 917 1185 986 τῷ
1216 917 1313 988 νῷ,
1346 917 1422 981 ὡς
1455 917 1520 972 ἂν
1549 919 1685 990 πόρ-

85 1007 174 1076 ρω
195 1005 334 1060 Θεοῦ
365 1005 474 1059 τῶν
500 1007 800 1078 φωτισμῶν
825 1007 1096 1072 ἐκπεσὼν,
1123 1010 1217 1062 καὶ
1238 1009 1456 1077 τυφλῶν
1479 1009 1683 1080 τρόπον

79 1100 222 1164 τοὺς
247 1100 462 1170 τοίχους
487 1099 774 1171 ψηλαφῶν,
808 1103 902 1156 καὶ
927 1095 1029 1156 ὧδε
1064 1103 1227 1156 κάκεῖ
1261 1106 1373 1166 τοῖς
1402 1101 1684 1176 λογισμοῖς

79 1189 580 1262 περιπλανώμενος
635 1191 739 1264 τῆς
789 1193 1034 1265 μεγάλης
1068 1193 1127 1247 ἐν
1174 1192 1396 1265 Χριστῷ
1425 1193 1684 1266 ἀποτύχω

79 1280 261 1352 ζωῆς.

89 1372 391 1443 Τολμήσω
418 1374 551 1430 τινὰ
576 1374 800 1443 μῦθον,
827 1394 881 1432 κ.
913 1394 964 1432 τ.
995 1375 1072 1444 ἐξ.

163 1468 448 1541 Τολμηρόν
472 1487 593 1523 τινα
621 1470 778 1540 λόγον
803 1471 987 1532 ἔπεισί
1025 1491 1114 1544 μοι
1147 1474 1395 1538 διειπεῖν,
1430 1473 1684 1546 ἀληθινὸν
1766 1510 1770 1516 ι

76 1557 136 1610 δ’
179 1554 275 1612 οὖν
318 1559 468 1638 ὅμως
496 1599 512 1625 ,
550 1559 618 1614 δι’
652 1561 682 1614 δ
705 1561 800 1616 καὶ
830 1562 1112 1636 τολμήσας
1151 1565 1566 1637 ἀποφαίνομαι,
1607 1567 1684 1632 ὡς

77 1649 229 1704 Θεοῦ
269 1651 521 1722 παίγνιον
551 1652 666 1722 (64)
712 1653 741 1707 ὁ
787 1654 1111 1726 ἄνθρωπος,
1162 1657 1255 1710 καὶ
1298 1657 1538 1711 τοιοῦτον
1571 1655 1684 1712 οἷον

72 1743 204 1804 τοῖς
236 1743 404 1797 πάλαι
437 1743 580 1804 κατὰ
611 1743 797 1809 πόλεις
827 1746 982 1810 τινὰς
1029 1748 1443 1820 ἐπιτετήδευτο·
1509 1767 1683 1822 προσ-

79 1837 273 1886 ωπεῖα
291 1833 400 1907 γὰρ
424 1834 874 1902 διασκευάζοντες
901 1837 1194 1898 πλουσίων.
1221 1842 1490 1912 πενήτων,
1526 1841 1682 1912 βασι-

73 1923 228 1978 λέων
266 1927 362 1980 καὶ
410 1927 732 1998 στρατηγῶν
762 1968 776 1992 ,
807 1929 988 1999 σοφῶν
1034 1931 1128 1984 καὶ
1161 1931 1385 1985 ἰδιωτῶν
1408 1973 1423 1996 ,
1475 1933 1684 2005 ἀνδρῶν

72 2016 292 2082 ὁμοίως
320 2019 416 2071 κα.)⁵
441 2017 738 2087 γυναικῶν,
773 2021 870 2074 καὶ
899 2022 956 2074 ἐν
988 2020 1243 2094 θεάτροις
1273 2025 1562 2094 παριόντες
1589 2026 1684 2079 καὶ

73 2109 145 2160 ἐν
183 2113 444 2180 σκηναῖς,
489 2110 664 2165 ταῦτα
703 2114 752 2166 oi
781 2113 1291 2186 προμελετήσαντες
1329 2116 1683 2188 περιτιθέμε-

75 2217 189 2263 νοι,
229 2202 324 2254 καὶ
353 2201 452 2271 τὴν
483 2203 606 2254 κατ’
631 2203 832 2268 αὐτοὺς
856 2204 1001 2258 καθὰ
1034 2208 1458 2279 προησκήσαντο
1485 2209 1683 2280 πρᾶξιν

73 2290 424 2363 ἐπίπροσθεν
453 2293 674 2348 πάντων
709 2295 1133 2369 ὑποκριθέντες,
1187 2301 1280 2354 καὶ
1318 2301 1563 2373 ἀκριϐῶς
1607 2303 1684 2367 ὼς

72 2381 198 2438 οτόν
243 2402 307 2438 τε
339 2387 483 2441 κατὰ
513 2387 615 2460 τὴν
657 2388 766 2445 τῶν
808 2391 1058 2445 παλαιῶν
1096 2393 1341 2466 ἱστορίαν
1383 2393 1474 2448 διὰ
1507 2396 1684 2466 μιμή-

78 2496 229 2543 σεως
273 2478 373 2550 τὴν
403 2480 851 2553 δραματουργίαν
894 2481 1262 2554 ἀποχρώντως
1292 2485 1680 2557 ἑνδειξάμενοι,

75 2571 232 2625 οὕτω
287 2571 391 2642 τῆς
424 2573 625 2645 σκευῆς
659 2574 753 2627 ἀπ’
789 2573 970 2628 αὐτῶν
1005 2574 1267 2648 ἀρθείσης
1296 2617 1309 2640 ,
1364 2577 1515 2640 ὅστις
1562 2579 1683 2630 ποτ’

76 2661 149 2736 ἦν
205 2664 392 2720 αύτῶν
449 2665 682 2731 ἕκαστος
751 2667 1121 2737 ἀναφανέντες
1177 2670 1358 2723 οἴκαδε
1417 2669 1680 2741 ἐχώρουν.

91 2757 379 2822 Ὡσαύτως
412 2758 592 2813 τοίνυν
631 2760 736 2814 κάν
765 2759 846 2830 τῷ
885 2760 985 2832 βίῳ
1016 2761 1175 2825 ἄλλος
1220 2761 1350 2816 ἄλλο
1400 2779 1453 2815 τι
1487 2763 1683 2834 ἐπιτή-

73 2852 289 2922 δευμα,
321 2851 457 2924 πρὸς
493 2850 522 2904 ὃ
552 2852 770 2922 εὐφυῶς
801 2852 1040 2924 ἔχουσιν,
1083 2853 1435 2926 ἀσκούμενοι,
1475 2855 1568 2908 καὶ
1608 2855 1684 2918 ὡς

79 2947 144 2998 ἐν
186 2947 367 3016 σκηνῇ
417 2946 514 3000 καὶ
557 2944 773 3018 Θεάτρῳ
811 2946 910 3016 τὴν
943 2948 1066 3000 κατ’
1113 2947 1310 3010 αὐτοὺς
1342 2945 1542 3019 πρᾶξιν
1581 2947 1685 3017 τῆς

73 3038 293 3111 ἀρετῆς
324 3038 356 3111 ἢ
393 3038 591 3104 κακίας
615 3038 706 3093 διὰ
737 3039 1026 3110 μιμήσεως
1061 3037 1461 3109 ἐπιδειξάμενοι
1486 3081 1501 3104 ,
1531 3041 1690 3093 ἐπει·-

72 3125 180 3184 δῗῦ
206 3133 272 3186 τὸ
315 3132 504 3204 σχῆμα
549 3131 764 3197 τούτοις
797 3132 892 3186 τοῦ
930 3134 1136 3204 κόσμου
1176 3133 1255 3204 τῷ
1309 3132 1528 3204 Θανάτῳ
1585 3150 1684 3186 πε-

75 3223 342 3299 ριαιρεθῇ
365 3264 380 3289 ,
410 3223 674 3297 ἐξαπίνης
699 3225 877 3278 ὁποῖοι
905 3223 1049 3278 κατά
1083 3225 1243 3294 φύσιν
1277 3224 1415 3278 εἰσὶν
1441 3222 1683 3287 ἅπαντες

70 3316 457 3392 ἀναφανέντες
485 3357 502 3382 ,
543 3315 686 3371 οὕτω
717 3317 918 3395 γυμνοὶ
953 3317 1135 3388 πάσης
1184 3315 1536 3390 ἐπικρύψεως
1592 3315 1682 3369 ὲν-

69 3411 282 3465 τεῦθεν
314 3411 731 3488 ἀποχωροῦντες
774 3409 1003 3464 ἀπίασιν
1045 3411 1181 3465 ἐκεῖ.
1215 3409 1471 3474 Τοιοῦτος
1510 3411 1539 3463 ό
1570 3408 1684 3480 βίος

69 3502 192 3556 τῶν
223 3499 593 3572 ταλαιπώρων
635 3500 842 3572 βροτῶν
861 3517 873 3531 ’
905 3501 1000 3555 καὶ
1029 3494 1110 3565 οἷς
1140 3502 1174 3572 ἡ
1203 3500 1297 3554 τοῦ
1332 3499 1564 3571 ματαίου
1590 3499 1684 3553 καὶ

71 3593 414 3666 ὁνειρώδους
433 3593 643 3665 κόσμου
670 3592 826 3647 τοῦδε
857 3593 1011 3657 ἐλπὶς
1040 3593 1246 3668 ἐραστὴ
1273 3593 1368 3646 καὶ
1391 3591 1688 3666 περισπού-

69 3685 287 3748 δαστος
314 3723 330 3748 ,
379 3683 506 3748 τούς
536 3700 596 3737 τε
628 3683 1001 3753 καλουμένους
1049 3681 1343 3745 πλούτους,
1376 3680 1572 3750 ἡδονάς
1622 3695 1684 3732 τε

72 3777 181 3829 καὶ
206 3774 425 3847 τρυφὰς
453 3774 547 3829 καὶ
569 3772 727 3841 δόξας
749 3773 837 3826 ἐπ’
865 3771 1044 3841 ὀλίγον
1070 3771 1162 3825 τὸν
1181 3771 1283 3842 τῆς
1314 3769 1460 3840 ζωῆς
1491 3769 1685 3841 χρόνον

73 3868 550 3940 κατατρυφῶντες
577 3867 687 3937 (65)
719 3865 1064 3929 παιζέτωσαν
1089 3865 1182 3917 καὶ
1205 3861 1611 3929 παιζέσοωσαν.

74 3963 102 4022 1
123 3961 193 4014 Π
223 3957 428 4028 Αὐτὰρ
463 3957 580 4030 ἐγὼ
607 3955 884 4026 Χριστοῖο
917 3954 1343 4030 δεδραγμένος,
1374 3961 1481 4008 etc.

157 4055 227 4110 Οἱ
266 4053 367 4134 μὲν
395 4034 464 4106 τά
497 4051 717 4131 ἐπίγεια
766 4047 1093 4120 φρονοῦντες
1115 4087 1130 4110 ,
1171 4047 1267 4100 καὶ
1298 4044 1408 4098 τῶν
1453 4043 1686 4114 ῥεόντων

72 4147 265 4220 ἀπρὶξ
296 4145 755 4216 ἀντιποιούμενοι,
779 4142 870 4196 τὸν
897 4140 1190 4213 εἰρημένον
1214 4139 1416 4210 τρόπον
1436 4136 1534 4208 τὴν
1562 4134 1686 4190 κατ’

71 4242 295 4307 aitait;
331 4237 756 4311 πορευέσθωσαν
791 4234 910 4288 ὀδόν
935 4250 951 4271 ι
979 4230 1090 4301 ἐγὼ
1127 4231 1214 4295 δὲ,
1265 4231 1298 4301 ή
1331 4227 1688 4301 χριστοφόρος

72 4333 239 4404 ψυχὴ
273 4330 462 4404 λέγει,
496 4326 736 4401 Χριστοῦ
783 4327 884 4398 τῆς
917 4325 1140 4396 ἀγάπης
1174 4320 1688 4394 καταδεδραγμένος

72 4403 290 4479 οὔποτε
342 4403 491 4493 λήξω
521 4404 721 4493 δεσμὸν
770 4420 863 4473 ἐπὶ
915 4416 1102 4490 δεσμῷ
1138 4415 1453 4488 προστιθεὶς
1475 4455 1490 4478 ,
1523 4413 1684 4483 ἄχρις

74 4518 154 4575 ἂν
188 4514 290 4570 τοῦ
321 4513 578 4585 σαρκίνου
600 4511 756 4573 τοῦδε
789 4511 902 4582 βίου
937 4509 1199 4580 λυόμενός
1227 4548 1242 4572 ,
1289 4505 1368 4577 τῷ
1406 4505 1517 4559 τῶν
1560 4504 1687 4576 ὀρε-

74 4609 245 4673 κτῶν,
281 4606 566 4687 ἀκροτάτῳ
603 4604 808 4668 τελέως
830 4601 1136 4675 πρρσδεθῶ.
1168 4600 1282 4654 Καὶ
1327 4599 1434 4671 γὰρ
1461 4594 1687 4660 διπλοῦς

74 4704 167 4768 ὢν
206 4701 310 4774 τὴν
332 4698 512 4771 φύσιν,
549 4700 795 4778 ἐπίγειος
826 4697 944 4778 ἅμα
976 4695 1071 4761 καὶ
1099 4694 1349 4776 οὐράνιος
1369 4731 1384 4756 ,
1431 4689 1492 4743 τὸ
1523 4688 1685 4760 σῶμα

79 4797 195 4869 μὲν
229 4792 483 4849 ἐντεῦθεν
512 4792 622 4847 ἀπὸ
649 4774 752 4861 τῆς
772 4774 1016 4867 γῆς’ἕχω
1043 4774 1375 4858 διαρτισοέν,
1421 4783 1488 4836 δι’
1513 4781 1542 4834 ὃ
1590 4779 1688 4832 καὶ

77 4888 194 4960 τῆς
228 4880 398 4948 αὐτοῦ
424 4881 745 4954 συγγενείας
773 4878 1060 4950 ἐφιέμενον
1083 4875 1229 4930 νεύει
1260 4873 1398 4946 πρὸς
1427 4871 1527 4944 τὴν
1559 4873 1685 4942 γῆν·

73 4958 191 5052 τῂν
226 4977 409 5050 ψυχὴν
441 4977 498 5032 δὲ
522 4974 659 5030 Θεοῦ
692 4972 1009 5043 πνεύματος
1034 4969 1339 5052 ἀπόρροιαν
1370 4964 1466 5031 καὶ
1491 4962 1688 5042 μερίδα

77 5075 338 5146 κρείσσω
393 5071 747 5144 ὑπάρχουσαν
775 5106 791 5130 ,
834 5066 932 5120 καὶ⁹
992 5063 1164 5143 αὐτὴν
1200 5062 1278 5126 ὡς
1313 5059 1539 5120 οἰκείων,
1575 5054 1689 5110 τῶν

77 5168 258 5223 Θείων
294 5165 438 5236 ἔχειν
487 5162 588 5235 τὴν
623 5161 810 5230 ἔφεσιν
854 5156 948 5212 καὶ
995 5157 1082 5209 ἀεὶ
1131 5154 1240 5210 τῶν
1292 5146 1684 5222 πνευματικῶν

75 5257 190 5323 καὶ
237 5253 506 5327 οὐρανίων
537 5251 749 5313 ὠδίνειν
781 5249 880 5322 τὴν
921 5245 1220 5326 ἐπιθυμίαν
1255 5243 1499 5314 ἀγαθῶν.

87 5352 202 5417 Ὠς
227 5346 428 5419 πηγῆς
445 5347 590 5416 ῥόος
614 5343 789 5399 ἐστίν
811 5382 826 5407 ,
859 5360 915 5396 κ.
947 5359 999 5404 τ.
1035 5339 1112 5406 ἐξ.

165 5443 383 5511 Ὠσπερ
413 5441 444 5493 ὁ
482 5437 669 5509 πηγῆς
714 5433 1070 5506 ἐξαλλόμενος
1116 5431 1212 5487 τοῦ
1266 5430 1457 5494 ’ύδατος
1548 5432 1680 5505 ῥοῦς

79 5535 240 5602 κατὰ
270 5533 509 5612 πρανοῦς
531 5532 718 5606 τρέχει
748 5528 992 5600 φυσικῶς
1025 5525 1120 5580 ἐπὶ⁵
1150 5525 1213 5580 τὸ
1246 5525 1534 5591 κάταντες,
1569 5522 1684 5596 πῦρ

158 5735 424 5811 (64)Βί11.
456 5732 844 5811 animadvertit
871 5727 1194 5811 Gregorium
1224 5727 1317 5783 hic
1345 5724 1592 5811 alludere
1611 5722 1682 5811 ad

82 5795 404 5868 Platonem.
441 5807 536 5875 qui
569 5806 844 5875 hominem
865 5795 1058 5875 vocet
1073 5798 1342 5875 παίγνιον-
1363 5795 1530 5875 θεῶν..
1552 5795 1683 5875 [foci

85 5890 223 5937 sunt
263 5864 588 5947 deLeg§.l.
618 5893 659 5942 ι,
693 5892 760 5947 p._
775 5873 885 5947 ett
917 5873 1002 5947 (p.
1019 5864 1379 5947 }I_9_,'_3"ed._
1406 5864 1598 5934 Bekk.)
1630 5873 1685 5918 et

85 5934 265 6021 im,
375 5934 482 6007 δόὅ
504 5946 546 6007 C
603 5934 820 6021 5‘2,
847 5946 878 6002 5
905 5934 990 6001 ed.
1019 5941 1209 6012 Βοιὼ.)
1238 5934 1475 5996 V.ctiam
1508 5952 1674 6008 supra

1132 428 1197 483 IN
1220 427 1535 486 CARMINA
1571 427 1854 488 ARCANA
1893 427 1952 483 S.
1991 423 2342 484 GREGORII.

3270 427 3385 485 750⁵

1784 545 2024 613 videtur,
2065 543 2312 606 ﬂumian
2363 550 2627 614 perpetuo
2676 543 2956 600 currentis
3007 551 3061 598 et
3099 558 3315 616 semper
3343 560 3387 600 a.

1785 637 2069 710 praeterito
2104 635 2408 700 redeuntis,
2429 635 2647 707 iugiter
2687 636 2876 714 agitati
2910 643 2966 692 et
3000 636 3135 690 nihil
3177 638 3377 694 stabile

1785 728 2064 793 habentis.
2097 728 2304 788 nullam
2330 725 2507 798 ipsius
2534 734 2748 800 partem
2780 726 2990 784 ﬁrmam
3007 729 3374 786 ostendentis.

1785 821 1974 877 Pulvis
2018 819 2342 878 aestimanda
2390 826 2477 876 est
2537 826 2652 874 tota
2694 819 2830 884 vita,
2883 836 3037 877 meos
3086 821 3378 878 obcaecans

1788 915 1983 969 oculos
2034 923 2089 969 ct
2135 911 2398 968 tenebras
2438 911 2815 982 intelligentiae
2872 912 3146 984 ingerens,
3199 915 3272 970 ita
3317 922 3378 970 ut

1785 1007 1948 1077 longe
1973 1019 2005 1060 a
2032 1005 2129 1061 Dei
2163 1004 2560 1076 splendorihus
2597 1005 2802 1060 cadens
2838 1014 2902 1060 et-
2925 1020 3192 1061 caecorum
3227 1023 3380 1062 more

1785 1115 1976 1156 muros
2009 1106 2332 1170 pertentans
2379 1106 2434 1153 et
2472 1097 2554 1154 sic
2583 1096 2658 1153 ibi
2705 1098 2762 1153 in
2806 1099 3115 1159 ratiociniis
3161 1116 3374 1164 errans.

1786 1205 1984 1262 magna
2013 1191 2068 1245 in
2100 1190 2327 1246 Christo
2360 1189 2469 1243 vita
2508 1187 2864 1245 frustrandus
2897 1187 3025 1244 sim.

1787 1370 2006 1426 Audebo
2031 1370 2350 1441 allegorian:
2377 1369 2689 1441 quamdam,
2719 1375 2776 1425 et
2801 1383 2921 1440 seq.

1861 1463 2144 1520 Excedeus
2175 1461 2451 1534 quoddam
2491 1462 2721 1517 verbum
2767 1460 3020 1534 proferre
3062 1459 3196 1515 mihi
3244 1474 3379 1515 con-

1787 1555 1936 1612 venit
1980 1565 2036 1612 et
2066 1571 2299 1620 verum;
2345 1554 2556 1610 idcirco
2601 1554 2814 1611 audens
2859 1568 3133 1624 exponam
3172 1572 3185 1609 :
3225 1554 3379 1624 quasi

1787 1647 2087 1703 ludibrium
2113 1645 2209 1700 Dei
2239 1645 2428 1710 homo,
2460 1655 2515 1701 et
2553 1643 3018 1716 quemadmodum
3053 1644 3196 1700 int-er
3231 1652 3383 1700 vete-

1785 1754 1876 1795 res
1896 1737 2226 1809 quibusdam
2254 1737 2311 1792 in
2340 1736 2661 1792 civitatibus
2681 1736 3003 1792 exercitatio
3037 1745 3177 1803 erat,
3199 1751 3383 1807 persu-

1789 1847 1888 1888 nas
1915 1835 2060 1888 enim
2083 1831 2413 1888 exhibebant
2449 1831 2703 1897 divitum,
2740 1847 3066 1903 pauperum,
3103 1847 3294 1903 regum
3327 1839 3382 1888 et

1787 1926 2013 1991 ducum,
2050 1927 2382 1996 sapientium
2417 1932 2472 1981 et
2502 1925 2906 1996 insipientium,
2937 1926 3185 1980 virorum
3222 1925 3380 1980 simi-

1788 2017 1910 2072 liter
1941 2024 1997 2072 et
2038 2016 2355 2082 mulierum,
2388 2017 2556 2072 etiam
2592 2016 2827 2073 theatris
2870 2017 3208 2073 assistebant
3240 2020 3380 2072 etin

1787 2111 1971 2167 scenis
1990 2127 2016 2178 ς.
2053 2109 2172 2166 haec
2218 2110 2312 2178 qui
2361 2109 2662 2175 curabant,
2714 2126 3006 2183 personam
3057 2111 3295 2182 agebant
3325 2119 3393 2170 et.

1787 2203 2112 2258 destinatam
2201 2206 2350 2258 sicut
2443 2203 2672 2259 exerciti
2720 2205 2943 2260 fuerant
2983 2205 3258 2260 actionem
3285 2221 3381 2259 co-

1787 2313 1904 2353 ram
1939 2297 2201 2353 omnibus
2255 2297 2568 2352 tractabant
2610 2305 2666 2353 et
2713 2308 2973 2354 accurate
3002 2297 3157 2354 sicut
3197 2297 3376 2361 decet,

1781 2389 1938 2458 juxta
1969 2395 2208 2443 veterem
2240 2386 2532 2443 historiam
2584 2397 2703 2444 arte
2743 2390 2970 2462 propria
3011 2398 3382 2459 repraesenta-

1787 2481 1991 2537 tionem
2012 2478 2344 2536 sutlieienter
2361 2479 2828 2551 exsequebantur,
2854 2481 2935 2536 sic
2952 2480 3190 2536 omcium
3217 2483 3284 2536 ab
3309 2481 3382 2552 ip-

1787 2574 1866 2631 sis
1899 2580 2218 2644 susceptum
2248 2581 2412 2644 prout
2442 2573 2687 2642 ipsorum
2725 2574 2998 2644 cujusque
3033 2583 3152 2629 erat
3181 2590 3293 2645 prae
3319 2591 3382 2630 se

1787 2665 2060 2729 ferebant,
2111 2664 2313 2720 deinde
2355 2664 2412 2720 in
2461 2666 2684 2720 domum
2726 2665 3083 2721 recedebant.
3116 2665 3208 2720 Sic
3247 2681 3382 2736 ergo

1785 2767 1840 2816 et
1868 2759 1923 2813 in
1953 2759 2062 2813 vita
2093 2759 2237 2813 alius
2270 2758 2417 2813 aliud
2451 2758 2694 2814 studium
2738 2759 2806 2814 ad
2852 2759 2997 2830 quod
3031 2759 3135 2814 l‘ert
3166 2759 3382 2816 indoles

1786 2859 2002 2906 exercet
2028 2859 2082 2907 et
2105 2850 2262 2920 quasi
2301 2851 2354 2905 in
2384 2865 2548 2907 scena
2575 2860 2630 2908 et
2673 2852 2911 2914 theatro.
2945 2861 3212 2923 quantmn
3237 2854 3292 2908 in
3319 2871 3382 2911 se

1785 2949 1872 2998 est
1903 2943 2178 2998 actionem
2208 2943 2432 3000 virtutis
2458 2953 2552 2998 aut
2580 2945 2841 3015 nequitiae
2868 2947 3381 3015 reprzesentationis

1788 3035 1966 3091 instar
1996 3035 2321 3100 ostendit,et
2353 3045 2645 3107 postquam
2687 3039 2878 3094 mundi
2914 3039 3084 3110 ﬁgura
3112 3055 3211 3109 pro
3243 3041 3381 3112 ipsis

1788 3137 1966 3184 morte
2024 3129 2309 3200 praeteriit,
2364 3129 2548 3184 subito
2585 3130 2724 3186 tales
2776 3132 2969 3201 quales
3013 3139 3210 3186 natura
3244 3143 3380 3188 sunt

1788 3239 1981 3278 omnes
2004 3229 2358 3293 apparentes,
2387 3224 2470 3279 sic
2505 3225 2638 3278 nudi
2671 3225 2740 3280 ab
2779 3225 2931 3280 omni
2966 3225 3090 3280 fuco
3121 3225 3251 3282 inde
3283 3242 3380 3283 ee-

1788 3313 1925 3369 dunt
1956 3320 2012 3369 et
2041 3313 2097 3367 in
2137 3313 2321 3368 locum
2366 3313 2706 3369 destinatum
2763 3314 2998 3382 abeunt;
3045 3329 3109 3370 ea
3145 3314 3380 3370 misero-

1786 3422 1907 3462 rum
1944 3406 2259 3462 mortalium
2292 3405 2426 3472 vita,
2449 3415 2503 3462 et
2521 3407 2576 3461 hi
2601 3407 3136 3480 quibusinsipientis
3169 3415 3224 3465 et
3258 3409 3381 3465 ina-

1788 3501 1875 3558 nis
1904 3500 2094 3556 mundi
2130 3499 2296 3571 hujus
2328 3516 2456 3571 spes
2492 3500 2836 3558 dclectahilis
2865 3510 2951 3557 est
2991 3510 3045 3558 et
3083 3503 3232 3559 omni
3278 3519 3382 3574 ope

1787 3609 2037 3666 curaque
2093 3593 2453 3665 exquirenda,
2501 3609 2565 3650 ea
2605 3610 2730 3666 quae
2774 3603 3051 3650 vocantur
3091 3594 3297 3650 divitiae
3327 3604 3383 3650 et

1788 3683 2098 3758 voluptates
2153 3694 2207 3742 et
2264 3685 2497 3742 delicias
2551 3698 2607 3742 et
2661 3687 2867 3758 glorias
2922 3687 3202 3748 modicum
3255 3688 3383 3744 vita:

1790 3790 2009 3852 tempus
2037 3779 2366 3848 exaltantes,
2399 3779 2590 3837 ludant
2618 3790 2672 3836 et
2706 3779 2990 3842 ludantur,

1791 3962 1895 4018 H7
1936 3961 2048 4035 Ego
2083 3979 2225 4032 vero,
2270 3960 2545 4018 Christum
2583 3962 2884 4031 antplexus,
2917 3969 3029 4023 etc._

1860 4051 1966 4123 Qui
1997 4052 2220 4124 quidem
2260 4069 2384 4124 quae
2438 4069 2606 4124 super
2646 4060 2850 4108 terram
2901 4060 3032 4111 sunt
3074 4053 3299 4129 sapiunt
3329 4061 3385 4108 et

1789 4145 1936 4200 ﬂuxa
1959 4143 2178 4202 fortiter
2209 4145 2460 4200 ambiunt
2495 4145 2645 4200 dicto
2694 4159 2873 4212 more,
2926 4145 3064 4215 ipsis
3117 4145 3381 4216 placitum

1791 4237 1894 4290 iter
1928 4243 2179 4308 pergant.
2244 4235 2358 4307 Ego
2425 4252 2593 4301 vero,
2653 4237 2731 4292 ait
2795 4236 3082 4292 Christum
3153 4245 3383 4308 portans

1792 4325 1996 4390 anima,
2023 4325 2234 4382 Christi
2267 4327 2441 4382 amori
2488 4327 2803 4393 adluerens,
2841 4345 2953 4384 non
2993 4329 3227 4385 cessabo
3259 4330 3386 4384 vin-

1791 4421 1979 4475 culum
2019 4419 2242 4476 vinculo
2290 4421 2623 4493 adjungens,
2667 4423 2802 4493 quin
2841 4422 3056 4477 carnali
3107 4422 3237 4477 vita-
3277 4421 3384 4479 ista

1793 4511 1974 4566 soluta
2013 4526 2231 4568 summo
2269 4522 2402 4568 voto
2435 4517 2664 4569 omnino
2691 4511 2958 4586 conflgar.
3006 4513 3254 4586 Namque
3284 4515 3387 4570 du»

1791 4605 1916 4674 plex
1945 4605 2039 4676 qui
2071 4621 2193 4662 sum
2239 4617 2460 4670 natura,
2508 4614 2767 4664 terrenus
2806 4609 2970 4665 simul
3017 4615 3072 4664 et
3113 4607 3383 4674 caelestis,

1788 4713 1995 4770 corpus
2032 4700 2251 4771 quidem
2300 4699 2434 4755 hinc
2482 4716 2513 4757 e
2577 4709 2728 4757 terra
2785 4701 2961 4756 habeo
3017 4701 3382 4772 plasmatum;

1786 4791 2020 4864 ideoque
2081 4793 2344 4848 aﬂinitate
2387 4794 2613 4867 prepria
2661 4793 2892 4871 cupiens
2932 4793 3109 4849 tendit
3153 4793 3219 4856 ad
3273 4801 3389 4846 ter-

1786 4899 1942 4955 ram;
1979 4885 2220 4941 animam
2271 4903 2404 4944 vero
2455 4889 2545 4944 Dei
2595 4888 2828 4959 spiritus
2875 4886 3282 4943 emanationem
3328 4893 3384 4940 et

1785 4984 1994 5047 partem
2041 4961 2470 5055 praecellentem,
2523 4996 2691 5056 quam
2739 4980 3056 5035 divinorum
3090 4978 3245 5049 quasi
3275 4978 3384 5049 ipsi

1791 5069 2140 5139 propriorum
2173 5069 2453 5131 desideria
2487 5079 2697 5136 tenent,
2734 5084 3066 5146 semperque
3119 5068 3384 5140 spiritua-

1792 5159 1924 5213 lium
1957 5168 2122 5231 atque
2149 5161 2461 5217 cmlcstium
2507 5162 2768 5234 appetitio
2814 5163 3085 5218 bonorum
3113 5160 3380 5217 incendit.

1793 5337 1945 5401 Strat
1975 5336 2138 5406 fontis
2171 5337 2374 5395 rivulus
2401 5344 2567 5403 est,et
2601 5353 2720 5412 seq.

1863 5428 2021 5486 Sicut
2044 5429 2213 5486 fontis
2251 5431 2502 5488 salientis
2542 5431 2704 5487 unda:
2737 5431 2950 5489 rivulus
2990 5445 3234 5503 praeceps
3279 5445 3379 5486 na-

1789 5523 2043 5579 turaliter
2075 5522 2143 5577 ad
2171 5523 2537 5579 declivitatem
2568 5525 2762 5589 currit,
2800 5531 2856 5581 et
2884 5523 3032 5595 ignis
3061 5537 3226 5578 urens
3249 5537 3378 5592 pro-

1791 5722 2090 5808 mdpsﬁg
2118 5739 2179 5815 ‘v.
2222 5721 2410 5815 195nm
2434 5720 2762 5815 POLSISBIIad.
2803 5722 2867 5779 ad
2914 5719 3241 5794 Gregorium
3268 5716 3375 5790 Cy-

1793 5792 1972 5866 prium
2010 5792 2066 5849 in
2102 5793 2484 5851 Anecd.Gr.i.
2511 5792 2640 5850 5'45.

1864 5866 1974 5934 (65‘
2001 5865 2134 5923 Cod.
2175 5863 2630 5937 κατατρυφόντες.
