3814 6510
64 392 143 455 ιιι

72 514 118 565 .ο
151 500 385 565 πλοῦτος
435 495 551 566 μὲν
596 496 887 566 ἄπιστος.
934 499 969 552 d
1025 497 1093 556 δὲ
1136 493 1588 644 θρριὲρὲίριὲξρὺς

1285 583 1516 634 νεκρων.

120 671 350 730 Ἀπιστος
390 661 491 733 μὲν
543 663 570 715 ό
623 661 882 726 πλοῦτος,
913 662 995 715 ότι
1054 660 1127 732 μὴ
1162 660 1390 732 μόνιμος
1415 699 1428 722 ,
1468 656 1589 728 μηδ’

64 764 134 820 ἀεὶ
155 762 250 821 τοῖς
273 755 444 825 ἔχουσι
469 753 686 825 προσὼν
709 795 723 820 ,
755 753 869 807 ἀλλ’
911 751 1236 818 ἐξαπιναίως
1268 751 1394 812 τοὺς
1443 747 1590 819 αὐτῷ

61 851 346 912 πεποιθότας
371 848 628 911 πολλάκις
654 846 998 904 καταλείπων
1022 886 1036 910 ,
1075 847 1153 908 είς
1177 844 1367 905 ἄλλους
1396 843 1591 916 μετερ-

62 949 174 1024 ρύη·
210 945 236 997 ὁ
261 941 436 1014 θρόνος
469 941 525 996 δὲ
555 940 650 994 καὶ
679 940 739 992 τὸ
782 939 1029 1013 δοξάριον
1079 937 1249 1008 ὀφρῦς
1302 933 1592 1006 όνειρὼδης

60 1039 182 1094 ἐστίν
202 1053 214 1066 ·
251 1031 507 1102 ὑπόληψις
534 1031 647 1103 γὰρ
684 1029 814 1102 κενὴ
843 1030 938 1083 καὶ
967 1030 1142 1100 οῖησις
1183 1026 1387 1100 ματαία
1407 1066 1421 1089 ,
1451 1024 1591 1082 κατὰ

61 1133 148 1186 τῶν
170 1127 263 1184 ὑπὸ
285 1127 436 1196 χεῖρα
465 1123 556 1176 τὸν
597 1121 721 1177 νοῦν
753 1122 880 1192 ἄχρι
919 1121 1063 1186 τινὸς
1096 1119 1460 1183 διαπαίζουσα
1497 1113 1589 1170 τοῦ

57 1226 280 1292 ἄρχοντος
302 1215 392 1270 καὶ
417 1212 701 1283 φυσιοῢσα,
737 1209 1132 1282 παραρριπίζει
1160 1208 1258 1280 μὲν
1291 1206 1452 1260 αὑτὸν
1496 1205 1590 1262 τοῦ

56 1311 191 1384 ὀρθοῦ
214 1308 383 1376 λόγου,
411 1305 484 1368 ὡς
513 1304 571 1369 ἐξ
594 1303 760 1356 ὕπνου
785 1303 841 1358 δὲ
868 1305 967 1375 τῆς
992 1298 1323 1372 όνειρὼξεως
1349 1298 1443 1351 καλ⁸
1468 1314 1593 1364 φανο

52 1408 217 1468 τασίας
239 1403 329 1472 τῆς
360 1399 533 1471 ἀρχῆς
573 1395 854 1458 ἐκπεσὼν,
894 1395 991 1464 οὐχ
1020 1388 1175 1463 εὗρεν
1227 1391 1378 1444 οὐδὲν
1401 1431 1417 1451 .
1453 1387 1594 1442 κατὰ

53 1502 136 1571 τὴν
154 1495 380 1568 Γραιρὴν,
415 1494 471 1545 ἐν
497 1493 616 1554 ταῖς
636 1489 822 1561 χερσὶν
857 1485 1043 1541 αὑτοῦ.
1068 1485 1238 1539 Τοῦτο
1278 1483 1378 1555 μὲν
1406 1481 1464 1534 τὸ
1495 1481 1594 1555 ἆρ-

53 1610 148 1663 χειν
169 1587 296 1643 κατὰ
320 1585 418 1655 τὴν
457 1583 729 1654 κοσμικὴν
756 1578 1110 1652 παραφορὰν·
1144 1577 1204 1630 τὸ
1241 1572 1496 1646 ἄρχεσθαι
1537 1571 1594 1624 δὲ

53 1661 190 1732 πάλιν
219 1674 377 1745 μόγος
399 1713 411 1733 ,
448 1672 542 1729 καὶ
587 1671 827 1734 κόπωσις
853 1710 866 1729 ,
913 1669 1008 1722 καὶ
1043 1666 1220 1728 πόνος.
1261 1665 1373 1732 Τὴν
1405 1661 1594 1716 πενίαν

50 1774 96 1825 δὲ
120 1772 191 1833 τίς
216 1769 308 1820 οὐκ
330 1761 438 1818 οἶδε
457 1764 778 1833 δουλοσύνην
804 1758 966 1815 οὖσαν
992 1757 1213 1830 πικρὰν,
1233 1757 1323 1808 καὶ
1347 1754 1591 1825 εἱργμὸν,

52 1865 128 1915 καὶ
151 1859 333 1930 δεσμὸν
363 1857 617 1927 ἀνιαρόν;
653 1857 716 1912 Τί
756 1855 812 1908 δῖε
841 1854 901 1907 τὸ
932 1852 1125 1914 κάλλος
1172 1851 1264 1903 τοῦ
1302 1848 1552 1918 σώματος
1579 1861 1593 1907 ς

50 1951 212 2024 Μικρὰ
238 1949 326 2003 καὶ
350 1948 508 2017 ὀλίγη
535 1946 690 1999 τοῦτο
719 1946 879 2015 χάρις
920 1941 1207 2013 ἀστραπῆς
1233 1980 1246 2003 ,
1274 1937 1432 2006 λόγου
1465 1936 1594 1988 θᾶτ-

47 2061 124 2098 τον
163 2043 250 2112 τὴν
296 2039 421 2109 ὄψιν
462 2039 555 2092 τοῦ
605 2037 888 2108 βλέποντος
922 2032 1297 2105 παροδεύουσα
1329 2030 1422 2082 καὶ
1469 2027 1597 2097 φεύ-

50 2154 212 2206 γουσα.
251 2133 313 2186 Τί
345 2134 402 2190 δὲ
447 2135 480 2204 ἡ
523 2132 744 2202 νεότης;
787 2131 840 2183 τί
891 2131 946 2184 δὲ
979 2133 1012 2200 ἡ
1058 2127 1254 2194 πολιόι;
1287 2127 1458 2194 Οὐχή
1497 2123 1596 2194 μὲν

47 2228 220 2298 χρόνου
252 2223 496 2294 βράσμα,
512 2222 610 2292 τὴν
634 2220 816 2290 ἀκμὴν
845 2219 919 2283 ὡς
941 2217 1096 2280 ἄνθος
1121 2217 1178 2268 εὖ
1190 2217 1459 2286 μάραντον
1486 2214 1597 2275 τοῖς

50 2322 170 2382 νέοις
201 2319 494 2385 ὑποφαῖνον
521 2356 534 2377 ,
567 2317 600 2387 ὴ
637 2313 794 2368 πολιὰ
824 2313 880 2366 δὲ
922 2312 1074 2374 δύσις
1105 2310 1217 2380 βίου
1240 2351 1254 2374 ,
1287 2308 1454 2378 ἤγουν
1503 2303 1596 2358 τοῦ

49 2414 132 2482 τῆς
165 2412 405 2482 νεότητος
432 2408 625 2470 ἄνθους
654 2407 888 2478 ὑπάρχει
933 2404 1256 2476 μαρασμός;
1301 2399 1459 2453 Ἀλλὰ
1503 2397 1598 2451 καὶ

49 2507 89 2558 οἱ
109 2505 260 2572 λόγοι,
289 2502 452 2573 φησὶ,
487 2499 809 2570 πτερόεντες
839 2499 913 2562 ὡς
953 2497 1166 2568 πτερῶν
1199 2495 1354 2564 δίκην
1391 2494 1472 2546 ὅτι
1502 2491 1598 2545 τόι-

51 2612 187 2666 χιστα
213 2595 425 2663 ῥέοντες
454 2593 548 2646 καὶ
575 2589 942 2660 ἀφιπτάμενοι
962 2627 977 2646 ,
1008 2585 1162 2649 κλέος
1201 2584 1256 2636 δὲ
1290 2583 1469 2645 αὐτοῖς
1493 2581 1599 2634 τίνι

49 2687 170 2758 λόγῳ
197 2687 431 2756 ὑπάρχει
459 2685 486 2736 ὁ
512 2685 650 2755 ἁήρ;
681 2682 774 2735 καὶ
814 2678 920 2750 γὰρ
942 2671 1094 2739 οὗτος
1125 2673 1310 2743 ὥσπερ
1341 2669 1600 2740 διαφανὴς

47 2779 168 2833 κατὰ
195 2777 350 2848 φύσιν
370 2771 554 2826 πέλων
569 2774 662 2828 καὶ
690 2773 910 2841 δίοσμος
930 2809 945 2831 ,
976 2768 1037 2821 τὸ
1067 2767 1182 2837 φῶς
1209 2766 1308 2836 μὲν
1339 2763 1432 2817 καὶ
1465 2760 1602 2833 χρώ-

51 2888 173 2942 ματα
199 2869 370 2923 πάντα
402 2868 539 2939 πρὸς
569 2865 666 2936 τὴν
699 2865 921 2936 ὅρασιν,
954 2858 1128 2930 ὀσμὰς
1161 2858 1216 2911 δὲ
1257 2857 1435 2918 πάσας
1466 2853 1602 2924 πρὸς

45 2964 96 3016 τὸ
129 2964 219 3033 τῆς
263 2962 586 3032 ὀσφρήσεως
619 2957 970 3028 αἰσθητήριον
1005 2948 1428 3022 διαπορθμεύει’
1460 2947 1601 3002 οὕτω

45 3051 126 3102 καὶ
152 3048 330 3120 διηχὴς
359 3047 442 3099 ὢν
469 3046 605 3118 πρὸς
637 3046 736 3116 τὴν
771 3044 957 3112 ἀκοὴν,
996 3041 1086 3094 τόν
1109 3057 1167 3092 τε
1195 3039 1351 3106 λόγον
1379 3038 1471 3090 καὶ
1497 3039 1601 3090 πᾶ-

45 3159 127 3194 σαν
154 3140 325 3211 φωνὴν
349 3139 448 3193 καὶ
466 3138 636 3208 ψόφον
663 3135 1070 3207 παραπέμπειὸ
1100 3133 1226 3202 ἀήρ.
1263 3132 1326 3183 Ol
1362 3131 1599 3196 εὐγενεῖς

43 3233 89 3286 δὲ
111 3233 382 3304 λεγόμενοι
413 3231 509 3284 καὶ
537 3233 569 3301 ἠ
612 3228 860 3297 εὐγένεια
893 3225 944 3278 τί
979 3223 1106 3278 ἄλλο
1147 3223 1178 3294 ἦ
1213 3220 1434 3274 παλαιὸν
1460 3213 1598 3290 αἷμα

43 3325 164 3378 ἕωλα
193 3324 282 3377 καὶ
315 3323 632 3395 πρόσκαιρα
656 3318 884 3391 τιμηθὲν
906 3317 1089 3380 πέλει;
1122 3314 1283 3387 ῥώμη
1312 3313 1368 3365 δὲ
1403 3311 1604 3382 σαρκὸς

43 3419 124 3469 καὶ
153 3417 331 3486 ἰσχὺς,
385 3414 550 3468 τοῦτο
600 3413 694 3466 καὶ
734 3410 859 3472 συὸς
890 3408 1084 3478 ἀγρίου
1121 3405 1403 3476 γαυρίαμα
1443 3403 1605 3457 καθέ-

44 3525 218 3578 στηκε’
253 3509 346 3561 καὶ
374 3509 405 3560 ὁ
446 3506 607 3576 κόρος
643 3503 742 3574 μὲν
781 3499 1042 3574 ὑϐριστὴς
1067 3539 1081 3562 ,
1109 3500 1220 3560 τοῖς
1267 3494 1605 3556 ἀπαιδεύτως

40 3599 194 3667 τούτῳ
225 3597 594 3670 κεχρημένοις
644 3592 900 3655 ὑπόθεσις
947 3591 1157 3659 γίνεται
1209 3585 1538 3660 θεομαχίας·
1579 3585 1606 3636 ὁ

39 3689 192 3758 γάμος
210 3689 265 3742 δὲ
287 3688 494 3759 δεσμὸς
519 3728 534 3753 ,
565 3686 658 3739 καὶ
685 3684 787 3755 τῆς
811 3682 952 3736 κατὰ
986 3681 1146 3750 φύσιν
1176 3678 1490 3750 ἐλευθερίας
1514 3676 1608 3730 ἀλ-

39 3779 301 3851 λοτρίωσις
321 3799 335 3811 ο
364 3780 466 3834 καὶ
497 3781 531 3849 ἡ
564 3775 818 3830 εὐτεκνία
851 3775 946 3846 μὲν
976 3771 1250 3841 ἀναγκαία
1274 3771 1493 3841 φροντὶς
1515 3769 1609 3822 καὶ

42 3868 392 3940 ἀπαραίτητος
419 3907 438 3930 ,
478 3869 512 3938 ἠ
545 3864 830 3919 δυσ-τεκνία
876 3863 933 3916 δὲ
977 3860 1259 3935 ἀρρωστία
1309 3858 1405 3911 καὶ
1454 3856 1609 3918 νόσος

39 3961 138 4014 ἐστὶ
159 3963 335 4032 ψυχῆς
362 3959 796 4032 ἀπαρηγόρητος
818 3974 831 3987 ·
873 3955 968 4009 καὶ
998 3949 1063 4009 αὖ
1096 3953 1256 4008 πάλιν
1279 3992 1294 4017 ,
1329 3952 1386 4004 αἱ
1414 3949 1609 4020 όιγορα.)⁸

41 4054 126 4122 μὲν
151 4056 345 4118 κακίας
376 4053 734 4126 μελεδήματα
779 4050 873 4104 καὶ¹
900 4045 1277 4119 φροντίσματα
1318 4043 1611 4113 τυγχάνου-

38 4160 110 4196 σιν
131 4186 144 4209 ,
174 4148 228 4199 αἱ
256 4147 380 4199 καθ’
424 4144 658 4216 ἡσυχίαν
681 4143 735 4196 δὲ
765 4141 858 4194 καὶ
885 4139 1119 4211 μόνωσιν
1143 4135 1416 4206 διατριϐαὶ
1451 4133 1610 4205 ἁδρά-

37 4239 160 4291 νειαί
203 4239 261 4291 τέ
292 4242 401 4292 εἰσι
433 4240 529 4291 καὶ
561 4237 825 4307 ἀπορίαι·
854 4235 1037 4293 πάλιν,
1075 4232 1128 4283 αἱ
1160 4228 1346 4299 τέχναι
1379 4226 1476 4296 μὲν
1502 4227 1610 4278 τῶν

36 4331 159 4399 ἄγαν
209 4331 492 4385 ταπεινῶν
521 4329 613 4382 καὶ
645 4329 820 4399 χαμαὶ
865 4324 1173 4396 ἐρχομένων
1213 4319 1606 4390 καθεστήκασι,

40 4425 182 4496 στενὴ
211 4425 267 4479 δὲ
293 4427 329 4497 ἡ
382 4421 543 4494 παρὰ
566 4422 680 4475 τῶν
708 4419 1005 4489 ἀλλοτρίων
1029 4412 1388 4488 ὲρανιζομένη
1410 4409 1606 4482 τροφὴ.

35 4513 206 4587 ὥσπερ
253 4518 352 4572 καὶ
390 4516 458 4568 1:0
496 4516 817 4585 παρασιτεῖν
852 4511 1129 4581 αἴσχιστον
1154 4523 1168 4537 ·
1196 4506 1290 4560 καὶ
1337 4503 1396 4557 το
1444 4502 1610 4574 ἀροῦν

40 4607 123 4675 μὲν
143 4609 238 4678 τὴν
271 4609 382 4678 γῆν
404 4607 504 4662 καὶ
535 4607 799 4675 γεωργεῖν
823 4602 1067 4664 κοπῶδες
1094 4600 1188 4652 καὶ
1229 4595 1520 4668 μοχθηρὸν,
1549 4593 1610 4647 τὸ

34 4701 380 4770 ποντοπορεῖν
411 4699 471 4750 δὲ
499 4694 985 4749 κινδυνωδέπατον
1009 4688 1184 4744 καὶτὸ
1213 4689 1312 4758 τῆς
1343 4687 1486 4758 ζωῆς
1511 4684 1608 4737 αὖ·

34 4795 133 4855 τοῖς
165 4793 350 4846 πλεῖον
387 4795 452 4844 ὲν
491 4789 567 4862 τῷ
606 4788 726 4861 ᾄδῃ.

31 4883 86 4938 21
119 4886 185 4940 ’11
208 4885 410 4955 πάτρη
433 4883 500 4938 ea
521 4882 812 4952 βέρεθρον
836 4879 960 4934 ἑόνο
996 4877 1162 4944 ξείνη
1197 4873 1263 4929 δέ
1285 4873 1334 4928 τ’
1360 4870 1609 4937 ὄνειδος.

96 5041 157 5096 Τί
179 5042 259 5098 ἔτι
298 5043 447 5115 πρὸς
472 5044 585 5106 τοῖς
605 5039 947 5112 εἰρημένοιςς
980 5035 1032 5089 τί
1053 5032 1275 5104 γλύκιον
1302 5026 1615 5101 ἀνθρώποις

32 5131 66 5204 ἢ
93 5121 511 5206 θυμηρέστερον
537 5125 999 5202 πατρίδος;Ἀλλὰ
1023 5126 1118 5180 καὶ
1140 5122 1301 5193 αὑτὴ,
1337 5119 1492 5191 φησὶ,
1527 5117 1616 5188 βέ-

36 5221 216 5294 ρεθρον
243 5225 408 5290 ἴδιον,
435 5225 554 5295 ἦτοι
584 5220 825 5292 βόθυνος,
849 5214 1195 5274 καθίσταται,
1223 5215 1280 5267 ὲν
1367 5226 1616 5265 καταπα-

31 5317 195 5368 τεῖται
224 5318 324 5372 καὶ
349 5312 730 5381 ὲξουδενοῦται
757 5311 852 5364 καὶ
887 5310 916 5362 ό
944 5305 1066 5363 λίαν
1098 5304 1387 5368 σπουδαῖος
1417 5299 1613 5364 δοκῶν,

34 5405 105 5476 τῷ
126 5406 420 5478 γειτονικῷ
470 5403 617 5476 ζήλῳ
651 5401 745 5456 καὶ
781 5398 962 5469 φθόνῳ
994 5395 1307 5469 προδοθείς·
1353 5390 1491 5448 ἀλλὰ
1521 5389 1618 5446 καὶ

29 5498 86 5552 10
112 5501 204 5553 ἐπὶ
239 5501 411 5571 ξένης
467 5498 563 5551 καὶ
616 5493 922 5564 ἀλλοδαπῆς
969 5490 1118 5562 βιοῦν
1169 5479 1261 5541 τὸν
1301 5485 1502 5539 δνειδον
1555 5483 1614 5536 οὐ

32 5589 436 5661 διαπέφευγεν
484 5589 627 5642 οὓτω
669 5588 867 5647 πάντα,
914 5579 1167 5648 καθάπαξ
1222 5579 1419 5644 εἰπεῖν,
1455 5576 1525 5630 τὰ
1561 5576 1618 5628 ὲν

32 5682 337 5751 ἀνθρώποις
375 5681 618 5755 ὲρὰσμια
654 5680 747 5734 καὶ
782 5675 996 5748 ζηλωτᾶ
1025 5672 1379 5746 νομιζόμενα,
1407 5670 1486 5732 εἰς
1517 5666 1620 5738 μά-

33 5789 176 5828 ταιον
232 5775 588 5848 περιίσταται
642 5774 736 5827 καὶ
789 5772 868 5834 είς
932 5765 1315 5838 περισπασμδν
1360 5761 1620 5832 πονηρὸν,

36 5869 170 5922 κατὰ
197 5870 290 5924 τὸν
331 5867 787 5932 Ἐκκλησιαστήν.
824 5863 930 5918 Καὶ
960 5861 1067 5929 γὰρ
1104 5858 1261 5929 χνοῦς
1303 5855 1390 5912 διὰ
1435 5854 1492 5909 :0
1530 5853 1616 5908 εὐ-

1023 377 1092 434 ιΝ
1127 374 1438 434 ΟΑΒΜΙΝΛ
1472 372 1753 430 ARCANA
1794 371 1851 427 S.
1892 367 2247 428 GRECORII.

3169 362 3278 422 762

1692 485 1910 549 Divitis,
1937 487 2202 559 ntaleﬁda'
2225 496 2280 543 et
2307 486 2523 542 thronus
2553 485 2878 542 somniorum
2901 483 3201 556 fastigium.

1761 649 2024 706 .‘llalelidze
2064 648 2285 720 quidem
2313 647 2538 712 divitiis,
2568 646 2696 716 quia
2727 661 2829 700 nec
2861 653 3276 716 permanentes.

1693 753 1794 792 nec
1821 753 2036 807 semper
2065 737 2153 791 his
2183 737 2273 806 qui
2294 750 2389 792 eas
2409 735 2689 806 possident
2735 737 2789 789 in
2834 743 3088 805 promptu
3120 743 3271 795 sunt,

1694 829 1786 885 sed
1817 829 2095 899 inopinate
2123 843 2267 898 ssepe
2305 829 2404 880 hos
2445 827 2539 896 qui
2584 826 2638 880 in
2683 825 2817 895 ipsis
2854 826 3136 880 confidunt
3176 825 3279 880 de—

1693 929 1936 976 serentes
1970 919 2036 973 ad
2072 919 2208 973 alios
2249 915 2618 983 transﬂuunt;
2653 917 2891 970 thronus
2915 933 3046 971 vero
3077 925 3130 971 et
3160 918 3279 987 glo,~

1691 1011 1832 1064 riola
1877 1009 2154 1080 fastigium
2204 1016 2333 1063 sunt
2383 1009 2601 1063 somnio
2628 1007 2809 1062 simile
2858 1025 2870 1061 :
2925 1022 3048 1060 nam
3084 1007 3279 1064 existi.-

1692 1104 1860 1157 matio
1894 1118 2067 1157 vacua
2104 1111 2158 1157 et
2186 1101 2332 1155 fama
2360 1116 2497 1156 vana
2543 1115 2573 1153 a
2610 1099 2876 1168 subjectis
2927 1098 3280 1167 pra-dicatur,

1693 1196 1932 1248 animum
1970 1193 2208 1264 quodam
2249 1194 2304 1247 in
2348 1193 2522 1263 gradu
2552 1191 2787 1246 illudens
2809 1189 3077 1262 principis
3103 1195 3160 1242 et
3188 1205 3283 1243 su.

1697 1285 1910 1354 per-bire
1968 1284 2210 1352 faciens;
2263 1290 2316 1338 ct
2343 1283 2540 1337 avertit
2579 1297 2703 1336 eum
2763 1296 2792 1335 a
2844 1287 2990 1339 recta
3043 1281 3277 1334 ratione.

1693 1376 1825 1431 lude
1851 1378 2009 1446 quasi
2047 1393 2076 1430 a
2106 1375 2460 1430 dormitionis
2497 1373 2728 1429 somniis
2776 1385 2829 1428 et
2863 1390 2894 1427 a
2929 1373 3279 1444 principatus

1692 1467 2003 1532 plranlasiis
2048 1464 2468 1536 expergefactus
2515 1463 2653 1517 nihil
2701 1453 2933 1524 invenit,
2972 1461 3280 1517 secundum

1697 1558 2038 1626 Scripturam
2065 1597 2079 1619 ,
2131 1558 2183 1609 in
2232 1556 2485 1608 manibus
2531 1555 2679 1618 suis;
2720 1553 2850 1606 illud
2892 1553 3147 1622 quidem,
3179 1554 3278 1608 d0—

1695 1649 1893 1703 minari
1935 1647 2090 1717 juxta
2142 1646 2473 1700 mundanam
2525 1645 2925 1715 arrogantiam,
2997 1646 3276 1699 subditum

1696 1755 1819 1796 esse
1851 1756 1882 1794 e
1921 1747 2109 1794 contra
2156 1739 2308 1792 labor
2352 1749 2404 1792 et
2438 1751 2682 1792 aerumna
2719 1744 2774 1790 et
2823 1738 3092 1792 molestia.
3133 1736 3277 1789 Patr-

1695 1837 1960 1898 pcrtatem
1995 1837 2176 1882 autem
2199 1827 2325 1896 quis
2359 1842 2467 1881 non
2514 1827 2663 1879 novit
2707 1825 2954 1880 servituti
2999 1839 3197 1877 amarae
3229 1833 3283 1879 et

1696 1922 1905 1977 oarceri
1939 1922 1993 1974 in
2024 1920 2243 1974 vinculo
2270 1920 2466 1973 acerbo
2499 1917 2642 1972 haud
2673 1917 3132 1988 imparem?Quid
3161 1933 3284 1970 cor-

1693 2012 1844 2082 poris
1871 2011 2259 2082 pulchritudo?
2299 2011 2483 2064 tenuis
2521 2017 2574 2063 et
2626 2009 2807 2063 brevis
2851 2007 2967 2060 haec
3025 2007 3284 2076 splendor

1699 2105 1954 2174 fulguris,
1993 2104 2159 2156 verbo
2183 2103 2348 2157 citius
2373 2102 2564 2157 oculos
2605 2101 2839 2157 videntis
2883 2101 3198 2170 praeteriens
3231 2107 3286 2152 et

1699 2193 1934 2265 fugiens.
1969 2194 2109 2260 Quid
2141 2203 2194 2248 et
2243 2193 2544 2262 juventus?
2588 2193 2717 2263 quid
2762 2190 3061 2245 senectus?
3091 2188 3286 2244 Nonne

1699 2286 1792 2341 illa
1823 2289 2087 2356 temporis
2129 2285 2352 2355 agitatio
2383 2286 2498 2338 acie
2531 2299 2629 2339 sua
2653 2283 2810 2352 quasi
2846 2280 2944 2336 llos
2981 2295 3106 2332 mox
3141 2293 3290 2331 mar-

1699 2393 1932 2432 cescens
1960 2376 2255 2445 juvenibus
2285 2375 2540 2443 refulget,
2570 2382 2826 2430 senectus
2856 2387 2985 2426 vero
3015 2373 3138 2425 vita:
3162 2385 3291 2441 spo—

1695 2471 1876 2530 liatio,
1901 2468 2057 2524 floris
2095 2470 2334 2539 juventa:
2390 2466 2675 2522 delloratio
2732 2466 2855 2520 est?
2909 2463 3014 2519 Sed
3068 2471 3121 2517 ct
3171 2479 3291 2519 ser—

1699 2574 1916 2620 mones,
1955 2560 2293 2631 inquitnlati
2325 2560 2480 2629 quasi
2516 2569 2819 2628 pennarum
2862 2572 2964 2626 ope
3007 2572 3168 2626 quam
3208 2557 3291 2609 ci-

1705 2650 1922 2704 tissime
1953 2651 2138 2703 volant
2169 2659 2222 2702 et
2250 2648 2624 2712 transierunt;
2670 2657 2724 2702 ct
2753 2648 2944 2702 decori
2986 2647 3119 2716 ipsis
3147 2662 3290 2716 quo-

1701 2740 1864 2794 modo
1912 2748 1995 2795 est
2024 2739 2155 2793 aer?
2202 2737 2413 2793 Etenim
2453 2739 2557 2793 iste
2599 2747 2797 2791 natura
2839 2737 3127 2807 perlucens
3162 2751 3290 2790 cum

1702 2833 1774 2888 sit
1831 2839 1885 2886 et
1945 2833 2208 2887 odoribus
2261 2831 2692 2896 transmeabilis,
2745 2831 2927 2883 lumen
2973 2838 3027 2882 et
3073 2829 3290 2883 colores

1703 2941 1894 2980 omnes
1919 2925 1986 2978 ad
2019 2924 2222 2984 visum,
2271 2930 2322 2978 et
2376 2923 2578 2978 odores
2627 2929 2860 2977 cunctos
2914 2919 2982 2974 ad
3027 2920 3291 2974 olfactum

1704 3019 1962 3072 traducit.
1999 3016 2090 3071 Sic
2132 3026 2187 3070 et
2230 3031 2425 3070 sonum
2465 3015 2843 3069 transmittens
2890 3013 2957 3067 ad
3011 3012 3288 3075 auditum,

1704 3125 2013 3164 sermonem
2083 3118 2451 3178 cunctamque
2513 3122 2703 3162 vocem
2783 3114 2949 3175 atque
3019 3104 3292 3174 fragorem

1705 3201 1932 3256 adducit
1968 3216 2082 3255 aer.
2115 3200 2446 3256 Liberaliter
2477 3201 2612 3264 nati,
2647 3207 2707 3254 ut
2753 3199 2927 3262 aiunt,
2969 3198 3099 3268 quid
3137 3203 3288 3261 sunt,

1705 3293 1836 3363 quid
1859 3293 2006 3347 aliud
2039 3302 2124 3348 est
2148 3293 2300 3347 clara
2337 3293 2490 3363 origo
2529 3293 2634 3345 nisi
2669 3291 2888 3361 priseus
2920 3291 3144 3361 sanguis
3178 3290 3293 3344 heri

1705 3395 1759 3442 et
1780 3385 1848 3440 ad
1894 3394 2109 3455 tempus
2158 3385 2486 3438 honoratus?
2507 3381 2693 3436 Robur
2717 3382 2906 3437 carnis
2936 3389 2989 3436 et
3022 3381 3212 3450 vigor?
3238 3381 3292 3434 id

1707 3486 1760 3531 et
1790 3475 1908 3545 apri
1957 3475 2214 3543 gloriatio
2248 3476 2454 3528 factum
2507 3481 2611 3528 est.
2657 3471 2724 3526 Et
2769 3471 2990 3542 juvenis
3026 3485 3293 3540 arrogans

1708 3570 1777 3624 iis
1804 3570 1896 3638 qui
1923 3570 2017 3623 illo
2061 3569 2311 3639 imperite
2363 3574 2596 3620 utuntur
2629 3566 2757 3620 belli
2808 3564 3076 3619 adversus
3121 3562 3293 3618 Deum

1711 3664 1768 3715 llt
1797 3663 2036 3715 occasio.
2079 3660 2487 3714 Matrimonium
2539 3669 2722 3713 autem
2763 3657 3038 3710 vinculum
3067 3667 3152 3710 est
3185 3665 3236 3710 et
3265 3671 3297 3709 a

1708 3753 1962 3809 libertate
1991 3753 2232 3809 naturali
2279 3751 2623 3818 immutatio;
2653 3757 2707 3804 ct
2747 3750 2968 3820 egregia
2999 3748 3180 3818 proles
3205 3764 3298 3800 ue-

1710 3849 1955 3902 cessaria
1985 3843 2310 3902 sollicitudo
2335 3859 2457 3914 quae
2481 3843 2641 3897 vitari
2674 3843 2881 3912 nequit,
2913 3853 2958 3896 et
2989 3842 3170 3910 proles
3206 3856 3298 3894 ue-

1710 3953 1872 4008 quam
1906 3937 2164 3992 maestitia
2203 3935 2539 4005 morbusque
2565 3942 2649 3989 est
2691 3933 2888 3986 animae
2917 3933 3299 3987 consolatione

1711 4045 1822 4084 non
1856 4027 2142 4083 levandus.
2175 4026 2240 4080 Et
2263 4041 2485 4080 rursum
2507 4064 2523 4089 ,
2577 4023 2838 4078 nundinae
2871 4024 3092 4077 malitia:
3125 4021 3298 4076 medi.-

1709 4121 1954 4174 tatioues
1979 4127 2034 4174 et
2055 4117 2420 4188 cogitationes
2452 4122 2602 4178 sunt,
2627 4114 2682 4168 in
2713 4114 2897 4184 quiete
2919 4123 2972 4167 et
2997 4113 3298 4168 solitudine

1713 4211 1896 4266 studia
1917 4209 2224 4264 debilitates
2278 4214 2409 4261 sunt
2451 4213 2506 4260 et
2539 4205 2788 4276 penuria.
2821 4201 3063 4258 Rursum
3085 4241 3100 4264 ,
3150 4208 3298 4255 artes

1712 4303 1858 4374 apud
1884 4301 2047 4356 nimis
2071 4305 2414 4368 contemples
2440 4305 2493 4351 et
2520 4296 2669 4351 humi
2697 4295 2947 4365 jacentes
2964 4293 3298 4357 consistunt,

1713 4405 1926 4450 arctam
1961 4403 2015 4448 et
2037 4408 2066 4448 a
2096 4391 2353 4463 proximo
2376 4389 2750 4445 mendicatum
2781 4389 3122 4452 alimentum,
3155 4387 3301 4441 sicut

1711 4498 1767 4544 et
1797 4487 2089 4558 parasitari
2138 4493 2298 4554 turpe
2333 4483 2525 4550 valde;
2576 4490 2629 4537 et
2685 4498 2845 4538 arare
2890 4491 3094 4537 terram
3138 4490 3302 4551 atque

1713 4581 1896 4636 colere
1930 4577 2253 4649 fatigatione
2283 4577 2528 4632 abundat
2573 4583 2626 4630 et
2668 4575 2990 4637 sudoribus,
3040 4573 3302 4642 navigare

1713 4688 1844 4728 vero
1868 4671 2402 4742 periculosissimum
2427 4676 2481 4724 et
2509 4669 2886 4738 navigantium
2916 4667 3027 4720 vita
3062 4665 3300 4737 plurima

1717 4765 1934 4820 inferno
1973 4765 2240 4833 proxima.

1712 4860 1778 4914 21
1823 4857 2015 4912 Patria
2051 4854 2236 4922 tellus,
2277 4854 2549 4924 proprium
2585 4851 2931 4924 barathrum;
2973 4858 3154 4924 extera
3204 4864 3299 4917 op-

2914 4919 3230 4992 [probriurm

1785 5019 1928 5089 Quid
1967 5017 2169 5081 adhuc,
2203 5015 2289 5072 his
2321 5015 2520 5071 dictis?
2566 5010 2696 5084 quid
2728 5013 3046 5068 hominibus
3080 5009 3301 5080 dulcius

1717 5119 1814 5166 aut
1851 5107 2146 5166 amabilius
2186 5119 2350 5174 quam
2387 5102 2604 5173 patria?
2655 5100 2763 5156 Sed
2809 5109 2862 5155 et
2913 5099 3055 5169 ipsa,
3099 5098 3300 5167 inquit,

1716 5202 1875 5258 fovea
1914 5209 2001 5256 est
2029 5213 2161 5253 vera
2196 5205 2252 5252 et
2285 5195 2457 5259 fossa,
2503 5195 2556 5248 in
2601 5209 2708 5264 qua
2759 5191 2987 5263 pedibus
3015 5191 3213 5247 teritur
3247 5197 3302 5245 et

1717 5292 2076 5364 vilipenditur
2103 5290 2268 5346 etiam
2298 5286 2392 5358 qui
2421 5285 2578 5342 valde
2618 5285 2902 5341 studiosus
2940 5282 3151 5338 videtur
3171 5297 3300 5352 erga

1717 5403 1862 5452 eam,
1901 5385 2212 5440 vicinorum
2257 5380 2605 5437 smulatione
2657 5386 2714 5433 et
2772 5376 2974 5432 invidia
3032 5374 3300 5444 traditus;

1719 5483 1818 5540 sed
1848 5489 1903 5536 et
1939 5479 2089 5534 vivat
2124 5477 2268 5532 alius
2295 5475 2353 5532 in
2387 5482 2535 5531 terra
2562 5471 2825 5543 hospitali
2873 5479 2928 5525 et
2974 5470 3301 5542 alienigena,

1719 5574 2160 5648 objurgationem
2189 5585 2302 5626 non
2331 5568 2544 5624 vitavit.
2572 5567 2665 5622 Sic
2695 5583 2760 5622 cu
2774 5573 2922 5630 ncta,
2956 5569 3015 5618 ut
3044 5577 3151 5618 una
3181 5563 3305 5618 vice

1721 5669 1920 5728 dicam,
1963 5678 2083 5734 quae
2112 5659 2430 5716 hominibus
2459 5657 2714 5713 amabilia
2754 5663 2810 5712 et
2845 5651 3302 5725 concupiscibilia

1723 5764 2065 5829 reputanlur,
2101 5752 2157 5807 in
2183 5749 2483 5806 vanitatem
2525 5745 2780 5804 recidunt
2824 5753 2879 5801 et
2934 5744 2989 5798 in
3067 5756 3304 5808 θοι-ηρα-

1726 5851 1929 5911 tionem
1965 5844 2280 5920 pessimam,
2330 5841 2471 5914 apud
2518 5837 2932 5896 EcclesiaStem.
2967 5833 3108 5891 Nam
3147 5833 3302 5904 quasi
