3818 6578
527 413 631 468 785

521 542 720 596 spuma
752 541 817 581 ex
849 542 913 581 eo
939 526 1088 597 quod
1139 528 1519 599 corruptibilia
1565 527 1829 584 facillime
1871 529 2114 596 eﬂluant,

522 619 878 685 deridentur;
911 620 1071 690 quasi
1103 620 1454 690 phantasma,
1488 621 1618 692 quia
1657 621 1866 677 erranti
1897 621 2116 677 cuidam

523 719 581 767 et
615 710 905 764 oculorum
959 711 1212 766 ludibriis
1259 712 1498 778 similia;
1547 713 1707 782 quasi
1757 727 1873 776 ros,
1931 719 2119 783 utpote

529 817 654 875 quae
691 801 853 857 facile
885 804 1242 859 exsiccentur
1286 812 1342 859 et
1384 805 1667 874 paululum
1703 804 1967 875 temporis
2003 819 2120 858 ma-

529 901 730 959 neant;
759 896 918 966 quasi
951 895 1158 963 fenum,
1190 897 1320 967 quia
1367 898 1519 953 brevi
1564 897 1890 953 ﬂaccescere
1928 896 2120 952 viden-

531 996 663 1055 tur;
699 989 859 1058 quasi
903 989 989 1043 ala
1037 990 1110 1045 ob
1163 990 1410 1060 ipsorum
1455 991 1636 1060 rugam
1692 1000 1748 1046 et
1794 989 2119 1050 citissimam

534 1083 932 1145 mutationem;
961 1082 1118 1152 quasi
1151 1098 1305 1148 aura,
1340 1098 1406 1138 eo
1437 1082 1584 1154 quod
1611 1091 1733 1154 post
1762 1084 1982 1138 brevem
2013 1081 2123 1136 ful-

535 1187 724 1243 gorem
774 1172 1042 1228 citissime
1097 1182 1466 1242 evanescant;
1531 1177 1806 1230 somnium
1859 1183 2121 1245 praeterea

535 1261 802 1318 dicuntur
829 1263 961 1334 quia
993 1263 1342 1321 instabiliaet
1360 1261 1688 1322 nullomodo
1705 1267 1858 1319 lirma
1874 1272 1930 1319 et
1951 1279 2122 1321 vacua

539 1363 670 1410 sunt
692 1370 755 1410 ea
771 1354 838 1411 de
858 1355 1060 1426 quibus
1090 1355 1418 1428 superbiunt
1439 1356 1711 1414 homines.
1735 1357 1792 1410 In
1819 1355 2124 1425 Scripturis

541 1445 867 1503 deridentur
896 1457 951 1504 et
983 1447 1402 1524 vilipenduntur
1427 1451 1536 1505 ista
1570 1457 1626 1505 et
1663 1449 1833 1505 maris
1863 1447 2125 1509 ﬂuctibus

539 1541 596 1588 et
625 1532 918 1590 ﬂuviorum
976 1537 1186 1610 rapidis
1217 1538 1381 1594 undis
1417 1545 1473 1594 et
1517 1539 1765 1610 vestigiis
1803 1540 1960 1595 navis
2003 1553 2128 1609 quae

543 1643 696 1684 tutare
748 1637 1080 1696 transnatat,
1121 1641 1176 1688 et
1211 1642 1502 1689 ventorum
1551 1632 1774 1692 ﬂatibus
1821 1641 1877 1688 et
1915 1629 2126 1703 pulveri

540 1718 956 1787 aequiparantur
983 1721 1110 1788 ista,
1135 1723 1338 1794 quippe
1362 1739 1485 1794 qua:
1518 1739 1735 1795 semper
1759 1723 1926 1788 ﬂuxa,
1951 1723 2126 1778 insta-

544 1811 701 1880 bilia,
748 1813 914 1868 inﬂda
966 1821 1021 1870 et
1093 1816 1300 1872 caduca
1359 1832 1391 1872 a
1449 1833 1577 1876 vere
1627 1816 1863 1888 sapienti
1933 1816 2131 1886 quovis

545 1905 912 1961 aestimentur.
949 1907 1204 1965 Circulus
1239 1910 1386 1966 enim
1422 1925 1642 1981 semper
1677 1919 1928 1966 movetur
1961 1909 2132 1965 volvi-

547 1999 751 2064 turque
784 1998 916 2064 vita,
955 1999 1156 2054 similia
1189 2008 1388 2056 cuncta
1431 2001 1798 2072 uudequaque
1843 2012 2131 2074 torquens,

544 2087 716 2143 simul
779 2096 934 2145 stans
972 2100 1025 2146 et
1063 2108 1316 2159 currens,
1361 2095 1524 2163 quale
1570 2095 1771 2150 cmlum
1827 2112 1995 2167 super
2033 2112 2136 2153 nos

549 2179 756 2235 moveri
788 2179 1244 2250 philosophantur
1274 2179 1542 2244 nonnulli,
1563 2180 1802 2233 solutum
1835 2196 2028 2250 nempe
2051 2181 2131 2236 si-

550 2271 662 2326 mul
678 2287 742 2326 ac
755 2270 1014 2332 solidum.
1036 2280 1224 2341 utpote
1240 2271 1384 2341 quod
1400 2271 1452 2324 in
1477 2285 1578 2326 suo
1596 2278 1704 2326 stet
1721 2271 1944 2326 volubili
1965 2287 2128 2328 cursu

549 2362 809 2416 solidum.
838 2359 1084 2432 Namque
1107 2361 1162 2416 in
1193 2361 1296 2417 hoc
1319 2370 1469 2416 stant
1491 2371 1547 2417 et
1575 2370 1952 2432 coagmentata
1979 2371 2128 2445 sunt,

549 2449 700 2521 quod
729 2451 1021 2508 solvuntur
1052 2462 1108 2510 et
1136 2465 1424 2512 moventur
1451 2473 1549 2528 per
1573 2458 1701 2513 anni
1737 2465 1983 2530 tempora
2011 2473 2134 2530 quae

554 2538 714 2594 aliter
756 2542 863 2597 alia
907 2543 1110 2613 ferunt,
1146 2547 1606 2616 quemadmodum
1653 2556 1708 2604 et
1745 2563 1964 2619 semper
2004 2564 2132 2604 cor-

554 2642 818 2702 rumpunt
845 2644 898 2690 et
938 2635 1002 2690 ad
1031 2635 1192 2692 ﬂnem
1222 2647 1391 2709 agunt
1426 2639 1543 2695 sive
1584 2655 1683 2711 per
1725 2641 1843 2697 dies
1881 2641 1999 2697 sive
2037 2656 2137 2712 per

1886 412 2184 468 NICETAS
2223 412 2432 468 ωνξυ·
3661 408 3738 469 τιι

2218 529 2469 584 διάλυτον
2497 528 2844 600 κωμῳδεῖται
2874 526 2970 582 καὶ
2998 526 3235 598 φθαρτὸν
3259 565 3273 588 ,
3315 521 3506 593 etiam.
3535 523 3584 576 δὲ
3607 524 3675 577 διὰ
3697 529 3740 582 τι

2221 620 2418 674 πλάνον
2449 621 2544 674 καὶ
2575 619 2943 689 φαντασιῶδες
2963 658 2977 682 ,
3013 617 3200 689 δρόσος
3231 615 3293 670 δὲ
3324 614 3415 667 διὰ
3447 613 3505 666 τὸ
3535 614 3743 686 εὺξήριν.

2217 729 2310 766 τον
2334 711 2366 782 ἢ
2392 710 2776 783 ὀλιγοχρόνιον,
2797 710 2934 780 πνοὴ
2961 709 3018 763 δὲ
3045 707 3131 762 διὰ
3152 708 3208 761 τὸ
3231 705 3375 778 πρὸς
3399 703 3568 772 ὀλίγον
3586 705 3742 776 avus-3,.

2218 822 2334 876 χειν
2363 804 2571 866 δοκεῖν.
2604 805 2805 876 πτερὸν
2835 803 2891 861 δὲ
2920 802 3009 857 διὰ
3044 802 3143 872 τὴν,
3195 799 3497 870 ἀπόδρασιν
3525 797 3606 850 καὶ
3631 798 3745 866 ταχί-

2223 909 2353 964 στην
2379 891 2719 962 ἀπαλλαγὴν,
2746 892 2909 962 ἀτμὶς
2939 891 2999 948 δὲ
3022 890 3110 949 διά
3125 889 3183 942 τὸ
3203 886 3346 959 πρὸς
3370 885 3537 964 βραχὺ
3562 886 3744 954 φανέντα

2222 985 2418 1042 Θᾶττον
2453 983 2833 1054 ἀφανίζεσθαι,
2871 981 3081 1053 ὀνειρος
3116 980 3173 1034 δὲ
3215 978 3362 1050 πρὸς
3390 976 3586 1038 τούτοις
3613 976 3682 1028 διὰ
3704 979 3746 1026 τὸ

2221 1076 2482 1148 ἀνίδρυτα
2529 1074 2623 1129 καὶ
2673 1073 3032 1132 ἀνυπόστατα,
3064 1072 3158 1125 καὶ
3183 1070 3325 1129 κενά
3352 1068 3423 1122 τά
3455 1069 3566 1121 κατ’
3588 1066 3745 1137 ἁνθρώυ

2224 1183 2358 1230 πους
2414 1159 2554 1218 εἶναι
2605 1163 2961 1233 φρυάγματα.
3011 1161 3142 1224 Ταῖς
3169 1158 3425 1230 Γραφαίς
3467 1155 3748 1226 κωμῳδεῖται

2223 1257 2319 1311 καὶ
2344 1253 2709 1327 ὲξρυδενοῦται
2749 1251 2956 1317 ταῦτα,
3001 1251 3096 1309 καὶ¹
3143 1249 3358 1322 κύμασι
3390 1247 3657 1316 θαλάσσης.
3682 1247 3747 1299 καὶ

2227 1348 2462 1429 ῥεύμασι
2490 1347 2778 1419 ποταμίοις
2797 1386 2812 1410 ,
2851 1346 2946 1398 καὶ
2974 1345 3146 1416 ἴχνεσι
3177 1340 3608 1412 ποντοπορούσης
3640 1341 3748 1407 νηὸς,

2225 1443 2320 1499 καὶ
2354 1440 2551 1512 αὔραις
2581 1439 2820 1510 ἀνέμων,
2850 1439 2946 1492 καὶ
2974 1435 3280 1503 κόνεσι,διά
3314 1434 3378 1488 τὸ
3408 1433 3635 1504 ἀείρυτον
3656 1431 3748 1483 ἀϐέ-

2227 1533 2390 1593 6αιόν.
2421 1549 2481 1585 τε
2525 1531 2621 1585 καὶ
2677 1531 2905 1586 ἄπιστον
2951 1528 3044 1584 καὶ
3076 1528 3308 1581 ἄστατον
3359 1527 3426 1595 τῇ
3482 1520 3750 1591 ἀληθοσοσὲᾳ

2228 1623 2596 1699 παρεικάσθη.
2636 1622 2850 1685 Κύκλος
2879 1621 2986 1692 γὰρ
3021 1619 3334 1690 ἀεικίνητος
3373 1616 3466 1669 καὶ
3494 1614 3750 1683 eampo-3:0;

2228 1723 2255 1774 ό
2283 1719 2396 1791 βίος
2445 1718 2615 1780 ἐστὶν,
2664 1716 2826 1786 ὃμοια
2872 1715 3050 1771 πάντα
3099 1711 3193 1768 καὶ
3247 1710 3484 1764 πάντοτε
3528 1706 3746 1766 κυλίνδων,

2227 1809 2398 1874 ἑστὼς
2428 1809 2545 1880 ἅμα
2587 1808 2679 1862 καὶ
2709 1807 2942 1879 τρέχων,
2973 1799 3084 1858 οἷον
3121 1801 3211 1860 τὸν
3248 1801 3367 1858 ἄνω
3401 1797 3610 1871 οὐρανὸν
3645 1797 3750 1864 φιλο-

2229 1902 2478 1974 σοφοῦσι,
2505 1901 2765 1972 λυόμενον
2796 1899 2910 1970 ἅμα
2949 1897 3042 1950 καὶ
3085 1897 3282 1961 πάγιον
3334 1894 3414 1965 τῷ
3442 1894 3497 1950 ὲν
3531 1891 3599 1960 τῷ
3626 1893 3747 1941 κινεῖ-

2230 1993 2358 2052 σθαι
2387 1993 2718 2064 πεπηγέναι.
2744 1990 2854 2043 Καὶ
2878 1989 2986 2063 γὰρ
3019 1989 3076 2041 ἐν
3101 1986 3287 2058 τούτῳ.
3316 1986 3467 2057 μένει
3507 1983 3591 2036 καὶ

2231 2102 2347 2158 γεν,
2382 2085 2437 2138 ἐν
2496 2083 2564 2155 τῷ
2594 2081 2822 2140 λύεσθαί,
2849 2097 2908 2136 τε
2947 2080 3037 2140 καὶ
3074 2077 3354 2138 κινεῖσθαι,
3396 2077 3513 2138 ταῖς
3545 2091 3596 2126 τε
3624 2072 3746 2145 ὥραις

2237 2177 2331 2238 τοῦ
2370 2175 2618 2231 ἐνιαυτοῦ
2659 2175 2847 2236 ἀλλοτε
2888 2174 3024 2237 ἀλλα
3071 2172 3398 2242 φερούσαις,
3435 2168 3663 2230 ὡσαύτως
3689 2168 3747 2218 ἀεὶ

2238 2269 2335 2330 καὶ
2363 2267 2711 2340 φθειρούσαις
2735 2265 2829 2320 καὶ
2855 2264 3336 2337 τελεσφορούσαις,
3355 2265 3474 2326 ταῖς
3496 2279 3549 2314 τε
3573 2262 3744 2332 ἡμέραις

2240 2362 2334 2423 καὶ
2372 2361 2491 2426 νυξὶ
2520 2359 2589 2414 τὰ
2627 2359 2749 2414 καθ’
2794 2359 3023 2413 ἕκαστον
3057 2354 3404 2418 ἀλλοιούσαις
3436 2354 3469 2423 ἢ
3501 2349 3748 2406 avertam}

2239 2476 2361 2522 σαις
2389 2459 2446 2511 ὲν
2477 2457 2662 2520 πόνοις
2683 2455 2778 2510 καὶ
2816 2455 3025 2520 κόποις,
3050 2457 3108 2508 ὲν
3133 2453 3312 2516 νόσοις
3340 2452 3434 2504 καὶ
3457 2448 3680 2509 θανάτοις,
3707 2445 3746 2496 ἐν

2239 2549 2478 2602 πτώσεσι
2511 2549 2605 2602 καὶ
2627 2547 2969 2620 εὐδρορίαις,
2999 2548 3057 2600 ὲν
3084 2545 3450 2608 ταπεινώσεσι
3487 2541 3569 2596 καὶ
3585 2540 3744 2600 λύπαις,

2240 2643 2297 2695 ἐν
2327 2639 2569 2712 ὑψώσεσι
2597 2641 2689 2694 καὶ
2715 2638 3097 2712 εὐφροσύναις.

555 2731 748 2781 noctes
783 2725 1027 2782 vicissim
1065 2727 1417 2784 immutantes
1461 2739 1558 2784 aut
1599 2741 1930 2787 renovantes
1959 2732 2014 2787 in
2051 2731 2333 2788 laboribus
2375 2740 2431 2787 et
2472 2731 2881 2802 fatigationibus
2905 2771 2921 2796 ,
2958 2730 3013 2786 in
3054 2729 3265 2789 morbis
3305 2737 3364 2788 et
3412 2726 3647 2788 mortibus
3663 2765 3683 2788 ..
3705 2724 3741 2779 in

553 2817 778 2872 casibus
798 2824 851 2872 et
880 2818 1159 2886 cursibus,
1184 2820 1239 2874 in
1266 2821 1667 2890 abjectionibus
1694 2833 1749 2879 et
1770 2825 2060 2890 molestiis,
2090 2825 2146 2880 in
2172 2825 2430 2894 superbia
2459 2831 2514 2880 et
2543 2825 2934 2896 cogitationum
2968 2823 3334 2878 moderantia.

557 2908 625 2968 Et
652 2909 750 2964 hoc
780 2920 884 2964 tua:
911 2910 1032 2981 [oris
1059 2914 1356 2981 sapientiw,
1385 2931 1414 2969 ο
1450 2915 1697 2983 Verbum,
1727 2924 1782 2972 et
1806 2933 1924 2989 seq.

626 3001 696 3056 Et
723 3004 827 3059 hoc
855 3011 981 3068 tuae,
1008 3021 1042 3060 ο
1074 3004 1237 3062 Pater
1263 3015 1318 3063 et
1348 3005 1614 3074 Verbum,
1645 3009 1928 3080 sapientiae
1957 3012 2143 3080 tuique

558 3095 660 3152 zeli
712 3095 938 3167 dignum
987 3105 1104 3153 erat
1156 3107 1358 3154 cuncta
1408 3100 1710 3166 instabilia,
1765 3102 2042 3157 versatilia
2090 3110 2145 3157 et

559 3192 782 3249 mobilia
820 3206 944 3246 esse
993 3205 1338 3262 quaacunque
1393 3195 1643 3262 corporis
1694 3194 1746 3248 in
1794 3195 1898 3250 hoc
1940 3195 2146 3250 mundo

560 3282 821 3354 optabilia
869 3281 1236 3348 aestimantur,
1283 3283 1358 3337 ita
1396 3291 1455 3337 ut
1502 3283 1607 3340 hoc.
1653 3293 2054 3356 cognoscentes
2091 3294 2143 3342 et

561 3376 656 3430 illa
706 3372 1064 3443 aspicientes,
1118 3373 1401 3428 lirmorum
1455 3381 1510 3430 et
1571 3377 1713 3446 apud
1769 3384 1824 3432 te
1879 3377 2148 3434 stabiliter

561 3463 900 3523 manentiqu
937 3461 1208 3519 bonorum
1246 3462 1300 3517 in
1345 3463 1544 3533 spiritu
1582 3465 1974 3535 amplectamur
2003 3465 2149 3520 desi—

565 3554 802 3610 derium.
829 3551 1060 3616 Cuncta,
1090 3552 1268 3623 inquit
1302 3553 1548 3624 sapiens,
1572 3556 1873 3610 secundum
1911 3557 2147 3626 speciem

564 3645 942 3718 intelligentia:
966 3646 1069 3701 alis
1099 3644 1324 3714 adjutus
1360 3645 1724 3718 investigatus
1759 3663 1904 3714 sum,
1929 3648 1998 3704 de
2023 3648 2149 3718 qui-

567 3740 671 3797 bus
724 3739 896 3810 prisci
945 3745 1000 3795 et
1056 3739 1307 3809 juniores
1363 3740 1736 3812 philosophati
1783 3748 1912 3798 sunt
1958 3760 1973 3798 :
2013 3741 2150 3796 nihil

568 3833 808 3890 miseriis
840 3831 1148 3896 hominum,
1185 3831 1241 3888 id
1281 3842 1368 3888 est
1397 3834 1506 3888 vita
1535 3834 1838 3899 hominum,
1875 3850 2149 3890 arumno-

568 3927 688 3984 sius
753 3933 849 3981 aut
906 3925 1239 3984 laboriosius
1295 3926 1430 3982 vidi.
1482 3924 1542 3981 In
1583 3927 1670 3983 his
1735 3929 1981 3986 carnales
2051 3945 2149 3984 eo-

570 4019 868 4091 gitationes
930 4019 1333 4090 parvipendens
1369 4035 1497 4076 vere
1541 4019 1850 4090 spiritualis
1879 4029 1936 4077 et
1967 4021 2152 4092 despi-

568 4113 724 4168 ciens
754 4110 1066 4182 Theologus
1098 4111 1328 4180 spiritus
1358 4111 1721 4182 cogitationes
1758 4111 2074 4182 magniﬁcat
2099 4119 2154 4167 et

572 4205 685 4263 Deo
711 4205 906 4277 dignas
939 4203 1154 4260 extollit
1204 4221 1220 4261 :
1271 4219 1508 4276 quorum
1545 4205 1763 4275 signum
1808 4214 1893 4260 est
1929 4219 2152 4260 crucem

572 4297 781 4354 Christi
817 4297 1014 4354 tollere
1045 4303 1100 4352 ct
1123 4303 1249 4367 post
1293 4296 1472 4368 ipsum
1515 4295 1570 4350 in
1616 4295 2070 4352 tribulationibus
2101 4304 2156 4350 et

574 4391 859 4447 laboribus
889 4389 1075 4460 sequi;
1110 4389 1166 4449 in
1218 4389 1478 4461 lacrymis
1502 4396 1558 4445 et
1602 4389 1898 4460 gemitibus
1930 4389 2022 4450 Dei
2059 4405 2157 4460 spe

575 4481 843 4554 liqueﬁeri
894 4491 949 4538 et
997 4497 1162 4552 super
1205 4483 1448 4537 cmlestis
1491 4480 1711 4539 Triadis
1766 4482 2150 4553 splendoribus

573 4575 851 4633 conlidere
887 4581 943 4630 et
975 4589 1004 4628 a
1039 4574 1276 4629 terrenis
1315 4572 1744 4644 cogitationibus
1795 4573 2011 4630 liberari
2059 4589 2155 4645 per

576 4668 834 4739 unaginis
861 4667 1154 4738 puritatem
1185 4675 1240 4722 et
1262 4666 1758 4738 incorruptionem.
1792 4666 1962 4724 Porro
1991 4669 2155 4723 vitam

576 4775 736 4832 agere
763 4759 998 4815 alienam
1048 4758 1117 4814 ab
1161 4757 1421 4823 humana,
1455 4765 1512 4814 et
1562 4774 1662 4829 pro
1707 4760 2026 4816 cmlestibus
2055 4763 2158 4816 hu-

576 4867 738 4908 mana
770 4851 1102 4922 relinquere.
1154 4851 1210 4906 in
1245 4859 1505 4922 promptu
1550 4851 1604 4906 id
1653 4861 1732 4908 cst
1780 4853 1991 4923 Optimo
2028 4849 2153 4908 cui-

575 4963 683 5015 que
739 4945 972 5011 homini,
1011 4945 1226 5000 ﬂrmum
1273 4949 1331 4999 ct
1387 4959 1576 4999 verum
1644 4945 1775 5000 illud
1831 4946 1884 5000 in
1937 4944 2158 5002 Christo

573 5038 704 5094 Jesu
739 5038 1010 5094 bonorum
1046 5035 1334 5108 principis.
1370 5035 1565 5090 Amen.

2237 2917 2346 2973 Kal
2379 2917 2514 2972 τόδε
2542 2914 2660 2988 σῆς
2693 2914 2943 2986 γενέτωρ
2967 2915 3393 2986 σοφίης,Λόγε,
3418 2930 3472 2966 κ.
3501 2929 3547 2964 τ.
3577 2911 3632 2965 ἐι.

2312 3009 2420 3062 Καὶ
2447 3007 2602 3062 τοῦτο
2631 3008 2730 3079 τῆς
2760 3007 2878 3078 σῆς,
2903 3001 2948 3061 ὦ
2979 3006 3158 3078 Πάτερ
3190 3005 3290 3059 καὶ
3309 3005 3466 3074 Λόγε,
3503 3001 3660 3072 σοφίας
3680 2997 3746 3052 καὶ

2242 3100 2571 3172 κηδεμονίας
2611 3099 2761 3167 ἄξιον
2786 3095 2876 3170 ἦν,
2919 3097 3098 3153 πάντα
3131 3098 3348 3152 ἄστατα
3376 3095 3466 3149 καὶ
3495 3093 3740 3163 εὐπερίτρε-

2247 3210 2355 3246 πτα
2385 3189 2522 3246 εἶναι
2569 3192 2664 3246 καὶ
2699 3191 2935 3244 ἀϐέϐαια
2979 3189 3048 3244 τὰ
3081 3187 3176 3242 τοῦ
3210 3187 3464 3260 σώματος
3491 3187 3543 3238 ὲν
3692 3179 3742 3249 τῷ

2247 3285 2436 3357 κόσμῳ
2470 3283 2718 3356 ποθητά,
2775 3283 2851 3347 ὡς
2902 3283 2969 3338 ἂν
3023 3282 3182 3336 τοῦτο
3233 3283 3480 3351 γνόντες,
3509 3277 3589 3331 καὶ
3624 3274 3739 3328 ruit:

2248 3379 2584 3450 παριδόντες,
2637 3377 2745 3433 τῶν
2801 3376 3051 3431 ἑστώτων
3100 3374 3193 3428 καὶ
3239 3373 3395 3445 παρά
3427 3372 3503 3424 σοὶ
3533 3367 3741 3439 ἀραρότως

2251 3471 2520 3542 μενόντων
2553 3469 2773 3539 ἀγαθῶν
2806 3469 2864 3522 ὲν
2909 3468 2986 3541 τῷ
3016 3468 3288 3540 πνεύματι
3320 3461 3652 3533 ἀσπασὼμεθα
3675 3458 3741 3523 τὴν

2249 3561 2456 3632 ἔφεσιν.
2512 3562 2715 3628 Πάντα,
2745 3560 2910 3632 φησὶν
2942 3563 2970 3615 ὁ
2994 3560 3375 3624 θεόπνευστος,
3407 3558 3519 3610 κατ’
3556 3550 3662 3612 εἶδος
3680 3545 3742 3599 τοῦ

2249 3653 2341 3708 νοῦ
2360 3652 2585 3726 πτέρυξι
2614 3654 3031 3726 ἐπεσκεψάμην,
3061 3654 3159 3708 ὅσα
3180 3669 3238 3707 τε
3267 3657 3386 3718 τοῖς
3414 3649 3563 3705 πάλαι
3581 3644 3739 3700 mitias

2248 3749 2361 3812 τοῖς
2393 3747 2533 3810 νέοις
2562 3745 2927 3818 ὲφιλοσοφήθη
2946 3761 2962 3779 ⁹
2992 3745 3144 3802 οὐδὲν
3172 3745 3228 3799 δὲ
3258 3746 3370 3800 τῶν
3410 3738 3663 3812 ἀνθρώπων
3680 3751 3742 3784 τε·

2250 3838 2676 3910 λαιπωρότερον,
2703 3837 2849 3894 τοῦτ’
2899 3837 3013 3891 ἔστι
3053 3835 3146 3894 τοῦ
3192 3835 3518 3908 ἀνθρωπίνου
3555 3829 3644 3900 βίον
3676 3839 3739 3894 μθ-

2251 3931 2580 4004 χθηρότερον
2611 3933 2644 4002 ἢ
2699 3929 3120 4002 ἐπιπονώτερον,
3143 3930 3240 4002 οὐχ
3273 3929 3489 3995 ἑώρακα
3516 3921 3653 3978 οὐδέν.
3682 3914 3739 3966 Ἐν

2251 4025 2464 4088 τούτοις
2489 4024 2551 4078 τὸ
2585 4025 2841 4096 σάρκινον
2875 4023 3132 4097 φρόνημα
3149 4017 3606 4094 κατασμικρύναςό
3630 4028 3737 4066 mtu-

2257 4117 2483 4189 ματικὺς
2513 4116 2594 4188 τῷ
2637 4116 2752 4171 ὄντι
2785 4116 2880 4171 καὶ
2907 4114 3573 4181 κατευτελίσαςΘεοὶόγος,
3605 4106 3650 4159 τὸ
3680 4099 3738 4154 τοῦ

2253 4209 2564 4280 πνεύματος
2593 4208 2848 4280 φρόνημα
2877 4207 3171 4280 μεγαλύνει
3203 4209 3298 4266 καὶ
3343 4203 3552 4268 Θειάζων
3577 4195 3736 4263 ἀνυψθθ

2254 4300 2323 4354 τά
2347 4300 2538 4354 τούτου
2563 4300 2618 4355 δὲ
2651 4297 2794 4354 εἶναι
2815 4301 3195 4372 γνωρίσματα,
3227 4299 3292 4355 τδ
3315 4301 3406 4355 τὸν
3442 4291 3632 4364 σταυρὸν
3651 4283 3738 4355 ἆραι

2257 4391 2516 4464 Χριστοῦ,
2564 4392 2658 4446 καὶ
2709 4393 2884 4447 ὀπίσω
2919 4391 3084 4446 αὐτοῦ
3122 4393 3181 4445 ὲν
3229 4391 3438 4463 θλίψεσι
3490 4384 3570 4442 καὶ
3615 4377 3738 4434 πόνοις

2256 4482 2571 4538 ἀκολουθεῖν
2587 4499 2601 4515 ο
2625 4482 2686 4538 τὸ
2711 4485 2768 4537 ἐν
2789 4483 3019 4556 δάκρυσι
3047 4483 3142 4537 καὶ
3169 4482 3482 4554 στεναγμοῖς
3497 4476 3594 4536 ταῖς
3613 4464 3736 4522 ἐλπίσι

2261 4575 2688 4649 προστετηκέναι
2734 4574 2828 4630 τοῦ
2881 4575 3040 4639 Θεοῦ,
3095 4577 3188 4630 καὶ
3240 4579 3307 4647 τῇ
3359 4575 3454 4644 τῆς
3495 4556 3735 4651 ἐπονρανὲιξ

2259 4666 2491 4740 Τριάδος
2537 4666 2743 4739 λάμψει
2789 4666 3139 4723 πεποιθέναι’
3193 4667 3290 4722 καὶ
3335 4663 3538 4720 λύεσθαι
3579 4655 3733 4744 tibi?”

2259 4759 2450 4830 γητνου
2499 4761 2849 4831 φρονήματος
2899 4761 2963 4832 τῇ
3013 4759 3267 4830 ἁγνότητι
3315 4758 3408 4812 καὶ
3453 4745 3642 4821 ἀφθορίξ

2260 4822 2487 4918 εἰκόνος,
2511 4822 2630 4925 ’ξῇν
2656 4822 2714 4906 de
2753 4822 2851 4923 τῆς
2879 4822 3225 4924 ἀνθρωπίνης
3263 4851 3405 4922 ζωῆς
3425 4846 3551 4914 ξένον
3575 4822 3732 4933 gilanti

2262 4943 2580 5016 ἀνθρώπινα
2605 4943 2716 4998 τῶν
2753 4943 3022 5016 οὐρανίων
3056 4943 3505 5014 διαμειϐομένους,
3529 4927 3649 5018 τοῦτῨ

2264 5014 2424 5090 πεδον
2458 5035 2650 5106 ἀγαθῷ
2676 5014 2950 5108 ἀνθρώπῳ
2982 5035 3075 5091 καὶ
3112 5035 3329 5107 βέϐαιον
3367 5032 3452 5108 καὶ
3483 5014 3729 5108 “nam?

575 5131 798 5204 Χριστῷ
842 5130 1016 5204 Ἰησοῦ
1145 5096 1254 5184 τῶν
1287 5129 1506 5199 ἀγαθῶν
1538 5128 1780 5201 χορηγῷ.
1817 5131 1871 5186 Ἀ
1884 5132 2008 5201 μὴν.
2040 5130 2176 5204 Περὶ
2232 5132 2333 5204 τῆς
2395 5096 2519 5187 τῶν.
2546 5096 2824 5203 παρόντων
2875 5096 3146 5193 εύτελείας
3203 5127 3296 5182 καὶ
3347 5103 3645 5199 ματαιότητοί
3677 5096 3730 5148 λό’

577 5242 674 5293 γος
710 5233 799 5280 ια’.

581 5319 880 5391 Comment.
935 5317 1272 5391 Aretinorum
1334 5316 1522 5390 Magni
1593 5317 1840 5391 Gregorii
1901 5318 2154 5391 Tlieologi

650 5389 950 5461 cariniuttm
989 5403 1008 5442 :
1047 5389 1411 5461 Beatitudiues
1464 5399 1513 5445 et
1557 5389 2028 5461 vitw‘spiritualis
2075 5405 2160 5444 re-

651 5458 809 5530 quire.
845 5457 1029 5534 Sermo
1059 5460 1420 5516 duodecimus.

654 5553 956 5622 Postquam
987 5531 1413 5609 commiseratus
1439 5540 1526 5606 est
1543 5538 1596 5609 et
1617 5533 1866 5625 despexit
1895 5531 2158 5621 humana,

583 5657 637 5702 et
663 5645 829 5715 hujus
853 5647 953 5701 τενί
971 5646 1215 5716 jucunda
1237 5657 1436 5703 cuncta
1454 5647 1872 5720 parvipependit
1900 5657 2158 5719 tanquam

585 5740 866 5797 instabilia
901 5748 954 5796 et
996 5741 1244 5812 mobilia,
1287 5742 1342 5797 in
1391 5743 1595 5814 quibus
1645 5740 1934 5812 prudentia
1972 5741 2194 5810 carnis.

2275 5315 2600 5408 ἐξῄτντςεξε
2640 5311 3278 5408 ξιξειξξεριξτιεςεηεεῦ
3309 5289 3728 5408 mm:

2326 5375 2465 5457 ῥίὸί)
2482 5375 2602 5441 ’τοῧ
2637 5375 3122 5457 Θεολύγρῦᾎέεῶν
3149 5383 3280 5457 (68).
3309 5375 3618 5457 ’Μακαρισμο

2336 5451 2462 5526 ὅροι
2495 5451 2911 5528 πνευματικοῦ
2927 5455 3314 5524 ,ϐίονπὶόγος
3346 5451 3435 5516 ιβ’.

2337 5505 2771 5614 Τῖιλανίσαςρκαὶ
2799 5505 3253 5620 κατασμικρύνας
3283 5545 3351 5599 τά
3379 5530 3646 5620 ἀνθρώπων

2263 5643 2334 5698 τά
2371 5643 2465 5698 τοῦ
2513 5610 2711 5707 αἰῶνος
2755 5640 2948 5696 τούτου
2977 5610 3187 5712 τερπνὰ
3226 5637 3400 5692 πάντα
3438 5615 3642 5699 “mm

2266 5737 2500 5793 ἀϐέϐαια
2534 5737 2629 5791 καὶ
2662 5701 3096 5808 εύπερίτρεπτα,
3143 5733 3200 5788 ὲν
3227 5724 3310 5795 οἷς
3353 5729 3409 5782 τὺ
3435 5716 3630 5792 φρόνημα
3661 5701 3722 5760 της

665 5899 778 5975 (68)
819 5901 999 5960 Carm.
1041 5901 1132 5971 16,
1169 5917 1220 5975 p.
1265 5901 1327 5957 91
1361 5899 1447 5958 cd.
1476 5898 1615 5968 Col.;
1643 5917 1695 5972 p.
1733 5899 1838 5956 918
1877 5898 1961 5955 cd.
1993 5897 2325 5967 Leuvencl.;
2368 5897 2451 5955 od.
2497 5912 2621 5954 nov.
2667 5911 2720 5967 p.
2762 5893 2882 5948 187.
