3814 6536
45 436 131 492 765
1035 417 1103 473 ΙΝ
1142 417 1449 475 CABMINA
1489 414 1764 475 ABCANA
1809 415 1868 471 S.
1908 410 2261 471 CREGORH.

45 552 218 627 σαρκὸς
243 547 500 620 κραταιοῦ
512 562 692 616 μενον,
728 543 805 614 τῷ
826 542 944 614 Θεῷ
978 542 1398 597 ἀντιτάσσεσθαι
1425 543 1601 596 ἀπαυ-

45 646 308 709 θαδίζεται,
347 640 434 693 διά
468 639 577 691 τῶν
610 636 987 709 προκειμένων
1013 636 1218 689 τούτων
1253 635 1401 688 ἐπῶν
1433 636 1461 688 6
1502 651 1604 705 μα-

43 733 347 808 καριώτατος
378 728 652 799 ίερολόγος
692 726 786 781 τοῦ
816 724 1172 795 εύαγγελικοῦ
1204 725 1371 795 νόμου
1402 723 1468 777 τὰ
1511 740 1601 779 κε-

42 830 217 900 φάλαια
256 825 347 877 καὶ
385 821 481 875 τοῦ
521 821 866 892 φρονήματος
895 818 991 871 τοῦ
1039 817 1353 889 πνεύματος
1386 816 1485 887 τὴν
1519 817 1602 880 είς

46 922 119 975 ἀεὶ
141 915 489 987 διαμένουσαν
518 912 675 977 δόξαν
716 907 1024 979 ὐπαυγάζει
1058 908 1151 963 καὶ
1182 908 1281 978 τὴν
1319 907 1495 977 ἰσχὺν,
1519 903 1600 975 τῷ

43 1005 432 1080 θεαρχικωτάτῳ
472 1003 570 1075 μὲν
611 1000 792 1071 Ἰησοῦ
822 999 1144 1072 ὁμοφρόνως
1176 999 1272 1052 καὶ
1297 995 1600 1068 ὁμοφώνως

44 1098 355 1174 μακαρίζων,
397 1096 494 1149 καὶ
523 1094 752 1166 πλήρεις
781 1092 1004 1162 ἀγαθῶν
1046 1089 1439 1163 ἀνακηρύττων
1470 1089 1599 1152 τοὺς

40 1197 89 1249 ιν
131 1188 345 1261 ἀληθείᾳ
383 1185 594 1251 ζῶντας
640 1185 673 1257 ἢ
718 1184 984 1256 ζήσοντας
1026 1183 1143 1255 (οὓς
1190 1183 1447 1246 κάκεῖνος
1498 1178 1596 1236 τοῦ

45 1279 346 1351 [εὐαγγελίου
395 1276 805 1347 καταρχόμενος
850 1274 1188 1345 ἐμακάρισεν
1232 1274 1261 1326 6
1314 1272 1595 1343 Χριστὸς),

41 1380 175 1447 ὅρους
203 1373 256 1426 δὲ
287 1370 363 1443 τῷ
391 1371 505 1424 δντι
534 1366 905 1439 πνευματικοῦ
930 1366 1045 1438 βίου
1072 1368 1167 1421 καὶ
1196 1367 1401 1421 τελείου
1430 1365 1598 1431 τιθεὶς

42 1461 196 1532 ἑαυτῷ
226 1460 325 1531 τῆς
371 1462 429 1513 ἐν
471 1458 663 1529 κόσμῳ
705 1456 801 1510 καὶ
841 1455 921 1526 τῷ
961 1454 1174 1526 σώματι
1205 1456 1381 1526 τούτῳ
1411 1456 1594 1527 ζωῆς,

42 1558 115 1611 ἴνα
142 1553 230 1607 καὶ
255 1552 354 1623 τὴν
394 1552 611 1622 ποίησιν
634 1551 731 1602 καὶ
767 1548 866 1620 τὴν
898 1548 1100 1612 δίδαξιν
1130 1550 1228 1619 τῆς
1259 1551 1597 1621 Δεσποτικῆς

41 1646 390 1719 παραδείξειεν
444 1642 686 1714 ἐντολῆς,
724 1637 806 1706 οἷς
852 1643 881 1695 6
926 1642 1115 1711 Μέγας
1163 1642 1385 1713 κληθεὶς
1429 1645 1486 1696 ἐν
1526 1646 1592 1716 τῇ

38 1742 129 1794 τῶν
154 1737 390 1810 οὐρανῶν
433 1736 683 1807 βασιλείᾳ
718 1734 903 1804 σαφῶς
938 1737 1440 1808 χαρακτηρίζεταν
1476 1737 1597 1790 ῐδω-

42 1851 126 1907 μεν
160 1830 211 1884 δέ
258 1828 679 1900 κεκομψευμένῃ
729 1824 871 1890 λέξει
904 1826 1002 1898 τὴν
1029 1827 1390 1899 εύαγγελικὴν
1421 1828 1590 1882 θεολοο

38 1928 162 1997 γίαν.

44 2043 276 2109 Ὄλϐιος,
300 2037 468 2101 ὅστις
501 2033 725 2105 ἔρημον
751 2034 1062 2106 ἔχειβίον,
1095 2054 1147 2090 κ.
1182 2054 1229 2089 τ.
1262 2035 1307 2090 λ.

97 2148 253 2217 Οὗτος
284 2153 467 2224 ἔμοιγε
499 2148 731 2226 πρώτως
764 2150 1000 2223 ὑπάρχει
1034 2152 1393 2222 μακαριστὸς,
1422 2153 1450 2204 6
1474 2150 1592 2204 θεο-

44 2244 482 2318 μακαριστότατος·
558 2241 912 2311 θεοφθόγγοις
985 2241 1173 2296 έπεσιν
1237 2242 1596 2308 ἀποφαίνεται

43 2339 333 2410 Γρηγόριος,
364 2336 423 2401 ὃς
452 2336 544 2390 τοῦ
579 2334 810 2407 ματαίου
841 2334 951 2387 τῶν
981 2333 1282 2407 ἀνθρώπων
1314 2334 1427 2405 βίου
1460 2335 1597 2389 ὑπα-

41 2428 431 2501 νακεχωρηκὼς,
457 2428 690 2499 ἄμικτόν
713 2444 774 2480 τε
799 2425 893 2481 καὶ
920 2425 1281 2495 ἀκοινώνητον
1306 2427 1443 2498 πρὸς
1471 2427 1598 2481 ἀσε-

42 2524 139 2585 tisi;
167 2523 259 2575 καὶ
288 2521 644 2592 ἁμαρτωλοὺς
673 2518 916 2583 διαϐιοὺς
945 2516 1077 2589 βίον,
1111 2518 1312 2572 ἑθέωσε
1346 2519 1437 2572 16v
1469 2520 1595 2573 ἐαυ-

42 2617 121 2671 τοῦ
151 2616 273 2669 νοῦν
305 2613 591 2685 ἀχράντοις
627 2610 847 2682 ἐφέσεσι
872 2614 992 2675 ταῖς
1030 2611 1168 2684 πρὸς
1211 2611 1299 2665 τὸν
1332 2610 1464 2665 Θεὸν
1503 2611 1596 2665 καὶ

41 2708 257 2778 ὁμιλίαις
279 2722 293 2737 ο
326 2706 595 2776 μακάριος
627 2703 684 2757 δὲ
717 2705 811 2757 καὶ
838 2703 897 2767 ὃς
927 2704 1130 2775 μεταξὺ
1160 2704 1269 2757 τῶν
1293 2703 1596 2775 ἀνθρώπων

42 2800 105 2870 τῷ
126 2799 269 2870 τόπῳ
292 2799 383 2852 καὶ
407 2797 486 2869 τῷ
515 2796 731 2868 σώματι
759 2795 1231 2867 ἀναστρεφόμενος
1254 2837 1269 2862 ,
1297 2797 1364 2867 τῇ
1404 2795 1597 2849 εύστα-

42 2894 143 2965 θείᾳ
186 2893 279 2947 τοῦ
322 2891 411 2946 νοῦ
452 2892 515 2945 τὸ
568 2890 822 2962 μονάζειν
865 2888 1303 2960 κατωρθώσατο,
1352 2889 1447 2943 καὶ
1487 2890 1597 2943 τῶν

42 2987 278 3060 μυσαρῶν
308 2986 758 3058 ἐπιτηδευμάτων
782 2984 1311 3057 ἀπαλλοτριούμενος
1336 2986 1465 3056 ὅλην
1506 2987 1598 3040 αύ-

39 3082 115 3134 τοῦ
137 3081 226 3152 τὴν
255 3080 479 3152 καρδίαν
506 3079 595 3133 διὰ
624 3078 933 3151 προσευχῆς
970 3078 1174 3150 συνῆψε
1203 3078 1281 3150 τῷ
1306 3079 1445 3150 Θεῷ.
1477 3081 1600 3133 Μα-

40 3177 220 3247 κάριος,
258 3175 313 3237 ὃς
337 3173 557 3227 πάντων
579 3166 653 3227 ὧν
678 3190 809 3225 ποτε
844 3169 956 3242 εἷχε
985 3171 1281 3241 κτημάτων
1314 3172 1346 3243 ἢ
1381 3189 1484 3243 χρη
1494 3172 1599 3243 μά-

37 3288 127 3323 των
162 3270 509 3338 ἀντωνήσατο
552 3266 820 3337 Χριστὸν,
855 3266 951 3318 καὶ
994 3266 1155 3336 μόνον
1198 3265 1375 3335 ἑαυτῷ
1407 3265 1596 3321 ὑπελί-

40 3377 151 3413 πετο
195 3358 382 3430 κτῆμα
429 3355 523 3410 τὸν
573 3356 829 3428 σταυρὸν,
874 3348 919 3423 ᾧ
963 3355 1057 3410 καὶ
1100 3356 1185 3427 ζῇ,
1225 3357 1321 3409 καὶ
1366 3356 1458 3410 ἐπὶ
1488 3357 1598 3410 τῶν

38 3448 179 3518 ὤμων
208 3448 345 3519 ἄρας
376 3445 514 3516 ὑψοῦ
537 3485 551 3510 ,
595 3447 1034 3517 ἀμεταστρεπτεὶ
1072 3445 1151 3516 τῷ
1194 3448 1598 3520 ἐσταυρωμένῳ

39 3541 313 3596 ἀκολουθεῖ.
348 3539 638 3611 Μακάριος
665 3539 760 3591 καὶ
789 3538 846 3602 ὃς
880 3538 987 3591 τῶν
1017 3537 1275 3607 καθαρῶς
1312 3539 1463 3611 αὐτῷ
1504 3541 1598 3594 καὶ

39 3634 234 3697 δικαίως
261 3629 796 3703 προσγεγενημένων
824 3631 1070 3703 κτήσεων
1102 3629 1290 3699 κύριος
1320 3630 1416 3695 ὢν,
1441 3634 1600 3704 χεῖρα

39 3725 151 3778 Θεοῦ
192 3723 573 3794 φιλάνθρωπον
608 3724 900 3793 μιμεῖται,
942 3724 1055 3786 τοῖς
1106 3723 1341 3777 ἐνδεέσιν
1398 3725 1599 3796 ἱλαρῶς

39 3818 529 3888 ἐπιδαψιλευόμενος
557 3855 572 3881 ,
624 3817 722 3868 καὶ
774 3817 833 3867 ἐν
882 3818 995 3878 τοῖς
1051 3815 1355 3888 ἀλλοτρίοις
1406 3818 1598 3882 πιστὸς

40 3906 498 3977 ἀποδεικνύμενος,
527 3903 623 3959 καί⁵
644 3903 721 3967 ὡς
750 3903 1015 3975 φρόνιμος
1042 3905 1327 3975 οἰκονόμος
1353 3908 1601 3961 ἐπαινού-

38 4016 192 4068 μενος.
242 3998 390 4071 Πρὸς
414 3996 626 4061 τούτοις
661 3997 934 4068 μακάριος
974 3999 1003 4050 6
1044 3997 1136 4053 τὸν
1180 3997 1510 4069 παρθενικὸν
1541 4018 1599 4053 τε

37 4092 115 4144 καὶ
142 4092 309 4161 ἄζυγα
346 4090 456 4144 τῶν
498 4089 868 4161 μακαρτάτων
919 4089 1308 4161 μεμιμημένος
1370 4091 1595 4161 τρόπον’

36 4183 76 4235 οἶ
98 4184 188 4254 τῆς
225 4182 431 4256 σαρκὸς
460 4184 642 4237 πᾶσαν
669 4181 967 4235 εὐπάθειαν
997 4183 1092 4237 καὶ
1120 4182 1331 4254 τρυφὴν
1369 4184 1599 4238 ἀποσει-

38 4272 263 4343 σάμενοι,
307 4276 380 4344 τῇ
430 4271 538 4325 τῶν
580 4271 769 4325 παθῶν
816 4272 987 4343 αὐτῆς
1023 4273 1400 4346 ἀπονεκρώσει
1432 4277 1597 4344 ἐγγὺς

34 4364 118 4433 τῆς
149 4365 300 4433 ἁγίας
320 4364 592 4435 Θεότητος
618 4364 677 4417 ἐν
700 4362 777 4435 τῷ
803 4362 1076 4434 πνεύματι
1100 4363 1446 4437 γεγένηνται.
1480 4369 1601 4422 Μα-

36 4455 197 4524 κάριος
242 4456 335 4507 καὶ
383 4445 542 4515 οὗτος
580 4452 698 4523 μετ’
746 4453 993 4525 ἐκείνους
1035 4455 1064 4507 6
1106 4452 1328 4524 θεσμοῖς
1371 4456 1467 4525 μὲν
1501 4455 1596 4508 τοῦ

36 4545 187 4613 γάμου
232 4544 325 4599 καὶ
367 4543 556 4613 νόμοις
603 4542 740 4615 πρὸς
773 4542 952 4611 ὀλίγον
989 4542 1270 4609 ὑπενδοὺς,
1305 4543 1398 4601 καί
1427 4562 1490 4615 γε
1535 4544 1598 4598 16

35 4637 170 4705 χρέος
201 4636 301 4707 τῆς
342 4636 695 4700 παιδοποιίας
744 4634 1229 4706 ἀφοσιωσάμενος,
1277 4637 1377 4707 τὴν
1426 4638 1597 4692 πλείω

34 4728 77 4780 δὲ
111 4732 292 4801 μοῖραν
324 4728 420 4782 τοῦ
452 4727 651 4802 ἔρωτος
678 4726 984 4799 θυσάμενος
1008 4728 1252 4802 Χριστῷ.
1280 4730 1593 4801 Μακάριος.

33 4817 81 4880 ὃς
115 4819 171 4871 τὸ
206 4820 403 4891 κράτος
447 4819 543 4872 καὶ
584 4818 684 4889 τὴν
719 4818 977 4884 ἐξουσίαν
1023 4819 1445 4892 ἀναδεδεγμένος
1499 4823 1595 4878 τοῦ

33 4907 142 4963 λαοῦ
171 4910 257 4964 διὰ
285 4911 381 4965 τοῦ
414 4910 513 4982 τῆς
539 4910 691 4975 θείας
728 4909 1012 4983 ίεραρχίας
1046 4911 1405 4984 καθηγεῖσθαι
1425 4955 1440 4977 ,
1475 4919 1597 4981 ταῖς

36 5001 403 5070 εὐαγεστάταις
438 5004 532 5058 καὶ
561 5006 735 5075 ἱεραῖς
774 5004 1180 5077 τελετουργίαις
1222 5006 1313 5059 τὸν
1362 5009 1596 5079 Χριστὸν

34 5095 127 5156 τοῖς
151 5095 456 5166 ἀνθρώποις
485 5097 843 5151 καταλλάττει
863 5096 958 5149 καὶ
978 5097 1595 5172 ἐξιλεοῦται.Μακάριος

33 5182 78 5239 δὲ
98 5188 180 5241 καὶ
206 5182 379 5252 οὗτος,
409 5188 468 5253 ὃς
491 5189 553 5242 ού
582 5188 841 5259 ποιμένος
872 5187 905 5259 ἢ
939 5188 1147 5261 πατρὸς
1181 5189 1336 5260 λόγον
1358 5190 1591 5263 ἐπέχων,

33 5278 196 5333 τέκνον
223 5280 278 5334 δὲ
301 5284 403 5356 τῆς
451 5280 778 5352 Ἐκκλησίας
808 5280 903 5334 καὶ
929 5281 1027 5352 τῆς
1058 5280 1297 5353 ποίμνης
1325 5283 1592 5356 ἐξοχώτα-

34 5387 109 5433 τος
146 5371 216 5425 ῶν
241 5414 258 5439 ,
295 5374 373 5437 ὡς
423 5373 524 5445 τὴν
556 5372 662 5427 τῶν
706 5372 994 5444 προνόμων
1042 5371 1227 5445 χώραν
1270 5373 1449 5446 λαχὼν
1500 5376 1594 5430 καὶ

34 5464 126 5516 τῶν
151 5467 453 5538 ὑφειμένων
501 5465 945 5539 καθηγούμενος,
990 5467 1216 5540 θρέμμα
1256 5468 1592 5526 τελειότατον

36 5553 247 5629 ὑπάρχει
269 5560 530 5630 Χριστοῦ.
557 5559 828 5631 Ἐτιπρὸς
851 5561 965 5622 τοῖς
986 5560 1298 5631 εἰρημένοις
1323 5562 1594 5634 μακάριος

36 5647 102 5717 τῷ
120 5650 225 5704 ὄντι
248 5653 343 5705 καὶ
376 5652 636 5723 ζηλωτὸς,
666 5651 725 5716 ὃς
755 5652 1146 5723 καθαρωτάτου
1177 5652 1270 5705 καὶ
1295 5654 1591 5722 ἀγνοτάτου

38 5743 140 5807 νοὸς
169 5747 363 5817 ἐρωαῖς
399 5748 492 5800 καὶ
521 5748 860 5819 ὁρμήμασιν,
887 5749 1006 5819 ἤτοι
1036 5750 1251 5819 νοεραῖς
1286 5747 1543 5819 θεωρίαις
1575 5790 1589 5815 ,

36 5836 129 5889 τῶν
155 5840 551 5913 ὑπερουρανίων
580 5841 672 5895 καὶ
698 5839 992 5911 ἀφράστων
1016 5842 1111 5909 τῆς
1135 5840 1363 5911 Τριάδος
1388 5842 1590 5912 ἐλλάμ-

36 5930 163 6003 ψιωδ
187 5934 249 5989 τὰ
281 5935 449 6009 κάλλη
475 5936 565 5993 καὶ
591 5935 683 6001 τὰς
703 5935 1091 6009 λαμπρότητας
1114 5937 1587 6011 καταστράπτεται

3190 400 3296 461 766

1707 539 2007 611 praevalens
2068 535 2181 591 Deo
2235 532 2497 588 resistere
2541 530 2775 601 superbe
2829 529 3141 595 contendit,
3198 546 3296 601 pr:

1703 629 1873 684 allata
1907 625 2155 682 carmina
2201 623 2306 678 ista
2360 620 2716 677 beatissimus
2761 635 2859 691 pro
2893 619 3004 674 Deo
3029 622 3297 675 sermoci-

1703 728 1868 777 nator
1896 716 2241 788 Evangelicae
2268 715 2405 786 legis
2434 713 2616 784 capita
2646 719 2702 767 et
2733 711 3037 782 prudentia:
3064 712 3295 782 spiritus

1703 813 1935 885 gloriam
1970 811 2026 867 in
2063 818 2332 866 aeternum
2368 814 2680 861 manentem
2708 805 2965 873 illustrat
3003 810 3060 859 et
3099 803 3293 868 robur,

1700 905 2038 976 cogitatione
2067 901 2288 974 quidem
2324 898 2517 954 eadem
2553 904 2607 952 et
2631 910 2765 951 voce
2810 910 2919 965 qua
2963 910 3178 951 summe
3208 896 3294 949 di-

1696 998 1864 1054 vinus
1895 996 2083 1059 Jesus,
2113 992 2392 1050 beatiticat
2421 1003 2475 1047 et
2508 991 2672 1046 bonis
2710 988 3057 1043 abundantes
3090 986 3292 1058 praedi-

1698 1097 1790 1145 oat
1819 1089 1945 1145 illos
1982 1088 2079 1159 qui
2128 1088 2187 1141 in
2230 1085 2460 1139 veritate
2491 1081 2779 1136 ambulant
2806 1088 2860 1136 et
2911 1078 3290 1143 ambulabunt,

1700 1197 1839 1254 quos
1895 1188 1951 1237 et
2010 1181 2130 1251 ipse
2196 1176 2552 1248 Evangelium
2628 1173 2897 1230 inchoans
2963 1170 3295 1226 heatificavit

1697 1274 1976 1336 Christus,
2011 1271 2235 1344 regulas
2273 1284 2401 1324 vere
2443 1266 2749 1338 spirituaiis
2793 1272 2847 1320 et
2891 1264 3145 1335 perfectas
3170 1263 3295 1318 vitm

1698 1382 2015 1441 proponens
2046 1364 2148 1420 sibi
2182 1363 2238 1419 in
2274 1361 2472 1417 diebus
2501 1358 2671 1429 hujus
2699 1357 2887 1413 mundi
2922 1364 2978 1413 et
3008 1355 3285 1425 corporis.

1701 1470 1763 1517 ut
1804 1460 2095 1516 facientem
2141 1457 2543 1526 docentemque
2594 1452 2881 1509 Dominica
2928 1451 3189 1506 mandata
3232 1465 3294 1506 se

1695 1553 2011 1612 ostenderet
2042 1571 2054 1606 :
2094 1551 2178 1607 his
2203 1547 2435 1620 Magnus
2465 1556 2696 1603 vocatus
2724 1546 2791 1601 ad
2823 1559 2993 1616 regna
3022 1544 3290 1599 ccelorum

1698 1653 1887 1716 aperte
1918 1642 2282 1713 signiﬁcatur.
2315 1637 2614 1695 Videamus
2642 1637 2811 1711 igitur
2833 1642 3053 1708 compto
3070 1633 3293 1707 eloquio

1696 1735 2073 1809 evangelicum
2113 1745 2445 1790 sermonem.

1632 2104 1643 2111 _
1706 2040 1903 2098 Beatus
1930 2043 2020 2114 qui
2050 2041 2106 2096 in
2132 2041 2422 2097 solitudine
2450 2039 2614 2113 degit,
2646 2048 2751 2097 etc.

1770 2155 1864 2211 Ille
1905 2154 2039 2209 mihi
2085 2154 2265 2225 primo
2309 2154 2504 2209 beatus
2551 2159 2798 2225 apparet,
2855 2150 3098 2207 declarat
3157 2164 3292 2205 voce

1700 2248 1811 2305 Deo
1845 2248 2009 2320 digna
2044 2246 2366 2317 Gregorius,
2407 2246 2725 2302 beatudinis
2758 2244 2959 2299 divinae
2979 2243 3139 2298 valde
3163 2260 3291 2313 par-

1700 2342 1899 2412 ticeps,
1929 2339 2022 2410 qui
2053 2354 2083 2392 a
2117 2354 2257 2392 vana
2283 2336 2569 2392 hominum
2604 2337 2713 2391 vita
2745 2336 3016 2407 gradatim
3048 2340 3290 2389 retroce-

1698 2435 1856 2501 dens,
1892 2448 1952 2490 se
1996 2449 2104 2488 non
2146 2431 2407 2503 jungens,
2459 2430 2709 2500 nihilque
2752 2443 3046 2484 commune
3080 2426 3289 2483 habens

1697 2543 1822 2584 eum
1871 2524 2057 2597 impiis
2115 2533 2281 2595 atque
2340 2523 2749 2595 peccatoribus,
2791 2521 2960 2575 vitam
3015 2520 3192 2584 duxit,
3238 2527 3291 2573 et

1699 2622 1851 2693 puris
1890 2619 2182 2677 desideriis
2229 2619 2296 2674 ad
2352 2616 2520 2673 Deum
2578 2625 2746 2688 atque
2801 2614 3082 2671 consortio
3131 2627 3288 2669 suam

1696 2715 1973 2770 deificavit
2005 2722 2265 2769 mentem.
2304 2712 2505 2768 Beatus
2538 2721 2592 2767 et
2629 2710 2721 2781 qui
2773 2709 2917 2765 inter
2967 2708 3218 2763 homines
3258 2722 3289 2759 ιι

1698 2809 1818 2863 loco
1845 2816 1898 2861 et
1931 2821 2164 2877 corpore
2195 2822 2254 2862 se
2294 2804 2629 2861 subtrahens
2660 2803 2726 2856 ad
2769 2802 2913 2857 hona
2943 2799 3171 2871 spiritus
3201 2799 3289 2852 in-

1696 2900 1895 2965 tendit,
1950 2896 2303 2953 solitudinem
2356 2894 2589 2950 feliciter
2641 2890 2883 2946 obtinuit
2930 2897 2985 2945 et
3038 2903 3068 2943 a
3132 2887 3290 2943 dete-

1696 2992 1914 3048 standis
1941 2988 2297 3060 apparatibus
2320 2986 2535 3041 alienus
2570 2983 2770 3049 factus,
2798 2990 2968 3037 totum
3004 2997 3101 3036 cor
3124 2996 3286 3035 suum

1696 3100 1793 3155 per
1819 3097 2011 3153 preces
2051 3080 2160 3136 Deo
2188 3078 2496 3149 conjunxit.
2533 3074 2735 3131 Beatus
2767 3074 2860 3144 qui
2894 3073 3139 3128 omnium
3168 3085 3290 3141 qua

1697 3175 1891 3235 habuit
1918 3171 2333 3243 possessionum
2374 3177 2469 3223 aut
2500 3167 2772 3222 bonorum
2807 3166 2982 3237 pretio
3004 3165 3287 3218 Christum

1696 3264 1989 3336 acquisivit
2023 3270 2078 3317 et
2110 3261 2214 3318 sibi
2255 3259 2356 3330 ipsi
2395 3259 2568 3314 solam
2612 3256 3019 3329 possessionem
3064 3269 3286 3309 crucem

1697 3356 1942 3425 reliquit,
1979 3354 2066 3407 cui
2099 3360 2154 3408 et
2198 3350 2351 3416 vivit,
2386 3364 2551 3418 quam
2598 3355 2652 3403 et
2701 3362 2867 3417 super
2893 3347 3149 3400 humeros
3177 3344 3286 3400 alte

1699 3450 1898 3503 tollens
1938 3461 2038 3500 nec
2094 3452 2241 3499 retro
2289 3441 2568 3512 aspiciens
2613 3440 2938 3495 crucifixum
2999 3439 3284 3507 sequitur.

1698 3541 1899 3596 Beatus
1956 3548 2009 3594 et
2062 3536 2157 3607 qui
2207 3536 2477 3589 honorum
2520 3546 2643 3602 qua:
2711 3531 2818 3601 ipsi
2861 3532 3181 3599 incorrupte
3232 3536 3287 3584 et

1690 3634 1839 3703 juste
1864 3628 2173 3702 superadjei
2194 3636 2245 3681 ta
2278 3633 2407 3681 sunt
2440 3624 2702 3680 dominus
2723 3664 2737 3687 ,
2781 3638 3002 3677 manum
3035 3621 3127 3677 Dei
3156 3636 3286 3693 erga

1697 3725 1953 3780 homines
1996 3721 2309 3776 munificam
2359 3717 2630 3779 imitatur,
2672 3715 2964 3787 egentibus
3007 3713 3200 3769 hilaris
3232 3722 3287 3768 et

1697 3820 1881 3889 largus
1916 3816 2077 3870 dator
2107 3822 2162 3869 et
2204 3813 2261 3867 in
2296 3810 2492 3867 alienis
2536 3810 2712 3866 ﬁdelis
2747 3809 3028 3871 inventus,
3076 3814 3131 3861 et
3162 3814 3287 3861 Ian-

1698 3926 1859 3982 quam
1884 3908 2129 3980 prudens
2168 3904 2391 3960 villicus
2437 3905 2715 3959 laudatus.
2751 3902 2930 3973 Super
2962 3902 3048 3956 his
3092 3902 3285 3957 beatus

1696 4003 1790 4075 qui
1822 4000 2146 4071 virginalem
2178 4007 2234 4054 et
2267 3997 2522 4053 cmlibem
2558 3996 3005 4051 beatissimorum
3039 3995 3284 4049 imitatus

1694 4103 1782 4152 est
1810 4108 2041 4158 morem,
2075 4091 2171 4161 qui
2206 4090 2392 4145 carnis
2430 4089 2889 4143 consuetudinem
2931 4102 3148 4143 onmem
3187 4086 3286 4141 de-

1694 4183 1962 4254 liciasque
2007 4180 2350 4251 abjeccrunt,
2396 4188 2450 4235 et
2496 4180 2684 4234 carnis
2722 4180 3057 4249 voluptatem
3092 4176 3284 4231 morti-

1698 4276 1949 4329 ficatione
1972 4273 2205 4344 proximi
2238 4272 2552 4327 Divinitatis
2596 4273 2902 4326 castitatem
2942 4270 3181 4325 amantis
3226 4269 3281 4324 in

1699 4368 1892 4438 spiritu
1925 4364 2056 4421 facti
2089 4376 2237 4422 sunt.
2265 4364 2466 4423 Beatus
2493 4374 2546 4421 et
2572 4373 2697 4436 post
2727 4366 2863 4421 istos
2886 4365 2978 4435 qui
3008 4379 3038 4417 a
3071 4363 3283 4433 legibus

1697 4461 2055 4531 moribusque
2099 4459 2430 4515 matrimonii
2468 4459 2538 4514 ad
2576 4459 2851 4514 modicum
2879 4468 3096 4530 tempus
3131 4472 3282 4512 rece-

1696 4553 1854 4614 dens,
1891 4553 2135 4608 debitum
2186 4553 2394 4623 prolem
2450 4553 2745 4623 generandi
2795 4552 3021 4607 remittit
3061 4560 3116 4606 et
3163 4566 3281 4605 ma-

1691 4647 1869 4718 jorem
1901 4646 2107 4701 amoris
2140 4653 2349 4714 partem
2376 4646 2598 4702 Christo
2621 4654 2929 4702 consecrat.
2962 4645 3159 4701 Beatus
3187 4646 3280 4715 qui

1695 4740 2020 4796 auctoritate
2055 4750 2108 4795 et
2141 4747 2414 4807 potestate
2446 4755 2614 4810 super
2659 4740 2920 4810 populum
2963 4747 3188 4810 accepta
3221 4745 3280 4791 ut

1694 4831 1858 4887 ducat
1912 4846 2009 4901 per
2059 4830 2443 4886 sanctissimas
2490 4833 2864 4903 mystieasque
2914 4830 3112 4885 divinae
3167 4831 3281 4885 hie-

1693 4922 1927 4978 rarchiaa
1975 4922 2321 4992 disciplinas,
2367 4922 2591 4977 Christo
2653 4922 2969 4977 reconciliat
3004 4922 3277 4985 homines,

1697 5014 2147 5083 Salvatoremque
2207 5014 2501 5084 propitium
2559 5013 2759 5069 reddit.
2826 5013 3024 5068 Beatus
3074 5021 3127 5069 et
3190 5015 3282 5070 illo

1693 5107 1786 5178 qui
1822 5105 2063 5177 pastoris
2106 5113 2202 5159 aut
2240 5105 2414 5174 patris
2449 5120 2656 5160 morem
2695 5121 2802 5160 non
2842 5107 3106 5169 retinens,
3134 5106 3280 5161 filius

1693 5195 1954 5253 Ecclesiae
1978 5202 2033 5251 et
2052 5195 2216 5252 ovilis
2240 5196 2558 5266 prrccellens
2581 5205 2689 5261 est,
2718 5197 3048 5268 optimarum
3074 5212 3280 5266 pascua

1693 5290 1879 5346 ovium
1912 5289 2123 5344 invenit
2167 5295 2223 5344 et
2270 5288 2573 5345 imbecilles
2620 5290 2793 5355 ducit,
2843 5290 3281 5361 perfectissimus

1694 5379 1813 5451 ipse
1843 5379 2100 5434 alumnus
2129 5377 2360 5434 Christi.
2402 5378 2499 5435 llis
2528 5380 2690 5436 dictis
2715 5381 2909 5437 beatus
2940 5381 3123 5436 adhuc
3151 5396 3280 5436 vere

1691 5480 1749 5528 et
1776 5471 1976 5542 dignus
2004 5471 2095 5525 cui
2144 5470 2475 5536 invideatur,
2516 5473 2611 5540 qui
2662 5472 3036 5538 mundissimi,
3071 5484 3124 5529 et
3154 5488 3278 5529 cas-

1691 5563 1893 5619 tissimi
1920 5563 2147 5634 spiritus
2182 5564 2474 5620 ardoribus
2495 5573 2549 5623 et
2574 5567 2864 5623 conatibus
2895 5577 2989 5620 aut
3020 5568 3279 5637 spiritua-

1694 5656 1838 5712 libus
1891 5655 2340 5712 meditationibus
2410 5657 2698 5715 Trinitatis
2745 5660 3275 5731 niagniﬁccntiarum

1693 5763 1861 5820 super
1881 5749 2052 5804 caelos
2082 5757 2135 5803 et
2172 5763 2337 5820 super
2374 5766 2590 5808 omnem
2624 5767 2930 5807 sermonem
2968 5750 3277 5821 pulchritu-

1696 5841 1853 5896 dines
1901 5848 1957 5896 et
2008 5840 2332 5911 splendores
2369 5851 2644 5899 scrutatur
2688 5852 2743 5897 ιιι
2793 5852 3040 5918 penetrat
3073 5843 3277 5903 lumine

1694 5936 1879 5995 divino
1932 5935 2325 5996 circumfusus.
2363 5938 2559 5995 Beatus
2592 5946 2643 5993 et
2698 5939 2788 6009 qui
2836 5954 3062 6010 operose
3113 5938 3274 6000 bene-
