3818 6500
51 371 146 426 773

42 493 126 559 τῆς
154 485 317 540 αὑτοῦ
357 484 599 556 κρίσεως
631 480 868 553 ἡμέραν.
917 477 1104 532 Ταῦτα
1131 478 1311 532 πάντα
1336 517 1351 540 ,
1387 472 1552 548 φησὶν
1589 477 1620 529 6

45 580 166 650 ἱερὸς
210 579 368 646 λόγος
391 617 406 638 ,
460 577 523 628 ού
575 576 688 638 τοῖς
742 573 877 644 μὲν,
911 573 1024 635 τοῖς
1061 571 1108 624 δ’
1140 569 1234 632 οὒ,
1273 568 1411 624 ἀλλά
1451 568 1618 622 πᾶσιν

43 672 215 740 aptata
271 667 370 719 καὶ
422 665 696 734 λυσιτελῆ,
756 662 850 716 καὶ
907 661 1111 732 ὁμοίως
1161 661 1328 712 πᾶσιν
1384 657 1618 729 ἁρμόδια

44 764 227 829 tsi-suits
261 760 623 830 Χριπιανοῖς
653 774 666 787 ο
696 757 745 808 ει
773 755 817 808 δ’
839 756 1018 826 ἄκρην
1050 751 1250 815 τελέως
1282 751 1381 814 ἴοις
1408 750 1615 822 τρίϐον,

42 854 162 908 τοῦτ’
209 852 400 912 εστιν,
451 853 504 903 εἰ
551 849 609 902 δὲ
649 847 750 916 τὴν
797 845 1108 917 ἀκροτάτην
1142 843 1237 898 καὶ
1269 840 1618 910 τελειοτάτην

43 945 160 999 κατά
201 943 444 1012 θεωρίαν
490 941 638 1010 φημὶ
677 939 772 992 καὶ
816 936 1016 1009 πρᾶξιν
1060 935 1153 990 τοῦ
1216 933 1455 1006 Χριστοῦ
1499 932 1619 986 ὁδὸν

40 1036 292 1106 διασαῂς,
335 1033 531 1086 οὐκέτι
561 1030 816 1100 καθάπερ
849 1024 931 1094 εἷς
963 1027 1074 1082 τῶν
1107 1026 1336 1099 βροτῶν,
1367 1025 1505 1080 ἀλλά
1532 1043 1615 1089 τις

38 1129 258 1200 οὐράνιος
284 1125 358 1180 ἂν
390 1125 511 1196 εἴης
542 1124 831 1194 ἄνθρωπος
871 1124 984 1184 τοῖς
1018 1117 1322 1192 Γρηγορίου
1353 1135 1615 1190 κατηρτι-

41 1220 204 1291 σμένος
221 1217 438 1287 νόμοις.

369 1307 538 1373 Ὅροι
558 1305 707 1370 ,Βίου
739 1303 877 1376 (72).-

41 1401 57 1451 l
97 1397 318 1464 Ὥμοσα
349 1394 680 1463 τὸν-Λόγον
704 1395 916 1456 αὐτόν,
955 1409 1009 1447 κ.
1045 1411 1096 1448 τ.
1125 1393 1176 1447 λ.

100 1484 306 1556 Ἐπειδὴ
376 1485 439 1537 ού
490 1483 667 1552 ψιλοῖς
721 1483 816 1537 καὶ
850 1483 1124 1555 ἀκάρποις
1170 1481 1348 1550 λόγοις
1395 1479 1616 1550 διδαχῆς

34 1575 443 1647 ὁπνευματικδς
487 1574 653 1645 νόμος
689 1575 746 1626 ἐν
801 1576 916 1638 τοῖς
968 1573 1193 1636 τελείοις
1241 1571 1614 1645 παραδίδοται,

33 1667 191 1737 ὥσπερ
237 1668 269 1718 6
329 1665 547 1735 Ἰησοῦς
607 1664 770 1727 αὐτὸς
821 1665 850 1718 6
894 1663 988 1717 τοῦ
1039 1664 1346 1735 πνεύματος
1400 1662 1617 1716 τελειω-

147 1757 234 1809 xui.
283 1755 616 1825 νομοθέτης,
660 1754 845 1828 ἔργοις
899 1753 1116 1826 πρῶτον
1173 1755 1423 1824 ποιήσας,
1473 1751 1616 1806 οὕτω

35 1857 121 1916 tsi;
170 1852 361 1920 λόγοις
417 1849 677 1914 ἐδίδαξεν,
726 1847 872 1902 οὕτω
921 1848 1018 1903 καὶ
1055 1849 1103 1902 ot
1163 1848 1372 1919 γνήσιοι
1422 1845 1615 1900 τούτου

33 1945 169 2014 δρῶσι
206 1943 493 2015 μαθηταὶ,
530 1941 678 1995 οῦτω
716 1942 808 1995 καὶ
845 1943 874 1995 6
924 1939 1491 2014 ίεροτελεστικώτατος
1523 1934 1615 1994 οῦ-

35 2056 102 2101 7.;
129 2037 230 2090 τῶν
278 2035 452 2088 θείων
491 2034 702 2107 μύστης
742 2035 834 2089 καὶ
869 2033 1251 2105 μυσταγωγὸς,
1291 2031 1616 2104 ὑπογράψας

35 2135 130 2195 τοὺς
161 2129 270 2184 τῶν
308 2128 608 2200 μακαρίων
658 2129 734 2193 ὼς
787 2129 846 2180 ὲν
890 2127 1203 2196 κεφαλαίοις
1249 2125 1418 2197 βίους,
1455 2123 1614 2178 ῦστε-

35 2245 102 2296 ρον
127 2227 177 2280 δὲ
217 2226 315 2279 τὸν
363 2222 701 2278 τελειότατον
751 2219 1062 2291 ἐπενεγκὼν
1104 2221 1268 2292 (φημὶ
1300 2221 1367 2292 δὴ
1415 2219 1476 2273 τὸ
1505 2219 1615 2273 πά-

34 2337 108 2381 σας
157 2318 254 2388 μὲν
300 2315 410 2385 τῆς
457 2313 657 2376 κακίας
709 2312 862 2377 ὁδοὺς
914 2313 1276 2382 ἀποστυγείν,
1317 2313 1454 2384 πρὸς
1508 2311 1614 2367 πά·

35 2428 108 2473 τις
138 2411 189 2464 δὲ
231 2410 456 2479 Κυρίου
496 2405 894 2477 κατωρθῶσθαι
939 2405 1039 2470 τάς
1088 2404 1356 2472 ἐντολὰς),
1380 2404 1472 2458 τδν
1511 2405 1613 2458 αύ-

32 2504 101 2554 τοῦ
141 2502 250 2572 βίον
298 2499 493 2553 λοιπὸν
523 2499 648 2569 ὅρον
697 2497 784 2549 καὶ
823 2498 988 2569 νόμον
1016 2496 1382 2568 παραδίδωσιο
1425 2495 1514 2549 ναὶ
1547 2495 1615 2568 δὴ

36 2595 104 2645 καὶ
128 2593 219 2656 τὰς
251 2591 468 2661 εὐχὰς,
499 2587 568 2652 ἃς
605 2586 811 2658 ηὔξατο
842 2587 1064 2658 Κυρίῳ,
1091 2585 1359 2657 σφραγῖδα
1386 2586 1485 2656 τῆς
1511 2586 1611 2638 αύ-

33 2686 105 2738 τοῦ
127 2685 356 2755 διδαχῆς
384 2683 477 2737 καὶ
520 2681 620 2751 τῆς
668 2678 1030 2749 εύαγγελικῆς
1057 2676 1296 2747 βιώσεως
1320 2676 1612 2746 βεϐαίωσιν

35 2777 327 2848 προτίθησιν
389 2775 546 2844 ἡμῖν,
604 2769 888 2842 μονονουχὶ
941 2767 1115 2822 ταῦτα
1159 2770 1325 2822 πᾶσιν
1373 2767 1610 2840 ὲμόοῶν,

34 2867 388 2938 iam;th
431 2883 554 2935 μου
585 2865 848 2934 γίνεσθε,
893 2862 1080 2929 καθὼς
1123 2862 1286 2932 κάγὼ
1313 2861 1606 2930 Χριστοῦ·

35 2962 205 3029 ὤμοσα
265 2960 386 3032 γὰρ
439 2959 539 3012 καί
607 2957 879 3026 ἐστησα,
935 2954 1075 3009 κατά
1133 2954 1226 3007 τὸν
1289 2953 1610 3026 ίεροψάλτην

33 3054 183 3119 Διὸὶδ,
214 3052 336 3108 τοῦ
381 3050 771 3122 φυλάξασθαι
817 3050 891 3104 τὰ
938 3049 1190 3118 κρίματα
1230 3045 1342 3116 τῆς
1383 3046 1610 3102 δικαιο-

33 3149 198 3214 σύνης
221 3145 343 3200 τοῦ
370 3143 635 3213 Χριστοῦ
655 3159 668 3172 ·
701 3141 890 3213 ὤμοσα
928 3141 1019 3193 τὸν
1049 3139 1220 3209 Λόγον
1255 3139 1421 3193 αὐτοῦ
1454 3137 1609 3210 πρῶ-

34 3253 101 3289 τον
124 3235 663 3308 ἐπιμαρτυρόμενος,
690 3233 748 3295 ὃς
781 3248 872 3303 μοι
905 3231 1001 3284 acati.
1027 3229 1159 3294 Θεός
1187 3230 1303 3283 ἐστι
1330 3230 1606 3301 μέγιστος,

35 3331 78 3395 ἐξ
97 3329 364 3382 ἀθανάτου
403 3327 621 3398 Πατρδς
667 3323 763 3386 ὢν,
800 3322 876 3387 ὡς
904 3323 964 3389 ἐξ
999 3321 1172 3401 ἀρχῆς
1215 3321 1380 3393 ἀρχὴ,
1408 3321 1502 3375 καὶ
1528 3323 1610 3374 εξ-

36 3419 124 3472 ιὼν
150 3417 578 3491 ἀπαράλλακτος
608 3415 701 3470 τοῦ
737 3413 1067 3487 ἀρχετύπου,
1095 3415 1154 3478 ὃς
1202 3415 1260 3467 ὲν
1293 3414 1381 3486 ἴσῃ
1414 3415 1508 3467 καὶ
1537 3416 1606 3484 τῇ

36 3515 145 3582 αὐτῇ
176 3512 342 3581 φύσει
369 3508 468 3564 τοῦ
491 3505 823 3578 Γεννήτορος
847 3507 1130 3576 ὑπάρχων,
1153 3507 1232 3569 εἰς
1272 3505 1365 3558 τὸν
1389 3503 1497 3558 τῶν
1521 3505 1610 3559 ἀν-

36 3605 238 3674 θρὼπων
290 3602 408 3672 βίον
443 3599 736 3671 οὐρανόθεν
777 3598 1018 3669 καθῆκεν
1067 3596 1352 3670 ἀτρέπτως
1392 3598 1604 3652 ἑαυτόν.

38 3698 208 3748 Τοῦτον
227 3694 451 3765 ὤμοσα,
469 3692 626 3762 φησὶ,
643 3691 735 3745 τὸν
748 3691 938 3760 Λόγον,
955 3689 1050 3744 καὶ
1068 3688 1145 3760 τῷ
1166 3687 1283 3760 ἐμῷ
1307 3687 1384 3758 νῷ
1403 3688 1531 3760 ἔστη
1539 3706 1608 3744 σα

37 3790 107 3842 sin
144 3789 307 3859 ὅρκον
349 3785 447 3839 τοῦ
507 3786 718 3856 μήποτε
763 3783 974 3856 πονηρά
1014 3781 1289 3853 ἑννοήσειν
1323 3780 1464 3835 κατά
1512 3781 1607 3834 τοῦ

38 3881 165 3942 Θεοῦ,
189 3880 335 3933 ὥστε
364 3878 399 3949 ἢ
428 3878 522 3931 τὸν
563 3876 736 3947 μέγαν
757 3876 901 3931 Νοῦν
920 3873 1015 3927 καὶ
1053 3873 1273 3945 Πατέρα
1303 3872 1500 3944 ῥίψειν,
1529 3873 1607 3927 sl-

36 3989 139 4023 τοῖιν
163 3971 476 4042 ἀτιμάσειν,
500 3968 583 4040 τῷ
619 3967 692 4038 μὴ
721 3968 834 4020 ἴσον
859 3965 952 4018 καὶ
974 3965 1152 4037 ἑαυτῷ
1174 3965 1457 4036 ὁμοούσιον
1484 3983 1608 4036 γενο

39 4068 114 4132 ’σᾷν
142 4066 342 4134 λέγειν,
383 4065 421 4136 ἢ
469 4062 632 4118 αὐτὸν
683 4058 947 4129 ἀθετῆσαι
997 4059 1088 4112 τὸν
1131 4060 1301 4128 Λόγον
1341 4059 1608 4130 ἀλλοτρίῳ

40 4160 158 4229 λόγῳ
184 4155 572 4229 ἀλλοτριοῦντα
592 4152 782 4206 τοῦτον
815 4149 910 4204 τοῦ
939 4150 1170 4222 Πατρός.
1207 4149 1364 4204 Κατά
1393 4150 1612 4222 πρῶτον

41 4252 124 4317 μὲν
150 4247 241 4305 οῦν
266 4251 431 4319 λόγον
467 4246 661 4302 τοῦτον
690 4245 880 4315 ὤμοσα
909 4243 1000 4296 τὸν
1031 4244 1193 4315 ὅρκον
1230 4243 1360 4315 περὶ⁵
1397 4243 1498 4314 τῆς
1548 4243 1608 4296 ὲν

40 4347 144 4412 ἐμοὶ
178 4346 436 4408 πίστεως,
472 4343 520 4394 εἰ
565 4341 666 4412 τὴν
709 4337 839 4409 μίαν
887 4337 982 4390 καὶ
1033 4333 1458 4406 ὑπερηνωμένην
1492 4332 1610 4388 θεό-

39 4453 156 4506 τητα
209 4437 306 4509 τῆς
355 4433 685 4505 ὑπερφώτου
746 4428 973 4501 Τριάδος
1021 4427 1362 4498 διακόψαιμι,
1415 4427 1610 4497 ῥοπαῖς

41 4532 225 4602 καιρῶν
272 4529 531 4601 πονηρῶν
584 4527 679 4581 καὶ
718 4525 996 4597 ἀρχόντων
1057 4523 1320 4592 ἑπόμενος
1378 4521 1609 4592 νεύμασι

41 4623 258 4675 ἁτεδῶν·
285 4621 432 4676 κατά
467 4618 720 4689 δεύτερον
760 4616 820 4670 δὲ
862 4615 1017 4683 λόγον
1049 4613 1234 4684 ὀμόσω
1262 4617 1390 4683 περὶ
1418 4612 1612 4686 φιλαρ-

42 4716 163 4781 χίας,
187 4717 231 4766 εί
263 4713 478 4786 μεγάλῃ
504 4710 742 4781 καθέδρᾳ
769 4707 976 4762 καὶτοῦ
999 4707 1186 4780 θρόνου
1208 4705 1309 4776 τῆς
1343 4703 1611 4776 βασιλίδος

44 4807 307 4879 προεδρεία
335 4810 368 4862 6
403 4806 536 4876 ἐμός
577 4821 706 4858 ποτε
755 4801 878 4866 νοῦς
921 4800 1396 4872 παροιστρήσειεν,
1423 4797 1608 4865 ἀλογί-

44 4918 166 4964 στως
191 4902 324 4970 ἐρῶν
345 4902 442 4955 καὶ
472 4895 949 4971 πρωτοκαθεδρίας
972 4894 1349 4964 ἀντεχόμενος,
1374 4890 1408 4962 ἢ
1435 4890 1612 4945 ἄλλων

42 4996 121 5046 ἐπὶ
142 4995 303 5050 ταῦτα
337 4991 676 5064 βιαζομένων
700 4988 1001 5059 ἀλλοτρίοις
1035 4987 1218 5048 πόθοις
1245 4985 1344 5057 τὴν
1375 4982 1611 5055 ἐμαυτοῦ

43 5089 185 5156 χεῖρα
210 5085 634 5156 συνελκυσθῆναι
673 5080 1008 5152 παραδοίην·
1037 5077 1117 5131 ἔτι
1148 5077 1204 5130 δὲ
1237 5077 1418 5148 τρίτον
1454 5075 1614 5146 ὡμω·

42 5179 208 5231 εόιιειν
245 5178 374 5250 περὶ
411 5175 508 5230 τοῦ
555 5173 872 5227 πεποιθέναι
919 5172 1006 5223 ἐπ’
1040 5169 1380 5240 ἀνθρώπους,
1424 5169 1471 5220 εί
1513 5165 1614 5237 ἐμ-

45 5271 226 5341 προσθε
257 5272 346 5325 τοῦ
377 5269 520 5324 Θεοῦ
543 5268 635 5322 καὶ
661 5265 757 5320 τοῦ
796 5263 1034 5336 Χριστοῦ
1063 5262 1230 5317 αὐτοῦ
1261 5262 1358 5333 τῆς
1388 5259 1611 5330 βεϐαίας

46 5365 233 5434 πέτρας
277 5365 369 5419 καὶ
414 5361 690 5432 ἀσφαλοῦς
733 5359 804 5413 τὰ
855 5358 1130 5430 πείσματα
1169 5357 1262 5410 καὶ
1307 5357 1432 5419 τοὺς
1464 5354 1613 5422 λογι-

107 5596 217 5666 (72)
239 5596 385 5666 Apud
415 5595 634 5650 Billium
665 5608 846 5666 carm.
870 5607 1025 5666 xvu,_
1048 5588 1386 5666 inscriptum
1411 5585 1609 5666 Ὄριςρι

43 5665 73 5738 ἦ
99 5654 408 5736 ἐπαγγελίαι
433 5667 502 5720 δι’
525 5654 1406 5738 spxqudusiuranumGregorii.
1451 5654 1616 5738 ρληθιίὲ

44 5726 127 5790 ed.
157 5726 337 5794 colon.
377 5755 430 5807 p.
457 5726 572 5792 949'
600 5735 686 5790 ed.
721 5726 1018 5807 Leuvencl.
1047 5732 1157 5803 (ed.
1207 5726 1339 5785 nov.
1392 5743 1445 5798 ρ.
1474 5726 1608 5789 665.

47 5810 143 5863 Sub
169 5811 314 5881 titulo
347 5805 543 5881 Ὄρκοι
587 5806 936 5881 Γρηγορίου).
973 5805 1388 5881 infimitatem!)
1425 5807 1608 5852 autem

48 5879 188 5950 quod
221 5871 474 5953 prmuisit
514 5871 916 5937 commentario
955 5873 1090 5932 dicit
1125 5871 1316 5930 Billius
1349 5871 1449 5926 hoc
1481 5883 1608 5924 car-

1039 357 1106 412 ῙΝ
1143 355 1454 413 CARMINA
1483 351 1759 412 ARCANA
1819 349 2242 411 S.GREGOR|L

3199 354 3308 419 τί

1737 472 1834 528 sed
1877 472 2135 528 erunibus
2177 470 2382 542 optima
2425 475 2478 526 et
2513 464 2664 527 utilia
2711 477 2766 528 et
2808 473 3012 543 pariter
3048 476 3307 533 Omnibus

1721 564 1916 621 idonea
1956 576 2181 620 manent
2215 564 2578 632 Christianis;
2631 566 2676 620 si
2719 573 2901 621 tamen
2948 567 3305 623 excellentem

1719 655 1958 726 perfecte
2009 659 2260 712 semitam
2308 663 2534 721 teneas,
2574 654 2629 710 id
2662 664 2783 719 est,
2832 657 2878 711 si
2928 673 3198 712 summam
3251 667 3308 713 et

1720 751 2179 822 perfectissimam
2205 791 2221 816 ,
2255 748 2557 804 secundum
2595 748 2834 802 divinam
2869 749 3304 812 meditationem,

1718 844 1866 908 dico,
1916 851 1971 898 et
2017 841 2232 913 praxim
2281 840 2488 895 Christi
2543 840 2686 894 viam
2745 839 2983 909 degeris,
3031 857 3305 910 nusquam

1719 934 1880 1006 quasi
1917 948 2062 988 unus
2093 930 2441 994 mortalium,
2472 929 2566 986 sed
2596 930 2842 986 cmlestis
2875 931 3096 1002 quidam
3141 933 3306 988 homo

1723 1042 1899 1090 esses,
1927 1025 2141 1096 legibus
2184 1022 2431 1094 Gregorii
2463 1023 2786 1080 conformis.

1866 1299 2000 1354 Vita:
2033 1298 2266 1370 Regula.

1720 1391 1745 1446 l
1787 1389 1980 1446 Juravi
2024 1390 2247 1446 Verbum
2276 1392 2488 1460 ipsum,
2518 1399 2626 1448 etc.

1791 1482 1848 1538 Si
1903 1483 2124 1553 quidem
2176 1499 2286 1538 non
2347 1484 2550 1540 vilibus
2599 1492 2653 1540 et
2701 1483 3062 1542 infructuosis
3117 1488 3305 1544 verbis

1715 1574 2052 1641 documenti,
2083 1575 2388 1646 spiritualis
2422 1576 2506 1631 lex
2532 1579 2585 1630 in
2605 1577 2862 1647 perfectis
2893 1579 3302 1645 traditur,sicnt

1715 1666 1877 1722 Jesus
1900 1666 2020 1737 ipse
2039 1666 2294 1737 spiritum
2316 1665 2610 1736 pcrficiens
2640 1669 2958 1739 legibusque
2977 1669 3302 1738 subjiciens,

1717 1773 1844 1813 cum
1878 1757 2058 1827 primo
2093 1757 2356 1828 operibus
2391 1756 2613 1813 fecisset
2641 1759 2720 1813 sic
2747 1759 2928 1814 verbis
2956 1759 3184 1826 docuit,
3219 1761 3302 1814 sic

1717 1857 1772 1905 et
1802 1850 1912 1905 veri
1954 1850 2126 1918 ipsius
2161 1849 2370 1904 faciunt
2413 1851 2707 1921 discipuli,
2747 1852 2828 1906 sic
2859 1859 2912 1906 et
2945 1862 3172 1910 sanctus
3212 1854 3303 1908 ille

1716 1941 1934 1996 arcanis
1968 1941 2214 2007 initians,
2263 1943 2318 1996 in
2365 1946 2624 2014 mysteria
2671 1944 2856 1998 divina
2909 1953 3204 2015 penetrans
3244 1953 3303 2000 et

1717 2033 1984 2089 inducens
2006 2074 2022 2100 ,
2058 2049 2184 2089 cum
2224 2033 2293 2090 de
2325 2034 2607 2090 beatorum
2646 2036 2751 2090 vita
2787 2037 3099 2107 scripsisset
3140 2038 3300 2108 quasi

1714 2141 1814 2198 per
1847 2127 2048 2198 capita,
2080 2127 2380 2182 novissime
2403 2127 2863 2197 perfectissimum
2887 2129 3206 2198 aggrediens
3228 2149 3302 2174 -δ

1714 2218 1839 2274 dico
1883 2227 2033 2275 certe
2081 2234 2274 2276 omnes
2322 2220 2546 2275 malitiae
2595 2221 2715 2277 vias
2767 2221 3024 2276 detestari
3059 2229 3112 2276 et
3141 2221 3299 2290 juxta

1714 2311 1901 2367 omnia
1949 2312 2210 2366 mandata
2263 2310 2424 2384 dirigi
2478 2342 2550 2353 -
2600 2311 2987 2383 perfectissimi
3034 2315 3300 2384 reliquam

1715 2409 1882 2462 vitam
1906 2447 1922 2470 ,
1957 2407 2203 2473 regulam
2233 2418 2286 2462 et
2317 2407 2489 2478 legem
2523 2406 2738 2472 tradit,
2765 2422 2896 2478 ergo
2926 2422 3116 2477 preces
3160 2423 3301 2478 quas

1715 2497 1949 2554 Domino
1990 2499 2260 2562 adhibuit,
2297 2498 2644 2567 signaculum
2677 2497 2994 2552 documenti
3044 2498 3218 2567 ipsius
3247 2507 3303 2553 et

1713 2589 2058 2662 Evangeliea:
2088 2593 2212 2648 vita:
2245 2589 2720 2646 conﬁrmationem
2753 2592 2934 2662 prodit
2967 2592 3154 2655 nobis,
3188 2589 3304 2646 fere

1712 2682 1828 2738 haec
1857 2685 2104 2740 clamans
2135 2685 2429 2740 omnibus:
2460 2682 2766 2738 Imitatores
2803 2684 2905 2737 mei
2936 2693 3135 2747 estote,
3165 2683 3302 2737 sicut

1711 2786 1760 2830 et
1796 2792 1891 2847 ego
1938 2774 2141 2831 Christi
2173 2777 2215 2846 (l
2246 2775 2375 2833 Cor.
2405 2793 2483 2841 τι,
2511 2776 2601 2847 l);
2642 2790 2769 2830 nam
2799 2775 2984 2846 juravi
3024 2786 3073 2830 et
3109 2778 3298 2841 statui,

1712 2869 2014 2924 secundum
2060 2867 2409 2923 Psalmistam
2445 2869 2635 2932 David,
2660 2869 2926 2923 custodire
2949 2869 3154 2938 judicia
3178 2870 3302 2936 jus-

1713 2962 1844 3016 titia:
1895 2959 2081 3033 (Psal.
2125 2976 2328 3025 cum,
2367 2961 2509 3033 106)
2553 2961 2791 3027 Christi;
2838 2962 3018 3033 juravi
3060 2961 3302 3017 Verbum

1713 3053 1836 3123 ejus
1863 3055 2097 3124 primum
2123 3054 2408 3110 obtestans
2436 3053 2659 3119 Filium,-
2686 3056 2779 3126 qni
2808 3055 2942 3110 mihi
2971 3064 3024 3109 et
3053 3052 3194 3109 Deus
3215 3062 3301 3109 est

1713 3145 2026 3212 maximus,
2058 3162 2128 3203 ex
2165 3146 2458 3203 immortali
2498 3146 2695 3215 Patre,
2745 3149 2889 3204 sicut
2927 3163 2991 3202 ex
3029 3149 3300 3218 principio

1711 3239 2043 3309 principium
2076 3247 2131 3295 et
2181 3241 2362 3311 imago
2399 3241 2685 3296 verissima
2732 3240 3131 3311 archetypi,qni
3171 3255 3298 3294 cum

1711 3333 1783 3385 sit
1813 3332 1866 3385 in
1895 3332 2084 3386 eadem
2112 3340 2165 3387 et
2189 3332 2383 3403 mquali
2414 3340 2610 3388 natura
2641 3348 2766 3388 cum
2797 3331 2990 3395 Patre,
3027 3333 3081 3384 in
3117 3331 3298 3385 homi-

1710 3438 1840 3477 num
1867 3423 2034 3478 vitam
2067 3423 2135 3480 de
2165 3425 2320 3480 cmlis
2355 3425 2595 3495 seipsum
2627 3425 2834 3496 absque
2867 3423 3170 3477 mutatione
3205 3424 3306 3478 dea

1711 3515 1949 3571 scendit.
1979 3514 2388 3587 Supradictutn,
2425 3517 2624 3588 inquit,
2661 3515 2898 3570 Verbum
2931 3515 3111 3585 juravi
3154 3523 3209 3570 et
3243 3516 3306 3570 in

1711 3625 1831 3664 mea
1884 3617 2066 3664 mente
2110 3609 2276 3665 statui
2324 3608 2696 3680 juramentum
2758 3623 3039 3678 nunquam
3083 3607 3150 3664 de
3190 3607 3306 3663 Deo

1712 3703 1857 3756 mala
1892 3702 2171 3772 cogitandi
2193 3743 2206 3767 ,
2241 3717 2378 3758 neve
2417 3717 2675 3774 magnum
2695 3702 2959 3770 Spiritum
2999 3708 3054 3755 et
3086 3699 3306 3757 Patrem

1709 3791 1988 3847 destruant
2013 3800 2067 3847 et
2107 3791 2432 3849 inhonorem
2458 3793 2512 3848 in
2539 3791 2946 3862 dicendo,quod
2977 3808 3086 3846 non
3112 3807 3300 3863 taqua-

1709 3884 1814 3941 lem
1846 3886 1950 3965 ipsi
1987 3896 2040 3940 ct
2073 3886 2457 3942 homoousium
2492 3883 2997 3942 consubstantialem
3029 3886 3302 3955 genui-rit,

1711 3979 2044 4048 neveipsum
2061 3978 2356 4048 despiciam
2384 3977 2623 4033 Verbum
2648 3977 2827 4030 alieno
2851 3977 3017 4031 verbo
3044 3977 3089 4031 si
3119 3978 3298 4046 ipsum

1712 4087 1742 4127 a
1757 4070 1919 4127 Patre
1933 4073 2301 4142 separaverim
2312 4070 2522 4138 .Quoad
2538 4071 2773 4140 primum
2787 4084 2918 4138 ergo
2934 4069 3162 4123 verbum
3173 4069 3300 4132 ,lioc

1706 4165 2097 4235 jusjurandum
2125 4163 2308 4234 juravi
2336 4163 2404 4218 de
2437 4161 2542 4217 fide
2573 4177 2696 4234 qua:
2722 4162 2774 4215 in
2809 4176 2895 4216 me
2924 4169 3028 4221 est.
3061 4161 3108 4216 si
3136 4175 3298 4215 unam

1711 4264 1765 4312 et
1798 4270 2012 4312 summe
2043 4254 2252 4308 unitam
2283 4252 2626 4308 divinitatem
2655 4252 2984 4308 clarissima:
3015 4249 3300 4305 Trinitatis

1711 4346 2078 4404 destruxerim
2109 4346 2536 4402 durissimarum
2569 4345 2624 4400 in
2664 4352 2942 4399 momento
2991 4351 3303 4414 temporum-

1710 4446 1766 4496 et
1811 4437 2227 4495 dominantibus
2277 4438 2506 4510 impiis,
2557 4452 2835 4493 consensu
2887 4437 3296 4507 obtemperans.

1713 4530 1904 4598 Quoad
1934 4528 2237 4586 secundum
2273 4530 2498 4586 verbum
2520 4573 2535 4598 ,
2564 4528 2764 4600 iurabo
2797 4527 2865 4583 de
2895 4528 3214 4590 ambitione,
3252 4525 3307 4581 si

1713 4622 1781 4677 ad
1831 4636 2084 4694 magnam
2136 4622 2456 4678 cathedram
2514 4628 2570 4678 et
2620 4621 3085 4693 prmeminentiam
3115 4618 3307 4673 throni

1713 4714 1915 4784 reginae
1957 4713 2102 4790 forte
2136 4729 2292 4768 mens
2326 4729 2445 4768 mea
2487 4713 2712 4768 irruerit
2749 4712 3153 4767 inconsiderate
3181 4724 3302 4764 am-

1714 4805 1870 4861 biens
1914 4813 1968 4861 et
2003 4805 2210 4876 primas
2255 4804 2415 4860 sedes
2464 4806 2730 4869 retinens,
2759 4812 2852 4858 aut
2895 4802 3021 4857 aliis
3069 4802 3138 4856 ad
3191 4802 3304 4856 ista

1713 4899 1860 4955 omni
1895 4913 1996 4969 ope
2028 4908 2191 4968 atque
2225 4911 2391 4967 opera
2415 4897 2757 4952 enitentibus
2789 4895 2986 4950 alienis
3009 4892 3307 4948 destderiis

1714 5005 1937 5046 manum
1966 5005 2140 5045 meam
2167 4990 2384 5044 extendi
2411 4989 2778 5045 affectaverim
2804 5005 2818 5054 ;
2848 4986 3023 5040 adhuc
3053 4993 3110 5039 et
3139 4984 3309 5039 tertio

1711 5079 2026 5151 juravcram
2078 5081 2145 5136 de
2177 5081 2506 5136 confidendo
2552 5082 2604 5134 in
2643 5079 2978 5141 hominibus,
3018 5077 3064 5132 si
3111 5091 3298 5131 coram

1715 5169 1831 5227 Deo
1855 5184 1908 5228 et
1937 5171 2162 5228 Christo
2190 5171 2343 5242 ejus,
2378 5180 2531 5243 petra
2565 5171 2719 5225 llrma
2757 5179 2811 5224 et
2845 5177 2959 5224 tuta
2985 5209 2998 5230 ,
3043 5166 3301 5223 fiduciam

1713 5273 1767 5320 et
1789 5265 2022 5321 consilia
2053 5265 2238 5320 cordis
2264 5265 2495 5318 atterens
2523 5264 2800 5318 hominem
2829 5261 3111 5316 habuerim
3144 5260 3301 5314 auxi-

1713 5356 1965 5412 liatorem
1989 5364 2043 5410 et
2067 5355 2400 5426 adjutorem;
2429 5365 2616 5428 postea
2635 5355 2818 5425 juravi
2860 5354 3038 5410 adhuc
3059 5353 3126 5408 de
3148 5367 3303 5408 arro-

1715 5605 1838 5645 men
1885 5590 1945 5645 in-
1981 5589 2128 5644 libro
2162 5586 2540 5656 manuscripto
2588 5599 2900 5656 connexum
2957 5583 3126 5636 fuisse
3170 5593 3299 5634 eum

1715 5660 2093 5731 praecedente,
2125 5658 2270 5732 quod
2316 5655 2660 5732 ipse’tamen
2714 5672 2822 5710 non
2860 5655 2980 5732 sine
3010 5666 3300 5732 caiisaex-

1714 5722 1834 5787 cusi
1885 5722 2095 5789 codicis
2143 5722 2540 5788 auctoritatem
2575 5737 2810 5785 secutus
2843 5722 3304 5797 distinguendum

1715 5806 2012 5876 putaverit.
