3814 6510
95 405 187 465 ῚῚῚ
1093 397 1160 453 ΙΝ
1197 396 1508 454 CARMINA
1553 393 1831 451 ABCANA
1870 393 1930 449 S.
1970 393 2319 454 GREGOR“.

101 537 257 597 μενος,
282 514 469 587 βραχεῖ
493 514 727 587 ἐπιλόγῳ
748 515 1051 570 συνέκλεισε
1074 517 1200 580 τοὺς
1217 517 1436 589 ὅρκους,
1460 515 1647 569 Τοῖσδε

102 614 277 683 νόμοις,
298 606 487 675 λέγων,
514 606 681 678 ἔδησα
706 606 836 678 ἐμὸν
864 607 977 678 βίον
995 624 1010 637 ⁸
1034 608 1083 660 εἰ
1113 607 1171 660 δὲ
1204 607 1390 661 πόθοιο
1408 607 1467 670 ἐς
1493 606 1645 669 τέλος

100 701 310 771 ἰκοίμην.
337 696 581 767 Ἀφθιτε,
612 700 721 751 σεῖο
752 698 931 770 χάρις.
974 696 1116 768 Ἐγὼ
1161 700 1279 770 μὲν,
1315 699 1439 769 ἔφη,
1470 698 1645 751 τοῖσδε

96 791 177 846 τοῦ
212 786 513 858 Πνεύματος
558 791 672 852 τοῖς
717 789 904 860 νόμοις
940 792 1035 843 καὶ
1078 792 1224 861 ὅροις
1267 789 1359 843 τὸν
1406 787 1646 860 ἐμαυτοῦ

95 885 193 958 βίον
219 880 717 951 κατησφαλισάμην·
761 884 811 935 εἰ
852 882 908 936 δὲ
948 882 1043 937 τοῦ
1086 882 1251 936 πόθου
1284 881 1432 947 ἄξιόν
1468 898 1557 952 μοι
1588 880 1649 933 τὸ

3227 404 3332 459 779

1754 512 1921 567 vitam
1968 528 2144 569 meam
2190 514 2475 583 conclusi;
2506 516 2554 574 si
2602 525 2782 575 autem
2828 516 3104 577 desiderio
3133 520 3333 592 d'gnus

1753 605 1884 659 mihi
1932 604 2055 663 finis
2091 607 2402 679 contigerit,
2432 609 2531 665 tibi
2568 610 2762 681 gloria,
2796 619 2851 668 et
2874 612 3073 684 gratia,
3111 615 3331 680 etlans.

1754 695 2157 768 incorruptibili
2193 710 2248 755 et
2297 716 2465 771 super
2504 717 2668 759 omne
2728 706 2876 776 quod
2920 715 3005 762 est
3061 721 3116 763 et
3170 712 3333 769 unius

1754 787 2112 860 ejusdemque
2141 792 2463 849 substantiae
2500 793 2755 851 Trinitati
2778 837 2793 862 ,
2842 799 2897 853 in
2930 802 3128 858 sarcula
3159 817 3334 858 secn-

1758 879 1953 936 lornm.
1981 882 2175 941 Amen.

92 977 227 1039 τέλος
264 971 515 1038 ἀποδαίη,
545 974 629 1027 σοὶ
669 973 701 1043 ἡ
730 972 855 1039 δόξα
895 976 989 1029 καὶ
1026 976 1059 1045 ἡ
1092 973 1251 1046 χάρις
1295 973 1389 1030 καὶ
1419 974 1453 1047 ἡ
1488 971 1694 1033 αἷνεσις
1728 971 1795 1041 τῇ
1826 969 2089 1043 ἀφθάρτῳ
2129 974 2222 1027 καὶ
2270 975 2577 1049 ὑπερουσίῳ
2611 978 2705 1031 καὶ
2746 979 3014 1050 ὁμοουσίῳ
3038 980 3225 1051 Τριάδι
3252 983 3332 1039 εἰς

87 1068 198 1131 τοὺς
224 1063 416 1127 αἰῶνας
439 1064 545 1119 τῶν
568 1065 797 1121 αίώνων.
834 1068 1023 1138 Ἀμήν.

99 1158 393 1243 Ἑξήγῃςις
429 1159 528 1243 ,εἷς
572 1156 687 1243 τὴξ⁸
714 1161 1122 1243 τνωμρλργίαις
1164 1161 1271 1217 τοῦ
1300 1162 1511 1243 fxo-vc.
1542 1156 1647 1212 τοῦ

139 1228 392 1303 percitae
414 1230 749 1303 Γρηζοριου
790 1231 898 1285 τοῦ
935 1228 1253 1303 Θεολόγου,
1292 1228 1370 1303 ἧς
1401 1232 1439 1299 ἡ
1478 1231 1650 1299 ἀκρο-

145 1297 330 1367 στιχὶς
359 1298 512 1366 αὕτη
541 1299 676 1370 (75)»

80 1391 301 1464 Γνῶμιιι
338 1392 689 1464 Γρηγορίου,
714 1393 988 1464 δίστιχος
1024 1397 1257 1463 εὐεπίη,

92 1460 326 1515 Ἐσθλὸν
365 1461 593 1530 ἄθυρμα
632 1464 787 1529 νέοις
820 1460 916 1520 κάξ
952 1460 1125 1535 χάρις
1149 1460 1373 1534 ἐξοδίη.

146 1558 258 1609 Ἔτι
312 1553 449 1625 πρὸς
495 1558 614 1619 ταῖς
662 1556 849 1621 ἄλλαις
902 1559 1059 1631 ἡμῶν
1097 1560 1409 1631 ὲξηγήσεσι,
1468 1557 1535 1622 ἃς
1589 1559 1647 1611 ὲν

73 1647 175 1708 τοῖς
207 1641 462 1713 φθάσασι,
498 1643 585 1697 διὰ
623 1645 721 1717 τῆς
767 1646 861 1699 τοῦ
904 1646 1153 1717 θεολόγου
1202 1648 1497 1719 πρεσϐείας
1553 1649 1648 1702 καὶ

77 1737 297 1808 χάριτος,
324 1736 436 1799 τοῖς
459 1735 919 1810 ἀπορρητοτέροις
959 1738 1126 1793 αὐτοῦ
1173 1740 1281 1794 τῶν
1331 1739 1479 1794 ἐπῶν
1525 1758 1649 1795 κατ.

74 1828 399 1898 ετεινάμεθα,
449 1828 542 1881 καὶ
596 1829 800 1901 ταύτην
848 1832 977 1902 ἡμῖν
1032 1833 1090 1885 ὲν
1146 1835 1212 1904 τῇ
1267 1832 1496 1905 δυνάμει
1553 1831 1647 1886 τοῦ

75 1920 371 1990 Πνεύματος
425 1920 716 1992 ὲξηγητέον
772 1922 868 1994 τὴν
914 1925 1305 1995 γνωμολογίαν.
1353 1925 1507 1979 Ἐστι
1550 1928 1648 1997 μὲν

69 2007 154 2066 οὖν
181 2009 395 2081 γνώμη,
434 2012 575 2065 κατά
601 2013 725 2077 τοὺς
752 2014 1038 2079 παλαιοὺς,
1066 2016 1221 2086 λόγος
1246 2018 1646 2090 κεφαλαιώδης.

70 2103 454 2175 προτρεπτικὸς
490 2104 521 2176 ἢ
559 2105 980 2177 ἁππρεπτικός.
1021 2109 1084 2162 Οἰ
1132 2108 1231 2180 μὲν
1262 2105 1354 2163 οὖν
1404 2109 1511 2163 τῶν
1558 2109 1649 2163 θύ-

70 2196 220 2267 ραθεν
252 2195 563 2265 φιλοσόφων
593 2197 687 2250 καὶ
714 2198 958 2270 ρητόρων
989 2198 1201 2271 ἄριστοι
1227 2202 1322 2255 καὶ
1346 2200 1651 2275 νομοθετῶν

65 2288 423 2357 νομιζόμενοι,
450 2287 551 2358 τῆς
582 2286 760 2341 αὐτῶν
796 2290 986 2359 σοφίας
1020 2293 1113 2346 καὶ
1140 2292 1340 2371 ἀρετῆς
1373 2293 1651 2366 ἀναλόγως

64 2380 149 2434 καί
168 2378 645 2452 πολυρῤημονοῦσι
674 2382 785 2453 (74)
813 2382 949 2455 πρὸς
974 2384 1101 2448 τοὺς
1131 2383 1362 2447 οἰκείους
1393 2386 1487 2438 καὶ
1508 2401 1648 2454 γνω-

65 2470 370 2543 μοδοτοῦσιο
406 2472 512 2525 τῶν
543 2472 665 2526 καθ’
697 2474 845 2545 ἡμᾶς
882 2474 937 2532 δὲ
987 2474 1249 2544 θεολόγων
1297 2475 1326 2527 ὁ
1358 2476 1650 2547 κράτιστος

58 2560 200 2629 οὗτος
242 2565 337 2618 καὶ
392 2564 914 2636 ἱεροφαπικώτατος
958 2568 1276 2641 Γρηγόριος,
1306 2571 1486 2628 πᾶσαν
1520 2571 1650 2624 ἀπο-

58 2656 306 2729 χρώντως
340 2656 446 2729 τὴν
483 2657 590 2710 ἀπὸ
622 2657 730 2711 τῶν
762 2657 867 2725 ἔξω
894 2660 1095 2731 σοφῶν,
1134 2662 1228 2715 καὶ
1262 2663 1521 2733 ποιητῶν,
1555 2664 1650 2718 καὶ

57 2748 310 2819 τεχνικῶν
367 2748 641 2819 ὠφέλειαν
682 2752 1142 2822 καρπωσάμενος,
1190 2753 1267 2825 τῷ
1302 2756 1437 2827 πρὸς
1469 2756 1646 2820 πάσας

58 2841 225 2894 αὐτῶν
252 2840 357 2904 τὰς
386 2840 587 2912 τέχνας
628 2843 721 2895 καὶ
757 2844 1062 2914 ἐπιστήμας
1102 2845 1513 2917 κατωρθῶσθαι,
1552 2847 1646 2901 καὶ

56 2932 156 2984 πᾶν
186 2931 247 2984 τὸ
281 2930 479 2994 σθένος
506 2930 599 2984 τοῦ
641 2930 823 3000 λόγου,
858 2933 951 2986 καὶ
991 2935 1098 2987 πᾶν
1139 2935 1200 2988 τὸ
1236 2936 1337 3006 τῆς
1366 2935 1644 3008 ἀνθρωπί-

52 3042 141 3094 νης
186 3023 441 3087 διανοίας
501 3023 632 3094 ὕψος
687 3023 872 3096 ἄκρως
925 3027 1432 3098 προασκησάμενος.
1473 3026 1646 3091 οὕτως

52 3118 150 3171 ὑπὸ
168 3117 333 3182 πόδας
349 3117 461 3187 τῆς
482 3117 841 3190 εὺαηελικῆς
856 3118 1036 3189 φέρων
1056 3118 1322 3191 ὑπέρριψε
1340 3119 1643 3192 θεοσοφίας,

50 3212 137 3265 καὶ
172 3213 298 3265 ὅσον
346 3211 456 3282 μὲν
494 3213 560 3283 τῇ
606 3210 948 3283 θεοπνεύστῳ
980 3213 1169 3285 Γραφῇ
1200 3215 1294 3271 καὶ
1318 3217 1382 3287 τῇ
1419 3216 1645 3289 ἀληθείᾳ

46 3306 135 3361 τοῦ
166 3305 519 3375 Εὑαγγελίου
553 3303 873 3375 συμφωνοῦν
905 3304 1199 3375 κατενόησε
1231 3306 1324 3360 καὶ
1350 3307 1484 3377 πρὸς
1513 3310 1644 3363 θεω-

47 3399 162 3468 ρίαν
190 3397 290 3450 καὶ
330 3395 543 3468 πρᾶξιν
571 3393 986 3466 ὁμογνωμονοῦν
1006 3433 1021 3457 ,
1064 3395 1291 3459 οἰκείαις
1324 3397 1643 3469 εἱσηγήσεσι

45 3491 131 3543 καὶ
156 3489 431 3561 θεωρίαις
458 3488 534 3553 ὼς
560 3486 816 3559 ἀληθείας
843 3487 1139 3559 συνήγορος
1170 3488 1411 3561 ὲνέκρινέ
1444 3507 1508 3545 τε
1534 3495 1646 3556 τοῖς

40 3582 200 3637 αὐτοῦ
246 3580 608 3651 συντάγμασι
654 3579 748 3637 καί¹
789 3579 1265 3651 ὲγνωμοδότησεν-
1300 3581 1423 3635 ὅσον
1460 3582 1516 3636 δὲ
1564 3586 1645 3649 είς

43 3673 241 3744 μύθους
278 3673 383 3727 καὶ
436 3672 645 3736 πλάνας
686 3671 781 3726 κα.)⁸
830 3671 1104 3736 ἀπωλείας
1133 3672 1297 3745 φέρον
1324 3674 1522 3743 διέγνω
1552 3675 1646 3746 βυ-

39 3769 179 3832 θοὺς,
208 3766 532 3829 δωπτὺσας
566 3765 622 3829 ἐς
669 3765 908 3836 κόρακας
953 3765 1312 3837 ἀπερῤίψατο.
1361 3768 1484 3822 Ἐπὶ
1527 3772 1648 3833 ταῖς

40 3860 224 3924 ἄλλαις
256 3855 359 3914 οὖν
408 3856 579 3913 αὐτοῦ
616 3858 1150 3930 σωτηριωδεστάταις
1185 3859 1648 3932 θεορῤημοσύναις

38 3955 114 4007 ἔτι
145 3954 242 4007 καὶ
275 3952 387 4023 τὴν
427 3950 797 4023 προκειμένην
825 3952 1107 4024 γνωμικὴν
1158 3952 1513 4025 προστίθησιν
1543 3955 1649 4009 ὑπὸ

38 4045 402 4118 ἀκροστιχίδα
442 4042 851 4115 πραγματείαν,
901 4046 967 4114 ἢν
1023 4045 1116 4098 καὶ
1167 4044 1371 4113 ἀγαθὸν
1426 4045 1647 4118 ἄθυρμα

33 4142 142 4204 τοῖς
188 4139 343 4202 νέοις
398 4136 756 4207 παραδιδόναι
810 4136 977 4204 λέγει,
1040 4137 1244 4205 ἀγαθὸν
1298 4138 1395 4208 μὲν
1449 4138 1537 4192 διὰ
1586 4136 1647 4191 τὸ

36 4230 320 4301 ὠφέλιμον
346 4230 456 4299 τῆς
494 4227 825 4299 συμϐουλίας
862 4228 956 4281 καὶ⁹
988 4227 1349 4299 σωτηριῶδες,
1398 4230 1646 4297 παίγνιον

1750 1151 2173 1206 Commentarius
2218 1152 2281 1207 de
2318 1156 2637 1210 sententiose
2679 1157 2933 1219 carmine,
2969 1173 3058 1211 seu
3102 1158 3332 1213 (inamo-

1822 1222 1977 1342 legi’a.
2006 1220 2186 1294 Magni
2233 1224 2471 1295 Gregorii
2529 1225 2773 1296 Theologi
2818 1228 2969 1295 cujus
3018 1227 3127 1282 ha'c
3178 1246 3333 1285 acro-

1822 1304 1921 1342 SHC
1942 1309 2004 1342 "8
2031 1308 2048 1342 .'

1820 1304 2004 1345 διιεΙιιδ
2031 1308 2048 1345 .'

1750 1380 2035 1452 Sententia:
2070 1380 2329 1452 Gregorii,
2365 1385 2591 1438 disticha
2627 1400 2904 1451 venustas,

1755 1450 1914 1506 Utilis
1944 1452 2091 1506 lusus
2110 1450 2418 1522 juvenibus,
2455 1474 2645 1510 munus
2673 1450 3011 1526 postremum.

1823 1542 2013 1599 Adhuc
2072 1556 2196 1617 post
2219 1548 2325 1602 alia
2347 1552 2739 1605 commentaria
2762 1563 2948 1607 nostra
2976 1569 3095 1623 qua‘
3114 1554 3180 1608 de
3207 1562 3334 1611 ante

1754 1635 1898 1692 datis
1942 1651 1972 1691 a
2010 1636 2289 1711 Theologo
2328 1643 2679 1699 veneratione
2721 1651 2776 1698 et
2811 1645 2982 1714 gratia
3028 1646 3332 1715 conspicuo

1754 1730 1972 1785 arcanis
2012 1733 2317 1786 carminum
2358 1733 2532 1803 ipsius
2565 1735 2980 1805 explicavimus,
3015 1744 3070 1792 et
3104 1753 3133 1791 a
3169 1737 3332 1794 nobis

1758 1818 1812 1873 in
1854 1819 2092 1892 Spiritus
2140 1823 2340 1879 virtute
2396 1826 2877 1882 commentandum
2931 1831 3329 1887 sententiosum

1754 1926 1999 1969 carmen.
2025 1913 2120 1971 Est
2135 1930 2267 1987 ergo
2284 1917 2554 1971 sententia
2583 1919 2887 1975 secundum
2909 1929 3121 1979 veteres
3148 1936 3333 1978 sermo

1755 2006 2111 2070 summarius,
2148 2006 2433 2063 dissuasor
2474 2017 2570 2063 aut
2612 2010 2927 2078 suasorius;
2984 2011 3107 2067 hinc
3137 2011 3328 2083 optimi

1754 2097 2203 2169 phil050phorum
2218 2107 2272 2154 et
2294 2099 2572 2155 rhetorum
2587 2109 2970 2158 extraneorum
2988 2111 3041 2158 et
3062 2104 3334 2175 legislato-

1752 2203 1873 2243 rum
1890 2190 2121 2258 reputati
2159 2192 2547 2263 sapientiasua
2577 2198 2631 2247 et
2662 2192 2977 2259 virtutibus,
3004 2196 3258 2252 similiter
3276 2207 3334 2252 et

1750 2278 1922 2333 multa
1946 2279 2138 2335 dicunt
2169 2282 2235 2336 ad
2271 2281 2568 2338 familiares
2590 2292 2643 2338 et
2672 2300 2831 2341 sensa
2851 2287 3184 2356 exprimunt;
3204 2288 3332 2345 inde

1750 2380 1931 2427 autem
1959 2370 2333 2442 theologorum
2363 2375 2505 2445 apud
2530 2390 2632 2433 nos
2664 2378 2907 2446 optimus
2941 2380 3045 2434 iste
3075 2380 3330 2438 etdivina

1748 2463 1995 2533 pandens
2028 2464 2324 2537 Gregorius
2358 2468 2542 2522 omnia
2583 2468 2923 2526 sufficienter
2950 2473 3016 2529 de
3050 2476 3330 2532 extraneis

1749 2556 2116 2628 sapientibus,
2131 2566 2183 2613 et
2202 2558 2400 2629 poetis,
2416 2568 2469 2615 et
2488 2560 2822 2627 rhetoribus,
2837 2565 2989 2619 utilia
3017 2568 3236 2638 colli-git
3261 2571 3327 2623 ad

1749 2649 2093 2721 dirigendum
2126 2667 2180 2705 in
2213 2652 2429 2707 cunctis
2459 2651 2676 2708 illorum
2723 2655 2933 2712 artibus
2965 2665 3020 2713 et
3059 2660 3328 2721 scientiis.
3444 2664 3445 2667 “

1748 2750 1803 2797 et
1834 2754 2051 2794 omnem
2076 2740 2338 2796 sermonis
2362 2758 2592 2798 nervum
2635 2752 2798 2816 atque
2836 2763 3051 2803 omnem
3105 2750 3326 2805 humani

1749 2833 1951 2905 ingenii
1977 2833 2267 2889 elationem
2295 2834 2567 2906 profunde
2596 2839 2909 2906 meditatus,
2942 2841 3020 2895 sic
3043 2841 3147 2897 sub
3170 2844 3325 2913 pedi-

1751 2927 1852 2982 bus
1892 2926 2229 2999 Evangelicae
2268 2944 2387 2999 qua:
2415 2944 2445 2983 a
2476 2930 2588 2985 Deo
2636 2939 2723 2986 est
2756 2929 3049 3003 Sapientiae
3094 2935 3329 2992 afferens

1749 3017 2003 3088 subjecit,
2021 3026 2074 3074 et
2108 3019 2475 3092 quodcunque
2499 3022 2717 3092 quidem
2750 3023 3015 3083 divinitus
3047 3027 3328 3101 inspirata:

1749 3108 2042 3179 Scriptura:
2053 3118 2106 3165 et
2118 3110 2392 3187 Evangelii
2406 3112 2615 3174 veritati
2630 3124 3053 3179 consentaneum
3070 3118 3331 3180 intellexit

1747 3209 1801 3255 et
1840 3200 2083 3261 theorice
2135 3207 2486 3279 practiceque
2526 3208 2888 3271 conformiter
2921 3228 3166 3282 sensum,
3204 3216 3325 3275 ido-

1750 3292 1870 3347 neis
1903 3294 2255 3355 suasionibus
2298 3305 2353 3353 et
2400 3298 2651 3367 tbcoriis,
2681 3301 2840 3371 quasi
2873 3304 3121 3363 veritatis
3162 3306 3331 3368 advo—

1749 3391 1925 3448 catus,
1941 3385 2162 3443 admisit
2190 3389 2307 3444 suis
2336 3389 2392 3445 in
2422 3392 2912 3462 compositionibus
2944 3404 2998 3451 et
3025 3401 3331 3462 sententias

1749 3476 1985 3549 recepit;
2037 3479 2407 3552 quodcunque
2450 3498 2580 3538 vero
2634 3485 2702 3540 ad
2754 3484 2967 3549 fabulas
3019 3498 3073 3548 et
3122 3493 3331 3553 erroris

1750 3569 2253 3643 destructionisque
2288 3574 2520 3646 abyssos
2554 3576 2762 3634 ducens
2795 3583 3089 3652 cognovit,
3121 3585 3331 3655 respuit

1749 3662 1885 3718 eiad
1910 3678 2039 3719 avcs
2068 3664 2301 3735 rejeeit;
2336 3667 2460 3724 aliis
2493 3684 2625 3739 ergo
2658 3670 2832 3742 ipsius
2859 3673 3087 3737 omnino
3118 3676 3329 3735 saluta-

1748 3754 1900 3811 ribus
1929 3755 2129 3813 divinis
2153 3757 2440 3829 colloquiis
2474 3760 2700 3826 addens,
2730 3762 2907 3825 adhuc
2937 3772 2992 3819 et
3020 3766 3327 3841 expositum

1748 3852 2144 3911 sententiosum
2191 3852 2349 3909 oﬂ‘ert
2390 3852 2493 3910 sub
2530 3854 2913 3913 acrostichidis
2956 3856 3131 3915 forma
3163 3876 3325 3932 opus,

1748 3947 1895 4016 quod
1945 3946 2148 4005 bonum
2194 3946 2654 4008 oblectamentum
2693 3946 2989 4015 juvenibus
3013 3949 3131 4006 dari
3160 3952 3323 4017 dicit;

1748 4040 1954 4095 bonum
1981 4040 2201 4111 quidem
2224 4047 2409 4111 utpote
2432 4040 2680 4097 consiliis
2712 4040 2941 4099 utilibus
2969 4043 3326 4108 salutaribus.

1749 4146 1856 4199 que
1902 4131 2191 4196 refertum,
2239 4133 2698 4193 oblectamentum
2756 4148 2885 4193 vero
2933 4134 3162 4205 puerile,
3198 4137 3327 4208 quia

1748 4223 1972 4293 poeticae
2000 4231 2095 4278 aut
2125 4224 2365 4283 metricae
2392 4224 2687 4283 locutionis
2713 4231 2766 4280 et
2793 4225 3011 4297 phrasis
3041 4226 3111 4281 sit
3140 4242 3328 4301 comp-

1751 4327 1894 4380 tum,
1943 4315 2086 4371 sicut
2134 4314 2364 4385 juvenes
2413 4317 2566 4375 novit
2601 4332 2708 4372 non
2756 4332 2949 4389 parum
2991 4318 3231 4389 gaudere
3273 4329 3329 4381 et

1748 4407 2050 4477 gloriosum
2084 4406 2306 4463 habere.
2342 4405 2481 4462 Illud
2524 4422 2652 4478 ergo
2686 4418 2734 4465 et
2790 4424 2928 4481 opus
2973 4423 3326 4485 coronantem

1747 4498 1977 4570 gratiam
2025 4499 2365 4569 nuncupavit
2415 4499 2573 4571 quasi
2620 4499 2781 4557 tinale
2821 4509 2877 4557 et
2924 4503 3147 4560 obvium
3196 4521 3328 4577 apo-

1748 4588 2039 4659 pbtbcgma
2076 4587 2285 4644 idoneis
2314 4589 2651 4645 amatoribus
2677 4599 2731 4647 et
2761 4592 3328 4671 inysticisjucundum

1749 4696 1971 4751 parans.

31 4322 86 4375 δὲ
116 4322 208 4376 διὰ
235 4321 303 4375 τὸ
344 4318 805 4391 κεκομψευμένον
839 4319 938 4388 τῆς
978 4319 1286 4390 ποιητικῆς,
1312 4320 1430 4390 ἦτοι
1459 4337 1643 4391 μετρι-

32 4416 133 4485 κῆς
165 4415 382 4481 λέξεως
417 4413 518 4467 καὶ
548 4413 822 4484 φράσεως,
848 4413 931 4479 ἐφ’
960 4406 1040 4475 οἷς
1065 4407 1171 4465 οἶδε
1202 4413 1326 4477 τοὺς
1353 4414 1647 4483 νεωτέρους

29 4509 126 4579 οὐχ
161 4509 383 4580 ἥκιστα
430 4504 727 4576 ἡδομένους
785 4502 877 4555 καὶ
930 4500 1431 4573 φιλοτιμουμένους,
1476 4502 1647 4563 Τοῦτο

29 4601 159 4668 γοῦν
204 4600 308 4655 καὶ
353 4598 568 4665 ἐξόδιον
619 4597 777 4668 χάριν
824 4594 1178 4659 ἀπεκάλεσεν,
1225 4594 1301 4657 ὡς
1344 4596 1646 4651 τελευταῖον

28 4695 121 4746 καὶ
170 4687 292 4747 οἷον
343 4690 661 4746 ἐνδιάθετον
711 4688 1041 4758 ἀπόφθεγμα
1082 4689 1195 4751 τοῖς
1222 4688 1441 4752 οἰκείοις
1474 4688 1646 4758 φίλοις

28 4786 121 4837 καὶ
158 4784 415 4851 μύσταις
449 4779 830 4853 χαριζόμενος.

31 4878 50 4930 1
88 4877 348 4946 Γυμνὸς
377 4872 535 4940 ὅλος
553 4871 783 4937 ,ϐιότοιο
806 4870 1004 4940 τέμοις
1026 4869 1161 4935 ἅλα,
1191 4888 1249 4924 κ.
1286 4888 1335 4924 τ.
1370 4872 1421 4923 ὲ.

92 4969 414 5022 Θάλασσαν
456 4964 556 5037 μὲν
581 4962 1023 5036 ὁμολογουμένως
1050 4963 1140 5016 τὸν
1175 4962 1268 5016 τοῦ
1302 4962 1505 5034 κόσμου
1535 4961 1646 5032 βίον

25 5060 65 5113 Γ
69 5066 335 5132 ραφικῶς
360 5056 644 5113 ἀποκαλεῖ
669 5056 757 5110 διά
781 5073 838 5108 τε
868 5055 928 5109 τὸ
960 5056 1190 5111 ἄστατον
1218 5056 1407 5110 τούτου
1435 5057 1529 5111 καὶ
1553 5074 1648 5109 πο-

21 5154 347 5225 λύστροφον
398 5149 506 5204 καὶ
547 5148 941 5211 ἀκατάστατον,
974 5148 1065 5203 διά
1096 5166 1151 5201 τε
1190 5148 1251 5208 τὸ
1292 5147 1532 5220 ἁλμυρὸν
1556 5147 1649 5201 καὶ

25 5243 227 5317 πικρὸν
252 5243 366 5313 τῆς
394 5238 676 5312 ἁμαρτίας
698 5238 794 5293 καὶ
810 5236 905 5293 τοῦ
934 5236 999 5291 δι’
1031 5238 1197 5308 αὐτὴν
1220 5236 1468 5294 θανάτου.
1503 5238 1651 5308 Hap—
1750 5242 2024 5333 amarum.
2046 5239 2281 5337 peccau-
2318 5238 2371 5283 et
2420 5246 2516 5300 per
2574 5236 2703 5337 illud
2759 5236 2953 5337 mortis

26 5337 293 5405 αγγέλλει
332 5332 467 5405 (75)
496 5331 674 5386 τοίνυν
706 5332 737 5384 ὁ
779 5330 939 5399 σοφὸς
976 5329 1085 5384 τῶν
1128 5328 1409 5400 ἡμετέρων
1454 5328 1647 5400 κυϐερ-

1759 5336 1881 5392 ergo
1906 5321 2129 5391 sapiens
2164 5329 2477 5382 nostrarum
2510 5323 2841 5394 gubernator
2871 5326 3199 5391 animarum.
3231 5345 3334 5383 nu-

22 5430 199 5500 νήτης
240 5424 484 5499 ψυχῶν,
526 5423 764 5494 γυμνοὺς
806 5420 903 5493 τὴν
938 5421 1208 5477 θάλασσαν
1256 5420 1457 5491 ταύτην
1502 5421 1647 5491 ἡμᾶς

1759 5414 1856 5470 dos
1884 5429 2033 5470 mare
2057 5413 2188 5470 illud
2209 5423 2573 5480 transmeare,
2595 5416 2645 5471 id
2678 5426 2783 5482 est,
2817 5434 3081 5489 pauperes
3106 5430 3159 5475 et
3187 5423 3335 5478 curis

23 5520 331 5589 διαπερᾷν,
372 5511 532 5568 τοῦτ’
570 5513 717 5566 ἔστιν
766 5512 1077 5582 ἀκτήμονας
1129 5510 1221 5563 καὶ
1268 5510 1646 5581 ἀπράγμονας,

1759 5506 1878 5561 vitae
1906 5507 2211 5576 expeditos,
2242 5507 2389 5562 leves
2418 5521 2473 5563 et
2508 5512 2673 5579 agiles
2700 5512 3168 5569 transnatantibus
3186 5516 3339 5569 simi-

21 5611 273 5683 κούφους
325 5608 441 5662 καὶ
488 5604 753 5677 ἐλαφροὺς
788 5601 1129 5674 ἐκκολυμὸᾷν
1173 5602 1377 5666 εἰδότας
1417 5601 1503 5656 διὰ
1532 5601 1647 5666 νοὸς

1759 5600 1835 5655 les
1886 5614 1998 5669 pra:
2045 5598 2237 5671 spiritu
2286 5600 2540 5671 precibus
2588 5603 2860 5669 avolante,
2907 5620 3016 5675 pm
3051 5610 3236 5661 anima
3281 5617 3337 5666 et

1752 4858 1776 4911 1
1820 4857 2018 4913 Nudus
2052 4868 2190 4914 lotus
2219 4860 2336 4913 υἰιιε
2368 4859 2515 4914 sulm
2542 4862 2758 4932 pelagus
2782 4903 2796 4925 ,
2834 4872 2938 4919 cte.

1822 4952 1972 5009 Mare
2014 4954 2235 5023 quidem
2277 4954 2670 5011 convenienter
2720 4958 2884 5029 hujus
2924 4960 3111 5021 mundi
3162 4962 3328 5023 vitam

1752 5059 1860 5101 una
1912 5061 2037 5106 cum
2083 5044 2366 5116 Scriptura
2413 5054 2572 5107 vocat
2623 5048 2693 5103 ob
2741 5049 2917 5118 ipsius
2974 5050 3227 5109 instabile
3277 5065 3333 5110 et

1750 5137 2008 5192 versatile
2049 5144 2104 5193 et
2148 5138 2549 5195 tumultuosum
2575 5181 2590 5205 ,
2641 5148 2805 5211 atque
2850 5141 2921 5197 ob
2974 5144 3233 5200 acerbum
3277 5156 3333 5202 et

1750 5242 1997 5282 amarum
2046 5239 2257 5299 peccati
2318 5238 2371 5283 et
2420 5246 2516 5300 per
2574 5229 2703 5287 illud
2764 5231 2978 5300 mortis;
3027 5236 3335 5305 praescribit

93 5792 212 5864 (73)
243 5789 483 5865 carm._
510 5784 598 5849 62,
654 5802 707 5857 p.
922 5783 1005 5841 ed.
1052 5783 1289 5853 Colon.;
1334 5801 1386 5857 p.
1428 5786 1531 5845 989
1559 5787 1645 5843 ed.

22 5855 342 5927 Lenvencl.
380 5858 504 5928 (ed.
533 5855 735 5927 novjp.
764 5855 908 5925 585).

358 5997 626 6066 PATnot
698 5996 809 6057 Gtt.
861 5994 1217 6061 XXXVIII,
2928 6004 3011 6073 25

2108 5789 2238 5862 πολυ
2249 5806 2378 5860 ρημ.
2395 5798 2517 5844 etv.
2536 5789 2844 5862 Ξὸθεορημ.
2871 5790 2930 5846 V.
2954 5806 3125 5845 carm.
3144 5790 3195 5862 7.
3214 5806 3326 5861 sup,

1828 5857 1941 5928 (75)
1973 5856 2105 5915 Cod.
2151 5856 2350 5915 iterum
2402 5856 2981 5931 παρσγέλὲιίιῖδιιρηι
3012 5878 3063 5931 p.
3103 5861 3225 5927 “5,
3251 5856 3303 5929 ιλ
