3814 6512
163 431 220 487 78
228 431 242 485 Ι

154 544 317 601 λουοον
344 538 435 593 καὶ
463 536 667 609 βέϐηλα
717 532 1124 605 ὑπηρετεῖσθαι.
1156 532 1353 604 ’Υϐρις
1390 528 1506 597 οὗν,
1543 530 1701 601 φησὶ,

153 639 235 694 καὶ
294 628 484 701 ἀτιμία
534 628 672 683 Θεοῦ
714 628 804 682 τὸν
858 625 1078 696 ἀνάγνῳ
1134 624 1416 696 χρώμενον
1464 623 1565 694 βίῳ
1611 622 1705 676 καὶ

155 722 519 794 ἐϐδελυγμένον
549 723 662 784 τοῖς
702 719 867 783 θείοις
908 717 1343 790 προσηγγικέναι
1370 716 1466 769 καὶ
1493 716 1706 786 ἱερουρ-

155 825 293 891 γεῑν·
331 814 519 869 τούτου
550 812 626 883 χδέ
672 811 972 883 δεινότερον
1012 810 1230 864 ἅπαντα
1279 806 1490 879 νεκρῶν
1546 806 1709 860 εὐλα-

153 912 339 968 6εῖσθαι
386 907 634 977 λείψανα,
686 905 831 960 τοῦτ’
876 904 1023 959 ἔστιν
1053 904 1217 972 ἁγνὸν
1258 902 1387 956 ὅντα
1409 942 1426 968 ,
1462 900 1708 972 βεϐήλοις

153 1008 235 1063 καὶ
254 1001 540 1076 αἱρετικοῖς
570 998 843 1070 πρόφασιν
874 995 1160 1060 εὐλαϐείας
1188 993 1546 1064 σεὸαζόμενον
1573 993 1707 1047 ὑπο-

152 1094 573 1157 κατακλίνεσθαι,
628 1092 726 1146 καὶ
772 1090 985 1158 νεκροῖς
1010 1082 1162 1141 οὖσιν
1197 1088 1590 1150 ἐπικοινωνεῖν,
1616 1085 1709 1138 τοῦ

152 1190 401 1265 προτέρου
425 1183 727 1257 δεινότερον
765 1181 862 1236 καὶ
886 1180 1250 1251 ἀτοπώτερον.

218 1368 279 1424 l7
306 1364 548 1420 Ἴστασο
572 1360 792 1431 μήποθ’
817 1357 978 1414 ὁδοῖο
1005 1356 1230 1421 καλῶν,
1258 1373 1314 1411 κ.
1331 1373 1383 1409 τ.
1413 1354 1493 1420 ἐξ.

223 1457 334 1513 Ἐπ’
359 1454 528 1517 ἄλλας
575 1453 782 1525 μέτεισι
818 1450 1042 1521 γνώμας
1064 1452 1093 1503 ό
1141 1446 1714 1520 ἱεροτελεστικὼτατος

147 1551 294 1623 ἀνὴρ,
331 1548 543 1618 μήποτε
577 1545 769 1617 στῆναι
796 1542 904 1597 τῶν
934 1541 1114 1596 καλῶν
1141 1540 1318 1610 ἔργων
1350 1537 1470 1594 ὀδοῦ
1504 1554 1713 1610 παρεγ-

145 1642 304 1712 γυῶν,
339 1637 457 1693 ἀλλ’
484 1637 790 1706 ἀεικίνητον
816 1631 955 1688 εἶναι
989 1632 1125 1705 πρὸς
1148 1631 1218 1686 τὰ
1258 1630 1530 1703 εὑάρεστα
1557 1630 1676 1702 Θεῷ
1697 1648 1711 1663 ·

147 1731 303 1788 κακὸν
333 1729 395 1784 δὲ
435 1723 573 1782 εἶναι
617 1725 679 1779 τὸ
730 1723 919 1797 ἕρπειν
956 1724 1036 1787 εις
1081 1721 1261 1793 βυθὸν,
1306 1721 1453 1776 τοῦτ’
1503 1721 1618 1775 ἐστι
1655 1721 1717 1776 τὸ

146 1820 529 1881 συνελκύεσθαι
563 1822 675 1883 τοῖς
710 1815 1073 1890 ἁμαρτωλοῖς.
1106 1815 1199 1869 καὶ
1228 1815 1342 1878 τοῖς
1374 1812 1474 1885 τὴν
1500 1813 1717 1869 ἀδικίαν

146 1913 527 1990 ἐργαζομένοις
560 1908 1012 1966 συναπόλλυσθαι.
1046 1907 1164 1962 Ἵνα
1194 1906 1251 1961 δέ
1290 1906 1363 1979 μὴ
1386 1906 1571 1979 λέγῃς,
1602 1907 1719 1970 πῶς

144 2009 203 2063 τὸ
238 2006 313 2078 μὴ
355 2004 549 2075 στῆναι
583 2001 684 2073 τῆς
720 1998 842 2054 ὁδοῦ
884 1996 1193 2069 παραινῶν,
1234 1996 1295 2049 ού
1341 1993 1402 2049 τὸ
1438 1993 1719 2065 ἀνίδρυτον

147 2096 298 2163 αὖθις
329 2095 431 2150 καὶ
462 2094 691 2150 ἄστατον
723 2090 1022 2162 νομοθετεῖ,
1050 2087 1328 2157 ἐπήγαγεν
1351 2083 1514 2148 εὐθύς
1541 2098 1556 2115 ο

144 2283 240 2338 Σοὶ
270 2278 518 2343 στάσις,
547 2274 717 2337 ὅστις
738 2270 903 2338 ἔϐης,
936 2286 989 2321 κ.
1024 2284 1076 2320 τ.
1111 2265 1188 2331 ἐξ.

207 2371 377 2427 Τοῦτο
413 2367 602 2429 στάσις
629 2359 909 2431 ἐπαινετὴ,
939 2356 1099 2412 τοῦτο
1120 2356 1327 2428 ἵδρυσις
1348 2354 1406 2406 ἐν
1427 2351 1506 2420 τῷ
1534 2347 1723 2421 ἀγαθῴ

138 2468 228 2521 καὶ
266 2461 430 2538 μονὴ,
465 2459 526 2513 τὸ
558 2456 715 2519 ἐκτὸς
773 2454 871 2525 τῆς
912 2449 1108 2512 κακίας
1140 2447 1429 2538 γενόμενον
1458 2440 1723 2538 ἡδράσθαι

138 2559 211 2625 τῷ
236 2536 417 2625 καλῷ,
464 2550 559 2605 καὶ
604 2544 934 2618 ἐδρασθέντα
988 2540 1258 2613 μηδέποτε
1298 2536 1521 2625 στῆναι,
1549 2536 1724 2589 εἴτουν

139 2615 471 2715 ἐκκακῆσαι,
526 2615 700 2692 ποιεῖν
754 2634 815 2688 τὸ
864 2630 1090 2701 ἀγαθόν.
1142 2625 1377 2697 Τυφλὸς
1420 2623 1592 2693 ὀρῶν.
1633 2625 1726 2676 Δο-

140 2741 221 2793 κεῖ
248 2736 364 2809 (76)
407 2734 542 2805 ὀρᾷν
595 2728 674 2800 τῷ
703 2725 1017 2797 ὀφθαλμοὺς
1066 2721 1209 2793 ἔχειν
1251 2717 1480 2782 οἴεσθαι,
1514 2715 1727 2809 ἀληθῶς

134 2832 186 2886 δὲ
216 2807 429 2898 τυφλός
484 2826 655 2886 ἐστιν,
694 2819 753 2883 ὃς
792 2818 890 2888 τῆς
923 2815 1059 2879 ἰδίας
1097 2811 1295 2872 κακίας
1328 2809 1423 2862 καὶ
1453 2807 1727 2879 ἁμαρτίας

134 2923 220 2977 τὸν
252 2919 487 2991 ὄλεθρον
511 2915 611 2986 οὐχ
641 2908 752 2975 οἷός
779 2908 841 2964 τέ
860 2909 975 2962 ἐστι
1000 2905 1283 2960 κατανοεῖν
1304 2918 1317 2931 ·
1341 2900 1458 2963 πῶς
1489 2900 1533 2953 δ’
1556 2900 1620 2954 ἄν
1646 2916 1730 2960 τις

134 3014 226 3067 καὶ
256 3008 692 3077 καταθεωρήσαι
738 3000 949 3055 τουτονὶ¹
1001 2998 1099 3069 τῆς
1141 2994 1317 3066 ψυχῆς
1346 2992 1439 3047 τὸν
1473 2991 1725 3056 θάνατον,

137 3108 227 3159 ἐὰν
250 3103 329 3175 μὴ
346 3100 621 3173 πρότερον
672 3095 784 3166 είδῇ
816 3090 1106 3164 μαστεύειν
1138 3089 1234 3142 καὶ
1280 3083 1602 3158 ἐξιχνιάςειν
1630 3082 1724 3137 τοῦ

135 3195 327 3270 νοητοῦ
380 3192 555 3264 θηρὸς
587 3190 621 3262 ἢ
655 3187 902 3243 διαϐόλου
947 3184 1017 3239 τὲ
1070 3184 1343 3254 νοήματα,
1394 3178 1488 3233 καὶ
1518 3182 1728 3270 νοεροτς

136 3269 404 3361 ὄμμασιν,
442 3286 614 3357 ἤγουν
657 3280 927 3352 κρυπταῖς
963 3275 1238 3347 θεωρίαις,
1263 3269 1728 3361 προκαταλαμὸἀέ

134 3359 245 3436 νειν
290 3376 469 3433 αὑτοῦ
519 3374 619 3437 τὰς
675 3371 899 3442 ἐνέδρας
938 3367 1034 3421 καὶ
1064 3364 1162 3429 τὰς
1196 3361 1461 3433 φυλακὰς,
1494 3359 1640 3416 κατά
1666 3360 1729 3413 τὸ

132 3474 336 3541 λόγιον,
362 3468 469 3523 καὶ
508 3466 651 3520 οὕτω
678 3460 1063 3533 διακρούεσθαι
1083 3455 1248 3512 αὐτοῦ
1277 3454 1375 3519 τὰς
1403 3452 1728 3518 ἐπιϐουλάςς

132 3563 202 3616 Σὺ
226 3561 421 3617 τοίνυν
444 3560 476 3613 ὁ
498 3554 681 3627 ἰατροῦ
713 3554 805 3606 ἐπὶ
832 3553 944 3615 τοῖς
974 3548 1171 3604 πάθεσι
1198 3547 1296 3618 τῆς
1331 3544 1510 3616 ψυχῆς
1525 3544 1733 3599 ἐπιδεόο

135 3671 319 3725 μενος,
389 3651 494 3705 ἐὰν
535 3644 938 3717 κατακρύπτων
995 3637 1351 3711 κατακρύψῃς
1381 3634 1542 3700 αὐτὰ,
1574 3635 1728 3689 ἐπαι-

129 3719 473 3818 σχυνόμενος
528 3735 964 3811 ἐξομολογεῖσθαι
1009 3731 1087 3804 τῷ
1131 3719 1269 3800 Θέῷ,
1301 3727 1484 3783 οὔποτ’
1525 3728 1591 3780 ἂν
1615 3728 1712 3800 τὴν

124 3933 241 3998 Σὸς
271 3930 495 4000 λόγος,
527 3927 705 3996 ἔργον
730 3920 914 3992 ἐμεῖο,
948 3937 1003 3973 κ.
1026 3934 1078 3971 τ.
1105 3916 1184 3981 ἐξ.

197 4022 383 4076 Τοῦτο
418 4019 565 4092 πρὸς
593 4016 685 4069 τὸν
718 4014 859 4067 θεῖον
880 4012 1038 4080 λόγον
1058 4009 1150 4062 τὸν
1174 4007 1271 4071 τὰς
1291 4005 1564 4077 σωτηρίας
1597 4006 1729 4077 ἡμῖν

121 4113 531 4184 ἐντελλόμενον
559 4106 780 4164 ἀκούειν
803 4105 933 4178 χρή.
959 4101 1059 4157 Σδν
1087 4100 1184 4172 μὲν
1209 4094 1326 4164 οῦν,
1365 4092 1411 4151 ὦ
1437 4097 1633 4169 Κύριε,
1660 4098 1728 4151 τὰ

122 4204 467 4279 σωηριώδη
499 4200 788 4275 παραινεῖν
817 4196 911 4251 καὶ
948 4192 1279 4265 νομοθετεῖν,
1314 4189 1447 4260 ἐμὸν
1485 4188 1543 4243 δὲ
1556 4189 1625 4243 δι’
1648 4187 1731 4261 ἔρ-

117 4316 221 4369 γου
272 4295 568 4370 παριστᾷν
629 4291 827 4345 ταῦτα.
857 4289 953 4352 Ὃς
1004 4281 1118 4352 οὖν,
1151 4284 1305 4355 φησὶ,
1336 4281 1517 4336 καλῶν
1550 4281 1727 4354 ἔργων

118 4392 350 4462 ἀπορεῖ,
412 4385 648 4457 εὑεπίην
699 4382 889 4454 ἐχέτω,
944 4379 1095 4450 ῥῆμα
1144 4374 1440 4445 ἀπολογίας
1485 4372 1725 4443 ἀγαθὸν,

114 4478 683 4552 ταπεινοφροσύνης,
743 4471 1050 4545 μετανοίας,
1105 4465 1511 4533 ὑποπτώσεως,
1575 4464 1729 4537 ρἧα

115 4576 275 4628 ἐλέου
307 4571 463 4625 Θεοῦ
498 4564 885 4639 προκλητικὸν,
924 4558 1250 4633 συμμαχοῦν
1292 4560 1373 4623 εἰς
1403 4557 1730 4629 συνηγορίαν

116 4670 253 4740 ἡμῖν
281 4664 389 4720 καὶ
420 4660 749 4733 ἀμφίθετον,
767 4658 796 4711 ὅ
820 4657 934 4711 ἐστι
951 4654 1087 4726 πρὸς
1112 4652 1396 4723 ἀμφότερα
1411 4648 1728 4722 συνεργοῦν,

112 4761 255 4832 πρός
286 4776 353 4811 τε
379 4752 496 4828 τὴν
518 4755 616 4824 τῆς
644 4748 1092 4819 ἀγανακτήσεως,
1135 4746 1233 4817 τῆς
1266 4744 1359 4797 ἐπὶ
1391 4745 1455 4815 τῇ
1488 4742 1732 4814 ἁμαρτίᾳ

112 4852 474 4927 κινουμένης
497 4842 848 4915 ἀποστροφὴν
883 4840 977 4895 καὶ
1000 4838 1137 4911 πρὸς
1165 4836 1265 4908 τὴν
1295 4835 1405 4890 τῶν
1428 4832 1733 4905 οἰκτιρμῶν

109 4948 224 5000 τῶν
247 4938 646 5015 ὑπεραγάθων
668 4932 1026 5005 ἐπιστροφήν.

111 5040 183 5094 25
220 5032 561 5106 Ὑϐριστὴς
575 5031 753 5099 κόρος
784 5026 975 5090 ἐστίν,
1003 5041 1058 5077 κ.
1090 5040 1141 5076 τ.
1172 5020 1249 5086 ἐξ.

195 5133 261 5186 '0
288 5130 474 5202 κόρος
512 5126 609 5198 μὲν
628 5122 738 5176 τῶν
770 5137 830 5173 τε
867 5115 1176 5190 βρωμάτων
1203 5113 1299 5168 καὶ
1316 5112 1608 5186 χρημάτων
1637 5109 1730 5164 καὶ

108 5226 373 5288 πάντων,
409 5222 525 5275 ὅσα
575 5216 848 5287 σώματος,
887 5208 1149 5283 ὑϐριστής
1180 5208 1296 5260 ἐστι
1326 5206 1419 5259 καὶ
1447 5204 1727 5275 ἀγέρωχος

105 5320 205 5372 καὶ
257 5312 527 5380 ἀλαζών.
589 5306 841 5370 Τοιοῦτος
901 5304 1009 5366 πᾶς
1044 5302 1072 5356 ὁ
1128 5299 1378 5353 πλουτεῖν
1439 5295 1733 5367 ἀπλήστως

105 5407 467 5478 ἐφιέμενοςο
530 5398 640 5470 ἐγὼ
674 5397 733 5453 δέ
767 5401 862 5462 σε,
900 5387 946 5449 ὦ
996 5392 1186 5465 ἄριστε
1220 5387 1441 5462 μυστῶν
1489 5387 1538 5459 (ὁ
1592 5384 1733 5456 ἱερὸς

102 5497 457 5553 ὑποτίθεται
519 5484 930 5563 μυσταγωγὸς),
1001 5482 1162 5555 ἔργον
1224 5479 1369 5550 ἔχειν
1441 5478 1733 5549 ἄμεμπτον

104 5591 398 5663 βούλομαι
461 5582 564 5637 καὶ
609 5582 884 5635 ἄπαυστον
913 5574 1014 5646 τὴν
1051 5573 1150 5643 τῆς
1183 5568 1502 5642 ἀειτρεφοῦς
1538 5566 1734 5663 ἐπιμέ-

100 5660 262 5739 λειαν
290 5678 523 5752 ψυχῆς.
555 5676 650 5746 τῆς
700 5673 789 5730 ἀεὶ
833 5671 910 5743 τῷ
943 5669 1084 5739 λόγῳ
1128 5666 1333 5736 Κυρίου
1371 5660 1731 5735 τρεφομένης,

102 5775 251 5847 πρὸς
320 5770 517 5841 τῆξιν
562 5767 730 5839 αὐτῆς
768 5766 863 5822 καὶ
908 5758 1198 5831 οἰκοδομὴν
1238 5755 1429 5830 νπράν
1462 5755 1553 5811 καὶ
1586 5753 1736 5807 τελε-

180 5909 309 5982 (76)
339 5906 475 5964 Cod
487 5947 503 5962 .
532 5904 716 5959 δοκεῖν.

1680 6027 1725 6037 Δ

1154 416 1221 473 ΙΝ
1259 413 1562 472 CARMINA
1588 410 1869 471 ARCANA
1908 412 1966 467 S.
2007 410 2355 470 GREGORII.

3280 406 3383 461 78‘2

1814 527 2080 584 famulum
2113 537 2167 585 et
2208 530 2436 600 profana
2470 529 2802 587 ministrare.
2840 522 3189 585 Contumelia
3226 541 3381 599 ergo,

1812 619 2011 690 inquit,
2041 628 2096 674 et
2122 620 2359 676 dedecus
2391 618 2486 675 Dei
2513 634 2639 675 eum
2677 620 2773 691 qui
2808 619 3079 691 impuram
3110 616 3251 674 solet
3290 616 3388 673 de-

1813 724 1941 780 gere
1965 711 2134 766 vitam
2162 720 2219 768 et
2248 711 2343 783 qui
2369 711 2727 769 detestandus
2746 722 2853 778 est,
2876 711 3080 768 divinis
3102 710 3382 767 admoveri

1812 807 1868 854 et
1890 815 2044 856 sacra
2073 801 2384 869 coniicere;
2431 801 2527 858 sed
2562 801 2733 871 magis
2770 802 3105 857 horrendum
3129 808 3213 853 est
3228 812 3383 855 eum-

1815 894 1935 950 dem
1950 892 2160 969 cunctis
2179 898 2511 948 mortuorum
2526 890 2611 959 pie
2624 889 2897 945 admoveri
2922 888 3159 960 reliquiis
3177 907 3190 943 :
3205 885 3257 942 id
3279 897 3386 952 est,

1817 981 2094 1037 hominem
2133 980 2418 1036 innoxium
2442 994 2567 1033 cum
2593 977 2841 1049 profanis
2868 988 2924 1033 et
2954 977 3231 1035 haereticis
3270 981 3387 1050 pie-

1817 1071 1948 1125 tatis
1994 1084 2166 1126 causa
2196 1077 2549 1126 venerantem
2577 1077 2929 1139 prosternere
2968 1082 3028 1124 se
3054 1075 3110 1123 et
3138 1084 3262 1123 cum
3283 1070 3391 1124 illis

1829 1161 1923 1230 qui
1991 1162 2200 1216 mortui
2260 1169 2393 1216 sunt
2459 1160 2867 1217 communicare
2949 1159 3280 1218 horrendius
3338 1174 3395 1217 et

1817 1252 2066 1309 insanius
2096 1260 2183 1309 est
2207 1267 2369 1323 quam
2396 1251 2542 1321 quod
2568 1266 2733 1322 supra
2758 1250 3123 1321 vituperatur.

1889 1343 1954 1397 17
1988 1344 2276 1418 Nunquam
2294 1344 2553 1399 subsistas
2587 1345 2640 1399 in
2674 1344 2760 1398 via
2786 1344 3020 1412 virtutis,
3044 1349 3150 1399 etc.

1891 1437 1971 1492 Ad
1998 1438 2137 1494 alias
2158 1437 2359 1494 transit
2387 1435 3085 1504 sententias,sanctissime
3110 1432 3397 1505 perfectus

1821 1528 1924 1594 vir,
1939 1543 2007 1584 ne
2040 1527 2294 1600 progredi
2337 1538 2587 1586 cessatur
2638 1527 2694 1583 in
2740 1527 2828 1582 via
2864 1527 3132 1583 bonorum
3167 1540 3394 1597 operum

1820 1619 2237 1686 commendans,
2268 1621 2365 1677 sed
2395 1627 2457 1675 ut
2498 1627 2763 1677 actuosus
2792 1634 3010 1689 semper
3059 1617 3296 1689 quisque
3323 1616 3399 1673 sit

1821 1709 1891 1764 ad
1921 1724 1985 1764 ea
2008 1726 2129 1780 quae
2156 1707 2268 1767 Deo
2307 1710 2526 1781 placent
2553 1727 2569 1776 ;
2625 1710 2831 1764 malum
2862 1719 3045 1764 autem
3092 1707 3285 1765 dicens
3314 1723 3399 1763 re-

1824 1816 1953 1872 pere
1987 1802 2054 1855 ad
2080 1801 2361 1866 inﬁma,id
2397 1809 2502 1868 est,
2547 1817 2738 1872 repere
2767 1816 2892 1856 cum
2921 1800 3308 1871 peccatoribus
3344 1808 3401 1856 et

1823 1908 1947 1947 cum
1975 1893 2337 1962 operantibus
2367 1892 2713 1963 iniquitatem
2760 1893 2924 1949 simul
2969 1892 3240 1948 commori
3292 1892 3398 1950 Sed

1822 1999 1892 2040 ne
1917 1984 2152 2054 obiicias
2178 2003 2190 2040 :
2224 1984 2504 2056 quomodo
2536 1985 2628 2055 qui
2680 2000 2749 2040 ne
2777 1984 3031 2056 progredi
3060 1994 3310 2041 cessetur
3344 1985 3398 2040 in

1823 2076 1907 2129 via
1950 2075 2223 2144 hortatur,
2289 2090 2396 2131 non
2443 2076 2646 2131 iterum
2696 2076 2762 2131 de
2792 2076 3008 2131 caduco
3058 2084 3116 2131 et
3154 2077 3400 2135 instabili

1823 2166 2165 2238 pronuntiat,
2198 2167 2379 2223 statim
2408 2165 2560 2221 addit
2595 2185 2608 2222 :

1824 2262 2140 2317 Constantia
2170 2273 2284 2328 tua,
2318 2262 2553 2335 quisquis
2586 2261 2880 2326 incedis,et
2905 2276 3024 2333 seq.

1895 2352 2021 2408 llaec
2075 2354 2388 2409 constantia
2437 2353 2757 2420 laudabilis,
2803 2354 2918 2408 haec
2972 2351 3316 2409 conﬁrmatio
3350 2352 3403 2408 in

1825 2444 1972 2500 bono
2005 2454 2061 2500 et
2095 2445 2331 2509 mansio,
2368 2446 2415 2500 si
2447 2445 2660 2501 alienus
2691 2461 2720 2499 a
2761 2444 2970 2500 malitia
2998 2443 3176 2500 factus
3212 2443 3401 2500 ﬁrme-

1828 2545 1916 2591 tur
1934 2546 1986 2591 et
2010 2536 2255 2594 ﬁrmatus
2274 2552 2618 2610 nequaquam
2639 2546 2816 2593 cesset
2837 2546 2932 2592 aut
2952 2538 3195 2592 remittat
3214 2553 3243 2593 e
3261 2538 3407 2593 bono

1828 2626 2097 2682 faciendo.
2124 2647 2143 2681 ι
2170 2629 2362 2686 Caecus
2378 2630 2594 2685 videns.
2616 2648 2636 2683 ι
2660 2629 2859 2685 Videre
2880 2628 3057 2685 credit
3082 2645 3147 2685 ex
3170 2644 3235 2685 eo
3260 2630 3404 2699 quod

1829 2720 2227 2775 oculoshahere
2251 2730 2480 2793 reputet,
2494 2719 2540 2775 is
2558 2727 2738 2776 autem
2751 2734 2876 2775 vere
2894 2736 3066 2777 caecus
3078 2728 3159 2778 est
3172 2719 3260 2792 qui
3278 2736 3380 2791 pro

1829 2811 1961 2879 prius
1989 2811 2215 2866 malitia:
2240 2811 2559 2883 propriique
2601 2812 2812 2881 peccati
2860 2812 3076 2865 ruinam
3122 2826 3230 2865 non
3266 2813 3409 2865 valet

1830 2900 2163 2973 intelligere;
2199 2914 2253 2957 et
2280 2903 2558 2973 quomodo
2592 2903 2735 2958 hanc
2774 2903 2971 2957 animae
3000 2909 3231 2957 mortem
3283 2917 3409 2956 eon-

1832 2993 2125 3059 sideraret,
2174 2994 2282 3051 nisi
2320 2995 2475 3065 prius
2512 2995 2726 3052 noverit
2765 3001 3051 3066 penetrare
3085 3002 3140 3049 et
3181 2991 3412 3049 investi~

1838 3101 1968 3157 gare
1993 3086 2296 3158 spiritualis
2331 3088 2542 3155 bestiae,
2575 3102 2671 3144 seu
2706 3086 2908 3143 diaboli
2944 3085 3325 3158 cogitationes,
3356 3095 3412 3139 et

1834 3180 2210 3249 spiritualibus
2276 3181 2483 3245 oculis,
2548 3195 2743 3251 nempe
2800 3180 3028 3236 secretis
3093 3177 3410 3233 meditatio-

1838 3273 2004 3328 nibus
2044 3272 2222 3344 ipsius
2258 3272 2488 3328 insidias
2541 3280 2596 3327 ct
2638 3273 2857 3343 vigilias
2908 3272 3209 3343 praevenire
3255 3271 3413 3338 juxta

1837 3367 2200 3438 Scripturam,
2223 3378 2279 3423 et
2299 3368 2371 3422 ita
2399 3367 2575 3438 ipsius
2600 3369 2933 3422 tentationes
2947 3365 3155 3421 vitare?
3185 3364 3266 3419 Tu
3284 3380 3415 3434 ergo

1835 3458 2049 3514 medico
2076 3459 2131 3513 in
2163 3459 2359 3514 anima:
2395 3459 2606 3515 morbis
2632 3474 2819 3530 egens,
2863 3458 2909 3515 si
2931 3458 3031 3513 hos
3059 3458 3246 3514 celans
3274 3458 3416 3511 cela-

1836 3548 1991 3604 veris
2018 3549 2271 3605 conﬁteri
2308 3548 2419 3605 Deo
2447 3551 2809 3614 erubescens,
2840 3565 3182 3622 nequaquam
3200 3552 3411 3616 peccati

1838 3639 2069 3697 fetorem
2109 3658 2140 3697 a
2171 3641 2337 3698 corde
2368 3648 2465 3697 tuo
2496 3642 2814 3714 dissipabis.

1739 3735 1836 3799 τῆς
1895 3735 2170 3806 ἁμαρτίας
2195 3735 2459 3790 δυσωδίαν
2496 3736 2596 3806 τῆς
2632 3736 2770 3800 ίδίας
2799 3738 3025 3809 καρδίας
3049 3735 3413 3809 ἀωσμὴξαιο.

1833 3914 2005 3967 Tuum
2029 3913 2264 3977 verbum,
2301 3929 2430 3984 opus
2457 3931 2490 3969 a
2513 3931 2613 3981 me,
2632 3922 2739 3971 etc.

1902 4004 1959 4059 Id
1994 4006 2061 4060 de
2091 4005 2278 4061 divino
2313 4008 2479 4063 verbo
2504 4009 2621 4065 vias
2657 4008 2853 4063 salutis
2879 4008 3040 4066 nobis
3066 4008 3293 4080 iubente
3318 4026 3417 4065 an-

1829 4099 1945 4153 dire
1977 4104 2194 4168 oportet
2230 4118 2241 4152 :
2274 4095 2456 4153 Tuum
2485 4113 2639 4169 ergo,
2671 4114 2704 4153 ο
2735 4097 2986 4166 Domine,
3019 4101 3283 4163 salutaria
3318 4118 3418 4157 ex-

1832 4189 2036 4245 hortari
2058 4197 2112 4245 et
2136 4189 2515 4262 praescribere,
2552 4206 2732 4246 meum
2768 4206 2906 4246 vero
2940 4206 3105 4261 opere
3145 4191 3250 4247 ista
3291 4209 3418 4265 per-

1828 4296 1990 4353 agere
2015 4298 2030 4347 ;
2061 4281 2178 4354 qui,
2214 4280 2416 4352 inquit,
2444 4279 2605 4337 bonis
2623 4281 2882 4352 operibus
2907 4291 3048 4351 eget,
3068 4282 3417 4337 dulcisonum

1834 4373 2064 4437 habeat,
2101 4372 2331 4429 verbum
2362 4372 2632 4446 apologis:
2659 4374 2888 4437 bonum,
2919 4372 3413 4446 humilitatis,pm-

1837 4464 2097 4529 nitentiac,
2133 4464 2595 4533 compunctionis,
2630 4456 2858 4519 Verbum
2910 4479 3220 4535 provocans
3268 4466 3413 4521 divi-

1837 4572 1921 4612 na:
1965 4557 2380 4622 misericordiae,
2428 4556 2717 4612 nobiscum
2754 4571 3006 4627 pugnans
3037 4555 3093 4611 in
3130 4555 3413 4613 defensio-

1840 4667 1988 4720 nem,
2012 4649 2141 4706 hinc
2178 4658 2234 4706 et
2263 4650 2393 4706 inde
2434 4650 2729 4716 auxiliaris,
2783 4648 2838 4704 id
2872 4657 2979 4713 est,
3037 4650 3295 4721 utrinque
3317 4666 3417 4721 op-

1842 4754 2138 4817 portunum
2160 4786 2174 4812 ,
2208 4755 2262 4802 et
2297 4762 2392 4818 per
2423 4745 2819 4817 indignationis
2852 4743 2921 4799 de
2968 4751 3200 4814 peccato
3228 4745 3441 4823 conci-p

1841 4848 1968 4894 latae
1997 4840 2416 4895 conversionem
2434 4847 2490 4894 et
2516 4854 2613 4909 per
2630 4836 3169 4893 commiserationum
3188 4834 3415 4892 omnino

1838 4928 2170 4998 optimarum
2202 4929 2596 4985 reversionem.

1834 5020 1903 5074 25
1943 5017 2158 5074 Procax
2184 5030 2261 5075 est
2294 5020 2664 5084 satietas,etc.

1902 5113 2150 5169 Aviditas
2184 5119 2506 5168 escarumet
2526 5111 2864 5167 bonorumet
2884 5111 3125 5165 omnium
3161 5126 3282 5182 quae
3321 5127 3419 5183 ap-

1841 5205 1974 5277 petit
1993 5202 2563 5271 corpus,contumelia
2587 5209 2690 5268 est,
2716 5200 3031 5274 arrogantia
3054 5209 3108 5258 et
3148 5204 3358 5259 vanitas
3399 5223 3412 5259 :

1838 5297 1946 5352 hac
1976 5296 2192 5353 laborat
2219 5294 2472 5367 quisquis
2501 5294 2772 5352 ditescere
2812 5294 3207 5350 insatiabiliter
3236 5296 3413 5351 ardet.

1840 5386 1953 5460 Ego
1968 5402 2118 5454 vero,
2138 5402 2171 5443 0
2196 5387 2427 5465 optime,
2451 5386 2611 5443 docet
2637 5394 2861 5443 sanctus
2879 5387 3154 5459 mysteriis
3172 5386 3415 5445 initians.

1840 5487 1895 5535 te
1953 5478 2441 5550 irreprehensibile
2488 5486 2544 5534 et
2584 5491 2824 5549 perenne
2873 5492 3012 5548 opus
3062 5492 3223 5549 agere
3271 5478 3415 5541 volo,

1841 5572 2039 5627 anima:
2069 5585 2285 5642 semper
2312 5569 2524 5625 alenda:
2564 5584 2780 5637 curam,
2819 5568 3019 5640 quippe
3054 5583 3173 5638 qua:
3203 5583 3418 5638 semper

1843 5661 2014 5718 verbo
2046 5661 2234 5717 divino
2273 5661 2442 5716 alitur
2475 5660 2543 5717 ad
2577 5660 2959 5716 formationem
2987 5666 3041 5716 et
3070 5658 3413 5731 spiritualem

1844 5754 2262 5812 aediﬁcationem
2298 5760 2354 5812 et
2397 5752 2816 5824 perfectionem,
2858 5751 2982 5807 volo
3008 5758 3064 5807 et
3096 5757 3149 5806 te
3190 5747 3415 5805 divitias
