3814 6502
423 378 534 437 785

423 495 640 548 unicam
683 485 1023 545 divinitatem
1045 502 1390 560 comparare,
1431 491 1690 565 sicutper
1719 497 2008 566 speculum

421 585 703 640 sincerum
751 582 954 652 spiritu
1013 583 1449 652 conspicientem
1489 593 1544 641 et
1596 587 1651 640 in
1705 587 1886 658 ipsum
1925 603 2010 641 III-

420 680 684 741 tuentem,
710 681 908 730 cuncta
929 681 1113 730 autem
1145 681 1202 730 et
1236 675 1383 732 hunc
1397 678 1820 748 corruptibilem
1848 694 2010 733 mun-

422 767 549 822 dum
579 774 635 821 et
663 781 786 837 quae
812 766 865 820 in
898 781 966 821 eo
1005 767 1196 824 multis
1216 768 1564 824 aestimantur
1603 786 1825 842 magna,
1883 786 2010 824 ara-

421 873 657 915 nearum
689 858 818 913 telis
865 856 1153 928 fr‘agilihus
1207 867 1265 913 et
1321 859 1524 914 vitiatis
1570 861 1773 915 similia
1818 861 2008 931 despi-

421 965 581 1016 cere;
613 964 852 1020 namque
887 957 1087 1005 cuncta
1111 950 1340 1004 omnino
1373 951 1499 1005 vitae
1540 952 1824 1007 hominum
1861 953 2007 1008 bona

419 1049 684 1096 extranea
722 1047 776 1095 et.
825 1040 1003 1096 aliena
1054 1039 1330 1106 videntur,
1381 1043 1497 1096 sola
1544 1043 1724 1099 virtus
1770 1044 2008 1099 humana

419 1140 525 1196 est,
559 1131 785 1202 solaque
834 1133 1126 1202 praesentis
1169 1131 1478 1186 subsidium
1522 1133 1648 1188 vitae
1697 1142 1754 1189 et
1799 1135 2008 1192 utilitas

419 1229 616 1283 animae
639 1247 652 1282 :
680 1229 784 1284 hoc
800 1235 856 1284 et
879 1229 1058 1299 ipsum
1091 1231 1472 1303 incorruptum
1493 1241 1546 1286 et
1569 1233 1884 1289 immortale
1906 1234 2006 1290 Dei

419 1321 644 1376 verbum
675 1320 933 1375 omnibus
962 1321 1177 1392 populis
1230 1323 1454 1387 clamat,
1499 1323 1738 1396 illosque
1784 1340 2005 1381 convo-

418 1422 542 1470 cat:
566 1413 735 1486 agite;
762 1428 974 1480 omnes,
1001 1415 1206 1480 venite,
1251 1417 1322 1471 ad
1350 1415 1646 1473 Trinitatis
1681 1435 1851 1490 super
1891 1435 2007 1476 coe-

419 1507 502 1565 los
527 1509 778 1564 exaltatae
805 1507 1177 1580 c0gnitionem
1192 1512 1660 1583 expergiscimini,
1694 1523 1749 1569 et
1774 1515 2004 1572 univer-

420 1615 543 1656 sum
606 1599 876 1656 mundum
905 1612 960 1655 et
992 1616 1116 1671 quae
1155 1603 1212 1657 in
1240 1617 1307 1658 eo
1345 1611 1476 1658 sunt
1516 1612 1781 1676 tanquam
1823 1609 2006 1664 aliena

417 1698 792 1756 transeuntes,
818 1707 915 1762 per
960 1692 1187 1748 verbum
1233 1701 1287 1750 et
1331 1697 1852 1768 contemplationem
1909 1716 2004 1758 ve-

419 1799 591 1843 strum
609 1788 872 1859 requirite
895 1788 1120 1847 bonum.

418 2035 490 2093 33
527 2036 719 2093 Ponite
755 2036 808 2090 in
861 2035 958 2091 hoc
987 2035 1245 2099 animum,
1293 2044 1555 2106 quotquot
1605 2037 1726 2090 vita:
1759 2046 2002 2091 sanetum

1289 2105 1616 2176 [conjugium
1658 2105 1919 2176 alligavit,

421 2177 494 2233 δι
615 2175 685 2233 Ut
715 2174 1067 2233 torcularibus
1091 2174 1384 2231 caelestibus
1408 2174 1744 2319 ampliori:th
1757 2174 1989 2259 fructum

1660 2264 1714 2301 in
1739 2259 1924 2304 eratis.

488 2379 604 2435 lloc
624 2379 782 2436 vobis
810 2379 1039 2436 verbum
1073 2379 1128 2435 in
1158 2379 1424 2451 spiritum
1466 2394 1738 2451 reponere
1768 2395 1893 2435 voio
1917 2390 1998 2436 at-

414 2489 524 2546 que
551 2473 694 2530 hanc
716 2472 920 2530 vestris
954 2472 1011 2526 in
1058 2471 1320 2526 cordibus
1376 2471 1626 2526 auditam
1666 2469 1856 2527 facere
1901 2487 1998 2527 vo-

415 2567 703 2622 luntatem.
735 2564 1018 2636 Quotquot
1043 2563 1267 2636 quidem
1293 2565 1418 2619 vitae
1465 2563 1864 2636 colligaverunt
1904 2579 1998 2621 ca-

413 2668 514 2714 sta:
551 2665 606 2714 et
627 2658 886 2728 legitima:
913 2658 1142 2729 nuptiae,
1201 2673 1231 2713 a
1253 2657 1492 2715 vinculis
1514 2674 1643 2714 cum
1689 2657 1855 2715 facile
1886 2675 1996 2715 non

411 2749 487 2806 sit
523 2749 688 2816 solvi,
733 2764 833 2821 pro
862 2750 1188 2807 caelestibus
1233 2751 1604 2822 receptaculis
1652 2760 1708 2806 et
1748 2753 1995 2809 ecclesiis

411 2840 507 2897 Dei
532 2847 684 2896 tanto
708 2841 834 2910 plus
859 2839 1102 2896 fructum
1133 2841 1342 2897 referre
1365 2839 1476 2897 Deo
1507 2841 1744 2906 debetis,
1786 2852 1996 2915 quanto

412 2931 570 3002 plura
591 2930 752 2987 vobis
785 2933 1014 2986 veniunt
1043 2933 1232 2986 mundi
1264 2931 1408 2986 bona
1445 2950 1460 2987 ε
1487 2946 1731 3002 namque
1755 2932 1821 2988 de
1837 2935 1995 3004 prole

411 3039 534 3094 qua:
571 3023 747 3078 oritur
775 3037 843 3078 ex
877 3023 1056 3090 vobis,
1085 3033 1140 3079 et
1174 3023 1241 3078 de
1275 3023 1726 3094 possessionibus
1761 3026 1987 3081 intem

409 3125 464 3171 et
492 3115 560 3170 de
582 3115 858 3170 fructuum
878 3116 1123 3169 omnium
1168 3116 1436 3171 varietate
1469 3116 1677 3186 optima
1697 3116 1896 3173 offerre
1935 3127 1991 3176 et

416 3210 648 3267 reddere
672 3209 722 3265 ei
737 3210 829 3280 qui
846 3211 1030 3265 omnia
1050 3209 1439 3265 deditomnino
1463 3217 1697 3280 oportet;
1720 3219 1990 3282 quotquot

410 3313 593 3360 autem
627 3304 683 3358 in
735 3303 989 3359 caelibatu
1018 3312 1074 3360 et
1123 3303 1442 3375 virginitate
1493 3304 1677 3360 vivere
1727 3305 1990 3377 eligentes

411 3397 625 3460 animae,
665 3409 923 3465 magnum
955 3392 1052 3449 Dei
1079 3394 1333 3460 verbum,
1393 3393 1552 3465 quasi
1579 3403 1745 3451 casta:
1775 3412 1991 3467 sponsa:

408 3497 464 3542 et
493 3487 812 3558 spirituales
859 3494 912 3540 et
951 3484 1187 3552 mundae,
1239 3487 1494 3556 amplecti
1524 3488 1827 3557 pretiosum
1886 3489 1988 3544 ha-

409 3579 604 3645 beatis,
635 3583 833 3630 cuncta
867 3575 978 3630 Deo
998 3575 1292 3641 adducere,
1310 3590 1501 3632 omnes
1532 3575 1744 3634 fructus
1763 3578 1986 3635 Christo

409 3670 639 3726 reddere
664 3681 893 3724 necesse
924 3677 1028 3734 est,
1075 3667 1216 3722 nihil
1249 3667 1408 3724 vobis
1442 3668 1578 3738 ipsis
1613 3681 1984 3738 reservantes,

406 3768 460 3816 et
491 3758 796 3830 periculurn
838 3757 892 3812 in
919 3758 1122 3829 aliquid
1157 3757 1469 3829 seponendo
1503 3758 1744 3816 Ananias
1770 3773 1822 3817 et
1850 3761 1987 3834 Sap-

405 3851 564 3921 phira
643 3853 954 3911 ostendunt.
1029 3850 1284 3922 Splendor
1353 3854 1611 3925 refulgens
1690 3853 1983 3909 solitarius.

404 3943 598 4002 Omnis
629 3942 810 3996 anima
853 3955 974 4012 quae
1007 3941 1312 3997 solitariam
1363 3944 1534 3997 vitatur
1567 3951 1622 3998 et
1655 3944 1982 4016 virginalem

402 4043 458 4090 et
493 4036 699 4104 absque
727 4033 860 4104 jugo
894 4032 1043 4086 vovit
1077 4031 1310 4089 Domino
1346 4041 1401 4088 et
1446 4035 1528 4088 sic
1566 4034 1754 4090 vivere
1803 4036 1981 4106 eligit,

404 4120 663 4194 splendor
691 4121 912 4190 quidam
943 4129 998 4176 et
1052 4121 1146 4175 lux
1195 4121 1394 4176 ardens
1441 4121 1758 4177 videntibus
1811 4137 1982 4193 appa-

403 4227 526 4268 rere
549 4212 732 4280 debet,
756 4211 854 4268 sed
883 4211 1196 4268 dividentes
1227 4212 1396 4267 vitam
1433 4227 1594 4268 suam
1630 4227 1661 4266 a
1697 4213 1904 4268 mundo
1927 4222 1982 4270 et

401 4302 723 4358 hominibus
781 4303 1080 4358 mundanis
1129 4310 1186 4358 et
1237 4302 1552 4358 carnalibus
1613 4303 1775 4373 quasi
1822 4304 1981 4376 longe

402 4401 613 4450 stantes
635 4405 689 4449 et
716 4393 785 4448 ab
823 4393 1068 4465 ipsorum
1132 4393 1486 4448 commerciis
1537 4400 1598 4448 ut
1630 4393 1881 4463 plerique
1925 4402 1981 4450 et

398 4485 782 4541 meretricibus
805 4485 1088 4540 amoribus
1120 4485 1528 4540 retrocedentes
1554 4501 1568 4550 ;
1605 4485 1748 4540 sicut
1770 4481 1992 4550 autem,’

399 4578 598 4649 inquit,
640 4576 803 4632 fallax
831 4577 1182 4647 pulchritudo
1206 4577 1457 4647 corporis
1495 4585 1550 4632 et
1574 4579 1976 4633 contumeliosa

397 4670 681 4726 coloribus
724 4668 943 4740 depicta
995 4683 1102 4741 qua
1137 4669 1348 4724 vultum
1395 4668 1700 4726 illinientes
1734 4671 1978 4726 meretri-

396 4776 512 4828 ces,
544 4777 674 4818 suos
707 4760 990 4832 decipiunt
1013 4769 1311 4826 amatores,
1345 4761 1428 4818 sic
1457 4761 1697 4818 dedecus
1725 4772 1810 4819 est
1832 4761 1974 4819 Deo-

1809 382 1984 440 NlCE'l

2101 416 2102 426 η
2140 385 2351 442 DAVID
3573 407 3649 463 πει

2113 502 2416 570 σιουργίαν,
2473 505 2569 558 καὶ
2631 505 2885 562 πλουτεῖν
2917 508 3018 580 μὲν
3043 509 3214 584 μόνην
3241 513 3342 585 τὴν
3375 512 3580 588 Oed-trra
3596 522 3653 586 ὡς

2109 591 2170 645 ὲν
2188 593 2439 666 ἐσόπτρῳ
2461 595 2668 670 ταύτην
2693 600 2977 666 εἰλικρινεῖ
2994 603 3073 674 τῷ
3105 604 3221 676 ἰδίῳ
3253 606 3335 677 νῷ
3359 611 3654 682 φανταζόμε.

2110 685 2256 756 νονῆ
2292 688 2729 760 καταθεώμενον,
2783 694 2962 748 πάντα
3007 695 3066 749 δὲ
3095 696 3187 749 τὸν
3232 698 3471 770 φθαρτὸν
3492 709 3657 760 τουτονὶ

2110 775 2315 846 κόσμον
2339 779 2521 833 καὶτὰ
2541 781 2602 835 ἐν
2630 783 2781 855 αὐτῷ
2809 786 3021 855 μεγάλα
3051 791 3167 851 τοῖς
3184 789 3404 855 πολλοῖς
3420 793 3656 863 δοκοῦντα,

2114 869 2204 924 ῐσα
2237 871 2334 925 καὶ
2364 873 2684 945 ἀραχναίοις
2734 878 2798 947 νή
2809 895 2940 947 μασι
2967 883 3078 944 τοῖς
3118 882 3461 948 εὐδιαλύτοις
3477 889 3559 940 καὶ
3582 908 3658 944 σας

2111 963 2394 1033 θροτάτοις
2457 969 2723 1038 παρορᾷν.
2771 971 2882 1024 Καὶ
2929 970 3039 1043 γὰρ
3072 974 3254 1028 πάντα
3306 976 3408 1046 μὲν
3440 977 3588 1049 ἄρδην
3608 985 3660 1036 τὰ

2110 1049 2262 1102 τοῦδε
2315 1049 2410 1104 τοῦ
2479 1050 2595 1121 βίου
2628 1053 2735 1106 τῶν
2776 1055 3078 1128 ἀνθρώπων
3114 1059 3300 1127 ἀγαθὰ
3327 1062 3579 1135 ἀλλότριὰ
3615 1086 3657 1122 τε

2111 1140 2287 1194 αὐτῶν
2315 1143 2411 1196 καὶ
2473 1142 2672 1210 ἔξωθεν
2706 1147 2920 1218 ὁρᾶται,
2954 1149 3090 1221 μόνη
3131 1150 3189 1204 δὲ
3218 1154 3252 1222 ὴ
3288 1153 3459 1226 ἀρετὴ
3489 1157 3659 1230 ἀνθρω-

2112 1233 2240 1306 πίνη
2265 1235 2400 1297 ὲστὶ,
2430 1237 2524 1289 κα)⁵
2547 1237 2683 1308 αὕτη
2709 1239 2845 1311 μόνη
2866 1241 2968 1311 τῆς
2991 1243 3227 1297 ἐνταῦθα
3247 1244 3490 1315 βιώσεως
3510 1250 3660 1320 ὄνησίς

2111 1327 2229 1380 ἐστι
2279 1329 2376 1382 καὶ
2434 1329 2670 1400 ὠφέλεια
2718 1335 2785 1403 τῇ
2841 1333 3009 1405 ψυχῇ.
3047 1335 3221 1390 Τοῦτο
3251 1339 3318 1410 δὴ
3368 1342 3463 1394 καὶ
3486 1342 3659 1408 αὗτδςὸ

2094 1410 2383 1492 ’ἄφθαρτος
2437 1423 2532 1477 καὶ
2584 1424 2853 1490 ἀθάνατος
2891 1427 2985 1481 τοῦ
3019 1429 3153 1483 Θεοῦ
3194 1431 3354 1501 λόγος
3386 1437 3517 1487 πᾶσι
3541 1437 3659 1502 hei;

2110 1513 2285 1584 ἐμϐοᾷ
2333 1516 2429 1568 καὶ
2479 1517 2830 1586 συγκαλεῖται
2850 1538 2864 1552 ο
2901 1520 3060 1594 Δεῦρ’
3094 1522 3196 1592 ἴτε,
3231 1527 3459 1594 πάντες,
3491 1530 3657 1595 ἔλθετε,

2110 1603 2247 1676 πρὸς
2276 1605 2374 1676 τὴν
2399 1606 2498 1677 τῆς
2524 1607 2918 1680 ὑπερουρανίου
2955 1612 3186 1684 Τριαδος
3223 1617 3520 1686 ἐπίγνωσιν
3545 1622 3659 1674 trel-

2109 1695 2294 1764 γεσθε,
2319 1697 2415 1750 καὶ
2452 1699 2629 1755 πάντα
2673 1701 2763 1754 τὸν
2801 1702 3006 1774 κόσμον
3037 1707 3134 1759 καὶ
3156 1707 3226 1761 τὰ
3255 1710 3315 1762 ἐν
3339 1710 3487 1781 αὐτῷ
3505 1710 3571 1775 ὡς
3587 1713 3660 1766 ἁλι

2106 1786 2293 1860 λότρια
2326 1790 2456 1844 ὂντα
2476 1791 2922 1865 ὑπερϐαίνοντες,
2957 1798 3046 1853 διὰ
3065 1800 3226 1870 λόγου
3265 1804 3364 1857 καὶ
3384 1803 3595 1876 θεωρίας
3611 1805 3660 1860 τι

2106 1883 2371 1956 ὑμέτερον
2399 1884 2737 1958 ἐκζητήσατε
2762 1888 2946 1945 καλόν.

2101 2036 2172 2092 55
2201 2035 2389 2095 Θέσθε
2444 2043 2610 2107 νόον,
2641 2043 2830 2109 βιότῳ
2876 2045 2994 2115 μὲν
3044 2041 3239 2117 ὅσους
3277 2050 3473 2125 πῖίμρς-
3505 2055 3658 2125 ἁγνὸς

2102 2177 2171 2232 54
2272 2181 2492 2249 Amr-07¢
2519 2185 2827 2253 οὐρανίαις
2863 2187 3119 2245 πλείονα
3149 2192 3342 2262 καρπέ

2169 2378 2369 2438 Τοῦτον
2423 2385 2552 2455 ὑμῖν
2580 2386 2671 2439 τὸν
2709 2385 2865 2456 λόγον
2893 2389 3146 2445 ἐνθέσθαι
3176 2393 3448 2468 βούλομαι
3487 2399 3558 2470 τῷ
3582 2402 3659 2472 νῷ,

2099 2472 2195 2564 καὶ
2229 2473 2434 2546 ταύτην
2463 2476 2584 2540 ταῖς
2611 2477 2902 2551 ὑμετέραις
2922 2483 3172 2554 καρδίαις
3198 2487 3555 2560 ἐνωτισθῆναι
3579 2495 3658 2564 τὴν

2101 2562 2321 2657 βουλῄν.
2349 2567 2545 2631 Ὄσους
2572 2569 2669 2640 μὲν
2701 2571 2860 2640 ἁγνὸς
2881 2573 3059 2645 γάμος
3097 2577 3192 2630 καὶ
3227 2577 3458 2652 ἔννομος
3482 2584 3554 2654 τῷ
3583 2562 3662 2657 βέλε’

2101 2655 2408 2728 συνέδησεν,
2467 2660 2588 2714 ἐπεὶ
2632 2661 2708 2733 μὴ
2736 2664 2865 2735 ῥᾷον
2907 2665 3243 2724 ἀπολύεσθαι
3296 2673 3409 2728 τῶν
3452 2655 3658 2748 eum,

2097 2751 2219 2813 ταῖς
2249 2751 2527 2823 οὐρανίαις
2559 2752 2740 2826 ληνοῖς
2771 2757 2867 2810 καὶ
2890 2762 3012 2824 ταῖς
3039 2761 3133 2815 τοῦ
3165 2763 3307 2817 Θεοῦ
3340 2767 3660 2840 Ἐκκλησίας

2101 2842 2244 2897 κατὰ
2265 2845 2520 2900 τοσοῦτον
2547 2848 2770 2904 πλείονα
2789 2858 3161 2926 καρποφορεῖν
3196 2858 3450 2928 ὀφείλετε
3478 2863 3659 2936 Κυρίῳ,

2098 2934 2223 2988 καθ’
2285 2936 2410 2990 ὅσον
2467 2937 2562 2992 καὶ
2592 2938 2833 2996 πλεόνων
2893 2943 3279 3015 ὑμῖνμέτεστι
3323 2952 3434 3004 τῶν
3459 2934 3662 3010 ἀπὸτοῦ

2100 3028 2306 3100 κόσμου
2359 3031 2724 3101 ἁγαθῶν.Ἕκ
2768 3051 2827 3088 τε
2870 3036 2979 3109 γὰρ
3019 3039 3127 3092 τῶν
3160 3042 3455 3112 φυομένων

2099 3121 2157 3187 ἐξ
2188 3122 2364 3194 ὑμῶν,
2402 3124 2465 3178 ἐκ
2483 3142 2544 3179 τε
2582 3125 2689 3182 τῶν
2727 3128 2836 3182 ἀπὸ
2858 3133 2958 3202 τῆς
2987 3131 3092 3203 γῆς
3121 3140 3564 3210 περιουσιασμῶν
3586 3145 3664 3196 καὶ

2097 3215 2200 3286 τῆς
2247 3216 2356 3270 τῶν
2399 3219 2627 3290 καρπῶν
2671 3221 2927 3277 ἁπάντων
2971 3227 3248 3292 ποικιλίας
3312 3229 3382 3282 τὰ
3427 3232 3663 3288 κάλλιπε

2101 3309 2427 3381 προσφέρειν
2458 3311 2553 3365 καὶ
2605 3315 2960 3385 καρποδοτεῖν
3007 3317 3085 3388 τῷ
3108 3317 3368 3375 δεδωκότι
3404 3323 3474 3378 τὰ
3507 3327 3664 3379 πάντα

2097 3399 2317 3466 πάντως
2365 3401 2576 3474 χρεών·
2617 3404 2740 3459 ὅσαι
2787 3405 2842 3459 δὲ
2887 3407 3101 3480 ἁγαμίᾳ
3151 3415 3249 3464 καὶ
3281 3415 3552 3488 παρθενίᾳ
3579 3418 3664 3488 ζῇν

2096 3493 2513 3566 αἱρετισὰμεναι
2545 3496 2734 3568 ψυχαὶ,
2753 3498 2842 3552 τὸν
2867 3501 3040 3570 μέγαν
3076 3502 3171 3557 τοῦ
3205 3504 3348 3559 Θεοῦ
3381 3509 3570 3578 Λόγον,
3598 3511 3663 3574 ὡς

2095 3584 2255 3653 ἁγναὶ
2284 3585 2494 3656 νύμφαι
2530 3589 2624 3642 καὶ
2655 3590 2840 3661 νοεραὶ
2880 3592 2975 3644 καὶ
3009 3593 3276 3664 καθαραὶ,
3306 3597 3497 3653 τοῦτον
3522 3603 3663 3669 ἐναγ-

2094 3671 2409 3738 καλίζεσθαι
2426 3677 2762 3746 προείλεσθε,
2793 3681 2970 3734 πάντα
2998 3681 3117 3755 Θεῷ
3149 3687 3478 3758 προσάγειν,
3506 3692 3663 3745 πάντα

2093 3763 2310 3834 Χριστῷ
2338 3768 2602 3837 προσήκει
2640 3775 3030 3842 καρποφορεῖν,
3054 3775 3224 3846 μηδὲν
3244 3777 3664 3852 ὑπολειπομένας

2091 3855 2308 3920 ἑαυταῖς
2339 3872 2351 3887 ο
2383 3859 2476 3911 καὶ
2504 3857 2596 3912 τὸν
2642 3861 2750 3914 ἀπὸ
2785 3862 2880 3917 τοῦ
2913 3867 3280 3934 νοσφίσασθαί
3328 3889 3383 3924 τι
3437 3874 3662 3928 κίνδυνον

2091 3947 2120 3999 ό
2155 3948 2402 4013 Ἀνανίας
2427 3951 2522 4004 καὶ
2565 3954 2599 4022 ἡ
2627 3952 2741 4025 (77)
2776 3954 3061 4029 Σάπφειρα
3089 3961 3532 4031 παραδεικνύτω.

2087 4038 2278 4108 Αἴγλη
2302 4044 2718 4126 stupeant-dan
2742 4048 3137 4116 μονότροπος.

2091 4132 2246 4188 Πᾶσα
2310 4135 2453 4208 ψυχή
2524 4137 2844 4213 μονότροπον
2915 4140 3026 4208 βίον
3089 4142 3186 4195 καὶ
3220 4145 3547 4214 παρθενικόν
3580 4149 3662 4200 καὶ

2087 4220 2268 4290 ἄζυγα
2304 4222 2576 4295 εὐξαμένη
2626 4224 2704 4297 τῷ
2727 4228 2917 4299 Κυρίῳ
2948 4230 3044 4284 καὶ
3086 4231 3234 4286 οὕτω
3267 4235 3422 4305 βιοῦν
3453 4239 3660 4308 προελο-

2093 4311 2248 4382 μένη,
2310 4311 2473 4384 αἴγλη
2507 4329 2592 4378 τις
2638 4316 2733 4369 καὶ
2764 4318 3042 4389 φωτισμὸς
3071 4327 3380 4396 παμφανὴς
3408 4331 3520 4390 τοῖς
3537 4327 3660 4398 ὁρῶ-

2089 4421 2171 4459 σιν
2205 4406 2409 4476 ὀφείλει
2447 4407 2930 4464 καταδείκνυσθαι·
2989 4412 3104 4465 ἀλλ’
3152 4416 3658 4473 ἀποδιαστέλλουσει

2085 4497 2184 4569 τὴν
2219 4499 2429 4554 ἑαυτῶν
2457 4498 2603 4570 ζωὴν
2646 4501 2740 4554 τοῦ
2776 4503 2980 4574 κόσμου
3007 4506 3101 4558 καὶ
3129 4508 3238 4560 τῶν
3265 4512 3548 4581 κοσμικῶν
3571 4513 3659 4564 ἀν-

2087 4588 2321 4660 θρώπων
2355 4593 2448 4645 καὶ
2469 4593 2771 4666 σαρκικῶν,
2794 4594 2868 4659 ῶς
2901 4598 3092 4670 πόρρω
3117 4599 3543 4672 καθιστάμεναι,
3573 4605 3655 4656 καὶ

2083 4674 2182 4738 τὰς
2205 4677 2340 4747 πρὸς
2362 4679 2557 4744 αὐτοὺς
2571 4682 2856 4747 κοινωνίας
2885 4684 2960 4748 ὡς
2980 4685 3047 4738 τὰ
3079 4688 3254 4742 πολλὰ
3275 4692 3367 4744 καὶ
3391 4693 3655 4764 harp-od;

2080 4767 2370 4840 φιλότητας
2399 4763 2742 4828 ἑκκλίνουσαι
2763 4791 2777 4805 ⁸
2815 4775 3004 4849 ῶσπερ
3032 4780 3112 4847 δὲ,
3135 4784 3296 4853 φησὶ,
3327 4763 3521 4854 ψευδὲς
3535 4787 3654 4840 καὶ·

397 4869 504 4926 que
533 4854 736 4910 odibile
768 4869 878 4909 non
909 4851 1170 4910 cordibus
1193 4853 1260 4908 ad
1283 4852 1450 4909 Deum
1481 4853 1856 4922 tendentibus,
1880 4856 1976 4913 sed

2101 4877 2164 4924 to;
2198 4860 2452 4931 σώματος
2481 4865 2577 4918 καὶ
2605 4865 2931 4938 ὲφύϐριστον
2955 4869 3016 4923 τὸ
3034 4874 3093 4926 ἐν
3114 4851 3371 4945 χρώμασι
3405 4877 3654 4942 savage

396 4947 680 5002 coloribus
731 4945 956 5013 fucatis,
1013 4953 1070 5002 et
1121 4947 1298 5018 nigris
1348 4947 1596 5004 vestibus
1643 4955 1696 5003 et
1729 4948 1976 5005 vultibus

2101 4967 2255 5019 ιενον,
2285 4952 2313 5005 ὂ
2345 4954 2706 5029 ὲταιρίστριαι
2737 4961 2849 5024 τοῖς
2881 4962 3062 5016 αὐτῶν
3099 4968 3420 5036 προσώποις
3442 4971 3649 5023 ὑπαλεί-

398 5038 712 5094 macilentis
757 5045 973 5093 tantum
1032 5038 1340 5094 solitariam
1408 5039 1667 5094 virtutem
1708 5047 1763 5096 et
1810 5039 1973 5096 fidem

2101 5057 2288 5111 lOUO’at,
2313 5045 2438 5111 τοὺς
2473 5047 2651 5103 αὐτῶν
2675 5051 2907 5122 ἐραστὰς
2925 5053 3299 5114 διαπλανῶσιν
3319 5077 3331 5090 ·
3355 5061 3523 5125 οὕτως
3543 5061 3650 5116 ἅτι-

397 5130 652 5186 all‘ectare
694 5150 708 5185 :
739 5129 853 5186 haec
880 5132 1025 5187 enim
1067 5131 1228 5188 facile
1259 5132 1641 5188 simulantium
1672 5143 1868 5189 ornata
1917 5143 1972 5192 et

2101 5151 2180 5188 ιον
2213 5136 2306 5190 καὶ
2334 5135 2624 5208 θεοστυγὲς
2676 5141 2752 5214 μὴ
2792 5145 2849 5198 ἐν
2887 5146 3139 5218 καρδίαις
3175 5150 3646 5224 θεοφορουμέναις,

399 5221 566 5295 polita
596 5223 746 5278 intus
774 5223 1036 5278 iatentem
1064 5224 1462 5294 turpitudinem
1496 5233 1759 5296 arguunt.
1816 5225 1969 5294 Mihi,

2101 5226 2194 5280 ιλλ’
2225 5229 2282 5284 ὲν
2332 5231 2619 5303 χρώμασιν
2663 5237 3041 5308 ἀσκουμένων,
3076 5245 3172 5297 καὶ
3215 5221 3644 5319 μελανοφορξαις.

406 5311 578 5382 inquit
612 5311 916 5382 spiritualis
965 5315 1152 5385 sponsi
1208 5317 1646 5389 paranymphus,
1694 5317 1776 5375 abl
1824 5318 1970 5375 intus

2101 5320 2168 5373 ιαὶ
2195 5321 2296 5394 σχὴ
2307 5340 2440 5394 μασι
2465 5324 2640 5396 ψιλοῖς
2672 5328 2857 5399 μόνοις
2877 5331 2975 5402 τὴν
3011 5311 3309 5407 μοναδικὴν
3334 5311 3530 5408 ἀρετ-ἧν
3560 5337 3649 5387 καὶ

394 5402 749 5476 pulchritudo
768 5403 953 5458 cordis
983 5412 1038 5459 et
1072 5406 1377 5461 secundum
1429 5415 1687 5465 naturam
1731 5407 1966 5480 Spiritus

2101 5411 2253 5466 πίστιν
2299 5414 2724 5474 ἐπιδείκνυσθαι.
2771 5421 2956 5477 Ταῦτα
3012 5425 3121 5498 γὰρ
3170 5427 3236 5480 ἂν
3292 5429 3503 5499 ῥᾳδίως,
3543 5426 3648 5478 τίὲν

391 5504 655 5553 venustas
687 5495 864 5566 placet
886 5495 1029 5551 sicut
1047 5506 1101 5553 et
1130 5497 1239 5554 Deo
1273 5500 1468 5557 virtus.

2109 5509 2516 5579 ποκρινομένων
2538 5512 2871 5570 ὲκπλυθέντα
2885 5518 2980 5572 καὶ
3001 5519 3385 5585 ἁποξεσθέντα,
3406 5519 3510 5591 τὴν
3524 5519 3648 5570 lavo

390 5588 655 5644 θάνουσαν
696 5586 844 5645 ἔνδον
902 5588 1286 5662 ἀσχημοσύνην
1326 5592 1627 5664 ὰπελέγξαι
1651 5612 1665 5627 ο
1717 5594 1843 5668 ἐμοὶ
1881 5595 1958 5661 δὲ,
2010 5599 2184 5670 φησὶν
2214 5599 2243 5652 ό
2283 5600 2376 5656 τοῦ
2417 5605 2612 5676 νοητοῦ
2670 5609 2906 5681 νυμφίου
2962 5613 3331 5682 νυμφοστόλος
3398 5586 3474 5665 τό⁷
3509 5609 3652 5662 κατὰ

390 5683 554 5759 βάθος
586 5682 783 5747 κάλλος
813 5682 913 5756 τῆς
942 5682 1167 5756 καρδίας
1191 5687 1284 5741 καὶ
1316 5689 1350 5759 ή
1385 5689 1588 5762 φυσικὴ
1619 5690 1713 5746 τοῦ
1743 5692 1862 5758 νοὸς
1892 5691 2164 5771 ὡραιότης
2190 5701 2514 5776 προσφιλὴς,
2545 5705 2620 5774 ὡς
2643 5709 2736 5766 καὶ
2757 5707 2876 5780 Θεῷ
2905 5709 3090 5782 ἀρετή.

457 5863 572 5936 (77)
605 5862 666 5920 ν.
702 5877 873 5921 carm.
907 5865 960 5933 3,
997 5864 1102 5924 452
1131 5874 1180 5921 et
1207 5883 1382 5937 γνωμ.
1415 5873 1464 5939 η’
