3814 6502
150 577 198 629 ll
224 573 369 641 Μὴτε
390 568 785 641 δικαιοσύνην
811 568 917 641 τιν’
934 569 1209 638 ἀκαμπέα
1230 569 1380 640 μήτε
1394 573 1695 641 φρόνησιν

147 646 205 702 ὀὶ
328 640 767 708 Ἀτκυλόεσσαν
799 640 981 708 ἔχειν.

207 732 374 786 Πάντα
412 728 615 798 μέτρῳ,
651 730 827 781 πάντα
854 728 1081 798 σταθμῷ
1106 727 1177 781 τά
1203 744 1263 780 τε
1292 728 1395 798 ἧθη
1425 728 1517 781 καὶ
1545 726 1689 798 πάθη

145 816 403 893 ῥυθμίζειν
452 816 550 888 τῆς
599 816 803 887 ψυχῆς,
846 816 939 871 καί
982 834 1044 885 γε
1078 816 1178 881 τὰς
1204 818 1262 869 ὲν
1286 816 1468 880 αὐτοῖς
1495 834 1693 887 κατορο

144 910 384 981 θουμένας
410 907 516 959 τῶν
536 896 758 977 ἀρετῶν
788 908 1077 961 διευθετεῖν
1106 908 1209 979 χρὴ
1239 910 1333 962 καὶ
1363 908 1576 962 τάττειν
1600 908 1694 962 καὶ

143 1003 363 1071 κοσμεῖν.
392 999 455 1051 Et
487 998 597 1068 γάρ
628 1000 723 1054 καὶ
753 999 919 1053 καλὸν
950 1000 998 1066 η’
1018 1000 1331 1069 δικαιοσύνη
1372 1001 1474 1054 καὶ·
1499 1001 1532 1069 ἡ
1557 1000 1691 1070 φρό-

140 1110 277 1164 νησις
319 1089 502 1159 (καλαὶ
558 1091 665 1161 γὰρ
723 1091 817 1145 καὶ
883 1090 993 1143 τῶν
1038 1091 1247 1161 ἀρετῶν
1296 1092 1350 1143 αἱ
1407 1090 1691 1144 κάλλισται

142 1183 457 1255 ὑμνοῦνται),
503 1182 618 1235 ἀλλ’
650 1183 702 1235 εί
750 1199 834 1245 τις
864 1183 1311 1254 ὑπερϐαλλόντως
1335 1182 1429 1234 καὶ
1464 1181 1623 1233 πλέον

136 1274 288 1331 δεῖ-τὺ
316 1273 518 1327 δίκαιον
549 1274 746 1344 μετίοι,
809 1276 890 1339 είς
942 1274 1177 1344 ἀκαμπῆ
1229 1274 1323 1326 καὶ
1359 1272 1695 1341 ἀνελεήμονα

138 1365 342 1435 γνώμην
372 1362 676 1416 διαπίπτων
718 1364 810 1415 καὶ
843 1362 1223 1434 διαμαρτάνων
1248 1364 1346 1433 τῆς
1374 1362 1693 1426 ἐπιεικείας,

134 1459 202 1521 ὼς
235 1457 291 1509 οὐ
344 1453 569 1517 δικαίως
619 1454 680 1506 τὸ
729 1453 934 1507 δίκαιον
996 1453 1226 1515 διώκων,
1274 1454 1374 1505 οῦκ
1415 1452 1705 1515 ἐπαινετὸς

136 1552 305 1612 ἔσται·
322 1547 483 1601 πάλιν
502 1562 514 1575 °
556 1546 627 1599 Ἦ
649 1547 907 1617 φρόνησις
935 1546 998 1598 τὸ
1036 1544 1309 1607 λυσιτελὲς
1331 1545 1538 1597 ἀείκαὶ
1568 1561 1694 1597 συν-

133 1642 263 1691 οῖσον
289 1633 663 1705 ὲπινοουμένη,
721 1636 768 1686 εί
798 1635 872 1705 μὴ
900 1634 1038 1704 μετά
1072 1632 1380 1703 ἁπλότητος
1414 1634 1508 1686 καὶ
1531 1632 1693 1703 ὀρθοῦ

134 1730 298 1797 λόγου,
326 1726 463 1791 ἀλλὰ
483 1726 822 1797 πολιότητος
848 1728 941 1779 καὶ
974 1725 1109 1797 πρὸς
1139 1724 1310 1780 ἄλλων
1333 1724 1536 1795 ζημίαν
1565 1724 1695 1778 ἴδιον

130 1819 307 1889 κέρδος
358 1817 765 1888 ὲξευρίσκουσα,
813 1816 1006 1869 οὔκουν
1058 1817 1224 1887 ἀρετὴ
1265 1816 1409 1868 τοῦτ’
1458 1816 1525 1869 ἂν
1569 1815 1693 1886 Eri];

129 1898 230 1960 οὐδ’
258 1906 480 1959 ἐπαίνου
538 1905 736 1977 μᾶλλον
786 1906 819 1975 ἢ
866 1904 1033 1975 ψόγου
1094 1906 1189 1958 καὶ
1215 1905 1468 1977 διαϐολῆς
1508 1906 1690 1971 ἀξιονο

128 1997 255 2053 ἀλλά
282 1997 378 2051 καὶ
406 1996 469 2050 τὸ
502 1996 701 2067 θάρσος
727 1996 882 2059 αὐτὸ,
924 1996 1078 2065 φησὶ,
1112 1995 1405 2067 νωμάσθω.
1436 1998 1531 2049 καὶ
1558 2014 1696 2067 συμ-⁹

132 2090 332 2161 μέτρως
383 2087 577 2159 ἐχέτω,
600 2088 693 2140 καὶ
728 2086 1032 2157 μεριζέσθω
1078 2087 1257 2151 καλῶς
1276 2102 1290 2115 ⁸
1320 2086 1464 2141 οὕτω
1493 2087 1601 2158 γὰρ
1627 2088 1700 2141 ἂν

124 2180 305 2251 ἀνδρία
329 2179 558 2246 γένοιτο,
578 2184 671 2233 καὶ
699 2163 1068 2243 ἀξίαέπαίνου
1094 2180 1264 2251 ἀρετή
1288 2196 1299 2208 '
1327 2180 1373 2232 εί
1390 2179 1445 2232 δέ
1465 2196 1529 2247 γε
1551 2180 1694 2248 πέρα

123 2270 209 2331 τοῦ
236 2269 449 2332 δέοντος
478 2265 639 2322 ἇττον
660 2269 981 2341 ὑπερπέσοι,
1011 2268 1192 2320 οὐκέτι
1221 2267 1412 2337 ἀνδρία
1436 2271 1531 2319 καὶ
1562 2268 1697 2337 κρά-

123 2378 225 2425 τος,
247 2360 381 2414 ἀλλά
405 2360 603 2431 θράσος
631 2359 783 2412 ἔσται
805 2360 898 2411 καὶ
931 2356 1382 2428 μωμητόν.οΰτω
1410 2360 1501 2411 καὶ
1522 2360 1555 2428 ἡ
1590 2375 1695 2411 σω-

122 2450 351 2522 φροσύνη
381 2451 487 2503 οὐκ
513 2453 570 2503 ὲν
603 2449 679 2521 τῷ
712 2448 988 2520 ὲμῦριθῶς
1019 2449 1156 2517 ἄγαν
1180 2448 1273 2501 καὶ
1305 2448 1576 2519 στιϐαρῶς
1609 2450 1696 2502 ἀεὶ

121 2546 208 2597 καὶ
259 2542 397 2614 πρὸς
457 2542 658 2604 πάντας
680 2540 759 2611 τῷ
809 2539 1190 2611 ἐπιθυμητικῷ
1230 2539 1551 2609 κεχρῆσθαι,
1581 2539 1695 2592 ἀλλ’

119 2636 256 2688 εστιν
287 2636 376 2688 ὅτε
415 2636 507 2687 καὶ
536 2634 673 2705 πρός
718 2651 771 2687 τι
807 2634 913 2686 τῶν
946 2632 1298 2703 ὲπιθυμητῶν
1326 2631 1573 2703 γαληνῶς
1602 2632 1698 2684 καὶ

118 2726 287 2793 ἠπίως
318 2723 630 2776 διακεῖσθαι
665 2722 1021 2793 σωφροσύνης
1050 2720 1218 2774 ἐστίν.
1255 2720 1364 2773 Καὶ
1401 2717 1574 2771 ταῦτα
1597 2718 1697 2787 μὲν

115 2815 244 2884 πρός
270 2831 322 2866 τι
352 2814 455 2867 καὶ
478 2812 619 2867 κατά
645 2812 736 2865 τὸν
758 2815 1102 2884 προσήκοντα
1136 2808 1440 2881 μετρείσθω
1470 2809 1659 2881 καιρόν
1680 2824 1695 2838 ’

114 2906 200 2959 τὸν
225 2905 351 2959 νοῦν
416 2904 471 2958 δὲ
521 2904 614 2958 τοῦ
653 2904 787 2957 Θεοῦ
838 2904 1039 2973 λογίοις
1088 2901 1407 2969 ὑπανοίγειν
1430 2900 1524 2955 καὶ
1578 2903 1700 2965 ταῖς

114 2998 279 3061 θείαις
306 2998 568 3068 μελέταις
616 2998 717 3051 ἀεὶι
759 2996 1150 3068 προσασχολεῖν
1186 2994 1475 3048 κάλλιστόν.
1513 3010 1571 3046 τε
1606 2993 1701 3045 καὶ

117 3089 452 3142 τελειότατον
475 3092 596 3152 ταῖς
656 3087 1033 3151 θεοπνεύστοις
1095 3085 1414 3155 ίερολογίαις
1464 3084 1701 3148 ἁπάσαις

120 3184 480 3252 μαρτυρεῖται
503 3196 518 3212 ⁸
579 3178 721 3233 οὕτω
767 3179 877 3251 γὰρ
906 3178 970 3232 ἄν
997 3195 1082 3242 τις
1116 3176 1225 3231 τῶν
1254 3176 1521 3248 οὐρανίων
1553 3176 1701 3248 νομί-

120 3254 228 3341 μων
256 3271 355 3325 τοῦ
381 3269 691 3339 πνεύματος
741 3270 1064 3339 ἐπιστήμων
1110 3266 1481 3338 καθειστὴκοι.
1518 3265 1696 3319 Σπεύ-

116 3362 169 3414 δε
178 3378 223 3414 ιν
242 3361 342 3433 μὲν
358 3357 458 3415 οὖν
482 3360 702 3432 ἄριστον
722 3355 883 3423 εἶναι,
904 3357 1189 3423 κάλλιστόν
1216 3374 1275 3410 τε
1296 3358 1389 3411 καὶ
1405 3356 1696 3426 παγκλεές’

114 3453 370 3524 ἀρέσκειν
392 3452 453 3506 δὲ
486 3451 561 3523 μὴ
594 3452 787 3505 πᾶσιν·
824 3451 883 3504 οὺ
915 3450 1027 3521 γὰρ
1056 3450 1151 3515 κα).
1185 3452 1299 3513 τοῖς
1332 3452 1522 3512 κακοῖς
1550 3448 1703 3501 δυνα-

111 3544 221 3607 τὸν,
251 3543 371 3598 ἀλλ’
422 3538 510 3607 οἷς
561 3541 710 3607 ἀξιον
752 3542 1027 3613 ἀρέσκειν,
1074 3543 1188 3603 τοῖς
1213 3540 1435 3609 ἀγαθοῖς
1462 3540 1699 3612 δηλαδή·

113 3637 315 3698 κακοὺς
334 3636 451 3707 γὰρ
469 3635 713 3706 τέρπειν,
729 3633 855 3700 δόξα
874 3630 1282 3703 ὲστὶιδυσκλεὴς
1303 3632 1393 3684 καὶ
1421 3631 1698 3701 θεομισής.

115 3728 184 3784 49
219 3728 504 3795 Δ-ὶσχρὸν
553 3726 801 3795 ἄριστον
858 3724 1057 3789 ἐόντα,
1127 3722 1469 3863 συνηῖηῖοὲλον
1501 3721 1702 3799 ἔμμεν

1438 3809 1630 3859 ιτρων.

1438 3809 1630 3859 ιτρων.

179 3888 422 3959 Δίσχρὸν
447 3888 570 3957 ἄμα
593 3888 687 3941 καὶ
708 3886 891 3949 ἄδικον
918 3885 1013 3947 καὶ
1041 3885 1276 3957 πονηρὸν
1294 3925 1309 3949 ,
1344 3882 1546 3952 ἀγαθὸν
1576 3882 1706 3947 ὄντα

111 3984 278 4054 ἄνδρα
314 3982 417 4036 καὶ
451 3980 662 4035 δίκαιον
691 3980 804 4051 (78)
824 4019 856 4045 ,,
881 3982 1178 4050 συνήγορον
1209 3977 1439 4050 ὁρᾶσθαι
1461 3977 1568 4031 τῶν
1606 3996 1704 4033 πο-

115 4072 295 4143 νηρῶν
345 4072 446 4124 καὶ
498 4069 703 4123 κακῶν.
753 4070 862 4124 Καὶ
904 4070 1014 4137 γὰρ
1048 4070 1253 4139 ὅμοιον,
1285 4069 1439 4139 φησὶ,
1470 4070 1561 4123 καὶ
1593 4069 1706 4123 ἴσον

104 4162 346 4234 δπάρχει
374 4164 442 4216 τὸ
475 4159 781 4231 φιλιοῦσθαι
810 4163 919 4223 τοῖς
950 4163 1138 4222 κακοῖς
1165 4159 1260 4212 καί
1296 4176 1446 4229 σφισι
1485 4174 1708 4231 συνηγο-

107 4260 221 4324 ρεῖν
250 4256 334 4327 τῷ
378 4256 491 4326 τῆς
529 4252 707 4308 αὐτῶν
736 4253 931 4316 κακίας
966 4252 1114 4316 ἐντὸς
1162 4246 1299 4305 εἶναι
1343 4252 1437 4306 καὶ
1487 4254 1545 4305 ὲν
1587 4254 1706 4316 ταῖς

101 4350 241 4413 οδοῖς
257 4348 456 4402 αὐτῶν
477 4344 823 4417 πορεύεσθαι.
858 4345 1055 4398 Πάλινο
1083 4344 1224 4414 Πυρὶ
1249 4343 1346 4413 μὲν
1376 4343 1470 4397 καὶ
1499 4362 1707 4414 χωνευ-

104 4442 285 4512 τηρίῳ
313 4440 416 4493 τὸν
466 4438 668 4509 χρυσὸν
698 4436 1032 4506 δαμάζεσθαι
1072 4436 1469 4507 μεμαθήκαμεν
1500 4436 1595 4490 καὶ
1624 4437 1707 4489 δο-

98 4532 457 4602 κιμάζεσθαι
486 4548 502 4561 ’
544 4530 711 4601 ἄνδρα
738 4530 795 4583 δὲ
818 4529 1021 4597 ἀγαθὸν
1046 4532 1159 4592 τοῖς
1184 4530 1402 4598 ἄλγεσιν
1430 4531 1585 4600 ἴσμεν
1612 4531 1706 4583 καὶ

103 4625 290 4687 πόνοις
318 4620 742 4677 ταπεινοῦσθαι.
759 4620 849 4691 Μὴ
876 4615 967 4673 οὖν
994 4619 1093 4683 τὰς
1124 4620 1439 4689 ἀλγηδόνας,
1455 4615 1501 4673 ὦ
1527 4613 1702 4684 οὗτος,

100 4717 378 4778 πολλάκις
414 4712 628 4777 δεδιὼς,
658 4711 960 4781 ὑπενεχθῇς
991 4713 1057 4781 τῇ
1091 4710 1316 4782 ἀσεϐείᾳ
1350 4711 1443 4764 καὶ
1474 4727 1706 4783 συνηγο-

104 4805 215 4874 ρῶν
246 4805 437 4877 ὀφθῇς
463 4807 576 4866 τοῖς
605 4805 816 4865 κακοῖς.
857 4798 988 4854 Οἶδα
1026 4799 1155 4871 γὰρ,
1192 4801 1345 4870 φησὶ,
1377 4799 1439 4853 τὸ
1458 4799 1707 4854 διέὐσὲ-

98 4896 257 4949 ὅειαν
292 4895 479 4964 ἄλγος
520 4894 846 4963 κουφότερον
885 4889 945 4944 ὃν
973 4889 1074 4960 τῆς
1127 4889 1419 4952 εὐπαθείας
1450 4890 1556 4943 τῶν
1577 4890 1707 4943 ἀσε-

100 4986 216 5039 ϐῶν
268 4987 375 5040 καὶ
426 4986 497 5038 τὸ
528 4985 665 5056 μετά
714 4981 950 5055 Χριστοῦ
992 4981 1249 5049 πάσχειν,
1302 4981 1395 5033 τοῦ
1427 4980 1566 5051 μετὰ
1601 4980 1708 5033 τῶν

96 5077 527 5147 Χριστομάχων
558 5077 771 5147 τρυφᾷν
815 5072 1171 5145 αἱρετώτερον
1212 5074 1303 5125 καὶ
1340 5071 1597 5142 ἡδύτερον
1623 5072 1704 5124 ὅτι

102 5171 351 5238 μάλιστα
385 5168 476 5239 τῷ
517 5166 751 5221 εὐσεϐεῖ.
796 5165 963 5219 Πάλιν
991 5181 1006 5196 ο
1052 5164 1259 5235 Ῥᾴδιον
1289 5164 1354 5217 ἂν
1382 5163 1470 5232 εἴη
1498 5163 1706 5216 καὶτὸν

102 5259 286 5329 μέγαν
317 5255 684 5330 ἀρνήσασθαι
707 5255 837 5309 Θεὸν
862 5254 1021 5308 παντὶ
1046 5253 1124 5322 τῷ
1151 5254 1380 5323 ἑτοίμως
1410 5253 1583 5321 ἔχοντι
1616 5253 1707 5305 τὸν

97 5352 308 5403 οἰκεῖον
347 5349 576 5419 πατέρα
604 5346 1000 5419 ἀπαρνεῖσθαι·
1046 5346 1149 5415 χρὴ
1182 5345 1257 5408 δὲ,
1289 5344 1364 5415 μὴ
1389 5344 1463 5407 ὼς
1496 5343 1707 5411 φύσεως

98 5442 292 5514 μόνον,
322 5439 481 5501 ἀλλὰ
508 5441 602 5493 καὶ
629 5438 705 5501 ὡς
737 5438 1016 5500 εὐσεὸείας
1058 5437 1325 5507 γενετῆρα
1358 5436 1544 5489 τοῦτον
1576 5436 1708 5489 εἰδέ-

97 5553 189 5588 ναι
232 5552 298 5587 τε
342 5535 451 5585 καὶ
512 5533 704 5603 τιμᾷν,
747 5533 795 5584 εί
831 5532 961 5601 μήτι
998 5547 1062 5598 γε
1109 5529 1385 5601 προδήλως
1421 5529 1709 5600 θεομαχεῖν

96 5623 540 5693 καταναγκὰζοι
558 5641 569 5653 ο
613 5622 755 5677 οὕτω
776 5622 884 5695 γὰρ
926 5623 1023 5692 οὐχ
1048 5622 1123 5685 ὡς
1152 5621 1430 5685 εὐσεϐείας
1459 5622 1706 5691 γενέτην,

95 5720 216 5777 ἀλλ’
244 5718 326 5781 ὡς
356 5715 625 5781 ἀσεϐείας
648 5717 942 5789 συνήγορον
968 5713 1209 5769 εὐσεϐεῖν
1238 5712 1552 5785 βουλόμενος
1573 5715 1709 5769 ἀπο-

95 5810 439 5880 πραφὴσῃ.

170 5922 295 5994 (78)
332 5919 488 5979 Cod.
536 5920 695 5976 δίκον.

1131 448 1198 501 IN
1238 448 1548 505 CARMINA
1588 446 1869 503 AllCANA
1908 447 1964 500 S.
2011 442 2357 499 ϐιιιςςοιιιι.

1865 258 2027 268 -.νςσοα-
2048 259 2056 263 .

3257 432 3364 493 185

1800 569 1861 621 41
1914 565 2021 619 Nec
2043 566 2309 633 justitiam
2342 562 2703 630 inﬂexibilem,
2725 577 2883 631 neque
2911 557 3247 628 prudentiam

1799 636 1870 691 42
1911 635 2175 690 Callidum
2208 638 2415 692 habeat.

1868 729 2078 784 Cuncta
2112 741 2390 788 mensura,
2417 732 2617 780 cuncta
2648 732 2853 779 statera
2886 730 3000 778 tum
3035 739 3214 780 lllOl‘CS
3247 732 3362 777 tum

1799 819 2031 874 aﬂ‘ectus
2081 818 2383 889 ponderare
2433 816 2629 869 animae
2680 821 2735 869 et
2794 816 3044 870 ordinata
3101 817 3362 870 virtutum

1794 911 1931 965 bene
1961 909 2256 979 disponere
2304 913 2522 977 oportet
2580 914 2635 960 et
2700 919 3006 970 exornare;
3060 907 3161 962 etsi
3217 906 3363 961 enim

1794 1001 2083 1071 pulchrum
2116 1001 2187 1056 sit
2210 998 2425 1068 iustitia
2454 1006 2509 1053 et
2537 996 3105 1067 prudentia,pulchra:
3134 998 3278 1051 enim
3312 1006 3366 1052 et

1793 1093 2058 1146 virtutum
2111 1089 2494 1161 pulcherrima:
2546 1088 2934 1152 celebrantur;
2988 1087 3083 1142 sed
3144 1090 3189 1143 si
3242 1090 3367 1157 quis

1794 1185 2121 1240 suflicienter
2149 1190 2202 1237 et
2218 1182 2452 1251 amplius
2473 1196 2635 1251 quam
2658 1187 2869 1250 oportet
2898 1180 3105 1249 justum
3155 1180 3368 1235 all’eetet

1795 1279 1849 1331 in
1894 1275 2243 1330 inflexibilem
2281 1281 2335 1327 et
2371 1271 2856 1327 immisericordem
2883 1285 3089 1325 morem
3162 1272 3367 1325 labitur

1793 1375 1848 1421 et
1880 1373 2071 1436 peccat
2098 1372 2290 1420 contra
2326 1363 2661 1434 aequitatem,
2688 1373 2746 1417 et
2778 1363 2850 1415 ita
2877 1362 3366 1431 injuslejustitiam

1795 1470 2129 1527 persequens
2178 1470 2283 1508 non
2318 1453 2424 1508 erit
2459 1452 2769 1507 laudabilis.
2802 1452 3001 1506 lterum
3034 1471 3047 1506 :
3082 1453 3366 1521 prudentia

1794 1548 1925 1601 utile
1958 1561 2168 1615 semper
2189 1554 2242 1600 et
2281 1558 2581 1615 congruum
2618 1543 2896 1606 affectans,
2928 1544 2972 1597 si
3006 1559 3112 1597 non
3146 1543 3200 1597 in
3230 1542 3367 1597 sim-

1792 1639 2039 1709 plicitate
2071 1647 2123 1693 et
2146 1648 2293 1692 recta
2328 1638 2561 1697 ratione.
2594 1636 2687 1691 sed
2713 1636 2768 1689 in
2809 1635 3168 1705 perversitate
3193 1646 3245 1690 et
3271 1650 3371 1705 per

1792 1729 2029 1783 alienum
2093 1727 2480 1782 detrimentum
2539 1728 2752 1779 lucrum
2826 1728 3106 1795 proprium
3149 1727 3366 1796 quaerit,

1793 1834 1924 1873 num
1963 1819 2140 1874 virtus
2172 1818 2278 1873 erit
2311 1818 2483 1871 illud?
2531 1832 2639 1871 non
2668 1816 2829 1870 laude
2868 1816 3040 1885 magis
3068 1832 3232 1885 quam
3287 1817 3370 1870 vi-

1792 1911 2137 1981 tuperatione
2176 1920 2231 1965 et
2261 1910 2615 1964 accusatione
2660 1910 2856 1977 digna;
2888 1908 2981 1962 sed
3015 1916 3068 1961 et
3098 1908 3369 1961 fortitudo

1792 2003 1909 2071 ipsa
1942 2003 2222 2073 reguletur
2252 2009 2305 2057 et
2354 2008 2687 2069 temperetur
2728 2009 2782 2055 et
2809 2001 2945 2053 bene
2982 2000 3367 2061 distribuatur,

1794 2095 1876 2150 sic
1900 2094 2045 2149 enim
2075 2094 2250 2148 virilis
2293 2094 2513 2147 animus
2545 2092 2633 2146 liet
2664 2098 2720 2145 et
2762 2091 2922 2145 laude
2958 2092 3121 2161 digna
3157 2090 3367 2154 virtus;

1795 2186 1879 2239 sin
1911 2192 2094 2238 autem
2142 2185 2284 2238 ultra
2317 2184 2369 2237 id
2425 2183 2571 2251 quod
2625 2190 2838 2252 oportet
2884 2182 3107 2251 propius
3140 2182 3367 2243 incidat,

1789 2280 1902 2347 jam
1935 2293 2042 2331 non
2066 2275 2241 2329 virilis
2262 2276 2479 2330 animus
2495 2282 2548 2329 et
2579 2273 2868 2336 fortitudo,
2893 2273 2987 2329 sed
3015 2273 3367 2328 temerarium

1795 2369 1901 2422 erit
1932 2376 1988 2422 et
2018 2365 2434 2437 vituperandum
2473 2383 2486 2418 :
2520 2364 2600 2419 sic
2636 2371 2692 2419 et
2739 2363 3097 2433 temperantia
3148 2377 3256 2417 non
3312 2363 3369 2416 in

1798 2459 2039 2528 graviter
2064 2464 2120 2513 et
2142 2458 2307 2521 lente,
2356 2471 2573 2526 semper
2613 2464 2666 2510 et
2707 2455 2774 2509 ad
2811 2454 3015 2517 omnia,
3056 2453 3372 2524 cupiditati-

1797 2553 1899 2605 bus
1928 2551 2150 2611 utendo,
2184 2550 2280 2605 sed
2308 2556 2528 2603 constat
2572 2562 2696 2601 cum
2743 2546 2807 2599 ad
2852 2544 3223 2600 desideratum
3269 2545 3372 2597 ali-

1797 2641 1927 2712 quid
1946 2641 2159 2710 placide
2182 2648 2235 2695 et
2263 2638 2557 2707 tranquille
2593 2650 2859 2706 paramur,
2893 2633 2994 2688 boe
3010 2632 3371 2703 temperantia

1797 2738 1919 2795 est;
1966 2738 2022 2783 et
2065 2730 2177 2782 haec
2237 2728 2463 2781 relative
2493 2735 2560 2780 et-
2589 2740 2688 2795 pro
2730 2732 2977 2792 tempore
3019 2730 3147 2792 apto
3188 2721 3375 2777 mode-

1800 2830 2011 2874 rentur.
2046 2817 2277 2872 Mentem
2307 2824 2488 2871 autem
2522 2816 2613 2869 Dei
2647 2814 2873 2868 vocibus
2898 2813 3111 2882 aperire
3135 2820 3191 2867 et
3230 2812 3373 2867 divi-

1800 2912 1887 2966 nis
1920 2910 2371 2966 meditationibus
2391 2923 2609 2977 semper
2638 2921 2897 2961 exercere
2937 2904 3372 2975 pulcherrimum

1801 3011 1861 3056 et
1883 3001 2348 3072 perfectissimum
2378 3014 2523 3063 esse,
2553 3013 2583 3052 a
2615 2997 3010 3066 Deoinspirata
3036 3003 3225 3049 sancta
3258 2994 3377 3049 elo-

1802 3094 1931 3164 quia
1962 3102 2236 3149 testantur
2256 3092 2441 3146 omnia
2480 3109 2494 3145 :
2537 3090 2619 3146 sic
2654 3090 2799 3143 enim
2835 3086 3035 3157 aliquis
3065 3085 3372 3142 caelestium

1805 3187 2035 3256 spiritus
2074 3199 2286 3239 morum
2316 3183 2516 3238 doctus
2552 3188 2874 3251 appareret;
2930 3178 3116 3233 studio
3178 3176 3373 3232 inferri

1806 3285 1867 3331 ut
1899 3277 2071 3332 simus
2090 3277 2303 3345 optimi,
2328 3275 2757 3345 pulcherrimum
2782 3269 3015 3327 etvalde
3041 3270 3372 3341 gloriosum.

1806 3368 1899 3422 sed
1933 3381 2039 3421 non
2067 3367 2268 3420 bonum
2312 3375 2398 3421 est
2450 3366 2668 3437 placere
2711 3362 2990 3425 omnibus,
3037 3376 3166 3415 nam
3212 3360 3377 3415 malis

1802 3463 2016 3531 placere
2043 3474 2150 3513 non
2194 3459 2453 3527 possibile
2494 3466 2600 3521 est,
2648 3456 2937 3511 benevero
2980 3451 3049 3507 iis
3094 3452 3186 3522 qui
3225 3450 3376 3522 digni

1801 3557 1951 3610 sunt,
2000 3549 2210 3603 scilicet
2248 3549 2435 3613 bonis;
2489 3562 2620 3601 nam
2675 3543 2852 3601 malos
2885 3542 3163 3599 delectare
3199 3541 3376 3613 gloria

1801 3649 1887 3696 est
1938 3656 2047 3694 non
2070 3640 2211 3694 bona
2267 3647 2324 3695 et
2348 3637 2455 3693 Deo
2487 3637 2692 3695 odiosa.

1803 3729 2083 3799 49.1‘urpe
2127 3740 2207 3785 est
2253 3746 2371 3785 eum
2423 3729 2513 3799 qui
2548 3729 2775 3797 optimus
2802 3736 2879 3783 est
2930 3736 3213 3799 patronum
3261 3740 3378 3781 em

2936 3798 3306 3869 [nefariorum

1875 3895 2059 3965 Turpe
2097 3896 2259 3950 simul
2289 3903 2343 3950 et
2368 3894 2632 3964 iniustum
2661 3902 2716 3947 et
2748 3892 3058 3955 molestum,
3088 3890 3133 3944 si
3168 3890 3253 3942 vir
3278 3888 3379 3943 b0-

1803 4003 1909 4043 nus
1944 3997 1998 4043 et
2028 3988 2215 4057 justus
2272 3986 2571 4041 advocatus
2608 3984 2862 4047 videatur
2892 3983 3199 4045 malorum;
3250 3994 3377 4033 nam

1802 4090 2129 4148 congruum,
2159 4077 2357 4146 inquit,
2388 4088 2443 4131 et
2470 4077 2648 4132 simile
2678 4083 2762 4131 est
2790 4074 3062 4128 amicitias
3087 4085 3228 4127 .cum
3261 4085 3380 4124 ma-

1803 4173 1871 4229 lis
1906 4173 2135 4244 jungere
2181 4179 2233 4226 et
2265 4164 3053 4240 ipsorumaausasdel'endere
3077 4163 3228 4217 illum
3283 4161 3379 4233 qui

1804 4263 1875 4321 ab
1901 4263 2061 4317 intus.
2080 4260 2285 4314 malitia
2316 4258 2513 4316 similis
2542 4257 2680 4331 ipsis
2696 4264 2788 4310 est
2817 4262 2871 4309 et
2896 4269 2991 4324 per
3006 4254 3231 4307 easdem
3260 4253 3381 4306 vias

1804 4354 2029 4409 incedit.
2050 4350 2248 4407 Iterum
2281 4370 2294 4405 :
2330 4351 2457 4420 Igne
2484 4358 2539 4407 et
2577 4347 2898 4404 conflatm-io
2952 4362 3147 4401 aurum
3193 4346 3379 4401 elabo-

1804 4442 1915 4497 rari
1949 4441 2245 4496 didicimus
2266 4449 2331 4495 et
2351 4438 2599 4509 probari.
2630 4438 2905 4492 hominem
2942 4446 3126 4492 autem
3172 4436 3379 4491 bonum

1806 4534 2256 4588 tribulationibus
2276 4542 2329 4587 et
2358 4530 2745 4586 afﬂictionibus
2765 4529 3056 4584 humiliari.
3117 4526 3193 4583 Ne
3226 4542 3378 4598 ergo,

1806 4633 1946 4691 otu,
1998 4624 2383 4678 tribulationes
2432 4624 2632 4692 saepius
2669 4622 2869 4675 timens
2920 4619 2989 4673 ad
3045 4620 3380 4686 impietatem

1806 4716 2087 4770 inclineris
2106 4723 2159 4769 et
2180 4714 2440 4771 defensor
2464 4716 2732 4769 malorum
2761 4711 3000 4766 videaris
3022 4727 3036 4775 ;
3057 4713 3183 4764 novi
3206 4711 3376 4771 enim,

1807 4805 2005 4875 inquit,
2057 4803 2471 4858 tribulationem
2509 4802 2578 4855 ob
2617 4797 2894 4867 pietatem,
2955 4799 3211 4854 leviorem
3257 4814 3383 4855 esse

1806 4912 1970 4967 quam
2012 4895 2303 4965 impiorum
2374 4894 2683 4951 felicitatem
2749 4901 2803 4949 et
2872 4892 2976 4961 pati
3056 4907 3180 4945 cum
3218 4892 3383 4945 Chri-

1808 4997 1895 5041 sto
1917 4985 2088 5053 magis
2110 5000 2273 5055 quam
2300 4999 2426 5038 cum
2455 4983 2694 5037 inimicis
2711 4981 2915 5036 Christi
2934 4981 3145 5051 epulari
3171 4982 3382 5052 eligen-

1810 5079 1939 5131 dum
1962 5092 2084 5132 esse
2126 5084 2181 5130 et
2215 5092 2376 5145 quam
2425 5076 2661 5128 maxime
2695 5075 2855 5128 dulce
2878 5076 2967 5143 pio
3004 5072 3231 5127 homini.
3282 5075 3383 5128 lte-

1814 5188 1933 5227 rum
1969 5190 1982 5225 ε
2018 5168 2202 5223 Facile
2225 5177 2373 5223 esset
2404 5177 2457 5221 et
2489 5180 2744 5236 magnum
2783 5181 2979 5236 negare
3009 5164 3174 5219 Deum
3206 5165 3383 5219 cuivis

1813 5272 2005 5335 parato
2046 5262 2113 5315 ad
2169 5260 2476 5330 negandum
2526 5260 3100 5329 propriumwpatrem.
3146 5257 3381 5327 Oportet

1813 5363 2125 5410 autemnon
2154 5353 2329 5406 solum
2363 5360 2421 5404 ut
2443 5349 2787 5410 natumsed
2813 5358 2869 5403 et
2911 5358 2965 5403 ut
2998 5348 3215 5419 pietatis
3239 5350 3361 5420 geni

1815 5455 1985 5501 torem
2018 5446 2169 5499 illum
2200 5450 2593 5513 agnoscereet
2627 5441 2918 5506 honorare,
2967 5442 3071 5496 uisi
3113 5442 3251 5497 l‘orte
3301 5456 3385 5496 eo-

1813 5548 1906 5609 gat
1938 5539 1990 5590 in
2017 5536 2199 5606 aliquo
2234 5536 2524 5588 manifeste
2561 5534 2827 5587 adversus
2874 5532 3037 5586 Demn
3091 5550 3331 5602 pugnare
3366 5553 3378 5585 :

1815 5631 1897 5686 sic
1920 5630 2063 5684 enim
2094 5642 2202 5682 non
2235 5635 2293 5681 ut
2321 5626 2542 5697 pietatis
2574 5627 2901 5695 genitorem,
2922 5625 3015 5678 sed
3049 5634 3105 5678 ut
3131 5625 3385 5695 impieta-

1817 5722 1888 5776 tis
1920 5728 2206 5790 patrouum
2240 5718 2328 5789 pie
2354 5718 2543 5773 volens
2569 5716 2749 5771 vivere
2778 5716 3001 5771 vitares.
