3814 6518
117 396 208 452 739
1097 384 1162 438 IN
1206 362 1513 440 CARMINA
1560 380 1837 438 ARCANA
1865 381 1924 436 ε.
1958 374 2306 434 cneconu.

113 507 265 581 ψυχῆς
290 500 377 557 καὶ
398 494 590 568 σαρκὸς
614 497 711 568 τὴν
732 497 999 568 ἀμετρίαν
1024 498 1290 569 ὑπάρχειν
1309 503 1408 568 τῆς
1428 498 1655 570 μελέτης

112 601 197 669 τὴν
217 594 301 648 ἀπ’
313 591 472 661 αὐτῆς
490 589 546 643 δὲ
562 588 825 657 ὠφέλειαν
842 590 935 642 καὶ
955 590 1134 661 πάσης
1149 590 1505 645 θεοπνεύστου
1518 593 1659 664 Γρα-

112 691 201 759 φῆς
225 685 437 753 δύναμιν
462 682 542 745 είς
572 681 665 735 τὸν
686 682 779 736 τοῦ
806 681 941 736 Θεοῦ
975 682 1140 752 φόϐον
1190 685 1286 739 καὶ
1309 686 1407 755 τῆς
1436 686 1657 757 ἐντολῆς

110 783 314 850 τήρησιν
336 773 930 845 συγκεφαλαιουμένους
963 776 1163 840 ἐξεῖναι
1194 776 1398 833 λαϐεῖν.
1431 778 1658 849 Τοιγάρ-

110 886 181 922 τοι
207 866 296 938 τῆς
321 864 707 935 παραγγελίας,
738 864 941 936 ταύτης
984 866 1426 937 ἀκροασάμενος,
1453 867 1654 937 ἐφυλα-

118 961 275 1029 ξάμην
301 954 571 1009 ἐπιπλεῖον
588 956 688 1026 τῆς
714 956 1025 1027 ἐξηγήσεως
1054 957 1191 1027 μετά
1225 958 1326 1029 τὴν
1347 958 1457 1012 τῶν
1480 960 1654 1031 ἀπορ-

112 1050 271 1119 ῥήτων
286 1044 566 1114 ἐπίσκεψιν
583 1045 734 1108 ἱέναι,
753 1046 1064 1100 τελευταίαν
1080 1047 1135 1101 δέ
1156 1047 1266 1102 τῶν
1282 1048 1656 1121 προκειμένων

107 1125 446 1208 τετραστίχων
474 1136 681 1190 τούτων
733 1139 833 1208 τὴν
869 1138 1247 1209 γνωμολογίαν
1292 1138 1656 1212 ἀποχρώντως

107 1230 237 1305 ἡμᾶς
266 1225 647 1297 οίκοδομούσης
681 1228 817 1300 πρός
859 1247 917 1285 τε
946 1229 1179 1303 Θεωρίαν
1217 1231 1311 1286 καί⁹
1346 1231 1544 1304 πρᾶξιν
1569 1231 1657 1297 ἐξ·

105 1320 422 1392 ηγησάμενος
446 1319 801 1385 καταπαύσω,

106 1414 123 1465 ί
155 1406 365 1476 Πρᾶξικ
388 1408 817 1477 προτιμήσειας
852 1410 889 1478 ἢ
922 1411 1209 1478 θεωρίαν-ς

101 1481 132 1535 ἓ
167 1481 334 1559 "Oti-te
367 1478 613 1532 τελείων
630 1481 828 1550 ἔργον,
851 1479 889 1547 ἠ
922 1480 988 1533 δὲ
1013 1483 1310 1536 πλειόνων
1327 1482 1460 1553 (81).

171 1566 490 1638 ’Δνποϐλέψας
518 1569 547 1622 6
596 1569 1013 1642 μακαριώτατος
1045 1573 1181 1644 πρός
1222 1590 1284 1627 τε
1324 1572 1422 1646 τὴν
1458 1573 1656 1645 πρᾶξιν

99 1662 187 1732 τῆς
214 1661 403 1733 ἀρετῆς
443 1661 539 1714 καὶ
564 1663 663 1733 τῆς
693 1663 925 1734 Θεωρίας
955 1664 1055 1736 τὴν
1101 1666 1393 1733 ἀνάϐασιν,
1437 1670 1530 1722 καὶ
1555 1669 1656 1739 τῆς

101 1752 189 1822 μὲν
212 1750 269 1804 τὸ
297 1749 627 1819 καθαρτικὸν
658 1751 754 1819 καὶ
777 1753 1101 1821 φωτιστικὸν
1124 1754 1231 1808 τῶν
1262 1755 1530 1826 σωμάτων
1558 1758 1653 1812 καὶ

97 1844 192 1897 τῶν
215 1841 414 1911 ψυχῶν,
444 1842 543 1913 τῆς
571 1842 627 1896 δὲ
651 1842 710 1895 τὸ
737 1843 1088 1915 τελετουργδν
1132 1847 1224 1913 καὶ
1257 1848 1513 1921 θεουργὺν
1542 1849 1653 1903 τῶν

97 1932 313 2006 καρδιῶν
345 1934 438 1987 καὶ
470 1935 627 1999 νοῶν,
661 1935 754 1991 καί
782 1953 845 2005 γε
869 1936 929 1990 τὸ
958 1938 1095 2010 πρὸς
1124 1941 1396 2007 υἱοθεσίαν
1424 1942 1520 2007 καὶ
1543 1960 1653 1996 σωμ-

94 2025 269 2099 τηρίαν
290 2026 588 2091 ἀναγκαῖον
612 2025 719 2079 τῶν
741 2027 1067 2100 ἀμφοτέρων
1094 2030 1469 2104 ἐκθαυμάσας,
1487 2033 1654 2088 Ποίαν

95 2115 294 2179 τούτων,
323 2116 602 2187 ἐξεϐόησε,
628 2119 1025 2191 προτιμοτέραν
1054 2122 1359 2193 ποιήσειας,
1390 2124 1489 2195 τὴν
1512 2126 1655 2195 πρᾶο

93 2207 165 2277 ξιν
188 2206 217 2277 ἢ
244 2206 340 2277 τὴν
378 2205 655 2277 θεωρίαν;
680 2208 755 2272 ὡς
775 2209 883 2280 γὰρ
910 2210 1003 2263 δύο
1028 2211 1193 2277 ὄντας
1220 2213 1533 2286 ὀφθαλμοὺς
1561 2215 1652 2271 τοῦ

92 2295 170 2349 διά
192 2294 285 2364 τῆς
320 2297 517 2367 νοερᾶς
545 2296 815 2367 κλίμακος
847 2300 1230 2367 ἀναϐαίνοντος
1255 2303 1393 2375 πρὸς
1418 2304 1510 2357 τὸν
1522 2304 1654 2359 Θεὸν

90 2387 377 2460 ὁμοσθενῶς
407 2406 471 2443 τε
516 2390 611 2445 καὶ
652 2391 936 2463 ὁμοτίμως
967 2394 1101 2466 πρὸς
1130 2394 1189 2451 ἓν
1217 2397 1377 2467 μόνον
1405 2397 1465 2451 τὸ
1485 2397 1654 2462 ὅντως

91 2481 273 2550 ἀγαθὸν
298 2480 608 2553 ὁρμῶντας,
629 2484 730 2536 οὐκ
752 2483 981 2550 ἐστιντὸν
1008 2485 1107 2557 μὲν
1131 2486 1332 2559 ῥᾳδίως
1358 2491 1652 2561 προτιμᾷν,

92 2571 486 2643 τὸνδὲῆττονος
513 2573 674 2643 λόγου
716 2575 811 2630 καὶ
855 2580 1022 2650 τιμῆς
1065 2577 1279 2643 ἀξιοῦν’
1340 2580 1507 2650 ἄμφω
1544 2582 1654 2651 γὰρ

93 2662 272 2733 ὁμοίως
298 2664 500 2728 αὐτοὺς
538 2664 639 2736 τῆς
662 2665 910 2738 ἀλλήλων
941 2668 1193 2739 βοηθείας
1232 2671 1531 2725 ἐπιδεῖσθαι
1559 2674 1655 2738 καὶ

94 2754 393 2825 συνεργίαςη
415 2756 607 2821 Οὕτως
634 2758 667 2829 ὴ
698 2757 895 2827 πρᾶξις
923 2760 1024 2831 μὲν
1049 2761 1240 2833 ὁδηγὸς
1274 2762 1482 2831 γίνεται
1519 2766 1656 2838 πρὸς

94 2845 324 2916 θεωρίαν,
364 2848 397 2917 ὴ
428 2845 635 2918 θεωρία
660 2847 717 2901 δέ
754 2851 988 2920 σφραγὶς
1030 2854 1096 2922 τῇ
1132 2853 1328 2924 πράξει
1358 2853 1451 2921 καὶ
1480 2856 1668 2926 ἀσφά-,

91 2936 195 2990 λεια
241 2937 600 3004 καθίσταται,
644 2939 719 3005 ὡς
774 2941 848 3011 μὴ
891 2940 957 2995 ἄν
1004 2960 1133 2995 ποτε
1160 2942 1418 3001 δύνασθαι
1448 2946 1655 3001 τέλειον

90 3025 213 3083 εἶναι
242 3030 328 3084 τὸν
367 3030 580 3086 τούτων
621 3032 908 3087 ὁποιασοῦν
954 3035 1443 3109 ἀποστερούμενον.
1511 3040 1653 3094 Ἀλλ’

88 3120 193 3175 ἐπεὶ
223 3121 295 3193 μὴ
324 3124 499 3178 πᾶσιν
532 3123 708 3193 ἁγίοις
752 3123 1059 3197 ἀνθρώποις
1100 3122 1250 3182 οὖσιν
1296 3129 1494 3200 ὁμοίως
1532 3134 1653 3191 κατ’

88 3212 237 3283 ἄμφω
261 3214 630 3287 ἐνευδοκιμεῖν
659 3216 900 3282 δυνατὸν,
936 3218 970 3290 ἡ
1009 3217 1107 3289 μὲν
1162 3219 1284 3286 ὄψις
1315 3222 1408 3277 καὶ
1435 3223 1654 3295 καθαρά

88 3303 268 3377 θεωρία
292 3305 400 3360 τῶν
427 3308 656 3362 τελείων
676 3308 906 3381 ἐργασία
934 3310 1070 3376 ἐστὶ,
1100 3311 1222 3377 καθ’
1246 3313 1369 3367 ὅσον
1390 3315 1493 3368 καὶ
1518 3316 1654 3385 μᾶλο

85 3394 165 3453 λον
186 3395 270 3450 διὰ
302 3396 404 3468 τῆς
430 3396 689 3470 πράξεως
730 3400 956 3463 ἑαυτοὺς
995 3401 1456 3475 ἐκκαθηράμενοι,
1490 3405 1653 3461 αὐτόν

87 3500 137 3547 τε
156 3485 238 3541 τὸν
276 3486 408 3543 Θεὸν
432 3488 534 3542 καὶ
565 3487 633 3542 τὰ
666 3488 784 3556 θεῖα
814 3491 1148 3564 σαφέστερον
1180 3492 1460 3561 ἀξιοῦνται
1484 3513 1654 3550 κατα.-

87 3575 290 3649 θεωρεῖν
310 3596 325 3610 ·
372 3582 407 3653 ἡ
466 3582 667 3652 πρᾶξις
701 3582 759 3635 δὲ
787 3581 896 3636 τῶν
935 3584 1173 3639 πλεόνων
1224 3587 1319 3640 καὶ
1352 3587 1451 3659 τῆς
1478 3588 1657 3659 ἄκρας

86 3666 398 3740 τελειότητος
452 3670 799 3743 ὑφειμένων,
845 3673 923 3737 ὡς
970 3677 1399 3750 σωματικωτέρα
1449 3678 1652 3749 μᾶλλον

84 3754 203 3814 οὖσα
229 3764 319 3815 καὶ
348 3765 733 3837 ταπεινοτέρα,
761 3765 1039 3835 ἀναλόγως
1063 3768 1157 3820 καὶ
1172 3768 1279 3840 τῆς,
1303 3767 1536 3840 θεωρίας
1556 3768 1655 3840 ἦτ-

84 3864 221 3913 τονος
253 3855 629 3925 κατευστοχεῖ.
686 3853 868 3921 Δεξιαὶ
897 3854 999 3924 μὲν
1029 3849 1122 3908 οὖν
1153 3854 1462 3927 ἀμφότεραι
1492 3848 1652 3909 αὗται

84 3938 166 3992 καὶ
203 3939 318 4012 Θεῷ
364 3942 551 4013 φίλαι,
598 3943 736 4015 πρὸς
781 3944 951 4016 αὑτήν
995 3961 1056 3998 τε
1084 3945 1182 4017 τὴν
1214 3945 1425 4016 Τριάδα,
1452 3944 1653 4017 ὁμοίως

86 4032 168 4093 καὶ
203 4034 298 4103 τὴν
350 4035 467 4089 ἀνω
516 4036 844 4090 κατάστασιν
890 4037 1153 4108 φέρουσαι
1177 4054 1191 4067 ·
1252 4037 1439 4108 ἐπειδὴ
1489 4038 1546 4092 δὲ
1589 4039 1651 4092 οὐ

83 4120 267 4190 πάντες
303 4125 498 4195 ὁμοίας
550 4127 644 4180 καὶ
687 4126 787 4197 τῆς
827 4126 999 4200 αὐτῆς
1034 4127 1314 4200 ἐνεργείας
1355 4130 1462 4184 τῶν
1495 4146 1652 4202 χαρι-

85 4211 289 4280 σμάτων
329 4213 639 4280 ἀξιοῦνται,
684 4214 800 4269 ἀλλ’
820 4215 886 4283 ὃς,
906 4216 1004 4288 μὲν
1036 4216 1236 4282 οὕτως,
1284 4217 1342 4281 ὃς
1370 4218 1427 4271 δὲ
1453 4216 1649 4283 οὕτως,

81 4301 167 4365 Σὺ,
190 4304 350 4373 φησὶν
377 4305 407 4357 6
445 4303 593 4368 θεῖος
626 4305 1016 4378 ίεροτελεστὴς,
1041 4306 1177 4377 πρὸς
1204 4307 1270 4379 ἢν
1302 4307 1501 4378 μᾶλλον
1528 4309 1653 4363 ἐαυ-

82 4392 179 4459 τὸν,
210 4396 425 4466 εὐφυῶς
500 4396 688 4468 ἔχοντα
753 4398 847 4451 καὶ
904 4398 1162 4470 εὐμαρῶς
1219 4398 1651 4471 κατορθούμενον

80 4485 217 4557 ὁρᾷς,
240 4483 351 4555 εῐτε
370 4487 515 4559 πρὸς
537 4488 638 4558 τὴν
660 4487 858 4561 πρᾶξιν
881 4490 980 4565 τῆς
999 4489 1223 4562 ἀρετῆς,
1246 4490 1356 4544 εἴτε
1387 4491 1480 4545 καὶ
1512 4492 1663 4564 πρὸς,

80 4577 169 4646 τὴν
223 4576 476 4652 θεωρίαν,
501 4578 596 4644 τοῦ
644 4579 800 4649 λόγου
856 4580 955 4651 τῆς
1008 4581 1157 4651 ἱερᾶς
1204 4580 1469 4646 πίστεως,
1516 4580 1653 4653 πρὸς

80 4668 233 4741 αὐτὴν
274 4671 336 4725 τὸ
373 4669 516 4731 πολὺ
560 4670 660 4743 τῆς
704 4670 942 4743 σπουδῆς
985 4670 1162 4742 νέμων
1196 4669 1511 4726 ἐπεκτείνου
1559 4672 1652 4737 καὶ

81 4762 375 4826 κατευοδοῦ.

80 4852 110 4907 5
130 4856 334 4924 Εἵρετό
350 4855 433 4927 μέ
454 4872 548 4924 τις
572 4856 901 4927 πρόϐλημα,
913 4854 1032 4909 τῶν
1062 4854 1134 4909 ἐκ
1169 4854 1529 4926 πνεύματος.

151 5010 486 5078 Ἀκολούθως
513 5014 581 5083 τῇ
617 5012 808 5083 πρώτῃ
840 5011 1192 5085 τετραστιχίᾳ
1223 5013 1318 5068 καὶ
1343 5015 1377 5085 ἡ
1417 5013 1648 5087 δευτέρα

76 5102 455 5159 ἐπακολουθεῖ·
477 5104 715 5159 δείκ¹νυσι
733 5105 844 5177 γάρ
864 5105 1171 5174 ἀναγκαίαν
1196 5100 1364 5160 οὖσαν
1391 5105 1490 5179 τὴν
1509 5094 1648 5180 πρᾶ-

79 5196 151 5261 ειν
182 5198 279 5269 τῆς
316 5197 524 5271 ἀρετῆς
557 5196 695 5269 πρὸς
725 5196 824 5267 τὴν
856 5196 1123 5268 ἀνάληψιν
1152 5198 1252 5269 τῆς
1279 5197 1533 5270 θεωρίας,
1560 5201 1643 5256 ὅτι

76 5290 161 5343 καὶ
184 5288 265 5342 δεῖ
291 5288 639 5361 καθαρθέντα
688 5287 901 5359 πρῶτον
934 5285 1078 5341 οὕτω
1109 5287 1206 5358 τῆς
1232 5286 1492 5359 ἀληθείας
1525 5307 1649 5344 κατ-

74 5379 337 5447 ευστοχεῖν
354 5393 370 5409 ·
401 5378 498 5431 καὶ
522 5378 571 5431 εί
595 5376 670 5449 μὴ
692 5378 722 5431 ὁ
740 5374 865 5440 νοῦς
884 5375 973 5430 διὰ
996 5375 1178 5447 πάσης
1199 5376 1480 5447 θεοφιλοῦς
1499 5379 1646 5453 πρά-

75 5466 201 5535 ξεως
214 5470 419 5536 παντὸς
443 5469 722 5543 μολυσμοῦ
743 5468 1057 5542 σαρκὺςκαὶ
1077 5468 1386 5540 πνεύματος
1401 5470 1649 5543 ἀποσμη-

140 5644 264 5723 (81)
284 5648 387 5723 Ed.
406 5649 600 5723 Venet.
631 5650 752 5721 ὄψις
778 5651 995 5706 τελείων
1022 5650 1219 5723 ἔργων.
1244 5652 1337 5721 ἠδὲ
1357 5652 1637 5723 πλειόνων,

73 5731 227 5790 qnam
255 5721 545 5775 lectionem
572 5722 646 5776 ita
670 5721 1062 5790 interpretatur
1079 5721 1322 5778 Zonaras
1353 5722 1446 5778 fol.
1480 5724 1513 5778 5
1544 5741 1595 5777 v.
1620 5741 1634 5778 :

168 5786 728 5867 ﬂightoofrsattmq
764 5784 964 5862 θεωρία
1015 5792 1123 5867 τῶν
1162 5793 1380 5867 τελείων
1422 5793 1597 5867 ἔργων
1621 5811 1635 5825 ο

73 5856 286 5931 ἐλλιπὴς
310 5860 369 5914 δέ
396 5861 429 5916 6
452 5859 625 5937 λόγος,
650 5856 924 5925 λείποντος
946 5863 1222 5919 τουτέστι
1240 5879 1253 5894 ·
1279 5856 1523 5918 τοῦτο’δέ
1544 5867 1642 5937 τῆς

3230 372 3335 431 730

1761 496 2049 551 utilitatem
2102 502 2287 549 autem
2331 491 2386 544 in
2414 489 2681 559 sapientia
2727 496 2781 545 et
2823 487 3001 543 omnis
3035 486 3335 557 Scriptum

1757 586 2025 641 divinitus
2086 584 2368 654 inspiratae
2432 581 2689 635 virtutem
2739 583 2793 635 in
2825 580 3023 635 timore
3068 578 3164 649 Dei
3192 588 3247 635 et
3279 582 3334 637 in

1758 674 2140 730 mandatorum
2171 670 2558 727 observatione
2594 669 2981 741 recolligentes
3004 685 3167 740 posse
3212 686 3338 725 sus-

1757 765 1958 836 cipere.
2014 765 2158 837 Ergo
2196 763 2363 833 hujus
2426 760 2733 832 praescripti
2789 761 3235 827 auditor,curavi
3269 779 3337 817 ne

1758 855 1993 924 amplius
2016 854 2069 908 in
2100 852 2499 909 commentario
2521 850 2881 905 considerans
2911 865 3114 905 arcana
3138 866 3333 921 proce-

1756 946 1961 1009 derem,
1997 945 2215 1000 ﬁnalem
2251 958 2383 998 vero
2410 941 2767 1013 praesentium
2813 940 3047 996 istorum
3095 944 3335 998 tetrasti-

1757 1039 1991 1094 chorum
2044 1036 2334 1093 sententiis
2376 1033 2637 1091 refertum
2699 1048 3007 1089 sermonem
3054 1049 3335 1088 commen-

1756 1132 2005 1187 tantibus
2022 1130 2181 1185 nobis
2208 1144 2332 1184 cum
2373 1128 2629 1183 aediﬁcati
2667 1126 2937 1183 fuerimus
2962 1126 3259 1181 theoretice
3282 1134 3336 1181 ct

1759 1223 2021 1295 practice,
2045 1236 2316 1293 exponam
2343 1228 2398 1277 et
2423 1219 2675 1276 cessabo.

1759 1395 1784 1451 i
1828 1397 2099 1452 Actionem
2142 1412 2420 1466 pra'ponas
2460 1415 2526 1451 an
2552 1397 3091 1466 contemplationem?
3120 1405 3229 1453 etc.

1828 1551 2243 1621 Contemplatus
2296 1553 2648 1609 beatissimus
2691 1564 2743 1608 et
2777 1554 2997 1609 virtutis
3028 1553 3238 1623 praxim
3284 1565 3339 1611 et

1760 1642 2133 1700 meditationis
2155 1644 2565 1711 exaltationem,
2609 1654 2773 1716 atque
2805 1646 2954 1702 illius
2989 1645 3333 1718 purgativam

1760 1743 1815 1791 et
1844 1734 2239 1792 illuminantem
2270 1752 2562 1808 corporum
2582 1746 2638 1793 et
2671 1738 2976 1793 animarum
3012 1739 3334 1805 efﬁcaciam,

1760 1827 1928 1896 hujus
1961 1843 2093 1883 vero
2126 1827 2499 1898 perlicientem
2531 1836 2585 1884 et
2621 1844 2648 1882 a
2681 1828 2794 1884 Deo
2828 1841 3137 1885 manantem
3163 1830 3337 1885 actio-

1761 1933 1885 1979 nem
1920 1918 1974 1972 in
2003 1919 2169 1973 corda
2194 1925 2248 1972 et
2275 1917 2502 1990 spiritus
2527 1916 2935 1981 miratus,sicut
2964 1927 3019 1975 et
3046 1921 3338 1990 utriusque

1760 2011 2143 2067 necessitatem
2195 2016 2256 2063 ut
2300 2008 2392 2064 lilii
2430 2008 2521 2065 Dei
2557 2016 2611 2064 et
2646 2010 2841 2065 salvati
2896 2009 3111 2074 ﬁamus,
3152 2013 3333 2067 excla-

1758 2112 1919 2163 mat:
1958 2102 2148 2158 Utram
2200 2101 2394 2155 harum
2446 2101 2748 2172 digniorem
2796 2102 3072 2172 prteferes,
3122 2103 3333 2173 praxim

1757 2202 1859 2254 aut
1882 2191 2326 2248 meditationem?
2360 2189 2611 2262 Namque
2651 2193 2809 2263 quasi
2844 2193 2985 2249 duos
3032 2193 3334 2249 aestimabi-

1757 2300 1878 2340 mus
1908 2284 2099 2339 oculos
2144 2284 2294 2341 illius
2340 2282 2434 2356 qui
2468 2287 2524 2338 in
2553 2284 2816 2355 gradibus
2861 2285 3245 2355 Spiritualbus
3267 2285 3334 2339 ad

1758 2374 1924 2431 Deum
1956 2374 2188 2430 viriliter
2233 2384 2289 2429 et
2339 2383 2652 2430 reverenter
2695 2376 2962 2441 ascendit,
3008 2375 3077 2429 ad
3109 2375 3335 2430 unicum

1756 2467 1979 2523 realitcr
2033 2466 2237 2522 bonum
2273 2466 2582 2536 aspirantes
2636 2481 2870 2537 quorum
2915 2482 3027 2522 non
3065 2478 3149 2523 est
3186 2466 3336 2538 quod

1756 2559 1988 2614 alterum
2041 2562 2223 2629 magni
2280 2559 2605 2628 pendamus,
2665 2559 2898 2614 alterum
2939 2575 3072 2615 vero
3122 2558 3337 2618 minore

1758 2648 1917 2704 laude
1955 2658 2012 2705 et
2043 2650 2452 2705 existimatione
2501 2650 2728 2721 dignum
2772 2652 3223 2721 pronuntiemus;
3264 2651 3339 2704 al-

1756 2750 1840 2797 ter
1867 2740 2014 2795 enim
2053 2739 2305 2795 vicissim
2347 2739 2577 2795 alterius
2632 2739 2838 2795 auxilio
2875 2749 2993 2811 eget
3045 2749 3099 2796 et
3137 2755 3337 2811 coepe-

1756 2830 2018 2887 ratione:
2053 2831 2135 2886 sic
2190 2830 2378 2901 praxis
2426 2830 2536 2886 dux
2589 2830 2659 2886 ad
2719 2830 3129 2888 meditationem
3170 2832 3227 2884 ﬁt
3279 2838 3336 2886 et

1757 2921 2037 2977 meditatio
2067 2920 2314 2993 sigillum
2348 2921 2501 2992 praxi
2536 2929 2592 2977 et
2630 2922 2831 2977 tutatio
2858 2923 3137 2985 statuitur,
3162 2922 3239 2976 ita
3275 2930 3337 2977 ut

1756 3012 2094 3084 impossibile
2152 3013 2222 3068 sit
2265 3012 2565 3083 perlectum
2599 3028 2721 3069 esse
2754 3013 2801 3068 si
2844 3017 3110 3069 alterutro
3140 3029 3333 3070 carea-

1756 3120 1878 3161 mus
1896 3104 2041 3175 ;~sed
2068 3119 2194 3161 cum
2218 3119 2329 3160 non
2354 3103 2610 3161 omnibus
2633 3106 2842 3162 sanctis
2875 3105 3191 3163 hominibus
3221 3120 3335 3177 pa—

1758 3197 1892 3254 riter
1919 3213 2013 3268 per
2034 3205 2325 3268 utrumque
2356 3197 2665 3253 clarescere
2706 3198 2970 3269 possibile
2999 3199 3090 3263 sit,
3137 3201 3329 3254 consi-

1757 3288 1968 3346 deratio
1998 3295 2054 3344 et
2093 3303 2228 3359 pura
2272 3287 2555 3343 meditatio
2603 3287 2971 3359 perfectorum
3018 3290 3175 3345 labor
3224 3302 3329 3354 est.

1758 3396 1824 3437 eo
1860 3379 2035 3450 magis
2062 3378 2206 3450 quod
2231 3395 2331 3450 per
2353 3378 2564 3450 praxim
2614 3376 2910 3450 puriﬁcati,
2946 3380 3125 3451 ipsum
3161 3380 3331 3437 Deum

1754 3482 1809 3531 et
1839 3473 2027 3529 divina
2078 3472 2284 3528 clarius
2326 3470 2578 3527 meditari
2626 3471 2850 3543 dignum
2898 3472 3192 3542 judicant;
3244 3488 3335 3528 ve-

1754 3579 1876 3619 rum
1909 3562 2094 3635 praxis
2126 3563 2511 3633 plerarumque
2568 3568 2623 3616 et
2653 3561 2707 3616 in
2738 3577 2953 3620 summa
2998 3562 3334 3633 perfectione

1756 3654 2113 3711 remissorum
2131 3653 2349 3724 corpori
2376 3652 2548 3722 magis
2578 3651 2722 3707 lavet
2737 3660 2792 3707 et
2812 3652 3106 3708 humilitati
3124 3664 3177 3710 et
3190 3654 3332 3709 'ml‘ra

1756 3745 2164 3801 meditationem
2191 3745 2565 3801 constituitur.
2619 3742 2863 3816 Utraque
2896 3746 3138 3802 secunda
3171 3753 3333 3804 estet

1758 3836 1868 3893 Deo
1903 3836 2151 3909 placens,
2183 3844 2237 3892 et
2270 3835 2339 3891 ad
2371 3837 2546 3907 ipsam
2590 3835 2916 3893 Trinitatem
2955 3837 3213 3894 similiter
3247 3845 3332 3891 at-

1755 3945 1863 4001 que
1887 3929 1955 3983 ad
1995 3927 2379 3984 exaltationem
2410 3928 2591 3996 ducit;
2654 3927 2923 3999 siquidem
2986 3944 3097 3984 non
3138 3944 3333 3986 omnes

1756 4020 1967 4092 parium
1997 4028 2052 4075 et
2102 4018 2420 4075 earumdem
2459 4020 2858 4076 charismatum
2911 4021 3215 4091 gratiarum
3253 4021 3330 4076 di-

1756 4112 2067 4182 gnationem
2120 4110 2419 4181 accipiunt,
2464 4110 2560 4167 sed
2605 4110 2748 4166 alius
2797 4110 3018 4181 quidem
3052 4111 3156 4180 sic,
3189 4113 3332 4169 alius

1753 4216 1883 4256 vero
1911 4200 2027 4268 sic;
2055 4208 2138 4266 tu,
2173 4201 2250 4255 ait
2287 4200 2513 4257 divinus
2558 4200 2908 4272 perfectionis
2941 4203 3210 4273 eruditor,
3262 4206 3329 4261 ad

1754 4307 1917 4363 quam
1953 4292 2130 4365 magis
2167 4300 2221 4349 te
2254 4300 2442 4348 natum
2488 4301 2544 4350 et
2597 4303 2846 4366 prompte
2877 4295 3206 4367 dispositum
3259 4300 3334 4354 vi-

1754 4386 1872 4451 des,
1905 4384 2022 4441 sive
2055 4384 2122 4440 ad
2153 4384 2367 4457 praxim
2400 4386 2641 4452 virtutis.
2676 4387 2791 4442 sive
2821 4386 2889 4443 ad
2912 4387 3330 4443 meditationem

1758 4476 2026 4532 sermonis
2066 4484 2270 4532 sancta:
2320 4474 2469 4542 ﬁdei,
2517 4476 2584 4532 ad
2618 4476 2791 4547 ipsam
2843 4477 3018 4549 magis
3065 4477 3332 4534 adhibens

1755 4560 1999 4621 studium
2029 4562 2191 4618 tende
2221 4561 2433 4633 iterque
2463 4562 2657 4633 dirige.

1756 4845 1792 4899 5
1830 4845 2184 4912 Quaestione":
2235 4844 2508 4919 proposuit
2554 4846 2684 4900 mihi
2726 4847 2940 4918 quidam
2979 4861 3044 4901 ea:
3070 4846 3330 4989 ﬂairima-

3116 4933 3132 4971 ι
3172 4932 3253 4971 us.

3116 4932 3253 4971 ιυιιε.

1793 5005 2201 5079 Consequenter
2214 5007 2449 5079 primum
2465 5007 2833 5064 tetrastichum
2875 5009 3174 5064 secundum
3200 5007 3330 5067 sub-

1753 5101 2038 5172 sequitur;
2102 5100 2347 5157 ostendit
2384 5100 2530 5157 enim
2570 5099 2941 5157 necessariam
2970 5116 3095 5157 esse
3115 5101 3329 5174 praxim

1752 5191 1969 5248 virtutis
2024 5191 2092 5247 ad
2167 5192 2646 5263 contemplationis
2714 5192 3143 5260 assecutionem,
3200 5193 3330 5263 quia

1754 5293 1972 5354 oportet
1999 5282 2346 5356 puriﬁcatum
2378 5282 2557 5353 primo
2589 5283 2670 5339 sic
2706 5284 2995 5339 veritatem
3036 5284 3326 5357 attingere,

1752 5387 1807 5434 et
1824 5378 1931 5434 nisi
1950 5392 2104 5433 mens
2137 5390 2234 5446 per
2270 5390 2488 5430 omnem
2522 5374 2629 5432 Deo
2656 5384 2867 5448 gratam
2896 5378 3107 5448 praxim
3160 5393 3324 5434 omne

1754 5468 1940 5524 carnis
1969 5483 2032 5522 ac
2065 5467 2294 5538 spiritus
2315 5465 2796 5537 inquinamentum
2825 5468 3175 5538 expunxerit,
3212 5483 3322 5524 non

1761 5648 1996 5713 Ἀτθίδος
2026 5648 2156 5701 ἴδιον
2182 5645 2499 5718 διαλέκτους
2525 5645 2745 5701 τελείων
2770 5646 2826 5718 δέ
2855 5646 3032 5718 ἔργων
3063 5646 3095 5716 ἡ
3125 5644 3328 5718 θεωρία

1747 5722 1915 5799 ἐστὶν,
1942 5721 2025 5774 ὅτι
2043 5719 2132 5799 δεῖ
2152 5716 2367 5799 πρῶτον
2404 5715 2743 5799 καθαρθῇναι
2769 5715 3008 5799 τὺνῆνοῦν
3040 5715 3135 5770 καὶ
3162 5715 3326 5799 ἀπρρα

1749 5782 1984 5865 ῥαγῆναι
2008 5790 2112 5865 τῆς.
2134 5782 2241 5841 τῶν
2286 5787 2505 5865 γεηρῶν
2529 5782 2767 5859 σχέσεως
2795 5788 2888 5841 καὶ
2922 5787 3061 5841 οὕτω
3084 5782 3327 5856 προσϐῆ-

1751 5858 1926 5932 ναιτῇ
1953 5858 2173 5930 θεωρίᾳ,
2201 5876 2253 5913 κ.
2280 5876 2327 5912 τ.
2362 5859 2406 5911 ἐ.
