3818 6524
500 376 600 428 τοι

498 497 700 566 poterit
734 510 876 552 verae
901 497 1186 569 sapientia:
1226 507 1281 555 et
1311 499 1617 570 spiritualis
1665 499 1844 564 visus,
1887 506 1949 554 ut
1981 499 2079 576 de-_

497 593 609 652 cet,
651 587 928 659 particeps
973 589 1119 656 fieri;
1173 589 1298 645 ideo
1329 591 1464 646 dicit
1503 590 1904 647 :Percontetur
1941 589 2079 646 mihi

498 679 701 750 aliquis
747 680 1034 750 spirituale
1074 681 1318 738 studium
1367 684 1614 754 mystica:
1660 682 2082 753 contemplatio-

498 771 588 827 nis
620 773 1061 842 apprehendens,
1095 790 1197 846 ego
1217 775 1384 830 istum
1413 789 1525 831 non
1559 775 1763 830 mundo
1807 774 1974 830 corde
2003 774 2080 828 vi-

499 867 736 925 ventem,
781 860 879 916 sed
910 872 964 916 et
991 863 1249 932 turpibus
1300 862 1637 918 maculatum
1697 861 1913 925 videns,
1955 861 2080 916 dico

498 963 610 1002 non
637 947 864 1004 tandum
895 965 1020 1006 esse
1061 950 1305 1008 studium
1353 951 1460 1005 hoc
1486 950 1594 1007 nisi
1642 951 1799 1021 prius
1838 951 2077 1022 teipsum

500 1039 881 1096 inundaveris.
948 1041 1014 1094 Et
1072 1042 1164 1099 ille
1213 1044 1413 1098 iterum
1449 1041 1544 1097 :Si
1608 1043 1920 1098 maculatus
1977 1043 2075 1106 fui,

497 1129 594 1184 sed
617 1143 728 1184 non
761 1145 947 1185 nunc:
983 1130 1099 1186 haec
1140 1130 1285 1185 enim
1321 1145 1418 1201 per
1439 1132 1712 1187 sermonis
1759 1139 2078 1186 contextum

497 1218 926 1275 subaudiuntur.
985 1219 1050 1275 Et
1093 1236 1195 1290 ego
1229 1221 1297 1276 ad
1349 1221 1502 1275 illum
1534 1240 1546 1276 :
1576 1219 1632 1276 Si
1663 1228 1718 1276 et
1761 1237 1908 1288 nunc
1952 1236 2079 1292 pru-

497 1312 716 1367 dentem
745 1323 798 1367 te
822 1312 983 1375 dicis,
1022 1313 1241 1380 sit,'sed
1265 1313 1374 1369 nisi
1407 1313 1477 1368 de
1518 1315 1802 1370 veteribus
1847 1311 2080 1368 maculis

499 1401 795 1460 mundatus
832 1402 1023 1467 fueris,
1058 1403 1212 1460 nefas
1228 1413 1312 1459 est
1342 1405 1436 1459 tibi
1465 1404 1522 1459 in
1553 1404 1829 1474 mysteriis
1852 1404 2080 1474 spiritus

498 1502 703 1550 sortem
729 1495 890 1562 dare;
922 1511 1160 1566 namque
1188 1505 1408 1568 oportet
1442 1505 1502 1551 ut
1540 1511 1691 1551 nunc
1723 1512 1820 1567 per
1868 1496 2078 1566 praxim

497 1601 660 1641 omne
690 1587 1043 1658 vituperium,
1087 1603 1306 1643 omnem
1358 1587 1630 1642 maculam
1673 1586 1904 1658 spiritus
1981 1600 2082 1655 pu-

504 1675 680 1733 rifices
777 1683 832 1733 et
883 1677 1100 1743 animae.
1151 1685 1206 1734 et
1241 1680 1322 1735 sic
1346 1679 1602 1735 sublimis
1653 1678 1930 1749 particeps
1983 1676 2079 1734 fias

498 1766 810 1824 divinorum
842 1771 1345 1842 contemplationis.
1400 1769 1465 1824 Et
1502 1771 1814 1842 exemplum
1857 1769 2078 1825 obvium

499 1872 841 1929 prorsusque
891 1858 1146 1914 idoneum
1182 1857 1236 1915 in
1284 1875 1416 1916 vase
1444 1859 1672 1915 fetorem
1725 1858 1992 1916 redolenti
2029 1867 2083 1914 et

497 1958 760 2020 corrupto
781 1957 836 2006 et
870 1966 982 2006 non
1011 1951 1231 2008 sincero
1281 1967 1442 2008 nemo
1491 1952 1754 2025 unguenti
1803 1953 2082 2024 pretiosis-

497 2041 695 2096 simum
731 2041 972 2098 infundit
1004 2045 1248 2099 odorem.

498 2133 532 2186 9
583 2130 695 2187 Nec
726 2130 924 2188 absiste
956 2148 1048 2189 nec
1083 2136 1202 2189 cede
1236 2135 1381 2189 omni
1419 2138 1674 2202 sermoni,
1706 2144 1814 2192 etc.

572 2407 870 2480 Postquam
920 2407 1110 2468 docuit
1164 2415 1516 2470 necessarias
1568 2415 1633 2470 ad
1688 2415 2080 2487 perfectionem

497 2511 626 2553 esse
657 2499 774 2568 pari
867 2501 1076 2562 ratione
1133 2515 1245 2562 tum
1307 2507 1554 2579 praxim,
1607 2516 1719 2563 tum
1781 2504 2083 2570 theoriam.

497 2589 697 2647 exinde
726 2588 795 2648 de
838 2594 1080 2664 generali
1115 2603 1171 2651 et
1215 2596 1508 2652 universali
1569 2595 1912 2667 philosophia
1966 2607 2083 2652 tra-

500 2687 616 2736 ctat
643 2691 698 2738 et
725 2683 928 2741 virtute
980 2701 1104 2757 qua:
1136 2687 1294 2758 quasi
1335 2688 1388 2742 in
1433 2688 1623 2758 figuris
1662 2690 2084 2760 contemplatio-

499 2789 622 2829 nem
651 2783 699 2830 cl
738 2777 951 2832 oraxim
978 2773 1267 2835 discernit.
1313 2777 1599 2846 Quomodo
1625 2795 1760 2851 ergo
1807 2781 1914 2836 illa:
1950 2782 2087 2838 diri-

497 2871 686 2935 gendae
715 2869 826 2923 sint
865 2875 960 2923 aut
983 2867 1260 2939 quomodo
1291 2880 1543 2940 agentem
1583 2868 2085 2926 considerationem

499 2959 695 3016 otl'erre
721 2955 832 3016 Deo
866 2969 1113 3032 oporteat
1146 2979 1242 3033 per
1264 2963 1543 3034 expositas
1581 2964 1822 3020 ostendit
1867 2974 2088 3021 senten-

500 3051 629 3117 tias.
655 3068 759 3109 nec
783 3053 1046 3110 resistere
1078 3056 1336 3110 omnibus
1379 3053 1728 3113 sermonibus
1774 3057 2085 3128 iurgiorum

501 3154 800 3201 amatorem
829 3142 1210 3202 adversantem
1258 3162 1511 3212 monens,
1557 3147 1727 3219 impio
1756 3147 1904 3220 quod
1935 3147 2088 3205 fieret

504 3250 676 3302 more,
699 3252 802 3295 nec
827 3253 959 3308 ergo
991 3240 1248 3295 omnibus
1297 3239 1502 3313 pariter
1566 3239 1852 3297 cedentem
1895 3256 2085 3297 aurem

501 3328 764 3401 pwberc,
804 3326 954 3401 quod
992 3331 1111 3386 sine
1151 3329 1366 3399 judicio
1400 3329 1592 3397 fieret;
1647 3332 1741 3388 sed
1795 3331 2082 3388 sciendum

503 3419 574 3478 de
622 3437 726 3478 con
753 3423 1000 3492 emplatu
1051 3430 1105 3477 et
1140 3432 1265 3478 actu
1309 3422 1434 3480 istis
1479 3427 1682 3496 opponi
1737 3434 1790 3480 et
1829 3424 2088 3480 resistere

502 3528 626 3584 quae
659 3511 858 3568 novisti
894 3512 1040 3570 dicta
1071 3510 1252 3570 aliena
1292 3516 1362 3572 ab
1391 3517 1708 3588 evangelica
1739 3514 2008 3588 sapientia
2033 3524 2088 3572 et

505 3597 886 3674 legislatione;
928 3603 1264 3674 ipsisautem
1289 3607 1549 3663 comitem
1607 3616 1663 3664 et
1731 3609 2082 3680 subsequen-

507 3701 615 3748 tem
640 3689 841 3749 adesse
869 3693 961 3763 qui
993 3693 1157 3765 digne
1198 3692 1405 3766 Spiritu
1452 3704 1646 3753 saneto
1685 3706 2090 3754 conversantur

506 3791 724 3852 tecum;
751 3793 804 3842 et
829 3779 952 3840 istis
983 3786 1036 3840 in
1069 3802 1328 3842 mensura
1369 3798 1424 3843 et
1459 3799 1726 3860 quantum
1773 3786 1951 3854 decet,
1998 3805 2087 3846 re-

506 3871 814 3933 sistendum
847 3893 972 3934 cum
1009 3880 1270 3935 resistere
1295 3881 1498 3934 bonum
1531 3885 1638 3947 est,
1674 3888 1728 3936 et
1763 3879 2087 3937 consocium

507 3974 561 4022 te
602 3966 953 4038 praebendum
991 3975 1259 4038 quantum
1311 3969 1582 4030 ,comitem
1623 3969 1738 4025 fieri
1796 3972 2087 4037 convenit;

507 4070 562 4118 et
599 4062 869 4120 ambobus
919 4061 1144 4132 quando
1184 4068 1559 4131 opportunum
1607 4069 1694 4116 est
1725 4069 1943 4132 tempus
1970 4063 2091 4118 sive

509 4170 544 4211 ο
583 4156 814 4212 sistendi
848 4154 967 4212 sive
1009 4148 1416 4210 consentiendi.
1470 4149 1761 4209 Subditum
1811 4169 1936 4210 esse
1979 4150 2090 4209 D‘eo

511 4246 1024 4319 praescribitpotius
1049 4260 1215 4317 quam
1266 4245 1562 4309 dominari,
1611 4242 1826 4302 scilicet
1883 4243 2090 4301 bonum

511 4355 636 4396 esse
668 4354 764 4410 per
791 4339 952 4396 ﬁdem
983 4339 1267 4396 adhaerere
1295 4333 1428 4401 Deo.
1458 4354 1676 4396 omnem
1715 4339 1768 4394 in
1809 4340 1928 4410 ipso
1952 4339 2092 4394 ﬁdu-

511 4429 656 4486 ciam
679 4428 966 4494 habentes,
996 4431 1176 4501 potius
1209 4445 1371 4500 quam
1403 4431 1594 4486 multis
1624 4431 1976 4486 sermonibus
1997 4432 2095 4486 do-

513 4518 716 4576 minari
741 4519 797 4576 in
837 4520 1016 4592 ipsum
1044 4529 1100 4577 et
1127 4521 1300 4576 videri
1331 4521 1685 4577 reluctantes.
1704 4517 1924 4588 Quare?
1955 4522 2094 4589 Quia

513 4611 688 4668 multa
719 4613 992 4682 loquentis
1035 4621 1091 4668 et
1120 4627 1315 4682 sapere
1365 4612 1698 4668 confidentis
1736 4614 1794 4669 in
1839 4615 2090 4670 multilo-

515 4705 650 4775 quio
675 4703 952 4776 superfluo
979 4722 1088 4760 non
1121 4706 1296 4761 deerit
1320 4717 1602 4777 peccatum
1622 4716 1675 4762 et
1704 4710 1886 4762 omnis
1907 4725 2093 4765 sermo

519 4795 575 4851 in
633 4796 925 4852 adversum
983 4804 1175 4852 contra
1217 4797 1396 4867 ipsum
1431 4797 1798 4853 resistentiam
1851 4799 2091 4866 afferret,

517 4895 573 4943 et
601 4887 888 4944 molestum
913 4899 995 4945 est
1029 4889 1136 4944 hoc
1162 4905 1178 4948 :
1233 4898 1425 4944 contra
1455 4889 1621 4944 vitam
1659 4893 2011 4961 tranquillam
2041 4901 2096 4948 et

517 4981 857 5051 Spiritualem
890 4991 944 5039 et
974 4981 1188 5038 actibus
1221 4981 1591 5038 abundantem
1619 4981 1860 5053 degenti,
1880 4985 2094 5042 minus-

1853 375 2155 434 NICETAS
2185 375 2392 431 DAVID
3644 369 3728 426 τοι

2181 496 2359 568 χθείη,
2389 495 2490 549 οὐκ
2527 493 2592 548 ἂν
2618 493 2834 548 δύναιτο
2861 492 2966 564 τῆς
2997 491 3360 562 ἀληθοσοφιας
3387 489 3484 544 καὶ
3515 503 3729 559 πνευμα-

2179 587 2339 656 τικῆς
2356 587 2598 659 ὁράσεως
2615 585 2691 649 ὡς
2717 585 2822 656 χρὴ
2857 587 3148 656 μετασχεῖν
3166 601 3180 614 ο
3217 583 3284 637 δι’
3313 583 3343 635 ὃ
3367 580 3516 648 λέγει
3541 598 3555 611 σ
3598 580 3730 633 Ἐπύ-

2181 678 2305 731 θετό
2347 695 2433 741 τις
2475 677 2610 748 ἐμοῦ
2649 676 2939 748 πρόϐλημα
2977 674 3349 745 πνευματικὸν
3393 672 3491 727 καὶ
3527 671 3733 742 θεωρίας

2180 770 2437 840 ἐχόμενον
2462 770 2728 840 μυστικῆς
2744 785 2757 798 ’
2783 767 2893 830 ἐγὼ
2915 769 2973 821 δὲ
2997 768 3181 821 τοῦτον
3206 767 3303 835 οὐχ
3322 765 3502 834 ἁγνῶς
3520 763 3730 833 βιοῦντα,

2181 860 2316 914 ἁλλά
2347 861 2443 913 καὶ
2488 860 2702 929 αῖσχεσι
2734 858 2990 930 ῥυπῶντα
3018 857 3172 922 ιίδὼς
3194 894 3211 920 ,
3245 858 3404 926 ἔφην,
3442 855 3533 924 Μὴ
3569 855 3733 924 ῥητέον

2181 947 2322 1004 εἶναι
2347 951 2409 1004 τὸ
2439 950 2772 1022 προϐληθὲν,
2811 948 2906 1003 ὲὰν
2931 949 3007 1020 μὴ
3053 948 3269 1019 πρῶτον
3300 944 3638 1016 ὲκκαθαρθῇς
3657 961 3670 974 ο
3712 947 3734 996 6

2184 1043 2240 1095 δὲ
2269 1041 2432 1094 πάλιν
2456 1059 2469 1072 ·
2503 1042 2570 1094 Εἴ
2594 1057 2725 1094 ποτε
2750 1041 2843 1094 καὶ
2871 1040 3061 1112 ῥυπῶν
3091 1036 3178 1110 ἦν,
3205 1037 3319 1092 ἀλλ’
3354 1038 3477 1108 οὐχὶ
3506 1038 3601 1089 καὶ
3621 1035 3700 1087 νῦν
3719 1051 3732 1064 ο

2179 1133 2354 1187 ταῦτα
2381 1133 2491 1205 γὰρ
2545 1136 2608 1204 τῇ
2636 1133 2730 1186 τοῦ
2783 1132 2944 1201 λόγου
2975 1130 3410 1186 συνυπακούεται
3439 1128 3732 1198 ἀκολουθίᾳ·

2181 1224 2338 1294 κάγὼ
2385 1226 2520 1297 πρὸς
2561 1226 2760 1280 αὐτόν·
2808 1227 2870 1278 El
2910 1225 3002 1277 καὶ
3045 1223 3140 1276 νῦν
3171 1224 3468 1295 σωφρονεῖν
3492 1222 3598 1292 φῂς
3625 1221 3735 1288 (82),

2181 1316 2294 1369 ἀλλ’
2331 1314 2423 1368 ὲάν
2471 1315 2544 1386 μὴ
2576 1315 2670 1368 καὶ
2706 1314 2812 1367 τῶν
2851 1314 3017 1368 πάλαι
3049 1313 3238 1385 ῥύπων
3267 1311 3647 1384 ἀπορρυφθῇς,
3687 1314 3736 1363 οὐ

2182 1404 2339 1474 θέμις
2371 1420 2454 1457 σοι
2474 1403 2583 1456 τῶν
2609 1403 2703 1457 τοῦ
2730 1403 3039 1474 πνεύματος
3063 1402 3377 1474 μυστηρίων
3405 1401 3735 1472 μεταλαχεῦθ·

2180 1496 2262 1549 δεῖ
2290 1496 2399 1566 γάρ
2432 1513 2492 1549 σε
2521 1495 2616 1550 νῦν
2642 1495 2730 1549 διὰ
2755 1495 3007 1568 πράξεως
3039 1498 3215 1551 πάντα
3244 1496 3438 1566 μῶμον
3461 1495 3555 1548 καὶ
3585 1495 3739 1547 σῶον

2181 1585 2301 1652 νοδς
2345 1587 2794 1659 ὲκκαθηράμενον
2835 1587 2928 1640 καὶ
2977 1587 3174 1658 ψυχῆς,
3227 1585 3370 1639 οὓτω
3411 1585 3511 1655 τῆς
3558 1584 3738 1654 ὑψηλῆς

2183 1678 2448 1750 ἐπήϐολον
2476 1674 2614 1732 εἶναι
2646 1677 2756 1731 τῶν
2794 1677 2953 1731 θείων
2977 1677 3229 1748 θεωρίας.
3265 1676 3375 1730 Καὶ.
3403 1677 3464 1729 τὸ
3502 1674 3739 1746 παράδει-

2184 1788 2298 1840 γμα
2331 1771 2529 1823 οίκεῖον
2573 1769 2667 1823 καὶ
2714 1769 2908 1840 κομιδῇ
2949 1768 3227 1840 προσφυὲς
3252 1766 3400 1839 (8³5)⁶
3449 1768 3626 1820 σκεύει
3652 1765 3739 1835 γὰρ

2182 1859 2448 1923 δυσωδίας
2466 1858 2726 1923 ἀπόξοντι
2752 1859 2846 1914 καί
2871 1860 3234 1931 μεμιασμένῳ
3260 1861 3354 1912 καὶ
3381 1858 3576 1930 σαπρῷ
3593 1857 3739 1920 οὐδεὶς

2183 1951 2250 2005 ἂν
2282 1953 2346 2022 τῇ
2385 1950 2479 2004 τοῦ
2521 1949 2698 2023 μύρου
2731 1950 3175 2022 τιμαλφεστὰτην
3218 1949 3641 2004 καταπιστεύσοι
3664 1948 3739 2000 εὖ·

2182 2043 2370 2097 ωδίαν.

2182 2134 2217 2187 9
2246 2134 2391 2202 Μήτ’
2417 2135 2711 2203 (irrit-scre
2736 2133 2888 2190 πᾶσι
2910 2134 3049 2203 μήθ’
3079 2133 3231 2188 ἕπου
3256 2136 3462 2203 λόγοις
3481 2146 3498 2164 ⁸

2184 2205 2253 2258 10
2275 2200 2428 2258 Ἀλλ’
2465 2200 2556 2270 οἷς
2587 2205 2806 2272 ἐπίστῃ
2837 2200 2935 2258 καὶ
2961 2204 3113 2258 ὅοόιικ⁵
3141 2204 3237 2258 καί
3269 2200 3497 2269 πηνίκα
3521 2221 3537 2236 ο

2186 2276 2245 2344 Η
2288 2275 2437 2329 Θεοῦ
2473 2275 2543 2328 δὲ
2579 2274 2827 2344 uiuat
2853 2275 3070 2344 ἐξέχου
3101 2274 3139 2342 ἢ
3175 2274 3649 2344 προστάτει(8ι)·

2186 2343 2253 2398 12
2279 2346 2447 2414 Λόγῳ
2480 2343 2721 2399 παλαίει
2752 2343 2872 2410 πᾶς
2901 2343 3104 2415 λόγος,
3131 2343 3250 2410 βίῳ
3279 2345 3346 2397 δὲ
3373 2345 3504 2409 τίςὶ

2255 2435 2482 2501 Διδάξας
2517 2436 2821 2504 ἀναγκαίας
2847 2433 3013 2500 οὔσας
3041 2435 3119 2508 τῷ
3140 2434 3330 2505 τελείῳ
3359 2437 3460 2506 τήν
3487 2453 3544 2488 τε
3570 2432 3740 2506 πρᾶξιν

2185 2527 2385 2599 ὁμοίως
2411 2529 2504 2581 καῖ
2537 2527 2634 2599 τὴν
2671 2527 2941 2597 Θεωρίαν,
2977 2525 3229 2580 ἐντεῦθεν
3264 2527 3391 2598 περὶ
3419 2527 3518 2595 τῆς
3547 2525 3740 2594 γενικῆς

2186 2621 2282 2674 καὶ
2335 2618 2566 2672 καθόλου
2619 2618 2936 2689 φιλοσοιρίας
3001 2617 3353 2689 διαλαμϐάνει
3407 2618 3503 2670 καὶ
3547 2616 3736 2687 ἀρετῆς.

2185 2709 2307 2779 ἥτις
2340 2707 2640 2780 ῶσπερ-είς
2678 2708 2792 2778 εἴδη
2826 2707 3058 2779 Θεωρίαν
3092 2709 3188 2761 καὶ
3229 2707 3430 2780 πρᾶξιν
3456 2707 3736 2776 διαιρεῖται.

2187 2797 2312 2862 Πῶς
2339 2794 2432 2852 οὖν
2474 2800 2646 2863 αὐτὰς
2688 2798 3087 2872 κατορθωτέον,
3127 2798 3162 2869 ἥ
3190 2799 3304 2864 πῶς
3332 2798 3641 2871 ἔμπρακτον
3662 2798 3740 2866 τὴν

2189 2886 2422 2962 θεωρίαν
2462 2891 2772 2946 ἀποδιδόναι
2803 2893 2908 2964 χρὴ
2941 2892 3018 2964 τῷ
3043 2894 3164 2964 Θεῷ
3187 2890 3320 2962 χ85).
3367 2892 3452 2945 διὸ
3499 2892 3604 2946 τῶν
3627 2909 3738 2963 προ-

2193 2979 2462 3050 κειμένων
2492 2979 2825 3034 ὲπιδείκνυσι
2855 2980 3109 3050 γνωμῶν,
3143 2977 3275 3051 μήτ”
3295 2977 3611 3032 ἀντιτείνειν
3630 2979 3739 3029 πᾶσι

2192 3068 2370 3140 λόγοις
2385 3069 2701 3140 φιλονείκως
2719 3071 3120 3142 ἀντιτιθέμενον
3140 3069 3416 3138 παραινῶν
3439 3087 3451 3099 ·
3475 3068 3737 3131 ἀνευλαϐὲς

2193 3162 2330 3232 γάρ·
2363 3157 2487 3233 μήτ’
2516 3156 2610 3216 οὖν
2638 3158 2802 3215 πᾶσιν
2827 3163 3025 3232 ὁμοίως
3060 3163 3329 3231 ὑπέχοντα
3354 3161 3414 3212 τδ
3446 3156 3538 3224 οὖς
3567 3161 3739 3211 ἐπακο-

2192 3251 2400 3306 λουθεῖν
2424 3269 2437 3282 ⁸
2470 3253 2783 3324 ἀδιάκριτον
2805 3253 2914 3324 γάρ
2943 3267 2957 3284 ο
3000 3253 3114 3307 ἀλλ’
3165 3251 3361 3305 εἰδέναι
3392 3251 3520 3322 περί
3559 3267 3614 3303 τε
3651 3249 3737 3300 τῶν

2194 3341 2510 3416 θεωρητέων
2555 3345 2646 3398 καὶ
2677 3343 2962 3414 πρακτέων
2991 3342 3215 3407 ἐκείνοις
3240 3342 3556 3396 ἀντιτείνειν
3579 3357 3632 3394 τε
3665 3340 3739 3390 καὶ

2193 3432 2548 3488 ἀνθίστασθαι
2569 3473 2584 3498 ,
2621 3427 2702 3497 οἷς
2749 3429 2892 3496 οἶδας
2940 3431 3234 3504 ἀλλοτρίως
3273 3429 3374 3501 τῆς
3415 3428 3738 3499 εοῖοαγγελικῆς

2193 3525 2508 3595 λεγομένοις
2541 3525 2824 3593 Becco-sia;
2861 3524 2950 3578 καὶ
2978 3521 3320 3594 νομοθεσίας,
3341 3521 3606 3584 κάκείνοις
3632 3522 3739 3572 ἒπε-

2196 3616 2320 3670 σθαι
2362 3617 2457 3670 καὶ
2490 3617 2723 3686 στοιχεῖν
2757 3618 2869 3679 τοῖς
2908 3615 3074 3679 ἀξίως
3122 3613 3215 3667 τοῦ
3257 3615 3412 3683 ἁγίου
3459 3611 3739 3682 Πνεύματος

2194 3705 2540 3778 λαλουμένοις
2573 3708 2709 3778 πρὸς
2740 3706 2821 3769 σὲ,
2863 3707 2957 3760 καὶ
2985 3704 3194 3769 τούτοις
3234 3706 3290 3757 ὲν
3321 3707 3503 3775 μέτρῳ
3529 3703 3616 3756 καὶ
3636 3703 3738 3753 ὅσον

2193 3798 2274 3852 δεῖ
2298 3799 2390 3850 καὶ
2418 3797 2740 3866 ἀντιλέγειν,
2763 3791 2844 3860 οἷς
2869 3797 3183 3850 ἀντιτείνειν
3214 3795 3386 3860 ἄξιον,
3414 3797 3508 3848 καὶ
3545 3789 3734 3846 ἕπεσθαι

2195 3889 2316 3945 ὅσον
2343 3889 2655 3944 ἀκολουθεῖν
2683 3890 2947 3961 προσῆκε,
2985 3887 3082 3940 καὶ
3108 3888 3312 3940 τούτων
3333 3888 3534 3957 ἀμφοῖν
3557 3881 3736 3953 ὁπηνίκ’

2197 3981 2324 4056 ἂνῆ
2360 3983 2549 4054 καιρὸς
2587 3981 2959 4053 ἀντιρρήσεως
2988 3979 3021 4052 ἦ
3065 3979 3493 4049 ἀκολουθήσεως.
3529 3975 3648 4030 Θεοῦ
3688 3973 3735 4024 δὲ

2201 4074 2399 4145 μᾶλλον
2427 4073 2706 4144 ὲξέχεσθαι
2747 4073 2780 4144 ἦ
2812 4073 3141 4137 προστατεῖν
3165 4068 3564 4125 διακελεύεται·
3603 4064 3735 4121 καλὸν

2199 4167 2336 4222 εἶναι
2363 4167 2449 4221 διὰ
2503 4166 2739 4229 πίστεως
2785 4163 3115 4238 ἐξηρτῆσθαι
3163 4160 3258 4218 τοῦ
3289 4162 3446 4225 Θεοῦ,
3498 4160 3589 4232 τὴν
3631 4157 3735 4225 ὃλην

2198 4257 2285 4311 ἐπ’
2312 4256 2461 4328 αὑτῷ
2496 4255 2817 4326 πεποίθησιν
2847 4255 3066 4326 ἔχοντας
3085 4297 3099 4320 ,
3131 4254 3165 4326 ἢ
3194 4251 3405 4317 πολλοῖς
3439 4250 3604 4320 λόγοις
3623 4263 3734 4318 προ-

2201 4351 2412 4403 στατεῖν
2461 4347 2625 4401 αὐτοῦ
2665 4350 2758 4401 καὶ
2787 4347 2943 4418 δῆθεν
2973 4347 3328 4420 ὑπερμαχεῖν.
3364 4343 3519 4407 Τίνος
3549 4344 3730 4399 ἕνεκενς

2202 4438 2324 4495 Ὅτι
2363 4439 2442 4511 τῷ
2483 4439 2652 4494 πολλά
2685 4441 2896 4508 λέγοντι
2929 4439 3024 4492 καὶ
3065 4435 3400 4509 σοφιζομένῳ
3449 4433 3656 4508 περισσὰ
3680 4431 3734 4483 ἐκ

2201 4533 2296 4603 τῆς
2324 4533 2646 4602 πολυλογίας
2677 4532 2776 4586 οὐκ
2809 4532 3075 4601 ἐπιλείψει
3107 4528 3316 4603 μῶμος,
3357 4532 3452 4583 καὶ
3485 4528 3580 4592 πᾶς
3603 4526 3733 4593 λόγος

2197 4624 2276 4686 εἰς
2302 4620 2591 4678 ἀντίπαλον
2613 4621 2760 4692 αὐτῷ
2786 4621 3193 4692 παραστήσεται
3211 4621 3345 4691 (86),
3363 4619 3454 4673 καὶ
3485 4617 3626 4672 τοῦτο
3647 4630 3732 4666 tto-

2199 4712 2361 4785 νηρόν
2389 4732 2400 4744 ’
2438 4712 2537 4786 βίῳ
2564 4712 2618 4769 δὲ
2650 4714 2838 4786 ἡσύχῳ
2863 4713 2956 4769 καὶ
2988 4710 3343 4784 πνευματικῷ
3375 4712 3468 4766 καὶ
3497 4710 3560 4763 τὰ
3589 4705 3732 4761 πολλὰ

2203 4808 2328 4878 περὶ
2359 4807 2583 4880 πρᾶξιν,
2633 4804 2794 4881 ἦττον
2826 4808 2884 4862 δὲ
2921 4807 3049 4878 περὶ
3090 4807 3244 4875 λόγον
3277 4803 3570 4877 ποιουμένῳ
3599 4802 3671 4863 τίς
3706 4801 3729 4850 ὁ

2202 4901 2567 4956 ἁντιπαλαίων
2608 4901 2640 4973 ἢ
2687 4899 3203 4971 ἀντιδιατιθέμενοςς
3257 4900 3469 4961 πάντως
3509 4897 3539 4967 ἦ
3582 4891 3729 4952 οὐδεὶς

2201 4991 2350 5046 ἔσται
2377 4993 2408 5064 ἢ
2441 4995 2535 5048 καὶ
2559 4989 2712 5058 οὗτος
2740 4993 2847 5048 τῶν
2873 4990 3354 5062 κατεγνωσμένων.

521 5092 629 5149 que
670 5079 841 5135 verbo
879 5079 1087 5150 potenti
1135 5078 1260 5149 quis
1312 5079 1544 5134 obsistet
1575 5086 1669 5133 aut
1706 5079 2054 5138 adversarius
2080 5087 2284 5142 stabit?
2308 5089 2556 5148 Profecto
2591 5101 2684 5145 aut
2716 5089 2897 5144 nullus
2929 5098 3022 5144 aut
3049 5088 3095 5144 si
3126 5087 3251 5158 quis
3273 5095 3358 5141 est
3386 5100 3416 5140 c
3441 5082 3722 5139 condemna-

524 5169 600 5227 tis
626 5169 718 5226 ille
755 5169 1102 5227 adversarius
1128 5169 1251 5226 erit.

601 5301 715 5374 (82)
744 5299 1058 5374 QPd-jrﬂtc.

601 5367 715 5444 (83)
753 5369 852 5444 Sic
883 5367 1219 5444 ῊιξινιιίιιεεΔ
1244 5367 1641 5444 είξεεηιηιμεεε
1661 5372 1902 5444 nisibus.
1935 5374 2094 5444 quod.

527 5439 730 5514 tutique
766 5441 1008 5514 infundis
1050 5440 1242 5514 acescit
1271 5439 1481 5514 _(_Epist.
1527 5442 1576 5514 l_,
1613 5440 1670 5502 2.
1704 5441 1814 5513 54).
1848 5443 1911 5498 Et

533 5581 733 5640 novum
775 5582 830 5636 in
864 5593 1078 5636 veteres
1112 5589 1262 5636 utres
1293 5581 1559 5637 mittatur.
1601 5581 1842 5640 BILLIUS.

529 5457 730 5514 cunque
766 5445 1008 5508 infundis
1050 5445 1242 5494 acescit
1283 5445 1481 5510 (Epist.
1527 5445 1576 5504 Ι,
1613 5445 1670 5502 2.
1704 5445 1814 5513 54).
1848 5445 1911 5498 Ει
1939 5445 2102 5498 Chri-

529 5523 652 5572 stus
683 5515 799 5583 ipse
846 5513 900 5569 in
917 5510 1209 5579 Evangelia
1239 5508 1455 5583 (Matth.
1489 5511 1565 5583 ιι)
1602 5520 1791 5583 vetat,
1824 5529 1894 5569 ne
1914 5515 2102 5570 vinum

2200 5306 2320 5378 Θεῷ
2337 5325 2354 5338 '
2383 5307 2539 5363 τοῦτο
2560 5308 2670 5379 γάρ
2705 5305 2948 5379 εστι-τὸ,Δ
2964 5303 3098 5359 Θεοῦ
3120 5304 3175 5379 δὲ
3207 5301 3389 5357 πλεῖον
3411 5300 3587 5379 tam;
3610 5292 3726 5378 παρὸ

2201 5373 2544 5463 πρὸστςξττίῃς
2573 5373 2738 5450 ’παρὸ
2764 5376 2966 5450 δηλαδὴ
3003 5377 3306 5447 παρίστασο
3339 5374 3434 5427 καὶ
3464 5373 3725 5438 ὑπερμάχει

2199 5450 2362 5503 αὑτοῦ
2395 5452 2453 5503 ὲν
2483 5450 2680 5518 λόγοις.

2271 5519 2382 5592 (85)
2414 5520 2548 5576 Cod.
2587 5519 2694 5590 χρῆ
2719 5516 2796 5588 τῷ
2820 5515 2870 5571 θ.
2902 5525 2956 5592 et
2986 5531 3149 5592 supra
3179 5515 3210 5585 ἦ
3238 5513 3664 5592 scriptumsakm

2293 5521 2382 5590 85)
2414 5521 2548 5576 Cod.
2587 5521 2694 5590 χρῆ
2719 5521 2796 5588 τῷ
2820 5521 2870 5571 θ.
2902 5525 2956 5571 et
2986 5531 3149 5585 supra
3179 5521 3210 5585 ἦ
3238 5521 3496 5584 scriptum
3524 5527 3614 5588 var.
3654 5573 3664 5584 .

2271 5521 2384 5660 $86)
2418 5592 2857 5662 Παραστήσεται,
2881 5587 2962 5644 sic
2985 5589 3146 5662 etiam
3172 5587 3296 5640 cod.
3321 5576 3723 5662 Sirletti;_BIllius

604 5653 716 5733 (84)
742 5651 876 5733 ςοά.
910 5650 1254 5733 προστάττει.
1289 5650 1677 5733 Βαείι.ῼπλεζ-ον.
1705 5648 1890 5733 Yenet.
1920 5656 2086 5733 πλεῖοι

2203 5642 2822 5733 ῐηιίνιιίίπεριστήσεται
2847 5642 3021 5725 atque
3041 5656 3284 5711 Nicetam
3309 5642 3580 5733 vituperat.
3601 5642 3719 5733 quod

532 5724 722 5804 ξξέχου
762 5725 794 5794 ἢ
827 5719 1159 5804 προστάττῃ.
1189 5719 1428 5804 Zonaras
1458 5722 1550 5804 fol.
1583 5723 1697 5804 7_v.‘
1718 5725 1902 5804 éﬁzixou
1929 5725 1986 5804 δὲ
2007 5727 2086 5804 κατ

2211 5747 2318 5785 non
2373 5719 2519 5788 satis.
2555 5719 2837 5804 perspicue
2869 5719 3125 5798 exponat,
3180 5739 3301 5796 quae
3346 5719 3588 5781 sit'mens
3612 5719 3721 5773 Gre-

535 5781 802 5865 ὲξήῖιτησό
825 5781 928 5865 τὸὖλ
959 5781 1420 5865 Θεούξ’πεποιθῲς
1453 5794 1587 5865 μήτε
1619 5794 1708 5846 ἐπὶ
1740 5781 1912 5860 λόγων
1938 5795 2096 5849 δυνά-

538 5861 648 5937 μει,
683 5861 819 5937 μήτε
852 5861 937 5919 ἰπ⁵
965 5862 1320 5934 εὐγλωττίᾳῆ
1354 5862 1439 5918 ἐπ’
1468 5861 1610 5935 ἄλλῳ
1634 5865 1738 5918 τινὶ
1771 5865 1804 5936 ἧ
1831 5865 1922 5922 ἐπὶ
1953 5865 2097 5936 μόνῳ

2207 5804 2318 5871 gori
2329 5804 2362 5857 i.
