3814 6536
34 423 116 479 r3
982 411 1050 468 IN
1091 413 1413 470 CARMIMA
1453 391 1730 472 ARCANA
1771 414 1830 472 ε.
1872 413 2227 472 anncouu.

29 539 83 594 i3
108 535 164 589 Ἡ
186 528 262 601 μὴ
283 524 612 595 διδάσκειν,
647 525 686 597 ἢ
713 525 1032 585 διδάσκειν
1053 525 1133 596 τῷ
1164 530 1379 599 τρόπῳ.

84 621 240 680 Καλὸν
278 623 310 691 ὴ
366 620 568 693 σιωπὴ,
618 621 783 692 φησιν
813 623 841 674 ὁ
870 621 1012 686 θεῖος
1044 621 1384 688 διδάσκαλος,
1412 622 1570 695 δῆλον

24 722 90 774 ὅτι
114 718 213 778 τοῖς
239 711 560 784 ἀρχομένοις
587 711 938 778 ἐξασκεῖσθαι
961 713 1062 784 τὴν
1090 713 1311 786 ἀρετὴν,
1333 716 1428 768 καὶ
1459 715 1568 787 μή·

23 831 94 869 πω
110 808 293 879 ταύτην
309 804 582 860 διδάσκειν
608 805 967 878 κεκλημένοις
991 822 1005 837 ο
1032 807 1081 859 εί
1103 805 1158 859 δὲ
1181 807 1275 861 καὶ
1294 805 1584 860 διδάσκεινι

21 903 262 978 ἐρωτικῶς
299 899 512 970 ἔχουσιν
551 893 698 952 οὗτοι
719 939 734 964 ,
792 899 870 970 τῷ
907 899 1094 971 τρόπῳ
1128 900 1326 971 μᾶλλον
1364 901 1458 954 καὶ
1500 904 1565 973 τῇ

19 995 312 1054 καταστάσει
352 993 450 1062 τῆς
480 991 608 1046 κατ’
645 992 843 1056 αὐτοὺς
894 992 1169 1056 πολιτείας
1206 993 1304 1064 τὴν
1347 993 1570 1065 διδαχὴν

17 1082 463 1142 ὲπιδεικνύτωσαν.
514 1085 669 1136 Δυοῖν
711 1083 821 1153 γὰρ
857 1082 1057 1157 χειρῶν
1091 1082 1282 1150 ὄντων,
1326 1083 1439 1154 βίου
1474 1085 1568 1138 καὶ

19 1176 170 1244 λόγου,
199 1175 256 1228 οὐ
277 1173 482 1227 δίκαιον
508 1172 618 1226 οὐδ’
637 1173 856 1237 εὗσεδές
892 1173 958 1228 ἂν
981 1173 1066 1245 εἴη
1091 1176 1155 1246 τῇ
1186 1176 1285 1246 μιᾷ
1303 1175 1400 1246 μὲν
1424 1174 1568 1246 χειρὶ

15 1274 119 1336 τοὺς
150 1267 513 1340 μανθάνοντας
545 1266 899 1336 ἐφέλκεσθαι,
963 1269 1028 1339 τῇ
1066 1267 1230 1340 ἑτέρᾳ
1259 1268 1316 1321 δὲ
1345 1267 1568 1331 τούτους

15 1359 317 1419 ἀπωθεῖσθαι
346 1378 360 1393 ο
389 1360 476 1414 διὰ
500 1359 593 1414 τοῦ
625 1358 740 1430 βίου
773 1359 872 1432 μὲν
902 1360 1208 1432 προτείνειν
1239 1360 1564 1433 ἀμώμητον,

15 1461 142 1527 λόγον
164 1457 216 1510 δὲ
249 1454 545 1528 μωμητόν·
667 1455 812 1526 λόγῳ
846 1455 945 1526 μὲν
979 1454 1129 1508 εύθεῖ
1163 1455 1255 1509 καὶ
1285 1454 1566 1526 όρθοτὸμῳ

15 1551 235 1624 χρῆσθαι,
268 1548 369 1622 βίῳ
405 1548 463 1602 δὲ
502 1547 862 1621 ῥυπαίνεσθαι
906 1548 1126 1620 ἀνάγνῳ
1155 1547 1248 1602 καὶ
1281 1546 1562 1620 μοχθηρῷ.

15 1645 100 1697 Καὶ
136 1642 238 1712 γὰρ
283 1642 577 1712 κράτιστον
621 1639 722 1710 μὲν
766 1639 1097 1711 ἀμιεοτέροις
1126 1639 1466 1710 εὐδοκιμεῖν·
1515 1638 1565 1691 εί

15 1735 44 1788 5’
68 1734 248 1802 ἀμφοῖν
273 1731 576 1803 ἀμήχανον,
598 1731 698 1801 τῆς
725 1729 866 1783 κατὰ
891 1729 1090 1800 πρᾶξιν
1117 1728 1212 1782 κα)⁸
1239 1727 1354 1800 βίον
1377 1727 1574 1798 σεμνόσ-

15 1844 143 1898 ιητος
180 1824 378 1896 μᾶλλον
412 1823 791 1894 ἐπιμελητέον,
839 1822 932 1875 καὶ
971 1820 1143 1892 ταύτῃ
1192 1820 1288 1874 τοῦ
1314 1818 1474 1890 λόγου
1504 1818 1566 1873 τὸ

15 1923 161 1972 λεῖπον
189 1915 631 1988 ἀναπληρωτέον.
677 1915 766 1978 Ὠς
810 1914 920 1986 γὰρ
962 1914 992 1966 δ
1045 1913 1337 1985 ζωγράφος
1380 1913 1441 1965 οὐ
1474 1929 1564 1965 το-

15 2013 185 2074 ιοῦτον,
217 2011 374 2080 φησί,
404 2012 519 2073 τοῖς
547 2007 727 2076 λόγοις
754 2007 878 2061 ὅσον
907 2007 1023 2070 τοῖς
1055 2004 1423 2076 ὑποδείγμασι
1454 2003 1564 2057 τῶν

15 2103 296 2177 ἱρχετύπων
327 2103 454 2166 τοὺς
491 2102 584 2156 ύπῗ
628 2099 779 2171 αὐτῷ
830 2099 930 2171 τὴν
956 2099 1236 2172 γραφικὴν
1267 2096 1564 2170 μανθάνον-

15 2215 84 2262 τας
113 2196 334 2267 ὠφελεῖ,
383 2196 556 2259 οὕτως
595 2196 644 2248 οἱ
672 2193 763 2249 τὸν
797 2194 1007 2266 μονήρη
1035 2191 1149 2264 βίον
1183 2192 1243 2246 ἐν
1276 2191 1563 2264 ἀμωμήτῳ

15 2291 172 2364 πράξει
199 2289 621 2362 κατορθοῦντες,
642 2289 700 2342 ἐν
723 2286 898 2358 τούτῳ
925 2286 1127 2358 μᾶλλον
1151 2285 1562 2356 οίκοδομοῦντες

15 2385 106 2448 τοὺς
141 2379 486 2451 ἐγγίζοντας,
534 2372 698 2452 ἦττον
736 2378 831 2433 τοῦ
874 2377 1034 2448 λόγου
1077 2376 1177 2449 τῆς
1212 2376 1561 2441 διδασκαλίας

15 2476 288 2530 ἐπιδέονται.

15 2571 59 2626 17
87 2570 238 2639 Ὑμῖν
256 2569 431 2638 ..λέγω
463 2566 731 2636 μάλιστα
757 2566 882 2633 τοῖς
910 2564 1019 2622 τοῦ
1039 2563 1338 2637 βήματος,

15 2643 59 2697 l8
95 2641 422 2711 Ὀφθαλμὸν
443 2639 597 2696 εἶναι
625 2639 710 2710 μὴ
734 2641 998 2706 σκότους
1035 2639 1494 2709 πεπλησμένον.

69 2733 235 2804 Ὑμεῖς
268 2735 320 2786 οἱ
368 2733 495 2805 περὶ
521 2731 583 2785 τὸ
623 2731 778 2802 βῆμα
821 2729 917 2784 καλ⁵
946 2728 1045 2802 τὴν
1085 2729 1239 2802 ίεράν
1271 2729 1556 2800 τράπεζαν

15 2829 194 2892 ἑαυτοὺς
218 2825 572 2900 παρενείρειν
600 2826 696 2878 καὶ¹
727 2823 979 2878 είσωθεῖν
1003 2827 1071 2879 ἐκ
1107 2823 1414 2894 φιλοδοξίας
1462 2823 1557 2877 καὶ

15 2921 256 2993 ριλαρχίας
291 2919 636 2991 βιαζόμενοι,
684 2917 794 2973 τῶν
835 2917 930 2971 τοῦ
970 2917 1211 2989 μεγάλου
1254 2918 1556 2989 ἀρχιερέως

15 3013 288 3078 ινωτίζεσθε
336 3012 534 3084 φωνῶν
554 3029 568 3044 ·
611 3015 741 3084 ὑμῖν
767 3013 881 3076 τοῖς
909 3010 1019 3065 τῶν
1055 3011 1216 3081 ἱερῶν
1255 3010 1401 3062 λαῶν
1429 3011 1552 3061 ἐπι-

15 3107 192 3172 mitam;
227 3105 328 3178 τὴν
385 3105 709 3178 παραίνεσιν
752 3105 958 3174 ταύτην
1011 3103 1447 3173 ἐπιφθέγγομαι·
1478 3100 1553 3172 μὴ

15 3201 230 3271 ἓφθαλμοὶ
251 3199 634 3271 πεπλησμένοι
656 3199 903 3262 σκότους,
921 3197 1059 3252 ἀλλά
1088 3197 1318 3267 πλήρεις
1335 3194 1551 3263 γίνεσθε

15 3296 176 3362 ρωτόςο
222 3295 302 3366 μὴ
335 3293 552 3357 ἀδικίας
579 3292 613 3364 ἢ
664 3292 889 3362 ἀγνοίας
918 3290 952 3361 ἢ
992 3289 1271 3353 ἀσεϐείας,
1303 3288 1441 3342 ἀλλά
1471 3288 1556 3340 διο

15 3389 254 3461 ιαιοσύνης
285 3389 388 3442 καὶ
410 3387 669 3456 γνώσεως
696 3375 795 3440 καὶ
824 3383 1110 3446 εὐσεϐείας
1144 3383 1429 3453 ἀρχέτυπα
1464 3398 1556 3450 γε-

15 3485 195 3554 οηθητεο
241 3483 464 3556 ἀνάγκη
509 3481 619 3554 γὰρ
653 3482 781 3544 τοὺς
820 3481 926 3534 ὑπὸ
972 3482 1132 3552 χεῖρα
1185 3478 1368 3541 λαοὺς,
1419 3477 1556 3549 πρὸς

15 3577 120 3645 ipa;
147 3575 473 3648 ἀφορῶντας
502 3573 635 3645 (87),
669 3567 727 3626 εὖ
758 3589 819 3624 τε
859 3571 954 3624 καὶ
987 3569 1061 3634 ὼς
1093 3569 1297 3640 ἑτέρως
1331 3568 1555 3638 ἔχοντας

16 3667 431 3740 ςξομοιοῦσθαιτῇ
468 3667 730 3739 μιμήσει·
763 3666 923 3737 ὑμεῖς
953 3663 1062 3734 γάρ
1091 3665 1218 3717 ἐστε
1241 3662 1434 3733 λύχνος
1456 3662 1553 3715 τοῦ

15 3759 217 3831 σώματος
249 3760 348 3833 τῆς
393 3758 746 3830 Ἐκκλησίας.
793 3756 1008 3827 Ὥσπερ
1040 3751 1133 3808 οὖν
1167 3753 1324 3825 ὑμῶν
1365 3745 1555 3806 ἁπλῶν

15 3851 161 3914 ὶντων,
199 3853 292 3906 καὶ
332 3850 669 3921 ιρωτοειδῶν,
715 3850 811 3904 καὶ
839 3847 1097 3919 καθαρῶν
1133 3845 1293 3912 ὅλων,
1325 3847 1384 3899 ἐν
1415 3846 1555 3914 φωτὶ

15 3945 47 3997 τὸ
79 3946 225 4017 σῶμα
258 3945 557 4018 πορεύεται
594 3945 688 3998 καὶ
719 3941 1045 3996 κατευθύνει
1071 3940 1173 4011 τὴν
1206 3938 1324 3992 ὁδὸν
1347 3936 1514 3992 αὐτοῦ
1537 3953 1551 3969 ·

15 4035 144 4102 vim;
169 4039 408 4110 ἔμπαλιν
457 4037 624 4107 ζόφου
660 4035 938 4105 ἀγνωσίας
975 4033 1068 4087 καὶ
1117 4031 1394 4104 ἁμαρτίας
1423 4032 1556 4085 ὑπο-

15 4130 254 4201 ιειμένων,
291 4129 618 4200 αἰτιάμασιν
645 4127 741 4198 ὅλη
771 4126 956 4190 κακῶς
995 4125 1195 4195 πάσχει
1243 4122 1338 4176 καὶ
1387 4139 1556 4193 πονη-

15 4222 189 4276 >εύεται
228 4221 554 4294 Ἐκκλησία.
593 4221 764 4292 Εἴπερ
803 4214 917 4283 οὖν,
952 4217 1140 4289 φησὶν,
1187 4218 1215 4269 ό
1247 4215 1364 4286 φῶς
1410 4209 1554 4269 εἶναι

15 4317 140 4371 οκῶν
168 4319 259 4373 καὶ
274 4317 559 4389 ὀφθαλμὸς
586 4315 696 4369 τῶν
724 4314 828 4367 ὑπὸ
851 4315 1006 4385 χεῖρα
1028 4313 1268 4374 πάντων,
1295 4312 1352 4364 ἐν
1378 4310 1555 4381 σκότῳ

15 4408 278 4479 ιορεύεται,
315 4408 482 4473 αὐτὸς
511 4411 538 4463 ὁ
573 4407 658 4461 ἀεὶ
680 4407 791 4470 τοῖς
821 4405 1012 4468 κακοῖς
1037 4402 1392 4474 ἐνισχημένος
1422 4402 1551 4467 λαὸς

15 4499 122 4573 τόσῳ
155 4501 353 4573 μᾶλλον
379 4503 447 4573 τῇ
474 4502 644 4573 κακίᾳ
669 4495 1226 4570 κατακρατηθήσεται
1250 4512 1264 4562 ;

15 4595 42 4646 ll
85 4595 356 4662 Ἀετίων-ον
374 4591 555 4664 ἔργον
575 4593 865 4662 κρεῖσσον
880 4587 1189 4659 ἀπράκτου
1206 4587 1394 4659 λόγου
1414 4587 1549 4656 (88).

49 4686 339 4741 Κάλλιστον
372 4684 492 4758 μὲν,
543 4684 706 4756 φησὶν
747 4684 776 4736 ό
810 4679 1355 4754 ἱεροφαντικώτατος,
1387 4678 1464 4750 τῷ
1489 4693 1549 4732 τε

15 4779 112 4850 όγῳ
141 4780 233 4834 καὶ
264 4779 369 4850 βίῳ
398 4777 489 4832 τὸν
527 4777 853 4850 Ἐκκλησίας
875 4773 1042 4840 ἀξίως
1067 4774 1396 4846 προστατεῖν
1437 4771 1555 4843 βου-

15 4873 190 4944 όμενον
213 4871 742 4946 προκατωρθῶσθαι·
757 4869 850 4923 τοῦ
869 4869 985 4932 ἐνὸς
997 4867 1053 4921 δὲ
1069 4867 1276 4921 τούτων
1294 4868 1419 4920 ὑστε
1431 4865 1555 4937 ρού-

15 4983 153 5030 .ενον,
184 4968 445 5038 κρεῖσσον
469 4963 534 5018 ἂν
560 4961 648 5033 εἴη
673 4959 768 5024 καὶ
789 4957 1228 5030 λυσιτελέστερον
1255 4959 1321 5028 τῇ
1349 4955 1548 5026 πράξει

16 5058 71 5127 ἦς
91 5046 287 5130 ἀρετῆς
311 5057 413 5111 καὶ
444 5055 520 5127 τῷ
564 5053 665 5126 βίῳ
691 5051 847 5125 εμετά
875 5049 1145 5113 ἰδιωτείας
1180 5049 1276 5102 κα)⁸
1300 5046 1549 5118 ἀφωνίας

15 5149 126 5217 ὁγου
147 5151 350 5220 μᾶλλον
369 5149 697 5220 εὐδοκιμεῖν,
712 5147 746 5220 ἢ
764 5145 910 5216 λόγῳ
925 5142 1065 5216 ψιλῷ
1083 5143 1177 5197 καὶ
1195 5141 1431 5212 ἀκάρπῳ
1455 5139 1549 5192 καὶ

18 5244 231 5314 πράκτῳ
256 5243 565 5316 χρώμενον,
601 5241 729 5313 εἰκῆ
763 5238 1269 5312 μεγαλορῤημονεῖν
1292 5235 1385 5288 καὶ
1406 5232 1549 5287 διδά-

15 5349 117 5386 κειν
138 5333 333 5397 ἄλλους
360 5330 791 5403 ὑπολαμϐάνειν,
825 5329 969 5401 ἅπερ
999 5328 1058 5381 οὺ
1079 5325 1338 5397 δέδρακεν
1361 5322 1543 5386 αὐτός.

16 5418 122 5482 ’ίνος
157 5420 388 5486 ’ἑνεκεν;
423 5420 547 5475 Ὀτι
601 5420 718 5491 βίου
777 5419 877 5490 μέν
921 5418 1092 5490 χωρὶς
1122 5417 1216 5470 τοῦ
1264 5415 1406 5470 κατά
1447 5415 1546 5486 τὴν

19 5513 162 5579 ράξιν
186 5515 290 5584 τῆς
321 5515 542 5585 ἐντολῆς
575 5513 798 5582 καὶτῆς
835 5511 1035 5583 ἀρετῆς
1080 5508 1254 5572 οὐδεὶς
1306 5507 1413 5561 ἀπὸ
1453 5506 1546 5560 τοῦ

15 5607 154 5673 ίῶνος
196 5611 428 5682 ὑψηλὸς,
474 5609 650 5672 οὐδεὶς
687 5606 948 5675 ἐδοξάσθη
985 5602 1313 5670 ὡςέγγίσας
1357 5600 1547 5672 Κυρίῳ

15 5701 61 5754 xl.
83 5705 374 5773 ἁγιασθεὶς
394 5722 406 5735 ·
436 5703 531 5758 τοῦ
555 5700 757 5774 σεμνοῦ
782 5699 839 5755 δὲ
868 5698 1030 5770 λόγου
1065 5697 1158 5750 καὶ
1173 5696 1424 5768 τερπνῶς
1453 5695 1546 5749 καὶ

34 5885 140 5953 (87)
175 5885 312 5940 Cod.
349 5885 694 5956 ἀφορῶντιας.

3155 416 3263 474 798

1674 533 1740 588 15
1792 532 1880 587 γει
1901 549 2004 587 non
2034 532 2163 588 doce
2200 532 2278 586 vel
2317 531 2445 587 doce
2471 531 2732 597 moribus.
2758 541 2865 589 etc.

1739 624 1952 680 Bonum
1989 626 2296 690 silentium,
2338 625 2477 680 dicit
2519 623 2743 681 divinus
2790 625 3070 697 Magister,
3114 631 3265 696 patet

1669 716 1815 788 quod
1861 717 2251 788 incipientibus
2284 731 2344 772 se
2379 731 2636 772 exercere
2670 717 2737 772 ad
2770 717 3025 772 virtutem
3054 726 3112 772 et
3150 731 3262 772 non

1668 813 1888 867 vocatis-
1916 811 1983 866 ad
2019 812 2195 882 ipsam
2222 808 2528 866 docendam
2550 826 2576 876 ;-
2598 817 2653 864 et
2686 810 2740 864 si.
2763 809 2996 864 docendi
3017 823 3262 864 amorem

1669 905 1762 958 isti
1794 903 2054 970 habeant,
2089 903 2340 959 moribus
2371 902 2559 974 potius
2601 911 2656 956 et
2689 901 3036 956 institutione
3064 899 3261 974 agendi

1669 997 1903 1052 rationis
1960 995 2359 1051 documentum
2411 995 2769 1050 ostendant:
2823 993 3060 1048 duarum
3113 994 3260 1050 enim

1669 1106 1931 1145 manuum
1970 1092 2146 1146 instar
2186 1090 2331 1145 datis
2361 1089 2472 1144 vita
2503 1097 2558 1144 et
2603 1101 2880 1151 sermone,
2917 1101 3020 1141 nec
3044 1087 3260 1155 justum

1669 1196 1773 1236 nec
1805 1183 1953 1252 pium
1989 1193 2137 1238 esset
2168 1182 2347 1236 siuna
2380 1197 2545 1236 manu
2579 1181 2858 1236 discentes
2885 1179 3259 1242 traherentur,

1668 1275 1848 1328 altera
1897 1288 2028 1329 vero
2087 1276 2491 1344 repellerentur
2525 1291 2552 1341 ;-
2586 1274 2633 1330 si
2682 1288 2779 1343 per
2826 1273 2992 1326 vitam
3034 1270 3269 1341 quidem

1669 1374 2071 1438 proponeretur
2118 1366 2627 1438 irreprehensibile,
2679 1378 2937 1420 sermone
2984 1377 3114 1418 vero
3168 1377 3271 1416 re-

1667 1459 2034 1528 prehensione
2085 1459 2356 1528 dignum;
2408 1463 2504 1512 aut
2545 1471 2800 1513 sermone
2835 1463 2986 1510 recto
3026 1461 3081 1508 et
3124 1465 3263 1508 sano

1667 1549 1924 1617 polleres,
1977 1550 2088 1604 vita
2119 1563 2262 1604 vero
2292 1547 2658 1603 maculareris
2693 1561 2802 1601 non
2856 1555 3007 1600 casta
3049 1551 3103 1598 et
3135 1558 3263 1614 per-

1666 1655 1864 1696 versa:
1897 1641 2102 1696 etenim
2143 1655 2421 1696 summum
2451 1647 2537 1694 est
2579 1638 2849 1694 ambobus
2886 1646 3175 1708 praestare;
3211 1634 3261 1690 si

1668 1735 1937 1791 ambobus
1966 1732 2602 1806 prmstare'impossibile
2623 1733 2729 1798 sit,
2762 1727 3026 1802 gravitati
3057 1744 3254 1784 secun-

1666 1829 1797 1884 dum
1847 1831 2061 1900 praxim
2099 1837 2156 1886 et
2185 1829 2350 1883 vitam
2394 1830 2569 1897 magis
2620 1825 2928 1881 curandum
2959 1839 3058 1895 per
3089 1839 3256 1894 quam

1665 1923 1908 1978 sermoni
1933 1922 2301 1994 supplendum
2333 1936 2430 1991 pro
2451 1921 2684 1988 reliquo.
2715 1916 2869 1972 Sicut
2899 1919 3044 1972 enim
3078 1917 3262 1987 pit-tot.

1663 2028 1775 2069 non
1811 2021 2048 2078 tantum,
2096 2013 2298 2084 inquit,
2333 2027 2432 2082 per
2468 2025 2756 2068 sermones
2811 2025 2974 2079 quam
3022 2024 3118 2079 per
3161 2023 3254 2061 ar-

1663 2108 2022 2179 chetyporum
2051 2106 2389 2178 exemplaria
2428 2105 2721 2174 discipulis
2774 2104 2893 2158 suis
2935 2103 2992 2156 in
3037 2101 3256 2172 pictura

1661 2203 1916 2268 inservit,
1938 2203 2020 2258 sic
2036 2202 2380 2258 eremiticam
2403 2201 2573 2255 vitam
2601 2194 3074 2269 irreprehensibili
3095 2193 3253 2265 praxi

1661 2295 1963 2367 dirigentes
2011 2310 2077 2350 eo
2128 2295 2303 2365 magis
2353 2292 2479 2348 illos
2533 2293 2628 2362 qui
2675 2291 2814 2361 ipsis
2871 2288 3254 2362 approximant

1660 2387 1930 2444 aediﬁcant
1954 2389 2255 2458 minusque
2281 2385 2632 2441 documentis
2660 2399 2756 2454 per
2787 2383 2953 2438 verba
2984 2379 3252 2449 indigent:

1661 2570 1729 2625 17
1777 2567 1933 2624 Vobis
1960 2567 2080 2638 dico
2119 2567 2368 2629 maxime,
2395 2567 2484 2638 qui
2513 2563 2838 2638 praesidetis,

1660 2641 1728 2695 18
1768 2639 1892 2694 Νοη
1921 2636 2040 2694 sitis
2070 2640 2256 2693 oculus
2289 2635 2624 2692 tenebrarum
2661 2635 2883 2704 plenus.

1730 2731 1842 2788 Vos
1887 2731 1982 2802 qui
2021 2731 2090 2786 ad
2135 2731 2456 2790 cathedram
2505 2737 2561 2786 et
2610 2729 2677 2784 ad
2723 2735 2971 2784 sanetam
3005 2738 3254 2782 mensam

1658 2827 2025 2896 vosmetipsos
2059 2825 2347 2880 insinuare
2371 2831 2426 2879 et
2457 2823 2763 2894 provehere
2792 2836 2904 2892 prae
2935 2820 3175 2876 elatione
3200 2830 3256 2875 et

1657 2919 1953 2974 ambitione
1973 2917 2272 2980 conamini,
2293 2917 2472 2986 magni
2492 2927 2542 2972 et
2564 2915 2763 2971 summi
2788 2913 3092 2969 sacerdous
3144 2929 3248 2967 au-

1655 3013 1766 3068 dite
1801 3027 1984 3067 voces.
2034 3009 2206 3066 Vobis
2261 3018 2578 3065 sanctorum
2629 3008 2953 3078 populorum
2977 3006 3256 3076 episcopis

1656 3105 2092 3160 exhortationem
2121 3103 2280 3158 istam
2311 3103 2577 3171 pandam;
2599 3117 2666 3156 ne
2691 3101 2816 3157 sitis
2845 3099 2991 3153 oeuli
3013 3100 3257 3154 tenebris

1657 3197 1866 3262 referti,
1909 3197 2006 3253 sed
2055 3196 2264 3252 lumine
2299 3195 2450 3266 pleni
2497 3195 2677 3263 ﬁatis;
2732 3209 2801 3248 ne
2831 3192 3126 3262 injustitia:
3160 3199 3256 3245 aut

1659 3290 2046 3362 imprudentia:
2073 3299 2167 3343 aut
2206 3287 2532 3358 impietatis,
2574 3285 2670 3341 sed
2703 3284 2941 3356 justitia:
2976 3291 3033 3338 et
3073 3281 3256 3338 scien-

1657 3385 1746 3439 tia:
1791 3391 1848 3439 et
1883 3382 2106 3454 pietatis
2161 3382 2462 3453 archetypa
2501 3379 2683 3445 ﬁatis;
2717 3393 2946 3433 necesse
2991 3383 3077 3432 est
3107 3375 3254 3430 enim

1658 3486 1718 3534 ut
1766 3478 1952 3549 populi
1988 3477 2084 3549 qui
2127 3476 2234 3532 sub
2281 3492 2448 3530 manu
2478 3483 2660 3531 vestra
2709 3483 2841 3530 sunt
2872 3488 2967 3528 vos
3000 3471 3257 3526 conside-

1658 3579 1783 3624 rent
1811 3579 1975 3641 atque
2003 3569 2163 3639 quasi
2194 3568 2352 3623 vobis
2379 3568 2540 3637 longe
2586 3567 2710 3621 aliis
2742 3565 2952 3621 similes
2984 3563 3116 3617 [iant
3158 3577 3258 3631 per

1657 3665 2046 3721 imitationem.
2109 3662 2258 3718 Estis
2305 3662 2452 3717 enim
2499 3661 2591 3714 lux
2651 3652 2903 3728 corpOris
2967 3655 3252 3711 Ecclesiae.

1660 3759 1815 3815 Sicut
1855 3773 1986 3830 ergo
2033 3756 2191 3812 vobis
2238 3753 2581 3824 simplicibus
2614 3760 2669 3807 et
2719 3749 3032 3806 lucentibus
3077 3756 3131 3803 et
3185 3747 3255 3804 de

1659 3862 1776 3910 toto
1824 3852 1974 3925 puris
2051 3853 2107 3907 in
2162 3851 2371 3906 lumine
2431 3865 2634 3919 corpus
2689 3847 2940 3919 graditur
2987 3855 3040 3902 et
3094 3861 3252 3900 suam

1656 3947 1803 3999 viam
1871 3944 2096 4015 dirigit,
2148 3944 2224 3997 ita
2268 3959 2298 3999 e
2335 3950 2526 3996 contra
2579 3940 2736 3996 vobis
2781 3940 2836 3994 in
2897 3939 3250 3996 tenebrarum

1659 4037 1982 4107 ignorantiae
2035 4043 2091 4092 et
2151 4035 2359 4106 peccati
2409 4034 2725 4105 jacentibus
2773 4033 3085 4102 vituperio,
3139 4044 3251 4090 tota

1657 4130 1800 4186 male
1836 4129 2044 4201 patitur
2077 4144 2140 4183 ac
2187 4130 2418 4184 moleste
2449 4126 2553 4182 fert
2591 4127 2854 4182 Ecclesia.
2888 4126 2944 4182 Si
2980 4143 3131 4198 ergo,
3166 4129 3251 4183 in-

1656 4222 1795 4292 quit,
1831 4222 1926 4292 qui
1970 4221 2062 4276 lux
2112 4227 2167 4276 et
2214 4219 2409 4275 oculus
2456 4233 2582 4274 esse
2617 4219 2832 4273 videtur
2864 4220 3110 4274 omnium
3153 4222 3246 4290 qui

1657 4317 1760 4371 sub
1809 4332 1973 4370 manu
2005 4315 2126 4385 eius
2162 4321 2312 4381 sunt,
2341 4313 2394 4368 in
2434 4313 2678 4368 tenebris
2710 4313 2977 4376 ambulat.
3019 4313 3123 4370 iste
3153 4316 3247 4385 qui

1657 4423 1875 4479 semper
1907 4408 2072 4464 malis
2110 4416 2196 4464 est
2239 4409 2534 4467 obvolutus
2573 4410 2812 4482 populus
2836 4420 3042 4482 quanto
3073 4416 3248 4484 magis

1658 4516 1688 4554 a
1721 4501 1929 4556 malitia
1959 4501 2360 4556 dominabitur.

1656 4591 1722 4646 9!
1770 4592 1913 4662 Opus
1936 4595 2047 4648 sine
2074 4593 2226 4649 verba
2247 4602 2469 4664 praestat
2509 4596 2660 4650 verbo
2683 4595 2795 4650 sine
2819 4613 2990 4666 opere,
3020 4605 3126 4653 etc.

1729 4684 2194 4750 Pulcherrimum,
2253 4685 2432 4757 inquit
2483 4687 2704 4743 divinus
2736 4699 2788 4742 et
2827 4689 3028 4760 dignus
3074 4702 3244 4750 vates.

1661 4787 1714 4832 et
1747 4778 1914 4833 verbo
1945 4787 1999 4832 et
2038 4778 2146 4834 vita
2197 4779 2434 4849 primum
2481 4781 2793 4848 praecellere
2841 4796 2964 4837 eum
3010 4783 3102 4853 qui
3140 4779 3244 4837 Ec-

1660 4869 1843 4924 clesiae
1875 4870 2037 4940 digne
2077 4869 2193 4923 vult
2241 4886 2510 4940 praeesse;
2563 4872 2656 4926 sed
2694 4871 2864 4926 altero
2913 4872 3106 4928 horum
3152 4891 3246 4929 ca-

1659 4974 1866 5016 rentem
1901 4961 2096 5016 melius
2142 4969 2289 5017 esset
2320 4970 2374 5016 et
2406 4963 2600 5018 utilius
2637 4978 2733 5034 per
2774 4965 2992 5020 virtutis
3030 4967 3244 5036 praxim

1656 5061 1712 5108 et
1736 5053 1923 5121 vitam,
1953 5070 2078 5108 cum
2125 5053 2436 5126 ignorantia
2469 5063 2524 5110 et
2565 5055 2713 5110 verbi
2751 5056 3112 5126 incapaeitatc
3152 5073 3245 5114 no-

1657 5161 1781 5200 men
1816 5144 2016 5201 habere
2047 5146 2248 5200 bonum
2283 5162 2447 5217 quam
2498 5163 2745 5204 sermone
2787 5149 3023 5220 eleganti
3073 5162 3127 5206 et
3159 5152 3244 5207 in-

1657 5239 1940 5297 fructuosa
1985 5249 2040 5297 et
2089 5239 2351 5296 inefﬁcaci
2407 5249 2652 5296 utentem
2719 5243 2946 5311 grandia
3001 5244 3147 5315 loqui
3189 5253 3245 5300 et

1650 5331 1789 5386 alios
1835 5331 2123 5388 docturum
2165 5349 2225 5388 se
2263 5333 2400 5388 dare
2453 5348 2516 5388 ea
2555 5349 2676 5403 qua:
2720 5349 2830 5390 non
2876 5335 3004 5392 fecit
3050 5337 3246 5394 doctor

1650 5424 1777 5480 iste.
1807 5424 1956 5481 Cur?
1988 5426 2130 5493 Quia
2166 5427 2288 5483 sine
2317 5429 2428 5482 vita
2461 5443 2582 5497 quae
2616 5438 2700 5482 est
2735 5429 3038 5484 secundum
3085 5447 3244 5487 man-

1649 5517 1900 5572 datorum
1923 5527 1978 5574 et
2001 5520 2222 5575 virtutis
2257 5521 2465 5590 praxim
2488 5537 2648 5576 nemo
2678 5537 2707 5575 a
2732 5523 2933 5579 saeculo
2962 5539 3238 5594 summus,

1651 5626 1814 5666 nemo
1830 5613 2228 5683 gloriﬁcabitur
2254 5614 2413 5684 quasi
2438 5612 2668 5669 Domino
2693 5616 2976 5687 proximus
3004 5626 3058 5673 et
3087 5634 3241 5675 sanc-

1653 5703 1918 5769 tiﬁcatus,
1958 5704 2086 5760 dum
2120 5706 2238 5762 sine
2282 5722 2536 5764 sermone
2590 5707 2880 5780 magnifico
2906 5717 2960 5767 et
3007 5711 3238 5768 auribus

37 5945 142 6026 {88)
185 5957 298 6014 llos
332 5945 524 6014 versus
564 5945 748 6014 laudat
781 5951 1020 6012 Joannes
1064 5951 1259 6023 Georg.
1303 5949 1357 6008 in
1394 5945 1639 6008 Gttomal.
1675 5948 1736 6006 ν.
1771 5951 1968 6010 Διιπά.
2009 5949 2096 6008 Gr.
2131 5951 2451 6012 Boissonadi
2483 5950 2523 6014 I,
2561 5953 2647 6008 it.
