3814 6506
5 413 33 469 Α
865 393 930 447 ΙΝ
968 388 1274 448 CARMINA
1301 388 1585 445 ARCANA
1623 387 1682 444 S.
1722 387 2073 445 GBEGORIL

5 548 35 580 ιν
55 518 291 596 ἁμαρτίαν
312 509 625 569 ὑποπτεύειν
652 509 1034 580 συμϐουλεύει,
1049 508 1144 562 καὶ
1170 506 1277 571 ἓως
1299 506 1457 576 ὀλίγη

6 622 46 673 τὶ
89 615 167 669 καὶ
200 606 447 681 ἀδρανὴς.
478 603 579 673 τὴν
630 604 725 656 ἀπ’
760 604 929 673 αὐτῆς
973 599 1334 672 φυλάττεσθαι
1366 598 1458 651 λύ-

5 730 57 780 ιν,
84 706 163 758 καὶ
189 698 469 768 ὲξαναιρεῖν
494 697 559 764 τῇ
596 694 853 765 μετανοίᾳ
878 736 891 759 ,
927 693 1013 746 ἵνα
1061 692 1135 763 μὴ
1160 690 1456 761 χρονίσασα

6 805 28 855 εὶ
52 793 351 853 δυνασθείσα,
384 789 461 851 εἰς
489 786 707 839 ἀνίατον
742 784 1068 856 καταλήξειε
1100 783 1288 837 κακόν.

6 926 8 937 ,
38 888 247 958 Ἐρεύγα
279 878 500 935 σαυτὸν
535 878 747 932 πλεῖον
780 877 818 945 ἢ
848 876 919 930 τὰ
951 876 1069 930 τῶν
1102 874 1312 940 πέλας.

6 980 184 1049 Ἐπειδὴ
215 975 489 1046 πρόχειρον
528 970 834 1041 ἀνθρώποις
866 972 955 1024 ἀεὶ
985 970 1080 1023 καὶ
1107 970 1202 1040 ἡδὺ
1242 968 1359 1022 λίαν
1389 967 1456 1022 τὰ

4 1076 153 1144 λὸτρια
182 1066 520 1139 περισκοπεῖν
554 1062 695 1117 καλά
722 1081 780 1115 τε
827 1063 956 1117 ὅντα
980 1063 1013 1132 ἢ
1050 1062 1214 1125 κακὰ,
1242 1063 1349 1115 τῶν
1382 1064 1457 1115 oi-

4 1167 77 1220 ἰων
107 1161 157 1213 δὲ
174 1158 243 1221 ὠς
266 1156 457 1209 ὲπίπαν
488 1154 784 1225 ὑπερορᾷν,
822 1158 1079 1224 παραινεί
1112 1157 1140 1207 ὁ
1168 1154 1311 1218 θεῖος
1347 1154 1456 1207 τῶν

3 1255 141 1316 σεδῶς
176 1250 451 1304 ἐθελόντων
495 1248 595 1318 ζῇν
641 1248 957 1318 καθηγητὴς
1000 1247 1199 1317 μᾶλλον
1242 1246 1310 1300 τά
1349 1247 1457 1300 ἰδια

4 1342 275 1421 ερευνᾶσθαι
309 1342 339 1413 ἢ
379 1341 446 1394 τὰ
477 1338 587 1393 τῶν
619 1339 786 1403 πέλας
819 1340 1318 1411 πολυπραγμονεῖν.
1347 1341 1457 1392 Καὶ

5 1458 29 1511 ρ
54 1440 108 1507 τῇ
137 1433 235 1488 τῶν
268 1432 406 1485 ἰδίων
436 1429 827 1501 πλημμελειῶν
859 1429 1206 1502 ἐξερευνήσει
1235 1430 1398 1493 αὐτὸς
1426 1432 1456 1484 ὁ

4 1531 97 1584 »τὸν
125 1523 410 1596 ἀνακρίνων
458 1522 781 1591 ὠφελεῖται,
820 1522 897 1586 ὡς
928 1522 1051 1591 ὅφιν
1085 1521 1347 1593 κρυπτῶς
1388 1524 1455 1593 τῇ

3 1620 71 1674 τοῦ
89 1617 265 1687 καρδίᾳ
285 1614 670 1685 ὲμφωλεύοντα
695 1614 953 1685 ἐλέγχων,
980 1616 1074 1667 καὶ
1098 1616 1163 1684 τῇ
1196 1612 1458 1687 ὲξηγορίᾳ

3 1710 189 1781 ιναιρῶν
224 1707 317 1778 τὴν
347 1706 606 1776 ἀνομίανο
635 1704 705 1759 τὰ
733 1704 830 1757 τοῦ
878 1704 1046 1767 πέλας
1074 1704 1130 1756 δὲ
1173 1701 1458 1774 διερευνώ-

3 1820 70 1865 νος
86 1799 168 1853 καὶ
186 1795 507 1867 ἀνακρίνων,
534 1795 730 1866 ἐκείνῳ
754 1797 851 1864 μὲν
884 1794 1075 1866 κέρδος
1100 1794 1454 1864 προύξένησε,

3 1894 92 1948 ιτὸν
113 1887 511 1959 ἀσφαλιζομένῳ
534 1886 622 1940 διὰ
640 1886 739 1958 τὴν
763 1885 1032 1954 ὲξέλεγξιν
1056 1884 1261 1939 καὶτοῦ
1288 1886 1460 1956 ἀμαρ-

4 2003 83 2039 νειν
121 1986 239 2045 ἴσως
266 1979 588 2050 παυομένῳ,
626 1978 788 2041 αὐτὸς
823 1977 882 2031 δὲ
931 1976 1257 2048 ζημιοῦται,
1308 1977 1361 2029 εί
1394 1994 1458 2045 γε

3 2100 24 2133 ι
50 2078 111 2149 μὴ
141 2072 449 2146 κηδεμονίᾳ,
480 2072 617 2126 ἀλλά
660 2072 837 2142 φθόνῳ
863 2071 959 2125 καὶ
991 2071 1227 2141 πονηρίᾳ
1260 2070 1328 2124 τὰ
1364 2069 1458 2122 τοῦ

2 2174 128 2233 ’τονος
155 2164 597 2239 ταριεργάξοιτοο
628 2164 695 2217 δι’
724 2163 753 2217 ὃ
794 2163 939 2231 λέγει
986 2162 1225 2232 κρείσσω
1256 2162 1347 2215 τὸν
1373 2161 1460 2214 λο-

1 2265 88 2336 τμδν
111 2263 207 2316 τῶν
237 2259 491 2331 πράξεων
521 2253 661 2312 εἶναι
711 2257 807 2309 καὶ
842 2256 1129 2325 ἀνάκρισιν
1163 2256 1308 2327 ἢπερ
1350 2254 1457 2307 τῶν

1 2357 196 2428 ημάτων.
220 2352 403 2406 Ταῦτα
429 2351 530 2422 μὲν
565 2350 675 2420 γὰρ
699 2349 809 2420 ὅσῳ
839 2348 941 2402 κᾶν
963 2346 1153 2419 λογίζῃ
1179 2348 1269 2401 τὸν
1299 2347 1460 2400 πλεο-

1 2448 95 2519 :pr
117 2489 129 2509 ,
168 2447 269 2515 ὅσῳ
297 2444 401 2498 κᾶν
437 2442 938 2515 ὲξακριὸαςόμενος
968 2440 1229 2511 πληθύειν
1259 2439 1423 2510 δογῇς
1443 2480 1457 2503 ,

1 2540 187 2611 ςφορᾶς
228 2536 375 2599 ὄντα,
425 2536 607 2589 ᾶὶλοτ’
649 2536 729 2598 εἰς
768 2534 962 2597 ἄλλους
1006 2533 1332 2605 μεταρρέει,
1367 2531 1461 2585 καὶ

1 2631 309 2701 ιακινούμενα
356 2629 417 2682 οὐ
469 2626 779 2699 παραμένει
826 2642 941 2679 σοι’
980 2628 1011 2696 ἡ
1048 2625 1156 2679 τῶν
1209 2625 1461 2695 πράξεων

10 2724 265 2794 συζητησις
286 2762 302 2786 ,
337 2722 434 2774 καὶ
474 2720 585 2772 τῶν
620 2718 897 2788 λογισμῶν
926 2719 1023 2788 τῆς
1052 2718 1229 2789 ψυχῆς
1250 2717 1461 2789 διάκρι-

20 2819 96 2869 καὶ
128 2815 426 2887 κάθαρσις,
481 2815 561 2877 εἰς
616 2810 882 2866 ἀπάθειαν
921 2810 1163 2880 ἄγουσα,
1222 2811 1458 2875 ἵσταται,

1 2930 7 2961 ι
37 2910 102 2971 εἰς
124 2908 206 2961 τὸν
233 2906 406 2961 αἰῶνα
438 2904 706 2977 διαμένει.

19 3004 62 3052 'U
94 3000 225 3066 νοῦς
252 3000 344 3053 ἀεί
374 3014 477 3053 σοι
507 2999 773 3068 καμνέτω
806 2996 1179 3064 τυπούμενος

11 3074 168 3138 ets/01¢
192 3071 501 3139 νοήμασίν
530 3086 591 3122 τε
628 3070 723 3123 καὶ
754 3068 899 3133 ,ϐίου
921 3068 1143 3137 λόγοις.

2 3162 268 3233 Ἀκούωμεν
295 3164 347 3215 οἱ
368 3161 466 3214 τὸν
498 3158 796 3230 ἀσκητικὸν
826 3158 919 3212 καὶ
957 3158 1076 3212 κατ’
1120 3155 1319 3228 ἀρετὴν
1351 3154 1464 3225 βίον

0 3256 48 3309 ὗν
78 3255 511 3327 προαιρούμενοι,
546 3247 633 3307 οἷα
654 3254 785 3324 δρᾷν
824 3255 851 3306 ὁ
872 3251 971 3321 τῆς
1002 3251 1203 3323 ἀρετῆς
1241 3248 1465 3321 νομοθέ-

0 3366 2 3375 ν
50 3349 351 3417 εἰσηγεῖται.
382 3346 497 3398 Τδν
550 3344 646 3415 μὲν
698 3342 824 3396 νοῦν
876 3344 1007 3413 ἡμῖν
1042 3342 1155 3413 (96)
1201 3340 1464 3412 διηνεκῶς

0 3441 210 3511 ιέριμνον
239 3436 402 3503 εἶναι,
440 3440 557 3501 τοῖς
581 3454 638 3491 τε
671 3438 836 3507 ἱεροῖς
862 3436 957 3489 καὶ⁵
1010 3435 1174 3499 θείοις
1202 3437 1465 3507 νοήμασιν

0 3533 262 3604 λεσχοῦντα
284 3573 299 3596 ,
332 3534 433 3587 καὶ
473 3534 587 3595 τοῖς
612 3531 814 3599 λογίοις
838 3530 939 3599 τῆς
970 3531 1191 3601 χάριτος
1229 3530 1465 3601 ἐμμελε-

0 3642 81 3685 ντα,
118 3625 207 3678 καὶ
230 3623 448 3688 τούτοις
487 3623 583 3676 τὸν
614 3622 725 3693 βίον
754 3621 1091 3693 τυπούμενον
1125 3623 1216 3675 καὶ
1250 3640 1463 3675 κανονι-

0 3734 135 3781 ενον,
168 3718 303 3788 προς
332 3734 393 3769 τε
427 3716 535 3787 τὴν
568 3712 765 3786 πρᾶξιν
794 3713 1193 3786 κατορθοῦσθαι
1236 3716 1330 3768 καὶ
1366 3715 1465 3787 τὴν

0 3811 139 3879 δρίαν·
177 3812 274 3881 τῆς
322 3808 586 3879 γλώσσης
618 3808 675 3861 δὲ
714 3807 986 3877 φείδεσθαι
1033 3808 1127 3861 καὶ
1164 3806 1366 3875 ταύτης
1406 3808 1466 3861 τὸ

8 3902 117 3965 ατὲς
140 3902 473 3956 ἀνακόπτειν
510 3898 879 3970 παραγγέλλει
905 3940 918 3961 ,
951 3898 1027 3962 ὡς
1060 3899 1132 3969 μὴ
1158 3898 1465 3970 προχείρως

0 3996 25 4045 ὲ
54 3994 331 4065 προπετῶς
361 3992 541 4063 αὐτὴν
569 3993 646 4054 εἰς
676 3990 737 4044 τὸ
763 3990 1035 4044 διδάσκειν
1064 3990 1097 4060 ἢ
1122 3989 1466 4060 δογματίζειν

5 4085 275 4150 αδίζεσθαι.
308 4086 424 4140 Καὶ
476 4083 587 4156 γὰρ
626 4081 893 4152 ἀχαλίνως
932 4081 1068 4151 αῦτη
1100 4082 1235 4153 πρὸς
1264 4098 1464 4135 παντο-

0 4180 186 4240 ιοσύνας
245 4176 693 4245 ὲξανισταμένη,
750 4175 828 4235 εἰς
895 4173 1171 4235 ἀπωλείας
1222 4172 1466 4244 αἱρέσεις

0 4284 15 4327 ;
44 4266 110 4337 μὴ
144 4268 241 4338 τὴν
275 4269 374 4320 ἀπ’
420 4266 598 4335 αὐτῆς
648 4263 852 4335 βλάϐην
886 4262 1306 4334 εὐλαϐουμένοις
1358 4259 1463 4317 οἶδε

0 4356 161 4424 ασπᾷν
196 4356 291 4408 καὶ
325 4354 573 4416 εὐκόλως
601 4351 868 4416 κινδύνοις
913 4352 1207 4424 ὑποφέρειν
1236 4353 1333 4425 τὴν
1372 4355 1467 4424 ψυ-

16 4466 26 4475 ’
54 4447 221 4511 καλῶς
249 4448 307 4501 δὲ
332 4446 514 4516 αὐτῆς
540 4445 894 4517 κινουμένης,
927 4446 1021 4499 καὶ
1048 4444 1359 4516 ὁρθοτόμως
1377 4445 1466 4498 τὸν

34 4540 307 4602 εὐσεϐείας
340 4538 510 4607 λόγον
560 4538 1082 4610 ἀποφθεγγομένης,
1118 4538 1167 4590 εἰ
1209 4538 1283 4609 μὴ
1319 4538 1413 4590 καὶ
1439 4539 1467 4591 ὁ

0 4630 312 4703 ῖάμὼμητος
350 4631 434 4685 ὢν
471 4630 647 4703 τύχοι,
674 4626 837 4702 ἦττον
863 4631 921 4684 τὸ
950 4630 1058 4684 ἀπὸ
1102 4632 1199 4701 τῆς
1232 4631 1469 4700 εὐγλωτ-

0 4742 3 4777 r
45 4727 225 4796 κέρδος
254 4726 357 4781 zal.
392 4726 457 4780 οὐ
509 4724 675 4797 πολλὴ
710 4726 743 4795 ἡ
777 4723 1012 4792 ὠφέλεια
1064 4726 1175 4789 τοῖς
1209 4722 1465 4777 ἀκούουσι

5 4816 221 4871 [σταται.

0 4913 131 4977 Οψις
166 4909 588 4982 συΥΙῖρπασέν
612 4926 707 4979 με,
743 4909 911 4976 πλὴν
936 4909 1071 4962 ἀλλ’
1103 4907 1347 4978 ἐσχέθη.

3 5002 245 5065 ανονίσας
276 5002 375 5055 τὸν
402 5001 532 5055 νοῦν
560 5000 655 5053 καὶ
685 5000 782 5071 τὴν
815 4999 1067 5067 γλῶσσαν
1089 5001 1118 5052 ὁ
1136 4998 1471 5052 θεοειδέστα-

26 5094 271 5148 ἐντεῦθεν
304 5095 504 5148 λοιπὸν
531 5094 733 5164 ἑκάστη
755 5091 863 5145 τῶν
886 5091 1132 5162 ψυχικῶν
1163 5090 1470 5163 αἰσθήσεων

0 5186 159 5251 ιίζει,
203 5187 415 5258 Ὄφις,
478 5184 681 5255 λέγων,
742 5186 1086 5255 συνήρπασεν
1141 5182 1470 5249 ἐξαπιναίως

1 5294 121 5341 ατος
154 5278 401 5343 κάλλος,
451 5276 827 5349 ἀστραφθεῖσα
860 5276 967 5330 τῶν
998 5278 1097 5330 ὅσα
1132 5276 1333 5348 λίχνοις
1366 5276 1468 5348 δμ-

0 5387 38 5421 ιν
95 5372 412 5425 ὑποπίπτει
464 5370 794 5443 θαυμαστά·
851 5370 1042 5442 ὅρασις
1086 5367 1225 5442 αὕτη
1291 5370 1473 5441 πάσης

2 5463 174 5533 ήσεως
224 5463 557 5535 κυριωτέρα
592 5463 684 5516 καὶ
734 5460 1069 5534 τιμιωτέρα,
1109 5460 1183 5525 ὡς
1236 5462 1329 5515 καὶ
1380 5461 1472 5515 τοῦ

0 5554 142 5619 κίονος
182 5555 298 5608 τῶν
331 5554 614 5626 αἰσθητῶν
653 5555 907 5609 ἁπάντων
937 5552 1070 5609 οὖσα
1106 5554 1284 5625 φωτὸς
1325 5555 1472 5609 ἀντι-

0 5650 122 5719 τική.
160 5648 320 5719 Αὕτη
364 5646 552 5701 τοίνυν
585 5646 843 5717 ἐξαίφνης
861 5647 974 5719 (97)
1016 5645 1199 5700 ἰδοῦσά
1227 5663 1281 5699 τι
1310 5645 1470 5717 σῶμα

0 5742 154 5809 ιυγὲς
258 5738 632 5809 περικαλλὲς,
672 5738 1016 5811 συνήρπασέν
1065 5755 1133 5809 με
1158 5779 1171 5803 ,
1213 5736 1467 5809 ὲξέστησέ

0 5899 48 5971 Β)
84 5900 225 5956 Cod.
270 5900 380 5971 μὲν
426 5892 515 5952 οὖν
545 5899 697 5970 ἡμῖν.

1560 505 1630 561 ab
1654 506 1831 577 ipsius
1864 508 2069 563 damno
2106 509 2336 565 cavendi
2370 517 2425 564 et
2464 509 2789 580 pmnitentia
2838 510 3010 584 ipsam
3039 514 3140 570 ale-

1559 596 1727 660 lendi,
1765 614 1835 653 ne
1865 600 2164 654 inveterata
2194 608 2249 656 et
2272 601 2504 657 validior
2538 601 2685 657 facta
2720 602 2775 657 in
2816 604 3141 662 irremedia-

1561 688 1667 745 bile
1710 689 1925 744 desinat
1969 692 2194 746 malum.

1560 847 1629 901 55
1669 847 1921 901 Scrutare
1954 850 2128 918 potius
2161 861 2209 903 te
2243 851 2413 920 ipsum
2460 868 2615 921 quam
2650 870 2735 907 res
2767 856 2994 911 alienas.

1632 938 1911 1009 Siquidem
1959 943 2062 997 sub
2109 959 2272 996 manu
2310 959 2526 1013 semper
2584 954 2668 999 cst
2720 948 3031 1004 hominibus
3082 957 3138 1005 et

1558 1043 1772 1103 gratum
1804 1033 1967 1089 nimis
1990 1034 2165 1088 aliena
2186 1036 2514 1105 investigare
2543 1045 2655 1089 tum
2682 1037 2821 1091 bona
2842 1048 2953 1091 tum
2975 1039 3135 1103 mala,

1559 1127 1781 1197 propria
1827 1142 1958 1181 vero
1988 1127 2146 1197 quasi
2182 1129 2437 1183 universe
2467 1129 2603 1183 nihil
2636 1144 2853 1193 curare,
2889 1129 3140 1184 hortatur

1558 1220 1718 1273 divus
1763 1222 2024 1289 magister
2054 1235 2150 1275 eos
2183 1220 2277 1290 qui
2315 1222 2402 1291 pie
2442 1222 2635 1277 volunt
2683 1222 2869 1276 vivere
2898 1223 2963 1276 ad
3022 1235 3144 1291 pro-

1559 1312 1676 1381 pria
1728 1312 1905 1381 magis
1950 1312 2256 1383 indaganda
2291 1328 2456 1383 quam
2502 1314 2736 1384 proximi
2768 1328 2932 1384 opera
2957 1312 3143 1367 curio-

1560 1404 1677 1457 sius
1732 1403 2059 1472 requirenda
2119 1422 2133 1458 :
2187 1404 2531 1474 propriarum
2603 1403 2750 1459 enim
2798 1418 2901 1473 per
2964 1403 3144 1473 negli-

1560 1495 1863 1565 gentiarum
1912 1512 2137 1551 examen
2189 1497 2422 1567 quisque
2462 1512 2527 1551 se
2556 1512 2958 1567 recognoscens
2994 1497 3143 1550 utili-

1561 1598 1722 1644 tatem
1771 1589 2025 1659 percipit,
2083 1597 2389 1659 serpentem
2440 1588 2641 1645 furtive
2701 1592 2755 1644 in
2820 1590 2993 1659 ipsius
3043 1604 3142 1644 cor

1561 1679 1889 1750 irrepentem
1939 1682 2196 1750 detegens
2256 1689 2311 1737 ct
2355 1681 2702 1738 confessione
2756 1682 3015 1736 delictum
3053 1696 3143 1737 re-

1556 1770 1789 1840 jiciens;
1858 1772 1951 1842 qui
2012 1789 2147 1828 vero
2215 1788 2381 1845 opera
2446 1774 2678 1844 proximi
2736 1781 3019 1828 scrutatur
3086 1782 3142 1827 et

1559 1863 1843 1928 discernit,
1914 1865 1988 1919 illi
2046 1866 2263 1936 quidem
2318 1866 2534 1920 lucrum
2601 1864 2840 1935 acquirit
2897 1866 3139 1934 seipsum

1559 1957 1733 2010 tuenti
1764 1967 1988 2027 prepter
2029 1958 2472 2029 objurgationem
2512 1968 2565 2013 et
2613 1973 2642 2011 ει
2694 1965 2925 2029 peccato
2979 1956 3143 2012 simul

1559 2051 1831 2117 cessanti;
1879 2051 2199 2123 objurgator
2252 2060 2428 2106 autem
2481 2052 2865 2107 detrimentum
2904 2050 3141 2122 patitur,

1559 2141 1605 2194 si
1646 2140 1785 2196 forte
1822 2158 1931 2197 non
1966 2144 2102 2207 zelo,
2164 2143 2259 2199 sed
2312 2143 2515 2200 invidia
2557 2154 2612 2200 et
2660 2144 2869 2198 malitia
2905 2142 3143 2214 proximi

1558 2249 1721 2304 opera
1758 2234 2121 2305 indagaverit;
2159 2236 2345 2307 itaque
2381 2236 2517 2291 dicit
2545 2237 2834 2291 meliorem
2870 2235 3141 2290 rationem

1559 2342 1783 2397 operum
1810 2343 1932 2383 esse
1967 2336 2021 2383 et
2067 2329 2536 2397 percontationem
2572 2345 2736 2400 quam
2772 2328 3090 2383 divitiarum
3123 2345 3139 2359 ο

1560 2420 1754 2473 harum
1780 2421 1922 2475 enim
1996 2428 2263 2490 quantum
2324 2422 2650 2492 supputabis
2725 2422 3145 2488 abundantiam,

1560 2515 1781 2583 quantis
1810 2529 2013 2570 curans
2060 2514 2284 2569 effocari
2308 2514 2602 2580 videberis,
2656 2515 2987 2570 transitoria:
3021 2530 3144 2585 quae

1562 2615 1713 2668 sunt.
1744 2608 1862 2662 aliae
1893 2608 1962 2662 ad
1984 2607 2121 2663 alios
2142 2607 2360 2663 efﬂuent
2385 2615 2438 2663 et
2470 2608 2685 2679 agitata:
2720 2624 2831 2663 non
2853 2608 2949 2663 tibi
2971 2623 3147 2662 rema-

1561 2701 1805 2766 nebunt,
1861 2715 2087 2770 operum
2155 2715 2286 2755 vero
2336 2703 2676 2772 comparatio
2750 2710 2805 2755 et
2866 2702 3141 2755 rationum

1563 2793 1757 2845 animae
1804 2792 2068 2847 discretio
2116 2799 2170 2846 et
2220 2792 2527 2862 puriﬁcatio
2557 2794 2623 2847 ad
2664 2794 3144 2863 morigeratiouem

1562 2884 1770 2938 ducens
1803 2884 2050 2937 firmatur
2079 2892 2131 2939 et
2154 2885 2206 2938 in
2238 2893 2506 2941 aeternum
2545 2894 2848 2956 permanet.

1564 2976 1631 3031 57
1662 2975 1959 3029 Continuus
1992 2977 2085 3029 tibi
2111 2976 2263 3031 labor
2305 2978 2373 3031 sit
2398 2988 2453 3030 ut
2496 2994 2639 3031 utens
2698 2988 2789 3032 tua
2831 2979 3149 3049 informatur

1565 3071 1635 3125 58
1688 3070 1893 3124 Divinis
1940 3072 2349 3142 cogitationibus
2416 3081 2466 3125 et
2514 3073 2848 3127 salutaribus
2908 3077 3147 3135 monitis.

1636 3163 1958 3228 Audiamus,
1994 3166 2088 3233 qui
2117 3165 2413 3218 asceticam
2437 3176 2489 3219 et
2517 3164 2673 3235 juxta
2702 3168 2960 3222 virtutem
2981 3170 3145 3225 vitam

1566 3258 1851 3327 elegimus,
1883 3258 2224 3327 qum-suadet
2271 3265 2330 3311 ut
2364 3256 2632 3313 faciamus
2676 3258 2893 3315 virtutis
2930 3261 3150 3331 legisla-

1568 3356 1672 3402 tor.
1714 3347 1955 3418 Spiritus
2001 3349 2161 3404 nobis
2211 3348 2594 3403 indesinenter
2642 3348 2714 3403 sit
2765 3350 3036 3407 sollicitus
3080 3350 3148 3408 de

1567 3441 1773 3495 sanctis
1800 3448 1855 3495 et
1886 3439 2088 3494 divinis
2119 3438 2547 3510 cogitationibus
2580 3441 2897 3496 conversari
2931 3451 2985 3497 et
3028 3458 3150 3513 qua:

1568 3533 1799 3603 gratiam
1832 3540 2081 3602 spectarat
2113 3542 2292 3597 curet,
2348 3540 2514 3603 atque
2565 3533 2868 3589 secundum
2918 3535 3023 3591 ista
3065 3536 3151 3591 in-

1568 3624 1764 3679 formet
1808 3634 1862 3679 et
1897 3627 2150 3680 instituat
2205 3626 2367 3679 vitam
2424 3624 2665 3697 dirigens
2724 3625 2789 3681 ad
2839 3628 3048 3698 praxim
3095 3637 3150 3684 et

1568 3717 2015 3785 meditationem;
2075 3718 2273 3788 lingua:
2336 3733 2564 3788 parcere
2617 3727 2671 3774 et
2726 3719 2902 3789 ipsius
2940 3721 3150 3776 inordi-

1566 3820 1753 3864 natum
1786 3812 2084 3880 reprimere
2118 3811 2443 3881 pnescribit.
2476 3811 2550 3865 ita
2588 3820 2644 3866 ut
2678 3826 2779 3866 nec
2835 3811 2885 3866 fa
2926 3812 2997 3868 ile
3048 3830 3150 3869 nec

1570 3900 1877 3970 petulanter
1908 3909 2155 3970 erumpat
2185 3899 2238 3953 in
2274 3899 2521 3954 docendo
2545 3910 2639 3955 aut
2678 3900 3098 3972 dogmatizando
3130 3923 3144 3959 :

1567 4009 1806 4064 namque
1845 4008 1969 4047 cum
2016 4010 2123 4046 non
2170 3992 2458 4047 refrtrnata
2518 4001 2768 4049 movetur
2816 3994 2868 4048 in
2930 4009 3147 4050 omnem

1568 4100 1898 4148 sermonem,
1932 4087 1985 4138 in
2038 4085 2266 4139 letliales
2296 4085 2529 4141 haereses
2571 4085 2693 4140 illos
2722 4086 2813 4156 qui
2849 4101 2960 4141 non
2988 4101 3017 4139 a
3048 4085 3147 4143 de-

1568 4180 1710 4234 lictis
1758 4195 1855 4249 per
1902 4179 2072 4248 ipsam
2108 4186 2417 4248 pra-cavent
2450 4180 2602 4235 novit
2623 4180 2882 4235 inducere
2911 4186 2964 4235 et
2990 4178 3151 4235 facile

1568 4271 1827 4342 periculis
1877 4286 2150 4339 exponere
2219 4270 2496 4338 animam;
2584 4271 2703 4342 ipsa
2759 4278 2940 4325 autem
3001 4278 3149 4326 recte

1568 4370 1856 4415 moveatur
1911 4368 1965 4415 et
2030 4360 2168 4415 bene
2223 4374 2533 4416 sermonem
2606 4362 2823 4432 pietatis
2882 4363 3145 4432 proferat,

1568 4455 1647 4509 sic
1718 4453 2165 4524 reprehensibilis
2243 4468 2353 4508 non
2430 4462 2514 4510 est
2583 4454 2735 4523 gvita,
2803 4455 2988 4511 minus
3066 4465 3151 4510 est

1566 4545 1725 4600 bonae
1772 4545 2000 4615 loquelae
2057 4546 2271 4601 lucrum
2329 4560 2433 4602 nec
2472 4548 2639 4602 multa
2668 4547 2878 4603 utilitas
2922 4546 3150 4603 audien-

1568 4638 1716 4694 tibus
1750 4638 2041 4709 praebetur.

1570 4907 1630 4963 6|
1671 4908 1923 4978 Aspcctus
1960 4923 2039 4961 me
2063 4906 2314 4977 abripuit,
2350 4907 2439 4963 sed
2480 4917 2651 4962 tamen
2677 4923 2755 4961 me
2778 4905 3003 4960 cohibui.

1646 4996 1963 5053 Moderatus
2006 4998 2261 5068 spiritum
2296 5005 2350 5053 et
2384 4997 2626 5067 linguam
2670 4997 2891 5051 divinus
2933 4995 3147 5061 doctor,

1573 5088 1773 5145 exinde
1807 5089 2048 5160 reliquos
2081 5103 2277 5145 sensus
2315 5089 2591 5144 naturales
2629 5087 2927 5159 componit.
2963 5085 3149 5151 Visus,

1573 5182 1787 5253 inquit,
1848 5182 2032 5237 subito
2072 5182 2252 5251 rapuit
2322 5195 2613 5251 corporum
2687 5179 3149 5252 pulchritudinem

1576 5275 1920 5341 illuminans,
1955 5284 2220 5346 quantum
2258 5274 2509 5329 miranda
2537 5273 2715 5330 oculis
2749 5272 3154 5343 concupiscen-

1576 5368 1666 5423 tiae
1694 5368 1853 5424 obvia
1892 5367 2049 5423 fiunt.
2080 5366 2246 5423 Visus
2284 5369 2400 5439 ipse
2430 5362 2621 5423 omnes
2662 5381 2857 5422 sensus
2885 5378 3151 5434 superans

1575 5461 1814 5517 efﬁcacia
1849 5468 1903 5516 et
1948 5460 2265 5516 reverentia:
2299 5461 2645 5527 necessitate,
2679 5458 2878 5530 quippe
2901 5457 2991 5527 qui
3033 5471 3153 5510 om-

1579 5554 1733 5608 nium
1776 5552 2119 5608 sensibilium
2166 5552 2535 5623 pulchriorem
2578 5550 2841 5622 fulgorem
2881 5546 3152 5621 percipit;

1581 5645 1734 5700 visus
1781 5657 1913 5714 ergo
1966 5643 2152 5698 subito
2207 5660 2409 5716 corpus
2462 5644 2734 5716 quoddam
2793 5639 3005 5712 fulgens
3061 5646 3156 5693 aut

1582 5734 1969 5806 perpulchrum
2004 5748 2234 5790 cernens
2267 5751 2352 5791 me
2385 5734 2596 5806 rapuit,
2628 5733 2864 5789 alienum
2905 5744 2991 5786 me
3025 5727 3153 5785 abs-

1658 5894 1769 5967 (97)
1801 5894 1935 5951 Cod.
1971 5894 2231 5967 ὲξαίφνις.

3036 395 3225 453 802Δ
