3818 6558
75 410 149 469 ως
1020 398 1092 459 lN
1109 405 1420 462 CARMINA
1460 403 1736 460 ARCANA
1778 404 1836 461 s.
1877 362 2229 464 caseos“.

76 524 120 574 ιν
135 514 458 589 tempus;
478 526 531 569 τι
550 517 650 569 καὶ
674 517 1005 590 ἀγιοπρεπὲς
1025 519 1365 588 ὲννοηθείης;
1389 516 1574 571 Ταῦτα

75 613 149 681 γὰρ
164 608 313 662 πάντα
334 606 594 677 ἀνάνδρου
620 606 801 678 ψυχῆς
829 609 958 675 ῐδια,
987 610 1082 663 καὶ
1114 607 1444 678 γυναικώδη,
1473 608 1572 660 καὶ

74 705 147 756 τῶν
180 697 489 770 ἁμαρτωλῶν
534 697 709 751 ἐθνῶν
757 700 849 753 ἐπὶ
895 701 999 771 γῆς
1052 700 1122 754 τὰ
1158 700 1570 770 σπουδάσματα,

3150 408 3257 467 806

1683 518 1887 584 studia,
1908 519 2039 573 nihil
2054 534 2345 576 commune
2370 520 2627 579 habentia
2643 536 2767 579 cum
2789 521 3072 595 generosis
3093 533 3257 594 atque

1676 610 1929 667 virilibus
1976 628 2167 667 eorum
2223 614 2319 684 qui
2366 614 2699 686 mancipium
2753 615 2808 670 in
2853 615 3010 672 caelis
3056 616 3256 672 habent

1679 701 2125 771 cogitationibus.

78 798 185 851 tile
209 794 257 848 δὲ
302 793 465 849 κοινὸν
490 793 688 864 ἔχοντα
724 794 863 865 πρὸς
895 794 965 849 τὰ
1011 795 1305 868 ἀρρενωπά
1328 796 1423 848 καὶ
1452 794 1668 865 ἀνδρεῖα
1699 795 1810 848 τῶν
1827 797 1885 849 ὲν
1904 797 2153 867 οὐρανοῖς
2186 797 2247 851 τὸ
2272 798 2575 869 πολίτευμα
2597 797 2827 869 ἑχόντων
2847 801 3190 871 φρονήματα.

70 982 116 1035 73
143 980 247 1044 Aeg,
269 974 390 1031 εἷπε
421 979 679 1048 γαστήρ.

115 1072 316 1133 Κολάσας
359 1071 457 1141 τὴν
497 1071 590 1125 διὰ
637 1070 747 1126 τῶν
783 1071 1088 1143 αἰσθήσεων
1140 1071 1572 1143 προσγινομένην

70 1162 269 1233 ἀκρασίαν
296 1164 385 1215 καὶ
418 1162 737 1234 φιληδονίαν
768 1166 835 1234 τῇ
880 1162 1057 1235 ψυχῇ,
1083 1164 1570 1235 τὴνγαστριμαρ-

71 1258 152 1322 τίαν
168 1258 215 1307 ἐν
235 1255 427 1319 τούτοις
444 1296 459 1318 ,
484 1255 565 1318 ὡς
596 1256 1045 1327 δραστικωτάτην
1072 1252 1238 1311 οὖσαν
1262 1256 1443 1309 αἰτίαν
1469 1256 1572 1325 τῆς

71 1346 287 1415 πορνείας,
334 1345 653 1400 ἐπικόπτων
686 1348 717 1399 ό
749 1346 1183 1414 φιλοσοφώτατος
1203 1387 1220 1406 .
1268 1346 1367 1410 Δὸς
1385 1384 1401 1408 ,
1446 1341 1568 1398 εἷπε

71 1439 247 1507 γαστὴρ,
271 1438 363 1490 ὅσα
396 1438 531 1508 ἡδέα
559 1438 627 1491 ὲκ
653 1438 756 1507 γῆς
775 1478 790 1502 ,
818 1438 885 1491 ὲκ
932 1438 1240 1508 Θαλάσσης,
1283 1437 1347 1502 ἐξ
1389 1436 1566 1507 ἀέρος,

70 1532 134 1582 ὅσα
150 1528 300 1599 βρωτὰ
325 1527 815 1599 ἑπιδαψιλευομένη
834 1530 868 1600 ἠ
901 1529 1274 1602 μεγαλόδωρος
1288 1526 1423 1586 Θεοῦ
1447 1526 1570 1597 χεὶρ

72 1620 387 1683 ιὶςὰτόλαυσιν
414 1622 763 1692 ἐδωρήσατο·
800 1621 919 1686 δὺς,
950 1623 985 1694 ὴ
1012 1621 1226 1694 γαστὴρ
1253 1617 1407 1675 εἶπεν
1424 1660 1439 1685 ,
1471 1635 1571 1674 καο

71 1713 334 1782 τεδηόοκέναι
358 1715 450 1765 καὶ
476 1712 694 1777 τούτοις
733 1712 1026 1785 ἀπλήστως
1054 1714 1394 1785 έπεντρυφᾷν
1419 1728 1433 1744 ⁸
1458 1710 1570 1779 ἐγὼ

71 1805 106 1857 ἂ
127 1805 229 1877 πρὸς
262 1805 455 1877 αὐτὴν,
511 1807 593 1871 ὡς
638 1807 761 1861 Ἐὰν
821 1806 1115 1878 σωφρόνως
1165 1806 1260 1860 καὶ
1297 1807 1378 1869 είς
1413 1804 1570 1870 δόξαν

71 1897 159 1949 Θεοῦ
176 1901 269 1961 τοῖς
292 1898 587 1969 διδομένοις
608 1899 844 1971 χρῆσθαι
869 1898 1016 1969 εἰδῇς
1033 1936 1048 1960 ,
1070 1897 1225 1952 δώσω
1253 1896 1567 1969 προθύμως,

72 1990 160 2043 uit
174 1990 429 2061 θεμιστόν’
462 1991 563 2045 ὲάν
582 1992 641 2045 δὲ
667 1993 741 2064 μὴ
767 1991 1058 2062 σωφρόνως
1088 1987 1220 2061 μηδὲ
1245 1991 1571 2063 συμμέτρως

73 2086 111 2151 τῇ
145 2081 397 2135 ἀπολαύσει
434 2082 761 2153 κεχρημένη
788 2121 805 2147 ,
842 2082 979 2153 πρὸς
1010 2082 1078 2134 τά
1114 2082 1263 2136 κάτω
1290 2080 1347 2135 δὲ
1380 2081 1475 2136 καλ⁵
1500 2081 1570 2135 τά

74 2169 328 2240 ὑτογάστρια
392 2170 543 2242 πάθη
626 2170 953 2225 συννεύουσα
981 2209 996 2232 ,
1055 2167 1385 2241 ὑπέκκαυμα
1434 2168 1572 2241 πρὸς

74 2260 280 2326 ίςέλγειαν
297 2262 383 2314 καὶ
404 2260 570 2333 ὓϐριν
601 2262 669 2316 λα
678 2261 887 2333 μδάνῃς
909 2260 1004 2314 τοῦ
1037 2263 1396 2333 πεποιηκότος
1414 2301 1430 2325 ,
1454 2262 1571 2325 πῶς

72 2352 198 2415 δύσιος
218 2352 247 2422 ἢ
268 2353 462 2423 κόπρον
492 2356 619 2424 μὲν,
650 2355 771 2425 ἦτοι
790 2354 889 2424 τὴν
910 2354 1217 2422 ἀναγκαίαν
1238 2355 1332 2407 καὶ
1352 2350 1421 2426 ἦς
1441 2355 1568 2410 ἄνευ

76 2442 135 2511 ζῇν
155 2445 231 2497 οὐκ
268 2444 368 2509 ενι,
421 2446 573 2518 λήψῃ
606 2446 813 2518 τροφὴν
839 2485 855 2509 ,
888 2443 1251 2507 σπανίζουσαν
1278 2445 1336 2498 δὲ
1382 2447 1476 2499 καὶ
1507 2446 1569 2498 ού

74 2530 227 2603 arata,
252 2536 319 2599 ὡς
350 2536 417 2590 ἂν
453 2539 532 2609 μὴ
567 2537 660 2592 διὰ
688 2539 782 2592 τὸν
826 2540 989 2610 κόρον
1032 2536 1415 2610 ὲκπυρουμένη
1447 2536 1570 2603 ὲξυ-

79 2629 217 2697 ίρξζοις
234 2644 245 2658 ’
270 2630 444 2682 εἴποτε
474 2629 534 2682 δὲ
558 2669 577 2695 ,
612 2629 747 2701 φησὶ
771 2668 787 2693 ,
816 2628 1244 2700 σωφρονισθετσα
1272 2630 1337 2698 τῇ
1372 2627 1567 2700 ἐνδείᾳ,

76 2719 209 2790 ia'mﬁv
231 2736 283 2772 τε
310 2721 644 2790 κατάσχοις,
698 2722 792 2774 καὶ
836 2722 933 2784 τὰς
966 2719 1193 2788 ἀλόγους
1224 2719 1431 2790 ὀρέξεις
1473 2718 1566 2772 τοῦ

80 2811 250 2879 δώματος
275 2810 713 2880 ἀνασειράζουσα
760 2811 853 2864 καὶ
897 2810 1278 2865 ἀνακόπτουσα
1307 2827 1569 2864 ταπεινω-

78 2900 196 2970 idm.
220 2902 271 2954 οὐ
302 2902 645 2974 φθονήσομέν
678 2919 758 2955 σοι
786 2903 883 2956 καὶ
920 2901 1017 2973 τὴν
1050 2901 1378 2973 ἀποχρῶσαν
1407 2902 1568 2955 πλουο

80 2992 255 3062 ιιώτερον
277 2994 674 3066 ὲπιχορηγῆσαι
711 2992 935 3065 τροφήν.
1434 3009 1437 3011 ’

78 3082 117 3134 ῖῑ
136 3085 291 3153 Γέλως
320 3087 580 3156 γέλωτος
611 3081 680 3140 εὖ
702 3086 1037 3154 φρονοῦσιν
1061 3086 1249 3152 ἄξιοςο

126 3176 397 3241 Ἀκολούθως
432 3181 461 3231 ό
523 3178 901 3247 σωφρονιστὴς
946 3177 1055 3231 τῶν
1104 3176 1240 3231 νέων
1284 3175 1564 3248 Θεηγόρος,

79 3262 229 3329 iam
257 3267 499 3336 ἐπικόψαι
530 3267 890 3337 λαιμαργίαν,
924 3268 1019 3321 καὶ
1040 3266 1138 3340 τὴν
1172 3268 1263 3321 ἐπὶ
1295 3271 1412 3333 ταῖς
1436 3285 1568 3340 τρα-

80 3350 205 3416 τέζσις
230 3356 623 3427 κοιλιομανίαν,
658 3357 754 3411 καὶ⁹
802 3358 893 3411 τὸν
928 3359 1354 3430 συνεζευγμένον
1384 3362 1569 3424 αὐτοῖς

80 3442 218 3505 γέλωτα
236 3448 473 3517 πορνικὸν
500 3450 888 3520 ἐπιρραπίζει·
914 3453 1009 3504 καὶ
1030 3451 1207 3505 πάντα
1238 3449 1335 3522 μὲν
1355 3452 1567 3521 γέλωτα

78 3529 236 3597 γέλωτος
262 3535 398 3601 ἀξιον
430 3534 577 3591 εἶναι
602 3578 619 3605 ,
653 3539 713 3591 οὐ
753 3542 910 3610 μόνον
959 3541 1035 3605 ὠς
1062 3542 1368 3614 παιδαρίοις
1398 3545 1566 3597 ἀπαι-

78 3619 212 3688 δεύτοις
230 3629 558 3700 προσήκοντα
597 3629 693 3684 καὶ
721 3631 969 3704 ἀνοήτοις
988 3672 1003 3696 ,
1027 3627 1108 3697 οἷς
1139 3634 1256 3697 ὅλος
1279 3637 1307 3688 ὁ
1328 3633 1442 3705 βίος
1464 3653 1563 3689 κατ’

77 3715 351 3784 ταῖέλσοτος,
384 3722 482 3775 καὶ
535 3721 831 3786 ἀκόλαστος
851 3764 867 3789 ,
910 3726 1004 3777 καὶ
1053 3726 1299 3797 ἀκρατὴς
1325 3768 1339 3793 ,
1375 3728 1569 3797 εὐτρα-

80 3804 218 3871 mihi;
249 3813 331 3864 καὶ
373 3814 783 3885 αἰσχρολογίαις
835 3815 972 3880 ζῶσι
1021 3818 1114 3871 καὶ
1160 3818 1410 3889 ἡδοναῖς’
1465 3821 1564 3890 οὐχ

77 3891 207 3960 ium
240 3900 288 3954 δὲ
327 3905 413 3960 τὸν
449 3904 712 3975 πορνικὸν
768 3907 1148 3961 κατάπτυστον
1199 3910 1564 3978 ἀποφαίνεται

80 3988 135 4037 καὶ
157 3988 375 4068 θεοστυγῆ
408 3999 505 4051 καλ⁵
539 3996 825 4067 βδελυκτὸν
847 4037 861 4061 ,
896 3998 970 4062 ὡς
994 4000 1089 4053 καὶ
1115 4000 1447 4073 ταλανισμοῦ
1469 4005 1564 4057 τοῦ

79 4079 173 4167 τιρὰ
193 4085 282 4147 τοῖς
319 4087 671 4159 Εὑαγγελίοις
699 4087 847 4153 ἄξιον
869 4128 883 4153 ,
919 4090 1013 4144 καὶ
1039 4091 1147 4144 τῶν
1183 4094 1241 4146 ὲν
1269 4096 1335 4164 τῇ
1370 4094 1562 4167 γεέννῃ

80 4164 218 4235 θρήνων
244 4178 326 4229 καὶ
360 4181 613 4253 ὀδυρμῶν
655 4181 934 4255 πρόξενον.
965 4183 1120 4236 Ἔστι
1172 4182 1228 4237 δὲ
1263 4185 1371 4240 τῶν
1398 4188 1458 4241 ὲν
1484 4164 1563 4259 τῶ

80 4259 415 4326 μέὶλοντιαξῶνι
472 4273 567 4326 καὶ
621 4275 684 4344 τῇ
738 4272 916 4345 κρίσει
971 4273 1221 4345 δακρύων
1275 4277 1558 4349 προοίμιον

79 4350 160 4439 itit
182 4358 372 4431 ἐναργὲς
417 4366 480 4419 τὸ
515 4366 574 4419 ἐν
617 4367 753 4438 αὐτῇ
800 4367 866 4437 τῇ
913 4366 1133 4437 ἀτάκτῳ
1171 4367 1417 4439 διαχύσει
1461 4371 1556 4424 τοῦ

77 4442 289 4502 ἀκολάστου
310 4454 539 4521 γέλωτος
560 4456 721 4521 ὲξυπε
731 4455 1063 4528 ρϐαλλούσης
1082 4459 1175 4511 καὶ
1198 4460 1430 4532 σφοδρᾶς
1449 4462 1556 4517 τῶν

81 4531 215 4624 μορίων
253 4539 533 4609 διατάσεως
588 4546 682 4599 καὶ
730 4546 1072 4616 ἀποθλίψεως
1117 4548 1225 4601 τῶν
1262 4531 1557 4624 ὀφθαλμῶν

79 4614 169 4719 εἶτεν
188 4626 256 4680 ὅτε
274 4632 496 4707 δάκρυον
519 4636 825 4701 ἀποστάζον
853 4614 965 4702 τοῖς
998 4638 1229 4704 πολλοῖς.
1267 4614 1557 4715 Οὗτος-μὲν

77 4721 133 4809 θξθ
158 4718 244 4809 τοῖς
272 4724 502 4800 σώφροσι
534 4729 940 4799 καταγέλαστος
968 4733 996 4784 ὁ
1037 4730 1242 4800 γέλως,
1276 4734 1351 4799 ὡς
1385 4737 1442 4788 ὲν
1479 4736 1557 4809 τῷ

79 4806 246 4863 τίνεσθαι
275 4817 406 4891 μόνῳ
438 4821 609 4875 δοκῶν
634 4817 791 4885 εἶναι,
820 4823 914 4875 καὶ
944 4823 1141 4892 μᾶλλον
1170 4824 1270 4878 ούκ
1294 4824 1370 4879 ῶν
1400 4827 1432 4898 ἦ
1457 4827 1554 4891 ὢν,

78 4902 446 4991 πξρισπούδαστος
499 4914 612 4975 τοῖς
660 4912 860 4984 ἄφροσι
909 4913 1157 4982 γίνεται·
1211 4914 1325 4969 ἔστι
1354 4915 1411 4969 δὲ
1462 4918 1556 4971 καὶ

78 4992 265 5081 ξιξΪιστος
291 5000 317 5051 ὁ
352 5002 541 5066 αὐτὸς,
567 5002 643 5066 ὡς
689 5004 909 5057 αἰωνίου
952 5004 1208 5075 πρόξενος
1236 5006 1512 5079 κλαυθμοῦ
1538 5025 1554 5041 ⁹

77 5070 117 5168 ξι,
135 5075 155 5126 δ
173 5097 306 5153 φησιν
325 5094 351 5144 ὁ
374 5095 516 5164 ἱερὸς
535 5094 694 5164 λόγος
712 5134 727 5159 ,
765 5070 1019 5164 κρεῖσσον
1048 5091 1185 5149 εἶναι
1224 5097 1318 5151 καὶ
1348 5070 1555 5168 βέλτιον

78 5155 129 5261 δτέ
144 5170 327 5233 μάλιστα
345 5155 472 5254 ἦθος
497 5155 739 5256 ξατῆφὲξ
762 5155 1199 5258 ἢιτεθρυμμένον
1219 5189 1313 5241 καὶ
1333 5155 1554 5261 ἀσέμνῳ

78 5251 207 5315 γέλωτι
228 5251 571 5346 διαχεόμενον.

76 5478 115 5537 ⁸¹
143 5493 331 5572 “Hoc
356 5509 549 5581 νόμιζε
583 5509 699 5581 τὴν
729 5513 962 5583 φρενῶν
990 5516 1337 5587 εὐκοσμίαν.

97 5600 352 5707 Χθξτάίῃτῶν
386 5625 653 5695 σωμάτων
699 5627 870 5696 κάλλη
916 5629 1426 5703 περιεργαζόμενοι,
1458 5634 1551 5688 καὶ

75 5694 113 5793 7³
138 5694 391 5784 τῆς’ψυχῆς
434 5694 657 5788 φίλτρον
704 5694 1141 5789 ἀναπτεροίῖντέέ
1196 5694 1353 5793 πρδ(
1387 5694 1549 5791 ait“:

79 5788 348 5887 ῗξξίνοήσατε
385 5809 478 5862 καὶ
510 5807 717 5869 σύνετε,
749 5810 823 5875 ὡς
858 5812 1072 5882 ματαίῳ
1101 5813 1193 5866 καὶ
1217 5813 1552 5887 ψευδωνύμῳ

79 5870 198 5934 κάλλει
223 5885 559 5966 ὲπερείδεσθε.
595 5870 816 5965 Κάλλας⁷
839 5870 945 5975 έάρ
968 5870 1182 5974 aias:
1220 5870 1316 5959 έεαὶ
1346 5870 1549 5979 κυρίωξ

1676 980 1747 1034 75
1782 979 1868 1034 Da
1887 1019 1901 1042 ,
1932 981 2103 1050 inquit
2134 992 2328 1037 venter.

1743 1069 2038 1141 Postquam
2075 1089 2172 1142 per
2191 1088 2389 1130 sensus
2417 1075 2613 1129 anima:
2635 1076 3002 1130 adhaarentem
3052 1076 3250 1132 intem-

1672 1162 1975 1232 perantiam
1998 1171 2051 1218 et
2079 1163 2421 1234 voluptatum
2444 1178 2685 1220 amorem
2710 1165 3042 1236 objurgavit,
3067 1166 3249 1237 gulam

1671 1251 1729 1305 in
1766 1250 1889 1305 istis
1922 1257 2181 1321 tanquam
2214 1252 2647 1311 efﬁcacissimam
2697 1255 3075 1313 fornicationis
3117 1271 3251 1311 cau-

1672 1354 1789 1395 sam
1820 1340 2220 1410 reprehendens
2250 1342 2406 1397 valde
2431 1342 2788 1414 philosophus
2809 1344 2913 1411 vir,
2947 1342 3045 1411 Da,
3076 1346 3252 1416 inquit

1670 1440 1873 1502 gaster,
1900 1439 2167 1502 quotquot
2198 1434 2387 1488 suavia
2410 1435 2478 1489 de
2507 1443 2672 1500 terra,
2722 1437 2790 1492 de
2818 1436 2977 1500 mari,
3006 1436 3075 1491 de
3099 1452 3250 1506 aere;

1671 1530 1941 1593 quotquot
1984 1524 2240 1579 alimenta
2273 1524 2490 1579 abunde
2538 1524 2771 1582 fundens
2816 1526 3105 1598 magniﬁca
3153 1526 3251 1583 Dei

1672 1630 1871 1671 manus
1921 1615 1989 1670 ad
2038 1614 2327 1671 fruendum
2374 1618 2592 1686 sparsit.
2651 1617 2760 1682 Da,
2811 1618 2991 1687 inquit
3032 1625 3250 1687 gaster,

1671 1708 1887 1777 plenius
1925 1708 2263 1779 gustavisse,
2303 1716 2358 1763 et
2402 1708 2522 1764 istis
2561 1709 2945 1765 insatiabiliter
2983 1710 3246 1779 repletum

1673 1811 1817 1860 esse;
1843 1803 1897 1851 et
1925 1810 2027 1868 ego
2065 1805 2278 1866 gastro:
2315 1796 2373 1850 Si
2404 1798 2681 1867 sapienter
2706 1805 2761 1853 et
2790 1798 2857 1853 ad
2895 1797 2990 1853 Dei
3020 1800 3247 1870 gloriam

1673 1888 1813 1944 datis
1845 1889 1922 1943 uti
1955 1888 2208 1952 sciveris,
2237 1899 2432 1959 sponte
2455 1890 2596 1944 dabo
2620 1898 2883 1961 quantum
2903 1891 3115 1960 justum
3139 1903 3246 1959 est;

1675 1980 1722 2036 si
1762 1990 1941 2036 autem
1977 1996 2087 2035 non
2117 1982 2393 2051 sapienter
2423 1997 2523 2037 nec
2554 1992 2924 2053 temperanter
2951 1985 3251 2040 esculentis

1673 2080 1835 2128 utens
1865 2073 1930 2128 ad
1972 2072 2190 2129 intimas
2218 2082 2276 2128 et
2306 2074 2572 2129 ventrales
2594 2073 2910 2143 cupiditates
2941 2077 3246 2141 declinans.

1674 2162 2006 2219 incentivum
2037 2165 2103 2218 ad
2132 2166 2414 2220 lasciviam
2446 2175 2501 2221 et
2525 2160 2772 2223 Factoris
2804 2169 3063 2238 injuriain
3087 2169 3249 2225 alTec-

1674 2263 1778 2316 tas,
1812 2256 1942 2324 quid
1977 2257 2165 2312 dabo?
2201 2257 2319 2314 Nisi
2352 2256 2557 2325 timum,
2595 2273 2731 2315 sane
2789 2262 3155 2317 necessariam
3194 2273 3250 2316 et

1673 2346 1791 2401 sine
1848 2363 1955 2418 qua
2013 2349 2198 2404 vivere
2242 2351 2540 2421 nequimus
2594 2364 2843 2408 assumes
2882 2368 3101 2417 escam,
3152 2354 3248 2407 sed

1670 2438 1889 2493 brevem
1938 2452 1993 2494 et
2036 2455 2147 2495 non
2190 2441 2589 2508 abundantem,
2629 2459 2698 2499 ne
2744 2444 3009 2499 satianter
3048 2446 3248 2514 impin-

1672 2538 1868 2598 guatus
1900 2529 2219 2595 insoleseas,
2254 2533 2299 2585 si
2334 2530 2495 2597 forte,
2528 2533 2729 2603 inquit,
2764 2534 2979 2604 jejunio
3007 2535 3250 2605 prudens

1671 2618 1895 2674 cﬂ'eetns
1915 2622 2150 2690 teipsutn
2176 2624 2437 2677 cohibeas
2463 2632 2517 2678 et
2543 2624 2947 2680 irrationabiles
2975 2626 3250 2696 appetitus

1671 2710 1920 2778 corporis
1943 2726 2207 2769 revocans
2232 2723 2283 2767 et
2308 2729 2512 2769 sanans
2531 2715 2751 2770 humilis
2771 2714 2888 2781 ﬁas,
2911 2731 3019 2771 non
3045 2717 3249 2771 invide-

1670 2796 1852 2853 bimus
1879 2800 1974 2853 tibi
1998 2801 2360 2857 sullicienlcm
2383 2804 2757 2859 abundantius
2781 2820 2964 2860 escam
2986 2806 3245 2875 praebere.

1671 3073 1740 3130 77
1783 3072 1940 3130 Risus
1973 3076 2084 3129 risu
2115 3075 2307 3146 dignus
2332 3086 2411 3130 est
2443 3077 2697 3133 cordatts.

1740 3165 2152 3237 Lonsequenter
2205 3168 2427 3235 sapiens
2482 3167 2744 3236 juvenum
2804 3166 2857 3221 in
2889 3167 3091 3223 divinis
3126 3184 3246 3223 ma-

1668 3258 1867 3331 gister,
1896 3267 2187 3329 postquam
2235 3259 2534 3329 ingluviem
2573 3258 2886 3331 objurgavit
2925 3267 2979 3313 et
3022 3259 3248 3315 sedendi

1668 3352 1736 3407 ad
1779 3368 1997 3409 mensas
2050 3353 2442 3419 voracitatem,
2498 3354 2818 3424 adjunctum
2873 3355 3009 3426 ipsis
3073 3361 3245 3413 risum

1667 3445 2010 3499 luxuriosum
2048 3446 2396 3515 reprehendit
2437 3460 2490 3502 et
2539 3447 2707 3503 risum
2742 3462 2956 3502 omnem
3010 3450 3123 3503 risu
3158 3451 3246 3506 tli-

1666 3550 1831 3605 gnum
1864 3536 2141 3600 ostendit,
2176 3536 2391 3592 scilicet
2442 3551 2550 3590 non
2594 3537 2770 3591 solum
2818 3547 3072 3607 tanquam
3108 3556 3244 3610 pue-

1665 3642 1850 3681 rorum
1887 3628 2262 3698 insipientium
2298 3636 2351 3683 et
2381 3629 2668 3699 disciplina
2702 3631 3005 3684 carentium
3040 3640 3243 3700 partes.

1666 3721 1870 3790 quibus
1916 3722 2175 3776 universa
2213 3722 2327 3775 vita
2373 3722 2606 3776 ridicula
2639 3734 2691 3776 et
2736 3737 2846 3777 non
2888 3723 3151 3793 castigata
3192 3732 3247 3779 et

1667 3814 1917 3869 licentior
1942 3814 1996 3868 in
2022 3814 2452 3869 scurrilitatibus
2477 3824 2529 3868 et
2557 3813 2771 3869 facetiis
2791 3821 2845 3868 et
2877 3815 3245 3883 voluptatibus

1664 3906 1996 3971 viventibus,
2027 3906 2123 3961 sed
2149 3905 2311 3960 etiam
2338 3920 2446 3958 non
2476 3905 2656 3960 minus
2686 3905 3025 3960 luxuriosum
3059 3916 3240 3961 osten‘

1665 3999 1744 4053 dit
1774 3997 2186 4067 despiciendum
2229 4005 2284 4051 et
2321 3996 2433 4051 Deo
2469 3994 2730 4050 odibilem
2768 4006 2823 4053 et
2859 3996 3241 4051 detestandum

1663 4098 1926 4160 tanquam
1961 4089 2118 4158 juxta
2149 4087 2442 4156 Evangelia
2475 4085 2695 4158 dignum
2728 4088 3021 4159 gemitibus
3060 4097 3111 4143 et
3144 4090 3242 4143 lle-

1666 4180 1813 4236 tibus
1831 4180 1885 4232 in
1910 4178 2155 4250 gehenna
2173 4187 2228 4232 et
2255 4178 2499 4231 dentium
2526 4177 2857 4233 stridoribus
2888 4194 3075 4233 ansam
3104 4196 3243 4250 pra:-

1665 4272 1921 4338 bentem;
1956 4278 2039 4327 est
2092 4277 2275 4325 autem
2326 4268 2692 4340 lacrymarum
2749 4270 2802 4323 in
2846 4273 3150 4329 aeternitate
3190 4283 3245 4328 ct

1661 4366 1868 4437 judicio
1908 4363 2235 4435 prooemium
2275 4372 2466 4432 patens
2511 4362 2696 4419 videre
2750 4363 2804 4419 in
2856 4364 2959 4419 ista
3009 4368 3239 4422 cachin-

1664 4470 1863 4511 norum
1932 4453 2469 4523 indisciplinatorntn
2537 4453 2902 4509 immoderata
2971 4454 3243 4513 eﬂ'usionc

1666 4545 2146 4617 superabundante
2166 4553 2220 4600 et
2251 4544 2624 4598 membrorum
2649 4546 2986 4608 extensione.
3012 4556 3064 4601 ct
3088 4563 3244 4618 pres-

1665 4641 1821 4695 sione
1855 4638 2173 4701 oculorum,
2218 4636 2364 4691 unde
2399 4635 2729 4707 quandoque
2773 4638 3013 4709 lacryma
3051 4641 3238 4695 multis

1664 4733 1854 4788 stillat.
1890 4730 1999 4786 lste
2018 4744 2149 4800 ergo
2195 4728 2537 4799 sapientibus
2568 4728 2683 4783 risu
2724 4728 2923 4799 dignus
2961 4732 3106 4786 risus
3144 4735 3237 4803 qui

1664 4834 1876 4879 tantum
1906 4822 2124 4878 videtur
2163 4836 2318 4885 esse,
2354 4829 2409 4875 et
2453 4822 2627 4891 magis
2672 4838 2781 4877 non
2816 4834 2899 4878 est
2934 4839 3095 4894 quam
3130 4830 3233 4890 est,

1663 4926 1717 4972 et
1747 4916 1815 4971 ab
1846 4912 2284 4985 imprudentibus
2315 4912 2529 4968 ardenti
2555 4912 2918 4970 insectatione
2948 4915 3234 4985 quteritur.

1665 5009 1760 5064 Est
1792 5018 1845 5064 et
1872 5006 2216 5063 miserandus
2253 5004 2358 5060 iste
2392 5012 2652 5074 tanquam
2694 5013 3027 5060 aeternorum
3062 5008 3236 5077 gemi-

1664 5110 1814 5154 tuum
1846 5109 2070 5163 auctor;
2097 5098 2323 5162 idcirco,
2355 5098 2531 5168 inquit
2554 5104 2778 5151 sanctus
2805 5112 3007 5162 sermo,
3040 5098 3235 5153 melius

1660 5202 1744 5248 est
1779 5202 1833 5246 et
1861 5191 2077 5263 expedit
2110 5191 2284 5261 magis
2319 5189 2566 5245 moribus
2606 5189 2894 5243 taciturnis
2925 5205 3044 5246 esse
3071 5206 3231 5261 quam

1660 5286 1715 5340 in
1751 5285 1963 5341 deliciis
1996 5284 2228 5339 eﬂusum
2272 5291 2327 5337 ct
2370 5282 2426 5337 in
2478 5282 2683 5337 risibus
2714 5283 2807 5353 qui
2853 5282 2923 5337 ad
2965 5283 3233 5338 rationem

1659 5394 1768 5433 non
1796 5378 2090 5449 pertinent.

1657 5520 1721 5576 8!
1769 5519 2221 5575 Puto/tritudinem
2261 5522 2507 5578 existima
2550 5521 2737 5577 mentis
2783 5529 3053 5577 ornatum.

1720 5633 1825 5698 Qui
1875 5648 2168 5705 corporum
2222 5643 2569 5692 venustatem
2616 5635 2881 5706 deperitis
2930 5641 2984 5688 et
3029 5632 3223 5687 animae

1650 5723 1877 5780 affectus
1894 5725 1960 5779 ad
1986 5726 2146 5780 istam
2180 5726 2361 5790 eietis,
2397 5727 2573 5799 sapite
2599 5736 2655 5782 et
2686 5727 2996 5797 intelligite,
3025 5737 3221 5779 vanam

1647 5821 1701 5869 et
1744 5813 1866 5869 falsi
1937 5816 2179 5872 nominis
2250 5819 2716 5888 pulchritudinem
2774 5816 3224 5875 animadvertite;

1649 5908 2001 5978 pulchritudo
2029 5910 2177 5966 enim
2211 5928 2337 5969 vere
2366 5922 2418 5970 et
2448 5914 2690 5985 proprie,
2730 5920 2784 5969 et
2818 5918 2905 5967 est
2933 5918 2987 5967 et
3008 5920 3229 5963 nuncu-
