3814 6550
7 433 56 491 ορ
951 413 1016 467 IN
1041 411 1353 473 asumma
1385 408 1666 467 summa
1702 412 1755 466 s.
1791 392 2138 469 casconn.

7 548 119 603 τῶν.
150 536 390 610 Παραινεῖ
413 530 588 586 τοίνυν
606 532 635 585 ὁ
663 530 936 598 θειότατος
978 534 1279 607 Γρηγάριος
1308 535 1477 606 ὑψοῦ,

7 643 65 693 ian
110 633 201 705 μὲν
238 626 310 698 τῷ
352 624 449 696 βίῳ
487 622 576 677 διὰ
626 623 994 697 θεομιμησιας
1039 626 1359 696 ἐγγίζοντας
1400 628 1493 699 τῷ.

8 732 100 793 pagi
124 724 205 779 καὶ
228 716 456 788 ταπεινῷ
485 717 582 788 τὴν
626 718 857 789 καρδίαν
894 717 1095 792 Ἰησοῦ,
1129 720 1267 776 ἀλλὰ
1301 720 1375 791 μὴ
1402 714 1482 793 τῷ

8 788 224 888 ίονήματι
264 806 637 876 κατοιομένους
668 808 764 861 καὶ
796 809 1277 880 καταφρονοῦντας
1306 813 1480 881 ὑπερ.

14 909 202 983 ρεσθαι.⁹
248 904 355 957 θεοῖ
383 900 477 970 μὲν
503 898 610 970 γὰρ
641 902 669 952 ὁ
703 900 817 970 βίος
843 905 908 974 τῇ
950 905 1178 975 μιμήσει
1213 902 1309 959 τοῦ
1346 906 1482 976 Χρι-

7 1002 81 1064 ςοῦ,
110 1002 167 1070 τῇ
208 990 639 1067 μεγαλοφροσύνῃ
687 992 745 1046 δὲ
792 994 939 1063 μέγα
986 995 1186 1066 πτῶμα
1224 996 1364 1049 κατὰ
1411 997 1480 1050 τὰ

10 1091 180 1165 αρχικὰ
224 1085 489 1159 μαρτύρια
531 1083 834 1138 ἀκολουθεῖ.
872 1084 1041 1138 Πόθεν
1083 1082 1175 1140 οῦν
1223 1086 1477 1160 ἐπιτεύξῃ

15 1207 36 1251 ς
68 1182 303 1253 ὑψούσης,
336 1179 453 1247 ἦτοι
490 1174 719 1246 θεούσης
743 1177 1281 1249 ταπεινοφροσύνηςς
1325 1179 1357 1250 ἢ
1399 1179 1480 1250 τῷ

7 1294 16 1346 ι
58 1276 153 1335 τοῖς
197 1269 404 1340 μικροῖς
446 1265 639 1318 ἑαυτὸν
683 1265 988 1337 μετροῦντα
1027 1268 1123 1321 καὶ
1164 1270 1305 1339 πρὸς
1349 1270 1477 1333 τοὺς

8 1363 272 1437 ,μαιζήλους
304 1356 661 1428 συγκρίνοντα
696 1359 817 1429 εἰκῆ
854 1359 1217 1431 ὑπερφρονεῖν
1250 1362 1343 1415 καὶ
1376 1380 1475 1433 με·

8 1454 359 1526 λορέημονεῖν
415 1450 448 1519 ἡ
508 1449 617 1519 γὰρ
669 1450 807 1521 πρὸς
852 1452 980 1516 τοὺς
1030 1454 1229 1524 ἥττους
1280 1458 1476 1510 ἑαυτοῦ

8 1544 315 1619 ,ραμέτρησις
343 1541 437 1594 καὶ
482 1539 831 1607 ἀντεξέτασις
858 1544 921 1597 τὸ
960 1545 1214 1618 φρόνημα
1261 1549 1477 1614 πάντως

7 1641 21 1690 l
43 1638 121 1689 τὸν
139 1634 254 1688 νοῦν
285 1633 360 1695 ὡς
380 1631 490 1685 τῶν
521 1632 733 1687 πολλῶν
756 1635 1092 1707 ὑπερέχοντα
1118 1640 1440 1711 μετεωρίζει
1460 1657 1473 1669 ·

21 1729 83 1791 δὲ,
104 1723 246 1795 φησὶ,
274 1721 411 1791 πρὸς
436 1721 538 1791 τὴν
569 1722 790 1793 ἐντολὴν
821 1725 1043 1796 ἀφορῶν
1069 1729 1163 1781 καὶ
1196 1730 1360 1784 αὑτὸν
1385 1731 1477 1784 τὸν

7 1812 292 1885 ςσωτηρίας
322 1811 703 1882 ἐντελλόμενον
742 1814 847 1866 κᾶν
887 1815 982 1869 ἐπὶ
1012 1817 1145 1871 πολὺ
1184 1819 1294 1873 τῶν
1336 1820 1477 1873 ἐθνι-

8 1923 30 1968 ς
58 1904 253 1967 ζώντων
298 1900 495 1972 ἀρθῇς,
540 1901 642 1958 κᾶν
689 1903 905 1969 πολλοῖς
957 1907 1067 1961 τῶν
1114 1906 1172 1964 εὖ
1220 1911 1477 1981 βιούντων

8 1997 164 2067 mea;
185 1999 241 2050 ἐν
271 1995 532 2067 ἀληθείᾳ,
563 1997 681 2067 ὄψει
709 1999 859 2054 κάτω
890 2002 1138 2074 κείμενον
1168 2006 1358 2061 ἑαυτὸν
1388 2011 1483 2063 καὶ

7 2108 20 2151 ;
47 2090 202 2158 ἄκρας
230 2088 669 2158 ἀπολειπόμενον
700 2092 1060 2165 τελειότητος.

18 2180 187 2257 ᾼᾷξαν
212 2180 387 2257 δίωκε
409 2179 571 2257 [nite
598 2182 973 2257 adoqrﬂrit’
1003 2186 1158 2257 ἄγαν
1178 2207 1192 2220 ’

20 2252 294 2318 Ιιξκεῖσο-ον
324 2251 439 2321 γὰρ
487 2249 642 2306 εἶναι
672 2254 780 2309 τοῦ
805 2249 1022 2311 δοκεῖν.
1050 2249 1062 2257 ’
1446 2320 1449 2325 ,

8 2365 120 2416 Ἐστι
154 2364 277 2430 δὸξα
325 2364 424 2418 καὶ
482 2365 643 2438 φήμη
693 2385 777 2431 τις
830 2369 1008 2441 ἀγαθὴ
1059 2372 1153 2425 καὶ
1195 2374 1288 2426 ἐπὶ
1346 2372 1480 2428 πολὺ

7 2473 64 2518 λος
92 2456 177 2508 τοῦ
212 2456 425 2527 κόσμου
463 2457 607 2528 πρὸς
639 2459 831 2529 καιρὸν
860 2462 1093 2534 χεομένη
1128 2464 1222 2517 καὶ
1251 2466 1331 2527 είς
1380 2465 1483 2535 μά-

7 2566 51 2600 ον
74 2550 175 2606 τοῖς
207 2548 595 2619 δοξαζομένοις
614 2550 964 2624 πληθυομένη
996 2554 1090 2608 καὶ
1118 2555 1377 2627 κενὸν,ἣν
1395 2558 1485 2611 ἐπὶ

8 2640 71 2711 ,ὁῃ
98 2640 348 2694 πλειόνων
381 2642 720 2710 μεγαλύνειν
765 2641 905 2698 οἶδεν
937 2647 965 2699 ὁ
1005 2646 1219 2718 ἐχθρός·
1255 2651 1350 2703 καὶ
1369 2648 1483 2702 ἔστι

7 2750 27 2785 z
52 2733 143 2785 τῶν
175 2733 335 2799 ὁσίως
364 2733 636 2804 βιούντων
669 2736 763 2790 ἐπί
795 2737 893 2808 τῆς
923 2738 1026 2809 γῆς
1056 2743 1480 2814 κραταιουμένη,

7 2843 21 2888 ;
53 2827 135 2878 καὶ
168 2826 301 2897 πρὸς
335 2826 641 2898 οἰκοδομὴν
674 2827 784 2881 τῶν
828 2828 1160 2895 δοξαζόντων
1211 2832 1349 2903 πρὸς
1388 2834 1483 2887 τοῦ

9 2916 33 2969 ὗ
70 2921 449 2989 συγκροτεῖται
482 2920 583 2973 καὶ
629 2918 891 2989 ὑψοῦται·
928 2922 994 2975 σὺ
1028 2921 1086 2975 δὲ
1128 2924 1264 2994 μήτε
1303 2927 1483 2980 πᾶσαν

8 3008 512 3080 ῦπερισπούδαστον
543 3013 640 3066 καὶ
668 3013 844 3084 ἑαυτῷ
873 3014 1204 3085 προσαύξειν
1233 3018 1482 3089 ἐπιζήτει

8 3103 34 3154 ἃ
61 3110 176 3167 τοὺς
202 3103 519 3175 ὑποκριτὰς
548 3107 645 3158 καὶ
673 3104 1004 3178 δοξοχαρεῖς,
1040 3107 1163 3176 μήτ’
1192 3102 1283 3160 οῦν
1315 3108 1484 3179 αὐτῆς

14 3194 71 3245 δι’
102 3196 303 3267 ἀρετὴν
330 3196 723 3268 κρατουμένης
767 3197 907 3265 ἄγαν
940 3199 1170 3268 ἀντέχου
1204 3199 1299 3252 καὶ
1337 3200 1483 3254 ἀντιο

7 3284 42 3336 ιῦ
64 3303 75 3315 ·
119 3287 169 3337 τί
197 3288 313 3358 γάρ
352 3304 443 3340 σοι
491 3288 592 3341 καὶ
626 3290 691 3359 τῇ
735 3287 998 3361 ὑπολήψει
1032 3290 1140 3343 τῶν
1176 3290 1406 3356 πολλῶν,
1438 3284 1483 3360 ᾧ

14 3374 139 3433 εἶναι
173 3380 343 3445 πολὺς
382 3383 415 3434 ὁ
451 3381 656 3450 λόγυς;
706 3384 960 3453 κρεῖσσον
997 3382 1105 3454 γὰρ
1138 3385 1483 3455 ἀσυγκρίτως

7 3468 102 3525 ἷναι
146 3474 239 3528 τοῦ
273 3475 465 3529 δοκεῖν
492 3492 508 3505 ·
560 3477 641 3538 είς
669 3474 723 3529 τί
766 3469 860 3529 οὖν
892 3493 975 3529 σοι
1009 3477 1161 3546 μέλει
1210 3478 1485 3549 σπουδαίῳ

20 3564 105 3617 τοῦ
146 3566 469 3630 σπουδαίως
518 3561 663 3620 εἶναι
702 3565 917 3634 δοκεῖν;
970 3567 1213 3638 πλουσίῳ
1246 3568 1360 3623 ὄντι
1390 3569 1485 3623 καὶ

7 3670 93 3707 των
108 3656 303 3728 πλήρει
327 3656 570 3726 ἀγαθῶν
588 3657 642 3711 τί
663 3674 745 3711 σοι
772 3657 954 3729 μέλον,
983 3661 1033 3711 εί
1061 3658 1205 3712 τοῦτ’
1226 3658 1485 3727 ἀγνοοῦν-

8 3744 271 3816 ἇνθρωποι
303 3746 544 3818 πένητά
573 3763 632 3799 σε
667 3747 759 3800 καὶ
800 3747 954 3818 ἐνδεῆ
984 3747 1483 3818 ὑπολαμϐάνουσιν;

8 3855 37 3888 υ
70 3841 160 3891 καὶ
199 3840 325 3911 Θεῷ
376 3840 549 3910 φίλον
587 3839 714 3893 ὄντα
739 3840 867 3893 ποία
905 3857 988 3894 σοι
1031 3841 1270 3911 φροντὶς,
1314 3842 1360 3893 εί
1411 3839 1483 3910 μὴ

7 3947 29 3982 ο
58 3930 199 3985 ἴσασι
227 3931 433 3986 πολλοί
459 3949 476 3997 ;
503 3932 573 3985 Εἰ
602 3932 646 3984 δ’
675 3931 913 4002 ἄμετρος
934 3928 1003 3996 εἴ,
1032 3930 1258 3995 πολλοὺς
1282 3930 1484 3984 ἐθέλων

38 4022 334 4086 ἐπαινέτας
373 4023 564 4093 ἔχειν,
612 4021 751 4075 ὥστε
796 4023 970 4095 ταύτῃ
1014 4022 1231 4087 πλείους
1286 4023 1487 4076 οἰκοδοο

35 4112 109 4177 είς
138 4113 374 4185 ἀρετὴν,
435 4112 589 4167 ἀλλὰ
633 4114 696 4167 σὺ
731 4113 807 4184 μὴ
852 4114 952 4185 τὴν
1000 4114 1238 4184 ματαίαν
1290 4113 1487 4183 θήρευε

7 4221 25 4255 ν
66 4206 164 4275 τὴν
216 4208 287 4260 ἐκ
335 4206 461 4261 τῶν
530 4206 659 4276 είκῆ
716 4206 1129 4278 μακαριζόντων
1175 4224 1233 4259 σε
1279 4207 1488 4278 πλάνην

7 4292 335 4366 μὸούμενος,
378 4295 540 4368 μηδὲ
572 4296 675 4366 τὴν
726 4297 856 4349 νέαν
899 4295 989 4348 καὶ
1033 4295 1091 4361 ἐξ
1133 4295 1489 4367 ἀνθρωπίνων

8 4386 191 4451 μάτων
240 4387 345 4440 καὶ
396 4386 628 4458 θρόνων
671 4385 1104 4456 προστιθεμένην
1153 4385 1246 4438 καὶ
1291 4386 1484 4458 τιμῶν.

7 4474 65 4547 ἀρ
88 4477 290 4551 κέρδος
321 4478 595 4550 πιθήκῳ,
629 4476 695 4531 ἂν
721 4476 859 4531 λέων
888 4478 1151 4549 νομισθῇς
1186 4477 1373 4543 Οὕτως
1401 4479 1490 4532 οὑ-

7 4587 20 4619 ι
60 4571 274 4641 ὄνησις,
329 4569 587 4641 ἐμπαθῆ
632 4568 760 4622 ὄντα
804 4569 897 4621 καὶ
939 4570 1126 4640 ἀτελῆ,
1180 4569 1360 4642 ἀπαθῆ
1393 4570 1487 4624 καὶ

7 4679 60 4716 ον
104 4665 446 4738 ἀνθρώποις
505 4658 654 4716 εἶναι
700 4661 909 4715 δοκεῖν·
959 4662 1185 4733 οὐδεμία
1232 4662 1487 4733 ὠφέλεια,

8 4775 69 4809 ,ον
100 4758 236 4813 ὄντα
274 4758 593 4829 βασιλείας
645 4757 678 4828 ἢ
734 4757 1039 4829 ίεραρχίας,
1085 4756 1236 4823 ἄξιον
1280 4755 1494 4829 νομίζε-

7 4867 15 4879 ’
45 4849 242 4924 ῶσπερ
285 4852 429 4905 οὑδὲ
470 4851 699 4921 πτωχὸν
724 4852 819 4904 καὶ
852 4850 1019 4922 ἄρτου
1053 4850 1241 4920 ἐπιδεῆ
1289 4851 1490 4921 τυγχά-

14 4984 28 5004 ,
58 4945 219 4999 οὐδὲν
267 4946 447 5000 ἔσται
509 4944 655 5015 πρὸς
702 4945 911 5015 κέρδος,
943 4942 1144 5015 χρυσοῦ
1181 4942 1490 5016 θησαυροὺς

7 5034 149 5103 ξσθαι
186 5036 432 5098 πολλοῖς
464 5033 899 5103 ὑπονοούμενον.

8 5150 107 5201 iret
137 5150 268 5218 μὲν
309 5147 567 5208 ἄλλον,
600 5144 687 5214 μὴ
722 5146 929 5214 φρόνει
961 5144 1013 5198 δ’
1042 5145 1416 5214 αἰνούμενος.

8 5262 111 5318 ιλον
145 5265 277 5337 μὲν,
314 5262 514 5335 φησὶν
563 5262 589 5313 ὀ
625 5258 916 5333 μακάριος,
948 5261 1191 5313 ἐπαινεῖν
1228 5260 1315 5313 ἐπ’
1342 5261 1491 5315 εὐσε-

27 5358 121 5409 καὶ
183 5359 379 5430 ἀρετῇ
446 5353 652 5417 οῦπως
704 5352 770 5408 ἂν
814 5351 1154 5424 κωλύσαιμι,
1204 5352 1341 5406 ἀλλὰ
1394 5354 1488 5409 καὶ

7 5446 287 5519 ινέσαιμι·
332 5446 403 5499 σὲ
467 5444 537 5498 δὲ
587 5444 726 5515 πρὸς
754 5444 927 5499 ἄλλων
955 5441 1365 5513 ἐπαινούμενον,
1415 5444 1490 5517 μὴ

8 5544 304 5612 .οφρονεῖν,
347 5538 513 5611 μηδὲ
551 5539 667 5600 τοῖς
700 5537 941 5599 ἐπαίνοις
973 5536 1096 5607 είκῆ
1130 5535 1491 5608 φυσιούμενον

14 5626 247 5705 φρονεῖν
318 5628 687 5703 παρεγγυῶ.
751 5616 988 5682 Δεδιέναι
1053 5629 1159 5701 γὰρ
1204 5629 1350 5697 ἄξιον
1398 5632 1493 5685 καὶ

8 5726 186 5778 εῖσθαι
213 5765 230 5789 ,
328 5725 571 5794 μήπως
643 5719 750 5772 τῶν
816 5719 1193 5791 κροτουμένων
1260 5721 1492 5777 ἐπαίνων

8 5816 77 5871 ῶν
112 5815 543 5887 ἀπελεγχθῇςο
581 5810 716 5864 ἀλλὰ
744 5811 836 5864 καὶ
872 5810 1009 5882 πρὸς
1038 5809 1135 5881 τὴν
1166 5810 1276 5864 τῶν
1314 5812 1490 5867 ἄλλων

8 5912 112 5963 γίαν
144 5912 213 5963 οὐ
251 5909 599 5980 πρόχειρον
630 5904 738 5956 οὐδ’
780 5903 996 5972 ἕτοιμον
1028 5899 1168 5957 εἷναί
1212 5920 1268 5957 σε
1315 5906 1344 5958 ὁ
1386 5906 1489 5976 τῆς

120 6006 438 6068 Ρλτιιοι..
485 5999 541 6056 G
560 6016 621 6059 ιι.
654 5997 1018 6060 XXXVIII.

3058 415 3161 471 810

1586 535 1764 591 lamur
1795 551 1889 605 per
1921 536 2275 590 titillationem
2308 536 2424 591 miti
2447 544 2499 591 et
2536 538 2724 593 humili
2754 538 2917 593 corde
2941 537 3161 593 Christo

1583 627 2088 697 appropinquantes
2115 668 2124 687 .
2152 626 2247 682 sed
2277 641 2567 684 caveamus
2597 644 2666 685 ne
2703 628 3032 684 conﬁdentia
3070 636 3160 683 tu-

1581 726 1795 773 mentes
1834 726 1888 772 et
1921 717 2302 787 superbientes
2342 731 2444 772 nos
2479 717 2910 787 magniﬁcemus.
2949 716 3162 772 Etenim

1582 807 1799 863 deiﬁcat
1831 812 1946 864 vita
1973 809 2173 865 Christi
2216 809 2478 863 imitatrix
2498 849 2511 873 ,
2553 816 2606 863 et
2637 810 2803 863 animi
2835 809 3163 864 extollentiae

1577 901 1735 971 juxta
1776 902 2090 959 testimonia
2135 903 2319 957 divina
2368 902 2554 957 clades
2603 916 2797 972 magna
2845 902 3161 955 comitatur.

1582 994 1736 1050 Unde
1775 1006 1907 1065 ergo
1951 995 2317 1066 comparanda
2362 1009 2485 1064 quae
2538 993 2742 1048 exaltat
2795 1007 2895 1048 seu
2947 993 3163 1047 deiﬁcat

1584 1086 1904 1142 humilitas?
1938 1086 2087 1141 Hanc
2110 1086 2378 1141 obtincbit
2404 1085 2496 1156 qui
2523 1100 2630 1141 non
2655 1084 2892 1155 seipsum
2926 1085 3164 1139 minimis

1580 1179 1889 1249 quibusque
1926 1180 2272 1249 a>quiparans
2311 1186 2367 1234 et
2404 1194 2526 1233 cum
2570 1177 2798 1246 abjectis
2829 1190 3164 1246 componens

1582 1280 1782 1325 temere
1823 1270 2103 1339 superbiet
2141 1279 2192 1324 et
2237 1284 2296 1324 se
2330 1268 2733 1338 magniﬁcabit;
2770 1282 3007 1337 namque
3038 1282 3163 1322 cum

1581 1360 1937 1417 inferioribus
1975 1360 2332 1434 aequiparatio
2369 1362 2451 1415 sui
2506 1370 2555 1415 et
2601 1361 2822 1415 collatio
2858 1360 3164 1430 intelligen-

1580 1453 1710 1507 tiam
1757 1452 1982 1506 omnino
2013 1460 2068 1507 et
2112 1452 2355 1506 animum
2402 1451 2467 1505 ad
2513 1453 2879 1522 arrogantiam
2931 1452 3161 1516 inducit,

1578 1544 1735 1615 quasi
1768 1560 1932 1614 supra
1970 1544 2172 1599 multos
2214 1543 2525 1599 ell'eramur.
2577 1543 2656 1598 Tu
2697 1552 2912 1607 autem,
2949 1545 3163 1615 inquit,

1579 1637 1895 1693 mandatum
1920 1638 2279 1694 considerans
2300 1645 2353 1693 et
2378 1652 2502 1692 eum
2528 1638 2619 1708 qui
2647 1638 2875 1692 salutem
2904 1637 3160 1708 injungit,

1579 1728 1707 1783 licet
1745 1729 1905 1801 longe
1934 1731 2149 1787 ethnice
2177 1732 2426 1786 viventes
2458 1745 2683 1800 superes
2705 1771 2719 1793 ,
2755 1730 2879 1785 licet
2908 1732 3164 1800 plurimis

1582 1823 1720 1876 bene
1734 1823 2029 1878 viventium
2054 1824 2248 1878 similis
2271 1824 2323 1877 in
2344 1824 2572 1877 veritate
2593 1823 2906 1888 inveniaris,
2926 1825 3159 1893 Ireipsum

1590 1912 1737 1967 humi
1761 1914 2033 1983 jacenlcm
2062 1916 2271 1971 videbis
2287 1924 2339 1971 et
2360 1916 2516 1986 longe
2545 1931 2574 1970 a
2599 1932 2809 1972 summa
2830 1917 3163 1986 perfectione

1587 2004 1907 2062 distantem.

1585 2178 1653 2252 {)5
1692 2177 1931 2252 gloriam
1958 2198 2282 2252 persequere,
2310 2199 2413 2237 non
2439 2200 2641 2238 omnem
2672 2202 2760 2239 nec
2794 2187 3117 2242 vehementer
3139 2227 3151 2241 .

1585 2249 1653 2301 94
1693 2248 1888 2305 Melius
1917 2248 1993 2305 est
2022 2248 2161 2307 enin:
2188 2269 2302 2308 esse
2333 2270 2494 2323 quam
2516 2256 2703 2311 videri.

1659 2361 1750 2417 Est
1779 2373 1833 2419 et
1863 2366 2057 2435 gloria,
2081 2378 2165 2422 est
2192 2377 2248 2423 et
2278 2367 2419 2423 fama
2450 2369 2593 2425 bona
2625 2377 2680 2425 et
2708 2385 2804 2440 per
2825 2371 3015 2425 mundi
3045 2387 3162 2426 ma-

1586 2471 1746 2527 gnam
1779 2469 1988 2527 partem
2015 2470 2324 2531 Opportune
2352 2463 2549 2518 diffusa
2573 2474 2629 2519 et
2649 2465 2973 2534 insipienter
2998 2476 3162 2537 atque

1585 2563 1723 2603 vane
1757 2548 1812 2604 in
1854 2550 2168 2609 hominibus
2219 2555 2504 2610 aestimatis
2537 2555 2854 2616 abundans.
2895 2570 3057 2625 quam
3093 2559 3160 2611 ad

1586 2642 1881 2697 multorum
1910 2646 2205 2714 perniciem
2231 2647 2580 2717 magniﬁcare
2615 2648 2764 2702 novit
2794 2648 3078 2713 inimicus;
3107 2660 3162 2706 et

1585 2742 1669 2788 est
1700 2743 1887 2790 sancte
1911 2736 2210 2791 viventium
2234 2739 2407 2809 gloria
2437 2756 2598 2810 super
2628 2749 2829 2797 terram
2859 2744 3161 2812 praevalens

1584 2840 1707 2895 qua;
1756 2834 1811 2880 et
1859 2825 1928 2880 ad
1969 2826 2386 2884 aediﬁcationem
2435 2830 2775 2884 laudantium
2821 2848 3005 2890 coram
3052 2833 3163 2889 Deo

1587 2918 1962 2987 spectaculum
1991 2927 2076 2976 est
2109 2928 2163 2976 et
2193 2922 2491 2987 exaltatio;
2521 2931 2579 2978 tu
2611 2932 2791 2979 autem
2823 2941 2923 2981 nec
2944 2942 3161 2982 omnem

1580 3011 1765 3080 judica
1795 3012 1977 3067 studio
2007 3012 2249 3083 dignam,
2281 3014 2372 3083 qui
2410 3015 2504 3069 tibi
2540 3025 2874 3074 crescentem
2915 3021 3163 3091 requiras

1583 3118 1702 3157 eam
1742 3103 2150 3175 hypocritarum
2185 3105 2360 3161 instar
2391 3114 2446 3162 et
2476 3108 2705 3178 gloriam
2746 3113 3154 3181 aucupantium,

1589 3209 1689 3250 uec
1721 3211 1853 3266 ergo
1881 3196 2055 3265 ipsam
2098 3205 2321 3268 propter
2360 3199 2616 3255 virtutem
2651 3203 2966 3271 applausam
2998 3205 3165 3259 nimis

1589 3286 1859 3341 insectare
1891 3287 1993 3357 ipsi
2026 3288 2242 3343 obviam
2280 3304 2528 3346 currens.
2570 3290 2712 3357 Quid
2752 3294 2897 3348 enim
2934 3294 3029 3349 tibi
3063 3310 3165 3365 pu-
3208 3306 3213 3311 ‘

1586 3380 1726 3435 blica
1753 3381 2124 3447 existimatio,
2175 3382 2266 3436 cui
2311 3398 2432 3438 esse
2477 3397 2673 3454 magna
2703 3400 2790 3440 res
2818 3387 2938 3441 est?
2972 3384 3165 3443 Melius

1585 3471 1728 3525 enim
1775 3479 1862 3526 est
1911 3472 2031 3527 sine
2078 3473 2247 3528 dubio
2277 3488 2399 3528 esse
2431 3489 2594 3543 quam
2625 3474 2820 3530 videri.
2852 3475 2993 3542 Quid
3034 3493 3166 3548 ergo

1588 3572 1676 3617 tua
1717 3563 1946 3619 interest
1986 3564 2218 3636 diligens
2263 3567 2353 3636 qui
2386 3566 2486 3634 sis,
2517 3566 2749 3638 diligens
2791 3569 2837 3625 si
2886 3569 3165 3625 videaris?

1588 3654 1748 3711 Dives
1774 3669 1899 3710 cum
1916 3658 1993 3713 sis
2006 3663 2061 3712 et
2077 3659 2329 3714 omnibus
2344 3659 2503 3715 bonis
2518 3659 2828 3729 abundans,
2842 3660 2973 3732 quid
3001 3660 3168 3715 refert

1588 3750 1635 3805 si
1690 3750 1793 3803 hoc
1850 3748 2164 3818 ignorantes
2211 3749 2463 3803 homines
2516 3764 2807 3821 pauperem
2851 3760 2905 3806 te
2932 3760 2988 3805 et
3024 3753 3169 3809 indi-

1587 3848 1799 3910 gentem
1846 3841 2207 3895 existiment?
2246 3841 2513 3896 Similiter
2549 3843 2728 3896 amico
2774 3841 2865 3897 Dei
2905 3844 3000 3899 tibi
3045 3858 3168 3913 quae

1588 3944 1754 3994 cura,
1792 3931 1838 3984 si
1886 3930 2014 3983 illud
2061 3944 2170 3983 non
2228 3931 2479 3984 noverint
2524 3932 2716 3986 multi?
2747 3933 2805 3989 Si
2832 3934 3035 3988 nimius
3081 3949 3164 3997 es,

1590 4020 1791 4075 multos
1820 4019 2048 4089 cupiens
2080 4020 2393 4075 laudatores
2425 4021 2646 4085 habere,
2675 4023 2832 4092 quasi
2866 4023 2994 4079 inde
3025 4026 3168 4079 mul-
3220 4022 3225 4026 ’

1590 4120 1770 4166 torum
1815 4110 1978 4165 fuerit
2016 4109 2305 4165 aediﬁcatio
2338 4112 2405 4166 ad
2472 4113 2761 4177 virtutem,
2818 4115 2913 4169 sed
2955 4122 3010 4168 tu
3054 4117 3167 4171 noli

1590 4218 1783 4257 vanam
1842 4202 2027 4258 venari
2068 4204 2340 4273 gloriam,
2392 4217 2582 4259 errore
2632 4204 2913 4260 hominum
2965 4218 3168 4263 temere

1591 4295 2012 4349 beatiﬁcantium
2048 4302 2101 4349 te
2140 4295 2425 4351 involvens
2456 4310 2558 4350 nec
2588 4297 2758 4366 gloria
2797 4312 2935 4351 nova
2967 4300 3035 4353 ab
3064 4299 3168 4353 hu-

1590 4388 1769 4442 manis
1804 4386 2220 4457 dignationibus
2261 4399 2315 4444 et
2354 4386 2570 4443 thronis
2597 4397 2651 4444 et
2684 4388 2987 4445 honoribus
3020 4390 3171 4446 deri-

1590 4485 1771 4534 vante.
1812 4476 1954 4544 Quid
1988 4479 2134 4533 enim
2169 4479 2383 4533 lucrum
2420 4479 2616 4543 simio,
2667 4480 2712 4535 si
2744 4480 2829 4535 leo
2872 4480 3173 4537 credatur?

1596 4574 1862 4630 Similiter
1909 4574 2061 4629 nulla
2127 4574 2373 4640 utilitas,
2426 4575 2824 4646 cupiditatibus
2888 4577 3172 4649 obtempe—

1592 4674 1803 4721 rantem
1850 4674 1905 4722 et
1958 4666 2360 4738 imperfectum,
2391 4667 2710 4723 hominibus
2762 4676 2943 4724 tamen
2997 4669 3169 4725 videri

1590 4758 1981 4828 morigeratum
2008 4765 2062 4813 et
2086 4756 2418 4828 perfectum;
2451 4758 2600 4810 nulla
2628 4757 2854 4820 utilitas,
2886 4759 3167 4830 indignum

1591 4850 1921 4918 quemlibet,
1970 4850 2115 4920 regia
2172 4856 2267 4903 aut
2309 4847 2634 4904 sacerdotali
2669 4850 2933 4920 dignitate
2984 4867 3169 4921 parem

1590 4940 1871 5007 aestimari,
1909 4942 2051 4995 sicut
2087 4956 2188 4996 nec
2221 4941 2448 5012 pauperi
2478 4949 2532 4996 et
2559 4956 2696 5009 pane
2727 4942 2991 5012 indigenti
3018 4945 3172 4997 lucro

1595 5041 1704 5099 est,
1735 5033 1783 5089 si
1816 5034 1933 5087 auri
1971 5034 2260 5089 thesauros
2295 5033 2499 5088 multos
2540 5033 2831 5104 possidens
2863 5043 3168 5103 reputetur.

1595 5146 1662 5202 97
1676 5143 1864 5199 Lauda
1880 5144 2087 5215 quidem
2114 5145 2303 5210 alium,
2318 5153 2373 5198 at
2396 5145 2648 5199 laudatus
2667 5161 2728 5198 ne
2742 5144 3038 5214 superbius,
3060 5154 3167 5201 etc.

1666 5258 1847 5312 Alium
1880 5257 2139 5329 quidem,
2179 5257 2357 5329 inquit
2396 5258 2626 5326 beatus,
2679 5258 2906 5315 laudare
2950 5270 3173 5330 propter

1597 5348 1851 5419 pietatem
1883 5357 1937 5404 et
1972 5350 2228 5404 virtutem
2260 5363 2369 5404 non
2402 5350 2746 5420 prohiberem
2767 5392 2782 5416 ,
2813 5351 2909 5407 sed
2936 5361 2989 5406 et
3015 5351 3081 5406 ad
3118 5352 3171 5406 id

1597 5441 1908 5510 provocabo
1935 5458 1950 5508 ;
1980 5448 2033 5495 te
2066 5448 2246 5494 autem
2272 5439 2343 5495 ab
2371 5440 2494 5496 aliis
2520 5427 2836 5496 laudato'ne
2863 5441 3170 5503 extollaris.

1594 5547 1731 5589 neve
1761 5541 1961 5587 temere
1989 5547 2097 5602 pra:
2124 5531 2375 5586 laudibus
2403 5540 2677 5587 tumescas
2700 5533 2923 5589 suadeo.
2949 5530 3173 5591 Timen-

1595 5626 1723 5680 dum
1777 5626 1923 5680 enim
1974 5625 2275 5693 meritoque
2328 5623 2625 5679 verendum
2677 5632 2760 5679 est
2807 5640 2875 5680 ne
2920 5625 3173 5681 laudibus

1600 5716 1893 5772 celebratis
1928 5717 2107 5771 minor
2140 5719 2394 5788 arguaris
2422 5736 2436 5785 ;
2471 5716 2565 5773 sed
2595 5726 2650 5772 et
2676 5716 2745 5770 ad
2770 5718 3000 5771 aliorum
3033 5734 3175 5787 pra:-

1596 5810 1813 5865 conium
1841 5826 1947 5864 non
1977 5810 2191 5865 facilem
2218 5826 2318 5865 nec
2350 5818 2658 5881 promptum
2688 5825 2807 5864 csse
2832 5825 3014 5864 sermo
3045 5828 3174 5866 san-

1595 5904 1666 5959 cti
1689 5902 1885 5974 judicii
1912 5911 1963 5960 te
1992 5905 2298 5975 praescribit
2324 5920 2339 5960 :
2366 5902 2824 5975 quemadmodum
2854 5904 3001 5958 enim
3028 5904 3171 5961 aesti-

2777 5999 2855 6056 26
