  <div class='ocr_page' id='page_1' title='image "/cluster/home/n/w/nwhite01/storage/ocr_20150623/38/hvd.32044014674576/415.png"; bbox 0 0 3814 6510; ppageno 0'>
   <div class='ocr_carea' id='block_1_1' title="bbox 635 383 736 442">
    <p class='ocr_par' dir='ltr' id='par_1_1' title="bbox 635 383 736 442">
     <span class='ocr_line' id='line_1_1' title="bbox 635 383 736 442; baseline -0.01 -1"><span class='ocrx_word' id='word_1_1' title='bbox 635 383 736 442; x_wconf 71' lang='lat' dir='ltr'><strong>8H</strong></span> 
     </span>
    </p>
   </div>
   <div class='ocr_carea' id='block_1_2' title="bbox 635 486 2219 562">
    <p class='ocr_par' dir='ltr' id='par_1_2' title="bbox 635 486 2219 562">
     <span class='ocr_line' id='line_1_2' title="bbox 635 486 2219 562; baseline -0.006 -9"><span class='ocrx_word' id='word_1_2' title='bbox 635 506 845 553; x_wconf 78' lang='lat' dir='ltr'><strong>rnatum</strong></span> <span class='ocrx_word' id='word_1_3' title='bbox 889 503 941 550; x_wconf 89' lang='lat' dir='ltr'><strong>te</strong></span> <span class='ocrx_word' id='word_1_4' title='bbox 979 491 1172 546; x_wconf 85' lang='lat' dir='ltr'><strong>timere</strong></span> <span class='ocrx_word' id='word_1_5' title='bbox 1205 495 1426 561; x_wconf 75' lang='lat' dir='ltr'><strong>oportet</strong></span> <span class='ocrx_word' id='word_1_6' title='bbox 1463 503 1532 546; x_wconf 89' lang='lat' dir='ltr'><strong>ne</strong></span> <span class='ocrx_word' id='word_1_7' title='bbox 1564 486 1826 546; x_wconf 88' lang='lat' dir='ltr'><strong>laudibus</strong></span> <span class='ocrx_word' id='word_1_8' title='bbox 1865 488 2125 562; x_wconf 79' lang='lat' dir='ltr'><strong>indiguus</strong></span> <span class='ocrx_word' id='word_1_9' title='bbox 2163 495 2219 544; x_wconf 87' lang='lat' dir='ltr'><strong>et</strong></span> 
     </span>
    </p>
   </div>
   <div class='ocr_carea' id='block_1_3' title="bbox 636 583 2238 668">
    <p class='ocr_par' dir='ltr' id='par_1_3' title="bbox 636 583 2238 668">
     <span class='ocr_line' id='line_1_3' title="bbox 636 583 2238 668; baseline -0.006 -18"><span class='ocrx_word' id='word_1_10' title='bbox 636 595 809 668; x_wconf 78' lang='lat' dir='ltr'><strong>gloria</strong></span> <span class='ocrx_word' id='word_1_11' title='bbox 840 593 1115 656; x_wconf 86' lang='lat' dir='ltr'><strong>videaris,</strong></span> <span class='ocrx_word' id='word_1_12' title='bbox 1149 590 1230 648; x_wconf 91' lang='lat' dir='ltr'><strong>sic</strong></span> <span class='ocrx_word' id='word_1_13' title='bbox 1265 597 1320 646; x_wconf 89' lang='lat' dir='ltr'><strong>et</strong></span> <span class='ocrx_word' id='word_1_14' title='bbox 1357 594 1416 642; x_wconf 92' lang='lat' dir='ltr'><strong>tu</strong></span> <span class='ocrx_word' id='word_1_15' title='bbox 1451 584 1685 642; x_wconf 90' lang='lat' dir='ltr'><strong>laudans</strong></span> <span class='ocrx_word' id='word_1_16' title='bbox 1718 585 1886 640; x_wconf 90' lang='lat' dir='ltr'><strong>alium</strong></span> <span class='ocrx_word' id='word_1_17' title='bbox 1919 598 1990 639; x_wconf 89' lang='lat' dir='ltr'><strong>ne</strong></span> <span class='ocrx_word' id='word_1_18' title='bbox 2027 583 2238 652; x_wconf 80' lang='lat' dir='ltr'><strong>copio-:</strong></span> 
     </span>
    </p>
   </div>
   <div class='ocr_carea' id='block_1_4' title="bbox 636 676 2220 752">
    <p class='ocr_par' dir='ltr' id='par_1_4' title="bbox 636 676 2220 752">
     <span class='ocr_line' id='line_1_4' title="bbox 636 676 2220 752; baseline -0.009 -10"><span class='ocrx_word' id='word_1_19' title='bbox 636 689 756 743; x_wconf 91' lang='lat' dir='ltr'><strong>sius</strong></span> <span class='ocrx_word' id='word_1_20' title='bbox 795 693 849 740; x_wconf 89' lang='lat' dir='ltr'><strong>et</strong></span> <span class='ocrx_word' id='word_1_21' title='bbox 888 684 1187 748; x_wconf 76' lang='lat' dir='ltr'><strong>libentius,</strong></span> <span class='ocrx_word' id='word_1_22' title='bbox 1227 681 1555 752; x_wconf 84' lang='lat' dir='ltr'><strong>priusquam</strong></span> <span class='ocrx_word' id='word_1_23' title='bbox 1599 676 1936 748; x_wconf 74' lang='lat' dir='ltr'><strong>experientia</strong></span> <span class='ocrx_word' id='word_1_24' title='bbox 1965 681 2220 739; x_wconf 81' lang='lat' dir='ltr'><strong>constet,</strong></span> 
     </span>
    </p>
   </div>
   <div class='ocr_carea' id='block_1_5' title="bbox 635 765 2221 833">
    <p class='ocr_par' dir='ltr' id='par_1_5' title="bbox 635 765 2221 833">
     <span class='ocr_line' id='line_1_5' title="bbox 635 765 2221 833; baseline -0.008 0"><span class='ocrx_word' id='word_1_25' title='bbox 635 793 706 832; x_wconf 90' lang='lat' dir='ltr'><strong>ne</strong></span> <span class='ocrx_word' id='word_1_26' title='bbox 740 775 1046 833; x_wconf 88' lang='lat' dir='ltr'><strong>studiosius</strong></span> <span class='ocrx_word' id='word_1_27' title='bbox 1081 775 1136 828; x_wconf 92' lang='lat' dir='ltr'><strong>in</strong></span> <span class='ocrx_word' id='word_1_28' title='bbox 1186 772 1381 827; x_wconf 86' lang='lat' dir='ltr'><strong>laudes</strong></span> <span class='ocrx_word' id='word_1_29' title='bbox 1419 769 1733 825; x_wconf 88' lang='lat' dir='ltr'><strong>immoreris</strong></span> <span class='ocrx_word' id='word_1_30' title='bbox 1757 806 1771 831; x_wconf 96' lang='lat'><strong>,</strong></span> <span class='ocrx_word' id='word_1_31' title='bbox 1819 783 1890 822; x_wconf 90' lang='lat' dir='ltr'><strong>ne</strong></span> <span class='ocrx_word' id='word_1_32' title='bbox 1931 765 2071 820; x_wconf 83' lang='lat' dir='ltr'><strong>forte</strong></span> <span class='ocrx_word' id='word_1_33' title='bbox 2117 765 2221 820; x_wconf 90' lang='lat' dir='ltr'><strong>isto</strong></span> 
     </span>
    </p>
   </div>
   <div class='ocr_carea' id='block_1_6' title="bbox 638 860 2224 944">
    <p class='ocr_par' dir='ltr' id='par_1_6' title="bbox 638 860 2224 944">
     <span class='ocr_line' id='line_1_6' title="bbox 638 860 2224 944; baseline -0.01 -18"><span class='ocrx_word' id='word_1_34' title='bbox 638 872 949 944; x_wconf 88' lang='lat' dir='ltr'><strong>iniquitatis</strong></span> <span class='ocrx_word' id='word_1_35' title='bbox 993 869 1246 938; x_wconf 89' lang='lat' dir='ltr'><strong>operario</strong></span> <span class='ocrx_word' id='word_1_36' title='bbox 1299 864 1566 934; x_wconf 87' lang='lat' dir='ltr'><strong>temporis</strong></span> <span class='ocrx_word' id='word_1_37' title='bbox 1615 864 1672 916; x_wconf 92' lang='lat' dir='ltr'><strong>in</strong></span> <span class='ocrx_word' id='word_1_38' title='bbox 1727 860 2014 915; x_wconf 87' lang='lat' dir='ltr'><strong>intervallo</strong></span> <span class='ocrx_word' id='word_1_39' title='bbox 2054 873 2224 928; x_wconf 82' lang='lat' dir='ltr'><strong>appa-</strong></span> 
     </span>
    </p>
   </div>
   <div class='ocr_carea' id='block_1_7' title="bbox 638 953 2223 1030">
    <p class='ocr_par' dir='ltr' id='par_1_7' title="bbox 638 953 2223 1030">
     <span class='ocr_line' id='line_1_7' title="bbox 638 953 2223 1030; baseline -0.011 -11"><span class='ocrx_word' id='word_1_40' title='bbox 638 976 796 1021; x_wconf 90' lang='lat' dir='ltr'><strong>rente</strong></span> <span class='ocrx_word' id='word_1_41' title='bbox 817 1006 832 1030; x_wconf 94' lang='lat'><strong>,</strong></span> <span class='ocrx_word' id='word_1_42' title='bbox 864 963 1124 1018; x_wconf 81' lang='lat' dir='ltr'><strong>ruborem</strong></span> <span class='ocrx_word' id='word_1_43' title='bbox 1154 960 1250 1014; x_wconf 88' lang='lat' dir='ltr'><strong>tibi</strong></span> <span class='ocrx_word' id='word_1_44' title='bbox 1277 958 1491 1028; x_wconf 82' lang='lat' dir='ltr'><strong>inﬂigas</strong></span> <span class='ocrx_word' id='word_1_45' title='bbox 1510 996 1524 1020; x_wconf 90' lang='lat'><strong>,</strong></span> <span class='ocrx_word' id='word_1_46' title='bbox 1561 953 1720 1024; x_wconf 90' lang='lat' dir='ltr'><strong>quasi</strong></span> <span class='ocrx_word' id='word_1_47' title='bbox 1747 966 2030 1024; x_wconf 82' lang='lat' dir='ltr'><strong>perperam</strong></span> <span class='ocrx_word' id='word_1_48' title='bbox 2051 991 2066 1017; x_wconf 85' lang='lat'><strong>,</strong></span> <span class='ocrx_word' id='word_1_49' title='bbox 2101 962 2223 1019; x_wconf 83' lang='lat' dir='ltr'><strong>quae</strong></span> 
     </span>
    </p>
   </div>
   <div class='ocr_carea' id='block_1_8' title="bbox 637 1060 1300 1122">
    <p class='ocr_par' dir='ltr' id='par_1_8' title="bbox 637 1060 1300 1122">
     <span class='ocr_line' id='line_1_8' title="bbox 637 1060 1300 1122; baseline -0.017 -7"><span class='ocrx_word' id='word_1_50' title='bbox 637 1076 748 1117; x_wconf 88' lang='lat' dir='ltr'><strong>non</strong></span> <span class='ocrx_word' id='word_1_51' title='bbox 777 1072 1039 1122; x_wconf 70' lang='lat' dir='ltr'><strong>IIOVCI&#39;BS,</strong></span> <span class='ocrx_word' id='word_1_52' title='bbox 1070 1060 1300 1109; x_wconf 72' lang='lat' dir='ltr'><strong>lCSlﬂnS.</strong></span> 
     </span>
    </p>
   </div>
   <div class='ocr_carea' id='block_1_9' title="bbox 701 1217 2014 1293">
    <p class='ocr_par' dir='ltr' id='par_1_9' title="bbox 701 1217 2014 1293">
     <span class='ocr_line' id='line_1_9' title="bbox 701 1217 2014 1293; baseline -0.015 -4"><span class='ocrx_word' id='word_1_53' title='bbox 701 1234 798 1289; x_wconf 79' lang='grc'><strong>101</strong></span> <span class='ocrx_word' id='word_1_54' title='bbox 835 1233 1072 1287; x_wconf 67' lang='lat' dir='ltr'><strong>Pi&#39;arstat</strong></span> <span class='ocrx_word' id='word_1_55' title='bbox 1101 1227 1238 1281; x_wconf 86' lang='lat' dir='ltr'><strong>male</strong></span> <span class='ocrx_word' id='word_1_56' title='bbox 1263 1223 1450 1279; x_wconf 81' lang='lat' dir='ltr'><strong>audire</strong></span> <span class='ocrx_word' id='word_1_57' title='bbox 1471 1237 1629 1293; x_wconf 84' lang='lat' dir='ltr'><strong>quam</strong></span> <span class='ocrx_word' id='word_1_58' title='bbox 1659 1218 1798 1273; x_wconf 77' lang='lat' dir='ltr'><strong>male</strong></span> <span class='ocrx_word' id='word_1_59' title='bbox 1823 1217 2014 1271; x_wconf 80' lang='lat' dir='ltr'><strong>dicere.</strong></span> 
     </span>
    </p>
   </div>
   <div class='ocr_carea' id='block_1_10' title="bbox 707 1313 2224 1396">
    <p class='ocr_par' dir='ltr' id='par_1_10' title="bbox 707 1313 2224 1396">
     <span class='ocr_line' id='line_1_10' title="bbox 707 1313 2224 1396; baseline -0.013 -17"><span class='ocrx_word' id='word_1_60' title='bbox 707 1326 881 1396; x_wconf 84' lang='lat' dir='ltr'><strong>Magis</strong></span> <span class='ocrx_word' id='word_1_61' title='bbox 909 1320 1130 1393; x_wconf 77' lang='lat' dir='ltr'><strong>expedit</strong></span> <span class='ocrx_word' id='word_1_62' title='bbox 1165 1319 1304 1372; x_wconf 87' lang='lat' dir='ltr'><strong>mala</strong></span> <span class='ocrx_word' id='word_1_63' title='bbox 1340 1316 1534 1371; x_wconf 88' lang='lat' dir='ltr'><strong>audire</strong></span> <span class='ocrx_word' id='word_1_64' title='bbox 1557 1355 1572 1381; x_wconf 89' lang='lat'><strong>,</strong></span> <span class='ocrx_word' id='word_1_65' title='bbox 1605 1313 1680 1366; x_wconf 88' lang='lat' dir='ltr'><strong>ait</strong></span> <span class='ocrx_word' id='word_1_66' title='bbox 1713 1321 1940 1367; x_wconf 90' lang='lat' dir='ltr'><strong>sanctus</strong></span> <span class='ocrx_word' id='word_1_67' title='bbox 1961 1351 1975 1377; x_wconf 91' lang='lat'><strong>,</strong></span> <span class='ocrx_word' id='word_1_68' title='bbox 2011 1315 2065 1363; x_wconf 89' lang='lat' dir='ltr'><strong>et</strong></span> <span class='ocrx_word' id='word_1_69' title='bbox 2092 1322 2224 1361; x_wconf 89' lang='lat' dir='ltr'><strong>con-</strong></span> 
     </span>
    </p>
   </div>
   <div class='ocr_carea' id='block_1_11' title="bbox 638 1399 2223 1479">
    <p class='ocr_par' dir='ltr' id='par_1_11' title="bbox 638 1399 2223 1479">
     <span class='ocr_line' id='line_1_11' title="bbox 638 1399 2223 1479; baseline -0.013 -6"><span class='ocrx_word' id='word_1_70' title='bbox 638 1417 878 1474; x_wconf 90' lang='lat' dir='ltr'><strong>tumeliis</strong></span> <span class='ocrx_word' id='word_1_71' title='bbox 912 1414 1050 1467; x_wconf 77' lang='lat' dir='ltr'><strong>allici</strong></span> <span class='ocrx_word' id='word_1_72' title='bbox 1081 1419 1135 1466; x_wconf 83' lang='lat' dir='ltr'><strong>et</strong></span> <span class='ocrx_word' id='word_1_73' title='bbox 1166 1409 1445 1479; x_wconf 87' lang='lat' dir='ltr'><strong>objurgari</strong></span> <span class='ocrx_word' id='word_1_74' title='bbox 1479 1404 1988 1461; x_wconf 87' lang='lat' dir='ltr'><strong>tolerabilissimum</strong></span> <span class='ocrx_word' id='word_1_75' title='bbox 2040 1399 2223 1470; x_wconf 81' lang='lat' dir='ltr'><strong>potius</strong></span> 
     </span>
    </p>
   </div>
   <div class='ocr_carea' id='block_1_12' title="bbox 639 1492 2226 1580">
    <p class='ocr_par' dir='ltr' id='par_1_12' title="bbox 639 1492 2226 1580">
     <span class='ocr_line' id='line_1_12' title="bbox 639 1492 2226 1580; baseline -0.013 -16"><span class='ocrx_word' id='word_1_76' title='bbox 639 1524 806 1580; x_wconf 85' lang='lat' dir='ltr'><strong>quam</strong></span> <span class='ocrx_word' id='word_1_77' title='bbox 843 1507 967 1560; x_wconf 91' lang='lat' dir='ltr'><strong>aliis</strong></span> <span class='ocrx_word' id='word_1_78' title='bbox 1008 1505 1122 1558; x_wconf 86' lang='lat' dir='ltr'><strong>haec</strong></span> <span class='ocrx_word' id='word_1_79' title='bbox 1162 1501 1332 1571; x_wconf 84' lang='lat' dir='ltr'><strong>iniligi</strong></span> <span class='ocrx_word' id='word_1_80' title='bbox 1367 1515 1396 1552; x_wconf 92' lang='lat' dir='ltr'><strong>a</strong></span> <span class='ocrx_word' id='word_1_81' title='bbox 1432 1498 1610 1552; x_wconf 92' lang='lat' dir='ltr'><strong>nobis.</strong></span> <span class='ocrx_word' id='word_1_82' title='bbox 1652 1495 1811 1550; x_wconf 82' lang='lat' dir='ltr'><strong>Cur?</strong></span> <span class='ocrx_word' id='word_1_83' title='bbox 1851 1495 2012 1564; x_wconf 90' lang='lat' dir='ltr'><strong>quia,</strong></span> <span class='ocrx_word' id='word_1_84' title='bbox 2053 1492 2101 1546; x_wconf 90' lang='lat' dir='ltr'><strong>si</strong></span> <span class='ocrx_word' id='word_1_85' title='bbox 2143 1497 2226 1544; x_wconf 88' lang='lat' dir='ltr'><strong>te-</strong></span> 
     </span>
    </p>
   </div>
   <div class='ocr_carea' id='block_1_13' title="bbox 639 1582 2228 1671">
    <p class='ocr_par' dir='ltr' id='par_1_13' title="bbox 639 1582 2228 1671">
     <span class='ocr_line' id='line_1_13' title="bbox 639 1582 2228 1671; baseline -0.015 -15"><span class='ocrx_word' id='word_1_86' title='bbox 639 1619 787 1657; x_wconf 83' lang='lat' dir='ltr'><strong>mcre</strong></span> <span class='ocrx_word' id='word_1_87' title='bbox 817 1615 1043 1671; x_wconf 83' lang='lat' dir='ltr'><strong>prorsus</strong></span> <span class='ocrx_word' id='word_1_88' title='bbox 1081 1605 1135 1651; x_wconf 91' lang='lat' dir='ltr'><strong>et</strong></span> <span class='ocrx_word' id='word_1_89' title='bbox 1161 1595 1367 1648; x_wconf 81' lang='lat' dir='ltr'><strong>frustra</strong></span> <span class='ocrx_word' id='word_1_90' title='bbox 1409 1599 1634 1660; x_wconf 86' lang='lat' dir='ltr'><strong>propter</strong></span> <span class='ocrx_word' id='word_1_91' title='bbox 1671 1588 1931 1641; x_wconf 86' lang='lat' dir='ltr'><strong>virtutem</strong></span> <span class='ocrx_word' id='word_1_92' title='bbox 1970 1591 2024 1638; x_wconf 89' lang='lat' dir='ltr'><strong>et</strong></span> <span class='ocrx_word' id='word_1_93' title='bbox 2058 1582 2228 1653; x_wconf 87' lang='lat' dir='ltr'><strong>pieta-</strong></span> 
     </span>
    </p>
   </div>
   <div class='ocr_carea' id='block_1_14' title="bbox 637 1671 2229 1760">
    <p class='ocr_par' dir='ltr' id='par_1_14' title="bbox 637 1671 2229 1760">
     <span class='ocr_line' id='line_1_14' title="bbox 637 1671 2229 1760; baseline -0.016 -10"><span class='ocrx_word' id='word_1_94' title='bbox 637 1705 748 1752; x_wconf 86' lang='lat' dir='ltr'><strong>tem</strong></span> <span class='ocrx_word' id='word_1_95' title='bbox 773 1709 899 1748; x_wconf 90' lang='lat' dir='ltr'><strong>cum</strong></span> <span class='ocrx_word' id='word_1_96' title='bbox 924 1685 1475 1760; x_wconf 87' lang='lat' dir='ltr'><strong>impiiscalumniose</strong></span> <span class='ocrx_word' id='word_1_97' title='bbox 1501 1680 1662 1737; x_wconf 89' lang='lat' dir='ltr'><strong>nobis</strong></span> <span class='ocrx_word' id='word_1_98' title='bbox 1693 1693 1822 1750; x_wconf 89' lang='lat' dir='ltr'><strong>pars</strong></span> <span class='ocrx_word' id='word_1_99' title='bbox 1849 1678 2031 1740; x_wconf 89' lang='lat' dir='ltr'><strong>datur,</strong></span> <span class='ocrx_word' id='word_1_100' title='bbox 2063 1671 2229 1728; x_wconf 51' lang='lat' dir='ltr'><strong>beati-</strong></span> 
     </span>
    </p>
   </div>
   <div class='ocr_carea' id='block_1_15' title="bbox 637 1766 2228 1842">
    <p class='ocr_par' dir='ltr' id='par_1_15' title="bbox 637 1766 2228 1842">
     <span class='ocr_line' id='line_1_15' title="bbox 637 1766 2228 1842; baseline -0.015 -1"><span class='ocrx_word' id='word_1_101' title='bbox 637 1786 891 1842; x_wconf 87' lang='lat' dir='ltr'><strong>tudiuum</strong></span> <span class='ocrx_word' id='word_1_102' title='bbox 945 1779 1353 1837; x_wconf 88' lang='lat' dir='ltr'><strong>Dominicarum</strong></span> <span class='ocrx_word' id='word_1_103' title='bbox 1403 1781 1459 1828; x_wconf 85' lang='lat' dir='ltr'><strong>et</strong></span> <span class='ocrx_word' id='word_1_104' title='bbox 1513 1770 1824 1827; x_wconf 73' lang='lat' dir='ltr'><strong>cmlestium</strong></span> <span class='ocrx_word' id='word_1_105' title='bbox 1875 1766 2228 1838; x_wconf 67' lang='lat' dir='ltr'><strong>praemiorum</strong></span> 
     </span>
    </p>
   </div>
   <div class='ocr_carea' id='block_1_16' title="bbox 639 1856 2224 1950">
    <p class='ocr_par' dir='ltr' id='par_1_16' title="bbox 639 1856 2224 1950">
     <span class='ocr_line' id='line_1_16' title="bbox 639 1856 2224 1950; baseline -0.017 -15"><span class='ocrx_word' id='word_1_106' title='bbox 639 1878 788 1950; x_wconf 82' lang='lat' dir='ltr'><strong>digni</strong></span> <span class='ocrx_word' id='word_1_107' title='bbox 821 1876 1124 1938; x_wconf 85' lang='lat' dir='ltr'><strong>habemur;</strong></span> <span class='ocrx_word' id='word_1_108' title='bbox 1157 1871 1205 1925; x_wconf 93' lang='lat' dir='ltr'><strong>si</strong></span> <span class='ocrx_word' id='word_1_109' title='bbox 1236 1877 1417 1924; x_wconf 90' lang='lat' dir='ltr'><strong>autem</strong></span> <span class='ocrx_word' id='word_1_110' title='bbox 1450 1863 1777 1920; x_wconf 88' lang='lat' dir='ltr'><strong>cadentibus</strong></span> <span class='ocrx_word' id='word_1_111' title='bbox 1823 1861 2019 1915; x_wconf 89' lang='lat' dir='ltr'><strong>merito</strong></span> <span class='ocrx_word' id='word_1_112' title='bbox 2063 1856 2224 1912; x_wconf 90' lang='lat' dir='ltr'><strong>nobis</strong></span> 
     </span>
    </p>
   </div>
   <div class='ocr_carea' id='block_1_17' title="bbox 641 1951 2228 2039">
    <p class='ocr_par' dir='ltr' id='par_1_17' title="bbox 641 1951 2228 2039">
     <span class='ocr_line' id='line_1_17' title="bbox 641 1951 2228 2039; baseline -0.014 -17"><span class='ocrx_word' id='word_1_113' title='bbox 641 1972 708 2025; x_wconf 85' lang='lat' dir='ltr'><strong>de</strong></span> <span class='ocrx_word' id='word_1_114' title='bbox 738 1970 825 2026; x_wconf 83' lang='lat' dir='ltr'><strong>his</strong></span> <span class='ocrx_word' id='word_1_115' title='bbox 857 1982 980 2039; x_wconf 80' lang='lat' dir='ltr'><strong>quae</strong></span> <span class='ocrx_word' id='word_1_116' title='bbox 1009 1963 1245 2018; x_wconf 81' lang='lat' dir='ltr'><strong>facimus</strong></span> <span class='ocrx_word' id='word_1_117' title='bbox 1277 1959 1660 2016; x_wconf 84' lang='lat' dir='ltr'><strong>conviciantur</strong></span> <span class='ocrx_word' id='word_1_118' title='bbox 1691 1953 1945 2009; x_wconf 81' lang='lat' dir='ltr'><strong>homines</strong></span> <span class='ocrx_word' id='word_1_119' title='bbox 1965 1990 1980 2016; x_wconf 93' lang='lat'><strong>,</strong></span> <span class='ocrx_word' id='word_1_120' title='bbox 2014 1951 2095 2006; x_wconf 91' lang='lat' dir='ltr'><strong>sic</strong></span> <span class='ocrx_word' id='word_1_121' title='bbox 2126 1962 2228 2001; x_wconf 91' lang='lat' dir='ltr'><strong>no-</strong></span> 
     </span>
    </p>
   </div>
   <div class='ocr_carea' id='block_1_18' title="bbox 640 2041 2226 2132">
    <p class='ocr_par' dir='ltr' id='par_1_18' title="bbox 640 2041 2226 2132">
     <span class='ocr_line' id='line_1_18' title="bbox 640 2041 2226 2132; baseline -0.016 -14"><span class='ocrx_word' id='word_1_122' title='bbox 640 2064 728 2118; x_wconf 85' lang='lat' dir='ltr'><strong>bis</strong></span> <span class='ocrx_word' id='word_1_123' title='bbox 760 2066 992 2132; x_wconf 89' lang='lat' dir='ltr'><strong>prosunt</strong></span> <span class='ocrx_word' id='word_1_124' title='bbox 1022 2054 1292 2111; x_wconf 88' lang='lat' dir='ltr'><strong>dedecora</strong></span> <span class='ocrx_word' id='word_1_125' title='bbox 1314 2094 1328 2118; x_wconf 90' lang='lat'><strong>,</strong></span> <span class='ocrx_word' id='word_1_126' title='bbox 1361 2067 1458 2122; x_wconf 88' lang='lat' dir='ltr'><strong>per</strong></span> <span class='ocrx_word' id='word_1_127' title='bbox 1483 2047 1728 2105; x_wconf 87' lang='lat' dir='ltr'><strong>convicia</strong></span> <span class='ocrx_word' id='word_1_128' title='bbox 1763 2043 1965 2099; x_wconf 86' lang='lat' dir='ltr'><strong>ablutis</strong></span> <span class='ocrx_word' id='word_1_129' title='bbox 1994 2051 2048 2097; x_wconf 89' lang='lat' dir='ltr'><strong>et</strong></span> <span class='ocrx_word' id='word_1_130' title='bbox 2075 2041 2226 2094; x_wconf 78' lang='lat' dir='ltr'><strong>lava-</strong></span> 
     </span>
    </p>
   </div>
   <div class='ocr_carea' id='block_1_19' title="bbox 640 2135 2228 2216">
    <p class='ocr_par' dir='ltr' id='par_1_19' title="bbox 640 2135 2228 2216">
     <span class='ocr_line' id='line_1_19' title="bbox 640 2135 2228 2216; baseline -0.014 -6"><span class='ocrx_word' id='word_1_131' title='bbox 640 2158 737 2212; x_wconf 88' lang='lat' dir='ltr'><strong>tis.</strong></span> <span class='ocrx_word' id='word_1_132' title='bbox 772 2153 914 2208; x_wconf 84' lang='lat' dir='ltr'><strong>Male</strong></span> <span class='ocrx_word' id='word_1_133' title='bbox 943 2165 1072 2206; x_wconf 89' lang='lat' dir='ltr'><strong>vero</strong></span> <span class='ocrx_word' id='word_1_134' title='bbox 1107 2149 1397 2216; x_wconf 85' lang='lat' dir='ltr'><strong>loquentes</strong></span> <span class='ocrx_word' id='word_1_135' title='bbox 1438 2151 1494 2198; x_wconf 85' lang='lat' dir='ltr'><strong>et</strong></span> <span class='ocrx_word' id='word_1_136' title='bbox 1544 2141 1851 2211; x_wconf 79' lang='lat' dir='ltr'><strong>proximum</strong></span> <span class='ocrx_word' id='word_1_137' title='bbox 1891 2135 2111 2206; x_wconf 87' lang='lat' dir='ltr'><strong>injuriis</strong></span> <span class='ocrx_word' id='word_1_138' title='bbox 2147 2137 2228 2188; x_wconf 87' lang='lat' dir='ltr'><strong>la—</strong></span> 
     </span>
    </p>
   </div>
   <div class='ocr_carea' id='block_1_20' title="bbox 641 2229 2224 2312">
    <p class='ocr_par' dir='ltr' id='par_1_20' title="bbox 641 2229 2224 2312">
     <span class='ocr_line' id='line_1_20' title="bbox 641 2229 2224 2312; baseline -0.015 -7"><span class='ocrx_word' id='word_1_139' title='bbox 641 2254 965 2312; x_wconf 88' lang='lat' dir='ltr'><strong>cessantes,</strong></span> <span class='ocrx_word' id='word_1_140' title='bbox 1006 2244 1052 2300; x_wconf 93' lang='lat' dir='ltr'><strong>si</strong></span> <span class='ocrx_word' id='word_1_141' title='bbox 1089 2241 1294 2297; x_wconf 86' lang='lat' dir='ltr'><strong>invidia</strong></span> <span class='ocrx_word' id='word_1_142' title='bbox 1328 2245 1422 2292; x_wconf 90' lang='lat' dir='ltr'><strong>aut</strong></span> <span class='ocrx_word' id='word_1_143' title='bbox 1461 2236 1588 2291; x_wconf 90' lang='lat' dir='ltr'><strong>odio</strong></span> <span class='ocrx_word' id='word_1_144' title='bbox 1625 2234 1885 2287; x_wconf 84' lang='lat' dir='ltr'><strong>virtutem</strong></span> <span class='ocrx_word' id='word_1_145' title='bbox 1926 2229 2224 2284; x_wconf 87' lang='lat' dir='ltr'><strong>colentium</strong></span> 
     </span>
    </p>
   </div>
   <div class='ocr_carea' id='block_1_21' title="bbox 641 2322 2226 2402">
    <p class='ocr_par' dir='ltr' id='par_1_21' title="bbox 641 2322 2226 2402">
     <span class='ocr_line' id='line_1_21' title="bbox 641 2322 2226 2402; baseline -0.016 -3"><span class='ocrx_word' id='word_1_146' title='bbox 641 2344 976 2402; x_wconf 79' lang='lat' dir='ltr'><strong>laboramus,</strong></span> <span class='ocrx_word' id='word_1_147' title='bbox 1004 2333 1351 2391; x_wconf 85' lang='lat' dir='ltr'><strong>miserabiles</strong></span> <span class='ocrx_word' id='word_1_148' title='bbox 1379 2337 1434 2385; x_wconf 90' lang='lat' dir='ltr'><strong>et</strong></span> <span class='ocrx_word' id='word_1_149' title='bbox 1463 2325 1737 2391; x_wconf 91' lang='lat' dir='ltr'><strong>damnati,</strong></span> <span class='ocrx_word' id='word_1_150' title='bbox 1768 2325 1926 2396; x_wconf 89' lang='lat' dir='ltr'><strong>quasi</strong></span> <span class='ocrx_word' id='word_1_151' title='bbox 1960 2322 2226 2394; x_wconf 85' lang='lat' dir='ltr'><strong>quosdam</strong></span> 
     </span>
    </p>
   </div>
   <div class='ocr_carea' id='block_1_22' title="bbox 641 2414 2226 2492">
    <p class='ocr_par' dir='ltr' id='par_1_22' title="bbox 641 2414 2226 2492">
     <span class='ocr_line' id='line_1_22' title="bbox 641 2414 2226 2492; baseline -0.016 -1"><span class='ocrx_word' id='word_1_152' title='bbox 641 2453 672 2492; x_wconf 90' lang='lat' dir='ltr'><strong>c</strong></span> <span class='ocrx_word' id='word_1_153' title='bbox 699 2431 944 2490; x_wconf 86' lang='lat' dir='ltr'><strong>minimis</strong></span> <span class='ocrx_word' id='word_1_154' title='bbox 979 2429 1033 2483; x_wconf 92' lang='lat' dir='ltr'><strong>in</strong></span> <span class='ocrx_word' id='word_1_155' title='bbox 1062 2427 1248 2483; x_wconf 89' lang='lat' dir='ltr'><strong>Jesum</strong></span> <span class='ocrx_word' id='word_1_156' title='bbox 1285 2421 1635 2479; x_wconf 88' lang='lat' dir='ltr'><strong>credentibus</strong></span> <span class='ocrx_word' id='word_1_157' title='bbox 1667 2417 2109 2474; x_wconf 86' lang='lat' dir='ltr'><strong>scandalizantes</strong></span> <span class='ocrx_word' id='word_1_158' title='bbox 2135 2414 2226 2483; x_wconf 86' lang='lat' dir='ltr'><strong>ju-</strong></span> 
     </span>
    </p>
   </div>
   <div class='ocr_carea' id='block_1_23' title="bbox 643 2509 2227 2591">
    <p class='ocr_par' dir='ltr' id='par_1_23' title="bbox 643 2509 2227 2591">
     <span class='ocr_line' id='line_1_23' title="bbox 643 2509 2227 2591; baseline -0.015 -8"><span class='ocrx_word' id='word_1_159' title='bbox 643 2528 995 2590; x_wconf 88' lang='lat' dir='ltr'><strong>dicabimur;</strong></span> <span class='ocrx_word' id='word_1_160' title='bbox 1030 2519 1177 2591; x_wconf 89' lang='lat' dir='ltr'><strong>quod</strong></span> <span class='ocrx_word' id='word_1_161' title='bbox 1213 2517 1262 2573; x_wconf 89' lang='lat' dir='ltr'><strong>si</strong></span> <span class='ocrx_word' id='word_1_162' title='bbox 1302 2530 1466 2586; x_wconf 90' lang='lat' dir='ltr'><strong>prave</strong></span> <span class='ocrx_word' id='word_1_163' title='bbox 1508 2521 1733 2584; x_wconf 76' lang='lat' dir='ltr'><strong>agentes</strong></span> <span class='ocrx_word' id='word_1_164' title='bbox 1775 2511 1972 2566; x_wconf 89' lang='lat' dir='ltr'><strong>merito</strong></span> <span class='ocrx_word' id='word_1_165' title='bbox 2007 2509 2227 2578; x_wconf 86' lang='lat' dir='ltr'><strong>vitupe-</strong></span> 
     </span>
    </p>
   </div>
   <div class='ocr_carea' id='block_1_24' title="bbox 646 2599 2230 2684">
    <p class='ocr_par' dir='ltr' id='par_1_24' title="bbox 646 2599 2230 2684">
     <span class='ocr_line' id='line_1_24' title="bbox 646 2599 2230 2684; baseline -0.014 -10"><span class='ocrx_word' id='word_1_166' title='bbox 646 2632 834 2674; x_wconf 89' lang='lat' dir='ltr'><strong>ramus</strong></span> <span class='ocrx_word' id='word_1_167' title='bbox 855 2624 909 2671; x_wconf 90' lang='lat' dir='ltr'><strong>et</strong></span> <span class='ocrx_word' id='word_1_168' title='bbox 932 2614 1083 2684; x_wconf 86' lang='lat' dir='ltr'><strong>juste</strong></span> <span class='ocrx_word' id='word_1_169' title='bbox 1113 2608 1534 2679; x_wconf 83' lang='lat' dir='ltr'><strong>redarguimus,</strong></span> <span class='ocrx_word' id='word_1_170' title='bbox 1564 2605 1688 2660; x_wconf 74' lang='lat' dir='ltr'><strong>finis</strong></span> <span class='ocrx_word' id='word_1_171' title='bbox 1714 2601 2031 2659; x_wconf 89' lang='lat' dir='ltr'><strong>omnimodo</strong></span> <span class='ocrx_word' id='word_1_172' title='bbox 2055 2615 2084 2653; x_wconf 90' lang='lat' dir='ltr'><strong>a</strong></span> <span class='ocrx_word' id='word_1_173' title='bbox 2117 2599 2230 2653; x_wconf 89' lang='lat' dir='ltr'><strong>Deo</strong></span> 
     </span>
    </p>
   </div>
   <div class='ocr_carea' id='block_1_25' title="bbox 646 2691 2227 2780">
    <p class='ocr_par' dir='ltr' id='par_1_25' title="bbox 646 2691 2227 2780">
     <span class='ocr_line' id='line_1_25' title="bbox 646 2691 2227 2780; baseline -0.013 -14"><span class='ocrx_word' id='word_1_174' title='bbox 646 2711 1027 2780; x_wconf 79' lang='lat' dir='ltr'><strong>redarguetur.</strong></span> <span class='ocrx_word' id='word_1_175' title='bbox 1081 2701 1399 2774; x_wconf 85' lang='lat' dir='ltr'><strong>Siquidem,</strong></span> <span class='ocrx_word' id='word_1_176' title='bbox 1451 2705 1514 2755; x_wconf 91' lang='lat' dir='ltr'><strong>ut</strong></span> <span class='ocrx_word' id='word_1_177' title='bbox 1562 2698 1686 2754; x_wconf 85' lang='lat' dir='ltr'><strong>istis</strong></span> <span class='ocrx_word' id='word_1_178' title='bbox 1738 2711 1836 2767; x_wconf 90' lang='lat' dir='ltr'><strong>per</strong></span> <span class='ocrx_word' id='word_1_179' title='bbox 1886 2691 2227 2764; x_wconf 83' lang='lat' dir='ltr'><strong>objurgatio-</strong></span> 
     </span>
    </p>
   </div>
   <div class='ocr_carea' id='block_1_26' title="bbox 644 2785 2226 2868">
    <p class='ocr_par' dir='ltr' id='par_1_26' title="bbox 644 2785 2226 2868">
     <span class='ocr_line' id='line_1_26' title="bbox 644 2785 2226 2868; baseline -0.015 -8"><span class='ocrx_word' id='word_1_180' title='bbox 644 2820 770 2868; x_wconf 77' lang='lat' dir='ltr'><strong>nem</strong></span> <span class='ocrx_word' id='word_1_181' title='bbox 797 2797 1162 2858; x_wconf 78' lang='lat' dir='ltr'><strong>correCtionis</strong></span> <span class='ocrx_word' id='word_1_182' title='bbox 1185 2794 1499 2851; x_wconf 88' lang='lat' dir='ltr'><strong>dederimus</strong></span> <span class='ocrx_word' id='word_1_183' title='bbox 1518 2799 1573 2848; x_wconf 93' lang='lat' dir='ltr'><strong>et</strong></span> <span class='ocrx_word' id='word_1_184' title='bbox 1597 2787 2038 2860; x_wconf 86' lang='lat' dir='ltr'><strong>compunctionis</strong></span> <span class='ocrx_word' id='word_1_185' title='bbox 2062 2785 2226 2848; x_wconf 87' lang='lat' dir='ltr'><strong>viam,</strong></span> 
     </span>
    </p>
   </div>
   <div class='ocr_carea' id='block_1_27' title="bbox 641 2875 2230 2964">
    <p class='ocr_par' dir='ltr' id='par_1_27' title="bbox 641 2875 2230 2964">
     <span class='ocr_line' id='line_1_27' title="bbox 641 2875 2230 2964; baseline -0.014 -13"><span class='ocrx_word' id='word_1_186' title='bbox 641 2905 698 2951; x_wconf 88' lang='lat' dir='ltr'><strong>et</strong></span> <span class='ocrx_word' id='word_1_187' title='bbox 733 2894 802 2950; x_wconf 91' lang='lat' dir='ltr'><strong>iis</strong></span> <span class='ocrx_word' id='word_1_188' title='bbox 839 2893 934 2964; x_wconf 92' lang='lat' dir='ltr'><strong>qui</strong></span> <span class='ocrx_word' id='word_1_189' title='bbox 971 2889 1114 2960; x_wconf 90' lang='lat' dir='ltr'><strong>apud</strong></span> <span class='ocrx_word' id='word_1_190' title='bbox 1145 2901 1246 2943; x_wconf 91' lang='lat' dir='ltr'><strong>nos</strong></span> <span class='ocrx_word' id='word_1_191' title='bbox 1279 2893 1411 2942; x_wconf 89' lang='lat' dir='ltr'><strong>sunt</strong></span> <span class='ocrx_word' id='word_1_192' title='bbox 1451 2879 1937 2938; x_wconf 88' lang='lat' dir='ltr'><strong>intercluderimus</strong></span> <span class='ocrx_word' id='word_1_193' title='bbox 1971 2875 2101 2931; x_wconf 88' lang='lat' dir='ltr'><strong>mali</strong></span> <span class='ocrx_word' id='word_1_194' title='bbox 2143 2889 2230 2931; x_wconf 92' lang='lat' dir='ltr'><strong>so-</strong></span> 
     </span>
    </p>
   </div>
   <div class='ocr_carea' id='block_1_28' title="bbox 643 2972 2228 3054">
    <p class='ocr_par' dir='ltr' id='par_1_28' title="bbox 643 2972 2228 3054">
     <span class='ocr_line' id='line_1_28' title="bbox 643 2972 2228 3054; baseline -0.013 -9"><span class='ocrx_word' id='word_1_195' title='bbox 643 2990 900 3045; x_wconf 88' lang='lat' dir='ltr'><strong>cietatem</strong></span> <span class='ocrx_word' id='word_1_196' title='bbox 952 2994 1007 3041; x_wconf 90' lang='lat' dir='ltr'><strong>ct</strong></span> <span class='ocrx_word' id='word_1_197' title='bbox 1055 2980 1537 3054; x_wconf 87' lang='lat' dir='ltr'><strong>participationem</strong></span> <span class='ocrx_word' id='word_1_198' title='bbox 1593 2992 1719 3032; x_wconf 87' lang='lat' dir='ltr'><strong>cum</strong></span> <span class='ocrx_word' id='word_1_199' title='bbox 1770 2974 1931 3038; x_wconf 78' lang='lat' dir='ltr'><strong>istis,</strong></span> <span class='ocrx_word' id='word_1_200' title='bbox 1986 2972 2228 3043; x_wconf 87' lang='lat' dir='ltr'><strong>irrepre-</strong></span> 
     </span>
    </p>
   </div>
   <div class='ocr_carea' id='block_1_29' title="bbox 642 3063 2232 3146">
    <p class='ocr_par' dir='ltr' id='par_1_29' title="bbox 642 3063 2232 3146">
     <span class='ocr_line' id='line_1_29' title="bbox 642 3063 2232 3146; baseline -0.012 -9"><span class='ocrx_word' id='word_1_201' title='bbox 642 3079 950 3137; x_wconf 88' lang='lat' dir='ltr'><strong>hensibiles</strong></span> <span class='ocrx_word' id='word_1_202' title='bbox 1001 3077 1212 3146; x_wconf 85' lang='lat' dir='ltr'><strong>absque</strong></span> <span class='ocrx_word' id='word_1_203' title='bbox 1259 3070 1719 3128; x_wconf 85' lang='lat' dir='ltr'><strong>condemnatione</strong></span> <span class='ocrx_word' id='word_1_204' title='bbox 1762 3066 1913 3122; x_wconf 90' lang='lat' dir='ltr'><strong>omni</strong></span> <span class='ocrx_word' id='word_1_205' title='bbox 1955 3063 2232 3135; x_wconf 74' lang='lat' dir='ltr'><strong>iudicabi-</strong></span> 
     </span>
    </p>
   </div>
   <div class='ocr_carea' id='block_1_30' title="bbox 643 3157 2228 3242">
    <p class='ocr_par' dir='ltr' id='par_1_30' title="bbox 643 3157 2228 3242">
     <span class='ocr_line' id='line_1_30' title="bbox 643 3157 2228 3242; baseline -0.013 -11"><span class='ocrx_word' id='word_1_206' title='bbox 643 3189 799 3242; x_wconf 87' lang='lat' dir='ltr'><strong>mur;</strong></span> <span class='ocrx_word' id='word_1_207' title='bbox 831 3173 921 3228; x_wconf 91' lang='lat' dir='ltr'><strong>sin</strong></span> <span class='ocrx_word' id='word_1_208' title='bbox 950 3178 1146 3227; x_wconf 89' lang='lat' dir='ltr'><strong>contra</strong></span> <span class='ocrx_word' id='word_1_209' title='bbox 1168 3209 1184 3235; x_wconf 89' lang='lat'><strong>,</strong></span> <span class='ocrx_word' id='word_1_210' title='bbox 1217 3175 1277 3222; x_wconf 92' lang='lat' dir='ltr'><strong>ut</strong></span> <span class='ocrx_word' id='word_1_211' title='bbox 1305 3165 1482 3220; x_wconf 90' lang='lat' dir='ltr'><strong>zelum</strong></span> <span class='ocrx_word' id='word_1_212' title='bbox 1515 3175 1763 3217; x_wconf 88' lang='lat' dir='ltr'><strong>amarum</strong></span> <span class='ocrx_word' id='word_1_213' title='bbox 1795 3167 1852 3216; x_wconf 87' lang='lat' dir='ltr'><strong>et</strong></span> <span class='ocrx_word' id='word_1_214' title='bbox 1883 3157 2070 3214; x_wconf 91' lang='lat' dir='ltr'><strong>odium</strong></span> <span class='ocrx_word' id='word_1_215' title='bbox 2101 3157 2228 3212; x_wconf 88' lang='lat' dir='ltr'><strong>abs-</strong></span> 
     </span>
    </p>
   </div>
   <div class='ocr_carea' id='block_1_31' title="bbox 641 3248 2227 3338">
    <p class='ocr_par' dir='ltr' id='par_1_31' title="bbox 641 3248 2227 3338">
     <span class='ocr_line' id='line_1_31' title="bbox 641 3248 2227 3338; baseline -0.015 -14"><span class='ocrx_word' id='word_1_216' title='bbox 641 3283 752 3338; x_wconf 87' lang='lat' dir='ltr'><strong>que</strong></span> <span class='ocrx_word' id='word_1_217' title='bbox 789 3265 1000 3337; x_wconf 88' lang='lat' dir='ltr'><strong>judicio</strong></span> <span class='ocrx_word' id='word_1_218' title='bbox 1053 3275 1373 3332; x_wconf 88' lang='lat' dir='ltr'><strong>sequamur,</strong></span> <span class='ocrx_word' id='word_1_219' title='bbox 1425 3256 1568 3310; x_wconf 86' lang='lat' dir='ltr'><strong>male</strong></span> <span class='ocrx_word' id='word_1_220' title='bbox 1603 3255 1902 3324; x_wconf 89' lang='lat' dir='ltr'><strong>loquimur,</strong></span> <span class='ocrx_word' id='word_1_221' title='bbox 1949 3248 2227 3322; x_wconf 88' lang='lat' dir='ltr'><strong>quomodo</strong></span> 
     </span>
    </p>
   </div>
   <div class='ocr_carea' id='block_1_32' title="bbox 645 3343 2228 3417">
    <p class='ocr_par' dir='ltr' id='par_1_32' title="bbox 645 3343 2228 3417">
     <span class='ocr_line' id='line_1_32' title="bbox 645 3343 2228 3417; baseline -0.013 -2"><span class='ocrx_word' id='word_1_222' title='bbox 645 3356 1048 3416; x_wconf 67' lang='lat' dir='ltr'><strong>maledicentia:</strong></span> <span class='ocrx_word' id='word_1_223' title='bbox 1086 3362 1180 3408; x_wconf 89' lang='lat' dir='ltr'><strong>aut</strong></span> <span class='ocrx_word' id='word_1_224' title='bbox 1211 3348 1636 3407; x_wconf 87' lang='lat' dir='ltr'><strong>insimulationis</strong></span> <span class='ocrx_word' id='word_1_225' title='bbox 1669 3345 1903 3417; x_wconf 85' lang='lat' dir='ltr'><strong>proximi</strong></span> <span class='ocrx_word' id='word_1_226' title='bbox 1936 3343 2228 3398; x_wconf 82' lang='lat' dir='ltr'><strong>vitabimus</strong></span> 
     </span>
    </p>
   </div>
   <div class='ocr_carea' id='block_1_33' title="bbox 645 3431 2230 3510">
    <p class='ocr_par' dir='ltr' id='par_1_33' title="bbox 645 3431 2230 3510">
     <span class='ocr_line' id='line_1_33' title="bbox 645 3431 2230 3510; baseline -0.015 -4"><span class='ocrx_word' id='word_1_227' title='bbox 645 3444 1102 3506; x_wconf 88' lang='lat' dir='ltr'><strong>accusationem?</strong></span> <span class='ocrx_word' id='word_1_228' title='bbox 1126 3441 1272 3509; x_wconf 85' lang='lat' dir='ltr'><strong>Quid</strong></span> <span class='ocrx_word' id='word_1_229' title='bbox 1301 3455 1431 3510; x_wconf 85' lang='lat' dir='ltr'><strong>ergo</strong></span> <span class='ocrx_word' id='word_1_230' title='bbox 1467 3433 1816 3494; x_wconf 78' lang='lat' dir='ltr'><strong>faciendum?</strong></span> <span class='ocrx_word' id='word_1_231' title='bbox 1841 3431 2074 3500; x_wconf 83' lang='lat' dir='ltr'><strong>Quando</strong></span> <span class='ocrx_word' id='word_1_232' title='bbox 2109 3431 2230 3501; x_wconf 91' lang='lat' dir='ltr'><strong>qui-</strong></span> 
     </span>
    </p>
   </div>
   <div class='ocr_carea' id='block_1_34' title="bbox 646 3524 2231 3610">
    <p class='ocr_par' dir='ltr' id='par_1_34' title="bbox 646 3524 2231 3610">
     <span class='ocr_line' id='line_1_34' title="bbox 646 3524 2231 3610; baseline -0.013 -12"><span class='ocrx_word' id='word_1_233' title='bbox 646 3544 809 3605; x_wconf 90' lang='lat' dir='ltr'><strong>dam,</strong></span> <span class='ocrx_word' id='word_1_234' title='bbox 860 3538 1076 3610; x_wconf 88' lang='lat' dir='ltr'><strong>inquit,</strong></span> <span class='ocrx_word' id='word_1_235' title='bbox 1132 3537 1187 3589; x_wconf 90' lang='lat' dir='ltr'><strong>in</strong></span> <span class='ocrx_word' id='word_1_236' title='bbox 1222 3533 1463 3589; x_wconf 89' lang='lat' dir='ltr'><strong>medium</strong></span> <span class='ocrx_word' id='word_1_237' title='bbox 1514 3529 1723 3601; x_wconf 82' lang='lat' dir='ltr'><strong>profert</strong></span> <span class='ocrx_word' id='word_1_238' title='bbox 1781 3525 2116 3581; x_wconf 86' lang='lat' dir='ltr'><strong>mentionem</strong></span> <span class='ocrx_word' id='word_1_239' title='bbox 2163 3524 2231 3579; x_wconf 89' lang='lat' dir='ltr'><strong>de</strong></span> 
     </span>
    </p>
   </div>
   <div class='ocr_carea' id='block_1_35' title="bbox 643 3617 2230 3707">
    <p class='ocr_par' dir='ltr' id='par_1_35' title="bbox 643 3617 2230 3707">
     <span class='ocr_line' id='line_1_35' title="bbox 643 3617 2230 3707; baseline -0.011 -18"><span class='ocrx_word' id='word_1_240' title='bbox 643 3634 896 3707; x_wconf 79' lang='lat' dir='ltr'><strong>proximo</strong></span> <span class='ocrx_word' id='word_1_241' title='bbox 924 3631 992 3686; x_wconf 89' lang='lat' dir='ltr'><strong>ad</strong></span> <span class='ocrx_word' id='word_1_242' title='bbox 1013 3623 1454 3699; x_wconf 83' lang='lat' dir='ltr'><strong>exprobrandum</strong></span> <span class='ocrx_word' id='word_1_243' title='bbox 1478 3631 1534 3678; x_wconf 90' lang='lat' dir='ltr'><strong>et</strong></span> <span class='ocrx_word' id='word_1_244' title='bbox 1555 3617 2017 3685; x_wconf 88' lang='lat' dir='ltr'><strong>maledicendum,</strong></span> <span class='ocrx_word' id='word_1_245' title='bbox 2045 3617 2230 3687; x_wconf 86' lang='lat' dir='ltr'><strong>prius-</strong></span> 
     </span>
    </p>
   </div>
   <div class='ocr_carea' id='block_1_36' title="bbox 647 3705 2231 3796">
    <p class='ocr_par' dir='ltr' id='par_1_36' title="bbox 647 3705 2231 3796">
     <span class='ocr_line' id='line_1_36' title="bbox 647 3705 2231 3796; baseline -0.015 -16"><span class='ocrx_word' id='word_1_246' title='bbox 647 3705 816 3796; x_wconf 79' lang='lat' dir='ltr'><strong>quam</strong></span> <span class='ocrx_word' id='word_1_247' title='bbox 843 3734 1032 3776; x_wconf 86' lang='lat' dir='ltr'><strong>aurem</strong></span> <span class='ocrx_word' id='word_1_248' title='bbox 1069 3717 1236 3773; x_wconf 86' lang='lat' dir='ltr'><strong>saties</strong></span> <span class='ocrx_word' id='word_1_249' title='bbox 1268 3722 1322 3770; x_wconf 90' lang='lat' dir='ltr'><strong>et</strong></span> <span class='ocrx_word' id='word_1_250' title='bbox 1355 3712 1598 3766; x_wconf 86' lang='lat' dir='ltr'><strong>mulccas</strong></span> <span class='ocrx_word' id='word_1_251' title='bbox 1647 3718 1831 3771; x_wconf 91' lang='lat' dir='ltr'><strong>tuam,</strong></span> <span class='ocrx_word' id='word_1_252' title='bbox 1866 3713 2000 3759; x_wconf 90' lang='lat' dir='ltr'><strong>tunc</strong></span> <span class='ocrx_word' id='word_1_253' title='bbox 2037 3715 2090 3759; x_wconf 91' lang='lat' dir='ltr'><strong>tu</strong></span> <span class='ocrx_word' id='word_1_254' title='bbox 2123 3705 2231 3758; x_wconf 80' lang='lat' dir='ltr'><strong>l‘ra-</strong></span> 
     </span>
    </p>
   </div>
   <div class='ocr_carea' id='block_1_37' title="bbox 647 3799 2228 3878">
    <p class='ocr_par' dir='ltr' id='par_1_37' title="bbox 647 3799 2228 3878">
     <span class='ocr_line' id='line_1_37' title="bbox 647 3799 2228 3878; baseline -0.015 -5"><span class='ocrx_word' id='word_1_255' title='bbox 647 3818 752 3873; x_wconf 84' lang='lat' dir='ltr'><strong>tris</strong></span> <span class='ocrx_word' id='word_1_256' title='bbox 782 3814 979 3870; x_wconf 80' lang='lat' dir='ltr'><strong>faciem</strong></span> <span class='ocrx_word' id='word_1_257' title='bbox 1010 3818 1270 3878; x_wconf 82' lang='lat' dir='ltr'><strong>tanquam</strong></span> <span class='ocrx_word' id='word_1_258' title='bbox 1305 3805 1538 3874; x_wconf 88' lang='lat' dir='ltr'><strong>leipsum</strong></span> <span class='ocrx_word' id='word_1_259' title='bbox 1569 3802 1635 3856; x_wconf 89' lang='lat' dir='ltr'><strong>ad</strong></span> <span class='ocrx_word' id='word_1_260' title='bbox 1667 3800 1975 3856; x_wconf 89' lang='lat' dir='ltr'><strong>aculeatum</strong></span> <span class='ocrx_word' id='word_1_261' title='bbox 2008 3799 2228 3853; x_wconf 86' lang='lat' dir='ltr'><strong>verbum</strong></span> 
     </span>
    </p>
   </div>
   <div class='ocr_carea' id='block_1_38' title="bbox 647 3889 2229 3972">
    <p class='ocr_par' dir='ltr' id='par_1_38' title="bbox 647 3889 2229 3972">
     <span class='ocr_line' id='line_1_38' title="bbox 647 3889 2229 3972; baseline -0.015 -7"><span class='ocrx_word' id='word_1_262' title='bbox 647 3905 948 3965; x_wconf 82' lang='lat' dir='ltr'><strong>obnoxium</strong></span> <span class='ocrx_word' id='word_1_263' title='bbox 995 3901 1259 3972; x_wconf 84' lang='lat' dir='ltr'><strong>Opinans,</strong></span> <span class='ocrx_word' id='word_1_264' title='bbox 1305 3905 1359 3952; x_wconf 92' lang='lat' dir='ltr'><strong>et</strong></span> <span class='ocrx_word' id='word_1_265' title='bbox 1403 3895 1502 3950; x_wconf 89' lang='lat' dir='ltr'><strong>tibi</strong></span> <span class='ocrx_word' id='word_1_266' title='bbox 1555 3893 1659 3964; x_wconf 92' lang='lat' dir='ltr'><strong>ipsi</strong></span> <span class='ocrx_word' id='word_1_267' title='bbox 1705 3902 1758 3948; x_wconf 90' lang='lat' dir='ltr'><strong>et</strong></span> <span class='ocrx_word' id='word_1_268' title='bbox 1802 3892 1880 3946; x_wconf 93' lang='lat' dir='ltr'><strong>illi</strong></span> <span class='ocrx_word' id='word_1_269' title='bbox 1933 3889 2140 3947; x_wconf 85' lang='lat' dir='ltr'><strong>servies</strong></span> <span class='ocrx_word' id='word_1_270' title='bbox 2183 3889 2229 3943; x_wconf 91' lang='lat' dir='ltr'><strong>si</strong></span> 
     </span>
    </p>
   </div>
   <div class='ocr_carea' id='block_1_39' title="bbox 651 3985 1740 4058">
    <p class='ocr_par' dir='ltr' id='par_1_39' title="bbox 651 3985 1740 4058">
     <span class='ocr_line' id='line_1_39' title="bbox 651 3985 1740 4058; baseline -0.016 -1"><span class='ocrx_word' id='word_1_271' title='bbox 651 4012 962 4057; x_wconf 88' lang='lat' dir='ltr'><strong>sermonem</strong></span> <span class='ocrx_word' id='word_1_272' title='bbox 995 3989 1358 4051; x_wconf 86' lang='lat' dir='ltr'><strong>obtrectantis</strong></span> <span class='ocrx_word' id='word_1_273' title='bbox 1386 4001 1541 4058; x_wconf 62' lang='lat' dir='ltr'><strong>asque</strong></span> <span class='ocrx_word' id='word_1_274' title='bbox 1571 3985 1740 4043; x_wconf 83' lang='lat' dir='ltr'><strong>feras.</strong></span> 
     </span>
    </p>
   </div>
   <div class='ocr_carea' id='block_1_40' title="bbox 649 4079 2227 4158">
    <p class='ocr_par' dir='ltr' id='par_1_40' title="bbox 649 4079 2227 4158">
     <span class='ocr_line' id='line_1_40' title="bbox 649 4079 2227 4158; baseline -0.012 -10"><span class='ocrx_word' id='word_1_275' title='bbox 649 4094 756 4152; x_wconf 79' lang='grc'><strong>105</strong></span> <span class='ocrx_word' id='word_1_276' title='bbox 799 4091 1058 4158; x_wconf 77' lang='lat' dir='ltr'><strong>Prospere</strong></span> <span class='ocrx_word' id='word_1_277' title='bbox 1090 4084 1345 4154; x_wconf 82' lang='lat' dir='ltr'><strong>navigans</strong></span> <span class='ocrx_word' id='word_1_278' title='bbox 1369 4120 1385 4147; x_wconf 91' lang='lat'><strong>,</strong></span> <span class='ocrx_word' id='word_1_279' title='bbox 1423 4095 1486 4135; x_wconf 82' lang='lat' dir='ltr'><strong>ne</strong></span> <span class='ocrx_word' id='word_1_280' title='bbox 1513 4079 1756 4158; x_wconf 67' lang='lat' dir='ltr'><strong>glorieris</strong></span> <span class='ocrx_word' id='word_1_281' title='bbox 1792 4086 2071 4158; x_wconf 58' lang='lat' dir='ltr'><strong>antequam</strong></span> <span class='ocrx_word' id='word_1_282' title='bbox 2098 4092 2227 4158; x_wconf 69' lang='lat' dir='ltr'><strong>por-</strong></span> 
     </span>
    </p>
   </div>
   <div class='ocr_carea' id='block_1_41' title="bbox 1733 4149 2158 4220">
    <p class='ocr_par' dir='ltr' id='par_1_41' title="bbox 1733 4149 2158 4220">
     <span class='ocr_line' id='line_1_41' title="bbox 1733 4149 2158 4220; baseline -0.002 -18"><span class='ocrx_word' id='word_1_283' title='bbox 1733 4149 1868 4220; x_wconf 67' lang='lat' dir='ltr'><strong>{tum</strong></span> <span class='ocrx_word' id='word_1_284' title='bbox 1899 4149 2158 4219; x_wconf 71' lang='lat' dir='ltr'><strong>attigeris.</strong></span> 
     </span>
    </p>
   </div>
   <div class='ocr_carea' id='block_1_42' title="bbox 721 4241 2230 4324">
    <p class='ocr_par' dir='ltr' id='par_1_42' title="bbox 721 4241 2230 4324">
     <span class='ocr_line' id='line_1_42' title="bbox 721 4241 2230 4324; baseline -0.012 -13"><span class='ocrx_word' id='word_1_285' title='bbox 721 4251 1190 4324; x_wconf 85' lang='lat' dir='ltr'><strong>Quemadmodum</strong></span> <span class='ocrx_word' id='word_1_286' title='bbox 1227 4246 1460 4304; x_wconf 80' lang='lat' dir='ltr'><strong>feliciter</strong></span> <span class='ocrx_word' id='word_1_287' title='bbox 1495 4258 1645 4299; x_wconf 90' lang='lat' dir='ltr'><strong>mare</strong></span> <span class='ocrx_word' id='word_1_288' title='bbox 1674 4242 1982 4313; x_wconf 79' lang='lat' dir='ltr'><strong>naviganti,</strong></span> <span class='ocrx_word' id='word_1_289' title='bbox 2019 4241 2144 4296; x_wconf 86' lang='lat' dir='ltr'><strong>licet</strong></span> <span class='ocrx_word' id='word_1_290' title='bbox 2179 4241 2230 4293; x_wconf 87' lang='lat' dir='ltr'><strong>in</strong></span> 
     </span>
    </p>
   </div>
   <div class='ocr_carea' id='block_1_43' title="bbox 653 4335 2229 4422">
    <p class='ocr_par' dir='ltr' id='par_1_43' title="bbox 653 4335 2229 4422">
     <span class='ocr_line' id='line_1_43' title="bbox 653 4335 2229 4422; baseline -0.013 -15"><span class='ocrx_word' id='word_1_291' title='bbox 653 4353 888 4422; x_wconf 83' lang='lat' dir='ltr'><strong>trajectu</strong></span> <span class='ocrx_word' id='word_1_292' title='bbox 914 4356 1064 4404; x_wconf 90' lang='lat' dir='ltr'><strong>recte</strong></span> <span class='ocrx_word' id='word_1_293' title='bbox 1093 4345 1366 4414; x_wconf 86' lang='lat' dir='ltr'><strong>dirigatur</strong></span> <span class='ocrx_word' id='word_1_294' title='bbox 1392 4339 1570 4403; x_wconf 86' lang='lat' dir='ltr'><strong>navis,</strong></span> <span class='ocrx_word' id='word_1_295' title='bbox 1599 4347 1787 4408; x_wconf 86' lang='lat' dir='ltr'><strong>utpote</strong></span> <span class='ocrx_word' id='word_1_296' title='bbox 1813 4337 2026 4390; x_wconf 89' lang='lat' dir='ltr'><strong>incerto</strong></span> <span class='ocrx_word' id='word_1_297' title='bbox 2046 4335 2229 4396; x_wconf 81' lang='lat' dir='ltr'><strong>exitu,</strong></span> 
     </span>
    </p>
   </div>
   <div class='ocr_carea' id='block_1_44' title="bbox 652 4431 2232 4509">
    <p class='ocr_par' dir='ltr' id='par_1_44' title="bbox 652 4431 2232 4509">
     <span class='ocr_line' id='line_1_44' title="bbox 652 4431 2232 4509; baseline -0.011 -10"><span class='ocrx_word' id='word_1_298' title='bbox 652 4461 761 4499; x_wconf 90' lang='lat' dir='ltr'><strong>non</strong></span> <span class='ocrx_word' id='word_1_299' title='bbox 802 4450 979 4497; x_wconf 90' lang='lat' dir='ltr'><strong>tutum</strong></span> <span class='ocrx_word' id='word_1_300' title='bbox 1026 4447 1112 4494; x_wconf 87' lang='lat' dir='ltr'><strong>est</strong></span> <span class='ocrx_word' id='word_1_301' title='bbox 1155 4435 1417 4509; x_wconf 88' lang='lat' dir='ltr'><strong>gloriari,</strong></span> <span class='ocrx_word' id='word_1_302' title='bbox 1451 4443 1506 4489; x_wconf 86' lang='lat' dir='ltr'><strong>et</strong></span> <span class='ocrx_word' id='word_1_303' title='bbox 1536 4441 1663 4487; x_wconf 88' lang='lat' dir='ltr'><strong>ante</strong></span> <span class='ocrx_word' id='word_1_304' title='bbox 1704 4431 2060 4486; x_wconf 86' lang='lat' dir='ltr'><strong>retinaculum</strong></span> <span class='ocrx_word' id='word_1_305' title='bbox 2083 4469 2097 4493; x_wconf 97' lang='lat'><strong>,</strong></span> <span class='ocrx_word' id='word_1_306' title='bbox 2135 4445 2232 4483; x_wconf 89' lang='lat' dir='ltr'><strong>ru-</strong></span> 
     </span>
    </p>
   </div>
   <div class='ocr_carea' id='block_1_45' title="bbox 651 4523 2231 4602">
    <p class='ocr_par' dir='ltr' id='par_1_45' title="bbox 651 4523 2231 4602">
     <span class='ocr_line' id='line_1_45' title="bbox 651 4523 2231 4602; baseline -0.011 -11"><span class='ocrx_word' id='word_1_307' title='bbox 651 4541 868 4593; x_wconf 85' lang='lat' dir='ltr'><strong>dentem</strong></span> <span class='ocrx_word' id='word_1_308' title='bbox 897 4533 1021 4589; x_wconf 92' lang='lat' dir='ltr'><strong>dico</strong></span> <span class='ocrx_word' id='word_1_309' title='bbox 1046 4545 1155 4602; x_wconf 91' lang='lat' dir='ltr'><strong>quo</strong></span> <span class='ocrx_word' id='word_1_310' title='bbox 1175 4529 1240 4584; x_wconf 88' lang='lat' dir='ltr'><strong>ad</strong></span> <span class='ocrx_word' id='word_1_311' title='bbox 1272 4535 1490 4599; x_wconf 88' lang='lat' dir='ltr'><strong>portum</strong></span> <span class='ocrx_word' id='word_1_312' title='bbox 1520 4526 1782 4595; x_wconf 81' lang='lat' dir='ltr'><strong>religatur</strong></span> <span class='ocrx_word' id='word_1_313' title='bbox 1806 4523 1962 4578; x_wconf 89' lang='lat' dir='ltr'><strong>navis</strong></span> <span class='ocrx_word' id='word_1_314' title='bbox 1981 4563 1996 4588; x_wconf 90' lang='lat'><strong>,</strong></span> <span class='ocrx_word' id='word_1_315' title='bbox 2022 4523 2231 4592; x_wconf 83' lang='lat' dir='ltr'><strong>magni-</strong></span> 
     </span>
    </p>
   </div>
   <div class='ocr_carea' id='block_1_46' title="bbox 653 4615 2228 4697">
    <p class='ocr_par' dir='ltr' id='par_1_46' title="bbox 653 4615 2228 4697">
     <span class='ocr_line' id='line_1_46' title="bbox 653 4615 2228 4697; baseline -0.011 -12"><span class='ocrx_word' id='word_1_316' title='bbox 653 4633 755 4686; x_wconf 90' lang='lat' dir='ltr'><strong>licc</strong></span> <span class='ocrx_word' id='word_1_317' title='bbox 787 4626 936 4697; x_wconf 87' lang='lat' dir='ltr'><strong>loqui</strong></span> <span class='ocrx_word' id='word_1_318' title='bbox 977 4639 1085 4679; x_wconf 91' lang='lat' dir='ltr'><strong>non</strong></span> <span class='ocrx_word' id='word_1_319' title='bbox 1119 4628 1370 4692; x_wconf 87' lang='lat' dir='ltr'><strong>oportet,</strong></span> <span class='ocrx_word' id='word_1_320' title='bbox 1406 4621 1485 4674; x_wconf 90' lang='lat' dir='ltr'><strong>sic</strong></span> <span class='ocrx_word' id='word_1_321' title='bbox 1530 4632 1632 4674; x_wconf 92' lang='lat' dir='ltr'><strong>nec</strong></span> <span class='ocrx_word' id='word_1_322' title='bbox 1672 4617 1892 4673; x_wconf 89' lang='lat' dir='ltr'><strong>divitem</strong></span> <span class='ocrx_word' id='word_1_323' title='bbox 1931 4615 2228 4672; x_wconf 89' lang='lat' dir='ltr'><strong>secundum</strong></span> 
     </span>
    </p>
   </div>
   <div class='ocr_carea' id='block_1_47' title="bbox 652 4708 2236 4784">
    <p class='ocr_par' dir='ltr' id='par_1_47' title="bbox 652 4708 2236 4784">
     <span class='ocr_line' id='line_1_47' title="bbox 652 4708 2236 4784; baseline -0.011 -7"><span class='ocrx_word' id='word_1_324' title='bbox 652 4736 913 4784; x_wconf 88' lang='lat' dir='ltr'><strong>carnem,</strong></span> <span class='ocrx_word' id='word_1_325' title='bbox 947 4715 1261 4771; x_wconf 84' lang='lat' dir='ltr'><strong>divitiarum</strong></span> <span class='ocrx_word' id='word_1_326' title='bbox 1307 4711 1580 4767; x_wconf 86' lang='lat' dir='ltr'><strong>conﬁdere</strong></span> <span class='ocrx_word' id='word_1_327' title='bbox 1622 4725 1732 4764; x_wconf 92' lang='lat' dir='ltr'><strong>non</strong></span> <span class='ocrx_word' id='word_1_328' title='bbox 1786 4708 2004 4778; x_wconf 77' lang='lat' dir='ltr'><strong>expedit</strong></span> <span class='ocrx_word' id='word_1_329' title='bbox 2047 4708 2102 4762; x_wconf 92' lang='lat' dir='ltr'><strong>in</strong></span> <span class='ocrx_word' id='word_1_330' title='bbox 2155 4708 2236 4760; x_wconf 91' lang='lat' dir='ltr'><strong>in-</strong></span> 
     </span>
    </p>
   </div>
   <div class='ocr_carea' id='block_1_48' title="bbox 651 4799 2235 4878">
    <p class='ocr_par' dir='ltr' id='par_1_48' title="bbox 651 4799 2235 4878">
     <span class='ocr_line' id='line_1_48' title="bbox 651 4799 2235 4878; baseline -0.013 -6"><span class='ocrx_word' id='word_1_331' title='bbox 651 4826 804 4872; x_wconf 91' lang='lat' dir='ltr'><strong>certo</strong></span> <span class='ocrx_word' id='word_1_332' title='bbox 825 4852 842 4878; x_wconf 89' lang='lat'><strong>,</strong></span> <span class='ocrx_word' id='word_1_333' title='bbox 874 4812 1285 4868; x_wconf 76' lang='lat' dir='ltr'><strong>obliviscentem</strong></span> <span class='ocrx_word' id='word_1_334' title='bbox 1320 4819 1444 4860; x_wconf 86' lang='lat' dir='ltr'><strong>eum</strong></span> <span class='ocrx_word' id='word_1_335' title='bbox 1472 4803 1565 4874; x_wconf 89' lang='lat' dir='ltr'><strong>qui</strong></span> <span class='ocrx_word' id='word_1_336' title='bbox 1598 4802 1772 4858; x_wconf 88' lang='lat' dir='ltr'><strong>dicit:</strong></span> <span class='ocrx_word' id='word_1_337' title='bbox 1805 4800 1991 4854; x_wconf 91' lang='lat' dir='ltr'><strong>Finem</strong></span> <span class='ocrx_word' id='word_1_338' title='bbox 2024 4799 2235 4868; x_wconf 86' lang='lat' dir='ltr'><strong>inspice</strong></span> 
     </span>
    </p>
   </div>
   <div class='ocr_carea' id='block_1_49' title="bbox 648 4893 2274 4979">
    <p class='ocr_par' dir='ltr' id='par_1_49' title="bbox 648 4893 2274 4979">
     <span class='ocr_line' id='line_1_49' title="bbox 648 4893 2274 4979; baseline -0.012 -14"><span class='ocrx_word' id='word_1_339' title='bbox 648 4911 829 4979; x_wconf 66' lang='lat' dir='ltr'><strong>longa:</strong></span> <span class='ocrx_word' id='word_1_340' title='bbox 859 4907 1014 4969; x_wconf 72' lang='lat' dir='ltr'><strong>vitm;</strong></span> <span class='ocrx_word' id='word_1_341' title='bbox 1054 4904 1136 4959; x_wconf 91' lang='lat' dir='ltr'><strong>sic</strong></span> <span class='ocrx_word' id='word_1_342' title='bbox 1169 4915 1270 4955; x_wconf 84' lang='lat' dir='ltr'><strong>nco</strong></span> <span class='ocrx_word' id='word_1_343' title='bbox 1300 4914 1425 4953; x_wconf 87' lang='lat' dir='ltr'><strong>eum</strong></span> <span class='ocrx_word' id='word_1_344' title='bbox 1455 4897 1550 4967; x_wconf 88' lang='lat' dir='ltr'><strong>qui</strong></span> <span class='ocrx_word' id='word_1_345' title='bbox 1582 4894 1880 4950; x_wconf 87' lang='lat' dir='ltr'><strong>virtutibus</strong></span> <span class='ocrx_word' id='word_1_346' title='bbox 1922 4893 2064 4948; x_wconf 88' lang='lat' dir='ltr'><strong>bene</strong></span> <span class='ocrx_word' id='word_1_347' title='bbox 2106 4906 2234 4961; x_wconf 91' lang='lat' dir='ltr'><strong>pro-</strong></span> <span class='ocrx_word' id='word_1_348' title='bbox 2271 4959 2274 4961; x_wconf 12' lang='grc' dir='ltr'><strong>Α</strong></span> 
     </span>
    </p>
   </div>
   <div class='ocr_carea' id='block_1_50' title="bbox 652 4984 2235 5062">
    <p class='ocr_par' dir='ltr' id='par_1_50' title="bbox 652 4984 2235 5062">
     <span class='ocr_line' id='line_1_50' title="bbox 652 4984 2235 5062; baseline -0.013 -4"><span class='ocrx_word' id='word_1_349' title='bbox 652 5003 764 5058; x_wconf 90' lang='lat' dir='ltr'><strong>licit</strong></span> <span class='ocrx_word' id='word_1_350' title='bbox 792 5008 846 5057; x_wconf 88' lang='lat' dir='ltr'><strong>et</strong></span> <span class='ocrx_word' id='word_1_351' title='bbox 885 4994 1313 5055; x_wconf 87' lang='lat' dir='ltr'><strong>cbarismatibus</strong></span> <span class='ocrx_word' id='word_1_352' title='bbox 1349 4989 1734 5062; x_wconf 87' lang='lat' dir='ltr'><strong>spiritualibus</strong></span> <span class='ocrx_word' id='word_1_353' title='bbox 1769 4988 1908 5043; x_wconf 91' lang='lat' dir='ltr'><strong>bene</strong></span> <span class='ocrx_word' id='word_1_354' title='bbox 1946 4984 2150 5041; x_wconf 90' lang='lat' dir='ltr'><strong>incedit</strong></span> <span class='ocrx_word' id='word_1_355' title='bbox 2181 4995 2235 5040; x_wconf 86' lang='lat' dir='ltr'><strong>et</strong></span> 
     </span>
    </p>
   </div>
   <div class='ocr_carea' id='block_1_51' title="bbox 651 5077 2234 5154">
    <p class='ocr_par' dir='ltr' id='par_1_51' title="bbox 651 5077 2234 5154">
     <span class='ocr_line' id='line_1_51' title="bbox 651 5077 2234 5154; baseline -0.007 -11"><span class='ocrx_word' id='word_1_356' title='bbox 651 5093 830 5146; x_wconf 80' lang='lat' dir='ltr'><strong>valide</strong></span> <span class='ocrx_word' id='word_1_357' title='bbox 857 5087 1394 5154; x_wconf 84' lang='lat' dir='ltr'><strong>crescit,antequam</strong></span> <span class='ocrx_word' id='word_1_358' title='bbox 1445 5081 1691 5151; x_wconf 89' lang='lat' dir='ltr'><strong>requiem</strong></span> <span class='ocrx_word' id='word_1_359' title='bbox 1743 5090 1941 5150; x_wconf 88' lang='lat' dir='ltr'><strong>portus</strong></span> <span class='ocrx_word' id='word_1_360' title='bbox 1987 5077 2234 5133; x_wconf 62' lang='lat' dir='ltr'><strong>caelestis</strong></span> 
     </span>
    </p>
   </div>
   <div class='ocr_carea' id='block_1_52' title="bbox 653 5167 2234 5254">
    <p class='ocr_par' dir='ltr' id='par_1_52' title="bbox 653 5167 2234 5254">
     <span class='ocr_line' id='line_1_52' title="bbox 653 5167 2234 5254; baseline -0.01 -16"><span class='ocrx_word' id='word_1_361' title='bbox 653 5183 927 5254; x_wconf 85' lang='lat' dir='ltr'><strong>attigerit,</strong></span> <span class='ocrx_word' id='word_1_362' title='bbox 966 5177 1244 5251; x_wconf 81' lang='lat' dir='ltr'><strong>grandiori</strong></span> <span class='ocrx_word' id='word_1_363' title='bbox 1274 5189 1405 5231; x_wconf 86' lang='lat' dir='ltr'><strong>voce</strong></span> <span class='ocrx_word' id='word_1_364' title='bbox 1439 5173 1518 5227; x_wconf 93' lang='lat' dir='ltr'><strong>uti</strong></span> <span class='ocrx_word' id='word_1_365' title='bbox 1558 5186 1668 5226; x_wconf 92' lang='lat' dir='ltr'><strong>nou</strong></span> <span class='ocrx_word' id='word_1_366' title='bbox 1709 5170 1886 5226; x_wconf 91' lang='lat' dir='ltr'><strong>decet.</strong></span> <span class='ocrx_word' id='word_1_367' title='bbox 1930 5167 2234 5223; x_wconf 84' lang='lat' dir='ltr'><strong>Multorum</strong></span> 
     </span>
    </p>
   </div>
   <div class='ocr_carea' id='block_1_53' title="bbox 653 5262 2233 5344">
    <p class='ocr_par' dir='ltr' id='par_1_53' title="bbox 653 5262 2233 5344">
     <span class='ocr_line' id='line_1_53' title="bbox 653 5262 2233 5344; baseline -0.009 -15"><span class='ocrx_word' id='word_1_368' title='bbox 653 5275 801 5329; x_wconf 89' lang='lat' dir='ltr'><strong>enim</strong></span> <span class='ocrx_word' id='word_1_369' title='bbox 835 5288 931 5344; x_wconf 89' lang='lat' dir='ltr'><strong>per</strong></span> <span class='ocrx_word' id='word_1_370' title='bbox 958 5271 1156 5326; x_wconf 85' lang='lat' dir='ltr'><strong>ﬂuctus</strong></span> <span class='ocrx_word' id='word_1_371' title='bbox 1189 5276 1243 5325; x_wconf 88' lang='lat' dir='ltr'><strong>et</strong></span> <span class='ocrx_word' id='word_1_372' title='bbox 1278 5273 1630 5338; x_wconf 89' lang='lat' dir='ltr'><strong>tempestates</strong></span> <span class='ocrx_word' id='word_1_373' title='bbox 1661 5263 1834 5318; x_wconf 89' lang='lat' dir='ltr'><strong>maris</strong></span> <span class='ocrx_word' id='word_1_374' title='bbox 1859 5262 2195 5318; x_wconf 90' lang='lat' dir='ltr'><strong>salvatorum</strong></span> <span class='ocrx_word' id='word_1_375' title='bbox 2218 5301 2233 5327; x_wconf 89' lang='lat'><strong>,</strong></span> 
     </span>
    </p>
   </div>
   <div class='ocr_carea' id='block_1_54' title="bbox 653 5353 2233 5436">
    <p class='ocr_par' dir='ltr' id='par_1_54' title="bbox 653 5353 2233 5436">
     <span class='ocr_line' id='line_1_54' title="bbox 653 5353 2233 5436; baseline -0.008 -14"><span class='ocrx_word' id='word_1_376' title='bbox 653 5383 780 5422; x_wconf 91' lang='lat' dir='ltr'><strong>cum</strong></span> <span class='ocrx_word' id='word_1_377' title='bbox 816 5368 882 5420; x_wconf 92' lang='lat' dir='ltr'><strong>ad</strong></span> <span class='ocrx_word' id='word_1_378' title='bbox 912 5371 1100 5436; x_wconf 88' lang='lat' dir='ltr'><strong>portus</strong></span> <span class='ocrx_word' id='word_1_379' title='bbox 1128 5361 1668 5432; x_wconf 89' lang='lat' dir='ltr'><strong>appropinquarent,</strong></span> <span class='ocrx_word' id='word_1_380' title='bbox 1704 5355 1890 5411; x_wconf 90' lang='lat' dir='ltr'><strong>subito</strong></span> <span class='ocrx_word' id='word_1_381' title='bbox 1922 5356 1978 5410; x_wconf 93' lang='lat' dir='ltr'><strong>in</strong></span> <span class='ocrx_word' id='word_1_382' title='bbox 2008 5353 2233 5425; x_wconf 83' lang='lat' dir='ltr'><strong>profun-</strong></span> 
     </span>
    </p>
   </div>
   <div class='ocr_carea' id='block_1_55' title="bbox 653 5445 2236 5517">
    <p class='ocr_par' dir='ltr' id='par_1_55' title="bbox 653 5445 2236 5517">
     <span class='ocr_line' id='line_1_55' title="bbox 653 5445 2236 5517; baseline -0.008 -6"><span class='ocrx_word' id='word_1_383' title='bbox 653 5457 784 5511; x_wconf 89' lang='lat' dir='ltr'><strong>dum</strong></span> <span class='ocrx_word' id='word_1_384' title='bbox 813 5455 1096 5510; x_wconf 89' lang='lat' dir='ltr'><strong>submersa</strong></span> <span class='ocrx_word' id='word_1_385' title='bbox 1131 5460 1216 5508; x_wconf 89' lang='lat' dir='ltr'><strong>est</strong></span> <span class='ocrx_word' id='word_1_386' title='bbox 1244 5450 1438 5517; x_wconf 89' lang='lat' dir='ltr'><strong>navis;</strong></span> <span class='ocrx_word' id='word_1_387' title='bbox 1465 5456 1520 5505; x_wconf 89' lang='lat' dir='ltr'><strong>et</strong></span> <span class='ocrx_word' id='word_1_388' title='bbox 1556 5445 1714 5502; x_wconf 90' lang='lat' dir='ltr'><strong>multi</strong></span> <span class='ocrx_word' id='word_1_389' title='bbox 1747 5446 1801 5500; x_wconf 92' lang='lat' dir='ltr'><strong>in</strong></span> <span class='ocrx_word' id='word_1_390' title='bbox 1838 5445 2236 5515; x_wconf 85' lang='lat' dir='ltr'><strong>irreprebensi-</strong></span> 
     </span>
    </p>
   </div>
   <div class='ocr_carea' id='block_1_56' title="bbox 652 5534 2235 5612">
    <p class='ocr_par' dir='ltr' id='par_1_56' title="bbox 652 5534 2235 5612">
     <span class='ocr_line' id='line_1_56' title="bbox 652 5534 2235 5612; baseline -0.008 -12"><span class='ocrx_word' id='word_1_391' title='bbox 652 5545 861 5601; x_wconf 83' lang='lat' dir='ltr'><strong>bilibus</strong></span> <span class='ocrx_word' id='word_1_392' title='bbox 895 5542 1142 5598; x_wconf 87' lang='lat' dir='ltr'><strong>maribus</strong></span> <span class='ocrx_word' id='word_1_393' title='bbox 1178 5541 1341 5612; x_wconf 87' lang='lat' dir='ltr'><strong>digne</strong></span> <span class='ocrx_word' id='word_1_394' title='bbox 1365 5541 1639 5594; x_wconf 87' lang='lat' dir='ltr'><strong>luctantes</strong></span> <span class='ocrx_word' id='word_1_395' title='bbox 1667 5545 1762 5591; x_wconf 89' lang='lat' dir='ltr'><strong>aut</strong></span> <span class='ocrx_word' id='word_1_396' title='bbox 1801 5535 2085 5590; x_wconf 79' lang='lat' dir='ltr'><strong>exercitati</strong></span> <span class='ocrx_word' id='word_1_397' title='bbox 2131 5534 2235 5592; x_wconf 87' lang='lat' dir='ltr'><strong>visi</strong></span> 
     </span>
    </p>
   </div>
   <div class='ocr_carea' id='block_1_57' title="bbox 652 5626 2237 5708">
    <p class='ocr_par' dir='ltr' id='par_1_57' title="bbox 652 5626 2237 5708">
     <span class='ocr_line' id='line_1_57' title="bbox 652 5626 2237 5708; baseline -0.006 -16"><span class='ocrx_word' id='word_1_398' title='bbox 652 5645 801 5700; x_wconf 88' lang='lat' dir='ltr'><strong>sunt,</strong></span> <span class='ocrx_word' id='word_1_399' title='bbox 829 5635 923 5708; x_wconf 93' lang='lat' dir='ltr'><strong>qui</strong></span> <span class='ocrx_word' id='word_1_400' title='bbox 954 5634 1244 5690; x_wconf 90' lang='lat' dir='ltr'><strong>occasione</strong></span> <span class='ocrx_word' id='word_1_401' title='bbox 1271 5632 1504 5703; x_wconf 86' lang='lat' dir='ltr'><strong>quadam</strong></span> <span class='ocrx_word' id='word_1_402' title='bbox 1532 5629 1639 5686; x_wconf 91' lang='lat' dir='ltr'><strong>levi</strong></span> <span class='ocrx_word' id='word_1_403' title='bbox 1671 5639 1723 5684; x_wconf 91' lang='lat' dir='ltr'><strong>et</strong></span> <span class='ocrx_word' id='word_1_404' title='bbox 1745 5627 1866 5682; x_wconf 89' lang='lat' dir='ltr'><strong>visu</strong></span> <span class='ocrx_word' id='word_1_405' title='bbox 1893 5626 2038 5682; x_wconf 79' lang='lat' dir='ltr'><strong>facili</strong></span> <span class='ocrx_word' id='word_1_406' title='bbox 2071 5642 2237 5698; x_wconf 84' lang='lat' dir='ltr'><strong>expo-</strong></span> 
     </span>
    </p>
   </div>
   <div class='ocr_carea' id='block_1_58' title="bbox 654 5719 2234 5800">
    <p class='ocr_par' dir='ltr' id='par_1_58' title="bbox 654 5719 2234 5800">
     <span class='ocr_line' id='line_1_58' title="bbox 654 5719 2234 5800; baseline -0.004 -14"><span class='ocrx_word' id='word_1_407' title='bbox 654 5729 746 5787; x_wconf 81' lang='lat' dir='ltr'><strong>siti</strong></span> <span class='ocrx_word' id='word_1_408' title='bbox 783 5727 1071 5800; x_wconf 80' lang='lat' dir='ltr'><strong>periclitati</strong></span> <span class='ocrx_word' id='word_1_409' title='bbox 1099 5734 1229 5780; x_wconf 87' lang='lat' dir='ltr'><strong>sunt</strong></span> <span class='ocrx_word' id='word_1_410' title='bbox 1250 5734 1303 5781; x_wconf 89' lang='lat' dir='ltr'><strong>et</strong></span> <span class='ocrx_word' id='word_1_411' title='bbox 1329 5739 1359 5778; x_wconf 89' lang='lat' dir='ltr'><strong>a</strong></span> <span class='ocrx_word' id='word_1_412' title='bbox 1386 5722 1720 5780; x_wconf 87' lang='lat' dir='ltr'><strong>beatitudine</strong></span> <span class='ocrx_word' id='word_1_413' title='bbox 1749 5735 1986 5792; x_wconf 90' lang='lat' dir='ltr'><strong>superna</strong></span> <span class='ocrx_word' id='word_1_414' title='bbox 2015 5719 2234 5779; x_wconf 81' lang='lat' dir='ltr'><strong>deiece-</strong></span> 
     </span>
    </p>
   </div>
   <div class='ocr_carea' id='block_1_59' title="bbox 727 5885 1409 5951">
    <p class='ocr_par' dir='ltr' id='par_1_59' title="bbox 727 5885 1409 5951">
     <span class='ocr_line' id='line_1_59' title="bbox 727 5885 1409 5951; baseline -0.01 -8"><span class='ocrx_word' id='word_1_415' title='bbox 727 5887 802 5949; x_wconf 82' lang='grc'><strong>(1)</strong></span> <span class='ocrx_word' id='word_1_416' title='bbox 841 5885 954 5943; x_wconf 88' lang='lat' dir='ltr'><strong>Cod</strong></span> <span class='ocrx_word' id='word_1_417' title='bbox 967 5929 978 5942; x_wconf 91' lang='lat'><strong><em>.</em></strong></span> <span class='ocrx_word' id='word_1_418' title='bbox 1019 5885 1409 5951; x_wconf 77' lang='grc' dir='ltr'>ἀναφάναντος.</span> 
     </span>
    </p>
   </div>
   <div class='ocr_carea' id='block_1_60' title="bbox 1983 369 3779 441">
    <p class='ocr_par' dir='ltr' id='par_1_60' title="bbox 1983 369 3779 441">
     <span class='ocr_line' id='line_1_60' title="bbox 1983 369 3779 441; baseline -0.002 -13"><span class='ocrx_word' id='word_1_419' title='bbox 1983 370 2282 430; x_wconf 66' lang='lat' dir='ltr'><strong>manus</strong></span> <span class='ocrx_word' id='word_1_420' title='bbox 2319 369 2530 428; x_wconf 81' lang='lat' dir='ltr'><strong>DAVID</strong></span> <span class='ocrx_word' id='word_1_421' title='bbox 3719 380 3779 441; x_wconf 68' lang='grc' dir='ltr'><strong>δη</strong></span> 
     </span>
    </p>
   </div>
   <div class='ocr_carea' id='block_1_61' title="bbox 2326 484 3779 562">
    <p class='ocr_par' dir='ltr' id='par_1_61' title="bbox 2326 484 3779 562">
     <span class='ocr_line' id='line_1_61' title="bbox 2326 484 3779 562; baseline -0.011 -20"><span class='ocrx_word' id='word_1_422' title='bbox 2326 488 2480 562; x_wconf 72' lang='grc' dir='ltr'>ἱερᾶς</span> <span class='ocrx_word' id='word_1_423' title='bbox 2507 486 2834 560; x_wconf 88' lang='grc' dir='ltr'>διακρίσεως</span> <span class='ocrx_word' id='word_1_424' title='bbox 2863 484 3022 556; x_wconf 81' lang='grc' dir='ltr'>λόγος</span> <span class='ocrx_word' id='word_1_425' title='bbox 3051 485 3296 541; x_wconf 81' lang='grc' dir='ltr'>ἀπαιτεῖ.</span> <span class='ocrx_word' id='word_1_426' title='bbox 3340 485 3425 549; x_wconf 80' lang='grc' dir='ltr'><strong>Ὠς</strong></span> <span class='ocrx_word' id='word_1_427' title='bbox 3452 486 3548 559; x_wconf 75' lang='grc' dir='ltr'><strong>γὰρ</strong></span> <span class='ocrx_word' id='word_1_428' title='bbox 3573 491 3621 544; x_wconf 63' lang='grc' dir='ltr'><strong>οξ</strong></span> <span class='ocrx_word' id='word_1_429' title='bbox 3642 492 3779 562; x_wconf 51' lang='grc' dir='ltr'><strong>δυξπζι</strong></span> 
     </span>
    </p>
   </div>
   <div class='ocr_carea' id='block_1_62' title="bbox 2328 576 3779 654">
    <p class='ocr_par' dir='ltr' id='par_1_62' title="bbox 2328 576 3779 654">
     <span class='ocr_line' id='line_1_62' title="bbox 2328 576 3779 654; baseline -0.003 -17"><span class='ocrx_word' id='word_1_430' title='bbox 2328 598 2490 654; x_wconf 89' lang='grc' dir='ltr'>μενον</span> <span class='ocrx_word' id='word_1_431' title='bbox 2528 580 2811 651; x_wconf 83' lang='grc' dir='ltr'>φοϐεῖσθαι</span> <span class='ocrx_word' id='word_1_432' title='bbox 2849 579 2978 651; x_wconf 82' lang='grc' dir='ltr'>χρὴ,</span> <span class='ocrx_word' id='word_1_433' title='bbox 3017 578 3092 650; x_wconf 84' lang='grc' dir='ltr'>μὴ</span> <span class='ocrx_word' id='word_1_434' title='bbox 3135 577 3248 632; x_wconf 84' lang='grc' dir='ltr'><strong>τῶν</strong></span> <span class='ocrx_word' id='word_1_435' title='bbox 3278 576 3506 632; x_wconf 75' lang='grc' dir='ltr'>ἐπαίνων</span> <span class='ocrx_word' id='word_1_436' title='bbox 3542 582 3702 650; x_wconf 71' lang='grc' dir='ltr'>ἀνάξιος</span> <span class='ocrx_word' id='word_1_437' title='bbox 3725 595 3779 645; x_wconf 62' lang='grc' dir='ltr'><strong>ιιι</strong></span> 
     </span>
    </p>
   </div>
   <div class='ocr_carea' id='block_1_63' title="bbox 2324 669 3777 750">
    <p class='ocr_par' dir='ltr' id='par_1_63' title="bbox 2324 669 3777 750">
     <span class='ocr_line' id='line_1_63' title="bbox 2324 669 3777 750; baseline -0.017 -9"><span class='ocrx_word' id='word_1_438' title='bbox 2324 673 2427 744; x_wconf 82' lang='grc' dir='ltr'><strong>τῆς</strong></span> <span class='ocrx_word' id='word_1_439' title='bbox 2453 671 2610 745; x_wconf 80' lang='grc' dir='ltr'><strong>δόξης</strong></span> <span class='ocrx_word' id='word_1_440' title='bbox 2632 672 2804 744; x_wconf 78' lang='grc' dir='ltr'>ὀφθῇς</span> <span class='ocrx_word' id='word_1_441' title='bbox 2823 689 2838 704; x_wconf 91' lang='grc'><strong>·</strong></span> <span class='ocrx_word' id='word_1_442' title='bbox 2869 671 3013 726; x_wconf 76' lang='grc' dir='ltr'>οὕτω</span> <span class='ocrx_word' id='word_1_443' title='bbox 3042 672 3136 726; x_wconf 79' lang='grc' dir='ltr'>καὶ</span> <span class='ocrx_word' id='word_1_444' title='bbox 3170 671 3237 724; x_wconf 85' lang='grc' dir='ltr'><strong>σὺ</strong></span> <span class='ocrx_word' id='word_1_445' title='bbox 3258 669 3592 740; x_wconf 75' lang='grc' dir='ltr'><strong>ἐγκωμιάζων</strong></span> <span class='ocrx_word' id='word_1_446' title='bbox 3610 675 3719 731; x_wconf 59' lang='grc' dir='ltr'>ἀλλα,</span> <span class='ocrx_word' id='word_1_447' title='bbox 3737 701 3777 750; x_wconf 48' lang='grc' dir='ltr'><strong>ξιτ</strong></span> 
     </span>
    </p>
   </div>
   <div class='ocr_carea' id='block_1_64' title="bbox 2325 762 3777 843">
    <p class='ocr_par' dir='ltr' id='par_1_64' title="bbox 2325 762 3777 843">
     <span class='ocr_line' id='line_1_64' title="bbox 2325 762 3777 843; baseline -0.006 -23"><span class='ocrx_word' id='word_1_448' title='bbox 2325 764 2793 836; x_wconf 81' lang='grc' dir='ltr'>ἀπληροφορὴτως</span> <span class='ocrx_word' id='word_1_449' title='bbox 2840 763 2936 817; x_wconf 77' lang='grc' dir='ltr'><strong>καὶ</strong></span> <span class='ocrx_word' id='word_1_450' title='bbox 2979 763 3313 834; x_wconf 81' lang='grc' dir='ltr'><strong>προχείρως,</strong></span> <span class='ocrx_word' id='word_1_451' title='bbox 3364 762 3487 832; x_wconf 76' lang='grc' dir='ltr'>πρὶν</span> <span class='ocrx_word' id='word_1_452' title='bbox 3523 764 3554 834; x_wconf 73' lang='grc' dir='ltr'><strong>ἢ</strong></span> <span class='ocrx_word' id='word_1_453' title='bbox 3595 770 3646 837; x_wconf 63' lang='grc' dir='ltr'>τῇ</span> <span class='ocrx_word' id='word_1_454' title='bbox 3682 773 3777 843; x_wconf 48' lang='grc' dir='ltr'>πείρᾳ</span> 
     </span>
    </p>
   </div>
   <div class='ocr_carea' id='block_1_65' title="bbox 2325 854 3775 927">
    <p class='ocr_par' dir='ltr' id='par_1_65' title="bbox 2325 854 3775 927">
     <span class='ocr_line' id='line_1_65' title="bbox 2325 854 3775 927; baseline -0.004 -17"><span class='ocrx_word' id='word_1_455' title='bbox 2325 857 2605 927; x_wconf 79' lang='grc' dir='ltr'><strong>διαγνοίης</strong></span> <span class='ocrx_word' id='word_1_456' title='bbox 2626 855 3034 926; x_wconf 83' lang='grc' dir='ltr'>ἀκριϐέστερον,</span> <span class='ocrx_word' id='word_1_457' title='bbox 3067 857 3146 918; x_wconf 84' lang='grc' dir='ltr'><strong>είς</strong></span> <span class='ocrx_word' id='word_1_458' title='bbox 3172 856 3298 916; x_wconf 79' lang='grc' dir='ltr'>τοὺς</span> <span class='ocrx_word' id='word_1_459' title='bbox 3331 854 3565 918; x_wconf 77' lang='grc' dir='ltr'><strong>ἐπαίνους</strong></span> 
     </span>
    </p>
   </div>
   <div class='ocr_carea' id='block_1_66' title="bbox 2332 919 3778 1022">
    <p class='ocr_par' dir='ltr' id='par_1_66' title="bbox 2332 919 3778 1022">
     <span class='ocr_line' id='line_1_66' title="bbox 2332 919 3778 1022; baseline -0.005 -18"><span class='ocrx_word' id='word_1_460' title='bbox 2332 919 2527 1022; x_wconf 77' lang='grc' dir='ltr'>μήπως</span> <span class='ocrx_word' id='word_1_461' title='bbox 2559 919 2752 1003; x_wconf 73' lang='grc' dir='ltr'>τούτου</span> <span class='ocrx_word' id='word_1_462' title='bbox 2801 919 3001 1010; x_wconf 82' lang='grc' dir='ltr'>κακίας</span> <span class='ocrx_word' id='word_1_463' title='bbox 3022 919 3274 1018; x_wconf 28' lang='grc' dir='ltr'>’ἐργάτου</span> <span class='ocrx_word' id='word_1_464' title='bbox 3318 945 3409 999; x_wconf 86' lang='grc' dir='ltr'>διά</span> <span class='ocrx_word' id='word_1_465' title='bbox 3433 947 3517 1000; x_wconf 85' lang='grc' dir='ltr'><strong>τοῦ</strong></span> <span class='ocrx_word' id='word_1_466' title='bbox 3540 949 3686 1020; x_wconf 57' lang='grc' dir='ltr'>χρόην</span> 
     </span>
    </p>
   </div>
   <div class='ocr_carea' id='block_1_67' title="bbox 2329 1039 3775 1117">
    <p class='ocr_par' dir='ltr' id='par_1_67' title="bbox 2329 1039 3775 1117">
     <span class='ocr_line' id='line_1_67' title="bbox 2329 1039 3775 1117; baseline -0.006 -19"><span class='ocrx_word' id='word_1_467' title='bbox 2329 1045 2590 1114; x_wconf 78' lang='grc' dir='ltr'>φανέντος</span> <span class='ocrx_word' id='word_1_468' title='bbox 2618 1043 2717 1115; x_wconf 79' lang='grc' dir='ltr'><strong>(Ι),</strong></span> <span class='ocrx_word' id='word_1_469' title='bbox 2757 1041 3021 1112; x_wconf 72' lang='grc' dir='ltr'><strong>αἰσχύνην</strong></span> <span class='ocrx_word' id='word_1_470' title='bbox 3054 1041 3217 1104; x_wconf 76' lang='grc' dir='ltr'>αὐτὸς</span> <span class='ocrx_word' id='word_1_471' title='bbox 3238 1039 3497 1112; x_wconf 71' lang='grc' dir='ltr'>ὀφλήσῃς,</span> <span class='ocrx_word' id='word_1_472' title='bbox 3521 1043 3584 1106; x_wconf 82' lang='grc' dir='ltr'>ὡς</span> <span class='ocrx_word' id='word_1_473' title='bbox 3615 1047 3775 1117; x_wconf 52' lang='grc' dir='ltr'>ἀκαίρως,</span> 
     </span>
    </p>
   </div>
   <div class='ocr_carea' id='block_1_68' title="bbox 2329 1134 3040 1208">
    <p class='ocr_par' dir='ltr' id='par_1_68' title="bbox 2329 1134 3040 1208">
     <span class='ocr_line' id='line_1_68' title="bbox 2329 1134 3040 1208; baseline -0.007 -16"><span class='ocrx_word' id='word_1_474' title='bbox 2329 1138 2365 1192; x_wconf 82' lang='grc' dir='ltr'>ἃ</span> <span class='ocrx_word' id='word_1_475' title='bbox 2398 1138 2496 1191; x_wconf 82' lang='grc' dir='ltr'><strong>οὐκ</strong></span> <span class='ocrx_word' id='word_1_476' title='bbox 2522 1137 2692 1208; x_wconf 73' lang='grc' dir='ltr'>ᾕδεις,</span> <span class='ocrx_word' id='word_1_477' title='bbox 2727 1134 3040 1206; x_wconf 81' lang='grc' dir='ltr'>μαρτυρῶν.</span> 
     </span>
    </p>
   </div>
   <div class='ocr_carea' id='block_1_69' title="bbox 2334 1221 3777 1293">
    <p class='ocr_par' dir='ltr' id='par_1_69' title="bbox 2334 1221 3777 1293">
     <span class='ocr_line' id='line_1_69' title="bbox 2334 1221 3777 1293; baseline -0.001 -11"><span class='ocrx_word' id='word_1_478' title='bbox 2334 1229 2427 1284; x_wconf 75' lang='grc'><strong>101</strong></span> <span class='ocrx_word' id='word_1_479' title='bbox 2475 1225 2684 1292; x_wconf 82' lang='grc' dir='ltr'>Κακῶς</span> <span class='ocrx_word' id='word_1_480' title='bbox 2727 1226 2974 1279; x_wconf 80' lang='grc' dir='ltr'><strong>ἀκούειν</strong></span> <span class='ocrx_word' id='word_1_481' title='bbox 3017 1223 3312 1292; x_wconf 76' lang='grc' dir='ltr'>κρεῖσσον</span> <span class='ocrx_word' id='word_1_482' title='bbox 3361 1221 3401 1291; x_wconf 77' lang='grc' dir='ltr'><strong><em>ἢ</em></strong></span> <span class='ocrx_word' id='word_1_483' title='bbox 3441 1223 3612 1292; x_wconf 71' lang='grc' dir='ltr'>λέγειν</span> 
     </span>
    </p>
   </div>
   <div class='ocr_carea' id='block_1_70' title="bbox 2399 1312 3778 1387">
    <p class='ocr_par' dir='ltr' id='par_1_70' title="bbox 2399 1312 3778 1387">
     <span class='ocr_line' id='line_1_70' title="bbox 2399 1312 3778 1387; baseline -0.002 -15"><span class='ocrx_word' id='word_1_484' title='bbox 2399 1317 2686 1372; x_wconf 87' lang='grc' dir='ltr'>Λυσιτελεῖ</span> <span class='ocrx_word' id='word_1_485' title='bbox 2733 1316 2934 1387; x_wconf 82' lang='grc' dir='ltr'>μᾶλλον</span> <span class='ocrx_word' id='word_1_486' title='bbox 2967 1314 3156 1379; x_wconf 85' lang='grc' dir='ltr'>κακῶς</span> <span class='ocrx_word' id='word_1_487' title='bbox 3186 1315 3433 1378; x_wconf 74' lang='grc' dir='ltr'>ἀκούειν,</span> <span class='ocrx_word' id='word_1_488' title='bbox 3468 1312 3595 1369; x_wconf 75' lang='grc' dir='ltr'>εἶπεν</span> <span class='ocrx_word' id='word_1_489' title='bbox 3627 1319 3649 1370; x_wconf 78' lang='grc' dir='ltr'><strong>ὁ</strong></span> <span class='ocrx_word' id='word_1_490' title='bbox 3677 1320 3778 1387; x_wconf 61' lang='grc' dir='ltr'>ἅγιος,</span> 
     </span>
    </p>
   </div>
   <div class='ocr_carea' id='block_1_71' title="bbox 2332 1407 3778 1482">
    <p class='ocr_par' dir='ltr' id='par_1_71' title="bbox 2332 1407 3778 1482">
     <span class='ocr_line' id='line_1_71' title="bbox 2332 1407 3778 1482; baseline -0.003 -17"><span class='ocrx_word' id='word_1_491' title='bbox 2332 1411 2426 1465; x_wconf 73' lang='grc' dir='ltr'><strong>καὶ</strong></span> <span class='ocrx_word' id='word_1_492' title='bbox 2451 1409 2810 1482; x_wconf 81' lang='grc' dir='ltr'>λοιδορεῖσθαι</span> <span class='ocrx_word' id='word_1_493' title='bbox 2838 1408 2933 1462; x_wconf 68' lang='grc' dir='ltr'><strong>κα)⁸</strong></span> <span class='ocrx_word' id='word_1_494' title='bbox 2961 1407 3454 1480; x_wconf 87' lang='grc' dir='ltr'>μωμοσκοπεῖσθαι</span> <span class='ocrx_word' id='word_1_495' title='bbox 3489 1415 3778 1482; x_wconf 46' lang='lat' dir='ltr'><strong>eamagema,</strong></span> 
     </span>
    </p>
   </div>
   <div class='ocr_carea' id='block_1_72' title="bbox 2332 1499 3780 1574">
    <p class='ocr_par' dir='ltr' id='par_1_72' title="bbox 2332 1499 3780 1574">
     <span class='ocr_line' id='line_1_72' title="bbox 2332 1499 3780 1574; baseline -0.008 -16"><span class='ocrx_word' id='word_1_496' title='bbox 2332 1503 2366 1574; x_wconf 85' lang='grc' dir='ltr'>ἢ</span> <span class='ocrx_word' id='word_1_497' title='bbox 2405 1502 2585 1566; x_wconf 79' lang='grc' dir='ltr'>ἄλλοις</span> <span class='ocrx_word' id='word_1_498' title='bbox 2610 1499 2764 1556; x_wconf 89' lang='grc' dir='ltr'>ταῦτ’</span> <span class='ocrx_word' id='word_1_499' title='bbox 2795 1500 3202 1572; x_wconf 79' lang='grc' dir='ltr'><strong>ἐπηρεάζεσθαι</strong></span> <span class='ocrx_word' id='word_1_500' title='bbox 3230 1499 3376 1572; x_wconf 80' lang='grc' dir='ltr'>πρὸς</span> <span class='ocrx_word' id='word_1_501' title='bbox 3409 1500 3567 1570; x_wconf 84' lang='grc' dir='ltr'>ήμῶν.</span> <span class='ocrx_word' id='word_1_502' title='bbox 3591 1502 3702 1567; x_wconf 78' lang='grc' dir='ltr'>Τίνος</span> <span class='ocrx_word' id='word_1_503' title='bbox 3718 1507 3780 1558; x_wconf 57' lang='grc' dir='ltr'><strong>ξπ.</strong></span> 
     </span>
    </p>
   </div>
   <div class='ocr_carea' id='block_1_73' title="bbox 2333 1592 3782 1666">
    <p class='ocr_par' dir='ltr' id='par_1_73' title="bbox 2333 1592 3782 1666">
     <span class='ocr_line' id='line_1_73' title="bbox 2333 1592 3782 1666; baseline 0.006 -18"><span class='ocrx_word' id='word_1_504' title='bbox 2333 1611 2468 1662; x_wconf 86' lang='grc' dir='ltr'>κεν;</span> <span class='ocrx_word' id='word_1_505' title='bbox 2521 1597 2664 1660; x_wconf 87' lang='grc' dir='ltr'>Ὅτι,</span> <span class='ocrx_word' id='word_1_506' title='bbox 2693 1597 2742 1647; x_wconf 83' lang='grc' dir='ltr'>εἰ</span> <span class='ocrx_word' id='word_1_507' title='bbox 2777 1593 2875 1664; x_wconf 84' lang='grc' dir='ltr'>μὲν</span> <span class='ocrx_word' id='word_1_508' title='bbox 2913 1594 3035 1665; x_wconf 74' lang='grc' dir='ltr'>εἰκῆ</span> <span class='ocrx_word' id='word_1_509' title='bbox 3067 1595 3243 1662; x_wconf 81' lang='grc' dir='ltr'>πάντη</span> <span class='ocrx_word' id='word_1_510' title='bbox 3280 1594 3382 1646; x_wconf 74' lang='grc' dir='ltr'><strong>καὶ</strong></span> <span class='ocrx_word' id='word_1_511' title='bbox 3413 1592 3568 1664; x_wconf 80' lang='grc' dir='ltr'><strong>μάτην</strong></span> <span class='ocrx_word' id='word_1_512' title='bbox 3598 1595 3782 1666; x_wconf 66' lang='grc' dir='ltr'>δι’ἀρετὴν</span> 
     </span>
    </p>
   </div>
   <div class='ocr_carea' id='block_1_74' title="bbox 2333 1686 3780 1760">
    <p class='ocr_par' dir='ltr' id='par_1_74' title="bbox 2333 1686 3780 1760">
     <span class='ocr_line' id='line_1_74' title="bbox 2333 1686 3780 1760; baseline 0 -19"><span class='ocrx_word' id='word_1_513' title='bbox 2333 1689 2366 1760; x_wconf 84' lang='grc' dir='ltr'>ἢ</span> <span class='ocrx_word' id='word_1_514' title='bbox 2423 1688 2706 1742; x_wconf 84' lang='grc' dir='ltr'>εὐσέϐειαν</span> <span class='ocrx_word' id='word_1_515' title='bbox 2749 1691 2863 1751; x_wconf 79' lang='grc' dir='ltr'>τοῖς</span> <span class='ocrx_word' id='word_1_516' title='bbox 2919 1686 3172 1740; x_wconf 82' lang='grc' dir='ltr'>ἀσεϐέσιν</span> <span class='ocrx_word' id='word_1_517' title='bbox 3230 1686 3685 1756; x_wconf 75' lang='grc' dir='ltr'>ὲνδιαϐαλλοίμιθα,</span> <span class='ocrx_word' id='word_1_518' title='bbox 3721 1691 3780 1741; x_wconf 63' lang='grc' dir='ltr'><strong>τεν</strong></span> 
     </span>
    </p>
   </div>
   <div class='ocr_carea' id='block_1_75' title="bbox 2335 1779 3782 1852">
    <p class='ocr_par' dir='ltr' id='par_1_75' title="bbox 2335 1779 3782 1852">
     <span class='ocr_line' id='line_1_75' title="bbox 2335 1779 3782 1852; baseline 0.003 -19"><span class='ocrx_word' id='word_1_519' title='bbox 2335 1779 2681 1834; x_wconf 85' lang='grc' dir='ltr'>Δεσποτικῶν</span> <span class='ocrx_word' id='word_1_520' title='bbox 2711 1780 2928 1842; x_wconf 88' lang='grc' dir='ltr'>πάντως</span> <span class='ocrx_word' id='word_1_521' title='bbox 2963 1779 3335 1850; x_wconf 81' lang='grc' dir='ltr'>μακαρισμῶν</span> <span class='ocrx_word' id='word_1_522' title='bbox 3382 1781 3472 1833; x_wconf 74' lang='grc' dir='ltr'>καὶ</span> <span class='ocrx_word' id='word_1_523' title='bbox 3505 1780 3594 1834; x_wconf 74' lang='grc' dir='ltr'>τῶν</span> <span class='ocrx_word' id='word_1_524' title='bbox 3620 1784 3782 1852; x_wconf 66' lang='grc' dir='ltr'>οὖρον-ξιτ</span> 
     </span>
    </p>
   </div>
   <div class='ocr_carea' id='block_1_76' title="bbox 2337 1868 3778 1941">
    <p class='ocr_par' dir='ltr' id='par_1_76' title="bbox 2337 1868 3778 1941">
     <span class='ocr_line' id='line_1_76' title="bbox 2337 1868 3778 1941; baseline 0.003 -18"><span class='ocrx_word' id='word_1_525' title='bbox 2337 1869 2545 1941; x_wconf 82' lang='grc' dir='ltr'>μισθῶν</span> <span class='ocrx_word' id='word_1_526' title='bbox 2583 1868 2987 1940; x_wconf 80' lang='grc' dir='ltr'>καταξιούμεθα</span> <span class='ocrx_word' id='word_1_527' title='bbox 3007 1887 3021 1899; x_wconf 76' lang='grc'><strong><em>⁸</em></strong></span> <span class='ocrx_word' id='word_1_528' title='bbox 3073 1872 3122 1922; x_wconf 84' lang='grc' dir='ltr'>εἰ</span> <span class='ocrx_word' id='word_1_529' title='bbox 3166 1870 3225 1924; x_wconf 82' lang='grc' dir='ltr'><strong>δὲ</strong></span> <span class='ocrx_word' id='word_1_530' title='bbox 3269 1871 3568 1934; x_wconf 84' lang='grc' dir='ltr'>πταίοντες,</span> <span class='ocrx_word' id='word_1_531' title='bbox 3604 1873 3716 1937; x_wconf 72' lang='grc' dir='ltr'>ἀξίας</span> <span class='ocrx_word' id='word_1_532' title='bbox 3741 1869 3778 1928; x_wconf 60' lang='grc' dir='ltr'>ἐν</span> 
     </span>
    </p>
   </div>
   <div class='ocr_carea' id='block_1_77' title="bbox 2335 1961 3778 2036">
    <p class='ocr_par' dir='ltr' id='par_1_77' title="bbox 2335 1961 3778 2036">
     <span class='ocr_line' id='line_1_77' title="bbox 2335 1961 3778 2036; baseline 0.002 -20"><span class='ocrx_word' id='word_1_533' title='bbox 2335 1963 2646 2034; x_wconf 81' lang='grc' dir='ltr'>πράττομεν</span> <span class='ocrx_word' id='word_1_534' title='bbox 2684 1962 2760 2034; x_wconf 70' lang='grc'>(2)</span> <span class='ocrx_word' id='word_1_535' title='bbox 2789 1961 3180 2034; x_wconf 76' lang='grc' dir='ltr'><strong>ὀνειδιζόμεθα,</strong></span> <span class='ocrx_word' id='word_1_536' title='bbox 3208 1963 3308 2018; x_wconf 66' lang='grc' dir='ltr'>καὶ</span> <span class='ocrx_word' id='word_1_537' title='bbox 3340 1962 3509 2028; x_wconf 76' lang='grc' dir='ltr'>οὕτως</span> <span class='ocrx_word' id='word_1_538' title='bbox 3532 1963 3778 2036; x_wconf 64' lang='grc' dir='ltr'>ὼςεὶοῦμιὲι,</span> 
     </span>
    </p>
   </div>
   <div class='ocr_carea' id='block_1_78' title="bbox 2329 2054 3778 2127">
    <p class='ocr_par' dir='ltr' id='par_1_78' title="bbox 2329 2054 3778 2127">
     <span class='ocr_line' id='line_1_78' title="bbox 2329 2054 3778 2127; baseline 0.001 -19"><span class='ocrx_word' id='word_1_539' title='bbox 2329 2054 2397 2107; x_wconf 78' lang='grc' dir='ltr'>τὰ</span> <span class='ocrx_word' id='word_1_540' title='bbox 2438 2056 2602 2126; x_wconf 87' lang='grc' dir='ltr'>αίσχη</span> <span class='ocrx_word' id='word_1_541' title='bbox 2647 2058 2767 2118; x_wconf 88' lang='grc' dir='ltr'>ταῖς</span> <span class='ocrx_word' id='word_1_542' title='bbox 2800 2055 3025 2127; x_wconf 80' lang='grc' dir='ltr'>ὕϐρεσιν</span> <span class='ocrx_word' id='word_1_543' title='bbox 3059 2056 3483 2127; x_wconf 78' lang='grc' dir='ltr'>ἀποσμήχοντες</span> <span class='ocrx_word' id='word_1_544' title='bbox 3512 2056 3591 2109; x_wconf 73' lang='grc' dir='ltr'><strong>καὶ</strong></span> <span class='ocrx_word' id='word_1_545' title='bbox 3620 2057 3778 2127; x_wconf 61' lang='grc' dir='ltr'>πλωέμε-</span> 
     </span>
    </p>
   </div>
   <div class='ocr_carea' id='block_1_79' title="bbox 2331 2145 3782 2218">
    <p class='ocr_par' dir='ltr' id='par_1_79' title="bbox 2331 2145 3782 2218">
     <span class='ocr_line' id='line_1_79' title="bbox 2331 2145 3782 2218; baseline 0.001 -19"><span class='ocrx_word' id='word_1_546' title='bbox 2331 2163 2434 2200; x_wconf 89' lang='grc' dir='ltr'>νοι.</span> <span class='ocrx_word' id='word_1_547' title='bbox 2465 2145 2666 2211; x_wconf 82' lang='grc' dir='ltr'><strong>Κακῶς</strong></span> <span class='ocrx_word' id='word_1_548' title='bbox 2710 2146 2767 2200; x_wconf 80' lang='grc' dir='ltr'>δὲ</span> <span class='ocrx_word' id='word_1_549' title='bbox 2807 2146 3059 2216; x_wconf 85' lang='grc' dir='ltr'>λέγοντες</span> <span class='ocrx_word' id='word_1_550' title='bbox 3098 2146 3196 2201; x_wconf 77' lang='grc' dir='ltr'><strong>καὶ</strong></span> <span class='ocrx_word' id='word_1_551' title='bbox 3226 2150 3348 2210; x_wconf 87' lang='grc' dir='ltr'>τοῖς</span> <span class='ocrx_word' id='word_1_552' title='bbox 3375 2147 3535 2210; x_wconf 80' lang='grc' dir='ltr'>πέλας</span> <span class='ocrx_word' id='word_1_553' title='bbox 3560 2147 3782 2218; x_wconf 53' lang='lat' dir='ltr'><strong>Salman-</strong></span> 
     </span>
    </p>
   </div>
   <div class='ocr_carea' id='block_1_80' title="bbox 2335 2239 3779 2312">
    <p class='ocr_par' dir='ltr' id='par_1_80' title="bbox 2335 2239 3779 2312">
     <span class='ocr_line' id='line_1_80' title="bbox 2335 2239 3779 2312; baseline 0.002 -20"><span class='ocrx_word' id='word_1_554' title='bbox 2335 2256 2507 2310; x_wconf 88' lang='grc' dir='ltr'>μενοι,</span> <span class='ocrx_word' id='word_1_555' title='bbox 2541 2241 2589 2293; x_wconf 87' lang='grc' dir='ltr'><strong>εί</strong></span> <span class='ocrx_word' id='word_1_556' title='bbox 2638 2240 2734 2310; x_wconf 84' lang='grc' dir='ltr'><strong>μὲν</strong></span> <span class='ocrx_word' id='word_1_557' title='bbox 2777 2239 3102 2310; x_wconf 77' lang='grc' dir='ltr'>φθονοῦντες</span> <span class='ocrx_word' id='word_1_558' title='bbox 3164 2241 3199 2312; x_wconf 79' lang='grc' dir='ltr'>ἦ</span> <span class='ocrx_word' id='word_1_559' title='bbox 3239 2240 3525 2312; x_wconf 83' lang='grc' dir='ltr'>μισοῦντες</span> <span class='ocrx_word' id='word_1_560' title='bbox 3563 2241 3645 2295; x_wconf 71' lang='grc' dir='ltr'>τῶν</span> <span class='ocrx_word' id='word_1_561' title='bbox 3670 2260 3779 2310; x_wconf 64' lang='lat' dir='ltr'><strong>mag-</strong></span> 
     </span>
    </p>
   </div>
   <div class='ocr_carea' id='block_1_81' title="bbox 2332 2328 3781 2421">
    <p class='ocr_par' dir='ltr' id='par_1_81' title="bbox 2332 2328 3781 2421">
     <span class='ocr_line' id='line_1_81' title="bbox 2332 2328 3781 2421; baseline 0.002 -38"><span class='ocrx_word' id='word_1_562' title='bbox 2332 2328 2570 2421; x_wconf 70' lang='grc' dir='ltr'>θοόντων</span> <span class='ocrx_word' id='word_1_563' title='bbox 2598 2330 2698 2403; x_wconf 81' lang='grc' dir='ltr'><strong>τὴν</strong></span> <span class='ocrx_word' id='word_1_564' title='bbox 2725 2331 2950 2403; x_wconf 86' lang='grc' dir='ltr'>ἀρετὴν,</span> <span class='ocrx_word' id='word_1_565' title='bbox 2974 2331 3147 2386; x_wconf 75' lang='grc' dir='ltr'>ἄθλιοι</span> <span class='ocrx_word' id='word_1_566' title='bbox 3177 2333 3273 2387; x_wconf 77' lang='grc' dir='ltr'><strong>καὶ</strong></span> <span class='ocrx_word' id='word_1_567' title='bbox 3303 2334 3621 2404; x_wconf 80' lang='grc' dir='ltr'>κατάκριτοι,</span> 
     </span>
    </p>
   </div>
   <div class='ocr_carea' id='block_1_82' title="bbox 2331 2419 3780 2494">
    <p class='ocr_par' dir='ltr' id='par_1_82' title="bbox 2331 2419 3780 2494">
     <span class='ocr_line' id='line_1_82' title="bbox 2331 2419 3780 2494; baseline 0.003 -20"><span class='ocrx_word' id='word_1_568' title='bbox 2331 2419 2441 2476; x_wconf 85' lang='grc' dir='ltr'><strong>τῶν</strong></span> <span class='ocrx_word' id='word_1_569' title='bbox 2475 2419 2690 2494; x_wconf 82' lang='grc' dir='ltr'>μικρῶν</span> <span class='ocrx_word' id='word_1_570' title='bbox 2715 2421 2824 2476; x_wconf 85' lang='grc' dir='ltr'><strong>τῶν</strong></span> <span class='ocrx_word' id='word_1_571' title='bbox 2868 2423 3042 2494; x_wconf 82' lang='grc' dir='ltr'>Ἰησοῦ</span> <span class='ocrx_word' id='word_1_572' title='bbox 3076 2425 3454 2479; x_wconf 83' lang='grc' dir='ltr'>πιστευόντων</span> <span class='ocrx_word' id='word_1_573' title='bbox 3480 2425 3780 2489; x_wconf 54' lang='lat' dir='ltr'><strong>nmmum;</strong></span> 
     </span>
    </p>
   </div>
   <div class='ocr_carea' id='block_1_83' title="bbox 2331 2512 3785 2587">
    <p class='ocr_par' dir='ltr' id='par_1_83' title="bbox 2331 2512 3785 2587">
     <span class='ocr_line' id='line_1_83' title="bbox 2331 2512 3785 2587; baseline 0.009 -21"><span class='ocrx_word' id='word_1_574' title='bbox 2331 2512 2709 2586; x_wconf 64' lang='grc' dir='ltr'>κμθησόμεθα</span> <span class='ocrx_word' id='word_1_575' title='bbox 2731 2529 2746 2544; x_wconf 87' lang='grc'><strong>·</strong></span> <span class='ocrx_word' id='word_1_576' title='bbox 2792 2516 2842 2568; x_wconf 88' lang='grc' dir='ltr'>εί</span> <span class='ocrx_word' id='word_1_577' title='bbox 2883 2514 2942 2569; x_wconf 84' lang='grc' dir='ltr'><strong>δὲ</strong></span> <span class='ocrx_word' id='word_1_578' title='bbox 2971 2516 3489 2587; x_wconf 77' lang='grc' dir='ltr'>κακοπραγοῦντας,</span> <span class='ocrx_word' id='word_1_579' title='bbox 3517 2516 3648 2583; x_wconf 79' lang='grc' dir='ltr'>ἀξίως</span> <span class='ocrx_word' id='word_1_580' title='bbox 3675 2517 3785 2579; x_wconf 53' lang='grc' dir='ltr'><strong>πλέος</strong></span> 
     </span>
    </p>
   </div>
   <div class='ocr_carea' id='block_1_84' title="bbox 2331 2605 3785 2681">
    <p class='ocr_par' dir='ltr' id='par_1_84' title="bbox 2331 2605 3785 2681">
     <span class='ocr_line' id='line_1_84' title="bbox 2331 2605 3785 2681; baseline 0.003 -23"><span class='ocrx_word' id='word_1_581' title='bbox 2331 2605 2593 2678; x_wconf 82' lang='grc' dir='ltr'><strong>ψέγομεν,</strong></span> <span class='ocrx_word' id='word_1_582' title='bbox 2620 2608 2715 2661; x_wconf 70' lang='grc' dir='ltr'>καὶ</span> <span class='ocrx_word' id='word_1_583' title='bbox 2740 2607 2965 2672; x_wconf 77' lang='grc' dir='ltr'><strong>δικαίως</strong></span> <span class='ocrx_word' id='word_1_584' title='bbox 3003 2610 3462 2681; x_wconf 80' lang='grc' dir='ltr'>έπιμεμφόμεθα,</span> <span class='ocrx_word' id='word_1_585' title='bbox 3500 2613 3527 2664; x_wconf 86' lang='grc' dir='ltr'><strong>ό</strong></span> <span class='ocrx_word' id='word_1_586' title='bbox 3551 2611 3696 2673; x_wconf 63' lang='grc' dir='ltr'>σκοπὸς</span> <span class='ocrx_word' id='word_1_587' title='bbox 3712 2612 3785 2663; x_wconf 63' lang='grc' dir='ltr'>τέρ-</span> 
     </span>
    </p>
   </div>
   <div class='ocr_carea' id='block_1_85' title="bbox 2330 2698 3784 2773">
    <p class='ocr_par' dir='ltr' id='par_1_85' title="bbox 2330 2698 3784 2773">
     <span class='ocr_line' id='line_1_85' title="bbox 2330 2698 3784 2773; baseline 0.002 -22"><span class='ocrx_word' id='word_1_588' title='bbox 2330 2715 2441 2762; x_wconf 85' lang='grc' dir='ltr'><strong>τως</strong></span> <span class='ocrx_word' id='word_1_589' title='bbox 2466 2698 2572 2752; x_wconf 82' lang='grc' dir='ltr'>ὑπὸ</span> <span class='ocrx_word' id='word_1_590' title='bbox 2597 2699 2689 2752; x_wconf 86' lang='grc' dir='ltr'><strong>τοῦ</strong></span> <span class='ocrx_word' id='word_1_591' title='bbox 2727 2699 2863 2754; x_wconf 88' lang='grc' dir='ltr'>Θεοῦ</span> <span class='ocrx_word' id='word_1_592' title='bbox 2892 2699 3355 2773; x_wconf 83' lang='grc' dir='ltr'>διελεγχθήσεται.</span> <span class='ocrx_word' id='word_1_593' title='bbox 3389 2703 3455 2756; x_wconf 78' lang='lat' dir='ltr'><strong>Ei</strong></span> <span class='ocrx_word' id='word_1_594' title='bbox 3486 2703 3574 2773; x_wconf 80' lang='grc' dir='ltr'><strong>μὲν</strong></span> <span class='ocrx_word' id='word_1_595' title='bbox 3597 2701 3784 2756; x_wconf 55' lang='lat' dir='ltr'><strong>infixa-</strong></span> 
     </span>
    </p>
   </div>
   <div class='ocr_carea' id='block_1_86' title="bbox 2331 2791 3784 2866">
    <p class='ocr_par' dir='ltr' id='par_1_86' title="bbox 2331 2791 3784 2866">
     <span class='ocr_line' id='line_1_86' title="bbox 2331 2791 3784 2866; baseline -0.003 -21"><span class='ocrx_word' id='word_1_596' title='bbox 2331 2807 2446 2855; x_wconf 90' lang='grc' dir='ltr'>νοις</span> <span class='ocrx_word' id='word_1_597' title='bbox 2497 2791 2596 2863; x_wconf 80' lang='grc' dir='ltr'>μὲν</span> <span class='ocrx_word' id='word_1_598' title='bbox 2640 2791 2730 2845; x_wconf 84' lang='grc' dir='ltr'><strong>διὰ</strong></span> <span class='ocrx_word' id='word_1_599' title='bbox 2770 2791 2882 2846; x_wconf 86' lang='grc' dir='ltr'>τῶν</span> <span class='ocrx_word' id='word_1_600' title='bbox 2939 2792 3178 2864; x_wconf 77' lang='grc' dir='ltr'><strong>ἐλέγχων</strong></span> <span class='ocrx_word' id='word_1_601' title='bbox 3219 2793 3554 2866; x_wconf 80' lang='grc' dir='ltr'>διορθώσεως</span> <span class='ocrx_word' id='word_1_602' title='bbox 3585 2793 3714 2847; x_wconf 75' lang='grc' dir='ltr'>δοῦναι</span> <span class='ocrx_word' id='word_1_603' title='bbox 3738 2797 3784 2844; x_wconf 75' lang='grc' dir='ltr'>ιιέ</span> 
     </span>
    </p>
   </div>
   <div class='ocr_carea' id='block_1_87' title="bbox 2337 2883 3786 2960">
    <p class='ocr_par' dir='ltr' id='par_1_87' title="bbox 2337 2883 3786 2960">
     <span class='ocr_line' id='line_1_87' title="bbox 2337 2883 3786 2960; baseline 0 -23"><span class='ocrx_word' id='word_1_604' title='bbox 2337 2883 2626 2954; x_wconf 83' lang='grc' dir='ltr'>μετανοίας</span> <span class='ocrx_word' id='word_1_605' title='bbox 2648 2883 2788 2951; x_wconf 85' lang='grc' dir='ltr'>ὁδὸν,</span> <span class='ocrx_word' id='word_1_606' title='bbox 2817 2887 2932 2950; x_wconf 89' lang='grc' dir='ltr'>τοῖς</span> <span class='ocrx_word' id='word_1_607' title='bbox 2956 2887 3075 2957; x_wconf 90' lang='grc' dir='ltr'>μεθ’</span> <span class='ocrx_word' id='word_1_608' title='bbox 3101 2885 3258 2958; x_wconf 72' lang='grc' dir='ltr'>ἡμῶν</span> <span class='ocrx_word' id='word_1_609' title='bbox 3293 2887 3351 2941; x_wconf 82' lang='grc' dir='ltr'>δὲ</span> <span class='ocrx_word' id='word_1_610' title='bbox 3385 2887 3487 2960; x_wconf 78' lang='grc' dir='ltr'><strong>τὴν</strong></span> <span class='ocrx_word' id='word_1_611' title='bbox 3511 2887 3624 2959; x_wconf 66' lang='grc' dir='ltr'>πρὸς</span> <span class='ocrx_word' id='word_1_612' title='bbox 3644 2887 3786 2946; x_wconf 56' lang='grc' dir='ltr'><strong>ἐιεξπσς</strong></span> 
     </span>
    </p>
   </div>
   <div class='ocr_carea' id='block_1_88' title="bbox 2333 2973 3786 3043">
    <p class='ocr_par' dir='ltr' id='par_1_88' title="bbox 2333 2973 3786 3043">
     <span class='ocr_line' id='line_1_88' title="bbox 2333 2973 3786 3043; baseline 0.001 -17"><span class='ocrx_word' id='word_1_613' title='bbox 2333 2973 2613 3029; x_wconf 76' lang='grc' dir='ltr'>ἐκκλεῖσαι</span> <span class='ocrx_word' id='word_1_614' title='bbox 2655 2975 2939 3030; x_wconf 88' lang='grc' dir='ltr'>κοινωνίαν</span> <span class='ocrx_word' id='word_1_615' title='bbox 2972 2977 3066 3031; x_wconf 89' lang='grc' dir='ltr'><strong>τοῦ</strong></span> <span class='ocrx_word' id='word_1_616' title='bbox 3099 2977 3296 3043; x_wconf 84' lang='grc' dir='ltr'>κακοῦ,</span> <span class='ocrx_word' id='word_1_617' title='bbox 3329 2979 3598 3034; x_wconf 80' lang='grc' dir='ltr'>ἁνεΰθυνοι</span> 
     </span>
    </p>
   </div>
   <div class='ocr_carea' id='block_1_89' title="bbox 2334 3066 3786 3140">
    <p class='ocr_par' dir='ltr' id='par_1_89' title="bbox 2334 3066 3786 3140">
     <span class='ocr_line' id='line_1_89' title="bbox 2334 3066 3786 3140; baseline 0.002 -21"><span class='ocrx_word' id='word_1_618' title='bbox 2334 3066 2430 3119; x_wconf 76' lang='grc' dir='ltr'><strong>καὶ</strong></span> <span class='ocrx_word' id='word_1_619' title='bbox 2456 3067 2736 3138; x_wconf 78' lang='grc' dir='ltr'>ἄμεμπτοι</span> <span class='ocrx_word' id='word_1_620' title='bbox 2768 3067 3121 3140; x_wconf 78' lang='grc' dir='ltr'>κριθείημενο</span> <span class='ocrx_word' id='word_1_621' title='bbox 3173 3071 3224 3123; x_wconf 85' lang='grc' dir='ltr'>εί</span> <span class='ocrx_word' id='word_1_622' title='bbox 3271 3069 3340 3137; x_wconf 83' lang='grc' dir='ltr'>δ’,</span> <span class='ocrx_word' id='word_1_623' title='bbox 3401 3070 3486 3123; x_wconf 77' lang='grc' dir='ltr'>ἵνα</span> <span class='ocrx_word' id='word_1_624' title='bbox 3513 3069 3651 3140; x_wconf 74' lang='grc' dir='ltr'>θυμὸν</span> <span class='ocrx_word' id='word_1_625' title='bbox 3677 3067 3786 3132; x_wconf 46' lang='lat' dir='ltr'><strong>iis?</strong></span> 
     </span>
    </p>
   </div>
   <div class='ocr_carea' id='block_1_90' title="bbox 2337 3159 3788 3234">
    <p class='ocr_par' dir='ltr' id='par_1_90' title="bbox 2337 3159 3788 3234">
     <span class='ocr_line' id='line_1_90' title="bbox 2337 3159 3788 3234; baseline 0.001 -22"><span class='ocrx_word' id='word_1_626' title='bbox 2337 3159 2431 3212; x_wconf 79' lang='grc' dir='ltr'>καὶ</span> <span class='ocrx_word' id='word_1_627' title='bbox 2459 3162 2613 3230; x_wconf 91' lang='grc' dir='ltr'>μῖσος</span> <span class='ocrx_word' id='word_1_628' title='bbox 2638 3159 3065 3233; x_wconf 83' lang='grc' dir='ltr'>θεραπεύσωμεν</span> <span class='ocrx_word' id='word_1_629' title='bbox 3083 3163 3327 3234; x_wconf 77' lang='grc' dir='ltr'>ἄκριτον,</span> <span class='ocrx_word' id='word_1_630' title='bbox 3348 3161 3712 3230; x_wconf 78' lang='grc' dir='ltr'>κακολογοῦμεν,</span> <span class='ocrx_word' id='word_1_631' title='bbox 3726 3159 3788 3218; x_wconf 58' lang='grc' dir='ltr'><strong>ἐς</strong></span> 
     </span>
    </p>
   </div>
   <div class='ocr_carea' id='block_1_91' title="bbox 2337 3249 3788 3326">
    <p class='ocr_par' dir='ltr' id='par_1_91' title="bbox 2337 3249 3788 3326">
     <span class='ocr_line' id='line_1_91' title="bbox 2337 3249 3788 3326; baseline -0.013 -6"><span class='ocrx_word' id='word_1_632' title='bbox 2337 3249 2404 3304; x_wconf 75' lang='grc' dir='ltr'><strong>ἂν</strong></span> <span class='ocrx_word' id='word_1_633' title='bbox 2435 3249 2532 3322; x_wconf 72' lang='grc' dir='ltr'><strong>τὴν</strong></span> <span class='ocrx_word' id='word_1_634' title='bbox 2566 3251 2668 3323; x_wconf 83' lang='grc' dir='ltr'>τῆς</span> <span class='ocrx_word' id='word_1_635' title='bbox 2713 3252 3042 3318; x_wconf 74' lang='grc' dir='ltr'>καταλαλιάς</span> <span class='ocrx_word' id='word_1_636' title='bbox 3073 3255 3106 3325; x_wconf 79' lang='grc' dir='ltr'>ἢ</span> <span class='ocrx_word' id='word_1_637' title='bbox 3157 3255 3248 3308; x_wconf 88' lang='grc' dir='ltr'><strong>τοῦ</strong></span> <span class='ocrx_word' id='word_1_638' title='bbox 3282 3254 3504 3326; x_wconf 75' lang='grc' dir='ltr'>πλησίον</span> <span class='ocrx_word' id='word_1_639' title='bbox 3533 3252 3788 3322; x_wconf 60' lang='grc' dir='ltr'>καταμείξας</span> 
     </span>
    </p>
   </div>
   <div class='ocr_carea' id='block_1_92' title="bbox 2335 3340 3792 3418">
    <p class='ocr_par' dir='ltr' id='par_1_92' title="bbox 2335 3340 3792 3418">
     <span class='ocr_line' id='line_1_92' title="bbox 2335 3340 3792 3418; baseline -0.001 -24"><span class='ocrx_word' id='word_1_640' title='bbox 2335 3340 2724 3414; x_wconf 81' lang='grc' dir='ltr'>διαδράσαιμεν</span> <span class='ocrx_word' id='word_1_641' title='bbox 2750 3342 2848 3416; x_wconf 82' lang='grc' dir='ltr'><strong>τὴν</strong></span> <span class='ocrx_word' id='word_1_642' title='bbox 2889 3343 3130 3414; x_wconf 78' lang='grc' dir='ltr'>έλεγξιν;</span> <span class='ocrx_word' id='word_1_643' title='bbox 3173 3343 3237 3398; x_wconf 88' lang='grc' dir='ltr'>Τί</span> <span class='ocrx_word' id='word_1_644' title='bbox 3281 3340 3376 3398; x_wconf 76' lang='grc' dir='ltr'>οὖν</span> <span class='ocrx_word' id='word_1_645' title='bbox 3408 3345 3660 3418; x_wconf 55' lang='grc' dir='ltr'>ποιητὰω</span> <span class='ocrx_word' id='word_1_646' title='bbox 3694 3344 3792 3394; x_wconf 63' lang='grc' dir='ltr'>’ἷκεν</span> 
     </span>
    </p>
   </div>
   <div class='ocr_carea' id='block_1_93' title="bbox 2335 3437 3789 3512">
    <p class='ocr_par' dir='ltr' id='par_1_93' title="bbox 2335 3437 3789 3512">
     <span class='ocr_line' id='line_1_93' title="bbox 2335 3437 3789 3512; baseline 0.001 -25"><span class='ocrx_word' id='word_1_647' title='bbox 2335 3451 2441 3498; x_wconf 86' lang='grc' dir='ltr'>τις,</span> <span class='ocrx_word' id='word_1_648' title='bbox 2471 3437 2625 3508; x_wconf 82' lang='grc' dir='ltr'>φησὶ,</span> <span class='ocrx_word' id='word_1_649' title='bbox 2675 3437 2925 3512; x_wconf 79' lang='grc' dir='ltr'>προϐάλῃ</span> <span class='ocrx_word' id='word_1_650' title='bbox 2963 3437 3086 3492; x_wconf 77' lang='grc' dir='ltr'>τινὰ</span> <span class='ocrx_word' id='word_1_651' title='bbox 3137 3437 3246 3492; x_wconf 87' lang='grc' dir='ltr'><strong>τῶν</strong></span> <span class='ocrx_word' id='word_1_652' title='bbox 3274 3439 3497 3509; x_wconf 75' lang='grc' dir='ltr'>πλησίον</span> <span class='ocrx_word' id='word_1_653' title='bbox 3534 3439 3606 3502; x_wconf 78' lang='grc' dir='ltr'>είς</span> <span class='ocrx_word' id='word_1_654' title='bbox 3635 3437 3680 3488; x_wconf 65' lang='grc' dir='ltr'><strong>τί</strong></span> <span class='ocrx_word' id='word_1_655' title='bbox 3701 3451 3789 3500; x_wconf 63' lang='lat' dir='ltr'><strong>nr;-</strong></span> 
     </span>
    </p>
   </div>
   <div class='ocr_carea' id='block_1_94' title="bbox 2333 3527 3791 3604">
    <p class='ocr_par' dir='ltr' id='par_1_94' title="bbox 2333 3527 3791 3604">
     <span class='ocr_line' id='line_1_94' title="bbox 2333 3527 3791 3604; baseline -0.003 -22"><span class='ocrx_word' id='word_1_656' title='bbox 2333 3527 2538 3601; x_wconf 80' lang='grc' dir='ltr'>ῳδῆσαι</span> <span class='ocrx_word' id='word_1_657' title='bbox 2572 3529 2667 3584; x_wconf 73' lang='grc' dir='ltr'><strong>καὶ</strong></span> <span class='ocrx_word' id='word_1_658' title='bbox 2703 3530 3204 3604; x_wconf 82' lang='grc' dir='ltr'>διαλοιδορήσασθαι</span> <span class='ocrx_word' id='word_1_659' title='bbox 3259 3532 3395 3604; x_wconf 76' lang='grc' dir='ltr'>πρὸς</span> <span class='ocrx_word' id='word_1_660' title='bbox 3423 3532 3478 3585; x_wconf 82' lang='grc' dir='ltr'>τὺ</span> <span class='ocrx_word' id='word_1_661' title='bbox 3525 3531 3716 3584; x_wconf 62' lang='grc' dir='ltr'>ἑστιάσει</span> <span class='ocrx_word' id='word_1_662' title='bbox 3741 3529 3791 3578; x_wconf 72' lang='lat' dir='ltr'><strong>ni</strong></span> 
     </span>
    </p>
   </div>
   <div class='ocr_carea' id='block_1_95' title="bbox 2335 3619 3786 3696">
    <p class='ocr_par' dir='ltr' id='par_1_95' title="bbox 2335 3619 3786 3696">
     <span class='ocr_line' id='line_1_95' title="bbox 2335 3619 3786 3696; baseline -0.003 -22"><span class='ocrx_word' id='word_1_663' title='bbox 2335 3621 2628 3690; x_wconf 79' lang='grc' dir='ltr'>καθηδύναι</span> <span class='ocrx_word' id='word_1_664' title='bbox 2658 3640 2751 3677; x_wconf 93' lang='grc' dir='ltr'><strong>σου</strong></span> <span class='ocrx_word' id='word_1_665' title='bbox 2799 3623 2895 3695; x_wconf 86' lang='grc' dir='ltr'><strong>τὴν</strong></span> <span class='ocrx_word' id='word_1_666' title='bbox 2933 3624 3122 3696; x_wconf 83' lang='grc' dir='ltr'>ἀκοὴν,</span> <span class='ocrx_word' id='word_1_667' title='bbox 3171 3623 3294 3678; x_wconf 87' lang='grc' dir='ltr'>τότε</span> <span class='ocrx_word' id='word_1_668' title='bbox 3332 3625 3395 3678; x_wconf 83' lang='grc' dir='ltr'><strong>σὺ</strong></span> <span class='ocrx_word' id='word_1_669' title='bbox 3441 3623 3497 3678; x_wconf 78' lang='grc' dir='ltr'>τὸ</span> <span class='ocrx_word' id='word_1_670' title='bbox 3523 3623 3605 3677; x_wconf 86' lang='grc' dir='ltr'><strong>τοῦ</strong></span> <span class='ocrx_word' id='word_1_671' title='bbox 3642 3619 3786 3686; x_wconf 60' lang='grc' dir='ltr'>ἀδόξιέ</span> 
     </span>
    </p>
   </div>
   <div class='ocr_carea' id='block_1_96' title="bbox 2335 3711 3792 3787">
    <p class='ocr_par' dir='ltr' id='par_1_96' title="bbox 2335 3711 3792 3787">
     <span class='ocr_line' id='line_1_96' title="bbox 2335 3711 3792 3787; baseline -0.011 -21"><span class='ocrx_word' id='word_1_672' title='bbox 2335 3711 2625 3782; x_wconf 86' lang='grc' dir='ltr'>πρόσωπον</span> <span class='ocrx_word' id='word_1_673' title='bbox 2658 3715 2735 3778; x_wconf 85' lang='grc' dir='ltr'>ὡς</span> <span class='ocrx_word' id='word_1_674' title='bbox 2761 3713 2988 3768; x_wconf 82' lang='grc' dir='ltr'>σεαυτόν</span> <span class='ocrx_word' id='word_1_675' title='bbox 3019 3717 3099 3779; x_wconf 85' lang='grc' dir='ltr'>είς</span> <span class='ocrx_word' id='word_1_676' title='bbox 3136 3715 3426 3787; x_wconf 76' lang='grc' dir='ltr'>κωμῳδίαν</span> <span class='ocrx_word' id='word_1_677' title='bbox 3450 3715 3710 3786; x_wconf 68' lang='grc' dir='ltr'>ἐκκείμενσν</span> <span class='ocrx_word' id='word_1_678' title='bbox 3728 3711 3792 3762; x_wconf 58' lang='lat'><strong>53.</strong></span> 
     </span>
    </p>
   </div>
   <div class='ocr_carea' id='block_1_97' title="bbox 2334 3803 3788 3881">
    <p class='ocr_par' dir='ltr' id='par_1_97' title="bbox 2334 3803 3788 3881">
     <span class='ocr_line' id='line_1_97' title="bbox 2334 3803 3788 3881; baseline 0.008 -24"><span class='ocrx_word' id='word_1_679' title='bbox 2334 3804 2644 3876; x_wconf 81' lang='grc' dir='ltr'>νοούμενος,</span> <span class='ocrx_word' id='word_1_680' title='bbox 2675 3807 2773 3860; x_wconf 80' lang='grc' dir='ltr'>καὶ</span> <span class='ocrx_word' id='word_1_681' title='bbox 2803 3807 3031 3862; x_wconf 83' lang='grc' dir='ltr'>σεαυτὸν</span> <span class='ocrx_word' id='word_1_682' title='bbox 3066 3809 3318 3864; x_wconf 83' lang='grc' dir='ltr'>κάκεῖνον</span> <span class='ocrx_word' id='word_1_683' title='bbox 3348 3809 3635 3881; x_wconf 64' lang='grc' dir='ltr'>ὠφελήσεις,</span> <span class='ocrx_word' id='word_1_684' title='bbox 3734 3803 3788 3868; x_wconf 65' lang='grc' dir='ltr'><strong>τῗὲ</strong></span> 
     </span>
    </p>
   </div>
   <div class='ocr_carea' id='block_1_98' title="bbox 2333 3896 3152 3973">
    <p class='ocr_par' dir='ltr' id='par_1_98' title="bbox 2333 3896 3152 3973">
     <span class='ocr_line' id='line_1_98' title="bbox 2333 3896 3152 3973; baseline 0.01 -24"><span class='ocrx_word' id='word_1_685' title='bbox 2333 3896 2601 3969; x_wconf 89' lang='grc' dir='ltr'>λοιδορίας</span> <span class='ocrx_word' id='word_1_686' title='bbox 2626 3899 2962 3972; x_wconf 81' lang='grc' dir='ltr'>δυσχεράνας</span> <span class='ocrx_word' id='word_1_687' title='bbox 2989 3901 3152 3973; x_wconf 78' lang='grc' dir='ltr'>λόγῳ.</span> 
     </span>
    </p>
   </div>
   <div class='ocr_carea' id='block_1_99' title="bbox 2337 4078 3743 4154">
    <p class='ocr_par' dir='ltr' id='par_1_99' title="bbox 2337 4078 3743 4154">
     <span class='ocr_line' id='line_1_99' title="bbox 2337 4078 3743 4154; baseline 0.011 -22"><span class='ocrx_word' id='word_1_688' title='bbox 2337 4078 2440 4135; x_wconf 84' lang='grc'><strong>105</strong></span> <span class='ocrx_word' id='word_1_689' title='bbox 2472 4079 2680 4149; x_wconf 81' lang='grc' dir='ltr'><strong>Μηδὲν</strong></span> <span class='ocrx_word' id='word_1_690' title='bbox 2693 4081 2824 4152; x_wconf 78' lang='grc' dir='ltr'>μέγ’</span> <span class='ocrx_word' id='word_1_691' title='bbox 2843 4083 3018 4152; x_wconf 76' lang='grc' dir='ltr'>εἴπῃς</span> <span class='ocrx_word' id='word_1_692' title='bbox 3041 4084 3325 4139; x_wconf 74' lang='grc' dir='ltr'>εὐπλοῶν</span> <span class='ocrx_word' id='word_1_693' title='bbox 3346 4084 3452 4154; x_wconf 74' lang='grc' dir='ltr'>ετρό</span> <span class='ocrx_word' id='word_1_694' title='bbox 3469 4086 3743 4154; x_wconf 57' lang='grc' dir='ltr'>πείσμσῐεςι</span> 
     </span>
    </p>
   </div>
   <div class='ocr_carea' id='block_1_100' title="bbox 2408 4238 3787 4311">
    <p class='ocr_par' dir='ltr' id='par_1_100' title="bbox 2408 4238 3787 4311">
     <span class='ocr_line' id='line_1_100' title="bbox 2408 4238 3787 4311; baseline -0.001 -20"><span class='ocrx_word' id='word_1_695' title='bbox 2408 4239 2620 4311; x_wconf 81' lang='grc' dir='ltr'>Ὥσπερ</span> <span class='ocrx_word' id='word_1_696' title='bbox 2648 4238 2727 4310; x_wconf 82' lang='grc' dir='ltr'>τῷ</span> <span class='ocrx_word' id='word_1_697' title='bbox 2761 4239 3076 4295; x_wconf 80' lang='grc' dir='ltr'>εὖπλοοῦντι</span> <span class='ocrx_word' id='word_1_698' title='bbox 3107 4242 3250 4296; x_wconf 85' lang='grc' dir='ltr'><strong>κατά</strong></span> <span class='ocrx_word' id='word_1_699' title='bbox 3274 4242 3684 4307; x_wconf 77' lang='grc' dir='ltr'>θάλασσαν,είκαὶ</span> 
     </span>
    </p>
   </div>
   <div class='ocr_carea' id='block_1_101' title="bbox 2337 4329 3790 4407">
    <p class='ocr_par' dir='ltr' id='par_1_101' title="bbox 2337 4329 3790 4407">
     <span class='ocr_line' id='line_1_101' title="bbox 2337 4329 3790 4407; baseline -0.003 -23"><span class='ocrx_word' id='word_1_700' title='bbox 2337 4329 2464 4401; x_wconf 80' lang='grc' dir='ltr'>ῥοῦν</span> <span class='ocrx_word' id='word_1_701' title='bbox 2495 4331 2644 4403; x_wconf 78' lang='grc' dir='ltr'>αὐτῷ</span> <span class='ocrx_word' id='word_1_702' title='bbox 2691 4333 3073 4394; x_wconf 82' lang='grc' dir='ltr'>κατευθύνοιτο</span> <span class='ocrx_word' id='word_1_703' title='bbox 3111 4336 3143 4405; x_wconf 78' lang='grc' dir='ltr'>ἡ</span> <span class='ocrx_word' id='word_1_704' title='bbox 3187 4335 3341 4402; x_wconf 88' lang='grc' dir='ltr'>ναῦς,</span> <span class='ocrx_word' id='word_1_705' title='bbox 3380 4336 3547 4407; x_wconf 78' lang='grc' dir='ltr'><strong>ἀδήλου</strong></span> <span class='ocrx_word' id='word_1_706' title='bbox 3569 4334 3648 4387; x_wconf 67' lang='grc' dir='ltr'><strong>τοῦ</strong></span> <span class='ocrx_word' id='word_1_707' title='bbox 3669 4333 3790 4383; x_wconf 61' lang='grc' dir='ltr'>τέὶςοε</span> 
     </span>
    </p>
   </div>
   <div class='ocr_carea' id='block_1_102' title="bbox 2335 4418 3788 4496">
    <p class='ocr_par' dir='ltr' id='par_1_102' title="bbox 2335 4418 3788 4496">
     <span class='ocr_line' id='line_1_102' title="bbox 2335 4418 3788 4496; baseline -0.005 -23"><span class='ocrx_word' id='word_1_708' title='bbox 2335 4420 2508 4485; x_wconf 77' lang='grc' dir='ltr'>ὄντος,</span> <span class='ocrx_word' id='word_1_709' title='bbox 2556 4423 2657 4476; x_wconf 81' lang='grc' dir='ltr'><strong>οὐκ</strong></span> <span class='ocrx_word' id='word_1_710' title='bbox 2701 4423 2944 4492; x_wconf 82' lang='grc' dir='ltr'>ἀσφαλὲς</span> <span class='ocrx_word' id='word_1_711' title='bbox 2992 4424 3054 4478; x_wconf 82' lang='grc' dir='ltr'>τὸ</span> <span class='ocrx_word' id='word_1_712' title='bbox 3101 4426 3471 4496; x_wconf 81' lang='grc' dir='ltr'>μεγαλαυχεῖν,</span> <span class='ocrx_word' id='word_1_713' title='bbox 3508 4426 3579 4477; x_wconf 73' lang='grc' dir='ltr'><strong>καὶ</strong></span> <span class='ocrx_word' id='word_1_714' title='bbox 3733 4418 3788 4468; x_wconf 72' lang='grc' dir='ltr'>ττξ</span> 
     </span>
    </p>
   </div>
   <div class='ocr_carea' id='block_1_103' title="bbox 2341 4512 3794 4588">
    <p class='ocr_par' dir='ltr' id='par_1_103' title="bbox 2341 4512 3794 4588">
     <span class='ocr_line' id='line_1_103' title="bbox 2341 4512 3794 4588; baseline -0.02 -2"><span class='ocrx_word' id='word_1_715' title='bbox 2341 4514 2662 4583; x_wconf 85' lang='grc' dir='ltr'>πείσματος,</span> <span class='ocrx_word' id='word_1_716' title='bbox 2694 4513 2787 4567; x_wconf 83' lang='grc' dir='ltr'><strong>τοῦ</strong></span> <span class='ocrx_word' id='word_1_717' title='bbox 2819 4515 3053 4585; x_wconf 85' lang='grc' dir='ltr'>σχοινίου</span> <span class='ocrx_word' id='word_1_718' title='bbox 3076 4533 3148 4587; x_wconf 81' lang='grc' dir='ltr'><strong>φη</strong></span> <span class='ocrx_word' id='word_1_719' title='bbox 3159 4517 3221 4586; x_wconf 76' lang='grc' dir='ltr'><strong>μὶ</strong></span> <span class='ocrx_word' id='word_1_720' title='bbox 3245 4517 3311 4588; x_wconf 79' lang='grc' dir='ltr'><strong>δὴ</strong></span> <span class='ocrx_word' id='word_1_721' title='bbox 3336 4517 3424 4570; x_wconf 82' lang='grc' dir='ltr'><strong>τοῦ</strong></span> <span class='ocrx_word' id='word_1_722' title='bbox 3445 4513 3644 4586; x_wconf 53' lang='lat' dir='ltr'><strong>apices</strong></span> <span class='ocrx_word' id='word_1_723' title='bbox 3659 4512 3794 4578; x_wconf 24' lang='lat'><strong>2:33};</strong></span> 
     </span>
    </p>
   </div>
   <div class='ocr_carea' id='block_1_104' title="bbox 2339 4604 3788 4683">
    <p class='ocr_par' dir='ltr' id='par_1_104' title="bbox 2339 4604 3788 4683">
     <span class='ocr_line' id='line_1_104' title="bbox 2339 4604 3788 4683; baseline -0.005 -20"><span class='ocrx_word' id='word_1_724' title='bbox 2339 4606 2399 4658; x_wconf 86' lang='grc' dir='ltr'><strong>τὸ</strong></span> <span class='ocrx_word' id='word_1_725' title='bbox 2425 4606 2632 4676; x_wconf 80' lang='grc' dir='ltr'>σκάφος</span> <span class='ocrx_word' id='word_1_726' title='bbox 2663 4607 3139 4680; x_wconf 77' lang='grc' dir='ltr'>προσορμίζοντος,</span> <span class='ocrx_word' id='word_1_727' title='bbox 3169 4610 3612 4683; x_wconf 57' lang='grc' dir='ltr'>μεγὼορῤημονεῖν</span> <span class='ocrx_word' id='word_1_728' title='bbox 3631 4606 3681 4658; x_wconf 65' lang='grc' dir='ltr'>σι</span> <span class='ocrx_word' id='word_1_729' title='bbox 3697 4604 3788 4672; x_wconf 49' lang='lat' dir='ltr'><strong>lar“</strong></span> 
     </span>
    </p>
   </div>
   <div class='ocr_carea' id='block_1_105' title="bbox 2335 4692 3794 4773">
    <p class='ocr_par' dir='ltr' id='par_1_105' title="bbox 2335 4692 3794 4773">
     <span class='ocr_line' id='line_1_105' title="bbox 2335 4692 3794 4773; baseline 0.005 -20"><span class='ocrx_word' id='word_1_730' title='bbox 2335 4699 2508 4764; x_wconf 76' lang='grc' dir='ltr'>οὕτως</span> <span class='ocrx_word' id='word_1_731' title='bbox 2560 4699 2682 4754; x_wconf 81' lang='grc' dir='ltr'>οὐδὲ</span> <span class='ocrx_word' id='word_1_732' title='bbox 2738 4700 2829 4754; x_wconf 85' lang='grc' dir='ltr'><strong>τὸν</strong></span> <span class='ocrx_word' id='word_1_733' title='bbox 2887 4701 3222 4756; x_wconf 83' lang='grc' dir='ltr'>πλουτοῦντα</span> <span class='ocrx_word' id='word_1_734' title='bbox 3269 4703 3406 4758; x_wconf 81' lang='grc' dir='ltr'><strong>κατά</strong></span> <span class='ocrx_word' id='word_1_735' title='bbox 3447 4703 3600 4773; x_wconf 67' lang='grc' dir='ltr'>σάρκα,</span> <span class='ocrx_word' id='word_1_736' title='bbox 3647 4701 3700 4766; x_wconf 58' lang='grc' dir='ltr'>τῇ</span> <span class='ocrx_word' id='word_1_737' title='bbox 3731 4692 3794 4745; x_wconf 59' lang='grc' dir='ltr'><strong>τε)</strong></span> 
     </span>
    </p>
   </div>
   <div class='ocr_carea' id='block_1_106' title="bbox 2338 4790 3788 4866">
    <p class='ocr_par' dir='ltr' id='par_1_106' title="bbox 2338 4790 3788 4866">
     <span class='ocr_line' id='line_1_106' title="bbox 2338 4790 3788 4866; baseline -0.001 -22"><span class='ocrx_word' id='word_1_738' title='bbox 2338 4790 2575 4844; x_wconf 84' lang='grc' dir='ltr'>πλούτου</span> <span class='ocrx_word' id='word_1_739' title='bbox 2603 4791 2684 4844; x_wconf 87' lang='grc' dir='ltr'>δεῖ</span> <span class='ocrx_word' id='word_1_740' title='bbox 2715 4792 3033 4846; x_wconf 85' lang='grc' dir='ltr'>πεποιθέναι</span> <span class='ocrx_word' id='word_1_741' title='bbox 3072 4794 3379 4866; x_wconf 83' lang='grc' dir='ltr'>ἀδηλότητι,</span> 
     </span>
    </p>
   </div>
   <div class='ocr_carea' id='block_1_107' title="bbox 2336 4876 3792 4959">
    <p class='ocr_par' dir='ltr' id='par_1_107' title="bbox 2336 4876 3792 4959">
     <span class='ocr_line' id='line_1_107' title="bbox 2336 4876 3792 4959; baseline -0.006 -21"><span class='ocrx_word' id='word_1_742' title='bbox 2336 4883 2430 4938; x_wconf 83' lang='grc' dir='ltr'><strong>τοῦ</strong></span> <span class='ocrx_word' id='word_1_743' title='bbox 2469 4884 2751 4953; x_wconf 72' lang='grc' dir='ltr'>λέγοντοςο</span> <span class='ocrx_word' id='word_1_744' title='bbox 2783 4884 2948 4948; x_wconf 81' lang='grc' dir='ltr'>Τέλος</span> <span class='ocrx_word' id='word_1_745' title='bbox 2989 4885 3092 4956; x_wconf 82' lang='grc' dir='ltr'><strong>δρα</strong></span> <span class='ocrx_word' id='word_1_746' title='bbox 3135 4887 3351 4959; x_wconf 79' lang='grc' dir='ltr'>μακροῦ</span> <span class='ocrx_word' id='word_1_747' title='bbox 3395 4887 3525 4958; x_wconf 80' lang='grc' dir='ltr'>βίου·</span> <span class='ocrx_word' id='word_1_748' title='bbox 3558 4883 3687 4941; x_wconf 58' lang='grc' dir='ltr'>οὓτως</span> <span class='ocrx_word' id='word_1_749' title='bbox 3710 4876 3792 4929; x_wconf 67' lang='lat' dir='ltr'><strong>siit</strong></span> 
     </span>
    </p>
   </div>
   <div class='ocr_carea' id='block_1_108' title="bbox 2335 4977 3790 5050">
    <p class='ocr_par' dir='ltr' id='par_1_108' title="bbox 2335 4977 3790 5050">
     <span class='ocr_line' id='line_1_108' title="bbox 2335 4977 3790 5050; baseline -0.003 -20"><span class='ocrx_word' id='word_1_750' title='bbox 2335 4977 2427 5030; x_wconf 84' lang='grc' dir='ltr'><strong>τὸν</strong></span> <span class='ocrx_word' id='word_1_751' title='bbox 2451 4979 2508 5031; x_wconf 80' lang='grc' dir='ltr'>ὲν</span> <span class='ocrx_word' id='word_1_752' title='bbox 2533 4977 2757 5048; x_wconf 83' lang='grc' dir='ltr'>ἀρεταῖς</span> <span class='ocrx_word' id='word_1_753' title='bbox 2786 4977 3203 5049; x_wconf 80' lang='grc' dir='ltr'>εὐθηνούμενον,</span> <span class='ocrx_word' id='word_1_754' title='bbox 3233 4980 3328 5034; x_wconf 73' lang='grc' dir='ltr'><strong>καὶ</strong></span> <span class='ocrx_word' id='word_1_755' title='bbox 3356 4979 3601 5050; x_wconf 82' lang='grc' dir='ltr'>χαρίσμασι</span> <span class='ocrx_word' id='word_1_756' title='bbox 3615 4986 3790 5036; x_wconf 55' lang='grc' dir='ltr'>περ»</span> 
     </span>
    </p>
   </div>
   <div class='ocr_carea' id='block_1_109' title="bbox 2336 5063 3788 5145">
    <p class='ocr_par' dir='ltr' id='par_1_109' title="bbox 2336 5063 3788 5145">
     <span class='ocr_line' id='line_1_109' title="bbox 2336 5063 3788 5145; baseline 0.001 -22"><span class='ocrx_word' id='word_1_757' title='bbox 2336 5074 2508 5133; x_wconf 87' lang='grc' dir='ltr'>τικοῖς</span> <span class='ocrx_word' id='word_1_758' title='bbox 2529 5071 2903 5142; x_wconf 84' lang='grc' dir='ltr'>εὐοδούμενον,</span> <span class='ocrx_word' id='word_1_759' title='bbox 2933 5073 3027 5125; x_wconf 77' lang='grc' dir='ltr'><strong>καὶ</strong></span> <span class='ocrx_word' id='word_1_760' title='bbox 3060 5072 3536 5145; x_wconf 55' lang='grc' dir='ltr'>ἀναϐάλλονταβῴ</span> <span class='ocrx_word' id='word_1_761' title='bbox 3557 5069 3621 5139; x_wconf 72' lang='grc' dir='ltr'>τῆς</span> <span class='ocrx_word' id='word_1_762' title='bbox 3635 5068 3702 5126; x_wconf 68' lang='grc' dir='ltr'>εἰς</span> <span class='ocrx_word' id='word_1_763' title='bbox 3726 5063 3788 5112; x_wconf 55' lang='grc' dir='ltr'><strong>ἐκ</strong></span> 
     </span>
    </p>
   </div>
   <div class='ocr_carea' id='block_1_110' title="bbox 2337 5156 3788 5242">
    <p class='ocr_par' dir='ltr' id='par_1_110' title="bbox 2337 5156 3788 5242">
     <span class='ocr_line' id='line_1_110' title="bbox 2337 5156 3788 5242; baseline 0.001 -22"><span class='ocrx_word' id='word_1_764' title='bbox 2337 5167 2450 5220; x_wconf 83' lang='grc' dir='ltr'><strong>ἄνω</strong></span> <span class='ocrx_word' id='word_1_765' title='bbox 2500 5166 2694 5237; x_wconf 82' lang='grc' dir='ltr'>λιμένα</span> <span class='ocrx_word' id='word_1_766' title='bbox 2743 5167 3142 5230; x_wconf 85' lang='grc' dir='ltr'>καταπαύσεως</span> <span class='ocrx_word' id='word_1_767' title='bbox 3201 5164 3650 5242; x_wconf 63' lang='grc' dir='ltr'>μεταλορῤημοσύκτ,</span> <span class='ocrx_word' id='word_1_768' title='bbox 3690 5156 3788 5226; x_wconf 45' lang='lat'><strong>15?:</strong></span> 
     </span>
    </p>
   </div>
   <div class='ocr_carea' id='block_1_111' title="bbox 2339 5254 3790 5329">
    <p class='ocr_par' dir='ltr' id='par_1_111' title="bbox 2339 5254 3790 5329">
     <span class='ocr_line' id='line_1_111' title="bbox 2339 5254 3790 5329; baseline -0.006 -21"><span class='ocrx_word' id='word_1_769' title='bbox 2339 5256 2486 5313; x_wconf 88' lang='grc' dir='ltr'>σθαι.</span> <span class='ocrx_word' id='word_1_770' title='bbox 2517 5257 2740 5321; x_wconf 79' lang='grc' dir='ltr'>Πολλοῖς</span> <span class='ocrx_word' id='word_1_771' title='bbox 2767 5256 2874 5329; x_wconf 83' lang='grc' dir='ltr'><strong>γὰρ</strong></span> <span class='ocrx_word' id='word_1_772' title='bbox 2920 5259 2985 5311; x_wconf 82' lang='grc' dir='ltr'>ὲκ</span> <span class='ocrx_word' id='word_1_773' title='bbox 3010 5259 3307 5329; x_wconf 84' lang='grc' dir='ltr'>τρικυμίας</span> <span class='ocrx_word' id='word_1_774' title='bbox 3339 5260 3426 5313; x_wconf 72' lang='grc' dir='ltr'><strong>καὶ.</strong></span> <span class='ocrx_word' id='word_1_775' title='bbox 3452 5258 3586 5327; x_wconf 69' lang='grc' dir='ltr'>ζάλης</span> <span class='ocrx_word' id='word_1_776' title='bbox 3600 5254 3790 5305; x_wconf 63' lang='lat' dir='ltr'><strong>Euam.—</strong></span> 
     </span>
    </p>
   </div>
   <div class='ocr_carea' id='block_1_112' title="bbox 2339 5341 3792 5422">
    <p class='ocr_par' dir='ltr' id='par_1_112' title="bbox 2339 5341 3792 5422">
     <span class='ocr_line' id='line_1_112' title="bbox 2339 5341 3792 5422; baseline -0.01 -20"><span class='ocrx_word' id='word_1_777' title='bbox 2339 5349 2558 5421; x_wconf 89' lang='grc' dir='ltr'>σμένοις</span> <span class='ocrx_word' id='word_1_778' title='bbox 2581 5349 2673 5404; x_wconf 85' lang='grc' dir='ltr'><strong>τοῦ</strong></span> <span class='ocrx_word' id='word_1_779' title='bbox 2703 5351 2992 5420; x_wconf 85' lang='grc' dir='ltr'>πελάγους,</span> <span class='ocrx_word' id='word_1_780' title='bbox 3032 5351 3168 5422; x_wconf 80' lang='grc' dir='ltr'>πρὸς</span> <span class='ocrx_word' id='word_1_781' title='bbox 3210 5353 3391 5416; x_wconf 85' lang='grc' dir='ltr'>αὐτοῖς</span> <span class='ocrx_word' id='word_1_782' title='bbox 3420 5344 3718 5421; x_wconf 53' lang='lat' dir='ltr'><strong>ﬂuvidam-2;</strong></span> <span class='ocrx_word' id='word_1_783' title='bbox 3737 5341 3792 5388; x_wconf 67' lang='grc' dir='ltr'>λι»</span> 
     </span>
    </p>
   </div>
   <div class='ocr_carea' id='block_1_113' title="bbox 2341 5429 3792 5512">
    <p class='ocr_par' dir='ltr' id='par_1_113' title="bbox 2341 5429 3792 5512">
     <span class='ocr_line' id='line_1_113' title="bbox 2341 5429 3792 5512; baseline -0.011 -18"><span class='ocrx_word' id='word_1_784' title='bbox 2341 5439 2517 5511; x_wconf 89' lang='grc' dir='ltr'>μέσιν,</span> <span class='ocrx_word' id='word_1_785' title='bbox 2567 5441 2720 5511; x_wconf 75' lang='grc' dir='ltr'><strong>ἄφνω</strong></span> <span class='ocrx_word' id='word_1_786' title='bbox 2765 5441 2961 5494; x_wconf 83' lang='grc' dir='ltr'>κατέδυ</span> <span class='ocrx_word' id='word_1_787' title='bbox 2989 5440 3050 5494; x_wconf 84' lang='grc' dir='ltr'>τὸ</span> <span class='ocrx_word' id='word_1_788' title='bbox 3080 5442 3291 5511; x_wconf 80' lang='grc' dir='ltr'>σκάφος</span> <span class='ocrx_word' id='word_1_789' title='bbox 3328 5444 3403 5506; x_wconf 84' lang='grc' dir='ltr'>εἰς</span> <span class='ocrx_word' id='word_1_790' title='bbox 3431 5439 3588 5512; x_wconf 83' lang='grc' dir='ltr'>βυθόν·</span> <span class='ocrx_word' id='word_1_791' title='bbox 3611 5432 3675 5486; x_wconf 71' lang='lat' dir='ltr'><strong>ul.</strong></span> <span class='ocrx_word' id='word_1_792' title='bbox 3705 5429 3792 5480; x_wconf 47' lang='grc' dir='ltr'>τοι</span> 
     </span>
    </p>
   </div>
   <div class='ocr_carea' id='block_1_114' title="bbox 2336 5519 3794 5606">
    <p class='ocr_par' dir='ltr' id='par_1_114' title="bbox 2336 5519 3794 5606">
     <span class='ocr_line' id='line_1_114' title="bbox 2336 5519 3794 5606; baseline 0.001 -22"><span class='ocrx_word' id='word_1_793' title='bbox 2336 5530 2448 5596; x_wconf 87' lang='grc' dir='ltr'>λοῖς</span> <span class='ocrx_word' id='word_1_794' title='bbox 2492 5532 2550 5586; x_wconf 85' lang='grc' dir='ltr'>ὲν</span> <span class='ocrx_word' id='word_1_795' title='bbox 2595 5531 2870 5604; x_wconf 84' lang='grc' dir='ltr'>ἀμέμπτῳ</span> <span class='ocrx_word' id='word_1_796' title='bbox 2919 5532 3096 5587; x_wconf 84' lang='grc' dir='ltr'>δοκεῖν</span> <span class='ocrx_word' id='word_1_797' title='bbox 3150 5536 3394 5606; x_wconf 75' lang='grc' dir='ltr'>πολιτείᾳ</span> <span class='ocrx_word' id='word_1_798' title='bbox 3429 5519 3794 5601; x_wconf 41' lang='lat' dir='ltr'><strong>(imitri-943.</strong></span> 
     </span>
    </p>
   </div>
   <div class='ocr_carea' id='block_1_115' title="bbox 2337 5612 3792 5696">
    <p class='ocr_par' dir='ltr' id='par_1_115' title="bbox 2337 5612 3792 5696">
     <span class='ocr_line' id='line_1_115' title="bbox 2337 5612 3792 5696; baseline -0.01 -17"><span class='ocrx_word' id='word_1_799' title='bbox 2337 5622 2727 5694; x_wconf 82' lang='grc' dir='ltr'>ἀσκουμένοις,</span> <span class='ocrx_word' id='word_1_800' title='bbox 2777 5624 2836 5691; x_wconf 76' lang='grc' dir='ltr'>ἐξ</span> <span class='ocrx_word' id='word_1_801' title='bbox 2887 5625 3065 5688; x_wconf 81' lang='grc' dir='ltr'>αἰτίας</span> <span class='ocrx_word' id='word_1_802' title='bbox 3109 5627 3256 5690; x_wconf 81' lang='grc' dir='ltr'>τινὸς</span> <span class='ocrx_word' id='word_1_803' title='bbox 3297 5624 3515 5696; x_wconf 62' lang='grc' dir='ltr'>ἀφανοῦς</span> <span class='ocrx_word' id='word_1_804' title='bbox 3551 5621 3578 5691; x_wconf 69' lang='grc' dir='ltr'>ἢ</span> <span class='ocrx_word' id='word_1_805' title='bbox 3620 5612 3792 5685; x_wconf 54' lang='lat' dir='ltr'><strong>erigi:</strong></span> 
     </span>
    </p>
   </div>
   <div class='ocr_carea' id='block_1_116' title="bbox 2337 5705 3778 5795">
    <p class='ocr_par' dir='ltr' id='par_1_116' title="bbox 2337 5705 3778 5795">
     <span class='ocr_line' id='line_1_116' title="bbox 2337 5705 3778 5795; baseline 0.003 -23"><span class='ocrx_word' id='word_1_806' title='bbox 2337 5717 2775 5792; x_wconf 87' lang='grc' dir='ltr'>προδεδομένοις,</span> <span class='ocrx_word' id='word_1_807' title='bbox 2807 5718 3149 5773; x_wconf 84' lang='grc' dir='ltr'>κινδυνεῦσαι</span> <span class='ocrx_word' id='word_1_808' title='bbox 3177 5722 3273 5775; x_wconf 82' lang='grc' dir='ltr'>καὶ</span> <span class='ocrx_word' id='word_1_809' title='bbox 3300 5722 3394 5795; x_wconf 77' lang='grc' dir='ltr'>τῆς</span> <span class='ocrx_word' id='word_1_810' title='bbox 3433 5721 3530 5776; x_wconf 77' lang='grc' dir='ltr'><strong>ἄνω</strong></span> 
     </span>
    </p>
   </div>
   <div class='ocr_carea' id='block_1_117' title="bbox 2411 5879 3199 5949">
    <p class='ocr_par' dir='ltr' id='par_1_117' title="bbox 2411 5879 3199 5949">
     <span class='ocr_line' id='line_1_117' title="bbox 2411 5879 3199 5949; baseline 0.005 -16"><span class='ocrx_word' id='word_1_811' title='bbox 2411 5879 2488 5949; x_wconf 64' lang='grc' dir='ltr'><strong>(ἓ)</strong></span> <span class='ocrx_word' id='word_1_812' title='bbox 2527 5879 2660 5938; x_wconf 85' lang='lat' dir='ltr'><strong>Cod.</strong></span> <span class='ocrx_word' id='word_1_813' title='bbox 2697 5880 2860 5948; x_wconf 79' lang='grc' dir='ltr'>ἀξίως</span> <span class='ocrx_word' id='word_1_814' title='bbox 2892 5880 2967 5934; x_wconf 84' lang='grc' dir='ltr'>ὢν</span> <span class='ocrx_word' id='word_1_815' title='bbox 3001 5879 3199 5937; x_wconf 81' lang='grc' dir='ltr'>ποάττ.</span> 
     </span>
    </p>
   </div>
  </div>
