3818 6514
58 384 131 440 813
953 374 1023 429 ΙΝ
1066 371 1374 431 CARMINA
1414 372 1535 430 AM

1642 374 1697 435 LA
1763 375 1821 430 Β.
1899 375 2247 435 GREGORII.

60 492 382 563 τοςὲκπεσεῖν·
424 489 785 562 ἀσφάλειαδὲ
824 491 1131 565 ἑκατέρας,
1177 496 1289 557 τοῖς
1321 511 1382 547 τε
1436 494 1537 565 τὴν

58 584 252 653 σίτθητὴν
282 582 491 651 ταυτηνὶ
518 580 809 647 θάλασσαν,
836 582 953 645 τοῖς
974 598 1034 634 τε
1068 582 1168 654 τὴν
1199 582 1398 653 νοητὴν
1429 582 1549 635 δια-ν

58 676 225 745 περῶσι,
265 674 373 745 μία,
415 671 475 725 τδ
517 670 799 739 φοϐεῖσθαι
842 672 931 725 ἀεὶ
964 673 1057 725 καὶ
1101 672 1387 744 προσέχειν
1427 674 1546 727 eau-

57 776 144 833 τοῖς,
181 771 245 832 ὡς
290 770 416 838 μήτε
459 768 571 829 τοῖς
622 764 761 819 κατά
806 764 987 837 σάρκα
1036 765 1402 819 κινδυνεύουσι
1443 767 1543 831 τὰς

59 865 172 931 τύχας
206 858 481 923 ὀνειδίζειν,
534 858 671 928 μήτε
702 858 815 919 τοῖς
841 857 983 910 κατά
1010 858 1235 928 Πνεῦμα
1269 857 1363 911 τοῦ
1407 857 1540 911 Θεοῦ

61 954 374 1024 ἁμαρτάνουσιν
392 951 482 1004 καὶ
502 949 901 1003 ἀποπίπτουσιν
920 949 1357 1019 ὲπιχαιρεκάκως
1382 951 1477 1003 ἕπε
1486 968 1543 1021 μ-

59 1048 203 1101 ὃσίνειν
239 1060 291 1095 τε
334 1042 425 1095 καὶ
466 1039 838 1111 κατακρίνειν,
882 1038 1018 1093 ἀλλά
1062 1042 1185 1103 ταῖς
1234 1040 1542 1111 δυστυχίαις

58 1140 125 1190 τῶν
151 1136 290 1198 πέλας
315 1134 403 1187 καὶ
433 1136 555 1197 ταῖς
592 1134 900 1204 συμφοραῖς
926 1131 1231 1204 τρέμοντας
1268 1132 1363 1187 καὶ
1388 1132 1541 1204 φρίσ-

59 1244 187 1289 ιοπας
208 1225 412 1288 ἑαυτοὺς
437 1223 959 1294 κατασφαλίζεσθαι.

58 1361 119 1415 109
146 1358 402 1428 Κρεῖσσον
432 1359 633 1426 καλῶς
658 1357 937 1424 βιοῦντα,
971 1378 1025 1415 κ.
1057 1376 1107 1413 τ.
1141 1360 1192 1414 λ.

100 1475 288 1526 Ἤκουσα
309 1472 483 1536 καλῶς
515 1473 775 1542 βιούντων
798 1474 892 1543 καὶ⁸
916 1473 1082 1537 ἀξίως
1111 1473 1538 1545 πολιτευομένων

54 1564 140 1618 θεοῦ
165 1566 423 1637 προφητῶν
460 1567 557 1619 καὶ
585 1565 796 1619 πολλῶν
820 1566 988 1634 ἁγίων
1025 1566 1167 1638 ὑπέρ
1194 1583 1255 1620 τε
1281 1566 1380 1637 τῆς
1420 1567 1539 1620 ἐαυ-

56 1658 123 1710 sint
158 1657 393 1728 πτωχείας
430 1659 526 1711 καὶ
573 1658 973 1729 ταλαιπωρίας,
997 1659 1138 1731 ὑπέρ
1182 1676 1243 1712 τε
1289 1662 1390 1730 τῆς
1429 1658 1538 1713 τῶν

56 1749 225 1816 πενήτων
251 1747 695 1811 καταδυναστείας
742 1750 836 1802 καὶ
877 1749 1128 1819 θλίψεως,
1179 1744 1248 1821 ἦς
1294 1750 1398 1803 ὑπὸ
1428 1748 1537 1802 τῶν

56 1838 295 1891 ἀδικούντων
321 1840 514 1903 αὐτοὺς
561 1841 913 1911 ὑπομένουσι,
959 1841 1410 1912 διαπονουμένους
1456 1842 1536 1895 ὅτι

56 1929 231 1997 pilans,
254 1931 337 1984 xui.
358 1933 889 2001 ἀποδυσπετοῦντας,
919 1934 1130 2005 καὶτῆς
1157 1933 1538 2007 μακροθυμίας

54 2018 136 2071 Θεοῦ
172 2019 688 2090 καταγογγύζονταςο
745 2022 966 2093 ἑώρακα
1012 2022 1070 2076 δὲ
1124 2023 1316 2086 ἄλλους
1372 2025 1538 2077 πᾶσιν

56 2110 438 2180 ὲνεοθηνουμένους
501 2112 603 2166 τοῦ
670 2112 789 2183 βίου
844 2114 939 2167 καὶ
1000 2113 1538 2176 κατασπαταλῶντας

56 2202 216 2269 ἀγαθοῖς,
239 2203 376 2258 οὐδὲν
394 2204 449 2256 δὲ
470 2205 678 2276 ἀρετῆς
703 2206 735 2277 ἢ
766 2205 1178 2277 εὐαρεστήσεως
1199 2204 1349 2270 ἄξιον
1376 2223 1539 2258 κατα-

56 2294 359 2364 πρσπομένους
389 2296 483 2349 τοῦ
512 2297 677 2363 Θεοῦ,
715 2297 855 2371 πλὴν
881 2301 939 2352 ὲν
967 2299 1131 2353 παντὶ
1161 2298 1535 2369 εὐχαριστοῦν-

55 2402 111 2449 τις
141 2388 212 2440 καὶ
247 2387 763 2461 ὲξομολογουμὲνους
806 2389 886 2462 τῷ
926 2391 1140 2463 Κυρίῳ,
1164 2391 1291 2443 ὅταν
1340 2390 1540 2459 ἀγαθύ-

57 2496 197 2533 rami.
234 2483 484 2553 Κρεῖσσον
534 2476 633 2536 οὖν
670 2485 717 2555 (ὁ
761 2483 859 2555 τῆς
894 2483 1226 2554 διακρίσεως
1269 2480 1541 2551 ἀπεφθέγ-

57 2569 367 2646 ξιτοᾳωστὴρ),
389 2576 575 2640 καλῶς
603 2576 697 2630 καὶ
722 2577 1075 2649 ἀγιοπρεπῶς
1099 2574 1536 2645 πολιτευόμενον,

60 2661 114 2711 ui
138 2662 211 2732 βίῳ
239 2665 437 2736 ἀμώμῳ
483 2666 881 2737 πορευόμενον,
919 2666 1111 2737 μικρόν
1137 2684 1190 2720 τι
1232 2664 1540 2738 παρρησιά-

59 2752 175 2811 ξεσθαι
206 2755 278 2808 διὰ
306 2758 398 2829 τὴν
431 2757 686 2830 πύρωσιν
730 2758 837 2812 τῶν
872 2759 1125 2828 θλίψεων,
1162 2759 1257 2812 καὶ
1299 2756 1532 2829 μετρίως

60 2845 213 2903 nmini.
236 2849 333 2911 τοῖς
365 2849 603 2920 κρίμασι
633 2848 726 2902 τοῦ
762 2848 895 2902 Θεοῦ
921 2848 1318 2919 διαγογγύζειν,
1349 2846 1382 2917 ἦ
1419 2847 1533 2905 τοῖς

58 2928 171 2998 ίρῖθις
192 2939 274 3007 τῆς
310 2938 586 3009 ἀκρασίας
621 2938 716 2993 καὶ
766 2937 1076 3003 πλεονεξίας
1117 2940 1210 2993 καὶ
1245 2934 1533 3004 ἀσελγείας

2790 314 2850 328 4,.

3114 391 3216 448 8i!

1646 501 1793 549 runt.
1836 492 2091 566 Utrisque
2128 506 2372 554 tutamen
2402 508 2485 554 est
2507 541 2521 566 ,
2557 508 2613 557 et
2646 501 2715 560 iis
2747 504 2842 575 qui
2874 505 3133 564 sensibile
3162 519 3219 566 et

1646 584 1716 640 iis
1742 585 1837 654 qui
1868 586 2155 669 spirituale
2193 595 2533 645 transmeant
2582 595 2963 659 mare,timere
3000 613 3222 671 semper

1646 684 1701 731 et
1728 677 1833 732 sibi
1868 674 2320 748 cir’cumspicere,
2342 681 2539 737 exinde
2570 699 2671 737 nec
2699 687 3137 755 periclitantibus
3162 690 3218 745 in

1644 778 1809 820 carne
1831 781 1995 822 casus
2026 770 2381 837 exprobrare,
2415 786 2516 825 nec
2546 772 2810 830 adversus
2833 775 3095 845 Spiritum
3125 780 3219 834 Dei

1644 860 1998 926 peccantibus
2045 868 2100 916 et
2133 860 2714 935 cadentibusimprobe
2752 865 2921 922 laetari
2957 878 3011 923 et
3042 869 3222 925 insul-

1644 955 1761 1001 tare
1795 950 2185 1017 accusatione;
2221 952 2317 1007 sed
2350 952 2417 1007 de
2456 953 2863 1037 calamitatibus
2897 960 3131 1027 proximi
3164 970 3222 1015 et

1645 1036 1967 1095 infortuniis
2002 1049 2312 1099 metuentes
2342 1054 2397 1100 ct
2429 1044 2690 1102 timentes
2717 1036 2821 1104 nos
2863 1047 2917 1103 in
2954 1056 3073 1105 tuto
3106 1058 3222 1105 sta-

1644 1134 1798 1183 tuere
1830 1140 2064 1199 oportet.

1645 1346 1745 1402 109
1785 1347 2020 1404 Prmstat
2060 1350 2184 1406 bene
2222 1354 2487 1410 viventem.

1709 1461 1908 1515 Audivi
1953 1464 2090 1520 bene
2132 1466 2381 1523 viventes
2411 1477 2463 1523 et
2497 1468 2659 1541 digne
2693 1481 2919 1541 agentes
2952 1474 3044 1530 Dei
3095 1493 3222 1547 pro-

1640 1553 1833 1623 phetas
1868 1566 1921 1609 et
1952 1567 2174 1613 sanctos
2205 1562 2405 1617 multos
2438 1564 2504 1618 de
2533 1574 2851 1634 paupertate
2894 1575 2948 1622 et
2994 1571 3219 1626 miseria

1638 1646 1899 1717 propria,
1944 1657 2000 1703 et
2043 1649 2111 1705 de
2163 1666 2462 1721 pauperum
2499 1657 2857 1725 oppressione
2891 1667 2947 1715 et
2985 1662 3217 1716 tribula-

1640 1740 1793 1794 tione
1822 1755 1943 1811 qua:
1969 1741 2038 1795 ab
2074 1743 2296 1812 injustis
2331 1748 2801 1818 sustinent,quam
2838 1753 3071 1809 maxime
3106 1756 3218 1810 las-

1643 1839 1793 1886 satos
1822 1832 2023 1903 aegrius
2054 1833 2291 1891 ferentes
2324 1848 2379 1893 ct
2411 1840 2478 1894 de
2503 1840 2912 1910 longanimitate
2948 1844 3041 1901 Dei
3071 1863 3219 1902 mur-

1644 1932 1948 1980 murantes.
1980 1925 2099 1981 Vidi
2126 1937 2180 1982 et
2211 1928 2349 1984 alios
2378 1931 2631 1987 omnibus
2659 1933 2714 1987 in
2739 1935 2847 1988 vita
2878 1934 3220 1994 abundantes

1641 2023 1697 2068 et
1722 2014 1882 2071 bonis
1914 2017 2209 2085 effocatos,
2242 2020 2379 2075 nihil
2408 2037 2537 2077 vero
2566 2024 2768 2081 virtute
2793 2034 2847 2082 et
2874 2027 3219 2100 beneplacito

1643 2103 1737 2159 Dei
1768 2104 1993 2175 dignum
2034 2105 2300 2165 facientes
2334 2111 2437 2167 nisi
2471 2112 2617 2182 quod
2649 2112 2702 2168 in
2735 2116 2885 2171 omni
2922 2132 2980 2173 re
3015 2121 3219 2190 gratias

1639 2207 1808 2266 agunt
1835 2207 1888 2253 et
1922 2199 2110 2256 laudes
2145 2200 2406 2264 Domino.
2455 2220 2577 2259 cum
2632 2209 2987 2265 cumulantur
3034 2211 3216 2268 bonis.

1638 2286 1832 2345 Melius
1864 2304 1995 2360 ergo
2014 2331 2030 2356 ,
2064 2291 2197 2347 dicit
2220 2293 2410 2362 judicii
2437 2297 2560 2363 lux,
2585 2299 2790 2369 optime
2818 2308 2873 2356 et
2897 2302 3059 2373 digne
3086 2319 3220 2360 san-

1639 2379 1745 2435 ctis
1797 2380 2068 2438 viventem
2118 2394 2174 2440 et
2218 2386 2736 2457 irreprehensibiles
2779 2391 2896 2450 dies
2933 2394 3219 2466 degentem

1636 2477 1843 2526 temere
1891 2475 2175 2543 paululum
2228 2491 2519 2549 erumpere
2570 2491 2796 2553 propter
2841 2484 3221 2544 tribulationis

1635 2570 1831 2617 :estum
1863 2573 1916 2619 et
1942 2581 2067 2620 cum
2100 2566 2477 2627 moderatione
2516 2573 2753 2642 quadam
2781 2576 2847 2633 de
2877 2576 2970 2632 Dei
2995 2577 3220 2648 judiciis

1639 2668 2024 2723 murmurare,
2060 2673 2225 2728 quam
2254 2661 2514 2731 operibus
2544 2663 2980 2734 intemperantiae
3017 2674 3072 2721 et
3100 2683 3219 2723 amo

1640 2745 1867 2804 bitionis
1918 2758 1972 2804 et
2007 2750 2245 2807 lasciviae
2278 2755 2457 2811 omnis
2488 2755 2871 2815 incumbentes
2919 2769 2975 2814 et
3019 2776 3079 2816 se
3118 2760 3219 2815 de-

1639 2839 1942 2904 lectantes,
1995 2858 2188 2913 poenas
2231 2844 2289 2901 in
2338 2846 2425 2901 die
2466 2847 2659 2917 judicii
2694 2849 2862 2924 dare,
2899 2851 3027 2908 licet
3080 2854 3219 2908 nihil

1641 2930 2017 2990 irrationabile
2046 2944 2304 3006 operatos
2338 2937 2510 2995 fuisse
2542 2939 2898 2997 arbitrentur.

59 3028 169 3097 πάσης
200 3032 534 3102 σχολάζοντας
586 3034 683 3089 καὶ
726 3033 1014 3099 θάλλοντας
1036 3075 1051 3101 ,
1086 3034 1240 3100 δίκας
1273 3035 1330 3088 ὲν
1366 3030 1553 3104 ἡμέρᾳ
1602 3026 1836 3096 κρίσεως
1866 3028 2249 3098 ἁποτιννύναι,
2281 3032 2330 3085 εί
2368 3033 2461 3087 καὶ
2487 3033 2657 3105 μηδὲν
2699 3034 2907 3105 ἀλόγως
2946 3037 3216 3109 νομίζοιεν

58 3118 305 3186 ἐργάζεσθαι.

59 3232 117 3287 115
141 3238 293 3305 Πρόου
318 3241 387 3296 τὰ
413 3245 621 3298 πάντα
649 3243 750 3307 καὶ
786 3244 934 3299 Θεὸν
962 3242 1182 3313 κτῆσαι
1215 3244 1427 3314 μόνον.

94 3346 206 3416 Τρεῖς
228 3352 388 3419 τάξεις
413 3357 529 3411 τῶν
556 3357 650 3411 ἐπὶ
678 3356 754 3428 τῷ
781 3356 1078 3428 σωματικῷ
1100 3356 1316 3428 πλούτῳ
1341 3357 1434 3411 καὶ
1460 3358 1525 3428 τῇ

56 3435 387 3512 ’κῖΝχρημάτων
419 3447 711 3519 οἰκονομίᾳ
759 3448 1202 3519 δοκιμαζομένων
1244 3451 1274 3502 ὁ
1318 3448 1533 3519 θαυμά-

58 3542 124 3592 πος
154 3535 443 3593 ἐπιδείκνυσι
481 3540 821 3612 Γρηγόριος’
874 3540 1098 3612 πρώτην
1146 3541 1266 3611 μὲν,
1311 3541 1407 3594 καὶ
1442 3557 1532 3592 τε-

56 3617 161 3686 λείαν,
185 3628 259 3679 καὶ
287 3631 510 3697 τελείοις
550 3633 952 3703 προσήκουσαν,
978 3632 1038 3686 τὸ
1064 3632 1243 3687 πάντα
1268 3632 1530 3703 προέσθαι

56 3716 110 3766 καὶ
142 3722 417 3793 προπέμψαι
468 3723 547 3777 τὰ
586 3724 857 3796 προσόντα
900 3724 1019 3795 Θεῷ
1050 3724 1140 3778 διὰ
1172 3725 1406 3797 Χριστὸν
1438 3727 1534 3779 καὶ

56 3808 323 3885 τὴνὲντολὴν,
351 3816 494 3870 ὥστε
545 3814 733 3869 τοῦτον
776 3816 1224 3887 κατακτήσασθαι
1264 3817 1359 3870 καὶ
1383 3816 1533 3887 αύτῷ

59 3903 147 3973 μόνῳ
182 3907 406 3979 καθαρῶς
453 3908 593 3979 ζῇνο
636 3908 889 3979 ἀλλότρια
918 3908 1028 3979 γὰρ
1055 3907 1120 3962 τά
1166 3926 1227 3960 τε
1272 3910 1532 3980 χρήματα

57 3995 110 4045 mi
140 4002 369 4070 κτήματα,
417 4003 497 4066 ὡς
545 4000 744 4065 ἔξωθεν
794 4000 951 4071 ἡμῶν
993 4002 1086 4055 καὶ
1135 4000 1234 4071 οὐχ
1290 4000 1533 4073 ἡμέτερα

56 4080 175 4157 εἵη-περ
198 4089 248 4141 τδ
271 4091 443 4162 σῶμα,
478 4090 619 4144 ἀλλὰ
648 4091 775 4162 περὶ
806 4091 956 4161 ἡμᾶς
981 4091 1129 4156 ὄντα,
1160 4084 1235 4144 ὦν
1260 4092 1534 4161 οἰκονόμοι

56 4173 110 4223 καὶ
141 4181 351 4248 μερισταὶ
394 4180 820 4251 καθεστήκαμεν
866 4183 1056 4251 ἡμεῖς·
1108 4182 1390 4236 κάλλιστον
1437 4184 1534 4252 μὲν

56 4258 122 4327 ὧν,
159 4270 232 4321 καὶ
277 4272 703 4343 θεοφιλέστατον,
739 4272 833 4325 καὶ
874 4271 1097 4337 τέλειον,
1148 4272 1364 4326 ἅπαντα
1409 4290 1535 4344 προ-

53 4351 173 4421 δόντας
198 4360 369 4427 ταῦτα,
409 4363 560 4435 μόνῳ
586 4362 832 4414 πλουτεῖν
858 4362 953 4415 καὶ
974 4362 1401 4434 ἀπερισπάστως
1432 4361 1533 4433 ζῇν

54 4442 99 4510 τῷ
124 4446 227 4519 θεῷ.
254 4455 489 4526 Δευτέρα
509 4453 566 4507 δὲ
588 4451 762 4517 τάξις,
785 4451 853 4505 τὰ
879 4452 1049 4505 πλείω
1075 4452 1258 4506 δοῦναι
1290 4454 1385 4507 καὶ
1410 4453 1534 4507 καλ-

52 4530 124 4599 λίυ,
159 4541 212 4593 τὰ
251 4545 448 4599 ἐλάττω
499 4545 556 4597 δὲ
604 4544 700 4597 καὶ
734 4545 904 4615 χείρω
936 4546 1056 4607 ταῖς
1094 4543 1288 4598 ἑαυτοῦ
1322 4544 1533 4616 χρείαις

55 4634 417 4703 προπιορίζεσθαι
464 4635 757 4692 καὶτοῦτο
821 4638 1141 4689 ἐπαινετόν·
1201 4636 1424 4701 εὐσεϐὲς
1470 4637 1529 4691 δὲ

52 4719 109 4768 καὶ
145 4716 275 4795 ἧττον
318 4726 753 4799 φιλανθρώπινον
804 4728 909 4782 κάν
958 4729 1072 4791 τοῖς
1126 4726 1533 4798 περιττεύουσιν

53 4805 231 4876 εὐθξὸεἰν,
260 4818 346 4869 καὶ
380 4817 482 4888 τὴν
513 4817 859 4889 χρηστότητα
895 4817 1049 4887 δρᾷν,
1084 4817 1178 4870 καὶ
1210 4816 1270 4870 τὸ
1309 4817 1535 4887 μεγαλό-

50 4894 159 4967 Ψϋχον
186 4907 372 4973 τούτοις
404 4907 816 4963 ἐπιδείκνυσθαι
839 4924 854 4940 ⁸
888 4906 949 4960 τὺ
974 4907 1029 4960 δὲ
1067 4908 1169 4961 κάν
1207 4911 1319 4972 τοῖς
1357 4925 1534 4979 περιτυ

52 4990 121 5051 πῖέ
143 4997 361 5061 φειδωλὸν
392 4996 534 5053 εἶναι
566 5000 659 5052 καὶ
678 4998 924 5067 γνίιρωνα
953 4999 1049 5051 καὶ
1085 4998 1437 5068 μικρόψυχον,
1460 4996 1533 5060 ὡς

51 5076 98 5161 ἐξ
129 5088 289 5151 χρυσὸν
318 5090 461 5144 αύτά
489 5090 813 5161 διαμείϐειν,
855 5090 949 5143 καὶ
995 5091 1418 5159 καταχωννύειν,
1458 5088 1534 5151 ὡς

51 5160 125 5219 λίαν
157 5175 339 5246 ἁσεδὲς,
386 5180 483 5236 καὶ
528 5160 971 5251 ἀπανθρώπινον,
1014 5181 1107 5234 καὶ
1141 5180 1301 5251 ἔργον
1329 5180 1538 5234 εἰδώλου

50 5250 243 5331 λατρείας,
285 5272 421 5326 κατὰ
464 5273 556 5326 τὸν
594 5250 948 5337 ’Δπόστολον,
991 5273 1083 5325 καὶ
1118 5250 1219 5342 τῆς
1265 5272 1359 5326 τοῦ
1398 5271 1535 5326 Θεοῦ

52 5344 247 5423 βαπιλεὶας
274 5363 576 5437 ἀλλοτριοῦν
608 5362 941 5417 ἱκανώτατον
974 5363 1056 5428 ὃν,
1090 5363 1533 5436 παρεσιώπησεν.

52 5458 114 5513 ¹¹7
134 5469 300 5526 Καλόν
324 5493 377 5530 τι
406 5477 609 5545 σητῶν
637 5475 907 5545 ἁρπάσαι
939 5475 1038 5529 καί
1072 5475 1178 5529 τοῦ
1212 5476 1459 5544 φθόνου.

91 5640 220 5701 Τοῦτο
240 5653 393 5707 καλὸν
418 5654 640 5709 καὶτῶν
669 5653 850 5708 καλῶν
876 5654 1183 5716 κάλλιστον,
1214 5652 1320 5707 τῶν
1343 5670 1404 5706 τε
1435 5670 1531 5725 ση-

50 5736 427 5812 πῖηὒφαρπάζειν
444 5748 535 5800 τὸν
567 5746 794 5800 πλοῦτον
825 5746 918 5799 καὶ
953 5744 1047 5798 τοῦ
1083 5744 1309 5813 φθόνου,
1336 5747 1426 5816 ὑφ’
1454 5741 1529 5800 ὧν

49 5821 189 5898 ἐκεῖνος
200 5837 386 5911 πέφυκε
403 5843 804 5917 διαφθείρεσθαι
831 5843 925 5898 καὶ
944 5840 1220 5898 ὅλλυσθαι·
1244 5841 1523 5914 φθείρεται

1180 6042 1215 6061 ἦ..

1642 3238 1745 3294 115
1778 3238 1990 3308 Projice
2020 3238 2197 3291 omnia
2230 3246 2282 3293 et
2317 3239 2485 3294 Deum
2512 3242 2725 3308 posside
2759 3243 2953 3297 solum.

1710 3350 1847 3407 Tres
1892 3367 2028 3407 usus
2073 3366 2258 3406 rerum
2302 3367 2424 3422 quae
2480 3353 2535 3408 in
2582 3354 2789 3412 divitiis
2840 3359 3217 3430 corporalibus

1633 3454 1687 3499 et
1732 3445 2007 3499 bonorum
2059 3443 2473 3514 dispensatione
2518 3448 2881 3511 aestimantur,
2934 3452 3217 3509 mirandus

1635 3536 1878 3591 ostendit
1927 3535 2249 3607 Gregorius.
2302 3535 2524 3592 Primus
2570 3547 2624 3594 et
2666 3540 2943 3609 perfectus
2988 3555 3043 3598 et
3086 3559 3215 3614 per-

1632 3626 1788 3682 fectis
1822 3635 2079 3683 assuetus
2100 3666 2115 3694 ,
2152 3628 2338 3682 omnia
2372 3628 2641 3700 projicere
2674 3639 2730 3686 et
2764 3632 3078 3704 relinquere
3122 3651 3215 3691 su-

1633 3718 1840 3789 perﬂua
1890 3728 2115 3790 propter
2161 3718 2440 3774 Christum
2474 3728 2530 3776 et
2563 3722 2881 3778 mandatum
2932 3725 3089 3795 ejus,
3137 3727 3210 3782 ita

1634 3821 1695 3866 ut
1722 3827 1847 3867 eum
1892 3811 2277 3882 possideamus
2332 3822 2382 3868 et
2434 3814 2536 3883 ipsi
2589 3815 2691 3871 soli
2739 3831 2874 3885 pure
2921 3817 3211 3883 vivamus;

1634 3903 1810 3959 aliena
1837 3904 1982 3958 enim
2012 3914 2065 3958 et
2093 3904 2234 3957 bona
2257 3912 2312 3958 et
2334 3917 2595 3973 possessa
2617 3907 2775 3972 quasi
2800 3906 2961 3961 nobis
2985 3915 3212 3962 externa

1634 4002 1692 4049 et
1719 4011 1829 4049 non
1866 4003 2052 4049 nostra
2086 3994 2230 4049 sicut
2259 4009 2489 4064 corpus,
2519 3994 2614 4050 sed
2649 3996 2794 4051 circa
2830 4013 2933 4054 nos
2967 4007 3210 4059 versata.

1636 4101 1870 4157 quorum
1899 4085 2381 4141 administratorcs
2408 4094 2464 4140 et
2494 4086 2898 4156 dispensatores
2928 4090 3210 4145 constituti

1636 4192 1847 4232 sumus.
1882 4175 2159 4246 Optimum
2189 4187 2273 4230 est
2303 4191 2435 4247 ergo
2465 4185 2519 4232 et
2553 4175 2664 4232 Deo
2694 4179 2951 4250 placitum
2986 4190 3041 4235 et
3085 4194 3211 4251 per-

1632 4273 1870 4334 fectum,
1918 4270 2176 4325 omnibus
2217 4269 2338 4325 istis
2384 4270 2650 4340 abiectis,
2695 4272 2798 4326 soli
2833 4270 2945 4328 Deo
2990 4273 3213 4328 divitem

1637 4380 1763 4423 esse
1801 4375 1856 4419 et
1893 4363 2122 4419 ﬁrmiter
2153 4364 2356 4419 vivere.
2401 4364 2692 4421 Secundus
2724 4380 2859 4421 usus
2893 4366 3051 4437 plura
3081 4366 3214 4421 dare

1633 4466 1687 4512 et
1720 4456 2067 4527 pulchriora,
2100 4465 2154 4511 et
2183 4457 2399 4511 minora
2447 4455 2745 4528 pejoraque
2787 4459 3213 4515 necessitatibus

1637 4545 1753 4601 suis
1782 4545 1887 4602 sibi
1914 4546 2152 4601 retinere
2172 4586 2186 4609 ,
2218 4547 2324 4601 hoc
2350 4555 2406 4602 et
2434 4546 2727 4602 laudabile.
2758 4546 2915 4602 Pium
2951 4559 3129 4604 autem
3159 4558 3215 4603 et

1638 4639 1824 4694 minus
1855 4654 1982 4708 erga
2032 4638 2285 4694 homines
2332 4639 2635 4695 beneﬁcum
2679 4640 2746 4697 de
2788 4640 3081 4711 superﬂuis
3125 4643 3213 4712 pie

1631 4742 1793 4797 agere
1840 4737 1895 4782 et
1938 4727 2375 4782 miscricordiam
2425 4729 2644 4798 operari
2696 4736 2749 4784 et
2804 4731 3209 4800 magnanimum

1633 4834 1693 4875 se
1718 4819 2027 4876 ostendere.
2058 4818 2163 4875 Sed
2192 4820 2259 4875 de
2285 4819 2579 4889 superﬂuis
2607 4836 2835 4889 parcum
2863 4836 2985 4877 esse
3006 4832 3060 4877 et
3081 4836 3212 4875 ava-

1634 4929 1753 4968 rum
1787 4921 1844 4968 et
1885 4913 2069 4968 tenuis
2114 4913 2315 4975 animi,
2347 4913 2421 4966 ita
2453 4921 2511 4966 ut
2538 4912 2630 4965 illa
2660 4912 2714 4965 in
2747 4927 2941 4966 aurum
2992 4920 3211 4967 mutem

1634 5012 1725 5058 tur
1751 5012 1805 5058 et
1840 5003 2531 5073 abstrudantur,tanquam
2568 5004 2732 5081 nimis
2772 5003 2998 5072 impium
3022 5013 3076 5058 et
3108 5006 3211 5058 bu-

1635 5096 1883 5151 mauitati
1909 5097 2222 5167 oppositum
2252 5105 2305 5157 et
2344 5094 2662 5150 idololatriae
2688 5110 2847 5163 opus,
2869 5095 3026 5164 juxta
3062 5097 3211 5166 Apo-

1636 5192 1836 5246 stolum
1869 5202 1923 5246 et
1950 5192 2106 5245 valde
2137 5202 2323 5261 aptum
2356 5191 2423 5243 ad
2454 5187 2801 5244 alienandum
2829 5204 2860 5243 a
2885 5187 2980 5244 Dei
3011 5205 3208 5261 regno,

1635 5284 1737 5338 sub
1766 5283 1989 5339 silentio
2022 5282 2391 5352 praetermisit.

1643 5480 1742 5535 117
1786 5478 2119 5535 Pra’clarum
2152 5489 2230 5533 est
2263 5479 2467 5549 ahquid
2501 5481 2756 5534 vermibus
2788 5489 2838 5536 et
2868 5482 3081 5623 inviiiiaa
3109 5485 3211 5536 eri-

2999 5569 3137 5619 pere.

2999 5569 3137 5619 pere.

1707 5660 1998 5715 Pulchrum
2052 5661 2185 5717 illud
2244 5669 2299 5717 et
2364 5662 2718 5732 pulchrorum
2777 5664 3207 5734 pulcherrimum

1635 5751 1903 5807 vermium
1939 5751 2225 5823 subripere
2275 5752 2496 5810 divitias
2544 5763 2599 5809 et
2647 5754 2900 5821 invidiae,
2948 5771 3044 5825 per
3088 5772 3211 5827 qua

1637 5845 1959 5902 naturaliter
1988 5846 2190 5903 divitia:
2222 5853 2650 5919 corrumpuntur
2690 5857 2741 5904 et
2773 5858 3019 5919 pereunt.
3067 5848 3209 5905 Cor-
