3818 6506
609 355 719 414 815

613 484 946 546 rumpuntur
993 491 1092 548 per
1148 483 1396 540 vermes,
1445 489 1790 546 quaecunque
1838 474 2091 530 mortalia
2141 484 2196 532 et

1887 352 2184 409 MCETAS
2256 353 2465 408 DAVID
3701 369 3770 420 litt

2306 479 2407 547 μὲν
2428 471 2537 545 γὰρ
2565 471 2672 527 ύπδ
2689 471 2984 544 σκωλήκων
3000 470 3102 543 (3),
3132 471 3230 526 ὅσα
3257 471 3452 544 βρωτὰ,
3474 475 3556 528 καὶ
3572 475 3767 555 sitcum.

615 568 992 640 putrescibilia
1039 578 1089 623 et
1141 565 1521 636 corruptibilia
1548 608 1562 633 ,
1614 581 1712 636 per
1752 564 2020 622 invidiam
2065 580 2176 622 veri

2300 567 2394 621 καὶ
2423 564 2727 638 εὔφθαρτα·
2754 564 2864 619 ὑπὸ
2895 563 3090 635 φθόνου
3116 563 3174 618 δὲ
3201 565 3484 637 διαρπᾶται
3504 569 3586 622 καὶ
3603 571 3771 624 humu-

613 661 952 730 diripiuntur
978 668 1034 716 et
1065 667 1300 730 pereunt
1329 672 1522 712 aurum
1558 668 1614 714 et
1644 666 1929 728 argentum
1964 667 2019 714 et
2045 673 2199 728 qum-

608 769 828 824 cunque
857 753 1180 808 naturaliter
1205 751 1292 805 vix
1323 758 1774 821 corrumpuntur.
1797 749 2007 804 Bonum
2034 749 2198 820 igitur

611 844 910 915 pravenire
967 842 1190 898 Christo
1249 841 1602 906 fenerantem,
1643 846 1700 894 et
1758 839 1942 910 ipsum
2007 839 2195 908 potius

608 937 910 992 debitorem
969 933 1168 988 habere
1224 931 1445 1003 expedit
1503 931 1677 1002 magis
1743 945 1909 1002 quam
1996 944 2190 986 omnes

609 1028 799 1084 mundi
851 1027 1070 1083 divitias
1127 1025 1504 1098 possidentem
1577 1023 1769 1080 videri.
1815 1022 2069 1080 Christus
2115 1023 2195 1080 sic

610 1119 894 1193 magniﬁce
942 1118 1281 1176 feneratores
1335 1132 1468 1173 suos
1516 1131 1874 1171 remunerare
1910 1115 2098 1180 novit,
2131 1125 2195 1169 ut

607 1223 662 1268 et
695 1213 955 1268 cmlorum
990 1225 1218 1281 regnum
1268 1210 1378 1264 illis
1429 1209 1523 1280 qui
1576 1224 1699 1264 cum
1742 1208 1847 1263 ﬁde
1888 1205 2193 1278 fragmento

608 1305 768 1375 panis
802 1302 1138 1358 Salvatorem
1175 1302 1468 1367 nutriunt,
1525 1300 1841 1366 retribuat;
1888 1314 1990 1355 nec
2038 1313 2193 1370 aquae

606 1394 815 1466 frigidae
845 1404 1032 1466 potum
1067 1393 1186 1448 sine
1222 1393 1474 1448 mercede
1508 1407 1634 1446 esse
1668 1394 1810 1462 apud
1843 1391 2024 1461 ipsum
2057 1406 2192 1446 con-

607 1483 884 1539 ﬁdentiam
915 1483 1012 1537 tibi
1045 1481 1236 1537 aiferat
1263 1481 1428 1536 vidua
1475 1482 1544 1537 ob
1584 1482 1692 1536 duo
1736 1482 1897 1536 obola
1919 1522 1934 1547 ,
1967 1498 2089 1553 quae
2133 1482 2190 1538 in

607 1575 923 1630 thesaurum
956 1571 1375 1639 misit,laudata.
1416 1571 1704 1638 Quomodo
1752 1573 1938 1645 igitur,
1974 1573 2186 1642 inquit,

605 1666 976 1721 fenerahimur
1000 1664 1220 1722 Christo
1246 1674 1301 1720 et
1325 1664 1438 1720 Deo
1460 1673 1514 1719 et
1540 1665 1742 1720 nullius
1768 1664 2030 1736 indigenti
2052 1673 2106 1720 et
2133 1664 2186 1718 in
2208 1692 2228 1708 ο

603 1757 759 1814 caelis
791 1757 858 1812 ad
891 1757 1175 1812 dexteram
1207 1756 1386 1813 Patris
1431 1756 1690 1812 sedenti?
1733 1755 2014 1813 Chrismm
2037 1797 2052 1822 ,
2099 1772 2185 1812 re-

601 1849 837 1921 spondet
878 1848 974 1904 tibi
1015 1848 1327 1918 theologice
1357 1847 1425 1903 de
1457 1862 1522 1903 eo
1559 1854 1804 1902 tractans
1831 1886 1846 1912 ,
1879 1855 1934 1901 et
1968 1846 2174 1912 vestis,

602 1949 656 1996 et
690 1943 906 2009 nutris,
943 1950 998 1998 et
1027 1943 1237 2012 potioni
1286 1941 1522 2008 invitas,
1571 1950 1624 1995 et
1672 1941 1820 1993 omni
1871 1938 2185 1994 misericor-

600 2034 688 2089 dia
721 2033 935 2101 donas,
976 2049 1118 2105 opus
1158 2034 1267 2090 tale
1310 2035 1564 2106 praebens
1611 2047 1740 2103 erga
1788 2046 2083 2104 pauperem
2133 2039 2186 2086 et

601 2144 831 2198 egenum
842 2169 855 2183 .

602 2220 697 2274 εει
726 2219 941 2290 Pauper
969 2219 1225 2284 accessit,
1253 2216 1442 2272 deinde
1462 2216 1594 2270 abiit
1616 2232 1703 2286 spe
1729 2216 2038 2286 frustratus.

671 2310 799 2366 llam:
827 2310 1048 2381 quidem
1084 2310 1596 2380 interpretationem
1631 2309 1941 2364 evidentem
1979 2307 2184 2362 habent

599 2404 806 2471 verba;
841 2419 943 2459 nec
985 2411 1170 2458 tamen
1215 2415 1684 2473 supervacaneum
1735 2409 1868 2470 puto
1903 2399 2181 2470 paululum

600 2497 669 2552 de
702 2496 789 2552 his
820 2495 1143 2551 conversari
1174 2512 1188 2561 ;
1225 2509 1463 2564 namque
1490 2493 1656 2548 etiam
1695 2493 1801 2546 title
1834 2492 2059 2546 minima
2086 2507 2185 2546 au-

601 2589 882 2646 dientibus
928 2588 1192 2644 inserviet
1233 2586 1299 2642 de
1348 2587 1434 2640 his
1471 2585 1640 2639 multa
1674 2585 1899 2639 dicere:
1940 2598 2184 2654 persua-

602 2698 724 2737 sum
761 2683 906 2737 enim
943 2681 1145 2735 habere
1179 2686 1392 2750 oportet
1425 2675 1571 2748 quod
1610 2676 1883 2747 judicium
1931 2683 2182 2730 nostrum

604 2792 708 2832 nos
747 2773 1164 2844 nobismetipsis
1212 2786 1489 2843 paramus.
1517 2768 1803 2836 Quomodo
1838 2776 1891 2823 et
1929 2783 2034 2839 qua
2055 2768 2184 2822 via?

599 2868 847 2940 Paupere
879 2865 947 2921 ad
981 2881 1068 2920 me
1095 2865 1350 2923 veniente
1374 2903 1387 2927 ,
1422 2862 1602 2933 inquit
1635 2862 1912 2932 magister,
1946 2868 2000 2916 et
2039 2860 2183 2916 elee-

603 2959 848 3032 mosynis
883 2959 1200 3031 indigente,
1237 2971 1365 3011 mox
1398 2955 1607 3026 absque
1648 2954 1994 3026 eleemosyna
2046 2952 2183 3022 reje—

600 3064 724 3120 cto,
760 3062 941 3109 metus
985 3060 1040 3107 et
1077 3052 1243 3106 timor
1295 3047 1585 3104 confestim
1623 3046 1824 3102 adsunt
1855 3062 1924 3101 ne
1959 3045 2100 3100 forte
2131 3053 2183 3100 et

603 3160 706 3216 ego
740 3153 836 3199 tua
870 3143 1232 3199 miseratione
1272 3142 1525 3212 indigens
1559 3140 1889 3203 adveniens,
1922 3136 2140 3194 Christe
2163 3177 2178 3202 ,

598 3252 808 3292 vacuus
836 3236 1071 3307 repellar
1109 3235 1269 3305 juxta
1313 3234 1497 3290 cordis
1550 3233 1655 3290 mei
1700 3232 1958 3288 duritatis
1997 3232 2179 3304 leges,

605 3345 746 3398 opus
774 3329 980 3384 habens
1011 3327 1234 3398 quidem
1263 3325 1700 3382 benevolentiam
1733 3322 2046 3379 inveniendi
2071 3363 2086 3388 ,
2118 3338 2184 3379 eo

599 3429 782 3476 autem
857 3435 970 3475 non
1020 3419 1362 3490 perveniens.
1415 3418 1575 3474 Cur?
1626 3417 1764 3484 Quia
1816 3416 1909 3486 qui
1958 3431 2182 3486 possum

598 3526 772 3582 egeno
803 3510 1000 3580 stipem
1031 3523 1258 3580 erogare
1284 3516 1342 3562 et
1386 3522 1494 3562 non
1524 3521 1712 3576 erogo,
1744 3503 2020 3575 quomodo
2069 3505 2185 3574 ipse

601 3598 856 3670 indigens
887 3611 1006 3653 mea
1037 3597 1156 3652 vice
1185 3595 1499 3665 recipiam?
1542 3593 1586 3647 A
1630 3593 1854 3648 Christo
1902 3593 2048 3646 enim
2093 3609 2183 3648 re-

600 3690 747 3760 cipio
777 3703 846 3743 an
874 3687 1135 3743 aliunde?
1155 3686 1296 3754 Quid
1328 3686 1474 3742 enim
1507 3685 1678 3741 habes
1706 3686 1853 3756 quod
1883 3701 1990 3740 non
2022 3701 2182 3740 acce-

600 3783 770 3854 pisti,
801 3791 856 3838 et
889 3781 958 3836 ab
988 3781 1142 3853 ipso,
1199 3789 1256 3836 ut
1311 3779 1504 3850 patet?
1551 3778 1657 3845 Qui
1705 3793 1838 3848 ergo
1877 3778 2099 3848 accepi,
2129 3785 2184 3832 et

600 3889 696 3945 per
726 3887 1022 3944 pauperem
1071 3871 1400 3929 sollicitatus
1451 3869 1817 3940 experimenti
1864 3869 2075 3940 gratia,
2129 3877 2184 3924 et.

601 3981 712 4036 prae
747 3964 1034 4036 iniquitate
1067 3978 1176 4020 non
1211 3976 1414 4033 erogo,
1459 3961 1738 4032 quomodo
1791 3961 1987 4016 iterum
2042 3960 2182 4014 reci-

601 4057 785 4126 piam?
817 4054 918 4122 Qui
951 4054 1098 4110 enim
1148 4053 1302 4108 danti
1361 4052 1544 4107 omnia
1594 4052 1725 4107 dare
1772 4059 1928 4106 tenax
1961 4049 2182 4107 sordide

603 4153 840 4209 recusat,
875 4145 1016 4200 nihil
1080 4146 1327 4214 recipere
1376 4153 1588 4214 speret,
1617 4158 1646 4196 e
1676 4152 1866 4198 contra
1911 4142 2077 4212 igitur
2126 4149 2180 4197 et

599 4248 724 4302 quae
751 4232 974 4287 videtur
1006 4231 1209 4289 habere
1240 4232 1308 4287 ab
1338 4247 1402 4288 eo
1432 4231 1727 4288 auferenda
1761 4233 1921 4288 sciat.

605 4337 729 4392 125.
775 4335 1016 4405 Pauper:
1041 4338 1151 4391 uiro
1177 4337 1310 4391 nihil
1347 4339 1606 4392 securim.

668 4452 805 4506 Cum
842 4450 993 4505 multi
1026 4459 1400 4521 paupertatem
1441 4450 1744 4513 vitandam,
1783 4449 1942 4505 valde
1979 4451 2177 4505 malam

599 4547 653 4595 et
679 4539 1059 4594 detestandam
1079 4539 1302 4606 ducant,
1329 4540 1452 4596 ideo
1473 4541 1774 4611 praesertim
1813 4547 1867 4595 et
1892 4542 2180 4610 egentibus

599 4631 892 4687 subvenire
943 4631 1179 4697 nolunt,
1227 4639 1608 4702 paupertatem
1649 4631 1963 4701 suspicione
2009 4633 2175 4686 attin-

600 4732 828 4795 gentes,
878 4723 1283 4796 sapientissime
1335 4724 1516 4780 divine
1561 4738 1898 4778 conversans
1943 4725 2173 4779 istorum

600 4815 841 4888 inopiam
869 4817 1183 4872 consolatur
1235 4823 1289 4871 et
1345 4816 1574 4871 divitum
1617 4817 1810 4871 animm
1855 4817 2172 4873 tenuitatem

601 4901 843 4967 remedio
868 4918 1023 4965 curat
1052 4909 1240 4965 dicens
1268 4924 1508 4980 paupere
1534 4909 1670 4962 nihil
1699 4912 1892 4978 tutius,
1938 4909 2074 4966 nihil
2101 4911 2171 4965 ti—

602 5016 752 5056 more
803 5008 858 5056 et
916 5000 1159 5072 periculo
1220 4999 1482 5067 liberius;
1539 5014 1649 5054 non
1695 5000 1841 5054 enim
1883 5001 2027 5056 bona
2080 5010 2174 5056 aut

599 5109 778 5165 agros,
804 5101 898 5148 aut
939 5109 1162 5166 gregum
1207 5100 1452 5149 catervas
1481 5101 1574 5148 aut
1612 5109 1894 5150 servorum
1925 5095 2174 5167 providet

601 5185 1026 5251 multitudinem,
1069 5185 1290 5241 liuentia
1313 5194 1368 5241 et
1409 5186 1587 5241 instar
1619 5187 1819 5242 somnii
1853 5187 2171 5242 transitoria

596 5285 648 5331 et
702 5277 1008 5346 pereuntia.
1068 5278 1245 5332 solum
1315 5275 1482 5332 Deum
1528 5275 1860 5342 considerat,
1912 5276 2005 5347 qui
2056 5285 2169 5343 est,

595 5367 689 5437 qui
752 5375 971 5432 manet,
1032 5370 1126 5439 qui
1180 5378 1387 5424 naturae
1463 5367 1862 5439 providentiam
1933 5369 2175 5439 praebet;

596 5459 664 5514 ad
727 5475 890 5531 quem
921 5461 1124 5532 iugiter
1186 5461 1403 5526 tendit,
1465 5462 1773 5531 proximum
1844 5463 2024 5532 ipsum
2099 5463 2176 5516 vi-

671 5637 752 5706 (3)
781 5636 916 5710 Con.
943 5637 1260 5710 minacium

670 5711 747 5773 ιι)
778 5707 910 5762 Cod.
945 5707 1161 5764 συνιῶν.

671 5779 749 5846 (5)
776 5779 1081 5844 Δυσπιθῶς,
1113 5779 1191 5834 sic
1219 5777 1407 5833 codex.

671 5842 746 5912 (ti)
772 5847 1014 5904 Zonaras
1043 5842 1139 5904 Vl'ol.
1166 5849 1237 5903 “25
1266 5864 1309 5904 r.
1340 5847 1371 5918 ἢ
1395 5848 1473 5916 τὸ,
1503 5842 1574 5915 ’ῼ
1606 5847 1714 5920 γάρ
1740 5865 1824 5913 τις
1847 5845 1946 5903 ούκ
1969 5849 2162 5916 Εδωκε,

2297 675 2389 713 ται
2418 657 2641 730 χρυσὸς,
2688 656 2783 711 καὶ
2819 657 3081 730 ἄργυρος,
3115 657 3207 711 καὶ
3240 657 3340 711 ὅσα
3377 656 3647 732 δύσφθαρτα
3675 666 3770 717 κατὰ

2297 749 2461 820 φύσιν
2494 751 2653 804 εἰσιν.
2701 750 2930 819 Ἀγαθὸν
2955 746 3071 814 οὖν,
3099 748 3176 820 τῷ
3199 750 3415 821 Χριστῷ
3446 753 3770 822 amoenam;

2296 844 2560 910 δανεῖσαι,
2589 845 2687 898 καὶ
2718 843 2880 897 αὑτὸν
2935 843 3138 914 μᾶλλον
3172 841 3318 913 ἔχειν
3353 843 3604 918 χρεώστην
3623 846 3769 901 λυσιτε-

2297 934 2552 991 λέστατον
2584 936 2618 1008 ἢ
2662 937 2840 991 πάντα
2867 935 2961 989 τοῦ
2997 935 3201 1006 κόσμου
3223 935 3316 990 τὸν
3361 937 3568 991 πλοῦτον
3592 943 3768 1010 κατέχειν

2292 1027 2470 1083 δοκεῖν
2485 1043 2500 1059 '
2532 1029 2593 1093 δς
2617 1028 2758 1083 οὕτω
2781 1027 3212 1101 μεγαλοπρεπῶς
3234 1025 3372 1083 οἶδεν
3394 1030 3668 1101 ἀμείϐεσθαι
3685 1036 3768 1096 toi;

2291 1120 2574 1186 δανειστὰς
2592 1162 2606 1186 υ
2642 1122 2719 1186 ὡς
2752 1123 2846 1176 καὶ
2873 1122 2972 1194 τὴν
3010 1121 3120 1176 τῶν
3157 1122 3396 1194 οὐρανῶν
3439 1123 3666 1194 βασιλείαν
3693 1129 3766 1188 τοῖς

2293 1211 2567 1283 κλάσματι
2596 1211 2763 1283 ἀρτου
2797 1213 2934 1284 μετὰ
2963 1213 3197 1278 πίστεως
3229 1213 3412 1268 τοῦτον
3437 1211 3634 1285 θρέψασι
3660 1217 3767 1286 χαρί-

2292 1303 2471 1368 ζεται·
2500 1304 2594 1358 καὶ
2623 1305 2879 1377 ποτήριον
2907 1305 3099 1370 ὓδατος
3121 1305 3329 1380 ψυχροῦ
3366 1306 3440 1379 μὴ
3461 1308 3650 1376 ἄμισθον
3673 1305 3765 1362 εἶναι

2292 1397 2422 1467 παρ’
2466 1395 2614 1468 αὐτῷ
2647 1395 2881 1451 πειθέτω
2926 1415 2984 1451 σε
3026 1400 3119 1452 καὶ
3165 1401 3311 1470 χήρα
3349 1398 3434 1452 διά
3469 1400 3594 1453 δυοῖν
3625 1400 3765 1454 ὀϐολῶν

2291 1489 2596 1561 καταϐολῆς
2625 1489 3013 1561 ἐπαινουμένη.
3046 1490 3169 1557 Πῶς
3197 1487 3310 1559 οὖν,
3347 1493 3490 1564 φησὶ,
3518 1493 3765 1564 δανείσωμεν

2290 1581 2531 1654 Χριστῷ,
2559 1580 2680 1652 Θεῷ
2701 1598 2758 1635 τε
2790 1582 2884 1635 καὶ
2907 1583 3142 1636 ἀνενδεεῖ
3164 1583 3303 1647 Ι5ντι,
3339 1586 3436 1638 κάν
3469 1587 3565 1647 τοῖς
3587 1585 3765 1656 οὐρανοῖς

2287 1675 2366 1746 τῷ
2395 1673 2571 1746 Πατρὶ
2601 1673 3040 1746 συγκαθημένῳ;
3074 1675 3178 1730 Τὸν
3207 1677 3437 1747 Χριστὸν
3461 1679 3764 1749 (ἀποκρίνεταί

2291 1785 2373 1820 σοι
2409 1769 2437 1820 ὁ
2466 1767 2524 1819 ἐν
2564 1765 2713 1837 αὒτῷ
2749 1766 3036 1839 θεολογῶν)
3067 1768 3163 1822 καὶ
3210 1769 3446 1834 σκέπεις,
3489 1772 3570 1823 καὶ
3593 1770 3762 1842 τρέφεις,

2287 1859 2383 1913 καὶ
2414 1857 2675 1924 ποτίζεις,
2698 1858 2789 1912 καὶ
2815 1859 2995 1930 πάσης
3019 1860 3320 1931 θεραπείας
3341 1861 3516 1927 ἀξιοῖς1
3543 1861 3691 1915 συνιὼν
3710 1864 3761 1926 ιιι

2287 1950 2381 2004 ἐπὶ
2407 1950 2623 2020 πτωχὸν
2651 1951 2745 2040 atati.
2771 1951 2999 2023 πένητα,
3030 1952 3128 2006 καὶ
3154 1953 3305 2008 τόνδε
3327 1953 3414 2008 τὸν
3435 1955 3608 2026 τρόπον
3623 1953 3761 2020 δεξιού-

2291 2059 2468 2113 μενος.

2289 2227 2387 2282 1Ξ1
2420 2225 2618 2296 nam
2645 2227 2995 2296 προσῆλθεν
3012 2269 3026 2294 ,
3055 2225 3158 2282 εἶτ’
3199 2228 3432 2300 ἀπῆλθε
3453 2229 3528 2300 μὴ
3554 2228 3713 2299 τυχών.

2358 2317 2544 2373 Ταῦτα
2591 2320 2688 2390 μὲν
2725 2321 2870 2391 σαφῆ
2917 2319 3017 2393 τὴν
3055 2321 3307 2375 ἐπίλυσιν
3356 2321 3462 2393 ἔχει
3494 2321 3552 2374 τὰ
3580 2321 3696 2391 ῥητὰ,
3719 2321 3757 2372 οὖ

2288 2410 2545 2483 περιττὸν
2589 2411 2645 2464 δὲ
2689 2411 2928 2484 ἠγοῦμαι
2976 2412 3170 2486 μικρὸν
3207 2414 3266 2468 ἐν
3308 2415 3482 2478 αὐτοῖς
3509 2413 3757 2484 ἀδολεσχεῖν

2286 2503 2439 2557 ἔσται
2461 2502 2566 2576 γὰρ
2596 2504 2723 2569 ἴσως
2753 2507 2866 2569 τοῖς
2891 2504 3166 2570 δυσπιθῶς
3196 2505 3274 2578 (5)
3306 2507 3571 2562 ἀκούουσιν
3596 2506 3759 2574 ὠφέλεια

2287 2595 2347 2649 τὸ
2385 2595 2515 2667 περὶ
2552 2594 2756 2649 τούτων
2795 2596 3192 2668 πολυρημονεῖν
3213 2613 3228 2626 ·
3265 2599 3359 2652 καὶ
3391 2597 3490 2672 γὰρ
3517 2597 3612 2651 δέον
3635 2598 3760 2649 πεπεῖ-

2290 2687 2434 2752 σθαι,
2482 2687 2558 2750 ὡς
2595 2687 2655 2741 τὸ
2694 2686 2816 2740 καθ’
2846 2689 3002 2758 ἡμῶν
3046 2690 3218 2759 κρῖμα
3246 2691 3407 2760 ἡμεῖς
3447 2690 3582 2744 αὐτοὶ
3615 2689 3759 2747 ἑαυτοῖς

2289 2779 2778 2853 προετοιμάζομεν.
2811 2781 2936 2844 Πῶς
2967 2781 3061 2834 καὶ
3086 2782 3192 2834 τίνι
3222 2783 3442 2854 τρόπῳ;
3471 2782 3662 2853 Πένητός
3686 2796 3756 2849 μοι,

2289 2871 2452 2942 φησὶν
2477 2873 2506 2925 ό
2535 2869 2875 2935 διδάσκαλος,
2906 2872 3343 2942 προσερχομένου
3373 2871 3460 2925 καὶ
3489 2870 3757 2941 timuerim;

2287 2963 2653 3036 ἐπιδεομένου,
2684 2959 2783 3018 εἶτ’
2817 2963 3191 3035 ἀνελεημόνως
3230 2965 3661 3036 ἀποπεμπομένου,
3683 2963 3757 3023 iis;

2286 3057 2546 3128 παραυτά
2582 3057 2674 3111 καὶ
2709 3057 2870 3126 φόϐος
2904 3056 3270 3128 παρίσταται,
3309 3060 3382 3130 μή
3417 3075 3534 3111 ποτε
3557 3057 3674 3124 κάγὼ
3695 3051 3754 3105 τοῦ

2289 3148 2383 3202 σοῦ
2429 3148 2611 3213 ἐλέους
2660 3148 2880 3220 ἐπιδεὴς
2928 3151 3386 3222 προσερχόμενος,
3426 3149 3615 3220 Χριστὲ,
3657 3148 3755 3206 κενὸς

2287 3241 2632 3312 ἀποπεμφθῶ
2675 3240 2814 3295 κατά
2861 3244 2985 3304 τοὺς
3025 3243 3125 3314 τῆς
3167 3245 3310 3316 ἐμῆς
3349 3241 3678 3313 ἀπανθρωπίας
3701 3239 3754 3289 v6-

2297 3349 2452 3403 μους,
2472 3334 2688 3404 χρῄζων
2720 3333 2817 3403 μὲν
2846 3338 3030 3405 τυχεῖν
3063 3335 3484 3407 φιλανθρωπίας,
3499 3331 3750 3402 ἀστοχῶνδέ·

2285 3423 2431 3487 τινος
2460 3423 2680 3489 ἓνεκεν;
2713 3425 2795 3477 ὅτι
2831 3424 3128 3496 δυνάμενος
3173 3425 3357 3481 δοῦναι
3398 3425 3470 3496 τῷ
3514 3424 3670 3478 ἑπιδειῖ
3697 3421 3756 3471 τὸν

2285 3515 2433 3568 ἔλεον
2455 3553 2469 3578 ,
2502 3516 2596 3570 καὶ
2634 3515 2706 3588 μὴ
2741 3515 2914 3582 διδοὺς
2935 3558 2952 3584 ,
2993 3517 3108 3582 πῶς
3145 3518 3448 3589 ἐπιδεηθεὶς
3487 3515 3621 3578 αὐτὸς
3653 3509 3755 3571 αὗθκ

2285 3608 2541 3680 πρόσειμι
2573 3607 2790 3674 λαϐεῖν;
2828 3609 2965 3681 πρὸς
2995 3610 3234 3682 Χριστοῦ
3283 3613 3391 3684 γὰρ
3421 3609 3622 3680 εἰληφὼς
3642 3608 3667 3677 ἢ
3691 3603 3753 3657 τό·

2285 3701 2410 3768 θεν;
2445 3701 2498 3755 τί
2531 3701 2640 3774 γὰρ
2669 3701 2843 3772 ἔχεις,
2874 3702 2902 3756 ὃ
2929 3703 3028 3756 ούκ
3057 3702 3248 3768 ἔλαϐες
3273 3705 3428 3774 δῆλον
3463 3705 3535 3757 ὃτι
3570 3701 3666 3771 παρ’
3692 3698 3754 3750 αξι-

2283 3789 2408 3856 106;
2445 3789 2642 3845 Λαϐὼν
2691 3787 2806 3854 οὖν,
2850 3790 2944 3845 καὶ
2981 3791 3070 3844 διά
3115 3790 3208 3844 τοῦ
3260 3791 3483 3862 πένητος
3523 3782 3754 3856 δοκιμασίις

2283 3881 2441 3952 χάριν
2475 3881 2739 3954 αἰτηθεὶς,
2774 3883 2868 3936 καὶ
2899 3883 3260 3957 ἀγνωμοσύνῃ
3293 3885 3367 3956 μὴ
3396 3884 3565 3946 διδοὺς,

2283 3975 2364 4029 λιν
2397 3975 2639 4048 λήψομαι
2662 3993 2676 4042 ;
2705 3979 2734 4030 ὁ
2765 3977 2874 4049 γὰρ
2911 3977 2988 4048 τῷ
3017 3979 3086 4030 τὰ
3112 3978 3297 4032 πάντα
3323 3979 3502 4032 διδόντι
3519 3974 3662 4030 δοῦναι
3679 3990 3752 4024 κνι-

2285 4069 2631 4140 πνευόμενος,
2668 4069 2832 4141 μηδὲν
2873 4069 3138 4135 ἐλπιζέτω
3167 4070 3354 4125 λαϐεῖν
3386 4070 3492 4140 (6)’
3529 4064 3751 4121 τούναντίον

2285 4161 2384 4232 μὲν
2416 4159 2511 4216 οὖν
2543 4164 2639 4216 καὶ
2666 4163 2702 4217 ἀ
2729 4163 2876 4216 δοκεῖ
2905 4163 3071 4233 ἔχειν,
3099 4162 3442 4236 ἀφαιρεῖσθαι
3474 4157 3748 4232 προσδοκάτω.

2286 4339 2387 4396 125
2414 4338 2678 4408 Πένητα-
2703 4340 2922 4408 ἁνδρὸς
2948 4338 3128 4394 οὐδὲν
3156 4341 3598 4410 ἀσφαλέστερον.

2365 4450 2578 4522 Ἐπειδὴ
2610 4450 2794 4504 πολλοὶ
2829 4449 2927 4522 τὴν
2957 4449 3146 4504 πενίαν
3175 4449 3250 4513 ὼς
3276 4449 3532 4504 ἀπευκτὸν
3558 4444 3632 4498 καὶ
3653 4440 3748 4510 μάλα

2287 4543 2455 4597 κακὸν
2483 4544 2577 4597 καὶ
2614 4539 2981 4615 ἀποτρόπαιον
3019 4541 3296 4613 ἡγοῦνται,
3328 4542 3392 4596 δι’
3419 4542 3446 4594 ὃ
3477 4540 3660 4610 μάλιστα
3687 4527 3747 4582 nl

2281 4637 2394 4698 τοῖς
2431 4634 2706 4705 δεομένοις
2743 4635 3004 4706 ἐπαρκεῖν
3028 4635 3126 4687 οὐκ
3158 4633 3418 4699 ἐθέλουσι,
3443 4633 3532 4703 τὴν
3558 4624 3746 4694 πτωχείαν

2281 4726 2709 4790 ὑποπτεύοντες,
2746 4728 2884 4780 πάνυ
2925 4725 3102 4795 σοφῶς
3147 4728 3174 4778 ὁ
3217 4725 3520 4798 θεορῤήμων
3557 4716 3745 4772 κάκείνων

2278 4818 2377 4888 τὴν
2429 4817 2634 4870 ἔνδειαν
2682 4817 3107 4889 παραμυθεῖται,
3161 4817 3255 4872 καὶ
3293 4817 3399 4870 τῶν
3439 4811 3658 4866 πλουσίων
3681 4802 3743 4868 τὴν

2282 4909 2644 4981 μικροψυχίαν
2675 4910 2905 4976 ἑξιᾶται,
2935 4909 3189 4980 Πένητος,
3223 4909 3412 4977 λέγων,
3447 4902 3606 4973 ἀνδρὸς
3624 4899 3742 4960 ἀσφα-

2278 5000 2530 5073 λέστερον
2564 5001 2736 5066 οὐδὲν,
2767 5000 3112 5072 ἀφοϐώτερον
3142 5001 3174 5072 ἢ
3205 4999 3578 5066 ἀκινδυνότερον
3613 4985 3740 5042 οὐδέν’

2279 5094 2337 5146 οὺ
2365 5093 2500 5164 πρὸς
2531 5094 2790 5164 χρήματα
2814 5093 2922 5164 γάρ
2951 5092 2985 5164 ἢ
3013 5094 3286 5164 κτήματα.
3321 5093 3352 5163 ἢ
3383 5085 3566 5158 κτηνῶν
3589 5077 3740 5164 ita“:

2278 5187 2312 5258 ἢ
2349 5163 2696 5258 ἀνδραπόδων
2741 5187 2843 5258 δρᾷ
2892 5163 3368 5257 περιουσιασμοὺς,
3419 5181 3479 5234 τὰ
3513 5177 3660 5250 ῥέοντα
3684 5163 3742 5258 κᾲὶ

2280 5257 2479 5348 τρόπον
2501 5277 2709 5349 ὀνείρου
2736 5257 3149 5348 παρατρέχοντα
3177 5277 3270 5330 καὶ
3299 5272 3602 5341 ἀπολλύμενα
3620 5279 3633 5295 ο
3657 5257 3743 5327 πρὸς

2281 5369 2440 5438 μόνον
2465 5367 2520 5421 δέ
2548 5369 2640 5422 τὸν
2669 5369 2802 5422 Θεὸν
2825 5370 3152 5434 ἀποσκοπεῖ,
3184 5370 3274 5422 τὸν
3303 5369 3443 5427 ϐντα,
3465 5365 3542 5417 τὸν
3568 5358 3740 5430 μένοντα.

2274 5463 2365 5516 τὸν
2399 5462 2634 5534 χρηστὸν
2665 5463 2824 5533 φύσει
2843 5479 2857 5493 ⁸
2892 5463 3030 5536 πρὸς
3065 5463 3254 5517 τοῦτον
3287 5463 3370 5516 ἀεὶ⁵
3397 5459 3551 5519 νεύει,
3575 5443 3743 5519 γνησίωῖ

2271 5637 2594 5713 νοηθῄσεται
2622 5641 2716 5692 καὶ
2743 5639 2936 5713 οὓτως·
2964 5633 3143 5713 ᾯτινι
3168 5639 3300 5713 γὰρ,
3316 5629 3552 5713 ἦγουνκτεῷ
3571 5615 3738 5713 Χξξῖέῇς

2271 5700 2373 5762 ubi
2405 5700 2572 5762 ἐδωκέ
2599 5727 2695 5782 τις
2732 5700 3105 5782 ἐλεημοσύνην
3123 5751 3155 5782 ,ν
3179 5700 3586 5782 μῆδέξέλπιζέτω.

2271 5783 2454 5852 Tuis“
2478 5781 2610 5852 παρ’
2639 5769 3172 5852 ἐξίείνίὶυῗκῆγουνέτοῦ
3185 5769 3460 5852 ἐλεηθῇναι
3481 5769 3586 5841 παρ’
3608 5769 3738 5816 αὑτων

2273 5845 2666 5922 ῖνᾱγράφτῇται
2694 5852 2755 5905 τὸ
2784 5845 2828 5921 ᾧ
2867 5845 2956 5905 δίᾶ
2993 5851 3084 5906 τοῦ
3115 5871 3160 5906 ω
3203 5845 3442 5925 μεγάλου.

2609 6015 2664 6048 ο
