3818 6506
92 427 175 484 817
1050 431 1118 488 IN
1154 433 1468 493 CARMINA
1506 439 1785 497 ARCANA
1828 442 1885 497 S.
1921 442 2268 500 GREGORII.

92 544 224 596 αὐτὸν
255 546 487 615 προορᾷ,
523 546 648 616 παρ’
668 538 729 600 οὗ
751 545 849 617 τὴν
872 546 1060 619 ὀλίγην
1089 551 1148 604 ὲν
1173 551 1385 624 σώματι
1412 554 1641 626 ἠλπισεν

92 636 457 706 οἰκονομεῖσθαι
497 638 662 711 ζωὴν,
710 640 805 693 καὶ
845 642 977 711 παρ’
1015 636 1075 697 οὗ
1115 644 1213 716 τὴν
1254 646 1314 698 ὲν
1365 646 1642 720 Πνεύματι

93 727 285 789 ιίωνίως
316 728 504 799 ζήσειν
536 731 832 803 προσδοκᾷ.
868 734 941 787 Σὺ
974 733 1031 787 δὲ
1061 735 1090 788 ὁ
1138 735 1353 809 πλούτῳ
1378 741 1585 811 κομῶν,
1614 742 1643 794 ὁ

94 820 193 869 πίει
218 816 309 869 τοῦ
341 820 549 889 κόσμου
577 824 693 883 τοῖς
721 822 948 891 ἀγαθοῖς
978 825 1454 898 ὲνευθηνούμενος,
1484 832 1514 884 δ
1546 830 1644 902 μὲ-

90 926 168 977 γας
191 909 277 960 καὶ
301 909 472 974 πολὺς
498 912 557 964 ἐν
584 912 661 981 τῷ
697 912 799 985 βίῳ
830 917 944 978 τοῖς
972 915 1187 980 πολλοῖς
1210 917 1318 971 τῶν
1340 919 1643 991 ἀνθρώπων

90 1000 428 1071 ¹ιομιζόμενος,
461 1004 761 1071 ἀγκαλίζου
782 1006 874 1060 τὸν
897 1008 1095 1079 μικρὸν
1115 1011 1303 1063 τοῦτον
1324 1013 1416 1065 καὶ
1436 1013 1645 1085 πένητα

92 1094 160 1145 καὶ
195 1094 426 1163 πτωχὸν,
457 1099 676 1167 τρέφων
716 1100 812 1153 καὶ
842 1100 1062 1156 σκέπων
1103 1104 1198 1157 καὶ⁵
1231 1106 1407 1175 πάσης
1463 1105 1644 1173 ξενίας

94 1188 370 1257 μεταδιδοὺς
408 1190 508 1243 καὶ
544 1190 845 1263 θεραπείας
868 1232 884 1257 ,
926 1194 1003 1259 ὡς
1042 1196 1205 1251 αὑτὸν
1254 1198 1643 1271 ὑποδεχόμενος

92 1283 158 1334 τὴν
193 1280 445 1353 Χριστὸν,
494 1285 589 1337 καὶ
614 1282 704 1337 διά
744 1285 839 1338 τοῦ
872 1286 1154 1358 ὁρωμένου
1191 1289 1421 1361 πένητος
1448 1290 1538 1344 τὸν
1586 1293 1645 1347 ὲν

90 1370 205 1441 αὐτῷ
228 1373 614 1445 κεκρυμμένον
640 1375 849 1447 Ἰησοῦν
862 1381 975 1442 τοῖς
995 1381 1285 1451 κρυφαίοις
1311 1383 1404 1436 τοῦ
1432 1384 1525 1438 σοῦ
1548 1385 1641 1440 νοῦ

90 1464 308 1535 θαλάμοις
334 1465 425 1518 διὰ
470 1466 707 1532 πίστεως
734 1470 1159 1543 είσοικιζόμενος
1202 1474 1296 1528 καὶ
1324 1475 1640 1548 ἐνιδρυόμε-

90 1570 171 1616 νοςσ
204 1556 289 1607 καὶ
317 1555 518 1629 ὥσπερ
550 1559 579 1610 ὁ
608 1560 763 1625 ἀετὸς
788 1602 804 1625 ,
842 1554 987 1615 κατά
1022 1563 1114 1618 τὸν
1150 1566 1296 1636 ἱερὸν
1329 1566 1508 1635 λόγον,
1545 1566 1645 1640 τὴν

92 1646 218 1699 αὑτοῦ
262 1650 554 1714 σκευάςων
600 1652 858 1719 νοσσιὰν,
890 1655 986 1708 καὶ⁹
1025 1658 1136 1719 τοῖς
1173 1660 1413 1721 νεοσσοῖς
1447 1661 1643 1712 ἐπιπο-

89 1736 196 1789 θῶν·
235 1738 374 1791 οὕτω
406 1740 508 1793 καὶ
541 1742 607 1793 σὺ
640 1742 807 1806 πολὺς
835 1743 1098 1815 ὑπάρχων
1132 1749 1197 1817 τῇ
1233 1748 1521 1820 περιουσίᾳ
1557 1743 1645 1801 οἷα

274 1829 429 1900 ὄρνιν
476 1831 749 1901 ἀμφέπων
784 1834 876 1888 τὸν
906 1835 1113 1907 πένητα
1145 1838 1239 1891 καὶ
1268 1840 1642 1910 περισκέπων,

88 1922 129 1972 ἐν
154 1920 284 1993 αὐτῷ
308 1922 577 1995 εὑρήσεις
606 1922 862 1996 Χριστόν.

92 2056 165 2112 B9
188 2057 495 2125 Κρεῖσσον
523 2061 702 2115 πενία
739 2061 827 2132 μὴ
862 2061 1098 2131 δικαίας
1130 2034 1420 2135 κτήσεως.

138 2196 282 2250 Πάλιν
318 2198 421 2251 καὶ
464 2196 556 2251 διά
593 2199 704 2252 τῶν
748 2202 1127 2273 προκειμένων
1163 2202 1256 2257 τὸν
1301 2204 1510 2277 πένητα
1544 2204 1645 2276 μὲν

88 2289 375 2359 παρακαλεῖ,
416 2292 521 2345 τοῦ
563 2293 818 2347 πλουσίου
850 2294 908 2347 δὲ
940 2295 1295 2350 καταστέλλει
1324 2296 1422 2368 τὴν
1450 2296 1643 2369 ὀφρὺν,

88 2386 295 2451 κρεῖσσον
320 2382 474 2440 εἷναί
502 2404 557 2439 τι
584 2387 757 2457 λέγων
780 2388 971 2459 χρῆμα
990 2388 1091 2459 τὴν
1118 2388 1309 2443 πενίαν
1332 2387 1427 2442 τοῦ
1453 2389 1515 2455 ἐξ
1534 2389 1648 2443 ἀδι-

89 2478 181 2539 κίας
203 2479 597 2550 συνεστηκότος
629 2478 882 2545 πλούτου,
915 2479 1105 2553 ὥσπερ
1133 2499 1196 2550 γε
1230 2481 1324 2535 καὶ
1360 2481 1515 2537 νόσον
1544 2481 1649 2536 σώ-

92 2589 220 2639 ματος
244 2572 448 2643 βελτίω
472 2590 533 2627 τε
563 2568 702 2628 εἶναι
732 2574 811 2646 τῷ
836 2576 1079 2630 νοσοῦντι
1113 2578 1207 2631 καὶ
1248 2577 1383 2631 Θεοῦ
1416 2578 1647 2652 κρίμασι

94 2664 432 2737 πιιδευομένῳ
478 2666 929 2740 λυσιτελεστέραν
972 2670 1152 2741 κακῆς
1193 2671 1408 2738 εὐεξίας
1445 2689 1507 2726 τε
1553 2674 1648 2726 καὶ

91 2757 276 2824 ὑγιείας.
310 2761 418 2825 Τίς
456 2761 502 2813 δ’
547 2762 613 2816 ἂν
660 2763 695 2833 ή
740 2762 885 2835 κακὴ
919 2765 1088 2817 νοοῖτο
1132 2764 1345 2832 εὐεξία,
1384 2766 1417 2837 ἢ
1454 2767 1487 2838 ή
1533 2768 1645 2830 τοῖς

88 2853 355 2922 ἀσελγείαις
392 2856 494 2909 καὶ
535 2857 874 2927 μιαιφονίαις
892 2856 927 2927 ἢ
950 2856 1187 2922 ἀδικίαις
1211 2858 1462 2929 χαίρουσι
1493 2874 1637 2931 παρ-

89 2947 317 3019 ιπομένης
339 2949 464 3003 Καὶ
490 2948 599 3021 γὰρ
622 2947 701 3019 τῷ
731 2948 798 3002 ἐκ
822 2948 1085 3013 σιτοδείας
1117 2950 1215 3020 μὲν
1243 2950 1485 3022 ἢπενίας
1506 2951 1649 3023 λιμῷ

88 3037 220 3102 οὐδεὶς
249 3040 325 3111 τῷ
366 3040 595 3113 Θανάτῳ
633 3042 955 3113 περιπίπτει
984 3042 1084 3114 τῆς
1121 3043 1300 3114 ψυχῆς
1321 3082 1336 3107 ,
1371 3042 1487 3096 ἀλλ’
1526 3045 1647 3098 οὐδὲ

89 3122 144 3192 τῷ
166 3126 249 3179 τοῦ
280 3127 547 3199 σώματος
576 3130 801 3201 ῥᾳδίως,
841 3133 959 3195 τοῖς
983 3131 1330 3203 ἁμαρτωλοῖς
1366 3132 1423 3187 δὲ
1452 3134 1546 3187 καὶ
1570 3134 1650 3205 τῷ

87 3218 175 3273 ὄντι
196 3225 383 3286 κακοῖς
417 3222 648 3286 Θάνατος
672 3222 1013 3295 καθέστηκεν
1039 3226 1072 3295 ή
1103 3224 1367 3297 ἁμαρτία.

88 3356 166 3411 133
194 3359 280 3423 Τίς
310 3359 397 3430 (7)
430 3358 735 3430 δεσπότης
772 3361 810 3430 ἢ
854 3360 1096 3428 δοῦλος,
1131 3362 1170 3431 ἠ
1219 3362 1423 3431 φαύλη
1454 3362 1604 3434 τομή
1632 3380 1651 3429 ἱ

140 3514 559 3586 Γνωμοδοτήσας
604 3518 634 3569 ὁ
680 3516 1122 3586 φιλοσοφώτατος
1168 3518 1237 3572 τὰ
1286 3518 1413 3589 περὶ
1461 3519 1652 3585 πενίας

87 3609 159 3661 καὶ
184 3608 419 3661 πλούτου
453 3607 847 3677 εὐαγγελικῷς,
887 3608 964 3672 ὡς
1003 3608 1193 3680 ἐχρῆν,
1233 3608 1327 3661 καὶ
1357 3608 1649 3678 θεοσόφως,

88 3702 189 3772 περὶ
212 3701 542 3763 δεσποτείας
573 3700 759 3754 λοιπὸν
788 3703 885 3755 καὶ
913 3701 1158 3765 δουλείας
1185 3700 1269 3771 τῷ
1298 3700 1652 3772 πνευματικῷ

88 3793 205 3863 νόμῳ
226 3796 319 3847 καὶ
343 3793 523 3847 ταῦτα
544 3793 836 3865 διακρίνει,
874 3795 973 3859 Τίς
1001 3796 1116 3848 ἔστι
1143 3794 1432 3865 δεσπότης,
1456 3793 1651 3862 λέγων,

87 3886 149 3950 τίς
172 3886 224 3941 δὲ
247 3886 399 3942 κατὰ
424 3887 588 3956 φύσιν
610 3886 831 3954 δοῦλοςς
856 3888 971 3943 Ούκ
995 3887 1218 3959 ἐκτίσθη
1240 3887 1527 3959 δεσπότης,
1552 3886 1653 3940 οὐκ

88 3978 279 4052 ὶκτίσθη
314 3978 510 4044 δοῦλος
538 3980 634 4034 ἀπ’
663 3981 837 4052 ἀρχῆς
859 3995 873 4009 ο
907 3979 1048 4051 αὕτη
1085 3979 1263 4051 φαύλη
1294 3979 1467 4051 τομὴ,
1509 3979 1652 4050 αὕτη

87 4068 321 4144 διαίρεσις
355 4074 679 4145 τυραννική.
709 4073 821 4129 Καὶ
853 4073 962 4145 γὰρ
1002 4072 1078 4137 ὡς
1106 4067 1186 4136 εἷς
1219 4074 1354 4126 πᾶσι
1395 4072 1646 4144 πλάστης

87 4162 280 4231 ὁμοίως,
327 4160 414 4229 εἷς
453 4167 590 4220 πᾶσι
631 4167 818 4237 νόμος,
866 4166 1051 4237 κρίσις
1092 4166 1193 4236 μία
1228 4167 1321 4219 καὶ
1350 4167 1447 4236 μία
1492 4166 1653 4235 φύσις

89 4254 263 4311 ἇπασιν
302 4257 617 4329 ἀνθρώποις
662 4260 694 4330 ἡ
736 4259 907 4330 αὐτή⁸
944 4257 1088 4312 οὕτω
1120 4258 1215 4313 καὶ
1241 4258 1418 4313 δοῦλοι
1452 4258 1653 4323 πάντες

87 4349 261 4417 ὁμοίως
286 4352 571 4423 ἄνθρωποι
608 4352 699 4422 ὑφ’
728 4353 808 4405 ἐνὶ
839 4353 1043 4423 Ποιητῇ
1073 4351 1168 4405 καὶ
1213 4352 1461 4425 Δεσπότῃ
1502 4368 1653 4405 τετα-

89 4441 259 4510 γμένοι
283 4443 365 4515 τῷ
393 4443 534 4515 Θεῷ.
570 4444 643 4497 Σὺ
673 4440 768 4496 οὖν
787 4484 801 4507 ,
831 4444 1038 4513 φησὶνὸ
1065 4441 1381 4512 φιλοσοφίας
1411 4442 1644 4515 ἀρίστης

88 4534 165 4585 καὶ
199 4536 460 4607 ἀληθείας
488 4536 663 4603 λόγων
700 4534 955 4607 ἐραστὴς,
993 4535 1098 4588 ὑπὸ
1130 4533 1239 4587 τῶν
1268 4533 1652 4605 περιεστώτων

86 4627 289 4681 οἰκετῶν
322 4626 790 4700 ύπηρετούμενος,
838 4627 912 4699 μὴ
952 4626 1164 4698 σεαυτῷ
1195 4626 1292 4696 μὲν
1319 4626 1419 4697 τὴν
1457 4626 1651 4681 δεσπο-

86 4719 237 4787 τείαν,
272 4722 387 4784 τοῖς
423 4721 481 4774 δὲ
519 4720 619 4791 τὴν
665 4719 908 4773 δουλείαν
949 4718 1248 4791 ἀφορίζων,
1291 4719 1653 4790 ὑπερφρονεῖν

86 4814 201 4883 παρ’
242 4815 271 4868 ὃ
302 4814 386 4867 δεῖ
429 4814 650 4883 φρονεῖν
698 4813 1101 4883 ἐπιτολμήσας,
1152 4811 1294 4865 κατά
1334 4810 1426 4864 τοῦ
1470 4810 1650 4865 κοινοῦ

88 4909 337 4961 Δεσπότου
366 4906 477 4960 τῶν
510 4906 648 4959 ὅλων
682 4905 1012 4977 ἀπονοηθῇς·
1050 4904 1185 4959 ἀλλά
1225 4904 1441 4976 φρονῶν
1474 4906 1555 4967 εἰς
1594 4902 1654 4957 τὸ

91 5003 371 5071 σωφρονεῖν
419 5001 517 5054 καὶ
562 4997 853 5069 γινώσκειν
903 4996 1127 5063 ἑαυτὸν,
1168 4996 1380 5059 πάντας
1426 4995 1482 5048 δὲ
1531 4995 1659 5059 τοὺς

91 5094 547 5167 ὑπηρετουμένους
578 5112 658 5148 σοι
698 5091 1017 5158 συνδούλους
1052 5091 1146 5145 καλ⁸
1171 5090 1314 5145 κατά
1342 5089 1505 5161 φύσιν
1530 5091 1661 5161 ὁμο-

91 5186 263 5255 τίμους
291 5188 455 5261 ὀρῶν,
492 5189 777 5259 συνεργοῖς
815 5185 1057 5257 κέχρησο
1080 5184 1291 5248 τούτοις
1314 5183 1408 5237 καὶ
1444 5181 1660 5236 συνδια-

91 5279 252 5345 κόνοις
293 5284 431 5353 πρὸς
462 5283 563 5353 τὴν
593 5281 688 5336 τοῦ
732 5278 1066 5334 Δεσποτικοῦ
1112 5277 1417 5349 θελήματος
1455 5276 1660 5347 ἐκπλή-

94 5387 263 5442 ρωσιν.
312 5376 403 5447 Μὴ
447 5370 541 5429 οὖν
590 5374 652 5428 τὸ
696 5372 917 5443 εὐγενὲς
965 5370 1061 5425 τοῦ
1107 5370 1336 5443 τρόπου,
1383 5368 1477 5423 καὶ
1518 5368 1658 5423 κατά

91 5465 275 5534 πρᾶξιν
307 5468 341 5538 ἢ
384 5466 622 5536 θεωρίαν
662 5465 1003 5537 μεγαλοφυὲς
1038 5464 1133 5517 καὶ
1168 5462 1371 5534 τίμιον,
1411 5461 1518 5535 πρὸ
1559 5460 1658 5531 τῆς

90 5554 191 5607 ἀπὸ
210 5556 297 5609 τοῦ
318 5550 572 5627 σώματος
595 5556 802 5620 λύσεως
827 5555 923 5609 καὶ
948 5552 1055 5627 πρὸ
1072 5552 1166 5608 τοῦ
1188 5550 1545 5622 κατανικῆσαι
1565 5548 1657 5602 τὸν

89 5644 282 5717 κόσμον
308 5648 759 5719 ἐνδεικνύμενος,
794 5647 889 5703 καὶ
924 5645 1172 5718 ἀκαίρως
1211 5642 1537 5714 ύψούμενος,
1578 5641 1659 5705 είς

88 5743 403 5800 ταπείνωτιν
443 5744 837 5815 ἀποστραφῇς*
868 5740 982 5795 ἀλλ’
1018 5741 1149 5795 ὅταν
1177 5738 1285 5793 τῶν
1321 5755 1381 5792 τε
1419 5752 1662 5808 σωματι-

3224 442 3333 500 818

1750 558 1840 616 det
1868 574 1900 613 a
1922 576 2034 630 quo
2058 575 2228 630 pauca
2260 565 2502 631 speravit
2536 573 2634 629 pro
2677 572 2906 628 corpore
2944 558 3201 615 distribui
3236 575 3333 615 ne-

1746 656 1981 708 cessaria
2042 653 2188 719 vitm,
2224 659 2278 707 et
2331 652 2443 706 vita
2504 651 2560 706 in
2595 652 2803 723 Spiritu
2866 659 3071 707 aeterna
3141 650 3335 707 fruitu-

1747 760 1868 799 rum
1902 760 1961 800 se
1983 752 2285 814 exspectat.
2311 742 2394 798 Tu
2421 757 2551 799 vero
2579 743 2784 797 divitiis
2814 742 3023 808 fruens,
3072 743 3331 797 omnibus

1746 837 1936 893 mundi
1962 838 2122 893 bonis
2147 837 2457 901 abundans,
2492 850 2727 905 magnus
2748 843 2803 890 et
2834 836 3041 891 multus
3075 835 3133 889 in
3156 834 3267 889 vita
3299 850 3331 888 a

1750 928 2024 999 plerisque
2070 926 2387 982 hominibus
2456 926 2800 989 aestimatus,
2854 925 2908 979 in
2954 925 3111 980 ulnas
3145 924 3333 994 accipe

1751 1021 2036 1092 parvulum
2080 1020 2283 1087 istum,
2326 1034 2620 1090 pauperem
2668 1029 2722 1073 et
2762 1024 2990 1090 egenum
3042 1020 3328 1081 nutriens.

1752 1113 2005 1183 Operiens
2032 1122 2087 1167 et
2121 1114 2271 1168 omni
2297 1113 2676 1183 hospitalitate
2695 1114 2986 1167 cumulans
3024 1121 3189 1183 atque
3217 1129 3335 1169 ser-

1751 1206 1905 1271 vitio,
1938 1206 2096 1277 quasi
2124 1206 2305 1278 ipsum
2334 1207 2608 1277 recipiens
2633 1206 2931 1273 Christum,
2947 1206 3013 1263 'et
3058 1222 3155 1276 per
3187 1206 3333 1261 hunc

1750 1315 1914 1369 quem
1962 1298 2117 1355 vides
2168 1314 2464 1369 pauperem
2521 1300 2784 1355 latentem
2832 1299 2888 1353 in
2934 1312 3000 1354 eo
3040 1296 3229 1353 Jesum
3277 1298 3333 1353 in

1754 1391 1938 1448 cordis
1982 1392 2060 1445 tui
2098 1392 2397 1462 penetralia
2436 1406 2534 1461 per
2577 1391 2737 1446 ﬁdem
2781 1391 3022 1461 hospitio
3058 1390 3239 1460 recipe
3280 1397 3337 1445 et

1751 1486 2011 1541 colloca:
2054 1493 2109 1540 et
2141 1486 2283 1541 sicut
2330 1486 2535 1555 aquila,
2582 1485 2739 1555 juxta
2779 1494 3029 1540 sanctum
3080 1484 3329 1547 verbmn,

1752 1580 1933 1649 pullos
1984 1595 2119 1635 suos
2166 1580 2372 1635 mulcet
2418 1579 2664 1649 ipsisque
2729 1578 2998 1648 providet,
3043 1577 3123 1632 sic
3175 1586 3229 1631 et
3270 1588 3331 1630 tu

1706 1705 1719 1718 ι
1748 1671 1954 1727 multus
1988 1671 2435 1741 possessionibus
2463 1671 2737 1727 exsistens
2787 1676 3051 1739 tanquam
3092 1669 3328 1724 debilem

1748 1777 1901 1818 avem
1949 1777 2153 1818 curans
2210 1776 2506 1833 pauperem
2532 1767 2587 1813 et
2612 1756 2804 1817 fovens
2832 1760 2887 1815 iu
2919 1762 3039 1833 ipso
3086 1760 3333 1815 invenies

1748 1854 2052 1909 Christum.

1752 2072 1854 2127 129
1898 2070 2091 2127 Melior
2114 2081 2189 2127 est
2220 2081 2506 2141 paupertas
2537 2073 2738 2143 injusta
2770 2071 3113 2141 possessione.

1822 2205 2060 2262 Rursum
2093 2215 2145 2261 et
2170 2223 2266 2278 per
2281 2207 2571 2278 praesentia
2586 2223 2882 2280 pauperem
2899 2209 3117 2280 quidem
3136 2223 3335 2264 conso-

1749 2296 1915 2361 latur,
1956 2296 2143 2353 divitis
2174 2314 2304 2354 vero
2344 2300 2594 2370 reprimit
2627 2302 3019 2373 arrogantiam,
3052 2301 3332 2356 meliorem

1747 2403 1871 2443 esse
1940 2387 2132 2445 dicens
2182 2398 2559 2461 paupertatem
2622 2408 2788 2462 quam
2852 2393 3057 2449 divitiae
3136 2408 3201 2449 ex
3246 2392 3333 2447 in-

1746 2481 1961 2551 justitia
1988 2492 2333 2551 constantes;
2366 2483 2834 2555 quemadmodum
2866 2485 3093 2541 morbus
3134 2499 3334 2555 corpo-

1751 2578 1830 2632 ris
1862 2577 2061 2632 melior
2089 2587 2175 2634 est
2219 2579 2532 2650 :rgrOtanti,
2568 2586 2621 2634 et
2671 2578 2882 2649 judicio
2925 2580 3020 2636 Dei
3065 2579 3334 2649 castigato

1752 2668 1940 2721 utilior
1967 2678 2053 2722 est
2083 2684 2245 2739 quam
2276 2667 2533 2723 valetudo
2556 2670 2700 2723 mala
2728 2677 2783 2725 et
2803 2670 3032 2726 sanitas.
3076 2670 3208 2736 Quae
3235 2684 3335 2725 au-

1755 2766 1861 2814 tem
1894 2759 2262 2814 aestimaretur
2312 2759 2454 2814 mala
2478 2760 2751 2824 valetudo,
2786 2761 2892 2816 nisi
2938 2776 3002 2817 ea
3032 2777 3139 2831 qua
3176 2773 3337 2817 uten—

1754 2858 1836 2906 tes
1866 2851 2080 2906 lusuria
2133 2859 2189 2907 et
2234 2852 2547 2909 homicidiis
2596 2863 2649 2909 et
2700 2852 2995 2924 injustitiis
3038 2856 3336 2910 laetantur?

1752 2940 2001 3013 Namque
2030 2942 2173 2999 fame
2221 2944 2379 3014 panis
2422 2952 2478 3000 et
2524 2947 2742 3016 egentia
2797 2946 2983 3002 nullus
3035 2947 3091 3002 in
3135 2948 3336 3004 anima:

1753 3044 1983 3091 mortem
2016 3036 2184 3102 cadit,
2221 3034 2319 3090 sed
2351 3036 2441 3090 vix
2482 3037 2629 3093 ullus
2678 3038 2734 3092 in
2770 3038 3022 3108 corporis
3062 3046 3294 3095 mortem
3318 3083 3332 3107 ,

1752 3129 2136 3200 peccatoribus
2176 3138 2357 3186 autem
2387 3137 2442 3186 et
2471 3130 2693 3188 realiter
2748 3131 2907 3189 malis
2944 3140 3176 3189 mortem
3206 3149 3337 3205 pec-

1759 3234 1942 3279 catum
1986 3223 2163 3278 ati‘ert.

1757 3359 1882 3415 155.
1926 3357 2059 3425 Quis
2108 3359 2389 3427 dominus,
2434 3360 2551 3430 quis
2601 3374 2813 3423 servus,
2866 3358 2971 3412 nisi
3006 3358 3160 3501 ηιαέαο
3197 3360 3334 3470 d’ivi-

3115 3446 3230 3486 sto.

3115 3446 3195 3483 810
3217 3446 3230 3486 1

1826 3516 2121 3589 Postquam
2152 3520 2479 3574 sententiam
2515 3519 2772 3590 exposuit
2795 3519 3172 3591 Philosophus
3222 3538 3337 3577 ma-

1756 3626 1897 3680 gnus
1929 3612 1995 3667 de
2037 3618 2356 3682 paupertate
2396 3619 2451 3667 et
2477 3612 2683 3668 divitiis
2711 3614 3030 3684 evangelice
3078 3620 3137 3668 ut
3173 3628 3340 3685 opor-

1755 3706 1926 3771 tebat,
1956 3714 2009 3760 et
2043 3721 2141 3776 pro
2172 3704 2267 3761 Dei
2294 3706 2566 3775 sapientia
2604 3706 2672 3762 de
2695 3707 2814 3762 beri
2864 3713 2920 3762 et
2956 3707 3103 3763 servi
3143 3708 3340 3763 condi‘

1754 3800 1906 3855 tione
1959 3799 2029 3853 ad
2090 3799 2436 3870 spiritualem
2504 3814 2754 3855 normam
2818 3799 3034 3870 judicat
3099 3800 3333 3857 dicens-

1755 3890 1888 3956 Quis
1911 3897 1996 3944 est
2026 3889 2197 3945 herus
2228 3898 2282 3945 et
2320 3890 2447 3960 quis
2483 3900 2568 3945 est
2593 3901 2788 3945 natura
2815 3891 3036 3946 servus?
3070 3905 3185 3945 non
3206 3904 3339 3945 con-

1752 3979 1902 4036 ditus
1940 3987 2025 4035 est
2052 3980 2239 4044 herus,
2265 3996 2367 4036 nec
2400 3980 2652 4036 conditus
2678 3988 2973 4037 estservus
3023 3981 3093 4036 ab
3138 3981 3338 4036 initio:

1754 4072 1929 4127 sectio
1963 4072 2089 4129 vilis
2122 4072 2250 4137 ista,
2294 4073 2402 4129 ista
2433 4074 2631 4128 divisio
2666 4074 2993 4144 tyrannica;
3023 4074 3167 4128 sicut
3194 4072 3337 4128 enim

1756 4164 2015 4220 omnibus
2061 4180 2206 4219 unus
2239 4174 2293 4219 et
2331 4164 2477 4220 idem
2506 4167 2830 4236 plasmator,
2870 4182 2979 4220 una
3022 4165 3111 4220 lex
3158 4165 3338 4220 omni-

1755 4256 1882 4321 bus,
1910 4255 2181 4328 judicium
2208 4273 2381 4311 unum
2421 4266 2476 4313 et
2504 4274 2609 4313 una
2644 4268 2841 4314 natura
2879 4258 3139 4313 omnibus
3164 4257 3342 4313 homi-

1754 4346 1921 4403 nibus
1946 4347 2159 4415 eadem,
2196 4347 2278 4403 sic
2307 4358 2361 4404 et
2387 4348 2531 4404 servi
2563 4364 2755 4405 omnes
2788 4348 3045 4405 similiter
3088 4349 3341 4406 homines

1757 4441 1861 4496 sub
1883 4454 1994 4495 uno
2017 4436 2364 4495 Plasmatore
2388 4449 2441 4495 et
2458 4440 2690 4495 Domino
2720 4441 3010 4497 constituti
3046 4450 3176 4497 sunt
3206 4439 3339 4497 Deo.

1757 4531 1841 4588 Tu
1874 4546 2028 4604 ergo,
2049 4530 2184 4587 dicit
2204 4532 2427 4602 optimae
2459 4532 2822 4602 phil050pbiai
2858 4540 2912 4589 et
2943 4534 3192 4589 veritatis
3224 4549 3343 4589 ser-

1762 4639 1991 4679 monum
2025 4634 2255 4690 amator,
2302 4639 2332 4678 a
2380 4622 2600 4678 famulis
2638 4626 3131 4682 circumstantibus
3174 4626 3341 4680 mini-

1763 4722 1992 4779 stratus,
2025 4730 2094 4770 ne
2122 4715 2221 4769 tibi
2254 4714 2473 4785 quidem
2518 4715 2635 4771 heri
2678 4717 3074 4783 conditionem,
3106 4715 3213 4771 illis
3244 4733 3343 4772 au-

1762 4814 1872 4863 tem
1914 4805 2240 4860 famulatum
2285 4818 2600 4871 reservans,
2648 4808 2840 4863 extolli
2883 4821 3052 4877 supra
3096 4807 3151 4863 id
3192 4808 3344 4878 quod

1764 4906 1981 4968 oportet
2019 4895 2392 4962 audeas,ante
2426 4911 2776 4953 communem
2814 4899 3197 4953 universorum
3240 4898 3345 4954 Do-

1763 4992 1975 5044 minum
2002 4988 2329 5059 insipienter
2362 4988 2634 5059 cogitans,
2685 4987 2781 5043 sed
2817 4988 2958 5043 bene
2998 4987 3242 5044 sentiens
3283 5000 3345 5044 ut

1766 5083 1988 5154 sapiens
2024 5086 2104 5139 sis
2133 5093 2186 5138 et
2213 5082 2448 5152 teipsum
2470 5082 2713 5141 noveris,
2738 5095 2931 5135 omnes
2957 5079 3347 5137 ministrantes

1765 5177 1865 5233 tibi
1915 5189 2220 5233 conservos
2261 5185 2319 5230 et
2365 5182 2566 5230 natura
2610 5174 2728 5245 pari
2776 5174 2983 5229 honore
3024 5173 3223 5245 dignos
3265 5176 3347 5231 vi-

1764 5270 1924 5335 dens,
1952 5267 2231 5324 consociis
2268 5267 2324 5321 in
2368 5281 2532 5337 opere
2569 5276 2624 5321 et
2671 5265 2897 5321 servitio
2944 5272 3101 5322 utere
3140 5264 3208 5320 ad
3252 5283 3349 5322 vo—

1769 5360 1997 5416 luntatis
2040 5358 2337 5414 Dominica:
2386 5357 2814 5413 observantiam.
2856 5354 2934 5413 Ne
2979 5372 3111 5427 ergo
3164 5372 3349 5415 mores

1771 5454 1985 5510 nobiles
2014 5462 2067 5509 et
2096 5452 2167 5507 ob
2188 5451 2401 5522 praxim
2432 5458 2487 5505 et
2530 5449 3034 5506 considerationem
3069 5450 3349 5521 egregiam

1771 5547 2009 5602 indolem
2058 5554 2113 5601 et
2165 5544 2374 5599 honore
2415 5528 2637 5614 dignam
2708 5550 2836 5597 ante
2881 5542 3264 5597 liberationem
3322 5557 3351 5594 a

1773 5654 2023 5710 corpore,
2065 5648 2121 5696 et
2170 5646 2466 5709 antequam
2512 5636 2802 5693 victoriam
2864 5636 3133 5693 adversus
3191 5650 3351 5689 mun-

1780 5736 1910 5792 dum
1943 5734 2328 5807 consequaris,
2380 5750 2490 5805 prae
2525 5746 2577 5791 te
2626 5733 2773 5791 ferre
2815 5735 3014 5805 iactes,
3062 5741 3116 5788 et
3156 5732 3349 5788 intem-

161 5904 237 5971 (7)
261 5908 375 5963 Ald.
408 5907 550 5965 Ven.
587 5906 756 5966 Basil.
802 5905 993 5965 Colon.
1031 5904 1126 5978 [et
1158 5902 1401 5977 Bened.]
1441 5902 1511 5957 τί.
1545 5900 1646 5959 Ald

1761 5904 1898 5957 cnet.
1932 5905 1987 5956 et
2026 5896 2193 5954 Basil.
2226 5895 2259 5969 ἢ
2289 5912 2389 5969 pro
2425 5898 2481 5969 ἡ.
2510 5904 2564 5953 et
2594 5906 2718 5970 post
2746 5911 2796 5954 ν.
2833 5895 2974 5967 τομή
3013 5901 3140 5950 nota
3179 5891 3349 5948 inter-

95 5978 394 6047 regationis.
