3818 6504
532 538 745 608 pestive
814 538 1057 610 glorians
1117 541 1174 596 in
1224 540 1595 612 abjectionem
1644 541 1957 614 dejiciaris,
2008 544 2106 601 sed

532 627 754 697 quando
783 630 851 687 de
890 630 1245 689 obviantihus
1287 634 1653 703 corporaliter
1700 636 2006 693 obstaculis
2056 647 2112 692 et

531 719 919 790 spiritualibus
947 725 1171 779 malitia:
1196 724 1639 794 oppositionihus
1670 726 1847 781 victor
1871 728 2112 784 evadens

531 812 748 869 solutus
786 810 980 880 fueris,
1023 825 1153 871 tunc
1195 816 1265 871 ad
1302 816 1471 872 Deum
1510 818 1701 873 venies
1740 819 1915 890 gloria
1953 819 2113 877 deco-

529 912 689 961 ratus
714 921 933 977 magna.

530 1015 632 1067 157
673 1013 823 1069 Servi
877 1013 1055 1071 autem
1099 1018 1246 1088 quid,
1287 1034 1350 1072 ac
1394 1018 1657 1089 praxipue
1695 1019 1788 1090 qui
1849 1020 1947 1076 Dei
1973 1022 2111 1077 servi

1847 1091 1994 1163 [sunt
2014 1096 2039 1148 ?

601 1192 900 1265 Postquam
932 1201 1103 1268 legem
1136 1197 1299 1255 dictis
1324 1198 1565 1256 dominis
1597 1200 2110 1271 posuit,humiliare

530 1298 592 1339 se
618 1292 674 1340 et
705 1288 987 1344 conservis
1024 1288 1104 1343 uti
1138 1288 1383 1355 famulis,
1418 1289 1660 1346 scientes
1702 1291 1854 1361 quod
1894 1301 1951 1348 et
2000 1295 2108 1364 ipsi

529 1376 823 1435 Dominum
859 1382 1063 1438 habent
1094 1384 1150 1437 in
1197 1383 1377 1449 ctelis,
1409 1393 1468 1437 ut
1508 1383 1599 1439 isti
1644 1384 1775 1439 talia
1821 1386 2108 1445 audientes

528 1473 675 1528 sicut
715 1476 833 1544 pari
863 1475 1060 1545 dignos
1106 1477 1315 1531 honore
1353 1491 1463 1531 non
1499 1476 1790 1548 insurgant
1835 1478 1891 1533 in
1927 1478 2103 1535 domi-

526 1581 650 1632 nos,
678 1568 809 1636 quid
845 1567 912 1623 de
954 1569 1216 1626 famulis?
1262 1586 1361 1641 pro
1408 1569 1566 1624 vobis
1610 1570 1756 1624 enim
1800 1572 2108 1641 spiritualis

528 1657 809 1727 l-egislator
853 1674 1166 1716 sermonem
1209 1662 1503 1734 protrahit.
1550 1662 1693 1728 Quid
1742 1678 1874 1734 ergo
1911 1674 2107 1730 vos,et

524 1752 833 1819 praesertim
860 1753 953 1823 qui
986 1752 1077 1808 Dei
1110 1756 1256 1809 servi
1287 1770 1412 1810 esse
1438 1755 1653 1811 vultis?
1679 1770 1787 1809 non
1816 1756 2104 1827 indignum

522 1839 880 1909 iudicandum
914 1850 999 1898 est
1027 1843 1272 1899 dominis
1295 1844 1503 1899 servire
1523 1860 1538 1909 ;
1558 1851 1612 1898 et
1630 1843 1765 1897 illud
1789 1844 2109 1913 quomodo?

523 1945 633 1985 non
669 1934 735 1986 ad
788 1933 1009 1989 oculum
1067 1934 1389 1991 obedientes
1425 1936 1570 1991 sicut
1617 1936 1934 1992 hominibus
1990 1936 2107 2006 pla-

523 2032 732 2090 centes,
761 2026 856 2082 sed
881 2042 949 2082 ex
977 2027 1165 2081 animo
1209 2043 1335 2081 cum
1378 2027 1547 2083 corde
1602 2028 1870 2083 benevolo
1900 2036 1955 2083 et
1980 2025 2103 2095 ﬁde,

521 2113 827 2169 secundum
859 2116 1225 2185 apostolicum
1261 2119 1667 2188 prmscriptum,
1695 2119 1841 2174 sicut
1871 2117 2106 2173 Domino

520 2214 577 2261 et
612 2222 722 2262 non
763 2209 1104 2277 hominibus,
1138 2212 1219 2269 sic
1263 2214 1506 2271 dominis
1542 2217 1743 2271 vestris
1794 2216 2105 2271 inservien-

520 2307 630 2355 tem
658 2300 923 2357 honorem
945 2311 1000 2357 et
1032 2302 1358 2359 famulatum
1390 2306 1539 2372 date,
1575 2322 1678 2361 nec
1704 2307 2102 2363 exhibitionem

522 2389 823 2449 famulatus
852 2395 1197 2462 erubescite;
1232 2398 1469 2453 liberum
1500 2401 1648 2454 enim
1677 2410 1731 2454 et
1761 2416 1979 2455 servum
2018 2403 2102 2457 lex

520 2483 748 2557 dirigit:
781 2488 877 2559 qui
908 2488 1273 2559 dispositione
1308 2491 1505 2547 animat
1534 2507 1658 2563 quae
1699 2492 1923 2549 Christo
1972 2510 2105 2549 con-

520 2580 706 2634 veniat
734 2588 787 2636 et
809 2582 1043 2637 consilio
1073 2598 1240 2654 agens
1265 2584 1411 2655 quod
1451 2583 1559 2640 Deo
1592 2587 2101 2655 conveniat,coram

522 2670 633 2727 Deo
664 2684 718 2728 et
737 2673 1055 2732 hominibus
1086 2676 1229 2732 bona
1263 2676 1581 2741 meditatur,
1618 2679 1709 2734 ille
1741 2680 1926 2751 reipsa
1960 2681 2099 2735 liber

518 2771 640 2829 est;
672 2766 765 2836 qui
795 2776 978 2823 autem
1020 2784 1143 2823 cum
1191 2768 1317 2823 dolo
1347 2779 1401 2825 et
1434 2771 1643 2826 malitia
1682 2772 1850 2827 vitam
1894 2775 2102 2842 degens

520 2870 698 2924 suam,
756 2867 946 2914 contra
1007 2859 1177 2915 Deum
1208 2869 1262 2915 et
1305 2860 1557 2918 homines
1602 2871 1793 2934 peccat
1852 2872 2102 2920 contem-

518 2955 665 3017 ptor,
694 2947 785 3004 hic
814 2964 941 3005 vere
990 2965 1185 3005 servus
1223 2957 1309 3005 est
1355 2952 1730 3021 castigandus.
1777 2952 1949 3022 Igitur
1992 2968 2100 3007 non

521 3040 721 3095 malum
754 3050 839 3097 est
870 3056 1090 3098 servum
1125 3056 1269 3105 esse,
1314 3042 1409 3097 sed
1464 3058 1696 3113 peccare
1743 3044 1945 3098 malum
1994 3053 2097 3107 est,

518 3147 646 3188 cont
680 3134 936 3192 Christus
967 3136 1086 3207 ipse
1116 3152 1311 3193 servus
1341 3137 1625 3191 hominum
1672 3151 1835 3191 verus
1882 3137 1973 3201 sit,
2005 3138 2098 3192 sed

518 3227 784 3283 servitute
834 3230 1057 3286 realiter
1112 3229 1275 3293 mala,
1329 3236 1690 3299 peccato,eos
1732 3230 1831 3300 qui
1874 3230 1930 3284 in
1972 3245 2095 3285 eum

517 3316 751 3374 credunt
773 3325 1034 3389 tauquam
1062 3319 1207 3375 Deus
1234 3318 1452 3375 liberat.

517 3468 615 3524 141
662 3465 871 3523 Pudeat
925 3479 975 3524 te
1010 3468 1058 3523 ti
1096 3469 1269 3525 malus
1298 3468 1514 3536 audias,
1550 3484 1657 3524 non
1697 3484 1817 3523 vero
1859 3469 2102 3611 vigue-

1920 3558 1933 3592 ι
1962 3558 2027 3595 ιδ.

1920 3558 2027 3595 ιιιδ.

588 3627 784 3685 Adhuc
816 3629 1007 3684 eadem
1030 3630 1413 3701 propositione
1444 3644 1681 3701 pergens
1712 3628 1934 3685 divinus
1970 3631 2095 3684 illu-

517 3722 761 3777 ntinator
806 3722 1004 3778 suadet
1042 3738 1111 3778 ne
1143 3722 1444 3779 erubescas
1490 3731 1543 3776 te
1573 3730 1827 3778 vocatum
1871 3722 2101 3778 audiens

517 3830 739 3872 servum
787 3823 883 3871 aut
931 3815 1184 3871 obscurae
1228 3815 1499 3885 prosapia:
1548 3814 1859 3882 hominem,
1912 3832 1980 3870 ne
2010 3831 2102 3870 cx-

516 3906 646 3964 inde
684 3914 929 3963 mutatus
972 3908 1238 3963 adversus
1272 3922 1395 3962 eum
1436 3907 1528 3978 qui
1565 3908 1957 3962 contumeliam
2000 3907 2102 3961 im-

516 4013 722 4069 ponere
742 3997 1309 4069 videtnrindignaris.
1344 3998 1489 4065 Quid
1524 4000 1669 4054 enim
1718 4009 1801 4054 est
1845 4000 2101 4071 prosapia

515 4100 571 4150 et
604 4092 731 4161 quis
754 4090 822 4149 de
855 4092 1026 4148 nobili
1053 4108 1254 4164 genere
1294 4092 1655 4148 celebratus?
1700 4092 1819 4147 Non
1857 4094 1951 4163 qui
1986 4094 2099 4162 jam

518 4181 729 4252 pridem
765 4180 967 4235 mortui
1003 4188 1129 4234 sunt
1156 4189 1211 4234 et
1242 4179 1297 4233 in
1326 4181 1581 4250 sepulcro
1640 4189 2100 4250 putruerunt,ncc

518 4269 611 4325 isti
656 4283 891 4339 quorum
946 4269 1196 4338 dispersa
1244 4276 1374 4322 sunt
1405 4268 1564 4338 juxta
1605 4268 1923 4339 Scripturas
1972 4284 2098 4324 ossa

517 4373 617 4429 per
662 4356 959 4412 infernum.
1000 4355 1202 4425 thuid
1252 4370 1383 4427 ergo
1445 4356 1671 4426 grandia
1711 4357 1984 4427 cogitares
2030 4358 2102 4412 ob

517 4448 865 4521 putredinem
897 4454 952 4503 et
990 4446 1260 4503 fetentes?
1287 4446 1394 4502 Sed
1435 4448 1637 4500 malum
1669 4455 1723 4502 et
1760 4448 2023 4517 injuslum
2052 4458 2103 4503 te

517 4541 753 4599 audiens
811 4549 907 4596 aut
958 4540 1186 4611 impium
1240 4540 1657 4611 exprobratum,
1710 4541 1997 4607 erubesce,
2047 4552 2102 4598 et

514 4651 616 4708 per
654 4634 1035 4705 paenitentiam
1070 4642 1321 4689 mutatus
1348 4633 1525 4689 bonus
1557 4633 1652 4690 tias
1688 4634 1742 4687 in
1778 4634 2020 4700 Christo,
2047 4643 2099 4691 ct

516 4730 601 4785 sic
628 4727 746 4799 ipse
778 4727 1083 4782 honoratus
1111 4734 1165 4781 et
1192 4742 1292 4795 per
1322 4726 1576 4779 virtutem
1602 4725 1819 4781 celeber
1849 4725 2113 4791 eifectus,

516 4819 702 4889 generi
732 4818 949 4872 initium
983 4817 1144 4873 dabis
1185 4825 1239 4871 et
1280 4816 1532 4887 gloriatio
1568 4816 1624 4870 in
1669 4817 1837 4871 vitam
1876 4818 2099 4872 venien-

515 4912 663 4968 tibus
692 4918 818 4981 post
846 4919 900 4967 te
928 4913 1063 4977 eris,
1100 4910 1248 4981 quod
1278 4909 1451 4963 multo
1485 4909 1682 4964 melius
1718 4910 1892 4981 magis
1934 4925 2099 4979 expe-

515 5004 595 5059 tlit
627 5003 723 5058 tibi
751 5019 915 5073 quam
953 5002 1172 5074 generis
1206 5002 1456 5056 ultimum
1489 5017 1613 5057 esse
1647 5009 1700 5056 et
1725 5018 1821 5072 per
1872 5003 2096 5057 nimiam

514 5099 779 5153 malitiam
805 5099 1045 5152 dedecus
1075 5106 1129 5152 et
1154 5096 1506 5151 abolitionem
1533 5111 1675 5151 esse.
1711 5096 1899 5166 Itaque
1933 5096 1979 5151 si
2017 5098 2096 5153 sis

514 5191 733 5261 integer
771 5198 826 5246 et
860 5190 1040 5245 bonus
1073 5190 1129 5243 in
1174 5188 1325 5243 omni
1375 5188 1580 5259 pietate
1616 5195 1672 5243 et
1718 5188 1920 5243 virtute
1966 5204 2098 5243 con-

515 5285 765 5353 spicuus,
794 5284 970 5337 multo
1000 5283 1197 5338 melius
1226 5290 1279 5337 et
1310 5280 1692 5336 honorabilius
1713 5281 1816 5336 erit
1838 5297 2004 5354 quam
2028 5299 2092 5339 cx

515 5375 673 5429 bonis
700 5383 755 5429 et
785 5375 1006 5444 Optimis
1035 5382 1192 5430 ortus
1226 5374 1319 5444 qui
1349 5374 1476 5431 talis
1502 5390 1609 5428 non
1642 5375 1738 5430 sis.

515 5470 619 5525 145
688 5468 786 5522 Dei
853 5468 1019 5522 solius
1065 5484 1342 5539 rerumque
1406 5469 1708 5523 divinarum
1770 5467 2095 5611 ὺιῗαιῖαὺίίίε

980 5568 981 5573 π
1860 5556 1913 5594 es
1942 5556 1993 5593 ο.

980 5568 981 5573 “
1840 5556 1993 5594 Ιθιιο.

584 5629 686 5686 Est
712 5639 767 5686 et
790 5629 1029 5686 aviditas
1082 5628 1379 5685 laudabilis
1418 5639 1473 5685 et
1493 5628 1827 5687 desiderium
1870 5633 2096 5689 insatia-

512 5725 622 5780 bile
652 5740 764 5796 quo
803 5723 998 5779 ardere
1060 5731 1298 5794 oportet,
1352 5722 1499 5794 quod
1538 5723 1757 5780 divinus
1797 5741 1980 5781 sermo
2024 5741 2099 5784 ne

513 5818 845 5889 ropellamus
878 5817 1087 5872 incitat.
1115 5816 1257 5883 Quid
1297 5826 1379 5873 est
1428 5816 1622 5873 istud?
1665 5816 1749 5872 Ad
1792 5816 1961 5874 Deum
2001 5834 2093 5875 so-

516 5913 634 5971 Iunt
662 5920 717 5971 et
758 5912 943 5970 divina
968 5912 1357 5980 insatiabiliter
1390 5911 1802 5982 concupiscere.
1836 5910 1959 5968 Haec
1983 5926 2089 5969 am-

1898 420 2101 479 NlCET

2237 422 2452 481 DAVlD'
3682 422 3769 481 8‘39

2214 545 2327 610 κῶς
2354 547 2897 619 ἐμποδοστατούντων
2927 550 3288 623 κωλυμάτων,
3315 549 3425 605 τῶν
3454 568 3513 605 τε
3544 568 3768 621 πνευμα-

2213 640 2382 692 τικῶν
2416 639 2517 709 τῆς
2557 641 2822 713 πονηρίας
2865 643 3191 697 ἀντιθέσεων
3229 644 3579 715 ὑπεραναϐἀς
3600 684 3614 706 ,
3648 645 3770 697 ἀπο-

2212 729 2397 801 λυθῇς,
2430 731 2549 785 τότε
2578 732 2824 825 πρὸςτὸν
2855 734 2989 790 Θεὸν
3018 737 3303 810 είσελεύσῃ
3338 736 3481 808 μετὰ
3512 737 3665 808 δόξης
3702 753 3771 791 τι·

2215 838 2503 892 μιωτατος.

2215 1018 2317 1074 137
2347 1021 2412 1073 Ol
2443 1018 2495 1073 δ’
2520 1020 2740 1077 οἰκέται
2763 1041 2814 1078 τι
2844 1023 2943 1077 καί
2962 1021 3235 1094 μάλιστα
3267 1028 3322 1081 οι
3353 1027 3543 1090 Θεοῦ;

2279 1195 2665 1267 Νομοθετήσας
2700 1198 2826 1263 τοὺς
2858 1197 3184 1270 λεγομένους
3230 1201 3497 1266 δεσπότας
3540 1219 3771 1255 ταπεινοί

2212 1289 2427 1357 φρονεῖν
2457 1290 2549 1341 καὶ
2578 1290 2880 1354 συνδούλοις
2902 1292 3135 1362 χρῆσθαι
3160 1297 3271 1357 τοῖς
3294 1296 3550 1359 οίκέταις,
3579 1296 3767 1359 εἰδότας

2209 1379 2291 1431 ὅτι
2345 1380 2439 1433 καὶ
2483 1380 2636 1434 αὐτοὶ
2679 1380 2879 1452 Κύριον
2911 1381 3125 1452 ἔχουσιν
3162 1384 3221 1437 ὲν
3250 1386 3529 1455 οὐρανοῖς,
3569 1387 3651 1440 ἵνα
3702 1390 3773 1457 μη

2208 1468 2361 1523 ταῦτ’
2386 1470 2675 1536 ἀκούοντες
2701 1473 2931 1537 ἐκεῖνοι,
2964 1471 3040 1559 «ξς
3080 1475 3356 1545 ὁμοτίμων
3400 1478 3766 1548 κατεπαρθῶςι

2207 1560 2317 1614 τῶν
2350 1561 2647 1627 δεσποτῶν,
2680 1562 2733 1617 τί
2770 1561 2857 1616 δαὶ
2886 1566 2933 1617 oi
2977 1564 3227 1633 οἰκέταις
3260 1569 3395 1639 πρὸς
3441 1568 3584 1638 ὑμᾶς
3618 1569 3715 1639 γὰρ
3742 1573 3765 1621 ό

2209 1654 2575 1725 πνευματικὸς
2606 1653 2903 1727 νομοθέτης
2922 1656 3013 1709 τὸν
3039 1657 3197 1727 λόγον
3217 1659 3554 1715 ἀποτείνεται
3577 1677 3590 1689 ·
3615 1663 3664 1714 τε
3686 1658 3767 1713 οὖν

2210 1748 2386 1819 ὑμεῖς,
2426 1748 2523 1801 καὶ
2563 1748 2797 1819 μάλιστα
2843 1751 2892 1804 oi
2938 1751 3033 1804 τοῦ
3085 1752 3221 1807 Θεού
3272 1754 3448 1808 δοῦλοι
3498 1758 3768 1826 τυγχάνειν

2213 1840 2517 1907 ὲθέλοντες;
2551 1843 2643 1913 Μὴ
2690 1842 2981 1907 ἀπαξιοῦτε
3019 1844 3288 1900 δουλεύειν
3324 1850 3437 1911 τοῖς
3464 1848 3759 1912 δεσπόταις·

2213 1932 2307 1985 καὶ
2333 1931 2491 1986 τοῦτο
2518 1932 2666 1998 πῶς;
2686 1933 2778 2004 Μὴ
2794 1934 2912 1987 κατ’
2926 1933 3414 2005 όφθαλμοδουλείαν
3441 1936 3514 2001 ὡς
3540 1936 3763 2010 avem-

2207 2023 2451 2095 ἀρεσκοι,
2503 2024 2617 2078 ἀλλ’
2650 2027 2714 2078 ὲκ
2762 2026 2941 2097 ψυχῆς
2980 2028 3097 2097 μετ’
3135 2028 3347 2093 εὐνοίας
3386 2030 3482 2082 καὶ
3526 2029 3763 2092 πίστεως,

2207 2118 2349 2171 κατά
2385 2117 2485 2189 τὴν
2523 2117 2883 2189 ἀποστολικὴν
2907 2120 3299 2189 παραγγελίαν,
3333 2120 3409 2185 ὡς
3452 2121 3530 2193 τῷ
3571 2122 3757 2192 Κυρίῳ,

2206 2208 2301 2262 καὶ
2342 2208 2442 2262 οὐκ
2489 2208 2818 2280 ἀνθρώποις,
2870 2208 3013 2263 οὓτω
3061 2214 3174 2274 τοῖς
3214 2212 3426 2281 κυρίοις
3480 2212 3628 2283 ὑμῶν
3677 2216 3759 2283 τὴν

2205 2299 2561 2371 ὀφειλομένην
2592 2299 2759 2371 τιμὴν
2801 2301 2897 2354 καὶ
2936 2300 3178 2355 δουλείαν
3219 2303 3516 2369 ἀποδίδοτε,
3562 2304 3651 2357 καὶ
3697 2307 3760 2375 μὴ

2204 2392 2265 2444 τὸ
2292 2391 2587 2463 πρόσχημα
2628 2392 2729 2463 τῆς
2754 2392 2999 2457 δουλείας
3044 2394 3438 2465 ἐπαισχύνεσθε
3459 2413 3473 2427 ο
3500 2396 3761 2468 ἔλεόθερον

2203 2485 2310 2555 γάρ
2342 2484 2434 2537 καὶ
2475 2483 2657 2537 δοῦλον
2686 2486 2714 2537 ό
2750 2483 2951 2555 τρόπος
2978 2484 3240 2552 ὁρίζεται.
3288 2488 3384 2549 Ὃς
3419 2485 3518 2556 μὲν
3553 2488 3761 2557 Χριστο-

2204 2579 2406 2647 πρεπεϊ
2430 2576 2611 2647 ψυχῆς
2641 2576 2875 2630 διαθέσει
2904 2576 3001 2629 καὶ
3028 2576 3222 2650 γνώμῃ
3252 2577 3531 2650 χρώμενος
3556 2577 3762 2647 θεοπρε-

2204 2673 2299 2724 πεῖ
2334 2668 2565 2723 ἐνώπιον
2599 2669 2734 2723 Θεοῦ
2775 2670 2867 2724 καὶ
2902 2670 3204 2741 ἀνθρώπιον
3234 2674 3541 2742 προνοεῖται
3583 2672 3760 2742 ἀγαθὰ,

2202 2759 2355 2827 οὗτος
2381 2762 2665 2834 ἐλεύθερος
2687 2762 2765 2834 τῷ
2795 2762 2907 2816 ὄντι
2941 2763 3087 2816 ἐστίν
3110 2782 3123 2794 ·
3156 2763 3214 2827 ὃς
3243 2764 3300 2817 δὲ
3337 2764 3525 2827 δολίως
3562 2766 3652 2817 καὶ
3678 2781 3762 2816 κα-

2204 2857 2486 2930 κοτρόπως
2518 2856 2609 2911 τὸν
2650 2856 2815 2910 αὑτοῦ
2864 2855 3208 2910 διαϐιὼσκων
3244 2857 3387 2927 βίον,
3422 2857 3559 2928 πρός
3596 2873 3651 2909 τε
3685 2855 3763 2908 τὸν

2202 2950 2336 3003 Θεὸν
2356 2950 2519 3004 αὐτὸν
2547 2950 2640 3003 καὶ
2665 2950 2791 3013 τοὺς
2820 2947 3144 3021 ἀνθρώπους
3164 2950 3491 3021 ἁμαρτάνων
3519 2966 3761 3021 καταφρο-

2201 3043 2303 3107 νεῖ,
2331 3037 2486 3107 οὗτος
2508 3042 2723 3115 ἀληθῶς
2746 3041 2934 3106 δοῦλος
2963 3042 3199 3117 ὑπάρχει
3235 3043 3546 3114 μαστιγίας.
3574 3043 3759 3096 Οὔκουν

2201 3135 2262 3188 τὸ
2296 3135 2480 3189 δοῦλον
2512 3132 2651 3189 εἶναι
2680 3136 2851 3190 κακὸν
2874 3178 2889 3202 ,
2919 3136 2980 3190 τὺ
3028 3136 3361 3208 ἁμαρτάνειν
3400 3137 3457 3190 δὲ
3476 3178 3490 3199 ,
3519 3136 3637 3188 ἐπεὶ
3680 3136 3760 3187 καὶ

2204 3228 2438 3302 Χριστὸς
2472 3227 2633 3292 αὐτὸς
2650 3228 2834 3291 δοῦλος
2857 3228 3158 3301 ἀνθρώπων
3182 3223 3378 3296 ὦπται,
3404 3229 3539 3283 ἀλλά
3564 3228 3654 3283 καὶ
3676 3228 3757 3297 τῆς

2202 3318 2370 3382 ὅντως
2399 3317 2645 3382 δουλείας
2673 3319 2869 3390 κακῆς,
2898 3320 2999 3391 τῆς
3027 3318 3321 3391 ἁμαρτίας,
3353 3318 3480 3383 τοὺς
3514 3317 3658 3388 αὐτῷ
3683 3335 3760 3369 πι-

2205 3409 2493 3473 στεύοντας
2514 3409 2589 3471 ὠς
2614 3409 2749 3474 Θεὸς
2776 3411 3071 3483 ἐλευθεροῖ.

2207 3506 2302 3561 141
2334 3506 2532 3572 Κακὸς
2561 3504 2613 3558 δ’
2644 3506 2881 3561 ἀκούων
2902 3506 3225 3575 αίσχύνου,
3259 3504 3347 3576 μὴ
3380 3504 3699 3576 δυσγενής.

2276 3665 2396 3717 Ἔτι
2425 3663 2524 3734 τῆς
2550 3664 2718 3734 αὐτῆς
2746 3663 2954 3729 ἐννοίας
2974 3664 3226 3737 ἐχόμενος
3250 3666 3279 3719 ό
3307 3662 3617 3736 θεοφάντωρ
3636 3682 3761 3734 παρ-

2202 3761 2344 3812 αινεῖ
2389 3759 2464 3831 μὴ
2506 3757 2951 3828 ἐπαισχύνεσθαι,
2978 3757 3162 3811 δοῦλον
3181 3756 3446 3811 ἀκούοντα
3470 3756 3503 3827 ἢ
3525 3756 3757 3825 δυσγενῆ,

2206 3851 2327 3923 μηδ’
2365 3851 2459 3905 ἐπὶ
2510 3851 2685 3920 τούτῳ
2719 3850 3167 3922 διατρεπόμενον,
3202 3849 3344 3902 κατά
3391 3848 3485 3901 τοῦ
3532 3849 3755 3920 ὑϐρίζειν

2202 3940 2485 4005 δοκοῦντος
2517 3942 2867 4009 ἀγανακτεῖν.
2914 3941 2978 3994 Τί
3016 3940 3124 4012 γάρ
3157 3942 3277 3994 ἐστι
3304 3940 3477 4007 γένος.
3518 3940 3613 3994 καὶ
3640 3938 3713 4002 τίς
3736 3940 3763 3990 ὁ

2204 4032 2573 4104 φημιζόμενος
2603 4031 2862 4101 εὐγενής;
2899 4031 3009 4101 Οὐχ
3041 4032 3090 4083 οἱ
3126 4030 3294 4085 πάλαι
3332 4030 3579 4093 θανόντες
3598 4030 3687 4082 καὶ
3711 4030 3761 4081 ἐν

2202 4126 2358 4198 τάφῳ
2390 4125 2709 4196 σεσηπότες,
2740 4124 2839 4194 οὐχ
2862 4116 2936 4177 ὧν
2965 4122 3321 4194 ὲσκορπίσθη,
3347 4123 3488 4177 κατά
3513 4121 3610 4193 τὴν
3636 4122 3762 4191 Γρᾶ·

2205 4219 2330 4294 φῂν,
2358 4220 2427 4273 τὰ
2444 4218 2579 4271 ὀστᾶ.
2606 4217 2756 4288 παρά
2776 4217 2867 4271 τὸν
2898 4216 3031 4288 ᾅδην
3051 4234 3062 4246 ’
3089 4217 3143 4269 τί
3174 4212 3268 4269 οὖν
3306 4233 3387 4269 σοι
3408 4214 3502 4268 καὶ
3528 4214 3587 4267 τὸ
3610 4230 3755 4285 μεγα·

2204 4313 2480 4384 λοφρονεῖν
2503 4311 2593 4364 ἐπὶ
2617 4312 2681 4381 τῇ
2708 4309 2915 4379 σαπρίᾳ
2942 4310 3169 4372 καὶτοῖς
3197 4308 3481 4373 ὁδωδόσιν;
3508 4308 3685 4369 xm;
3711 4306 3760 4357 ξε

2204 4406 2299 4459 καὶ
2324 4404 2505 4467 ἄδικος
2529 4404 2742 4457 ἀκούων
2768 4402 2800 4474 ἢ
2828 4402 3048 4473 ἀσεϐὴς,
3080 4401 3357 4472 αἰσχύνου,
3375 4403 3470 4456 καὶ
3492 4402 3577 4455 διὰ
3613 4418 3763 4471 μετα·-

2203 4496 2351 4559 νοίας
2392 4493 2769 4566 ἀλλοιούμενος
2803 4492 3074 4563 ἀγαθύνου
3124 4494 3181 4546 ὲν
3226 4493 3464 4565 Χριστῷ,
3489 4495 3581 4548 καὶ
3607 4493 3763 4552 οὕτως

2208 4587 2369 4651 αὐτὸς
2397 4586 2669 4658 τιμηθεὶς,
2701 4586 2791 4639 καὶ
2821 4586 2887 4638 δι’
2916 4585 3115 4657 ἀρετῆς
3138 4586 3425 4656 γενόμενος
3460 4584 3758 4656 ὀνομαστὸς,

2202 4680 2393 4750 γένους
2439 4679 2734 4751 προάρξεις
2783 4679 2877 4732 καὶ
2928 4677 3195 4748 καύχησις
3240 4681 3355 4741 τοῖς
3401 4680 3481 4741 είς
3529 4679 3617 4731 τὸν
3657 4677 3759 4747 βίον

2206 4770 2374 4825 ἰοῦσιν
2406 4769 2505 4842 ἔσῃ
2535 4769 2675 4841 μετά
2705 4769 2785 4832 σὲ,
2816 4770 2844 4821 ὃ
2872 4770 3005 4823 πολὺ
3035 4769 3246 4840 βέλτιον
3276 4770 3372 4823 καὶ
3408 4769 3757 4824 λυσιτελέστε-

2202 4863 2294 4933 ρόν
2340 4862 2421 4915 σοί
2466 4863 2633 4927 ἔστιν,
2677 4861 2711 4933 ἢ
2757 4862 2819 4914 τὸ
2849 4862 3001 4930 γένος
3032 4860 3188 4913 λύειν
3233 4862 3328 4914 καὶ
3374 4861 3438 4914 δι’
3473 4861 3755 4933 ὑπερϐολὴν

2200 4954 2397 5019 κακίας
2435 4954 2663 5025 ἀτιμοῦν
2694 4954 2787 5008 καὶ
2824 4951 3130 5022 ἀφανίζειν
3164 4954 3352 5024 ὥσπερ
3394 4955 3487 5007 καὶ
3525 4955 3584 5007 τὸ
3611 4952 3752 5006 αὐτὸν

2199 5039 2339 5098 εἶναι
2364 5044 2527 5098 καλὸν
2558 5045 2652 5099 καὶ
2679 5044 2879 5113 ἀγαθὸν
2904 5044 2972 5097 δι’
3004 5044 3287 5108 εὐσεϐείας
3316 5044 3497 5116 πάσης
3525 5045 3613 5097 καὶ
3636 5045 3747 5114 ἁρε-

2196 5135 2297 5205 τῆς
2322 5136 2590 5216 ἐπίσημον
2613 5136 3005 5208 καθεστηκότα,
3020 5136 3156 5190 πολὺ
3180 5135 3386 5206 βέλτιον
3408 5138 3500 5190 καὶ
3522 5134 3750 5205 τιμιώτε-

2201 5244 2312 5298 ρον,
2351 5226 2386 5298 ἢ
2432 5228 2494 5280 τὸ
2525 5228 2585 5292 ἐξ
2620 5227 2841 5296 ἀγαθῶν
2895 5228 2989 5281 καὶ
3033 5227 3212 5283 καλῶν
3259 5228 3651 5301 βεϐλαστηκότα
3682 5226 3744 5296 μὴ

2196 5319 2435 5375 τοιοῦτον
2468 5316 2629 5377 εἶναι.

2197 5476 2300 5533 145
2327 5475 2474 5531 Θεοῦ
2492 5476 2684 5546 μόνον
2707 5475 2880 5531 θείων
2902 5491 2967 5530 τε
2992 5474 3321 5546 ἀπλήστως
3343 5476 3517 5547 ἔχειν.

2269 5636 2426 5690 Ἐστι
2463 5635 2557 5687 καὶ
2585 5632 2860 5705 ἀπληστία
2879 5631 3137 5704 ἐπαινετὴ
3164 5632 3259 5686 καὶ
3285 5632 3543 5703 ἐπιθυμία
3562 5628 3732 5699 ἀκόρε-

2196 5745 2318 5793 στος
2339 5726 2525 5799 δεητὴ,
2548 5721 2617 5799 ἦς
2637 5730 2665 5780 ὁ
2688 5726 2830 5790 θεῖος
2850 5724 3008 5794 λόγος
3036 5724 3354 5795 ἀντέχεσθαι
3378 5722 3733 5793 προτρέπεται.

2195 5821 2291 5885 Τίς
2319 5814 2410 5873 οὖν
2437 5821 2583 5873 ἔστιν
2609 5818 2746 5890 αὕτη
2768 5837 2782 5886 ;
2813 5817 2949 5871 Θεοῦ
2976 5818 3135 5889 μόνου
3162 5818 3256 5871 καὶ
3279 5818 3387 5872 τῶν
3412 5816 3560 5869 θείων
3580 5810 3729 5875 ἀπλή-

2204 5927 2340 5976 στως
2368 5912 2500 5983 ὲρᾷν
2523 5928 2536 5943 ·
2572 5909 2709 5981 αὕτη
2744 5909 3023 5976 πλεονεξία
3053 5908 3212 5981 καλὴ,
3246 5909 3307 5964 τὸ
3336 5908 3422 5965 ἀεὶ
3459 5906 3623 5962 ποθεῖν
3652 5896 3729 5953 καὶ
