3818 6504
61 364 131 433 ω
1028 371 1095 425 IN
1133 372 1445 429 canaram
1482 375 1599 431 aut

1707 376 1762 433 [Α
1804 376 1863 433 S.
1900 378 2250 436 GREGOllll.

59 476 201 553 βητεῖν
220 477 281 532 τὸ
314 477 609 550 πρόσωπον
638 478 731 533 τοῦ
757 478 897 534 Θεοῦ
941 481 1135 537 ἰακὼό
1160 487 1217 539 ὲν
1237 486 1459 558 Χριστῷ
1494 488 1599 558 Ἰη-

92 572 142 637 ἱὸ,
163 570 216 633 ὃς
240 572 357 635 τοῖς
385 570 753 642 λαμϐάνουσιν
786 573 947 627 αύτδν
986 574 1068 629 ἔτι
1110 578 1433 649 προσδίδωσι
1464 580 1600 650 μᾶλ-

104 688 118 717 ι
145 664 355 717 ἑαυτόν·
390 663 641 717 τοσοῦτον
679 664 789 735 γάρ
832 665 1027 736 ἀπέχει
1066 668 1160 721 τοῦ
1194 670 1602 741 ἀποτρέπεσθαι

94 756 517 826 ἁποττρέφεσθαι
545 759 673 824 τοὺς
702 759 1021 829 έγγίζοντας
1051 760 1219 832 αὐτῷ,
1244 763 1326 815 ὅτι
1355 764 1451 817 καὶ
1474 764 1604 835 μᾶλ-

143 849 260 920 διψᾷ
282 850 348 903 τὸ
375 850 656 920 διψᾶσθαι,
691 852 720 905 ὅ
743 852 862 905 ἐστι
894 852 1051 905 ποθεῖ
1074 852 1136 906 τὸ
1164 853 1470 921 ποθεῖσθαι,
1507 854 1604 908 καὶ

97 944 165 995 lsi
199 943 258 997 τὺ
298 942 660 1010 ἀγαπᾶσθαι,
688 943 777 997 καὶ
828 942 1077 1012 ἀφθόνως
1128 943 1214 997 ἀεὶ
1257 945 1448 999 ἑαυτὸν
1489 947 1600 1009 τοῖς

46 934 165 1191 E4?
199 943 258 997 τὺ
298 942 660 1010 ἀγαπᾶσθαι,
688 943 777 997 καὶ
828 942 1077 1012 ἀφθόνως
1128 943 1214 997 ἀεὶ
1257 945 1448 999 ἑαυτὸν
1489 947 1600 1009 τοῖς

132 1036 271 1097 παῖς
303 1034 475 1088 αὐτοῦ
499 1034 822 1106 χαρίζεταιο
866 1035 1080 1089 τοιοῦτο
1107 1037 1217 1108 γὰρ
1250 1038 1283 1108 ή
1318 1037 1600 1109 ὑπεράγα-

128 1126 455 1191 ἀγαθαρχία,
483 1127 574 1181 διά
598 1126 711 1179 τῶν
736 1127 1069 1191 ¹ιταναγάθων
1095 1128 1190 1182 καὶ
1214 1129 1600 1191 πνευματικῶν

128 1126 455 1197 ἀγαθαρχία,
483 1127 574 1181 διά
598 1126 711 1179 τῶν
736 1127 1069 1195 ¹ιταναγάθων
1095 1128 1190 1182 καὶ
1214 1129 1600 1200 πνευματικῶν

44 1220 185 1289 ubi;
228 1218 456 1289 δωρεῶν
514 1221 631 1282 τοῖς
680 1218 1022 1290 ἀπληρώτως
1069 1219 1237 1290 αὐτῆς
1289 1220 1601 1290 ἐφιεμένοις

48 1309 500 1381 ανεισερχομένη.
542 1309 634 1363 Ἐν
671 1310 883 1373 τούτοις
922 1310 1165 1381 μόνοιςὴ
1203 1310 1476 1380 ἀπληστία
1505 1311 1599 1364 καὶ

50 1401 288 1467 πλεονεξία
319 1401 614 1457 κάλλιστον
641 1404 723 1457 ὅτι
755 1403 1012 1473 μάλιστα,
1042 1404 1137 1457 καὶ
1167 1404 1601 1477 ἁγιοπρεπέστα-

46 1515 132 1563 τον,
166 1498 252 1550 καὶ
285 1497 537 1550 τέλειονο
575 1500 633 1551 ὲν
670 1500 782 1562 τοῖς
821 1502 1153 1569 σωματικοῖς
1178 1499 1234 1552 δὲ
1274 1500 1368 1552 καὶ
1410 1498 1599 1571 ζηλου-

50 1593 193 1661 pet-ot;
214 1588 473 1653 πλούτοις
510 1591 607 1643 καὶ
630 1588 811 1654 δόξαις
840 1591 935 1644 καὶ
964 1593 1095 1645 πᾶσι
1132 1594 1246 1655 τοῖς
1283 1590 1465 1663 ῥέουσι
1507 1592 1599 1644 καὶ

49 1680 444 1751 παρερχομένοις
486 1680 582 1732 τοῦ
613 1680 708 1733 νῦν
748 1680 942 1745 αίῶνος
984 1681 1207 1748 ἀγαθοῖς
1237 1682 1501 1751 ήττᾶσθαί
1538 1701 1599 1736 τε

47 1773 116 1824 ni
157 1771 211 1823 τὸ
253 1770 483 1823 ἔλαττον
534 1770 700 1839 ἔχειν,
752 1768 900 1833 ἄξιον
949 1770 1205 1841 εὐμαρῶς
1262 1770 1599 1841 ὑπομένοντα

47 1862 167 1931 χάριν
192 1859 392 1913 εἰδέναι
415 1862 484 1930 τῇ
523 1859 700 1931 ἀγαθῇ
727 1861 821 1913 καὶ
847 1860 1171 1931 παντουργῷ
1197 1861 1451 1932 Προνοίᾳ.

50 2084 121 2138 ll9
141 2081 228 2150 Μὴ
254 2080 463 2133 πάντα
492 2078 673 2146 νικᾷν
690 2079 828 2150 μηδ’
864 2078 955 2133 ἀεὶ
982 2077 1267 2148 σπουδὴν
1302 2078 1428 2148 ἔχε.

96 2196 281 2267 Ὥστερ
304 2194 461 2247 ἔστιν
491 2192 757 2264 ἡττᾶσθαι
786 2191 967 2256 καλῶς
990 2191 1084 2245 καὶ
1110 2190 1317 2259 κακῶς,
1340 2190 1483 2244 οὓτω
1503 2192 1595 2244 καὶ

48 2289 164 2359 xxxiv
184 2286 471 2357 ὲνθέσμως
509 2285 606 2339 καὶ
632 2283 887 2353 ἁθέσμως
911 2300 925 2314 ο
952 2284 1181 2354 ἡττᾶται
1211 2282 1312 2353 μὲν
1350 2280 1531 2345 καλῶς
1568 2282 1596 2334 ὁ

48 2378 288 2450 ςιλοσοφίᾳ
339 2380 551 2451 ἀρίστῃ
606 2376 699 2432 καὶ
742 2375 1217 2447 ταπεινοφροσύνῃ
1264 2373 1594 2445 εὐαγγελικῇ

49 2474 174 2525 εἰσιν
217 2470 470 2525 ὑπείκων
503 2471 617 2532 τοῖς
654 2467 899 2523 ἀδικοῦσι
925 2509 942 2535 ,
990 2468 1084 2521 καὶ
1142 2467 1220 2538 μὴ
1252 2465 1596 2538 ἀμυνόμενος

47 2567 139 2627 to);
177 2562 593 2635 ὲπηρεάζοντας
642 2560 835 2615 αὐτόν’
890 2561 1117 2631 ἡττᾶται
1164 2559 1221 2612 δὲ
1269 2556 1453 2622 κακῶς
1502 2557 1596 2611 καί

48 2657 203 2719 ἀθλίως
234 2658 263 2710 ὁ
294 2654 410 2710 ὑπὸ
444 2653 619 2725 θυμοῦ
667 2653 700 2724 ἧ
748 2652 1043 2724 ἐπιθυμίας
1082 2652 1277 2721 ἀλόγου
1305 2650 1598 2723 τυραννούρ

50 2763 189 2815 μενος,
214 2745 309 2800 καὶ
344 2743 595 2813 ἀγεννῶς
622 2742 760 2815 πρὸς
796 2744 895 2813 τὴν
932 2742 1211 2814 ἁμαρτίαν
1243 2742 1595 2813 ἀπαγόμενος

48 2839 114 2891 nl
140 2835 664 2910 έκπολιορκούμενος
683 2853 696 2866 ·
730 2833 992 2899 ὡσαύτως
1028 2836 1158 2906 νικᾷ
1191 2834 1289 2904 μὲν
1320 2834 1598 2905 ὲνθέσμως

48 2932 114 2982 ul
134 2930 388 2998 ἀσφαλῶς
435 2929 464 2981 ὀ
496 2925 577 2998 τῷ
624 2925 817 2997 ἀγαθῷ
849 2928 943 2980 καὶ
968 2926 1246 2997 εὐαρέστῳ
1276 2927 1369 2979 καὶ
1406 2926 1597 2997 τελείῳ

45 3022 149 3076 θεοῦ
187 3022 462 3094 θελήματι
508 3022 636 3093 ἄχρι
680 3020 871 3084 τέλους
921 3019 1338 3091 ἀμετακινήτως
1378 3018 1595 3089 ἱδρυμέ-

46 3132 127 3179 νος,
152 3116 268 3187 νικᾷ
295 3114 361 3168 δὶ
398 3113 656 3184 ἀθέσμως
682 3110 774 3165 καὶ
801 3109 1086 3183 σφαλερῶς
1111 3113 1138 3165 ὁ
1155 3110 1233 3182 τῷ
1259 3110 1359 3181 τῆς
1387 3109 1600 3174 ἀδικίας

46 3206 115 3257 ui
139 3204 451 3277 τυραννίδος
475 3202 669 3275 κράτει
692 3201 1134 3273 κατευμεγεθῶν,
1165 3201 1260 3254 καὶ
1284 3201 1393 3253 τῶν
1407 3198 1598 3256 ἀθὼων

45 3296 441 3370 γαθυπρτερῶν
473 3295 567 3350 καὶ
593 3293 974 3358 κατακτιννύς.
1003 3294 1075 3347 Σὺ
1105 3289 1219 3358 οὖν,
1250 3286 1295 3346 ὧ
1320 3292 1597 3362 ἀγωνιστά

43 3388 114 3441 τοῦ
137 3388 424 3444 ἀθλοθέτω
458 3384 719 3460 Χριστοῦ,
755 3386 783 3439 ό
814 3384 1078 3457 ἀλείπτης
1117 3384 1217 3455 τῆς
1249 3384 1450 3455 ἀρετῆς
1490 3401 1598 3438 πα-

47 3483 256 3551 ρααλεῖ,
294 3482 380 3554 μὴ
414 3482 495 3546 είς
528 3481 711 3535 πάντα
761 3479 832 3533 τὰ
870 3479 1203 3552 νομιζόμενα
1236 3475 1375 3534 εἶναι
1419 3476 1602 3548 ἀγαθά

45 3577 167 3646 νικᾷν
198 3572 552 3642 διαγωνίζου,
580 3573 694 3627 ἀλλ’
715 3574 794 3636 είς
831 3572 969 3644 μόνα
993 3571 1061 3626 τὰ
1090 3571 1258 3636 ὅντως
1286 3571 1415 3625 ὄντα
1438 3569 1599 3636 καλὰ,

46 3667 95 3720 τὰ
121 3667 234 3721 θεῖα
264 3666 476 3738 δηλαδὴ
509 3664 605 3719 καὶ
648 3662 1018 3735 πνευματικὰ,
1056 3663 1151 3717 καὶ
1198 3663 1279 3725 είς
1315 3661 1486 3716 ταῦτα
1526 3661 1601 3733 μὴ

46 3758 112 3811 ἀεὶ
150 3759 243 3814 καὶ
288 3758 575 3831 ἀκαίρως,
619 3758 735 3812 ἀλλ’
789 3757 917 3811 ὅταν
967 3758 996 3810 ὁ
1044 3755 1231 3819 δεκτὸς
1280 3750 1314 3828 ᾗ
1366 3754 1593 3825 καιρός·

46 3852 267 3920 κρεῖσσον
301 3851 417 3923 γὰρ
470 3849 790 3919 κρατεῖσθαι
826 3850 922 3903 καὶ
965 3848 1261 3911 νικᾶσθαι,
1293 3845 1373 3917 τῷ
1426 3846 1601 3917 Ἰησοῦ

45 3942 242 3999 καὶτῶν
272 3943 445 3998 αὑτοῦ
467 3942 723 4014 μαθητῶν
740 3942 1095 4013 ὑποδείγματι
1119 3957 1375 3994 ταπεινου
1380 3939 1600 4011 μένους,

44 4032 70 4103 ἢ
96 4035 239 4104 νικᾷν
268 4033 371 4088 καὶ
399 4034 625 4103 κρατεῖν
652 4032 1049 4103 ἐπαιρομένους
1075 4030 1171 4086 καὶ
1205 4030 1346 4086 κατὰ
1372 4030 1472 4102 τὴν
1494 4032 1604 4084 τῶν

43 4124 225 4179 ἁτεὸῶν
271 4124 598 4196 ἰξομοίωσιν
637 4122 1056 4195 κατακυριεύειν
1088 4122 1197 4177 τῶν
1242 4121 1482 4175 εὑσεὸῶν
1509 4122 1604 4175 καὶ

43 4216 306 4270 ταπεινῶν.
347 4213 526 4279 Ἐστι,
561 4213 717 4283 φησι,
763 4213 859 4268 καὶ
890 4214 1017 4277 τοὺς
1048 4214 1106 4266 ἐν
1148 4212 1226 4283 τῷ
1270 4212 1463 4283 κόσμῳ
1498 4229 1601 4264 πα-

44 4304 264 4371 λαίοντας
308 4307 443 4378 ὁρᾶν
489 4305 550 4358 οὐ
598 4304 817 4369 πάντως
873 4304 1278 4375 κρατουμένους
1320 4302 1399 4373 τῷ
1450 4302 1603 4357 κάτω

41 4401 222 4453 πεσεῖν·
254 4397 760 4469 ὑποκαωκλιθῆναι
790 4396 899 4469 γὰρ
922 4396 1069 4449 ἔστιν
1096 4396 1185 4450 ὅτε
1211 4395 1463 4460 δόξαντες
1484 4398 1601 4460 τοῖς

41 4490 331 4553 ἀντιπάλοις
363 4489 460 4544 καὶ
493 4487 711 4560 χαμᾶζε
742 4490 949 4553 πεσεῖν,
989 4485 1086 4541 εἶτ’
1126 4487 1456 4552 ἐξαπιναίως
1502 4486 1603 4553 λὰξ

42 4584 140 4635 κατ’
177 4582 356 4637 αὐτῶν
398 4581 722 4652 ὲναλάμενοι
772 4580 868 4633 καὶ
898 4579 1275 4650 ἀναθορόντες,
1311 4579 1599 4652 ὑπέρθετοι

39 4674 221 4728 τούτων
265 4674 757 4728 καταδείκνυνται⁶
789 4671 961 4736 οὕτως
994 4673 1043 4724 οί
1092 4671 1181 4724 διὰ
1225 4671 1316 4725 τὸν
1364 4670 1601 4743 Χριστὸν

42 4766 119 4817 καὶ
145 4765 239 4837 τὴν
273 4765 499 4836 ἐντολὴν
532 4766 645 4827 τοῖς
671 4764 957 4834 τυραννεῖν
990 4762 1237 4817 εἰωθόσιν
1271 4763 1604 4817 ὑποπίπτον-

38 4871 136 4922 τες,
162 4859 220 4910 ὲν
242 4860 309 4929 τῇ
335 4856 669 4911 ταπεινώσει
702 4855 882 4909 αὐτῶν
916 4854 1304 4926 ὑπερνικῶσιν,

41 4969 129 5025 153
153 4970 255 5025 Καὶ
274 4968 482 5040 (mum?
507 4986 589 5023 τι·
620 4939 797 5023 τοῦτο
822 4967 1037 5037 κέρδος
1058 4964 1378 5033 πολλάκις.

100 5125 298 5197 Ὠσπερ
325 5124 428 5179 οὐκ
457 5124 537 5187 είς
568 5121 746 5177 πάντα
774 5121 883 5175 οὐδ’
910 5120 999 5175 ἀεὶ
1020 5120 1079 5173 τὸ
1108 5120 1264 5189 νικᾷν
1296 5115 1597 5183 ἐπαινετὸν,

42 5218 141 5271 ἀλλ’
180 5219 298 5272 οὐδὲ
341 5218 404 5271 τὸ
447 5215 702 5269 νικᾶσθαι
732 5217 750 5285 (
775 5215 933 5284 νικᾶν
971 5212 1081 5284 γὰρ
1129 5213 1185 5264 ὲν
1218 5208 1295 5281 τῷ
1323 5206 1509 5279 ἀγαθῷ
1540 5207 1601 5262 τὸ

42 5311 212 5379 κακὸν,
235 5311 350 5365 ἀλλ’
381 5310 441 5361 οὐ
472 5307 725 5362 νικᾶσθαι
754 5307 859 5360 ὑπὸ
893 5304 987 5358 τοῦ
1018 5303 1190 5357 κακοῦ
1227 5300 1599 5373 παραγγελλό-

43 5401 169 5471 μεθα
187 5402 204 5472 )
223 5420 235 5433 ·
259 5401 433 5464 οὕτως
455 5400 577 5453 οὐδὲ
597 5399 659 5452 τὸ
688 5398 991 5472 κερδαίνειν
1013 5397 1101 5451 ἀεὶ
1127 5397 1353 5466 ἀγαθὸν,
1376 5396 1409 5468 ἢ
1432 5394 1599 5453 κακὸν

38 5491 93 5545 τὸ
132 5492 485 5565 ζημιοῦσθαι’
529 5491 799 5546 ἀνάπαλιν
835 5491 892 5545 δὲ
944 5489 1239 5561 συμϐαῖνον
1288 5490 1596 5559 θεωρεῖται.

42 5582 233 5658 Ὠσπερ
266 5585 376 5657 γὰρ
406 5587 442 5657 η
473 5584 619 5656 κακὴ
649 5583 772 5655 νίκη
798 5624 813 5650 ,
844 5575 980 5653 ἧττα
1029 5574 1311 5655 προφανὴς
1330 5624 1344 5648 ,
1373 5579 1512 5655 ἧττα
1543 5580 1601 5634 δὲ

42 5672 186 5745 καλὴ,
208 5674 329 5745 νίκη
360 5674 597 5746 ὑπάρχει
629 5672 833 5745 ἀληθής
855 5690 866 5703 ·
903 5672 1076 5737 οὕτως
1104 5673 1293 5744 κέρδος
1320 5672 1417 5744 μὲν
1453 5670 1600 5723 ἔστιν

40 5764 119 5817 ὅτε
147 5768 450 5838 σωματικὸν
484 5767 657 5838 ζημία
682 5768 914 5838 μεγίστη
936 5767 1013 5839 τῷ
1043 5766 1401 5839 κερδαίνοντι,
1428 5763 1602 5835 ζημία

42 5856 91 5910 δὲ
126 5854 271 5926 αὖθις
303 5862 383 5927 είς
410 5859 601 5935 κέρδος
626 5860 806 5935 ἀπέϐη
836 5859 914 5934 τῷ
944 5860 1313 5935 ζημιουμένῳ.
1350 5856 1459 5914 Καὶ
1486 5855 1594 5929 γὰρ

3176 392 3281 447 822

1704 489 1841 545 bitio
1871 491 2036 554 bona,
2078 507 2293 563 semper
2321 492 2670 550 desiderandi
2698 501 2751 550 et
2777 500 3057 568 quaerendi
3085 501 3279 563 faciem

1707 578 1803 634 Dei
1836 578 2009 636 Jacob
2039 582 2094 636 in
2122 580 2341 637 Christo
2380 582 2509 638 Jesu
2560 585 2654 654 qui
2710 588 3140 658 suscipientibus
3193 595 3281 666 ip-

1706 685 1827 725 sum
1860 672 2035 743 magis
2070 673 2251 728 adhuc
2280 690 2339 729 se
2363 675 2552 740 tradit,
2598 685 2812 732 tantum
2866 682 3013 737 enim
3061 686 3284 743 absistit

1702 776 1772 816 ne
1823 762 1893 816 ad
1926 763 2031 817 alia
2080 780 2139 820 se
2184 776 2399 821 vertant
2433 766 2527 836 qui
2577 766 2756 838 ipsum
2797 774 3280 846 appropinquant,

1704 861 1763 907 ut
1802 854 1981 925 magis
2014 855 2166 910 sitiat
2189 863 2249 910 ut
2286 857 2360 911 sit
2387 858 2511 913 sitis
2540 858 2607 913 de
2650 859 2791 929 ipso,
2827 862 2931 917 hoc
2978 877 3080 931 est,
3132 869 3279 926 desi-

1701 948 1883 1002 derari
1922 948 2219 1013 desiderat,
2259 960 2405 1005 amat
2436 952 2609 1007 amari
2642 960 2696 1007 et
2729 947 2907 1019 ipsum
2968 960 3280 1016 amantibus

1702 1040 1907 1110 absque
1934 1040 2139 1095 invidia
2167 1058 2384 1113 semper
2418 1060 2477 1100 se
2508 1045 2757 1115 largitur.
2810 1045 2991 1118 Usque
3029 1066 3094 1105 eo
3136 1054 3278 1107 enim

1702 1135 2145 1201 superexcellens
2198 1137 2533 1207 principium
2598 1141 2779 1196 omnis
2858 1142 3122 1200 bonitatis
3187 1162 3284 1216 per

1700 1222 1844 1277 dona
1876 1240 1939 1277 ex
1969 1226 2120 1279 onmi
2156 1236 2311 1296 parte
2344 1230 2485 1283 bona
2526 1237 2577 1284 et
2601 1232 2912 1302 spiritualia
2943 1236 3028 1290 his
3064 1238 3157 1306 qui
3207 1238 3286 1291 in-

1702 1314 2030 1370 satiabiliter
2074 1317 2277 1373 fontem
2336 1320 2600 1377 bonitatis
2635 1324 2971 1389 desiderant,
3011 1344 3069 1382 se
3102 1329 3283 1383 immi-

1700 1412 1836 1460 scet.
1864 1404 1922 1459 ln
1952 1406 2039 1461 bis
2070 1409 2202 1464 solis
2231 1409 2393 1466 donis
2423 1412 2753 1468 insatiabilis
2776 1417 3011 1471 aviditas
3038 1426 3092 1472 et
3116 1422 3285 1474 ambi-

1700 1495 1777 1548 tio
1816 1511 1979 1565 quam
2017 1499 2256 1554 maxime
2284 1500 2426 1555 bona
2479 1511 2565 1557 est
2605 1512 2659 1557 et
2704 1507 2912 1561 sanctis
2952 1510 3283 1563 conveniens

1699 1596 1750 1639 et
1780 1586 2052 1655 perfecta;
2088 1587 2142 1641 in
2180 1591 2568 1659 corporalibus
2594 1607 2723 1647 vero
2744 1601 2798 1649 et
2833 1596 2992 1651 avide
3035 1599 3280 1668 quaesitis

1700 1676 1905 1733 divitiis
1932 1686 1985 1733 et
2016 1678 2187 1749 gloria
2220 1689 2273 1736 et
2304 1683 2558 1739 omnibus
2586 1683 2881 1741 ﬂuentibus
2910 1697 2963 1742 et
2999 1698 3283 1746 transeun-

1700 1764 1849 1823 tibus
1909 1767 2010 1821 αινὶ
2037 1769 2181 1837 quod
2218 1786 2363 1825 nunc
2394 1780 2477 1827 est
2503 1773 2687 1838 bonis,
2726 1777 2960 1833 minoris
3004 1781 3178 1849 partis
3226 1791 3281 1835 et

1701 1855 1905 1925 gradus
1925 1873 2066 1923 esse,
2098 1860 2322 1931 dignum
2364 1870 2449 1917 est
2500 1863 2731 1920 tolerare
2769 1874 2824 1921 et
2870 1870 3075 1938 gratias
3120 1886 3281 1940 agere

1704 1950 1861 2005 bona:
1888 1960 1942 2005 et
1967 1952 2214 2007 omnium
2263 1957 2559 2025 operatrici
2588 1957 2973 2016 Providentiae.

1700 2086 1802 2143 H9
1843 2086 1955 2143 Nec
1989 2090 2167 2144 omnia
2199 2107 2290 2145 nec
2328 2109 2529 2163 semper
2553 2095 2752 2151 vincere
2776 2097 3011 2152 studeas.

1777 2189 2249 2260 Quemadmodum
2299 2210 2382 2256 est
2420 2201 2565 2255 vinci
2598 2202 2712 2257 sive
2752 2203 2909 2269 bene,
2951 2207 3065 2260 sive
3101 2213 3239 2263 male
3263 2251 3277 2272 ,

1712 2285 1790 2342 sic
1823 2296 1905 2342 est
1951 2290 2179 2347 victoria
2230 2293 2471 2364 legitime
2503 2302 2597 2349 aut
2634 2295 2824 2350 illicite
2862 2316 2875 2351 :
2924 2298 3063 2354 bene
3105 2303 3282 2357 victus

1697 2375 1843 2431 cedit
1861 2377 2539 2447 quiphilosophiaOptima
2565 2380 2941 2433 ethumihtate
2967 2382 3281 2447 evangelica

1698 2470 2044 2540 obtemperat
2089 2469 2347 2525 omnibus
2384 2469 2590 2540 injuste
2634 2470 2922 2540 agentibus
2966 2479 3020 2524 et
3056 2470 3124 2524 de
3174 2469 3281 2525 sibi

1699 2561 2025 2616 nocentibus
2058 2560 2321 2615 ultionem
2344 2577 2453 2616 non
2484 2561 2688 2631 exigit;
2724 2562 2863 2615 male
2887 2568 3143 2615 autemet
3176 2562 3282 2615 mi-

1698 2650 2009 2704 serabiliter
2040 2650 2280 2704 vincitur
2310 2666 2471 2721 quem
2504 2651 2583 2705 ira
2602 2659 2656 2705 et
2689 2650 2963 2705 desideria
2996 2667 3025 2703 a
3068 2651 3285 2704 ratione

1700 2757 1891 2797 aversa
1913 2742 2265 2798 dominantur
2288 2752 2343 2799 et
2376 2744 2568 2816 ignave
2595 2745 2660 2797 ad
2694 2750 2976 2814 peccatum
3015 2742 3284 2796 inducunt

1698 2844 1753 2893 et
1797 2848 2129 2908 expugnarat.
2183 2839 2307 2893 Pari
2362 2838 2524 2893 modo
2566 2838 2807 2909 legitime
2849 2845 2905 2892 et
2944 2844 3064 2892 tuto
3112 2836 3286 2891 vincit

1700 2930 1793 3000 qui
1832 2930 1885 2983 in
1918 2931 2059 2984 bona
2085 2938 2141 2985 et
2184 2930 2421 3001 placenti
2474 2938 2529 2985 et
2581 2929 2820 3001 perfecta
2867 2929 2962 2984 Dei
3001 2930 3286 2984 voluntate

1701 3038 1877 3091 usque
1908 3023 1974 3077 ad
2010 3021 2398 3092 perfectionem
2429 3023 2639 3093 absque
2668 3023 3049 3077 immutatione
3074 3022 3279 3077 conﬁr-
3308 3042 3389 3099 ,ηρ

1704 3123 1913 3183 matur;
1954 3115 2125 3169 vincit
2169 3130 2297 3171 vero
2348 3116 2541 3172 illicite
2565 3124 2619 3170 et
2656 3114 2968 3185 periculose
3014 3114 3108 3185 qui
3139 3113 3293 3183 inju-s

1706 3206 1869 3262 stitia:
1892 3214 1946 3263 et
1974 3208 2280 3279 tyrannidis
2312 3206 2690 3262 dominatione
2732 3206 2987 3275 praevalet
3036 3214 3091 3261 et
3128 3207 3288 3260 inno-

1704 3306 1891 3351 centes
1950 3297 2211 3366 opprimit
2270 3304 2324 3350 et
2386 3305 2609 3351 mactat.
2670 3295 2752 3349 Tu
2802 3311 3012 3365 ergo,o
3082 3294 3286 3350 athleta

1704 3387 2141 3458 Cbristijudicis
2180 3389 2235 3443 in
2258 3388 2581 3451 certamine,
2628 3389 2818 3443 incitat
2868 3384 3288 3442 virtutis'insti-

1704 3486 1874 3545 tutor,
1908 3497 1975 3535 nc
2007 3480 2063 3535 in
2116 3481 2372 3536 omnibus
2416 3496 2541 3550 quae
2571 3487 2831 3549 putantur
2878 3478 3021 3533 bona
3069 3478 3289 3533 vincere

1704 3580 1904 3639 certes,
1943 3573 2037 3627 sed
2076 3573 2129 3626 in
2180 3572 2267 3628 bis
2324 3572 2459 3627 solis
2518 3587 2641 3642 qua
2704 3572 2846 3626 bona
2895 3586 3086 3625 revera
3136 3578 3285 3632 sunt,

1706 3664 1916 3719 scilicet
1948 3666 2132 3719 divina
2165 3672 2219 3719 et
2242 3663 2577 3734 spiritualia;
2610 3674 2662 3719 et
2686 3664 2741 3717 in
2767 3663 2852 3717 bis
2875 3670 2960 3718 ‘ne
2995 3676 3213 3736 semper
3233 3670 3288 3715 et

1706 3756 2091 3827 intempestive
2142 3756 2483 3820 contendas,
2527 3756 2626 3811 sed
2668 3755 2892 3826 quando
2948 3761 3169 3824 tempus
3203 3764 3288 3808 est

1707 3850 2061 3919 acceptabile.
2110 3849 2303 3905 Melius
2342 3855 2426 3904 est
2465 3848 2611 3902 enim
2666 3864 2696 3901 ιι
2737 3847 2869 3903 Jesu
2913 3854 2968 3901 et
3022 3846 3288 3916 exemplis

1707 3940 2103 4010 discipulorum
2174 3941 2294 4010 ejus
2358 3940 2679 3994 humiliatos
2751 3937 2896 3992 vinei
2934 3935 3280 4005 etsuperari,

1707 4048 1869 4103 quam
1900 4048 2023 4089 sese
2051 4033 2375 4088 extollentes
2404 4032 2685 4086 vincereet
2704 4043 2973 4103 superare
3003 4036 3057 4083 et
3081 4027 3149 4081 ad
3179 4026 3285 4080 im‘

1708 4126 1923 4194 piorum
1961 4139 2210 4178 normam
2243 4124 2298 4177 in
2333 4123 2454 4194 pios
2486 4132 2540 4177 et
2572 4123 2810 4176 humiles
2837 4119 3131 4175 dominari.
3165 4117 3284 4182 Est,

1708 4214 1907 4283 inquit,
1941 4222 1995 4268 et
2029 4214 2083 4267 in
2117 4213 2322 4267 mundo
2360 4218 2638 4267 certantes
2689 4209 2877 4266 videre
2902 4222 3011 4261 non
3057 4204 3287 4260 omnino

1706 4306 1884 4361 victos
1932 4320 1998 4361 eo
2042 4304 2188 4375 quod
2240 4304 2471 4359 inferius
2520 4302 2872 4366 ceciderunt;
2915 4299 3094 4354 evenit
3138 4297 3283 4352 enim

1707 4396 1925 4468 quando
1957 4394 2598 4452 succubuissehostibus
2628 4393 2732 4449 visi
2774 4400 2904 4447 sunt
2936 4398 2991 4446 et
3020 4390 3170 4445 humi
3200 4390 3285 4460 ja-

1708 4492 1913 4556 cuisse,
1947 4490 2042 4560 qui
2070 4489 2257 4544 subito
2299 4489 2435 4560 pede
2478 4487 2788 4543 insilientes
2830 4486 2883 4539 in
2937 4482 3286 4537 adversarios

1711 4594 1766 4640 et
1796 4592 2083 4654 surgentes
2113 4583 2429 4652 superiores
2455 4587 2756 4651 apparent;
2779 4578 2862 4634 sic
2910 4578 3003 4648 qui
3063 4584 3284 4646 propter

1711 4677 1989 4731 Christum
2020 4685 2075 4729 et
2106 4675 2363 4729 mandata
2397 4675 2500 4730 sub
2532 4673 2600 4727 iis
2630 4672 2725 4741 qui
2760 4668 3106 4740 tyrannidem
3130 4681 3288 4720 exer-

1707 4786 1832 4826 cere
1861 4769 2041 4825 solent
2070 4768 2531 4831 succumbunt,in
2553 4764 2861 4820 humilitate
2890 4777 2992 4818 sua
3012 4762 3283 4815 vicerunt.

1708 4948 1811 5003 153
1866 4947 2249 5001 Detrimentum
2315 4942 2529 5012 aliquod
2578 4942 2821 5011 patiare;
2974 4938 3112 4993 enim
3151 4954 3288 5062 εμνε

2907 5026 3089 5063 acrum
3113 5026 3165 5064 es
3198 5047 3213 5061 .

2907 5026 3089 5063 uerum
3113 5026 3213 5064 εει.

1780 5109 1936 5165 Sicut
1972 5124 2071 5163 nec
2102 5111 2156 5162 in
2188 5105 2445 5161 omnibus
2493 5121 2591 5159 nec
2639 5119 2856 5173 semper
2901 5103 3119 5155 vincere
3167 5103 3288 5154 lau-

1704 5204 1905 5266 dabile,
1940 5201 2033 5257 sed
2090 5216 2191 5255 nec
2240 5199 2402 5264 vinci,
2456 5212 2692 5267 namque
2743 5195 2810 5248 ad
2857 5194 3186 5249 vincendum
3230 5192 3287 5247 in

1703 5298 1847 5353 bono
1876 5296 2099 5359 malum,
2138 5308 2243 5347 non
2278 5306 2406 5346 vero
2440 5290 2583 5343 vinci
2618 5304 2648 5341 a
2688 5287 2831 5342 malo
2858 5287 3180 5341 imitamur:
3208 5286 3288 5341 sic

1706 5405 1809 5444 nec
1874 5385 2075 5440 lucrari
2132 5398 2345 5453 semper
2408 5383 2639 5450 bonum,
2696 5386 2789 5434 aut
2864 5378 3068 5431 malum
3116 5376 3287 5431 detri—

1709 5487 1951 5537 mentum
2002 5476 2151 5548 pati;
2195 5484 2250 5532 et
2308 5490 2523 5529 rursum
2569 5472 2715 5543 quod
2770 5471 2953 5527 evenit
3014 5470 3284 5525 videmus.

1705 5568 2175 5639 Quemadmodum
2209 5567 2353 5621 enim
2402 5565 2543 5617 mala
2576 5564 2803 5627 victoria
2850 5562 3033 5618 clades
3061 5568 3146 5615 est
3174 5560 3287 5614 evi-

1705 5666 1863 5728 dens,
1894 5661 2077 5718 clades
2102 5676 2233 5715 vero
2281 5659 2422 5714 bona
2473 5672 2599 5711 vera
2650 5657 2877 5711 victoria
2930 5660 3033 5717 est,
3086 5652 3167 5706 sic
3200 5656 3288 5705 est

1704 5759 1919 5814 lucrum
1952 5752 2095 5827 quod
2128 5753 2195 5808 de
2248 5749 2627 5821 corporalibus
2670 5763 2925 5818 magnum
2982 5744 3281 5801 detrimen-

1705 5863 1821 5912 tum
1852 5850 2006 5908 alfert
2036 5845 2305 5915 lucranti,
2340 5861 2370 5902 e
2405 5849 2598 5901 contra
2628 5840 3015 5907 detrimentum
3051 5834 3193 5913 quod
3225 5834 3284 5896 in
