3814 6516
68 426 158 485 8‘35

73 540 317 615 wgiuyia,
342 534 469 605 πρὸς
497 535 552 588 δὲ
579 534 675 589 καὶ
706 536 865 607 ζῆλος
898 538 1163 611 φονώδηςο
1194 541 1251 605 ὃς
1271 544 1417 597 ἐστιν
1437 545 1608 615 ὀργῆς

74 637 235 706 ἔξαψις
270 630 357 684 καὶ
384 627 553 680 λύσσα
574 644 587 658 ο
632 627 706 692 ὡς
742 630 930 700 πόρρω
971 631 1070 702 μὲν
1110 632 1205 685 τοῦ
1236 633 1440 703 ἀγαθοῦ
1470 637 1606 689 ἀπο-

70 723 397 795 διοικιζόμενα
420 761 434 783 ,
470 719 697 791 δαίμονα
737 720 793 773 δὲ
836 719 1042 775 τούτων
1075 724 1304 779 ἕκαστον
1358 726 1606 798 ἀνάπτην

72 822 149 875 καὶ
190 811 608 883 ἐπισπουδαστην
652 812 1094 885 κεκληρωμένον,
1125 811 1205 880 οἷς
1238 816 1305 871 ἂν
1334 819 1605 887 ἐπισφρα-

70 914 245 980 γίσειεν
280 902 494 975 ἀφανῶς
535 905 933 975 ἐπιτιθέμενον,
965 905 1063 977 τὴν
1098 908 1359 979 φρόνησιν
1397 909 1607 974 τούτοις

69 1002 337 1065 ἐπικλύζει,
368 998 458 1051 καὶ
486 996 576 1051 τὸν
609 999 768 1070 ὀρθὸν
789 999 946 1068 λόγον
974 1003 1348 1071 παραιρεῖται.
1381 1002 1478 1065 Τίς
1510 998 1606 1056 οὖν

67 1103 93 1169 ἡ
129 1094 312 1149 τούτων
347 1089 484 1153 ἴασις
536 1092 628 1143 καὶ
675 1091 982 1161 θεραπείας
1025 1093 1190 1165 Τῆξις
1238 1092 1490 1165 σώματος
1538 1094 1606 1148 δι’

68 1191 219 1259 ἄκρας
239 1182 479 1254 νηστείας
498 1198 556 1233 τε
582 1183 674 1235 καὶ
700 1184 1026 1254 ἀγρυπνίας,
1050 1186 1327 1257 προσευχὴ
1354 1185 1610 1256 διηνεκὴς

67 1284 146 1335 καὶ
169 1275 525 1346 ἀνατεταμένη
559 1277 693 1346 πρὸς
714 1278 805 1329 τὸν
835 1277 1062 1348 Κύριον,
1098 1278 1335 1349 δάκρυον
1366 1278 1428 1344 ἐξ
1456 1279 1608 1349 ἱερᾶς

69 1375 146 1428 καὶ
174 1366 481 1440 εἰλικρινοῦς
525 1368 875 1435 κατανύξεως
912 1369 1004 1423 καὶ
1047 1370 1334 1441 μετανοίας
1369 1371 1611 1425 ἀποστά-

68 1470 144 1531 ζον
183 1464 283 1517 τῶν
332 1460 625 1531 ὀφθαλμῶν
653 1477 666 1490 ο
716 1460 893 1515 ταῦτά
934 1458 1053 1516 ἐστί
1086 1463 1196 1515 τῶν
1240 1463 1392 1534 ὲμῶν
1441 1464 1612 1517 νόσων

69 1558 304 1628 φάρμακα
348 1553 592 1624 σωτήρια
624 1552 717 1605 καὶ
747 1552 855 1605 τῶν
893 1553 993 1623 τῆς
1034 1554 1261 1625 καρδίας
1292 1553 1613 1625 ἀρρωστιῶν

67 1646 381 1715 ἀλεξητήρια.

70 1737 153 1791 itit)
181 1735 388 1801 ’Ὅρκον
411 1731 480 1784 δὲ
512 1731 694 1801 φεῦγε
720 1729 918 1784 πάντα
956 1730 1116 1801 (8-9).

127 1824 348 1879 Καθόλου
376 1822 469 1875 τὸν
501 1824 661 1893 ὅρκον
696 1820 988 1892 ἀπώμοτον
1018 1823 1112 1875 καὶ
1150 1823 1517 1894 ἀποτρόπαιον
1547 1823 1617 1876 τά

66 1936 115 1971 τε
161 1916 272 1988 ίερά
318 1915 628 1983 Εύαγγέλια
680 1915 774 1967 καὶ
828 1916 856 1967 6
907 1914 1410 1984 εὐαγγελικώτατος
1461 1910 1615 1978 οὗτος

66 2008 285 2075 θεολόγος
310 2007 694 2076 ἀποφαίνεται,
733 2008 911 2061 πάντα
938 2006 1160 2076 φεύγειν
1199 2010 1361 2079 ὅρκον
1404 2027 1615 2081 παρεγ-

66 2100 211 2169 γυῶν,
259 2098 332 2162 ὼς
379 2099 665 2169 ἐπιορκίας
712 2098 1027 2170 ὑπάρχοντα
1068 2100 1281 2171 πατέρα
1309 2119 1323 2133 ο
1376 2101 1462 2165 τίς
1508 2101 1617 2173 γάρ

64 2196 206 2265 ὅρκου
230 2190 483 2257 καθάπαξ
526 2194 864 2265 ἀπεχόμενος
899 2192 1215 2264 ὲπιώρκησε
1251 2192 1512 2261 πώποτε;
1560 2194 1619 2245 '(t

65 2290 112 2341 δὲ
141 2286 342 2357 ὀμνύων
367 2285 399 2356 ἢ
428 2285 490 2350 ἐξ
519 2287 763 2353 ἀγνοίας,
795 2286 828 2356 ἢ
862 2285 925 2339 ἐκ
950 2302 1094 2348 τινος
1126 2286 1383 2339 ἀκουσίου
1417 2284 1558 2357 βίας,
1584 2284 1618 2354 ἢ

67 2381 501 2452 καταφρονήσεως
540 2380 632 2431 καὶ
671 2376 807 2431 Θεοῦ
856 2377 1085 2447 ἀφοϐίας
1126 2377 1621 2449 παρακινούμενος,

68 2475 133 2537 εἰς
156 2471 429 2543 ἐπιορκίαν
466 2471 665 2524 ἐπίπαν
691 2469 1043 2544 ὑποφέρεται,
1079 2470 1172 2524 καὶ
1201 2469 1374 2533 οὕτως
1404 2471 1431 2521 ὀ
1460 2470 1624 2540 ὅρκος

68 2562 326 2634 ἐπιορκίας
353 2560 571 2630 γίνεται
618 2562 822 2631 πατήρ.
869 2560 927 2614 '0
957 2561 1055 2632 μὲν
1084 2556 1175 2613 οὖν
1201 2559 1431 2623 παλαιὸς
1464 2559 1626 2630 νόμος

68 2654 412 2726 ἀτελεστέροις
442 2651 966 2725 προσδιαλεγόμενος
992 2653 1047 2704 ὲν
1075 2651 1214 2714 θεοῖς
1235 2651 1329 2705 καὶ
1353 2650 1626 2721 δαίμοσιν,

70 2743 137 2810 οἷς
153 2746 460 2817 ὲλάτρευον,
487 2744 706 2817 ὀμνύειν
729 2741 1076 2813 εἰθισμένοις,
1101 2743 1286 2814 ὥσπερ
1304 2743 1400 2805 τὰς
1428 2740 1630 2804 ζωοθυο

70 2842 170 2903 σίας
207 2841 283 2903 είς
310 2838 508 2892 ἑαυτὸν
552 2836 782 2909 μεθιστᾷ
806 2836 905 2899 τάς
946 2834 1391 2904 εἰδωλολατρείας
1446 2832 1633 2887 ἐπικό-

70 2949 217 2995 πτων,
240 2930 378 2984 οὕτω
407 2931 508 2984 καὶ
536 2930 659 2993 τοὺς
695 2930 911 2999 ὅρκους,
936 2926 1122 2997 ἐπειδὴ
1140 2925 1392 2993 καθάπαξ
1424 2923 1632 2979 ἀνελεῖν

67 3026 152 3076 οὐκ
183 3019 286 3093 εἶχε
333 3022 552 3095 καιρὸν,
576 3022 826 3093 μετάγων
868 3021 947 3083 είς
981 3020 1071 3072 τὸν
1104 3019 1345 3082 Θεὸν,είς
1380 3016 1634 3088 εὐορκίαν

69 3115 143 3168 ςδν
168 3117 317 3185 ὁρκον
352 3114 707 3185 περιίστησιν
729 3127 745 3142 ⁸
778 3110 1052 3180 εὐκαίρως
1080 3109 1137 3163 δὲ
1180 3111 1213 3179 ἡ
1245 3109 1408 3180 χάρις
1454 3105 1634 3178 Ἰησοῦ

67 3200 280 3271 Χριστοῦ
302 3244 315 3264 ,
355 3201 435 3266 ὡς
473 3200 500 3253 6
526 3200 676 3270 ἥλιος
706 3197 1130 3263 ὲξανατέλλουσα
1148 3238 1162 3261 ,
1207 3196 1303 3253 καὶ
1332 3196 1411 3267 τῷ
1458 3196 1631 3267 ὑπερ-

69 3292 292 3345 ϐάλλοντι
335 3286 443 3362 τῆς
477 3289 737 3361 ἀληθείας
771 3289 967 3359 φέγγει
996 3290 1085 3342 τὸν
1114 3288 1305 3359 λύχνον
1335 3287 1427 3342 τοῦ
1465 3287 1631 3357 νόμου

68 3385 399 3456 καταργοῦσα
443 3384 502 3436 ἓν
553 3402 612 3437 τε
661 3387 774 3448 τοῖς
808 3384 1117 3455 θεαρχικοῖς
1153 3380 1541 3450 Εὑαγγελίοις,
1581 3378 1638 3432 ἐν

67 3496 117 3529 τε
151 3481 256 3541 τοῖς
289 3477 682 3546 εύαγγελικοῖς
739 3477 1090 3547 ἱεροφάνταις
1114 3514 1128 3539 ,
1175 3474 1365 3545 ὥσπερ
1408 3472 1637 3529 καθόλου

67 3569 347 3633 ζωοθυσίαν
398 3571 611 3634 πᾶσαν,
660 3566 804 3633 οὕτω
844 3568 939 3619 καὶ
984 3568 1163 3621 πάντα
1212 3568 1373 3638 ὅρκον
1418 3564 1640 3636 φεύγειν

67 3662 301 3729 καθάπαξ
350 3660 756 3732 παραγγέλλει.
812 3659 936 3723 Πῶς
982 3654 1097 3721 οὖν,
1150 3660 1319 3729 φησὶ,
1372 3658 1641 3729 πείσομεν

66 3757 175 3818 τοὺς
211 3756 337 3827 περὶ
382 3747 467 3808 ὧν
511 3753 779 3823 λαλοῦμεν
820 3752 1296 3820 ἀμφιϐάλλονταςς
1340 3750 1499 3820 Λόγῳ
1542 3749 1641 3820 μὲν

65 3846 204 3915 δῆλον
229 3847 310 3900 ὃτι
338 3843 839 3914 διαϐεϐαιούμενοι,
871 3843 964 3896 κα)⁸
991 3841 1068 3912 τῷ
1090 3841 1277 3912 τρόπῳ
1303 3839 1359 3893 δὲ
1386 3840 1488 3909 τῆς
1519 3838 1640 3892 κατ’

64 3941 250 4012 ἀρετὴν
285 3939 540 4011 βιώσεως
570 3939 667 3991 καὶ
694 3934 1057 4006 ἀληθευτικῆς
1087 3934 1253 3998 ἕξεως
1297 3931 1643 4001 πιστουμένῳ

67 4030 153 4083 τοῦ
188 4032 346 4101 λόγου
377 4033 484 4103 τὴν
514 4027 824 4101 ἀκρίϐειαν,
857 4026 1090 4096 ἑτοίμως
1116 4025 1376 4093 ὲνάξομεν
1412 4023 1495 4086 εἰς
1519 4038 1645 4091 συγ-

67 4124 345 4178 κατάθεσιν
368 4139 381 4152 ’
414 4122 507 4186 τίς
542 4120 652 4192 γὰρ
677 4118 835 4189 λόγον
868 4116 996 4188 παρ’
1023 4115 1215 4187 ἀνδρὸς
1247 4113 1482 4179 ἀκούων,
1517 4112 1647 4185 ἀλή-

67 4216 203 4270 θειαν
258 4218 348 4271 ἀεὶ
396 4214 683 4277 ποιοῦντος
730 4212 823 4267 καὶ
878 4206 1170 4271 λαλοῦντος
1197 4247 1213 4271 ,
1261 4205 1565 4274 ἀντιλέγειν
1611 4204 1644 4276 ἢ

63 4311 301 4364 ἀπιστεῖν
340 4308 505 4381 ἔχοι;
545 4308 655 4361 Καὶ
680 4305 790 4376 γάρ
833 4296 877 4371 ᾧ
921 4300 1247 4372 φιλοψευδὴς
1276 4302 1304 4352 ὁ
1328 4297 1528 4370 τρόπος
1554 4298 1649 4349 καὶ

67 4404 510 4475 φιλαμαρτήμων
557 4400 679 4462 ὅλος
704 4399 732 4452 ὁ
778 4396 889 4467 βίος
924 4392 1293 4466 χρηματίζει,
1328 4387 1503 4457 τούτῳ
1538 4384 1647 4438 οὐδ’

65 4495 314 4565 ὀμνύοντι
350 4497 492 4567 ῥᾷον
524 4493 589 4547 ἀν
618 4510 701 4555 τις
742 4487 1103 4561 ὲμπιστεύσαι
1123 4503 1136 4519 ·
1166 4475 1321 4546 οὗτος
1351 4480 1445 4535 καὶ
1489 4481 1651 4550 ἀρνη‹

62 4592 153 4657 τὴς
176 4590 294 4642 ἐστι
330 4589 431 4642 καὶ
462 4585 773 4658 ὲμπαίκτης
803 4580 939 4636 Θεοῦ
974 4578 1071 4633 καὶ
1102 4568 1649 4645 καταφρονητὴς,καὶ

64 4682 156 4751 τῆς
196 4683 495 4753 ἀρνήσεως
526 4678 748 4748 ἐλεγχος
778 4677 813 4746 η
847 4672 1164 4745 ψευδορκία.
1206 4670 1300 4731 Et;
1331 4666 1384 4718 τί
1411 4663 1523 4735 γάρ
1568 4678 1652 4715 σοι

64 4774 289 4841 ὀμνύναι
310 4775 410 4827 τὸν
444 4773 583 4826 Θεὸν
603 4769 780 4824 καὶτὸ
806 4765 1035 4837 φοϐερὸν
1060 4765 1231 4833 ὄνομα
1253 4760 1349 4814 καὶ
1377 4756 1652 4829 οὐρανίοις

64 4866 230 4922 ἅπασι
274 4868 427 4931 νόοις
483 4860 927 4936 φρικωδέπατόν
963 4876 1023 4912 τε
1064 4856 1161 4912 καὶ
1201 4850 1650 4922 σεϐασμιάηατον

65 4963 152 5014 ἐπὶ
188 4961 454 5032 ματαίοις
486 4954 892 5027 παρειλῆφθαι;
934 4951 998 5004 El
1028 4950 1092 5020 δὴ
1124 4949 1220 5002 καὶ
1252 4946 1379 5019 περὶ
1421 4944 1531 4998 τῶν
1569 4944 1650 5006 είς

66 5053 340 5125 σωτηρίαν
377 5047 704 5118 ἀναγκαίων
751 5062 834 5098 σοι
866 5044 895 5097 ὀ
935 5042 1095 5109 λόγος
1137 5040 1225 5109 εῐη
1248 5079 1262 5100 ,
1292 5040 1321 5091 ὀ
1364 5036 1563 5108 τρόπος
1598 5037 1657 5087 ὲν

69 5148 214 5218 μέσῳ
240 5141 829 5215 παραλαμϐανόμενος
852 5135 1158 5206 ἀποχρήσει
1188 5131 1269 5201 τῷ
1301 5129 1489 5184 ἀσεϐεῖ
1521 5126 1657 5197 πρὸς

65 5240 266 5293 πίστιν.
301 5237 446 5292 Οἶδα
487 5239 581 5292 καὶ
611 5237 913 5304 πέπεισμαι
955 5233 1013 5286 ἐν
1044 5228 1265 5297 Χριστῷ
1311 5222 1487 5296 ἰησοῦ
1510 5239 1523 5253 ο
1568 5222 1662 5274 καὶ

72 5334 253 5392 πάλιν,
285 5327 741 5400 Ἀλήθειανλέγω
757 5326 813 5378 ὲν
832 5321 1046 5396 Χριστῷ
1075 5319 1347 5390 Ἰησοῦ,οὐ
1371 5318 1655 5390 ψεύδομαι,

69 5426 95 5475 6
112 5425 210 5492 τῆς
232 5419 511 5491 ἀληθείας
542 5415 858 5477 ’Δπόστολός
874 5429 1051 5485 φησιν·
1076 5412 1169 5466 καὶ
1188 5411 1364 5480 τοῦτῳ
1383 5411 1461 5482 τῷ
1474 5412 1664 5483 τρόπῳ

68 5518 156 5569 τὸν
208 5516 378 5583 λόγον
442 5511 608 5567 αὑτοῦ
658 5505 1171 5576 πιστοποιούμενος,
1219 5503 1395 5558 πάντα
1441 5504 1659 5576 δημώδη

70 5612 233 5675 ὅρκον
266 5606 671 5676 ἀποτρέπεται.

70 5697 163 5750 ὶῑᾶ
198 5696 263 5750 Τί
297 5692 719 5765 χρηστότητος
748 5687 939 5756 δόγμα
968 5681 1459 5751 συντομώτατον;

133 5786 456 5844 Sermones
489 5783 558 5839 de
598 5781 868 5837 charilate
910 5785 966 5834 et
998 5776 1289 5833 dilectione
1316 5787 1456 5842 quos
1483 5770 1660 5825 sancti

1052 412 1119 468 IN
1157 417 1462 475 CARMINA
1500 423 1776 481 ARCANA
1814 426 1870 482 S.
1914 426 2263 484 GREGORII.

3184 427 3290 486 830

1713 548 2031 618 vinolentia,
2061 562 2322 620 praeterea
2352 551 2555 606 invidia
2593 562 2821 608 mortem
2869 552 3138 607 meditans
3170 567 3291 620 qua:

1712 655 1798 698 est
1825 645 1920 698 ira:
1954 643 2287 699 incentivum
2334 652 2389 700 et
2437 645 2644 711 rabies;
2692 645 2850 716 longe
2878 660 2907 699 a
2934 645 3079 699 bono
3113 658 3291 697 remo-

1712 740 1863 797 vent,
1916 734 2111 789 horum
2170 735 2603 806 unumquodque
2652 736 2951 791 daemonem
3005 734 3290 804 impellen-

1715 830 1824 877 tem
1852 832 1904 878 et
1928 825 2233 879 studiosum
2271 828 2527 880 sortitum
2569 837 2654 880 est
2701 828 2839 879 clam
2884 826 3288 895 aggredientem

1716 929 1812 968 eos
1832 914 1923 984 qui
1955 930 2014 971 se
2046 916 2132 971 his
2164 916 2442 985 obsignari
2467 918 2678 981 sinunt,
2705 918 2906 985 quibus
2929 914 3289 984 intelligentia

1716 1007 2070 1061 obnubilatur
2098 1016 2152 1063 et
2178 1020 2327 1063 recta
2360 1010 2500 1062 ratio
2531 1008 2758 1061 tollitur.
2790 1006 2922 1072 Qum
2940 1021 3069 1076 ergo
3094 1007 3290 1060 horum

1718 1098 1990 1153 medicina
2023 1107 2078 1154 et
2109 1099 2280 1153 cura?
2320 1100 2665 1153 mortiﬁcatio
2710 1098 2959 1168 corporis
3011 1112 3105 1165 per
3153 1097 3295 1166 jeju-

1718 1189 1869 1244 nium
1904 1197 1960 1245 et
1995 1190 2229 1261 vigilias,
2269 1192 2512 1260 precatio
2542 1191 2765 1246 assidua
2805 1198 2860 1244 et
2895 1190 2960 1243 ad
3006 1189 3292 1242 Dominum

1720 1279 1928 1349 prolixe
1956 1283 2207 1352 supplex,
2242 1282 2498 1352 lacryma:
2531 1298 2561 1338 e
2605 1290 2796 1337 sancta
2820 1289 2874 1336 et
2901 1281 3116 1335 sincera
3147 1295 3297 1334 com—

1721 1374 2017 1442 punclione
2052 1381 2106 1429 et
2133 1376 2453 1444 paenitentia
2494 1376 2564 1428 ab
2603 1376 2781 1431 oculis
2828 1373 3100 1429 stillantes
3135 1391 3148 1425 :
3184 1372 3296 1424 haec

1720 1473 1849 1521 sunt
1880 1468 2197 1524 morborum
2236 1485 2479 1523 ineorum
2515 1469 2753 1523 remedia
2792 1468 3055 1523 salutaria
3084 1478 3136 1521 et
3174 1481 3298 1520 cor-

1720 1561 1805 1616 dis
1839 1560 2219 1616 infirmitatum
2258 1561 2489 1616 medela.

1725 1735 1826 1792 169
1870 1737 2036 1791 Omne
2052 1736 2442 1807 jusjurandum
2472 1735 2616 1806 fuge.

1793 1825 2047 1883 Profecto
2072 1826 2458 1896 jusjurandum
2493 1827 2806 1896 fugiendum
2839 1838 2891 1881 et
2916 1827 3298 1883 detestandum

1725 1928 1837 1972 tum
1870 1934 2029 1973 sacra
2061 1918 2379 1987 Evangelia,
2418 1926 2530 1970 tum
2565 1918 2855 1989 Evangelia
2888 1919 3043 1973 valde
3067 1935 3300 1974 consen-

1720 2008 1859 2063 tiens
1894 2008 1985 2061 ille
2009 2005 2321 2076 Theologus
2367 2009 2592 2073 revelat,
2641 2009 2881 2063 suadens
2927 2020 2986 2063 ut
3020 2010 3303 2079 jusjuran-

1718 2098 1845 2152 dum
1878 2114 2038 2154 omne
2070 2109 2329 2168 tanquam
2362 2099 2586 2169 perjurii
2620 2111 2827 2168 patrem
2863 2101 3139 2165 vitemus;
3178 2103 3302 2171 quis

1719 2191 1865 2245 enim
1907 2206 1937 2244 a
1965 2191 2327 2259 jurejurando
2361 2192 2529 2246 semel
2575 2191 2861 2247 abstinens
2905 2194 3167 2262 pejeravit
3208 2209 3307 2247 un—

1723 2284 1922 2353 quam?
1962 2282 2067 2338 Sed
2113 2283 2205 2353 qui
2249 2282 2404 2352 jurat
2451 2284 2568 2339 sive
2614 2285 2858 2351 inscitia,
2888 2286 3005 2339 sive
3047 2284 3308 2339 violentia

1724 2374 1960 2446 quadam
2001 2375 2203 2440 invita,
2250 2375 2366 2431 sive
2416 2384 2735 2446 contemptu
2787 2377 2904 2431 sive
2952 2376 3167 2430 timoris
3216 2374 3309 2431 Dei

1726 2465 1940 2523 defectu
1967 2466 2223 2534 motus,in
2246 2467 2551 2538 perjurium
2576 2469 2897 2538 plerumque
2928 2467 3228 2532 inducitur,
3257 2475 3312 2521 et

1728 2561 1809 2616 sic
1832 2556 2223 2629 jusjurandum
2267 2559 2495 2629 perjurii
2529 2559 2587 2613 fit
2617 2570 2790 2629 pater.
2824 2559 2995 2630 Igitur
3031 2558 3118 2614 lex
3157 2569 3312 2612 vetns

1730 2650 2067 2723 imperfectis
2111 2652 2416 2721 proposita,
2462 2651 2558 2721 qui
2613 2667 2710 2721 per
2760 2650 2893 2707 deos
2943 2661 2996 2707 et
3040 2651 3317 2705 daemones

1730 2761 1871 2817 quos
1900 2745 2205 2799 adorabant
2246 2745 2437 2815 jurare
2486 2752 2913 2807 consueverant,
2967 2741 3317 2797 mactationi-

1733 2839 1837 2895 bus
1860 2837 2178 2892 animalium
2224 2846 2417 2891 contra
2460 2837 2630 2908 legem
2685 2836 2957 2891 assimilat
2986 2850 3104 2899 eos,
3138 2834 3317 2889 idolo-

1732 2930 1950 2986 latriam
1984 2929 2321 2999 reprimens;
2356 2930 2439 2984 sic
2467 2937 2523 2983 et
2566 2928 2903 2997 juramenta,
2935 2926 3067 2981 dum
3101 2925 3319 2996 penitus

1735 3020 1955 3076 auferre
1988 3036 2098 3076 non
2123 3027 2491 3089 opportunum
2515 3020 2729 3083 habuit,
2760 3017 3006 3074 referens
3031 3018 3097 3071 ad
3128 3017 3318 3083 Deum,

1737 3114 1804 3169 ad
1861 3113 2180 3184 religiosum
2235 3112 2626 3181 jusjurandum
2679 3111 2945 3166 restituit.
3002 3110 3323 3180 Opportune

1739 3214 1921 3259 autem
1956 3204 2133 3275 gratia
2165 3201 2296 3259 Jesu
2328 3201 2538 3257 Christi
2582 3202 2727 3258 sicut
2764 3202 2848 3256 sol
2887 3201 3075 3258 oriens
3105 3208 3162 3256 et
3184 3199 3325 3255 vivi-

1738 3298 1881 3354 diori
1906 3296 2153 3352 veritatis
2185 3297 2306 3352 luce
2334 3296 2470 3369 legis
2500 3296 2780 3351 lucernam
2812 3308 3177 3364 exsuperans,
3210 3304 3325 3347 tum

1741 3390 1797 3446 in
1836 3391 2038 3463 divinis
2067 3389 2401 3461 Evangeliis,
2446 3398 2558 3444 tum
2592 3390 2659 3444 .in
2705 3388 3041 3459 evangelicis
3078 3386 3326 3442 doctori-

1742 3482 1865 3545 bus,
1916 3482 2062 3537 sicut
2110 3495 2328 3535 omnem
2378 3480 2699 3534 animalium
2744 3492 2977 3549 prorsus
3018 3477 3325 3541 victimam,

1743 3576 1825 3630 sic
1852 3583 1908 3629 et
1940 3589 2104 3629 onme
2136 3572 2511 3644 juramentum
2549 3587 2658 3627 una
2697 3572 2818 3643 lege
2857 3570 3149 3641 eaplodere
3184 3583 3330 3638 pra:-

1744 3666 1960 3723 scribit.
1980 3665 2267 3732 Quomodo
2294 3678 2447 3736 ergo.
2479 3665 2681 3735 inquit,
2710 3663 2872 3718 fidem
2901 3661 3183 3717 interillos
3204 3673 3331 3715 cum

1743 3760 1945 3831 quibus
1980 3758 2260 3829 loquimur
2305 3758 2711 3813 obtinebimus?
2749 3754 2902 3810 Patet
2931 3754 3152 3825 quidem
3186 3751 3333 3821 quod

1744 3853 1913 3909 verbo
1954 3866 2085 3907 vero
2130 3851 2359 3907 stabiles
2408 3857 2463 3905 et
2499 3848 2717 3905 vivendi
2768 3848 2982 3901 ratione
3023 3847 3331 3900 secundum

1746 3944 2005 3998 virtutem
2050 3950 2105 3999 et
2138 3957 2391 3997 veracem
2445 3956 2656 3995 morem
2707 3940 2864 3993 ﬁdem
2914 3938 3173 4003 faciente,
3218 3948 3331 3991 sero

1749 4036 1928 4091 monis
1990 4034 2330 4089 accurationi
2402 4041 2527 4102 apte
2598 4046 2958 4101 assequemur
3022 4042 3335 4083 assensum.

1748 4129 1885 4197 Quis
1918 4128 2063 4184 enim
2108 4141 2419 4183 sermonem
2466 4125 2569 4179 viri
2614 4123 2844 4178 audiens
2885 4136 3102 4192 semper
3129 4119 3339 4174 verita-

1751 4232 1857 4277 tem
1891 4222 2145 4277 facientis
2192 4228 2247 4274 et
2295 4220 2553 4281 dicentis,
2602 4216 2983 4273 obsistendum
3036 4222 3132 4269 aut
3175 4211 3338 4267 dubi-

1750 4315 1979 4369 tandum
2020 4312 2316 4367 habuerit?
2360 4312 2431 4366 sit
2474 4310 2562 4364 cui
2604 4326 2721 4363 mos
2756 4307 3102 4362 mendacium
3144 4303 3339 4359 fovens

1750 4415 1806 4460 et
1839 4404 2078 4473 peccatis
2130 4410 2241 4456 tota
2273 4401 2383 4456 vita
2411 4400 2722 4471 indulgens,
2748 4398 2840 4453 isti
2870 4397 2954 4453 vel
2984 4396 3193 4466 juranti
3224 4410 3336 4449 non

1754 4496 1918 4552 facile
1951 4494 2258 4550 confideret
2296 4494 2478 4563 quivis
2512 4512 2524 4544 :
2571 4506 2705 4547 ecce
2754 4505 2961 4561 negans
3003 4497 3057 4543 et
3101 4486 3343 4540 irridens

1762 4587 1927 4644 Deum
1959 4597 2013 4644 et
2042 4595 2408 4657 contemptor,
2459 4592 2513 4639 et
2567 4584 2915 4653 negationem
2960 4589 3197 4635 testatur
3237 4577 3339 4632 fal—

1761 4699 1881 4740 sum
1910 4682 2309 4752 juramentum.
2340 4678 2423 4733 Ad
2466 4676 2599 4748 quid
2635 4675 2789 4749 enim,
2821 4673 2917 4728 tibi
2959 4672 3124 4728 Deum
3151 4670 3343 4739 jurare

1757 4784 1813 4829 et
1843 4772 2188 4829 tremendum
2226 4785 2444 4833 nomen,
2489 4768 2808 4822 coalestibus
2854 4763 3109 4818 omnibus
3141 4760 3344 4815 intelli-

1756 4868 1956 4939 gentiis
1987 4863 2338 4920 metuendum
2368 4872 2422 4917 et
2451 4858 2828 4922 revereudum,
2851 4858 2903 4911 in
2943 4870 3141 4910 vanum
3183 4869 3345 4907 assu-

1758 4958 1943 5015 mere?
1967 4956 2025 5013 Si
2056 4958 2124 5012 de
2158 4954 2491 5011 necessariis
2520 4952 2588 5007 ad
2634 4952 2863 5006 salutem
2902 4948 2995 5002 tibi
3030 4962 3212 5001 sermo
3238 4953 3342 5008 est,

1759 5049 1959 5106 modus
1998 5048 2054 5103 in
2094 5046 2273 5103 medio
2322 5044 2641 5117 propositus
2694 5041 2860 5111 impio
2900 5038 2967 5094 ad
2999 5037 3155 5092 fidem
3192 5035 3345 5092 suffi-

1761 5143 1890 5199 ciet.
1928 5139 2067 5196 Novi
2098 5148 2153 5196 et
2192 5152 2515 5211 persuasum
2552 5134 2726 5190 habeo
2763 5134 2816 5187 in
2845 5133 3065 5188 Christo
3096 5130 3223 5186 Jcsu
3249 5148 3263 5197 ;
3292 5137 3345 5184 et

1764 5250 2007 5305 rursum,
2029 5232 2311 5288 Veritatem
2333 5230 2455 5285 dico
2485 5230 2536 5282 in
2558 5227 2772 5283 Christo
2790 5225 2941 5288 Iesu,
2972 5242 3074 5278 nou
3101 5223 3344 5287 mentior,

1766 5329 1899 5383 dicit
1939 5325 2186 5382 veritatis
2220 5323 2518 5394 Apostolus
2552 5318 2601 5392 (I
2642 5318 2776 5373 Tim.
2818 5334 2876 5383 ιι,
2906 5316 3000 5386 7);
3040 5316 3142 5369 hoc
3184 5312 3347 5368 modo

1767 5433 2073 5476 sermonem
2115 5433 2273 5473 suum
2308 5414 2410 5470 fide
2439 5414 2663 5484 dignum
2708 5410 2963 5475 reddens,
3002 5423 3163 5464 omne
3196 5420 3347 5462 com-

1767 5530 1935 5571 mune
1970 5512 2338 5583 juramentmn
2371 5508 2591 5564 avertit.

1824 5672 1930 5728 175
1972 5671 2185 5743 Ecquod
2211 5670 2526 5741 benignitate
2550 5675 2865 5736 prwceptum
2898 5661 3141 5717 brevius?

1840 5770 1903 5822 Oi
1946 5767 2043 5838 μὲν
2079 5765 2208 5838 περὶ
2246 5763 2655 5836 φιλανθρωπίας
2685 5762 2780 5816 καὶ⁵
2810 5757 3031 5829 ἀγάπης
3058 5753 3207 5824 λόγοι
3241 5753 3352 5816 τοῖς

133 5905 285 5978 t8-9)
324 5905 560 5971 Ὅρκον
579 5897 649 5954 δὲ
676 5896 859 5969 φεῦγε
891 5900 975 5951 est
1004 5888 1411 5948 hemistichium
1444 5885 1625 5941 Menam

1739 5924 1743 5938 .
1772 5884 2008 5939 Sentent.
2039 5881 2232 5951 singul.
