3818 6568
443 454 554 513 827

443 568 685 640 theologi
729 567 926 639 partim
983 566 1316 634 habuerunt,
1368 565 1528 622 multi
1574 573 1726 630 sunt,
1777 574 1833 620 et
1863 581 2032 635 supra

1790 447 2087 506 NICETAS
2140 446 2350 505 DAVID

3611 437 3704 495 89.5

2141 565 2307 637 ίεροϊς
2334 560 2606 633 θεολόγοις
2637 559 2778 616 κατά
2813 515 2977 633 μέρος
3015 551 3506 628 ὑπαγορευόμενοι,
3535 549 3706 606 πολλοι

449 676 744 717 numerum
775 674 790 712 :
828 659 1086 716 universe
1117 674 1246 716 vero
1270 667 1328 715 et
1350 657 1665 714 summatim
1694 657 1763 714 de
1792 649 2035 713 bonitate

2162 672 2196 709 ἐ
2227 655 2594 727 καθεστήκασι
2623 646 2722 709 καὶ
2747 653 2886 725 ὑπὲρ
2911 649 3172 724 ἀριθμόν
3207 645 3514 718 ὁλοσχερῶς
3534 643 3590 696 δὲ
3612 643 3706 714 φά-

448 748 892 821 intelligendum,
924 749 1040 805 haec
1068 758 1154 806 est
1187 751 1456 806 sententia
1488 748 1827 804 abbreviata.
1862 748 2032 814 Talis,

450 841 652 913 inquit,
675 841 753 898 sis
781 841 974 897 amicis
1008 842 1121 897 tuis
1140 849 1195 897 et
1218 840 1436 902 vicinis.
1465 840 1658 910 quales
1686 837 1889 894 eos'vis
1913 854 2037 896 esse

452 935 580 996 tibi:
626 934 806 990 simile
840 933 973 987 illud
1003 933 1319 1002 evangelico
1349 939 1622 1002 pmcepto
1665 930 2038 1001 pronuntiavit

452 1026 662 1082 dicenti
703 1045 717 1082 :
756 1025 954 1080 Omnia
996 1040 1316 1095 quwcunque
1347 1025 1507 1079 vultis
1540 1033 1599 1079 ut
1639 1025 1842 1095 faciant
1895 1023 2038 1079 vobis

453 1117 714 1181 homines,
734 1128 784 1172 et
814 1135 903 1174 vos
934 1119 1181 1173 similiter
1208 1119 1369 1188 facile
1389 1119 1502 1174 illis
1536 1118 1753 1188 (Matth.
1787 1133 1886 1183 vn,
1914 1118 2038 1185 12);

454 1220 863 1282 consequenter
900 1217 955 1266 et
1003 1210 1134 1265 illud
1179 1211 1232 1265 in
1293 1211 1575 1267 Dominico
1609 1220 1882 1283 praecepto
1927 1220 2041 1268 sta-

455 1304 652 1370 tuitur,
689 1303 920 1368 scilicet,
955 1304 1138 1359 omnia
1160 1320 1500 1374 quaecunque
1520 1306 1706 1361 nolitis
1737 1321 1766 1360 a
1794 1305 2042 1376 proximo

458 1397 577 1453 ﬁeri
603 1397 780 1464 vobis,
823 1411 924 1452 nec
973 1411 1069 1453 vos
1115 1396 1277 1452 facite
1314 1398 1445 1453 illis.
1475 1397 1673 1452 Adhuc
1701 1407 1755 1452 et
1783 1405 1909 1468 post
1937 1397 2042 1450 hoc

463 1489 728 1544 bonitatis
755 1489 1026 1545 sententia
1060 1489 1231 1561 magis
1263 1489 1580 1544 abbreviata
1606 1497 1735 1544 sunt
1755 1489 2042 1560 passiones

464 1581 668 1637 Christi
701 1596 841 1652 quas
874 1591 1096 1654 propter
1135 1599 1237 1639 nos
1267 1582 1447 1638 adhuc
1499 1582 1699 1652 impios
1747 1597 2044 1652 perpessus

463 1680 998 1747 est,etqua:cunque
1045 1678 1340 1748 opprobria
1382 1683 1438 1732 et
1489 1676 1720 1733 vulnera
1771 1677 1826 1730 in
1878 1692 2045 1733 cruce

461 1766 622 1833 tulit;
650 1783 772 1836 qua:
797 1767 892 1838 qui
951 1768 1008 1823 in
1055 1769 1316 1825 memoria
1368 1769 1536 1824 habet
1583 1784 1802 1839 semper
1825 1777 1880 1826 et
1913 1779 2042 1825 ante

465 1859 659 1913 oculos
686 1859 792 1914 sibi
822 1862 1116 1930 proponit;
1147 1861 1296 1916 mitis
1317 1861 1544 1917 eﬂ'cctns
1565 1871 1618 1917 et
1642 1863 1784 1916 mala
1809 1863 2046 1917 tolerare

465 1957 690 2017 paratus
737 1950 807 2005 ad
854 1951 1176 2008 charitatem
1207 1969 1336 2026 erga
1380 1955 1689 2025 proximum
1717 1963 1772 2010 et
1797 1953 2045 2009 dilectio-

463 2055 589 2098 nem
615 2042 868 2099 similiter
889 2044 1183 2100 excitatur.

470 2215 574 2270 177
609 2214 790 2272 Fideli
815 2219 988 2273 amico
1017 2217 1151 2272 nihil
1176 2233 1276 2287 par
1300 2234 1413 2273 esse
1441 2218 1712 2273 existima.

540 2306 763 2366 Venalis
787 2320 871 2366 est
899 2312 1110 2366 amicus
1142 2327 1343 2367 mensas
1374 2319 1427 2365 et
1454 2311 1660 2381 gaudii,
1694 2311 1797 2367 iste
1827 2311 2046 2368 inﬁdus.

467 2395 591 2454 Jam
626 2399 915 2457 deﬁciente
971 2403 1210 2456 convivii
1253 2404 1602 2473 jucunditate
1651 2412 1706 2460 et
1755 2407 2052 2478 voluptatis

469 2492 797 2549 delectantis
825 2501 880 2549 et
921 2494 1040 2564 ipse
1069 2495 1273 2550 deﬁcit.
1311 2497 1407 2552 Est
1439 2487 1652 2553 amicus
1702 2515 1864 2569 quem
1925 2515 2054 2570 ege-

470 2594 587 2641 stas
610 2585 839 2640 attrahit
866 2593 918 2642 et
949 2585 1018 2640 ad
1047 2586 1204 2657 juxta
1239 2588 1536 2643 sedendum
1563 2588 1756 2652 allicit,
1775 2588 1976 2645 inﬁdus
2000 2596 2054 2645 et

472 2674 598 2741 iste,
629 2683 872 2744 egestate
893 2679 1040 2731 enim
1068 2677 1305 2734 abeunte
1334 2690 1390 2732 et
1427 2679 1545 2749 ipse
1574 2677 1866 2734 confestim
1897 2678 2051 2734 abiit.

473 2763 571 2822 llis
614 2767 1026 2836 pratermissis,
1057 2777 1144 2824 est
1183 2770 1391 2826 amicus
1441 2778 1665 2841 propter
1687 2771 1944 2824 virtutem
2001 2777 2058 2826 et

477 2856 570 2914 Dei
616 2859 844 2915 verbum
894 2860 1149 2927 obvians,
1201 2861 1304 2918 iste
1355 2862 1496 2918 ﬁdus
1531 2878 1694 2932 quem
1728 2878 1836 2917 non
1867 2878 2056 2919 mensa

473 2959 572 3005 aut
607 2953 983 3007 conviviorum
1031 2952 1293 3008 illecebra
1335 2954 1575 3010 ostendit
1607 2951 1739 3025 (hoc
1769 2953 2056 3026 scyphus),

471 3042 571 3114 qui
615 3058 728 3100 non
779 3045 1040 3116 egestatis
1090 3059 1259 3102 causa
1315 3047 1565 3103 assidens
1617 3055 1671 3102 et
1728 3049 2056 3118 parasitans,

473 3149 822 3207 quacunque
850 3137 918 3191 ad
947 3138 1180 3209 gratiam
1215 3147 1268 3193 et
1296 3139 1449 3194 auris
1493 3138 1826 3195 lenocinium
1859 3153 2058 3194 vanum

476 3241 605 3282 cmn
639 3228 710 3284 iis
742 3230 834 3299 qui
867 3229 1047 3300 ipsum
1069 3229 1324 3301 diligunt,
1356 3241 1748 3300 conversatur;
1777 3232 1872 3288 sed
1907 3247 2058 3303 quae-

478 3335 698 3392 cunque
737 3321 894 3376 utilia
944 3333 1095 3388 sunt,
1144 3337 1488 3394 quaecunque
1520 3324 1720 3380 decent
1767 3333 1823 3380 et
1871 3339 2057 3378 coram

483 3411 593 3467 Deo
621 3412 924 3483 expediunt
965 3414 1228 3469 consulit.
1290 3413 1392 3470 llic
1436 3415 1650 3470 amicus
1704 3413 1845 3470 ﬁdus
1899 3429 2061 3484 quem

481 3509 786 3573 tempestas
812 3511 870 3559 et
914 3505 1144 3560 tentatio
1189 3512 1286 3560 aut
1332 3514 1558 3576 propter
1587 3505 1842 3576 pietatem
1875 3519 2063 3575 perse-

483 3592 636 3648 cutio
676 3594 938 3650 ostendit.
979 3594 1120 3651 Huic
1152 3595 1290 3650 nihil
1333 3603 1419 3651 est
1467 3595 1915 3666 aequiparandum
1967 3611 2065 3651 su-

484 3699 586 3756 per
613 3692 842 3751 terram,
890 3686 1028 3742 nihil
1080 3687 1459 3742 honorabilius
1507 3687 1649 3742 inter
1694 3687 2063 3754 honorabilia,

488 3777 628 3832 nihil
660 3778 806 3834 inter
829 3780 1084 3836 amabilia
1116 3779 1408 3835 amabilius
1439 3779 1602 3851 digne
1626 3787 1863 3835 testante
1894 3779 2066 3835 verbo

490 3874 708 3923 sancto.
740 3866 1045 3925 Inimicitiae
1074 3869 1240 3941 igitur
1292 3884 1436 3940 saepe
1466 3884 1532 3924 ex
1571 3868 1806 3925 diversis
1845 3868 2067 3925 casibus

489 3962 952 4033 supervenientis,
978 3965 1197 4033 regulas
1230 3962 1453 4033 dignum
1495 3969 1579 4017 est
1608 3963 1850 4017 amicitia
1881 3978 2064 4030 nosse,

488 4063 544 4112 et
573 4053 814 4126 pondere
858 4062 913 4110 et
957 4063 1206 4126 tempore
1249 4062 1564 4125 opportuno
1612 4053 1921 4111 discordias
1954 4056 2069 4111 dis-

487 4161 736 4210 cernere,
765 4146 1024 4202 amicitiae
1045 4155 1226 4202 autem
1255 4146 1458 4202 limites
1477 4146 1704 4202 minime
1736 4162 2070 4218 cognoscere

488 4246 726 4309 oportet.
760 4238 880 4309 Ipsa
924 4247 1010 4296 est
1055 4239 1202 4295 enim
1256 4239 1312 4293 in
1365 4237 1570 4293 Christi
1624 4237 1918 4296 dilectione
1949 4255 2071 4312 qua:

490 4345 770 4400 nunquam
805 4331 1032 4385 excidit.

492 4442 587 4498 181
623 4441 830 4498 thera
861 4444 1038 4497 videns
1069 4443 1254 4498 oculus
1285 4460 1340 4500 se
1365 4461 1468 4500 non
1498 4445 1656 4501 videt.

560 4555 765 4614 Oculus
816 4558 1068 4627 corporis
1099 4559 1340 4630 seipsum
1386 4561 1712 4616 naturaliter
1741 4559 1926 4617 videre
1972 4574 2070 4615 ne-

489 4649 632 4722 quit,
670 4665 792 4720 qnaa
826 4664 957 4706 vero
993 4659 1146 4705 extra
1195 4651 1370 4720 ipsum
1411 4659 1466 4708 et
1513 4653 1662 4707 circa
1696 4652 1872 4723 ipsum
1917 4661 2067 4718 sunt,

489 4751 764 4815 quotquot
816 4757 1000 4798 coram
1045 4759 1110 4798 eo
1165 4747 1386 4810 adsunt,
1429 4745 1669 4802 ellicacia
1716 4745 1868 4802 visus
1903 4762 2066 4800 .com-

491 4835 805 4908 prehendit.
834 4834 891 4891 Si
921 4847 1256 4908 quaeautem
1290 4841 1496 4910 gramia
1521 4846 1615 4892 aut
1648 4839 1846 4910 albngo
1877 4837 2072 4908 prodat

489 4938 546 4984 ct
576 4929 802 4986 sanitati
842 4937 1062 4996 noceat,
1087 4945 1188 4986 nec
1223 4929 1328 4984 alia
1362 4929 1547 4984 videre
1566 4929 1710 4984 valet
1733 4930 1877 4984 sicut
1906 4945 2072 5000 opor-

487 5030 588 5077 tet.
616 5020 823 5078 Eodem
853 5023 1015 5078 modo
1034 5029 1090 5079 et
1127 5023 1365 5078 hominis
1398 5023 1626 5093 spiritus
1654 5022 1864 5092 absque
1887 5023 2076 5079 labore

488 5131 612 5186 qua:
634 5115 926 5186 subjacent
958 5115 1108 5172 videt
1139 5116 1394 5170 veritatis
1424 5115 1927 5185 contemplatione;
1959 5131 2073 5186 pro-

490 5208 625 5263 ximi
683 5209 934 5265 defectus
981 5218 1037 5265 et
1082 5218 1307 5279 peccata
1368 5208 1566 5278 aspicit
1612 5215 1708 5262 aut
1758 5208 2074 5280 investigat,

492 5316 593 5357 nec
626 5317 770 5371 saepe
816 5302 989 5370 juste,
1033 5302 1214 5372 ipsum
1258 5300 1711 5358 obnubilantibus
1753 5300 2075 5370 cupiditati-

489 5395 596 5450 bus
628 5395 903 5464 pr0priis;
935 5411 1059 5465 qua:
1088 5409 1220 5450 vero
1256 5394 1479 5466 propria
1515 5401 1644 5450 sunt
1682 5409 1747 5449 co
1776 5393 1951 5464 magis
1980 5409 2076 5448 co-

490 5501 762 5556 gnoscere
795 5502 905 5542 non
946 5498 1216 5558 pervenit,
1255 5495 1461 5558 quanto
1497 5489 1672 5558 magis
1709 5487 1942 5557 propri-is
1985 5501 2077 5540 cu-

489 5577 818 5649 piditatibus
865 5579 1210 5636 incrassatus
1249 5581 1583 5636 obeaacatur.
1620 5579 1745 5634 Ideo
1774 5578 1842 5633 ad
1888 5579 2073 5633 omnia

491 5669 592 5726 tibi
624 5670 719 5742 qui
753 5671 881 5728 talis
927 5687 989 5727 es
1017 5686 1158 5742 opus
1186 5680 1273 5729 est
1314 5671 1635 5729 consiliario
1678 5671 1772 5742 qui
1809 5671 1940 5726 utile
1973 5671 2072 5727 do-

489 5770 616 5819 ceat
666 5773 724 5820 et
771 5764 826 5820 in
872 5763 1315 5821 recordationem
1363 5763 1738 5820 faciendorum
1806 5763 2070 5832 inducat;

487 5869 621 5910 nam
659 5870 780 5924 quae
815 5870 1022 5926 corpus
1068 5856 1275 5913 creavit
1319 5855 1585 5928 sapientia
1634 5863 1688 5912 et
1724 5854 2070 5926 providentia

563 5946 617 6020 (Ι
630 5947 687 6020 0)
726 5948 860 6007 Cod.
891 5948 1124 6022 δυνάμη.

2136 763 2226 804 ναι
2263 748 2382 819 ἦτοι
2418 744 2806 817 κεφαλαιωδῶς
2847 745 2977 816 περὶ
3020 741 3388 814 χρηστότητος
3424 735 3708 801 διαλαϐεῖν,

2137 839 2293 894 τοῦτό
2324 841 2439 892 ἐστι
2470 837 2644 909 δόγμα
2675 831 3401 906 συντομώτατον.Τοιοῦτος,
3424 827 3707 899 έφη,γίνον

2137 932 2251 994 τοῖς
2289 929 2464 999 φίλοις
2510 946 2603 982 σου
2639 927 2733 982 καὶ
2788 927 3066 997 γείτοσιν,
3105 925 3248 988 οἴους
3301 923 3500 984 αὐτοὺς
3551 918 3708 980 θέλεις

2139 1021 2384 1092 γίνεσθαι
2415 1020 2552 1092 πρὸς
2583 1020 2643 1074 σέ
2664 1035 2679 1050 ο
2706 1021 2820 1073 ίσον
2851 1017 2907 1072 δὲ
2932 1015 3093 1071 τοῦτο
3117 1015 3196 1087 τῷ
3219 1011 3564 1085 εύαγγελικῷ
3585 1028 3710 1080 παρ‹

2140 1110 2446 1182 αγγέλματι
2479 1109 2790 1180 καθέστηκε
2813 1151 2829 1174 ,
2865 1107 3068 1162 Πάντα
3086 1147 3101 1173 ,
3125 1106 3242 1160 ὅσα
3273 1105 3352 1160 ἂν
3392 1102 3596 1158 θέλετε
3621 1103 3709 1154 ἵνα

2142 1201 2396 1258 ποιῶσιν
2423 1201 2568 1273 ὑμῖν
2607 1205 2660 1256 ol
2716 1202 3032 1270 ἄνθρωποι,
3068 1198 3362 1263 κελεύοντι,
3409 1195 3510 1250 καί
3556 1193 3710 1263 ὑμεῖς

2143 1296 2364 1350 ποιεῖτε
2417 1295 2624 1362 αὐτοῖς
2675 1295 2909 1365 ὁμοίως.
2960 1291 3273 1347 Ἀκόλουθον
3312 1291 3368 1344 δὲ
3417 1289 3513 1342 καὶ
3567 1287 3710 1341 τοῦτο

2144 1387 2462 1459 προσθεῖναι
2513 1390 2578 1460 τῇ
2631 1388 2935 1457 Δεσποτικῇ
2989 1382 3460 1456 παραγγελία,ὅτι
3517 1381 3708 1442 Πάντα,

2143 1477 2245 1532 ὅσα
2284 1477 2345 1530 ού
2393 1477 2577 1532 Θέλετε
2610 1476 2764 1548 παρὰ
2799 1477 2910 1530 τῶν
2939 1476 3109 1539 πέλας
3135 1475 3380 1545 γίνεσθαι
3405 1475 3558 1544 ύμῖν,
3590 1471 3710 1543 μηδέ

2147 1569 2305 1640 ὑμεῖς
2330 1571 2534 1622 ποιεῖτε
2571 1568 2773 1631 αὐτοῖς.
2795 1567 2918 1620 Ἔτι
2958 1567 3015 1620 δὲ
3041 1565 3229 1620 τούτου
3253 1565 3620 1636 χρηστότητος
3644 1563 3712 1617 δό-

2146 1673 2264 1728 γμα
2319 1656 2728 1729 συντομώτερον
2781 1658 2921 1710 αύτά
2951 1657 3047 1710 τοῦ
3092 1656 3330 1726 Χριστοῦ
3376 1655 3445 1708 τὰ
3490 1654 3654 1725 πάθη,
3680 1653 3712 1706 ἃ

2147 1748 2287 1821 ὑπὲρ
2318 1747 2475 1819 ἡμῶν
2504 1748 2587 1803 ἔτι
2613 1749 2780 1803 ὄντων
2800 1748 3012 1802 ἀσεϐῶν
3046 1749 3263 1820 ἀνέτλη,
3303 1749 3396 1801 καὶ
3424 1749 3525 1801 ὅσα
3548 1745 3708 1815 ὀνείδη

2148 1842 2243 1896 καὶ
2289 1842 2580 1915 τραύματα
2615 1842 2754 1915 πρὸς
2783 1842 2863 1914 τῷ
2903 1841 3121 1914 σταυρῷ
3148 1843 3442 1914 γενόμενος
3464 1840 3704 1909 ὑπέσχεν.

2151 1938 2180 1990 ὁ
2204 1935 2297 1990 ἐπὶ
2329 1936 2551 2008 μνήμης
2581 1935 2721 2008 ἔχων
2743 1937 2830 1990 ἀεὶ¹
2863 1937 2958 1990 καὶ⁴
2986 1937 3093 2010 πρὸ
3132 1936 3240 1990 τῶν
3265 1933 3560 2005 ὀφθαλμῶν
3589 1932 3712 2001 λαμ-

2149 2029 2327 2084 ϐάνων
2356 2030 2733 2102 πραΰνόμενος
2757 2030 2851 2084 καὶ
2882 2029 3220 2098 ἀνεξικακῶν
3238 2028 3316 2100 τῷ
3347 2027 3576 2098 πλησίον
3591 2024 3708 2097 arpi;

2150 2121 2562 2195 φιλανθρωπίαν
2595 2120 2730 2194 ὁμοῦ
2767 2123 2862 2176 καὶ
2899 2120 3252 2193 φιλαδελφίαν
3279 2117 3619 2172 συνωθεῖται.

2149 2215 2251 2270 177
2287 2214 2513 2269 Πιστοῦ
2557 2218 2742 2284 φίλου
2781 2212 2976 2284 νόμιζε
3018 2213 3212 2284 μηδὲν
3249 2211 3446 2277 ἄξιον.

2224 2306 2380 2361 Ἔστι
2432 2305 2585 2376 φίλος
2609 2305 2886 2378 τραπέζης
2909 2306 3066 2369 ὤνιος
3104 2304 3196 2359 καὶ
3222 2302 3439 2376 ἡδονῆς,
3460 2292 3709 2362 mlo-510;

2150 2399 2378 2462 ἄπιστος
2396 2414 2411 2429 ο
2433 2397 2818 2470 ἐπιλειπούσης
2850 2398 2960 2469 γὰρ
2979 2398 3080 2469 τῆς
3103 2397 3212 2450 τῶν
3237 2393 3557 2466 συμποσίων
3577 2392 3711 2463 χάρι-

2149 2509 2243 2556 τος
2271 2493 2366 2546 καὶ
2395 2491 2640 2564 τέρψεως
2665 2491 2993 2564 ἡδυπαθοῦς,
3012 2491 3107 2544 καὶ
3132 2487 3295 2552 αὐτὸς
3319 2487 3551 2556 ἀπέστη.
3572 2484 3710 2537 Ἔστι

2153 2582 2304 2653 φίλος
2331 2583 2430 2654 τῆς
2464 2585 2655 2655 χρείας
2679 2583 2845 2638 αὐτὸν
2864 2582 3232 2656 ὲφελκομένης
3259 2580 3355 2635 καί¹
3378 2575 3710 2649 παρεδρεύειν

2155 2675 2603 2748 προτρεπούσης,
2649 2675 2873 2741 ἄπιστος
2903 2675 2960 2730 δὲ
3002 2675 3099 2730 καὶ
3142 2673 3305 2738 αὐτός
3336 2689 3352 2704 ο
3390 2671 3508 2743 ἅμα
3554 2667 3710 2741 γὰρὴ

2155 2767 2314 2839 χρεία
2357 2767 2602 2840 παρῆλθε
2634 2768 2731 2821 καὶ
2773 2768 2938 2833 αὐτὸς
2981 2767 3119 2840 αὐτῇ
3155 2764 3470 2839 παραυτίκα
3524 2778 3712 2816 συναπ-

2155 2857 2350 2929 ᾠχετο.
2387 2859 2545 2912 Ἔστι
2580 2857 2716 2931 πρὸς
2743 2860 2854 2922 τοῖς
2897 2858 3208 2931 εἰρημένοις
3255 2856 3410 2926 φίλος
3436 2855 3501 2908 δι’
3532 2853 3712 2927 ἀρετὴν

2156 2946 2252 3001 καὶ
2297 2946 2433 3001 Θεοῦ
2481 2947 2637 3017 λόγον
2684 2947 3094 3020 εὑρισκόμενος.
3125 2940 3294 3009 Οὗτος
3335 2943 3556 3005 πιστὸς,
3581 2941 3635 2995 δν
3659 2939 3709 2992 οὐ

2155 3036 2410 3111 τράπεζα
2436 3039 2469 3111 ἢ
2499 3041 2818 3112 συμποσίων
2847 3041 3007 3113 χάρις
3037 3039 3410 3094 ἀναδείκνυσιν
3430 3034 3605 3106 (τοῦτο
3620 3033 3711 3104 γὰρ

2157 3133 2186 3185 ὁ
2216 3132 2544 3205 κρατὴρ),ὃς
2567 3134 2628 3188 ού
2652 3135 2840 3207 χρείας
2863 3135 3048 3189 εἵνεκα
3073 3130 3424 3205 παρεδρεύων
3444 3128 3539 3184 καὶ¹
3560 3144 3711 3198 παρα·

2160 3222 2362 3287 σιτῶν,
2402 3223 2505 3277 ὅσα
2545 3224 2682 3295 πρὸς
2723 3223 2884 3297 χάριν
2931 3223 3028 3278 καὶ
3064 3221 3234 3292 ἀκοῆς
3266 3217 3463 3291 τέρψιν
3503 3213 3712 3288 ματαίαν

2164 3317 2275 3379 τοῖς
2302 3316 2464 3370 αὐτὸν
2493 3314 2737 3388 φιλοῦσιν
2758 3314 3184 3386 ἀποφθέγγεται,
3199 3309 3315 3366 ἀλλ’
3343 3311 3444 3364 ὅσα
3461 3305 3708 3373 λυσιτελῆ,

2161 3405 2262 3459 ὅσα
2297 3405 2552 3478 σύμφορα
2573 3407 2667 3461 καί⁵
2693 3406 2832 3461 κατά
2863 3404 2996 3458 Θεδν
3023 3401 3337 3472 ὠφελοῦντα
3359 3395 3707 3469 συμϐουλεύει·

2163 3493 2316 3563 οὗτος
2349 3498 2501 3569 φίλος
2541 3499 2749 3564 πιστὸς,
2787 3498 2846 3554 δν
2891 3496 3026 3570 ζάλη
3067 3495 3163 3550 καὶ
3194 3491 3500 3564 πειρασμὸς
3532 3489 3562 3560 ἢ
3591 3487 3711 3555 ὑπὲρ

2164 3591 2448 3656 εὐσεϐείας
2489 3590 2827 3646 ἀναδεικνύει
2873 3587 3143 3659 διωγμόςο
3168 3585 3261 3640 τοῦ
3299 3582 3539 3638 τοιούτου
3571 3578 3712 3650 μηδὲν

2165 3679 2306 3737 εἶναι
2352 3682 2713 3754 ἀντάλλαγμα
2737 3681 2848 3736 τῶν
2877 3680 2986 3736 ἀπὸ
3017 3680 3143 3752 γῆς,
3186 3677 3354 3750 μηδὲν
3390 3675 3500 3729 τῶν
3542 3672 3712 3743 τιμίων

2164 3774 2511 3846 τιμιώτερον,
2533 3774 2668 3845 μηδὲ
2689 3772 2796 3827 τῶν
2817 3772 3095 3844 ὲρασμίων
3115 3767 3519 3842 ἐρασμιώτερον
3538 3766 3565 3818 ὁ
3590 3762 3713 3834 ἱερὸς

2166 3867 2325 3938 λόγος
2357 3868 2525 3936 ἀξίως
2573 3869 2859 3939 μαρτυρεῖ.
2895 3865 3138 3938 Ἐχθρας
3186 3862 3286 3936 μὲν
3335 3857 3431 3915 οῦν
3485 3858 3711 3917 πολλάκις

2168 3961 2234 4015 ἐκ
2269 3961 2693 4032 συμπτωμάτων
2722 3957 2983 4012 ποικίλων
3032 3953 3526 4029 παρεμπιπτούσης
3554 3951 3614 4020 τῇ
3641 3965 3711 4017 φι-

2167 4058 2281 4131 λίᾳ,
2317 4057 2467 4123 ἀξιον
2495 4057 2655 4129 ὄρους
2685 4054 2904 4119 εἰδέναι,
2952 4053 3048 4107 καὶ
3096 4051 3280 4124 μέτρῳ
3320 4048 3418 4104 καὶ
3441 4044 3606 4118 καιρῷ
3648 4041 3711 4112 τῷ

2168 4149 2306 4220 ἀξίῳ
2353 4147 2452 4212 τάς
2513 4147 2823 4210 διαστάσεις
2875 4145 3116 4217 κρίνεινο
3149 4141 3332 4211 φιλίας
3382 4138 3443 4193 δὲ
3488 4133 3713 4208 ἀληθινῆς

2168 4243 2329 4314 ὅρους
2352 4243 2553 4313 ἥκιστα
2587 4238 2877 4310 γινώσκειν
2908 4237 3013 4310 χρή
3037 4254 3050 4268 ·
3073 4237 3108 4308 ἡ
3137 4233 3276 4306 αὑτὴ
3303 4232 3414 4306 γάρ
3446 4233 3559 4286 ἐστι
3582 4230 3642 4300 τῇ
3666 4229 3712 4280 ὲν

2170 4335 2392 4407 Χριστῷ
2413 4335 2624 4408 ἀγάπῃ,
2653 4335 2777 4405 ἥτις
2806 4331 3061 4386 οὐδέποτε
3088 4328 3367 4384 ἐκπίπτει.

2175 4450 2268 4506 181
2319 4449 2517 4504 Tritia
2542 4448 2792 4514 βλέπων
2833 4444 3140 4518 ὀφθαλμὸς
3166 4442 3355 4500 αὑτὸν
3395 4442 3469 4498 οὐ
3507 4436 3709 4506 βλέπει.

2257 4565 2318 4618 Ὀ
2367 4565 2467 4634 μὲν
2505 4562 2778 4634 ὀφθαλμὸς
2820 4561 2916 4616 τοῦ
2947 4559 3199 4632 σώματος
3228 4557 3420 4614 ἑαυτὸν
3461 4558 3555 4628 μὲν
3599 4549 3712 4607 κατὰ

2180 4656 2342 4726 φύσιν
2373 4657 2648 4719 ἀδυνάτως
2683 4655 2796 4726 ἔχει
2846 4655 3116 4727 καθορᾷν,
3145 4654 3216 4707 τά
3253 4652 3358 4717 ἔξω
3388 4652 3448 4706 δὲ
3487 4650 3576 4705 καὶ
3613 4644 3712 4715 περὶ

2178 4751 2360 4814 αὑτὸν,
2385 4752 2487 4806 ὅσα
2516 4750 2752 4805 κατευθὺ
2785 4751 3087 4821 πρόκειται,
3125 4751 3190 4820 τῇ
3215 4749 3445 4820 όρατικῇ
3486 4741 3712 4815 περιλαμ-

2182 4844 2335 4898 ϐάνει
2354 4843 2577 4916 δυνάμει
2595 4843 2710 4914 (10)
2739 4842 2938 4912 δηλαδή
2958 4859 2972 4872 ·
2993 4840 3087 4894 ὲάν
3101 4840 3159 4893 δέ
3177 4856 3261 4902 τις
3289 4836 3440 4908 αὐτῷ
3457 4835 3521 4904 λή
3530 4853 3598 4906 μη
3613 4833 3640 4902 ἦ
3654 4830 3712 4883 θό»

2180 4936 2347 5000 λωσις
2383 4936 2636 5006 ὲπιχμθῇ,
2667 4933 2763 4988 καὶ
2800 4931 2974 5004 πάθῃ,
3001 4931 3123 4984 οὐδὲ
3164 4929 3334 4984 τάλλα
3377 4926 3608 4988 δυνατῶς
3629 4923 3712 4992 ἔχει

2177 5029 2472 5100 καταθρείν
2503 5028 2580 5092 ὡς
2619 5028 2746 5099 χρή.
2781 5025 2885 5079 Τὸν
2908 5026 3094 5096 ὅμοιον
3117 5023 3317 5095 τρόπον
3339 5021 3435 5075 καὶ
3461 5017 3711 5088 ἀνθρώπου

2176 5122 2300 5187 νοῦς
2327 5121 2535 5186 ἀτελῶς
2567 5120 2660 5174 καὶ
2701 5118 2920 5190 φαύλως
2956 5117 3026 5172 τὰ
3067 5118 3204 5190 πρὸς
3245 5117 3346 5188 τὴν
3370 5116 3470 5186 τῆς
3497 5110 3712 5183 ἀληθείας

2175 5213 2519 5286 διακειμένου
2548 5212 2803 5284 θεωρίαν,
2832 5211 2900 5266 τά
2949 5209 3058 5265 τῶν
3105 5209 3328 5281 πλησίον
3376 5207 3476 5279 μὲν
3521 5198 3712 5258 ἐλαττώ·

2179 5325 2322 5379 ματα
2345 5308 2379 5379 ἢ
2403 5307 2777 5378 ἁμαρτήματα
2814 5301 3221 5376 καταμανθάνει
3251 5301 3285 5372 ἢ
3308 5294 3707 5371 περιεργάζεται,

2182 5403 2273 5457 καὶ
2293 5401 2415 5455 οὐδὲ
2440 5399 2617 5454 ταῦτα
2651 5399 2910 5463 πολλάκις
2944 5395 3187 5470 ἀκριϐῶς
3215 5393 3318 5448 ὑπὸ
3350 5391 3459 5446 τῶν
3494 5388 3710 5461 ἐμφύτων

2178 5491 2514 5565 ζοφούμενος
2554 5491 2743 5546 παθῶν
2775 5506 2788 5520 ·
2823 5490 2892 5545 τά
2923 5487 3118 5543 ἑαυτοῦ
3158 5487 3215 5540 δὲ
3253 5482 3506 5540 τοσοῦτον
3541 5476 3707 5548 ἀγνοεῖ,

2175 5587 2285 5657 ὅσῳ
2329 5586 2424 5641 καὶ
2481 5585 2682 5658 μᾶλλον
2714 5585 2828 5647 τοῖς
2875 5580 3100 5642 οἰκείοις
3142 5577 3338 5632 πάθεσι
3384 5573 3710 5646 παχυνόμενος

2175 5680 2526 5751 ἀμϐλυωπεϊο
2577 5679 2644 5733 δι’
2683 5677 2714 5732 δ
2753 5678 2818 5749 δὴ
2850 5676 2946 5731 καὶ
2994 5671 3296 5745 συμϐούλου
3344 5668 3479 5741 πρὸς
3535 5664 3709 5718 ἅπαντα

2176 5772 2354 5845 χρεὼν
2399 5771 2540 5827 εἶναι
2578 5770 2658 5843 τῷ
2688 5768 2916 5840 τοιούτῳ
2932 5809 2948 5834 ,
2978 5765 3040 5821 τὸ
3068 5765 3313 5820 συνοῖσον
3339 5751 3704 5845 ὑποτιθεμλνικιδ

2300 5866 2378 5932 είς
2407 5837 2714 5938 ὑπόμνησιν
2753 5861 2860 5921 τῶν
2888 5837 3191 5935 ’πρακτέων
3233 5852 3595 5922 ὲπανάγοντοςο
3619 5837 3703 5896 καὶ
