3818 6514
36 430 118 489 839

39 553 120 619 γὰρ
147 546 230 601 καὶ
258 545 287 617 ᾗ
314 543 445 614 περὶ
472 544 533 599 τὸ
572 543 734 617 σῶμα
765 544 1095 618 δημιουργὸς
1127 546 1288 617 σοφία
1322 548 1416 601 καὶ
1444 567 1579 620 προ⁶

40 637 197 709 Mem
220 637 283 705 τῇ
314 634 456 705 χειρὶ
476 637 634 705 χεῖρα
651 634 780 697 ,καὶ
810 633 890 705 τῷ
913 634 1036 688 ποδὶ
1064 635 1219 702 πόδα,
1253 637 1348 690 καὶ
1374 637 1578 705 ὀφθαλ-

40 729 113 800 μὸν
144 725 211 797 τῷ
254 725 552 797 ὀφθαλμῷ,
582 727 678 781 καὶ
727 726 897 781 τᾶλλα
941 726 1175 797 ὁμοίως,
1206 727 1299 782 δύο
1344 728 1439 783 δύο
1472 768 1487 792 ,
1520 728 1579 783 ἓν

38 816 276 870 κατέναντι
334 814 430 868 τοῦ
481 814 633 880 ἐνὸς,
660 816 804 870 κατά
845 816 908 870 τὸ
950 816 1131 886 λόγιον
1172 817 1307 890 (11),
1335 818 1417 883 εἰς
1455 817 1581 890 βοή-

38 909 155 959 θειαν
178 904 369 958 δέδωκε
394 905 490 959 καὶ
522 908 835 977 συνεργίαν.

40 995 114 1065 185
148 990 209 1065 Ei
239 992 363 1065 τοῖς
397 993 609 1065 καλοῖς
640 995 809 1049 ἕποιο
840 996 1331 1065 νουθετούμενος,

40 1063 113 1117 186
147 1064 255 1116 Οὐκ
287 1062 645 1133 ἐντραπήσῃ
670 1065 793 1131 τοῖς
830 1067 1039 1133 κακοῖς
1077 1062 1434 1136 γελώμενος.

86 1151 211 1204 Πάνυ
241 1149 417 1211 καλὴν
454 1152 551 1204 καὶ
590 1151 1022 1224 ὠφελιμωτάτην
1052 1154 1148 1208 καὶ
1169 1154 1372 1225 ταύτην
1404 1155 1433 1206 ό
1465 1153 1581 1207 θεός

40 1262 165 1313 σοφός
204 1246 506 1313 εἰσηγεῖται
550 1245 901 1316 συμϐουλίαν,
938 1247 1129 1318 Εἴπερ,
1154 1248 1361 1317 λέγων,
1392 1242 1436 1301 ὧ
1464 1246 1582 1318 βέλ-

40 1353 181 1401 τιστε,
207 1338 316 1398 τοῖς
365 1336 554 1399 καλοῖς
596 1353 655 1389 τε
698 1337 957 1405 κάγαθοῖς
1014 1337 1356 1402 διδασκάλοις
1402 1340 1583 1392 νουθε-

40 1426 153 1479 τοὺσι
178 1425 234 1477 τὸ
284 1421 384 1489 οὖς
440 1423 693 1495 ὑποσχὼν
732 1425 1188 1497 ἀκολουθήσειας,
1221 1426 1321 1478 οὑκ
1378 1425 1443 1479 ἂν
1488 1425 1581 1479 τοῦ

40 1520 365 1589 προήκοντος
397 1516 757 1586 ἀποσφαλεὶς,
794 1517 888 1570 καὶ
935 1515 1028 1570 τοῦ
1051 1515 1211 1589 ὀρθοὖ
1244 1517 1583 1589 παραρῤυεὶς

40 1611 177 1678 λόγου,
200 1609 302 1663 ὑπὸ
332 1608 450 1662 τῶν
495 1609 683 1663 κακῶν
734 1609 876 1680 μετὰ
913 1610 1087 1663 ταῦτα
1119 1608 1428 1680 γελώμενος
1467 1609 1583 1661 δια-

40 1702 280 1773 τραπείης.
328 1700 401 1753 Τί
435 1698 550 1765 οὖν,
582 1700 750 1772 φαίης
779 1701 844 1754 ἀν
880 1701 1028 1766 ἴσως,
1058 1699 1103 1753 ῶ
1129 1700 1436 1762 διδάσκαλε,
1466 1700 1584 1753 διαο

41 1795 337 1865 πραξαίμην,
374 1794 452 1858 ὡς
500 1794 565 1847 ἂν
600 1792 676 1865 μὴ
717 1792 917 1863 ἐπέλθῃ
947 1792 1033 1845 ἐπ’
1069 1792 1168 1863 ἐμὲ
1197 1791 1359 1862 μηδὲν
1397 1784 1472 1844 ὧν
1505 1792 1585 1843 εῐ-

41 1904 205 1957 ρηκαςς
236 1887 415 1939 Ὅταν
468 1885 587 1938 ποτ’
613 1886 839 1956 αἰσχρὸν
879 1886 1086 1955 ὲννοῇς,
1121 1883 1216 1936 καί
1258 1901 1310 1937 τι
1342 1882 1450 1935 τῶν
1481 1884 1586 1936 ἀπ-

40 1979 294 2049 ειρημένων
345 1978 430 2049 τῷ
472 1977 624 2049 νόμῳ
669 1975 763 2029 τοῦ
820 1974 1134 2045 πνεύματος
1186 1973 1585 2046 διαπράξασθαι

39 2066 201 2137 λογίζῃ,
239 2067 317 2138 μὴ
362 2066 553 2139 εἴπῃς·
605 2064 721 2131 Νύξ
773 2066 928 2129 ἐστι,
965 2064 1058 2117 καὶ
1097 2062 1180 2127 τίς
1223 2081 1289 2136 με
1329 2064 1431 2135 ὁρᾷ
1461 2081 1475 2130 ;
1501 2064 1589 2117 ἐπ’

40 2160 225 2229 ἐρημίας
256 2160 361 2212 καὶ
397 2158 712 2229 καταμόνας
746 2156 857 2226 ἐγὼ
879 2200 893 2223 ,
924 2158 1065 2211 καὶὸ
1093 2155 1331 2227 ἐλέγχων
1357 2157 1419 2210 οὑ
1450 2157 1589 2227 πάρα

38 2268 120 2301 επι
144 2249 245 2321 (12)
266 2266 279 2277 ·
303 2249 389 2320 μὴ
427 2246 571 2302 οὑτω
602 2247 926 2318 διανοηθεὶς,
973 2246 1073 2318 τῆς
1107 2246 1308 2299 ἀτόπου
1335 2246 1589 2319 πράξεως

39 2341 407 2413 ἐπιτολμήσῃςο
437 2339 668 2401 πολλοὺς
696 2337 753 2391 δέ
806 2355 888 2391 σοι
916 2335 1298 2408 παρεστῶτας.
1332 2336 1443 2392 Καὶ
1479 2336 1589 2408 γὰρ

40 2434 333 2503 παρεστᾶσιν
373 2430 596 2501 ἄγγελοί
619 2448 677 2483 τε
718 2428 921 2491 πάντες
950 2428 1045 2481 καὶ
1064 2428 1225 2491 αὑτὸς
1248 2428 1276 2479 ό
1308 2427 1589 2500 Δεσπότης

39 2524 116 2576 τῶν
139 2525 406 2593 ἀγγέλων·
440 2523 536 2577 καὶ
555 2522 727 2587 οὑτως
779 2523 1243 2593 ὑπολογισάμενος
1276 2519 1355 2591 τῷ
1392 2519 1468 2591 νῷ
1492 2538 1589 2593 με-

1006 423 1077 481 IN
1116 423 1424 482 CARMINA
1457 425 1735 486 ARCANA
1771 427 1831 487 S.
1872 426 2216 484 GBEGORII.

3160 423 3266 477 83b

1688 548 1872 603 manui
1913 563 2135 603 manum
2174 554 2228 602 et
2258 545 2377 617 pedi
2432 544 2620 617 pedem
2670 552 2726 602 et
2760 542 2978 600 oculum
3012 541 3181 599 oculo
3216 540 3271 595 el

1680 636 1784 690 alia
1829 635 2084 691 similiter
2123 635 2235 689 duo
2277 642 2333 689 et
2366 633 2498 697 duo,
2532 649 2701 688 unum
2740 649 2807 688 ex
2863 632 3095 688 adverso
3132 629 3271 684 alte-

1680 725 1800 780 rius
1851 723 2159 780 secundum
2220 724 2553 795 scripturam
2591 723 2650 779 in
2692 723 3025 793 adjutorium
3073 730 3129 777 et
3176 734 3274 775 co-

1678 817 2055 891 Operationetn
2095 816 2266 872 dedit.

1682 990 1785 1044 185
1817 989 1878 1044 Si
1913 991 2076 1044 bonos
2111 989 2350 1060 sequaris
2383 987 2716 1060 admonitus,

1685 1061 1786 1115 186
1824 1061 2031 1115 Pudori
2069 1055 2307 1113 libi'non
2339 1060 2435 1111 erit
2467 1077 2498 1112 a
2533 1059 2689 1111 malis
2722 1055 2958 1110 irrideri.

1753 1146 1925 1203 Valde
1952 1149 2152 1202 bonum
2187 1156 2241 1201 et
2272 1147 2625 1201 utilissimum
2655 1155 2709 1199 et
2743 1145 2887 1200 istud
2920 1144 3268 1199 commendat

1683 1240 1867 1296 divine
1911 1243 2131 1311 sapiens
2164 1240 2484 1303 consilium,
2537 1240 2795 1309 inquiens
2826 1257 2840 1292 :
2875 1236 2919 1292 Ο
2962 1237 3190 1306 optime,
3220 1235 3269 1290 si

1683 1332 1844 1389 bonis
1876 1342 1930 1409 et
1970 1334 2134 1387 rectis
2168 1333 2450 1404 magistris
2480 1331 2807 1386 docentibus
2852 1343 3039 1383 aurem
3081 1326 3271 1380 admo-

1684 1441 1818 1480 vens
1849 1425 2340 1494 obtemperaveris,
2378 1438 2658 1492 nunquam
2683 1422 2749 1476 ab
2772 1420 2948 1477 oﬂicio
2981 1420 3273 1475 declinans

1684 1523 1739 1571 et
1788 1531 1818 1570 a
1868 1525 2019 1571 recta
2066 1518 2149 1570 via
2185 1531 2402 1579 errans,
2444 1524 2711 1585 praeterea
2751 1529 2783 1567 a
2836 1513 3025 1568 multis
3071 1512 3275 1567 irrisus

1687 1610 1959 1665 deviabis.
1997 1610 2139 1677 Quid
2188 1597 2340 1680 ergo,
2382 1608 2636 1665 similiter
2686 1607 2857 1674 dices,
2902 1620 2936 1660 ο
2986 1605 3268 1674 magister,

1689 1702 1962 1758 faciamne
2008 1703 2140 1771 quid
2194 1704 2325 1757 mihi
2372 1702 2588 1757 accidat
2637 1700 2825 1756 dehis
2874 1713 2996 1769 qua:
3042 1694 3278 1751 dixisti?

1688 1795 1918 1862 Quando
1956 1796 2143 1852 forsan
2190 1805 2351 1866 turpe
2380 1796 2511 1866 quid
2564 1796 2775 1865 cogitas
2808 1802 2861 1848 et
2904 1790 3199 1846 vetitorum
3240 1803 3273 1843 a

1689 1889 1807 1958 lege
1854 1888 2083 1957 spiritus
2115 1887 2322 1958 aliquid
2356 1888 2700 1942 committere
2740 1882 3045 1944 meditaris,
3087 1896 3155 1935 ne
3189 1878 3276 1933 di-

1691 1994 1810 2044 cas,
1840 1978 1957 2034 Nox
1989 1986 2093 2040 est,
2128 1985 2183 2033 et
2214 1978 2339 2049 quis
2370 1994 2457 2034 me
2494 1979 2680 2033 videt?
2714 1975 2770 2030 In
2802 1974 3019 2030 deserto
3053 1979 3107 2027 et
3153 1970 3275 2025 sine

1692 2069 1922 2135 arbitris
1970 2070 2137 2126 sedeo
2166 2078 2221 2126 et
2255 2071 2618 2140 exprobratur
2655 2069 2832 2123 abest.
2872 2066 2954 2120 Ne
2998 2064 3081 2119 sic
3109 2078 3279 2132 repu-

1690 2168 1816 2215 tans
1858 2160 2124 2230 insipiens
2164 2158 2435 2231 quoddam
2470 2159 2714 2225 audeas;
2762 2162 2893 2212 sunt
2936 2154 3082 2209 enim
3120 2150 3277 2204 multi

1692 2248 2041 2315 assistentes,
2081 2249 2443 2304 circumstant
2474 2246 2654 2318 angeli
2690 2259 2885 2299 omnes
2919 2252 2974 2297 et
3013 2242 3127 2310 ipse
3161 2237 3277 2293 Rex

1693 2342 2035 2413 angelorum,
2079 2350 2133 2397 et
2164 2342 2246 2397 sic
2280 2356 2406 2395 cum
2438 2338 2542 2395 ﬁde
2576 2336 2871 2393 conferens
2907 2334 2961 2389 in
3004 2333 3185 2387 animo
3224 2337 3279 2383 et

1695 2433 1931 2504 teipsum
1954 2451 1983 2488 a
2008 2434 2305 2505 propositis
2329 2447 2570 2488 avocans
2589 2424 3096 2486 cobibebiszdeinde
3119 2420 3278 2493 quasi

1694 2524 1978 2580 beneﬁciis
2009 2525 2200 2581 fruens
2233 2526 2442 2596 gratias
2474 2538 2627 2594 ages.

40 2616 88 2668 ri
123 2617 387 2682 πίστεως,
438 2616 535 2671 καὶ
587 2614 811 2669 σεαυτὸν
858 2614 1171 2685 ἐντραπεὶς,
1222 2611 1318 2667 τοῦ
1379 2612 1778 2685 ἐγχειρήματος
1827 2617 2183 2689 ἀνακοπήσῃ,
2227 2616 2323 2670 καὶ
2371 2613 2512 2687 μετὰ
2557 2611 2733 2667 ταῦτα
2776 2610 2853 2675 ὡς
2902 2603 3282 2679 εὑεργετηθεὶς

41 2715 368 2786 εὖχαριστήσε
379 2730 425 2776 ις
436 2754 448 2765 .

42 2812 115 2866 189
154 2812 252 2867 Ἀεὶ
279 2810 546 2880 προτίμα
567 2808 711 2876 τοὺς
743 2807 971 2876 καλοὺς
1005 2806 1123 2863 τῶν
1144 2806 1231 2878 μὴ
1261 2805 1484 2863 καλῶν.

100 2925 193 2977 ’Δεῖ
222 2925 251 2976 6
298 2924 422 2994 βίος
473 2921 672 2986 καλοὺς
722 2919 837 2991 ἔχει
889 2920 984 2973 καὶ
1024 2918 1249 2982 κακοὺς,
1296 2915 1385 2970 ἀεὶ
1431 2932 1598 2969 σπου-

40 3016 179 3081 δαίους
205 3018 304 3070 καὶ
341 3013 779 3085 καταφρονητάς,
798 3011 1023 3075 πιστοὺς
1046 3009 1165 3081 Θεῷ
1186 3009 1280 3064 καὶ
1311 3008 1597 3075 ἀπίστους,

39 3110 243 3174 δικαίους
283 3111 390 3165 καὶ
419 3108 659 3172 ἀδίκους,
686 3104 979 3177 ἀληθινούς
1020 3121 1080 3157 τε
1121 3103 1216 3158 καὶ
1254 3102 1488 3173 ψευδεῖς.
1522 3102 1596 3155 Σὺ

1704 2805 1807 2860 189
1844 2804 2019 2860 Bonos
2055 2819 2258 2873 semper
2285 2816 2530 2873 pra’pone
2558 2815 2662 2854 non
2695 2795 2865 2852 bonis.

1776 2914 2005 2986 Semper
2050 2914 2213 2969 habet
2249 2914 2356 2967 vita
2394 2912 2572 2967 bonos
2602 2916 2657 2964 et
2696 2906 2897 2969 malos,
2946 2911 3165 2970 semper
3199 2894 3286 2950 di-

1703 3009 1937 3080 ligentes
1969 3016 2026 3063 et
2056 3012 2490 3077 contemptores,
2535 3001 2645 3057 Deo
2693 2997 2885 3054 ﬁdeles
2918 3002 2973 3050 et
3012 2989 3291 3051 inﬁdeles,

1700 3102 1885 3174 justos
1913 3110 1970 3159 et
2014 3100 2278 3169 iniustos,
2312 3112 2540 3153 veraces
2567 3102 2623 3151 et
2667 3089 2986 3148 mendaces.
3027 3083 3109 3140 Tu
3156 3097 3287 3152 ergo

40 3199 109 3255 οὖν
121 3203 252 3256 κατὰ
272 3203 382 3273 τὴν
402 3200 597 3268 γενεάν
628 3216 722 3252 σου
748 3198 874 3259 τοὺς
904 3195 1194 3258 ἐκλεκτοὺς
1221 3192 1465 3265 προτίμα
1491 3190 1600 3245 τῶν

1719 3195 2012 3251 secundum
2049 3192 2423 3249 conditionem
2454 3196 2606 3244 tuam
2637 3200 2749 3259 pm
2771 3181 3048 3256 perversis
3080 3178 3288 3233 honora

40 3295 305 3367 στρεϐλῶν,
334 3266 466 3356 an;
505 3290 751 3354 εὐσεϐεῖς
792 3288 903 3343 τῶν
928 3287 1142 3342 ἀσεϐῶν
1181 3287 1277 3341 καὶ
1311 3285 1440 3347 τοὺς
1467 3283 1600 3356 ἀλη-

1719 3290 1935 3353 alectos,
1966 3288 2087 3359 pios
2130 3302 2243 3357 pm
2272 3284 2459 3355 impiis
2491 3288 2546 3337 et
2574 3278 2851 3367 veridicos
2881 3289 2993 3367 pm
3027 3266 3291 3367 hypocri-

40 3356 185 3454 θινοὺς
211 3356 329 3442 τῶν
366 3383 678 3458 ὑποκριτῶν
696 3400 712 3415 ·
735 3384 926 3446 κακοῖς
952 3381 1009 3434 δὲ
1041 3379 1246 3451 ὁμιλῶν
1274 3378 1368 3433 καὶ
1393 3394 1600 3449 συμπο-

1719 3381 1811 3445 tis;
1853 3356 1999 3434 inter
2025 3356 2203 3431 malos
2231 3373 2575 3431 consortium
2605 3376 2660 3426 et
2693 3364 3008 3424 convivium
3036 3370 3091 3417 et
3132 3356 3292 3413 fami-

41 3485 336 3556 σιαζόμενος
370 3481 468 3535 καί
499 3475 1091 3547 συναναστρεφόμενος,
1123 3473 1200 3536 ὡς
1229 3473 1259 3525 6
1300 3470 1606 3541 ἁπτόμενος

40 3574 211 3645 πίσσης
254 3569 693 3643 μλυνθήσεται,
740 3567 834 3620 καὶ
879 3567 907 3619 6
945 3562 1219 3618 κοινωνῶν
1272 3559 1607 3632 ὑπερηφάνῳ

39 3667 418 3737 ὁμοιωθήσεται
451 3661 623 3732 αὐτῷ,
665 3658 811 3713 κατά
840 3657 939 3729 τὴν
976 3657 1015 3709 Γ
1020 3654 1220 3728 ραφὴν,
1254 3653 1397 3707 οὑτω
1420 3652 1513 3705 καὶ
1542 3652 1607 3704 σὺ

40 3760 130 3820 τᾶς
152 3760 345 3820 κακοῖς
374 3752 739 3824 κολλώμενος,
765 3750 932 3813 κακὸς
955 3748 1072 3821 ἔσῃ.
1092 3744 1234 3800 Ἀλλ’
1257 3747 1403 3816 ἐρεῖς
1423 3744 1604 3814 τυχόν’

41 3847 326 3917 Εὐεργέτης
374 3840 528 3907 οὗτός
580 3845 727 3895 ἐστιν
761 3841 912 3911 ἐμὸς,
952 3839 1046 3891 καὶ
1097 3832 1156 3891 εὖ
1195 3853 1285 3908 μοι
1340 3835 1610 3904 πεποίηκε

40 3938 299 4000 πολλάκις,
343 3932 586 3995 καὶπῶς
633 3930 825 3986 τούτου
860 3929 960 3999 τὴν
988 3926 1274 3982 κοινωνίαν
1324 3924 1611 3978 ἀποσείσο-

43 4047 155 4099 ραις
193 4030 397 4082 Ἄκουε
419 4026 475 4079 δὲ
510 4024 653 4077 θείου
683 4022 845 4091 λόγου
876 4021 1130 4093 βροντῆς.

41 4122 217 4177 Καλοῦ
250 4119 391 4190 παρ’
422 4117 644 4185 ἀνδρὸς
669 4114 904 4184 μήποτε
944 4111 1217 4182 χρηστόν
1243 4111 1464 4179 πάθῃς.

96 4214 225 4285 Παρ*
243 4209 437 4280 ἀνδρὸς
462 4209 543 4270 είς
571 4206 702 4259 Θεὸν
732 4203 1193 4275 ἐμωροινοῦντος
1221 4202 1386 4272 μηδὲν
1411 4197 1612 4268 ἀγαθὸν

41 4305 368 4375 ἐπιθυμήσῃς
395 4299 611 4363 παθεῖν,
637 4296 767 4368 παρ’
792 4294 1080 4367 ἀνθρώπου
1105 4294 1434 4364 ψευδομένου
1458 4289 1611 4355 Θεὸν,

40 4400 117 4452 καὶ
140 4396 429 4469 ὑποκρίσει
465 4393 625 4464 μόνῃ,
661 4390 755 4443 καὶ
792 4389 891 4443 οὑκ
920 4386 1147 4459 ἀληθείᾳ
1182 4384 1501 4457 σεϐομένου,
1538 4382 1614 4453 μὴ

41 4489 361 4560 ἐπιποθήσῃς
404 4486 647 4557 δωρεᾶς·
674 4480 771 4535 τοῦ
804 4478 1024 4551 γλώσσῃ
1062 4479 1199 4550 μόνῃ
1239 4479 1335 4532 καὶ
1378 4476 1615 4547 χείλεσιν

40 4582 375 4653 εὖλογοῦντος
409 4579 500 4634 τὸν
526 4577 657 4631 Θεὸν
689 4573 764 4645 μὴ
797 4574 1038 4645 ζητήσῃς
1062 4570 1330 4639 εὐλογίας.
1361 4569 1473 4623 Καὶ
1501 4566 1608 4638 γὰρ

41 4680 91 4729 .ιὺ
135 4671 550 4747 λυσιτελήσουσί
603 4685 723 4727 σοι·
776 4670 858 4722 ὅτι
891 4668 1046 4738 ζητεί
1089 4663 1417 4735 συγγνώμην
1468 4658 1617 4730 αὑτῷ

41 4769 265 4824 δίδοσθαι
319 4766 407 4837 ἐφ’
438 4759 521 4829 οἷς
574 4763 882 4834 παρανομεῖ
912 4775 925 4790 ⁸
968 4755 1310 4811 ἐπαινεῖσθαι
1357 4754 1511 4825 ζητεί
1561 4753 1620 4805 ἐν

46 4868 153 4927 ταῖς
189 4859 513 4932 ἐπιθυμίαις
541 4857 644 4927 τῆς
683 4855 861 4926 ψυχῆς
896 4850 1063 4906 αὑτοῦ
1086 4890 1100 4916 ,
1142 4849 1334 4903 ἐαυτόν
1376 4863 1437 4900 τε
1489 4862 1624 4917 προ-

46 4956 350 5029 ηγουμένως
385 4954 480 5007 καὶ
516 4950 734 5012 πλείους
768 4948 958 5010 ἄλλους
987 4937 1624 5010 ἀδικῶν,ἐνευλογεῖσθαι

42 5052 132 5104 καὶ
162 5045 573 5119 συνηγορεῖσθαι
600 5046 712 5106 τοῖς
746 5042 844 5111 τῆς
861 5040 1073 5102 ἀδικίας
1104 5036 1266 5090 αὑτοῦ
1296 5035 1478 5106 ἔργοις
1497 5034 1623 5095 τοὺς

46 5142 187 5212 αὑτῷ
215 5140 545 5212 προσιόντας
574 5137 667 5189 καὶ
701 5136 791 5187 ὑπ’
826 5131 991 5185 αὑτοῦ
1025 5123 1623 5200 δῆθενηεὺεργετουμὲ-

45 5249 165 5295 νους
206 5231 301 5284 καλ⁵
348 5225 726 5296 ξενιζομένους
758 5221 827 5275 τά
884 5220 1075 5293 ῥέοντα
1115 5216 1209 5270 καὶ
1253 5213 1621 5283 ἀπολλύμενα,

46 5324 116 5387 ὡς
164 5322 537 5394 ἀπαραίτητον
574 5316 875 5388 πράττεται
908 5312 1005 5366 καὶ
1034 5306 1335 5378 ἀναγκαίαν
1364 5305 1588 5375 όφειλήν
1608 5318 1623 5334 ⁵

46 5415 373 5485 συγγνώμην
413 5411 556 5464 αίτεῖ
583 5406 799 5462 πολλῶν
828 5404 924 5459 καὶ
959 5400 1374 5474 βαρυταλάντων
1402 5396 1580 5467 χρεῶν
1608 5408 1624 5425 ⁸

46 5504 445 5557 εὑτελεστάτων
482 5501 682 5555 δόσεων
710 5498 804 5553 καὶ
836 5495 1134 5567 ἐλαχίστων
1161 5492 1257 5545 καὶ
1285 5487 1496 5561 μικρῶν
1526 5486 1626 5558 τὴν

45 5597 270 5668 ἄπειρον
296 5595 393 5649 τοῦ
426 5591 566 5647 Θεοῦ
610 5590 956 5664 χρηστότητα
982 5588 1077 5641 καὶ
1112 5584 1213 5655 τὴν
1241 5579 1627 5649 ἀκατάληπτον

45 5689 388 5761 δικαιοσύνην
410 5686 775 5758 ἐκπειράζων,
793 5683 888 5738 καὶ
915 5683 1027 5744 τοῖς
1062 5677 1311 5750 ματαίοις
1343 5674 1372 5726 6
1399 5673 1628 5745 μάταιος

125 5800 231 5866 (Hi
272 5799 473 5854 Nescio
537 5814 605 5852 an
661 5796 927 5919 intelligat
985 5791 1120 5848 illud
1165 5786 1475 5860 Epicharmi
1548 5784 1623 5852 (ν.

125 5880 239 5919 alnn
274 5869 499 5919 Axioch.
552 5885 608 5919 ι).
641 5867 790 5919 366).
920 5865 977 5919 δὲ
1015 5864 1138 5919 vain
1175 5861 1275 5915 τάν
1315 5860 1472 5919 χεῖρα
1494 5855 1623 5919 νίζει

50 5855 239 5926 Platon
272 5869 499 5925 Axioch.
552 5885 608 5938 p.
641 5867 790 5930 366),
836 5855 872 5919 ἆ
920 5865 977 5938 δὲ
1015 5855 1275 5938 χεὶρμτάν
1308 5855 1630 5938 χεῖρανίζει

50 5949 133 6011 ει.
159 5943 348 6016 κνίζει)
384 5948 483 5997 aut
522 5928 667 5998 iliatn
710 5928 1058 6004 sententiam,
1085 5928 1207 6004 χεὶρ
1243 5928 1405 6003 χεῖρα
1447 5928 1629 5983 νίπτει

1706 3471 2005 3527 liaritatem
2037 3468 2272 3531 habens,
2302 3466 2448 3522 sicut
2491 3472 2724 3533 tangens
2755 3459 2935 3531 picem
2974 3448 3295 3521 inquinabi-

1710 3572 1819 3630 tur,
1869 3570 1925 3619 et
1977 3561 2399 3618 communicans
2447 3554 2689 3627 superbo
2737 3548 2939 3608 similis
2987 3543 3090 3616 ipsi
3136 3543 3294 3611 juxta

1712 3653 2055 3723 Scripturam
2114 3650 2238 3714 ﬁet,
2285 3655 2341 3704 et
2390 3656 2445 3702 tu
2494 3645 2653 3700 malis
2693 3640 3066 3713 agglutinatus
3112 3631 3294 3686 malus

1710 3749 1843 3804 eris.
1882 3745 1987 3802 Sed
2025 3746 2171 3800 forte
2202 3743 2393 3798 dices:
2442 3736 2770 3794 Benefactor
2814 3733 2917 3788 iste
2949 3743 3103 3783 meus
3132 3728 3295 3779 estet

1712 3856 1856 3912 saepe
1878 3840 2018 3894 bene
2046 3836 2180 3890 mibi
2213 3833 2341 3889 fecit
2372 3838 2426 3887 et
2460 3826 2736 3901 quomodo
2766 3823 2945 3893 ipsius
2973 3818 3294 3874 societatem

1712 3907 2001 4002 rejiciam?
2028 3927 2169 3982 Audi
2199 3924 2370 3980 divini
2403 3919 2553 3977 verbi
2596 3918 2804 3972 tonitru
2834 3933 2846 3968 :
2888 3934 2905 3965 ι
2938 3911 3080 3966 Malo
3119 3923 3149 4002 a
3176 3907 3296 3959 viro

1714 4039 1784 4078 ne
1832 4035 2074 4091 unquam
2112 4016 2441 4073 beneficium
2483 4010 2748 4081 accipias.
2790 4026 2808 4059 ι
2834 4005 2878 4058 A
2910 4003 3030 4056 viro
3050 3998 3143 4069 qui
3186 4010 3297 4067 pm

1713 4115 1976 4170 ebrietate
2007 4112 2062 4165 in
2094 4110 2262 4164 Deum
2296 4106 2537 4175 assurgit
2560 4118 2629 4157 ne
2658 4095 2984 4155 beneficium
3014 4087 3296 4146 desideres

1718 4270 1993 4369 hypocrisi
2036 4308 2149 4348 non
2192 4289 2422 4345 veritate
2466 4285 2635 4341 Deum
2674 4277 2947 4336 reverenti
2996 4289 3065 4328 ne
3102 4270 3297 4341 cupias

1718 4363 1944 4454 donum,
1973 4387 2042 4442 ab
2070 4385 2165 4440 illo
2198 4381 2293 4453 qui
2317 4381 2501 4451 lingua
2526 4383 2740 4431 tantum
2762 4380 2816 4427 et
2834 4368 2993 4425 labiis
3021 4363 3299 4421 benedicit

1719 4483 1911 4546 Deum,
1940 4495 2007 4535 ne
2035 4490 2252 4548 quaeras
2273 4470 2708 4535 benedictiones;
2733 4480 2841 4521 non
2871 4462 3018 4518 enim
3048 4455 3301 4529 expediet

1718 4576 1814 4631 tibi
1848 4574 1977 4645 quia
2007 4571 2224 4628 veniam
2258 4567 2456 4639 quaerit
2494 4562 2614 4619 dari
2646 4567 2871 4631 propter
2915 4555 3010 4609 illa
3043 4568 3138 4622 per
3178 4562 3301 4621 quae

1711 4677 1925 4740 peccat.
1969 4663 2211 4719 Laudari
2252 4658 2451 4732 quierit
2489 4658 2544 4711 in
2590 4649 2882 4709 desideriis
2923 4647 3116 4701 anima:
3163 4655 3298 4704 sum,

1716 4762 1821 4818 sibi
1857 4760 2092 4832 primum
2126 4763 2179 4811 et
2215 4752 2405 4809 multis
2438 4749 2561 4804 aliis
2593 4745 2799 4814 injuste
2844 4751 3068 4800 nocens,
3112 4748 3179 4787 ex
3215 4746 3299 4831 tn-

1714 4820 1943 4924 justiiim
1976 4863 2089 4905 suae
2122 4843 2383 4916 operibus
2412 4840 2513 4896 sibi
2544 4835 2714 4906 exigit
2735 4828 3169 4924 benedictionem
3200 4820 3301 4924 tri-

1722 4911 1818 5002 hui
1864 4955 1920 4999 et
1962 4911 2363 5012 protectionem
2409 4948 2439 4986 a
2485 4922 2955 4985 circumdantibus
2999 4925 3073 5012 et.
3110 4914 3178 4968 ab
3215 4911 3300 5010 his

1722 5036 1926 5107 quibus
1958 5001 2138 5104 palam
2170 5023 2437 5082 beneﬁcia
2469 5016 2704 5074 contulit
2735 5022 2788 5067 et
2818 5005 3165 5078 hospitaliter
3191 5001 3301 5070 egit

1723 5099 1789 5182 de
1816 5099 1977 5180 ﬂuxis
1999 5132 2052 5178 et
2083 5115 2441 5192 pereuntibus
2468 5107 2723 5179 negotiis,
2753 5110 2808 5158 et
2835 5099 3018 5192 exigit
3038 5105 3298 5192 tanquam

1723 5219 1968 5275 debitum
2008 5183 2386 5268 necessarium
2416 5210 2471 5257 et
2502 5198 2653 5254 nullo
2695 5193 2857 5249 modo
2889 5183 3300 5244 dimittendum.

1723 5311 1951 5366 Veniam
1987 5306 2121 5379 petit
2150 5302 2449 5357 multorum
2485 5304 2537 5350 et
2575 5289 2820 5364 gravium
2854 5283 3183 5345 debitorum,
3209 5276 3303 5379 Ii:

1730 5403 1960 5461 lissimis
1991 5398 2152 5456 donis
2186 5404 2242 5451 et
2279 5390 2521 5448 minimis
2548 5395 2605 5442 et
2642 5383 2827 5456 parvis
2860 5381 3181 5434 immensam
3209 5368 3302 5422 Dei

1732 5497 2031 5553 bonitatem
2086 5498 2139 5546 et
2195 5478 2802 5555 incompreltensibilem
2846 5470 3120 5544 justitiam
3183 5470 3304 5555 ten-

1734 5602 1877 5653 tans,
1916 5595 1970 5641 et
1997 5584 2153 5639 vanis
2182 5595 2356 5636 vanus
2390 5576 2654 5632 caelorum
2688 5580 2914 5640 regnum
2954 5574 3135 5618 emere
3162 5553 3301 5609 arbi-

1733 5692 1910 5748 trans,
1946 5685 2002 5734 et
2025 5674 2159 5731 nihil
2193 5672 2408 5727 illorum
2438 5680 2561 5738 qure
2595 5662 2948 5733 requiruntur
2975 5651 3232 5711 oﬂerens,
3252 5649 3306 5700 et

1735 5791 1993 5855 δάκτυλός
2029 5806 2089 5843 τε
2120 5782 2400 5845 δάκτυλον,
2432 5775 2715 5839 Menandri
2748 5771 2896 5830 Sent.
2942 5766 3072 5838 sing.
3108 5758 3236 5816 545.

1811 5863 1920 5940 (12)
1951 5861 2086 5920 Cod.
2118 5855 2407 5929 παρέσται.
