3818 6518
592 514 746 570 uullo
796 517 960 574 modo
987 518 1150 590 digna
1174 538 1350 594 ,opera
1401 543 1587 585 coram
1625 532 1734 590 Deo
1775 536 2178 606 jactat,tamen

588 613 645 658 ut
682 606 770 662 his
799 608 1129 668 benevolum
1159 630 1306 682 eum,
1339 621 1435 689 qui
1457 621 1552 678 dat
1571 628 1779 694 omnia,
1810 631 2015 687 lucrari
2045 649 2180 692 con-

590 696 845 764 tendens,
892 700 1064 758 Deum
1112 720 1220 761 non
1271 709 1534 776 oblectat,
1583 717 1680 773 sed
1733 734 1767 778 ο
1820 734 2014 780 contra
2053 726 2178 785 aliis

589 801 875 855 peccatqu
909 810 1071 850 suum
1102 813 1398 857 commune
1434 804 1614 862 reddit

480 1082 482 1084 '
593 1073 696 1130 195
727 1075 841 1147 Ego
873 1079 1010 1134 lucri
1039 1081 1244 1152 aliquid
1285 1084 1356 1138 ab
1388 1087 1695 1144 adversario
1725 1093 1941 1164 colligo.

663 1164 759 1219 Est
789 1175 842 1221 et
875 1170 1019 1238 apud
1057 1171 1239 1228 hostes
1268 1175 1465 1244 gratia,
1505 1179 1580 1231 ait
1614 1183 1984 1248 proverbium.
2033 1184 2175 1244 Huic

588 1257 863 1328 theologia
897 1261 1076 1316 simile
1120 1263 1292 1320 dicit:
1332 1265 1442 1336 Ego
1473 1277 1524 1323 et
1568 1271 1636 1325 ab
1681 1273 1839 1329 hoste
1880 1275 2170 1332 utilitatem

588 1346 831 1417 percipio
850 1357 904 1404 et
930 1350 1149 1406 lucrum
1175 1355 1335 1411 vobis
1357 1361 1729 1417 communico.
1759 1363 1898 1430 Quid
1923 1367 2174 1422 lucrum?

586 1436 1025 1508 Redargutiones
1054 1459 1245 1500 eorum
1283 1449 1375 1518 qui
1428 1467 1514 1507 me
1558 1455 1796 1510 oderunt
1837 1469 1890 1513 et
1921 1461 2170 1516 convicia

582 1530 892 1587 observans
926 1541 981 1588 et
1010 1535 1253 1605 ipsorum
1283 1539 1698 1612 objurgationes
1728 1547 1906 1604 vitans
1938 1549 2055 1620 ipse
2071 1566 2170 1606 ac-

579 1621 832 1678 curatius
863 1626 1030 1680 vitam
1067 1627 1304 1700 dispono
1351 1648 1527 1690 meam
1577 1644 1631 1692 et
1665 1639 1821 1697 vobis
1857 1643 1992 1697 illud
2038 1659 2168 1699 sua-

577 1713 685 1770 deo
727 1733 742 1772 :
783 1714 855 1771 Ut
903 1720 1156 1776 securius
1189 1723 1410 1790 vivatis,
1461 1737 1516 1782 et
1554 1744 1622 1785 ne
1663 1735 2035 1791 contemnatis
2080 1736 2166 1790 vel

577 1808 920 1866 levissimam
951 1827 981 1866 a
1011 1813 1154 1869 bono
1180 1816 1626 1888 declinationem,
1657 1840 1766 1879 non
1799 1833 2009 1882 tantum
2035 1843 2164 1899 pro-

577 1910 702 1968 pter
724 1901 1070 1972 mandatum,
1109 1905 1205 1962 sed
1229 1916 1283 1964 et
1310 1921 1535 1982 propter
1564 1914 1958 1971 maledicorum
1990 1919 2160 1974 auda-

573 1994 741 2058 ciam,
775 1997 1083 2052 cavendum
1115 2000 1275 2056 nobis
1303 2013 1390 2058 est
1421 2006 1570 2060 omni
1605 2006 1908 2079 diligentia.
1957 2009 2157 2067 Reme-

571 2085 725 2140 dium
758 2095 845 2142 est
885 2089 1091 2157 injuria
1125 2091 1392 2162 hostium,
1434 2099 1737 2153 remedium
1769 2100 2000 2157 all‘ectus
2029 2117 2158 2173 pra-

572 2192 672 2233 vos
697 2180 886 2237 cordis
922 2182 1232 2254 detergens,
1267 2201 1515 2243 amarum
1547 2193 1768 2262 quidem
1794 2195 1933 2250 sicut
1963 2205 2016 2250 et
2037 2211 2160 2251 cor-

1945 420 2240 481 NICETAS
2275 425 2362 480 DA
2372 427 2481 484 \'lD
3674 453 3743 510 8'52

2285 549 2384 619 τὴν
2413 549 2522 602 τῶν
2549 550 2793 622 οὐρανῶν
2820 551 3095 623 βασιλείαν
3136 554 3529 629 ἐξαγοράζεσθαι
3555 567 3744 640 ΝέμεαΙ

2285 641 2380 693 καὶ
2407 641 2572 711 μηδὲν
2599 635 2675 698 ὧν
2698 645 2905 709 ἐκεῖνος
2927 646 3086 718 ζητεῖ
3122 650 3494 721 παρεχόμενος,
3515 658 3591 710 καὶ
3620 635 3669 713 τὰ
3688 635 3744 718 οὑξ

2277 730 2430 796 δενὸς
2469 733 2594 800 ἄξια
2631 736 2760 806 παρ’
2787 735 2935 809 αὐτῷ
2979 738 3462 812 πλειπηριάζεται,
3490 749 3569 800 καὶ
3598 751 3744 820 τούτοις

2276 824 2367 878 τὸν
2391 823 2600 880 διδόντα
2621 827 2690 881 τά
2711 830 2888 884 πάντα
2915 837 3550 905 καταπραγματευόμενος
3567 839 3668 894 Θεὸν
3680 846 3743 899 οὐκ

2275 914 2545 984 ἀρκεῖται,
2564 918 2698 973 ἀλλά
2725 921 2816 974 καὶ
2837 921 3028 987 ἀλλους
3051 925 3338 989 κοινωνοὺς
3361 927 3452 998 τῆς
3471 929 3603 984 αὑτοῦ
3624 935 3744 1006 ἁμαρ.

2273 1006 2394 1071 τίας
2424 1010 2829 1080 συνεφέλκεται.

2275 1097 2378 1152 195
2428 1098 2568 1170 Ἐγώ
2615 1117 2671 1153 τι
2710 1101 2921 1171 κέρδος
2947 1103 3176 1175 ἐκλέγω
3208 1105 3305 1160 καί
3333 1106 3649 1179 δυσμενοῦς.

2347 1187 2506 1242 Ἔστι
2550 1189 2646 1243 καὶ
2673 1194 2805 1264 παρ’
2836 1192 3048 1265 ἐχθρῶν
3078 1195 3310 1268 χάρις,ή
3345 1200 3580 1269 παροιμία
3602 1205 3740 1274 φησίν·

2271 1279 2454 1350 ὅμοιον
2493 1281 2666 1354 ταύτῃ
2693 1283 2787 1338 καὶ
2820 1286 2853 1355 ἡ
2895 1283 3143 1356 θεολογία
3182 1287 3362 1359 λέγει,
3386 1292 3512 1366 Ἐγὼ
3529 1295 3667 1350 ulla:
3681 1298 3740 1350 τοῦ

2270 1369 2568 1442 δυσμενοῦς
2597 1372 2864 1442 ὠφέλειαν
2896 1378 3213 1449 καρποῦμαι
3237 1380 3332 1434 καὶ
3360 1383 3418 1434 τὸ
3443 1384 3600 1455 κέρδος
3625 1404 3742 1440 κοινο-

2270 1461 2532 1533 ποιοῦμαι
2579 1465 2716 1537 πρὸς
2748 1466 2914 1537 ὑμᾶς.
2969 1468 3182 1524 Ὀποῖον
3225 1471 3283 1526 δὲ
3327 1474 3466 1526 τουτὶ
3503 1473 3556 1528 τὸ
3583 1477 3739 1547 xit/69;;

2269 1555 2381 1619 Τὰς
2413 1555 2521 1626 γὰρ
2551 1557 2702 1629 παρά
2729 1559 2836 1614 τῶν
2859 1561 3248 1632 ἐχθραινὸντων
3278 1565 3529 1637 μοιλαὸἀς
3551 1569 3624 1622 καὶ
3647 1571 3742 1639 μέμ·

2266 1649 2388 1719 ψεις
2421 1650 2764 1717 ὑποπτεύων,
2807 1654 2899 1706 καὶ
2935 1654 3035 1718 τὰς
3075 1655 3255 1710 αὐτῶν
3285 1657 3545 1728 ἐπιλήψεις
3573 1660 3740 1729 duossi-

2267 1757 2380 1810 γων
2404 1783 2418 1808 ,
2455 1743 2618 1807 αὐτός
2649 1761 2710 1798 τε
2743 1745 3133 1818 ἀκριϐέστερον
3163 1749 3254 1802 τὸν
3304 1749 3519 1821 ἐμαυτοῦ
3560 1751 3740 1804 διευϐετῶ

2271 1832 2384 1904 βίον
2413 1835 2508 1888 καὶ
2552 1835 2680 1906 ὑμῖν
2727 1837 2858 1891 αὐτὸ
2904 1836 3061 1890 τοῦτο
3105 1840 3392 1911 παραινῶ,
3421 1842 3740 1914 meum“

2270 1919 2420 1993 βιοῦν
2458 1924 2552 1976 καὶ
2593 1924 2668 1996 μὴ
2717 1929 3076 1997 καταφρονεῖν
3120 1929 3255 2000 μηδὲ
3293 1931 3387 2002 τῆς
3421 1931 3655 2002 ἐλαχίστης
3685 1935 3736 1986 δι-

2265 2016 2542 2088 αμαρτίας
2569 2015 2662 2072 τοῦ
2687 2017 2874 2082 καλοῦ,
2889 2019 2938 2072 εί
2958 2019 3052 2072 καὶ
3084 2020 3158 2092 μὴ
3178 2019 3268 2076 διὰ
3292 2023 3388 2094 τὴν
3407 2023 3592 2096 ἐντολὴν
3608 2024 3737 2077 tosti-

2263 2127 2376 2175 τον,
2407 2110 2544 2165 ἀλλά
2585 2128 2648 2180 γε
2680 2111 2768 2165 διὰ
2812 2110 2911 2183 τὴν
2941 2109 3049 2166 τῶν
3090 2112 3376 2184 βασκάνων
3397 2117 3618 2187 λοιδορίαν
3639 2120 3734 2186 eis;

2263 2201 2528 2273 τηρητέον
2581 2202 2808 2266 ἑαυτοὺς
2855 2202 3090 2276 φυλακῇ.
3125 2205 3414 2277 Φάρμακὸν
3443 2209 3614 2262 ἐστινό
3649 2208 3735 2278 πρὸς

572 2285 769 2338 porum
812 2275 1099 2344 purgativa
1139 2293 1154 2332 :
1205 2275 1392 2350 itaque
1444 2281 1576 2337 illud
1610 2289 1814 2342 veritus
1860 2287 2134 2358 prohibe01

2260 2291 2368 2345 τῶν
2403 2292 2613 2365 ἐχθρῶν
2654 2293 2972 2364 ὀνειδισμὸς,
3017 2275 3310 2368 φάρμακον
3347 2298 3448 2352 τῶν
3473 2299 3556 2369 τῆς
3580 2275 3734 2370 καρδίας

571 2379 641 2418 ne
689 2365 746 2419 in
811 2367 997 2423 multis
1048 2370 1386 2442 delinquam,
1446 2384 1502 2431 et
1567 2377 1766 2434 iterum
1817 2381 2132 2451 voluptateu

2262 2384 2482 2438 παθέων
2529 2384 2924 2458 καθαρτήριον,
2959 2365 3153 2459 πικρδν
3181 2388 3240 2442 δὲ
3292 2389 3435 2461 ὅμως
3455 2431 3470 2455 ,
3495 2365 3646 2460 ῶσπερ
3675 2389 3734 2442 aut

569 2464 832 2527 tanquam
907 2475 1134 2517 causam
1191 2471 1246 2519 et
1305 2465 1680 2526 adductricem
1750 2471 2134 2544 obiurgationis

2259 2476 2328 2530 τὰ
2364 2475 2474 2530 τῶν
2525 2478 2790 2547 σωμάτων
2843 2480 3082 2551 ρυπτικά
3119 2496 3134 2511 ·
3166 2480 3236 2534 δι’
3263 2479 3294 2534 δ
3323 2481 3414 2536 καὶ
3441 2481 3597 2545 δεδιὼς
3629 2479 3736 2533 τοῦτο

569 2560 770 2604 amara:
803 2552 1076 2623 redarguo
1109 2563 1163 2611 et
1195 2557 1409 2629 rejicio.

2262 2563 2621 2638 συστέλλομαι
2647 2567 2716 2620 τὰ
2739 2567 2908 2622 πολλά
2935 2572 3297 2642 παρανομεῖν,
3325 2571 3413 2624 καὶ
3433 2565 3491 2624 αὖ
3519 2571 3644 2624 πάλιν
3668 2569 3732 2639 τὴν

566 2639 762 2714 ἡδονὴν
810 2644 888 2708 ὡς
926 2647 1106 2702 αἰτίαν
1159 2667 1250 2720 μοι
1309 2653 1404 2706 καὶ
1449 2653 1706 2727 πρόξενον
1755 2657 1856 2729 τῆς
1903 2658 2014 2712 τῶν
2061 2659 2381 2732 ὀνειδισμῶν
2421 2659 2644 2732 πικρίας
2685 2661 2975 2734 γινομένην
3020 2639 3406 2734 ἐπιμέμφομαι
3447 2664 3529 2717 καὶ
3556 2662 3731 2717 ἀποσείο-

613 2749 691 2788 αι.

613 2750 691 2788 αι.

565 2750 671 2882 ῗ97
702 2826 879 2882 Bonos
914 2834 1213 2895 reniuuera,
1248 2833 1420 2888 malos
1446 2834 1673 2904 despice.

641 2916 833 2974 Simile
852 2932 980 2990 puto
999 2926 1346 2980 tetrasticum
1373 2927 1518 2981 istud
1533 2929 1838 2998 apostolico
1851 2931 2146 2988 mandato:

563 3007 628 3064 Si
643 3011 761 3078 ﬁeri
773 3021 965 3080 potest,
988 3015 1128 3084 quod
1145 3031 1213 3070 ea:
1227 3017 1371 3072 vobis
1387 3028 1487 3087 est,
1509 3037 1627 3074 cum
1653 3023 1894 3078 omnibus
1919 3024 2146 3079 homini-

563 3102 660 3155 bus
678 3117 861 3170 pacem
880 3105 1128 3161 habentes
1151 3107 1341 3179 (Rom.
1373 3126 1471 3174 xit,
1503 3113 1594 3184 l8)
1620 3130 1634 3168 :
1659 3129 1786 3169 cum
1813 3114 1973 3170 bonis
1991 3131 2146 3188 ergo,

561 3197 866 3254 mansuetis
893 3207 947 3255 et
965 3199 1247 3259 benevolis
1272 3215 1399 3276 erga
1423 3220 1523 3261 nos
1546 3209 1939 3264 convenienter
1970 3210 2143 3265 vicem

560 3287 768 3345 referre
800 3290 1012 3360 justum
1043 3301 1149 3360 est,
1197 3295 1312 3350 sive
1342 3311 1440 3366 per
1467 3298 1658 3363 verba,
1701 3299 1817 3355 sive
1853 3315 1949 3371 per
1977 3301 2144 3365 dona,

559 3381 678 3436 sive
695 3396 792 3451 per
812 3392 1014 3438 rectam
1039 3387 1460 3456 conscientiam,
1484 3390 1646 3446 aliter
1662 3391 1884 3463 dignam
1919 3393 2148 3450 reddere

557 3474 792 3543 gratiam
815 3484 1066 3545 oportet;
1095 3479 1270 3536 malos
1301 3496 1436 3536 vero
1467 3492 1521 3538 et
1560 3499 1818 3554 perverse
1849 3495 2072 3557 agentes
2091 3494 2146 3542 et

555 3569 968 3627 calumniantes
1010 3587 1114 3628 nos
1159 3572 1464 3646 despicere,
1507 3578 1664 3632 nihili
1713 3577 1917 3644 facere,
1965 3580 2017 3635 id
2055 3588 2145 3637 est

559 3661 840 3733 negligere
877 3671 1126 3734 oportet;
1162 3665 1258 3721 sed
1291 3669 1455 3723 etiam
1497 3670 1631 3740 ipsis
1663 3673 1893 3740 gratiam
1931 3672 2144 3729 tribue-

555 3768 639 3818 re,
666 3768 732 3809 eo
760 3755 907 3824 quod
950 3756 1084 3810 nihil
1116 3759 1247 3813 mali
1279 3761 1348 3816 ab
1373 3761 1508 3831 ipsis
1534 3764 1826 3832 patiamur,
1854 3764 1981 3820 licet
2009 3765 2144 3821 allii.

557 3861 686 3916 gere
719 3848 965 3904 meditati
1012 3851 1159 3917 sint;
1193 3853 1398 3910 idcirco
1449 3855 1737 3927 pacilicum
1770 3865 1823 3913 et
1867 3859 2142 3929 placidum

550 3953 682 3994 esse
714 3953 839 3995 cum
873 3941 1006 4011 ipsis
1038 3951 1288 4014 oportet;
1322 3946 1451 4003 inde
1479 3955 1744 4018 sequetur
1783 3947 2144 4007 diuturnitate

556 4032 823 4102 temporis
861 4041 914 4088 et
969 4034 1382 4107 longanimitate
1428 4039 1571 4111 quod
1620 4055 1718 4096 eos
1761 4040 1997 4098 suadeas
2046 4042 2140 4113 qui

552 4121 687 4178 boni
723 4123 856 4179 ﬁant
893 4133 987 4180 tua
1022 4127 1296 4196 probitate
1320 4129 1479 4198 victi;
1512 4131 1719 4186 nemini
1756 4132 1902 4186 enim
1936 4133 2138 4187 malum

557 4229 660 4283 pro
704 4216 849 4271 malo
900 4217 1160 4282 reddens,
1211 4219 1507 4276 bonitatem
1555 4229 1610 4277 et
1660 4223 2138 4281 mansuetudinem

555 4311 822 4375 tanquam
861 4309 1128 4377 optimum
1162 4312 1271 4365 illis
1299 4311 1620 4383 impertiens
1644 4313 1872 4383 donum,
1903 4319 1984 4375 sic
2008 4335 2140 4390 pau-

556 4395 726 4450 Iulum
751 4398 1084 4468 meliorabis,
1102 4407 1158 4459 et
1173 4401 1346 4462 malos
1364 4413 1419 4461 et
1437 4407 1702 4464 molestos
1738 4408 1913 4466 bonos
1953 4413 2049 4467 tibi
2082 4421 2137 4469 et

555 4486 761 4557 probos
789 4488 1063 4559 perﬁcies.

553 4665 652 4722 201
695 4665 968 4740 Beniguus
1001 4681 1114 4728 esto
1144 4676 1412 4743 omnibus,
1442 4679 1489 4733 si
1515 4691 1682 4748 potes.

622 4779 682 4837 Si
703 4788 858 4838 tanta
884 4785 980 4841 tibi
1001 4789 1179 4860 gratia
1214 4791 1284 4847 ab
1305 4792 1590 4850 Allissimo
1613 4796 1815 4852 tributa
1848 4809 2006 4858 estet
2029 4802 2134 4872 vis,

547 4875 642 4947 qui
681 4874 851 4933 Deum
888 4879 1122 4938 imiteris
1156 4900 1318 4954 quem
1343 4887 1600 4943 omnibus
1627 4891 1966 4948 celebramus
1991 4895 2139 4965 Opti-

548 4982 724 5032 mum,
747 4976 802 5025 et
826 4968 943 5040 ipse
960 4971 1059 5028 (ias
1077 4975 1334 5032 omnibus
1357 4977 1536 5034 bonus
1558 4991 1613 5035 et
1631 4981 1813 5037 utilis:
1837 4987 1969 5055 quid
1985 4988 2131 5042 enim

545 5074 684 5116 sane
709 5061 1014 5120 imitatione
1043 5064 1138 5121 Dei
1157 5055 1392 5124 melius?
1419 5069 1524 5126 Sed
1549 5072 1711 5128 homo
1731 5090 1855 5129 cum
1891 5077 2137 5149 sis,quo-

549 5151 717 5207 modo
745 5155 1216 5224 poterisbonitati
1246 5159 1350 5230 ipsi
1382 5161 1578 5219 similis
1597 5165 1712 5220 lieri
1740 5175 1794 5222 et
1821 5167 1889 5223 ad
1915 5183 2133 5226 omnem

549 5244 760 5310 pariter
790 5261 1014 5304 carnem
1045 5251 1486 5310 misericordiam
1517 5259 1811 5316 extendere
1839 5270 1895 5316 et
1917 5260 2134 5318 bonita«

551 5335 703 5390 tem?
733 5337 981 5410 Simplici
1007 5342 1173 5400 corde
1202 5345 1638 5404 misericordiam
1672 5361 1727 5408 et
1755 5367 2001 5409 amorem
2033 5355 2134 5409 ha-

550 5427 682 5484 bere
707 5435 762 5485 et
792 5429 860 5486 de
888 5433 1066 5489 salute
1083 5437 1330 5494 omnium
1351 5439 1634 5498 hominum
1661 5444 1902 5500 studium
1929 5448 2133 5506 sentire

549 5535 648 5590 per
678 5519 890 5579 Christi
931 5516 1280 5587 dilectionem
1329 5546 1459 5604 erga
1517 5551 1620 5592 nos
1670 5552 2001 5610 possumus;
2033 5538 2128 5596 sed

550 5612 876 5673 benefacere
905 5621 1161 5680 omnibus
1196 5624 1516 5682 hominibus
1543 5626 1754 5685 homini
1789 5629 2133 5702 impossibile

548 5707 778 5764 omnino
803 5718 923 5778 est;
959 5711 1082 5769 ideo
1111 5715 1258 5772 dicet
1293 5719 1555 5776 omnibus
1579 5717 1699 5776 ﬁeri
1745 5722 1911 5780 utiles
1946 5725 2131 5782 animo

548 5799 752 5856 volenti
797 5801 1051 5860 homines
1081 5805 1412 5878 diligentes;
1440 5820 1494 5866 et
1528 5814 1835 5882 praesertim
1867 5815 2131 5886 proximis

549 5893 782 5965 nostris,
813 5895 979 5953 corde
1010 5896 1155 5954 bono
1183 5907 1238 5957 et
1267 5905 1618 5964 sermonibus
1650 5915 1706 5964 et
1745 5907 2002 5978 cperibus
2036 5907 2125 5966 be-

2245 2839 2344 2894 197
2384 2838 2620 2905 Καλοὺς
2646 2839 2914 2909 ἀμείϐου,
2947 2841 3090 2905 τοὺς
3135 2841 3361 2909 κακοὺς
3405 2844 3690 2912 περιφρόνει.

2316 2930 2541 3002 Ὅμοιον
2568 2927 2722 3001 οἶμαι
2756 2930 2915 2985 τοῦτο
2952 2933 3013 2985 τὸ
3051 2933 3404 3006 τετράστιχον
3436 2935 3504 3006 τῷ
3534 2932 3733 2988 ἀποστολι-

2245 3022 2328 3094 aq;
2356 3023 2551 3093 ἐκείνῳ
2587 3023 3029 3095 παραγγέλματι,
3065 3027 3136 3079 El
3166 3025 3447 3090 δυνατὸν,
3465 3026 3521 3080 τὸ
3547 3024 3602 3090 ἐξ
3619 3024 3732 3095 ὑμῶν

2240 3115 2394 3186 μετὰ
2433 3114 2675 3170 πάντων
2719 3114 3045 3184 ἀνθρώπων
3077 3119 3502 3186 εἰρηνεύοντες.
3524 3118 3637 3188 Πρὸς
3667 3116 3730 3187 μὲν

2253 3202 2346 3262 οῦν
2372 3209 2499 3273 τοὺς
2531 3207 2731 3272 καλοὺς
2755 3209 2852 3264 καὶ
2883 3209 3146 3274 ἐπιεικεῖς
3169 3211 3268 3266 καὶ
3295 3211 3471 3276 εὔνους
3497 3212 3606 3283 ημῖν
3625 3225 3730 3280 πρω-

2251 3299 2496 3370 ηκόντως
2538 3300 2812 3354 ποιεῖσθαι
2841 3299 3050 3356 δίκαιον
3076 3302 3178 3366 τὰς
3207 3303 3456 3375 ἀμοιϐὰς,
3480 3305 3572 3356 εἴτε
3593 3303 3657 3355 διὰ
3676 3301 3729 3352 λὸ-

2245 3405 2380 3462 γων,
2415 3391 2522 3445 εἴτε
2543 3391 2631 3446 διά
2663 3392 2872 3462 δώρων,
2897 3392 3076 3446 εῖτουν
3105 3393 3284 3459 ἄλλως
3312 3396 3379 3450 δι’
3407 3394 3589 3466 ἀγαθῆς
3613 3409 3728 3446 συνει-

2245 3485 2455 3556 δήσεως
2498 3485 2599 3556 τὴν
2652 3484 2808 3550 ἀξίαν
2856 3485 3202 3540 ἀποτιννύναι
3251 3488 3408 3559 χάριν
3449 3485 3729 3559 χρεώνοτώς

2246 3578 2452 3639 κακοὺς
2478 3576 2537 3630 δὲ
2560 3577 2654 3630 καὶ
2677 3577 3142 3649 πονηρευομένους
3157 3580 3255 3632 καὶ
3278 3579 3622 3651 βασκαίνοντας
3641 3577 3729 3646 ἡμῖν

2246 3671 2596 3740 περιφρονεῖν
2641 3669 2737 3722 καὶ
2767 3668 3096 3737 ἐξουδενοῦν,
3123 3672 3154 3724 ὃ
3179 3671 3330 3725 ἐστιν
3365 3673 3619 3742 ὑπερορᾷν,
3641 3671 3726 3738 χρὴ

2245 3759 2381 3814 ἀλλά
2427 3760 2526 3813 καὶ
2574 3759 2784 3825 τούτοις
2840 3762 3000 3835 χάριν
3049 3763 3250 3817 είδέναι
3295 3763 3372 3835 τῷ
3419 3763 3563 3834 μηδὲν
3597 3759 3728 3814 παθεῖν

2246 3851 2378 3923 παρ’
2407 3851 2588 3906 αὐτῶν
2618 3852 2816 3917 κακὸν,
2855 3855 2904 3906 εἰ
2955 3855 3050 3908 καὶ
3079 3855 3268 3919 ἔδοξαν
3307 3854 3484 3909 λυπεῖν
3507 3870 3519 3884 ·
3543 3855 3598 3908 δι’
3619 3854 3642 3905 δ
3666 3850 3727 3903 καὶ

2243 3942 2535 4014 εἰρηνικῶς
2561 3945 2654 3998 καὶ
2681 3945 2908 4016 ἀμάχως
2940 3944 3060 3998 δέον
3097 3945 3400 4001 διακεῖσθαι
3429 3945 3551 4017 πρὸς
3575 3943 3726 4002 αὐτοὺς,

2241 4035 2316 4099 ὡς
2361 4035 2426 4090 ἂν
2459 4036 2535 4107 τῷ
2573 4037 2753 4107 πολλῷ
2799 4037 2978 4109 χρόνῳ
3010 4037 3104 4091 καὶ
3129 4041 3198 4110 τῇ
3237 4038 3564 4112 μακροθυμίᾳ
3593 4035 3727 4100 πείσῃς

2242 4126 2336 4179 καὶ
2361 4127 2559 4190 αὐτοὺς
2602 4128 2857 4197 γενέσθαι
2899 4131 3188 4202 χρηστοὺς,
3209 4133 3312 4204 τῆς
3344 4133 3442 4202 σῆς
3476 4126 3726 4200 ἡττημένους

2241 4215 2664 4286 καλοκάγαθίας.
2713 4221 2918 4291 Μηδενὶ
2963 4222 3072 4294 γάρ
3117 4223 3287 4276 κακὸν
3317 4223 3434 4278 ἀντὶ
3469 4219 3610 4276 κακοῦ
3633 4218 3726 4270 ἀπο·

2239 4308 2432 4374 διδοὺς,
2469 4311 2814 4382 χρηστότητα
2853 4313 2911 4366 δὲ
2949 4315 3042 4368 καὶ
3073 4313 3376 4370 ἐπιείκειαν
3411 4314 3480 4378 ὡς
3511 4309 3725 4374 καλλίστην

2239 4402 2420 4465 αὐτοῖς
2449 4402 2827 4474 ἐπιδραϐεύων
2855 4405 3085 4477 δωρεὰν,
3114 4406 3258 4460 οὕτω
3292 4406 3429 4461 κατὰ
3458 4402 3618 4476 μικρὸν
3631 4401 3726 4467 ἁγαυ

2240 4495 2439 4560 θυνεῖς,
2455 4497 2548 4550 καὶ
2573 4499 2701 4562 τοὺς
2723 4499 2926 4561 κακοὺς
2957 4497 3051 4551 καὶ
3084 4501 3355 4570 πονηροὺς
3375 4499 3552 4562 καλοὺς
3576 4490 3724 4558 σεαυτῷ

2245 4585 2338 4638 καὶ
2373 4588 2642 4658 χρηστοὺς
2673 4588 3042 4652 ἀποτελέσεις.

2233 4699 2333 4753 201
2377 4695 2536 4756 Πὰσι
2580 4700 2699 4772 μὲν
2759 4702 2884 4758 ἴσθι
2922 4705 3223 4774 χρηστὸς,
3257 4709 3309 4761 ει
3349 4707 3509 4762 τοῦτο
3549 4702 3720 4763 σθὲνθςο

2304 4814 2368 4866 Εἰ
2403 4812 2502 4885 μὲν
2545 4815 2780 4889 τοσαύτη
2842 4835 2924 4872 σοι
2977 4820 3136 4892 χάρις
3189 4821 3392 4876 ἄνωθεν
3431 4815 3721 4890 ἐπεϐραὸεὖθη

2233 4907 2328 4960 καὶ
2362 4907 2535 4976 ἰσχὺς,
2574 4907 2715 4962 ὥστε
2763 4909 2897 4966 Θεὸν
2947 4911 3230 4983 μιμεῖσθαι
3259 4912 3350 4967 τὸν
3389 4915 3492 4975 τοῖς
3519 4909 3720 4979 σύμπασιν

2234 4996 2640 5070 ἀνυμνούμενον
2670 5001 2928 5074 χρηστὸν,
2955 5003 3050 5056 καὶ
3079 5003 3241 5068 αὐτὸς
3261 5004 3410 5071 γίνου
3439 5001 3557 5072 πρὸς
3575 5000 3718 5052 πάντας

2233 5089 2436 5158 ἀγαθὸς
2469 5092 2563 5145 καί
2607 5091 2842 5164 χρηστός
2861 5109 2876 5125 ·
2904 5093 2958 5146 τί
2986 5093 3096 5167 γάρ
3132 5095 3230 5166 τῆς
3258 5095 3422 5156 ὅντως
3444 5085 3718 5162 θεομιμησίας

2232 5181 2581 5254 ἀγαθὼτερον
2633 5183 2698 5237 ἂν
2727 5185 2850 5255 sit);
2896 5183 3037 5238 Ἀλλ’
3071 5185 3352 5255 ἄνθρωπον
3396 5183 3513 5237 ὄντα
3536 5180 3627 5242 πῶς
3647 5171 3719 5229 οἷόν

2230 5291 2290 5326 τε
2344 5274 2411 5345 τῇ
2456 5275 2851 5346 αὑταγαθότητι
2903 5276 3311 5349 ἐξομοιοῦσθαι,
3340 5276 3430 5329 καὶ
3461 5274 3579 5345 πρὸς
3597 5271 3718 5324 πᾶσαν

2231 5365 2318 5418 ἐπ’
2349 5364 2470 5436 ῐσης
2501 5365 2678 5430 σάρκα
2713 5365 2806 5420 τὸν
2843 5366 2991 5420 ἔλεον
3041 5369 3388 5439 ἐπιχορηγεῖν
3411 5366 3496 5419 καὶ
3523 5363 3603 5434 τὴν
3631 5374 3712 5430 χρη-

2234 5455 2502 5528 στότητας
2545 5459 2617 5512 Τὸ
2666 5458 2765 5529 μὲν
2794 5454 2890 5513 οὖν
2923 5459 3110 5524 ἁπλῶς
3137 5459 3324 5524 ἐλεεῖν,
3349 5459 3440 5513 καὶ
3477 5455 3636 5525 φιλεῖν,
3658 5448 3717 5502 καὶ

2233 5548 2448 5603 πάντων
2493 5551 2797 5625 ἀνθρώπων
2839 5553 3059 5625 ἀγαπᾷν
3114 5554 3213 5625 τὴν
3265 5550 3521 5624 σωτηρίαν
3546 5546 3616 5600 διὰ

2227 5638 2468 5711 Χριστοῦ
2514 5641 2651 5713 πρὸς
2703 5642 2853 5713 ἡμᾶς
2912 5641 3191 5713 δυνάμεθα
3233 5637 3606 5711 φιλανθρωπίας
3634 5644 3718 5694 ’τίιὲ

2229 5729 2538 5800 εὐεργετεῖν
2593 5733 2694 5804 μὲν
2727 5735 2937 5798 πάντας
2981 5732 3299 5807 ἀνθρώπους
3340 5728 3586 5803 ἀνθρώπῳ
3625 5739 3711 5776 πω

2229 5823 2466 5878 τάπασιν
2497 5825 2802 5898 ἀμήχανον,
2824 5827 2890 5882 δι’
2905 5828 2934 5882 ὃ
2956 5827 3103 5896 λέγει
3130 5829 3259 5884 πᾶσι
3286 5826 3383 5899 μὲν
3400 5819 3698 5918 γίνξσθίξιχξη

2232 5916 2390 5982 στοὺς
2425 5919 2491 5990 τῇ
2527 5917 2765 5976 διαθέσει
2818 5920 3420 5993 φιλανθρωπευομινους
3453 5916 3540 5988 τῆς
3564 5911 3712 5982 ψυχῆς.
