3814 6508
28 361 127 417 833

1083 336 1151 393 ΙΝ
1187 332 1498 391 (ΣΑΠΜΙΝΑ
1537 327 1816 386 ARCANA
1850 325 1907 383 ὃ.
1938 319 2292 381 GREGORH.

3179 298 3285 353 85.}

19 479 249 550 μάλιστα
280 470 339 525 δὲ
374 469 486 532 τοῖς
525 464 834 535 ἐγγίζουσιν
867 461 999 533 ἡμῖν
1030 501 1044 525 ,
1075 458 1152 522 ὡς
1202 457 1298 512 καὶ
1335 453 1594 527 προθέσει

1810 459 1957 501 icere
1986 457 2131 512 saepe
2158 439 2428 503 valentes,
2465 448 2568 490 nos
2607 438 2860 489 sanctum
2901 423 3129 480 verbum
3153 422 3289 479 hor-

2065 534 2109 550 ’γ
2151 547 2198 550 -μ
2233 546 2359 550 -----
2397 535 2443 550 ..-
2504 524 2591 550 -..ι
2636 521 2880 550 ...ιι-ιιι...
2919 517 3046 550 υςιω
3086 528 3287 550 οαοηη-

18 544 243 642 καρδίας
270 565 375 620 καὶ
390 563 571 632 λόγοις
596 557 694 611 καὶ
720 554 1040 628 πράγμασιν
1064 550 1373 622 εὐεργετεῖν
1400 544 1598 599 πολλά-

1701 546 1884 605 tatur;
1924 534 2204 607 proximos
2232 546 2363 586 vere
2392 535 2448 583 et
2500 524 2595 597 qui
2636 521 2884 578 moribus
2919 517 3047 573 vitae
3086 528 3287 572 secun—

19 606 492 727 νῐιὶάὶῐένουῖς
518 606 930 723 {apag-3.5%;
967 606 1228 715 παραινεί
1245 659 1259 674 ο
1288 640 1519 709 ἔγγιστα
1543 636 1600 691 δέ

1810 646 1834 683 ιι
1867 606 2062 689 Deum,
2088 631 2144 679 et
2185 623 2277 693 qui
2312 628 2510 675 natura
2539 625 2593 673 et
2624 615 2850 679 familia,
2887 621 2943 667 et
2983 608 3078 681 qui
3120 606 3287 662 domo

1858 721 1871 727 ·
2020 726 2023 727 ν
2064 717 2076 727 -
2254 714 2289 727 -σ
2372 713 2383 723 ·
2483 726 2489 727 κ
2528 714 2735 727 κ----.-.
2792 704 2925 727 ομ..-
2971 694 3285 727 Indus-nn.“

17 694 144 815 τοῦς
176 749 268 802 τὸν
287 694 490 817 ἷξόπῶ
517 743 612 798 τοῦ
631 694 791 795 ικατὰ
817 694 951 792 έεὸν
983 694 1123 807 βιὲυ,
1159 735 1193 806 ἦ
1224 732 1286 789 τὸ
1314 694 1457 786 κατὰ
1502 727 1603 797 φῦ·-

1819 721 1874 775 ni
1903 726 2035 775 sunt
2064 713 2441 778 habitationis,
2476 714 2759 780 supputat.
2789 704 2929 775 Erga
2971 694 3286 770 hujusmodi

1853 812 1864 817 -
2158 808 2169 817 .
2235 806 2247 817 .
2351 806 2383 817 ._
2432 814 2442 817 ,
2892 802 3096 817 “um
3156 790 3286 817 ΔΜ,

22 790 305 913 σινγένος,
327 790 369 910 ζῆ
394 838 488 891 καὶ
522 836 612 890 τὸν
641 835 809 888 τόπον
832 790 1303 901 γειτνιῶνταςιτῆς
1334 822 1604 892 οἰκήσεως

1813 812 1995 866 ximos
2028 808 2204 877 magis
2235 806 2535 860 bonitatem
2566 798 2858 856 ostendere
2885 802 3122 866 Oportet,
3153 790 3294 848 cur?

2046 901 2059 913 ι
2149 900 2175 913 η
2201 900 2213 913 ι
2372 896 2506 913 AL.-,-
2527 894 2635 913 -Lz-
2686 892 2748 913 ,ι
2802 889 2922 913 ..ιιμ
2989 885 3162 913 ἕκηηῖι
3238 892 3289 913 Δ.

19 933 349 1007 διαγορεύει.
372 930 517 1003 Πρὸς
543 928 672 992 τοὺς
703 918 1107 986 τοιούτουςοῦν
1129 918 1227 991 τὴν
1261 913 1605 987 χρηστότητα

22 1005 226 1099 χρῆναι
278 1022 476 1096 μᾶλλον
522 1016 948 1074 ἐπιδείκνυσθαι.
1007 1013 1165 1076 Τίνος
1210 1010 1443 1072 ἓνεκενς
1496 1005 1608 1059 Καὶ

22 1121 144 1183 πῶς
172 1118 283 1191 γὰρ
325 1115 394 1171 ἂν
433 1112 783 1183 πιστευθείης
816 1112 928 1173 τοῖς
966 1108 1161 1173 ξένοις,
1207 1105 1362 1176 φησι,
1386 1101 1483 1155 καὶ⁹
1515 1099 1609 1153 ἀλ-

24 1212 257 1284 λοτρίως
305 1208 443 1281 πρὸς
487 1206 548 1260 σὲ
593 1202 960 1275 διακειμένοις
997 1199 1200 1269 ἀγαθὸς
1246 1193 1385 1252 εἶναι
1424 1198 1461 1268 ἢ
1490 1195 1610 1265 φιλ-

26 1307 340 1376 ἅνθρωπος,
369 1303 482 1362 τοῖς
524 1298 747 1361 οἰκείοις
789 1295 973 1358 ἄδικος
1017 1290 1395 1361 δεικνύμενος;
1438 1287 1612 1341 Ἐκεί-

24 1414 140 1459 νοις
179 1395 275 1464 μὲν
313 1390 422 1463 γὰρ
474 1389 645 1455 ξένοις
698 1383 848 1442 οὖσιν
889 1387 1019 1449 ἴσως
1064 1383 1172 1436 οὐδ’
1202 1382 1437 1451 ὀφείλειν
1469 1382 1614 1451 ἐρεῖς

26 1490 200 1554 καλὸς
225 1484 383 1550 εἶναι,
405 1487 518 1548 τοῖς
549 1478 895 1551 ἐγγίζουσιδέ
924 1476 1048 1531 καθ’
1078 1474 1356 1530 ὁποιονοῦν
1387 1473 1493 1528 τῶν
1534 1474 1615 1525 εἰς⁵

29 1584 293 1657 ρημένων
336 1580 536 1652 τρόπον
579 1576 797 1638 πάντως
840 1572 1077 1643 ὀφείλεις
1104 1565 1244 1624 εῖναι
1289 1566 1613 1640 περιδέξιος.

30 1678 214 1749 Εἴπερ
250 1671 342 1729 οὖν
371 1672 581 1734 τούτοις
610 1669 673 1723 οὑ
713 1666 919 1730 δίκαιος
946 1661 1360 1736 καταλαμϐάνῃ,
1384 1661 1496 1724 τοῖς
1530 1658 1619 1712 ἀλ-

29 1770 272 1841 λοτρίοις
298 1766 393 1820 καὶ
429 1760 646 1834 μακρὰν
676 1758 877 1824 πόσον;

28 1860 141 1913 9.05
190 1859 251 1911 Τί
290 1857 484 1910 πάντα
524 1853 632 1906 τὸν
675 1850 985 1919 δύστηνον
1022 1844 1332 1915 αἰτιώμεθα

28 1931 141 1987 206
202 1930 462 1998 ἐχθρόν;

109 2022 239 2075 Ὀτι
288 2020 348 2073 οὑ
380 2015 485 2090 χρὴ
517 2016 697 2070 πάντα
727 2013 929 2085 τρόπον
962 2011 1056 2066 τὸν
1105 2009 1419 2079 δυσώνυμον
1446 2008 1627 2062 αἰτιᾶ-

33 2108 168 2162 σθαι
192 2107 453 2173 Σατανᾶν,
478 2105 555 2167 ὡς
576 2103 679 2174 τῆς
693 2104 751 2156 ἐν
770 2104 903 2174 ἡμῖν
922 2100 1201 2172 ἁμαρτίας
1228 2098 1291 2151 τὸ
1316 2099 1434 2152 ὅλον
1465 2098 1627 2151 αὑτὸν

34 2200 221 2253 αἴτιον
252 2197 562 2268 ὑπάρχοντα
578 2213 592 2226 ·
610 2193 786 2264 τούτῳ
813 2191 924 2264 γὰρ
946 2191 1025 2263 τῷ
1047 2192 1235 2263 τρόπῳ
1257 2190 1333 2254 ὡς
1352 2188 1627 2251 ἀναιτίους

33 2292 275 2355 ἑαυτοὺς
306 2288 748 2359 ὑπολογιζόμενοι
773 2284 1031 2357 ἀκρατῶς
1053 2301 1112 2339 τε
1133 2283 1226 2337 καὶ
1252 2281 1522 2353 ἁχαλίνως
1551 2279 1629 2350 τῷ

34 2382 345 2452 φιληδόνως
377 2376 545 2449 βιοῦν.
579 2377 680 2446 τὴν
715 2374 962 2440 ἐξουσίαν
990 2372 1256 2442 ἐφιέντες,
1285 2371 1421 2443 πρὸς
1449 2372 1630 2424 πᾶσαν

36 2471 503 2545 ὑποχαυνούμεθα
548 2467 916 2539 παρανομίαν.
952 2465 1017 2518 Τί
1063 2458 1158 2519 οὖν
1204 2462 1457 2535 ποιητέον
1500 2464 1631 2533 ἡμῖν

39 2570 73 2639 ἦ
129 2567 255 2630 πῶς
289 2562 660 2636 ὑποληπτέον;
688 2558 1016 2632 Μέμφεσθαι
1049 2557 1149 2629 μὲν
1183 2557 1216 2627 ἦ
1243 2556 1305 2611 τὸ
1351 2559 1461 2610 πᾶν
1494 2555 1528 2626 ἢ
1571 2553 1632 2607 τὸ

41 2661 217 2715 πλέον
261 2659 354 2713 καὶ
398 2654 749 2727 κατακρίνειν
798 2652 1076 2723 προσῆκεν
1122 2648 1311 2703 ἐαυτὸν
1338 2686 1356 2713 ,
1398 2647 1475 2712 ὡς
1528 2646 1634 2719 ἰδίᾳ

39 2753 231 2823 ψυχῆς
256 2748 594 2822 προαιρέσει,
623 2745 737 2800 ἀλλ’
776 2744 1003 2816 οὐδεμιᾷ
1022 2760 1128 2797 τινι
1159 2740 1359 2807 ἔξωθεν
1388 2740 1477 2811 βίᾳ
1498 2740 1636 2810 πρὸς

42 2846 149 2917 τὴν
186 2843 390 2898 κακίαν
426 2836 829 2909 συνωθούμεθα,
861 2836 956 2890 καὶ
1006 2834 1150 2888 οὕτω
1186 2833 1364 2903 πάντη
1408 2832 1638 2893 ἑαυτοὺς

43 2935 444 2997 ταπεινοῦντες
470 2932 563 2986 καὶ
588 2926 997 2995 ἐξουθενοῦντες
1048 2926 1273 2996 σφόδρα,
1302 2922 1601 2993 ἐλεούμεθα
1618 2939 1633 2953 θ

41 3032 107 3084 τὸ
133 3028 307 3083 πλέον
337 3027 396 3079 δὲ
442 3024 687 3087 ἑαυτοὺς,
723 3021 835 3077 ἀλλ’
858 3021 917 3074 οὑ
947 3020 1009 3073 τὸ
1038 3019 1159 3072 ὅλον
1188 3016 1524 3087 αἰτιώμενοι,
1542 3014 1639 3068 καὶ

43 3121 233 3184 οὕτως
287 3114 450 3191 ἦττον
499 3116 595 3186 μὲν
624 3110 1051 3181 ταπεινούμεθα,
1084 3106 1416 3178 συγγνώμης
1463 3106 1507 3159 δ’
1546 3100 1639 3158 οὖν

44 3218 208 3285 ὅμως
246 3212 345 3269 καὶ
391 3208 539 3262 ἐλέου
588 3203 904 3276 ἀξιούμεθα.
939 3200 1156 3257 Είδέναι
1185 3199 1241 3253 δέ
1270 3200 1443 3264 ἄξιον,
1475 3197 1551 3260 ὡς
1582 3195 1645 3249 τὸ

46 3308 169 3377 πῦρ
213 3303 319 3374 μὲν
344 3301 438 3354 τοῦ
459 3297 634 3369 θυμοῦ
654 3295 869 3365 καὶτῆς
892 3292 1189 3364 ἐπιθυμίας
1221 3291 1354 3362 παρ’
1374 3287 1533 3360 ήμῶν
1552 3286 1649 3341 καὶ

43 3397 154 3466 τῆς
191 3390 477 3464 ἡμετέρας
510 3386 742 3458 φύσεως,
775 3384 919 3455 ἇπερ
955 3385 1012 3438 ἐν
1037 3380 1118 3453 τῷ
1145 3379 1504 3452 αὐτοκράτορι
1534 3377 1649 3431 κεῖ-

46 3503 145 3539 ται
196 3480 489 3553 λογισμῷ,
517 3478 652 3552 πρὸς
687 3477 716 3530 ὃ
746 3474 993 3546 βούλεται
1048 3473 1248 3545 ἀρετήν
1277 3470 1337 3524 τέ
1379 3485 1521 3540 φημι
1555 3466 1650 3521 καὶ

49 3577 293 3642 κακίαν,
324 3572 585 3636 οἰακίζειν
624 3586 686 3623 τε
720 3568 813 3623 καὶ
856 3564 1138 3633 διιθὺνειν,
1167 3564 1261 3618 καὶ
1310 3559 1649 3616 ὑπανιέντων

51 3674 160 3743 μὲν
193 3669 468 3739 θελήματι
526 3664 622 3719 καὶ
670 3661 931 3731 ἐφιέντων
964 3656 1307 3728 ὑφάπτεσθαι
1349 3655 1410 3709 τὸ
1446 3652 1581 3724 πῦρ,
1621 3652 1651 3704 ὁ

61 3762 310 3833 Ἐχθρὸς
343 3758 563 3829 ἐμφυσᾷ
594 3752 920 3826 παρὼν,κα“ι
957 3752 1035 3815 είς
1060 3749 1303 3821 μεγάλην
1335 3745 1493 3801 τοῦτο
1518 3743 1650 3799 πολ-

47 3857 223 3916 λάκις
276 3846 624 3921 ἀναῤῥιπίζει
677 3845 851 3915 φλόγα
878 3843 1223 3914 ’ἐπεχόντων
1271 3841 1327 3895 δὲ
1368 3838 1654 3911 φιλοσοφίᾳ

50 3946 153 3998 καὶ
188 3937 508 4013 φιλοπονίᾳ,
536 3936 626 3990 καὶ
660 3937 727 4006 τῇ
761 3935 1034 4004 προσφυεῖ
1054 3931 1166 3985 τῶν
1203 3927 1454 3999 δακρύων
1484 3944 1656 3982 κατα-

49 4034 412 4089 σϐενθρὺντων
445 4031 696 4101 ἐπιρροῇ,
718 4028 811 4082 καί
844 4045 906 4096 γε
935 4025 1095 4079 τοῦτο
1126 4021 1496 4095 μαραινόντων
1532 4021 1657 4083 ταῖς

47 4126 206 4199 πρὸς
237 4124 307 4177 τὸ
330 4122 575 4194 οὐράνιον
607 4120 719 4191 πῦρ
736 4117 827 4173 τοῦ
848 4116 939 4171 νοῦ
973 4115 1329 4185 ἀναγωγίαις,
1350 4114 1511 4177 αὑτός
1538 4129 1598 4166 τε
1626 4113 1656 4166 ὁ

44 4218 398 4285 ἐξανάπτων
428 4213 722 4269 ἀπόλλυται
758 4211 1037 4283 Δυσμενὴς
1057 4251 1071 4275 ,
1102 4209 1196 4263 καὶ
1242 4209 1405 4281 ἡμεῖς
1444 4204 1658 4260 ἐλευθε-

52 4314 154 4385 ροῦ
167 4312 343 4384 μεθα.

44 4494 169 4549 209
212 4488 322 4557 Μὴ
370 4486 578 4556 σφόδρ’
602 4485 853 4539 ἔπεσθαι
898 4481 1194 4550 παιγνίοις
1230 4479 1549 4534 ἐνυπνίων.

128 4582 329 4653 Πολλὴ
360 4581 453 4634 καὶ
481 4577 759 4649 ἀμύθητος
786 4577 821 4646 ή
874 4573 982 4627 τῶν
1031 4571 1299 4626 ἐνυπνίων
1348 4570 1657 4641 καθέστηκε

45 4675 335 4749 διαφορά.
373 4673 527 4726 Ἐστι
552 4670 649 4742 μὲν
670 4667 918 4722 ἐνύπνιον
946 4664 1033 4719 διὰ
1060 4663 1379 4734 Πνεῦματος
1401 4662 1659 4734 ἀληθείας

46 4766 477 4840 ἐνεργούμενον
502 4805 516 4830 ,
562 4763 661 4815 οὐκ
705 4761 763 4814 ἐν
811 4758 1119 4831 προφήταις
1145 4758 1238 4811 καὶ
1266 4755 1443 4824 ἁγίοις
1476 4754 1658 4826 μόνον,

46 4865 178 4919 ἀλλ’
232 4860 390 4914 ἐστιν
432 4857 520 4910 ὅτε
562 4855 656 4908 καὶ
700 4855 758 4906 ἐν
805 4850 1083 4923 βασιλεῦσι
1128 4851 1222 4905 καὶ
1264 4850 1490 4921 ἄρχουσι
1534 4848 1658 4918 γῆς,

44 4954 269 5029 ὅρασίν
328 4967 449 5003 τινα
496 4947 563 5001 δι’
610 4946 931 5017 αἰνίγματος
982 4941 1334 5005 ὑποτυποῦν,
1387 4942 1484 4994 καὶ
1534 4956 1662 4993 συν-

46 5044 459 5115 εσκιασμένως
485 5042 545 5094 τὸ
584 5040 772 5112 μέλλον
806 5038 883 5109 τῷ
911 5037 1103 5110 ὁρῶντι
1132 5034 1461 5107 προδηλοῦν·
1505 5033 1664 5087 τοῦτο

45 5144 111 5196 δὲ
152 5141 224 5195 οὐ
260 5136 402 5190 πολὺ
431 5134 549 5187 οὑδέ
580 5132 838 5195 πολλάκις
884 5131 1003 5183 οὑδὲ
1035 5132 1145 5192 τοῖς
1189 5126 1442 5199 τυχοῦσιν
1466 5167 1480 5190 ,
1525 5124 1663 5179 ἀλλὰ

47 5236 177 5296 τοῖς
217 5227 402 5292 ἀξίοις
448 5225 740 5297 συμϐαῖνον
781 5224 1098 5295 καθορᾶται.
1141 5223 1295 5275 Ἔστι
1328 5221 1384 5274 δὲ
1414 5218 1661 5283 ἐνύπνια,

46 5323 289 5397 μᾶλλον
317 5319 372 5371 δέ
409 5316 566 5387 βυθὸς
603 5315 866 5370 ἐνυπνίων
896 5314 1152 5386 ἄρῤητος,
1186 5313 1431 5385 ἄπειρος,
1463 5311 1662 5377 ἁδιεξί-

47 5430 261 5488 τητος,
295 5412 430 5481 ὄναρ
454 5412 564 5473 τοῖς
606 5408 913 5481 ἀνθρώποις
941 5407 1199 5460 ὑπνοῦσιν
1230 5406 1577 5468 ὑποπίπτων,
1607 5404 1664 5457 ὃν

46 5502 432 5579 ματαιότητα
468 5501 841 5573 ματαιοτήτων
874 5499 1079 5570 κυρίως
1127 5498 1192 5552 ἄν
1230 5515 1316 5561 τις
1361 5498 1661 5567 ὀνομάσαι¹

50 5602 259 5655 πάντα
306 5597 404 5667 μὲν
445 5596 554 5668 γὰρ
591 5595 666 5667 τῷ
700 5596 814 5650 ὄντι
845 5594 1141 5666 ματαιότης
1172 5595 1405 5666 ὑπάρχει
1448 5593 1518 5647 τὰ
1569 5593 1664 5645 ἁν-

46 5691 371 5766 θριὶνιτινα⁸
423 5689 490 5743 τὰ
518 5689 573 5743 δέ
618 5688 824 5743 τούτων
856 5687 1112 5760 ὀνείρατα
1165 5686 1199 5757 ἢ
1245 5686 1352 5740 ἀπὸ
1396 5686 1489 5740 τοῦ
1539 5685 1666 5756 θρε-

48 5781 283 5839 πτικοῦ
308 5781 519 5853 ,μέρους
551 5782 647 5852 τῆς
679 5781 856 5853 ψυχῆς
879 5780 1224 5851 λαμϐάνοντα
1257 5779 1354 5851 τὴν
1389 5778 1666 5853 ἀφορμὴν,

49 5880 86 5951 ἦ
126 5874 259 5932 ἀπὸ
299 5871 396 5927 τοῦ
439 5871 751 5945 αἰσθητικοῦ
799 5872 891 5926 καὶ
926 5873 1023 5941 τῆς
1049 5872 1157 5925 τῶν
1194 5871 1464 5943 αἰσθητῶν
1495 5889 1671 5926 ποικι-

1709 1101 1820 1148 tem

1710 906 1775 959 Et
1821 901 2100 975 quomodo
2147 900 2308 954 [idem
2359 894 2638 951 obtinebis
2684 892 2753 946 ab
2800 889 2946 954 aliis,
2989 885 3186 956 inquit,
3237 892 3294 938 et

1712 1000 1876 1069 longe
1900 1012 1929 1051 a
1958 1006 2012 1051 te
2034 992 2373 1055 viventibus,
2409 986 2555 1060 quod
2586 987 2768 1041 bonus
2799 982 2900 1046 sis,
2933 990 3027 1033 ant
3055 977 3297 1032 charita-

1861 1090 2067 1145 habeas
2113 1101 2245 1158 erga
2290 1083 2573 1144 homines,
2611 1078 2705 1149 qui
2750 1072 3017 1146 proximis
3056 1070 3296 1139 injustus

1715 1179 2058 1259 apparares?
2086 1155 2213 1232 Istis
2248 1172 2470 1244 quidem
2512 1166 2707 1223 alienis
2742 1161 2882 1218 nihil
2912 1158 3116 1214 referre
3149 1155 3301 1210 dii-es

1713 1250 1954 1329 tevesse
2016 1271 2246 1329 bonum,
2303 1279 2427 1336 erga
2473 1260 2755 1333 proximos
2822 1268 2952 1309 vero
2998 1250 3146 1305 omni
3191 1262 3298 1316 qua

1715 1367 1982 1428 diximus,
2036 1362 2248 1416 ratione
2302 1356 2523 1412 omnino
2583 1352 2751 1408 debes
2798 1345 3131 1404 benevolens
3156 1356 3299 1396 esse.

1718 1459 1775 1515 Si
1820 1457 1989 1528 igitur
2021 1470 2133 1510 non
2176 1453 2365 1523 justus
2394 1446 2537 1518 apud
2571 1446 2722 1515 ipsos
2756 1439 3078 1504 inveniaris,
3108 1432 3308 1489 alienis

1717 1558 1769 1608 et
1803 1549 1890 1605 his
1917 1548 2011 1619 qui
2048 1562 2078 1601 a
2116 1547 2277 1616 longe
2306 1550 2436 1599 sunt
2467 1537 2746 1611 quomodo
2774 1534 2924 1591 eris?

1728 1829 1839 1886 205
1864 1827 1976 1883 Cur
2007 1827 2063 1880 in
2094 1825 2336 1879 omnibus
2366 1821 2618 1876 miserum
2653 1831 2930 1871 causemus

1726 1902 1835 1958 206
1868 1898 2191 1979 Inimicum?

1798 1976 1940 2060 Quia
1968 2006 2080 2047 non
2110 1994 2328 2061 oportet
2349 1985 2499 2042 omni
2530 1983 2693 2039 modo
2733 1981 3022 2037 Sinistrum
3060 1974 3314 2034 accusari

1731 2084 1990 2141 Satanam
2016 2082 2175 2154 quasi
2207 2080 2386 2136 omnis
2428 2077 2638 2149 peccati
2671 2076 2726 2131 in
2760 2075 2921 2130 nobis
2952 2088 3119 2129 causa
3165 2072 3317 2126 inve-

1729 2178 1949 2244 niatur;
1975 2177 2080 2233 hoc
2123 2174 2286 2229 modo
2314 2173 2458 2228 enim
2486 2171 2641 2241 quasi
2670 2170 2925 2225 innoxios
2950 2166 3318 2235 nosmetipsos

1731 2268 2102 2333 absolventes,
2142 2266 2197 2319 in
2246 2263 2618 2332 voluptatibus
2647 2275 2750 2316 nec
2790 2259 3053 2314 domitam
3095 2272 3196 2312 nec
3230 2272 3321 2309 re-

1733 2361 2000 2415 frenatam
2043 2361 2211 2413 vitam
2247 2356 2536 2427 degentes,
2588 2352 2750 2409 nobis
2798 2352 3025 2407 nimium
3074 2349 3323 2421 indulge-

1735 2470 1860 2511 mus
1901 2461 1956 2509 et
1991 2451 2294 2509 secundum
2326 2462 2543 2504 omnem
2580 2445 2970 2518 prarsumimus
3015 2449 3324 2511 transgres-

1735 2547 1968 2602 sionem.
2004 2543 2146 2610 Quid
2174 2556 2308 2612 ergo
2339 2540 2501 2595 nobis
2539 2538 2879 2602 faciendum,
2924 2541 3021 2591 aut
3046 2532 3323 2604 quomodo

1734 2632 2119 2709 cogitandum?
2144 2643 2395 2689 nostrum
2422 2640 2508 2688 est
2560 2630 2937 2700 nosmetipsos
2967 2627 3082 2682 sive
3113 2624 3182 2680 de
3213 2634 3326 2679 toto

1736 2728 1853 2785 sive
1888 2727 1957 2782 de
2004 2723 2199 2793 majori
2249 2735 2403 2793 parte
2452 2735 2684 2793 arguere
2718 2727 2775 2774 et
2818 2717 3187 2774 condemnare
3228 2715 3323 2785 qui

1737 2817 1960 2891 prepria
1990 2815 2160 2871 animi
2206 2816 2522 2879 voluntate,
2575 2813 2669 2869 sed
2719 2812 2871 2867 nulla
2905 2822 3166 2866 extranea
3210 2811 3329 2862 vio-

1741 2912 1908 2968 lentia
1961 2908 2029 2966 ad
2072 2909 2275 2965 malum
2321 2909 2690 2970 concitamur,
2732 2913 2788 2961 et
2828 2905 2910 2960 sic
2958 2903 3331 2972 nosmetipsos

1740 3004 1978 3061 humiles
2000 3010 2057 3058 et
2076 3000 2520 3072 contemptibiles
2548 2998 2903 3069 agnoscimus
2930 2998 3192 3067 omnique
3224 2998 3329 3051 mi-

1750 3096 2051 3155 sericordia
2083 3096 2282 3165 dignos
2307 3094 2611 3149 reddimus.
2637 3092 2741 3158 Qui
2771 3106 2902 3146 vero
2928 3089 3122 3159 majori
3150 3100 3329 3159 parte,

1751 3191 1848 3249 sed
1875 3206 1985 3245 non
2014 3190 2258 3244 totaliter
2310 3186 2690 3256 nosmetipsos
2736 3198 3083 3248 accusamus,
3118 3183 3198 3238 sic
3228 3183 3332 3234 mi-
3384 3242 3397 3251 κ

1748 3301 1856 3342 nus
1887 3282 2270 3346 humiliamur,
2307 3280 2524 3336 veniam
2564 3288 2747 3333 tamen
2792 3286 2847 3332 et
2893 3274 3332 3331 misericordiam

1748 3377 1952 3449 pariter
1998 3386 2424 3443 consequemur.
2479 3369 2653 3424 Porro
2703 3366 2989 3423 sciendum
3046 3365 3203 3421 nobis
3250 3370 3336 3417 est

1749 3469 2027 3542 quomodo
2058 3467 2154 3521 irae
2184 3465 2350 3519 ardor
2374 3470 2429 3519 et
2455 3458 2919 3531 concupiscentiae
2963 3458 3018 3512 in
3049 3457 3210 3512 nobis
3237 3472 3339 3509 na-

1748 3563 2003 3620 turaliter
2034 3561 2235 3620 insitaz,
2259 3558 2325 3612 ad
2353 3570 2417 3611 ea
2444 3570 2567 3625 qua:
2598 3554 2654 3608 in
2676 3550 3037 3622 intelligentia
3059 3549 3230 3605 libera
3253 3565 3337 3603 re-

1750 3662 2157 3728 praesentantur
2190 3657 2354 3722 prout
2383 3647 2641 3703 virtutem
2675 3645 2831 3716 eligit
2873 3653 2968 3699 aut
3009 3644 3335 3714 nequitiam,

1753 3745 2147 3819 gubernandus
2175 3753 2261 3799 est
2296 3750 2350 3797 et
2381 3738 2724 3810 dirigendus.
2748 3735 2826 3793 De
2859 3736 3106 3808 diligenti
3144 3737 3341 3791 volun-
3408 3806 3411 3811 _

1755 3847 1866 3895 tate
1894 3836 2302 3893 remittentibus
2330 3841 2384 3891 et
2427 3830 2863 3888 desciscentibus
2891 3837 3037 3885 astat
3081 3828 3342 3884 inimicus

1755 3933 1933 4003 ignem
1969 3930 2227 3991 ardenter
2264 3928 2537 3989 excitans,
2573 3938 2832 3994 saepeque
2886 3922 2941 3976 in
2976 3936 3231 3992 magnum
3258 3918 3341 3973 in-

1756 4022 2007 4076 cendium
2058 4031 2417 4090 prorumpere
2478 4014 2654 4080 facit;
2716 4028 2748 4068 a
2797 4012 3182 4068 resistentibus
3232 4025 3345 4081 prae

1758 4113 2101 4186 philoSOphia
2144 4119 2198 4166 et
2224 4109 2535 4179 diligentia,
2579 4108 2950 4179 lacrymarum
2994 4106 3207 4175 cupiam
3251 4103 3346 4157 ad-

1754 4206 2114 4279 jungentilms
2138 4212 2192 4257 et
2219 4218 2328 4272 prae
2359 4201 2560 4255 mentis
2593 4199 2659 4254 ad
2697 4200 2875 4269 ignem
2909 4197 3188 4253 caelestem
3234 4198 3349 4250 ela-

1712 4300 1910 4369 jtione
1940 4295 2378 4360 tabescentibus,
2409 4293 2527 4363 ipse
2552 4291 2699 4363 perit
2724 4290 2902 4347 hostis
2925 4290 3018 4361 qui
3053 4289 3349 4344 incendere

1762 4390 2085 4453 conabatur,
2112 4396 2168 4443 et
2196 4387 2300 4457 ipsi
2332 4386 2648 4441 liberamur.

1766 4484 1875 4541 209
1908 4480 2020 4535 Nec
2054 4481 2207 4536 valde
2235 4481 2448 4534 secteris
2476 4478 2709 4532 ludibria
2732 4478 3080 4531 somniorum.

1831 4576 1997 4630 Multa
2021 4585 2077 4629 ct
2098 4572 2310 4627 infinita
2339 4572 2677 4627 somniorum
2702 4572 2916 4641 species
2941 4589 2954 4625 :
2975 4579 3059 4625 est
3076 4571 3354 4628 somnium

1762 4671 1906 4744 quod
1940 4676 2201 4740 operatus
2243 4674 2327 4722 est
2358 4667 2608 4722 veritatis
2651 4664 2913 4736 Spiritus,
2946 4680 3054 4720 non
3084 4666 3261 4720 solum
3294 4667 3353 4725 in

1763 4762 2046 4835 prophetis
2076 4768 2130 4814 ct
2167 4758 2400 4823 sanctis,
2432 4757 2527 4813 sed
2556 4757 2719 4812 etiam
2764 4756 2821 4810 in
2855 4757 3078 4827 regibus
3119 4763 3174 4811 et
3204 4756 3352 4826 prin-

1762 4853 1979 4924 cipibus
2013 4859 2192 4912 terrm,
2227 4864 2352 4902 cum
2382 4849 2437 4901 in
2467 4851 2757 4918 aenigmate
2786 4854 2842 4902 et
2871 4846 3105 4901 confuse
3146 4847 3355 4902 videnti

1764 4944 2007 4998 futurum
2047 4939 2339 5010 panditur;
2401 4937 2547 4992 istud
2598 4944 2779 4990 autem
2830 4952 2938 4990 non
2972 4936 3204 4990 multum
3252 4951 3355 4990 nec

1765 5052 1910 5105 swpe
1964 5049 2065 5088 nec
2102 5032 2157 5086 in
2198 5029 2490 5101 cujusque,
2524 5028 2623 5085 sed
2662 5028 2716 5082 in
2764 5026 3007 5082 favorem
3061 5027 3354 5097 dignorum

1766 5129 2030 5198 contingit
2057 5125 2250 5181 videri.
2272 5127 2415 5179 Sunt
2438 5122 2674 5188 somnia,
2701 5122 2782 5176 vel
2806 5120 2987 5192 potius
3013 5122 3357 5177 somniorum

1767 5220 1889 5275 fons
1922 5227 2007 5274 est
2035 5214 2350 5281 ineii‘abilis,
2378 5214 2701 5277 immensus,
2734 5212 3195 5279 inconnueabilis,
3229 5214 3361 5268 dor-

1766 5312 2061 5368 mientibus
2078 5308 2221 5364 visio
2236 5306 2551 5363 hominibus
2568 5304 2960 5375 advenitquatn
2976 5305 3189 5361 Domini
3206 5322 3364 5362 more

1764 5407 2062 5461 vanitatem
2113 5402 2414 5456 vanitatum
2450 5406 2671 5455 vocaret
2720 5399 2924 5468 quivis.
2951 5398 3160 5453 Cuncta
3209 5399 3357 5454 enim

1765 5499 1983 5554 vanitas
2004 5496 2189 5566 reipsa
2217 5493 2458 5547 humana
2491 5498 2654 5555 sunt,
2684 5492 2801 5546 sive
2831 5505 2900 5544 ex
2926 5489 3123 5546 alenda
3158 5491 3359 5545 anima

1766 5598 1924 5663 parte
1979 5590 2328 5644 occasionem
2390 5585 2762 5655 accipientes,
2824 5586 2942 5641 sive
2989 5600 3057 5641 ex
3112 5586 3364 5641 sensibili

1767 5692 1923 5756 parte
1965 5691 2019 5740 et
2072 5681 2420 5738 sensibilium
2484 5679 2750 5734 varietate
2805 5677 3111 5750 procedunt
3165 5678 3363 5733 horum

1775 5779 2024 5835 fictiones
2052 5791 2190 5845 quas
2223 5788 2439 5844 semper
2475 5772 2743 5842 evigilans
2788 5770 3143 5827 multifariam
3186 5773 3368 5829 sensi-

1777 5873 1989 5928 bilitate
2022 5869 2124 5926 sibi
2166 5867 2267 5937 ipsi
2320 5865 2496 5937 eﬂingi
2545 5866 2691 5922 videt
2722 5866 2923 5919 anima.
2957 5864 3129 5922 Porro
3155 5868 3366 5937 specie-
