3818 6582
478 365 586 423 1433

1848 347 2145 405 NICETAS
2184 346 2393 403 DAVID

3665 337 3776 396 836

476 502 624 548 rum,
660 485 800 556 qu’as
820 482 965 536 intra
997 494 1056 536 se
1087 478 1193 535 sibi
1227 476 1569 537 informavit.
1594 474 1838 545 reliquas
1869 473 1926 527 in
1958 486 2078 526 me-

2212 468 2326 534 .ίας,
2363 467 2511 539 άπερ
2552 464 2884 536 ἐγρηγορυῖα
2923 462 2989 518 δι’
3014 461 3322 534 αἰσθήσεως
3363 459 3546 531 πάσης
3584 475 3767 513 math

480 577 658 633 moria
703 574 967 629 turbatim
996 579 1052 627 et
1077 568 1310 626 confuse
1356 583 1545 624 secum
1583 567 1638 622 in
1674 565 1888 621 somnis
1910 578 2082 633 repu-

2212 558 2464 630 ,οτρόπως
2511 555 2915 625 ἐφαντασιώθη.
2948 554 3134 608 Ταῦτα
3172 553 3237 625 δὴ
3280 552 3351 607 τὰ
3394 552 3505 605 τῶν
3552 550 3701 623 ὕπαρ
3732 554 3771 620 ἡ

478 683 625 731 rans,
653 676 709 723 et
738 667 978 722 obscura
1003 663 1219 720 somnia
1253 663 1459 732 tingere
1485 660 1736 715 illuditur
1766 666 1822 713 et
1849 666 2085 728 vagatur

2212 649 2332 721 )UX‘l'l
2366 647 2805 719 ἐμφανισθέντων
2846 647 2981 718 αὐτῇ
3012 645 3498 715 ἐγκαταλείμματα
3525 642 3606 713 τῷ
3641 660 3777 712 μνη.

477 770 672 831 ιιοιειιε
705 758 1007 813 vanitatum
1052 754 1415 810 vanitatibus.
1453 751 1529 807 De
1562 751 1766 821 quibus
1799 766 1951 821 ergo,
1985 750 2071 804 vel

479 851 548 904 de
582 848 922 919 quotidianis
974 845 1236 916 operibus
1282 851 1336 899 et
1388 843 1672 897 laboribus
1720 851 1775 896 et
1802 842 2082 896 sollicitu-

2191 741 2396 814 μονικῷ
2429 740 2850 812 συγκεχυμένως
2898 739 2994 793 καὶ
3042 737 3267 806 ἀσαφῶς
3299 736 3774 806 ἀναπεμπάζουαα

2187 834 2311 889 καθ’
2340 833 2560 898 ὕπνους,
2586 834 2683 887 καὶ
2714 833 3000 902 ἀμαυροῦς
3047 829 3290 901 ὀνείρους
3330 828 3770 887 ἀναπλάττουσι,

482 941 705 995 dinibus
735 937 967 1007 vestigia
1007 935 1256 1006 quaedam
1290 949 1388 1004 per
1436 949 1699 989 sensuum
1746 932 2084 988 sedationem

2212 926 2535 990 ῖιαπαίζεται
2582 924 2677 978 καὶ
2724 922 3016 982 πλανᾶται.
3062 919 3454 991 περιχαίνουσα
3500 920 3622 981 ταῖς
3665 921 3774 970 τῶν

485 1030 823 1101 imaginandi
848 1036 903 1083 et
936 1027 1273 1096 intelligendi
1304 1027 1388 1081 vis
1419 1026 1473 1079 in
1499 1025 1683 1079 anima
1728 1037 1944 1094 semper
1971 1038 2089 1077 mo-

485 1120 613 1177 bilis
658 1129 709 1174 et
760 1118 980 1172 tabulas
1030 1114 1349 1177 ell‘ormans,
1386 1114 1742 1168 multifariam
1795 1114 1849 1168 in
1903 1111 2091 1183 requie

487 1227 628 1267 vane
655 1220 710 1264 et
736 1208 968 1264 futiliter
1019 1207 1297 1273 somniat;
1334 1206 1559 1269 similia,
1594 1206 1759 1260 etiam
1806 1206 2090 1259 hominum

490 1302 689 1375 agendi
736 1301 1048 1356 rationibus
1079 1307 1131 1354 et
1164 1314 1261 1368 per
1308 1299 1473 1352 vitam
1524 1297 1722 1351 studiis
1773 1296 1952 1365 angeli
1998 1307 2095 1364 per

492 1402 739 1466 ipsorum
781 1394 899 1448 dies
945 1392 1297 1454 comitantes,
1348 1390 1476 1444 boni
1518 1396 1612 1443 aut
1646 1388 1798 1452 mali,
1847 1385 2094 1442 veritatis

491 1497 587 1543 aut
621 1486 893 1542 mendacii
945 1493 1233 1548 amantes,
1277 1483 1621 1537 diversarum
1682 1478 1991 1550 specierum
2040 1483 2097 1532 et

492 1581 793 1634 formarum
826 1583 1224 1647 repraesentant
1266 1566 1504 1636 somnia,
1540 1573 1700 1626 aliter
1737 1571 1861 1625 aliis
1891 1590 1903 1625 :
1938 1571 2098 1625 aliter

492 1673 605 1728 illis
664 1671 757 1742 qui
810 1671 863 1724 in
919 1669 1182 1725 cordibus
1235 1682 1357 1722 sese
1412 1665 1580 1720 verbo
1628 1672 1682 1718 ct
1729 1664 2097 1721 instructione

493 1772 754 1820 exercent
787 1762 988 1833 eﬂigies
1030 1760 1309 1831 praebent;
1365 1758 1525 1811 aliter
1578 1756 1702 1810 istis
1754 1756 1848 1826 qui
1898 1755 1955 1810 in
2001 1754 2101 1810 de—

493 1868 647 1917 serto
677 1857 976 1914 asceticum
999 1863 1054 1909 et
1080 1852 1391 1908 solitarium
1419 1857 1729 1920 sequuntur
1758 1863 1988 1904 morem.
2019 1847 2096 1903 De

497 1950 664 2004 rebus
719 1946 923 2017 quibus
979 1943 1311 1998 incumbunt
1366 1941 1689 1995 occasiones
1740 1948 1796 1995 et
1850 1945 2097 2002 sumunt,

498 2049 712 2096 tentant
771 2048 826 2094 et
887 2037 1055 2091 variis
1104 2034 1284 2089 modis
1341 2033 1397 2088 in
1448 2034 1701 2101 corporis
1769 2032 2103 2087 dormitione

500 2134 741 2187 animam
786 2129 971 2201 vagari
1012 2129 1261 2182 faciunt:
1296 2140 1404 2181 uno
1432 2127 1619 2189 verbo,
1654 2124 1960 2193 analogiam
2010 2124 2101 2177 in-

502 2224 803 2295 spiciamus
840 2235 1029 2277 earum
1076 2233 1198 2290 qua:
1237 2219 1293 2272 in
1333 2218 1483 2271 omni
1521 2216 1642 2271 loco
1681 2216 1749 2271 ab
1789 2215 2103 2270 hominibus

503 2318 924 2386 frequentantur
975 2311 1333 2367 scientiarum
1369 2317 1424 2365 et
1455 2310 1657 2363 artium
1694 2323 1725 2362 a
1761 2307 2104 2377 sapientibus

502 2416 559 2463 et
602 2406 1015 2478 insipientibus,
1048 2402 1492 2459 dominatoribus
1533 2409 1588 2456 et
1631 2400 1880 2464 domitis,
1914 2399 2103 2454 diviti-

511 2499 618 2555 bus
672 2507 727 2553 et
786 2497 1159 2569 pauperibus,
1215 2493 1548 2549 dzemonium
1597 2496 1901 2556 comitatis,
1959 2493 2105 2565 quod

512 2589 902 2659 unusquisque
932 2589 1003 2643 ab
1028 2586 1263 2641 infantia
1302 2601 1480 2656 usque
1510 2586 1577 2641 ad
1608 2599 1837 2641 mortem
1881 2587 2107 2643 sortitus

508 2687 622 2744 est,
657 2694 760 2734 nec
799 2694 896 2749 per
933 2693 1188 2733 somnum
1220 2676 1315 2731 illo
1352 2675 1519 2731 modo
1568 2676 1824 2744 relaxari,
1858 2692 1961 2732 nec
1995 2676 2108 2733 otio

513 2779 612 2825 aut
627 2770 935 2840 disciplina:
958 2768 1315 2824 minorationi
1336 2766 1624 2837 indulgere
1649 2767 1784 2822 sinit
1805 2768 2111 2838 intelligen-

509 2870 623 2917 tem
642 2861 904 2926 animam,
933 2860 1028 2916 sed
1052 2868 1167 2915 tum
1200 2860 1477 2916 illecebris
1507 2860 1870 2926 naturalibus,
1889 2861 2111 2932 ineptiis

510 2955 765 3011 miriﬁcis
796 2962 853 3008 et
892 2952 1088 3008 formis
1121 2953 1422 3010 levioribus
1454 2968 1621 3024 quam
1653 2953 1809 3008 nives
1840 2962 1894 3007 et
1920 2953 2111 3009 elatio-

510 3047 677 3103 nibus
703 3047 892 3115 vagari
928 3046 1137 3111 trahit;
1168 3054 1282 3099 tum
1312 3044 1608 3109 molestiis,
1633 3045 1963 3109 terroribus,
1995 3054 2112 3101 tur-

511 3135 830 3191 bationibus
866 3133 1155 3195 nefandis,
1179 3134 1511 3188 tremoribus
1543 3141 1597 3188 et
1636 3133 2108 3192 bumiliationibns

526 3231 839 3277 commovet
866 3230 921 3276 et
953 3222 1223 3290 percellit.
1248 3220 1458 3276 Idcirco
1483 3236 1551 3276 ne
1580 3221 1747 3276 nimis
1773 3223 2110 3278 somniorum

513 3324 674 3379 nugae
704 3316 756 3363 te
782 3315 1045 3374 terreant,
1089 3307 1442 3363 commendat
1496 3309 1749 3364 sublimis
1802 3309 2110 3389 theologus,

514 3412 693 3466 neque
752 3412 1012 3466 magnum
1065 3395 1195 3465 quid
1238 3396 1444 3450 malum
1500 3395 1773 3452 bonumve
1814 3398 2114 3452 rerelantia

515 3496 761 3543 metuere
797 3497 891 3541 aut
939 3496 1182 3558 stupere,
1233 3502 1334 3542 nec
1388 3489 1551 3542 etiam
1603 3489 1812 3550 extolli,
1862 3504 2114 3560 vanaque

526 3594 624 3647 spe
656 3580 710 3631 in
748 3578 947 3646 spiritu
992 3576 1281 3646 superbire
1312 3586 1547 3647 oportet.
1575 3576 1791 3633 lnsidia:
1828 3577 1942 3634 haec
1969 3582 2114 3636 mul-

529 3669 601 3722 tis
630 3681 773 3737 saepe
793 3668 859 3721 ab
889 3668 1053 3724 Hoste
1085 3677 1287 3736 parata:
1324 3677 1473 3724 sunt.

2194 1019 2573 1091 ματαιοτήτων
2609 1016 2986 1088 ματαιότησιν.
3029 1013 3100 1066 Ἢ
3131 1007 3224 1065 οὖν
3251 1012 3316 1063 ἐκ
3345 1010 3571 1074 τούτων,
3613 1011 3647 1080 ἢ
3679 1012 3775 1063 καὶ

2192 1108 2252 1176 ἐξ
2283 1108 2464 1180 ἔργων
2486 1107 2760 1179 ἡμερινῶν
2788 1107 2883 1159 καὶ
2912 1104 3092 1158 πόνων
3128 1104 3221 1157 καὶ
3251 1101 3546 1174 φροντίδων
3568 1102 3775 1171 ἀπηχήο

2199 1201 2349 1271 ματά
2386 1218 2512 1255 τινα
2542 1203 2611 1271 τῇ
2649 1198 2755 1252 τῶν
2788 1198 3095 1268 αἰσθήσεων
3136 1195 3342 1268 ηρεμίᾳ
3375 1198 3408 1263 ἡ
3438 1194 3777 1263 φανταστικὴ

2195 1293 2290 1346 καὶ
2318 1291 2510 1360 λογικὴ
2536 1291 2637 1362 τῆς
2662 1288 2841 1359 ψυχῆς
2867 1288 3094 1358 δύναμις
3116 1327 3134 1352 ,
3178 1286 3486 1355 ἀεικίνητος
3516 1279 3653 1339 οὖσα
3684 1286 3777 1336 καὶ

2194 1383 2615 1454 όνειρώσσουσα,
2647 1380 3001 1451 πολυτρόπως
3042 1380 3101 1433 ἐν
3147 1378 3335 1442 ὕπνοις
3372 1376 3658 1447 ἀδολεσχεῖ
3686 1376 3778 1428 καὶ

2202 1473 2490 1546 ματαιάζει
2517 1490 2532 1504 ο
2587 1471 2869 1539 ἀναλόγως
2897 1470 2952 1522 δὲ
2994 1472 3112 1533 ταῖς
3153 1469 3263 1521 τῶν
3294 1467 3597 1539 ἀνθρώπων
3625 1468 3773 1519 πολι-

2198 1566 2371 1628 τείαις
2395 1565 2490 1618 καὶ
2517 1566 2629 1627 τοῖς
2663 1562 2807 1616 κατά
2830 1561 2922 1615 τὸν
2950 1560 3062 1631 βίον
3096 1558 3493 1629 ἐπιτηδεύμασι
3525 1558 3619 1611 καὶ
3639 1557 3688 1608 οἱ
3710 1559 3774 1626 τῇ

2200 1656 2379 1712 αὐτῶν
2411 1656 2523 1725 ζωῇ
2555 1654 2930 1726 παρεπόμενοι
2958 1650 3201 1720 ἄγγελοι,
3245 1650 3439 1719 ἀγαθοὶ
3466 1650 3500 1719 ἢ
3531 1650 3772 1719 πονηροὶ,

2203 1746 2517 1817 φιλαλήθεις
2585 1746 2619 1817 ἦ
2689 1743 3027 1813 φιλοψευδεῖς
3052 1783 3069 1809 ,
3123 1740 3413 1804 πολυειδῶς
3466 1740 3562 1793 καὶ
3620 1740 3779 1791 πολυ-

2205 1841 2428 1911 μόρφως
2457 1835 2788 1892 ἀνατυποῦσι
2815 1835 2885 1889 τά
2914 1834 3161 1897 ἐνύπνια,
3195 1832 3367 1896 ἄλλως
3390 1833 3489 1902 μὲν
3511 1834 3623 1894 τοῖς
3641 1832 3777 1883 κατά

2200 1934 2383 1996 πόλεις
2413 1931 2544 2003 περὶ
2562 1930 2751 1999 λόγους
2777 1946 2836 1982 τε
2864 1928 2958 1982 καὶ⁵
2983 1926 3279 1998 μαθήματα
3309 1924 3665 1979 ἐσπουδακόσι
3684 1924 3775 1987 τὰς

2201 2023 2501 2094 φαντασίας
2540 2018 3003 2091 σχηματίζοντες,
3048 2016 3222 2079 άλλως
3262 2016 3318 2069 δέ
3349 2018 3464 2076 τοῖς
3500 2018 3645 2067 κατά
3684 2014 3776 2075 τὰς

2200 2118 2442 2189 ἐρήμους
2465 2113 2557 2168 τὸν
2602 2112 2899 2184 ἀσκητικὸν
2926 2111 3020 2164 καὶ
3051 2109 3335 2181 μοναύλιον
3367 2106 3772 2180 μετερχομένως

2201 2208 2423 2279 τρόπον.
2487 2205 2584 2259 Ἐκ
2631 2204 2741 2259 τῶν
2795 2204 2924 2275 παρ’
2966 2203 3149 2265 αὐτοῖς
3197 2199 3650 2270 σπουδαζομένων
3687 2200 3769 2261 τὰς

2203 2298 2458 2369 ἀφορμὰς
2486 2295 2768 2368 εἰληφότες
2790 2335 2806 2361 ,
2853 2292 3239 2364 ἐκπειράζουσι
3268 2293 3365 2347 καὶ
3388 2290 3771 2353 πολυποοιίλικς

2200 2391 2429 2463 τρόποις
2461 2386 2828 2442 διαπλανῶσιν
2868 2387 2927 2441 ἐν
2966 2388 3032 2457 τῇ
3063 2385 3158 2438 τοῦ
3199 2384 3452 2455 σώματος
3482 2381 3772 2436 ἀναπαύσει

2203 2483 2306 2554 τὴν
2335 2483 2545 2553 ψυχήν·
2596 2482 2690 2534 καὶ
2715 2479 2953 2541 συνόλως
2981 2478 3166 2549 φάναι,
3198 2478 3318 2531 κατ’
3356 2475 3648 2544 ἀναλογίαν
3678 2474 3772 2527 τῶν

2206 2577 2266 2629 ἐν
2285 2579 2450 2630 παντὶ
2468 2572 2623 2645 τόπῳ
2651 2568 3116 2643 ἐπιτηδευομένων
3146 2568 3449 2640 ἀνθρώποις
3472 2568 3772 2638 ἐπιστημῶν

2207 2664 2302 2719 καὶ
2329 2663 2554 2734 τεχνῶν,
2594 2664 2653 2715 ἐν
2693 2679 2753 2714 τε
2794 2663 2978 2729 σοφοῖς
3018 2660 3110 2714 καὶ
3148 2658 3402 2723 ἰδιώταις.
3435 2659 3661 2730 ἄρχουσι
3690 2658 3771 2711 καὶ

2207 2756 2552 2828 ἀρχομένοις,
2574 2753 2851 2817 πλουσίοις
2873 2754 2967 2807 καὶ
2986 2751 3202 2823 πένησι,
3224 2750 3286 2805 τδ
3305 2751 3520 2821 ἑκάστῳ
3536 2749 3771 2822 νηπιόθεν

2210 2846 2737 2919 συγκεκληρωμένον
2778 2845 2905 2917 ἄχρι
2944 2844 3133 2907 τέλους
3161 2842 3434 2914 δαιμόνιον
3474 2844 3772 2914 παρεπόμε-

2210 2957 2301 2994 νον
2326 2980 2342 3005 ,
2391 2940 2513 2993 οὐδέ
2555 2938 2674 2992 καθ’
2722 2937 2924 3001 ὕπνους
2973 2934 3432 2990 ἀναπεπτωκέναι
3478 2934 3771 2989 παντάπασι

2215 3031 2517 3104 ρᾳστώναις
2553 3049 2619 3085 τε
2664 3031 2761 3085 καὶ
2799 3029 3048 3083 ἀνέσεσιν
3100 3026 3419 3083 ἐκλελύσθαι
3454 3026 3695 3096 διαφίησι
3723 3024 3772 3078 τὸ

2215 3122 2430 3191 λογικὸν
2460 3122 2559 3191 τῆς
2583 3120 2759 3191 ψυχῆς
2783 3136 2799 3152 ο
2839 3118 2974 3172 ἀλλά
3003 3118 3133 3171 ποτὲ
3165 3118 3263 3189 μὲν
3288 3117 3513 3189 ήδῦτησι
3540 3120 3771 3187 φυσικαῖς

2218 3214 2311 3267 καὶ
2363 3213 2698 3285 ρεμσασμοῖς
2743 3210 3050 3274 ἀλλοκότοις
3089 3210 3184 3263 καὶ
3231 3209 3585 3279 ψυχροτέροις
3617 3210 3767 3279 χιόνος

2218 3307 2470 3377 φάσμασι
2503 3305 2596 3358 καὶ
2627 3302 2884 3374 ὕψώμασι
2906 3302 3195 3373 διαπλανᾷ,
3224 3301 3354 3354 ποτέ
3380 3302 3439 3355 δέ
3463 3301 3676 3371 ἀηδίαις
3693 3305 3767 3354 καὶ

2219 3399 2403 3468 φόϐοις
2440 3398 2533 3451 καὶ
2568 3399 2836 3467 ταραχαῖς
2860 3396 3160 3458 ἀπευκταῖς
3194 3394 3288 3447 καὶ
3310 3393 3535 3465 τρόμοις
3574 3396 3664 3448 καὶ
3689 3412 3770 3447 τα-

2220 3488 2559 3560 πεινώμασιν
2584 3488 2771 3560 tam;
2798 3488 2894 3543 καὶ
2920 3489 3235 3541 καταπτοεί.
3262 3486 3363 3541 Διά
3392 3487 3551 3540 τοῦτο
3577 3488 3650 3557 μὴ
3671 3488 3769 3541 λίαν

2225 3585 2338 3645 τοῖς
2367 3580 2474 3634 τῶν
2499 3580 2763 3635 ἐνυπνίων
2792 3581 3062 3650 παιγνίοις
3094 3580 3418 3651 θροεῖσθαιὸ
3454 3581 3651 3652 ὑψηλὸς
3673 3580 3768 3633 θεοο

2226 3673 2385 3741 λόγος
2429 3671 2823 3741 παραγγέλλει,
2860 3671 2984 3741 μήτ’
3024 3666 3117 3725 οὖν
3167 3670 3243 3734 ὡς
3287 3671 3431 3741 μέγα
3467 3689 3523 3724 τι
3558 3669 3767 3737 κακὸνῆ

523 3764 729 3832 ἀγαθὸν
762 3760 1131 3831 παραδηλοῦσι
1157 3764 1438 3816 πτοεῖσθαι
1469 3782 1528 3818 τε
1559 3766 1654 3818 καὶ
1678 3765 1901 3835 δειλιᾷν,
1928 3766 1960 3837 ἢ
1998 3767 2423 3841 μετεωρίζεσθαι
2452 3767 2545 3819 καὶ
2579 3767 2832 3836 ματαίαις
2854 3766 3034 3819 ἐλπίσι
3062 3764 3445 3835 φενακίζεσθαι
3476 3765 3571 3829 τὰς
3595 3765 3767 3835 φρέναζ

523 3860 661 3931 χρή·
709 3857 921 3928 ένεδρον
959 3855 1067 3927 γὰρ
1105 3856 1274 3911 ταῦτα
1306 3858 1519 3921 πολλοῖς
1564 3858 1824 3923 πολλάκις
1869 3861 1974 3915 ὑπὸ
2016 3863 2111 3915 τοῦ
2130 3860 2356 3933 Ἐχθροῦ
2392 3860 2835 3932 παρεσκευάσθη.

522 3974 630 4028 θίίὸ
661 3972 960 4028 Ρνωίιισεαι
987 3987 1100 4041 spes
1131 3972 1394 4027 laudabili
1423 3972 1773 4027 omniexitui.

599 4087 793 4142 Omnis
819 4087 965 4141 actio
997 4096 1051 4141 rt
1093 4086 1310 4157 energia
1360 4093 1413 4140 et
1443 4101 1625 4142 omnis
1660 4093 1843 4143 metus
1878 4086 2117 4143 hominis

526 4195 748 4235 sensum
784 4178 1037 4233 habentis
1076 4177 1235 4231 linem
1270 4178 1551 4247 preprium
1581 4178 1745 4234 habet
1775 4187 1938 4250 atque
1965 4196 2116 4250 spem

527 4271 861 4342 adiacentem
891 4269 957 4323 ad
982 4286 1145 4340 quam
1180 4269 1411 4325 tendens
1449 4286 1616 4342 agens
1652 4273 1833 4342 quivis
1864 4274 1994 4343 agit.
2028 4271 2118 4328 Sic

528 4367 596 4421 de
627 4364 1007 4433 corporalibus
1052 4373 1108 4418 et
1155 4363 1469 4427 mundanis,
1500 4364 1581 4418 sic
1619 4372 1673 4419 et
1707 4365 1774 4419 de
1812 4365 2119 4435 Spirituali-

530 4458 634 4510 bus
666 4454 1131 4509 considerandum
1163 4461 1217 4508 et
1241 4454 1309 4508 de
1342 4454 1823 4509 intellectualibus.
1860 4454 1917 4508 Si
1953 4454 2120 4524 igitur

528 4549 582 4602 in
610 4546 799 4601 mundi
831 4554 887 4601 et
928 4549 1053 4601 vita:
1093 4546 1258 4616 hujus
1295 4547 1554 4614 operibus
1589 4560 1815 4602 necesse
1860 4546 1931 4601 sit
1962 4562 2113 4615 spem

526 4644 580 4691 et
617 4634 775 4689 linem
809 4636 1107 4705 praevenire
1136 4637 1475 4706 propositam
1508 4651 1756 4706 operam,
1790 4636 1962 4689 multo
1998 4651 2114 4689 ma-

527 4728 611 4798 gis
642 4742 778 4783 sane
802 4726 872 4782 de
894 4726 1277 4796 spiritualibus
1310 4738 1363 4781 et
1391 4727 1555 4782 rectis
1591 4726 1814 4781 virtutis
1854 4726 2113 4796 operibus

527 4836 655 4890 spes
684 4820 994 4887 praacedere
1024 4820 1189 4875 debet
1245 4827 1300 4874 et
1359 4835 1544 4875 rerum
1589 4820 1714 4874 linis
1767 4828 2110 4886 operatarum

529 4912 815 4982 prtevideri
862 4912 931 4966 ad
969 4928 1133 4982 quem
1181 4928 1349 4984 agens
1392 4911 1567 4966 tendit
1602 4920 1656 4966 et
1694 4908 1971 4981 dirigitur.
2021 4909 2113 4964 Sic

528 5006 761 5073 apostoli
803 5018 1003 5059 cursus
1048 5012 1244 5058 metam
1290 5003 1685 5071 praevidentes,
1722 5018 1922 5073 nempe
1971 5002 2114 5056 inter

530 5095 760 5165 populos
792 5096 1145 5164 magniﬁcare
1176 5093 1456 5148 Christum
1487 5094 1786 5148 currebant
1815 5102 1869 5147 et
1905 5092 2111 5163 dirige-

531 5187 760 5253 bantur;
818 5187 897 5242 sic
941 5186 1194 5241 bravium
1240 5187 1595 5256 aspicientes,
1630 5186 2003 5240 testimonium
2047 5189 2114 5240 de

531 5277 762 5331 veritate
793 5276 949 5343 Jesu,
978 5286 1035 5333 et
1069 5293 1172 5348 pro
1208 5278 1325 5348 ipsa
1361 5278 1734 5343 moriendum,
1788 5279 1950 5333 linem
1984 5292 2115 5348 pro-

532 5378 799 5440 ponentes
823 5377 878 5426 et
915 5372 1205 5426 victoriam
1246 5373 1550 5428 referentes
1594 5382 1956 5427 coronantur.
2019 5369 2117 5425 Ac-

530 5462 733 5516 cedunt
760 5469 814 5515 et
848 5470 1163 5516 ascetarum
1211 5462 1363 5517 chori
1391 5478 1609 5523 omnes,
1662 5466 1935 5532 quotquot
1979 5459 2118 5529 legi—

532 5550 661 5607 time
693 5551 972 5605 Christum
1016 5550 1490 5625 desideraverunt,
1510 5568 1606 5622 per
1626 5549 1821 5622 agendi
1849 5549 2114 5604 rationem

536 5644 905 5711 humiliorem,
962 5658 991 5697 a
1024 5644 1418 5716 cupiditatibus
1447 5644 1615 5700 eximi
1647 5644 1934 5713 cupientes
1965 5648 2018 5697 et
2047 5639 2114 5694 ad

535 5734 684 5791 illum
716 5734 1121 5806 assequendum
1178 5743 1486 5805 currentes,
1529 5736 1621 5807 qui
1666 5735 1734 5791 ad
1777 5734 2111 5791 destinatum

534 5825 716 5896 ﬁnem,
747 5828 893 5885 sitim
922 5831 1127 5901 sperati
1166 5830 1597 5890 contendebant.
1641 5831 1697 5886 Si
1729 5830 1874 5887 enim
1916 5842 2107 5885 carna-

2222 3975 2330 4029 213
2377 3972 2583 4037 Ἐλπὶς
2613 3974 2950 4040 προκείσθω
2977 3973 3175 4038 δεξιοῦ
3208 3971 3435 4039 παντὸς
3461 3971 3680 4039 τέλους.

2295 4089 2451 4141 Πᾶσα
2491 4087 2687 4157 πρᾶξις
2721 4087 2817 4140 καὶ
2848 4088 3114 4159 ἐνέργεια,
3154 4088 3244 4140 καὶ
3282 4088 3433 4140 πᾶσα
3466 4088 3667 4151 κίνησις
3693 4086 3765 4138 ἀιιο

2224 4177 2442 4250 θρώπου
2486 4179 2607 4232 νοῦν
2654 4180 2892 4249 ἔχοντος,
2937 4179 3137 4233 σκοπὸν
3172 4179 3301 4232 ἴδιον
3326 4179 3439 4248 ἔχει
3473 4179 3564 4233 καὶ
3602 4178 3764 4231 ἐλπίδα

2224 4270 2612 4342 προκειμένην,
2648 4272 2784 4342 πρὸς
2828 4271 2893 4343 ἢν
2933 4271 3148 4343 ἀφορῶν
3173 4272 3201 4324 ό
3240 4272 3603 4343 ἐργαζόμενος
3629 4271 3763 4343 ἐργὰο

2224 4362 2375 4428 ζεται
2397 4381 2409 4394 ·
2442 4362 2613 4426 οὕτως
2637 4364 2729 4416 ἐπὶ
2760 4366 2873 4427 τοῖς
2904 4366 3232 4433 σωματικοῖς
3266 4364 3359 4417 καὶ
3386 4362 3761 4435 κοσμικοῖς,οὕο

2220 4471 2327 4518 τως
2349 4455 2444 4507 ἐπὶ
2472 4457 2583 4518 τοῖς
2611 4457 2996 4525 πνευματικοῖς
3023 4454 3323 4526 θεωρητέον
3352 4458 3447 4509 καὶ
3466 4459 3576 4520 τοῖς
3596 4457 3762 4519 νοερᾶς

2221 4547 2315 4600 καὶ
2360 4546 2617 4615 λογικοῖς.
2663 4548 2725 4601 El
2772 4543 2865 4601 οὖν
2905 4547 3131 4600 ἐπὶτῶν
3174 4547 3456 4618 κοσμικῶν
3486 4549 3653 4617 ἔργων
3693 4546 3764 4599 καὶ

2222 4634 2486 4705 βιωτικῶν
2520 4637 2732 4709 ἀνάγκη
2781 4638 2880 4708 τὴν
2911 4637 3101 4691 ἐλπίδα
3148 4639 3242 4692 καὶ
3284 4641 3375 4692 τδν
3428 4640 3622 4693 σκοπὸν
3660 4657 3761 4710 πρι-

2221 4725 2470 4796 ηγεῖσθαι
2524 4728 2621 4798 τῆς
2675 4727 2785 4781 τῶν
2838 4728 3215 4800 προκειμένων
3264 4732 3568 4802 ἐργασίας,
3616 4732 3757 4799 πολλῷ

2219 4818 2394 4889 δήπου
2425 4819 2624 4890 μᾶλλον
2672 4820 2766 4873 ἐπὶ
2806 4821 2915 4875 τῶν
2946 4822 3328 4891 πνευματικῶν
3359 4825 3456 4878 καὶ
3485 4823 3663 4889 δεξιιῖιν
3687 4825 3757 4891 τῆς

2219 4910 2421 4981 ἀρετῆς
2451 4909 2629 4981 ἔργων
2657 4912 2689 4981 ή
2722 4912 2878 4977 ἐλπὶς
2906 4912 3111 4981 ὀφείλει
3149 4917 3495 4987 προκεῖσθαι,
3524 4920 3614 4972 καὶ
3637 4922 3661 4971 ό
3680 4916 3758 4968 τῶν

2221 5002 2568 5073 πονουμένων
2630 5003 2832 5069 σκοπὸς
2905 5006 3335 5078 προθεωρεῖσθαι
3359 5049 3375 5073 ,
3423 5011 3561 5082 πρὸς
3599 5010 3652 5062 ὃν
3692 5008 3756 5060 τὸν

2222 5095 2460 5167 ἐργάτην
2502 5095 2919 5151 ἀποσκοποῦντα
2960 5099 3404 5155 κατευθύνεσθαι.
3451 5103 3627 5166 Οὕτως
3654 5101 3755 5155 ἀπὸ·

2221 5190 2396 5244 στολοι
2422 5188 2517 5243 τοῦ
2552 5192 2671 5244 κατ’
2701 5192 2898 5255 αὐτοὺς
2927 5191 3131 5264 δρόμου
3160 5194 3223 5247 τὸ
3248 5195 3401 5259 τέλος
3435 5194 3752 5267 προορῶντες,

2218 5281 2279 5334 τὸ
2302 5282 2359 5334 ἐν
2385 5283 2497 5345 τοῖς
2520 5281 2697 5335 ἔθνεσι
2726 5281 3023 5353 μεγαλῦναι
3055 5284 3146 5337 τὸν
3179 5285 3661 5357 Χριστὸν,έδραμον
3689 5282 3755 5335 καὶ

2221 5372 2566 5444 κατηύθυναν
2593 5388 2609 5405 ο
2657 5373 2829 5435 οὕτως
2891 5374 2941 5427 οἱ
2993 5376 3280 5448 ἀθλοφόροι
3332 5379 3663 5449 μαρτυρῆσαι
3706 5377 3750 5440 τῇ

2220 5466 2445 5539 ἀληθείᾳ
2502 5466 2675 5538 Ἰησοῦ
2720 5468 2813 5520 καὶ
2869 5466 3008 5538 ὑπὲρ
3062 5469 3231 5539 αὐτῆς
3276 5471 3561 5523 ἀποθανεῖν
3597 5467 3754 5521 σκοπίν

2223 5556 2624 5628 προτιθέμενοι,
2656 5557 2751 5611 καὶ
2786 5556 3065 5622 νικῶντες,
3102 5558 3517 5626 στεφανοῦνται·
3542 5556 3753 5616 ὡσαύτως

2224 5646 2319 5700 καὶ
2361 5646 2617 5718 ἀσκητῶν
2657 5647 2807 5719 χοροὶ
2846 5647 3067 5713 πάντες,
3102 5649 3215 5702 ὅσοι
3260 5650 3493 5720 γνησίως
3524 5650 3751 5714 ἐπόθησαν

2220 5736 2474 5810 Χριστὸν,
2506 5739 2593 5793 διά
2616 5740 2714 5810 τῆς
2742 5741 3131 5811 ταπεινοτέρας
3168 5742 3387 5811 ἀγωγῆς
3410 5742 3506 5811 τῆς
3534 5738 3750 5795 ἀπαθείας

2218 5831 2484 5902 ἐρῶντες,
2516 5832 2611 5886 καὶ
2659 5831 2794 5906 πρὸς
2837 5832 3006 5905 αὐτὴν
3031 5832 3327 5905 δραμόντες
3359 5834 3417 5888 ἐν
3455 5833 3601 5903 δίψει,
3647 5844 3749 5885 κατ’
