3814 6544
107 351 212 408 85Ἱ

107 464 425 537 ευστοχοῦσι
468 461 559 517 τοῦ
597 463 971 535 ἐλπιζομένου.
1003 465 1064 518 Εἰ
1092 465 1201 537 γὰρ
1232 466 1302 519 τὰ
1332 467 1564 538 σάρκινα
1593 467 1689 521 καὶ

105 556 344 628 φθαρτὰ,
372 556 617 619 πλοῦτος.
650 556 813 626 φημὶ,
858 555 952 608 καὶ
978 556 1139 627 ἡδονὴ
1176 558 1269 611 καὶ
1295 557 1441 622 δόξα,
1476 560 1589 621 τοῖς
1618 556 1687 611 τὰ

104 647 330 716 ἐπίγεια
350 645 635 717 φρονοῦσιν
659 647 740 708 εἰς
760 645 948 699 ἐλπίδα
987 645 1350 717 προτιθέμενα
1379 650 1489 710 τοῖς
1510 646 1690 702 αὐτῶν

105 738 459 811 συνεργοῦσιν
489 740 745 811 ἐρασταῖς
775 738 865 791 καὶ⁵
897 738 1303 803 κατευθύνουσι,
1335 738 1449 802 πῶς
1479 739 1538 791 οὐ
1572 736 1692 791 πολ-

102 831 187 901 λῷ
243 832 573 901 δικαιότερον
619 830 712 883 καὶ
754 832 866 892 τοῖς
894 830 988 883 τοῦ
1022 830 1184 883 καλοῦ
1219 832 1311 884 καὶ
1352 830 1454 899 τῆς
1492 830 1691 901 ἀρετῆς

103 923 372 993 ἐργάταις
411 926 509 992 τὴν
538 922 678 975 κατὰ
703 921 837 974 Θεὸν
863 921 1052 975 ἐλπίδα
1078 923 1387 994 συνεργεῖν,
1426 922 1518 975 καὶ
1556 923 1691 994 πρὸς

102 1015 170 1067 τὺ
205 1014 451 1085 βραϐεῖον
495 1014 593 1084 τῆς
638 1014 751 1068 ἄνω
784 1013 1027 1083 κλήσεως
1070 1012 1360 1067 συντείνειν
1410 1014 1551 1068 κατὰ
1599 1013 1691 1067 τὸν

104 1108 349 1171 σκοπόν;
383 1106 655 1177 ἀφόρητον
683 1105 792 1175 γὰρ
817 1104 979 1173 ἄλγος
1006 1103 1195 1175 ἔμοιγε
1221 1106 1314 1158 καὶ
1341 1106 1562 1175 ἀνιαρὸν
1595 1105 1692 1175 οὐχ

100 1200 314 1268 ἥκιστα
339 1197 668 1268 παρίσταται
698 1195 982 1266 νικωμένῳ
1021 1195 1127 1249 ὑπὸ
1152 1194 1247 1248 τοῦ
1278 1195 1463 1249 καλοῦ.
1497 1198 1560 1249 Εἰ
1586 1197 1693 1267 γὰρ

100 1291 177 1345 τὰ
229 1289 464 1363 μωμητὰ
508 1289 615 1343 τῶν
676 1268 1017 1359 ἁμαρτωλῶν
1043 1287 1180 1358 ἔργα
1236 1289 1329 1342 καὶ
1375 1288 1521 1342 κακὰ
1571 1306 1695 1341 συν-

101 1382 402 1452 εργοῦνται
437 1380 532 1434 καὶ
569 1373 1004 1445 κατευοδοῦνθὲαι,
1037 1378 1106 1432 τὰ
1138 1378 1288 1446 δεξιὰ
1311 1378 1366 1431 δὲ
1392 1380 1485 1432 καὶ
1519 1377 1696 1446 ἀγαθὰ

101 1472 462 1525 διαπίπτουσι
509 1473 622 1531 τοῖς
670 1468 1057 1538 ἐργαζομένοις
1086 1469 1225 1521 αὐτὰ
1263 1468 1358 1522 καὶ
1384 1468 1692 1538 ἀστοχοῦσι,

102 1564 237 1629 πῶς
261 1564 483 1629 ὑποίσω,
513 1562 666 1633 φησὶ,
693 1560 791 1632 τὴν
824 1556 991 1632 ἦτταν
1017 1561 1110 1614 τοῦ
1139 1560 1303 1615 καλοῦ
1325 1579 1339 1622 ς

100 1657 175 1710 21
191 1657 224 1708 7
291 1654 465 1725 Ἠτοῦ
497 1655 687 1723 τύχης
712 1655 1012 1723 φρόνησιν
1038 1651 1529 1721 ἀσφαλεστέραν.

184 1749 339 1820 Τύχη
372 1748 470 1819 μὲν
515 1746 574 1799 τὸ
614 1746 935 1816 αὐτομάτως
974 1744 1172 1798 οὑτωσὶ
1201 1744 1295 1797 καὶ
1338 1743 1497 1812 λόγου
1529 1741 1697 1812 χωρὶς

102 1841 414 1911 συμϐαῖνον
439 1837 741 1909 ἐπεκλήθη,
769 1837 1030 1907 φρόνησις
1054 1837 1110 1891 δὲ
1149 1835 1210 1889 τὸ
1242 1834 1380 1907 μετὰ
1407 1835 1563 1904 λόγου
1604 1834 1696 1905 όρ-

102 1934 214 1988 θοῦ
248 1933 340 1987 καὶ
371 1932 637 1995 συνέσεως
662 1929 964 2001 γινόμενον,
1003 1930 1059 1982 ἐν
1086 1922 1120 2002 ᾖ
1155 1927 1408 1999 καθάπερ
1437 1926 1617 1980 πλοῖον
1641 1926 1699 1979 ἐν

102 2028 361 2099 θαλάσσῃ
385 2026 464 2097 τῷ
486 2025 630 2079 οἴακι
657 2024 1096 2096 πηδαλιουχείται
1121 2023 1214 2077 καὶ
1239 2022 1316 2094 τῷ
1340 2021 1516 2093 λιμένι
1540 2035 1702 2091 προσ-

102 2118 425 2192 ορμίζεται,
461 2116 633 2181 οὕτως
655 2118 684 2170 ὁ
710 2115 835 2179 νοῦς
868 2117 928 2170 ἐν
961 2119 1029 2188 τῇ
1060 2116 1318 2188 φρονήσει
1346 2114 1414 2169 τὰ
1442 2114 1545 2185 ἢθη
1586 2114 1702 2166 δια-

100 2210 398 2284 κυϐερνῶν
443 2210 542 2281 τῆς
585 2208 764 2280 ψυχῆς
806 2208 901 2262 καὶ
947 2207 1233 2272 οἰακίζων,
1282 2205 1420 2279 πρὸς
1459 2206 1552 2259 τὸν
1590 2204 1703 2258 ἄνω

101 2303 320 2376 λιμένα
340 2301 675 2357 κατευθύνει.
721 2299 937 2371 Ἐπειδὴ
966 2298 1142 2353 τοίνυν
1162 2298 1250 2352 διὰ
1270 2299 1368 2369 τῆς
1390 2297 1703 2369 φρονήσεως

102 2398 147 2469 ἡ
176 2396 387 2468 ἀληθὴς
417 2395 660 2466 σωτηρία
687 2397 801 2457 τοῖς
827 2392 1153 2463 σωζομένοις
1179 2393 1503 2462 ἐνεργεῖται,
1531 2390 1605 2462 μὴ
1634 2393 1701 2462 τῇ

103 2486 305 2557 ἀλόγῳ
345 2484 578 2556 πρόσεχε
620 2482 776 2557 τύχῃ.
807 2482 901 2535 καὶ
933 2484 999 2552 τῇ
1040 2479 1218 2554 κούφῃ
1245 2481 1338 2534 καὶ
1361 2480 1569 2552 ἀκρίτῳ
1594 2478 1704 2534 τῶν

104 2579 297 2649 λόγων
337 2578 431 2632 καὶ
463 2576 571 2632 τῶν
608 2574 886 2647 λογισμῶν
919 2574 1237 2646 ματαιότητι
1281 2572 1704 2644 περιφερόμενος

107 2671 260 2743 φέρε
277 2670 369 2725 καὶ
385 2669 572 2741 φέρου,
586 2672 652 2740 τῇ
670 2667 777 2721 τῶν
796 2666 893 2722 ἀνθ
903 2666 1098 2737 ρώπων
1114 2665 1307 2735 κυϐείτρ⁴
1322 2665 1706 2734 συνελκόμενος

108 2764 225 2819 καὶ
238 2762 635 2833 δελεαζόμενος·
661 2759 925 2831 σφαλερὸν
945 2758 1073 2829 γάρ’
1097 2757 1234 2812 ἀλλὰ
1255 2757 1355 2827 τῆς
1372 2756 1708 2818 παιδεύσεως

109 2857 230 2927 τῆς
250 2857 309 2909 ἐν
339 2858 448 2919 τοῖς
499 2853 697 2923 λόγοις,
751 2851 951 2923 μᾶλλον
999 2850 1057 2904 δὲ
1084 2850 1184 2920 τῆς
1223 2846 1468 2911 παιδείας
1501 2848 1705 2919 Κυρίου

104 2949 229 3019 τῆς
262 2946 351 3001 διὰ
373 2947 481 3000 τῶν
509 2944 738 2999 ἐντολῶν
778 2943 873 2997 καὶ
908 2942 1109 3014 ἀρετῆς
1145 2941 1309 3012 μηδὲν
1346 2933 1485 2992 εῖναι
1518 2940 1707 3009 κρεῖσ-

111 3057 224 3094 σον
257 3038 493 3105 ὑπονόει,
522 3038 589 3092 δι’
619 3030 694 3094 ὧν
726 3037 761 3107 ἡ
786 3034 991 3107 ἀληθὴς
1026 3033 1285 3104 φρόνησις
1323 3031 1418 3086 καὶ
1460 3029 1709 3101 ἀσφαλὴς

111 3130 373 3203 σωτηρία
391 3132 503 3194 τοῖς
529 3127 854 3199 σωζομένοις
876 3124 1235 3197 περιγίνεται.
1257 3122 1436 3179 rma
1457 3121 1553 3193 μέν
1572 3120 1703 3192 γὰρ,

109 3226 230 3279 ὅσα
268 3240 354 3286 τις
398 3223 463 3276 ἂν
491 3222 585 3275 καὶ
619 3219 782 3274 οῐοιτο
827 3216 1160 3288 κεκτῆσθαι,
1207 3214 1310 3270 κᾶν
1344 3215 1532 3286 κτῆμα
1553 3255 1569 3279 ,
1604 3214 1709 3268 κᾶν

110 3315 359 3388 χρῆμα,
412 3313 514 3368 κᾶν
566 3311 863 3383 ἱματισμὸν
914 3311 1073 3382 εἴπῃς
1106 3307 1407 3377 πολυτελῆ,
1463 3305 1608 3361 ναῶν
1649 3322 1709 3358 τε

110 3406 416 3478 οἰκοδομὰς
438 3405 534 3460 καὶ
565 3404 824 3475 κειμήλια
843 3402 938 3457 καὶ
969 3401 1205 3472 μοναστή
1215 3417 1323 3472 ρια,
1346 3400 1439 3453 καὶ
1461 3397 1710 3463 καθάπαξ

114 3502 327 3564 εἰπεῖν,
354 3500 453 3552 ὅσα
476 3496 581 3550 ἀπὸ
609 3496 713 3566 γῆς
752 3493 941 3550 ἄλλοτε
972 3492 1173 3554 ἄλλοις,
1208 3490 1301 3543 καὶ
1332 3488 1393 3542 οὑ
1423 3489 1536 3551 τοῖς
1567 3486 1710 3557 ἔχειν

112 3589 379 3645 δοκοῦσιν
399 3584 769 3657 ἐτοιμάζεται·
809 3583 942 3653 μόνη
967 3581 1076 3651 δὲή
1103 3579 1382 3642 παίδευσις
1409 3576 1583 3631 οἰκεία
1605 3576 1711 3629 τῶν

114 3680 487 3753 κεκτημένων
520 3679 693 3749 μόνων
722 3677 837 3730 ἐστὶ
902 3675 997 3729 καὶ
1048 3673 1252 3744 βιοῦσιν
1308 3669 1540 3725 ἐνταῦθα
1583 3670 1712 3741 ἄχρι

114 3772 319 3834 τέλους
412 3769 827 3841 συνυπάρχουσα
917 3768 1010 3821 καὶ
1108 3763 1510 3819 ἀποϐιώσκουσι
1588 3780 1713 3816 συν-

116 3864 397 3936 επομένη.

116 4005 229 4060 221
284 4003 354 4057 Τὸ
382 4001 707 4069 δραστικὸν
734 3998 971 4052 δείκνυε
993 3994 1079 4065 μὴ
1103 3994 1184 4061 τῷ
1216 3992 1367 4064 δρᾷν
1388 3990 1605 4057 κακῶς,

119 4077 244 4130 ἳΞΞ
292 4072 376 4138 Τῷ
399 4068 450 4126 δ’
482 4068 550 4127 εὖ
579 4089 637 4125 τι
665 4069 875 4124 ποιεῖν.

207 4187 362 4240 Εἰσὶν
394 4185 669 4257 ἄνθρωποι
698 4180 1022 4253 θερμότατοι
1075 4178 1133 4231 ἐν
1184 4176 1365 4248 ἔργοις
1412 4175 1589 4229 αὐτῶν
1622 4175 1715 4228 καὶ

120 4281 453 4354 δραστήριοι
521 4277 615 4332 καὶ
667 4273 1043 4347 ἐνεργέστατοι
1071 4290 1083 4303 ·
1133 4270 1353 4337 ὀξύτητι
1402 4269 1459 4322 δέ
1505 4267 1716 4337 φύσεως

122 4373 412 4446 χρώμενοι
443 4371 538 4424 καὶ
573 4367 931 4439 μεγαλοφυῖᾳ,
971 4361 1379 4435 χρησιμώτατοι
1408 4360 1715 4431 κληΐζονται

127 4464 360 4526 πολλοῖς
381 4480 396 4494 ο
428 4464 476 4516 οἳ
506 4462 601 4515 καὶ
631 4457 927 4529 βασιλείας,
958 4456 1054 4509 καὶ
1080 4454 1593 4526 στρατοπεδαρχίας,
1624 4452 1718 4505 καὶ

121 4553 437 4629 ἡγεμονίας
488 4553 545 4604 ἐν
581 4549 772 4619 κόσμῳ
800 4547 1143 4617 διαφέροντες
1192 4545 1441 4609 ἐπιπολὺ,
1484 4544 1559 4607 ὡς
1608 4541 1719 4595 θεοὶ

122 4644 403 4717 τιμᾶσθαι
429 4642 563 4713 πρὸς
599 4639 709 4692 τῶν
753 4637 1076 4708 ὑποχειρίων
1106 4635 1369 4700 ἀξιοῦσιν.
1416 4636 1558 4707 Πρὸς
1594 4634 1721 4697 τοὺς

122 4735 413 4797 τοιούτους
447 4734 476 4786 ό
508 4732 860 4792 θεόπνευστος
899 4727 1023 4791 νοῦς
1051 4727 1485 4800 ἀποτεινόμενος,
1518 4726 1611 4799 Μὴ
1644 4726 1721 4798 τῷ

121 4829 297 4902 δρᾷν,
330 4825 454 4895 ἔφη,
485 4822 670 4885 κακῶς
699 4821 794 4875 καὶ
832 4818 943 4872 τῶν
975 4817 1215 4871 ἀσθενῶν
1245 4816 1599 4888 κατατρέχειν
1629 4818 1722 4870 καὶ

126 4918 377 4989 πτωχῶν
398 4917 457 4971 τὺ
481 4913 850 4988 μεγαλουργὸν
879 4911 1215 4965 ἐπιδείκνυσο
1237 4910 1298 4963 τὸ
1322 4909 1608 4980 δραστικὸν
1632 4911 1722 4963 καὶ

127 5009 386 5081 ὲνεργὲς,
418 5006 494 5077 τῷ
535 5006 841 5077 εὐεργετεῖν
874 5003 931 5056 δὲ
955 5002 1049 5057 καὶ
1073 5001 1215 5056 κατὰ
1243 5001 1467 5072 μίμησιν
1491 5000 1585 5054 τοῦ
1616 5001 1722 5054 τῶν

125 5104 284 5159 ὅλων
326 5100 459 5153 Θεοῦ
498 5098 560 5152 τὸ
601 5097 766 5152 καλὸν
814 5098 988 5150 ποιεῖν
1023 5095 1115 5150 καὶ
1144 5092 1366 5163 ἀγαθόν.
1418 5093 1590 5145 Τοῦτο
1629 5090 1724 5145 καὶ

133 5196 271 5251 θεὸν
303 5194 397 5247 καὶ
422 5192 538 5246 υἱόν
572 5208 632 5244 σε
658 5187 795 5244 Θεοῦ
824 5189 1065 5242 δείκνυσι
1093 5188 1161 5241 δι’
1193 5184 1531 5256 ὁμοιώσεωςο
1565 5182 1725 5237 τοῦτό

131 5293 264 5343 ἐστι
299 5288 392 5341 καὶ
420 5284 611 5357 ἀνδρὸς
632 5282 831 5345 εἰδότος
850 5281 911 5334 τὸ
934 5280 1190 5350 συγγενὲς
1218 5276 1504 5349 ἀνθρώπου
1524 5292 1538 5307 '
1568 5274 1727 5329 τοῦτο

132 5385 308 5453 ἔργον
335 5379 452 5433 ἐστὶ
476 5379 576 5449 τὴν
607 5373 953 5447 ἀνθρωπίνην
1001 5370 1376 5441 ταλαιπωρίαν
1403 5366 1723 5437 ἐγνωκότος,

133 5475 243 5530 καὶ
268 5473 369 5544 οὐχ
393 5468 825 5543 ὑπεραιρομένου
857 5464 1000 5521 κατὰ
1026 5465 1151 5529 τοὺς
1184 5461 1444 5536 ὑϐριστὰς
1472 5461 1568 5514 καὶ
1598 5460 1730 5514 ἁλα-

136 5569 331 5634 ζὸνας,
355 5564 490 5619 ἀλλὰ
514 5563 976 5635 Χριστομιμήτως
1004 5562 1185 5622 αὐτοῖς
1208 5555 1729 5629 συγκαταϐαίνοντος

138 5660 245 5714 καὶ
273 5659 373 5720 τὰς
399 5656 576 5710 αὐτῶν
599 5654 881 5719 ἀσθενείας
907 5653 1242 5722 διανέχοντος
1260 5665 1275 5681 °
1305 5650 1364 5704 τὸ
1390 5650 1729 5703 ἀποκτείνειν

140 5753 203 5805 δὲ
234 5749 333 5804 καὶ
360 5747 647 5820 πτωχίζειν
672 5746 766 5802 καὶ
788 5746 1170 5816 ταλαιπωρεῖν,
1188 5742 1322 5797 Θεοῦ
1343 5742 1439 5813 μὲν
1459 5741 1558 5795 οὐκ
1582 5739 1730 5805 ἄξιον

142 5841 559 5915 φιλανθρωπίας
581 5882 597 5911 ,
646 5840 849 5911 θηρίων
893 5837 951 5892 δέ
1000 5836 1222 5892 ἰοϐόλων
1260 5836 1455 5891 οἰκεῖον
1487 5834 1547 5887 τὺ
1591 5835 1728 5888 ἀπο-

1121 344 1187 402 lN
1226 346 1539 403 CARMINA
1578 347 1859 405 ARCANA
1900 347 1959 404 S.
2002 345 2351 404 GREGORII.

3277 351 3386 412 833

1797 467 1871 521 lia
1897 475 1952 522 et
1982 464 2383 536 eorruptibilia,
2412 465 2635 529 divitiae,
2667 464 2913 537 inquam,
2954 473 3010 521 et
3040 467 3300 541 voluptas
3329 481 3385 527 et

1792 557 1985 629 gloria,
2029 557 2099 614 iis
2132 557 2225 627 qui
2266 557 2548 611 terrestria
2581 558 2828 628 cogitant
2871 558 2925 613 in
2971 574 3125 630 spem
3178 578 3385 633 propo-

1795 649 1926 714 sita,
1950 649 2325 719 operationem
2364 648 2644 702 concitant
2678 660 2987 705 amatorum
3021 652 3271 723 ipsisque
3293 654 3382 707 di-

1790 740 2091 795 rectionem
2125 739 2465 809 imprimunt,
2500 740 2776 809 quomodo
2811 758 2922 797 non
2958 747 3130 799 multo
3176 744 3386 814 justins

1791 841 1845 886 et
1878 833 2009 887 boni
2040 834 2368 903 virtutisque
2398 832 3099 903 operariisincitamentum
3124 838 3233 893 erit
3259 854 3387 909 spes

1794 923 1849 978 in
1894 923 2167 990 Deum,et
2190 923 2324 979 eniti
2382 925 2448 978 ad
2492 925 2742 979 bravium
2798 942 3049 996 superum
3086 931 3381 986 electionis

1787 1014 1945 1083 juxta
1974 1029 2198 1083 scopum
2232 1014 2434 1070 faciet?
2457 1014 2703 1085 Namque
2734 1018 3098 1076 intolerabilis
3130 1021 3293 1077 dolor
3323 1031 3379 1078 et

1795 1108 2115 1177 impatibilis
2141 1107 2269 1162 mihi
2301 1123 2410 1161 non
2441 1109 2665 1166 minime
2695 1112 3126 1169 incumbitvicto
3151 1130 3181 1169 a
3216 1117 3382 1171 bono.

1799 1198 1857 1253 Si
1890 1199 2034 1252 enim
2074 1199 2236 1253 noxia
2269 1208 2621 1271 peccatorum
2654 1217 2817 1271 opera
2846 1212 2901 1258 et
2929 1205 3074 1259 mala
3115 1206 3250 1277 ipsis
3279 1210 3387 1263 uti-

1795 1292 1864 1346 lia
1900 1300 2031 1345 sunt
2063 1299 2117 1347 et
2143 1293 2283 1347 bene
2333 1304 2747 1364 prosperantur,
2781 1306 2929 1351 recta
2954 1305 3136 1353 autem
3169 1307 3222 1354 et
3242 1300 3386 1356 bona

1796 1384 1941 1438 male
1970 1386 2276 1440 succedunt
2300 1385 2659 1457 operantibus
2689 1394 2743 1442 et
2788 1386 3082 1443 infeliciter
3112 1406 3389 1462 peraguno

1800 1477 2197 1546 tur,quomodo
2226 1479 2354 1533 boni
2390 1479 2685 1535 adversum
2731 1494 2919 1534 casum
2956 1480 3100 1538 ferre
3161 1484 3388 1554 potero?

1808 1655 1915 1710 217
1953 1655 2199 1711 Fortuna
2225 1659 2562 1726 prudentiam
2607 1662 2857 1715 existima
2883 1663 3148 1715 tutiorem.

1870 1747 2003 1803 Sors
2026 1748 2249 1817 quidem
2282 1752 2426 1820 quod
2460 1760 2655 1822 sponte
2684 1763 2736 1808 et
2778 1754 3141 1809 indeliberate
3188 1758 3387 1812 accitli’

1802 1848 2050 1905 vocatur,
2080 1842 2371 1911 prudentia
2406 1858 2538 1898 vero
2570 1844 2716 1914 quod
2748 1861 2873 1900 cum
2898 1847 3297 1903 deliberatione
3327 1850 3385 1902 fit

1800 1937 1855 1983 et
1886 1932 2246 1987 conscientia.
2275 1931 2447 1988 Porro
2477 1935 2938 2003 quemadmodum
2981 1939 3137 1993 navis
3166 1940 3221 1993 in
3250 1940 3388 1994 mari

1802 2036 1900 2089 per
1948 2022 2382 2092 gubernaculum
2417 2024 2627 2093 regitur
2662 2034 2715 2078 et
2753 2023 2820 2077 ad
2866 2033 3079 2095 portum
3124 2028 3388 2084 subduci-

1802 2123 1910 2172 tur.
1937 2112 2017 2166 sic
2047 2112 2278 2181 spiritus
2319 2113 2606 2182 prudentia
2642 2113 2815 2169 fretus
2840 2130 3021 2170 mores
3067 2116 3265 2171 animae
3290 2134 3390 2188 gu-

1801 2204 1996 2258 bernat
2026 2209 2081 2257 et
2110 2203 2326 2258 clavum
2374 2213 2565 2260 tenens
2603 2205 2668 2259 ad
2712 2219 3011 2275 supernum
3050 2216 3264 2276 portum
3305 2209 3393 2264 di~

1804 2296 1958 2358 rigit.
1989 2295 2126 2351 Cum
2158 2310 2290 2367 ergo
2335 2312 2432 2367 per
2462 2296 2811 2366 prudentiam
2854 2298 3081 2354 salvatis
3122 2315 3384 2370 coepere-

1806 2397 1893 2443 tur
1922 2388 2073 2444 salus
2098 2403 2248 2451 vera,
2282 2404 2351 2444 ne
2404 2388 2710 2444 irrationali
2746 2389 2912 2445 cedas
2947 2390 3083 2445 sorti
3109 2406 3212 2448 nec
3248 2392 3392 2447 futili

1805 2486 1859 2534 et
1886 2478 2305 2534 inconsideratae
2334 2479 2624 2535 verborum
2656 2488 2712 2535 et
2743 2480 3020 2535 rationum
3050 2482 3280 2538 vanitati
3306 2483 3395 2554 ja-

1805 2578 1990 2627 ctatus
2020 2578 2073 2625 te
2109 2570 2276 2633 feras.
2306 2586 2407 2625 nec
2453 2570 2583 2626 ferri
2618 2572 2851 2642 patiaris
2886 2573 3173 2629 hominum
3228 2576 3396 2633 vicis-

1807 2661 2144 2718 situdinibus
2179 2671 2371 2734 raptus
2412 2671 2467 2718 et
2499 2663 2756 2729 illectus;
2807 2664 3182 2733 periculosum
3219 2668 3391 2734 enim,

1807 2753 1901 2811 sed
1926 2755 2274 2809 documentis
2296 2756 2350 2809 in
2378 2756 2596 2818 litteris,
2631 2758 2916 2828 magisque
2939 2759 3253 2831 disciplinis
3285 2760 3395 2817 Do-

1808 2849 1941 2903 mini
1971 2847 2274 2903 secundum
2318 2848 2573 2903 mandata
2623 2857 2677 2903 et
2713 2850 2968 2905 virtutem
3016 2851 3152 2905 nihil
3192 2853 3394 2911 melius

1808 2955 1933 2995 esse
1958 2947 2172 3010 reputa,
2208 2955 2305 3009 per
2339 2955 2461 3010 quas
2483 2954 2610 2994 vera
2646 2941 2937 3010 prudentia
2987 2950 3042 2998 et
3077 2953 3194 2998 tuta
3242 2946 3396 3002 salus

1810 3031 2034 3087 salvatis
2063 3030 2141 3086 fit.
2195 3031 2271 3086 De
2300 3032 2424 3088 aliis
2474 3047 2606 3087 vero
2652 3032 2841 3099 rebus,
2890 3043 3161 3106 quotquot
3206 3039 3392 3106 possi-

1827 3121 1959 3176 dere
1987 3122 2168 3191 quivis
2207 3122 2595 3185 arbitraretur,
2625 3124 2742 3179 sive
2775 3123 3062 3181 facultates
3106 3126 3222 3184 sive
3251 3129 3396 3184 bona

1812 3209 1929 3266 sive
1951 3211 2338 3281 opulentorum
2389 3215 2843 3269 vestimentorum
2896 3230 3190 3287 apparatus
3238 3220 3398 3276 dixe-

1810 3302 1910 3367 ris,
1949 3303 2276 3373 templorum
2309 3311 2622 3360 structuras
2665 3311 2721 3359 et
2766 3304 3064 3362 thesauros
3099 3316 3153 3363 et
3204 3325 3396 3365 mona-

1820 3394 2005 3458 steria,
2036 3403 2089 3449 et
2117 3410 2227 3450 uno
2266 3396 2435 3450 verbo
2480 3412 2715 3466 quaeque
2768 3414 2938 3468 super
2971 3409 3197 3466 terram,
3261 3404 3398 3461 alias
3478 3418 3483 3421 '

1812 3483 1934 3538 aliis
1965 3491 2019 3538 et
2046 3484 2115 3540 iis
2142 3484 2236 3555 qui
2271 3500 2379 3539 non
2404 3486 2660 3540 videntur
2692 3502 2755 3542 ea
2792 3487 2997 3544 habere
3040 3491 3093 3544 in
3135 3504 3393 3565 promptu

1813 3586 1976 3643 sunt;
2012 3579 2129 3633 sola
2179 3578 2472 3649 disciplina
2524 3581 2746 3649 propria
2778 3588 2863 3636 est
2893 3582 3114 3637 illorum
3154 3586 3397 3642 solorum

1812 3671 1902 3741 qui
1944 3686 2064 3726 eam
2121 3671 2428 3741 possident,
2475 3679 2528 3726 et
2582 3672 2898 3727 viventibus
2956 3674 3008 3727 in
3045 3676 3147 3730 hoc
3192 3678 3397 3732 mundo

1814 3777 2047 3818 consors
2099 3777 2278 3833 usque
2332 3762 2399 3817 ad
2459 3762 2622 3820 finem
2669 3772 2776 3833 est,
2829 3764 3271 3839 decedentesque
3307 3784 3399 3825 se-

1814 3855 2025 3926 quitur.

1960 3990 2720 4067 ljotentiam‘tuomostende,
2754 4011 2860 4049 non
2892 3997 3031 4051 male
3060 3997 3325 4067 faciendo,

1817 4061 1925 4115 2‘22
1965 4061 2069 4117 Sed
2096 4065 2219 4116 bene
2254 4064 2527 4131 faciendo.

1892 4173 2033 4227 Sunt
2078 4173 2331 4229 homines
2390 4171 2767 4228 ardentissimi
2819 4172 2873 4226 in
2918 4174 3135 4233 actibus
3184 4178 3300 4235 suis
3345 4188 3401 4235 et

1817 4266 2056 4338 Operarii
2081 4273 2136 4320 et
2170 4263 2328 4319 valde
2360 4264 2698 4329 laborantes,
2726 4265 2929 4337 ingenii
2960 4270 3215 4324 acumine
3245 4277 3403 4326 uten-

1817 4367 1903 4413 tes
1954 4366 2007 4412 et
2066 4353 2515 4425 magnanimitate
2560 4353 2877 4422 superiores
2928 4369 2958 4408 a
3016 4356 3206 4411 multis
3259 4358 3405 4412 celer

1822 4447 2078 4512 brantur,
2108 4444 2201 4514 qui
2230 4442 2378 4513 regia
2409 4449 2686 4512 potestate
2721 4452 2776 4499 et
2809 4445 3151 4500 exercituum
3174 4445 3407 4517 imperio

1824 4547 1877 4595 et
1899 4537 2275 4594 dominatione
2300 4536 2355 4590 in
2384 4536 2589 4591 mundo
2630 4537 2860 4591 multum
2895 4546 3239 4607 praestantes,
3276 4546 3403 4592 tan-

1824 4647 1988 4702 quam
2033 4629 2109 4683 dii
2152 4644 2181 4682 a
2229 4628 2465 4684 subditis
2517 4628 2778 4683 honorari
2831 4628 3089 4684 affectant
3122 4648 3135 4684 :
3172 4630 3229 4684 in
3264 4647 3407 4699 quos

1826 4726 1961 4780 tales
1988 4720 2292 4795 procedens
2330 4721 2559 4792 spiritus
2588 4736 2617 4774 a
2642 4720 2751 4775 Deo
2779 4720 3080 4795 inspiratus
3110 4721 3249 4775 dixit
3281 4739 3295 4774 :
3325 4719 3404 4775 Ne

1825 4820 1879 4874 in
1935 4816 2076 4870 male
2126 4813 2378 4869 faciendo
2427 4822 2481 4868 et
2526 4813 2738 4867 debiles
2790 4827 3171 4881 pauperesque
3220 4812 3407 4881 oppri-

1827 4905 2026 4963 mendo
2058 4906 2317 4961 ostendas
2345 4914 2397 4960 te
2427 4904 2496 4958 ad
2544 4918 2737 4974 magna
2786 4910 3097 4972 proruptum
3141 4910 3196 4957 et
3245 4901 3405 4955 fortia

1825 5015 2014 5071 opera,
2052 4999 2145 5055 sed
2194 5000 2251 5054 in
2309 4995 2721 5061 benefaciendo,
2772 5002 2824 5048 et
2867 4993 2935 5047 ad
2978 4992 3071 5047 Dei
3116 4992 3405 5047 universo-

1826 5109 1947 5147 rum
1982 5091 2341 5146 imitationem
2372 5089 2577 5143 bonum
2621 5094 2677 5141 et
2722 5094 2930 5141 rectum
2962 5084 3174 5151 agendo
3212 5101 3225 5138 :
3262 5083 3406 5151 quod

1827 5191 1881 5239 et
1925 5184 2085 5239 deum
2119 5188 2175 5236 et
2236 5179 2405 5233 filium
2437 5178 2531 5233 Dei
2564 5186 2615 5232 te
2652 5192 2748 5245 per
2778 5174 3192 5232 similitudinem
3223 5183 3411 5229 osten-

1828 5274 1943 5340 dit;
1978 5272 2083 5326 hoc
2119 5276 2205 5326 est
2236 5269 2338 5323 viri
2369 5269 2596 5324 scientis
2622 5266 2753 5337 quid
2789 5266 2993 5320 homini
3028 5265 3275 5318 innatum
3305 5273 3412 5326 est,

1830 5366 1933 5420 hoc
1957 5379 2097 5434 opus
2141 5362 2289 5418 illius
2319 5361 2412 5431 qui
2459 5360 2756 5415 humanam
2798 5357 3077 5412 miseriam
3120 5353 3273 5410 novit
3309 5370 3412 5408 nec

1829 5456 2113 5513 extollitur
2172 5469 2325 5510 more
2375 5452 2751 5524 arrogantium
2801 5460 2854 5506 et
2909 5447 3285 5521 insolentium,
3319 5443 3419 5501 sed

1832 5549 1899 5605 ad
1929 5546 2136 5603 Christi
2170 5545 2450 5616 exemplar
2489 5543 2792 5599 humilibus
2836 5557 2895 5598 se
2945 5537 3417 5596 accommodantis

1832 5655 2136 5711 eorumque
2182 5637 2590 5693 itnhecillitates
2631 5636 2864 5708 benigne
2911 5631 3247 5689 suﬂ‘erentis.
3304 5627 3417 5681 Illa—

1834 5742 1987 5792 ctare
2008 5748 2139 5789 vero
2169 5739 2224 5787 et
2253 5731 2491 5801 spoliare
2524 5737 2577 5785 et
2603 5729 2669 5783 ad
2706 5726 2985 5784 miseriam
3014 5723 3281 5790 redigere.
3320 5718 3415 5773 Dei

1835 5826 2215 5885 benevolentia
2263 5824 2487 5892 dignum
2536 5837 2648 5877 non
2698 5829 2801 5883 est,
2882 5822 3270 5874 venenatarum
3316 5810 3415 5867 be-
