3814 6498
46 453 132 513 8J5
1076 438 1402 508 CARMINIS
1442 452 1530 508 DE
1570 445 1794 510 unms‘
1833 454 2221 514 CANONICIS.

50 571 352 648 Ἀμϐακοὺμ
374 572 470 626 καὶ
505 570 760 642 Σοφονίαν
789 571 995 639 ἔνατον,
1032 576 1304 642 ’Λγγαῖον,
1333 575 1605 647 Ζαχαρίαν

35 671 113 724 καὶ
146 664 433 734 Μαλαχίαν
473 665 789 735 μετέπειτα.
820 664 969 737 Αὕτη
999 666 1098 737 μὲν
1128 666 1309 737 βίϐλος
1350 668 1448 739 μία
1467 685 1604 741 προ-

34 758 238 835 φητική.
302 757 544 830 Δευτέρα
583 758 641 810 δὲ
693 758 920 822 Ἡσαΐας
972 760 1000 811 6
1048 759 1324 830 μέγιστος,
1365 759 1604 816 ἔπειταό

35 855 123 911 ἀπὸ
161 848 388 922 βρέφους
415 851 633 920 κληθεὶς
669 851 959 923 Ἱερεμίας,
991 853 1107 922 μετ’
1143 851 1306 907 αὑτὸν
1343 851 1605 924 Ἰεζεκιὴλ

41 947 121 1001 καὶ
147 941 339 1012 Δανιὴλ
376 940 625 1012 ὕστερον.
669 942 916 1005 Παλαιὰς
954 942 1051 1013 μέν
1081 960 1162 997 σοι
1199 944 1398 1008 ταύτας
1423 943 1602 1010 ἐξεθέέ

46 1055 137 1110 μην
161 1034 366 1106 βίϐλους
391 1035 484 1088 δύο
513 1035 648 1106 πρὸς
675 1039 794 1099 ταῖς
824 1037 1017 1101 εἴκοσι,
1041 1041 1154 1102 τοῖς
1196 1038 1304 1091 τῶν
1338 1039 1603 1110 Ἐϐραίων

47 1129 334 1201 ἰσαρίθμους
363 1129 707 1200 γράμμασιν.
743 1130 883 1200 Ἤδη
937 1130 994 1182 δέ
1048 1148 1136 1200 μοι
1179 1129 1332 1200 δέχου
1378 1131 1473 1184 καὶ
1502 1132 1602 1185 ὅσα

41 1224 124 1292 τῆς
146 1221 345 1291 Καινῆς
372 1222 668 1292 Διαϐήκης.
687 1222 907 1292 Πρῶτος
923 1222 1192 1294 Ἑϐραίοις
1225 1225 1602 1295 συνεγράψατο

40 1313 290 1376 Ματθατος
312 1313 338 1365 6
362 1312 504 1383 ἱερὸς
531 1312 593 1366 τὸ
623 1316 743 1367 κατ’
769 1316 930 1368 αὑτὸν
956 1316 1308 1384 Εὑαγγὲλιον.
1337 1317 1599 1388 Δεύτερος

39 1408 88 1456 ἐν
123 1401 312 1469 Ἰταλίᾳ
340 1400 562 1473 Μάρκος
588 1404 616 1455 6
643 1403 803 1466 θεῖος.
839 1404 1032 1475 Τρίτος
1067 1406 1124 1457 ὲν
1167 1405 1355 1476 Ἀχαΐᾳ
1384 1407 1600 1471 Λουκᾶς

37 1498 360 1563 ὸπάνσοφος.
379 1495 437 1548 ’0
463 1495 518 1548 δέ
550 1511 614 1563 γε
646 1495 714 1548 τὰ
746 1496 972 1567 οὐράνια
1003 1497 1306 1569 βροντήσας
1344 1499 1598 1570 Ἰωάννης

36 1593 165 1659 κοινῇ
215 1590 378 1642 πᾶσιν
425 1588 839 1659 εὐηγγελίσατο.
883 1590 1022 1644 Μεθ’
1057 1591 1152 1654 οὒς
1186 1593 1242 1644 αἱ
1274 1591 1594 1663 Θεοσημεῖαι

34 1685 112 1736 καὶ
138 1681 366 1750 Πράξεις
394 1680 502 1732 τῶν
531 1681 710 1750 σοφῶν
747 1682 1083 1746 ἀποστόλων,
1117 1685 1212 1737 καὶ
1245 1683 1459 1737 Παύλου
1501 1685 1594 1738 τοῦ

33 1775 344 1845 Θεοκήρυκος
373 1774 685 1827 Ἐπιστολαὶ
703 1775 832 1828 δέκα
857 1780 948 1828 κα)⁸
979 1776 1266 1848 τέσσαρεςδ
1292 1777 1402 1830 Καὶ
1424 1777 1596 1831 Καθο-

28 1869 155 1924 λεκαὶ
185 1865 344 1930 ἑπτὰ,
377 1859 452 1918 ὧν
502 1866 600 1936 μία
643 1866 742 1936 μὲν
787 1866 1045 1921 Ἰακώϐου
1080 1867 1173 1920 τοῦ
1217 1867 1588 1938 Ἀδελφοθέου,

25 1960 105 2021 δύο
145 1961 197 2014 δὲ
234 1961 441 2032 Πέτρου
482 1959 577 2012 τοῦ
628 1961 963 2031 Κορυφαίου,
1011 1963 1104 2015 καὶ
1145 1962 1389 2015 Ἰωάννου
1419 1963 1586 2034 ,πάλιν

3183 464 3289 521 διδ

1708 577 1980 646 Ezechiel,
2013 594 2077 634 ac
2105 577 2297 635 Daniel
2345 578 2593 635 ultimus.
2630 578 2856 638 Veteres
2919 579 3140 653 quidem
3188 583 3286 636 tibi

1705 669 1807 725 hos
1834 669 2189 739 exposuimus
2218 669 2391 725 libros
2428 670 2568 726 duos
2598 686 2767 741 supra
2789 672 3005 744 viginti,
3056 674 3176 744 pari
3222 689 3288 727 ac

1706 757 1984 815 Hebraica:
2015 759 2209 816 littera:
2238 774 2487 814 numero.
2544 758 2664 814 Jam
2696 778 2841 816 nunc
2888 769 3071 818 autem
3119 777 3152 818 a
3199 779 3288 817 me

1705 852 1892 920 accipe
1946 857 2080 920 quot
2131 850 2244 904 sint
2289 848 2425 904 Novi
2481 847 2840 905 Testamenti.
2905 851 3151 907 Primum
3217 855 3286 906 ad

1705 937 1964 995 Hebraeos
1989 939 2318 1011 conscripsit
2335 938 2622 995 Mattheus
2645 949 2872 996 sanctus
2893 943 3072 1010 ipsum
3107 942 3286 996 Evan-

1703 1031 1901 1102 gelium
1925 1050 1938 1097 ;
1969 1033 2246 1088 secundus
2275 1033 2330 1088 in
2355 1033 2510 1088 Italia
2536 1031 2756 1090 Marcus
2784 1035 3040 1101 divinus;
3089 1037 3288 1091 tertius

1702 1125 1760 1181 in
1792 1127 1993 1182 Achaia
2037 1126 2216 1183 Lucas
2264 1127 2418 1182 omni
2466 1127 2738 1198 sapientia
2786 1125 3077 1197 praeditus;
3122 1135 3287 1196 atque

1702 1221 1949 1276 cmlestia
1983 1230 2182 1276 tonans
2223 1219 2465 1276 Joannes
2506 1221 2766 1277 omnibus
2803 1220 2968 1277 simul
3017 1221 3287 1290 praedica-

1700 1317 1778 1370 vit
1809 1315 2186 1386 Evangelium.
2210 1313 2342 1370 Post
2366 1331 2503 1386 quos
2525 1315 2710 1370 divina
2726 1315 2992 1370 miracula
3017 1322 3287 1384 actusque

1700 1407 2033 1476 sapientium
2073 1406 2486 1477 apostolorum,
2542 1414 2598 1462 et
2645 1405 2802 1460 Pauli
2864 1404 2962 1460 Dei
3010 1405 3285 1475 praeconis

1699 1498 1960 1570 Epistolas
1986 1499 2174 1554 decem
2205 1507 2261 1554 et
2287 1508 2560 1570 quatuor;
2623 1510 2677 1554 et
2708 1498 3010 1554 Catholica:
3041 1506 3278 1569 septem,

1698 1607 1932 1662 quarum
1959 1607 2071 1646 una
2100 1591 2320 1662 quidem
2349 1589 2541 1646 Jacobi
2562 1589 2754 1648 fratris
2803 1589 2924 1656 Dei,
2945 1591 3069 1647 dua:
3097 1600 3282 1646 autem

1697 1685 1846 1740 Petri
1895 1685 2277 1756 apostolorum
2341 1682 2632 1754 principis,
2688 1692 2744 1739 et
2798 1683 3030 1741 Joannis
3087 1699 3283 1739 rursus

1696 1779 2048 1851 evangelista:
2089 1784 2240 1845 tres;
2276 1775 2512 1847 septima
2556 1790 2689 1833 vero
2741 1783 2828 1832 est
2861 1774 3016 1831 Juda‘.
3055 1772 3281 1831 Zelotm.

1697 1870 1900 1926 Omnes
1916 1870 2084 1927 habes
2101 1869 2435 1941 approbatos
2457 1877 2823 1939 acceptosque
2844 1867 3048 1935 libros;
3079 1868 3126 1923 si
3156 1868 3282 1938 quis

1698 1972 1881 2020 autem
1956 1963 2297 2019 inveniretur
2353 1968 2551 2031 prator
2598 1961 2746 2027 illos,
2786 1977 2895 2017 non
2950 1960 3284 2017 authenticis

27 2056 106 2109 τοῦ
131 2037 507 2122 εὑαῆγελιστοῦ
538 2055 707 2123 τρεῖς.
761 2053 990 2125 Ἑϐδόμη
1025 2054 1068 2106 δ’
1096 2055 1244 2107 ἐστὶν
1289 2053 1458 2108 Ἰούδα
1490 2055 1581 2108 τοῦ

1704 2057 2051 2114 lscrihendus
2077 2056 2202 2112 erit.

28 2152 272 2223 Ζηλωτοῦ.
303 2151 488 2215 Πάσας
510 2151 769 2223 ἔχειςτὰς
817 2151 1216 2222 ὲγκεκριμένας
1253 2152 1346 2204 καὶ
1366 2150 1648 2215 δεκτά;.Εί
1679 2152 1734 2206 δέ
1760 2171 1842 2217 τις
1872 2154 2122 2226 εὑρεθείη
2172 2153 2381 2210 τούτων
2413 2153 2592 2221 ἐκτὸς,
2641 2153 2702 2208 οὐ
2737 2152 2875 2223 μετὰ
2902 2150 3011 2204 τῶν
3044 2148 3284 2220 γνησίων

23 2251 278 2303 τέτακται.
