3814 6514
1329 803 1544 1014 S.
1620 930 1624 936 η
1699 729 3110 1015 C/ESARIUS

2263 1156 2844 1248 GREGORII
2922 1153 3525 1249 THEOLOGI.

1888 1533 2538 1650 NOTITIA.

1327 1784 1343 1847 (
1365 1783 1630 1845 Gutum,
1657 1783 1889 1836 Veterum
1917 1784 2119 1832 Patrum
2159 1780 2409 1842 Biblioth,
2434 1788 2552 1832 tom.
2578 1783 2662 1842 Vl,
2685 1780 2890 1845 Proleg.
2926 1793 2976 1843 p.
3007 1779 3122 1843 ιιι.)

661 2077 698 2135 Ι.
742 2076 1034 2146 Caesarius,
1069 2078 1235 2133 trium
1263 2078 1497 2133 filiorum
1539 2080 1876 2137 novissimus
1911 2082 1986 2151 (a)
2024 2099 2167 2153 quos

590 2177 717 2227 ante
767 2169 1144 2240 episc0patum
1187 2185 1218 2225 e
1261 2170 1494 2242 conjuge
1532 2163 1724 2226 Nouna
1761 2173 2063 2228 lectissima
2095 2174 2172 2229 fe-

590 2264 737 2317 mina
786 2269 1106 2333 susceperat
1134 2260 1435 2334 Gregorius
1479 2262 1738 2319 Nazianzi
1787 2265 2044 2327 antistes,
2089 2265 2174 2320 in-

590 2355 755 2426 genio
784 2362 947 2425 atque
983 2353 1300 2424 integritate
1338 2355 1634 2425 plurimum
1687 2356 1964 2426 praestitit.
2004 2355 2178 2412 Domo

591 2462 850 2518 egressus
908 2447 1266 2517 discendique
1319 2447 1518 2503 ardore
1567 2462 1875 2504 succensus
1929 2447 2177 2504 Alexan-

591 2538 768 2592 driam
811 2554 870 2594 se
904 2538 1156 2605 contulit,
1187 2553 1252 2594 eo
1281 2537 1464 2594 adhuc
1505 2545 1754 2609 tempore
1799 2541 2179 2596 doctrinarum

591 2630 836 2684 omnium
858 2628 1205 2700 gymnasium
1229 2627 1373 2683 haud
1393 2628 1668 2684 immerito
1690 2630 2062 2686 existimatam
2083 2631 2178 2702 (ὁ).

593 2719 724 2776 Inde
756 2728 939 2777 autem
993 2720 1298 2793 digressus,
1337 2720 1540 2776 litteris
1573 2720 1690 2790 jam
1737 2721 2179 2787 humanioribus.

594 2812 868 2884 praecipue
893 2829 1021 2869 vero
1061 2813 1458 2886 pliilosopbicis
1485 2812 1800 2885 disciplinis
1843 2816 2064 2886 egregie
2093 2830 2185 2871 sa-

594 2908 669 2963 tis
713 2907 990 2971 exeultus,
1047 2908 1293 2977 artisque
1335 2906 1619 2962 medicinae
1669 2907 1918 2978 apprime
1953 2921 2182 2980 gnarus,

595 3000 1130 3070 Constantinopolim
1167 2999 1435 3069 perrexit,
1483 3013 1594 3069 quo
1645 3000 1848 3070 pariter
1887 2998 2185 3068 Gregorius

598 3091 911 3162 Theologus
977 3105 1277 3164 germanus
1336 3090 1460 3160 ejus
1511 3091 1682 3146 frater
1729 3091 1961 3146 Athenis
2012 3090 2185 3146 redux

599 3187 1012 3258 commigrarat.
1045 3183 1121 3239 Ea
1152 3197 1315 3254 porro
1346 3184 1400 3238 in
1427 3182 1562 3238 urbe
1591 3182 1742 3253 regia
1767 3197 2018 3251 magnam
2051 3180 2191 3237 adeo

602 3278 844 3334 nominis
879 3277 1254 3332 celebritatem
1290 3275 1440 3330 brevi
1474 3282 1559 3330 est
1585 3282 1922 3329 consecutus
1954 3274 2046 3345 (ο),
2079 3292 2098 3326 ε
2129 3281 2188 3327 ut

602 3368 811 3439 publici
843 3367 1085 3424 honores
1113 3367 1404 3436 nobileque
1435 3365 1845 3420 matrimonium
1881 3379 1945 3419 ac
1975 3372 2189 3421 senato-

604 3460 687 3514 ria
735 3458 974 3530 dignitas
1024 3457 1200 3514 eidem
1253 3457 1421 3513 fuerit
1466 3457 1648 3512 oblata
1698 3456 1882 3527 :quin
1935 3466 1988 3512 et
2038 3471 2190 3511 com-

607 3550 760 3604 muni
806 3550 1032 3620 decreto
1077 3549 1144 3605 ab
1195 3549 1525 3618 imperatore
1555 3547 1900 3612 Constantio,
1932 3546 2026 3618 qui
2059 3554 2190 3602 tunc

608 3643 666 3698 in
692 3640 848 3698 Italia
871 3641 1126 3714 degebat,
1159 3655 1256 3712 per
1299 3641 1506 3712 legatos
1539 3641 1768 3712 petitum
1808 3641 1901 3704 sit,
1936 3647 1995 3694 ut
2041 3640 2194 3712 prin-

609 3735 789 3808 cipem
841 3735 1032 3790 urbem
1066 3734 1184 3789 viro
1235 3733 1577 3790 eruditorum
1624 3731 1874 3804 principe
1914 3730 2195 3787 honestari

610 3828 793 3896 vellet,
845 3835 1009 3898 atque
1045 3825 1113 3880 ad
1159 3833 1388 3882 caeteras
1421 3825 1596 3896 ipsius
1626 3823 1819 3880 laudes
1859 3823 2002 3879 hanc
2036 3838 2197 3880 acce-

613 3921 764 3984 dere,
797 3929 853 3974 ut
883 3918 1123 3975 Caesario
1157 3927 1210 3974 et
1233 3917 1445 3973 medico
1475 3925 1528 3974 et
1555 3918 1675 3972 cive
1701 3924 2014 3979 ornaretur,
2049 3935 2069 3970 ι
2102 3915 2198 3970 καὶ

611 4013 772 4068 τοῦτο
800 4011 1164 4086 προστεθῆναι
1213 4011 1348 4064 πᾶσι
1393 4011 1506 4073 τοῖς
1552 4008 1692 4079 ὑπὲρ
1729 4006 1899 4077 αὐτῆς
1946 4007 2195 4077 (πόλεως)

612 4107 920 4177 διηγήμασι
942 4145 956 4167 ,
987 4102 1066 4174 τῷ
1092 4101 1400 4173 Καισαρεῳ
1421 4097 1860 4162 καλλωπίζεσθαι
1905 4099 1998 4151 καὶ
2029 4096 2200 4169 ἰατρῷ

619 4201 713 4253 καὶ
741 4198 1005 4268 οἰκήτορι.
1040 4193 1240 4250 Verum
1274 4193 1386 4257 ille,
1434 4191 1522 4246 bis
1550 4191 1808 4246 omnibus
1844 4189 2198 4260 posthabitis,

623 4299 690 4346 ac
721 4289 908 4360 pietati
952 4301 1080 4359 erga
1110 4295 1368 4358 parentes
1400 4301 1510 4356 pra:
1551 4284 1767 4340 caeteris
1799 4282 2070 4338 rationem
2103 4282 2202 4336 ba-

623 4384 782 4444 bens,
816 4381 872 4434 in
903 4379 1136 4449 patriam
1177 4376 1495 4433 redeuntem
1533 4375 1760 4432 fratrem
1802 4389 1964 4432 suum
1993 4372 2202 4443 Grego-

624 4475 768 4529 rium
801 4472 957 4542 sequi
985 4470 1198 4524 maluit.

697 4566 762 4623 ιι.
805 4565 1074 4635 Deinceps
1103 4578 1234 4619 vero
1257 4578 1381 4617 cum
1413 4560 1525 4632 jam
1561 4559 1826 4616 doctrinae
1871 4572 1984 4614 sua:
2015 4556 2206 4627 primi-

625 4658 732 4714 tias
776 4656 969 4729 patriae
1012 4654 1137 4709 urbi
1190 4661 1590 4717 consecrasset,
1641 4661 1754 4705 tum
1795 4650 2015 4704 demum
2068 4647 2208 4701 aulm

626 4767 750 4808 sese
782 4748 1011 4812 addixit,
1057 4747 1362 4816 domusque
1396 4751 1640 4814 augusta:
1672 4742 1948 4797 archiater
1987 4749 2207 4796 creatus

627 4854 733 4908 est,
769 4859 876 4914 quo
907 4850 1150 4911 tempore
1177 4838 1432 4894 Julianus
1455 4839 1484 4890 ὁ
1516 4837 1839 4909 παραϐάτης
1885 4853 2066 4890 rerum
2103 4849 2204 4906 po-

629 4936 868 4991 tiebatur
904 4951 918 4987 :
954 4933 1142 4988 invitis
1173 4931 1333 5002 plane
1364 4931 1537 4999 ipsius
1585 4928 1929 4998 parentibus,
1973 4927 2209 4981 maxime

627 5043 758 5084 vero
784 5028 949 5082 fratre
981 5025 1265 5096 Gregorio,
1302 5023 1396 5092 qui
1435 5031 1723 5093 propterea
1753 5019 2111 5091 gravissimas
2141 5017 2209 5073 ad

630 5118 880 5176 eumdem
927 5119 1139 5173 litteras
1173 5115 1323 5171 dedit
1351 5114 1450 5183 (d).
1488 5113 1693 5169 Morem
1740 5113 1912 5183 gessit
1951 5127 2212 5182 germano

631 5211 877 5267 monenti
943 5211 1261 5276 Caesarius;
1312 5209 1544 5280 ejusque
1597 5206 1865 5273 consilio,
1917 5211 2207 5276 postquam

704 5407 783 5481 (a)
820 5407 982 5485 Greg.
1028 5405 1158 5461 Naz.
1209 5412 1420 5485 orata}
1456 5402 1784 5485 [ii-tinem],
1828 5417 1950 5473 pag.
1987 5401 2115 5468 {98,
2160 5410 2214 5456 et

636 5473 810 5537 carni.
847 5473 1139 5550 le'[nunc
1165 5473 1285 5546 vui]
1311 5475 1441 5529 edit.
1459 5473 1668 5528 'Murat.

931 5557 1076 5673 ﬁxit:
1108 5561 1201 5609 vn,
1241 5559 1364 5615 pag.
1398 5544 1518 5601 l98.

708 5617 779 5692 (ε)
819 5617 898 5674 ld.
931 5617 1064 5673 ibid.

708 5693 788 5758 (Δ)
829 5689 907 5744 ld.
937 5688 1100 5758 epist.
1128 5701 1239 5758 xvu
1272 5682 1597 5758 [nunc_vu].

709 5751 781 5841 (ei
929 5751 1071 5841 ρῇθξ..
1102 5773 1132 5812 x
1164 5751 1334 5829 [nunc
1367 5753 1488 5826 vn],
1524 5751 1645 5825 pag.
1679 5751 1801 5808 198.

1099 5897 1220 5954 Act.
1241 5893 1341 5950 SS.
1362 5891 1518 5949 Febr.
1543 5901 1674 5947 tom.
1693 5890 1754 5958 ll,
1780 5906 1898 5963 pag,
1919 5889 2049 5957 496,
2074 5906 2128 5944 η,
2149 5890 2203 5944 ο,

2275 2082 2550 2156 egregium
2591 2081 2712 2136 fidei
2759 2079 3093 2135 Christiana:
3140 2078 3403 2148 specimen
3441 2081 3691 2150 eorumispe

2276 2183 2460 2230 ratore
2505 2178 2758 2240 apostata
2801 2170 3049 2226 exhibuit
3080 2169 3174 2240 (ε),
3223 2185 3285 2224 ex
3329 2169 3433 2240 ejus
3471 2171 3562 2224 aula
3591 2171 3692 2240 pedm

2278 2265 2551 2329 referens,
2588 2263 2656 2318 ad
2700 2277 2832 2318 suos
2864 2262 3185 2317 revertitur.
3236 2259 3395 2315 Porro
3418 2263 3580 2316 sublato
3601 2279 3695 2316 euc-

2279 2358 2371 2412 dio
2391 2356 2632 2418 Juliano,
2664 2355 2767 2409 sub
2796 2352 3024 2408 Valente
3073 2353 3366 2423 quiastoris
3391 2367 3569 2409 munere
3595 2355 3630 2407 in
3653 2353 3696 2407 lii.

2279 2450 2467 2522 thynia
2501 2447 2830 2519 perfunctus
2859 2460 2984 2501 esse
3027 2453 3229 2499 auctor
3258 2453 3425 2500 noster
3465 2446 3695 2514 compen'tur:

2281 2540 2376 2612 qui
2414 2539 2644 2610 proinde
2687 2539 2752 2594 ad
2806 2538 2892 2592 sui
2939 2536 3098 2591 officii
3146 2544 3336 2608 partes
3385 2535 3698 2605 explendum

2282 2633 2477 2688 Nicaea:
2523 2640 2726 2701 ageret,
2768 2644 2914 2684 anno
2953 2628 3160 2683 Christi
3216 2627 3319 2683 368
3366 2627 3701 2690 desinentem

2283 2729 2437 2777 motu
2468 2722 2626 2792 longe
2651 2730 2776 2790 post
2807 2719 3093 2775 hominum
3123 2717 3433 2773 memoriam
3456 2718 3622 2771 maximo
3634 2717 3701 2769 uie

2283 2817 2377 2871 illa
2410 2814 2660 2870 funditus
2707 2830 2923 2878 eversa,
2950 2829 3016 2869 ex
3059 2819 3220 2867 tanto
3255 2811 3475 2882 periculo
3506 2810 3703 2864 solutilem

2285 2921 2354 2960 ex
2382 2905 2686 2960 illustribus
2715 2905 2850 2960 viris
2885 2914 2979 2958 aut
3011 2910 3164 2959 certe
3198 2917 3322 2956 cum
3355 2899 3584 2955 admodum
3605 2899 3704 2969 paucis

2287 2997 2552 3054 divinitus
2598 3003 2852 3053 servatus
2901 2996 3024 3061 fuit,
3073 2997 3220 3066 ipsis
3266 2996 3432 3050 ruinis
3454 2992 3704 3064 ρτοιαίυςεβ.

2288 3089 2356 3145 Et
2385 3098 2546 3147 terra
2587 3087 2804 3161 quidem
2853 3095 3006 3143 motu
3052 3089 3314 3158 superior
3360 3086 3466 3150 fuit,
3495 3082 3626 3137 morbo
3642 3097 3705 3134 ita

2289 3198 2401 3238 non
2433 3182 2562 3237 item
2593 3197 2736 3252 :quo
2766 3189 3082 3252 correptus,
3113 3195 3280 3235 sacro
3308 3187 3411 3234 tum
3431 3178 3593 3232 demum
3612 3190 3707 3230 suste-

2291 3283 2386 3346 pto
2411 3273 2768 3344 baptismate,
2801 3273 3161 3342 omniumque
3189 3271 3443 3327 bonorum
3473 3279 3629 3324 suorum
3642 3277 3705 3331 pu-

2293 3369 2516 3440 peribus
2554 3365 2765 3421 relictis
2811 3365 3143 3429 haeredibus,
3206 3363 3390 3420 eadem
3430 3362 3476 3416 in
3509 3359 3604 3415 urbe
3629 3357 3708 3428 patio

2295 3467 2422 3532 post
2481 3473 2798 3528 supremum
2861 3457 3004 3514 diem
3058 3457 3275 3512 abiisse
3327 3455 3527 3510 videtur.
3563 3447 3708 3516 Quamvis

2298 3553 2442 3610 enim
2473 3553 2623 3607 varia
2653 3551 2724 3606 sit
2755 3551 3002 3606 virorum
3034 3547 3466 3605 doctissimorum
3489 3541 3711 3601 sentcntiae

2296 3645 2418 3699 loco
2448 3659 2559 3714 quo
2605 3644 2880 3700 Caesarius
2921 3658 2954 3696 e
2993 3642 3134 3698 vivis
3183 3640 3444 3705 excessit;
3480 3636 3571 3691 aliis
3591 3631 3710 3702 quite:

2297 3737 2388 3793 ubi
2429 3744 2678 3792 mortuus
2719 3737 2811 3792 ille
2851 3735 3017 3791 fuerit
3057 3749 3337 3806 nusquam
3375 3729 3596 3787 memoria
3617 3723 3712 3794 prodi-

2299 3838 2412 3884 tum
2463 3828 2840 3884 asserentibus
2865 3827 2976 3898 (g);
3013 3826 3139 3882 aliis
3193 3840 3324 3880 vero
3358 3824 3409 3877 in
3452 3820 3584 3891 patria
3617 3815 3710 3883 ipsum

2251 3967 2254 3969 λ
2299 3918 2608 3976 decessisse
2661 3919 2802 3988 apud
2847 3925 3069 3974 sanctos
3103 3925 3359 3988 parentes
3393 3910 3633 3982 Gregorium
3658 3904 3715 3971 es

2301 4024 2529 4088 scopum
2575 4018 2629 4065 et
2676 4007 2925 4064 Nonnam
2981 4006 3419 4063 existimantibus
3451 4003 3510 4072 (Ii)
3542 4021 3553 4054 :
3584 4005 3714 4088 aliaue:

2301 4117 2368 4157 ex
2427 4083 2706 4173 Th'eologo
2755 4101 2875 4171 ejus
2933 4099 3102 4154 fratre
3161 4105 3378 4154 constat
3417 4090 3502 4164 (ἢ,
3542 4083 3716 4144 Cesaris!

2302 4204 2456 4250 extra
2517 4193 2773 4264 patriam,
2839 4194 2893 4247 in
2931 4191 3104 4247 medio
3149 4205 3386 4252 munere,
3431 4189 3480 4239 ἐν
3516 4183 3615 4252 ἀρχῇ
3648 4177 3717 4243 μέν.

2304 4287 2548 4360 Θνήσκει,
2593 4285 2659 4340 ad
2691 4301 2920 4356 superos
2964 4284 3253 4348 evolasse;
3293 4282 3499 4352 ejusque
3529 4277 3667 4329 cineres
3688 4278 3719 4316 ει

2305 4378 2559 4449 Bithynia
2584 4375 2916 4430 Nazianzum
2951 4374 3124 4431 fuisse
3149 4373 3362 4428 delatos
3388 4371 3464 4440 ω’).

2451 4466 2682 4521 ...Κόνιν
2719 4467 2782 4518 ὲκ
2815 4465 3056 4519 Βιθυνῶν
3093 4462 3348 4535 δεξάμεθ’
3373 4457 3432 4516 αὖ
3461 4475 3507 4512 σε
3530 4454 3650 4508 πέδου.

2377 4556 2614 4613 Cinerem
2637 4573 2664 4609 e
2687 4555 2952 4627 Bithynia:
2973 4555 3088 4609 solo
3121 4563 3170 4608 te
3195 4569 3407 4608 rursum
3431 4546 3673 4613 suscepim-

2379 4648 2466 4704 ιιι.
2509 4647 2746 4702 Maxima
2787 4647 2986 4718 ingenii
3039 4646 3092 4700 vi
3133 4653 3470 4716 praestantem
3490 4637 3610 4692 fuissc
3627 4629 3720 4684 (δι’

2309 4743 2475 4804 rium,
2507 4754 2777 4809 omneque
2801 4738 3065 4793 doctrinae
3086 4753 3262 4807 genus
3287 4743 3425 4789 tanta
3453 4726 3579 4784 animi
3603 4731 3721 4776 cum

2311 4834 2462 4887 tione
2512 4838 2902 4901 pertractasse,
2949 4837 3009 4883 ut
3053 4829 3220 4899 longo
3270 4821 3528 4880 intervallo
3559 4816 3721 4887 plutei“

2314 4933 2440 4998 post
2484 4940 2543 4980 se
2579 4922 2887 4992 reliquerit,
2929 4920 3088 4977 testis
3116 4927 3204 4976 est
3235 4918 3470 4988 locuples
3497 4912 3600 4967 idem

2312 4997 2431 5074 rius
2480 5015 2556 5088 (k)
2591 5030 2607 5068 :
2643 5034 2663 5067 ι
2692 5013 2908 5078 Omnia,
2960 5013 3160 5084 inquit,
3183 5001 3197 5030 ”
3230 5021 3291 5066 ut
3339 5023 3489 5064 unum
3525 4997 3722 5088 excoleti?

2314 5117 2370 5166 et
2412 5107 2625 5179 singula
2657 5121 2877 5161 rursum
2922 5113 2984 5159 ut
3014 5105 3222 5160 omnia.
3252 5105 3422 5174 Atque
3449 5107 3498 5154 ut
3534 5088 3670 5146 volucri
3686 5096 3725 5132 is-

2315 5200 2476 5272 genio
2503 5198 2779 5272 praeditos,
2827 5196 3012 5254 studio
3051 5203 3107 5252 et
3148 5193 3454 5267 diligentia,
3488 5189 3548 5242 ita
3571 5179 3725 5238 studiis“

2311 5401 2526 5456 Tillem.
2563 5397 2725 5452 Mém.
2757 5396 2884 5450 eccl.
2922 5401 3058 5447 tom.
3091 5391 3184 5452 IX,
3217 5406 3342 5462 pag.
3377 5386 3488 5444 596.

2385 5473 2462 5554 αξ)
2492 5467 2796 5554 Pam-.3“
2825 5463 3289 5554 399-968.;513:
3334 5545 3421 5554 ,η
3465 5521 3560 5554 n...
3598 5524 3679 5554 mar
3699 5498 3728 5552 ll.

2489 5521 2816 5613 ’st.
2856 5550 3030 5590 carm.
3064 5521 3290 5588 Devtira
3329 5545 3439 5585 sua.
3465 5521 3575 5593 Opp.
3598 5524 3680 5567 ιω

2311 5611 2454 5668 vers.
2487 5611 2613 5667 570.

2382 5682 2448 5752 Ui
2492 5681 2570 5736 Id.
2599 5693 2768 5734 carm.
2806 5673 3078 5746 1.x.[nunc
3106 5668 3220 5752 xiv]
3252 5670 3382 5726 edit.
3415 5664 3576 5752 Iliun-at.

2393 5682 2448 5752 Ἰ)
2492 5681 2570 5736 Μ.
2599 5693 2768 5734 carm.
2806 5673 3078 5746 1.x.[nunc
3106 5688 3192 5727 xiv
3252 5670 3382 5726 edit.
3415 5668 3576 5720 llurat.

2393 5753 2589 5825 (k)_ld.
2642 5757 2790 5825 orat.
2834 5752 3077 5825 x__(nu_i_ic
3121 5668 3242 5825 vni,
3287 5755 3403 5810 pag.
3449 5732 3550 5795 198,
3579 5725 3730 5779 αςπν

2318 5813 2460 5881 ινιίί
2487 5821 2658 5896 [nunc
2692 5816 2793 5889 xu]
2826 5813 2957 5872 edit.
2990 5813 3185 5870 Murat.
