3814 6508
86 394 177 448 853

1448 386 1798 445 DlALOGUS
1815 388 1857 443 1.

3204 387 3309 442 εεί

84 515 326 591 πηδαλίων
371 510 464 581 τὴν
512 509 713 563 ὁλκάδα
762 511 1021 577 ίθύνουσι,
1076 515 1240 568 παντὶ
1283 516 1471 587 τρόπῳ
1516 517 1615 587 τὴν

1751 530 1829 570 :re
1857 528 1918 569 se
1951 526 2115 583 posse
2145 509 2361 575 vident;
2394 509 2539 579 quod
2570 524 2738 563 unum
2785 516 2978 568 restat.
3015 506 3155 559 forte
3181 522 3308 574 prc-

84 606 324 678 σωτηρίαν
358 602 560 663 ἑαυτοῖς
592 604 1127 674 πραγματευόμενοι.
1164 605 1352 676 Ταύτῃ
1392 607 1449 659 δὲ
1481 606 1617 676 πλη-

1717 607 1919 662 ximam
1966 604 2205 671 aliquam
2247 603 2314 657 ad
2357 601 2591 656 insulam
2640 601 2781 655 clavi
2820 600 3138 668 adjumento
3173 596 3309 650 diri-

85 703 364 757 σιάσαντες,
407 690 498 744 καὶ
541 690 646 743 ὑπὸ
686 684 787 762 τὴν
843 692 1053 766 σκέπην
1098 695 1207 747 τῶν
1256 696 1617 767 ἀκρωτηρίων

1757 704 1853 752 unt
1880 710 2097 757 navem,
2132 709 2195 747 ac
2232 693 2382 747 nulla
2428 707 2539 745 non
2578 692 2794 745 ratione
2826 691 2989 745 sziluti
3030 704 3145 745 suae
3175 703 3309 741 con-

84 786 417 857 ῠποφυγόντες
460 782 737 836 ἀπεύκτου
779 782 1008 838 θανάσου
1046 786 1477 857 περισωθέντες,
1533 789 1621 840 εὑ-

81 876 435 956 χαριστηρίους
473 874 856 946 ἀναπέμπουσι
894 874 1079 945 φωνὰς
1113 877 1195 949 τῷ
1235 880 1439 953 συηῆρι
1481 882 1619 935 πάν-

79 991 172 1026 των
200 968 326 1039 Θεῷ.
358 965 464 1019 Καὶ
488 966 650 1033 ἡμεῖς
677 966 875 1032 τοίνυν,
904 961 950 1021 ὦ
983 967 1266 1038 φιλότεκνε
1298 970 1502 1043 Πάτερ,
1522 971 1623 1042 τὴν

84 1059 351 1125 πολύζαλον
376 1055 467 1108 τοῦ
516 1055 630 1125 βίου
666 1056 1010 1123 διαπλέοντες
1048 1058 1346 1125 θάλασσαν,
1374 1064 1469 1115 καὶ
1512 1064 1625 1127 τοῖς

86 1151 266 1220 κύμασι
292 1144 395 1198 τῶν
418 1144 680 1215 αἱρέσεων
706 1145 976 1217 διαφόρως
1006 1149 1506 1221 περιαντλούμενοι,
1532 1154 1627 1206 καὶ

87 1237 309 1315 μηδαμοῦ
337 1236 526 1306 λιμένα
567 1235 783 1304 λογικὸν
817 1237 1184 1309 εὑρίσκοντες,
1225 1240 1361 1312 πρὸς
1391 1242 1490 1313 τὴν
1530 1241 1628 1313 σὴν

86 1340 273 1404 ἥκαμεν
298 1329 534 1400 ἀγάπην,
566 1328 806 1400 δεόμενοι
847 1331 917 1383 τὰ
947 1331 1075 1402 περὶ
1112 1334 1212 1403 τῆς
1246 1335 1631 1405 προσκυνητῆς

85 1428 164 1479 καὶ
195 1422 346 1490 ἁγίας
375 1420 620 1489 Τριὰδος,
650 1421 746 1474 καὶ
773 1420 976 1493 ἐτέρων
1004 1423 1316 1493 κεφαλαίων
1337 1424 1438 1496 τῆς
1472 1426 1631 1491 ἁγίας

88 1516 285 1586 Γραφῆς
330 1510 724 1583 ἀκοῦσαιήμᾶς
741 1530 755 1545 ο
780 1513 928 1577 ὅπως
954 1515 1029 1587 μὴ
1051 1515 1383 1589 πλανώμεθα
1410 1519 1506 1573 σὺν
1520 1518 1633 1579 τοῖς

87 1608 464 1679 ματαιόφροσιν,
496 1603 611 1657 ἀλλ’
629 1604 1002 1675 ὲνισχυόμενοι
1027 1607 1092 1677 τῇ
1123 1605 1277 1677 ὑμῶν
1309 1609 1629 1678 κατηχήσει,

83 1700 163 1753 τοῦ
195 1695 446 1768 κοσμικοῦ
468 1695 737 1760 κλύδωνος
767 1697 905 1750 κατά
929 1697 1121 1771 μικρὸν
1142 1697 1383 1770 ἀψοφητὶ
1411 1699 1635 1764 ἑαυτοὺς

83 1790 451 1858 ἀπαγάγωμεν,
502 1788 598 1841 καὶ
636 1788 717 1852 είς
748 1789 839 1841 τὸν
869 1789 1117 1858 ἀκύμονα
1160 1790 1398 1862 Χριστοῦ
1432 1790 1629 1861 λιμένα

83 1884 134 1935 τὸ
162 1882 373 1952 ψυχικὸν
423 1881 630 1950 σκάφος
676 1881 839 1954 ἡμῶν
883 1883 1159 1937 είσελάσαι
1214 1883 1624 1955 σπουδάσωμεν,

82 1976 137 2045 τῇ
170 1976 229 2045 σῇ
264 1972 571 2045 μελιρῤύτῳ
607 1973 858 2048 νουθεσίᾳ
891 1974 1169 2047 ἑπόμενοι.

664 2249 1020 2320 Ἀπόκρισις.

143 2338 270 2392 Πολὺ
322 2338 419 2409 μὲν
467 2339 920 2413 ὑπεμναὸέὸηκε
970 2343 1064 2397 καὶ
1121 2342 1486 2414 ύπερφέρεται
1534 2344 1632 2415 τὴν

80 2433 201 2501 ἐμὴν
236 2429 437 2485 ἔννοιαν
463 2432 498 2502 ἡ
544 2432 652 2485 τῶν
680 2431 843 2486 θείων
888 2432 1121 2503 Γραφῶν
1159 2434 1527 2506 ἀκριϐεστάτη
1558 2435 1635 2489 δι-

80 2525 273 2591 ήγησις,
308 2522 475 2592 μήπω
506 2522 892 2595 καθαρθεῖσαν,
929 2524 1063 2596 μηδὲ
1100 2525 1163 2577 τὸ
1192 2525 1500 2590 πολυπαθὲς
1534 2526 1635 2597 τῆς

82 2612 195 2682 ὕλης
218 2612 561 2683 ἀποθεμένην
605 2614 850 2685 ἱμάτιον·
885 2613 1009 2668 οὔτε
1044 2614 1153 2687 γὰρ
1204 2617 1264 2669 ού
1314 2616 1522 2680 δίκαιος
1557 2617 1637 2671 δι-

81 2705 201 2773 καίῳ
220 2704 509 2774 ἀνάκειμαι
532 2704 609 2772 τῷ
630 2705 767 2777 Θεῷ,
794 2707 1037 2780 ῥᾳθυμίᾳ
1059 2710 1452 2781 κατακείμενος
1470 2726 1483 2739 °
1513 2708 1635 2763 οὕτε

79 2794 142 2857 ὡς
166 2795 480 2868 Δημιουργῷ
508 2798 607 2851 καὶ⁵
631 2799 845 2852 πάντων
866 2799 1149 2872 καθηγητῇ
1185 2802 1445 2872 πρυτάνει
1468 2801 1637 2873 πρότ-

80 2904 178 2956 ειμι
214 2888 567 2959 παιδευθῆναι
613 2890 806 2959 λόγους
847 2891 1112 2961 σωμάτων
1144 2893 1237 2945 καὶ
1270 2894 1504 2965 κρίσεως
1543 2892 1637 2946 καὶ

80 2979 346 3050 Προνοίας·
376 2979 504 3035 οὔτε
550 2981 594 3035 δ’
617 2981 693 3045 ὡς
724 2982 944 3036 Βασιλεῖ
985 2984 1081 3036 καὶ
1124 2985 1368 3059 Δεσπότῃ
1401 2987 1430 3039 ό
1468 2984 1637 3049 τάλας

81 3070 425 3141 παρίσταμαι⁸
463 3075 652 3144 γυμνῇ
689 3073 798 3145 γὰρ
832 3074 1042 3147 κεφαλῇ
1086 3074 1247 3147 μέχρι
1285 3077 1379 3130 καὶ
1421 3076 1514 3130 νῦν
1544 3078 1639 3129 ὲκ-

78 3158 303 3231 λιπαρεῖν
330 3164 495 3217 αὑτὸν
528 3166 630 3217 οὐκ
658 3164 847 3235 ἰσχύω,
874 3166 943 3219 τὰ
965 3166 1059 3219 τοῦ
1091 3168 1298 3237 κόσμου
1331 3167 1641 3239 περιφέρων

79 3252 266 3318 εἴδωλα,
292 3256 385 3308 καὶ
412 3257 481 3325 τῇ
520 3254 731 3309 ἐκείνου
767 3256 1010 3328 σφαλερᾷ
1033 3256 1107 3327 (l)
1136 3256 1638 3329 καρηϐαρούμενος,

80 3344 161 3396 καὶ
203 3345 326 3417 περὶ
373 3346 479 3417 γῆν
535 3345 919 3418 ἀραττόμενος.
967 3349 1078 3402 Καὶ
1119 3348 1391 3402 συνελόντι
1440 3349 1639 3418 φάναι,

78 3436 189 3488 ὅταν
219 3437 350 3507 πρὸς
374 3436 475 3509 τὴν
508 3437 622 3491 τῶν
654 3438 815 3493 θείων
852 3439 949 3493 ῐδω
982 3441 1277 3512 ὑπεροχὴν,
1314 3437 1470 3504 αὖθις
1506 3442 1643 3507 ίλιγ-

77 3525 186 3592 γιῶ,
241 3528 332 3581 καὶ
374 3528 762 3599 κραδαίνομαι,
809 3529 1000 3601 ὥσπερ
1046 3531 1096 3584 οί
1139 3530 1203 3583 ἐκ
1246 3546 1391 3595 τινος
1434 3533 1645 3607 ὑψηλῆς

78 3619 367 3689 ἀκρωρείας
405 3624 487 3685 είς
538 3622 737 3692 ἀχανὲς
776 3621 1215 3686 κατακόπτοντες
1264 3623 1534 3693 πέλαγος,
1584 3628 1642 3699 ἢ,

75 3701 135 3759 αὖ
175 3710 350 3776 πάλιν,
386 3715 435 3765 οί
474 3712 580 3776 τὰς
608 3712 760 3781 ὄψεις
794 3710 1155 3783 πεπληγότες,
1184 3711 1241 3763 ὲν
1270 3711 1515 3785 σταθηρᾷ
1550 3731 1647 3785 με-

79 3802 304 3873 σημϐρίᾳ
333 3804 428 3857 τοῦ
460 3803 620 3876 ἡλίου
657 3804 749 3858 τὸν
776 3803 1004 3874 οὐρανὸν
1033 3802 1430 3868 διῖππεύοντος,
1459 3805 1647 3870 ἀτενὲς

77 3893 223 3944 αὑτὸν
258 3893 500 3966 ἀθρῆσαι
558 3895 924 3967 πειρώμενοι,
965 3893 1238 3966 ὑπερϐολῇ
1272 3894 1379 3948 τῶν
1422 3914 1645 3968 μαρμα-

78 3982 239 4048 ρυγῷν
266 3986 357 4036 καὶ
381 3987 450 4055 τῇ
483 3982 699 4037 ἐκεῖθεν
736 3982 1079 4054 λαμπρότητι
1111 3981 1516 4053 ἀμαυρούμενοι
1548 3985 1647 4055 τὴν

76 4074 267 4142 ὅρασιν,
296 4077 420 4128 Δεῖν
448 4075 635 4129 τοίνυν
657 4074 842 4147 ᾠήθην
869 4077 935 4145 τῇ
961 4077 1090 4144 σιγῇ
1117 4072 1296 4144 βοηθῷ
1317 4074 1642 4145 χρήσασθαι.

84 4167 209 4218 Ἀλλ’
240 4168 325 4221 ἶνα
379 4169 457 4240 μὴ
497 4170 571 4239 τῇ
616 4166 871 4221 παντελεῖ
900 4165 1155 4235 κωφώσει
1186 4166 1483 4235 βασκανίας
1517 4166 1650 4220 ὓπο-

75 4275 191 4322 πτος
217 4261 340 4331 ὑμῖν
364 4262 600 4323 εἰκότως
626 4259 889 4330 γένωμαι,
913 4260 976 4312 τὸ
1008 4258 1246 4321 εὐπαθὲς
1276 4260 1371 4311 καὶ
1406 4259 1648 4330 ὑπήκοον

70 4355 127 4421 τῇ
155 4354 330 4425 είκαία
369 4355 557 4423 σιωπῇ
592 4352 1013 4423 διακρουόμενος
1034 4367 1046 4379 ·
1074 4381 1143 4390 -
1183 4350 1278 4403 τοῦ
1312 4351 1411 4421 μὲν
1450 4351 1648 4404 θεσπε-

74 4443 176 4494 σίου
209 4444 371 4498 Δαειδ
403 4442 804 4516 μελῳδοῦντος·
836 4443 1045 4496 Πολλὰ
1072 4442 1364 4511 ἐποίησας
1399 4442 1501 4509 σὺ,
1535 4443 1649 4496 Κύ-

62 4554 145 4601 ριε
174 4541 204 4590 ό
236 4539 383 4604 Θεός
409 4555 560 4607 μου,
594 4535 667 4589 τὰ
693 4532 1000 4605 θαυμάσιὰ
1035 4548 1151 4589 σου
1171 4552 1184 4565 ’
1232 4536 1329 4589 καὶ
1361 4536 1484 4602 τοῖς
1525 4536 1649 4591 δια-

69 4630 369 4697 λογισμοῖς
401 4645 527 4683 σου
570 4630 683 4681 οὐκ
711 4626 799 4681 ἐτι
832 4643 924 4692 τις
960 4626 1420 4695 ὀμοιωθήσεταν
1459 4626 1650 4697 ἀπήγ-

69 4726 222 4787 γειλα
243 4722 341 4774 καὶ
365 4721 676 4788 ἐλάλησα,
700 4720 1175 4787 ἐπληθύνθησαν
1198 4717 1348 4787 ὑπὲρ
1370 4720 1643 4788 ἀριθμόν.

70 4811 171 4862 Καὶ
202 4812 401 4865 πάλινο
445 4809 957 4881 Εὺηγγελισάμην
1002 4809 1397 4878 δικαιοσύνην
1437 4812 1505 4863 ἐν
1550 4811 1650 4864 ἐκ-

67 4907 281 4971 κλησίᾳ
325 4904 609 4976 μεγάλῃ*
659 4903 790 4960 ἰδοὺ
836 4904 909 4958 τὰ
938 4904 1111 4973 χείλη
1140 4920 1261 4972 μου
1305 4905 1377 4956 οὐ
1402 4902 1487 4973 μὴ
1537 4922 1648 4957 κω-

64 4997 257 5060 λύσω,
306 4999 525 5065 Rupta"
582 4995 665 5051 σὺ
693 4996 900 5065 ἔγνως.
944 4996 1065 5064 Τὴν
1093 4996 1488 5063 δικαιοσύνην
1531 5013 1648 5052 σου

63 5088 164 5139 οὐκ
184 5088 429 5157 ἔκρυψα
456 5089 531 5141 ἐν
560 5087 634 5155 τῇ
662 5086 877 5155 καρδίᾳ
898 5104 1017 5157 μου
1036 5105 1051 5119 ·
1080 5087 1192 5155 τὴν
1218 5088 1505 5152 ἀλήθειάν
1532 5105 1648 5143 σου

65 5183 151 5233 καί
187 5185 253 5235 τ)
284 5185 598 5252 σωτήριόν
636 5198 753 5237 σου
785 5180 958 5237 εἶπαο
984 5184 1097 5236 οὐκ
1118 5183 1355 5250 ἔκρυψα
1383 5182 1449 5235 τὸ
1477 5183 1649 5249 ἔλεός

60 5292 170 5327 σου
203 5277 299 5330 καί
332 5276 454 5343 τὴν
488 5274 782 5341 ἀλήθειάν
809 5291 925 5330 σου
960 5274 1079 5330 ἀπὸ
1108 5274 1469 5345 συναγωγῆς
1502 5279 1651 5329 πολ-

62 5365 171 5432 ,ἰῆς
190 5384 202 5395 ’
236 5367 319 5419 σὺ
350 5367 443 5431 δὲ,
472 5369 672 5435 Κύριε,
699 5366 784 5436 μὴ
806 5368 1120 5436 μακρύνῃς
1148 5366 1289 5432 τοὺς
1314 5366 1650 5435 οὶκτιρμούς

60 5475 172 5512 σου
222 5460 327 5529 ἀφ’
371 5459 577 5530 ἡμῶν.
605 5459 712 5512 Τοῦ
751 5460 809 5512 δὲ
855 5459 1151 5531 κορυφαίου
1192 5459 1300 5512 τῶν
1336 5459 1648 5513 ἀποστόλων

60 5550 119 5599 δι’
140 5554 427 5623 ἐγγράφου
454 5553 755 5623 καθολικῆς
785 5552 1203 5624 παρεγγυῶντος
1227 5552 1442 5623 ἕτοιμον
1468 5552 1645 5623 ὑπάρ-

134 5712 329 5767 ‘Psal.
384 5731 580 5779 xxxu,
615 5715 666 5769 6.

127 5852 201 5923 (i)
230 5851 416 5909 Locus
451 5854 698 5910 mutilus.
729 5852 883 5909 Eon.

1722 790 1933 845 sulunt.
1958 787 2041 841 Ad
2069 802 2188 842 eam
2222 785 2383 841 delati
2413 783 2663 853 pr0pius,
2697 784 2787 836 ubi
2821 781 3095 835 horrendo
3116 779 3310 833 mortis

1722 894 1753 934 c
1793 877 2040 949 periculo
2088 875 2322 939 servati,
2374 889 2434 928 se
2482 874 2532 925 in
2575 880 2752 925 tutum
2802 873 2904 925 sub
2936 870 3311 941 promontoria

1724 974 2087 1039 receperunt;
2126 974 2295 1021 testes
2336 964 2476 1036 grati
2520 962 2689 1015 animi
2740 977 2905 1017 voccs
2952 961 3017 1014 ad
3062 962 3308 1015 omnium

1727 1068 2063 1116 servatorem
2104 1056 2273 1111 Deum
2307 1057 2585 1109 emittunt.
2639 1055 2715 1107 ita
2765 1068 2866 1106 nos
2908 1053 3071 1106 etiam
3096 1094 3110 1117 ,
3152 1051 3313 1105 Pater

1728 1152 1953 1222 optime,
1972 1152 2066 1220 qui
2095 1149 2461 1218 procellosum
2481 1147 2603 1200 vitae
2620 1146 2785 1214 hujus
2813 1160 2962 1198 mare
2985 1143 3311 1211 trajicimus,

1729 1244 2207 1310 absurdartnuque
2260 1239 2584 1310 opinionum
2638 1237 2894 1293 ﬂuctibus
2942 1233 3315 1304 multipliciter

1730 1334 2018 1397 exhausti,
2058 1334 2267 1387 nullum
2298 1346 2530 1401 usquam
2568 1329 2804 1385 rationis
2838 1328 3159 1399 participem
3191 1341 3318 1395 por-

1735 1442 1847 1483 tum
1885 1427 2222 1487 invenimus,
2262 1424 2328 1477 ad
2376 1424 2769 1492 benignitatem
2804 1429 2952 1476 tuam
2994 1436 3096 1476 nos
3129 1424 3319 1473 conlc-

1735 1522 1931 1585 riiuus;
1969 1526 2134 1588 utque
2167 1532 2266 1572 uos
2294 1531 2417 1570 cum
2447 1515 2513 1570 de
2544 1515 2821 1570 adoranda
2857 1522 3320 1581 sacrosanctaquc

1738 1612 2007 1667 Trinitate
2030 1651 2045 1676 ,
2074 1618 2190 1662 tum
2226 1608 2350 1663 aliis
2386 1621 2669 1663 sacrarum
2704 1606 3009 1660 litterarum
3045 1604 3319 1674 capitibus

1739 1705 1952 1768 audias,
1987 1703 2383 1757 obsecramus:
2414 1716 2481 1754 ne
2514 1715 2637 1753 eum
2668 1698 3051 1769 insipientibus
3084 1697 3323 1751 circum-

1734 1798 2055 1859 veniantur,
2086 1795 2181 1849 sed
2222 1793 2532 1848 conﬁrmati
2564 1792 2845 1854 doctrina,
2879 1799 2932 1845 et
2958 1788 3320 1843 admonitioni

1735 1886 2079 1943 suavissimae
2118 1895 2223 1938 tua:
2259 1883 2540 1946 obsecuti,
2577 1898 2609 1937 e
2673 1881 2863 1935 mundi
2903 1880 3069 1949 hujus
3117 1889 3322 1950 tempe-

1735 1988 1876 2034 state
1916 1977 2176 2047 paulatim
2230 1984 2444 2031 nosmet
2495 1975 2771 2044 taciteque
2824 1973 3227 2038 subducamus,
3268 1978 3321 2026 et

1737 2069 2057 2139 participem
2093 2067 2261 2121 animi
2313 2066 2620 2120 naviculam
2660 2072 2908 2120 nostram
2954 2064 3007 2117 in
3051 2072 3320 2117 secretum

1737 2162 1806 2215 ab
1836 2160 1985 2214 omni
2017 2159 2182 2214 ﬂuctu
2215 2158 2423 2214 Christi
2458 2166 2677 2227 portum
2710 2171 2874 2228 agere
2907 2155 3248 2212 Studeamus.

2415 2249 2724 2319 Responsio.

1808 2344 1983 2400 Meam
2008 2360 2139 2400 vero
2158 2343 2570 2414 intelligentiam
2597 2348 2851 2396 accurata
2875 2353 3155 2394 sacrarunt
3184 2339 3326 2394 litte-

1734 2453 1922 2492 rarum
1946 2437 2239 2508 explicatio
2280 2437 2439 2507 longe
2469 2433 2687 2490 excedit
2722 2446 2787 2486 ac
2824 2440 3081 2502 superat:
3120 2431 3325 2501 quippe

1738 2548 1858 2601 qua!
1876 2538 2106 2601 purgata
2127 2530 2360 2585 necdum
2381 2529 2473 2596 sit,
2494 2542 2805 2596 crassazque
2823 2527 2877 2579 in
2897 2525 3057 2580 nobis
3077 2522 3325 2579 materiei

1740 2624 1929 2678 multis
1948 2622 2154 2677 morbis
2177 2621 2473 2676 obnoxiam
2499 2630 2706 2675 vestem
2727 2618 2965 2674 nondum
2990 2617 3326 2687 deposuerit;

1740 2732 1865 2771 nam
1907 2714 2162 2771 socordia
2197 2714 2493 2784 depressus
2518 2754 2532 2778 ,
2565 2712 2630 2765 ad
2676 2709 2844 2764 Deum
2883 2710 2973 2778 qui
3002 2711 3188 2778 justus
3218 2716 3325 2770 est,

1741 2811 1859 2881 ipse
1910 2824 2019 2863 non
2066 2808 2253 2879 justus
2291 2807 2426 2875 erigi
2469 2820 2726 2875 nequeo:
2779 2818 2888 2858 non
2947 2805 3124 2872 ipsum
3173 2818 3329 2857 acce-

1743 2904 1873 2959 dere
1906 2902 2036 2956 mihi
2068 2902 2152 2958 fas
2196 2909 2314 2968 est,
2359 2909 2419 2954 ut
2454 2900 2522 2955 de
2556 2914 2948 2969 corporeurmn
2989 2907 3043 2953 et
3078 2901 3329 2969 corporis

1744 2992 2074 3063 expcrtium,
2114 2990 2183 3045 de
2215 2990 2435 3059 judicii,
2483 2989 2551 3043 de
2596 2988 2964 3042 Providentiae
3018 2988 3330 3041 rationibus

1742 3084 2004 3139 erudiar:
2039 3097 2166 3137 cum
2205 3089 2262 3136 et
2311 3080 2517 3151 Opifex,
2551 3086 2605 3133 et
2641 3079 2773 3140 dux,
2811 3088 2864 3133 et
2895 3079 3230 3149 gubernator
3258 3080 3331 3134 sit

1744 3175 2014 3241 omnium,
2053 3189 2165 3229 non
2200 3180 2259 3227 ut
2292 3187 2416 3226 cuni
2456 3170 2603 3241 Rege
2645 3186 2707 3224 ac
2741 3169 2974 3225 Domino
3014 3170 3184 3223 miser
3214 3170 3332 3239 ipse

1742 3267 1952 3322 versari
1980 3281 2244 3338 possum:
2289 3264 2492 3335 quippe
2525 3263 2620 3333 qui
2664 3262 2844 3333 capite
2886 3262 3032 3315 nudo
3063 3261 3333 3317 hactenus

1743 3374 1867 3413 eum
1894 3359 2227 3429 compellare
2243 3358 2505 3412 audacter
2528 3372 2761 3427 nequeo,
2782 3370 2907 3410 cum
2938 3354 3127 3409 mundi
3150 3354 3332 3408 adhuc

1745 3450 2043 3506 simulacra
2072 3447 2484 3511 circumferam,
2517 3456 2572 3503 et
2605 3454 2864 3517 corrupta
2903 3447 3140 3517 imagine
3171 3446 3330 3515 quasi

1745 3545 1970 3613 crapula
2005 3552 2283 3614 gravatus,
2327 3541 2395 3596 ad
2430 3550 2634 3596 terram
2663 3539 2883 3593 allidar.
2924 3539 3003 3593 Ad
3034 3554 3327 3601 summam,

1746 3640 1964 3710 quoties
2009 3638 2320 3693 divinarum
2379 3651 2562 3693 rerum
2618 3636 3013 3693 sublimitatem
3076 3636 3328 3700 intueor,

1747 3748 1873 3786 niox
1905 3731 2168 3802 vertigine
2197 3739 2486 3800 correptus
2522 3738 2695 3784 tremo
2716 3768 2731 3792 ,
2772 3727 2991 3781 illorum
3034 3726 3209 3781 instar
3236 3727 3329 3797 qui

1747 3823 1815 3879 de
1846 3823 2066 3878 excelso
2102 3823 2305 3878 montis
2331 3821 2537 3877 vertice
2572 3821 2626 3875 in
2660 3821 2987 3876 immensum
3019 3836 3171 3875 mare
3204 3836 3331 3890 pro-

1749 3923 2019 3985 spectant;
2044 3915 2128 3969 vel
2151 3915 2292 3969 idein
2318 3913 2522 3968 accidit
2558 3912 2711 3978 mihi,
2741 3912 2887 3982 quod
2917 3913 2983 3966 iis
3006 3913 3098 3981 qui
3126 3911 3253 3966 dum
3277 3920 3333 3965 et

1748 4008 1896 4063 laesis
1925 4009 2101 4063 oculis
2131 4016 2184 4062 et
2228 4022 2365 4076 puro
2410 4006 2659 4066 meridie.
2694 4007 2809 4059 sole
2841 4005 3042 4059 caelum
3082 4005 3332 4073 perequi-

1747 4106 1919 4164 tante,
1950 4099 2179 4153 immoto
2214 4098 2362 4152 hunc
2395 4096 2552 4150 vultu
2585 4095 2783 4149 intueri
2814 4100 3107 4156 conantur,
3141 4094 3265 4146 victi
3300 4109 3331 4145 a

1750 4191 1920 4245 nimia
1958 4189 2239 4244 radiorum
2279 4187 2440 4257 copia
2482 4194 2537 4242 et
2582 4194 2705 4242 orto
2765 4186 2834 4240 ab
2887 4187 2956 4239 iis
3014 4184 3329 4254 splendore,

1750 4281 1970 4337 videndi
2015 4280 2331 4335 facultatem
2368 4278 2646 4333 amittunt.
2700 4277 3041 4347 Quapropter
3078 4276 3331 4346 equidem

1750 4372 2059 4429 existimavi
2086 4371 2288 4427 silentii
2312 4385 2415 4440 ope
2438 4370 2567 4424 mihi
2589 4368 2849 4424 utendum
2865 4384 3002 4422 esse.
3021 4365 3220 4421 Verum
3241 4382 3330 4430 ne,

1752 4466 1797 4521 si
1830 4481 2057 4535 prorsus
2085 4464 2189 4519 sim
2222 4472 2431 4527 mutus,
2466 4460 2683 4516 invidia:
2717 4461 2912 4515 merito
2934 4474 3054 4517 meo
3084 4474 3168 4512 me
3199 4459 3335 4512 insi-

1751 4556 1995 4624 tuuletis,
2050 4554 2208 4625 quasi
2262 4555 2355 4625 qui
2408 4552 2725 4608 facilitatem
2792 4551 3129 4621 obsequendi
3192 4564 3333 4602 vana

1751 4647 2127 4702 taciturnitate
2162 4645 2455 4714 repellam.
2482 4672 2556 4683 -—
2596 4659 2721 4699 cum
2759 4642 2977 4697 divinus
3026 4641 3116 4695 ille
3170 4638 3332 4693 Davi-

1749 4741 1845 4796 des
1878 4746 2073 4793 canat:
2109 4734 2286 4790 Multa
2309 4747 2388 4802 tu,
2421 4734 2664 4795 Domine.
2696 4735 2783 4804 qui
2806 4735 2945 4787 Deus
2965 4750 3017 4786 es
3041 4749 3204 4795 meus,
3231 4733 3331 4784 αα-

1751 4829 1998 4884 miranda
2028 4828 2241 4897 fecisti;
2265 4843 2415 4881 nemo
2456 4827 2550 4879 tibi
2572 4842 2670 4894 par
2690 4843 2801 4880 esse
2832 4823 3111 4895 cogitando
3138 4833 3329 4892 potest;

1749 4917 1986 4987 equidem
2027 4916 2138 4970 lucc
2189 4915 2499 4969 aununtiavi
2536 4914 2866 4983 aer-protuli,
2916 4930 3079 4981 supra
3125 4930 3330 4966 onmem

1749 5026 2023 5063 numerum
2070 5008 2400 5077 ampliﬁcata
2450 5016 2571 5060 sunt
2596 5009 2635 5060 ¹.
2667 5006 2817 5069 Item,
2855 5006 3049 5076 Magno
3096 5007 3147 5059 in
3195 5017 3330 5060 caetu

1741 5100 2014 5168 justitiam
2053 5096 2401 5158 annuntiavi;
2429 5111 2544 5149 ecce
2583 5093 2728 5147 labia
2758 5110 2872 5147 mea
2894 5134 2908 5156 ,
2952 5092 3196 5156 Domine,
3226 5109 3332 5146 non

1749 5190 2117 5257 comprimam,
2154 5189 2293 5241 sicut
2326 5186 2437 5254 ipse
2469 5186 2631 5239 nosti.
2652 5182 3103 5238 Justitiamtuam
3138 5200 3248 5237 meo
3276 5184 3331 5236 in

1749 5284 1904 5337 corde
1934 5299 2035 5337 non
2063 5282 2347 5343 occultavi;
2378 5280 2651 5334 veritatem
2682 5296 2744 5332 ac
2786 5280 3092 5349 bene/icium
3132 5281 3185 5333 in
3215 5278 3331 5333 sal-

1750 5376 1919 5429 uando
1950 5390 2028 5428 me
2067 5382 2213 5426 tuum
2238 5375 2481 5443 exposui;
2520 5373 2943 5428 misericordiam
2977 5383 3026 5428 et
3057 5374 3330 5427 veritatem

1751 5477 1895 5520 tuam
1942 5466 2205 5536 frequente
2245 5468 2295 5520 in
2331 5467 2555 5521 concilio
2595 5482 2697 5520 non
2742 5466 2949 5519 celavi:
2994 5474 3049 5518 tu
3094 5464 3326 5534 quidem,

1751 5554 1993 5618 Domine,
2038 5554 2430 5608 miserationem
2474 5563 2621 5607 tuam
2668 5553 3014 5624 multiplicem
3056 5552 3202 5607 nobis
3236 5550 3329 5604 diu
