3818 6504
560 347 666 410 8.33

551 506 614 546 ne
641 484 851 556 differta
881 485 924 540 '.
961 483 1148 539 ltiuem
1183 497 1307 539 cum
1343 498 1599 554 princeps
1648 486 1931 556 apostolus
1977 501 2116 558 prm-

548 577 714 646 cipiat
741 616 756 639 ,
815 583 874 630 ut
900 575 967 630 ad
998 573 1339 630 reddendum
1371 575 1640 630 rationem
1666 591 1729 631 ea
1750 576 1818 632 de
1837 591 1934 647 spe
1953 592 2116 649 quam

550 668 818 732 fovemus,
849 666 916 721 ad
945 665 1197 738 quemvis
1227 665 1296 722 de
1321 665 1426 720 hac
1453 682 1513 722 re
1543 667 1914 723 sciscitantem
1945 669 2120 738 parati

548 757 720 810 simus
738 755 758 786 ³
779 772 792 809 :
816 753 1017 810 Paulus
1034 755 1199 810 etiam
1218 755 1524 812 clarissime
1544 757 1744 812 clamet
1758 757 1802 822 ⁸,
1821 772 1944 812 esse
1964 758 2123 814 nobis

547 844 722 913 ipsius
765 844 1009 915 vestigiis
1049 845 1446 907 inhaerendum,
1493 843 1927 916 imitandumque
1959 846 2120 900 Chri-

546 943 734 989 stum:
772 936 862 1006 qui
903 936 1151 1007 profecto
1184 945 1240 992 et
1266 936 1382 1006 ipse
1411 936 1676 991 divinitus
1708 938 1963 1006 prmeepit
1989 938 2032 1002 ⁸,
2060 948 2117 992 ιιι

545 1041 669 1097 quae
707 1028 878 1098 gratis
910 1029 1306 1099 acceperimus,
1347 1043 1474 1083 cum
1503 1029 1627 1083 aliis
1659 1029 1904 1084 vicissim
1945 1031 2115 1100 gratis

547 1121 1046 1187 comniuniccmus;
1091 1137 1393 1192 omnesque
1451 1121 1594 1178 vires
1636 1121 1691 1176 in
1739 1121 1844 1177 hoc
1885 1131 2115 1177 conten-

547 1211 765 1276 damus,
801 1221 858 1265 ut
888 1212 1071 1267 divina
1117 1213 1274 1270 nobis
1307 1214 1360 1268 in
1387 1227 1510 1268 eum
1553 1213 1712 1268 linem
1744 1214 1813 1267 ab
1847 1212 1967 1284 ipso
1995 1231 2116 1270 cre-

549 1299 662 1353 dita
711 1301 944 1364 talenta,
1001 1317 1110 1371 quo
1155 1309 1488 1373 augeantur,
1539 1301 1903 1372 duplicemus,
1953 1318 2022 1358 ne
2069 1303 2116 1359 si

550 1401 688 1443 vano
729 1391 841 1446 haec
885 1392 1104 1446 silentio
1137 1399 1395 1462 tanquam
1436 1393 1490 1446 in
1537 1399 1682 1446 terra
1725 1392 2116 1457 defoderimus,

1646 355 1702 421 S.
1739 363 2035 424 CAESARI!
2068 363 2400 425 GREGORII
2430 365 2722 422 FRATRIS
3673 367 3748 423 856

2225 501 2340 555 χειν
2373 483 2508 555 πρὸς
2555 484 2850 553 ἀπολογίαν
2889 484 3050 537 παντί
3098 483 3174 554 τῷ
3206 482 3496 555 πυθομένῳ
3537 487 3647 557 περὶ
3679 489 3749 557 τῆς

2227 577 2286 629 ἐν
2313 577 2446 646 ἡμῖν
2489 575 2728 640 ἐλπίδοςο
2763 575 2856 630 καὶ
2890 574 3102 629 Παύλου
3130 575 3188 628 δὲ
3220 575 3315 628 τοῦ
3346 575 3550 646 ὑψηλοῦ
3570 576 3747 649 stupeﬁ-

2228 666 2325 736 δην
2355 666 2604 735 βοῶντος,
2636 669 2756 720 κατ’
2801 668 2946 738 ίχνος
2973 667 3139 722 αὐτοῦ
3179 667 3412 738 βαίνειν,
3436 671 3529 722 καὶ
3566 671 3749 741 Χριστὸν

2237 756 2547 826 μιμεῖσθαιο
2579 758 2640 810 οὐ
2677 756 2784 828 μὴν
2829 757 2964 811 ἀλλὰ
3004 758 3099 810 καὶ
3127 757 3364 830 Χριστοῦ
3394 758 3747 830 θεηγοροῦνιος,

2232 851 2440 920 δωρεὰν
2467 851 2754 922 εἰληφότας
2784 852 2986 924 ὁμοίως
3011 852 3290 924 παρέχειν,
3315 853 3413 907 καὶ
3441 856 3594 907 παντὶ
3619 855 3750 910 σθένει

2223 940 2591 1004 διπλασιάζειν
2621 941 2691 996 τὰ
2723 941 2854 1013 παρ’
2885 941 3050 995 αὐτοῦ
3074 941 3207 1012 ἡμῖν
3241 941 3336 994 ἐπὶ
3362 941 3518 994 τοῦτο
3549 944 3748 994 πιστευό-

2227 1047 2366 1101 μενα
2401 1031 2521 1087 θεία
2545 1031 2803 1097 τάλαντα,
2839 1031 2915 1104 μὴ
2947 1033 3130 1086 ἐκεῖνα
3156 1035 3223 1104 τῇ
3261 1032 3443 1104 εἰκαίᾳ
3481 1036 3602 1104 σιγῇ
3627 1033 3749 1086 οἰονεί

2225 1123 2284 1175 ἐν
2330 1123 2510 1195 χέρσῳ
2559 1121 3011 1196 κατορύττοντες,
3067 1124 3185 1194 ἅμα
3235 1123 3313 1194 τῷ
3362 1125 3420 1176 ἐν
3451 1123 3750 1192 [εὐαγγελίοις

2227 1215 2446 1288 πονηρῷ
2474 1217 2567 1270 καὶ
2595 1217 2726 1288 ὀκνη
2737 1215 2812 1287 ρῷ
2842 1216 3027 1287 οἰκέτῃ
3053 1217 3130 1280 εἰς
3152 1213 3212 1268 τὸ
3234 1216 3423 1280 σκότος
3447 1215 3751 1284 exat-,0on

2223 1307 2284 1358 τὸ
2333 1306 2596 1379 ἐξώτερον
2615 1324 2630 1339 ο
2661 1340 2725 1350 -
2759 1306 2994 1361 ἐνταῦθα
3038 1303 3131 1362 οὖν
3166 1307 3386 1377 ἄμεινον
3407 1305 3484 1377 τῷ
3508 1307 3676 1376 Sani,-
3701 1310 3752 1381 τῇ

2227 1400 2352 1468 σιγῇ
2377 1398 2552 1470 βοηθῴ
2582 1399 2907 1470 χρήσασθαι.

551 1494 657 1536 una
680 1498 803 1540 cum
837 1500 1003 1555 pravo
1034 1486 1128 1540 illo
1153 1485 1450 1556 desideque
1481 1501 1640 1542 servo
1672 1487 1740 1542 de
1771 1502 1881 1558 quo
1912 1488 2188 1558 proditum
2220 1502 2304 1548 est
2335 1494 2388 1546 in
2417 1493 2726 1566 Evangeliis
2743 1495 2785 1558 ‘,
2808 1494 2874 1549 ad
2901 1493 3158 1550 tenebras
3179 1494 3410 1550 extimas
3439 1491 3750 1563 abjiciamur:

547 1604 615 1613 —-
647 1577 992 1632 metuendum
1032 1577 1163 1631 mihi
1198 1577 1402 1648 potius,
1433 1594 1595 1648 quam
1631 1578 1900 1634 silendum
1933 1582 2194 1638 arbitror.

618 1669 714 1725 Est
768 1670 912 1724 enim
963 1671 1235 1740 sapientia:
1267 1671 1602 1740 principium,
1631 1671 1842 1728 Domini
1884 1674 2117 1729 timor’:

546 1761 1008 1833 quemadmodum
1030 1773 1180 1818 vates
1208 1763 1296 1819 ille
1322 1779 1505 1818 rerum
1535 1763 1844 1820 divinarum
1879 1766 2120 1836 prudens

549 1853 782 1910 Davides
831 1855 1092 1926 loquitur.
1129 1853 1458 1910 Prteclarum
1506 1872 1664 1918 sane,
1705 1865 1860 1912 certo
1909 1859 2120 1928 judicio

546 1945 1004 2017 considerateque
1033 1947 1215 2010 silere,
1237 1961 1301 2002 ac
1331 1948 1538 2002 mundo
1560 1949 1779 2018 quidem
1808 1950 1966 2020 quasi
2001 1966 2120 2005 mu-

547 2047 660 2093 tum
686 2053 749 2092 ac
777 2039 1132 2104 crucifixum,
1164 2040 1217 2094 in
1245 2039 1630 2110 praedicatione
1650 2056 1779 2096 vero
1807 2041 2118 2097 divinorum

547 2145 774 2200 operum
814 2133 882 2188 ad
927 2147 1117 2188 omnes
1163 2133 1429 2188 illustrem
1483 2149 1546 2188 ac
1587 2143 1848 2204 perpetuo
1878 2121 2118 2190 vocalem

548 2237 690 2278 esse.
721 2219 988 2275 Nimirum
1019 2228 1073 2276 et
1097 2235 1308 2276 summa
1341 2235 1467 2276 cum
1503 2222 1782 2291 voluptate
1817 2221 1953 2274 muti
1982 2220 2120 2275 divi-

547 2315 638 2370 tis
676 2317 731 2369 in
786 2313 952 2370 rebus
992 2313 1198 2369 erimus
1223 2353 1236 2378 ,
1277 2321 1332 2369 et
1365 2313 1727 2370 nihilominus
1769 2328 1865 2368 eas
1913 2315 2120 2384 absque

549 2407 769 2463 silentio
805 2405 1184 2471 tractabimus,
1215 2416 1505 2462 exorantes
1536 2405 1782 2460 divinum
1819 2403 2028 2460 Numen
2065 2406 2118 2458 in

549 2499 619 2555 iis
651 2513 783 2554 sane
811 2513 932 2569 quae
959 2498 1142 2553 animo
1160 2498 1458 2569 perniciem
1489 2497 1743 2562 aﬂ‘erunt,
1777 2497 1863 2552 his
1897 2497 2116 2553 verbis:

547 2592 838 2656 Adhibeto,
889 2589 1127 2656 Domine,
1176 2591 1470 2646 custodiam
1513 2592 1594 2645 ori
1632 2607 1780 2654 meo,
1821 2601 1870 2646 et
1921 2592 2121 2644 circum

549 2683 693 2737 labia
730 2699 844 2736 mea
887 2682 1152 2751 quoddam
1193 2685 1410 2746 ostium,
1452 2699 1554 2753 quo
1597 2691 1971 2738 coerceantur:
2000 2698 2121 2737 uere

547 2790 640 2828 cor
669 2791 838 2830 meum
878 2774 946 2828 ad
981 2788 1248 2830 sermones
1279 2792 1468 2846 prauos
1513 2775 1786 2845 deﬂectere
1824 2777 2050 2846 patiaris
2071 2777 2119 2830 ⁸.

548 2867 608 2921 In
640 2867 748 2924 illis
778 2881 930 2933 vero,
961 2865 1146 2922 divina
1189 2882 1313 2939 quae
1358 2875 1510 2931 sunt,
1554 2869 1694 2923 etin
1741 2868 1944 2938 quibus
1989 2867 2122 2923 vivit

548 2959 813 3014 animus:
853 2957 1064 3027 Aperite
1111 2957 1253 3012 labia
1296 2974 1447 3022 mea,
1501 2957 1753 3022 Domine,
1800 2975 1864 3012 ac
1909 2956 2121 3012 laudem

550 3059 695 3103 tuam
726 3066 784 3104 os
805 3065 974 3104 meum
997 3048 1336 3102 annuntiabit
1365 3051 1408 3102 ’.
1437 3047 1800 3115 Quamobrem
1835 3049 2029 3104 merito
2053 3046 2122 3101 ad

548 3142 1006 3212 interrogationes
1037 3149 1248 3196 vestras
1269 3143 1468 3196 iterum
1497 3140 1773 3211 accingar,
1803 3140 1885 3195 sic
1915 3148 2119 3203 tamen,

549 3237 609 3284 ut
633 3239 687 3285 et
721 3228 892 3284 Deum
929 3228 1212 3303 orationis.
1231 3237 1434 3284 nostra:
1459 3228 1652 3285 ducem
1683 3229 2036 3294 constituam,
2067 3239 2122 3285 et

547 3322 748 3378 vestris
808 3320 877 3376 ad
925 3319 1072 3374 hunc
1125 3321 1623 3391 supplicationibus
1683 3321 1910 3376 innitar.
1963 3319 2122 3376 Libet

547 3415 694 3470 enim
727 3415 851 3469 illos
873 3414 1094 3479 imitari,
1125 3415 1218 3485 qui
1257 3413 1414 3470 ludos
1447 3423 1734 3486 equestres
1771 3415 2122 3485 perlubeuter

549 3515 820 3576 spectant.
847 3507 1032 3562 Solent
1056 3508 1108 3561 hi
1132 3522 1393 3564 cursuum
1424 3507 1478 3562 in
1501 3507 1900 3563 certaminibus
1928 3509 1996 3564 ad
2024 3523 2120 3565 eos

547 3611 689 3667 quos
708 3596 889 3651 favore
906 3613 1008 3652 suo
1027 3596 1487 3668 complectuntur,
1519 3599 1734 3653 tametsi
1759 3599 1823 3652 ad
1850 3612 2118 3654 summam

549 3687 629 3742 illi
653 3687 983 3744 celeritatem
1010 3687 1145 3742 nihil
1177 3688 1371 3758 reliqui
1405 3687 1630 3750 faciant,
1661 3689 1906 3745 victoriae
1936 3697 2120 3745 tamen

549 3780 733 3836 studio
787 3780 855 3836 de
907 3781 1057 3836 sellis
1106 3780 1476 3851 gradibusque
1525 3783 1902 3852 superioribus
1962 3785 2118 3854 quasi

549 3877 664 3927 toto
685 3886 808 3927 cum
840 3872 1108 3928 viscerum
1135 3879 1307 3936 motu,
1331 3874 1813 3932 acclamationibus
1843 3877 1916 3930 uti
1944 3894 1958 3943 ;
1989 3892 2120 3930 ocu-

546 3964 728 4034 lisque
767 3980 872 4018 una
914 3980 1037 4019 cum
1080 3979 1245 4020 cursu
1293 3967 1681 4032 circumactis,
1725 3968 1968 4038 aurigam
2018 3969 2119 4037 (uti

548 4055 766 4125 quidem
819 4056 1160 4111 arbitrantur
1214 4055 1354 4127 ipsi)
1414 4057 1673 4126 majorem
1729 4058 1796 4112 ad
1857 4060 2119 4128 impetum

546 4146 807 4202 excitant.
857 4145 1001 4211 Quin
1033 4154 1087 4200 et
1121 4160 1294 4215 equos
1339 4144 1699 4199 acclamando
1733 4145 2118 4209 cohortantur,

549 4252 756 4306 proque
785 4235 997 4307 ﬂagello
1018 4251 1240 4290 manum
1265 4235 1330 4290 ad
1365 4251 1462 4292 eos
1489 4237 1842 4306 protendunt,
1863 4246 1919 4292 et
1943 4238 2122 4293 indice

548 4327 722 4398 digito
764 4327 1043 4397 proximos
1087 4327 1193 4382 sibi
1230 4327 1452 4394 feriunt;
1489 4344 1664 4397 neque
1696 4329 1870 4384 malas
1904 4336 2118 4384 tantum

548 4418 773 4482 fricant,
818 4417 911 4473 sed
951 4432 1343 4488 nonnunquam
1383 4425 1436 4474 et
1479 4419 1696 4474 dentem
1741 4430 2034 4486 exacuunt,
2066 4430 2122 4476 ct

547 4508 702 4562 vultu
735 4507 1036 4572 minantur,
1069 4516 1124 4563 et
1155 4516 1301 4563 totos
1333 4523 1394 4563 se
1424 4509 1491 4562 ad
1529 4510 1693 4564 stadii
1726 4525 1983 4566 cursores
2013 4512 2121 4566 eri-

546 4607 703 4670 gunt,
751 4598 1046 4670 digitisque
1090 4599 1471 4670 gesticulando
1517 4616 1640 4670 qua:
1677 4600 1858 4656 facere
1905 4603 2008 4658 sibi
2052 4603 2119 4658 ad

455 4745 468 4751 ,
544 4688 992 4759 consequendum
1019 4687 1298 4757 prtemium
1325 4687 1637 4753 videantur,
1664 4688 2120 4759 imlicant.Atque

547 4777 662 4831 haec
697 4793 805 4832 non
839 4792 905 4832 eo
940 4775 1167 4841 faciunt,
1205 4777 1350 4847 quod
1391 4779 1458 4831 ad
1497 4778 1782 4832 victoriam
1820 4779 2117 4850 quidquam

545 4871 804 4927 momenti
841 4869 1090 4934 aﬂ‘erant,
1115 4871 1208 4926 sed
1239 4884 1394 4924 suam
1429 4883 1556 4941 erga
1578 4870 1700 4926 illos
1717 4872 1807 4941 qui
1838 4874 2121 4927 decertant

546 4965 980 5020 benevolentiam
1024 4979 1375 5033 amoremque
1416 4972 1524 5016 tam
1569 4979 1700 5020 voce
1747 4982 1910 5035 quam
1962 4977 2117 5036 gestu

543 5051 884 5122 exprimunt.
932 5050 1076 5108 Idem
1109 5058 1168 5106 ut
1201 5059 1254 5106 et
1294 5051 1410 5120 ipse
1447 5048 1667 5113 faciam,
1701 5053 1862 5105 amici
1900 5066 1965 5104 ac
2014 5053 2120 5106 fra-

545 5154 681 5208 tres,
715 5159 853 5214 quos
897 5143 1154 5212 equidem
1205 5141 1440 5195 tnuvime
1493 5142 1758 5210 suspicio,
1811 5158 1987 5195 uicum
2037 5158 2120 5195 me

546 5235 789 5288 studium
821 5251 950 5305 erga
989 5251 1086 5288 vos
1118 5235 1285 5304 cogit.
1319 5235 1452 5287 Nam
1487 5233 1629 5302 apud
1663 5249 1758 5286 γης
1787 5233 1878 5302 qui
1907 5235 2120 5302 agiliter

545 5328 766 5382 virtutis
811 5321 1047 5383 stadium
1084 5327 1429 5398 percurritis,
1465 5335 1519 5380 et
1567 5326 1630 5378 ad
1675 5341 1925 5395 superna:
1961 5343 2118 5380 voca-

548 5420 715 5474 tionis
750 5419 1028 5490 praziuium
1066 5420 1278 5474 crebris
1321 5429 1376 5474 et
1407 5418 1674 5488 expeditis
1721 5417 1951 5470 saltibus
1988 5434 2118 5471 cnn-

547 5509 796 5576 tenditis,
851 5525 958 5564 non
999 5511 1245 5580 quaedam
1296 5510 1514 5580 proprie
1549 5523 1665 5560 mea
1700 5507 1945 5578 Icviaque
1993 5525 2106 5577 pro-

2286 1675 2493 1745 ’Ἀρχὴ
2522 1676 2634 1749 γάρ
2672 1677 2895 1745 σοφίας
2921 1675 3107 1746 φόϐος
3136 1675 3376 1744 Kvpt'ov,
3411 1677 3541 1747 φησί
3571 1677 3708 1730 Δαόὶδ
3732 1681 3753 1732 ἰ

2226 1767 2334 1822 τῶν
2363 1767 2524 1822 θείων
2549 1766 2803 1838 μελῳδός.
2833 1768 3014 1822 Καλὸν
3045 1767 3150 1840 γὰρ
3179 1767 3241 1821 τὸ
3273 1769 3483 1838 σιωπᾷν
3504 1768 3751 1838 διακρίσει.

2227 1859 2321 1914 κα⁶ι
2349 1859 2595 1931 λογισμῷ
2618 1858 2910 1932 κρείττονι,
2945 1860 3040 1914 καὶ
3071 1859 3234 1913 οἱονεὶ
3271 1857 3453 1926 κωφὸν
3481 1860 3572 1912 καὶ
3597 1860 3752 1912 terea.

2231 1953 2470 2024 ρωμένον
2517 1951 2784 2023 ὑπάρχειν
2803 1950 2883 2022 τῷ
2930 1950 3143 2022 κόσμῳ,
3183 1950 3390 2020 ἐναργῆ
3445 1949 3502 2002 δέ
3546 1952 3635 2003 καὶ
3666 1950 3752 2003 ἀεί-

2227 2044 2462 2114 φθογγον
2485 2042 2594 2097 τῶν
2625 2042 2784 2096 θείων
2811 2042 3075 2114 ὀργάνων.
3105 2041 3291 2105 Οὕτως
3317 2040 3427 2113 γάρ
3460 2042 3752 2112 ωμὸήσεται

2228 2135 2357 2205 ἡμῖν
2387 2136 2420 2205 ἡ
2456 2133 2564 2186 τῶν
2605 2129 2908 2186 θεσπεσίων
2948 2131 3208 2203 ἐράσμιος
3247 2129 3517 2199 κώφευσις
3551 2132 3639 2184 καὶ
3665 2131 3751 2182 esi.

2226 2243 2390 2297 γητος
2419 2225 2624 2296 ὁμιλία,
2655 2225 2784 2278 ὅταν
2813 2223 3217 2295 ἐκλιπαροῦμεν
3249 2225 3310 2276 τὸ
3351 2223 3503 2277 Θείον
3523 2240 3536 2253 ο
3572 2223 3654 2276 ἐπὶ
3678 2224 3752 2293 μὲν

2225 2315 2334 2368 τῶν
2365 2312 2726 2386 ψυχοφθόρων
2764 2312 3026 2384 βοῶντεςο
3086 2314 3227 2379 Θοῦ,
3272 2315 3469 2382 Κύριε,
3513 2314 3752 2383 φυλακὴν

2227 2400 2306 2470 τῷ
2353 2404 2605 2474 στόματί
2648 2421 2799 2473 μου,
2847 2403 2948 2459 καί
2990 2404 3179 2473 θύραν
3228 2403 3512 2474 περιοχῆς
3547 2405 3663 2472 περί
3698 2409 3752 2457 τὰ

2227 2497 2400 2565 χείλη
2419 2514 2560 2567 μου,
2586 2496 2682 2550 καί
2707 2493 2794 2565 μὴ
2815 2495 3108 2564 ἐκκλίνῃς
3139 2493 3255 2564 τὴν
3284 2495 3536 2564 καρδίαν
3550 2512 3656 2564 μου
3687 2495 3754 2558 εἰς

2225 2586 2450 2658 ⁸ἰόγους
2477 2587 2772 2655 πονηρίας
2790 2602 2804 2618 ο
2838 2586 2930 2640 ἐπὶ
2952 2587 3008 2640 δέ
3039 2585 3149 2640 τῶν
3177 2585 3336 2641 θείων
3369 2588 3464 2640 καὶ
3489 2585 3747 2651 ζωοποιῶν·

2227 2678 2405 2746 Κύριε
2425 2721 2437 2744 ,
2463 2676 2535 2731 τὰ
2565 2677 2743 2748 χείλη
2765 2692 2887 2746 μου
2916 2677 3202 2742 ἀνοίξεις,
3237 2677 3336 2731 καί
3366 2677 3432 2731 τὸ
3461 2678 3640 2745 στόμα
3659 2693 3752 2744 μου

2226 2768 2550 2840 ἀναγγελεῖ
2584 2769 2700 2838 τὴν
2737 2769 2979 2824 alrer
3031 2785 3170 2824 σου.
3222 2769 3461 2832 Εἰκότως
3503 2763 3592 2822 οὖν
3630 2763 3750 2827 αὖθις

2227 2861 2564 2932 ἀποδύσομαι
2596 2860 2732 2933 πρὸς
2759 2860 2860 2924 τὰς
2901 2859 3056 2931 ὐμῶν
3089 2860 3346 2924 πεύσεις,
3379 2859 3512 2914 Θεὸν
3552 2858 3750 2928 καθηγε-

2231 2953 2368 3022 μόνα
2390 2952 2484 3007 τού
2503 2951 2660 3021 λόγου
2689 2948 3031 3023 ποιούμενος,
3055 2951 3149 3006 καὶ
3178 2951 3276 3016 τὰς
3301 2951 3454 3023 ὐμῶν
3477 2951 3602 3022 πρὸς
3624 2949 3752 3002 αὐτὸν

2231 3042 2464 3108 ἱκετείας
2492 3042 2920 3114 ἐπερειδόμενος.
2940 3045 3009 3097 Ἦ
3031 3043 3106 3107 ὡς
3134 3046 3246 3106 τοῖς
3271 3043 3400 3113 παρ’
3428 3042 3602 3096 αὐτῶν
3623 3057 3751 3093 σπουο

2228 3133 2542 3205 δαζομένοις
2597 3136 2654 3188 ἐν
2687 3139 2808 3200 ταῖς
2863 3135 3117 3206 ἁμίλλαις
3159 3135 3269 3190 τῶν
3317 3135 3558 3206 δρόμων,
3589 3133 3645 3187 ἂν
3678 3134 3750 3184 καὶ

2229 3225 2396 3296 μηδὲν
2426 3225 2731 3298 προθυμίας
2764 3228 2846 3290 είς
2893 3227 2955 3281 τὸ
2989 3227 3152 3297 τάχος
3197 3226 3505 3290 ἐλλίπωσιν,
3542 3226 3670 3295 ὅμως
3697 3224 3748 3291 τῇ

2227 3317 2355 3388 περὶ
2382 3316 2480 3388 τὴν
2511 3317 2667 3387 νίκην
2699 3318 2904 3390 σπουδῇ
2932 3317 3138 3372 ἄνωθεν
3180 3317 3288 3371 τῶν
3326 3314 3656 3386 καθισμάτων
3679 3314 3748 3365 καὶ

2229 3409 2443 3482 βάθρων
2476 3410 2766 3464 ἐπιϐοῶσιν
2803 3410 2862 3476 ἐξ
2903 3409 3302 3481 εὐσπλαγχνίας
3345 3409 3543 3480 αὐτῆςο
3575 3408 3654 3460 καὶ
3678 3404 3748 3456 τὸν

2226 3498 2502 3570 ὀφθαλμὸν
2551 3499 2628 3571 τῷ
2660 3500 2852 3573 δρόμῳ
2887 3501 3374 3571 συμπεριάγοντες,
3422 3497 3747 3567 διεγείρουσιν.

2227 3590 2304 3654 ὡς
2323 3590 2548 3654 οἴονται,
2573 3593 2653 3655 είς
2675 3592 2938 3664 ὀξυτέραν
2957 3592 3131 3663 ὁρμὴν
3164 3589 3254 3644 τὸν
3282 3590 3514 3662 ἡνίοχον,
3535 3587 3749 3651 ἐπικλαγ-

2226 3683 2485 3752 γάζοντες
2530 3683 2646 3752 ἅμα
2688 3685 2799 3746 τοῖς
2841 3683 3026 3746 ἵπποις
3046 3697 3060 3712 ·
3113 3681 3207 3736 καὶ
3237 3681 3357 3734 ἀντὶ
3407 3680 3647 3750 μάστιγος
3673 3676 3748 3743 τὴν

2225 3775 2383 3846 χεῖρα
2431 3773 2550 3826 κατ’
2601 3773 2778 3827 αὐτῶν
2828 3772 3242 3844 παρατείνοντες
3267 3812 3283 3838 ,
3332 3772 3428 3824 καὶ
3461 3769 3539 3840 τῷ
3587 3765 3748 3836 λιχανῷ

2224 3865 2471 3936 δακτύλῳ
2501 3867 2612 3928 τοῖς
2655 3864 2931 3936 ἐχομένοις
2963 3863 3212 3927 παίοντες
3231 3901 3247 3928 ,
3289 3864 3385 3916 καὶ
3421 3863 3521 3931 τὴν
3558 3857 3747 3929 παρειὰν

2226 3956 2671 4028 παρακνὼμενοι·
2706 3956 2966 4020 πολλάκις
3003 3957 3060 4010 δὲ
3093 3955 3188 4010 καὶ
3227 3954 3334 4008 τῶν
3363 3955 3580 4007 ὀδόντων
3606 3966 3745 4019 παρα-

2226 4051 2472 4122 θήγουσι,
2504 4050 2597 4103 καὶ
2628 4047 2933 4114 ἀπειλοῦσι,
2961 4047 3040 4119 τῷ
3078 4045 3347 4119 βλέμματι
3391 4044 3654 4113 αὔτανδροι
3676 4038 3747 4092 ἐπὶ

2225 4141 2350 4205 τοὺς
2380 4140 2897 4212 σταδιοδρομοῦντας
2920 4139 3336 4208 διανιστάμενοι,
3356 4131 3745 4206 χειρονομοῦντες

2225 4231 2407 4294 αὐτοῖς
2434 4231 2504 4284 τά
2536 4229 2795 4284 δοκοῦντα
2837 4229 2975 4301 πρὸς
3011 4228 3073 4282 τὸ
3111 4227 3370 4282 ἔπαθλονο
3415 4227 3512 4295 οὐχ
3545 4226 3618 4276 ὅτι
3650 4238 3742 4273 συν·

2225 4324 2370 4377 τελεί
2399 4323 2533 4395 πρὸς
2577 4322 2674 4392 τὴν
2707 4321 2863 4392 νίκην
2903 4319 2973 4374 τά
3002 4319 3254 4392 δρώμενα
3278 4357 3294 4382 ,
3344 4316 3458 4371 ἀλλ’
3490 4313 3653 4383 εὐνοία
3694 4311 3742 4377 τῇ

2227 4413 2364 4486 πρὸς
2394 4414 2519 4477 τοὺς
2548 4412 3002 4483 ἀγωνιζομένους,
3028 4413 3180 4481 φωνῇ
3207 4427 3266 4463 τε
3301 4410 3398 4462 καὶ
3437 4410 3652 4478 σχήματι
3677 4401 3742 4452 τὸν

2227 4506 2363 4577 πρὸς
2394 4505 2633 4569 ἐκείνους
2659 4505 2836 4577 ἔρωτα
2873 4504 3281 4575 διαγράφοντες.
3309 4502 3485 4570 Ὅπερ
3508 4501 3592 4552 καὶ
3620 4493 3741 4552 αὐτὰς

2227 4598 2304 4668 τῷ
2333 4596 2468 4669 πρὸς
2496 4599 2640 4668 ὑμᾶς
2667 4598 2817 4668 πόθῳ
2844 4600 3016 4651 ποιεῖν
3040 4592 3440 4664 ἀναγκάζομαι,
3467 4591 3620 4661 φίλων
3651 4586 3740 4655 ἐμοὶ

2227 4691 2320 4744 καὶ
2369 4689 2611 4759 ἀδελφῶν
2657 4687 3009 4760 τιμιώτατοι,
3039 4687 3333 4749 ὼκυπόδως
3386 4685 3622 4754 ἐνάρετον
3657 4679 3738 4731 διιο

2225 4779 2405 4833 θέουσι
2438 4779 2670 4846 στάδιον,
2705 4781 2798 4833 καὶ
2830 4779 2964 4850 πρὸς
3005 4777 3065 4830 τὸ
3099 4775 3349 4848 βραϐεῖον
3385 4775 3483 4844 τῆς
3514 4773 3614 4826 ἄνω
3643 4768 3736 4832 xii.“

2227 4887 2363 4935 σεως
2399 4874 2620 4934 πυκνοῖς
2671 4889 2729 4923 τε
2779 4871 2872 4924 καὶ
2921 4869 3147 4937 κούφοις
3199 4865 3608 4937 συντεινομένοις
3658 4857 3734 4915 τοῖς

2222 4962 2462 5032 ἅλμασιο
2497 4963 2597 5016 οὐκ
2631 4963 2807 5018 οἰκεῖά
2841 4979 2960 5014 τινα
2995 4961 3029 5030 ἢ
3065 4958 3378 5029 αὐτοσχέδια
3407 4954 3630 5028 φράζων,
3653 4946 3735 5001 ἀλλ’

2220 5053 2320 5105 ὅσα
2356 5053 2465 5106 τῶν
2498 5052 2752 5124 ἀοιδίμων
2795 5053 2890 5106 καὶ
2939 5053 3223 5122 μακαρίων
3255 5049 3483 5119 Πατρῶν
3524 5045 3635 5104 τοὺς
3658 5039 3737 5088 λει-

2225 5144 2411 5215 μῶνας
2457 5143 2698 5196 ἐπελθὼν
2734 5144 2831 5215 τῆς
2879 5143 3102 5197 ἐκείνων
3149 5141 3407 5214 ροδωνιᾶς
3452 5136 3734 5204 συνήΥαΥθΨ

2222 5231 2296 5289 ὦν
2334 5235 2403 5289 τά
2433 5236 2562 5306 ῥόδα
2584 5234 2662 5306 τῷ
2687 5236 2750 5289 ἐκ
2777 5236 3013 5306 πλευρᾶς
3036 5234 3187 5288 ὕδατι
3211 5232 3306 5286 τοῦ
3328 5229 3460 5284 Θεοῦ
3498 5228 3582 5282 καὶ
3603 5223 3733 5286 Λόγου

2222 5328 2595 5400 σαρκωθέντος
2645 5329 2903 5400 ἄρδεται,
2955 5329 3050 5381 καὶ
3091 5326 3169 5396 τῷ
3206 5324 3300 5391 ξὺν
3356 5322 3554 5377 ἐκεῖθεν
3588 5316 3734 5383 αἵματι

2221 5423 2349 5492 ἐρυθ
2361 5423 2628 5494 ραίνεται’
2653 5421 2702 5474 οἶ
2728 5421 2926 5492 κόσμον
2946 5421 3063 5474 ὅλον
3089 5417 3464 5481 εὐωδιάζονται
3484 5411 3735 5494 λάμποντῆ

2225 5514 2320 5566 καὶ
2349 5513 2728 5583 δᾳδουχοῦντες
2768 5513 2909 5584 ὑπὲρ
2949 5513 3075 5575 τοὺς
3106 5509 3399 5580 φωστῆρας
3437 5502 3524 5558 τοῦ
3551 5512 3736 5568 στερεω-

621 5761 640 5791 '
683 5757 825 5811 Psal.
864 5773 1052 5817 “vix,
1095 5757 1275 5809 1012.
1353 5753 1566 5826 ³1Γςι.
1611 5771 1688 5810 Ill.
1741 5757 1819 5808 Ιεέ.
1903 5758 1921 5786 ⁸
1953 5756 2118 5826 l’hilir

2239 5775 2296 5822 ιε,
2338 5761 2417 5814 I7.
2499 5764 2516 5792 ⁸
2553 5760 2740 5814 Matth.
2781 5777 2828 5820 κ.
2866 5758 2917 5812 8.
2996 5760 3015 5787 ⁶
3052 5757 3236 5812 Matth.
3277 5773 3398 5822 xxv,
3426 5753 3509 5811 50.
3574 5740 3730 5799 Ῥωι·

548 5843 636 5889 ει,
665 5832 718 5883 ιι.
795 5830 813 5858 ⁸
847 5829 988 5880 Paul.
1020 5843 1140 5890 ut,
1179 5828 1232 5889 Ti,
1278 5827 1318 5878 ἰ.
1400 5829 1415 5853 ⁵
1455 5824 1588 5878 l'sut.
1635 5843 1670 5890 t,
1714 5827 1793 5880 l7.
