3814 6506
63 367 153 434 SS7

65 482 387 566 ματοςνλόγον
415 476 559 546 ζωῆς
599 473 915 545 ἐπέχοντες·
961 466 1036 528 ὧν
1074 467 1330 527 οὐδέποτε
1372 477 1405 546 ὴ
1455 473 1586 545 Θρυ-

1411 354 1760 413 DlALOGUS
1788 355 1830 410 ι.

1697 475 1890 540 ieram,
1919 473 2013 528 sed
2039 486 2377 544 qumcunque
2406 471 2680 526 clarorum
2700 467 2924 524 Patrum
2947 469 3104 537 prata
3125 476 3286 535 μενος

3180 339 3283 398 εει.

65 563 188 645 am;
226 577 414 638 πίπτει,
467 567 588 621 οὑδὲ
623 569 651 622 6
691 567 882 638 λύχνος
915 566 1284 638 συντρίϐεται,
1322 567 1385 619 οὑ
1426 567 1599 622 δαπα-

1751 585 1881 635 ans,
1917 568 1984 623 de
2007 569 2222 622 illorum
2253 573 2433 620 roseto
2459 563 2650 632 collegi
2677 582 2691 616 :
2721 575 2951 631 quorum
2978 573 3119 614 rosae
3141 569 3283 626 aqua

65 678 193 728 vitat
236 666 289 720 τὸ
321 662 512 721 ἔλαιον,
547 660 580 728 ἡ
625 657 819 729 λυχνία
875 658 933 709 οὑ
969 659 1192 722 σείεται,
1233 657 1262 709 ὁ
1297 659 1503 729 πυρσὸς
1535 659 1596 710 οὐ

1752 670 1865 717 tere
1889 660 1979 715 Dei
2009 674 2073 714 ac
2099 657 2281 722 Verbi,
2315 656 2405 724 qui
2436 670 2654 710 carnem
2685 652 3003 722 assumpsit,
3030 657 3284 704 manante

67 762 378 838 μαραίνεται·
426 750 620 824 ῥάϐδον
664 751 720 804 δὲ
768 749 1001 821 σταυρὸν
1048 749 1442 821 περιφέρουσι,
1503 748 1600 802 καὶ

1751 760 1944 822 gantur
1991 755 2046 804 et
2099 748 2166 802 ab
2205 746 2320 816 jugi
2375 743 2662 814 sanguinis
2705 742 2946 798 indidem
2983 739 3091 796 orti
3144 739 3282 799 rivo.

63 829 217 927 πήραν
236 849 298 903 τὰ
328 843 649 914 Εὑαγγέλια,
688 843 782 896 καὶ
811 842 910 914 τὴν
939 841 1162 912 ἀγάπην
1183 838 1508 910 καλαύροπά
1542 856 1601 891 τε

1751 843 1868 896 tbro
1911 841 2094 894 colore
2135 837 2439 907 tinguntur,
2490 842 2774 902 totumque
2815 831 3076 886 mundum
3129 829 3285 886 suavi

62 950 139 1003 καὶ
166 943 396 1014 σύριγγα,
430 939 487 991 ὲν
515 937 697 999 αὐτοῖς
722 935 782 988 τὸ
809 934 1023 1004 λογικὸν
1056 933 1304 1005 ποίμνιον
1328 932 1423 986 τοῦ
1460 933 1598 1004 Χρι-

1700 933 1885 990 odoris
1918 931 2214 1004 fragrantia
2247 929 2494 998 replent:
2525 928 2617 996 qui
2646 932 2699 980 et
2731 925 3020 994 splendore
3053 936 3156 979 suo
3191 921 3288 976 tir-

63 1039 170 1094 στοῦ
215 1035 474 1105 νέμοντες.
527 1027 771 1082 Πύθεσθε
818 1023 933 1091 οῦν,
977 1025 1320 1096 ἀξιάγαστοι,
1356 1028 1483 1098 περὶ
1529 1019 1604 1078 ὧν

1751 1022 1962 1078 ιοιιιειιιί
1990 1019 2280 1074 luminaria
2315 1017 2560 1080 vincunt,
2591 1023 2645 1070 et
2666 1015 2788 1068 vita:
2816 1028 3122 1069 sermonem
3155 1026 3290 1066 con-

61 1135 226 1204 ῆκατε,
263 1102 327 1178 τὰ
367 1122 486 1175 θεῖα
523 1121 750 1174 ἐκείνων
785 1119 1076 1190 σπέρματα
1125 1118 1277 1190 παρὰ
1319 1119 1417 1190 τῆς
1467 1117 1606 1188 ἐμῆς

1751 1119 1915 1176 nent,
1958 1123 2192 1180 quorum
2238 1105 2571 1177 ellycbnium
2617 1119 2900 1174 nunquam
2957 1102 3195 1168 decidit,
3234 1107 3291 1155 et

60 1221 310 1282 ἀσθενείας
334 1215 642 1287 ἀμώμενοι.

1709 1207 1932 1260 lucerna
1964 1217 2074 1257 non
2102 1199 2515 1265 comminuitur,
2546 1206 2598 1252 et
2624 1197 2802 1253 oleum
2826 1212 2933 1250 non
2962 1185 3295 1257 absumitur,

61 1326 104 1372 et
130 1317 316 1383 lampas
355 1323 465 1363 non
509 1313 841 1377 quassatur,
906 1312 962 1360 et
1001 1305 1220 1359 ﬂamma
1269 1318 1380 1358 non
1433 1299 1835 1371 exstinguitur;
1888 1311 2013 1350 nam
2077 1307 2296 1347 crucem
2368 1298 2582 1360 gestant
2630 1304 2729 1360 pro
2769 1290 2939 1359 virga,
2999 1284 3292 1356 Evangelia

61 1426 143 1482 pro
171 1421 303 1479 pera,
354 1402 677 1458 charitatem
725 1415 826 1472 pro
879 1400 1022 1471 pedo
1073 1415 1137 1454 ac
1188 1398 1403 1461 ﬁstula,
1435 1396 1634 1467 quibus
1665 1393 1922 1449 ommbus
1951 1387 2158 1446 Christi
2189 1402 2407 1459 gregem
2437 1384 2667 1440 rationis
2688 1382 3005 1453 participem
3039 1386 3289 1448 pascunt.

61 1475 410 1571 Quamobrem,
453 1496 556 1554 viri
592 1495 810 1567 optimi,
846 1496 926 1551 sic
957 1511 1020 1551 ea
1053 1495 1365 1566 proponite,
1403 1493 1471 1548 de
1499 1491 1702 1563 quibus
1749 1496 2165 1562 percunctatum
2199 1481 2541 1546 accessistis,
2602 1488 2662 1535 ut
2705 1479 2800 1550 qui
2849 1477 3032 1532 divina
3095 1475 3291 1529 borum

62 1597 241 1656 semina
268 1589 500 1648 messuri
527 1604 595 1645 ex
622 1604 744 1653 me,
792 1588 1016 1644 homine
1056 1586 1348 1658 caeteroqui
1384 1585 1502 1652 vili,
1534 1585 1678 1641 sitis.

631 1706 883 1760 ΠΕΥΣΙΣ
921 1706 997 1759 Β⁰.

131 1803 268 1860 Ἐπεὶ
297 1801 358 1873 δὴ
411 1800 567 1865 τινας
610 1798 839 1868 ἀλόγους
887 1797 982 1852 καὶ
1032 1796 1389 1869 βλασφήμους
1419 1795 1606 1866 φωνὰς

63 1899 173 1971 παρ’
201 1894 346 1950 ἐνίων
373 1891 645 1964 ἀκούομεν
665 1933 682 1959 ,
719 1891 846 1963 περὶ
878 1888 973 1943 τοῦ
999 1887 1319 1961 μονογενοῦς
1351 1888 1483 1942 Υίοῦ
1509 1885 1606 1941 τοῦ

2195 1684 2716 1742 INTERROGATIO
2753 1683 2818 1740 ll.

1783 1782 2012 1853 Quando
2042 1781 2209 1853 igitur
2248 1797 2317 1836 ex
2359 1780 2638 1835 nonnullis
2681 1792 2846 1834 voces
2880 1774 3146 1847 quasdam
3195 1773 3294 1828 ab-

1714 1877 2002 1932 horrentes
2054 1890 2083 1928 a
2123 1872 2334 1926 ratione
2376 1879 2430 1926 et
2471 1869 2837 1926 exsecrandas
2882 1867 3156 1931 audimus,
3201 1880 3297 1934 qttt

63 1957 176 2042 Θεοῦ
227 1987 315 2040 καὶ
366 1984 462 2038 τοῦ
495 1957 814 2056 Πνεῦματος
839 2018 855 2046 ,
910 1957 1210 2051 λεγόντων,
1247 1981 1466 2035 κτιστὸν
1508 1979 1609 2052 μὲν

1751 1974 1768 2018 ι
1789 1964 1856 2018 de
1878 1962 2109 2032 unigena
2133 1959 2227 2015 Dei
2249 1957 2388 2015 Filio
2409 1968 2463 2014 et
2479 1957 2544 2014 de
2571 1957 2778 2028 Spiritu
2804 1965 2998 2012 sancto
3020 1962 3296 2020 asserunt,

62 2079 178 2136 εἶναι
208 2080 294 2134 τὸν
322 2078 453 2132 Υἱὸν
483 2077 674 2148 καὶτῷ
700 2076 876 2148 Πατρὶ
903 2075 1156 2147 ἀνόμοιον
1182 2090 1195 2104 ⁶
1215 2071 1278 2128 τὸ
1305 2073 1361 2128 δὲ
1384 2071 1610 2146 Πνεῦμα

62 2173 110 2224 ὲν
136 2169 391 2241 ὑπηρέτου
427 2169 522 2222 καὶ
553 2166 851 2222 ἀποστόλου
885 2165 1036 2233 τάξει
1068 2165 1358 2236 τετάχθαι,
1400 2165 1496 2219 καὶ
1529 2165 1610 2218 ὅτι

63 2259 374 2330 ἁλογωτέρας
403 2257 502 2311 καὶ
532 2256 922 2328 ταπεινοτέρας
957 2256 1057 2319 τὰς
1090 2257 1216 2327 περὶ
1242 2254 1422 2308 αὐτῶν
1453 2254 1614 2320 δόξας

62 2352 508 2424 διαλαμϐανόντων
527 2365 538 2380 '
575 2348 835 2421 ἀξιοῦμέν
875 2365 969 2402 σου
999 2349 1098 2422 τὴν
1131 2347 1444 2418 φιλότεκνον
1474 2346 1614 2416 ἀγά-

63 2463 154 2516 πην
178 2444 238 2498 δι’
269 2443 532 2515 ὲπιτόμου
564 2441 793 2514 ῥηθῆναι
826 2444 960 2513 ἡμῖν
993 2440 1068 2505 ὡς
1100 2439 1214 2512 ἔχει
1243 2439 1316 2494 τά
1344 2440 1476 2512 περὶ
1514 2437 1614 2510 τῆς

64 2535 190 2602 Θείας
214 2537 300 2591 καὶ
322 2535 708 2608 προπυνητῆς
739 2533 990 2607 Τριάὸος.

641 2716 1003 2785 Ἀπόκρισις.

124 2807 284 2864 Πᾶσα
311 2807 492 2874 δόσις
535 2806 728 2878 ἀγαθὴ
749 2849 764 2870 ,
793 2807 894 2863 καὶ
941 2807 1066 2862 πᾶν
1112 2804 1354 2878 δώρημα
1386 2805 1622 2861 τέλειον

68 2901 268 2957 ἄνωθέν
304 2902 438 2956 ἐστι
460 2942 476 2968 ,
518 2901 878 2956 καταϐαῖνον
925 2901 1043 2956 ἀπὸ
1088 2900 1196 2955 τοῦ
1236 2899 1466 2970 Πατρός
1502 2899 1624 2953 τῶν

67 2992 280 3062 φώτων,
327 2992 502 3062 φησὶν
543 2992 572 3044 6
618 2989 759 3054 θεῖος
799 2991 1077 3056 Ἰάκωϐος.
1117 2990 1258 3047 Ἀλλ’
1290 2994 1436 3064 ἐρεῖς
1481 2989 1627 3044 εἰκό-

67 3100 194 3149 τως,
236 3083 408 3138 Ποίων
461 3084 568 3155 ἄρα
614 3081 842 3153 φώτωνς
875 3082 1097 3153 Κυρίως
1139 3082 1238 3155 μὲν
1271 3083 1366 3138 xal.
1396 3082 1629 3155 πρώτως

67 3176 291 3248 ἀληθινὸν
336 3175 461 3245 φῶς
509 3178 538 3230 ό
568 3174 760 3247 Πατὴρ
789 3214 805 3239 ,
858 3173 1041 3239 καθώς
1087 3193 1251 3247 φησιν
1317 3176 1568 3248 Ἰωάννης
1601 3178 1630 3230 6

67 3267 318 3337 Θεολόγος·
348 3266 466 3321 Kal
491 3266 644 3328 αὕτη
673 3265 846 3320 ἐστίν
885 3267 924 3336 ἡ
963 3266 1291 3336 ἐπαγγελία
1327 3264 1409 3334 ἦν
1445 3267 1632 3334 ἠκού-

67 3375 240 3428 σαμεν
260 3358 360 3414 ἀπ’
387 3357 604 3420 αὐτοῦ,
653 3355 894 3428 δηλονότι
923 3355 1017 3409 τοῦ
1039 3354 1195 3421 Υίοῦ,
1219 3356 1318 3410 καὶ
1339 3356 1632 3426 ἀναγγέλ-

67 3457 236 3522 λομεν
257 3452 434 3523 ὑμῖν,
475 3450 564 3505 ὅτι
601 3453 634 3506 ό
678 3449 822 3516 Θεὸς
851 3448 978 3519 φῶς
1031 3449 1238 3513 ἐστιν,
1273 3448 1372 3503 καὶ
1413 3449 1628 3502 σκοτία

67 3546 164 3597 οὐκ
201 3545 368 3599 ἔστιν
398 3543 477 3598 ἐν
513 3540 676 3606 αὐτῷ
713 3538 980 3609 οὐδεμία.
1016 3539 1134 3603 Φῶς
1172 3535 1230 3591 δὲ
1271 3539 1363 3592 καὶ
1408 3541 1436 3592 ὁ
1475 3539 1633 3603 Υἱὸς,

69 3635 230 3700 καθὼς
258 3640 286 3689 6
312 3635 480 3699 αὑτός
506 3650 670 3705 φησιν
690 3646 703 3662 ⁶
734 3627 845 3688 Ἦν
874 3631 984 3702 γὰρ
1012 3629 1078 3684 τὸ
1106 3628 1234 3699 φῶς
1257 3630 1322 3684 τό
1345 3628 1637 3698 ἀληθινὸν

71 3727 97 3780 ὃ
131 3728 349 3796 φωτίζει
402 3725 609 3780 πάντα
657 3723 973 3791 ἄνθρωπον
1016 3721 1348 3791 ἐρχόμενον
1397 3723 1486 3788 εὶς
1531 3720 1639 3775 τόν

71 3821 303 3888 κόσμον.
331 3819 482 3872 Αὐτὸ
532 3817 590 3870 δὲ
636 3813 698 3869 τὸ
726 3815 888 3870 ἇῦλον
926 3815 1022 3869 καὶ
1050 3813 1344 3886 ἁνύκτερον
1393 3812 1539 3882 φῶς,
1577 3813 1640 3865 τὸ

73 3913 235 3983 πάσης
265 3913 464 3984 νοερᾶς
490 3926 550 3963 τε
581 3910 677 3963 καὶ
713 3908 937 3978 λογικῆς
975 3906 1188 3976 φύσεως
1222 3905 1550 3975 φωτιστικὸν
1584 3905 1640 3957 ὲν

73 4003 406 4073 Εὑαγγελίοις
441 4002 638 4073 φησίνο
683 3998 824 4070 Ἐγώ
845 4002 960 4070 εἰμι
987 3998 1054 4052 τὸ
1084 3996 1210 4069 φῶς
1240 3996 1349 4052 τοῦ
1383 3999 1639 4066 κόσμου.

72 4096 176 4159 Φῶς
205 4097 246 4149 6‘
270 4096 544 4168 ὑπάρχειν
576 4093 671 4149 xal.
695 4093 755 4146 τὸ
778 4092 921 4146 θεῖον
949 4091 1176 4162 Πνεῦμά
1207 4107 1370 4162 φημι,
1405 4089 1644 4162 συνᾴδων

71 4188 139 4259 τῷ
175 4188 450 4261 θεσπεσίῳ
500 4186 702 4242 Δαϐίδ·
761 4186 860 4236 Ἐν
905 4183 983 4250 τῷ
1022 4184 1172 4253 φωτί
1214 4199 1331 4237 σου
1376 4183 1646 4252 ὀψόμεθα

71 4281 203 4350 φῶς.
260 4283 348 4335 Ἐν
379 4280 495 4351 γὰρ
522 4279 599 4350 τῷ
629 4277 748 4349 Θεῷ
778 4279 872 4332 καὶ
901 4277 1076 4349 Πατρὶ
1135 4276 1353 4348 ὁρῶμεν
1392 4273 1485 4329 τὸν
1520 4273 1649 4328 Υίὺν

72 4378 154 4429 καὶ
188 4376 352 4429 Θεόψ
391 4375 458 4428 ὲν
498 4373 554 4427 δὲ
592 4371 672 4443 τῷ
728 4369 838 4442 Υἱῷ
863 4411 878 4435 ,
911 4370 1002 4424 τὸν
1042 4369 1290 4442 Πατέραο
1338 4370 1397 4422 ἐν
1443 4369 1648 4439 ἀμφοῖν

72 4467 153 4528 δὲ.
187 4468 247 4520 τὸ
275 4465 509 4538 Πνεῦμα
532 4507 546 4527 ,
576 4461 759 4526 καθώς
792 4479 956 4534 φησιν
983 4464 1011 4515 ό
1042 4461 1169 4524 Υἱὸς
1196 4500 1210 4522 ,
1253 4460 1316 4513 '0
1348 4457 1551 4527 Πατὴρ
1577 4458 1648 4512 ἐν

70 4560 216 4628 ἐμοὶ,
244 4559 408 4629 κάγὼ
431 4559 505 4612 ἐν
537 4556 617 4622 τῷ
644 4557 828 4624 Πατρί
851 4571 865 4583 ’
912 4555 1008 4608 καὶ
1033 4595 1047 4616 ,
1101 4555 1154 4606 '0
1202 4553 1473 4622 ἑωρακὼς
1520 4551 1646 4622 ἐμὲ,

74 4653 280 4722 ἑάξρίικε
307 4653 420 4708 τὸν
459 4652 711 4718 Πατέρα.
755 4647 890 4719 Περὶ
931 4647 988 4700 δὲ
1018 4645 1112 4698 τοῦ
1149 4644 1462 4716 Πνεῦματός
1492 4659 1647 4714 φησι,

78 4748 138 4800 Τὸ
171 4745 416 4815 Πνεῦμα
455 4744 569 4812 τῆς
609 4741 928 4808 ἀληθείας.
968 4738 1035 4792 τὸ
1084 4739 1152 4791 ἐκ
1199 4736 1428 4806 Πατρός
1467 4735 1651 4789 ἐκπο-

67 4843 414 4908 ρευόμενον.
461 4838 549 4889 Ἑν
581 4834 720 4904 φωτὶ
739 4829 833 4886 οῦν
865 4830 940 4903 τῷ
974 4831 1150 4902 Πατρὶ
1174 4870 1188 4892 ,
1221 4829 1336 4898 φῶς
1364 4824 1455 4880 τὸν
1482 4823 1650 4881 αὑτοῦ

74 4932 233 4984 Παῖδα
262 4931 360 4984 καὶ
394 4930 572 4999 Λόγον
599 4927 814 5000 ὁρῶμεν
835 4941 848 4954 ·
876 4924 970 4977 καὶ
994 4925 1052 4976 ὲν
1086 4922 1225 4992 φωτὶ
1251 4921 1329 4992 τῷ
1358 4917 1472 4991 Υἱῷ
1492 4959 1506 4981 ,
1537 4918 1653 4988 φῶς

71 5021 128 5072 τὸ
171 5020 399 5094 Πνεῦμα
447 5017 686 5090 ὁρῶμεν.
729 5015 970 5078 Εἰκότως
1019 5009 1111 5067 οῦν
1143 5011 1369 5066 νοείσθω
1395 5053 1409 5077 ,
1437 5008 1562 5081 τρία
1596 5012 1653 5063 ἐν

73 5113 318 5184 ἀλλήλοις
362 5112 525 5182 φῶτα
545 5153 560 5178 ,
591 5107 1003 5170 ἀσυναλείπτως
1033 5107 1128 5160 καὶ
1158 5103 1478 5175 ἀχωρίστως
1517 5103 1658 5172 ἠνω-

48 5208 225 5276 .μὲνα.
273 5206 421 5260 Ἀλλ’
473 5207 502 5258 ὁ
535 5205 634 5274 μὲν
679 5201 771 5255 ἐπὶ
808 5200 1026 5254 πάντων
1061 5197 1193 5260 Θεὸς
1215 5235 1230 5262 ,
1270 5196 1363 5248 καὶ
1413 5193 1602 5263 Πατὴρ
1629 5193 1658 5247 ό

73 5300 475 5368 παντοκράτωρ
506 5294 567 5348 οὑ
601 5291 860 5363 γεννητὸς
883 5333 896 5355 ,
948 5289 1048 5342 οὑκ
1103 5285 1341 5347 αἱτιατὸς
1380 5283 1615 5353 ὑπάρχει
1641 5298 1653 5312 ·

73 5392 352 5462 γεννήτωρ
388 5389 450 5442 δὲ
505 5388 599 5442 καὶ
627 5387 797 5448 αῐτιος
833 5383 927 5436 τοῦ
977 5379 1107 5435 Υίοῦ
1141 5377 1336 5441 αὑτοῦ,
1380 5377 1455 5439 ὡς
1509 5373 1658 5445 πηγὴ

77 5482 358 5553 ποταμοῦ,
419 5481 498 5546 ὡς
543 5482 759 5544 ἀκτῖνος
799 5477 950 5549 ἥλιος
981 5516 994 5537 ,
1043 5475 1118 5540 ὡς
1165 5473 1360 5544 φλογὸς
1397 5472 1458 5524 τδ
1509 5467 1655 5540 πῦρ·

1717 2057 1869 2112 illum
1903 2053 2120 2124 quidem
2162 2059 2431 2117 creatum,
2463 2049 2720 2121 Patrique
2755 2048 3108 2105 dissimilem:
3151 2047 3300 2101 hunc

1717 2163 1846 2203 vero
1891 2144 2129 2200 ministri
2183 2144 2303 2198 loco
2355 2157 2420 2198 ac
2467 2142 2783 2197 conditione
2813 2155 2970 2205 esse,
3004 2139 3299 2194 nonnullas

1719 2240 1884 2295 etiam
1935 2239 2021 2293 bis
2065 2235 2421 2291 absurdiores
2471 2234 2905 2305 abjectioresque
2946 2233 3014 2288 de
3064 2239 3302 2304 utroque

1721 2328 2016 2385 commenti
2059 2327 2347 2400 opiniones
2374 2343 2388 2381 :
2421 2341 2514 2397 per
2542 2341 2662 2382 eam
2697 2335 2750 2381 te
2779 2325 3102 2381 charitatem
3152 2324 3304 2378 obsc-

1722 2437 1960 2486 eramus,
1997 2435 2104 2491 qua
2149 2435 2252 2475 nos
2294 2427 2352 2474 ut
2398 2420 2604 2474 liberos
2651 2429 2771 2474 tuos
2805 2416 3209 2488 complecteris,
3243 2421 3306 2468 ut

1721 2514 1854 2588 quid
1903 2516 1970 2570 de
2017 2513 2203 2570 divina
2235 2520 2291 2568 et
2330 2511 2608 2567 adoranda
2640 2507 2907 2566 Trinitate
2949 2510 3022 2567 sit
3060 2517 3315 2578 statuen-_

1724 2607 1878 2674 dum,
1911 2605 2152 2662 breviter
2183 2603 2345 2659 nobis
2375 2617 2641 2674 exponas.
2956 2600 2973 2620 '

2364 2695 2674 2766 Responsio.

1799 2790 1967 2848 Omne
2013 2791 2204 2845 bonum
2243 2788 2462 2856 donum,
2493 2803 2682 2841 munus
2727 2800 2877 2839 omne
2916 2781 3200 2853 perfectum
3243 2779 3308 2834 de

1728 2883 1967 2953 supernis
1999 2883 2190 2945 oritur,
2214 2890 2265 2936 et
2294 2899 2326 2936 a
2350 2880 2608 2934 luminum
2626 2875 2791 2931 Patre
2805 2875 3092 2939 descendit,
3116 2888 3310 2944 quem-

1729 2975 2022 3031 admodum
2075 2974 2294 3031 divinus
2342 2973 2424 3028 vir
2465 2970 2706 3026 Iacobus
2761 2969 2940 3040 inquit
2971 2968 3036 3021 ¹⁰.
3067 2969 3135 3022 At
3172 2980 3319 3038 quav

1731 3067 2036 3130 liumnam,
2097 3080 2207 3119 non
2266 3063 2538 3118 immerito
2591 3061 2947 3134 qttazsiveris,
3009 3057 3314 3114 luminum?
3416 3081 3419 3083 ·

1729 3158 1999 3214 Nimirum
2033 3166 2086 3214 et
2115 3157 2415 3228 proprium,
2449 3163 2502 3211 ct
2526 3156 2800 3226 princeps,
2828 3161 2882 3208 et
2908 3169 3094 3209 verum
3128 3153 3309 3206 lumen

1731 3259 1815 3306 est
1849 3250 1965 3321 ipse
1994 3249 2174 3314 Pater,
2200 3249 2342 3304 sicut
2363 3247 2602 3302 Joannes
2633 3245 2722 3301 ille
2744 3253 3106 3316 cognomento
3138 3242 3316 3297 Theo‘

1733 3345 1889 3414 logus
1912 3343 1997 3398 bis
2019 3341 2196 3398 verbis
2224 3340 2476 3411 scripsit:
2517 3338 2648 3392 ch
2680 3348 2758 3392 est
2805 3337 2903 3391 illa
2937 3335 3313 3397 annuntiatio,

1733 3453 1895 3506 quam
1914 3445 2114 3489 nosmet
2138 3449 2203 3490 ex
2225 3435 2362 3504 ipso,
2393 3431 2530 3486 Filio
2555 3430 2785 3493 scilicet,
2805 3429 3124 3494 audivimus,
3148 3426 3317 3481 Deum

1734 3545 1843 3582 esse
1872 3527 2067 3590 lumen,
2093 3535 2142 3579 et
2161 3525 2438 3594 caliginem
2464 3523 2516 3576 in
2535 3518 2866 3590 ipsonullam
2897 3518 3079 3572 esse“.
3114 3515 3320 3571 Deinde

1739 3619 1908 3674 Filius
1951 3633 2168 3689 quoque
2213 3617 2394 3670 lumen
2418 3624 2522 3676 est,
2557 3614 2700 3669 sicut
2730 3612 2870 3667 idem
2913 3611 3153 3666 Joannes
3197 3610 3314 3662 ait:

1741 3711 1873 3764 Erat
1902 3710 1946 3764 is
1983 3709 2158 3763 lumen
2191 3724 2389 3771 verum,
2427 3706 2564 3776 quod
2599 3707 2882 3760 venientem
2913 3705 2967 3757 in
2996 3704 3133 3755 hunc
3163 3718 3320 3755 mun-

1740 3801 1866 3855 dum
1889 3817 2092 3855 omnem
2116 3800 2376 3853 hominem
2400 3797 2668 3850 illuminat
2686 3795 2748 3848 ¹¹.
2770 3794 2911 3860 Quin
2939 3802 2992 3848 et
3014 3793 3190 3862 ipsunt
3219 3792 3322 3846 hoc

1745 3896 1812 3948 ab
1833 3893 1978 3947 omni
2005 3907 2191 3946 crassa
2222 3889 2445 3945 materie
2463 3888 2800 3957 caligineque
2821 3892 3088 3940 secretum
3116 3885 3320 3944 lumen,

1745 3985 1885 4054 quod
1944 4000 2160 4038 omnem
2216 3993 2466 4036 naturam
2520 3977 2871 4048 intelligentia
2929 3975 3212 4046 prteditam
3259 3988 3324 4027 ac

1747 4080 1975 4133 rationis
1998 4076 2312 4148 participem
2339 4075 2635 4138 illuminat,
2682 4074 2736 4126 in
2762 4070 3065 4140 Evangeliis
3116 4069 3321 4137 inquit:

1752 4170 1858 4240 ligo
1898 4186 2014 4224 sum
2053 4169 2235 4222 mundi
2274 4166 2522 4220 tamen".
2555 4163 2815 4218 Sanctum
2842 4163 3006 4217 etiam
3062 4160 3326 4231 Spiritum
3384 4155 3387 4158 ’

1754 4265 1936 4317 lmnen
1985 4276 2139 4324 esse,
2198 4259 2386 4313 divino
2437 4256 2621 4311 Davidi
2673 4255 2980 4311 assentiens
3044 4253 3132 4324 ajo
3179 4269 3194 4307 :
3259 4249 3330 4306 In

1751 4355 1966 4418 lumine,
1993 4353 2090 4417 ait,
2137 4365 2225 4406 tuo
2253 4353 2426 4405 lumen
2461 4349 2826 4404 videbimus”.
2875 4347 3008 4401 Nam
3041 4349 3094 4400 in
3133 4344 3240 4401 Deo
3266 4359 3331 4400 ac

1751 4447 1908 4500 Patre
1933 4444 2128 4499 Filium
2163 4452 2216 4500 et
2250 4444 2426 4514 ipsum
2448 4445 2636 4507 Deum,
2662 4455 2822 4509 atque
2851 4443 2904 4496 in
2927 4441 3062 4495 Filio
3088 4439 3330 4504 Patrem,

1752 4542 2012 4611 Spiritum
2070 4547 2252 4592 autem
2308 4536 2362 4590 in
2428 4546 2662 4604 utroque
2719 4536 3014 4596 cernimus,
3068 4529 3332 4602 quemad-

1754 4633 1969 4686 modum
1993 4630 2164 4685 Filius
2191 4630 2266 4683 ait
2291 4647 2303 4682 :
2341 4628 2501 4682 Pater
2526 4629 2575 4680 in
2597 4643 2675 4680 me
2697 4637 2793 4689 est,
2815 4637 2861 4680 et
2886 4643 2978 4696 ego
3003 4627 3055 4677 in
3080 4623 3242 4676 Patre
3263 4621 3329 4673 “.

1754 4726 1858 4790 Qui
1921 4725 2050 4779 vidit
2095 4739 2209 4786 me,
2247 4719 2461 4775 Patrem
2490 4719 2638 4773 vidit.
2695 4719 2768 4772 De
2834 4719 3038 4787 Spiritu
3079 4731 3209 4769 vero
3254 4713 3337 4767 in.

1753 4820 1871 4890 quit
1907 4837 1919 4873 :
1949 4817 2179 4886 Spiritus
2235 4815 2492 4878 veritatis,
2540 4814 2630 4881 qui
2681 4813 2743 4865 de
2792 4811 2952 4864 Patre
3002 4807 3331 4878 procedit".

1755 4913 1942 4981 Itaque
2003 4911 2056 4963 in
2105 4909 2324 4968 lumine,
2377 4905 2521 4975 quod
2573 4912 2656 4959 est
2694 4903 2870 4967 Pater,
2927 4903 3107 4954 lumen
3161 4898 3333 4961 aliud,

1757 5003 2012 5057 nimirum
2043 5001 2213 5070 ipsius
2249 4997 2484 5052 Verbum
2529 5012 2592 5050 ac
2623 4994 2818 5049 Filium
2852 4995 3154 5054 cernimus.
3181 5001 3234 5047 et
3278 4989 3334 5046 in

1759 5096 1962 5149 lumine
1995 5092 2140 5163 quod
2179 5101 2260 5146 est
2293 5089 2482 5154 Filius,
2521 5090 2700 5142 lmnen
2752 5088 3013 5157 Spiritum
3064 5085 3333 5140 videmus.

1759 5189 2122 5255 Quamobrem
2197 5187 2408 5239 ratione
2453 5189 2822 5238 consentanea
2881 5182 2983 5233 tria
3037 5181 3090 5234 in
3141 5179 3338 5249 seipsis

1761 5282 1966 5336 lumina
2022 5278 2415 5347 intelligantur,
2479 5275 2627 5330 omni
2681 5274 2800 5329 sine
2853 5283 2962 5326 tant
3018 5273 3342 5326 confusione

1761 5389 1922 5444 qualn
1967 5371 2309 5440 separatione
2339 5369 2512 5422 unita.
2572 5367 2734 5421 Extra
2778 5383 2938 5438 quam
2980 5365 3124 5436 quod
3161 5364 3342 5418 omni-

1764 5472 1957 5534 potens
1987 5462 2074 5515 ille
2119 5459 2260 5515 Deus
2296 5475 2358 5512 ac
2392 5458 2570 5522 Pater,
2605 5459 2695 5529 qui
2745 5474 2911 5529 supra
2947 5458 3202 5512 universa
3232 5465 3340 5522 est,

74 5551 384 5644 αἰτία-μὲν.
422 5573 488 5626 οὑ
525 5569 928 5644 προγενεστέρα
964 5568 1040 5622 δέ.
1095 5566 1325 5636 Ὁμοίως
1371 5562 1465 5617 καὶ
1488 5559 1555 5614 τὰ
1603 5561 1627 5612 ἐ

1766 5573 1871 5610 non
1901 5561 1984 5608 est
2012 5553 2245 5624 genitus,
2272 5567 2379 5606 non
2405 5561 2559 5606 ortus
2585 5554 2651 5606 ab
2678 5551 2804 5613 alio,
2839 5561 3095 5622 tanquam
3126 5563 3292 5604 causa
3323 5566 3340 5604 :

75 5665 254 5720 αὐτῶν
282 5665 442 5721 αἴτια
479 5663 597 5737 μὲν,
635 5663 696 5716 οὑ
742 5661 1178 5733 μεταγενέστερα
1215 5658 1305 5710 δέ·
1366 5653 1539 5718 οὕτως
1569 5652 1663 5706 καὶ

1772 5647 1984 5717 genitor
2019 5653 2197 5700 autem
2231 5652 2283 5698 et
2321 5660 2486 5699 causa
2515 5644 2687 5716 ipsius
2723 5643 2844 5700 Filii
2885 5644 3028 5700 sicut
3075 5642 3197 5698 fons
3246 5641 3345 5694 ﬂua

146 5797 187 5826 ‘°
222 5795 339 5849 Jac.
376 5812 416 5854 ι,
450 5795 536 5848 ΓΙ.
613 5796 654 5828 ⁸³
692 5796 706 5849 l
740 5793 892 5850 Joan.
931 5812 965 5861 ι,
995 5794 1046 5847 ὕ.
1130 5794 1170 5823 ¹²
1207 5789 1364 5844 .lo.tn.
1397 5805 1432 5850 ι,
1465 5786 1517 5840 9.
1600 5785 1640 5815 ”
1669 5781 1822 5837 Joan.
1852 5795 1970 5843 \‘lll,
2010 5778 2091 5832 l2.
2175 5777 2214 5806 "
2250 5775 2394 5831 l‘sal.
2427 5793 2587 5840 xxxv,
2628 5777 2688 5829 ll)
2791 5775 2831 5804 ¹⁵
2862 5771 3013 5828 Joan.
3051 5788 3160 5841 ur,
3186 5770 3338 5836 9,i0.

78 5865 118 5898 "
144 5864 308 5921 Joan.
345 5883 439 5932 xv,
475 5867 562 5919 “.16.
