3818 6582
437 396 452 404 ”
517 391 622 448 859

519 512 706 574 minis,
731 512 874 569 sicut
900 513 981 570 sol
1030 513 1191 579 radii,
1230 513 1375 570 sicut
1422 512 1565 584 ignis
1605 513 1857 570 ﬂammze.
1890 513 2098 570 llorum

520 617 653 672 ergo
678 604 820 658 sicut
850 611 982 660 sunt
1009 603 1099 658 illa
1125 603 1343 674 quidem
1379 619 1582 668 causae,
1623 619 1731 658 non
1770 611 1950 660 tamen
1987 605 2102 661 haec

521 702 646 748 ortu
675 694 991 764 praecedunt
1021 715 1032 749 :
1064 694 1144 751 sic
1175 693 1347 750 Filius
1383 701 1468 751 est
1511 693 1732 764 quidem
1776 695 1823 750 is
1854 710 1884 750 a
1918 694 2101 763 Patre,

525 794 786 856 tanquam
825 801 857 841 a
897 801 1065 842 causa
1098 794 1153 842 et
1189 785 1458 857 genitore,
1502 785 1572 840 ab
1616 793 1824 840 :eterno
1859 784 2107 839 ineﬂ'ahi-

526 877 649 932 liter
681 879 943 948 genitus:
985 893 1095 933 non
1137 886 1320 933 tamen
1379 887 1623 948 tempore
1665 878 1958 949 posterior,
1997 895 2107 935 non

528 967 758 1024 inferior
787 976 1080 1038 potestate,
1119 983 1231 1022 non
1279 967 1563 1037 inaequalis
1601 969 1906 1037 majestate.
1938 967 2110 1023 Nimi-

1552 394 1609 451 S.
1642 395 1943 452 CAESAR”
1979 395 2318 455 GREGORII
2354 393 2660 452 FRATRIS
3641 403 3716 461 350

2206 516 2234 568 6
2265 513 2426 578 Ti6;°
2456 511 2515 577 ἐξ
2545 511 2719 565 αίτίου
2753 509 2846 563 καὶ
2875 510 3196 580 γεννήτορος
3229 507 3327 562 τοῦ
3364 509 3559 583 Πατρὸς
3581 512 3716 582 ἀϊδίως

2207 606 2499 678 ἀφράστως
2534 602 2846 674 γεννηθεὶς,
2888 602 2949 656 οὑ
2990 601 3444 674 μεταγενέστερος
3487 603 3540 656 δὲ
3567 609 3716 678 χρόνῳ,

2207 699 2309 752 οὑκ
2339 697 2584 752 ἐλάσσων
2611 696 2860 767 δυνάμει,
2899 696 3000 748 οὐκ
3033 695 3282 766 ἀνόμοιος
3315 695 3440 768 δόξῃ
3462 712 3476 726 ·
3495 697 3571 751 ἀεὶ
3595 701 3641 752 tv
3662 702 3718 772 τῷ

2210 791 2424 863 Ila-cpt,
2473 789 2674 861 statéx
2715 786 2811 842 τοῦ
2848 788 3091 860 Πατρὸς,
3125 788 3219 842 καὶ
3249 788 3350 841 σὺν
3383 788 3458 859 τῷ
3488 790 3718 861 “aspidm,

2215 880 2631 946 ἀσυναλείπτως
2653 919 2671 948 ,
2707 879 3059 953 ἀχωρίστως,
3088 880 3476 953 ἁμεταϐλήτως
3511 880 3649 946 ξυνὼν
3666 883 3720 954 τῷ

2216 975 2523 1048 γεννήτορι.

529 1075 650 1116 rum
685 1078 900 1134 semper
930 1071 986 1118 et
1018 1063 1073 1117 in
1098 1061 1280 1128 Patre,
1310 1071 1364 1117 et
1407 1079 1473 1118 ex
1506 1061 1688 1128 Patre,
1724 1070 1778 1118 et
1807 1078 1932 1118 cum
1958 1063 2120 1123 Patre
2145 1070 2381 1136 exsistit,
2431 1071 2593 1142 eique
2612 1070 2730 1127 sine
2762 1067 3110 1135 confusione,
3133 1068 3252 1125 sine
3285 1068 3617 1140 separatione,
3639 1069 3724 1126 sine

532 1153 918 1210 immutatione
949 1153 1122 1210 adest.

1006 1265 1526 1324 INTERROGATIO
1566 1265 1652 1321 Ill.

606 1382 672 1437 Et
724 1384 817 1452 qui
859 1389 1038 1453 potest
1085 1383 1130 1437 is
1181 1383 1274 1453 qui
1318 1399 1383 1437 ex
1428 1382 1590 1439 Patre
1632 1383 1850 1454 genitus
1891 1393 2011 1450 est,
2062 1393 2120 1441 et

535 1475 688 1540 exiit,
721 1491 846 1530 cum
877 1474 1037 1530 Patre
1078 1484 1132 1530 et
1179 1477 1232 1529 in
1282 1473 1442 1530 Patre
1476 1476 1772 1531 exsistere?
1807 1473 1942 1530 Nam
1971 1477 2117 1545 quod

536 1567 706 1624 semel
733 1574 816 1620 est
843 1567 1112 1637 genitum,
1158 1576 1321 1636 atque
1366 1566 1436 1620 ab
1467 1582 1533 1622 eo
1567 1583 1677 1636 quo
1710 1567 2117 1634 continebatur,

535 1661 692 1724 exiit,
719 1675 828 1732 quo
852 1669 1012 1729 pacto
1047 1674 1266 1714 rursum
1291 1659 1395 1713 erit
1428 1658 1482 1712 in
1519 1659 1811 1730 gignente?

1178 1749 1490 1820 Responsio.

611 1843 878 1898 Nimirum
908 1842 1081 1898 Filius
1123 1858 1187 1898 ac
1238 1839 1476 1915 Spiritus
1511 1858 1620 1898 non
1655 1842 1938 1897 hominum
1969 1857 2124 1899 more

541 1951 638 2006 per
681 1935 973 1992 ﬂuxionem
1023 1935 1409 1999 scctionemve,
1459 1943 1554 1988 aut
1611 1935 2009 1991 dimensiouem
2054 1950 2122 1989 ex

539 2027 701 2083 Patre
731 2027 1066 2098 prodierunt,
1094 2027 1188 2083 sed
1216 2036 1272 2080 ut
1302 2043 1368 2082 ex
1393 2027 1539 2082 fonte
1566 2025 1810 2091 ﬂumina,
1843 2043 1974 2097 quae
1995 2026 2123 2096 qui-

541 2120 664 2174 dem
697 2137 763 2175 ex
791 2137 856 2174 eo
890 2129 943 2176 et
967 2120 1018 2173 in
1045 2134 1112 2174 eo
1141 2130 1196 2174 et
1235 2134 1359 2174 cum
1393 2135 1460 2174 eo
1502 2128 1668 2176 sunt:
1709 2130 1763 2174 ut
1793 2135 1856 2175 ex
1897 2119 2010 2175 sole
2037 2133 2126 2172 ra-

542 2211 617 2265 dii
649 2213 740 2281 qui
767 2212 820 2265 in
850 2228 935 2273 eo,
962 2218 1016 2266 ct
1039 2227 1165 2266 cum
1200 2227 1286 2274 eo,
1329 2219 1382 2266 et
1411 2228 1476 2268 ex
1511 2226 1576 2267 eo
1608 2220 1738 2267 sunt
1776 2232 1789 2267 :
1820 2221 1879 2267 ut
1907 2212 2125 2268 ﬂamma

543 2311 598 2358 et
628 2305 719 2357 lux
764 2305 831 2358 de
877 2304 1020 2374 igne,
1066 2319 1190 2358 cum
1252 2305 1396 2375 igne,
1449 2304 1503 2358 in
1552 2305 1676 2374 igne
1698 2305 1991 2363 exsistunt.
2029 2303 2126 2359 His

543 2396 689 2450 enim
729 2395 893 2450 rebus
927 2395 1180 2466 equidem
1217 2411 1354 2452 usus
1397 2396 1512 2450 haec
1560 2393 1855 2462 declaravi,
1893 2396 2128 2454 obscure

546 2504 678 2543 sane
709 2505 821 2544 rem
852 2488 1276 2558 explicantibus.
1311 2489 1405 2544 sed
1441 2489 1508 2544 ab
1537 2489 1774 2560 imagine
1795 2497 1977 2545 tamen
2017 2505 2127 2545 non

546 2597 778 2652 prorsus
802 2581 1251 2640 abhorrentibus.
1277 2577 1450 2634 Filius
1482 2595 1614 2650 ergo
1639 2581 1728 2650 qui
1761 2587 1846 2636 est
1869 2580 1924 2634 in
1945 2579 2128 2645 Patre,

545 2675 613 2730 de
645 2673 836 2729 eodem
876 2671 1099 2744 prodiit,
1123 2680 1325 2727 etcum
1357 2669 1517 2727 Patre
1554 2671 1791 2736 exsistit,
1821 2678 1876 2727 et
1903 2670 2131 2726 inﬁnitis

547 2766 766 2822 swculis
803 2765 928 2830 erit,
965 2763 1426 2835 quemadmodum
1471 2765 1587 2834 ipse
1631 2764 1807 2835 inquit
1847 2783 1861 2818 :
1915 2762 2027 2835 Ego
2074 2765 2132 2818 in

548 2859 712 2914 Patre
735 2874 876 2924 sum,
908 2867 956 2912 et
997 2857 1158 2911 Pater
1186 2867 1266 2912 est
1300 2859 1357 2911 in
1397 2873 1476 2912 me
1521 2857 1585 2913 ¹⁷.
1620 2856 1830 2924 Quibus
1867 2857 2052 2912 verbis
2078 2863 2133 2912 et

546 2954 794 3011 eamdem
820 2953 1110 3024 utriusque
1132 2961 1384 3007 naturam
1414 2952 1530 3008 sive
1553 2952 1876 3015 essentiam,
1905 2963 1960 3007 et
1982 2952 2133 3006 nulla

546 3063 610 3102 ex
649 3054 802 3118 parte
829 3045 1101 3101 diversam
1134 3046 1422 3116 utriusque
1465 3045 1823 3111 divinitatem,
1859 3052 1912 3098 et
1944 3060 2131 3116 parem

547 3141 783 3211 denique
800 3140 1118 3209 potestatem
1134 3155 1256 3195 esse
1278 3138 1568 3211 signiﬁcat.
1591 3137 1808 3194 Rursus
1853 3153 1976 3193 cum
2011 3138 2088 3190 ait
2116 3155 2129 3191 :

547 3229 660 3299 Ego
691 3233 753 3285 de
784 3228 945 3283 Patre
972 3246 1086 3283 sum
1108 3246 1371 3301 egressus,
1393 3239 1548 3300 atque
1577 3230 1631 3283 in
1661 3229 1912 3282 mundum
1938 3230 2050 3282 vesti
2068 3229 2130 3283 “':

547 3321 920 3377 diversitatem
953 3323 1457 3393 proprietatemque
1488 3336 1738 3391 persona:
1773 3321 2131 3375 demonstrat.

549 3411 719 3469 Porro
769 3415 988 3471 divinus
1037 3414 1534 3483 sanctissimusque
1586 3412 1825 3484 Spiritus
1873 3429 1981 3468 non
2047 3415 2135 3468 ille

551 3506 774 3574 quidem
827 3515 913 3561 est
958 3506 1197 3576 genitus,
1249 3504 1346 3561 sed
1381 3503 1642 3576 procedit,
1693 3513 1858 3576 atque
1900 3522 1966 3561 eo
2016 3505 2136 3576 ipso

552 3598 702 3669 quod
735 3598 803 3655 de
849 3597 1013 3654 Patre
1058 3599 1328 3669 procedit,
1375 3613 1406 3652 a
1455 3599 1614 3653 Patre
1655 3606 1914 3670 tanquam
1968 3615 2136 3656 causa

551 3690 752 3746 oritur.
818 3687 1052 3744 Davides
1113 3688 1356 3760 quidem,
1418 3697 1786 3744 sacrosancta:
1848 3689 2136 3746 Trinitatis

551 3794 861 3850 enarrator,
915 3782 1082 3838 Verbo
1131 3783 1366 3846 Domini,
1406 3783 1604 3852 inquit,
1660 3783 1987 3838 constabiliti
2012 3794 2133 3838 sunt

551 3879 692 3941 cwli,
715 3887 764 3932 et
791 3876 995 3946 Spiritu
1023 3882 1130 3930 oris
1155 3877 1318 3945 ipsius
1342 3877 1514 3930 omnis
1542 3875 1764 3931 caelestis
1785 3877 2048 3931 exercitus
2066 3877 2131 3932 ".

552 3972 767 4036 Quibus
791 3981 843 4026 et
882 3971 972 4024 illa
1013 3970 1293 4024 Zachariae
1331 3969 1493 4024 verha
1542 3978 1673 4025 sunt
1717 3979 2083 4026 consentanea
2119 3988 2130 4023 :

552 4064 805 4121 Robust
846 4064 951 4118 sint
998 4061 1316 4117 Zorobabeli
1355 4072 1404 4116 et
1448 4060 1692 4117 Iosedeci
1741 4063 2055 4128 sacerdotis,
2086 4073 2135 4116 et

555 4159 734 4229 populi
761 4174 988 4222 manus;
1017 4157 1267 4229 quoniam
1317 4171 1408 4225 ego
1459 4154 1722 4208 uobiscum
1751 4171 1889 4218 sum,
1919 4163 1966 4208 et
2013 4151 2137 4206 Ver-

556 4254 679 4305 bum
716 4267 908 4316 meum,
949 4259 998 4305 et
1041 4249 1274 4319 Spiritus
1320 4265 1487 4302 meus.
1545 4246 1677 4301 Hazc
1710 4246 1924 4301 Domini
1963 4248 2136 4300 omni-

555 4346 782 4415 potentis
810 4344 964 4399 rerba
988 4353 1110 4398 sunt
1139 4344 1207 4397 ὀ.
1243 4342 1404 4398 Pater
1443 4343 1611 4414 igitur
1646 4357 1752 4396 non
1783 4351 1867 4396 est
1894 4340 2133 4410 genitus,

558 4431 731 4490 Filius
771 4436 1010 4506 genitus,
1065 4431 1304 4503 Spiritus
1355 4431 1632 4502 procedit;
1688 4447 1809 4502 qua:
1860 4432 1963 4484 tria
2009 4441 2138 4486 sunt

559 4530 612 4585 in
665 4530 865 4601 seipsis
924 4527 1162 4594 lumina;
1199 4541 1309 4581 non
1352 4525 1788 4590 confunduntur,
1828 4526 2012 4579 lucent
2045 4540 2139 4579 co-

557 4621 679 4677 dem
716 4621 942 4684 lumine,
980 4620 1162 4675 lucent
1215 4626 1501 4686 aeternum,
1553 4618 1787 4674 indivise
1834 4634 1928 4688 per
1976 4617 2143 4689 hypo-

557 4726 736 4772 stases
784 4716 899 4772 sive
951 4730 1213 4786 personas
1254 4714 1689 4784 distinguuntur,
1739 4720 1792 4767 et
1846 4713 1964 4768 sine
2002 4728 2138 4766 eon-

557 4807 776 4862 fusione
849 4814 980 4862 sunt
1040 4821 1208 4859 unum
1291 4804 1529 4859 essentia
1600 4803 2026 4873 supern‘aturali,
2088 4811 2140 4857 et

557 4900 949 4971 conjunctione
1004 4898 1201 4953 mentis
1244 4897 1352 4951 vim
1406 4906 1721 4966 superante,
1773 4905 1828 4951 ct
1877 4897 2139 4950 distantia

560 4996 762 5050 nullam
790 4993 1190 5049 dimensioncm
1231 4991 1574 5046 admittente.
1615 4991 1793 5060 Atque
1831 4999 1942 5045 tres
1974 4992 2141 5061 hypo-

559 5098 734 5141 smses
764 5083 985 5140 deitatis
1021 5100 1182 5138 unam
1225 5083 1526 5138 essentiam
1571 5081 1624 5134 in
1655 5081 1880 5135 totidem
1919 5091 2144 5136 naturas

561 5193 669 5230 non
700 5175 952 5230 dividunt
981 5195 994 5230 :
1029 5179 1103 5229 ita
1133 5175 1317 5230 unitas
1347 5175 1599 5230 essentia:
1621 5172 1825 5229 fontem
1854 5173 2006 5227 illum
2031 5173 2147 5228 dei-

562 5269 691 5323 tatis
718 5268 893 5323 tribus
927 5269 1087 5324 ostiis
1124 5276 1389 5323 aeternum
1419 5267 1700 5328 ﬂuentem,
1737 5267 1791 5320 in
1833 5281 1996 5319 unam
2033 5265 2148 5321 sive

563 5375 852 5431 personam
885 5361 1001 5416 sive
1030 5359 1352 5432 hypostasin
1401 5375 1578 5429 neque
1620 5359 1940 5414 commiscet
1970 5374 2147 5428 neque

561 5451 860 5507 contrahit.
919 5450 1065 5522 Ergo
1127 5459 1182 5506 et
1247 5451 1410 5506 Pater
1467 5453 1650 5506 lumen
1707 5457 1812 5512 est,
1857 5459 1912 5504 et
1977 5449 2148 5504 Filius

562 5553 648 5600 est
683 5545 890 5610 lumen,
935 5555 988 5600 et
1039 5543 1278 5616 Spiritus
1321 5546 1510 5600 itidem
1560 5556 1831 5600 sanctus:
1878 5553 1932 5599 et
1978 5543 2148 5597 nihilo

565 5645 749 5690 tamen
781 5637 964 5693 minus
1008 5637 1061 5691 hi
1103 5645 1215 5692 tres
1246 5652 1414 5691 unum
1455 5636 1639 5691 lumen
1673 5636 1970 5698 exsistunt,
2001 5634 2146 5704 quod

565 5741 649 5784 est
684 5709 848 5798 supra
896 5746 1056 5785 Olmie
1107 5739 1341 5800 tempus,
1389 5737 1444 5783 et
1495 5737 1622 5783 ante
1680 5729 1898 5790 saecula,
1947 5738 1999 5782 ct
2052 5743 2145 5782 ex-

647 5893 689 5927 ”
725 5892 858 5948 Joan
920 5909 1008 5962 xv,
1051 5892 1134 5946 ιυ.
1215 5891 1256 5923 ’⁸
1284 5889 1441 5946 Joau.
1479 5891 1706 5958 “1,28.

2834 1269 3086 1325 ΠΕΥΣΙΣ
3117 1271 3192 1326 I".

2292 1387 2407 1440 Kal.
2454 1386 2572 1452 πῶς
2623 1388 2689 1441 ὲκ
2716 1387 2811 1440 τοῦ
2842 1389 3056 1460 Πατρὸς
3083 1386 3366 1460 γεννηθεὶς
3407 1391 3494 1444 καὶ
3535 1391 3725 1457 ἐξελθὼν,

2223 1480 2323 1534 σὺν
2361 1481 2441 1551 τῷ
2471 1481 2648 1551 Πατρὶ
2691 1481 2783 1534 καὶ
2825 1481 2884 1535 ὲν
2925 1479 3002 1551 τῷ
3049 1481 3223 1554 Πατρὶ
3263 1481 3479 1537 δύναται
3513 1480 3653 1552 sim;
3678 1489 3728 1539 Τὸ

2225 1567 2374 1633 ἅπαξ
2399 1567 2657 1641 γεννηθὲν
2681 1570 2777 1622 καὶ
2808 1569 3070 1641 προελθὸν
3094 1571 3186 1624 τοῦ
3219 1571 3429 1642 ἔχοντος
3444 1613 3458 1637 ,
3489 1574 3588 1638 πῶς
3612 1576 3729 1628 πάλιν

2223 1662 2284 1715 ὲν
2314 1661 2393 1733 τῷ
2415 1662 2734 1733 γεννήσαντι
2767 1662 2951 1730 ierat;

2835 1755 2892 1809 ’A
2902 1757 3140 1825 πόκρισι
3149 1777 3201 1823 ς.

2317 1846 2456 1901 Ἀλλ’
2489 1848 2588 1902 οὐκ
2620 1843 2714 1901 ἶσα
2761 1847 2969 1919 βροτοῖς
3014 1848 3158 1902 κατὰ
3211 1848 3398 1921 ῥεῦσιν
3446 1849 3476 1920 ἢ
3524 1848 3722 1922 τομὴν,ῆ

2224 1937 2511 1992 διάστασιν
2534 1981 2549 2006 ,
2608 1943 2637 1993 6
2676 1939 2803 2004 Υἱὸς
2856 1940 2949 1993 καὶ
2996 1940 3058 1992 τὸ
3085 1940 3316 2010 Πνεῦμα
3365 1943 3426 1996 ὲκ
3465 1940 3545 1994 τοῦ
3571 1943 3727 2012 Usipi»;

2227 2030 2500 2103 προῆλθον
2521 2071 2535 2093 ,
2570 2031 2684 2085 ἀλλ’
2718 2030 2794 2094 ὡς
2819 2031 2884 2083 ὲκ
2908 2031 3115 2102 κρήνης
3142 2032 3401 2102 ποταμοὶ,
3437 2033 3489 2099 ἐξ
3510 2033 3645 2103 αὐτῆς
3665 2034 3727 2087 καὶ

2228 2123 2286 2175 ὲν
2333 2122 2469 2194 αὑτῇ
2531 2123 2626 2176 καὶ
2661 2122 2758 2176 σῦν
2787 2123 2924 2194 αὐτῇ
2957 2123 3138 2188 ὄντεςο
3177 2125 3274 2179 καὶ
3312 2123 3386 2187 ὡς
3427 2126 3486 2176 ἐκ
3509 2124 3587 2176 τοῦ
3622 2125 3726 2194 ἡλίου

2226 2216 2283 2268 αἱ
2334 2214 2733 2287 μαρμαρυγαὶ,
2766 2216 2825 2268 ὲν
2853 2213 3002 2286 αὐτῷ
3045 2217 3141 2269 καὶ
3175 2217 3274 2270 σῦν
3304 2215 3447 2285 αὐτῷ
3482 2215 3562 2268 καὶ
3594 2215 3639 2281 ἐξ
3664 2216 3728 2268 αὖ·

2226 2305 2321 2359 τοῦ
2344 2324 2356 2336 ’
2387 2307 2483 2360 καὶ
2522 2307 2599 2370 ὡς
2627 2309 2659 2378 ὴ
2708 2305 2838 2378 φλὸξ
2863 2307 2958 2360 καὶ
2988 2307 3049 2360 τὸ
3084 2305 3203 2376 φῶς
3227 2347 3243 2372 ,
3271 2309 3336 2360 ὲκ
3377 2306 3464 2359 τοῦ
3505 2307 3728 2377 πυρὸςκιιὶ

2231 2399 2328 2450 σὺν
2363 2397 2511 2469 αὑτῷ
2545 2397 2641 2451 καὶ
2672 2396 2732 2465 ἐξ
2762 2395 2948 2451 αὐτοῦ.
2995 2396 3285 2468 Ἀμυδροῖς
3325 2396 3454 2468 μὲν,
3495 2395 3656 2448 ἐοικόσι
3675 2395 3726 2455 δὲ.

2229 2493 2296 2561 τῇ
2329 2491 2497 2544 εἰκόνι
2538 2491 2884 2562 χρησάμενος
2913 2489 3070 2562 ἔφην.
3106 2489 3304 2541 Τοίνυν
3345 2490 3400 2543 ὲν
3422 2487 3492 2559 τῷ
3521 2488 3656 2558 [lupi
3677 2487 3726 2538 ίυν

2231 2583 2456 2654 ἐξῆλθεν
2475 2622 2490 2646 ,
2524 2583 2617 2637 καὶ
2648 2583 2746 2636 σὺν
2781 2582 2858 2653 τῷ
2889 2583 3063 2653 Πατρὶ
3096 2582 3336 2653 ὑπάρχει
3357 2624 3371 2643 ,
3417 2581 3503 2634 καὶ
3530 2579 3649 2633 ἔσται
3676 2581 3727 2639 εἰς

2229 2675 2358 2741 τοὺς
2380 2675 2581 2738 αἰῶνας
2608 2691 2622 2704 ο
2667 2673 2850 2740 καθὼς
2877 2673 3038 2745 αὑτός
3063 2691 3232 2745 φησιν
3252 2692 3266 2707 ·
3315 2674 3457 2743 Ἐγὼ
3481 2673 3540 2727 ἐν
3567 2671 3628 2738 τῷ
3648 2675 3727 2726 Πα-

2231 2767 2323 2835 rp!
2343 2805 2358 2829 ,
2385 2767 2483 2820 καὶ
2523 2769 2555 2820 ὀ
2581 2764 2786 2835 Πατὴρ
2812 2766 2883 2818 ἐν
2930 2765 3063 2836 ἐμοι
3085 2780 3101 2796 ο
3142 2765 3205 2818 τὸ
3255 2765 3446 2819 ταὺτὸν
3477 2763 3562 2834 τῆς
3599 2763 3728 2820 οὐσίας

2233 2860 2326 2912 καὶ⁹
2349 2858 2410 2913 τὸ
2443 2859 2860 2932 ἀπαράλλακτον
2892 2861 2992 2928 τῆς
3020 2857 3276 2928 θεότητος
3306 2858 3398 2910 καὶ
3444 2854 3659 2915 ίσοσθενὲς
3687 2854 3726 2902 ἐκ

2232 2951 2438 3005 τούτων
2474 2950 2670 3022 δηλῶν.
2711 2949 2821 3003 Καὶ
2873 2949 3068 3003 πάλιν·
3136 2950 3290 3019 Ἐγὼ
3341 2950 3408 3002 ἐκ
3449 2948 3539 3003 τοῦ
3567 2944 3728 3013 Πατρός

2233 3042 2500 3112 ἐξῆλθον
2531 3043 2628 3096 καὶ
2649 3040 2922 3108 ἐλήλυθα
2949 3044 3036 3110 είς
3054 3042 3164 3096 τὸν
3193 3043 3424 3113 κόσμον
3441 3057 3453 3071 °
3481 3039 3536 3094 τὸ
3559 3039 3727 3108 ἑτεροῖον

2235 3139 2331 3191 καὶ
2371 3137 2570 3202 ἰδιάζον
2595 3137 2690 3189 τοῦ
2724 3136 3018 3210 προσώπου
3047 3135 3352 3207 παριστῶν.
3377 3135 3446 3187 Τὸ
3463 3134 3512 3186 δὲ
3539 3132 3646 3184 θεῖον
3667 3129 3724 3182 καὶ

2237 3227 2501 3296 πανάγιον
2527 3226 2752 3299 Πνεῦμα
2770 3268 2784 3292 ,
2824 3229 2885 3281 οὐ
2912 3226 3173 3297 γεννητὸν
3211 3227 3312 3297 μὲν
3334 3269 3349 3293 ,
3380 3222 3654 3296 ἐκπορευτδν
3673 3222 3722 3280 ii.

2235 3320 2330 3372 καὶ
2361 3319 2603 3372 αὶτιατὸν
2646 3318 2705 3386 ἐξ
2753 3318 2927 3372 αἰτίου
2961 3317 3056 3372 τοῦ
3097 3319 3314 3390 Πατρὸς
3367 3316 3723 3388 ἐκπορευόμενον.

2249 3410 2410 3464 Ἀλλὰ
2448 3411 2541 3464 καὶ
2589 3411 2789 3476 Δαδὶδ,
2831 3413 2859 3466 6
2911 3411 3011 3483 τῆς
3060 3409 3213 3474 θείας
3249 3409 3467 3480 Τριάδος
3513 3406 3724 3477 ἐξηγητής.

2242 3501 2325 3570 Τῷ
2353 3505 2523 3573 Λόγῳ
2554 3504 2778 3572 Κῳίου
2799 3545 2813 3569 ,
2849 3504 3014 3574 φησὶν
3039 3542 3054 3566 ,
3087 3504 3142 3556 οἱ
3184 3500 3426 3571 οίφανοὶ
3454 3495 3724 3566 ἐστερεώθη·

2235 3613 2379 3660 σαν,
2410 3597 2508 3650 καὶ
2537 3595 2616 3662 τῷ
2645 3596 2944 3665 Πνεύματι
2971 3595 3079 3650 τοῦ
3105 3597 3406 3665 στόματος
3437 3590 3593 3646 αὐτοῦ
3613 3586 3727 3643 πᾶσα

2240 3690 2274 3758 ἡ
2323 3689 2578 3760 δύναμις
2602 3688 2822 3744 αὐτῶν.
2851 3689 3124 3760 Ζαχαρίας
3151 3689 3208 3743 δὲ
3236 3688 3444 3750 τούτοις
3475 3681 3726 3755 συμφωνῶν·

2250 3783 2648 3853 Ἰσχυέτωσαν
2671 3825 2687 3850 ,
2726 3783 2891 3852 φησὶν
2913 3821 2928 3846 ,
2962 3785 3022 3836 αἱ
3061 3781 3264 3852 χεῷες
3304 3777 3627 3849 Ζοροϐάϐελ,
3665 3772 3727 3825 καὶ

2235 3872 2296 3924 αἱ
2321 3868 2518 3938 χεῖρες
2559 3869 2830 3924 Ἰωσεδὲκ
2859 3869 2965 3924 τοῦ
2995 3869 3194 3938 ἱερέως
3213 3909 3227 3932 ,
3266 3871 3363 3923 καὶ
3399 3871 3452 3922 at
3473 3867 3627 3937 zsipcc
3660 3860 3727 3914 τίιῦ

2235 3958 2391 4013 λαοῦ
2414 3975 2429 3992 ·
2459 3957 2606 4012 διότι
2630 3958 2745 4029 ἐγὼ
2763 3960 2891 4029 μεθ’
2920 3958 3088 4030 ὑμῶν
3114 3963 3257 4029 εἰμι,
3291 3959 3384 4014 καὶ
3407 3961 3437 4012 ὁ
3467 3958 3620 4024 Λόγος
3632 3970 3725 4021 μοτ.

2238 4049 2336 4103 καὶ
2364 4049 2428 4104 τὸ
2455 4049 2696 4120 Πνεῦμά
2722 4068 2870 4120 μου,
2909 4052 3073 4122 λέγει
3119 4053 3336 4121 Κύριος
3379 4046 3722 4115 παντοκράτωρ.

2252 4143 2571 4214 Ἀγέννητος
2601 4140 2694 4199 οὖν
2725 4147 2752 4198 6
2781 4144 2971 4216 Πατὴρ
2993 4186 3008 4210 ,
3033 4145 3294 4217 γεννητὸς
3325 4144 3483 4206 ὁΥἱὸς
3500 4183 3514 4206 ,
3541 4145 3725 4208 ἐκπορευ-

2237 4235 2328 4291 τὸν
2355 4236 2417 4288 τὸ
2454 4235 2683 4308 Πνεῦμα
2707 4276 2722 4301 ,
2753 4239 2812 4290 ὲν
2841 4236 3092 4310 ἀλλήλοις
3152 4237 3340 4308 φῶτα·
3379 4239 3501 4308 μήτε
3549 4231 3724 4286 συναλει-

2239 4327 2465 4400 φόμενοι
2489 4369 2505 4394 ,
2527 4328 2800 4400 ὁμόφωτοι
2829 4370 2844 4394 ,
2893 4330 3151 4399 ἀείφωτοι
3173 4373 3188 4399 ,
3222 4329 3523 4402 ἀδιαιρέτως
3564 4322 3724 4396 χωριζά·

2243 4439 2395 4492 μενοι
2423 4424 2544 4486 ταῖς
2573 4422 2935 4476 ὑποστάσεσιν
2966 4423 3060 4494 ἦτε
3115 4423 3426 4495 προσώποις
3447 4458 3463 4488 ,
3506 4420 3584 4472 καὶ
3617 4418 3725 4468 dm-

2241 4514 2514 4580 αλείπτως
2546 4515 2823 4587 ἐνούμενοι
2851 4519 2917 4588 τῇ
2956 4517 3267 4590 ὑπερουσίῳ
3297 4517 3472 4585 οὐσίᾳ,
3521 4512 3595 4564 καὶ
3632 4507 3724 4570 ὑπὲρ

2241 4606 2367 4662 νοῦν
2429 4608 2692 4680 συναφείᾳ
2727 4650 2743 4675 ,
2809 4610 2904 4663 καὶ
2965 4608 3244 4663 διαστάσει
3300 4605 3610 4665 ἀδιαστὰτως.
3655 4595 3722 4649 Καὶ

2241 4699 2366 4754 οὑτε
2416 4701 2473 4754 αἱ
2521 4704 2669 4774 τρεῖς
2703 4702 3032 4764 ὑποστάσεις
3084 4704 3163 4766 είς
3204 4703 3460 4764 τοσαύτας
3487 4697 3636 4765 φύσεις
3656 4687 3719 4740 τέ’

2246 4811 2435 4866 μνουσι
2467 4793 2567 4864 τὴν
2603 4795 2730 4866 μίαν
2777 4794 2878 4865 τῆς
2932 4793 3186 4866 θεότητος
3227 4795 3440 4855 οὐσίαν,
3477 4789 3577 4843 οὔτε
3613 4781 3718 4854 ἠμίε

2242 4886 2400 4940 οὐσία
2435 4889 2515 4951 είς
2559 4887 2618 4940 ἓν
2666 4887 2958 4959 πρόσωπον
3010 4887 3102 4940 καὶ⁵
3157 4887 3286 4958 μίαν
3352 4885 3602 4938 ὑπόστασιν
3643 4891 3721 4926 σιν·

2245 4982 2468 5051 ελείφοη
2486 5022 2499 5044 ,
2530 4982 2623 5035 καὶ
2654 4983 2992 5053 συναιρεῖται
3020 4981 3120 5051 τὴν
3138 4980 3417 5052 τρίστομον
3451 4975 3529 5030 καὶ
3550 4965 3720 5042 τρισσέν·

2250 5092 2378 5127 ναον
2409 5075 2616 5145 κρήνην
2635 5073 2733 5144 τῆς
2763 5072 3033 5143 θεότητος.
3066 5072 3187 5136 Φῶς
3213 5072 3385 5125 τοίνυν
3410 5071 3434 5122 ὁ
3461 5065 3631 5133 nostri

2252 5167 2280 5218 6
2325 5144 2639 5232 “ng6;
2682 5163 2744 5216 τὸ
2798 5162 2941 5216 Θείον
2985 5161 3248 5234 Πνεῦμα·
3290 5160 3398 5215 ἀλλ’
3443 5160 3484 5213 οἱ
3524 5155 3636 5224 τρεῖς
3651 5144 3717 5208 .5"

2253 5256 2595 5327 ὑπάρχουσιν
2647 5255 2798 5326 φῶς,
2847 5256 2987 5326 ὑπὲρ
3033 5255 3222 5327 χρόνον
3265 5249 3580 5326 πρωιὼνιον,
3613 5241 3719 5304 5V4?

2252 5373 2368 5426 χον,
2409 5355 2816 5426 τριπρόσωπον,
2847 5354 3294 5422 τρισυπόστατον,
3324 5331 3717 5426 τριδέσποτονβρῖ·

2253 5452 2483 5521 θρονον,
2544 5425 2888 5520 τριλαμπὲς,
2944 5447 3238 5518 τριαυγὲς,
3295 5438 3585 5513 ἰσολαμπὲς,

2251 5519 2472 5595 λοίωτον
2494 5581 2510 5606 ,
2563 5519 2836 5612 ἆμείωτον
2860 5580 2875 5605 ,
2923 5539 3218 5611 ἁνύκτερον
3252 5579 3269 5606 ,
3306 5535 3590 5607 ἀχείρωτον,
3624 5519 3716 5572 tm"

2254 5634 2417 5707 δητον
2456 5672 2471 5698 ν
2515 5631 2612 5704 μία
2660 5632 2820 5686 οὐσία
2847 5673 2862 5695 .
2913 5633 3009 5704 μία
3068 5631 3348 5685 συσοένεια
3377 5669 3390 5694 ,
3437 5625 3520 5698 μία
3552 5614 3715 5707 shift“.

2256 5705 2353 5797 μία
2418 5724 2708 5798 βασιλεία,
2771 5725 2867 5798 μία
2930 5725 3122 5797 θεότης
3153 5767 3166 5794 ,
3224 5724 3279 5778 ἓν
3337 5719 3558 5791 θέλημα.
3595 5705 3716 5760 δρᾶμα

1793 5893 1830 5922 "
1855 5889 2001 5946 Psal.
2035 5905 2202 5956 xuii,
2234 5888 2288 5944 6.
2365 5887 2407 5920 ¹⁰
2439 5885 2604 5942 Zach.
2644 5904 2716 5957 tv,
2742 5888 2796 5952 6,
2825 5888 2877 5942 9.
