3814 6560
45 411 141 469 θ’ἶί

42 523 137 577 καὶ
199 519 521 592 πρόσταγμα
551 535 567 552 ·
649 520 799 573 πᾶσα
862 520 1049 591 ἑνότης
1125 521 1222 576 καὶ
1291 521 1473 593 ἰσότης
1531 522 1625 575 καὶ

41 612 304 681 ταὺτότης
331 610 389 663 ὲν
417 609 607 681 Τριάδι
624 649 639 673 ,
670 609 812 681 πλὴν
837 610 1168 681 ἀγεννησίας
1190 611 1283 665 καὶ
1312 613 1623 683 γεννήσεως

43 706 133 759 καὶ
154 703 551 775 ἑκπορεύσεως,
574 703 811 777 ἑκάστης
828 705 1177 769 ὑποστάσεως
1203 705 1511 772 ἰδιαζόντως
1532 706 1624 761 οὑ-

44 816 142 868 σης
172 797 266 850 καὶ
296 797 581 867 ἐσομένης,
626 797 727 850 οὑκ
763 794 1098 870 ἀρξαμένης,
1147 798 1209 851 οὑ
1238 800 1620 872 παυσαμένης,

40 889 151 941 ἀλλ’
168 888 255 941 ἀεὶ
276 888 537 951 ὡσαύτως
558 888 790 959 ἐχούσης
812 889 905 942 καὶ
927 888 1310 961 άμεταὸλήτου
1328 890 1617 962 μενούσης.

52 980 163 1032 Ἀεὶ
191 980 298 1052 γάρ
336 980 582 1051 ὑπῆρχεν
610 980 640 1032 6
664 978 797 1043 Θεὸς
824 979 917 1033 καὶ
947 981 1167 1051 Πατήρ·
1209 981 1297 1035 ἀεὶ
1325 980 1402 1035 ὢν
1430 982 1621 1053 Πατὴρ

39 1072 235 1135 Παιδὸς
276 1071 618 1143 μονογενοῦς,
657 1071 827 1142 αὐδῆς
859 1071 1247 1139 ὲνυποστάτου,
1274 1073 1451 1128 πάντα
1478 1073 1619 1145 δρώ..

41 1183 157 1235 σης,
198 1166 284 1218 άεὶ
326 1165 575 1231 ξυνόντος
630 1166 813 1229 αὐτοῖς
843 1165 938 1218 τοῦ
970 1164 1113 1218 θείου
1155 1165 1491 1237 Πνεύματος,
1524 1166 1620 1221 καὶ

40 1257 627 1328 σσμπροσκυνουμένου
663 1256 815 1330 παρὰ
847 1258 1028 1329 πάσης
1067 1259 1260 1329 νοερᾶς
1302 1276 1361 1312 τε
1407 1260 1502 1313 καὶ
1530 1259 1619 1313 λο-

37 1353 197 1421 γικῆς
228 1350 461 1419 φύσεως.
515 1352 591 1405 Οὑ
630 1353 893 1424 πρόγονός
920 1370 1003 1417 τις
1035 1352 1094 1419 ἐξ
1137 1352 1318 1407 αὐτῶν
1354 1354 1463 1407 οὐδ’
1492 1354 1617 1409 ἐπί-

37 1460 211 1511 γονος,
251 1443 353 1496 οὑκ
386 1442 584 1508 αὔξων,
628 1445 687 1499 οὑ
717 1444 901 1515 λήγων
933 1445 1073 1499 κατὰ
1099 1445 1161 1499 τὸ
1192 1446 1451 1518 αἰσθητὸν
1478 1446 1614 1514 φῶς,

37 1535 68 1605 ἢ
97 1533 193 1597 τὰς
216 1534 619 1608 ὑπερκοσμίους
656 1536 909 1606 δυνάμεις
929 1551 945 1567 ⁸
986 1537 1043 1589 αἱ
1076 1536 1268 1590 ταύτὸν
1304 1537 1400 1608 μὲν
1424 1540 1491 1609 τῇ
1520 1538 1617 1591 οὑ-

40 1627 125 1699 σία
162 1629 336 1681 πᾶσαι
381 1628 722 1698 ὑπάρχουσαι
756 1628 976 1699 (ὁμοίιος
1022 1630 1116 1684 καὶ
1155 1630 1210 1683 αἰ
1237 1630 1452 1698 λογικαὶ
1491 1631 1617 1702 βρο-

38 1723 139 1774 τῶν
162 1720 358 1791 ψυχαὶ,
404 1721 601 1774 ταὺτὸν
642 1720 983 1791 ὑπάρχουσαι
1015 1724 1082 1793 τῇ
1114 1722 1272 1794 οὑσίᾳ
1302 1723 1518 1795 πᾶσαι),
1557 1724 1614 1776 αἰ

41 1811 135 1882 μὲν
165 1811 496 1880 τυγχάνουσι
519 1809 690 1876 τάξει,
726 1812 783 1864 αἰ
815 1810 871 1864 δὲ
905 1811 1113 1876 στάσει,
1143 1811 1327 1882 ἕτεραι
1352 1813 1409 1867 δὲ
1437 1830 1617 1884 παρα-

39 1903 219 1956 στάσει
278 1905 373 1956 καὶ
419 1901 731 1974 λειτουργίᾳ
755 1942 771 1968 ,
822 1902 1103 1968 ἐπιϐολαῖς
1145 1904 1243 1957 καὶ
1292 1905 1617 1975 μεταδολαῖς

39 1998 125 2050 καὶ
150 1999 540 2068 μετατροπαῖς,
576 1994 913 2067 αὐθαιρέτως
938 1997 1075 2069 πρὸς
1094 1997 1155 2050 τὸ
1173 2000 1352 2068 χεῖρον
1379 1998 1412 2069 ἢ
1443 2001 1620 2070 κρεῖτ-

36 2106 123 2141 τον
168 2088 456 2160 ρέπουσαι,
494 2089 596 2143 οὑκ
636 2087 854 2161 ἀνάγκῃ
895 2087 952 2141 δὲ
996 2091 1201 2160 φυσικῇ
1251 2089 1617 2144 ἐκπίπτουσαι

39 2181 171 2233 κατὰ
208 2180 275 2233 τὸ
324 2180 506 2251 μεῖζον
542 2182 635 2235 καὶ
667 2176 863 2254 ἥττον’
900 2182 958 2234 ὲν
997 2180 1207 2245 τούτοις
1255 2181 1317 2235 τὸ
1359 2182 1617 2255 διάφορον

40 2270 249 2339 ἔχουσαι
285 2270 385 2341 τῆς
446 2270 741 2343 ὑπεροχῆς.
804 2270 923 2337 Φῶς
961 2270 1017 2324 δὲ
1062 2272 1153 2325 καὶ
1176 2274 1203 2326 6
1229 2272 1419 2344 βροτὸς
1451 2291 1619 2345 προσ-

40 2362 351 2432 αγορεύεται
371 2403 386 2428 ,
436 2365 549 2434 φῶς
577 2365 668 2418 καὶ
692 2365 720 2416 6
743 2364 894 2435 ἥλιος
918 2365 1012 2419 καὶ
1040 2366 1073 2437 ή
1105 2364 1301 2438 σελήνη
1338 2366 1611 2421 καλεῖται·

42 2456 148 2523 φῶς
192 2458 294 2509 καὶ
331 2458 365 2528 η
408 2456 626 2529 ποικίλη
677 2457 788 2511 τῶν
813 2458 1031 2529 άστρων
1067 2459 1258 2532 χορεία
1291 2460 1617 2532 κατωνόμα-

42 2563 174 2600 σται.
222 2545 389 2599 Ἀλλὰ
406 2546 515 2601 τῶν
536 2548 841 2620 εἰρημένων
864 2549 1131 2603 πλείστων
1153 2549 1353 2603 ὑλικῶν
1384 2550 1475 2603 καὶ
1502 2549 1618 2603 δια-

44 2638 209 2709 φόρων
241 2638 464 2707 φώτων,
508 2641 834 2713 πολυμερῶς
876 2645 972 2698 κα)⁸
997 2642 1353 2712 πολυτρόπως
1386 2642 1615 2714 ποιητὴς

42 2732 127 2783 καί
150 2731 487 2803 δημιουργὸς
524 2734 759 2805 ὑπάρχει
791 2735 854 2788 τὸ
887 2734 1139 2806 ἀληθινὸν
1167 2736 1259 2788 καὶ
1286 2734 1449 2790 ἇῦλον
1478 2733 1613 2803 φῶς,

41 2825 68 2877 6
109 2825 196 2878 ἐπὶ
239 2825 466 2879 πάντων
502 2825 634 2890 Θεὸς
678 2827 771 2880 καὶ
814 2827 1026 2899 Πατὴρ,
1075 2828 1177 2881 σὺν
1216 2825 1293 2897 τῷ
1338 2827 1617 2898 μονογενεί

44 2916 193 2971 αὑτοῦ
220 2918 383 2971 Παιδί
405 2918 497 2972 καὶ
522 2918 652 2990 θείῳ
674 2918 948 2989 Πνεύματι
963 2936 977 2949 ο
1006 2919 1035 2971 6
1056 2917 1367 2989 ἀσώματος,
1398 2919 1426 2972 6
1446 2917 1614 2988 ἀόρα-

43 3028 141 3074 τος,
179 3012 206 3063 6
232 3008 563 3082 ὑπερούσιος
588 3010 683 3064 καὶ
704 3009 1147 3081 ὑπεράγνωστος,
1178 3011 1208 3063 6
1231 3006 1325 3062 τοῦ
1360 3007 1457 3080 μὲν
1480 3006 1611 3062 Υίοῦ

42 3103 333 3174 γεννήτωρ,
370 3102 463 3156 τοῦ
493 3102 550 3156 δὲ
573 3102 889 3173 Πνεύματος
919 3102 1237 3175 προϐολεὺς,
1279 3101 1421 3156 κατὰ
1452 3100 1614 3171 φύσιν

44 3194 270 3262 ἀφάτως,
301 3194 568 3265 ἀχρόνως,
598 3192 705 3264 πρὸ
729 3192 836 3246 τῶν
861 3192 1073 3247 αἰώνων
1089 3211 1103 3227 ·
1134 3194 1195 3247 οὑ
1217 3193 1327 3265 γὰρ
1350 3192 1613 3265 πρόγονον

42 3287 71 3355 ἢ
112 3286 384 3355 ὲπίγονον,
420 3287 481 3340 οὑ
528 3288 883 3359 προϋπάρχον
924 3288 958 3358 ἢ
1001 3286 1325 3341 ἐπείσακτον
1366 3304 1419 3339 τι
1465 3286 1524 3339 ὲν
1546 3288 1611 3358 τῇ

44 3378 150 3449 θείᾳ
174 3377 391 3449 Τριάδι.
426 3377 486 3430 οὐ
534 3376 879 3450 πρωιώνιον,
920 3378 981 3431 οὑ
1016 3376 1292 3447 τήμερον,
1338 3377 1437 3431 οὑκ
1479 3376 1615 3430 ἐπέ-

44 3487 218 3524 κεινα.
259 3470 407 3539 Τρία
447 3471 555 3541 γὰρ
592 3470 827 3540 ὑπάρχει
868 3470 975 3533 ἀεὶ,
1021 3470 1149 3542 τρία
1190 3468 1439 3537 συνάγια,
1486 3468 1614 3539 τρία

46 3561 365 3633 ξυνάναρχα,
407 3562 533 3633 τρία
571 3560 885 3633 ἕμπρακτα,
930 3560 1059 3632 τρία
1089 3561 1442 3632 σύμπρακτα,
1486 3559 1613 3631 τρία

45 3656 309 3726 ἓμμορφα,
328 3655 458 3727 τρία
480 3653 799 3725 σύμμορφα,
815 3654 941 3725 τρία
963 3654 1180 3726 ἐνεργὰ,
1202 3654 1327 3725 τρία
1354 3654 1610 3725 συνεργὰ,

42 3744 155 3814 τρία
186 3743 553 3807 ἒνυπόστατα,
592 3743 719 3815 τρία
761 3744 1160 3809 συνυπόστατα,
1184 3745 1245 3797 οὑ
1279 3743 1611 3816 μεταϐαλλό-

48 3855 171 3908 μενα
215 3839 313 3893 καὶ
354 3837 795 3910 μεταχωροῦντα,
842 3839 875 3909 ἢ
923 3838 1229 3910 μιγνύμενα
1266 3840 1345 3901 εἰς
1386 3838 1607 3909 ἄλληλα.

56 3934 155 3986 Ἀεὶ
184 3933 292 4005 γάρ
321 3935 350 3987 6
379 3934 589 4004 Πατὴρ,
624 3934 717 3988 καὶ
747 3933 905 4005 μόνον
929 3934 1140 4005 Πατὴρ,
1168 3934 1287 4003 οὐχὶ
1321 3935 1413 3987 καὶ
1444 3934 1571 3997 Υἱός
1593 3949 1610 3965 '

44 4026 119 4079 ἀεὶ
143 4026 263 4090 Υἱὸς
285 4029 315 4080 6
339 4025 486 4091 Υἱὸς,
514 4027 607 4080 καὶ
634 4027 795 4096 μόνον
811 4026 937 4089 Υἱός
957 4043 969 4055 ·
998 4027 1116 4096 οὑχὶ
1138 4026 1193 4078 δὲ
1225 4027 1317 4079 καὶ
1347 4028 1374 4078 6
1396 4028 1608 4097 Πατήρ.

56 4117 269 4189 ὐμοίως
299 4118 360 4173 δὲ
401 4118 579 4172 καὶτὸ
609 4118 751 4172 θεῖον
782 4118 1025 4189 Πνεῦμα,
1066 4116 1189 4170 οὔτε
1219 4119 1409 4190 Πατήρ
1440 4121 1609 4182 ἐστιν,

44 4209 155 4263 οὑτε
183 4211 346 4274 Υἱόςε
399 4210 513 4264 ἀλλ’
564 4210 890 4281 ὲκπορευτὸν
936 4209 1328 4273 ἁναλλοιώτως.
1391 4211 1613 4280 ’Λμετα-

45 4306 239 4377 mm;
274 4306 490 4377 ἔχουσιν
532 4305 619 4358 ἀεὶ
651 4305 711 4362 τὸ
745 4303 916 4367 ἑστὼς
962 4305 1058 4358 καὶ
1086 4303 1285 4367 ἰδιάζον
1331 4304 1423 4357 καὶ
1453 4305 1614 4375 ὑπερ⁶

44 4399 247 4461 τέλειον,
276 4398 420 4451 κατὰ
452 4396 547 4470 τὴν
572 4396 778 4450 οἰκείαν
808 4396 1037 4459 ἕκαστος
1070 4396 1384 4450 ὑπόστασιψ
1417 4396 1608 4469 Πατὴρ

44 4489 126 4540 καὶ
159 4488 279 4551 Υἱὸς
307 4489 403 4541 καὶ
434 4486 587 4556 ἅγιον
617 4485 863 4557 Πνεῦμα,
896 4486 1067 4557 Τριάς
1104 4488 1162 4540 ὲν
1198 4486 1387 4557 μονάδι
1412 4486 1526 4538 ἔστι
1550 4503 1608 4539 τε

45 4581 128 4631 καὶ
153 4583 374 4643 νοεῖται,
409 4580 501 4633 καὶ
533 4578 873 4648 ὁμολογεῖται
898 4578 991 4633 καὶ
1015 4580 1425 4648 προσκυνεῖται,
1458 4577 1611 4649 παρά

45 4674 139 4725 τῶν
162 4674 217 4727 ἐν
248 4670 477 4742 ἀληθείᾳ
499 4671 593 4723 καὶ
622 4671 683 4723 οὑ
708 4670 947 4740 σχήματι
976 4669 1067 4723 καὶ¹
1098 4669 1417 4742 βλασφημία
1438 4686 1609 4742 προσ-

44 4766 335 4821 κυνούντων
364 4781 375 4794 ⁶
423 4766 501 4827 ὡς
539 4764 779 4834 Ἀρειος,
823 4762 1047 4834 διαιρῶν
1097 4762 1191 4816 καὶ
1238 4762 1606 4832 ζυγοστατῶν,

47 4859 214 4928 μεῖζον
256 4859 354 4912 καὶ
381 4853 543 4930 ἦττον
590 4860 648 4910 ἐν
682 4859 750 4927 τῇ
798 4854 917 4927 θείᾳ.
944 4855 1135 4925 Τριάδι
1170 4854 1604 4926 φανταζόμενος·

41 4953 69 5021 ἢ
93 4952 161 5014 ὼς
176 4950 459 5013 Σαϐέλλιος
483 4947 816 5017 συναλείφων
840 4948 931 5001 καὶ
963 4946 1228 5018 συγχέων,
1253 4946 1608 5015 υίοπατορίαν

46 5046 351 5115 μεμηνότως
373 5042 663 5098 παιδεύων.
701 5042 1001 5113 ’ἰσοσθενὴς
1022 5041 1201 5095 τοίνυν
1224 5044 1256 5113 ἡ
1280 5040 1400 5094 θεία
1414 5041 1605 5112 Τριὰς,

52 5137 307 5207 ἰσοκλεὴς,
349 5136 696 5206 ἰσομεγέθης,
735 5134 935 5205 μᾶλλον
972 5134 1029 5188 δὲ
1061 5132 1385 5206 ὑπερκλεὴς,
1430 5134 1607 5204 ὑπερ-

46 5231 288 5301 μεγέθης.
331 5232 422 5284 καὶ
449 5232 629 5301 πάσης
672 5228 1030 5299 καταλήψεως
1067 5226 1365 5298 ὑπερτέρα,
1404 5228 1461 5279 ἐν
1507 5226 1606 5296 μιᾷ

45 5322 241 5392 θεότητι
269 5325 362 5379 καὶ
395 5323 661 5395 βασιλείᾳ,
698 5322 791 5375 καὶ
820 5319 978 5391 ῥώμη
1009 5321 1103 5373 καὶ
1129 5320 1404 5391 αὑθεντίᾳ,
1432 5321 1609 5373 πάντα

44 5416 100 5466 ἑκ
138 5416 355 5486 μηδενὸς
392 5415 756 5485 ὑποκειμένου
790 5414 1259 5485 φυσιουργήσασα,
1287 5414 1347 5465 τὸ
1370 5411 1413 5465 δ’
1438 5413 1607 5478 ὅπως,

44 5508 243 5576 ἐκείνην
286 5510 381 5577 τὴν
420 5508 707 5579 ἀκρίϐειαν
756 5504 1203 5575 καταλείψωμενι
1245 5504 1456 5571 Οὐδεὶς
1505 5506 1613 5571 γὰρ

44 5596 155 5652 (ἷξε
180 5600 285 5653 τὸν
316 5600 565 5667 Πατέρα,
599 5603 650 5654 εὶ
676 5601 760 5670 μὴ
796 5603 828 5653 ὀ
872 5600 1025 5666 Υἱὸς,
1050 5598 1193 5653 οὐδὲ
1221 5598 1328 5651 τὸν
1362 5600 1499 5651 Υίόν
1519 5616 1606 5664 τις

41 5688 363 5755 ἐπίσταται,
392 5696 443 5746 εὶ
462 5692 549 5762 μὴ
570 5697 603 5747 ό
628 5693 849 5762 Πατήρ.
900 5691 1298 5746 Ἀποκαλύπτει
1319 5692 1375 5744 δὲ
1396 5691 1607 5761 βροτοῖς

44 5783 272 5847 ἐκείνους
311 5786 369 5839 τὸ
399 5786 541 5838 θεῖον
578 5785 815 5855 Πνεῦμα
862 5784 1074 5839 Οὐκοῦν
1102 5783 1275 5837 ταῦτα
1298 5782 1421 5854 τρία
1452 5783 1601 5846 ὄντα,

45 5874 133 5926 οᾷκ
160 5873 404 5942 αὓξοντα,
429 5878 488 5930 οὐ
510 5877 765 5950 λήγοντα,
794 5877 853 5929 οὑ
873 5878 1273 5950 κορυφούμενα,
1299 5876 1359 5929 οὔ
1385 5877 1608 5945 συναγό-

1447 402 1795 462 DIALOCUS
1835 404 1872 461 Ι.

3208 408 3321 468 862

1728 534 1854 589 pers
1913 516 2193 589 principii,
2242 527 2298 573 et
2344 534 2610 589 personas
2668 527 2781 575 tres
2839 519 3025 587 habet,
3091 527 3146 573 et
3204 526 3321 577 tres

1727 614 2078 685 hypostases,
2135 622 2188 667 et
2248 620 2359 667 tres
2406 610 2708 677 Dominos,
2764 622 2821 667 et
2881 612 3111 667 thronos
3168 620 3320 679 tres,

1725 714 1780 761 et
1856 714 2056 760 trinam
2124 705 2342 769 lucem,
2418 712 2474 759 et
2546 704 2749 759 trinmn
2826 705 3168 775 splendorem
3253 714 3311 761 et

1724 799 1867 855 lucis
1926 800 2329 871 aequalitatem;
2394 798 2757 861 immutabile,
2820 800 2957 854 nulli
3012 798 3313 855 obnoxium

1723 874 2072 948 diminutioni
2102 930 2122 958 ,
2195 890 2448 963 caliginis
2494 906 2694 959 expers
2723 931 2740 955 ,
2794 891 3056 946 invictum
3089 931 3105 957 ,
3150 892 3320 949 inter-

1724 989 1825 1043 itui
1885 988 2114 1043 minime
2176 987 2531 1058 subjectum;
2596 1000 2705 1039 una
2757 988 3021 1051 essentia,
3075 996 3318 1057 potestas

1723 1095 1857 1144 una,
1880 1095 1988 1135 una
2042 1079 2237 1151 gloria,
2264 1093 2434 1133 unum
2466 1093 2721 1149 regnum,
2750 1093 2859 1132 una
2896 1077 3177 1145 divinitas,
3206 1096 3317 1135 una

1721 1174 2000 1239 voluntas,
2031 1184 2213 1235 actus,
2250 1172 2565 1243 imperium.
2626 1169 2872 1241 Denique
2908 1172 3128 1227 nonnisi
3185 1172 3313 1226 uni-

1721 1276 1826 1331 tas,
1856 1266 2164 1337 aequalitas,
2198 1265 2460 1321 identitas
2476 1272 2561 1319 est
2589 1264 2645 1318 in
2683 1262 2975 1329 Trinitate,
2998 1273 3151 1320 extra
3174 1280 3302 1335 pro-

1720 1359 2011 1429 prietatem
2042 1357 2293 1429 ingeniti,
2344 1363 2398 1412 et
2426 1355 2620 1427 geniti,
2660 1365 2715 1411 et
2737 1354 3090 1425 procedentis
3128 1373 3142 1410 :
3174 1369 3312 1408 una-

1724 1466 1945 1521 quaque
1970 1450 2249 1521 hypostasi
2279 1448 2599 1520 singillatim
2623 1454 2678 1503 et
2710 1447 3033 1512 exsistente,
3065 1455 3120 1501 et
3142 1447 3316 1502 exsti-

1719 1549 1877 1607 tura;
1915 1557 2025 1597 non
2062 1542 2363 1613 aliquando
2390 1550 2529 1607 orta,
2586 1556 2699 1595 non
2730 1540 3040 1606 desinente,
3091 1540 3187 1595 sed
3229 1555 3296 1595 eo

1717 1632 1841 1689 dem
1883 1649 1945 1689 se
2003 1634 2167 1689 modo
2196 1648 2415 1704 semper
2463 1633 2719 1698 habente,
2767 1648 2831 1687 ac
2881 1642 3135 1687 manente
3172 1632 3313 1686 citra

1717 1726 2073 1780 mutationem
2118 1739 2359 1781 omnem.
2404 1721 2633 1795 Semper
2661 1723 2808 1777 enim
2838 1724 3049 1778 exstitit
3069 1722 3211 1779 Deus
3244 1738 3311 1778 ac

1719 1815 1903 1881 Pater,
1928 1819 2023 1888 qui
2053 1816 2273 1887 quidem
2301 1831 2518 1885 semper
2545 1824 2630 1872 est
2658 1814 2820 1869 Pater
2858 1815 3107 1884 unigena:
3155 1813 3304 1879 Filii,

1719 1906 1884 1963 Verbi
1915 1907 2294 1970 subsistentis,
2326 1921 2356 1959 a
2384 1920 2494 1976 quo
2532 1905 2677 1960 facta
2721 1914 2851 1960 sunt
2882 1905 3164 1969 universa,
3185 1905 3312 1975 qui—

1718 1999 1824 2054 bus
1870 2007 1926 2053 et
1973 1998 2137 2053 divus
2182 1996 2273 2051 ille
2308 1994 2552 2066 Spiritus
2593 2010 2811 2065 semper
2862 1994 3040 2061 adest,
3092 2008 3312 2063 unaque

1715 2105 1842 2145 cum
1869 2090 2003 2160 ipsis
2028 2091 2097 2144 ab
2126 2088 2383 2143 omnibus
2429 2086 2785 2157 intelligentia
2822 2086 3146 2156 rationeque
3177 2100 3313 2156 pra:-

1716 2181 1849 2236 ditis
1882 2180 2087 2237 creatis
2110 2179 2393 2235 adoratur.
2445 2176 2617 2235 Nemo
2665 2177 2721 2232 in
2768 2177 2855 2233 his
2901 2178 2987 2231 vel
3036 2177 3189 2247 prior
3225 2184 3313 2232 est

1714 2284 1866 2337 natu,
1896 2273 1981 2327 vel
2015 2271 2323 2342 posterior;
2360 2284 2470 2324 non
2516 2268 2810 2333 accrescit,
2864 2281 2977 2321 non
3024 2266 3310 2322 imminui-

1716 2376 1806 2419 tur
1836 2366 2009 2419 instar
2046 2362 2295 2427 luminis,
2328 2360 2475 2433 quod
2498 2362 2602 2417 sub
2632 2375 2859 2416 sensum
2881 2359 3049 2425 cadit,
3094 2361 3178 2415 vel
3217 2361 3297 2415 in-

1715 2467 1835 2513 star
1864 2472 2051 2512 earum
2098 2472 2220 2527 qua:
2265 2470 2434 2526 supra
2474 2454 2741 2509 mundum
2793 2460 2922 2507 sunt
2972 2453 3306 2523 copiarum:

1715 2565 1837 2620 quin
1862 2564 1989 2604 cum
2011 2549 2279 2604 universa:
2302 2555 2499 2602 natura
2518 2562 2618 2603 sua
2637 2547 2778 2603 idem
2797 2547 3072 2602 exsistant
3097 2546 3316 2616 (quem-

1717 2641 2013 2695 admodum
2070 2648 2125 2696 et
2174 2642 2344 2695 animi
2405 2641 2692 2696 hominum
2745 2641 2978 2697 rationis
3018 2640 3310 2711 participes

1717 2734 1860 2790 idem
1896 2744 2091 2790 natura
2144 2750 2244 2791 sua
2282 2743 2411 2791 sunt
2443 2736 2685 2801 omnes),
2737 2735 2939 2805 partim
3001 2742 3185 2789 tamen
3208 2749 3303 2789 or-

1715 2826 1865 2892 dine,
1889 2828 2088 2897 partim
2128 2826 2385 2892 statione,
2424 2826 2622 2897 partim
2663 2824 2958 2881 assistendi
2990 2825 3310 2881 ministrau-

1715 2918 1882 2988 dique
1913 2932 2141 2973 munere
2169 2916 2449 2983 diil‘erunt,
2490 2932 2556 2973 ac
2595 2932 2693 2989 per
2723 2917 3062 2971 incrementa
3094 2922 3151 2971 et
3176 2930 3302 2970 mu-

1715 3010 1952 3064 tationes
1974 3016 2028 3064 et
2060 3008 2474 3075 conversiones,
2531 3009 2706 3065 libero
2738 3011 2907 3065 animi
2946 3008 3183 3065 consilio
3215 3008 3306 3065 vel

1722 3101 1776 3155 in
1802 3100 1995 3156 melius
2023 3100 2105 3157 vel
2132 3099 2373 3158 deterius
2401 3100 2825 3172 propendentes,
2863 3116 2973 3156 non
3004 3100 3189 3170 aliqua
3209 3114 3303 3154 na-

1721 3196 1886 3251 turali
1919 3196 2254 3251 necessitate
2278 3194 2456 3266 magis
2500 3193 2754 3250 minusve
2806 3194 3166 3263 degenerant,
3205 3207 3307 3247 ex-

1720 3290 2045 3349 cellentibus
2078 3290 2204 3346 aliis
2244 3288 2383 3345 alias
2414 3290 2717 3345 secundum
2762 3302 2847 3353 ea,
2886 3302 3009 3358 qua:
3038 3286 3307 3341 indicavi-

1720 3400 1864 3449 mus,
1898 3382 2242 3440 discrimina.
2278 3381 2422 3448 Quin
2447 3388 2502 3437 et
2521 3380 2731 3436 homini
2760 3379 2983 3436 luminis
3009 3378 3303 3451 appellatio

1721 3477 2000 3540 tribuitur,
2041 3484 2097 3531 et
2122 3474 2246 3539 soli,
2281 3483 2336 3528 et
2365 3473 2530 3539 lunae,
2584 3479 2641 3528 et
2672 3472 2826 3527 vario
2850 3472 3187 3542 reliquorum
3224 3472 3305 3526 si-

1720 3572 1910 3626 derum
1946 3569 2116 3625 ehoro
2150 3587 2163 3624 :
2199 3582 2434 3636 quorum
2463 3576 2648 3621 tamen
2686 3564 2927 3620 maximo
2956 3580 3186 3619 numero
3216 3565 3306 3618 lu-

1722 3664 1954 3728 minum,
2011 3661 2081 3717 de
2115 3660 2346 3716 materie
2380 3657 2774 3724 constantium,
2802 3656 3098 3727 multisque
3128 3657 3305 3727 parti-

1721 3757 1825 3812 bus
1869 3771 1935 3810 ac
1969 3754 2148 3810 modis
2198 3753 2344 3808 inter
2396 3767 2457 3808 se
2503 3751 2851 3807 diversorum
2903 3759 3098 3804 auctor
3128 3756 3213 3804 est
3251 3759 3306 3803 et

1720 3848 1901 3918 Opiiex
1943 3863 2132 3902 verum
2171 3844 2303 3901 illud
2336 3854 2389 3901 et
2434 3859 2631 3915 expers
2663 3842 2909 3897 materiei
2965 3842 3169 3906 lumen,
3220 3842 3305 3895 ni-

1722 3940 1921 3992 mirum
1960 3938 2101 3993 Deus
2128 3946 2181 3991 ct
2213 3936 2395 3999 Pater,
2456 3936 2549 4005 qui
2581 3942 2667 3989 est
2712 3948 2878 4002 supra
2912 3932 3118 3993 omnia,
3174 3947 3302 3985 cum

1720 4030 1953 4100 unigena
1990 4027 2127 4082 Filio
2156 4043 2278 4092 suo,
2306 4027 2605 4095 divinoque
2633 4024 2865 4093 Spiritu,
2921 4022 3301 4091 incorporeus,

1720 4122 1823 4176 sub
1880 4129 2165 4189 aspectum
2192 4134 2301 4173 non
2332 4119 2559 4180 cadens,
2603 4116 2753 4175 omni
2793 4121 2847 4170 et
2888 4122 3084 4168 natura
3126 4123 3177 4167 et
3206 4128 3305 4168 co.

1719 4214 1964 4284 gnitione
1993 4212 2242 4281 superior
2272 4228 2283 4263 :
2325 4209 2421 4280 qui
2454 4207 2651 4262 Filium
2696 4207 2904 4277 genuit,
2940 4214 2994 4260 et
3026 4206 3294 4275 Spiritum

1721 4302 1979 4374 produxit
2015 4302 2227 4356 ratione
2257 4298 2563 4355 secundum
2590 4303 2840 4351 naturam
2873 4295 3157 4359 ineffabili,
3181 4295 3303 4349 sine

1718 4398 1831 4452 ullo
1855 4406 2118 4468 tempore,
2146 4402 2273 4451 ante
2304 4394 2505 4450 saecula
2542 4410 2556 4446 :
2588 4406 2699 4446 non
2721 4391 2866 4446 enim
2891 4390 3189 4461 quidquam
3215 4389 3301 4445 vel

1717 4490 1895 4559 majus
1927 4489 2011 4544 vel
2044 4488 2229 4543 minus
2253 4495 2404 4553 natu,
2455 4500 2566 4541 non
2597 4483 2897 4553 quidquam
2948 4482 3099 4551 prius
3144 4480 3295 4536 exsi-

1712 4592 1864 4638 stcns
1896 4581 2319 4637 adventitiumve
2354 4580 2538 4636 divina
2600 4579 2655 4634 in
2697 4576 2970 4632 Trinitate
3014 4576 3099 4630 vel
3146 4584 3301 4628 ante-

1712 4677 1823 4729 rius
1867 4682 1973 4739 est,
2002 4675 2085 4736 vel
2117 4681 2202 4730 est
2248 4673 2422 4739 hodie,
2459 4673 2541 4728 vel
2572 4670 2815 4739 deinceps
2852 4668 2976 4723 erit.
3024 4666 3295 4721 Nimirum

1712 4768 1819 4822 tria
1846 4782 2061 4839 semper
2084 4769 2380 4831 exsistunt,
2427 4767 2529 4820 tria
2567 4772 2698 4820 sunt
2729 4762 2979 4831 ejusdem
3029 4760 3301 4815 sanctita-

1715 4861 1808 4925 tis,
1838 4861 1939 4915 tria
1972 4860 2134 4916 simul
2161 4860 2406 4929 expertia
2424 4859 2702 4929 principii,
2757 4858 2862 4911 tria
2895 4853 3134 4925 agcntia,
3187 4851 3297 4904 tria

1715 4954 1879 5007 simul
1935 4952 2173 5022 agentia,
2237 4951 2290 5005 in
2326 4950 2518 5005 eadem
2567 4949 2763 5013 forma,
2814 4948 2918 5002 tria
2961 4944 3294 5007 conformia,

1714 5048 1818 5101 tria
1853 5046 2113 5111 eilicacia,
2150 5045 2256 5100 tria
2289 5042 2666 5099 ellecttonibus
2700 5042 3020 5111 conjuncta,
3041 5038 3145 5092 tria
3165 5037 3298 5092 sub-

1712 5139 1985 5203 sistentia,
2031 5139 2135 5192 tria
2179 5137 2349 5193 simul
2397 5136 2779 5198 subsistentia,
2827 5148 2949 5203 qua:
2997 5146 3104 5185 non
3169 5145 3295 5183 mu-

1715 5241 1922 5296 tantur,
1983 5246 2163 5301 neque
2212 5236 2527 5292 transeunt,
2588 5242 2764 5297 neque
2804 5227 3108 5280 miscentur
3150 5223 3294 5276 inter

1712 5339 1791 5380 se.
1831 5323 1965 5378 Nam
2008 5338 2225 5393 semper
2285 5321 2506 5377 exsistit
2569 5319 2754 5384 Pater,
2806 5327 2860 5375 et
2906 5316 3125 5385 quidem
3197 5331 3290 5370 so-

1715 5415 1995 5470 lummodo
2076 5413 2237 5469 Pater
2298 5421 2404 5476 est,
2467 5428 2578 5467 non
2647 5412 2811 5466 etiam
2872 5408 3067 5476 Filius;
3142 5426 3291 5463 sem-

1712 5522 1808 5578 per
1861 5505 2079 5560 exsistit
2136 5503 2329 5570 Filius,
2400 5515 2454 5559 et
2511 5501 2732 5574 quidem
2791 5499 3139 5557 solummodo
3204 5495 3293 5551 Fi-

1716 5600 1823 5653 lius
1897 5605 2001 5663 est,
2081 5613 2192 5651 non
2248 5598 2413 5652 etiam
2476 5594 2672 5663 Pater;
2724 5593 3091 5661 similiterque
3154 5589 3294 5643 divi-

1714 5708 1820 5746 nus
1872 5692 1963 5746 ille
1990 5689 2229 5761 Spiritus
2276 5705 2378 5745 nec
2406 5688 2567 5744 Pater
2606 5692 2713 5753 est,
2767 5701 2868 5741 nec
2932 5684 3141 5750 Filius;
3194 5682 3287 5737 sed

1713 5782 1859 5836 omni
1888 5782 2007 5836 sine
2041 5782 2347 5836 mutatione
2400 5778 2645 5850 procedit
2680 5795 2693 5832 :
2732 5790 2951 5846 semper
2993 5775 3194 5829 habent
3237 5773 3288 5827 id

1716 5872 1860 5944 quod
1902 5872 2135 5943 singulis
2190 5880 2275 5928 est
2312 5871 2609 5944 peculiare,
2664 5868 2999 5940 perfectione
3047 5879 3284 5932 summa,
