3818 6548
539 376 642 430 σεδ

540 516 578 567 p
609 514 641 554 ο
700 512 797 551 sua
859 498 1241 568 unusquisque
1281 499 1565 570 hypostasi
1595 521 1607 556 :
1642 504 1902 558 nimirum
1943 503 2128 570 Pater,

541 589 732 647 Filius.
770 586 1013 658 Spiritus
1043 598 1294 652 sanctus,
1327 593 1382 646 in
1409 594 1619 648 unitate
1652 591 1901 650 Trinitas
1935 605 1989 651 et
2022 604 2126 662 est,

538 691 594 737 et
622 679 970 749 intelligitur,
1026 688 1081 734 et
1115 681 1424 750 prolitendo
1467 682 1807 752 perhibetur,
1838 690 1894 738 et
1927 685 2124 738 adora-

1637 377 1694 432 S.
1721 378 2026 438 CAESARI!
2063 374 2398 436 GREGORII
2433 373 2731 432 FBATRIS

3696 373 3779 429 86!

2240 520 2398 574 μενα,
2441 501 2502 567 ἐξ
2529 500 2698 556 αὑτοῦ
2738 499 2771 572 ἦ
2814 499 2946 569 παρ’
2974 493 3141 551 αὑτοῦ
3175 492 3208 564 ἢ
3249 491 3386 563 πρὸς
3427 487 3590 544 αύειδν
3615 489 3782 543 Euam

2234 595 2402 661 ἀξίως
2421 593 2710 665 νοούμενα,
2726 591 2821 645 καὶ
2835 589 3014 662 ὀρθῶς
3033 587 3401 656 πιστευόμενα
3417 603 3430 614 ο
3457 582 3632 645 καθὼς
3648 583 3786 636 ἑαυτὰ

2233 687 2608 742 ἀποκαλύπτει
2636 687 2774 756 φῶς,
2800 686 2932 758 πῦρ,
2965 682 3205 753 πνεῦμα,
3249 678 3345 732 καὶ
3370 675 3604 746 ἑτέραις,
3640 672 3784 743 οἶμαι,

539 780 631 828 tur
656 770 811 826 abiis
834 770 928 840 qui
956 785 1102 836 vere,
1125 785 1234 825 non
1251 773 1453 841 speciei
1482 788 1673 837 causa.
1692 775 1776 830 vel
1809 775 2131 845 blaspheme

2263 779 2478 851 passum
2504 779 2837 850 παραϐολαῖς
2864 778 2961 832 καὶ
2992 772 3309 847 ὁμοιώσεσι.
3341 768 3526 832 καθὼς
3551 768 3686 832 ἇξίκ
3707 785 3786 837 φα·

542 866 772 917 alorant
815 869 872 916 ut
907 861 1074 920 Arius
1110 861 1203 930 qui
1233 872 1288 916 et
1332 861 1422 919 Dei
1455 873 1709 920 naturam
1735 866 2018 932 distrahit,
2077 875 2132 922 et

2263 867 2356 938 vein
2390 872 2504 932 τοῖς
2545 869 2709 932 θείοις
2733 867 3171 937 διακονούμενος.

542 959 610 1014 ad
637 957 903 1012 trutinam
923 965 1166 1019 revocat,
1197 965 1252 1012 et
1284 958 1465 1028 majus
1505 975 1570 1014 ac
1605 961 1792 1018 minus
1835 961 2024 1018 divina
2073 963 2128 1017 in
2161 961 2432 1018 Trinitate
2461 963 2836 1034 imaginatur:
2871 963 2955 1017 vel
3003 970 3062 1016 ut
3104 960 3412 1023 Sabellius,
3459 955 3547 1026 qui
3578 953 3788 1008 eamdem

544 1051 871 1106 commiscet
905 1063 970 1102 ac
1006 1046 1298 1102 confundit
1329 1089 1344 1112 ,
1395 1060 1450 1106 et
1493 1053 1866 1123 υἰοπατορίαν,
1912 1054 2016 1108 hoc
2044 1061 2148 1119 est.

2263 1055 2389 1110 itris
2430 1053 2666 1125 Filiique
2696 1055 3077 1110 confusionem
3113 1050 3382 1120 singulari
3423 1048 3610 1101 furore
3637 1044 3785 1096 docet.

547 1149 892 1217 Quapropter
929 1148 1237 1201 statuamus
1268 1142 1592 1198 Trinitatem
1635 1159 1820 1214 parem
1859 1144 2099 1214 potentia
2121 1184 2136 1208 ,
2179 1145 2353 1216 gloria
2383 1187 2400 1211 ,
2442 1146 2830 1216 amplitudine,
2863 1146 2949 1200 vel
2979 1145 3162 1216 potius
3193 1156 3410 1197 summa
3467 1154 3591 1192 cum
3635 1136 3779 1204 gloria

544 1248 600 1295 ct
631 1238 1028 1308 amplitudine,
1067 1252 1284 1292 omnem
1325 1237 1494 1293 animi
1550 1237 1957 1307 perceptionem
2007 1245 2395 1306 superantem;
2449 1235 2615 1307 idque
2661 1238 2716 1292 in
2773 1253 2884 1294 una
2920 1237 3109 1292 divina
3159 1243 3382 1298 natura,
3451 1246 3654 1302 regno,
3713 1247 3790 1284 ro-

550 1339 703 1399 bore,
741 1336 912 1389 libera
955 1343 1249 1405 potestate,
1295 1349 1418 1403 qua:
1452 1333 1768 1388 universam
1806 1349 1988 1388 rerum
2029 1341 2283 1388 naturam
2339 1335 2408 1390 de
2463 1336 2616 1390 nulla
2655 1337 2886 1391 materie
2919 1335 3168 1402 subjecta
3210 1331 3477 1386 fabricata
3531 1329 3618 1384 sit.
3669 1329 3793 1393 Οιιοο

548 1429 711 1484 modo
735 1436 914 1484 autem
945 1428 1061 1484 haec
1091 1443 1213 1484 sese
1235 1427 1490 1490 habeant.
1525 1428 1576 1481 id
1600 1443 1730 1482 vero
1758 1436 2017 1483 accurate
2050 1429 2420 1500 pervestigare
2443 1431 2921 1502 supersedeamus.
2955 1427 3090 1484 Nam
3115 1445 3263 1484 nemo
3304 1429 3447 1482 nouit
3473 1425 3677 1479 Patrem
3710 1426 3797 1477 nisi

550 1521 750 1587 Filius,
767 1537 930 1591 neque
950 1519 1152 1574 Filium
1181 1519 1295 1590 quis
1328 1517 1466 1572 nouit
1490 1518 1595 1572 nisi
1611 1516 1856 1573 Pater".
1879 1517 2202 1575 Mortalibus
2221 1529 2403 1575 autem
2438 1536 2536 1577 eos
2563 1521 2726 1576 divus
2748 1521 2841 1576 ille
2857 1520 3092 1591 Spiritus
3106 1519 3576 1590 patefacit.Atque
3602 1517 3652 1570 in
3675 1517 3801 1570 hunc.

550 1618 772 1673 modum
803 1618 920 1673 huic
947 1617 1052 1672 tria
1079 1617 1161 1672 sic
1183 1616 1461 1671 exsistunt
1483 1656 1499 1680 ,
1534 1624 1594 1669 ut
1633 1630 1736 1670 nec
1767 1624 2109 1678 accrescant.
2145 1631 2248 1670 nec
2291 1617 2634 1683 minuantur,
2661 1635 2766 1673 nec
2797 1617 2964 1673 altius
3012 1618 3299 1685 insurgant
3321 1655 3336 1678 ,
3377 1629 3478 1670 nec
3505 1613 3798 1669 contraham-

551 1719 660 1773 tur,
711 1718 766 1764 et
804 1709 1015 1779 singula
1055 1723 1121 1762 ex
1152 1722 1245 1771 se,
1279 1707 1421 1762 vela
1450 1721 1544 1768 se,
1584 1705 1670 1760 vel
1712 1704 1780 1758 ad
1815 1721 1895 1769 se,
1923 1707 2138 1761 ratione
2190 1705 2328 1776 ipsis
2370 1717 2766 1775 consentanea,
2816 1718 2927 1763 tam
2976 1707 3352 1776 intelligantur
3387 1719 3551 1775 quam
3597 1701 3801 1758 credan-

551 1812 674 1854 tur:
700 1798 1154 1868 quemadmodum
1186 1796 1365 1865 seipsa
1394 1793 1728 1864 patefaciunt
1760 1797 1964 1855 lumen.
1997 1794 2158 1865 ignis,
2177 1791 2594 1862 spiritus;'Quin
2636 1803 2689 1848 et
2721 1809 2817 1864 per
2853 1795 3009 1859 alias,
3039 1802 3097 1849 ut
3117 1794 3371 1866 equidem
3387 1792 3792 1860 arbitror,risio—

552 1905 683 1944 num
703 1889 1136 1958 comparationes
1164 1895 1220 1940 et
1258 1883 1643 1941 similitudines
1665 1884 1947 1954 pateﬁunt,
1981 1891 2141 1955 prout
2163 1882 2367 1955 dignus
2402 1885 2450 1940 is
2480 1886 2701 1941 habitus
2732 1886 3028 1957 fuerit.qui
3065 1887 3281 1943 divinas
3312 1901 3403 1944 res
3438 1894 3643 1939 tractat.

1018 1975 1540 2036 INTERROGATIO
1581 1977 1679 2034 ιγ.

623 2074 694 2130 At
747 2073 896 2129 enim
960 2073 1053 2143 qui
1105 2071 1319 2142 Moyses
1356 2069 1588 2133 scribit,
1639 2069 1783 2124 Deus
1833 2069 1924 2123 ille
1979 2077 2136 2134 tuus,

552 2180 691 2218 unus
725 2172 802 2218 est
837 2162 1093 2216 Dominus
1130 2163 1205 2228 “;
1245 2172 1299 2216 et
1331 2161 1385 2215 in
1417 2160 1588 2214 Annae
1624 2161 1825 2230 hymno
1871 2160 2074 2214 dicitur
2118 2177 2132 2214 :

560 2256 682 2310 Non
727 2252 804 2311 est
835 2256 1112 2326 quisquam
1161 2263 1400 2317 sanctus,
1461 2265 1521 2306 ut
1559 2253 1853 2316 Dominus;
1899 2270 2004 2307 non
2064 2261 2142 2307 est

555 2349 834 2416 quisquam
848 2346 1052 2416 justus,
1088 2356 1147 2399 ut
1183 2345 1320 2400 Deus
1353 2355 1568 2410 noster;
1605 2361 1708 2399 non
1739 2355 1815 2399 est
1859 2345 2140 2416 quisquam

531 2448 775 2492 .sanetus
831 2448 985 2492 extra
1045 2438 1188 2504 te“;
1251 2436 1385 2506 quin
1439 2443 1493 2491 et
1551 2437 1668 2506 ipse
1698 2435 1952 2490 Christus
2000 2436 2076 2490 ait
2127 2454 2140 2490 :

563 2527 632 2582 Ut
666 2538 982 2598 cognoscant
1001 2538 1049 2583 te
1081 2527 1254 2583 solum
1271 2544 1451 2582 verum
1481 2526 1667 2592 Deum,
1692 2536 1742 2580 et
1774 2543 1927 2597 quem
1949 2528 2143 2582 misisti

558 2617 742 2673 Jesum
778 2617 1080 2682 Christum;
1116 2633 1227 2674 non
1265 2619 1461 2690 inquit.
1493 2617 1722 2690 (Iesum)
1757 2617 1924 2672 Deum
1939 2618 2018 2672 ’⁸2

1204 2710 1511 2781 Responsio.

631 2801 924 2859 Enimvero
959 2803 1217 2860 Christus
1254 2802 1338 2857 his
1368 2803 1552 2859 verbis
1586 2819 1616 2857 a
1661 2803 1866 2859 deitate
1903 2801 2146 2872 seipsum

561 2909 671 2950 non
711 2897 928 2961 eximit,
979 2895 1074 2952 sed
1111 2896 1297 2966 potius
1348 2895 1414 2949 ad
1447 2896 1612 2951 unius
1661 2910 1844 2951 rerum
1883 2894 2148 2966 principis

560 3005 626 3044 ac
662 2989 758 3046 Dei
797 2990 1135 3061 agnitionem
1167 3004 1268 3044 nos
1301 2990 1355 3044 in
1383 2991 1622 3046 sublime
1643 2989 1818 3050 ducit,
1860 3005 1928 3044 ne
1959 2986 2147 3042 mundi

557 3080 852 3135 elementis
910 3079 1146 3150 amplius
1183 3080 1512 3152 suppliciter
1565 3079 1773 3134 addicti
1819 3080 2018 3142 simus,
2081 3093 2148 3132 ac

564 3174 660 3229 Dei
696 3173 818 3228 loco
865 3173 1073 3228 nostris
1105 3172 1390 3228 conservis
1441 3172 1652 3227 cultum
1706 3168 1952 3227 divinum
1992 3170 2151 3226 exhi-

564 3268 782 3331 bentes,
812 3263 878 3319 ad
910 3263 1139 3319 deorum
1175 3264 1585 3320 multitudinem
1625 3265 2029 3320 exorbitemus.
2062 3262 2150 3319 ld-

562 3357 718 3412 circo
731 3370 856 3410 cum
870 3355 966 3419 ait,
988 3363 1036 3407 et
1055 3371 1204 3423 quem
1234 3355 1428 3408 misisti
1447 3353 1631 3408 Jesum
1657 3351 1947 3418 Christum,
1969 3368 2162 3423 quem-

567 3463 696 3503 nam
755 3448 902 3502 hunc
943 3462 1068 3502 esse
1099 3447 1256 3512 dicit,
1289 3447 1401 3502 nisi
1434 3445 1641 3500 Deum?
1673 3447 1880 3502 sicutet
1921 3443 2162 3502 Joannes

534 3574 535 3577 η
573 3540 752 3610 inquit
786 3558 798 3594 :
834 3538 1143 3608 Unigenitus
1202 3537 1380 3594 Filius
1425 3538 1516 3608 qui
1573 3548 1647 3592 est
1686 3539 1743 3591 iu
1792 3538 1912 3592 sinu
1952 3536 2156 3602 Patris,

531 3637 682 3702 ipse
733 3631 1086 3687 enarravit".
1143 3629 1355 3696 Quibus
1420 3638 1548 3686 sunt
1599 3638 1970 3686 consentanea
2025 3646 2146 3699 quae

530 3766 534 3771 .
573 3723 778 3777 Paulus
812 3722 880 3776 de
916 3720 1138 3776 Christo
1170 3720 1398 3789 scripsit
1429 3737 1442 3772 :
1476 3719 1714 3785 Quorum
1768 3731 1969 3788 patres,
2010 3730 2060 3776 et
2099 3737 2163 3774 ex

567 3812 760 3883 quibus
779 3810 1023 3866 Christus
1053 3810 1344 3863 secundum
1386 3827 1623 3875 carnem,
1656 3812 1746 3882 qui
1777 3822 1854 3865 est
1903 3811 2040 3867 Deus
2072 3830 2163 3866 su-

574 3921 666 3974 per
694 3905 956 3960 omnia".

1055 3991 1573 4048 INTERROGATIO
1620 3993 1685 4048 V.

647 4085 706 4140 Si
743 4101 874 4156 ergo
905 4084 1052 4140 Patri
1090 4087 1318 4155 atqnalis
1357 4094 1443 4142 est
1473 4084 1672 4148 Filius,
1721 4103 1824 4140 cur
1853 4086 1906 4140 in
1937 4085 2163 4141 Joannis

575 4191 632 4234 ct
666 4179 819 4234 Pauli
869 4179 1244 4233 monumentis
1313 4179 1624 4234 litterarum
1660 4195 1767 4232 non
1817 4178 2163 4233 adorationis

571 4289 646 4327 ἐυ
673 4271 825 4326 cultu
848 4269 1084 4323 allicitur
1131 4285 1242 4339 quo
1274 4269 1458 4334 Pater,
1521 4269 1607 4324 cui
1643 4270 1753 4324 veri
1798 4268 1890 4323 Dei
1923 4269 2165 4338 appella-

577 4365 788 4417 tionem
819 4360 900 4414 illi
928 4359 1216 4414 tribuunt?

1224 4450 1532 4520 Responsio.

655 4549 871 4618 Ergone
896 4550 1185 4620 quisquam
1216 4545 1417 4616 poterit
1464 4543 1720 4597 universe
1754 4549 2026 4611 receptam
2066 4538 2162 4594 Jo-

583 4644 746 4697 annis
780 4642 1068 4711 epistolam
1115 4640 1456 4700 subvertere,
1503 4649 1625 4704 quae
1681 4634 1734 4687 in
1763 4641 2007 4688 extremo
2052 4632 2165 4685 cla-

581 4745 736 4790 mat:
785 4732 945 4790 Jesus
977 4733 1257 4794 Christus,
1303 4731 1386 4783 hic
1443 4744 1592 4782 verus
1640 4725 1784 4780 Deus
1827 4734 1930 4787 est.
1967 4733 2015 4779 et
2052 4725 2163 4778 vita

577 4840 786 4883 αἰεί-για
809 4829 994 4883 ε’ϊΕι
1024 4827 1132 4880 alio
1191 4824 1432 4897 quodam
1479 4823 1600 4877 loco
1657 4821 1725 4876 de
1779 4819 1942 4876 Patre
1999 4819 2164 4884 dicit,

589 4923 726 4976 Deus
777 4931 864 4975 est
911 4920 1086 4974 lumen
1106 4919 1175 4982 ’³,
1235 4932 1411 4986 neque
1443 4914 1633 4984 adiicit
1667 4928 1891 4975 vocem,
1961 4927 2161 4967 verum.

585 5013 800 5084 Ergone
855 5011 1040 5068 dicere
1098 5010 1398 5065 audeamus
1437 5006 1658 5062 Patrem
1691 5020 1798 5062 non
1827 5020 1950 5060 esse
1976 5018 2166 5059 verum

587 5103 812 5158 lumen?

1061 5186 1605 5246 INTERROGATiO.
1647 5185 1735 5240 Vl.

657 5282 809 5338 Satis
839 5284 938 5338 abs
968 5292 1022 5338 te
1075 5283 1251 5338 Patris
1283 5291 1337 5336 et
1373 5279 1494 5333 Filii
1544 5279 1917 5333 demonstrata
1958 5283 2043 5331 cst
2099 5290 2175 5329 ze-

591 5376 850 5443 qnalitas.
879 5374 1242 5440 Quamobrem
1271 5371 1416 5442 quod
1451 5370 1723 5439 reliquum
1764 5377 1871 5427 est,
1920 5367 2174 5436 cupimus

585 5465 756 5518 etiam
811 5464 879 5519 de
921 5463 1128 5532 Spirittt
1168 5472 1358 5517 sancto
1402 5460 1561 5515 fateri
1597 5474 1764 5528 opera
1812 5467 1929 5522 tua,
1981 5471 2168 5512 verum

591 5555 743 5610 hunc
773 5553 943 5607 Deum
979 5553 1111 5606 dici.

2843 1981 3094 2037 [ΙΕΥΣΙΣ
3135 1983 3210 2036 A'.

2311 2072 2421 2126 Καὶ
2463 2071 2581 2137 πῶς
2623 2074 2866 2144 Μωῦσῆς
2899 2071 3125 2143 γράφει,
3165 2071 3384 2139 Κύριος
3431 2071 3465 2128 ό
3504 2066 3642 2132 Θεός
3678 2081 3789 2123 σου.

2243 2163 2457 2232 Κύριος
2488 2159 2576 2230 εἷς
2605 2164 2774 2217 ἐστιν
2797 2182 2812 2196 ο
2851 2165 2911 2216 ὲν
2938 2163 2995 2217 δὲ
3017 2166 3083 2234 τῇ
3109 2160 3246 2232 ᾠδῇ,
3275 2163 3307 2231 ή
3334 2161 3524 2222 Ἄννα,
3559 2159 3676 2210 ὀτι
3702 2160 3792 2210 oi-z

2243 2253 2416 2307 ἔστιν
2448 2253 2615 2324 ἅγιος
2641 2255 2722 2320 ὡς
2744 2258 2776 2308 ό
2803 2255 3038 2323 Κύριος,
3065 2253 3161 2307 καὶ
3185 2254 3296 2306 οὐκ
3322 2251 3458 2304 ἔστι
3483 2250 3698 2313 δίκαιος
3723 2249 3785 2312 ὡς

2227 2347 2277 2399 -ό
2299 2345 2443 2410 Θεὸς
2459 2343 2647 2414 ἡμῶν,
2667 2345 2765 2398 καὶ
2788 2346 2899 2398 οὐκ
2927 2343 3099 2398 ἐστιν
3121 2343 3288 2412 ἅγιος
3306 2340 3476 2408 πλὴν
3494 2339 3630 2395 σοῦ’
3658 2339 3790 2399 αὐτὸς

2243 2437 2300 2492 δὲ
2327 2439 2356 2491 6
2379 2436 2612 2507 Χριστὸς
2635 2436 2804 2505 λέγει.
2843 2437 2976 2490 Ἵνα
3007 2435 3350 2504 γινώσκωσι
3393 2448 3468 2486 σε
3505 2432 3607 2484 τὸν
3627 2433 3789 2500 μόνον

2245 2528 2445 2596 ἀληθῆ
2475 2527 2643 2594 Θεὸν,
2671 2529 2770 2582 καὶ
2792 2529 2866 2583 ὃν
2886 2526 3248 2592 ἀπέστειλας
3281 2524 3526 2593 Ἰησοῦν
3542 2523 3792 2591 Χριστόνο

2246 2624 2342 2678 καὶ
2370 2623 2472 2675 οὐκ
2503 2617 2647 2686 εἷπε,
2684 2623 2864 2686 Θεόν;

2867 2715 3222 2781 Ἀπόκρισις.

2331 2806 2470 2860 Ἀλλ’
2491 2807 2589 2878 οὐχ
2616 2804 2905 2874 ὑπεξάγων
2926 2804 3118 2857 ἑαυτὸν
3142 2803 3245 2873 τῆς
3271 2801 3524 2872 θεότητος
3548 2802 3576 2854 ό
3592 2797 3786 2870 Χριστός

2252 2899 2433 2952 τοῖαδέ
2481 2916 2666 2970 φησιν,
2699 2898 2779 2960 εἰς
2811 2896 3110 2968 μοναρχίαν
3141 2894 3197 2947 δὲ
3229 2895 3322 2948 καὶ
3346 2891 3663 2960 θεογνωσξαν
3689 2891 3790 2943 ἀνά-

2248 3005 2360 3057 γων
2401 2989 2547 3060 ἡμᾶς
2590 2986 2810 3059 μᾶλλον,
2851 2986 2937 3038 ἵνα
2981 2983 3179 3056 μηκέτι
3211 2979 3362 3055 ὦμεν
3401 2985 3514 3046 τοῖς
3547 2981 3790 3050 στοιχείοις

2249 3084 2343 3138 τοῦ
2369 3086 2574 3156 κόσμου
2623 3083 2982 3146 ἱκετεύοντες,
3015 3082 3110 3135 καὶ
3149 3081 3270 3134 ἀντὶ
3306 3079 3442 3133 Θεοῦ
3471 3080 3581 3140 τοῖς
3607 3075 3787 3128 συνδούο

2252 3178 2368 3242 λοις
2397 3178 2774 3250 λατρεύοντες,
2801 3175 2897 3228 καὶ
2927 3177 3006 3237 εἰς
3045 3173 3334 3227 πολυθεῒαν
3372 3170 3600 3224 εἰδώλων
3628 3169 3790 3234 ὑποτε-

2266 3272 2502 3342 ρόμενοι.
2554 3272 2692 3342 Φησὶ
2736 3267 2890 3338 γοῦν,
2923 3267 3031 3321 Kai
3081 3266 3154 3320 ὃν
3191 3263 3557 3326 ἀπέστειλας
3601 3256 3790 3325 Ἰησοίτ

2262 3365 2539 3432 Χριστόν.
2593 3363 2728 3418 Τίνα
2757 3360 2966 3425 τοῦτον,
3001 3358 3116 3413 ἀλλ’
3161 3357 3196 3427 ἢ
3227 3356 3399 3422 Θεόν;
3456 3353 3631 3416 καθὼς
3664 3350 3790 3420 φησὶ-ι

2261 3459 2292 3510 ὁ
2333 3457 2616 3527 Ἰωάννηςο
2661 3457 2714 3508 Ὀ
2743 3452 3082 3525 μονογενὴς
3105 3450 3257 3516 Υἱὸς,
3289 3453 3320 3504 ό
3350 3448 3435 3501 ὢν
3459 3448 3526 3500 ἐν
3547 3444 3661 3509 τοῖς
3689 3445 3792 3494 κόλ-

2263 3563 2395 3614 ποις
2433 3548 2539 3602 τοῦ
2565 3547 2816 3616 Πατρός,
2849 3544 3082 3608 ἐκεῖνος
3113 3540 3479 3610 ἐξηγήσατο.
3526 3536 3791 3605 Συμφὼνως

2261 3639 2319 3692 δὲ
2346 3637 2556 3702 τούτοις
2579 3637 2790 3700 Παῦλος
2816 3636 3042 3708 γράφων
3065 3635 3194 3703 περὶ
3219 3629 3481 3702 Χριστοῦ,
3512 3621 3623 3683 Ὧν
3647 3627 3693 3677 ei
3712 3637 3794 3673 3a-

2263 3731 2448 3798 τέρες,
2480 3730 2576 3784 καὶ
2599 3729 2667 3793 ἐξ
2695 3722 2782 3781 ὧν
2814 3731 2846 3782 ό
2877 3726 3132 3796 Χριστὸς
3160 3726 3224 3779 τὸ
3260 3723 3410 3777 κατὰ
3441 3721 3652 3788 σάρκα,
3681 3721 3707 3770 d
3733 3714 3794 3764 ὢν

2263 3823 2362 3876 ἐπὶ
2389 3821 2630 3876 πάντων
2657 3821 2821 3887 Θεός.

2870 3999 3119 4054 ΠΕΥΣῙΣ
3151 3999 3203 4052 E’

2335 4095 2398 4148 Ei
2427 4088 2518 4146 οὖν
2553 4087 2669 4155 ἶσος
2694 4092 2773 4162 τῷ
2796 4093 2968 4162 [largi
2995 4092 3024 4144 ό
3055 4091 3208 4156 Υἱὸς,
3243 4088 3383 4144 διατί
3420 4088 3496 4159 μὴ
3523 4084 3792 4158 προσκυνεῖ-

2265 4205 2352 4240 ται
2380 4189 2491 4250 τοῖς
2527 4186 2774 4240 Ἰωάννου
2798 4185 2892 4238 καὶ
2918 4184 3129 4237 Παύλου
3152 4183 3500 4254 γράμμασιν,
3534 4179 3606 4242 ὡς
3627 4179 3704 4230 ini
3721 4172 3788 4225 τοῦ

2267 4280 2478 4351 Πατρός
2504 4279 2564 4332 τὸ
2588 4278 2702 4347 φῶς
2724 4277 2786 4330 τὸ
2810 4275 3063 4347 ἀληθινόν
3087 4292 3101 4340 ;
3144 4273 3284 4346 (εἰς.)

2880 4453 3244 4522 Ἀπόκρισις.

2337 4543 2463 4619 ’Ἆρ’
2499 4542 2592 4601 οὖν
2633 4542 2743 4610 οἷος
2784 4545 3051 4617 ὑπάρχεις
3088 4543 3507 4598 ὑποσπάσασθαι
3544 4541 3633 4612 τὴν
3661 4538 3787 4592 καθο-

2227 4684 2230 4688 .
2265 4638 2424 4711 λικὴν
2463 4639 2708 4693 Ἰωάννου
2751 4639 3090 4710 Ἐπιστολὴν,
3144 4636 3280 4707 πρὸς
3319 4635 3400 4706 τῷ
3430 4636 3568 4688 τέλει
3607 4632 3787 4702 βοῶσιν.

2264 4733 2346 4785 ὅτι
2380 4730 2589 4802 Ἰησοῦς
2615 4733 2643 4783 ό
2674 4731 2907 4802 Χριστὸς
2934 4727 3115 4794 οὗτός
3135 4729 3306 4783 ἐστιν
3331 4731 3364 4782 ὀ
3391 4725 3657 4794 ἀληθινὸς
3682 4720 3786 4779 Θεῖς

2266 4825 2366 4877 καὶ
2401 4823 2513 4892 ζωὴ
2549 4822 2831 4888 αἱώνιος;
2870 4822 2981 4876 Καὶ
3009 4820 3298 4893 ἑτέρωθεν,
3336 4819 3465 4887 περὶ
3495 4817 3588 4887 μὲν
3613 4812 3689 4868 τοῦ
3708 4813 3786 4864 Πει-

2261 4915 2387 4987 τρός
2419 4933 2600 4986 φησιν.
2642 4916 2723 4969 δτι
2758 4914 2882 4984 φῶς
2927 4919 2958 4970 δ
2993 4914 3157 4980 Θεὸς,
3188 4914 3283 4967 καὶ
3329 4913 3391 4966 οὐ
3437 4912 3718 4984 πρόσκειται
3739 4901 3783 4952 τὸ

2264 5011 2578 5076 ἀληθινόν.
2617 5008 2926 5079 Τολμητέον
2951 5003 3062 5078 ἆρα
3081 5008 3273 5078 φῆσαι,
3313 5007 3388 5078 μὴ
3411 5001 3544 5058 εἶναι
3567 5003 3663 5073 φῶς
3689 4998 3785 5062 ἁλη-

2269 5103 2416 5157 θινὸν
2449 5102 2541 5156 τὸν
2573 5101 2792 5173 Πατέρα
2817 5119 2832 5167 ;

2875 5194 3122 5248 nurztz
3158 5191 3251 5260 (τ.

2350 5288 2424 5340 Πε
2434 5287 2487 5358 ρί
2506 5287 2603 5358 μὲν
2623 5288 2714 5341 τοῦ
2733 5287 2943 5358 Πατρδς
2962 5286 3056 5341 καὶ
3070 5286 3198 5339 Υἱοῦ
3223 5283 3422 5346 ἱκανῶς
3446 5278 3697 5342 ἀπέδειξας
3714 5269 3779 5335 τίτί

2281 5376 2519 5447 ἰσότητα.
2552 5378 2751 5432 Λοιπὸν
2778 5379 2856 5442 δὲ,
2878 5379 2970 5431 ἐπὶ
2997 5378 3092 5431 τοῦ
3127 5378 3284 5446 ἁγίου
3313 5374 3611 5444 Πνεύματος
3639 5365 3780 5434 ζητον·

2281 5485 2379 5538 μεν
2407 5469 2500 5523 τοῦ
2534 5469 2789 5542 ἀληθινοῦ
2823 5471 3136 5542 συμφωνίαν
3163 5469 3262 5540 (2).

664 5673 708 5704 ²¹
751 5670 941 5744 Matth.
963 5684 1053 5744 _xt,
1085 5667 1176 5721 27.
1235 5669 1296 5744 ff
1325 5666 1491 5744 Deut:
1514 5681 1587 5744 \'_l,
1621 5664 1676 5717 ι.
1751 5662 1853 5744 “__l
1884 5662 2017 5735 Reg.
2046 5679 2105 5730 ιι,
2136 5664 2148 5716 ε

2268 5671 2337 5722 liti
2372 5667 2536 5725 LXX.
2615 5672 2660 5704 “
2686 5669 2843 5726 Joan.
2880 5685 3015 5736 xvtt,
3040 5671 3092 5724 5.
3169 5669 3213 5699 ’⁵
3235 5660 3552 5729 Jnau.t,18.
3599 5651 3777 5706 “ne”.

598 5758 673 5807 ις,
708 5744 762 5799 5.
836 5743 878 5774 "
907 5742 926 5794 ι
953 5738 1112 5794 Joan.
1150 5755 1201 5801 ν,
1233 5738 1323 5792 ‘20.
1400 5738 1444 5767 ³⁸
1477 5735 1492 5789 Ι
1526 5735 1683 5790 Joan.
1717 5751 1753 5801 ι,

673 5857 748 5928 t2.)
779 5854 1150 5927 Σιγῳωνιόι).
1181 5851 1258 5906 An
1290 5849 1568 5920 legendum
1595 5851 1990 5922 συμφωνίαι-7
2011 5850 2167 5905 linit.
