3814 6544
21 452 112 507 803

605 556 965 624 Ἀπόκρισις.

94 653 281 716 Ἱκανὸς
317 649 505 704 τούτου
550 647 844 717 παιδευτὴς
877 647 1040 709 αὐτὸς
1068 647 1096 698 ό
1127 644 1275 707 Υἱός.
1296 640 1436 697 Ἐὰν
1475 640 1583 713 γὰρ

22 746 121 815 ἐγὼ
133 742 383 806 ἀπέλθω,
407 739 595 811 φησιν,
618 736 851 804 ἐκεῖνος
870 737 1103 805 ἔρχεται
1124 734 1189 789 τὸ
1207 734 1451 803 Πνεῦμα
1474 731 1584 801 τῆς

20 835 309 904 ἀληθείας.

604 898 854 953 [ΙΕΥΣΙΣ
884 898 959 952 Z'.

83 1016 183 1070 Καὶ
201 1016 233 1084 ἠ
248 1014 435 1085 Γραφὴ
470 1013 690 1067 κτιστὸν
722 1012 960 1065 δείκνυσι
978 1010 1037 1063 τὸ
1053 1008 1296 1080 Πνεῦμα,
1317 1008 1549 1077 λέγουσα
1564 1022 1578 1039 ⁸

28 1107 220 1176 Κύριος
252 1103 508 1173 στερεῶν
534 1102 828 1171 βροντὴν,
867 1101 962 1154 καί
996 1097 1207 1159 κτίζων
1235 1098 1493 1167 πνεῦμα.

613 1254 973 1321 Ἀπόκρισις.

94 1370 223 1424 Ἀλλ’
249 1369 311 1422 οὐ
347 1368 474 1439 περὶ
509 1367 603 1420 τοῦ
645 1367 790 1419 θείου
822 1365 1057 1419 ἐνταῦθα
1094 1365 1412 1435 Πνεῦματος
1450 1362 1583 1433 φησὶ

23 1461 74 1515 τὸ
108 1459 351 1531 γράμμα.
410 1457 482 1509 Οὐ
522 1458 840 1527 πρόσκειται
892 1456 1000 1525 γὰρ
1038 1454 1117 1525 τῷ
1166 1453 1474 1524 κτιζομένῳ
1521 1451 1583 1506 τὸ

24 1556 203 1621 clrior"
250 1550 384 1603 ἀλλὰ
420 1548 593 1618 ψιλῶς
637 1549 790 1618 φησι,
829 1548 1049 1608 Κτίζων
1090 1547 1344 1616 πνεῦμα,
1393 1545 1455 1598 τὸ
1491 1545 1583 1598 ἐπὶ

21 1645 265 1715 κινήσεως
296 1643 471 1711 νεφῶν
500 1642 592 1694 καὶ
622 1642 901 1712 ἐνέργειαν
924 1640 997 1709 (5)
1030 1640 1186 1693 ὑετοῦ
1221 1638 1404 1699 πνέον,
1428 1638 1494 1691 δι’
1522 1632 1584 1692 οὗ

22 1737 102 1790 καὶ
126 1735 278 1805 ὁτῆς
309 1734 531 1805 βροντῆς
564 1733 789 1795 εἰκότως
819 1731 1163 1785 ἀποτελεῖται
1190 1726 1343 1802 ἦχος,
1376 1732 1434 1783 ὲν
1463 1733 1584 1794 ταῖς

21 1829 272 1899 κοιλότησι
313 1827 422 1880 τῶν
457 1826 636 1895 νεφῶν
678 1824 1256 1895 ἐναπολαμϐανομένου
1288 1824 1383 1877 τοῦ
1422 1824 1583 1877 πνεύ-

24 1937 191 1991 ματος,
236 1920 337 1971 καὶ
373 1921 440 1988 τῇ
478 1918 748 1989 διαρραγῇ
797 1917 892 1969 καὶ
921 1918 1080 1987 πνοιᾷ
1119 1916 1585 1986 κατακροτοῦντος

21 2015 77 2068 τὰ
109 2011 473 2082 ὑποκείμενα·
528 2009 670 2063 κατὰ
710 2009 809 2082 τὴν
845 2009 1028 2062 εἰκόνα
1068 2007 1162 2061 τοῦ
1197 2009 1255 2061 ὲν
1288 2008 1514 2079 ὄρνισιν,
1546 2008 1579 2080 ἢ

21 2108 220 2176 κτήνεσι
281 2104 585 2172 πεφυκότος
625 2102 823 2173 ὑμένος
866 2101 1112 2172 ἐξιτήλου
1160 2101 1256 2153 καὶ
1296 2100 1585 2169 διαφανοῦς

22 2198 379 2269 πομφόλυγος
422 2197 602 2249 ὅντινα
622 2194 692 2249 τὰ
716 2194 922 2265 σοϐαρὰ
952 2194 1046 2246 καί⁵
1065 2192 1367 2247 ἀπαίδευτα
1394 2194 1588 2262 μειρά-

20 2308 99 2344 κια
119 2289 471 2361 κομιζόμενα,
493 2290 588 2342 καὶ
614 2288 693 2359 τῷ
716 2288 831 2358 ἀέρι
858 2285 1316 2356 ἁναξηραίνοντα,
1340 2283 1416 2355 τῷ
1438 2284 1588 2353 σφῶν

19 2381 270 2453 πνεύματι.
292 2381 666 2446 διατείνουσιν,
687 2374 805 2432 εἶτα
832 2378 1075 2449 κρύϐδην
1102 2374 1441 2442 πατάξαντές
1467 2392 1590 2429 τινα

122 2476 231 2546 ἤχῳ
284 2475 381 2546 τῆς
421 2472 763 2546 «remeavit:
808 2470 932 2535 τοὺς
972 2468 1347 2543 περιεστῶτας
1392 2471 1455 2522 ἐκ
1498 2468 1591 2537 ξυ⁶

21 2568 291 2632 σπλενδίας
316 2569 433 2639 (sic)
477 2567 645 2637 αὐτῆς
681 2568 775 2619 καὶ
809 2564 1004 2633 βάθους
1032 2563 1264 2635 καρδίας
1297 2563 1586 2635 ὲθρόησαν.

606 2658 856 2713 ΠΕΥΣΙΣ
902 2658 986 2711 Η’.

82 2758 180 2812 Καὶ
204 2758 323 2820 πῶς
365 2756 633 2827 χειμῶνος
677 2755 786 2809 τῶν
824 2754 1003 2808 αὐτῶν
1035 2753 1203 2808 ὄντων
1241 2753 1588 2824 πνευμάτων,

25 2850 103 2901 καὶ
124 2846 494 2919 σφοδροτέρων
532 2846 756 2918 μᾶλλον,
789 2847 851 2899 οὐ
877 2844 1120 2914 γίνονται
1148 2844 1197 2896 oi
1228 2844 1327 2915 τῆς
1360 2842 1591 2916 βροντῆς

25 2937 196 2990 κτύποι
217 2954 231 3003 ;

622 3028 986 3097 Ἀπόκρισις.

94 3122 577 3193 Ἐπινοτιζομένων
604 3121 713 3175 τῶν
740 3121 916 3190 νεφῶν
944 3121 1038 3174 καὶ
1060 3118 1490 3191 μαλακουμένων
1521 3120 1589 3189 τῇ

24 3214 103 3268 τοῦ
138 3217 293 3285 ἀέρος
333 3214 627 3285 παχύτητι,
663 3213 757 3267 καὶ
788 3212 1122 3284 όμιχλὼδους
1157 3213 1251 3265 καὶ
1285 3212 1459 3284 ὑγρᾶς
1482 3211 1592 3265 τῶν

24 3306 434 3378 ὲγκεκραμένων
512 3308 579 3377 τῇ
624 3306 804 3376 χέρσῳ
854 3304 1130 3375 κρηναίων
1177 3320 1234 3355 τε
1279 3304 1374 3357 καὶ
1421 3319 1590 3357 ποτα-

26 3400 146 3469 μίων
173 3398 407 3461 ὑδάτων,
433 3397 534 3450 οὐκ
569 3395 915 3449 ἀποτελεῖται
945 3396 973 3447 ό
996 3394 1093 3464 τῆς
1113 3392 1418 3464 διαῤῥαγῆς
1436 3387 1588 3463 ἦχος·

22 3492 75 3545 οὐ
96 3491 207 3544 καθ’
234 3490 371 3561 ὅλης
417 3489 599 3559 μέντοι
642 3486 874 3557 ἠπείρου
912 3483 1085 3539 ταῦτα
1134 3483 1447 3555 συμϐαίνει,
1479 3482 1594 3536 ἀλλ’

24 3587 73 3639 ἐν
110 3587 215 3648 τοῖς
256 3584 566 3656 χειμερίοις
593 3580 765 3651 αὐτῆς
808 3578 1039 3650 κλίμασι
1077 3578 1279 3649 μόνοις,
1327 3576 1467 3630 κατὰ
1496 3576 1596 3646 τὴν

24 3678 188 3730 εἰκόνα
224 3674 562 3746 σκυτάληςῆ
595 3672 946 3745 μεμὸράνης’
980 3671 1117 3743 ἡλίῳ
1152 3671 1251 3742 μὲν
1288 3670 1598 3737 διαφυσσω-

28 3769 203 3839 μένων,
243 3768 382 3840 μηδὲ
408 3767 507 3838 τὴν
538 3766 680 3836 ἁφὴν
703 3765 908 3835 ἄψοφον
938 3764 1104 3835 ἔχειν,
1133 3762 1492 3833 νοτιζομένων
1516 3760 1595 3823 δὲ,

28 3860 147 3929 μηδὲ
176 3860 273 3931 τὴν
319 3858 628 3930 διαῤῥαγὴν
679 3856 967 3928 σημαίνειν
1007 3853 1349 3926 ἢσυστολήν.
1388 3854 1631 3943 Πηλουοί

27 3950 173 4020 μένου
218 3951 405 4004 τοίνυν
450 3950 543 4002 καὶ
584 3946 963 4018 παχυνομένου
991 3945 1087 3998 τοῦ
1122 3947 1250 4017 περὶ
1280 3946 1385 4016 γῆν
1415 3944 1595 4016 ἀέρος,

24 4043 148 4096 δοκῶ
201 4043 274 4115 μὴ
342 4041 700 4106 ἐξακούεσθαι
760 4039 851 4092 τὸν
911 4039 1143 4109 ἵκμαρον
1199 4038 1297 4108 τῆς
1362 4035 1595 4109 βροντῆς

22 4130 158 4206 ἦχον.
187 4137 433 4199 Εἰκότως
480 4133 710 4188 νοείσθω
746 4132 808 4185 τὸ
856 4131 949 4184 τοῦ
983 4131 1186 4201 ἀνέμου
1235 4129 1450 4201 πνεῦμα
1480 4130 1598 4183 κτί-

24 4223 195 4287 ζεσθαι
221 4225 460 4295 φάσκειν
484 4224 584 4296 τὴν
618 4223 842 4294 Γραφήν
868 4239 882 4253 ο
911 4221 990 4275 διὸ
1024 4220 1119 4275 καὶ
1147 4223 1211 4292 τῇ
1240 4220 1434 4292 βουντῇ
1477 4236 1601 4274 συν-

24 4318 284 4372 τέτακται.

1412 428 1754 488 DIALOGUS
1796 429 1837 485 I.

3176 431 3280 489 εδδ

2328 548 2635 620 Responsio.

1761 635 1814 691 Id
1844 652 1974 692 vero
2009 636 2185 694 Filius
2223 638 2338 709 ipse
2379 657 2482 697 nos
2512 643 2731 698 abunde
2757 642 2936 709 docet,
2981 658 3103 698 cum
3146 643 3218 696 ait
3259 658 3274 697 ;

1688 727 1798 800 Ego
1824 729 1871 783 si
1899 730 2101 795 abiero,
2137 735 2300 785 veniet
2326 732 2432 799 ille,
2462 735 2551 803 qui
2584 733 2814 803 Spiritus
2831 745 2909 790 est
2943 736 3270 789 veritatis".

2148 887 2680 945 INTERROGATIO
2718 890 2830 946 VII.

1758 1001 1924 1072 Atqui
1966 1002 2184 1058 Littera:
2220 1020 2395 1060 sacrm
2432 1005 2700 1077 Spiritum
2743 1018 2985 1062 creatum
3035 1022 3158 1062 esse
3204 1006 3274 1061 si-

1685 1093 1975 1163 gniﬁcant,
2018 1110 2141 1149 cum
2191 1097 2344 1150 aiunt
2390 1116 2402 1151 :
2453 1098 2559 1165 Qui
2594 1095 2825 1152 solidum
2861 1099 3012 1169 efﬁcit
3047 1098 3268 1160 tonitru,

1686 1197 1737 1239 et
1774 1187 2018 1255 spiritum
2051 1201 2191 1241 creat
2224 1189 2289 1244 °‘.

2320 1258 2632 1325 Responsio.

1754 1366 1824 1422 At
1855 1385 1958 1424 non
1992 1366 2081 1422 hic
2108 1367 2175 1422 de
2201 1370 2387 1425 divino
2414 1371 2616 1441 Spiritu
2641 1388 2824 1428 sermo
2853 1383 2957 1429 est.
2984 1370 3121 1425 Nam
3156 1370 3270 1441 spi-

1692 1456 1823 1509 ritui
1871 1464 2058 1511 creato
2114 1459 2289 1512 sancti
2343 1461 2643 1530 appellatio
2689 1478 2799 1518 non
2853 1462 3135 1531 adjicitur,
3178 1459 3273 1515 sed

1686 1547 1830 1602 nude
1855 1548 2057 1603 dicitur
2089 1568 2102 1603 :
2133 1551 2225 1621 qui
2248 1551 2495 1620 spiritum
2526 1563 2671 1607 creat
2707 1568 2725 1606 :
2756 1555 3019 1608 nimirum
3053 1553 3145 1623 qui
3165 1560 3276 1608 stat

1686 1639 1740 1693 in
1773 1638 1894 1704 hoc,
1924 1646 1983 1693 ut
2013 1639 2189 1695 nubes
2218 1650 2560 1697 commoveat
2589 1652 2644 1698 et
2684 1642 2881 1698 eilieiat
2913 1643 3140 1709 imbres,
3176 1655 3275 1711 per

1686 1745 1847 1800 quem
1886 1740 1939 1786 et
1982 1732 2223 1788 tonitrus
2262 1748 2460 1788 sonum
2511 1734 2629 1789 ﬁeri
2688 1742 3124 1790 consentaneum
3166 1741 3273 1800 est,

1686 1823 1883 1892 spiritu
1943 1824 1999 1879 in
2056 1828 2497 1883 concavitatibus
2542 1828 2772 1883 nubium
2833 1828 3161 1895 intercepto,
3221 1834 3277 1881 et

1686 1916 2039 1986 perruptione
2083 1916 2321 1987 ﬂatuque
2384 1919 2630 1990 subjecta
2681 1919 3084 1990 supplodenle:
3119 1933 3279 1989 pror-

1686 2023 1782 2063 sus
1822 2007 1901 2061 uti
1956 2008 2071 2063 ﬁeri
2117 2009 2367 2066 videmus
2435 2011 2490 2066 in
2533 2014 2716 2067 avium
2776 2014 2860 2068 vel
2891 2012 3271 2083 jumentorum

1650 2100 1869 2173 _vesica
1932 2117 2063 2171 qua:
2119 2101 2271 2157 tenui
2326 2104 2717 2177 pellucidaaque
2739 2106 2901 2162 bullae
2960 2104 3276 2161 consimilis

1687 2200 1791 2246 est.
1841 2190 1995 2247 Hane
2039 2194 2187 2247 enim
2238 2196 2550 2264 petulantes
2586 2197 2836 2268 maleque
2884 2197 3082 2253 morati
3120 2195 3277 2267 pueri

1688 2290 1988 2353 sumptam,
2033 2292 2089 2339 et
2118 2296 2245 2341 aere
2279 2285 2564 2351 siccatam,
2586 2303 2687 2344 suo
2712 2289 2909 2359 spiritu
2945 2289 3275 2354 extendunt,

1689 2390 1755 2428 ac
1791 2374 1991 2430 deinde
2026 2377 2338 2433 clanculum
2382 2394 2503 2434 eam
2536 2378 2824 2448 ferientes,
2851 2380 3093 2453 fragoris
3143 2395 3281 2436 sono

1689 2467 2111 2525 circumstantes
2134 2478 2247 2527 toto
2277 2487 2402 2527 cum
2418 2473 2692 2530 viscerum
2722 2482 2874 2531 motu
2899 2483 2954 2531 et
2976 2477 3089 2532 imo
3114 2474 3282 2531 corde

1691 2561 2180 2632 perterrefaciunt.

2134 2653 2665 2713 INTERROGATIO
2706 2656 2845 2712 VIII.

1763 2741 1828 2798 Et
1880 2743 1973 2814 qui
2007 2742 2083 2809 iit,
2123 2753 2182 2799 ut
2232 2759 2357 2800 cum
2411 2746 2644 2802 hiberno
2673 2754 2917 2817 tempore
2965 2746 3077 2802 sint
3119 2745 3281 2802 iidem

1693 2835 1945 2906 spiritus,
1980 2836 2092 2890 imo
2124 2837 2287 2891 etiam
2341 2838 2804 2906 vehementiores,
2863 2839 3164 2894 tonitruum
3203 2846 3284 2893 ta-

1694 2942 1817 2983 men
1840 2926 2091 2999 fragores
2127 2928 2205 2983 illi
2235 2944 2345 2983 nou
2379 2930 2676 2984 accidant?

2330 3020 2641 3090 Responsio.

1758 3111 1896 3165 Cum
1932 3111 2109 3168 nubes
2145 3111 2378 3167 madida:
2406 3120 2557 3176 sunt,
2608 3127 2674 3168 ac
2709 3111 2867 3167 factm
2899 3112 3178 3168 molliores
3211 3111 3285 3167 ob

1693 3205 1998 3261 crassitiem
2026 3205 2192 3270 aeris,
2216 3212 2269 3261 et
2300 3206 2656 3277 caliginosam
2683 3205 3076 3277 humidamque
3109 3219 3283 3275 aqua-

1696 3313 1815 3350 rum
1851 3297 2320 3366 evaporationem,
2354 3306 2462 3352 tant
2498 3313 2620 3368 qua:
2647 3298 2916 3366 fontibus,
2964 3312 3128 3370 quam
3161 3313 3284 3368 qua:

1695 3388 1877 3444 ﬂuviis
1917 3391 2292 3454 continentur,
2328 3398 2382 3445 et
2425 3399 2587 3447 terrae
2620 3392 2794 3447 mistze
2821 3398 2968 3459 sunt,
3026 3390 3288 3460 strepitus

1696 3479 1789 3533 ille
1823 3478 2057 3550 fragoris
2091 3481 2196 3534 orti
2236 3482 2300 3535 de
2334 3482 2691 3550 perruptione
2727 3482 2956 3537 nubium
2985 3496 3094 3537 non
3126 3480 3290 3536 eIIici-

1698 3578 1828 3623 tur:
1864 3570 2012 3639 quod
2044 3571 2264 3640 quidem
2316 3587 2426 3627 non
2480 3574 2661 3629 ubivis
2707 3582 2981 3628 terrarum
3031 3564 3286 3625 accidere

1697 3663 1856 3726 solet,
1888 3662 1985 3717 sed
2018 3671 2231 3717 tantum
2263 3664 2318 3719 in
2342 3665 2659 3721 climatibus
2691 3668 2813 3735 ejus
2860 3665 3031 3720 hiemi
3064 3664 3187 3735 plus
3219 3678 3293 3717 ze-

1700 3769 1812 3825 quo
1843 3755 2132 3825 subjectis.
2180 3755 2259 3811 Ac
2307 3757 2437 3813 licet
2484 3757 2573 3811 hic
2610 3757 2902 3827 imaginem
2959 3757 3026 3812 de
3083 3764 3291 3813 scutica

1699 3847 2085 3903 membranave
2115 3857 2322 3920 petere,
2371 3865 2493 3921 qua:
2522 3851 2568 3905 si
2603 3866 2630 3903 a
2668 3851 2782 3908 sole
2831 3858 2963 3906 sunt
3004 3849 3287 3907 arefactce.

1700 3954 1769 3994 ne
1801 3941 2042 4012 contingi
2071 3943 2289 4011 quidem
2326 3945 2465 3997 citra
2495 3943 2783 4013 strepitum
2820 3951 3069 4013 possunt.
3092 3941 3290 3997 Verum

1700 4032 1792 4087 ubi
1830 4033 2181 4100 maduerunt,
2232 4048 2428 4089 sonum
2472 4036 2634 4106 plane
2675 4035 2887 4088 nullum
2936 4034 3127 4101 edunt,
3179 4034 3295 4087 sive

1702 4125 1840 4180 adeo
1866 4134 2219 4196 rumpantur,
2271 4126 2389 4180 sive
2421 4125 2840 4195 complicentur.
2888 4124 3090 4179 Eodem
3127 4124 3305 4178 modo

1703 4222 1750 4275 si
1800 4218 1959 4289 quasi
2002 4219 2185 4273 luteus
2234 4218 2317 4275 Iit.
2370 4232 2705 4289 crassusque
2737 4218 2882 4273 circa
2924 4222 3126 4272 terram
3175 4230 3289 4278 aer,

1705 4312 1958 4367 exaudiri
1984 4326 2091 4365 non
2122 4326 2286 4383 posse
2314 4309 2545 4365 ﬂuidum
2572 4311 2869 4380 laxumque
2899 4324 3097 4366 sonum
3136 4308 3289 4363 illum

22 4412 247 4469 tonitrus
281 4412 547 4467 arbitror.
567 4409 786 4467 Debetis
812 4410 980 4481 igitur
1005 4409 1345 4473 existimare,
1370 4409 1608 4463 Litteras
1644 4422 1834 4464 sacras
1859 4406 2067 4474 dicere,
2097 4408 2352 4479 spiritum
2383 4408 2536 4461 Illum
2567 4415 2859 4462 ventosum
2886 4421 2914 4460 a
2943 4404 3052 4461 Deo
3076 4405 3251 4461 creari
3277 4423 3290 4460 :

20 4520 119 4576 qua
150 4506 265 4577 ipsa
304 4505 379 4561 de
406 4520 575 4560 causa
607 4520 710 4558 vox
743 4505 857 4558 bace
884 4505 1111 4558 tonitrui
1144 4504 1438 4573 conjuncta
1469 4513 1573 4558 est.

631 4596 879 4649 ΠΕΥΣΙΣ
910 4595 988 4649 Θ¹.

86 4691 277 4756 Καλῶς
324 4692 458 4761 περὶ
504 4689 598 4743 τοῦ
632 4688 952 4760 Ιινεύματος
978 4687 1335 4758 διδαχθέντες,
1374 4685 1441 4738 τὰ
1474 4684 1600 4757 περι⁵

20 4783 106 4835 τοῦ
154 4783 285 4836 Υίοῦ
354 4781 719 4853 προστεθῆναι
768 4780 1218 4852 παρακαλοῦμεν.
1248 4779 1321 4831 Τὸ
1354 4777 1464 4848 γὰρ
1497 4778 1601 4830 ὑπὸ

21 4874 111 4941 τῆς
157 4873 389 4946 Γραφῆς
435 4872 751 4942 λεγόμενον,
799 4873 1015 4941 Κύριος
1055 4870 1255 4925 ἔκτισέ
1289 4887 1367 4940 με
1407 4868 1604 4939 ἀρχὴν

22 4962 168 5016 ὁδῶν
211 4963 406 5018 αὐτοῦ
448 4965 533 5029 εὶς
569 4962 714 5033 ἔργα
754 4962 964 5029 αὐτοῦ,
1001 4962 1130 5033 περὶ
1156 4960 1318 5015 αὑτοῦ
1352 4959 1604 5031 εἰρῆσθαι

22 5055 154 5119 τινὲς
181 5054 643 5122 διδάσκουσιν,ὃτι
660 5053 877 5117 κτιστὸς
901 5054 995 5107 καὶ
1007 5052 1098 5106 τοῦ
1121 5052 1331 5123 Πατρὸς
1357 5051 1600 5123 ὕστερος.

632 5238 999 5304 Ἀπόκρισις.

88 5330 221 5399 Περὶ
260 5329 363 5399 μὲν
394 5328 486 5382 τοῦ
518 5328 646 5381 Υἱοῦ
680 5328 821 5399 φημὶ
848 5325 1003 5396 κάγὼ
1030 5327 1091 5379 τὸ
1122 5327 1296 5397 ῥῆμα,
1327 5327 1388 5379 οὐ
1414 5326 1602 5396 μέντοι

24 5422 145 5491 περὶ
175 5424 276 5491 τῆς
310 5420 476 5473 αὐτοῦ
502 5420 773 5490 θεότητος,
810 5418 946 5473 ἀλλὰ
981 5418 1080 5490 τῆς
1108 5419 1172 5471 ὲκ
1197 5418 1412 5488 Μαρίας
1436 5418 1602 5472 αὐτοῦ

24 5510 238 5581 σαρκός.
295 5511 585 5573 Ἀκτιστος
620 5510 729 5581 γὰρ
759 5508 997 5579 θεότητι,
1049 5506 1290 5571 κτίζεται
1320 5506 1398 5578 τῷ
1435 5525 1607 5580 προσ-

22 5598 290 5671 λὴμματι.
322 5602 397 5655 Οὐ
424 5601 531 5673 γὰρ
562 5602 724 5672 φησιν
750 5603 783 5673 ἡ
813 5600 932 5655 θεία
962 5600 1153 5671 Γραφὴ
1195 5600 1324 5671 περὶ
1360 5599 1455 5654 τοῦ
1492 5602 1606 5654 Πα-

20 5692 164 5763 τρὸς,
183 5693 497 5757 Κτίζωνείς
520 5691 838 5762 ἀνθρώπους
869 5692 961 5745 τὸν
978 5692 1213 5763 Χριστὸν
1240 5691 1406 5746 αὑτοῦ
1428 5710 1439 5723 δ
1469 5693 1604 5759 ἀλλ’,

87 5813 130 5842 ’³
158 5808 324 5865 Joan.
360 5826 466 5875 va,
502 5810 552 5873 7,
591 5809 673 5864 l5.

92 5946 169 6016 (3)
206 5944 562 6016 Ἐνέργειαν.
602 5948 765 6007 Fottc
797 5950 898 6022 leg.
933 5947 1232 6019 ἐνεργείας.
1269 5946 1424 6002 Eon.

2168 4592 2691 4650 INTERROGATIO
2744 4592 2835 4650 IX.

1784 4684 2016 4751 Quando
2054 4696 2205 4744 recte
2249 4704 2351 4744 nos
2407 4688 2475 4744 de
2511 4686 2719 4758 Spiritu
2760 4688 3012 4753 erudisti,
3054 4689 3296 4759 petimus

1712 4777 1791 4831 uti
1825 4778 1892 4832 de
1918 4777 2057 4834 Filio
2088 4781 2335 4851 quaedam
2371 4781 2620 4851 adjicias.
2654 4780 2812 4847 Quod
2846 4781 2992 4835 enim
3034 4784 3211 4838 sacris
3238 4782 3294 4837 in

1705 4867 1931 4925 Litteris
1985 4874 2350 4943 perscriptum
2406 4873 2637 4943 legimus
2683 4891 2695 4926 :
2735 4871 2988 4926 Dominus
3026 4888 3106 4925 me
3153 4889 3297 4925 crea«

1705 4962 1798 5029 vit,
1824 4962 2033 5018 initium
2058 4966 2263 5019 viarum
2297 4981 2516 5019 suarum
2537 4963 2604 5017 ad
2638 4980 2795 5031 Opera
2824 4980 2924 5017 sua
2944 4964 3010 5017 ³¹;
3046 4963 3099 5017 id
3123 4965 3189 5019 de
3212 4964 3299 5017 FI-

1710 5052 1785 5106 lio
1832 5052 2085 5125 plerique
2147 5055 2352 5110 dictum
2407 5054 2634 5118 volunt,
2687 5068 2813 5109 esse
2849 5053 3107 5109 videlicet
3148 5054 3296 5109 hunc

1710 5151 1981 5211 creatum,
2014 5160 2076 5200 ac
2112 5145 2273 5202 Patre
2308 5145 2690 5217 posteriorem.

2337 5237 2647 5307 Responsio.

1776 5327 1955 5382 Etiam
1990 5328 2109 5399 ipse
2140 5329 2207 5384 de
2254 5329 2398 5385 Filio
2438 5330 2646 5385 dictum
2701 5328 2835 5385 illud
2893 5332 3130 5402 accipio,
3185 5347 3292 5386 non

1702 5431 1883 5477 tamen
1905 5421 1973 5476 de
2002 5421 2175 5491 ipsius
2201 5420 2515 5488 divinitate,
2562 5422 2656 5477 sed
2689 5421 2757 5477 de
2791 5437 2979 5489 carne,
3030 5437 3193 5493 quam
3228 5438 3294 5476 ex

1705 5514 1875 5572 Maria
1899 5516 2158 5587 sumpsit.
2193 5514 2475 5573 Increatus
2503 5518 2648 5573 enim
2679 5526 2939 5590 respectu
2966 5517 3293 5581 divinitatis,

1705 5607 1827 5677 ejus
1854 5609 2070 5664 ratione
2096 5616 2316 5663 creatur
2331 5609 2477 5680 quod
2513 5610 2841 5681 assumpsit.
2862 5608 2975 5665 Nec
3004 5610 3148 5665 enim
3183 5607 3309 5661 Lina

1706 5704 1839 5754 terte
1881 5712 2055 5755 sacrze
2082 5698 2151 5755 de
2196 5698 2358 5756 Patre
2393 5700 2474 5757 sic
2506 5700 2839 5772 loquuntur,
2863 5699 2969 5766 Qui
3001 5706 3153 5755 creat
3185 5697 3289 5752 lio-
3392 5728 3395 5731 ‹

753 5810 798 5841 ³ο
824 5809 994 5864 Amos
1020 5825 1092 5873 ιν,
1124 5810 1212 5862 15.
1288 5808 1329 5839 ³¹
1373 5807 1536 5865 Prov.
1567 5827 1687 5883 vm,
1720 5812 1811 5875 22.
