3818 6504
479 377 584 436 867

486 492 735 551 minibus
763 489 1000 548 Unctum
1039 502 1204 545 suum
1245 487 1396 548 :sed,
1429 486 1532 554 Qui
1561 487 1860 543 annuntiat
1898 486 2075 541 homi-

482 587 651 642 nibus
685 583 928 640 Unctum
974 597 1162 647 suum,
1219 579 1388 635 Deum
1427 579 1642 635 scilicet
1668 579 1820 634 illum
1859 593 2072 644 verum,

481 672 900 740 immutabilem,
959 689 1067 728 non
1111 680 1384 734 creatum,
1419 679 1752 725 coaeternum
1803 669 1970 734 Patri,
2022 675 2078 728 et

481 783 609 824 cum
651 782 719 823 eo
748 765 1146 822 subsistentem
1199 771 1329 818 ante
1369 763 1569 817 saacula
1603 780 1615 816 :
1645 761 1714 817 de
1766 776 1877 832 quo
1904 759 2078 816 Joan-

483 873 582 914 nes
620 857 844 920 clamat,
873 854 980 922 Qui
1007 863 1085 909 est
1111 855 1167 907 in
1199 853 1321 906 sinu
1348 851 1530 906 Patris
1549 851 1594 883 “
1621 869 1635 916 ;
1668 860 1722 906 et
1748 851 1842 921 qui
1873 849 2076 907 Mosem

483 946 760 1002 Pharaoni
814 945 1003 1000 dicere
1031 943 1188 1014 jubet
1224 961 1237 997 :
1272 957 1404 1009 non,
1449 940 1500 996 ls
1541 940 1636 1012 qui
1676 939 1939 996 conditus
1973 940 2079 995 ali-

485 1039 710 1111 quando
745 1046 831 1095 est
862 1037 881 1109 (
909 1037 977 1092 de
1023 1035 1296 1093 sententia
1348 1033 1679 1089 stolidorum
1712 1032 2079 1102 quorumdam

487 1141 543 1188 et
569 1130 994 1204 insipientium),
1015 1128 1134 1194 sed,
1169 1127 1273 1195 Qui
1305 1136 1404 1192 est,
1433 1126 1502 1179 ad
1537 1135 1584 1179 te
1616 1140 1697 1178 me
1729 1124 1990 1196 ablegavit
2013 1124 2079 1182 ⁸³.

488 1223 610 1294 Ipse
655 1221 893 1293 denique
937 1221 1007 1276 de
1047 1235 1107 1275 se
1150 1234 1247 1290 per
1283 1216 1510 1271 Paulum
1551 1215 1627 1268 ait
1659 1233 1672 1270 :
1707 1213 1954 1270 Christus
1991 1214 2082 1287 qui

488 1325 568 1371 est
590 1315 732 1371 Deus
767 1330 924 1385 super
949 1313 1194 1368 universa
1210 1310 1276 1366 “.

970 1423 1497 1482 INTERROGATIO
1528 1425 1606 1505 .x.

567 1541 683 1599 lmo
709 1542 778 1598 de
805 1540 968 1596 Patre
997 1539 1227 1610 scripsit
1266 1539 1372 1594 hoc
1412 1538 1615 1606 Moses,
1657 1541 1762 1608 Qui
1799 1550 1902 1606 est,
1944 1538 2013 1594 ad
2038 1548 2084 1594 te

499 1653 583 1692 me
607 1635 889 1707 ablegavit,
925 1648 1035 1688 non
1065 1633 1135 1689 de
1178 1631 1423 1689 Christo.

1126 1741 1439 1813 Responsio.

567 1857 834 1931 Equidem
872 1863 1106 1914 avestra
1138 1855 1412 1913 charitate
1469 1864 1617 1927 peto,
1665 1872 1735 1912 ne
1785 1871 2074 1913 sacrorum

494 1945 915 2022 Evangeliorum
959 1946 1174 2004 falsarii
1214 1945 1359 2013 sitis,
1392 1947 1444 2002 in
1487 1947 1692 2018 quibus
1730 1949 1848 2018 ipse
1897 1947 2084 2003 Domi.

494 2060 604 2102 nus
644 2040 748 2100 hoc
793 2039 1063 2100 divinitus
1105 2043 1334 2115 protulit
1371 2041 1588 2098 :Moses
1617 2043 1682 2099 de
1722 2061 1805 2099 me
1848 2045 2080 2115 scripsit,

492 2147 546 2194 et
578 2133 706 2192 mihi
742 2136 1045 2192 testimonio
1076 2145 1154 2190 est
1193 2136 1261 2190 ³⁸.
1299 2134 1470 2208 Igitur
1499 2143 1553 2192 et
1601 2134 1765 2192 Pater
1819 2145 1904 2193 est
1946 2139 2085 2194 exsi-

496 2242 652 2289 stens
700 2229 816 2294 ille,
873 2236 929 2284 et
951 2227 1124 2284 Filius
1165 2227 1384 2284 exsistit
1433 2243 1559 2283 cum
1595 2226 1778 2292 Patre.
1823 2229 1891 2286 de
1925 2229 2086 2287 Patre

495 2321 739 2393 genitus,
771 2336 882 2376 non
931 2318 1198 2375 confusus
1248 2335 1374 2375 cum
1409 2318 1594 2386 Patre,
1631 2335 1741 2376 non
1780 2321 2084 2378 exsistendi

496 2413 829 2485 principium
856 2412 1091 2477 habens,
1133 2410 1231 2468 sed
1262 2414 1542 2468 exsistens
1576 2425 1704 2467 cum
1746 2410 1931 2479 Patre,
1964 2421 2086 2470 tan-

497 2523 666 2578 quam
697 2505 918 2563 nativus
946 2503 1143 2560 Filius.
1162 2502 1275 2560 Nec
1314 2505 1464 2560 enim
1497 2520 1740 2577 unquam
1771 2521 1948 2562 sevum
1981 2507 2085 2562 ali-

499 2599 646 2670 quod
680 2599 767 2656 vel
802 2606 1022 2669 tempus
1048 2597 1134 2653 vel
1174 2597 1441 2668 temporis
1487 2598 1757 2655 articulus
1807 2598 1931 2664 fuit,
1977 2616 2086 2671 quo

499 2689 671 2746 Filius
700 2705 810 2746 non
839 2689 1154 2746 exsisteret.
1203 2685 1518 2758 Cmteroqui
1556 2703 1690 2742 num
1743 2696 1798 2744 et
1831 2688 1949 2760 ipse
1981 2689 2085 2744 Pa-

497 2790 586 2836 ter
617 2791 735 2837 erat
764 2779 994 2837 alterius
1019 2795 1081 2836 se
1113 2778 1318 2849 prioris
1344 2778 1571 2835 Patris?
1601 2777 1954 2852 QuaprOpter
2009 2776 2087 2837 si-'-

500 2875 615 2932 mul
644 2872 865 2930 Patrem
899 2871 1268 2944 proliteberis,
1327 2879 1383 2928 et
1429 2887 1558 2928 mox
1589 2887 1715 2928 cum
1747 2871 1912 2930 Patre
1962 2877 2086 2931 uni-

500 2983 693 3042 genam
729 2965 1262 3036 dilectissimumque
1295 2963 1522 3020 Filium.
1587 2964 1725 3020 Nam
1757 2967 1854 3038 qui
1889 2982 1949 3023 se
1979 2966 2086 3023 Pa-

503 3072 644 3119 trem
675 3061 884 3116 honore
929 3066 1126 3130 putant
1174 3056 1414 3123 allicere,
1461 3057 1508 3114 si
1532 3057 1732 3114 dicant
1770 3074 1896 3115 eum
1937 3060 2092 3130 prius

503 3153 803 3218 exstitisse,
829 3166 1059 3223 prorsus
1091 3149 1246 3220 impii
1268 3157 1562 3220 propterea
1597 3157 1746 3216 sunt,
1777 3152 1922 3223 quod
1953 3159 2092 3208 tem-

507 3263 611 3319 pus
639 3253 766 3302 ante
808 3243 1139 3300 saeculorum
1192 3241 1444 3312 opiﬁcem
1494 3239 1777 3298 Christum
1816 3252 2091 3300 statuunt.

507 3339 721 3396 Etenim
754 3336 896 3408 apud
934 3335 1106 3392 Deum
1131 3349 1234 3393 nec
1259 3349 1376 3390 aevo
1399 3334 1556 3391 locus
1578 3343 1684 3400 est,
1705 3349 1806 3390 nec
1833 3335 2094 3406 tempori,

509 3446 614 3490 nec
636 3431 850 3488 dierum
877 3426 1363 3492 conversionibus,
1389 3441 1491 3482 nec
1523 3434 1753 3498 puncto,
1784 3441 1889 3482 nec
1922 3428 2097 3483 minu-

510 3525 606 3590 tis,
628 3537 733 3578 nec
777 3520 924 3576 oculi
953 3525 1260 3586 momento,
1316 3517 1480 3574 sicuti
1527 3532 1630 3574 nec
1665 3517 1969 3574 informare
2010 3534 2097 3575 se-

511 3629 638 3670 cum
685 3627 842 3668 mens
877 3610 988 3666 ulla
1045 3608 1338 3664 Trinitatis
1392 3606 1689 3675 inellabjlis
1731 3610 2095 3667 arternitatem

511 3713 693 3778 potest
721 3722 735 3759 :
766 3703 968 3775 quippe
998 3702 1046 3758 si
1108 3700 1286 3768 dicas,
1329 3699 1504 3756 fuisse
1526 3698 1749 3757 Patrem
1774 3701 2094 3774 aliquando,

512 3812 640 3854 cum
662 3795 836 3852 Filius
863 3809 974 3850 non
1003 3791 1502 3861 exsisteretzcujus
1535 3800 1679 3855 erat,
1710 3792 1970 3858 obsecro,
1989 3791 2095 3847 Pa-

511 3900 622 3957 ter,
647 3905 774 3947 cum
794 3889 993 3945 Filium
1021 3902 1132 3944 non
1166 3885 1442 3943 haberet?
1469 3883 1628 3952 Quod
1677 3884 1726 3941 si
1763 3899 1933 3956 negas
1969 3899 2096 3941 eum

511 3985 732 4042 Patrem
761 3997 906 4050 esse,
938 3981 1103 4040 simul
1134 3981 1310 4052 ipsam
1339 3979 1460 4050 ejus
1493 3987 1750 4034 naturam
1781 3978 1838 4034 in
1879 3977 2097 4035 univer-

514 4096 640 4138 sum
693 4077 897 4134 tollito.
935 4074 1289 4146 Quapropter
1325 4070 1684 4140 credendum,
1733 4086 1859 4128 esse
1893 4069 2094 4128 Filium

512 4171 758 4243 ejusdem
787 4168 1044 4227 essentia:
1071 4182 1196 4222 cum
1229 4163 1414 4231 Patre,
1437 4179 1550 4220 non
1582 4178 1710 4220 cum
1733 4165 1972 4220 essentia
1999 4164 2099 4222 Pa-

513 4265 618 4321 tris
640 4263 955 4327 conl'usum,
984 4257 1455 4332 quemadmodum
1502 4255 1782 4314 Sabellius
1803 4256 2096 4316 delirabat.

1579 367 1638 426 ε.
1681 365 1979 424 cassae"
2007 349 2342 425 cnsconu
2368 362 2668 421 rnarms

2193 485 2579 557 Ἀπαγγέλλων
2613 485 2694 548 εἰς
2719 482 3040 556 ἀνθρώπους
3070 483 3162 538 τὸν
3197 484 3432 556 Χριστὸν
3461 483 3648 549 αὐτοῦ,
3669 489 3745 542 τιν

2179 578 2431 651 ἀληθινὸν
2477 577 2573 632 καὶ
2629 577 2899 648 ἄτρεπτον
2935 573 3089 642 Θεδν,
3132 577 3224 630 τὸν
3257 575 3633 640 ἀναλλοίωτον,
3670 580 3743 632 τδδ

2180 670 2435 726 ἄκτιστόν
2488 687 2550 723 τε
2603 669 2697 724 καὶ
2737 668 3006 722 συναΐδιον
3051 668 3129 740 τῷ
3173 667 3372 741 Πατρὶ,
3416 669 3523 740 πρὸ
3553 669 3741 724 αἰώνων

2183 763 2594 834 ξυνυπάρχοντα
2617 774 2631 790 ’
2687 761 2933 816 Ἰωάννου
2985 761 3085 833 μὲν
3135 760 3384 832 βοιῖιντος,
3444 762 3498 817 '0
3553 761 3634 816 ὧν
3683 763 3742 816 ἐν·

2182 854 2308 922 τοῖς
2337 857 2591 921 κόλποις
2619 854 2728 909 τοῦ
2746 855 2974 924 Πατρός
2999 869 3013 884 ⁸
3046 853 3208 918 αὐτὸς
3241 855 3435 908 Musaei
3459 854 3738 910 ἐντέλλεται

2183 946 2328 1018 ὲρεῖν
2349 945 2428 1018 τῷ
2481 944 2703 1019 Φαραὼ,
2736 946 2856 1016 οὐχ,
2899 945 2966 998 Ὀ
3000 961 3131 998 ποτε
3166 945 3409 1008 κτισθεὶς
3447 944 3606 1016 (κατὰ
3631 946 3739 1008 τοὺς

2184 1037 2588 1102 εἰκαιοόούλους
2604 1039 2697 1092 καὶ
2711 1035 3162 1110 ματαιόφρονας),
3189 1037 3326 1101 ἀλλ’,
3344 1037 3553 1106 Ἐρεῖς,
3575 1039 3737 1108 φησὶν,

2193 1145 2212 1180 ι
2257 1129 2312 1181 '0
2347 1126 2434 1182 ὢν
2461 1125 2811 1183 ἀπέσταλκέ
2831 1142 2932 1197 με.
2964 1145 2984 1178 ι
3035 1125 3208 1189 Αὐτὸς
3236 1125 3293 1178 δὲ
3332 1128 3461 1196 περὶ
3480 1123 3664 1177 ἑαυτοῦ
3688 1126 3734 1175 ὲν

2187 1217 2385 1290 Παύλῳ
2413 1218 2573 1290 φησι,
2599 1215 2853 1288 Χριστὸς
2882 1218 2915 1270 ό
2938 1216 3024 1270 ὢν
3059 1215 3156 1270 ἐπὶ
3187 1215 3430 1268 πάντων
3453 1215 3611 1280 Θεοῖς.

2807 1423 3057 1478 ΠΕΥΣΙΣ
3085 1421 3141 1476 ι’.

2271 1539 2434 1597 Ἀλλὰ
2455 1540 2695 1613 Μωῦσῆς
2722 1540 2852 1612 περὶ
2888 1537 2982 1594 τοῦ
3015 1537 3227 1609 Πατρὸς
3249 1535 3454 1607 ἔγραψε
3485 1534 3565 1598 τὸ,
3605 1535 3651 1586 Ὁ
3670 1531 3743 1590 ὧν

2187 1633 2540 1692 ἀπέσταλκέ
2563 1649 2659 1704 με,
2691 1633 2752 1686 οὐ
2776 1631 2886 1702 γὰρ
2918 1630 3047 1703 περὶ
3084 1627 3342 1701 Χριστοῦ.

2808 1746 3165 1815 Ἀπόκρισις.

2272 1860 2434 1928 Ἄξιῶ
2480 1860 2635 1933 ὑμῶν
2678 1860 2779 1932 τὴν
2819 1859 3063 1932 ἀγάπην,
3096 1858 3174 1931 μὴ
3218 1857 3650 1932 παραχαράττειν
3681 1861 3743 1913 τὰ

2190 1955 2517 2026 Εὑαγγέλια,
2539 1953 2634 2008 τοῦ
2661 1953 2866 2025 Κυρίου
2901 1954 2960 2006 ἐν
2992 1952 3174 2018 αὐτοῖς
3209 1952 3608 2025 θεηγοροῦντος,
3629 1952 3744 2006 Πω-

2189 2046 2312 2116 σῆς
2330 2049 2556 2118 ἔγραψε
2582 2045 2717 2115 περὶ
2766 2044 2934 2116 ἐμοῦ,
2963 2045 3061 2100 καὶ
3095 2044 3278 2112 αὐτὸς
3300 2045 3588 2116 μαρτυρεῖ
3625 2048 3738 2115 περὶ

2190 2134 2358 2207 ἐμοῦ.
2393 2137 2488 2189 Ὢν
2532 2135 2714 2190 τοίνυν
2746 2136 2775 2188 ὁ
2815 2134 3026 2206 Πατὴρ,
3054 2134 3148 2189 καὶ
3174 2133 3250 2188 ὢν
3286 2136 3316 2189 ὀ
3345 2135 3474 2199 Υἱὸς
3503 2134 3628 2206 πρὸς
3665 2136 3741 2188 tto

2192 2229 2435 2302 Πατέρα,
2478 2231 2572 2284 καὶ
2625 2227 2683 2296 ἐξ
2717 2226 2883 2283 αὐτοῦ
2929 2227 3228 2300 γεννηθεὶς,
3275 2229 3337 2281 οὐ
3375 2227 3651 2298 συναλοιφή
3677 2228 3741 2280 ὢν

2189 2317 2269 2390 τῷ
2301 2320 2496 2393 Harp},
2545 2319 2646 2374 οὐκ
2697 2318 3004 2391 ἀρξάμενος
3040 2318 3103 2372 τὸ
3126 2313 3288 2381 εἶναι,
3329 2317 3467 2373 ἀλλὰ
3495 2317 3655 2372 συνὼν
3676 2319 3743 2387 τῷ

2192 2410 2371 2482 Πατρὶ
2397 2410 2474 2474 ὡς
2505 2411 2728 2482 γνήσιος
2778 2409 2925 2475 Υἱός.
2973 2409 3088 2464 Οὐκ
3113 2405 3181 2482 ἦν
3213 2410 3324 2483 γάρ
3364 2427 3493 2464 ποτε
3533 2409 3669 2474 αἰὼν,
3709 2414 3742 2481 ἢ

2191 2502 2405 2575 χρόνος,
2459 2503 2493 2576 ἢ
2533 2501 2757 2576 καιρὸς,
2793 2502 2881 2557 ὅτε
2935 2502 3034 2557 οὐκ
3091 2498 3162 2574 ἦν
3209 2503 3240 2555 ὁ
3291 2502 3441 2568 Υἱός.
3488 2499 3623 2575 Ἀρα
3662 2509 3742 2558 καί

2193 2594 2356 2658 αὐτὸς
2393 2595 2422 2648 ὁ
2455 2594 2646 2668 Πατὴρ
2675 2590 2745 2667 ἦν
2776 2595 2966 2666 ἐτέρου
3019 2595 3234 2668 Πατρδς
3278 2597 3371 2651 τοῦ
3418 2598 3524 2670 πρὸ
3566 2600 3741 2662 cura];

2197 2689 2350 2760 ’Ἀμα
2402 2683 2496 2742 οὖν
2550 2688 2777 2762 Πατέρα
2833 2688 3186 2762 ὁμολογήσεις
3209 2730 3224 2753 ,
3277 2690 3636 2762 ξυνομολογεῖς
3677 2697 3741 2762 (ὁ)

2193 2777 2350 2846 αὖθις
2406 2781 2498 2838 τὸν
2545 2781 2808 2853 μονογενῆ
2863 2783 2960 2836 καὶ
3020 2782 3272 2852 φίλτατον
3324 2785 3515 2840 Παῖδα.
3560 2785 3617 2839 Οί
3651 2787 3743 2856 γάρ

2193 2873 2477 2940 δοκοῦντες
2519 2873 2610 2928 διὰ
2661 2874 2759 2946 τῆς
2818 2870 3215 2948 προῦπᾶρξεως
3269 2877 3362 2930 τὸν
3423 2878 3624 2949 Πατέρα
3674 2897 3742 2933 τι·

2199 2969 2327 3038 μᾷν,
2349 2966 2532 3020 τέλεον
2556 2965 2812 3020 ἀσεϐοῦσι
2833 3010 2846 3032 ,
2877 2966 3067 3038 χρόνον
3099 2967 3132 3038 ἢ
3165 2968 3356 3040 καιρὸν
3385 2970 3742 3041 προτάττοντες

2198 3058 2292 3113 τοῦ
2322 3059 2548 3132 ποιητοῦ
2578 3059 2686 3113 τῶν
2718 3058 2929 3114 αἰώνων
2976 3059 3236 3133 Χριστοῦ.
3286 3062 3449 3135 Παρὰ
3502 3063 3610 3135 Θεῷ
3649 3067 3741 3136 γὰρ

2197 3156 2296 3209 οὐκ
2310 3153 2464 3221 αἰὼν,
2481 3155 2542 3209 οὑ
2569 3155 2780 3227 χρόνος,
2805 3155 2904 3226 οὐχ
2921 3153 3145 3228 ἡμερῶν
3163 3155 3423 3228 περίοδοι,
3446 3159 3507 3212 οὐ
3527 3162 3739 3230 στιγμαὶ,

2196 3249 2298 3302 οὐκ
2347 3248 2562 3320 ἄτομοι,
2608 3249 2670 3302 οὐ
2720 3247 2854 3320 ῥιπὴ
2901 3247 3204 3320 ὀφθαλμοῦ,
3239 3248 3301 3302 οὐ
3333 3250 3539 3322 διανοίᾳ
3572 3269 3739 3321 φαντί.

2200 3340 2390 3412 σθῆναι
2422 3335 2534 3394 οἶόν
2567 3357 2626 3395 τε
2648 3341 2750 3412 τῆς
2773 3341 3052 3412 ἁφράστου
3085 3341 3313 3414 Τριάδος
3343 3341 3404 3396 τὸ
3434 3345 3662 3416 ἄχρονον.
3688 3346 3738 3397 ΕΞ

2198 3434 2307 3506 γὰρ
2338 3435 2446 3506 φῂς
2490 3434 2574 3488 ὅτι
2593 3425 2662 3504 ἦν
2683 3434 2874 3507 Πατήρ
2897 3450 3049 3506 ποτε,
3073 3435 3162 3490 ὅτε
3184 3435 3284 3490 οὐκ
3306 3430 3375 3508 ἦν
3403 3438 3433 3492 ὁ
3463 3437 3600 3502 Υἱὸς,
3619 3439 3740 3500 τίνος

2200 3525 2309 3596 ἄρα
2349 3525 2566 3598 ὑπῆρχε
2614 3526 2805 3598 Πατὴρ
2849 3527 2922 3600 μὴ
2959 3529 3113 3592 ὄντος
3143 3527 3314 3593 Υιοῦς
3350 3529 3416 3583 ΕΞ
3445 3524 3569 3584 δἀῦ
3607 3530 3740 3584 πάλιν

2198 3618 2291 3673 τὸν
2315 3619 2537 3692 Πατέρα
2560 3619 2723 3674 αὐτὸν
2754 3621 2829 3692 μὴ
2863 3621 3128 3692 ὑπάρχειν
3153 3622 3393 3685 ὑποστὰς
3429 3617 3511 3688 εἴ,
3545 3623 3739 3691 ξυναρέ-

2200 3711 2294 3766 λου
2314 3711 2478 3767 αὑτὸν
2501 3711 2731 3767 καθόλου
2753 3712 2815 3767 τὸ
2841 3709 3004 3771 εἶναι.
3026 3713 3257 3769 Πίστευε
3281 3711 3376 3769 οὖν
3396 3715 3658 3786 ὁμοούσιον
3679 3714 3742 3784 τῷ

2201 3804 2377 3874 Ilath
2404 3803 2496 3859 τὸν
2541 3803 2689 3871 Υἰδν,
2745 3805 2821 3878 μὴ
2860 3807 3217 3872 συνούσιον,
3246 3807 3389 3862 κατὰ
3425 3809 3523 3880 τὴν
3549 3808 3632 3861 τοῦ
3659 3809 3741 3861 Σα-

2201 3893 2410 3949 δελλίου
2453 3897 2764 3968 παροινίαν.
2791 3898 2866 3951 Τὸ
2902 3897 3005 3970 μὲν
3029 3897 3138 3971 γὰρ
3162 3899 3398 3972 ὑπάρχει
3437 3901 3737 3961 ὑποστάσεως

2199 3985 2514 4057 δηλωτικὸν,
2557 3991 2618 4042 τὸ
2644 3988 2723 4057 δὲ,
2757 3988 3108 4063 βλασφημίας
3147 3993 3229 4057 είς
3269 3992 3490 4064 Πατέρα
3520 3992 3608 4048 τοῦ
3635 3991 3738 4045 lio-3

2201 4076 2413 4133 καὶτοῦ
2446 4081 2763 4151 Πνεῦματος
2807 4083 3278 4156 ἀνακιρναμένων,
3324 4083 3419 4140 καὶ
3460 4086 3537 4150 είς
3574 4083 3737 4156 μονάδι

2201 4169 2299 4241 τὴν
2363 4171 2569 4243 Τριάδα
2619 4175 2980 4248 ἀναλυούσης,
3013 4176 3153 4248 ὅπερ
3186 4177 3468 4248 ἀλλότριον
3504 4175 3735 4236 παντεώ

2201 4263 2312 4318 τῶν
2339 4265 2501 4322 θείων
2534 4268 2771 4342 ὑπάρχει
2797 4269 2998 4342 νόμων.

513 4356 652 4414 Nam
680 4356 878 4411 horum
907 4353 1140 4409 alterum
1161 4349 1623 4422 signiﬁcationem
1661 4363 1914 4420 personae
1937 4365 2004 4406 ac
2033 4351 2361 4414 substantiae
2387 4357 2574 4425 habet,
2594 4361 2830 4418 alterum
2861 4361 3023 4434 plane
3044 4361 3426 4434 blasphemum
3456 4373 3539 4421 est
3563 4385 3575 4418 :
3597 4377 3736 4434 quand

516 4453 590 4509 do
607 4467 672 4508 ea
694 4450 906 4506 ratione
922 4447 1099 4503 Itilius
1127 4455 1181 4503 et
1198 4442 1437 4516 Spiritus
1471 4457 1599 4498 cum
1616 4440 1782 4499 Patre
1804 4445 2261 4517 commiscentur,
2291 4465 2356 4506 ac
2385 4450 2630 4510 Trinitas
2661 4454 2716 4509 in
2750 4454 3014 4512 unitatem
3039 4455 3331 4512 resolvitur
3359 4457 3533 4528 :quod
3555 4460 3735 4513 omnino

515 4545 719 4605 divinis
745 4559 774 4600 a
803 4542 1014 4616 legibus
1045 4548 1132 4598 est
1162 4539 1422 4595 alienum.

977 4653 1495 4716 INTERROGATIO
1541 4650 1634 4709 XI.

586 4781 867 4848 Quantum
919 4789 1021 4831 nos
1075 4770 1298 4844 quidem
1352 4765 1839 4840 deprehendimus,
1874 4780 2104 4822 venera-

2792 4657 3044 4712 ΠΕΥΣΙΣ
3078 4659 3180 4714 lA'.

2287 4772 2376 4837 Ἐξ
2407 4767 2484 4828 ὧν
2525 4771 2874 4847 εὑρίσκομεν,
2920 4775 3161 4846 τριθεῖαν
3208 4778 3445 4847 φρονεῖς,
3491 4779 3729 4849 τιμιώτατε

519 4873 669 4929 tione
691 4866 1015 4941 dignissime
1033 4865 1218 4932 Pater,
1248 4868 1365 4917 tres
1406 4873 1530 4916 esse
1563 4857 1698 4913 deos
1721 4856 1918 4913 statuis
1946 4875 1958 4910 :
1996 4871 2093 4926 quc

2204 4863 2388 4937 Πάτερ
2415 4879 2428 4894 ’
2466 4866 2545 4930 εἰς
2568 4867 2634 4938 ἢν
2661 4867 3039 4939 ἐκφερόμενοι,
3061 4867 3141 4932 είς
3168 4868 3340 4922 πολλὰ
3382 4871 3728 4942 ὲκπεσούμεϐα.

520 4965 568 5020 si
603 4959 1056 5022 exorbitabimus,
1092 4957 1148 5011 in
1176 4950 1594 5009 multitudinem
1630 4947 1962 5004 incidemus.
1998 4946 2108 5002 Ea-

519 5073 628 5130 que
651 5056 864 5111 ratione
881 5052 994 5115 θοι,
1011 5058 1184 5107 utnos
1205 5047 1405 5104 doceas
1424 5044 1603 5102 colere
1626 5058 1735 5098 non
1760 5057 1929 5096 unum
1953 5042 2104 5111 prin-

520 5151 698 5222 cipem
730 5147 923 5211 Deum,
951 5140 1050 5200 sed
1084 5141 1310 5198 multos.

1166 5255 1470 5325 Responsio.

596 5376 709 5448 Ego
740 5389 872 5432 vero
895 5389 1020 5429 cum
1053 5380 1165 5428 tres
1197 5382 1466 5442 personas
1490 5372 1698 5429 statuo,
1724 5377 1833 5418 non
1860 5360 2101 5415 divinam

526 5478 779 5528 naturam
810 5465 1017 5530 divido,
1043 5463 1136 5521 sed
1175 5461 1439 5517 unitatem
1471 5457 1591 5528 ejus
1630 5449 2104 5516 conﬁtendo,Tri-

525 5564 750 5618 nitatem
775 5558 1005 5630 supplex
1035 5555 1288 5626 imploro.

2208 4957 2303 5010 καὶ
2323 4956 2383 5009 οὺ
2406 4956 2694 5030 μοναρχία,
2710 4957 2847 5013 ἀλλὰ
2871 4959 3129 5031 πολυθεῖᾳ
3143 4959 3428 5032 λατρεύειν
3445 4961 3729 5034 παρασκευά-

2209 5045 2320 5112 ζεις
2347 5049 2514 5120 ἡμᾶς.

2839 5231 3200 5300 Ἀπόκρισις.

2278 5347 2352 5401 Οὐ
2383 5345 2480 5419 τὴν
2507 5345 2656 5401 θείαν
2702 5345 2864 5416 φύσιν
2891 5345 3135 5419 διαιρῶν,
3165 5349 3315 5419 τρεῖς
3345 5348 3510 5418 αὐτῆς
3541 5343 3729 5400 Gnosii.

2213 5457 2326 5504 σεις
2358 5438 2518 5511 φημὶ,
2541 5437 2657 5493 ἀλλ’
2679 5437 2896 5510 ἐκείνης
2921 5437 3020 5510 τὴν
3053 5438 3247 5494 ἕνωσιν
3269 5434 3554 5511 ὁμολογῶν,
3571 5434 3728 5509 Τριάὖι

2213 5531 2414 5587 ποτνιῶ
2421 5549 2517 5605 μαι
2533 5531 2805 5602 δεόμενος.

600 5721 646 5754 ³¹
681 5719 838 5776 Joan.
868 5734 908 5784 ι,
944 5716 1030 5772 l8.
1111 5712 1154 5747 η
1185 5710 1354 5766 Exod.
1388 5707 1590 5793 ut,_M.
1667 5705 1714 5738 ”
1743 5702 1900 5760 Rom.
1938 5717 2013 5768 ιγ,
2050 5700 2093 5755 5.

2204 5697 2225 5729 ⁸
2263 5695 2418 5752 Joan.
2451 5710 2504 5761 ν,
2532 5693 2601 5749 46

600 5886 676 5954 (4)
704 5880 1154 5953 Ξυνομολογεῖς.
1173 5879 1252 5932 An
1281 5867 1690 5945 ξυνομολογῶνῖ
1720 5867 1874 5923 Enn.
