3814 6502
31 372 117 443 869

582 489 833 543 ΠΕΥΣΙΣ
874 487 972 541 IB'.

90 629 219 686 Τδδὲ
249 629 424 699 λέγειν
458 644 519 682 σε
577 627 710 681 Θεὸν
750 626 843 680 τὸν
893 622 1136 694 Πατέρα,
1175 620 1271 674 καὶ
1314 617 1448 673 Θεὸν
1484 618 1576 672 τὸν

1407 369 1756 429 DIALOGUS
1781 370 1825 427 I.

3162 376 3268 431 870

2127 483 2649 544 INTERROGATIO
2695 486 2811 543 XII.

1750 618 1821 669 At
1849 630 1974 671 eum
2023 615 2195 672 Deum
2241 617 2482 686 Patrem,
2530 619 2699 676 Deum
2729 619 2954 687 Filium,
3003 632 3059 677 et
3088 620 3264 677 Deum

28 730 153 789 Υἱὸν,
185 724 275 778 καὶ
313 723 445 777 Θεὸν
485 722 548 776 τὸ
584 719 739 791 ἅγιον
782 717 1027 788 Πνεῦμα,
1058 714 1302 788 τριθεῖαν
1328 712 1579 784 φανερῶς

1727 709 1951 779 piritum
2024 719 2278 766 sanctum
2336 712 2498 777 dicis,
2572 713 2867 771 manifesto
2939 724 3057 774 tres
3128 717 3262 773 deos

29 819 282 879 διδάσκεις.

605 882 973 950 Ἀπόκρισις.

80 977 266 1051 Τριάδα
287 976 434 1046 φημὶ
461 974 563 1044 τῆς
609 972 782 1041 αὐτῆς
814 969 1025 1032 οὐσίας.
1050 967 1151 1037 τῆς
1176 964 1347 1035 αὐτῆς
1388 961 1580 1034 ῥώμης

22 1095 70 1130 τε
117 1069 205 1126 καὶ
241 1068 517 1139 θεότητος.
579 1066 678 1119 οὐκ
721 1063 991 1128 αὔξουσαν
1035 1060 1067 1129 ἢ
1126 1056 1453 1129 μειουμένην
1487 1052 1583 1109 καὶ

25 1170 294 1237 λήγουσαν,
340 1160 404 1212 οὐ
439 1157 758 1229 προσθήκην
801 1153 880 1224 τῷ
915 1148 1133 1223 ἀριθμῷ
1167 1146 1579 1237 ).αμ6άνουσαν’

26 1234 181 1314 ιί-καὶ
217 1252 383 1322 σαρκὶ
430 1249 697 1318 ἐνωθῆναι
753 1249 782 1300 ὁ
829 1244 1002 1312 Λόγος
1035 1241 1372 1312 ηὐδόκησεν,
1418 1234 1583 1307 μηδὲν

26 1347 300 1414 ἐπεισάγων
352 1341 433 1413 τῷ
486 1338 705 1412 ἀριθμῷ
757 1338 855 1408 τῆς
894 1334 1164 1409 ηΤριὰδος.
1224 1331 1340 1385 Μία
1385 1323 1478 1383 οὖν
1528 1326 1585 1379 ὲν

24 1444 64 1496 Τ
66 1438 194 1513 ριὰδι
218 1435 455 1506 σφραγὶς
494 1432 589 1485 καὶ
624 1429 888 1501 σωτηρία,
910 1428 1006 1482 καὶ
1027 1426 1179 1480 οὐδὲν
1209 1426 1266 1476 ὲν
1293 1422 1435 1513 auxi}
1460 1435 1588 1513 κτι-

28 1508 150 1587 σέὸν.
195 1529 273 1581 Εἰ»
301 1527 412 1597 γὰρ
456 1525 705 1587 ἄκτιστος
738 1524 767 1575 ὁ
808 1518 1019 1591 Πατὴρ,
1054 1514 1269 1577 κτιστὸς
1302 1512 1360 1567 δὲ
1393 1514 1423 1564 ὁ
1458 1508 1587 1571 Υἱὸς

25 1627 106 1681 καὶ
139 1623 198 1677 τὸ
236 1620 486 1690 Πνεῦμα,
532 1615 676 1671 κατὰ
708 1616 833 1677 τοὺς
877 1610 1191 1684 Ἀρειανοὺς
1232 1605 1458 1678 μύθους,
1494 1602 1589 1655 καὶ

22 1719 132 1779 τοὺς
166 1713 381 1775 λοιποὺς
409 1709 833 1781 ματαιόφρονας,
871 1704 977 1758 τίνι
1016 1702 1162 1772 λόγῳ
1197 1698 1466 1768 συνῆπται
1495 1693 1590 1747 καὶ

23 1807 307 1865 συνδέδεται
333 1799 838 1873 συγκεραννύμενον
863 1798 958 1852 καὶ
991 1791 1441 1862 συνδοξαζόμενον
1473 1788 1586 1849 τοῖς

20 1901 238 1961 κτιστοίς
266 1897 327 1950 τὸ
354 1898 629 1956 ἄκτιστον,
666 1893 725 1945 ὲν
750 1893 818 1962 τῇ
856 1887 1112 1961 σφραγίδι
1153 1883 1231 1955 (5)
1266 1881 1364 1951 τῆς
1400 1894 1589 1949 μυστι-

20 1994 111 2062 κῆς
134 1987 468 2058 τελειότητος
489 2002 503 2049 ;
542 1979 668 2055 Ἆρ’
693 1982 770 2045 ὡς
801 1980 874 2052 μὴ
896 1980 1011 2034 οἴου
1030 1995 1090 2030 τε
1115 1975 1210 2029 τοῦ
1233 1969 1446 2062 Πατρὸς
1485 1965 1589 2021 σώ-

16 2059 137 2149 ζειν,
170 2081 265 2134 καὶ
287 2076 726 2151 προσλαϐομένου
752 2071 1004 2144 βοήθειαν
1030 2069 1097 2122 τὰ
1134 2067 1228 2120 δύο
1253 2059 1478 2125 κτιστά;

17 2178 123 2233 nae?
165 2148 611 2245 quasi—videlicet
636 2168 798 2223 Pater
828 2165 1061 2221 salutem
1093 2157 1281 2230 largiri
1312 2168 1423 2211 non
1472 2148 1667 2221 possit,

18 2266 384 2338 assumpsetit.

610 2352 860 2408 ΠΕΥΣΙΣ
892 2350 991 2404 ΙΓ’.

16 2476 20 2485 ’
71 2474 131 2526 Εἰ
152 2465 253 2524 οὖν
281 2468 408 2540 τρία
431 2468 530 2538 τῆς
560 2464 790 2537 Τριάδος
825 2461 1093 2533 πρόσωπα
1137 2455 1230 2510 καὶ
1274 2454 1423 2524 τρεῖς
1456 2449 1591 2503 ὐπο-

11 2567 239 2627 στάσεις,
284 2562 497 2622 πάντως
536 2559 569 2629 ἡ
602 2554 900 2617 ὑποστάσις
950 2551 1009 2605 ἓν
1050 2549 1340 2621 πρόσωπον
1378 2544 1445 2597 ἂν
1483 2540 1592 2611 εἴη,

10 2659 94 2711 καὶ
124 2656 183 2708 τὸ
214 2654 508 2725 πρόσωπον
541 2648 927 2703 ὲνυπόστατον.
975 2642 1065 2710 Ἐξ
1105 2639 1179 2696 ὧν
1204 2640 1351 2712 τρεῖς
1374 2633 1596 2725 δηλοῦν-

11 2769 89 2803 ται
130 2722 275 2802 Osci;
325 2746 463 2816 ὅπερ
506 2741 744 2813 ἀναιρῶν
792 2742 821 2793 ὁ
860 2735 1178 2798 Ἀπόστολος
1222 2731 1445 2804 γράφει,
1490 2722 1597 2792 Εἷς

8 2849 241 2914 Κύριος.
272 2843 387 2912 μία
416 2841 640 2905 πίστις,
672 2836 743 2889 ἓν
767 2832 1085 2900 ,βάπτισμα
1104 2846 1117 2858 ·
1150 2827 1244 2882 καὶ
1268 2825 1375 2897 πρὸ
1404 2821 1594 2877 τούτου

8 2936 203 3005 Μωσῆς
240 2933 321 3004 τῷ
354 2931 573 3004 Ἰσραὴλ
597 2971 612 2997 ,
662 2930 877 2998 Κύριος
917 2930 949 2981 o’
993 2923 1137 2989 Θεός
1175 2935 1330 2985 σου,
1379 2917 1598 2985 Κύριος

3 3024 84 3095 εἷς
112 3029 312 3081 ἐστιν.

626 3196 980 3264 Ἀπόκρισις.

80 3293 245 3347 Ἀλλὰ
300 3290 445 3363 μετὰ
490 3287 736 3352 Μωσέως
785 3287 878 3341 καὶ
936 3282 1169 3345 Παύλου,
1216 3280 1311 3333 καὶ
1347 3279 1446 3347 τῆς
1483 3293 1598 3346 φω-

1 3388 87 3459 νῆς
116 3387 231 3441 τῶν
272 3383 562 3456 Χερουὸὶμ
596 3382 689 3436 καὶ
732 3378 981 3452 Σεραφὶμ
1009 3374 1353 3444 ἀκούσωμεν,
1381 3372 1598 3440 Ἄγιος,

1 3480 182 3550 ἅγιος,
215 3479 421 3548 ἅγιος,
458 3475 732 3546 ἀσιγήτως
764 3470 1029 3542 βοώντων.
1079 3468 1155 3521 Οὐ
1193 3469 1300 3537 γὰρ
1333 3463 1413 3527 δὶς
1444 3462 1478 3532 ἢ
1513 3477 1603 3513 τε-

1 3572 187 3645 τράκις
227 3568 400 3622 τοῦτό
434 3583 565 3636 φασι
610 3565 679 3619 τὰ
729 3561 1075 3634 πνευματικὰ
1123 3560 1307 3613 ἐκεῖνα
1346 3556 1440 3609 καὶ
1481 3553 1598 3607 θεο-

1 3668 131 3734 ρόρα
177 3663 329 3727 ζῶα,
374 3659 483 3713 οὐδ’
521 3654 589 3711 αὖ
633 3655 796 3710 πάλιν
838 3650 1266 3726 μονοφωνοῦσιν,
1309 3647 1594 3719 ἢ,”Αγιοι,

1 3758 154 3823 ἅγιοι,
195 3752 400 3822 φασιν,
435 3750 522 3803 ἵνα
549 3748 624 3819 μὴ
658 3746 720 3800 τὸ
764 3744 940 3799 ὲνικὺν
974 3740 1325 3810 πολυώνυμον
1360 3735 1598 3806 ἀποφαί-

1 3865 150 3900 ιωσιν
170 3864 185 3877 ·
230 3843 382 3898 ἀλλὰ
403 3842 556 3912 τρισὶ⁸
587 3841 684 3912 μὲν
725 3839 816 3893 τὸν
855 3835 1123 3907 ἁγιασμὸν
1157 3832 1434 3903 ἀσιγήτως
1462 3831 1599 3883 ἀνα-

1 3937 291 4007 ρωνοῦσιν,
348 3933 547 3997 ἑνικῶς
592 3933 651 3985 δὲ
698 3930 1121 4000 ἀποφαίνονται·
1175 3927 1264 3980 ἴνα
1306 3924 1381 3996 μὴ
1436 3922 1601 3976 πολυ-

1 4033 133 4087 ιεταν
160 4034 286 4095 τοῖς
320 4027 683 4101 νηπιόφροσιν
714 4022 1139 4093 ὑποσπείρωσιν.

624 4297 875 4351 ΠΕΥΣΙΣ
908 4298 1005 4350 ΙΔ’.

44 4397 113 4449 Τί
140 4392 243 4451 οὖν
274 4396 408 4447 ἐστι
436 4389 498 4444 τὸ
523 4386 1029 4461 γεγραμμένον,ὅτι
1068 4384 1136 4437 Τὸ
1168 4381 1409 4451 Πνεῦμα
1439 4379 1605 4448 ἐρευ-

105 4488 185 4541 td
240 4485 428 4551 βάθη
486 4482 593 4536 τοῦ
641 4479 821 4541 Θεοῦ;
864 4478 925 4529 Ei
974 4473 1255 4545 ὁμοούσιος
1293 4469 1605 4543 Τριάς,καὶ

1 4580 72 4631 ιὶα
120 4579 353 4646 γνῶσις
397 4574 495 4629 καὶ
542 4573 599 4627 ἓν
647 4572 877 4641 Θέλημα,
919 4568 1012 4621 καὶ
1062 4567 1158 4636 μία
1195 4564 1367 4633 αὐτῆς
1411 4565 1442 4633 ἡ
1485 4561 1604 4615 Θεό-

4 4689 92 4739 ης,
138 4671 244 4723 καὶ
287 4670 360 4724 οὐ
407 4666 625 4720 κτιστόν
677 4681 731 4717 τι
782 4662 875 4715 καὶ
913 4660 1163 4729 ἀνόμοιον
1197 4658 1254 4709 ἐν
1292 4655 1451 4725 αὐτῇ,
1490 4652 1606 4715 πῶς

2 4767 212 4835 ρευνᾷν
248 4763 493 4830 λέγεται
539 4758 600 4810 τὸ
646 4754 871 4824 Πνεῦμα
910 4751 979 4805 τὰ
1018 4749 1153 4820 βάθη
1201 4747 1293 4800 τοῦ
1334 4744 1491 4809 Θεοῦ,
1531 4744 1607 4827 ὡς

5 4856 253 4925 γνοοῦνς
290 4855 367 4906 Et
403 4850 516 4922 γὰρ
544 4847 821 4919 γινώσκει,
851 4846 912 4898 οὐ
944 4843 1049 4915 χρὴ
1094 4841 1319 4913 ἐρευνᾷν
1339 4856 1351 4869 ·
1384 4836 1608 4909 ἀγνοίας

6 4954 78 5023 ἂρ
107 4953 238 5003 ἐστι
271 4946 344 5001 τὸ
376 4945 634 5015 ὲρευνᾷν.

649 5143 1003 5209 Ἀπόκρισις.

44 5245 199 5297 Ἀλλ’
220 5242 343 5297 οὐκ
376 5236 581 5308 ἀγνοίᾳ
614 5236 647 5306 ἦ
674 5233 986 5306 περιεργία,
1006 5228 1147 5284 κατὰ
1169 5226 1491 5282 Μακεδόνων
1517 5225 1607 5279 τὸν

4 5340 298 5411 εμηνὸτα,
334 5332 570 5404 ἐρευνᾷ,
611 5326 746 5411 pars
770 5326 1100 5397 γνησιότητι.
1133 5320 1382 5374 Ἐπειδὰν
1410 5318 1517 5390 γὰρ
1550 5321 1606 5371 ὲν

1 5408 75 5496 οἷς
95 5408 423 5501 εναρέτοις
448 5423 541 5476 καὶ
561 5408 794 5501 ὲνξῗίοις
816 5417 1020 5490 βροτῶν
1038 5415 1259 5486 γένηται
1277 5413 1338 5465 τὸ
1354 5412 1495 5464 θεῖον
1514 5412 1609 5463 καὶ

4 5525 252 5593 ανὰγιον
283 5516 559 5586 Πνεῦμα,
574 5503 982 5586 π’ἆξοασκευάζει
1001 5507 1197 5569 αὐτοὺς
1217 5504 1287 5558 τὰ
1305 5503 1442 5574 βάθη
1466 5504 1611 5574 ἐρευ-

1 5620 61 5691 ᾷν
82 5618 189 5670 τοῦ
212 5611 403 5676 Θεοῦ,
429 5611 499 5662 ἐκ
522 5607 624 5677 τῆς
651 5603 944 5676 προχείρου
960 5599 1053 5653 τοῦ
1080 5598 1407 5669 γράμματος
1429 5595 1614 5660 ἐξετά-

1681 796 1869 854 doces.

2322 867 2627 937 Responsio.

1757 957 1873 1014 Imo
1904 958 2228 1017 Trinitatem
2282 961 2544 1031 proﬁteor
2594 962 2759 1017 unius
2797 970 2851 1018 et
2890 964 3134 1033 ejusdem
3183 982 3271 1021 es-

1685 1051 1893 1117 sentiae,
1923 1054 2212 1123 potestatis
2248 1068 2313 1108 ac
2354 1053 2663 1110 divinitatis
2702 1054 2973 1125 ejusdem,
3004 1072 3123 1127 quae
3158 1074 3271 1112 non

1686 1143 1950 1213 augescit,
1984 1145 2067 1200 vel
2100 1146 2458 1210 deminuitur,
2489 1146 2573 1201 vel
2603 1145 2811 1215 deﬁcit,
2832 1162 2933 1203 nec
2961 1148 3274 1204 incremen-

1686 1242 1802 1289 tum
1828 1236 2044 1292 numeri
2074 1237 2291 1308 recipit.
2317 1238 2646 1309 Quanquam
2675 1241 2823 1296 enim
2865 1240 3039 1297 Verbo
3072 1242 3275 1313 placuit

1694 1343 1818 1382 cum
1847 1344 2013 1384 carne
2045 1329 2213 1393 uniri,
2263 1345 2494 1386 numero
2534 1339 2717 1387 tamen
2768 1332 3065 1389 Trinitatis
3102 1334 3274 1389 haud-

1688 1433 1960 1487 quaquam
1993 1421 2197 1491 aliquid
2227 1421 2453 1477 addidit.
2488 1420 2830 1493 Quapropter
2853 1427 3073 1480 unicum
3108 1433 3191 1481 est
3218 1428 3273 1482 in

1692 1508 1962 1567 Trinitate
2016 1515 2363 1586 signaculum
2394 1523 2560 1585 atque
2610 1518 2780 1583 salus,
2832 1527 2888 1574 et
2924 1519 3060 1573 nihil
3095 1519 3147 1574 in
3177 1536 3275 1575 ea-

1691 1602 1813 1657 dem
1852 1614 2119 1661 creatum.
2144 1606 2356 1680 Quippe
2385 1610 2431 1665 si
2472 1607 2639 1665 Pater
2665 1620 2749 1667 est
2768 1612 3070 1678 increatus,
3101 1611 3275 1668 Filius

1694 1703 1875 1749 autem
1910 1708 2153 1765 creatus,
2189 1703 2426 1775 itemque
2460 1706 2723 1777 Spiritus,
2781 1706 2848 1760 de
2879 1705 3153 1760 sententia
3188 1706 3273 1759 fa-

1696 1786 1948 1844 bularum
1976 1793 2093 1848 Arii
2126 1796 2572 1871 reliquorumque
2612 1798 2945 1855 dementium
2974 1817 2986 1854 :
3012 1813 3275 1869 quonam,

1695 1894 1903 1949 quaeso.
1926 1893 2088 1952 pacto
2118 1890 2317 1945 creatis
2362 1890 2669 1946 inereatum
2715 1891 3068 1961 eonjunctum
3109 1897 3191 1945 est
3226 1897 3279 1943 et

1695 1970 2032 2039 copulatum,
2096 1976 2171 2030 ita
2215 1989 2275 2033 ut
2321 1982 2440 2050 pari
2476 1984 2683 2038 honore
2740 1983 3020 2053 gloriaque
3052 1995 3279 2039 cumieo

1693 2058 1965 2117 afficiatur
1996 2066 2051 2120 in
2085 2069 2469 2141 obsignatione
2504 2075 2860 2146 perfectionis
2914 2075 3060 2130 illius
3122 2088 3280 2128 arca-

1704 2165 1769 2205 ac
1826 2165 2118 2227 propterea
2164 2172 2350 2220 creata
2386 2165 2516 2232 duo,
2569 2183 2807 2239 quorum
2856 2182 2958 2239 ope
3009 2174 3279 2229 uteretur,

2140 2343 2657 2404 INTERROGATIO
2694 2346 2837 2404 XIII.

1767 2448 1926 2517 Quod
1980 2455 2025 2510 si
2071 2471 2202 2528 ergo
2254 2467 2366 2516 tres
2419 2470 2548 2517 sunt
2597 2461 2888 2517 Trinitatis
2933 2476 3183 2532 persona:
3221 2477 3284 2517 ac

1697 2552 1809 2597 tres
1872 2544 2245 2616 hypostases,
2313 2552 2540 2606 omnino
2604 2562 2884 2623 sequetur,
2946 2553 3284 2625 hypostasim

1699 2648 2026 2703 personam,
2062 2654 2126 2693 ac
2166 2654 2458 2710 personam
2496 2643 2741 2698 vicissim
2773 2644 3113 2715 hypostasim
3148 2660 3279 2701 cono

1699 2725 1971 2792 stitucre;
2027 2745 2135 2799 qua
2194 2735 2410 2787 ratione
2463 2741 2575 2790 tres
2631 2735 2705 2790 dii
2756 2735 3179 2807 signiﬁcantur:
3228 2739 3285 2793 id

1699 2820 1845 2889 quod
1904 2819 2199 2892 Apostolus
2255 2823 2503 2881 refellere
2557 2829 2785 2895 volens,
2841 2830 2894 2884 in
2950 2829 3066 2885 haec
3122 2832 3286 2886 verba

1699 2912 1924 2983 scripsit
1966 2933 1978 2968 :
2023 2913 2169 2970 Unus
2210 2916 2502 2984 Dominus,
2547 2936 2655 2975 una
2694 2921 2859 2990 ﬁdes,
2903 2937 3066 2976 unum
3112 2923 3285 2992 bapti-

1699 3006 1905 3071 sma“;
1939 3014 1993 3062 et
2025 3016 2151 3064 ante
2186 3010 2363 3080 ipsum
2396 3010 2575 3067 Moses
2609 3012 2674 3065 ad
2707 3013 3039 3069 lsraelitieos
3069 3014 3285 3086 inquit:

1702 3095 1960 3152 Dominus
1993 3098 2133 3154 Deus
2169 3100 2260 3155 ille
2287 3112 2431 3167 tuus,
2468 3102 2730 3158 Dominus
2760 3121 2896 3159 unus
2926 3106 3087 3160 est".

2333 3193 2644 3265 Responsio.

1770 3280 1839 3335 At
1880 3291 2079 3352 praeter
2118 3282 2321 3341 Mosetn
2362 3295 2417 3341 et
2454 3286 2685 3342 Paulum
2719 3287 2884 3343 etiam
2914 3287 3287 3344 cheruborum

1704 3373 2178 3446 seraphorumque
2211 3392 2403 3433 vocem
2443 3378 2591 3434 illam
2628 3379 2959 3448 audiamus,
2997 3396 3105 3452 qua
3147 3382 3289 3436 citra

1706 3466 2172 3524 intermissionem
2204 3471 2482 3526 clamant:
2535 3470 2811 3537 Sanctus,
2867 3482 3118 3537 sanctus,
3168 3490 3293 3527 δαη-

1705 3569 1820 3614 ctus
1853 3560 1915 3615 ³⁸.
1955 3560 2089 3615 Nam
2127 3562 2231 3618 hoc
2263 3578 2374 3617 non
2407 3565 2489 3618 vel
2537 3564 2623 3619 bis
2663 3563 2747 3619 vel
2794 3571 2989 3634 quater
3032 3565 3290 3618 animalia

1705 3652 1795 3706 illa
1833 3654 2147 3723 spiritualia
2179 3655 2479 3727 divinoque
2507 3655 2742 3713 Numine
2772 3657 2931 3727 plena
2963 3656 3288 3727 proferunt,

1706 3760 1812 3799 non
1852 3747 1980 3800 item
2017 3749 2185 3802 semel
2222 3757 2434 3804 tantum
2469 3747 2741 3816 efferunt;
2780 3750 2864 3803 vel
2901 3750 3076 3804 sancti
3107 3795 3120 3813 ,
3161 3765 3321 3804 san--

1706 3840 1779 3892 eti
1807 3880 1821 3903 ,
1863 3839 2097 3907 dicunt,
2135 3856 2204 3896 ne
2235 3842 2380 3911 quod
2417 3842 2638 3896 unicum
2675 3851 2795 3906 est,
2834 3842 3019 3913 plures
3052 3858 3170 3913 appr
3195 3844 3293 3896 lla—

1707 3931 1882 3985 tiones
1910 3932 2109 3987 habere
2133 3932 2415 3989 declarent
2440 3951 2454 3999 ;
2482 3935 2573 3987 sed
2601 3935 2774 3989 trilius
2798 3935 3145 3990 sanctitatem
3172 3952 3295 4005 per-

1707 4031 1872 4092 petuo
1907 4023 2189 4087 tribuunt;
2227 4033 2280 4080 et
2330 4026 2596 4095 singulari
2651 4028 3009 4083 nihilominus
3061 4035 3293 4082 utuntur

1707 4129 1957 4178 nmnero,
1988 4132 2054 4171 ne
2080 4117 2307 4172 deorum
2342 4117 2746 4173 multitudinem
2778 4120 2830 4173 in
2860 4120 3075 4175 animos
3106 4121 3291 4174 rudiu-

1704 4220 1830 4262 t'um
1861 4207 2128 4265 inserant.

2154 4297 2672 4353 INTERROGATIO
2708 4297 2845 4354 XIV.

1782 4392 1921 4458 Quid
1952 4391 2121 4459 igitur
2155 4392 2259 4446 sibi
2296 4394 2429 4455 vult,
2458 4393 2601 4462 quod
2632 4394 3010 4463 prazseriptum
3040 4392 3289 4463 legimus,

1713 4482 1944 4553 Spiritus
1974 4495 2247 4541 scrutatur
2265 4486 2427 4539 etiam
2454 4484 2552 4539 Dei
2585 4484 3075 4555 profunditates”?
3100 4483 3154 4537 Si
3173 4483 3294 4536 Tri-

1713 4578 1858 4633 nitas
1882 4580 2047 4635 unius
2074 4588 2128 4633 et
2154 4579 2399 4648 ejusdem
2437 4586 2521 4633 est
2551 4580 2824 4641 essentiae,
2844 4579 2888 4632 si
2909 4592 3016 4632 una
3034 4578 3292 4646 cognitio,

1714 4671 1972 4727 voluntas
2022 4686 2127 4726 una
2151 4712 2164 4733 ,
2201 4671 2461 4726 divinitas
2498 4686 2637 4733 una,
2681 4687 2779 4724 nec
2813 4670 3108 4740 quidquam
3147 4671 3198 4721 in
3228 4684 3293 4723 ea

1715 4770 1962 4816 creatum
2012 4763 2097 4817 vel
2132 4762 2398 4831 inthnale
2429 4778 2442 4813 τ
2476 4775 2586 4831 quo
2617 4761 2834 4813 tandem
2870 4767 3029 4828 pacto
3058 4758 3291 4813 scrutari

1716 4852 1953 4923 Spiritus
1993 4854 2394 4922 profunditates
2428 4851 2556 4916 Dei,
2597 4861 2855 4920 tanquam
2888 4865 2983 4904 eas
3011 4849 3294 4919 ignorans,

1712 4945 1953 5001 dicitur?
1974 4946 2185 5017 Quippe
2221 4946 2265 5000 si
2298 4960 2393 5001 eas
2422 4945 2670 5014 cognitas
2698 4944 2880 5009 habet,
2905 4944 3295 5012 perscrutatim

1711 5040 1800 5095 nis
1832 5038 1979 5094 haud
2010 5039 2256 5110 indiget;
2289 5053 2413 5093 cum
2442 5037 2679 5091 scrutari
2716 5034 2787 5089 sit
2823 5034 3204 5105 ignoratiouis.

2350 5128 2659 5198 Responsio.

1788 5226 1856 5277 At
1888 5240 1995 5279 non
2028 5230 2309 5279 scrutatur
2340 5237 2405 5275 ex
2443 5219 2785 5290 ignoratione
2818 5219 2902 5274 vel
2938 5219 3259 5274 curiositate
3283 5257 3296 5280 ,

1720 5316 2183 5386 quemadmodum
2222 5313 2408 5367 furens
2446 5312 2534 5365 ille
2570 5309 2925 5365 Macedonius
2969 5310 3167 5373 tradit,
3203 5309 3301 5364 sed

1719 5410 1904 5463 nativa
1932 5408 2165 5477 quadam
2198 5406 2299 5475 ipsi
2334 5404 2689 5474 proprietate.
2730 5401 2866 5456 Nam
2910 5418 3035 5457 cum
3077 5403 3301 5457 divinus

1709 5501 1802 5554 ille
1857 5498 2350 5565 sanctissimusque
2408 5493 2651 5564 Spiritus
2704 5502 2787 5547 est
2854 5495 2908 5547 in
2963 5493 3197 5563 egregiis
3247 5498 3303 5545 et

1716 5592 1923 5647 sanctis
1956 5589 2302 5653 hominibus,
2337 5588 2417 5642 sic
2461 5600 2557 5641 eos
2603 5586 2862 5652 instruit,
2911 5592 2967 5639 ut
3017 5584 3304 5656 profundi-

35 5783 83 5815 ³⁸
115 5780 351 5850 Ephes.
398 5788 487 5835 tv,
519 5771 573 5825 5.
650 5768 691 5802 ³⁷
723 5767 879 5821 Deut.
911 5782 984 5828 vi,
1017 5764 1072 5818 4.
1148 5763 1192 5793 ³⁸
1231 5761 1335 5816 lsa.
1371 5776 1446 5827 vt,
1476 5760 1547 5821 ’ὅς
1581 5758 1748 5829 Apoc.
1776 5773 1849 5824 tv,
1876 5755 1930 5813 8.
2010 5754 2053 5785 ”
2088 5753 2107 5807 l
2137 5753 2331 5817 Corn,
2364 5753 2452 5809 If).

34 5944 121 6019 (5)
153 5941 269 5996 Ἑν
296 5934 390 6004 τῇ
424 5928 736 6000 σφραγίδι.
766 5927 828 5982 In
856 5926 1236 5998 obsignatione,
1274 5926 1375 5980 hoc
1411 5932 1493 5980 est
1524 5924 1579 5978 in
1603 5922 1896 5994 baptismo.
1931 5920 2172 5993 Respicit
2205 5920 2436 5976 fortasse
2465 5905 2661 5975 auctor
2683 5915 2881 5990 Ephes.
2914 5915 2955 5985 l,
2985 5916 3072 5982 I3,
3106 5930 3178 5983 tv,
3212 5914 3303 5972 30.
