3818 6566
531 409 631 468 871

537 532 680 580 tates
713 520 805 578 Dei
843 526 1177 584 scrutentur,
1208 517 1275 575 de
1324 516 1568 574 faciliore
1617 533 1681 572 ac
1726 518 1887 573 obvia
1937 515 2114 573 cuivis

541 617 868 670 Litterarum
906 625 1188 666 sacrarum
1225 609 1576 678 indagationc
1606 609 1917 664 subvehens
1965 607 2116 677 ipsos

539 707 606 760 ad
641 718 863 761 sensum
915 699 1208 772 quemdam
1261 698 1675 761 sublimiorem,
1723 697 1851 751 dum
1903 695 1954 749 in
2002 709 2126 766 per-

539 795 882 855 scrutatione
936 807 1120 847 rerum
1157 791 1494 845 diviniorum
1561 789 1717 859 quasi
1775 790 1842 843 ad
1896 787 2124 842 fundum

540 907 695 948 mens
742 895 1026 960 penetrat,
1063 899 1268 956 perque
1311 883 1540 954 spiritus
1591 884 1809 936 hamum
1859 881 1928 937 de
1963 882 2126 952 hujus

542 983 666 1036 vita:
713 977 926 1051 gurgite
966 1015 981 1039 ,
1028 976 1233 1045 piscem
1281 973 1451 1028 animi
1490 971 1706 1038 educit,
1752 972 2127 1026 continentem

543 1090 637 1128 ore
673 1080 931 1128 staterem
971 1068 1124 1122 illum
1163 1067 1386 1122 maximi
1425 1066 1624 1136 pretii,
1674 1067 1921 1136 adeoque
1968 1066 2128 1120 Chri-

544 1174 688 1220 stum
727 1163 1072 1220 Servatorem
1102 1159 1368 1214 omnium.
1421 1158 1512 1212 Sic
1556 1157 1702 1214 enim
1748 1165 1804 1214 et
1848 1157 2129 1228 apostolus

546 1258 634 1312 ille
668 1255 925 1327 princeps
961 1266 1060 1322 pro
1089 1251 1272 1321 seipse
1311 1257 1366 1305 et
1409 1249 1630 1305 Christo
1677 1251 1874 1304 animae
1921 1251 2128 1320 piscem

547 1347 617 1402 iis
657 1345 751 1416 qui
792 1341 1118 1412 exigebant,
1162 1341 1295 1394 dare
1335 1339 1563 1410 jubetur
1595 1340 1660 1406 ιο,
1695 1341 1981 1396 habentem
2018 1347 2131 1394 sta-

549 1446 723 1492 terem
757 1434 1042 1489 Christum
1078 1440 1132 1486 et
1164 1433 1288 1486 ﬁdei
1325 1432 1636 1487 doctrinam
1672 1432 1727 1485 in
1761 1446 1893 1496 ore,
1940 1431 2129 1502 profe-

546 1541 799 1598 ctamque
846 1527 914 1582 de
962 1525 1334 1596 prol'unditate
1381 1524 1567 1578 cordis
1619 1523 2030 1580 subvectionem
2079 1529 2132 1577 et

548 1620 785 1676 laudem.
841 1617 925 1672 Ea:
973 1615 1254 1688 profundis
1307 1617 1490 1683 enim,
1543 1617 1753 1686 inquit,
1791 1615 2017 1668 clamavi
2063 1613 2132 1666 ad

550 1724 630 1781 te,
667 1710 918 1774 Domine;
971 1709 1228 1776 Domine,
1257 1707 1455 1764 exaudi
1499 1724 1673 1763 vocem
1718 1723 1887 1762 meam
1921 1705 1986 1761 δι.
2025 1704 2132 1760 Sed

547 1811 604 1857 et
653 1801 886 1858 eximius
934 1801 1026 1857 ille
1079 1799 1414 1871 Apostolus:
1450 1797 1602 1866 Nos,
1649 1799 1854 1870 inquit,
1885 1797 2133 1868 spiritum

550 1895 650 1950 Dei
679 1894 976 1962 accepimus
997 1931 1012 1956 ,
1054 1902 1110 1945 ut
1141 1893 1374 1947 sciamus
1421 1908 1539 1962 qua:
1580 1908 1614 1945 a
1659 1891 1768 1945 Deo
1797 1889 2000 1944 donata
2026 1888 2134 1943 sint

475 2013 484 2016 ~-
549 1986 699 2042 nobis
719 1986 786 2041 ⁸³.
833 1985 1013 2054 Atque
1045 1983 1245 2038 iterum
1295 1985 1474 2054 inquit
1518 1983 1660 2040 idem
1696 2003 1709 2040 :
1752 1982 1922 2039 Nobis
1955 1992 2130 2038 autem

549 2080 693 2135 Deus
741 2077 985 2133 reuelauit
1026 2092 1119 2146 per
1143 2075 1406 2147 Spiritum
1453 2093 1608 2132 suum
1629 2077 1694 2132 “.
1730 2075 1798 2131 Et
1828 2092 2022 2133 rursus
2051 2076 2139 2132 di-

549 2174 806 2228 \‘inorum
850 2171 1161 2226 carminum
1219 2179 1414 2226 auctor
1474 2169 1704 2226 Davides
1744 2188 1757 2224 :
1807 2169 1881 2226 Os
1927 2186 2136 2234 meum,

551 2266 762 2336 inquit,
797 2265 1012 2334 aperui,
1040 2273 1089 2319 et
1110 2264 1359 2334 spiritum
1387 2264 1675 2328 attraxi“,
1695 2279 1891 2335 nempe
1907 2281 2020 2318 non
2050 2277 2144 2318 ac-

552 2359 698 2414 rium
726 2398 742 2424 ,
773 2359 866 2415 sed
898 2357 1178 2422 divinum,
1213 2371 1309 2428 per
1345 2371 1508 2427 quem
1561 2357 1887 2413 abscondita
1931 2356 2001 2412 de
2047 2355 2145 2410 ad-

1635 401 1690 457 S.
1724 399 2024 459 CAESAR“
2057 397 2387 456 GREGORII
2422 399 2724 454 FRATRlS
3658 409 3728 464 δῖε

2234 535 2388 581 σεως,
2410 518 2501 570 ἐπὶ
2527 517 2625 588 τὴν
2651 516 2990 588 ὑψηλοτέραν
3019 517 3214 582 αὐτοὺς
3238 519 3424 588 ἀνάγει
3454 521 3726 597 διάνοιαν,τῇ

2232 606 2426 678 ἐρεύνῃ
2452 606 2560 659 τῶν
2589 607 2897 678 θειοτέρων,
2920 607 3108 679 ὥσπερ
3144 609 3205 662 ὲν
3246 609 3389 680 βυθῷ
3429 629 3524 665 τινι
3560 620 3729 686 γενομέ.

2231 714 2329 768 νης
2353 696 2452 768 τῆς
2477 695 2732 760 διανοίας,
2769 698 2862 751 καὶ
2911 697 2990 768 τῷ
3032 698 3315 770 ἀγκίστρῳ
3359 700 3446 754 τοῦ
3497 704 3729 775 πνεύματος

2233 791 2297 841 ἐκ
2329 787 2420 842 τοῦ
2452 788 2702 858 βιωτικοῦ
2749 788 2913 860 βυθοῦ
2948 789 3041 844 τὸν
3072 789 3224 861 ἰχθὺν
3248 791 3347 862 τῆς
3370 791 3532 862 ψυχῆς
3565 796 3730 864 ἀνάγον.

2233 898 2344 944 τος,
2374 879 2563 952 ἔχοντα
2590 883 2648 935 ὲν
2673 880 2752 950 τῷ
2783 882 3014 952 στόματι
3039 883 3135 935 τὸν
3165 883 3514 955 πολυτίμητον
3537 890 3726 961 στατῆρι,

2235 971 2331 1024 καὶ
2368 969 2463 1023 τοῦ
2504 971 2705 1035 παντὸς
2753 971 2981 1042 Σωτῆρα
3020 972 3276 1043 Χριστόν.
3308 973 3484 1038 Οὕτως
3515 976 3604 1046 γὰρ
3623 981 3729 1035 καὶό

2233 1063 2342 1117 τῶν
2371 1064 2684 1118 ἀποστόλων
2714 1067 3045 1135 κορυφαῖος,
3088 1063 3206 1118 ἀνθ’
3233 1065 3421 1119 ἑαυτοῦ
3453 1069 3534 1120 καὶ
3559 1070 3728 1142 Χριστοῦ

2235 1156 2327 1210 τὸν
2373 1157 2473 1228 τῆς
2518 1157 2695 1230 ψυχῆς
2745 1157 2896 1228 ἰχθὺν
2952 1157 3136 1213 δοῦναι
3179 1162 3294 1222 τοῖς
3331 1161 3588 1214 ἀπαιτοῦσι
3611 1182 3730 1234 προσ-

2235 1250 2510 1316 τάττεται,
2542 1249 2734 1320 ἔχοντα
2772 1249 2865 1303 τὸν
2905 1250 3151 1322 στατῆρα
3177 1249 3424 1321 Χριστὸν,
3451 1254 3534 1305 καὶ
3565 1254 3642 1324 τῆς
3672 1258 3732 1310 πί.

2240 1361 2410 1407 στεως
2451 1343 2541 1397 τὸν
2588 1343 2744 1412 λόγον
2773 1344 2832 1397 ὲν
2869 1343 2947 1415 τῷ
2974 1345 3224 1415 στόματι,
3253 1345 3347 1397 καὶ
3383 1344 3473 1414 τὴν
3511 1346 3566 1398 ὲκ
3592 1345 3732 1416 βάθως

2239 1436 2468 1508 καρδίας
2498 1436 2790 1508 ἀναγωγὴν
2830 1436 2926 1491 καὶ
2966 1437 3193 1494 αῖνεσιν.
3237 1435 3395 1490 Ἀλλά
3424 1438 3508 1490 καὶ
3538 1437 3563 1489 ὁ
3589 1438 3733 1507 ὑψηλὴ

2254 1527 2594 1592 Ἀπόστολος,
2637 1527 2836 1597 Ἡμεῖς
2859 1527 2950 1592 δὲ,
2979 1527 3136 1597 φησὶ,
3170 1526 3242 1581 τὸ
3270 1527 3498 1598 Πνεῦμα
3525 1529 3612 1583 τοῦ
3629 1533 3733 1585 Θεοῦ

2239 1619 2553 1689 ἐλάϐομεν,
2597 1621 2696 1674 ἵνα
2741 1619 2960 1690 ίδωμεν
3009 1621 3083 1674 τὰ
3129 1620 3252 1674 ὑπὸ
3302 1620 3406 1675 τοῦ
3462 1621 3586 1676 Θεοῦ
3623 1641 3734 1691 χαμ-

2241 1711 2465 1766 σθέντα
2496 1711 2663 1781 ἡμῖν.
2701 1711 2806 1766 Καὶ
2834 1710 2996 1765 πάλιν
3025 1712 3054 1764 6
3079 1711 3244 1774 αὐτός
3281 1727 3456 1782 φησιν·
3486 1711 3623 1781 Ἡμῖν
3643 1713 3732 1768 δὲδ

2244 1802 2390 1869 Θεὸς
2415 1802 2774 1872 ἀπεκάλυψε
2805 1801 2903 1858 διὰ
2940 1801 3046 1857 τοῦ
3089 1803 3430 1872 Πνεύματος
3459 1804 3628 1857 αὑτοῦ.
3657 1807 3731 1857 Καὶ

2241 1895 2403 1949 πάλιν
2431 1894 2598 1950 uasis
2625 1896 2652 1948 6
2677 1895 2787 1947 τῶν
2818 1892 2977 1947 θείων
3016 1893 3287 1964 μελῳδόςο
3324 1893 3392 1948 Τὸ
3437 1895 3602 1964 στόμα
3629 1911 3729 1965 μου,

2238 1988 2421 2060 φησὶν,
2461 1986 2708 2055 ἤνοιξα,
2753 1985 2852 2040 καὶ
2894 1986 3155 2039 εἵλκυσα
3201 1985 3456 2056 πνεῦμα·
3487 1990 3572 2039 οὐκ
3603 1987 3730 2056 ἀέριον

2234 2081 2314 2143 δὲ,
2355 2079 2492 2134 ἀλλά
2520 2079 2582 2134 τὸ
2608 2079 2770 2146 θεῖον,
2811 2079 2879 2133 δι’
2921 2073 2983 2132 οὗ
3031 2078 3100 2133 τὰ
3123 2080 3417 2151 ἀπόκρυφα
3443 2078 3529 2149 τῆς
3555 2077 3729 2147 Ora-159t-

2238 2172 2343 2242 κῆς
2379 2170 2472 2225 τοῦ
2502 2171 2638 2225 Θεοῦ
2667 2170 2992 2242 παρουσίας,
3033 2171 3140 2242 πρὸ
3170 2171 3356 2243 χιλίων
3393 2170 3484 2241 ἢδη
3509 2168 3618 2223 ἑτῶν
3638 2185 3728 2238 προ-

2240 2265 2578 2335 απεφήνατο,
2604 2263 2898 2336 διαρρήδην
2925 2262 3227 2334 τραγῳδῶν
3253 2261 3329 2333 τῷ
3353 2260 3482 2331 Θεῷ·
3509 2261 3570 2314 Τὰ
3592 2259 3726 2325 ἄδηλα

2243 2353 2343 2410 καὶ
2372 2354 2444 2408 τὰ
2480 2353 2702 2422 κρύφια
2730 2351 2842 2421 τῆς
2870 2352 3092 2422 σοφίας
3123 2367 3246 2407 σου
3270 2350 3556 2418 sarisam
3587 2367 3675 2418 μοι.

553 2458 721 2507 ventu
752 2451 890 2507 uniti
916 2467 1043 2507 cum
1063 2449 1173 2507 Deo
1202 2451 1443 2508 hominis
1464 2452 1613 2507 mille
1637 2453 1753 2525 jam
1774 2461 1902 2509 ante
1934 2467 2111 2508 annos
2145 2451 2423 2506 luculente
2453 2449 2720 2514 declarat,
2751 2463 2957 2506 canens
2985 2447 3098 2506 Deo
3125 2470 3138 2507 :
3175 2448 3413 2506 Obscura
3436 2456 3481 2504 rt
3502 2443 3726 2501 abscondita

555 2543 832 2615 sapientia:
863 2553 968 2599 tua:
996 2553 1124 2598 nota
1153 2543 1326 2612 fecisti
1357 2545 1486 2598 mihi
1503 2545 1569 2599 “.

1006 2658 1530 2716 INTERROGATIU
1573 2661 1688 2718 XV.

629 2772 688 2829 Si
737 2772 910 2828 Filius
949 2779 1036 2829 est
1084 2772 1228 2829 Deus
1267 2784 1320 2828 et
1368 2775 1596 2842 aequalis
1642 2775 1817 2842 Patri,
1863 2773 2140 2846 quomodo

557 2864 774 2934 ignorat
818 2879 882 2921 ea
928 2881 1050 2937 quae
1079 2865 1229 2923 novit
1259 2865 1452 2922 Pater?
1472 2868 1544 2924 At
1567 2885 1696 2926 vero
1723 2866 1839 2939 ipse
1864 2867 1919 2921 iu
1964 2867 2141 2924 Evan-

557 2958 698 3029 gelio
746 2958 974 3030 inquit:
1035 2957 1206 3013 Nemo
1271 2960 1414 3013 novit
1485 2959 1652 3022 diem,
1724 2976 1885 3030 neque
1952 2959 2140 3015 horam

556 3053 1066 3120 consummationis,
1113 3069 1276 3123 neque
1315 3051 1489 3124 angeli
1527 3053 1761 3108 caelestes
1786 3092 1800 3117 ,
1840 3069 2004 3124 neque
2044 3053 2143 3108 Fi-

557 3142 698 3211 lius,
731 3144 836 3199 nisi
864 3144 1009 3200 solus
1041 3143 1204 3199 Pater
1223 3145 1291 3199 “.

1193 3255 1508 3328 Responsio.

631 3363 785 3422 Solet
815 3365 1068 3422 humanis
1098 3369 1178 3424 uti
1208 3370 1664 3428 similitudinibus
1699 3388 1861 3430 sacra
1895 3373 2145 3444 Scriptu-

557 3471 660 3520 ra,
698 3465 753 3511 et
785 3455 853 3511 de
892 3458 1058 3513 rebus
1097 3460 1444 3519 naturalibus
1483 3479 1857 3535 sazpenumero
1894 3464 2143 3536 quaedam

563 3550 728 3620 petit,
763 3556 822 3602 ut
849 3563 974 3604 cum
1008 3550 1063 3604 in
1094 3550 1387 3624 Evangelia
1417 3556 1592 3626 inquit
1620 3555 1921 3613 Dominus:
1957 3557 2147 3614 Simile

559 3650 636 3695 est
667 3656 882 3710 regnum
910 3642 1161 3697 calorum
1190 3645 1447 3714 fermento
1474 3647 1542 3712 ⁸⁷,
1567 3657 1621 3702 et
1647 3664 1818 3719 grano
1848 3649 2050 3720 sinapis
2075 3650 2142 3705 “.

560 3728 767 3789 Paulus
802 3734 928 3788 item
966 3735 1058 3792 ille
1120 3737 1410 3803 sublimis,
1449 3739 1726 3809 Corpora,
1770 3741 1946 3812 inquit
1977 3784 1992 3807 ,
2044 3759 2147 3797 eae-

563 3825 718 3880 lestia
750 3835 914 3894 sunt,
953 3836 1003 3882 et
1025 3843 1248 3896 corpora
1281 3831 1627 3886 terrestria".
1657 3831 1722 3886 Et
1749 3833 1815 3888 dc
1849 3835 2014 3890 rebus
2047 3851 2148 3889 na-

565 3917 837 3973 turalibus
883 3929 1162 3989 sumptum
1207 3919 1370 3974 etiam
1417 3920 1590 3987 illud,
1644 3923 1788 3994 quod
1831 3924 1898 3979 ad
1941 3923 2141 3980 Corin-

563 4012 711 4067 thios
758 4011 1044 4075 scribens,
1095 4011 1242 4067 tibiae
1278 4015 1612 4086 citharaeque
1659 4017 1909 4072 meminit
1946 4019 2014 4072 ⁸⁸.
2060 4016 2146 4073 ld-

562 4103 716 4158 circo
768 4109 822 4158 et
877 4101 991 4174 ipse
1042 4120 1189 4158 nunc
1233 4119 1264 4159 a
1317 4106 1484 4162 rebus
1534 4109 1744 4165 nostris
1797 4109 1970 4180 petita
2013 4110 2144 4166 exili

563 4193 802 4264 quadam
869 4193 1230 4251 similitudine
1276 4203 1425 4252 utar.
1487 4194 1628 4252 Num
1691 4199 1965 4269 ignoraret
2024 4216 2142 4256 mea

563 4286 706 4340 ratio
757 4286 987 4340 consilia
1047 4287 1211 4342 mea?
1261 4289 1448 4346 nullus
1493 4289 1595 4345 hoc
1643 4305 1869 4356 eorum,
1920 4293 2013 4363 qui
2060 4293 2144 4348 vel

565 4377 1004 4448 qualemcunque
1040 4378 1384 4450 disciplinam
1431 4383 1712 4437 consecuti
1755 4393 1922 4451 sunt,
1975 4384 2140 4439 dicet.

566 4467 855 4532 Quomodo
903 4468 1068 4538 igitur
1117 4467 1214 4525 Dei
1257 4479 1312 4526 et
1362 4471 1538 4528 Patris
1583 4472 1822 4530 Verbum
1870 4476 2144 4547 ignorabit

565 4555 687 4625 ejus
737 4558 1012 4613 consilia?
1063 4573 1187 4614 cum
1235 4560 1384 4616 dicat
1427 4563 1566 4633 ipse,
1601 4564 1799 4621 Omnia
1823 4584 2142 4639 quaecunque

565 4647 720 4702 habet
752 4647 934 4716 Pater,
969 4667 1083 4704 mea
1113 4661 1234 4706 sunt
1255 4653 1300 4685 ⁸¹
1327 4669 1554 4726 :nempe
1577 4657 1722 4726 quod
1747 4657 1890 4714 Deus
1907 4661 2140 4726 estvita,

565 4739 712 4810 quod
758 4749 843 4795 est
887 4740 1012 4806 lux,
1061 4742 1207 4812 quod
1259 4755 1344 4801 est
1393 4747 1811 4818 immortalitas,
1861 4751 2007 4822 quod
2057 4759 2143 4806 est

564 4831 1162 4902 incomprehensibilis.
1199 4835 1265 4888 Et
1307 4837 1437 4893 alibi
1492 4839 1568 4892 ait
1605 4857 1618 4894 :
1676 4839 1873 4897 Omnia
1903 4860 2017 4899 mea
2047 4853 2140 4898 tua

563 4934 711 4988 sunt,
743 4921 926 4990 Pater,
943 4934 993 4980 et
1024 4935 1116 4979 tua
1149 4944 1265 4981 mea
1296 4940 1416 4983 sunt
1434 4931 1502 4985 δ’.
1530 4930 1584 4985 Si
1607 4932 1770 5004 igitur
1805 4936 1990 4990 omnia
2019 4951 2142 5006 quae

564 5014 744 5072 Patris
781 5025 944 5080 sunt,
983 5017 1157 5088 ipsius
1196 5027 1362 5074 sunt:
1401 5021 1565 5077 etiam
1605 5025 1846 5096 cognitio
1883 5042 2005 5096 qua:
2037 5025 2142 5081 Pa-

565 5108 666 5164 tris
696 5118 811 5171 esr,
846 5108 1072 5163 omnino
1104 5109 1278 5180 ipsius
1316 5120 1399 5168 est
1428 5130 1442 5179 ;
1485 5114 1725 5186 itemque
1762 5115 2000 5186 Spiritus
2024 5158 2039 5184 ,
2083 5126 2142 5172 ut

565 5199 729 5271 paulo
757 5207 881 5270 post
909 5199 1074 5256 latius
1101 5200 1335 5258 dicetur.

1006 5313 1526 5374 iNTERROGA'l‘iO
1561 5319 1700 5378 XVI.

638 5404 776 5459 Num
811 5405 998 5477 igitur,
1035 5407 1081 5463 si
1112 5408 1336 5476 dixero,
1375 5409 1568 5468 Omnia
1615 5431 1935 5489 quwcunque
1981 5417 2138 5474 habet

566 5499 752 5563 Pater,
782 5515 898 5552 mea
926 5509 1077 5563 sunt,
1111 5501 1274 5556 etiam
1309 5504 1675 5574 cognitionem
1710 5508 1886 5566 habeo
1915 5510 2096 5568 Patris
2121 5554 2135 5578 ,

564 5601 621 5648 et
650 5589 938 5644 consilium
973 5589 1092 5659 ejus
1122 5592 1248 5646 novi
1276 5593 1300 5646 ?

645 5762 688 5796 ⁸⁸
717 5764 904 5824 Matth.
955 5785 1087 5834 xm,
1127 5769 1216 5823 26.

2845 2675 3094 2732 ΠΕΥΣΙΣ
3121 2675 3225 2732 1Ε’.

2319 2790 2429 2844 Καὶ
2455 2791 2502 2842 εί
2535 2787 2666 2852 Θεὸς
2695 2790 2723 2842 ό
2749 2787 2877 2852 Υἱὸς
2907 2787 3001 2843 καὶ¹
3032 2787 3144 2853 ίσος
3170 2786 3251 2860 τῷ
3279 2786 3464 2860 Πατρὶ,
3491 2784 3586 2848 πῶς
3605 2784 3727 2852 ἀγνοεῖ

2242 2881 2279 2940 ἃ
2306 2885 2334 2935 ό
2365 2881 2552 2954 Πατὴρ
2586 2879 2873 2951 γινώσκει;
2913 2878 3085 2946 Αὐτὸς
3123 2881 3238 2952 γὰρ
3264 2880 3321 2935 ὲν
3364 2875 3725 2948 Εὑαγγελίοιςλίο

2243 2990 2352 3044 γει,
2393 2973 2475 3027 ὅτι
2519 2972 2731 3038 Οὐδεὶς
2761 2967 2898 3044 ,οἶδε
2935 2972 3051 3042 τὴν
3077 2972 3311 3042 ἡμέραν
3345 2971 3476 3027 οὐδὲ
3505 2970 3597 3038 τὴν
3619 2967 3725 3036 ὤμω·

2243 3064 2352 3132 τῆς
2407 3064 2784 3131 συντελείας,
2831 3065 2971 3119 οὔτε
3007 3070 3058 3119 ol
3097 3064 3342 3135 ἄγγελοι
3381 3063 3486 3118 τῶν
3515 3059 3721 3133 οίφαιπῶν,

2247 3159 2385 3212 οὔτε
2417 3159 2450 3212 ό
2489 3157 2645 3224 Υἱὸς,
2684 3159 2736 3211 εί
2764 3157 2849 3228 μὴ
2882 3160 2915 3210 ὀ
2943 3157 3154 3227 Πατὴρ
3178 3159 3386 3228 μόνος.

2887 3271 3251 3340 Ἀπόκρισις.

2327 3388 2482 3442 Ἐπεὶ
2510 3383 2604 3442 οὖν
2638 3387 3044 3460 παραδείγμασι
3080 3387 3290 3461 βροτῶν
3322 3383 3581 3458 κεχρῆσθαι
3605 3380 3721 3449 πέφυ-

2245 3483 2398 3552 κενὴ
2437 3481 2557 3535 θεία
2595 3481 2808 3553 Γραφὴ,
2844 3481 2940 3535 καὶ
2983 3479 3353 3551 φυσιολογίαις
3397 3475 3623 3536 πολλάκις,
3655 3489 3720 3524 x1-

2248 3571 2376 3637 θὼς,
2428 3573 2485 3625 ὲν
2541 3571 2896 3641 Εὐαγγελίοις
2948 3570 3260 3643 θεηγορῶν,
3311 3568 3463 3640 φησὶν
3499 3566 3524 3622 ό
3565 3562 3719 3633 Κύριος.

2258 3663 2462 3733 Ὁμοία
2485 3663 2660 3717 ἐστίν
2684 3663 2722 3732 ἠ
2750 3662 3043 3728 ,βασιλεία
3074 3661 3197 3716 τῶν
3226 3657 3480 3730 οἰιρανῶν
3511 3655 3637 3725 ζὶῖμῃ.
3661 3652 3722 3704 καὶ

2248 3758 2444 3821 κόκκῳ
2482 3753 2782 3821 σινάπεως
2799 3771 2812 3786 ο
2846 3755 2942 3808 καὶ
2974 3752 3188 3819 Παῦλος
3216 3754 3272 3807 δὲ
3301 3752 3328 3805 6
3352 3749 3528 3822 ὑψηλὸς
3551 3747 3624 3813 τὴν
3643 3741 3720 3794 διὰ·

2247 3865 2417 3912 νοιαν,
2462 3847 2706 3917 Σώματα
2723 3888 2738 3913 ,
2793 3847 2956 3919 φησὶν
2973 3885 2990 3910 ,
3036 3845 3380 3915 ἐπουράνια,
3427 3841 3510 3895 λαὶ
3551 3835 3721 3904 σώματα

2246 3939 2507 4009 ἐπίγεια*
2540 3939 2850 4009 φυσιολογεῖ
2894 3940 2953 3993 δὲ
2996 3939 3091 3994 καὶ
3141 3937 3437 4011 Κορινθίοις
3463 3928 3718 3986 ἐπιστέλλων.

2246 4030 2356 4084 ἀπὸ
2383 4029 2891 4100 σάλπιγγος,αὐλοῦ
2913 4034 3009 4088 καὶ
3049 4028 3300 4103 κιθάρας.
3337 4024 3491 4095 Κάγὼ
3524 4022 3659 4076 τοίνυν
3679 4018 3719 4067 ἐκ

2244 4122 2355 4175 τῶν
2401 4122 2522 4176 καθ’
2563 4123 2711 4193 ἡμᾶς
2757 4121 2975 4193 ἀμυδρᾷ
3008 4121 3179 4174 είκόνι
3229 4122 3498 4193 χρήσομαι.
3539 4104 3717 4185 ’Δροῧν

2245 4217 2430 4285 ἀγνοεῖ
2453 4216 2482 4268 ό
2520 4215 2650 4286 ἐμὸς
2671 4212 2827 4281 λόγος
2853 4212 2923 4266 τὰ
2945 4212 3054 4284 ἐμὰ
3077 4211 3440 4283 βουλεύματα;
3465 4205 3578 4260 Ἀλλ’
3600 4201 3717 4260 οὐδεὶς

2244 4307 2352 4363 τῶν
2381 4306 2628 4360 ὁπωσοῦν
2653 4304 2900 4368 παιδείας
2929 4303 3328 4375 μετειληφότων
3350 4300 3500 4357 ταῦτα
3516 4298 3616 4369 ἐρεῖ.
3636 4291 3716 4350 Πῶς

2243 4396 2336 4454 οὖν
2364 4401 2392 4453 ὁ
2414 4397 2506 4452 τοῦ
2533 4397 2668 4452 Θεοῦ
2694 4397 2787 4451 καὶ
2809 4396 3022 4468 Πατρός
3066 4395 3243 4464 Λόγος
3272 4393 3500 4464 ἀγνοήσει
3527 4387 3603 4449 τὰς
3621 4381 3716 4436 ἐκείο

2243 4508 2335 4546 νου
2370 4490 2597 4560 βουλὰς,
2642 4489 2900 4558 φάσκων,
2947 4486 3150 4541 Πάντα
3190 4486 3306 4541 ὅσα
3347 4486 3457 4554 ἔχει
3494 4483 3523 4534 ὁ
3558 4475 3714 4538 Harilf.

2241 4581 2357 4652 ἐμά
2387 4583 2554 4644 eam;
2589 4581 2671 4648 τὸ,
2695 4581 2880 4652 Θεὸςή
2912 4579 3046 4652 ζωὴ,
3082 4580 3143 4634 τὸ
3191 4579 3324 4650 φῶς,
3347 4577 3402 4631 τὸ
3429 4573 3654 4630 ἀθάνατον,
3677 4564 3714 4614 τδ

2243 4673 2646 4745 ἀκατάληπτον.
2690 4673 2800 4728 Καὶ
2845 4672 3026 4738 πάλιν,
3082 4673 3197 4728 Kal
3233 4667 3515 4727 πάντατὰ
3550 4663 3633 4730 ἐμὰ
3662 4652 3713 4753 σιξ

2243 4769 2394 4832 ἐστι,
2423 4769 2626 4839 Πάτερ,
2677 4767 2775 4822 καὶ
2811 4767 2883 4821 τὰ
2911 4767 2994 4820 σὰ
3025 4765 3162 4836 ἐμά.
3205 4767 3267 4820 El
3308 4763 3470 4816 τοίνυν
3504 4756 3634 4810 πάντα
3653 4763 3711 4839 ἴου

2252 4861 2465 4932 Πατρὸς
2493 4838 2658 4914 αὑτοῦ
2681 4861 2814 4922 ἐστι,
2844 4859 2990 4928 καὶὴ
3025 4857 3225 4926 γνῶσις
3249 4859 3282 4928 ἡ
3310 4855 3397 4908 τοῦ
3423 4838 3711 4918 Πατρδςιπάν·

2244 4969 2353 5017 τως
2383 4952 2546 5009 αὑτοῦ
2592 4954 2708 5005 ἐστι
2747 4951 2844 5006 καὶ
2886 4949 2980 5003 τοῦ
3015 4950 3344 5023 [Ινεύματος.
3372 4946 3441 5007 ὡς
3477 4939 3571 5014 μετ’
3595 4934 3711 4997 έλιῒον

2246 5044 2597 5116 πλατυτέρως
2628 5041 2941 5114 ῥηθήσεται.

2833 5315 3080 5369 uersis
3131 5315 3243 5382 ις’.

2321 5415 2386 5468 Τί
2417 5408 2531 5475 οὖν.
2559 5409 2746 5481 ἐπειδὴ
2771 5407 2877 5478 ἐγὼ
2904 5408 3068 5477 λέγω,
3099 5406 3295 5462 Πάντα
3331 5405 3436 5456 ὅσα
3461 5397 3561 5466 ἔχει
3634 5386 3708 5490 Liu-

2247 5508 2382 5577 τῆρ’
2410 5504 2525 5576 ἐμά
2571 5477 2762 5566 “iure
2798 5477 2908 5572 ἄρα
2949 5500 3043 5554 καὶ
3082 5499 3181 5570 τὴν
3208 5497 3394 5568 γνῶσιν
3429 5491 3520 5562 ἔχω
3546 5479 3615 5536 τοῦ
3634 5477 3705 5528 ﬂi-

2245 5602 2392 5672 τρὸς,
2420 5598 2514 5652 καὶ
2540 5596 2638 5666 τὴν
2671 5594 2864 5666 βουλὴν
2893 5592 3058 5647 αὑτοῦ
3086 5587 3237 5656 οἶδας

1331 5770 1371 5801 ⁵⁸
1406 5770 1550 5829 Psal.
1586 5790 1771 5839 cxxtx,
1800 5778 1853 5831 νΙ.
1930 5780 1976 5810 ⁴⁸
2004 5779 2044 5837 vi
2073 5779 2137 5835 Cc

2241 5794 2292 5842 ιι,
2332 5777 2418 5836 12,
2499 5781 2546 5812 ⁸³
2575 5778 2732 5839 ibid.,
2770 5777 2856 5832 10.
2932 5777 2977 5809 ⁸⁵
3004 5773 3152 5830 Psal.
3180 5786 3358 5832 cxvru,
3386 5765 3490 5842 13]·

565 5850 622 5895 ι..
651 5836 828 5917 8.“?
863 5839 1028 5917 hanc.
1065 5818 1184 5900 im.
1216 5818 1929 5917 δεῖ-.-λετἹῡιὶιιῖίῖἰὶῖιῖξὲδ.
2005 5818 2053 5882 13
2075 5818 2418 5913 7556:1311"
2450 5853 2494 5884 δ’
2527 5852 2544 5906 l
2576 5818 2732 5908 Ἐξ)ῖῖ
2751 5818 2962 5917 (Quo.
3004 5818 3086 5879 ’ῗο
3120 5846 3136 5900 l
3173 5818 3294 5898 Cor.
3325 5818 3487 5902 {mio
3524 5818 3698 5905 δ⁹¹³⁰³¹¹ο

567 5921 680 5972 ut,
721 5907 807 5968 l5.
881 5911 927 5943 ⁸⁸
957 5908 1093 5966 Joan
1145 5925 1274 5997 xvii,
1310 5911 1392 5967 10.
