3818 6512
77 431 150 489 873

269 526 372 620 ἣν
597 543 962 610 Ἀπόκρισις.

123 638 293 707 Ἔροιμι
337 631 481 702 κάγὼ
526 633 690 704 ὑμᾶς,
727 632 1068 703 ἀξιάγαστοι,
1114 635 1212 699 Τις
1260 636 1482 707 μείζων,
1523 640 1556 710 ὴ

76 733 202 802 ἡμέρα
227 727 355 797 καὶὴ
381 724 492 798 ὥρα
519 727 719 799 ἐκείνη,
753 728 786 798 ἢ
823 729 852 780 ὁ
879 727 1101 799 Πατήρ;

587 820 833 872 ΠΕΥΣΙΣ
870 821 969 874 lZ'.

128 891 170 945 '0
184 890 343 962 Πατὴρ
360 889 614 960 δηλονὰτι,
641 890 714 954 ὡς
743 890 980 961 ἄναρχος
1002 891 1094 944 καὶ
1120 891 1443 966 προαιώνιος
1465 893 1559 946 καὶ

75 983 367 1053 iamdiqu
389 999 447 1035 τε
480 983 574 1036 καὶ
607 982 824 1036 πάντων
854 983 1102 1053 ποιητής.

605 1117 966 1185 Ἀπόκρισις.

116 1209 160 1260 Ei
175 1206 322 1261 τοίνυν
351 1205 544 1277 μείζων
578 1208 606 1259 ὀ
648 1207 835 1279 Πατὴρ
866 1208 966 1279 τῆς
993 1208 1140 1281 ὥρας
1169 1209 1261 1262 καὶ
1293 1211 1391 1281 τῆς
1421 1211 1559 1282 ἡμέ-

75 1318 137 1373 ρας
163 1301 234 1354 καὶ
253 1302 467 1363 πάντων,
508 1301 645 1365 πῶς,
677 1302 740 1354 τὸ
762 1299 946 1372 μεῖζον
978 1303 1337 1372 ἐπιστάμενος
1359 1306 1386 1357 ὁ
1408 1303 1557 1368 Υἱὸς,

73 1394 306 1445 τὸθασσον
333 1393 542 1460 ἀγνοεῖ;
592 1392 687 1446 καὶ
732 1392 823 1446 τὸν
869 1395 1100 1466 ποιητὴν
1123 1393 1426 1463 γινώσκων,
1465 1397 1560 1450 καὶ

76 1482 271 1555 συνεργῶν
291 1481 426 1553 αὐτῷ
461 1484 520 1535 ὲν
547 1484 702 1549 πᾶσι,
732 1483 847 1546 πῶς
873 1485 1126 1556 ἀγνοήσει
1167 1486 1236 1539 τὰ
1278 1486 1368 1539 ὑπ’
1393 1486 1559 1540 αὑτοῦ

75 1575 318 1644 αιηύέντας
347 1573 546 1640 Καθὼς
599 1574 728 1646 γὰρ,
765 1577 919 1646 φησὶ,
959 1576 1235 1646 γινώσκει
1261 1594 1336 1646 με
1377 1580 1410 1632 ὀ
1444 1581 1560 1632 Πα-

74 1665 307 1735 rimatde
329 1665 593 1735 γινώσκω
631 1665 741 1720 τὸν
781 1667 1034 1735 Πατέρα.
1073 1668 1198 1732 Πῶς
1227 1664 1320 1723 οὖν
1365 1670 1562 1743 ἀγνοή-

73 1757 184 1810 σειτδ
203 1752 359 1830 ἧττον,
387 1759 416 1810 ὁ
440 1758 503 1811 τὸ
529 1759 714 1830 μεῖξον
743 1761 1136 1830 ὲπιστάμενοςς

572 1931 825 1984 ΠΕΥΣΙΣ
862 1933 969 1988 lﬂ'.

247 2042 388 2112 ἡμεῖς
424 2041 744 2114 νομιζομεν,
772 2046 868 2098 καὶ
892 2043 988 2099 τοῦ
1023 2044 1157 2100 Υἱοῦ
1195 2046 1396 2118 μείζον’
1421 2044 1561 2104 εἶναι

73 2131 126 2184 τὶν
160 2133 365 2204 Πατέρα,
416 2135 600 2201 καθὼς
657 2138 820 2203 αὐτὸς
857 2155 1052 2211 φησιν·
1095 2140 1152 2194 '0
1202 2140 1405 2212 Πατήρ
1465 2155 1571 2210 μου

71 2225 212 2292 μείζων
227 2228 329 2296 μυύ
359 2227 546 2283 ἐστιν.

595 2321 950 2392 Ἀπόκρισις.

115 2409 190 2477 Οὐχ
215 2410 337 2463 ὅσιον
362 2411 557 2474 οἴεσθε,
593 2411 821 2481 μείζονα
865 2414 1131 2486 ὑπάρχειν
1165 2415 1261 2470 τοῦ
1301 2416 1429 2470 Υἱοῢ
1469 2417 1562 2472 τὸν

75 2499 282 2573 Πιτέρα,ῆ
323 2504 667 2576 περιφερείᾳ,
711 2505 744 2577 ἢ
789 2505 1015 2577 δγκῳ,ῆ
1050 2507 1246 2578 χρόνῳ,
1281 2508 1313 2579 ἧ
1362 2509 1560 2580 καιρῷ.

73 2591 452 2666 ῆὰξξᾳ,ῆρώμῃ’
484 2595 518 2666 ἢ
567 2596 805 2667 θεότητι,
845 2597 880 2670 ἢ
928 2599 1168 2669 μεγέθει,
1207 2600 1240 2672 ἢ
1281 2601 1421 2671 ὄψει.
1461 2603 1564 2655 Οὑ-

75 2683 220 2757 γὰρ
241 2688 425 2741 τούτων
463 2691 522 2742 ὲν
558 2693 628 2761 τῇ
678 2691 797 2764 θείᾳ
830 2693 1042 2763 Τριάδι.
1082 2693 1244 2748 Ἀλλὰ
1284 2695 1422 2749 καθὸ
1447 2698 1563 2750 llat-

74 2773 134 2842 τὴρ
155 2778 351 2850 ὁΠατήρ
376 2783 542 2842 ἐστιν.
592 2781 733 2836 οὕτω
771 2786 1085 2857 γνησιότητι
1111 2787 1140 2838 ὁ
1178 2786 1303 2850 Υἱὸς
1328 2788 1417 2840 τὸν
1447 2789 1562 2843 [Ια-

72 2868 155 2936 τὲρι
170 2871 290 2941 τιμᾷ.
313 2873 383 2924 οὐ
410 2873 516 2945 γὰρ
552 2872 707 2945 ὄγκῳ
745 2874 967 2946 φέρεται
995 2876 1056 2929 τὸ
1075 2876 1248 2941 Θεῖον,
1273 2879 1383 2931 οὐδ’
1404 2879 1566 2951 ὑπέρ-

73 2972 172 3022 ιτκος
188 2955 297 3031 εῐ(6)
332 2964 423 3019 τσῦ
436 2965 648 3029 Παιδὸς
665 2968 692 3019 ὁ
710 2967 920 3042 Πατήρο
937 2968 998 3022 οὐ
1023 2969 1237 3040 χρόνοις
1254 2970 1560 3032 ὑπόκειται,

75 3048 126 3100 ἵνα
149 3051 484 3130 υπέρχρονοςῇ
534 3058 572 3108 ὁ
608 3060 887 3130 γεννήτωρ
919 3058 1012 3112 τοῦ
1041 3061 1392 3132 γεννηθέντος
1412 3079 1425 3092 ·
1456 3062 1564 3116 οὐδ’
1615 3089 1617 3096 τ

74 3135 245 3196 vitam
262 3145 330 3217 τῷ
353 3147 474 3218 ὕψει
504 3149 756 3220 μερικῶς
778 3151 1033 3205 τάττεται
1079 3153 1108 3204 ὁ
1134 3153 1346 3225 Πατὴρ,
1389 3154 1566 3208 πάντα

74 3236 274 3306 πριέχων,
322 3241 406 3294 ὑπ’
446 3242 668 3306 οὐδενὸς
717 3242 772 3296 δὲ
825 3244 1244 3316 περιεχόμενος,
1289 3246 1566 3319 ἀμεγέθης

73 3323 249 3398 ὗπάρχων
278 3333 362 3386 καὶ
383 3335 614 3398 ἀποσος.

600 3606 846 3660 HETle
871 3607 970 3662 19'.

112 3695 154 3746 El
176 3692 249 3750 οὖν
269 3693 374 3761 iro;
399 3697 477 3770 τῷ
506 3699 633 3769 Θεῷ
654 3697 749 3752 καὶ
777 3699 950 3770 Πατρὶ
976 3701 1004 3752 ὁ
1035 3701 1184 3765 Υἱὸς,
1213 3701 1307 3754 καὶ
1330 3701 1405 3766 ὡς
1426 3703 1570 3754 ἐκεῖ·

70 3801 125 3847 .ΰῖ
145 3789 324 3858 mag;
356 3791 473 3857 πῶς
505 3791 674 3856 αὐτὸς
706 3789 877 3862 λέγει,
913 3792 1126 3860 Οὐδεὶς
1152 3794 1376 3866 ἀγαθὸς
1407 3796 1460 3849 εὶ
1479 3793 1566 3865 μὴ

71 3872 124 3945 εἷς
142 3885 161 3935 ἐ
187 3884 338 3950 8w“
593 3953 955 4023 Ἀπόκρισις.

119 4043 221 4097 Ἀλλ’
247 4048 336 4100 οὐκ
363 4047 701 4120 ἀρνούμενος
734 4046 925 4101 ἑαυτὸν
953 4047 1047 4118 τῆς
1073 4046 1430 4120 ἀγαθὸτητος,
1460 4051 1570 4104 οὐδ’

70 4131 420 4208 imae-peperre;
469 4139 578 4205 τῆς
631 4139 882 4209 θεότητος
933 4137 1094 4208 μόνον
1147 4139 1310 4208 φησιν
1370 4141 1572 4208 ἀγαθὸν

70 4221 259 4295 ὑπάρχειν
285 4229 369 4282 τὸν
392 4229 532 4284 Θεὸν
559 4230 656 4283 καὶ
687 4229 929 4300 Πατέρα.
973 4229 1306 4299 Ἀκροτάτης
1334 4229 1391 4282 δὲ
1417 4245 1574 4302 στορ-

164 4320 237 4371 καὶ
253 4321 580 4394 ἀγαθὰτητος
600 4320 832 4392 ἐναργὴς
861 4319 1158 4387 ἀπόδειξις»
1183 4320 1246 4374 τδ
1275 4321 1348 4392 μὴ
1371 4321 1570 4392 έαυτῷν

68 4405 155 4460 tiin
183 4411 246 4482 τῷ
276 4414 444 4488 Πατρὶ
485 4413 785 4485 ἀναφέρειν
825 4413 926 4484 τὴν
966 4413 1153 4484 τιμὴν,
1204 4413 1574 4486 φιλοπάτορας

183 4503 422 4560 παιδεύων
449 4503 740 4575 ὑπάρχειν,
773 4501 1118 4573 Αὐθαιρέτως
1143 4501 1249 4574 γάρ
1269 4501 1574 4575 μετριάζων

68 4587 105 4640 ti
140 4591 377 4661 φιλοδοξεϊ,
428 4594 556 4648 οὐδὲ
607 4592 687 4666 τῷ
741 4591 1015 4664 ἀξιώματι
1056 4593 1387 4664 κορυφοῦται
1433 4594 1576 4648 κατά

67 4681 148 4744 τοὺς
169 4685 402 4758 σοδαροῦς
429 4686 532 4742 καὶ
552 4686 816 4752 ἀλαζόνας
835 4684 1085 4756 ἀμυδρᾶς
1106 4684 1574 4757 ὲπιλελημμένους

66 4770 201 4844 ἀρχῆς,
234 4778 311 4832 διὰ
347 4780 445 4852 τῆς
475 4779 616 4853 πρὸς
647 4779 708 4832 τὸ
740 4779 960 4849 ἀμειδὲς
984 4778 1076 4831 καὶ
1115 4773 1472 4848 δυσ-πρόσιτον
1503 4780 1569 4849 τῇ

66 4862 126 4915 τσῦ
149 4869 354 4939 κήρυκος
373 4874 526 4944 φωνῇ
559 4869 965 4941 ὲξογκούμενοι.
1003 4868 1096 4922 καὶ
1119 4867 1255 4941 πρὸς
1286 4868 1574 4922 ἀτίθασσον

67 4950 161 5027 θῆρα
190 4965 631 5036 μετατυπούμενοι
653 4983 665 4995 ·
702 4963 801 5032 οὐχ
827 4961 1127 5034 ἡμερότητι
1154 4963 1248 5014 καὶ
1273 4961 1570 5033 φιλανθρω-

68 5045 131 5115 πίᾳ
143 5049 218 5120 τὴν
239 5054 474 5117 ἐξουσίαν
495 5055 771 5126 κρίνοντες
787 5053 884 5123 τῆς
905 5051 1138 5124 ἀλήκτου
1158 5051 1334 5121 δόξης,
1353 5052 1578 5114 εἰκότως

67 5134 412 5214 inlitam-rat.
460 5149 525 5202 Ei
572 5147 628 5201 δὲ
668 5146 979 5218 προχείρως
1030 5146 1138 5198 πᾶν
1189 5144 1391 5214 ἀγαθὸν
1443 5145 1578 5209 ζωο-

67 5234 212 5286 ποιεῑτε
230 5276 242 5299 ,
269 5239 548 5304 πλείστους
570 5242 629 5293 ὲν
651 5238 730 5310 τῷ
761 5239 918 5310 μέρει
946 5236 1120 5309 τούτῳ
1144 5235 1300 5300 θεοὺς
1347 5235 1540 5306 ἕξομεν
1559 5276 1573 5296 .

67 5323 268 5397 πολλαχοῦ
300 5332 396 5401 τῆς
419 5333 570 5397 θείας
585 5332 812 5404 Γραφῆς
844 5330 984 5402 μετὰ
1012 5330 1144 5384 Θεὸν
1173 5328 1383 5400 βοώσης
1403 5330 1578 5400 ὑπάρ-

65 5427 142 5475 Ϊειν
178 5422 256 5474 καὶ
291 5423 450 5494 ἔτερα
500 5425 716 5494 ἀγαθά·
773 5424 850 5495 πὴ
904 5425 1002 5494 μὲν
1046 5423 1330 5493 φάσκουσα
1374 5423 1577 5492 ἀγαθὸν

66 5507 182 5560 παῖδα
207 5516 400 5586 πτωχὸν
422 5517 515 5571 καὶ
539 5517 700 5587 σοφὸν
731 5515 820 5570 τὸν
860 5516 1133 5586 Σαμουὴλ,
1160 5515 1340 5587 πὴ·δὲ,
1382 5515 1582 5584 ἀγαθὸς
1625 5529 1627 5532 ’

64 5590 192 5652 Σαοὺλ
218 5604 320 5667 υἱὸς
342 5607 529 5671 Κίσου,
554 5609 582 5660 ὁ
613 5606 830 5678 πρῶτος
849 5605 942 5658 τοῦ
974 5605 1191 5677 Ἰσραὴλ
1216 5605 1371 5673 ἄναξ.
1390 5606 1500 5659 Καὶ
1517 5606 1581 5675 τῇ

67 5683 187 5764 Ἀννῃ
199 5695 407 5770 ἀπαιδίᾳ
426 5700 519 5753 καὶ
533 5700 815 5770 στειρώσει
836 5715 1034 5752 ποτνιω
1042 5699 1176 5773 μένῃ
1191 5700 1353 5770 φησιν
1367 5700 1397 5751 ὁ
1410 5699 1592 5751 Ἐλκα-

1322 427 1672 488 DlALOGUS
1706 429 1747 486 1.

2829 416 2860 437 ³
2890 400 2929 439 ⁸
3141 437 3244 492 επ

2297 544 2605 614 Responsio.

1731 636 1926 694 Merito
1956 639 2288 708 interrogem
2328 647 2383 692 et
2421 652 2522 708 ego
2558 652 2661 693 vos
2683 679 2700 703 ,
2737 655 2770 693 ο
2799 639 3037 710 ριαξοιπὶ
3059 681 3074 708 ,
3106 639 3246 709 Quis

1659 732 1836 802 major
1859 731 1884 785 ἲ
1907 746 2038 787 num
2071 730 2189 786 dies
2217 737 2271 784 et
2299 729 2434 784 hora
2465 730 2558 785 illa
2575 771 2588 793 ,
2623 746 2693 786 an
2718 729 2929 788 Pater?

2096 820 2620 878 I‘NTERROGATIO
2657 821 2820 878 XVII.

1729 893 1895 949 Pater
1933 895 2153 964 utique,
2193 893 2289 961 qui
2327 901 2413 948 est
2453 895 2662 963 absque
2704 895 3008 964 principio,
3049 901 3106 951 et
3140 911 3248 953 sae-

1661 983 1800 1038 culis
1857 983 2115 1038 omnibus
2171 983 2345 1054 prior,
2404 989 2460 1037 et
2519 982 3126 1053 incomprehensibilis,
3191 993 3252 1043 et

1658 1075 1907 1130 omnium
1941 1074 2214 1128 conditor.

2296 1143 2606 1216 Responsio.

1731 1232 1791 1288 Si
1819 1248 1950 1304 ergo
1997 1233 2171 1304 major
2213 1232 2397 1300 Pater,
2441 1249 2606 1305 quam
2637 1233 2773 1289 hora
2803 1243 2858 1291 et
2885 1237 3007 1292 dies
3036 1237 3128 1292 illo
3147 1276 3162 1302 ,
3193 1245 3248 1294 et

1660 1326 1878 1396 quidem
1921 1324 2091 1392 major
2136 1325 2436 1382 omnibus:
2489 1327 2765 1396 quomodo
2811 1327 2995 1398 majus
3041 1343 3247 1401 cogno-

1662 1432 1824 1472 scens
1856 1416 2062 1484 Filius,
2097 1417 2371 1490 ignorabit
2411 1417 2638 1473 minus?
2673 1418 2767 1486 qui
2806 1428 2862 1476 et
2899 1420 3247 1478 conditorem

1661 1510 1985 1579 cognoscit,
2046 1518 2102 1564 et
2158 1517 2416 1578 operatur
2473 1524 2596 1564 cum
2655 1509 2777 1580 ipso
2831 1512 2888 1566 in
2941 1513 3246 1581 omnibus,

1661 1600 1937 1671 quomodo
1991 1600 2268 1671 ignorabit
2325 1615 2357 1654 a
2405 1615 2465 1656 se
2510 1599 2699 1655 facta?
2751 1602 3245 1669 Quemadmodum.

1663 1693 1860 1763 inquit,
1890 1693 2030 1747 novit
2068 1709 2149 1748 me
2189 1691 2376 1757 Pater,
2416 1693 2580 1747 etiam
2621 1694 2732 1763 ipse
2768 1697 2889 1750 novi
2923 1695 3142 1752 Patrem
3173 1698 3242 1750 ⁵³.

1663 1784 1948 1850 Quomodo
2009 1786 2178 1856 igitur
2233 1785 2505 1854 ignorabit
2558 1786 2778 1852 minus,
2829 1789 2924 1858 qui
2984 1791 3136 1844 novit
3188 1791 3243 1846 id

1662 1873 1808 1946 quod
1863 1874 2043 1944 majus
2100 1876 2233 1930 est?

2083 1965 2605 2025 INTERROGATIO
2643 1968 2831 2025 xvm.
3297 2042 3300 2044 _

1732 2058 1896 2130 Atqui
1929 2075 2031 2116 nos
2061 2061 2401 2116 arbitramur
2428 2063 2594 2118 etiam
2637 2063 2777 2118 Filio
2815 2065 3086 2135 majorem
3122 2081 3248 2122 esse

1661 2147 1913 2214 Patrem,
1948 2149 2410 2220 quemadmodum
2470 2151 2649 2220 inquit
2702 2153 2820 2222 ipse
2853 2171 2865 2207 :
2897 2152 3062 2207 Pater
3091 2169 3247 2212 meus

1663 2240 1841 2312 major
1875 2259 1954 2298 me
1983 2250 2066 2298 est
2093 2242 2162 2299 “.

2301 2335 2608 2406 Responsio.

1733 2423 1854 2481 Non
1901 2426 2038 2482 satis
2087 2427 2175 2497 pie
2224 2428 2429 2497 putatis
2478 2429 2741 2498 majorem
2792 2448 2917 2490 esse
2959 2434 3100 2491 Filio
3145 2435 3247 2492 Pa-

1667 2532 1817 2581 rem,
1867 2518 1955 2573 vel
2004 2518 2246 2574 ambitus
2296 2521 2543 2586 ratione,
2597 2523 2684 2576 vel
2729 2524 2928 2589 molis,
2977 2528 3063 2582 vel
3113 2537 3248 2583 tem-

1665 2609 1818 2678 poris
1838 2649 1853 2676 .
1882 2609 1968 2665 vel
2016 2609 2302 2681 dignitatis
2322 2653 2337 2678 ,
2377 2613 2462 2667 vel
2502 2613 2719 2670 roboris
2739 2655 2754 2679 ,
2784 2617 2870 2672 vel
2909 2618 3212 2675 divinitatis
3234 2662 3247 2678 .

1664 2701 1750 2754 vel
1809 2700 2260 2772 magnitudinis,
2325 2703 2408 2756 vel
2466 2705 2822 2763 excellentia}.
2892 2707 3038 2764 Nihil
3101 2711 3246 2766 enim

1665 2789 1937 2860 ejusmodi
1987 2791 2044 2844 in
2095 2800 2287 2846 sancta
2334 2790 2604 2848 Trinitate
2663 2794 2843 2850 locum
2897 2797 3078 2854 habet.
3140 2798 3246 2854 Sed

1667 2889 1937 2950 quatenus
1978 2879 2164 2946 Pater,
2215 2881 2379 2938 Pater
2423 2893 2540 2948 est,
2578 2885 2822 2955 legitimo
2866 2889 3102 2956 quodam
3151 2890 3247 2945 ho-

1670 2988 1808 3029 nore
1856 2973 2030 3030 Filius
2083 2974 2300 3032 Patrem
2345 2976 2536 3032 allicit.
2581 2975 2702 3032 Non
2747 2979 2892 3032 enim
2935 2982 3077 3037 mole
3117 2999 3248 3052 qua-

1668 3063 1794 3117 dam
1832 3070 2080 3134 gestatur
2117 3062 2423 3131 Diviuitas,
2479 3074 2540 3121 ut
2589 3067 2734 3122 mole
2784 3077 3006 3139 superet
3053 3071 3249 3129 Filium

1669 3153 1874 3208 Pater:
1908 3169 2088 3223 neque
2113 3155 2345 3226 tempori
2383 3156 2665 3227 subjacet,
2713 3165 2774 3212 ut
2816 3160 2967 3231 prior
3009 3172 3253 3234 tempore

1671 3243 1744 3299 sit
1773 3243 1990 3314 genitor
2018 3243 2246 3316 genito:
2286 3261 2465 3316 neque
2498 3247 2630 3301 item
2666 3247 3028 3306 sublimitatis
3067 3252 3251 3310 habita

1667 3333 1884 3388 ratione
1915 3334 2214 3405 separatim
2249 3335 2477 3406 ponitur
2508 3334 2690 3402 Pater,
2735 3338 2828 3409 qui
2872 3342 3059 3399 omnia
3096 3359 3254 3401 com-

1668 3426 1976 3495 plectatur,
2040 3428 2158 3499 ipse
2214 3443 2246 3483 a
2299 3431 2455 3486 nullo
2520 3432 3000 3504 comprehensus,
3054 3453 3254 3511 expers

1669 3518 2066 3589 magnitudinis
2096 3527 2151 3576 et
2187 3521 2544 3591 quantitatis.

2109 3608 2639 3671 INTERROGATIO
2679 3615 2820 3671 XIX.

1744 3698 1802 3753 Si
1836 3698 2006 3768 igitur
2035 3702 2265 3772 aequalis
2294 3702 2406 3760 Deo
2435 3720 2500 3761 ac
2525 3705 2678 3764 Patri
2710 3707 2886 3764 Filius
2921 3720 3026 3776 est,
3063 3723 3113 3765 et
3159 3715 3254 3766 lm-

1669 3801 1776 3843 nus
1837 3789 2302 3858 quemadmodum
2376 3793 2489 3859 ille,
2567 3799 2847 3866 quomodo
2904 3800 3084 3872 inquit
3116 3806 3254 3877 ipsr,

1670 3880 1836 3935 Nemo
1867 3879 2032 3935 bonus
2065 3891 2163 3948 est,
2188 3893 2380 3952 prwter
2413 3902 2574 3940 unum
2598 3888 2765 3944 Deum
2783 3889 2877 3944 "?

2308 3974 2615 4045 Responsio.

1743 4073 1859 4117 Non
1895 4064 2040 4134 quod
2067 4075 2229 4136 neget
2265 4067 2322 4121 in
2353 4070 2654 4141 semetipso
2699 4071 3034 4143 bonitatem,
3080 4094 3257 4150 neque

1673 4154 1742 4209 de
1775 4152 2065 4210 divinitate
2096 4171 2156 4211 se
2191 4157 2461 4224 eximens,
2490 4163 2670 4216 solum
2699 4163 2881 4238 inquit
2903 4166 3106 4223 bonum
3133 4184 3259 4227 esse

1667 4237 1846 4300 Deum
1881 4252 1935 4301 et
1964 4243 2208 4302 Patrem.
2234 4247 2447 4305 Summi
2479 4252 2742 4309 nimirum
2765 4237 2972 4313 amoris
3001 4269 3057 4316 et
3089 4260 3256 4319 boni-

1679 4336 1811 4394 tatis
1857 4336 2085 4392 evidens
2119 4349 2506 4410 argumentum
2542 4353 2649 4410 est,
2685 4361 2796 4402 non
2833 4349 2962 4417 sibi,
2987 4350 3084 4406 sed
3109 4352 3260 4411 Patri

1680 4427 1897 4484 deferre
1915 4428 2202 4496 honorem,
2224 4447 2336 4502 quo
2362 4433 2484 4504 ipso
2505 4451 2608 4493 nos
2632 4453 2821 4496 amore
2845 4451 3104 4510 parentes
3131 4460 3262 4516 pro-

1683 4521 1838 4592 sequi
1887 4522 2090 4578 debere
2138 4523 2319 4580 docet.
2362 4525 2503 4584 Nam
2544 4537 2744 4600 sponte
2786 4530 2855 4587 de
2905 4548 2967 4589 se
3013 4536 3262 4594 modeste

1680 4616 1936 4686 loquens,
1969 4633 2077 4672 non
2111 4617 2330 4675 inanem
2361 4630 2547 4692 captat
2568 4624 2819 4693 gloriam,
2853 4608 3032 4697 neque
3077 4628 3260 4700 digni-

1680 4706 1812 4761 tatis
1857 4706 2269 4764 existimatione
2314 4708 2560 4776 effertur,
2611 4719 2671 4766 ut
2721 4715 2900 4770 solent
2939 4719 3167 4788 superbi
3205 4729 3263 4775 et

1682 4806 2029 4869 arrogantes,
2062 4799 2152 4868 qui
2185 4807 2348 4855 tenue
2367 4815 2430 4855 ac
2455 4801 2755 4859 obscurum
2793 4805 3083 4875 imperium
3112 4810 3259 4864 nacti

1682 4906 1748 4944 eo
1778 4890 1897 4960 ipso
1933 4889 2000 4944 ad
2038 4890 2370 4946 inamabiles
2409 4907 2617 4955 mores.
2661 4904 2717 4949 et
2740 4897 2890 4952 omni
2934 4914 2964 4952 a
3003 4901 3264 4957 comitate

1685 4981 1738 5036 in
1772 4983 2167 5054 congressibus
2202 4983 2410 5040 alienos
2435 5002 2533 5058 per
2569 5002 2758 5044 vocem
2798 4992 3070 5061 praeconis
3106 4993 3260 5058 elati,

1685 5075 1980 5131 immanem
2029 5076 2324 5146 quamdam
2364 5077 2421 5134 in
2469 5078 2640 5135 feram
2684 5089 2993 5149 mutantur,
3030 5084 3265 5154 ideoque

1685 5183 1792 5221 non
1810 5183 1876 5222 ex
1895 5166 2323 5234 mansuetudine
2343 5184 2407 5224 ac
2427 5169 2770 5228 humanitate
2790 5185 3062 5246 perpetuae
3080 5177 3264 5246 gloria:

1683 5266 2012 5328 potestatem
2069 5261 2393 5326 metientes,
2435 5261 2622 5318 odium
2667 5263 2722 5318 in
2770 5280 2893 5320 sese
2923 5281 3032 5320 non
3076 5267 3176 5322 ahs
3207 5283 3264 5324 re

1690 5351 2070 5406 concitabunt.
2114 5351 2270 5418 Quod
2307 5352 2354 5409 si
2398 5362 2606 5410 temere
2643 5355 2879 5425 quodvis
2904 5358 3110 5412 bonum
3151 5359 3263 5413 dei-

1688 5443 1944 5508 ﬁcabitis,
2006 5445 2272 5513 plurimos
2304 5447 2358 5502 in
2390 5448 2493 5504 hac
2531 5456 2687 5519 parte
2713 5449 2847 5505 deos
2875 5450 3113 5505 habituri
3167 5466 3262 5505 su-

1690 5551 1834 5596 mus.
1877 5537 2065 5592 multis
2093 5537 2147 5592 in
2181 5539 2321 5595 locis
2351 5541 2626 5596 clamante
2661 5541 2946 5612 Scriptura
2970 5558 3148 5606 sacra,
3177 5558 3260 5597 se-

1695 5627 1934 5682 cundum
2000 5627 2170 5684 Deum
2223 5639 2277 5685 et
2329 5632 2434 5685 alia
2473 5632 2720 5702 quaedam
2753 5649 2876 5688 esse
2908 5634 3068 5696 bona,
3114 5619 3280 5712 verbi;

1699 5721 1893 5792 gratia,
1923 5735 2087 5792 quum
2130 5725 2367 5794 quodam
2397 5701 2555 5782 aitin
2590 5726 2712 5782 loco
2744 5725 2812 5794 ⁸⁸,
2861 5724 3060 5780 bonum
3098 5701 3288 5780 fuisse.

113 5840 148 5874 "
171 5845 312 5905 Joan.
346 5871 403 5919 x,
443 5856 526 5911 15.
605 5858 652 5890 ⁵⁸
674 5856 834 5912 Joan.
872 5875 982 5925 xlv,
1013 5858 1104 5914 28.
1181 5859 1227 5892 ⁵⁵
1255 5858 1421 5916 Marc.
1453 5876 1505 5926 χ,
1543 5859 1564 5912 1

1707 5861 1751 5892 ⁸⁸·
1784 5859 1955 5934 llleg.
1989 5877 2049 5928 Ir,
2075 5861 2166 5920 26.

115 5955 278 6023 (6)151.
312 5965 448 6037 Lege
478 5971 612 6035 ἐστι,
639 5971 744 6035 vel,
776 5972 879 6037 εἴη.
910 5971 1072 6026 Eutr.

223 6058 483 6122 l’nuot.
516 6066 628 6126 (in.
665 6067 1023 6127 XXXVIII.

2884 6061 2957 6122 28
