3814 6508
52 369 136 425 8ῖῖ

43 492 139 562 γὰρ
162 488 503 559 παρῳχηκὼς
536 487 692 559 ἔφην,
720 489 767 540 εἰ
797 489 994 553 παντὸς
1023 488 1284 559 μεγέθους
1320 489 1413 543 καὶ
1435 507 1603 544 κατα-

42 582 233 653 λήψεως
254 580 552 651 ὑπέρτερον
575 579 887 651 ὑπάρχοντα
919 580 1011 633 τὸν
1051 581 1269 651 Πατέρα
1296 580 1599 649 γινώσκων,

40 676 141 737 πῶς
166 674 261 745 τὴν
300 672 512 744 ἡμέραν
544 672 638 726 καὶ
674 670 770 742 τὴν
799 671 947 742 ὥραν
986 673 1223 743 ἐκείνην,
1254 672 1454 742 ἀτμίδα
1483 673 1601 741 ἦτοι

38 765 169 837 χοῦν,
200 765 290 817 καὶ
332 765 415 816 ἔτι
452 764 656 833 ἀδρανῆ
685 764 779 817 καὶ
810 763 1157 833 ἀμυδρότερα
1190 763 1325 834 πρὸς
1358 764 1419 815 τὸ
1449 763 1601 815 Θεῖον

38 855 441 927 συγκρινόμενα,
478 854 698 921 ἀγνοεῖς
728 852 1022 924 διαρρήδην
1064 852 1361 923 θεηγορῶν,
1390 851 1601 918 Οὐδεὶς

36 946 293 1017 γινώσκει
313 945 418 997 τὸν
442 944 669 1012 Πατέρα
686 947 735 997 ει
748 944 833 1013 μὴ
852 947 883 997 ό
910 943 1059 1009 Υἱὸς,
1074 943 1215 996 οὐδὲ
1237 943 1341 996 τὸν
1362 945 1498 996 ΥΙόν
1512 962 1602 1009 τις

30 1036 414 1107 ἐπιγινώσκει,
437 1038 487 1088 εἰ
504 1036 589 1104 μὴ
608 1038 639 1087 o'
656 1034 857 1101 Πατήρ
874 1077 886 1088 .
919 1035 1004 1097 Ὠς
1044 1035 1153 1105 γὰρ
1180 1036 1348 1104 μέγας
1369 1038 1397 1087 6
1414 1036 1599 1106 Πατὴρ

31 1126 276 1196 γινώσκει
320 1126 409 1178 τὸν
450 1126 593 1187 Υἱὸν,
628 1124 701 1187 ὡς
730 1124 785 1176 δὲ
824 1125 1074 1193 μέγιστος
1112 1125 1140 1174 6
1176 1126 1312 1188 Παῖς
1346 1125 1599 1194 γινώσκει

28 1220 107 1271 τὸν
134 1218 461 1289 Γεννήτορα,
485 1218 579 1272 καὶ
603 1217 916 1287 ἰσομέγεθες
932 1218 991 1271 τὸ
1015 1218 1155 1270 θεῖον
1182 1218 1404 1288 Πνεῦμα
1427 1219 1601 1290 ὑπάρ-

27 1328 111 1381 χον
157 1309 415 1377 γινώσκει
456 1310 547 1361 τὸν
592 1310 841 1379 Πατέρα,
882 1310 976 1361 καὶ
1045 1310 1134 1361 τὸν
1176 1310 1321 1372 Υίὺν,
1360 1312 1449 1363 ὑπ’
1495 1313 1599 1382 ἀμ-

28 1404 137 1470 φοῖν
175 1400 594 1470 γινωσκόμενον.
631 1400 734 1453 Δύο
762 1401 819 1453 δὲ
842 1399 1091 1469 γνώσεις,
1125 1402 1307 1473 διττὴν
1345 1404 1438 1455 καὶ
1460 1403 1603 1473 εἴδη-

26 1510 101 1545 σιν
126 1493 234 1546 ὑπὸ
261 1493 361 1562 τῆς
390 1492 537 1555 θείας
561 1493 598 1544 Γ
607 1492 781 1563 ραφῆς
805 1494 1172 1563 παιδευόμεθα
1194 1511 1207 1523 ο
1241 1496 1340 1563 τὴν
1365 1496 1463 1565 μὲν
1480 1496 1599 1548 κατ’

24 1584 317 1655 ἐνέργειαν,
351 1584 448 1654 τὴν
488 1584 545 1635 δὲ
585 1584 706 1636 κατ’
744 1584 886 1652 ὄψιν,
918 1584 1102 1648 καθὼς
1130 1585 1391 1655 ἀμυδροῖς
1423 1602 1601 1658 παρα-

20 1678 271 1746 δείγμασι
316 1675 655 1746 χρησάμενος
697 1675 995 1745 ἀπορρήξω
1037 1675 1126 1727 τὸν
1179 1676 1377 1731 κάλων.
1425 1677 1478 1729 εἰ
1515 1694 1598 1740 τις

22 1770 222 1836 ἀγνοεῖ,
254 1767 363 1819 τῶν
405 1763 1116 1835 αἱρέσεων,ἀντισπώμενος
1154 1766 1296 1835 ὑμᾶς
1334 1767 1433 1836 τῆς
1469 1765 1595 1835 βλα-

20 1860 239 1929 σφήμου
296 1858 590 1927 φάλαγγος.
651 1853 838 1918 Οὕτως
897 1855 1007 1925 γὰρ
1069 1858 1599 1927 αἰχμαλωτισθέντας

20 1951 246 2021 βροτοὺς
286 1949 391 2002 ὑπὸ
428 1947 522 2001 τοῦ
570 1946 814 2000 ποικίλου
853 1947 1071 2018 Βελιὰρ,
1113 1949 1601 2019 ἀνταιχμαλωτίζει

16 2042 257 2114 Χριστὸς
279 2042 369 2093 ἐπὶ
401 2037 619 2110 σταυρῷ
640 2039 773 2107 ὑψού
782 2057 962 2110 μενος,
992 2041 1134 2094 κατὰ
1160 2040 1325 2093 Δαϐὶδ
1348 2042 1439 2094 τὸν
1460 2041 1602 2094 θεῖον

20 2133 281 2204 μελῳδόν.
315 2132 534 2203 Προεῖδε
560 2131 669 2201 γὰρ
698 2134 725 2184 6
751 2132 1037 2195 θεσπέσιος
1061 2132 1122 2184 τὸ
1147 2133 1410 2203 σωτήριον
1433 2134 1601 2198 πάθος

14 2229 105 2280 καὶ
148 2229 255 2296 τὴν
295 2226 451 2297 ἡμῶν
490 2226 886 2297 αίχμαλωσίαν,
916 2225 984 2277 δι’
1010 2219 1084 2277 ὧν
1114 2242 1277 2296 φησιν
1304 2242 1315 2254 ·
1363 2227 1604 2293 Ἀναϐὰς

16 2322 96 2384 εὶς
116 2320 284 2387 ὕψος
328 2319 800 2389 ᾐχμαλώτευσας
814 2319 1248 2388 αἰχμαλωσίαν,
1265 2318 1489 2385 ἔδωκας
1506 2319 1604 2371 δό-

12 2429 168 2478 ματα
195 2412 264 2462 ἐν
284 2410 633 2478 ἀνθρώποις.
658 2412 789 2464 Τίνα
809 2411 980 2464 ταῦτα
1004 2427 1017 2475 ;
1043 2411 1154 2480 Τὴν
1184 2412 1263 2475 εἰς
1283 2410 1487 2481 Τριάδα
1517 2412 1603 2462 πί-

16 2521 156 2562 στιν.
197 2504 295 2557 καὶ
324 2503 429 2557 τῶν
451 2502 727 2573 μυστικῶν
756 2502 996 2572 τελετὴν,
1028 2503 1121 2553 καὶ
1144 2502 1331 2555 ἐλπίδα
1358 2503 1456 2573 τῆς
1478 2504 1606 2555 ἀνα-

14 2597 286 2659 στάσεως.
327 2595 552 2664 Ἐπάγει
571 2596 617 2647 δ’
653 2591 861 2665 αὖθιςὴ
895 2593 1003 2647 τῶν
1031 2593 1187 2647 θείων
1215 2596 1477 2666 μελῳδία’
1498 2595 1604 2649 Καὶ

12 2687 121 2754 γὰρ
141 2686 549 2751 ἀπειθοῦντας
572 2684 677 2738 τοῦ
702 2683 1189 2750 κατασκηνῶσαι.
1221 2684 1355 2737 Τίνα
1377 2687 1484 2756 ἄρα
1510 2685 1605 2738 καὶ

12 2778 147 2841 ποῦ;
192 2777 340 2840 Τοὺς
385 2776 445 2841 ἑξ
496 2775 765 2829 Ἰουδαίων
812 2776 905 2828 κα)⁸
959 2776 1226 2846 Ἑλλήνων
1270 2776 1327 2827 έν
1373 2777 1436 2845 τῇ
1487 2774 1606 2845 θεία

10 2871 185 2939 σκηνῇ
236 2867 341 2938 τῆς
396 2868 744 2939 Ἐκκλησίας.
802 2867 1067 2921 Ἀπειθῶν
1110 2867 1239 2938 γὰρ,
1283 2866 1479 2931 παίων,
1514 2867 1606 2919 καὶ

11 2963 351 3033 σπαράττων
392 2960 553 3023 λύκος
600 2960 990 3032 Χριστιανοὺς,
1030 2959 1265 3023 Παῦλος,
1302 2962 1330 3013 6
1372 2958 1467 3013 νῦν
1506 2958 1604 3028 τῆς

20 3053 366 3125 Ἐκκλησίας
396 3052 604 3116 στύλος,
635 3054 669 3123 ἡ
694 3051 1043 3122 ύψηλὸφωνος
1077 3051 1177 3121 τῆς
1206 3050 1442 3115 πίστεως
1476 3050 1603 3103 σάλ-

7 3148 163 3213 πιγξ,
198 3147 230 3198 ὁ
273 3144 441 3198 πάλαι
475 3143 683 3197 διώκων
718 3143 924 3206 κακῶς,
966 3142 1145 3205 καλῶς
1182 3142 1411 3213 τραπεὶς
1449 3142 1606 3196 ἑκου-

4 3237 143 3300 σίως
160 3236 317 3307 ὑπὲρ
336 3236 444 3289 τῶν
465 3236 796 3306 διωχθέντων
817 3236 1154 3307 μαστίζεται,
1173 3236 1201 3287 6
1225 3236 1402 3288 παίων
1424 3233 1608 3305 ῥαϐδί-

5 3323 191 3389 κῖεται,
242 3326 275 3377 6
322 3326 557 3397 ἀναιρῶν
603 3326 744 3397 ὑπὲρ
775 3325 884 3377 τῶν
921 3326 1237 3393 σφαγέντων
1277 3323 1612 3395 αὐθαιρέτως

0 3418 443 3488 καρατομεῖται,
494 3418 561 3487 τῇ
605 3413 896 3485 οὐρανόθεν
933 3416 1081 3485 φωνῇ
1138 3414 1231 3466 καὶ
1278 3413 1457 3484 πληγῇ
1504 3414 1613 3466 τῶν

0 3508 195 3575 ὄψεων
248 3507 391 3577 πρὸς
442 3506 611 3559 ταῦτα
640 3505 986 3576 μεταπεσὼν,
1020 3505 1142 3559 ἀντὶ¹
1172 3505 1373 3559 Σαύλου
1403 3505 1613 3569 Παῦλος

0 3600 112 3651 ὑπὸ
134 3599 241 3652 τοῦ
282 3598 632 3670 ὠνησαμένου
669 3597 905 3669 Χριστοῦ
958 3597 1399 3669 μετονομασθεὶς,
1431 3598 1519 3651 ἵνα
1542 3599 1613 3650 τά

0 3695 133 3763 ἔθνη
177 3693 552 3764 Χριστιανοὺς
585 3690 1018 3763 προσαγορεύσῃ.

1444 366 1791 425 DIALOGUS
1829 367 1869 421 1.

3176 362 3280 418 878

1706 490 1837 543 illud
1870 499 2120 543 sanctum
2167 498 2221 545 et
2264 505 2357 560 per
2415 505 2474 544 se
2515 488 2825 544 subsistens
2878 485 3139 550 Verbum,
3195 486 3277 541 lo-

1705 596 1880 651 quens
1910 588 1963 635 ct
1993 581 2243 644 audiens,
2279 582 2332 635 in
2362 580 2658 651 Evangelio
2694 580 2957 635 divinitus
2996 581 3087 634 illa
3112 580 3277 635 verba

1704 674 1966 743 protulit:
2022 672 2191 727 Nemo
2233 674 2374 728 novit
2414 673 2550 726 diem
2598 684 2691 726 aut
2737 674 2919 727 horam
2969 675 3141 737 illam,
3186 691 3277 728 nec

1705 766 1878 833 angeli
1916 765 2168 829 caelestes,
2201 781 2360 833 neque
2408 763 2583 818 Filius
2606 765 2652 796 "
2689 772 2776 819 :et
2819 765 3036 835 quidem
3071 766 3277 819 ratione

1704 855 2203 911 administrationis
2262 870 2404 917 suat,
2458 869 2522 908 ac
2582 856 2881 910 secundum
2937 858 3274 926 peculiarem

1703 962 1924 1003 sensum
1956 962 2019 1001 ca
2061 949 2310 1017 protulit.
2350 945 2417 1001 Ut
2450 946 2597 999 enim
2632 948 2886 1016 superius
2914 962 2942 1000 a
2994 949 3152 1003 nobis
3190 950 3278 1002 dio

1702 1050 1849 1095 ctum
1882 1049 1987 1103 est,
2026 1046 2070 1094 si
2107 1042 2257 1094 omni
2292 1040 2669 1111 magnitudine
2697 1046 2750 1094 et
2791 1041 3278 1107 comprehensione

1703 1131 2166 1199 perceptioneque
2199 1130 2538 1199 superiorem
2573 1127 2786 1182 Patrem
2808 1130 3110 1198 cognoscit,
3142 1146 3278 1198 quo-

1702 1222 1865 1275 modo
1891 1222 2033 1275 diem
2068 1232 2121 1276 et
2157 1222 2349 1274 horam
2387 1222 2536 1275 illam
2568 1220 2825 1280 nesciret,
2859 1234 2979 1288 qua:
3035 1228 3164 1273 sunt
3193 1222 3280 1273 in-

1702 1322 1818 1368 star
1852 1329 1998 1367 aurae
2028 1314 2374 1382 pulverisque
2397 1312 2707 1380 cujusdam,
2741 1319 2835 1365 aut
2861 1312 3029 1366 etiam
3059 1312 3278 1367 levioris

1700 1414 1754 1460 et
1787 1406 2054 1459 tenuioris
2079 1406 2179 1462 rei.
2217 1405 2260 1459 si
2292 1420 2415 1457 cum
2447 1411 2641 1457 natura
2671 1403 2914 1459 numinis
2936 1404 3081 1457 illius
3107 1404 3277 1459 divini

1701 1498 2124 1567 comparentur?
2158 1496 2454 1566 praesertim
2494 1510 2660 1567 quum
2691 1480 2909 1551 diserte
2940 1496 3085 1550 dicat
3120 1515 3133 1550 ε
3170 1495 3281 1551 Ne-

1701 1607 1785 1643 mo
1816 1591 1954 1644 novit
1974 1586 2195 1641 Patrem
2219 1591 2322 1643 nisi
2351 1588 2398 1640 F
2402 1589 2545 1651 ilius,
2574 1604 2734 1658 neque
2768 1586 2967 1641 Filium
3001 1590 3279 1657 quisquam

1701 1684 1989 1754 cognoscit,
2022 1683 2125 1735 nisi
2158 1681 2406 1735 Pater“.
2441 1679 2509 1734 Ut
2539 1680 2684 1734 enim
2726 1695 2953 1750 magnus
2996 1680 3084 1735 ille
3116 1679 3279 1735 Pater

1702 1776 1852 1831 novit
1880 1774 2097 1836 Filium,
2125 1784 2291 1843 utque
2324 1773 2594 1826 maximus
2628 1772 2717 1827 ille
2744 1770 2916 1828 Filius
2942 1767 3276 1827 novitGeni-

1704 1874 1875 1921 torem
1912 1884 1926 1919 :
1979 1866 2051 1919 ita
2104 1873 2158 1917 et
2204 1862 2431 1933 aequalis
2476 1862 2855 1931 magnitudine
2895 1860 3133 1932 Spiritus
3188 1861 3278 1915 ille

1704 1967 1929 2015 sanctus
1951 1956 2099 2011 novit
2123 1954 2339 2008 Patrem
2371 1961 2425 2009 et
2453 1952 2674 2018 Filium,
2711 1953 2781 2007 ab
2810 1954 3055 2023 utrisque
3084 1954 3279 2023 cogni-

1705 2061 1818 2110 tus.
1850 2050 1924 2104 De
1950 2049 2162 2103 duabus
2190 2056 2368 2100 autem
2397 2045 2803 2116 cognitionibus
2831 2044 3140 2116 duplicique
3175 2061 3275 2100 no-

1705 2145 1823 2198 titia
1881 2141 2055 2195 sacris
2108 2140 2160 2192 in
2218 2137 2441 2193 Litteris
2506 2140 2807 2202 docemur;
2871 2152 3104 2207 quarum
3171 2139 3277 2192 alia

1705 2234 1927 2303 quidem
1986 2229 2288 2286 secundum
2378 2236 2581 2292 actum,
2637 2228 2742 2282 alia
2789 2243 2920 2281 vero
2979 2228 3278 2282 secundum

1709 2325 1906 2379 faciem
1956 2323 2194 2385 exsistit,
2232 2321 2690 2391 quemadmodum
2734 2320 2985 2375 obscuris
3018 2321 3281 2390 exemplis

1708 2426 1871 2471 utens
1914 2414 2098 2469 funem
2150 2412 2513 2483 ignorationis
2542 2414 2885 2482 abrumpam,
2907 2427 2970 2465 ac
3000 2427 3097 2466 vos
3121 2427 3152 2466 a
3191 2428 3281 2468 se-

1707 2515 1917 2560 ctarum
1938 2504 2256 2573 blasphemo
2277 2502 2494 2573 agmine
2506 2503 2793 2556 revocabo.
2816 2502 2905 2557 Sic
2927 2503 3068 2558 enim
3092 2511 3282 2572 captos

1709 2612 1736 2647 a
1781 2606 2007 2651 versuto
2056 2597 2257 2652 Beliale
2293 2598 2573 2661 mortales,
2618 2598 2859 2651 vicissim
2896 2599 3140 2667 captivos
3177 2598 3281 2652 sibi

1709 2690 1887 2743 reddit
1908 2690 2184 2750 Christus,
2204 2690 2475 2744 exaltatus
2503 2689 2558 2743 in
2595 2704 2777 2753 cruce,
2793 2690 3094 2744 secundum
3114 2690 3281 2745 Davi-

1708 2780 1828 2835 dem
1874 2792 2049 2837 vatem
2078 2782 2344 2837 divinum.
2389 2782 2730 2836 Pratvidehat
2758 2783 2905 2837 enim
2935 2792 3160 2837 sanctus
3191 2783 3283 2837 ille

1710 2874 1793 2927 vir
1821 2874 2117 2929 salutarem
2161 2876 2470 2943 passionem
2500 2883 2555 2929 et
2591 2876 2961 2944 captivitatem
2998 2884 3279 2929 nostram:

1713 2976 1766 3019 σει
1810 2966 2015 3020 idcirco
2045 2966 2223 3036 inquit
2264 2984 2279 3019 ι
2322 2965 2622 3018 Ascendisti
2674 2965 2725 3017 in
2768 2964 2972 3028 altum,
3021 2965 3283 3031 captivam

1712 3056 1915 3110 duxisti
1948 3058 2341 3125 captivitatem;
2380 3055 2575 3109 dediin
2605 3055 2748 3109 dona
2792 3056 2929 3109 inter
2962 3056 3196 3109 homines
3213 3057 3281 3110 ⁷⁸.

1716 3147 1978 3213 Quaenam
2022 3148 2152 3200 illa?
2182 3145 2339 3201 fidem
2364 3146 2419 3201 in
2449 3144 2799 3208 Trinitatem,
2832 3152 2886 3199 et
2920 3160 3101 3200 rerum
3155 3160 3286 3216 my~

1716 3238 1981 3291 sticarum
2012 3252 2226 3292 sacram
2262 3236 2817 3300 administrationem,
2844 3244 2897 3290 et
2924 3250 3072 3305 spem
3098 3251 3285 3291 resur-

1710 3325 1992 3380 rectionis.
2020 3324 2253 3395 Subjicit
2275 3332 2454 3382 autem
2487 3341 2680 3381 rursus
2709 3326 2981 3379 canticum
3005 3325 3245 3379 divinum
3269 3344 3283 3380 :

1710 3416 1819 3472 Sed
1851 3426 1900 3472 et
1935 3418 2285 3472 inobedientes
2314 3418 2382 3471 ad
2418 3417 2767 3471 habitandum
2790 3418 2854 3469 ⁷⁸.
2898 3416 3197 3483 Quemnam
3233 3428 3290 3471 et

1709 3509 1840 3563 ubi?
1875 3508 1982 3563 Eos
2010 3510 2103 3579 qui
2141 3516 2270 3563 sunt
2296 3524 2361 3563 ex
2390 3507 2597 3564 Judaeis
2620 3516 2673 3562 et
2698 3507 2975 3577 gentibus,
3012 3508 3066 3562 in
3093 3516 3289 3563 sancto

1712 3601 2027 3655 habitaculo
2055 3599 2331 3657 Ecclesiae.
2364 3599 2690 3655 lnobedicns
2715 3599 2859 3653 enim
2883 3600 2990 3661 ille,
3017 3600 3290 3654 terrificas

1721 3702 1776 3750 et
1827 3694 2147 3760 discerpens
2191 3692 2534 3748 Christianos
2579 3690 2742 3761 lupus
2771 3700 2888 3745 erat
2924 3690 3146 3755 Paulus,
3193 3693 3288 3761 qui

0 3808 158 3846 nunc
213 3790 480 3845 Ecclesia:
531 3790 788 3843 columna
839 3796 943 3851 est,
995 3788 1231 3843 altisona
1266 3788 1388 3843 fidei
1428 3788 1596 3855 tuba;
1649 3790 1741 3860 qui
1774 3789 2071 3858 aliquando
2112 3789 2253 3842 male
2293 3788 2738 3858 persequebatur,
2790 3794 2937 3841 recte
2965 3802 3287 3853 conversus,

0 3895 336 3955 spontanea
392 3885 669 3939 voluntate
734 3896 833 3952 pro
894 3881 961 3935 iis
1017 3880 1109 3950 qui
1166 3881 1598 3949 persecutionem
1652 3881 1954 3949 patiuntur,
2010 3878 2345 3948 flagellatur;
2417 3878 2748 3947 percutiens,
2801 3876 2964 3946 virgis
3029 3877 3289 3945 caeditur;

0 3982 392 4043 interfector,
441 3994 541 4049 pro
598 3977 798 4032 occisis
854 3974 1050 4029 lubens
1097 3974 1275 4042 capite
1324 3982 1610 4029 truncatur
1650 3992 1663 4027 :

1704 3990 1800 4044 per
1853 3974 2093 4028 auditam
2145 3973 2360 4027 coelitus
2402 3988 2590 4027 vocem
2643 3981 2697 4028 et
2742 3974 3024 4028 oculorum
3078 3976 3289 4045 plagam

0 4089 360 4136 conversus,
386 4087 485 4143 pro
519 4072 683 4125 Saulo
719 4070 923 4126 Paulus
991 4086 1020 4123 a
1058 4070 1402 4140 redemptore
1450 4071 1672 4128 Christo
1722 4070 1983 4141 deinceps
2031 4069 2372 4133 nominatur,
2436 4077 2495 4121 ut
2546 4069 2802 4139 gentibus
2850 4068 3288 4124 Christianorum

0 4186 224 4224 nomen
274 4167 503 4222 inderet.

84 4279 257 4332 Ἀλλ’
271 4278 367 4330 ἐπὶ
380 4274 643 4348 τὸξπροκεί
649 4292 808 4345 μενον
823 4273 901 4344 τῷ
914 4274 1056 4345 λόγῳ
1069 4273 1325 4345 παλινδρο
1333 4274 1404 4343 μή
1412 4290 1613 4344 σωμεν,
1688 4236 1700 4249 υ

0 4370 266 4439 ἱξυτέρᾳ.
317 4368 382 4436 τῇ
415 4364 535 4433 ὄψει
581 4364 679 4433 τῆς
716 4364 956 4426 διανοίας
997 4365 1299 4435 χρώμενοι,
1340 4363 1475 4433 πρὸς
1518 4364 1617 4431 τὴν

0 4459 365 4527 ιιατανόησιν
394 4458 492 4526 τῆς
527 4455 710 4525 διττῆς
754 4455 1007 4523 γνώσεως
1041 4456 1133 4507 καὶ
1176 4455 1451 4524 είδήσεως.
1481 4454 1617 4525 Φησὶ

0 4554 137 4622 τοῦν
187 4554 230 4623 ἡ
288 4550 404 4603 θεία
438 4551 476 4602 Γ
483 4550 626 4621 ραφὴ
672 4548 799 4619 περὶ
841 4547 936 4601 τοῦ
981 4546 1151 4617 Ἀδὰμ
1199 4547 1420 4617 καὶτῆς
1452 4546 1615 4609 Εὔας,

0 4646 152 4701 μετὰ
206 4643 284 4697 τὸ
329 4641 715 4713 έξορμισθῆναι
758 4641 955 4704 αὐτοὺς
1000 4640 1094 4694 τοῦ
1132 4638 1492 4711 παραδείσου,
1529 4638 1606 4690 αἱ-

0 4735 333 4807 ῐῆυμνένους
376 4729 470 4785 τοῦ
506 4729 980 4802 ἀπηγορευμένον,
1016 4730 1203 4798 Ἔγνω
1238 4727 1418 4796 Ἀδὰμ
1454 4727 1618 4781 Εὔαν

0 4830 118 4897 ’ὴν
160 4823 442 4896 γυναῖκα
478 4822 695 4885 αὐτοῦ,
740 4822 835 4874 καὶ
879 4820 1280 4876 συλλαϐοῦσα
1316 4818 1504 4872 ἔτεκε.
1552 4817 1617 4869 Τί

0 4921 87 4977 ,ὗν
126 4918 427 4993 ὲροῦμεν;
453 4916 534 4971 ὃτι
571 4917 629 4968 ἐν
671 4911 984 4985 παραδείσῳ
1032 4911 1217 4979 ἠγνόει
1253 4911 1421 4982 αὐτὴν
1452 4913 1481 4964 6
1518 4909 1619 4978 φά-

0 5034 160 5070 πκων
208 5010 352 5080 περὶ
377 5008 566 5078 αὐτῆς,
588 5007 766 5061 Τοῦτο
792 4999 909 5060 νῦν
940 5002 1164 5058 ὀστοῦν
1184 5005 1251 5056 ἐκ
1276 5002 1396 5057 τῶν
1423 5000 1619 5056 ὀστῶν

0 5126 159 5170 ιου,
209 5102 320 5157 καὶ
363 5100 519 5167 σὰρξ
549 5101 616 5153 ἐκ
656 5098 766 5165 τῆς
808 5100 1035 5166 σαρκός
1064 5113 1217 5166 pou;
1258 5095 1396 5149 Ἀλλ’
1430 5094 1620 5164 ὲγίνω-

0 5217 138 5253 πκεν
185 5193 399 5263 αὐτὴν,
445 5193 561 5245 ἐκεῖ
601 5192 698 5261 μὲν
734 5193 800 5261 τῇ
846 5191 964 5259 ὄψει
997 5190 1156 5264 μόνῃ,
1203 5188 1433 5243 ἐνταῦθα
1460 5187 1515 5241 δὲ
1551 5190 1617 5258 τῇ

0 5293 121 5361 ψει
196 5286 309 5340 καὶ
353 5283 607 5353 ἐνεργείᾳ
650 5286 957 5353 σωμτικῇ.
1000 5282 1109 5335 Καὶ
1169 5280 1420 5352 ’Δόραὰμ
1480 5282 1622 5349 ἔγνω

0 5387 54 5435 ζα
67 5384 255 5454 ῤῥαν
283 5376 383 5445 τὴν
411 5375 644 5442 γυναῖκα
665 5372 852 5445 αὐτοῦ,
875 5373 973 5425 οὐκ
998 5371 1369 5441 ἀγνοουμένην
1397 5371 1504 5442 πρὸ
1524 5371 1621 5439 τῆς

0 5476 263 5539 ιίξεως.
298 5469 411 5521 Καὶ
439 5467 568 5537 περὶ
601 5465 694 5518 τοῦ
725 5464 888 5518 Δαῦὶδ
918 5465 1083 5535 φησιν
1128 5465 1161 5533 ή
1193 5464 1301 5517 τῶν
1326 5463 1621 5517 Βασιλειῶν

0 5590 53 5625 τυ
64 5565 233 5626 κτίς
258 5578 272 5592 ·
314 5559 603 5629 Ἑγγὶρασε
629 5558 823 5623 Δαϐὶδ,
856 5558 952 5610 καὶ
983 5557 1248 5611 ἔσκεπον
1274 5556 1461 5613 αὐτὸν
1485 5560 1615 5627 ίμα-

2 5664 193 5724 ἰοις,
236 5653 340 5707 καί
370 5654 480 5706 οὐκ
510 5650 904 5720 ἐθερμαίνετο,
932 5648 1030 5701 καὶ
1057 5645 1301 5715 ἐζήτουν
1319 5648 1619 5718 παρθένον

1788 4268 1896 4325 Sed
1919 4269 2062 4324 enim
2093 4269 2157 4321 ad
2186 4269 2527 4338 propositum
2570 4284 2876 4324 sermonem
2914 4285 3289 4337 recurramus,

1716 4362 1927 4415 acriore
1955 4363 2158 4415 mentis
2192 4371 2412 4429 aspectu
2448 4369 2661 4417 utentes
2692 4361 2758 4414 ad
2784 4363 3286 4419 considerationem

1716 4453 1951 4520 duplicis
1997 4454 2328 4523 cognitionis
2374 4463 2427 4507 et
2460 4454 2685 4507 notitim.
2729 4452 2909 4524 lnquit
2934 4457 3097 4526 igitur
3146 4455 3295 4512 Scri-

1717 4558 1874 4617 ptura
1893 4561 2048 4601 sacra
2078 4546 2146 4600 de
2166 4546 2374 4600 Adanto
2406 4554 2460 4599 et
2497 4546 2627 4610 Eva,
2653 4549 2796 4616 quod
2823 4557 3109 4618 postquam
3133 4551 3291 4618 ejecti

1721 4647 1907 4695 essent
1949 4654 1981 4694 e
2011 4638 2291 4709 paradiso,
2326 4638 2614 4708 degustato
2646 4639 2824 4695 fructu
2859 4642 3170 4707 interdicto,
3202 4658 3294 4696 co—

1714 4730 1965 4800 gnoverit
2014 4728 2258 4783 Adantus
2305 4730 2468 4782 Evam
2519 4744 2741 4784 uxorem
2790 4746 2968 4796 suam,
3005 4747 3146 4801 quae.
3182 4732 3292 4787 fetu

1714 4830 1999 4892 concepto,
2051 4822 2316 4891 pepererit
2352 4823 2417 4874 ⁷⁷.
2480 4820 2621 4887 Quid
2676 4823 2840 4892 igitur
2883 4825 3171 4879 dicemus?
3223 4842 3290 4880 an

1715 4911 1859 4980 quod
1902 4912 1956 4964 in
1998 4911 2253 4979 paradiso
2284 4925 2394 4962 non
2421 4910 2737 4977 cognoverit
2764 4925 2908 4973 eam,
2940 4914 3033 4982 qui
3076 4912 3143 4966 de
3174 4914 3293 4982 ipsa

1716 5004 1931 5058 dicebat
1959 5002 2108 5058 :Hoc
2152 5020 2287 5055 nunc
2330 5019 2387 5055 os
2424 5016 2488 5055 ea:
2536 5003 2741 5055 ossibus
2786 5005 2947 5065 meis,
2995 5012 3045 5057 et
3086 5020 3211 5058 caro
3230 5006 3296 5059 de

1719 5112 1876 5150 carne
1911 5112 2024 5150 mea
2066 5096 2146 5149 7‘?
2196 5093 2434 5149 Omnino
2466 5096 2721 5166 cognovit
2747 5110 2889 5161 eam,
2932 5095 3043 5150 illic
3074 5097 3292 5165 quidem

1719 5190 1837 5243 solo
1869 5197 2117 5259 aspectu,
2164 5188 2252 5242 hic
2288 5198 2467 5243 autem
2512 5200 2566 5245 et
2608 5197 2831 5258 aspectu
2862 5198 2916 5243 et
2944 5197 3066 5244 actu
3101 5206 3295 5261 θοι-ρο-

1719 5281 1841 5334 rali.
1874 5278 1965 5333 Sic
1995 5280 2158 5333 etiam
2194 5279 2538 5333 Ahrahamus
2560 5280 2815 5349 cognovit
2849 5280 3034 5334 Saratr
3066 5297 3292 5338 uxorem

1720 5387 1900 5433 suam,
1932 5386 2040 5425 non
2076 5371 2405 5441 incognitam
2441 5377 2566 5424 ante
2598 5370 3056 5426 commistionem.
3084 5371 3161 5427 De
3192 5370 3294 5424 Da~

1719 5463 1841 5518 vide
1872 5464 2233 5533 perscriptum
2265 5471 2348 5517 est
2382 5463 2433 5517 in
2466 5462 2607 5516 libro
2638 5462 2706 5517 de
2740 5461 2977 5533 Regnis:
3011 5463 3297 5520 Consenuit

1724 5554 1973 5617 Davides,
1996 5568 2047 5609 et
2066 5563 2379 5623 operuerunt
2402 5570 2518 5608 eum
2540 5554 2788 5617 vestibus,
2821 5572 2915 5610 nec
2945 5563 3140 5613 tamen.
3157 5557 3299 5612 cale-

1726 5644 1905 5715 ﬁebat.
1954 5644 2130 5715 Igitur
2182 5646 2486 5715 qumrebant
2542 5647 2813 5718 virginem,
2865 5663 2981 5716 qua:
3018 5664 3136 5701 cum
3186 5650 3298 5719 ipso

49 5856 122 5893 ’⁸
162 5851 359 5908 Marc.
405 5824 525 5912 itu,
559 5848 648 5903 52.
726 5847 773 5879 ⁷⁸
805 5845 990 5900 Matth.
1028 5860 1105 5909 τι,
1138 5844 1228 5899 ‘27.
1306 5845 1349 5877 "
1380 5842 1524 5899 Psal.
1573 5858 1600 5895 ι.

1711 5858 1742 5908 ι,
1789 5842 1873 5898 19.
1952 5844 1999 5875 ’⁷⁸
2032 5844 2163 5899 ibid.
2238 5846 2283 5878 ⁷⁷
2318 5845 2453 5900 Gen.
2493 5862 2566 5908 tv,
2608 5846 2654 5898 Ι.
2732 5846 2777 5877 ⁷⁸
2824 5844 2957 5900 Gen.
3002 5860 3061 5910 ll,
3102 5844 3191 5902 ‘25.
