3814 6508
25 437 102 500 8ἓ1
1378 435 1535 489 DIAL

1650 437 1725 493 US
1769 436 1811 491 Ι.

25 552 294 625 φιτὴςεως,
324 543 437 611 ἣτις
470 540 704 612 ὑπάρχει
738 544 833 614 τῆς
866 547 1082 617 ἡμέρας
1116 548 1210 601 καὶ
1257 551 1353 620 τῆς
1396 550 1547 621 ὥρας

25 639 249 710 ἑκείνηςή
285 632 551 705 πρακτικὴ
572 636 677 704 τῆς
708 636 943 707 κρίσεως
978 639 1176 706 γνῶσις
1211 642 1399 695 αὑτοῦ..

3132 439 3238 495 88ἒ

1652 552 1874 621 quidem
1912 551 2251 615 benefacere,
2286 552 2441 606 tarde
2478 568 2604 607 vero
2641 552 2832 623 punire
2863 560 3211 612 consueverit

1652 644 1809 700 Nunc
1840 645 1984 701 enim
2018 644 2199 698 adhuc
2233 644 2384 712 impii
2410 643 2647 698 oderunt
2674 645 2866 714 Deum,
2888 655 2941 701 et
2965 647 3237 707 increduli

34 756 57 790 ιι
79 732 248 789 divinis
270 727 517 796 operibus
541 730 875 793 claudicant,
900 736 1201 802 nequeulla
1236 738 1338 790 alia
1360 754 1417 793 re
1446 740 1641 794 mentis
1662 757 1889 812 gressus
1910 740 2155 803 ﬁrmant;
2176 737 2423 808 adeoque
2449 739 2711 809 iniquitas
2736 752 2975 811 superat,
2997 750 3052 798 et
3069 743 3237 813 judex

30 820 292 895 onganimis
345 827 444 882 est,
490 836 662 891 usque
721 823 787 877 ad
823 826 1124 881 secundmn
1163 829 1230 883 ad
1296 846 1397 886 nos
1432 832 1766 900 adventum,
1819 836 1912 904 qui
1961 842 2053 889 est
2096 831 2203 888 diei
2244 839 2299 887 et
2342 834 2491 887 horae
2533 832 2689 889 illius
2733 834 2989 890 nimirum
3042 836 3235 905 judicii

26 911 261 973 έςειευηιὲἰ
301 911 558 981 cognitio.

535 1030 783 1085 ΠΕΥΣΙΣ
822 1035 951 1088 KB'.

65 1146 157 1199 Καὶ
184 1142 292 1205 πῶς
318 1141 474 1205 αὐτὸς
498 1141 680 1213 λέγει·
731 1146 888 1215 Πρὸς
928 1149 1035 1203 τὸν
1088 1152 1235 1204 Θεόν
1275 1171 1396 1223 μου
1441 1154 1535 1209 καὶ

26 1240 131 1294 θεὸν
153 1235 322 1305 ὑμῶν,
340 1237 437 1287 καὶ
464 1236 693 1305 Πατέρα
710 1256 831 1308 μου
859 1240 957 1294 καὶ
985 1244 1218 1312 Πατέρα
1247 1246 1446 1315 Qudne;
1475 1249 1539 1300 ὲκ

25 1330 162 1385 τούτου
187 1326 389 1389 δεικνὺς
422 1326 496 1398 μὴ
530 1321 647 1391 ἶσος
673 1329 937 1403 ὑπάρχειν
964 1334 1057 1387 τοῦ
1084 1337 1317 1410 Πατρδῶ
1340 1338 1533 1408 λέγων,

25 1419 289 1489 Ἱερεύομαι
319 1414 469 1483 πρὸς
497 1416 605 1471 τὸν
631 1420 776 1472 Θεόν
798 1438 953 1491 μου;

572 1509 937 1579 Ἀπόκρισις.

72 1600 209 1655 Ἀλλὰ
263 1601 335 1671 μὴ
381 1599 519 1671 πρὸς
566 1601 649 1667 τὸ,
690 1604 869 1673 ἥττον’
901 1607 1167 1679 ὑπάρχειν
1209 1610 1302 1664 τοῦ
1336 1613 1549 1684 Πατρὸς

26 1696 77 1748 τὸν
110 1692 296 1757 Παῖδα,
334 1693 615 1765 καταπέσῃ
651 1695 806 1766 ὑμῶν
853 1699 887 1770 ή
935 1700 1172 1765 διάνοια,
1208 1703 1286 1774 τῷ
1348 1706 1551 1777 ῥήματι

26 1789 83 1859 ’ἧς
106 1786 405 1858 θεανδρικῆς
446 1787 611 1841 αὑτοῦ
642 1791 955 1862 οἰκονομίας
984 1796 1425 1867 προσκόπτουσα.
1468 1801 1541 1853 Οὐ

26 1878 90 1951 ’ὰρ
118 1878 209 1947 πρὸ
236 1876 435 1948 ταύτης
464 1883 711 1948 φανεῖται
743 1885 920 1955 φήσας
951 1887 1009 1939 ὲν
1030 1890 1094 1960 τῇ
1118 1890 1332 1963 Παλαιᾷ
1356 1892 1539 1967 Πυκτῇ

27 1990 64 2024 τι
93 1970 359 2041 ἀσώματος
397 1972 682 2045 ὑπάρχων,
720 1979 1052 2047 Πορεύομαι
1077 1982 1226 2052 πρὸς
1262 1983 1369 2037 τόν
1396 1987 1544 2040 Θεόν

25 2082 121 2115 εου·
144 2063 228 2116 καὶ
260 2062 418 2134 σαρκὶ⁹
446 2062 502 2116 δὲ
537 2065 778 2133 ἑνωθείς,
812 2069 909 2140 οὐχ
937 2065 1099 2142 ἦττον
1133 2073 1237 2127 ὑπὸ
1269 2074 1377 2127 τῶν
1412 2094 1543 2149 προ-

26 2155 156 2226 ;ητῶν
197 2153 521 2223 Θεολογεῖται
545 2174 561 2189 ο
612 2159 832 2215 Ἠσαίου
874 2163 973 2233 μὲν
1012 2164 1263 2233 βοῶντος*
1295 2168 1544 2222 Παιδίον

32 2245 248 2315 maritim
274 2246 414 2315 ἡμῖν
439 2249 537 2301 καὶ
559 2249 756 2318 ἐδόθη.
783 2247 854 2307 οὗ
882 2252 919 2319 ἡ
941 2253 1098 2322 ἀρχὴ
1125 2255 1223 2309 ἐπὶ
1252 2256 1360 2311 τοῦ
1382 2257 1542 2327 ὤμου

26 2338 186 2400 rbi-06,
216 2338 306 2390 καὶ
352 2340 626 2397 καλεῖται
677 2341 742 2395 τὸ
786 2344 973 2413 ὄνομα
1010 2347 1219 2413 αὐτοῦ,
1272 2349 1542 2419 μεγάλης

25 2424 197 2497 ίουλῆς
243 2428 551 2497 Ἄγγελος,
593 2434 951 2502 Θαυμαστὸς
991 2438 1361 2506 σύμϐουλος,
1399 2440 1542 2507 Θεὸς

26 2518 229 2587 ἀχυρὸς,
268 2518 727 2590 Ἐξουσιαστὴς,
758 2525 992 2595 ’Ἄρχων
1037 2528 1305 2596 εἰρήνης,
1339 2530 1541 2600 Πατὴρ

26 2611 84 2664 οὗ
109 2612 426 2679 μέλλοντος
456 2614 672 2680 αἰῶνος
692 2631 706 2645 ·
743 2615 835 2669 τοῦ
869 2618 925 2671 δὲ
974 2619 1137 2673 Δαὸὶδ
1177 2621 1541 2692 μελῳδοῦντος

30 2699 80 2765 ὴν
117 2696 353 2769 δευτέραν
418 2701 590 2754 αὑτοῦ
642 2703 965 2777 θεανδρικὴν
1025 2710 1401 2782 ὲπιφοίτησιν,
1448 2714 1541 2767 ἐπὶ

26 2791 145 2874 κρίσει
166 2792 251 2845 καὶ
274 2794 606 2864 ἀνταμείψει
633 2797 840 2863 πάντας
874 2801 1317 2874 συναγείρουσαν,
1343 2808 1375 2858 ὁ
1397 2806 1541 2872 Θεὸς

26 2872 424 2944 νμῶνέμφανῶς
478 2879 633 2948 ἥξει,
671 2883 699 2933 ὁ
744 2881 875 2948 Θεὸς
906 2872 1212 2956 ἡμῶν,καὶ
1254 2890 1315 2943 06
1357 2908 1536 2963 παρα-

31 2969 309 3039 ιωπήσεται.
340 2972 474 3039 Πῦρ
507 2974 786 3029 ἐναντίον
816 2979 1005 3032 αὑτοῦ
1038 2984 1530 3050 προπορεύσεται,

26 3056 75 3107 at
104 3059 289 3124 κύκλῳ
330 3061 529 3116 αὐτοῦ
568 3066 838 3134 καταιγὶς
868 3067 1126 3137 σφόδρα,
1165 3072 1290 3137 τοὺς
1326 3073 1534 3137 αἰτίους

25 3151 105 3219 pit;
157 3158 410 3226 τιμωρίαν
479 3162 911 3229 συνελαύνουσα,
962 3165 1056 3219 καὶ
1124 3167 1204 3236 τῷ
1274 3168 1533 3237 φρικῶδες

26 3237 71 3287 αὶ
96 3237 285 3293 ἀκλινεῖ
308 3244 640 3313 παριστῶσα
674 3246 877 3318 βήματι
903 3251 995 3305 τοῦ
1038 3254 1130 3306 ἐπὶ
1164 3256 1381 3311 πάντων
1407 3258 1543 3312 Θεοῦ

29 3326 72 3377 αἱ
94 3327 321 3401 Σωτῆρος
352 3333 519 3406 ἡμῶν
559 3337 734 3407 Ἰησοῦ
763 3340 1021 3411 Χριστοῦ.
1050 3343 1294 3411 Εἰκότως
1320 3343 1415 3402 οὖν
1454 3349 1545 3405 διὰ

26 3416 73 3483 ὴν
91 3422 385 3494 σωματικὴν
402 3427 725 3496 οἰκονομίαν
746 3430 901 3499 φησὶ,
920 3435 1254 3504 Πορεύομαι
1273 3439 1423 3508 πρὸς
1436 3441 1545 3494 τὸν

25 3509 118 3561 ἐόν
136 3529 247 3579 μου
268 3531 281 3544 ·
309 3515 398 3571 διὰ
432 3517 499 3571 δὲ
531 3518 631 3590 τὴν
662 3521 804 3574 κατὰ
837 3522 998 3591 φύσιν
1019 3525 1121 3596 τῆς
1164 3527 1315 3593 θείας
1343 3532 1407 3585 ὲκ
1446 3532 1539 3587 τοῦ

26 3598 167 3670 ἷατρὸς
190 3608 531 3678 γεννήσεως,
554 3612 906 3681 Πορεύομαι,
934 3632 1006 3688 φη
1016 3617 1089 3683 si,
1111 3619 1264 3687 πρὸς
1294 3620 1401 3675 τὸν
1423 3626 1542 3676 Πα-

26 3689 105 3757 ἐρα
123 3712 251 3761 μου.
273 3698 406 3762 Θεὸς
440 3700 627 3756 τοίνυν
662 3703 772 3757 τῶν
808 3706 1067 3778 μαθητῶν
1106 3710 1201 3764 καὶ
1230 3713 1419 3786 Πατὴρ
1444 3715 1536 3770 τοῦ

26 3784 153 3878 atii);
179 3789 313 3844 κατὰ
356 3791 550 3859 φύσιν,
594 3793 725 3860 Θεὸς
774 3796 831 3850 δὲ
867 3799 960 3851 τοῦ
983 3800 1111 3854 Υἱοῦ
1156 3804 1297 3858 κατὰ
1336 3784 1535 3878 σάρκα,

26 3875 252 3953 ιὶΠατῂρ
285 3881 391 3936 τῶν
433 3885 712 3956 φοιτητῶν
738 3888 877 3942 κατὰ
910 3890 1089 3963 χάριν.

541 4090 789 4145 ΠΕΥΣΙΣ
828 4094 954 4148 KI".

43 4176 136 4228 Καὶ
160 4178 271 4242 πῶς
300 4182 433 4252 περὶ
458 4181 557 4234 τοῦ
592 4166 825 4254 Πατρὸςκ
854 4185 1184 4256 γέγραπται,
1218 4191 1303 4244 Οὐ
1334 4192 1540 4247 πεινά-

25 4283 79 4331 Βι,
104 4272 167 4322 οὐ
197 4270 476 4341 διψήσει,
511 4273 654 4328 οὐδέ
693 4275 867 4329 ἐστιν
907 4278 1216 4348 ἐξεύρεσις
1252 4282 1364 4352 τῆς
1396 4303 1539 4354 φρο-

25 4360 180 4429 ὗσεως
206 4366 396 4420 αὐτοῦ
421 4382 433 4394 ·
483 4368 610 4437 περὶ
624 4367 681 4421 δὲ
710 4367 805 4424 τοῦ
832 4370 983 4435 Υἱοῦ,
1018 4373 1098 4425 ὃτι
1122 4374 1375 4431 ὲπείνασε
1399 4379 1537 4448 μετὰ

25 4454 354 4524 σσαράκοντα
390 4457 635 4529 ἡμέρας,
665 4461 985 4545 πειρασθεὶς
1016 4464 1078 4517 ὲν
1110 4470 1174 4538 τῇ
1197 4468 1410 4540 ἐρήμῳ,
1444 4471 1537 4525 καὶ

26 4546 176 4617 ,δήσας
201 4548 387 4621 ἐζήτει
437 4553 587 4604 πιεῖν
634 4553 785 4620 παρὰ
814 4554 913 4624 τῆς
947 4556 1342 4628 Σαμαρίτιδος;
1374 4563 1535 4617 πάλιν

25 4640 87 4707 api
110 4642 194 4694 τοῦ
216 4643 463 4715 Πατρὸς,
495 4647 579 4699 Οὐ
616 4645 918 4710 κοπιάσει,
943 4651 1015 4703 οὐ
1048 4653 1366 4717 νυστάσει,
1396 4657 1540 4711 οὐδὲ

25 4730 210 4784 τνώσει
242 4735 277 4786 ὁ
308 4731 664 4802 φυλάσσων
696 4734 803 4788 τὸν
850 4736 1097 4805 Ἰσραήλ
1123 4757 1135 4769 ·
1182 4741 1444 4797 ἐκοπίασε
1485 4743 1541 4798 δὲ

26 4820 165 4887 ησοῡς
188 4824 253 4875 ὲκ
273 4823 373 4893 τῆς
391 4822 730 4894 ὁδοιπορίας,
755 4824 848 4877 καὶ
872 4824 1141 4881 ὑπνὼττει
1166 4829 1224 4881 ἐν
1246 4828 1325 4900 τῷ
1347 4830 1540 4902 πλοίῳ,

25 4927 95 4981 περ
119 4913 215 4968 οὐκ
250 4914 369 4973 ἔστι
399 4914 582 4980 Θεοῦς

568 5033 929 5104 Ἀπόκρισις.

35 5122 237 5192 Ἄπαγε
279 5125 489 5181 σαυτὸν
517 5125 618 5197 τῆς
643 5129 987 5202 νηπιότητος,
1020 5131 1297 5203 ἄνθρωπε.
1322 5135 1399 5188 Οὐ
1438 5137 1534 5206 p.6-

26 5228 44 5261 υ
79 5214 180 5285 γὰρ
224 5218 491 5288 πεινῆσαι
523 5220 845 5287 κατεδέξατο
892 5222 1062 5277 ἐλθὼν
1106 5227 1134 5279 ὁ
1171 5226 1532 5292 ὲνυπόστατος

26 5306 48 5357 ὶ
73 5307 172 5371 ζῶν
206 5310 365 5379 ἅγιος
394 5311 591 5380 Λόγος,
622 5313 759 5368 ἀλλὰ
787 5315 882 5368 καὶ
912 5316 1148 5372 πέπονθε
1179 5319 1257 5389 τῷ
1289 5320 1347 5387 ἐξ
1376 5321 1531 5391 ἡμῶν

25 5398 494 5469 οσλὴμματι,-καὶ
525 5402 630 5455 ὑπὸ
671 5404 848 5476 ταφὴν
886 5406 1078 5461 τούτου
1118 5410 1326 5479 γέγονε,
1376 5411 1531 5484 πρῶ-

26 5493 385 5564 θμαστιχθεὶς
437 5493 531 5548 τὸν
574 5495 742 5549 νῶτον
763 5538 777 5558 ,
829 5497 925 5552 καὶ
964 5499 1183 5573 δέσμιος
1225 5506 1292 5575 τῇ
1338 5494 1531 5558 ἑνώσει

26 5584 322 5652 απεμφθεὶς
368 5585 589 5660 Ἡρώδῃ
611 5587 715 5640 ὑπὸ
744 5588 998 5646 Πιλάτου.
1032 5588 1148 5646 Εἶθ’
1169 5594 1339 5659 οὕτως
1371 5596 1530 5667 ῥαπί-

25 5688 92 5725 ται
114 5679 375 5748 παρειαῖς
409 5677 509 5730 καὶ
548 5679 870 5749 ὲμπτὺεται.
910 5683 1069 5740 Ἀλλὰ
1101 5687 1195 5740 καὶ
1240 5688 1524 5757 ἐδάκρυσε,

26 5760 38 5809 ί
84 5760 138 5814 ὲν
180 5764 399 5838 ἀγωνίᾳ.
458 5765 744 5838 γενόμενος
795 5769 987 5842 ἵδρωσε
1012 5791 1023 5803 ·
1072 5776 1169 5829 καὶ
1218 5776 1454 5846 ἐγένετο
1495 5781 1528 5832 ὀ

26 5921 55 5949 δ³
86 5922 238 5979 .loan.
278 5944 373 5991 xx,
415 5928 499 5981 Π.
578 5927 619 5961 ⁸⁵
652 5929 754 5989 lsa.
803 5946 873 5997 ix,
912 5930 962 5986 6.
1045 5933 1089 5964 ⁸⁵
1119 5931 1259 5989 Psal.
1299 5950 1443 6003 xux,
1479 5934 1529 5989 ὖ.

2076 1031 2602 1089 ΙΝΤΕΒΒΟΟΑΉΟ
2658 1031 2823 1087 XXII.

1714 1148 1998 1215 Quomodo
2038 1162 2165 1200 vero
2196 1146 2374 1216 inquit
2406 1150 2523 1215 ipse
2553 1166 2565 1200 :
2600 1146 2681 1198 Ad
2732 1146 2897 1199 Deum
2956 1163 3127 1201 meum
3186 1156 3235 1203 et

1642 1239 1809 1293 Deum
1837 1248 2084 1295 vestrum,
2104 1245 2152 1289 et
2174 1235 2385 1288 Patrem
2407 1252 2579 1288 meum
2602 1244 2649 1288 et
2681 1234 2891 1288 Patrem
2919 1246 3142 1289 restrunt
3160 1238 3237 1290 '3?

1637 1347 1748 1402 quo
1776 1328 2019 1383 ostendit
2047 1344 2105 1381 se
2135 1343 2242 1381 non
2282 1328 2547 1396 aequalem
2600 1342 2722 1382 esse
2767 1325 2937 1390 Patri,
2981 1342 3103 1380 cum
3148 1329 3234 1380 in-

1643 1420 1784 1491 quit,
1831 1417 1981 1472 Vado
2017 1416 2084 1469 ad
2113 1415 2280 1469 Deum
2306 1417 2519 1469 meum?

1654 1502 1657 1503 ⁷
2283 1507 2593 1576 Responsio.

1714 1599 2073 1670 Nequaquam
2109 1598 2319 1653 recidat
2343 1612 2411 1652 eo
2446 1614 2601 1653 mens
2636 1608 2844 1662 nostra,
2882 1605 2940 1651 ut
2976 1604 3235 1667 putemus

1649 1693 1918 1747 minorem
1981 1708 2104 1747 esse
2157 1690 2318 1745 Patre
2372 1687 2592 1755 Filium,
2630 1690 2835 1745 oll‘ensa
2893 1690 2997 1745 hoc
3046 1692 3234 1757 verbo,

1649 1786 1794 1856 quod
1831 1786 2043 1840 ratione
2067 1784 2565 1839 administrationis
2599 1784 2737 1838 uniti
2769 1799 2896 1837 cum
2928 1785 3037 1839 Deo
3059 1784 3235 1838 homi-

1652 1879 1737 1932 nis
1762 1879 1985 1932 dicitur.
2017 1876 2134 1931 Non
2166 1876 2311 1931 enim
2343 1885 2470 1932 ante
2496 1877 2598 1932 hoc
2626 1885 2989 1945 tempus-eum
3017 1884 3249 1932 constat

1652 1970 1732 2025 sic
1775 1970 2018 2024 lecntum
2050 1982 2174 2023 esse
2220 1966 2276 2020 in
2318 1966 2603 2036 Scriptura
2638 1963 2844 2031 Veteri,
2894 1979 3021 2019 cum
3053 1966 3233 2020 adhuc

1650 2070 1795 2117 esset
1845 2061 2239 2130 incorporeus:
2304 2056 2456 2112 Vada
2516 2057 2585 2111 ad
2634 2056 2803 2111 Deum
2859 2072 3051 2110 meum.
3118 2056 3232 2111 lmo

1650 2156 1812 2208 etiam
1848 2152 2003 2207 carni
2043 2151 2199 2205 unito
2239 2150 2501 2206 divinitas
2536 2148 2904 2204 nihilominus
2938 2162 2969 2201 a
3004 2147 3229 2202 vatibus

1652 2247 1930 2307 tribuitur,
1964 2242 2105 2298 Isaia
2133 2241 2355 2313 quidem
2398 2242 2714 2295 clamante:
2760 2240 2901 2294 Puer
2945 2248 3105 2294 natus
3149 2249 3231 2294 est

1650 2336 1821 2403 nobis,
1852 2345 1901 2390 et
1943 2334 2102 2389 datus
2138 2344 2239 2397 est,
2271 2334 2425 2403 cujus
2459 2333 2738 2401 imperium
2767 2348 2923 2400 super
2957 2332 3228 2385 humerum

1648 2429 1798 2499 ejus;
1818 2438 1868 2482 et
1889 2427 2162 2483 vocabitur
2183 2444 2367 2481 nomen
2389 2426 2524 2496 ejus,
2554 2428 2951 2496 magniconsilii
2975 2427 3230 2490 Nuntius,

1647 2518 2003 2579 Admirabilis
2032 2519 2397 2584 consiliarius,
2456 2518 2599 2572 Deus
2641 2519 2822 2587 fortis,
2879 2518 3228 2583 Dominator,

1650 2611 1900 2679 Princeps
1930 2612 2098 2681 pacis,
2146 2611 2310 2666 Pater
2351 2611 2518 2681 futuri
2562 2610 2741 2666 teri”.
2783 2609 3013 2667 Davidcs
3049 2623 3226 2666 autem

1649 2703 1950 2761 secundum
1987 2703 2125 2758 uniti
2147 2719 2272 2759 cum
2300 2702 2408 2759 Deo
2444 2705 2683 2759 hominis
2718 2703 3014 2759 adventum
3057 2707 3229 2768 canit,

1646 2812 1756 2867 quo
1782 2795 1850 2851 ad
1873 2794 2145 2865 judicium
2171 2803 2224 2851 et
2248 2795 2664 2851 retributionem
2689 2811 2881 2851 omnes
2904 2796 3230 2851 excitabun-

1646 2898 1769 2943 tur:
1797 2886 1938 2942 Deus
1967 2897 2146 2942 noster
2176 2888 2459 2957 manifesto
2488 2890 2737 2955 veniet";
2775 2888 2942 2953 Deus,
2977 2889 3224 2959 inquam,

1647 2988 1858 3047 noster,
1912 2996 2013 3035 nec
2046 2981 2213 3036 tacite
2262 2981 2317 3035 id
2358 2980 2488 3036 ﬁet:
2531 2980 2673 3051 Ignis
2708 2981 2969 3052 prtecedet
2998 2994 3118 3037 ante
3144 2983 3229 3051 ip-

1646 3090 1786 3137 sum,
1818 3083 1867 3127 et
1893 3073 1948 3126 in
1990 3073 2221 3127 circuitu
2251 3073 2415 3142 ipsius
2457 3074 2727 3129 vehemens
2768 3074 3002 3143 procella
3019 3072 3088 3138 ⁸⁸,
3121 3073 3226 3128 im-

1644 3167 1851 3236 pellens
1885 3165 1953 3220 ad
1983 3167 2311 3237 supplicium
2343 3182 2491 3231 reos,
2518 3183 2657 3237 quos
2686 3166 2920 3222 terribili
2953 3174 3008 3222 et
3039 3167 3223 3221 incor-

1640 3265 1806 3328 rupto
1832 3258 1988 3314 sistet
2014 3258 2273 3313 tribunali
2303 3258 2424 3328 ejus
2450 3258 2543 3329 qui
2566 3272 2733 3329 supra
2768 3258 2956 3313 omnia
2981 3258 3223 3318 exsistit,

1638 3343 1733 3400 Dei
1784 3347 1995 3403 scilicet
2043 3361 2108 3402 ac
2167 3346 2477 3404 Servatoris
2558 3347 2733 3403 nostri
2790 3345 2919 3404 Jcsu
2994 3348 3224 3404 Christi.

1638 3434 1834 3493 Merito
1864 3437 2033 3509 igitur
2066 3446 2293 3509 prOpter
2324 3437 2859 3493 administrationem
2896 3437 2952 3491 in
2992 3452 3239 3508 corpore-

1640 3544 1816 3592 suam,
1866 3530 2064 3601 inquit,
2108 3530 2257 3584 Vada
2282 3530 2351 3583 ad
2394 3529 2559 3585 Deum
2608 3547 2801 3584 meum.
2845 3529 3071 3601 Propter
3105 3545 3224 3583 eam

1640 3636 1772 3676 vero
1836 3635 1958 3690 quae
2010 3622 2314 3677 secundum
2378 3631 2629 3675 naturam
2688 3621 2886 3676 divinae
2942 3638 3007 3677 ex
3063 3622 3227 3677 Patre

1644 3711 2016 3779 generationis
2050 3720 2155 3776 est,
2200 3712 2366 3775 Vada,
2402 3713 2600 3782 inquit,
2653 3714 2722 3766 ad
2772 3713 2984 3767 Patrem
3029 3730 3223 3769 meum.

1645 3803 1790 3859 Deus
1838 3803 2004 3875 igitur
2054 3804 2144 3858 ille
2192 3804 2590 3873 discipulorum
2631 3816 2734 3870 est,
2791 3814 2844 3859 et
2892 3805 3052 3860 Pater
3101 3806 3222 3861 Filii

1640 3895 1942 3950 secundum
1983 3903 2256 3961 naturam,
2286 3903 2339 3950 et
2391 3894 2532 3952 Deus
2582 3895 2723 3951 idem
2772 3896 2891 3949 Filii
2920 3896 3221 3951 secundum

1640 3988 1892 4056 gratiam.

2047 4098 2564 4158 INTERROGATIO
2610 4101 2801 4161 XXIII.

1644 4236 1657 4249 .
1707 4190 1774 4245 Et
1806 4191 1900 4262 qui
1937 4190 2022 4256 ﬁt,
2058 4200 2119 4246 ut
2145 4190 2212 4248 de
2237 4191 2400 4247 Patre
2421 4191 2494 4249 sit
2522 4192 2822 4263 scriptum:
2856 4191 2982 4249 Non
2999 4196 3218 4256 esuriet,

1634 4299 1739 4338 non
1767 4284 1927 4349 sitiet,
1944 4299 2103 4352 neque
2123 4292 2199 4338 est
2218 4283 2769 4352 inveniresapientiam
2799 4281 3058 4353 ejus°’;de
3077 4282 3239 4339 Filio'

1643 4381 1849 4439 autem,
1880 4374 2027 4445 quod
2074 4375 2334 4431 esurierit
2379 4382 2501 4445 post
2532 4374 2895 4445 quadraginta
2922 4375 3071 4443 dies,
3095 4384 3218 4432 ten-

1646 4471 1793 4521 tatus
1830 4465 1887 4519 in
1931 4463 2168 4529 deserto,
2215 4472 2270 4520 et
2312 4464 2457 4534 quod
2498 4465 2719 4528 sitierit,
2766 4466 2892 4521 dum
2929 4475 3138 4537 peteret
3188 4480 3220 4521 a

1645 4555 1987 4611 Samaritana
2013 4554 2241 4625 potum?
2278 4555 2584 4625 iterumque
2607 4556 2675 4615 de
2705 4554 2900 4612 Patre:
2941 4554 3067 4611 Non
3110 4557 3222 4612 las-

1637 4648 1868 4715 sabitur,
1892 4664 1996 4703 non
2018 4645 2348 4709 dormitabit,
2376 4661 2537 4716 neque
2558 4644 2782 4701 dormiet
2815 4656 2990 4701 custos
3036 4645 3219 4702 Israe-

1639 4737 1705 4791 lis
1724 4736 1803 4791 διε
1852 4744 1909 4791 at
1951 4734 2112 4794 Jcsus
2157 4735 2487 4807 defatigatus
2532 4742 2615 4791 est
2657 4751 2722 4792 ex
2760 4736 3120 4809 proiectione,
3164 4747 3220 4794 et

1641 4830 1904 4887 dormivit
1930 4833 1986 4887 in
2016 4831 2143 4889 navi
2171 4852 2183 4886 :
2218 4846 2340 4902 qua:
2370 4830 2559 4901 utique
2583 4829 2696 4886 Deo
2718 4845 2828 4886 non
2859 4831 3218 4905 competunt?

2273 5035 2577 5105 Responsio.

1712 5130 1896 5202 Apage
1932 5131 2008 5185 sis
2034 5144 2156 5184 cum
2189 5128 2289 5182 hac
2322 5135 2413 5180 tua
2449 5126 2753 5190 dementia,
2775 5129 2847 5181 mi
2875 5128 3056 5182 homo.
3091 5125 3210 5182 Non

1639 5222 1785 5278 enim
1833 5222 2052 5278 esurire
2102 5220 2263 5275 modo
2306 5218 2603 5282 sustinuit,
2655 5234 2751 5288 per
2796 5234 2857 5274 se
2905 5219 3215 5275 subsistens

1638 5314 1772 5369 illud
1805 5315 1985 5370 vivum
2013 5322 2371 5380 sanctumque
2404 5309 2662 5375 Verbum,
2681 5310 2773 5365 sed
2803 5321 2856 5366 et
2884 5326 3107 5380 passum
3129 5322 3217 5368 est

1639 5416 1923 5478 assumpta
1945 5416 2132 5462 nostra
2148 5415 2363 5470 natura,
2390 5404 2444 5458 in
2461 5418 2566 5472 qua
2588 5414 2641 5459 et
2662 5404 2999 5474 sepulturam
3019 5405 3210 5461 subiit.

1638 5498 1883 5555 Primum
1923 5497 2152 5569 ﬂagellis
2194 5514 2335 5555 caeso
2375 5500 2541 5555 dorso
2582 5496 2942 5553 constrictum
2975 5496 3213 5557 vinculis

1638 5592 1709 5648 ad
1736 5592 2006 5648 Herodem
2036 5595 2266 5647 missum
2301 5600 2387 5646 est
2416 5606 2446 5645 a
2480 5590 2674 5645 Pilato.
2719 5587 2924 5644 Deinde
2963 5586 3214 5657 colaphis

1638 5686 1692 5740 in
1734 5686 1984 5740 maxillas
2024 5685 2272 5748 caeditur,
2315 5694 2370 5738 et
2410 5684 2756 5753 conspuitur.
2792 5679 2899 5735 Sed
2947 5687 3003 5735 et
3039 5678 3209 5741 ﬂevit,

1634 5787 1688 5833 et
1738 5778 1791 5831 in
1843 5792 2047 5848 angore
2098 5776 2454 5831 constitutum
2506 5774 2744 5841 sudavit,
2796 5773 3000 5843 fuitque
3049 5774 3212 5827 sudor

1610 5936 1652 5967 ⁸⁸
1687 5934 1814 5992 ibid.
1894 5935 1935 5969 ⁸⁷
1973 5933 2139 5992 Eccli.
2184 5951 2334 6005 xvm,
2380 5938 2429 5995 ὅ.
2506 5939 2550 5969 ⁸⁸
2582 5936 2725 6006 Psal,
2758 5952 2884 6003 cxx,
2934 5935 2990 5995 4.
