3814 6512
65 386 153 444 885

55 501 102 555 δὲ
126 493 204 550 καὶ
228 489 386 574 δίψαν⁸
399 484 586 549 ὓδατος
613 485 916 557 προσίεται,
941 486 1009 541 τὰ
1037 486 1132 542 τοῦ
1160 486 1410 560 σώματος
1437 491 1586 544 ἀδιά-

57 592 204 661 ϐλητα
226 581 362 651 πάθη
381 596 392 608 ·
432 577 751 647 Μανιχαίων
796 577 940 633 λύων
969 578 1070 650 τὴν
1113 579 1473 652 ματαιόμιῖησττιιγ
1501 582 1588 636 δά-

53 697 186 752 κησιν
213 675 300 730 καὶ
327 669 620 743 φαντασίαν
654 671 1011 744 ποιουμένους
1035 671 1137 744 τὴν
1167 674 1500 746 οἰκονομίαν.

1369 333 1372 336 ’
1425 375 1772 434 muscus
1801 377 1843 432 ι.

3164 383 3273 439 836

1699 502 1852 548 vates
1883 491 2062 562 ipsum
2094 491 2432 563 exprimens,
2470 491 2688 564 inquit:
2737 489 2908 546 Homo
2942 502 3042 557 est,
3075 502 3126 547 et
3157 511 3274 564 qua

1697 590 1968 651 cognoscet
1995 585 2158 638 eum?
2204 581 2475 648 Quoniam
2511 597 2636 636 cum
2676 581 2818 638 Deus
2853 589 3019 645 esset,
3058 581 3160 637 hoc
3194 592 3278 638 ta-

1699 689 1820 727 men
1874 672 1992 728 ﬁeri
2033 672 2225 738 voluit,
2268 671 2467 727 famem
2514 679 2568 727 et
2611 672 2760 727 sitim
2813 688 2968 742 mque
3019 673 3275 736 admittit,

1697 779 1820 833 quze
1847 772 1980 820 sunt
2011 763 2261 835 corporis
2291 762 2629 826 aII‘ectiones,
2668 773 2922 834 expertes
2949 763 3064 818 vitii
3097 780 3160 818 ac
3190 779 3280 819 re-

53 850 420 930 prehensionis;
468 849 896 908 Manichaeorum
954 852 1061 908 hoc
1111 851 1232 921 ipso
1287 852 1584 909 vanitatem
1639 845 1926 922 refutans,
1980 856 2430 928 qui-opinionem
2477 863 2540 911 ct‘
2574 871 2692 911 rem
2741 856 3118 926 imaginariam
3157 870 3282 911 esse

51 953 264 1008 statuunt
286 943 452 1014 ipsius
484 943 539 996 in
567 958 736 999 carne
775 945 1336 1001 administrationem.

587 1080 837 1135 ΠΕΥΣΙΣ
880 1083 1010 1138 KE'.

103 1195 272 1266 Ψυχὴν
321 1193 497 1263 λέγεις
545 1193 690 1266 ἔχειν
722 1195 782 1247 τὸ
835 1195 995 1262 σῶμα
1030 1196 1123 1250 τοῦ
1173 1197 1368 1266 Λόγου,
1412 1197 1596 1268 ἢάντὶ

45 1283 193 1354 ψυχῆς
219 1281 310 1352 τὴν
333 1281 558 1352 θεότητα
610 1284 887 1356 ἐνεργεῖνς
926 1285 1117 1339 Πολλοὶ
1155 1285 1264 1358 γὰρ
1308 1287 1468 1342 τοῦτο
1509 1288 1596 1342 λέ-

48 1393 196 1445 γουσι,
217 1374 304 1427 καὶ
329 1372 551 1427 πιθανὸν
587 1373 754 1431 δοκεῖ.

624 1487 984 1557 Ἀπόκρισις.

103 1589 346 1660 Εὐηθείας
398 1590 494 1643 καὶ
534 1590 882 1663 νηπιότητος,
932 1593 1138 1663 ἄψυχον
1172 1593 1380 1649 οἴεσθαι
1416 1596 1477 1647 τὸ
1504 1595 1598 1648 τοῦ

41 1681 154 1736 Θεοῦ
196 1681 285 1735 καὶ
339 1680 516 1748 Λόγου
566 1681 747 1752 σῶμα.
799 1685 1156 1757 Ἀμφοτέροις
1201 1686 1311 1758 γὰρ
1352 1688 1410 1753 ἐξ
1451 1681 1526 1742 ὧν
1566 1689 1600 1759 ἡ

43 1774 221 1846 βροτῶν
245 1773 400 1842 φύσις
423 1775 761 1839 συνίσταται,
785 1778 814 1830 6
839 1777 1012 1846 Λόγος
1029 1778 1348 1851 ὑπερλόγως
1373 1781 1599 1851 ἥνωται,

38 1867 162 1937 ψυχῇ
193 1867 330 1938 φημὶ
359 1868 451 1920 καὶ
482 1865 714 1937 σώματι,
742 1869 989 1940 ἑκατέρῳ
1018 1871 1272 1942 τμήματι
1298 1871 1601 1944 εὐρωστίαν

39 1954 377 2033 δωρούμενος,
403 1959 646 2032 Θατέρου
701 1962 810 2032 γὰρ
849 1961 1014 2016 αὐτοῦ
1061 1963 1362 2030 λείποντος,
1406 1965 1602 2036 ἀτελὴς

37 2049 171 2118 ἡμῶν
202 2050 232 2122 ἡ
271 2049 536 2121 σωτηρία,
568 2050 599 2121 ἢ
627 2049 720 2102 τοῦ
754 2049 1006 2122 σώματος
1035 2055 1093 2108 ἐν
1114 2053 1293 2127 φθορᾷ
1325 2056 1598 2127 μένοντος,

36 2142 65 2212 ἢ
92 2141 181 2212 τῆς
203 2141 376 2213 ψυχῆς
413 2144 476 2196 ὲν
507 2141 608 2215 ᾄδῃ
644 2143 1042 2216 κατεχομένης.

591 2349 844 2404 nam}:
888 2350 1034 2417 κστ.

93 2465 190 2518 Καὶ
214 2463 298 2518 διὰ
323 2463 377 2516 τί
405 2465 434 2516 ὁ
482 2463 738 2536 Ἰωάννης
764 2464 826 2518 οὐ
855 2464 1007 2534 λέγει
1036 2463 1229 2528 sou-.0;
1263 2464 1446 2517 Εἰπὼν
1469 2466 1599 2537 γὰρ,

46 2557 126 2610 Ἐν
153 2553 300 2624 ἀρχῇ
333 2551 413 2625 ἦν
429 2557 464 2608 ὁ
493 2557 712 2624 Λόγος,
733 2557 849 2624 καὶ,
868 2557 923 2610 Ὁ
945 2555 1136 2626 Λόγος
1156 2555 1314 2625 σάρξ
1343 2557 1602 2626 ἐγένετο,

34 2649 84 2703 οὑ
103 2646 468 2721 προστίθησιν,
521 2647 606 2701 ὅτι
647 2645 922 2719 καὶψυχὴ
966 2647 1203 2716 ἐγένετο,
1246 2647 1278 2718 ἢ
1323 2648 1403 2701 ὅτι
1443 2647 1605 2702 ἔλαϐε

35 2741 204 2812 ψυχήνο

626 2853 993 2923 Ἀπόκρισις.

91 2972 148 3024 Ei
183 2969 385 3041 ἄψυχον
415 2967 698 3040 οἰηθῶμεν
743 2968 807 3021 τὸ
854 2967 1132 3038 Κυριακὸν
1192 2967 1372 3038 σῶμα,
1417 2966 1604 3038 ἕψεται

32 3063 251 3129 πάντως,
302 3061 562 3133 παθητὴν
611 3060 935 3131 ἀποφαίνειν
984 3059 1084 3131 τὴν
1126 3059 1375 3130 θεότητα,
1421 3059 1604 3130 ψυχῆς

31 3156 164 3227 δίκην
203 3155 260 3207 ὲν
308 3157 376 3226 τῇ
421 3153 596 3225 σαρκὶ
644 3151 960 3224 διήκουσαν,
1004 3150 1161 3222 πείνῃ
1193 3167 1254 3203 τε
1297 3151 1391 3204 καὶ
1437 3150 1606 3220 δίψει,

33 3249 165 3321 ὕπνῳ
186 3265 242 3302 τε
271 3249 366 3302 καὶ
393 3247 689 3318 δάκρυσιν,
719 3245 928 3317 ἀγωνίᾳ
943 3261 1004 3298 τε
1036 3244 1131 3298 καὶ
1151 3243 1335 3316 ἱδρῶτι
1363 3243 1608 3312 φυσικῶς

31 3340 450 3395 ὑποκύπτουσαν.
520 3337 843 3392 Ἀκουστέον
884 3337 942 3390 δὲ
975 3336 1072 3390 τοῦ
1112 3335 1400 3392 θεσπεσίου
1449 3335 1613 3390 Δαδὶδ

28 3432 142 3508 περὶ
176 3433 274 3503 τῆς
311 3431 647 3502 Θεανδρικῆς
703 3427 1070 3500 μελῳδοῦντος
1104 3426 1306 3498 ψυχῆς,
1338 3428 1402 3480 ὲκ
1441 3442 1611 3500 προσ-

28 3524 159 3578 ώπου
190 3523 356 3579 αὐτοῦ
407 3523 652 3587 ἐκείνου,
696 3522 817 3574 Ὅτι
859 3523 970 3576 οὐκ
998 3519 1456 3588 ἐγκαταλείψεις
1499 3517 1616 3586 τὴν

27 3618 217 3688 ψυχήν
252 3635 374 3687 μου
415 3618 512 3684 εις
547 3615 722 3683 ᾅδου,
742 3612 886 3669 οὐδὲ
907 3613 1123 3678 δώσεις
1155 3613 1264 3667 τὸν
1289 3612 1466 3666 ὅσιόν
1495 3629 1614 3667 σου

30 3711 160 3765 ἰδεῖν
200 3710 564 3782 διαφθοράν.
600 3707 772 3773 Αὐτὸς
805 3708 861 3760 δὲ
895 3711 924 3761 6
955 3708 1147 3780 Σωτὴρ
1179 3708 1236 3760 ὲν
1262 3705 1616 3775 Εὑαγγελίοις

27 3807 191 3877 φησιν·
237 3805 584 3871 Ἐξουσίαν
606 3804 724 3872 ἔχω
755 3803 943 3858 θεῖναι
976 3801 1094 3871 τὴν
1114 3801 1328 3872 ψυχήν
1345 3819 1486 3872 μου,
1517 3799 1618 3877 καί

27 3896 194 3951 πάλιν
225 3896 444 3952 λαϐεῖν
492 3896 726 3961 αὐτήν·
770 3895 884 3959 καὶ,
929 3894 1078 3965 Ἐγώ
1111 3897 1230 3964 εἰμι
1259 3896 1292 3948 ό
1318 3890 1546 3962 ποιμὴν
1582 3894 1617 3946 ὁ

27 3992 212 4058 καλὸς,
245 3997 278 4047 ό
317 3990 509 4058 τιθεὶς
547 3990 666 4060 τὴν
701 3988 915 4060 ψυχὴν
941 3985 1131 4044 αὑτοῦ
1155 3984 1308 4054 ὑπὲρ
1326 3981 1447 4039 τῶν
1471 4001 1618 4052 προ-

27 4079 219 4136 Εὰτων.

601 4195 850 4250 ΠΕΥΣΙΣ
907 4195 1033 4247 κζ’.

81 4310 286 4366 Οὐκοῦν
315 4311 414 4366 καὶ
449 4312 481 4365 ὁ
527 4310 719 4386 Πατὴρ
758 4307 936 4380 ψυχὴν
961 4306 1110 4377 ἕχει;
1153 4304 1380 4369 Ἦσαῖας
1406 4302 1514 4375 γὰρ
1554 4305 1619 4357 ὲκ

27 4403 300 4472 προσώπου
336 4403 543 4468 αὐτοῦ,
570 4420 633 4456 πε
645 4405 696 4474 pi.
718 4397 954 4470 Χριστοῦ
983 4415 1148 4471 φησιν
1171 4414 1186 4428 ο
1236 4394 1383 4451 Ἰδοὺ
1410 4397 1443 4449 ό
1477 4393 1618 4460 παῖς

27 4517 118 4554 nov
152 4500 224 4555 ὃν
254 4500 675 4572 ᾐρετισάμην.
711 4502 743 4553 ό
769 4496 1076 4568 ἀγαπητός
1102 4514 1223 4566 μου
1242 4496 1330 4561 εἰς
1356 4494 1429 4548 ὃν
1446 4491 1617 4548 εὐδό-

27 4608 192 4659 κησεν
214 4596 254 4662 ἡ
284 4593 466 4665 ψυχή
509 4611 656 4663 μου.
692 4591 752 4644 Ei
775 4586 879 4644 ὀὖν
905 4588 966 4655 ἐξ
999 4582 1073 4643 ὧν
1101 4586 1252 4641 εἶπεν
1278 4587 1307 4639 6
1337 4586 1485 4652 Υἱὸς,
1511 4583 1616 4655 ψυ-

27 4682 101 4756 ίήν
123 4685 284 4740 αὑτὸν
314 4685 580 4757 νομίζεις
597 4684 762 4754 ἔχειν,
799 4682 1018 4746 πάντως
1052 4681 1146 4735 καὶ
1177 4680 1269 4748 ἀφ’
1305 4671 1380 4732 ὧν
1410 4673 1564 4732 εἶπεν
1588 4677 1617 4730 6

28 4777 210 4848 Ὶατὴρ,
246 4777 438 4850 ψυχὴν
487 4775 657 4830 αὑτὸν
702 4773 950 4842 λέγωμεν
985 4771 1150 4842 ἔχειν.
1200 4768 1339 4821 Ἀλλ’
1365 4769 1393 4822 6
1426 4767 1618 4839 Πατὴρ

27 4867 102 4923 ιὺκ
134 4869 266 4942 ἔχει,
310 4869 550 4931 πάντως
586 4865 707 4920 οὐδὲ
736 4865 764 4918 6
793 4864 952 4927 Υἱός*
1005 4863 1053 4915 εί
1096 4862 1153 4914 δὲ
1197 4860 1332 4932 ἔχει,
1368 4857 1617 4914 ἐντεῦθεν

27 4961 274 5018 ἱείκνυται
303 4962 582 5034 ἀνόμοιος
608 4959 878 5029 ὑπάρχειν
900 4955 978 5027 τῷ
1005 4953 1202 5025 Πατρί.

644 5157 1011 5224 Ἀπόκρισις.

85 5279 220 5332 Ἀλλ’
252 5279 361 5332 οὐκ
417 5275 546 5347 ἔχει
599 5271 778 5343 ψυχὴν
805 5273 834 5325 6
865 5265 1077 5338 Πατὴρ,
1109 5265 1230 5317 ἐπεὶ
1270 5263 1390 5347 οὐδὲ
1441 5263 1620 5332 σάρκα

27 5369 206 5438 ίροτῶν
239 5341 506 5437 ὑπῆλθεν
539 5341 635 5416 ἶσα
666 5341 744 5433 {qi
773 5359 964 5414 Παιδί·
997 5357 1119 5410 οὐδὲ
1151 5355 1244 5408 ἐπὶ
1273 5341 1506 5424 στὰυρδν
1525 5353 1620 5407 καὶ

27 5463 229 5515 ιάνατον
255 5455 426 5533 ἧκεν,
459 5457 536 5510 δι’
573 5447 648 5508 ὧν
675 5453 769 5506 καὶ
797 5449 955 5524 χρεία
981 5447 1184 5520 σαρκὸς
1211 5445 1291 5518 τῷ
1319 5445 1501 5516 Λόγῳ,
1525 5445 1618 5498 ὑπ’

28 5554 181 5625 κείνῃ
216 5548 606 5625 κρατουμένῳ
654 5545 746 5600 καὶ
782 5544 1065 5613 πάσχοντι,
1103 5539 1198 5595 καὶ
1227 5540 1348 5593 ἀντὶ
1384 5537 1616 5609 θνητῶν,

27 5647 304 5711 ιθανὰτους
347 5645 453 5700 καὶ
488 5641 747 5714 μάκαρας
775 5639 860 5694 ἀεὶ
885 5635 1174 5706 ἐσομένους
1198 5633 1422 5705 βροτοὺς
1445 5633 1618 5700 ἁπερ-

2124 1083 2658 1142 ιΝΤΕΒΒΟϐΛΤΙΟς
2685 1082 2871 1138 XXV-

1772 1201 1911 1256 Num
1957 1201 2200 1256 animam
2247 1199 2423 1255 tradis
2477 1198 2926 1266 habere‘corpus
2961 1193 3149 1258 Verbi,
3197 1196 3282 1250 vel

1703 1312 1803 1368 pro
1830 1297 2008 1350 anima
2040 1295 2158 1366 ipsa
2193 1303 2454 1364 operatur
2480 1290 2774 1346 divinitas?
2804 1287 2918 1344 Hoc
2949 1287 3096 1344 enim
3127 1288 3281 1342 multi

1703 1398 1982 1455 asserunt,
2010 1397 2065 1445 et
2106 1387 2402 1444 verisimile
2431 1384 2668 1440 videtur.

2338 1503 2645 1572 Responsio.

1777 1608 2106 1666 Stoliditatis
2146 1617 2201 1664 et
2235 1607 2524 1664 dementiae
2550 1615 2654 1672 est,
2693 1605 3055 1660 inanimatum
3095 1615 3288 1674 putare

1701 1703 1794 1757 Dei
1827 1700 1993 1757 Verbi
2039 1715 2262 1770 corpus.
2299 1698 2562 1770 Utrisque
2610 1696 2758 1752 enim
2799 1695 3003 1766 quibus
3049 1697 3288 1750 humana

1703 1802 1898 1849 natura
1937 1798 2178 1855 constat,
2212 1789 2446 1846 Verbum
2487 1789 2702 1844 unitum
2732 1796 2816 1844 est
2856 1804 3021 1859 supra
3067 1796 3286 1858 captum

1703 1886 1935 1942 rationis
1968 1891 2189 1948 nostrae,
2231 1883 2428 1937 anima:
2459 1880 2684 1951 inquam
2714 1889 2767 1935 et
2798 1879 3038 1952 corpori,
3071 1879 3290 1949 utrique

1705 1979 1846 2050 parti
1887 1979 2057 2034 robur
2084 1976 2466 2048 suppeditans.
2501 1974 2782 2030 Alterutro
2819 1975 2966 2028 enim
3001 1972 3046 2027 si
3078 1983 3286 2033 careat,

1705 2072 1897 2126 inutile
1924 2070 2030 2126 erit
2059 2077 2113 2126 et
2148 2069 2403 2136 alterum,
2435 2075 2493 2124 et
2527 2066 2848 2138 imperfecta
2879 2067 3032 2121 salus
3075 2074 3287 2129 nostra,

1704 2163 1833 2218 dum
1879 2163 1964 2217 vel
2013 2167 2270 2216 manente
2309 2159 2364 2213 in
2405 2159 2630 2214 interitu
2671 2172 2926 2228 corpore,
2973 2156 3058 2211 vel
3107 2156 3290 2210 anima

1705 2256 1925 2308 detenta
1957 2253 2010 2306 in
2039 2266 2191 2307 orco.

2117 2364 2640 2422 INTERROGATIO
2684 2364 2879 2420 XXVI.

1776 2474 2145 2542 Quamobrem
2219 2490 2350 2546 ergo
2417 2473 2656 2532 Joannes
2725 2477 2779 2531 id
2854 2488 2962 2527 non
3049 2470 3295 2524 indicat?

1704 2563 2004 2636 Postquam
2029 2564 2173 2619 enim
2197 2562 2449 2628 dixisset,
2477 2560 2543 2616 In
2558 2561 2817 2631 principio
2837 2570 2955 2616 erat
2986 2559 3293 2625 Verbum”,

1705 2664 1781 2715 et.
1798 2654 2023 2711 Verbum
2048 2671 2175 2709 caro
2200 2654 2401 2724 factum
2435 2663 2513 2708 est
2537 2654 2576 2721 ‘,
2607 2668 2717 2709 non
2743 2652 2917 2717 addit,
2958 2651 3104 2723 quod
3125 2651 3292 2708 etiam

1708 2748 1890 2803 anima
1919 2747 2124 2803 factum
2159 2747 2254 2812 sit,
2289 2753 2383 2800 aut
2411 2744 2558 2816 quod
2585 2744 2826 2800 animam
2868 2744 3184 2815 sumpserit.

2347 2857 2660 2929 Responsio.

1784 2973 1841 3030 Si
1876 2974 2242 3030 inanimatum
2274 2989 2400 3030 esse
2429 2973 2792 3044 cogitahimus
2824 2970 3040 3026 Domini
3069 2986 3293 3040 corpus.

1711 3075 1975 3139 sequetur
2010 3082 2262 3139 prorsus,
2299 3067 2544 3138 passioni
2590 3080 2694 3122 nos
2723 3065 3016 3120 obnoxiam
3048 3077 3296 3134 pronun-

1711 3163 1852 3217 tiare
1879 3160 2253 3225 Divinitatem,
2283 3159 2481 3215 animae
2516 3159 2693 3215 instar
2716 3159 2772 3213 in
2800 3172 2968 3213 carne
3009 3172 3068 3213 se
3099 3156 3298 3212 diden-

1713 3260 1846 3318 tem,
1878 3251 2100 3318 famem,
2133 3252 2304 3317 sitim,
2348 3265 2625 3315 somnum,
2671 3251 2970 3322 lacrymas,
3012 3264 3297 3321 angorem,

1715 3347 2089 3418 sudoremque
2117 3347 2447 3401 naturaliter
2485 3342 2872 3415 perferentem.
2905 3341 3173 3397 Audiatur
3201 3357 3301 3396 au-

1715 3448 1825 3494 tem
1860 3436 2094 3492 Davides
2139 3435 2365 3490 divinus
2404 3434 2495 3490 ille
2526 3443 2700 3498 vales,
2735 3435 2803 3489 de
2832 3434 3014 3487 anima
3052 3447 3304 3504 personae

1713 3544 1780 3584 ex
1813 3529 2035 3584 homine
2075 3525 2296 3597 Deoque
2334 3524 2666 3589 constantis,
2702 3539 2910 3580 canens
2946 3523 3095 3579 illius
3127 3522 3300 3594 ipsius

1713 3622 1900 3677 verbis
1927 3639 1940 3675 :
1975 3619 2241 3687 Quoniam
2269 3634 2370 3673 non
2401 3617 2727 3688 derelinquas
2767 3618 3003 3671 animam
3049 3631 3219 3670 meam
3247 3616 3302 3669 in

1717 3730 1860 3779 orco,
1912 3728 2076 3783 neque
2125 3711 2397 3781 permittes
2421 3695 2495 3762 ‘ut
2546 3718 2764 3762 sanctus
2801 3718 2921 3762 tuus
2973 3707 3147 3762 videat
3184 3723 3303 3762 cor-

1716 3805 2011 3872 ruptionem
2038 3805 2079 3858 ί.
2108 3801 2227 3872 Ipse
2248 3815 2380 3856 vero
2402 3798 2662 3856 Servatur
2683 3801 2859 3869 inquit
2887 3800 2940 3854 in
2965 3797 3260 3870 Evangelio
3283 3818 3300 3854 :

1718 3895 2045 3950 Potestalem
2077 3892 2242 3947 habeo
2272 3889 2500 3960 ponendi
2547 3891 2782 3944 animam
2817 3907 3005 3957 meam,
3038 3899 3087 3944 et
3115 3907 3301 3944 rursus

1717 3988 1960 4044 sumendi
1992 4003 2108 4042 eam
2131 3987 2172 4039 ³.
2202 3986 2359 4050 Item,
2393 3983 2504 4055 Ego
2534 4000 2648 4037 sum
2676 3993 2859 4052 pastor
2887 3984 2977 4036 ille
3003 3982 3187 4047 bonus,
3213 3983 3303 4053 qui

1715 4084 1862 4153 ponit
1891 4081 2128 4137 animum
2157 4095 2311 4135 suam
2337 4094 2432 4148 pro
2456 4077 2634 4132 oribus
2653 4078 2694 4131 ⁸.

2119 4189 2643 4247 INTERROGATIO
2680 4189 2897 4244 XXVII.

1788 4307 1928 4363 Num
1961 4307 2128 4379 igitur
2169 4316 2222 4362 et
2249 4303 2410 4360 Pater
2449 4303 2688 4358 animam
2722 4301 2925 4357 habet?
2951 4300 3123 4369 Isaias
3156 4301 3302 4355 enim

1717 4401 1776 4458 in
1809 4401 1987 4473 ipsius
2019 4413 2278 4472 persona,
2314 4397 2384 4454 de
2427 4396 2650 4452 Christo
2681 4395 2860 4465 inquit
2891 4413 2905 4450 :
2959 4393 3091 4448 Ecce
3123 4410 3304 4448 servus

1717 4512 1863 4550 meus
1886 4511 2037 4566 quem
2056 4492 2207 4563 elegi,
2238 4490 2458 4545 dilectus
2487 4504 2632 4543 meus
2657 4488 2745 4559 qui
2775 4495 2959 4558 gratus
2982 4495 3032 4540 et
3059 4495 3303 4556 acceptus

1716 4599 1795 4644 est
1828 4588 2021 4642 anima:
2047 4600 2175 4640 meae
2198 4585 2241 4640 ⁸.
2273 4582 2332 4638 Si
2363 4584 2530 4654 igitur
2554 4597 2622 4636 ex
2662 4581 2728 4635 iis
2758 4595 2879 4649 qua:
2903 4576 3076 4634 Filius
3122 4578 3304 4649 loqui-

1720 4690 1830 4748 tur,
1888 4681 2128 4735 animam
2179 4682 2359 4749 ipsum
2412 4677 2613 4731 habere
2649 4682 2832 4742 putas,
2873 4673 3102 4728 omnino
3137 4673 3303 4727 etiam

1718 4789 1782 4830 ex
1817 4773 1884 4828 iis
1913 4787 2034 4843 quae
2064 4771 2282 4825 loeutus
2303 4778 2386 4823 est
2409 4765 2594 4827 Pater,
2620 4765 2861 4818 animam
2889 4763 3093 4819 habere
3123 4762 3303 4831 ipsum

1721 4862 2048 4919 dixerimus.
2075 4859 2232 4926 Quod
2263 4858 2308 4914 si
2341 4856 2502 4913 Pater
2529 4870 2642 4910 non
2667 4855 2851 4917 habet,
2877 4867 2981 4908 nec
3011 4851 3185 4908 Filius
3208 4852 3305 4905 ha-

1721 4953 1890 5009 bebit.
1932 4952 2031 5007 Sin
2063 4959 2245 5006 autem
2278 4948 2463 5016 habet,
2501 4947 2568 5003 de
2615 4946 2722 5001 hoc
2768 4946 2888 5016 ipso
2926 4945 3117 5015 liquet,
3157 4942 3304 5013 quod

1719 5047 1868 5104 Patri
1904 5045 1981 5104 sit
2007 5042 2314 5116 inaequalis.

2357 5155 2662 5226 Responsio.

1797 5257 1863 5311 At
1892 5271 2003 5311 non
2025 5253 2188 5309 habet
2213 5251 2454 5306 animam
2488 5250 2666 5314 Pater,
2698 5246 2845 5319 quod
2878 5261 3054 5316 neque
3078 5259 3301 5300 carnem

1721 5349 2018 5404 humanam
2053 5345 2221 5401 subiit
2249 5357 2374 5400 cum
2405 5339 2566 5407 Filio,
2602 5355 2780 5411 neque
2817 5353 3036 5393 crucem
3067 5347 3122 5392 et
3150 5351 3302 5391 rnor-

1721 5451 1855 5507 tem,
1893 5446 2117 5510 propter
2162 5451 2284 5507 quae
2315 5433 2554 5490 Verbum
2599 5447 2763 5487 carne
2801 5445 2940 5501 opus
2985 5428 3198 5494 habuit,
3243 5434 3304 5482 ut

1722 5535 1814 5588 illa
1845 5542 2122 5601 assumpta
2153 5536 2455 5600 pateretur,
2493 5541 2557 5580 ac
2587 5539 2686 5595 pro
2714 5523 3044 5579 mortalibus
3072 5522 3303 5578 immor-

1721 5625 1859 5680 tales
1887 5630 1941 5678 et
1966 5628 2227 5676 aeternum
2261 5619 2450 5675 beatos
2481 5616 2727 5672 homines
2763 5613 3017 5671 ediceret.

466 5953 480 5967 .
575 5909 862 5967 una”.
943 5906 1348 5978 ’I‘sul.xv,I0.
1428 5903 1593 5960 ’Joai

1759 5901 1839 5956 I8.
1918 5900 1936 5931 ⁵
1962 5913 2118 5954 δοδιι.
2153 5912 2228 5965 xi,
2270 5895 2349 5949 Ii.
2430 5896 2446 5925 ⁸
2487 5893 2592 5950 Isa.
2622 5908 2748 5960 un,
2786 5892 2835 5945 I.
