3814 6520
72 406 158 466 839

66 518 219 579 αὐτὸν
250 504 650 568 ἀνταποδώσω,
692 503 789 557 καὶ
835 501 1171 571 ἐκκαθαριεῖ
1203 500 1421 568 Κύριος
1450 497 1567 565 τὴν

68 609 163 682 γῆν
199 602 289 658 τοῦ
332 595 473 652 λαοῦ
509 592 709 647 αὐτοῦ.
760 592 917 645 Ἀλλὰ
952 594 1045 646 καὶ
1095 594 1124 645 ὁ
1166 590 1367 662 ὑψηλὸς
1404 588 1566 641 Ἀπό-

64 699 232 760 στοὶος,
267 689 522 749 ἐπινικίως
558 686 816 756 ἐνισχύων
848 686 925 756 τῷ
956 684 1198 757 Χριστῷ,
1244 686 1402 754 φησὶ,
1438 684 1570 751 Χρι.

64 789 183 852 στὸς
218 782 350 838 Θεοῦ
392 780 649 845 δύναμις,
694 777 793 829 καί
827 777 974 831 Θεοῦ
1005 777 1210 845 σοφία.
1247 776 1355 827 Καὶ
1385 773 1566 836 πάλιν,

57 879 117 941 ὠς
139 874 307 943 νικητῇ
341 871 510 923 πᾶσαν
538 866 714 920 κτίσιν
752 867 1072 921 ποτνιᾶσθαι
1102 865 1249 935 αὐτῷ
1277 863 1566 930 παιδεύων,

61 966 212 1037 φησιν,
259 963 351 1015 Ἐν
374 959 449 1025 τῷ
477 959 717 1027 ὀνόματι
764 958 959 1025 Ἰησοῦ
986 957 1244 1026 Χριστοῦ
1273 954 1395 1009 πᾶν
1422 956 1569 1024 νόν-υ

54 1055 239 1124 κάμψει
296 1048 687 1116 ἐποιφανίων,
745 1049 843 1102 καὶ
893 1050 1188 1119 ἐπιγείων,
1253 1046 1348 1100 καί
1403 1043 1571 1099 πᾶσα

56 1142 268 1214 γλῶσσα
328 1136 822 1207 ἐξομολογήσεται
892 1137 1069 1203 αὐτῷ.
1140 1136 1452 1208 Συμφώνως
1512 1135 1571 1189 δὲ

51 1235 192 1303 τούτῳ
219 1231 527 1303 βροιτόπαις
570 1231 837 1301 Ἰωάννης,
874 1231 1153 1293 ὲπινικίως
1186 1228 1449 1297 θεολογῶν
1480 1226 1570 1281 τὸν

49 1324 263 1395 Χριστὸν,
298 1322 452 1392 φησί’
486 1322 597 1375 Καὶ
623 1308 992 1391 ἐθεασάμεθα
1014 1321 1128 1390 τὴν
1148 1321 1337 1387 δόξαν
1359 1318 1569 1385 αὐτοῦ,

45 1416 205 1480 δόξαν
229 1415 305 1479 ὡς
323 1412 697 1482 Μονογενοῦς
721 1415 879 1483 παρὰ
910 1417 1142 1483 Πατρός
1162 1433 1174 1445 ·
1200 1414 1436 1482 πλήρης
1464 1412 1572 1481 χώ-

38 1525 175 1576 ριτος
204 1504 295 1559 καί
334 1505 654 1571 ἀληθείας.
698 1506 789 1576 Τῷ
815 1505 871 1558 δὲ
927 1506 1145 1577 ἀγγέλῳ
1180 1508 1434 1577 ἑπόμενοι
1477 1505 1574 1561 καὶ

44 1602 194 1670 ἡμεῖς,
225 1595 328 1651 οἷον
359 1596 677 1667 ὲνισχύομεν
705 1598 985 1663 ἐπινικίως
1023 1599 1114 1653 τὸν
1141 1599 1372 1670 Χριστὸν
1400 1601 1457 1652 ὲν
1493 1598 1572 1671 τῷ

40 1691 185 1761 καιρῷ
227 1690 321 1760 τῆς
371 1690 522 1752 θείας
563 1690 671 1743 τῶν
726 1690 1002 1760 μυστικῶν
1051 1692 1274 1763 τελετῆς
1321 1691 1572 1761 βοῶντες,

39 1785 140 1839 Ὀτι
163 1782 273 1837 σόν
299 1783 364 1837 τὸ
406 1782 626 1850 κράτος
659 1784 757 1839 καὶ
791 1786 830 1853 ἠ
867 1786 1158 1849 ,βασιλειά
1193 1787 1292 1841 καὶ
1329 1788 1368 1855 ἡ
1395 1786 1575 1841 δύνα-

33 1896 114 1945 μις
151 1876 239 1929 καὶ
269 1878 306 1945 ἠ
345 1875 516 1941 δόξα.
570 1878 701 1931 Ἰδοὺ
732 1877 793 1930 τὸ
825 1879 1002 1932 ἑνικὸν
1038 1880 1138 1951 τῆς
1182 1879 1331 1944 θείας
1361 1880 1574 1950 φύσεως

34 1966 110 2018 τοῦ
140 1966 336 2038 Πατρδς
364 1967 460 2020 καὶ
490 1966 586 2020 τοῦ
608 1966 761 2034 Υίοῦ,
796 1970 890 2023 καὶ
930 1969 1023 2024 τοῦ
1048 1970 1207 2040 ἁγίου
1233 1971 1571 2043 Πνεύματος.

87 2148 244 2218 Ὀπερ
264 2146 426 2217 νόμος
441 2148 539 2201 καὶ
566 2151 680 2214 τοῖς
709 2152 992 2219 γυμνικοῖς
1018 2151 1246 2219 ἀγῶσιν,
1265 2153 1362 2207 εἴτ’
1380 2154 1437 2205 ὲν
1467 2170 1575 2206 σω·

34 2240 277 2308 μιασκίαις,
290 2240 415 2304 τοὺς
427 2241 714 2313 ἀνδρείους
728 2243 824 2297 καὶ
844 2243 1159 2315 ρωμαλέους
1174 2246 1282 2299 τῶν
1303 2245 1572 2315 ἀθλητῶν,

33 2330 122 2399 ίγτοι
145 2334 555 2403 παγκρατείαις,
580 2335 708 2398 τοὺς
732 2336 807 2406 (8)
840 2337 944 2390 ὑπὸ
972 2338 1271 2409 μειρακίων
1297 2339 1457 2395 τινῶν
1480 2339 1575 2396 καὶ

33 2422 189 2493 κομιδῆ
210 2424 363 2488 νέων,
399 2426 634 2495 μηδέπω
672 2427 865 2492 ἰούλοις
896 2429 994 2492 τὰς
1020 2430 1254 2503 παρειὰς
1286 2432 1577 2504 σκιαζομὲ-

33 2531 139 2573 ιων,
190 2514 598 2584 ὑποφωνείσθαι
646 2517 741 2570 καὶ
793 2518 1130 2589 ἀλείφεσθαι,
1189 2520 1330 2573 ὥστε
1381 2522 1577 2586 αὐτοὺς

33 2605 333 2673 τφριγῶντας
371 2608 759 2680 στεῤῥοτέρως
805 2611 945 2664 κατά
987 2611 1097 2664 τῶν
1130 2613 1440 2667 ἀντιπάλων
1469 2631 1578 2683 χω-

33 2698 139 2747 νεῖν·
169 2697 260 2767 οὐχ
302 2698 386 2750 ὅτι
420 2697 624 2771 ῥώμης
674 2701 768 2755 καὶ
808 2700 1119 2766 εὐσθενείας
1157 2706 1269 2767 τοῖς
1314 2704 1576 2775 ἀνδρείοις

33 2785 142 2855 παρὰ
185 2787 289 2840 τῶν
342 2788 764 2868 ἀσθενεστέρων
821 2793 1189 2865 ὲντιθεμένης,
1240 2794 1374 2848 ἀλλά
1427 2794 1577 2865 νόμῳ

33 2880 90 2931 ταὶ
120 2880 434 2945 ἀκολουθίας
475 2882 703 2953 ἑκάστῳ
734 2883 969 2954 δράματι
999 2886 1446 2956 προηγουμένων.
1483 2889 1579 2939 Δε-

33 2971 233 3037 aei-sia;
264 2974 492 3039 πάντως
521 2974 693 3046 νόμος
725 2975 829 3029 ὑπὸ
857 2976 965 3030 τῶν
993 2977 1216 3032 οἰκετῶν
1237 2978 1573 3048 ἀλείφεσθαι,

34 3062 86 3113 αὶ
136 3062 515 3117 θωπεύεσθαιο
580 3064 857 3136 πλήρωμα
906 3066 963 3119 δὲ
1009 3068 1174 3138 νόμου
1228 3069 1497 3139 Χριστὸς,
1548 3072 1576 3124 ὁ

33 3152 197 3206 τάντων
225 3153 363 3224 ὁμοῦ
406 3156 728 3226 Δεσπότηςσ
777 3156 937 3226 νόμος
974 3157 1031 3210 δὲ
1064 3157 1332 3226 ἀγγέλοις,
1367 3160 1455 3212 τὸν
1492 3177 1579 3213 σο-

36 3244 85 3297 δν
114 3246 332 3317 ποιητὴν
381 3248 484 3301 καὶ
529 3247 806 3318 δεσπότην
836 3247 1102 3302 θωπεύειν
1134 3250 1228 3303 καὶ
1264 3250 1577 3304 ὑποσαίνειν

33 3338 411 3408 οηθουμένους,
474 3340 542 3393 οὐ
600 3339 950 3412 βοηθοῦντας.
1016 3343 1078 3396 El
1131 3341 1240 3413 γὰρ
1287 3341 1387 3413 τῆς
1447 3342 1577 3416 παρ’

33 3430 197 3481 ιείνων
227 3429 415 3501 ἰσχύος
445 3430 656 3496 ἐδεῖτο,
701 3431 881 3503 πολλῷ
934 3431 1132 3500 μᾶλλον
1169 3434 1227 3485 ὲν
1269 3434 1333 3502 τῇ
1384 3432 1578 3503 ἐρήμῳ

33 3523 386 3595 εσσαράκοντα
442 3523 685 3595 ἡμερῶν
732 3525 839 3578 ὑπὸ
889 3524 985 3579 τοῦ
1037 3525 1283 3579 διαϐόλου
1323 3524 1579 3595 πειραζὸ-

34 3628 135 3676 svo;
169 3613 390 3685 ἐκείνης
446 3613 685 3685 ἐδεήθη.
748 3615 886 3668 Ἀλλ’
940 3616 1060 3670 οὑδέ
1118 3633 1221 3669 που
1268 3619 1333 3687 τῇ
1387 3616 1574 3687 Γραφῇ

33 3702 130 3757 θῦτο
156 3705 399 3778 εἴρηταιο
442 3709 741 3777 Ἄγγελοι
772 3709 901 3781 γὰρ,
935 3708 1090 3778 φησι,
1138 3709 1578 3776 προσελθόντες

34 3814 73 3847 ικ
101 3797 381 3869 ἐϐοήθουν,
419 3799 573 3853 ἀλλὰ
605 3798 934 3867 διηκόνουν
968 3797 1159 3864 αὐτῷ’
1193 3799 1328 3870 ὅπερ
1375 3799 1578 3871 ἐναργῆ

33 3886 69 3940 δῦ
107 3888 206 3960 μὲν
254 3890 357 3962 τὴν
415 3890 782 3957 δεσποτείαν,
825 3889 933 3944 τῶν
961 3891 1019 3944 δὲ
1046 3891 1145 3962 τὴν
1174 3892 1415 3946 οίκετίαν
1434 3909 1580 3965 παρ-

34 3999 165 4054 τησι.
195 3984 361 4038 Κατὰ
405 3979 510 4038 οὖν
540 3984 646 4038 τὸν
678 3983 1007 4039 ἁποδοθέντα
1055 3983 1211 4052 λόγον
1245 3985 1467 4039 νοείσθω
1510 3985 1579 4039 τά

33 4073 98 4143 τρὶ
145 4074 239 4127 τοῦ
296 4076 581 4145 ἀγγέλου.
656 4075 793 4130 Οῠτε
844 4077 951 4148 γὰρ
1003 4076 1073 4131 τὰ
1120 4077 1250 4146 ἆγια
1302 4076 1582 4149 Χερουϐὶμ

33 4164 238 4235 ἰασμοῦ
288 4166 703 4238 προσδίδονται
747 4167 805 4219 ὲν
852 4166 1064 4238 οὐρανῷ
1108 4171 1174 4239 τῇ
1227 4167 1346 4238 θείᾳ
1394 4167 1581 4239 Τριάδι

33 4258 241 4329 τιγήτως
256 4260 593 4331 τὸ’”Αγιος,
616 4259 807 4329 ἅγιος,
822 4260 1007 4330 ἅγιος,
1023 4261 1151 4315 ὅταν
1178 4260 1546 4331 ἀναφωνοῦσιν
1561 4277 1577 4294 ο

33 4350 72 4402 δ’
110 4347 176 4405 αὖ
226 4353 428 4414 πάλιν,
469 4354 652 4425 ἡμῶν
696 4355 754 4407 ὲν
801 4348 1368 4425 τρισαγίῳ,“Αγιοςό
1415 4355 1578 4423 Θεὸς,

33 4460 124 4508 ’τος
153 4445 447 4515 ἰσχυρὸς,
490 4445 680 4516 ἅγιος
705 4444 1019 4510 ἀθάνατος,
1062 4445 1393 4513 ἐκϐοιῦντων,
1422 4449 1580 4518 ἁγια-

34 4534 93 4587 νὸν
123 4535 158 4608 ἢ
197 4538 362 4611 ἰσχὺν
398 4539 437 4610 ἢ
475 4536 798 4592 ἀθανασίαν
828 4536 889 4589 τὸ
928 4537 1079 4592 Θείον
1113 4538 1330 4593 ὲνίεται.

609 4933 865 4987 ΠΕΥΣῘΣ
912 4934 990 4987 A'.

34 5048 261 5117 Ἰκανῶς
309 5020 457 5123 περὶ
492 5046 625 5101 τῶν
664 5046 824 5100 θείων
857 5045 1306 5117 προσταχθέντων
1341 5064 1422 5100 σοι
1455 5049 1586 5119 παρ’

33 5142 100 5196 ὧν
141 5142 557 5214 διδαχθέντες,
596 5139 704 5203 τὰς
729 5138 840 5192 τῶν
879 5139 1122 5208 ἀνοήτων
1147 5137 1378 5207 δεόμεθα
1403 5139 1587 5192 λοιπὸν

33 5235 340 5307 ιτραπῆναι
384 5232 633 5304 φωνάς.
676 5230 907 5298 Λέγουσι
949 5229 1057 5298 γὰρ
1103 5228 1318 5296 ἀγνοεῖν
1358 5230 1448 5281 τὸν
1478 5230 1590 5281 Σω-

33 5344 83 5379 >α
133 5328 200 5382 τὸ
261 5327 370 5382 τοῦ
430 5323 723 5393 Λαζάρου
760 5321 969 5391 μνῆμα,
1019 5319 1113 5374 καὶ
1154 5320 1254 5390 τὴν
1302 5320 1589 5391 ἁψαμένην

66 5418 404 5491 κρασπέδου
449 5410 934 5487 αἱμορρ[ο]οῦσαν
961 5412 1216 5479 γυναῖκα,
1242 5411 1335 5463 καὶ
1360 5412 1441 5466 ὅτι
1471 5411 1589 5464 οὐδὲ

37 5583 276 5641 ⁸1001³.
316 5598 363 5645 ι,
408 5578 517 5634 24.
580 5598 587 5603 ·
684 5567 726 5605 ¹¹
759 5572 993 5643 Philipp.
1038 5586 1097 5635 tt,
1154 5570 1241 5633 lO,
1294 5571 1379 5625 ll.

40 5671 123 5712 sa.
162 5672 244 5723 vr,
279 5656 344 5711 5.

33 5793 80 5864 Β)
120 5794 295 5850 Ἤτοι
331 5780 825 5864 παγκραῖείαις.
858 5779 1025 5864 τούς.¹
1048 5775 1582 5864 Ηοοεοοηιηιοκῆτοι

34 5846 386 5938 Ῐκρσῖτείαις,
414 5846 897 5914 transferendum
938 5856 1062 5903 ante
1104 5847 1224 5911 τοὺς
1268 5846 1571 5919 ἀνδρείους,

1336 380 1682 439 DIALOGUS
1708 380 1747 437 l.

1512 5572 1554 5604 ¹⁸
1586 5571 1741 5632 Joan.
1782 5596 1820 5646 ι,
1858 5579 1943 5634 Μ.

3137 376 3244 433 890

1668 499 2099 569 prosequentibus
2128 499 2298 567 ipsum
2329 497 2606 560 retribuet,
2638 506 2685 553 et
2713 495 3023 567 expurgabit
3060 494 3247 550 Domi-

1672 606 1770 645 nus
1825 600 2021 644 terram
2054 589 2236 658 populi
2264 589 2369 643 sui.
2414 587 2521 643 Sed
2573 596 2627 645 et
2664 588 2898 643 eximius
2946 587 3247 653 Apostolus

1670 681 1967 736 victoriose
1997 681 2052 734 in
2077 680 2299 735 Christo
2318 694 2378 735 se
2405 681 2734 735 confirmans
2752 679 2967 748 inquit:
2999 676 3245 733 Christus

1669 782 1747 828 est
1777 774 1874 827 Dei
1904 774 2133 841 potentia
2171 781 2221 827 et
2258 772 2351 826 Dei
2388 773 2642 841 sapientia
2669 773 2735 825 ‘l.
2782 771 2849 824 Et
2889 786 3083 826 rursus
3123 782 3245 823 tan-

1672 881 1834 935 quam
1877 865 1981 935 ipsi
2015 864 2211 919 victori
2240 879 2459 923 omnem
2488 870 2800 918 creaturam
2844 877 2904 917 se
2928 860 3247 930 suppliciter

1664 959 1998 1015 submittere
2029 958 2257 1020 docens,
2288 955 2468 1025 inquit
2497 975 2511 1010 :
2551 953 2617 1010 In
2647 954 2855 1008 nomine
2882 952 3011 1006 Iesu
3045 951 3247 1007 Christi

1672 1064 1825 1102 omne
1851 1064 1983 1119 genu
2026 1063 2081 1101 se
2115 1047 2308 1115 ﬂectet,
2349 1044 2637 1100 ewlestium
2678 1052 2730 1097 et
2776 1041 3141 1104 terrestrium;
3197 1048 3248 1093 et

1672 1142 1844 1196 omnis
1876 1142 2057 1210 lingua
2088 1136 2426 1207 conﬁtebitur
2445 1137 2493 1191 ei
2520 1137 2584 1190 ¹².
2615 1135 2753 1189 Cum
2778 1133 2884 1188 hoc
2906 1139 3086 1186 autem
3116 1146 3250 1185 con-

1673 1233 1922 1289 sentiens
1957 1231 2105 1289 filius
2133 1231 2225 1285 ille
2265 1230 2492 1285 tonitrui
2521 1225 2880 1290 Joannes,de
2906 1224 3129 1279 Christo
3164 1223 3248 1276 vi-

1673 1325 1913 1381 ctoriose
1938 1324 2320 1386 concionatur,
2348 1323 2404 1378 in
2425 1321 2539 1377 haec
2567 1319 2766 1375 verba:
2796 1315 2865 1371 Et
2886 1314 3253 1384 conspeximus

1668 1418 1894 1489 gloriam
1940 1416 2078 1485 ejus,
2114 1415 2342 1485 gloriam
2388 1412 2529 1469 velut
2570 1410 2834 1481 Unigeniti
2879 1426 2911 1462 a
2941 1406 3126 1469 Patre,
3161 1406 3253 1475 qui

1670 1510 1855 1580 plenus
1893 1518 1971 1563 est
1997 1508 2175 1578 gratia
2210 1515 2260 1561 et
2296 1507 2515 1561 veritate
2557 1505 2622 1558 ¹³.
2659 1502 2932 1574 Angelum
2980 1507 3161 1553 autem
3196 1504 3252 1551 et

1672 1617 1775 1658 nos
1803 1601 2105 1663 imitemur,
2141 1598 2300 1669 quasi
2334 1596 2724 1653 continuantes
2753 1594 3047 1649 victoriose
3086 1591 3251 1646 Chri-

1675 1701 1845 1758 stum,
1897 1699 2140 1760 tempore
2188 1688 2389 1744 divinae
2446 1688 2597 1743 illius
2648 1702 2834 1742 rerum
2888 1684 3247 1756 mysticarum

1672 1780 2193 1844 administrationis,
2228 1779 2531 1834 clamantes
2560 1796 2573 1832 :
2609 1776 2748 1843 Quia
2776 1785 2872 1833 tua
2897 1785 2973 1829 est
2995 1774 3249 1844 potentia,

1673 1885 1726 1929 et
1760 1884 1909 1928 tuum
1938 1882 2017 1929 est
2067 1888 2305 1943 regnum,
2344 1880 2393 1925 et
2418 1879 2674 1939 potestas,
2717 1877 2766 1921 et
2801 1867 2973 1937 gloria
3018 1867 3082 1920 η.
3113 1864 3255 1920 Ecce

1675 1966 1940 2022 unitatem
1975 1964 2175 2019 divina:
2207 1971 2437 2027 naturae,
2472 1976 2667 2031 nempe
2694 1960 2896 2024 Patris,
2926 1966 2979 2015 et
3016 1955 3162 2022 Filii,
3195 1964 3253 2011 (ι

1672 2058 1915 2130 Spiritus
1942 2057 2143 2113 sancti.

1743 2151 2062 2207 Consimilis
2106 2156 2161 2205 et
2202 2149 2260 2203 in
2295 2146 2565 2219 gymnicis
2597 2143 2995 2202 certaminibus
3026 2156 3256 2197 consue-

1674 2243 1810 2299 tudo
1842 2250 1950 2307 est,
1987 2245 2103 2296 sive
2150 2240 2206 2294 in
2252 2237 2531 2294 exercitiis
2561 2250 2852 2306 corporum
2889 2249 2954 2288 ac
2997 2233 3256 2289 certami-

1672 2337 1860 2400 nibus,
1885 2341 1943 2388 ut
1970 2333 2188 2387 athleta:
2213 2330 2386 2386 fortes
2421 2337 2586 2400 atque
2616 2327 2831 2385 robusti
2871 2326 3256 2382 adolescentu-

1673 2429 1852 2485 lorum
1898 2434 1952 2481 et
1997 2422 2291 2480 admodum
2332 2422 2616 2492 iuvenum,
2642 2419 2844 2489 quibus
2887 2418 3067 2473 adhuc
3106 2416 3259 2471 nulla

1672 2520 1857 2577 barbae
1884 2517 2141 2587 lanugine
2167 2530 2319 2586 gena:
2349 2518 2737 2583 conteguntur,
2762 2508 3261 2565 acclamationibus

1676 2611 1988 2667 excitentur
2015 2616 2070 2664 et
2102 2614 2405 2679 ungantur,
2450 2618 2561 2675 quo
2604 2604 2794 2672 vigore
2836 2601 3074 2671 quodam
3109 2598 3260 2654 aucti

1678 2702 1877 2759 fortius
1908 2702 1964 2756 in
1993 2698 2341 2755 adversarios
2372 2697 2617 2750 tendant.
2659 2692 2777 2749 Non
2808 2692 2954 2763 quod
2994 2693 3162 2748 robur
3204 2701 3262 2747 et

1678 2791 1942 2848 fortitudo
1991 2793 2059 2847 ab
2097 2786 2553 2846 imbecillioribus
2587 2785 2969 2856 suppeditetur
2998 2783 3259 2849 fortibus,

1678 2888 1774 2945 sed
1814 2885 1961 2957 quod
1999 2893 2152 2941 certa
2204 2883 2323 2954 lege
2362 2890 2417 2936 et
2461 2880 2655 2934 ordine
2702 2877 3094 2932 consueverint
3143 2875 3261 2933 lucc

1678 2978 2004 3052 prazcedere.
2038 2975 2272 3033 Dominii
2303 2973 2526 3045 quidem
2561 2979 2712 3026 certe
2741 2971 2826 3026 lex
2858 2977 2965 3033 est,
3010 2974 3069 3022 ut
3100 2982 3129 3021 a
3174 2966 3260 3020 fa-

1679 3072 1841 3127 mulis
1872 3070 1990 3125 heri
2031 3075 2307 3139 uagantur
2338 3074 2504 3135 atque
2555 3062 2845 3128 colantur;
2897 3060 3037 3131 legis
3078 3067 3258 3113 autem

1678 3163 1961 3236 plenitudo
2003 3169 2089 3217 est
2118 3159 2397 3222 Christus,
2442 3154 2536 3226 qui
2568 3154 2812 3209 omnium
2850 3152 2903 3207 in
2941 3152 3257 3207 universum

1677 3255 1941 3311 Dominus
1971 3263 2087 3319 est;
2123 3249 2333 3321 angelis
2365 3262 2494 3303 vero
2521 3246 2801 3316 proposita
2828 3244 2913 3299 lex
2943 3252 3047 3307 est,
3082 3252 3140 3295 ut
3166 3255 3225 3296 sa
3244 3269 3259 3280 -

1677 3349 1914 3419 pientem
1951 3345 2108 3399 illum
2146 3340 2488 3398 conditorem
2514 3348 2570 3395 et
2597 3340 2792 3394 herum
2820 3351 2980 3393 suum
3013 3334 3262 3391 studiose

1678 3442 1864 3496 colant
1913 3450 2077 3507 atque
2106 3435 2476 3497 demulceam,
2519 3441 2575 3487 et
2613 3432 2683 3486 ab
2719 3445 2787 3484 eo
2828 3429 3110 3499 juventur,
3150 3441 3261 3480 non

1677 3548 1802 3589 eum
1831 3531 1934 3602 ipsi
1962 3530 2174 3599 juvent.
2210 3525 2346 3580 Nam
2382 3525 2431 3581 si
2464 3525 2687 3579 illorum
2723 3521 2922 3577 robore
2969 3517 3262 3588 indigeret,

1679 3625 1852 3679 multo
1902 3621 2079 3693 magis
2121 3620 2175 3675 in
2212 3618 2454 3681 deserto,
2502 3615 2633 3670 dum
2689 3612 3050 3684 quadraginta
3081 3610 3199 3665 dies
3232 3624 3264 3663 a

1679 3713 1903 3769 diabolo
1930 3718 2256 3772 tentaretur,
2297 3707 2646 3777 indiguisset.
2678 3702 2880 3758 Verum
2911 3702 2962 3757 id
2998 3699 3174 3755 sacris
3207 3700 3266 3753 ir.

1680 3806 1903 3863 Litteris
1937 3816 2209 3872 nusquam
2242 3799 2497 3855 traditur.
2536 3797 2720 3868 Angeli
2752 3795 2901 3850 enim
2938 3791 3263 3850 accedentes.

1679 3916 1792 3957 non
1834 3897 2262 3962 auxiliabantur,
2297 3894 2391 3949 sed
2426 3890 2802 3946 ministrabant
2848 3889 2895 3942 ei
2926 3886 2995 3942 ⁸⁸.
3026 3885 3084 3940 Id
3118 3882 3266 3954 quod

1680 3991 1961 4047 evidenter
1993 3987 2142 4042 illius
2195 3984 2417 4055 quidem
2462 3982 2801 4044 dominium,
2845 3979 3037 4032 horum
3081 3984 3263 4029 autem

1681 4082 2077 4150 subiectionem
2119 4076 2480 4132 demonstrat.
2537 4071 2851 4128 Secundum
2894 4068 3037 4123 hanc
3099 4066 3268 4136 igitur

1682 4172 1954 4228 rationem
1995 4168 2299 4239 expositam
2352 4164 2732 4236 intelligantur
2774 4161 2880 4216 ista
2934 4160 3001 4215 de
3049 4158 3266 4227 angelo.

1685 4264 1874 4336 Neque
1910 4262 2057 4318 enim
2084 4259 2262 4317 sancti
2294 4258 2374 4314 illi
2408 4255 2707 4312 Cberubim
2746 4251 3027 4324 quidpiam
3059 4248 3267 4305 sancti-

1686 4356 1818 4413 tatis
1844 4354 2108 4411 addentes
2138 4353 2193 4407 in
2233 4351 2376 4407 cmlo
2406 4357 2610 4406 sancta:
2639 4345 2916 4411 Trinitati,
2948 4344 3069 4399 sine
3097 4342 3270 4397 inter-

1686 4448 1976 4511 missione,
2006 4445 2257 4509 Sanctus,
2283 4453 2520 4505 sanctus,
2555 4449 2796 4502 sanctus,
2834 4437 3146 4494 exclamant
3179 4436 3264 4488 “:

1686 4553 1868 4609 neque
1896 4536 2085 4591 itidem
2112 4534 2241 4589 dum
2278 4548 2380 4588 nos
2410 4533 2466 4587 in
2499 4532 2699 4602 hymno
2737 4527 3086 4586 sanctissimo
3116 4523 3268 4580 cani-

1690 4648 1835 4695 mus,
1864 4630 2089 4685 Sanctus
2120 4626 2283 4689 Deus,
2308 4634 2523 4680 sanctus
2548 4623 2725 4694 fortis,
2747 4629 2960 4675 sanctus
2988 4619 3271 4672 immorta-

1692 4724 1779 4789 lis,
1813 4722 1899 4778 vel
1932 4720 2277 4776 sanctitatem
2319 4718 2580 4788 aliquam,
2615 4716 2695 4772 vel
2744 4710 3143 4777 fortitudinem,
3180 4706 3267 4762 vel

1693 4812 2158 4871 immortalitatem
2187 4808 2447 4865 divinitas
2476 4807 2695 4878 recipit.

2114 4932 2563 4991 INTERROGAT
2569 4932 2637 4988 10
2676 4929 2843 4986 XXX.

1763 5051 1910 5107 Satis
1940 5050 2009 5105 de
2043 5049 2113 5105 iis
2158 5062 2278 5117 quae
2324 5061 2355 5101 a
2390 5046 2550 5101 nobis
2588 5045 2858 5115 explicare
2896 5043 3085 5112 jussus
3119 5055 3266 5103 eras,

1689 5143 1869 5199 cdocti
1901 5156 2092 5197 sumus
2121 5157 2134 5194 :
2165 5138 2310 5209 quod
2339 5137 2609 5207 reliquum
2636 5144 2743 5201 est,
2767 5149 3022 5204 rogamus
3045 5143 3105 5186 ut
3129 5133 3267 5188 insi-

1691 5233 1958 5304 pientium
1981 5229 2344 5303 quorumdam
2390 5244 2554 5284 voces
2607 5228 3017 5283 subvertantur.
3066 5224 3268 5280 Dicunt

1691 5324 1836 5379 enim
1885 5323 2229 5379 Servatorem
2278 5322 2535 5392 ignorare
2591 5319 2781 5374 Lazari
2827 5318 3161 5387 sepulcrum,
3213 5324 3268 5370 et
3328 5306 3333 5315 “

1700 5416 1983 5473 mulierem
2018 5414 2281 5484 profluvio
2326 5412 2612 5483 sanguinis
2638 5411 2952 5473 obnoxiam,
2980 5424 3105 5463 cum
3148 5407 3268 5461 flm-

2084 5578 2125 5610 “
2159 5576 2329 5649 Apoc.
2371 5593 2469 5644 xu,
2515 5575 2602 5630 10.
2740 5573 2782 5605 ¹⁸
2816 5571 3003 5626 Matth.
3041 5586 3115 5636 tv,
3176 5568 3264 5625 ll.

1694 5785 2060 5847 prartereaque
2092 5774 2356 5833 delendus
2381 5775 2646 5830 articulus
2676 5773 2819 5839 τούς,
2849 5782 2973 5832 ante
3001 5771 3114 5829 ὑπὸ
3140 5792 3258 5846 μει-

1687 5848 1907 5919 ρακίων.
1944 5846 2101 5900 Εοιτ.
