3818 6542
528 383 628 442 τοι

528 501 707 556 briam
729 507 997 573 tangeret,
1028 519 1139 560 non
1170 503 1446 576 sensisse;
1481 517 1744 580 prasterea
1765 514 1912 584 quod
1939 530 2117 586 neque

527 592 806 664 perfectus
844 593 1009 651 fuerit
1053 595 1196 654 Deus
1233 617 1248 652 :
1281 599 1607 669 Proﬁciebat
1665 604 1835 670 enim,
1890 616 1943 661 et
1993 623 2120 662 con-

1634 391 1692 448 S.
1735 392 2035 450 CESARII
2076 394 2407 454 GREGORII
2449 398 2749 458 FRATRIS
3707 407 3799 462 εει-ξ

2228 519 2430 584 τέλειος
2462 516 2532 592 ἦν
2565 499 2748 586 λΘεόςσ
2784 517 3118 588 προέκοπτε
3161 521 3268 595 γάρ
3319 527 3416 582 καί
3441 525 3802 594 ἐκραταιοῦτο

2226 607 2432 677 σοφίᾳ,
2453 605 2551 661 καὶ
2579 607 2791 678 ἡλικίᾳ
2811 611 2911 666 καὶ
2923 613 3138 684 χάριτι,
3195 615 3270 681 ὡς
3301 615 3451 685 λέγει
3488 617 3551 672 τὸ
3578 617 3801 688 Εὐαγγέ-

528 685 849 772 jirmabatur
898 688 1184 759 sapientia,
1230 699 1282 745 et
1329 701 1507 761 (etate,
1537 707 1587 749 et
1620 698 1817 767 gratia,
1852 706 1914 753 ut
1943 699 2120 772 inquit
2220 700 2353 755 λιον.

529 770 886 844 Evangelium
912 777 976 832 ".

1175 870 1487 943 Responsio.

599 955 784 1013 Nolite
811 960 1160 1020 committere
1193 971 1252 1018 ut
1293 981 1416 1035 qua:
1446 967 1660 1024 ratione
1690 968 2125 1028 administratio-

531 1048 620 1103 nis
649 1048 703 1102 in
734 1065 904 1106 carne
936 1052 1005 1107 ah
1045 1055 1166 1124 ipso
1193 1055 1342 1110 dicta
1374 1067 1528 1121 sunt,
1573 1061 1731 1116 vobis
1773 1063 2122 1119 occasionem

533 1139 887 1210 b'asphemiaa
900 1144 1176 1213 praebeant
1198 1165 1210 1199 :
1232 1162 1447 1219 nempe,
1467 1147 1571 1203 Ubi
1585 1151 1841 1220 posuistis
1859 1152 2029 1222 ipsum
2049 1153 2127 1223 ἐτ

532 1234 800 1300 an:,Quis
836 1252 916 1290 me
945 1237 1114 1308 tetigit
1143 1239 1226 1292 ὀἳ
1257 1248 1370 1306 aut,
1407 1240 1574 1308 Quem
1606 1244 1848 1313 quwritis
1877 1246 1967 1300 '°?
2009 1256 2125 1313 aut,

533 1329 700 1392 Quem
727 1345 809 1383 me
826 1329 1050 1386 dicunt?
1073 1341 1185 1396 aut,
1215 1332 1367 1403 quod
1417 1332 1558 1389 Puer
1583 1337 1769 1402 crevit,
1803 1347 1853 1393 et
1881 1339 2130 1395 corrobo-

532 1429 686 1475 ratus
702 1430 856 1486 est,et
875 1423 1185 1493 proﬁciebat
1208 1426 1471 1496 sapientia
1487 1437 1537 1482 et
1553 1438 1710 1484 aetate
1731 1431 1800 1486 ²¹.
1820 1429 1966 1487 Nihil
1983 1433 2128 1489 enim

534 1510 732 1566 horum
774 1513 1139 1584 ignorationis
1166 1517 1372 1572 crimen
1394 1519 1646 1592 impingit
1680 1521 1752 1586 ei,
1777 1524 1872 1593 qui
1909 1536 2130 1596 propter

532 1616 636 1656 nos
679 1602 878 1658 similis
919 1606 1092 1660 nostri
1142 1605 1323 1662 factus
1357 1617 1444 1664 est
1489 1607 1635 1666 Deus
1669 1610 1927 1669 Verbum.
1965 1615 2130 1672 Pater

532 1693 678 1747 enim
703 1710 871 1760 meus,
900 1695 1102 1765 inquit,
1130 1715 1291 1768 usque
1315 1701 1384 1753 ad
1416 1699 1510 1754 hoc
1544 1710 1748 1772 tempus
1781 1715 2058 1774 operatur,
2079 1714 2130 1761 et

534 1803 630 1856 ego
659 1805 847 1859 operor
866 1793 935 1846 “.
959 1790 1079 1846 Non
1103 1794 1246 1863 quod
1272 1793 1489 1848 deﬁciat
1506 1795 1806 1866 quidquam
1834 1798 1888 1852 in
1905 1799 2128 1855 condito

533 1896 562 1933 a
591 1881 752 1938 nobis
779 1883 1159 1940 universitatis
1183 1885 1347 1956 hujus
1367 1887 1606 1957 Opiﬁcio,
1627 1889 1785 1960 quasi
1806 1890 2126 1960 imperfecta

537 1975 650 2028 sint
674 1982 858 2028 creata
877 1976 981 2030 sub
1000 1986 1279 2047 aspectum
1298 1979 1674 2048 cadentia,sed
1687 1995 2126 2050 operamur,eam

536 2079 660 2134 quae
682 2079 1057 2121 consentanea
1090 2069 1276 2123 virtuti
1297 2078 1379 2126 est
1401 2069 1565 2124 vitam
1591 2071 1907 2128 hominibus
1931 2089 2126 2146 sugge-

533 2165 723 2212 rentes
753 2173 877 2213 cum
900 2158 1013 2214 Deo
1059 2159 1220 2216 Patre
1251 2163 1647 2232 nostro,idque
1680 2178 1776 2234 per
1791 2167 2021 2236 eos,qui
2059 2165 2128 2220 ab

532 2246 656 2316 ipso
680 2248 792 2318 jam
822 2264 889 2304 ex
924 2250 1237 2307 conditione
1269 2253 1544 2308 deteriore
1578 2255 1889 2311 conﬁrmati
1921 2259 2127 2313 suntin

535 2341 844 2396 meliorem.
873 2340 1042 2397 Pater
1069 2343 1213 2398 idem
1260 2345 1635 2417 interrogabat
1663 2350 1900 2420 primum
1930 2365 2130 2421 paren-

532 2441 646 2488 tem
695 2445 943 2489 nostrum
977 2434 1273 2503 Adamum,
1305 2449 1594 2509 postquam
1632 2441 1980 2512 deliquisset,
2030 2441 2130 2498 Ubi

532 2543 589 2580 es
624 2526 712 2583 “t
736 2526 858 2582 Non
890 2528 1151 2600 ignorans
1194 2530 1373 2599 ipsum
1405 2531 1646 2588 latebras
1675 2541 1935 2588 conatum
1981 2551 2131 2606 quae-

533 2635 679 2684 rere,
707 2621 793 2678 vel
823 2622 972 2689 quod
1003 2629 1281 2692 oporteret
1315 2632 1531 2680 terrore
1560 2626 1782 2696 percelli
1817 2633 2129 2698 transgres-

533 2729 740 2782 sorem,
785 2715 880 2772 sed
923 2717 1082 2787 quasi
1126 2717 1314 2774 ridens
1343 2733 1407 2774 ac
1452 2720 1808 2776 subsannans
1829 2721 2131 2778 clandeSti-

534 2822 663 2862 nam
716 2808 891 2879 ipsius
943 2811 1409 2878 subductiouem,
1472 2819 1527 2868 et
1571 2814 1851 2868 temerarii
1914 2813 2130 2871 consilii

535 2901 915 2968 stoliditatem,
961 2903 1106 2975 quod
1157 2920 1282 2962 mox
1333 2914 1455 2977 post
1496 2904 1716 2963 fructus
1767 2907 1924 2962 vetiti
1961 2907 2131 2978 degu-

536 2998 834 3053 stationem
887 2999 1169 3055 occultare
1227 3016 1287 3057 se
1351 3001 1531 3056 vellet.
1594 3001 1782 3070 Itaque
1838 3001 2131 3070 compellat

535 3091 716 3161 ipsum
762 3092 843 3154 is,
885 3108 1051 3162 quem
1095 3093 1234 3148 nihil
1282 3094 1455 3150 latere
1500 3102 1721 3164 potest:
1778 3091 1878 3147 Ubi
1926 3109 2014 3156 es,
2070 3099 2127 3147 tu

535 3184 629 3254 qui
689 3185 892 3253 putasti
939 3183 1224 3252 futurum,
1270 3194 1331 3240 ut
1377 3185 1609 3240 consilio
1662 3184 1937 3254 serpentis
1987 3182 2128 3239 deus

535 3273 823 3336 evaderes,
858 3272 1080 3327 ubinam
1109 3275 1208 3327 es?
1241 3270 1341 3326 Ubi
1371 3289 1446 3335 es,
1484 3273 1577 3341 qui
1613 3273 1931 3328 incredulus
1974 3270 2127 3326 fuisti

537 3362 671 3428 Deo,
719 3372 772 3418 et
811 3361 1096 3419 credidisti
1143 3363 1412 3418 inimico?
1450 3362 1528 3418 Ne
1575 3370 1628 3419 te
1663 3364 1991 3429 abscondas,
2041 3364 2128 3419 in-

537 3456 700 3527 quit:
745 3472 855 3512 non
896 3457 1044 3511 enim
1096 3456 1334 3527 ignorat,
1387 3465 1440 3512 te
1488 3457 1850 3512 immortalem
1902 3464 1957 3513 et
2003 3458 2130 3512 bea-

539 3560 651 3603 tam
691 3549 856 3603 vitam
892 3549 1138 3606 exuisse.
1192 3549 1458 3604 Similiter
1507 3551 1672 3620 igitur
1713 3558 1766 3605 et
1800 3550 1994 3616 Filius,
2038 3550 2127 3605 ubi

538 3645 765 3698 clausus
803 3643 1012 3713 jaceret
1060 3642 1326 3706 Lazarus,
1376 3658 1485 3697 non
1536 3643 1848 3713 ignorabat.
1889 3643 2022 3697 Nam
2066 3659 2131 3699 ea

539 3733 608 3788 de
663 3748 830 3789 causa
880 3732 994 3801 jam
1055 3740 1230 3786 totum
1291 3740 1418 3787 ante
1484 3732 1754 3796 biduum,
1807 3733 2128 3802 priusquam

538 3823 596 3877 in
641 3821 836 3876 Lazari
891 3822 1126 3892 patriam
1181 3820 1502 3875 Bethaniam
1559 3822 1901 3890 perveniret,
1953 3822 2132 3876 Laza-

541 3932 674 3981 rus,
740 3915 917 3985 inquit
991 3913 1060 3968 ad
1123 3913 1356 3968 comites
1423 3912 1688 3978 itineris,
1760 3914 1966 3968 amicus
2038 3930 2133 3968 no-

539 4018 650 4064 ster
702 4009 920 4076 dormit,
969 4017 1020 4062 et
1073 4007 1207 4062 vado
1255 4014 1313 4059 ut
1343 4006 1564 4060 excitem
1605 4022 1726 4060 eum
1755 4007 1825 4074 ’⁸,
1875 4006 1972 4077 qui
2005 4013 2134 4062 ante

542 4107 688 4158 totos
741 4109 983 4173 quatuor
1024 4098 1145 4156 dies
1191 4105 1444 4153 mortuus
1496 4096 1645 4154 fetet.
1707 4096 1994 4164 Quomodo
2042 4097 2135 4168 igi-

542 4202 633 4250 tur
679 4192 727 4248 is
777 4192 872 4264 qui
927 4199 1053 4248 ante
1091 4206 1375 4247 accessum
1421 4191 1669 4246 locorum
1707 4206 1770 4246 ea
1817 4206 1938 4260 qua:
1979 4191 2035 4244 in
2063 4189 2133 4244 iis

545 4285 684 4340 locis
736 4284 1054 4340 acciderant
1097 4292 1278 4349 norat,
1316 4291 1611 4356 postquam
1651 4298 1885 4354 corpore
1930 4283 1996 4337 ad
2039 4282 2131 4335 illa

546 4378 815 4449 pervenit,
847 4377 1131 4449 ignorabat
1161 4393 1283 4448 quae
1316 4385 1698 4447 pracognorat
1722 4377 1898 4446 ipsius
1928 4375 2132 4430 divini-

546 4479 656 4534 tas,
703 4469 1007 4526 secundum
1042 4484 1204 4540 quam
1239 4468 1500 4540 implebat
1543 4468 1830 4523 universa?
1861 4465 2133 4521 Nimirum

548 4574 702 4621 certo
745 4563 982 4634 quodam
1017 4561 1249 4616 consilio
1279 4561 1582 4632 qumrebat,
1628 4569 1687 4615 ut
1727 4574 1790 4616 ea
1841 4559 2134 4615 occasione

549 4659 728 4730 ipsum
769 4658 1215 4714 demonstrarent
1247 4654 1419 4711 Judaei
1451 4656 1516 4710 ad
1561 4657 1874 4726 sepulcrum
1905 4670 2136 4726 congre-

548 4751 682 4824 gati,
720 4751 994 4820 iidemque
1025 4759 1193 4806 testes
1227 4751 1416 4805 tierent
1438 4747 1861 4804 resurrectionis
1890 4747 2010 4816 ejus
2039 4747 2134 4816 qui

547 4845 730 4902 fuerat
789 4852 1040 4900 mortuus
1072 4863 1085 4898 :
1114 4859 1223 4914 quo
1272 4853 1434 4914 pacto
1477 4842 1649 4904 illius,
1701 4841 1861 4910 cujus
1905 4841 2130 4896 sudario

547 4948 714 5010 caput
762 4945 883 4993 erat
925 4936 1247 5007 obligatum,
1294 4937 1464 4992 facies
1507 4935 1711 4988 amictu
1754 4933 1904 4988 lintei
1957 4942 2122 4998 tecta,

547 5032 714 5103 pedes
764 5029 1002 5084 vinculis
1054 5028 1456 5098 sepulcralibus
1507 5025 1823 5087 constricti,
1871 5026 1985 5096 jam
2038 5041 2138 5098 per

546 5123 843 5180 calvariam
889 5121 1189 5185 cernentis,
1220 5134 1316 5175 ore
1361 5119 1589 5174 diducto
1633 5119 1899 5188 corrupti,
1947 5118 2135 5190 lingua

547 5217 837 5286 oculisque
867 5215 1161 5270 dilﬁuentis
1186 5232 1199 5268 :
1234 5229 1344 5283 quo
1375 5213 1542 5283 igitur
1571 5219 1729 5282 pacto
1762 5210 1925 5280 hujus
1955 5210 2138 5264 anima

552 5326 651 5381 per
681 5324 871 5364 vocem
908 5308 1122 5380 opiﬁcis
1151 5306 1370 5363 eminus
1409 5312 1642 5360 attracta
1671 5304 1725 5358 in
1770 5319 1970 5374 corpus
2001 5301 2137 5356 illud

547 5399 696 5472 quod
753 5399 1073 5470 reliquerat,
1131 5414 1326 5454 rursus
1376 5396 1791 5467 immigrasset?
1845 5395 2132 5462 Quomodo

623 5542 661 5574 "
703 5545 835 5596 Luc.
873 5557 934 5600 ιι,
973 5540 1064 5604 40,
1097 5541 1186 5596 59.
1264 5540 1307 5572 ¹⁸
1337 5537 1494 5594 Joan.
1532 5554 1611 5605 XI,
1640 5539 1727 5593 δι.
1810 5538 1852 5571 ⁸⁸
1882 5535 2014 5592 Luc.
2050 5550 2172 5600 vut,
2205 5533 2296 5590 ιδ.

550 5629 605 5682 v,
640 5614 728 5670 ΓΙ.
806 5614 851 5644 ³⁸
879 5611 1014 5667 Gen.
1047 5627 1132 5679 ιιι,
1161 5611 1194 5665 9
1268 5612 1316 5648 ’δ
1342 5609 1500 5664 Joan.
1537 5626 1615 5674 ιι,
1648 5610 1733 5664 ti.

627 5745 997 5828 (ﬁi‘ziqnptj).
1036 5743 1474 5828 Πεδσσεσηρότι.
1516 5742 1674 5824 Eon.
1765 5811 1789 5822 _
2013 5809 2025 5828 ν

626 5818 738 5888 (l0)
767 5814 904 5883 Πῶς
931 5814 1262 5888 σουδαρίῳ.
1281 5855 1298 5872 .
1325 5814 1489 5888 ’ξπῶς
1517 5814 1593 5881 τῇ
1617 5814 1789 5888 φωνῇ
1804 5852 1887 5888 ._..
1921 5814 2137 5881 χρώμε-

557 5883 696 5957 νος,
721 5883 922 5961 chere
944 5883 1161 5944 mallem
1193 5887 1312 5942 sine
1335 5884 1783 5955 interrOgatione.
1802 5883 2138 5940 Emmeran-

2837 879 3200 951 Ἀπόκρισις.

2315 969 2477 1024 Ἀλλά
2531 968 2608 1042 μή
2647 969 2718 1024 τὰ
2766 971 3120 1045 οἰκονομικῶς
3163 975 3299 1048 παρ’
3319 977 3484 1031 αὑτοῦ
3533 977 3806 1049 εἰρημένα,

2233 1059 2510 1129 πρόφασις
2553 1060 2901 1132 βλασφημίας
2939 1064 3067 1134 ὑμῖν
3096 1065 3341 1136 γένηται,
3371 1066 3451 1130 τὸ,
3481 1067 3606 1121 Ποῦ
3632 1072 3802 1122 reﬁci-

2227 1168 2372 1206 κατε
2404 1153 2624 1217 αὑτόν;
2659 1153 2716 1225 ἢ,
2758 1153 2856 1218 Τίς
2874 1170 2996 1222 μου
3045 1155 3282 1224 mirata;
3310 1155 3364 1228 ἦ,
3394 1159 3536 1211 Τίνα
3568 1156 3805 1227 (meite;

2227 1241 2286 1313 ἢ,
2320 1243 2456 1296 Τίνα
2479 1258 2556 1313 με
2584 1242 2916 1314 λέγουσιν;
2977 1243 3034 1316 ἦ,
3057 1249 3141 1303 ὅτι
3187 1247 3256 1300 Τὸ
3299 1247 3542 1304 παιδίον
3579 1251 3804 1318 ηὔξετο,

2230 1334 2329 1388 καὶ
2357 1334 2765 1403 ἐκραταιοῦτο,
2803 1337 2903 1390 καὶ
2942 1337 3271 1405 «poemate
3305 1342 3491 1410 σοφίᾳ
3542 1343 3639 1396 καί
3687 1345 3806 1410 ἠλι-

2232 1427 2356 1494 κίᾳ.
2391 1426 2560 1480 Οὐδὲν
2601 1427 2710 1500 γὰρ
2755 1428 2962 1484 τούτων
3011 1431 3234 1500 ἀγνοίας
3269 1438 3590 1505 κατηγορεῖ,
3625 1438 3703 1506 τῷ
3745 1440 3807 1490 δι’

2232 1518 2379 1588 ἡμᾶς
2414 1516 2538 1571 καθ’
2575 1518 2723 1588 ἡμᾶς
2751 1520 3030 1591 γενομένῳ
3069 1522 3228 1593 Λόγῳ
3257 1522 3375 1595 Θεῷ
3394 1541 3408 1552 ⁸
3441 1527 3505 1578 ὲκ
3534 1527 3732 1579 τούτων
3758 1529 3809 1580 5‘;

2237 1608 2437 1681 μῶλον
2464 1605 2580 1662 ἴσον
2608 1608 2686 1680 τῷ
2716 1611 2893 1684 [lupi
2941 1611 3309 1686 δεικνυμένῳο
3353 1617 3416 1670 '0
3461 1619 3666 1689 Πατὴρ
3708 1624 3807 1692 γάρ

2230 1719 2370 1770 μου,
2407 1701 2592 1771 φησὶν,
2640 1701 2752 1769 ἓως
2783 1702 2915 1771 ἄρτι
2948 1703 3266 1775 ἐργάζεται,
3312 1707 3801 1779 κάτὼέρτὰζομαι·

2229 1794 2334 1848 οὐκ
2359 1793 2702 1859 ὲκλείποντός
2730 1812 2877 1859 τινος
2923 1797 2987 1867 τῇ
3019 1797 3151 1869 παρ’
3179 1797 3334 1869 ἡμῶν
3367 1796 3464 1850 τοῦ
3495 1801 3692 1863 παντὸς
3718 1802 3807 1870 δῃ-

2233 1885 2510 1956 μιουργίᾳ,
2543 1884 2771 1951 ἀτελοῦς
2804 1886 2904 1957 τῆς
2936 1887 3168 1952 κτίσεως
3216 1887 3533 1959 όρωμένης·
3580 1889 3692 1941 ἀλλ’
3725 1893 3808 1958 ἐρ-

2229 1975 2510 2046 γαζόμεθα
2533 1977 2624 2029 τὸν
2656 1979 2776 2030 κατ’
2799 1977 2997 2049 ἀρετὴν
3040 1977 3172 2049 βίον,
3205 1978 3413 2050 βροτοῖς
3440 1979 3805 2051 ὑποτιθέμενοι

2229 2068 2321 2121 τὸν
2354 2067 2449 2135 ξὺν
2478 2068 2597 2139 Θεῷ
2638 2069 2795 2140 ἡμῶν
2841 2071 3036 2141 Πατρὶ,
3068 2069 3158 2124 διὰ
3193 2071 3301 2124 τῶν
3345 2073 3437 2125 ὑπ’
3468 2073 3676 2126 ἐκείνου
3717 2074 3804 2142 ἥδη

2230 2162 2295 2214 ἐκ
2337 2160 2433 2214 τοῦ
2477 2162 2718 2232 χείρονος
2769 2163 2864 2216 ἐπὶ
2905 2163 2964 2215 τὸ
3010 2165 3256 2234 κρεῖττον
3299 2165 3798 2237 μεταρρωσθέντων.

2241 2255 2302 2306 '0
2351 2254 2544 2324 Πατὴρ
2587 2253 2820 2307 ἐπύθετο
2873 2256 3219 2328 προπάτορος
3267 2257 3426 2328 ἡμῶν
3473 2260 3803 2329 παραϐάντος

2244 2343 2434 2414 Ἀδὰμ,
2467 2343 2594 2398 Ποῦ
2631 2340 2726 2409 si;
2766 2345 2867 2397 οὐκ
2919 2345 3130 2414 ἀγνοῶν
3171 2346 3457 2402 λανθάνειν
3503 2351 3803 2422 πειρᾶσθαι,

2231 2438 2325 2490 καὶ
2353 2436 2415 2488 τὸ
2453 2435 2564 2489 δεῖν
2597 2437 2985 2507 κραδαίνεσθαι
3023 2439 3115 2492 τὸν
3148 2439 3491 2512 παραϐάτην,
3539 2441 3653 2495 ἀλλ’
3687 2445 3808 2496 ὡσεὶ

2230 2527 2406 2598 γελῶν
2433 2530 2527 2582 καὶ
2565 2529 2847 2600 χλευάζων
2885 2531 3054 2585 αὑτοῦ
3093 2532 3194 2604 τὴν
3221 2533 3524 2605 ὑπαγωγὴν
3570 2537 3662 2589 καὶ
3690 2536 3804 2605 εὐή-

2231 2619 2384 2674 θειαν
2411 2620 2510 2691 τῆς
2553 2619 2831 2685 ἀϐουλίας,
2868 2617 3025 2685 αὖθις
3065 2624 3132 2692 τῇ
3169 2623 3454 2694 ἀγορεύσει
3481 2623 3576 2677 τοῦ
3606 2625 3808 2694 ἀπηγο-

2235 2712 2499 2786 ρευμένον
2531 2713 2868 2784 κρύπτεσθαι
2906 2715 3268 2785 πειρωμένου.
3306 2717 3451 2786 Πρὸς
3497 2717 3558 2770 ὃν
3598 2720 3804 2788 φησινὸ

2231 2805 2484 2876 ἇληστος,
2539 2805 2664 2859 Ποῦ
2708 2801 2782 2869 εἴ,
2834 2806 2864 2858 ὁ
2911 2805 3086 2859 δοκῶν
3138 2805 3515 2872 ἐκθειάζεσθαι
3563 2811 3631 2878 τῇ
3679 2826 3804 2878 συμ-

2233 2897 2425 2969 ϐουλίᾳ
2475 2897 2569 2951 τοῦ
2615 2897 2941 2969 δράκοντος;
2988 2899 3110 2954 Ποῦ
3153 2895 3236 2966 εἷ,
3275 2902 3304 2953 ό
3351 2900 3658 2972 ἀπειθήσας
3699 2899 3806 2970 Θεῴ

2234 2991 2329 3044 καὶ
2364 2989 2659 3055 πιστεύσας
2711 2990 2922 3062 ὲχθρῷ;
2955 2991 3046 3062 Μὴ
3104 2993 3369 3064 κρύπτου,
3401 2995 3585 3065 φησὶν,
3615 2996 3675 3046 οὗ
3711 2994 3803 3063 γάρ

2230 3082 2370 3155 λήσῃ
2401 3083 2500 3153 τὴν
2530 3083 2806 3154 ἀκήρατον
2831 3084 2924 3137 καὶ
2958 3085 3234 3156 μακαρίαν
3256 3085 3401 3156 ζωὴν
3432 3087 3797 3156 ἐκδυσάμενος.

2243 3176 2476 3248 Ὁμοίως
2536 3171 2630 3230 οὖν
2685 3176 2716 3227 ό
2779 3176 2937 3240 Υἱὸς,
3025 3178 3128 3230 ποῦ
3211 3178 3501 3250 καθεῖρκτο
3570 3180 3802 3249 Augur/1;

2231 3271 2330 3324 οὐκ
2377 3268 2614 3339 ἀγνοῶν·
2671 3269 2776 3342 πρὸ
2824 3269 2918 3324 δύο
2946 3269 3056 3344 γὰρ
3106 3271 3327 3342 ἡμερῶν
3378 3269 3472 3324 τοῦ
3520 3272 3716 3339 ςθάσαι
3753 3274 3802 3323 ἐν

2232 3362 2472 3434 Βηθανίᾳ
2521 3365 2586 3434 τῇ
2638 3362 2981 3434 ὲνεγκαμένῃ
3032 3362 3301 3433 Λάζαρον,
3349 3364 3484 3434 φησὶ
3541 3367 3653 3428 τοῖς
3696 3365 3801 3417 ἑτο-

2233 3454 2438 3525 μένοις,
2497 3451 2758 3522 Λάζαρος
2814 3457 2849 3508 ὁ
2894 3454 3074 3523 φίλος
3106 3453 3274 3523 ἡμῶν
3308 3456 3676 3526 κεκοίμηται,
3719 3456 3804 3508 καὶ

2232 3549 2557 3617 πορεύομαι
2630 3547 2978 3617 ἐξυπνῆσαι
3047 3547 3262 3612 αὑτὸν,
3314 3549 3416 3619 ἤδη
3483 3553 3804 3621 τετρήμερον

2232 3640 2485 3705 ὀδωδότα,
2509 3640 2699 3713 νεκρὸν
2727 3640 3060 3712 ὑπάρχοντα.
3095 3641 3220 3703 Πῶς
3251 3636 3343 3694 οὗν
3372 3642 3477 3714 πρὸ
3504 3642 3615 3694 τῶν

2233 3731 2303 3785 τὰ
2363 3733 2421 3785 ἐν
2491 3732 2678 3796 τόποις
2739 3729 3106 3802 συμϐαίνοντα
3171 3730 3573 3802 ἐπιστάμενος,
3626 3731 3803 3795 ἐπιϐάς

2234 3825 2462 3889 ἐκείνοις
2497 3824 2731 3895 σώματι,
2780 3825 3026 3898 ἀγνοὴσῃ
3072 3823 3108 3878 ἃ
3153 3824 3406 3896 προέγνω
3449 3824 3665 3895 θεὸτητι
3699 3825 3802 3878 καθ’

2235 3917 2300 3989 ῆν
2325 3917 2528 3988 ἐπιπλη
2539 3919 2621 3987 poi
2639 3917 2706 3970 τὰ
2731 3916 3055 3988 σύμπαντας
3087 3916 3228 3971 Ἀλλ’
3253 3917 3612 3987 οἰκονομικῶς
3635 3919 3799 3988 ἤρετο,

2235 4009 2377 4064 ὥστε
2405 4010 2678 4082 προφάσει
2697 4009 2790 4063 τοῦ
2829 4009 3107 4074 ὑποδεῖξαι
3142 4009 3384 4063 Ἰουδαῖοι
3409 4010 3503 4062 ἐπὶ
3530 4009 3619 4062 τὸν
3653 4012 3802 4076 τάξον

2239 4101 2723 4172 συναγειρόμενοι,
2779 4099 3058 4170 μάρτυρες
3115 4099 3271 4153 αὐτοὶ
3318 4099 3415 4170 τῆς
3469 4099 3799 4158 ἀναστάσεως

2235 4191 2329 4246 τοῦ
2378 4193 2702 4264 τεθνηκότος
2752 4192 3051 4262 γένωνταιο
3089 4191 3210 4255 πῶς
3258 4191 3531 4263 σουδαρίῳ
3572 4192 3672 4261 μὲν
3720 4193 3802 4260 τὴν

2238 4283 2482 4356 κεφαλὴν
2511 4283 2813 4355 δεδεμένος,
2839 4284 2936 4338 καὶ
2966 4285 3034 4354 τῇ
3068 4281 3330 4355 περιϐολῇ
3357 4283 3460 4353 τῆς
3496 4283 3687 4352 ὀθόνης
3721 4283 3801 4342 τὰς

2237 4378 2388 4448 ὄψεις
2417 4376 2853 4448 κεκαλυμμένος,
2885 4375 3120 4446 κειρίαις
3147 4375 3248 4438 τὰς
3284 4374 3469 4446 βάσεις
3511 4374 3801 4443 πεπεδημέο

2238 4487 2346 4534 νος,
2374 4469 2472 4541 ἤδη
2504 4472 2575 4540 τῇ
2618 4468 2793 4539 κράνῃ
2829 4465 3118 4539 δεδορκὼς,
3147 4468 3242 4521 καὶ⁵
3268 4467 3345 4538 τῷ
3395 4468 3622 4539 στόματι
3662 4484 3800 4535 σεση-

2241 4561 2319 4636 ρῷ
2344 4561 2421 4632 (9)
2453 4561 2773 4632 διεφθορὼς,
2801 4560 2899 4631 τὴν
2942 4558 3189 4628 γλῶτταν
3227 4561 3320 4613 καὶ
3361 4559 3461 4625 τὰς
3486 4561 3636 4629 ὄψεις
3672 4561 3797 4627 διερ·

2240 4653 2480 4726 ρευκιιῖις⁹
2517 4653 2637 4718 πῶς
2674 4657 2740 4725 τῇ
2773 4655 2924 4724 φωνῇ
2958 4651 3053 4705 τοῦ
3083 4652 3427 4724 Δημιουργοῦ
3475 4654 3796 4724 πορῥινθενή

2237 4747 2386 4820 ψυχὴ
2420 4747 2659 4813 ἕλκεται,
2689 4746 2786 4801 καὶ
2817 4745 2895 4816 τῷ
2928 4745 3308 4814 ἀπολειφθέντι
3335 4744 3535 4800 ἐνίεται
3573 4745 3792 4815 arbusta;

2239 4840 2357 4904 πῶς
2392 4838 2841 4910 συνειλημμένων
2870 4837 2981 4891 τῶν
3017 4837 3246 4907 βάσεων,
3275 4836 3458 4907 πηδῶν
3495 4836 3592 4889 τοῦ
3623 4838 3794 4902 τάσσων

2238 4931 2557 5004 ὲξεκρούετο
2609 4929 2892 5000 ἀλώὸητος
2940 4930 3036 4984 καὶ
3072 4929 3361 5001 ἀνελλιπὴς
3409 4928 3698 4999 ὁρώμενος,
3740 4929 3791 4993 τῇ

2236 5029 2387 5097 φωνῇ
2429 5025 2525 5079 τοῦ
2570 5025 2744 5092 Λόγου
2791 5022 3296 5095 ὲπιρῤωννύμενος,
3332 5025 3425 5078 καὶ
3458 5023 3637 5094 βοηθῷ
3681 5021 3795 5090 πρὸς

2237 5118 2338 5190 τὴν
2395 5117 2573 5185 ἔξοδον
2625 5115 2906 5189 χρώμενος
2934 5115 3084 5183 (ίθὶς
3141 5116 3300 5168 Δοκεῖ
3355 5113 3413 5167 δέ
3469 5132 3564 5184 μοι
3606 5115 3691 5166 καὶ
3730 5111 3793 5177 τῷ

2240 5207 2457 5277 θανάτῳ
2489 5206 2884 5260 ὑπονύττεσθαι
2919 5204 3056 5274 πρὸς
3102 5204 3202 5275 τὴν
3230 5204 3519 5274 ὠκυτάτην
3574 5205 3787 5273 ἔγερσιν.

2243 5299 2440 5369 μήπως
2462 5301 2528 5368 ’τῇ
2562 5297 2812 5369 μελλήσει
2833 5295 3092 5367 δευτέρας
3120 5297 3415 5365 γενομένης
3441 5296 3503 5348 ὲκ
3524 5293 3618 5346 τοῦ
3642 5293 3788 5357 Λόγου

2241 5392 2448 5462 φωνῆς,
2468 5393 2674 5455 πάντας
2699 5391 2909 5463 ἀθρόως
2933 5391 3182 5464 ἀπολύσῃ
3202 5391 3319 5442 ἐκεῖ
3339 5389 3624 5452 τελοῦντας
3640 5405 3655 5419 ο
3678 5389 3790 5453 ὅπερ

2373 5532 2418 5564 ²⁰
2445 5530 2606 5588 Joan.
2641 5545 2799 5595 xvur,
2827 5529 2881 5584 4.
2960 5529 3004 5561 ἰ
3039 5527 3173 5585 Luc.
3207 5543 3267 5594 ιι,
3297 5528 3387 5593 ιο,
3417 5527 3506 5584 52.
3582 5528 3623 5559 ι’
3649 5523 3784 5580 Joan.

2247 5747 2338 5794 tur
2378 5737 2523 5794 enim
2543 5736 2756 5808 ,_modo
2788 5737 3146 5808 explicativog.
3179 5741 3602 5808 circumstantiae
3625 5743 3785 5808 resur-

2246 5810 2508 5865 rectionis
2534 5806 2772 5880 Lazari,
2824 5803 3057 5880 quarum
3104 5806 3322 5866 Judaos
3355 5807 3629 5880 μάρτυρας
3656 5803 3785 5869 72v:-

2252 5880 2374 5936 σθαι
2403 5879 2573 5935 voluit
2603 5878 2879 5937 Christus.
2923 5879 3001 5936 ID.
