3814 6528
68 419 156 475 393
1465 400 1810 460 DIALOCUS
1844 403 1885 457 Ι.

66 535 143 591 καὶ
174 529 302 602 μετὰ
343 528 403 596 ἓξ
449 526 661 599 ἡμέρας
707 524 972 579 πέπονθεν
1011 526 1038 577 ὁ
1085 522 1331 587 δείλαιος,
1360 523 1454 577 τοῦ
1500 542 1613 593 φω-

63 622 253 684 νοῦντος
282 620 419 691 πρὸς
466 614 801 682 παλινζωΐαν
832 618 957 679 τοὺς
998 617 1245 686 νεκροὺς,
1274 615 1411 686 πρὸς
1451 615 1615 668 αὐτὸν

61 710 414 785 φοιτήσαντος,
439 707 584 761 κατὰ
603 705 700 777 τὴν
727 705 1063 775 προφητείαν
1092 704 1230 769 Ἰὼϐ,
1257 704 1348 757 καὶ
1371 704 1612 766 Ἡσαΐου,

59 804 146 859 τῶν
191 799 509 863 θεσπεσίων,
550 798 658 870 πρὸ
691 796 875 865 χιλίων
921 795 1022 865 ἢδη
1074 796 1279 865 χρόνων
1319 794 1614 866 διαρρήδην

60 892 304 967 βοώντων,
334 889 431 942 τοῦ
468 889 598 959 μέν·
638 881 861 950 Ἦλθες
896 884 993 937 ἐπὶ
1029 883 1137 952 τῆς
1178 882 1515 950 θαλάσσης,
1544 884 1614 937 ἐν

55 988 98 1042 δ’
148 985 385 1053 ἴχνεσιν
434 983 710 1036 ἀϐύσσου
761 976 1236 1046 περιεπάτησιις,
1272 976 1614 1046 ἀνοίγονται

53 1093 138 1134 σοι
160 1076 318 1143 φόϐῳ
347 1075 535 1127 πύλαι
560 1070 847 1128 θανάτου·
882 1069 1146 1136 πυλωροὶ
1176 1067 1245 1120 δὲ
1269 1068 1417 1135 ᾅδου
1454 1068 1614 1121 ἰδόν-

53 1187 139 1234 τες
185 1180 256 1218 σε
306 1164 596 1231 ἔπτηξαν.
656 1158 968 1229 Συμφὼνως
1024 1158 1079 1211 δὲ
1129 1157 1338 1221 τούτοις
1386 1160 1415 1212 ό
1472 1158 1614 1223 θεῖος

57 1256 219 1320 Δαΰιδ,
241 1257 269 1309 ὁ
306 1255 416 1308 τῶν
450 1254 607 1307 θείων
637 1251 871 1323 μελῳδός
891 1268 904 1282 ’
948 1251 1173 1320 ’ᾼσατε
1213 1250 1293 1316 τῷ
1318 1248 1461 1315 Θεῷ,
1500 1250 1610 1319 ψά.

60 1357 185 1407 ,κατε
217 1346 297 1412 τῷ
330 1346 574 1415 ὀνόματι
618 1344 805 1397 αὐτοῦ
825 1361 839 1373 υ
875 1340 1275 1408 ὁδοποιήσατε
1313 1341 1392 1407 τῷ
1420 1342 1612 1395 ἐπιϐε-

62 1440 242 1509 ϐηκότι
271 1436 368 1491 ἐπὶ
408 1434 683 1504 δυσμῶν·
711 1435 926 1502 Κύριος
993 1432 1181 1502 ὄνομα
1220 1432 1425 1487 αὑτοῦ.
1464 1433 1609 1486 Ὀδο-

62 1533 213 1587 ποιεῖν
240 1530 293 1585 δὲ
333 1529 556 1592 ἑαυτοὺς
581 1525 660 1598 τῷ
688 1526 880 1598 Κυρίῳ
923 1524 1309 1595 παιδευόμεθα,
1346 1526 1440 1579 καὶ
1469 1528 1611 1578 οἱκο-

58 1626 213 1677 ποιεῖν
248 1620 313 1673 δι’
344 1619 599 1690 ἐναρέτου
628 1617 923 1680 πολιτείας,
960 1614 1020 1668 τὸ
1055 1614 1206 1668 Θεῖον
1237 1614 1607 1685 ὲπιδρύμενοι,

60 1712 179 1784 μονὴ
207 1712 299 1764 καὶ
329 1710 456 1773 ναὸς
500 1706 663 1762 αὑτοῦ
703 1707 995 1778 γινόμενοι,
1042 1705 1222 1770 καθὼς
1262 1707 1318 1758 ἐν
1366 1706 1608 1774 Εὐαγγε-

56 1807 193 1866 λίοις,
238 1804 327 1855 καὶ
374 1804 429 1853 ὲν
473 1800 669 1869 Παύλῳ
708 1798 1017 1869 θεηγορῶν,
1059 1798 1219 1862 αὐτὸς
1266 1798 1603 1868 ἀπεφήνατο.

54 1898 229 1966 Δυσμῇ
261 1894 315 1946 δὲ
342 1897 545 1947 νοεῖται
571 1894 604 1962 ἡ
644 1890 885 1961 ἡμετέρα
921 1889 1102 1959 φύσις,
1137 1889 1232 1943 καὶ
1262 1890 1322 1943 τὸ
1350 1889 1606 1942 ἐπίπονον

51 1986 134 2041 τοῦ
160 1986 362 2055 κόσμου
389 1983 589 2054 χωρίον
618 1983 737 2042 ταῖς
764 1979 974 2049 ἡδοναῖς
1017 1979 1124 2033 τῶν
1164 1979 1350 2033 παθῶν
1391 1975 1608 2043 σκιαζό-

54 2095 222 2151 μενον.
261 2076 479 2129 Νοεῖται
507 2074 563 2126 δὲ
611 2074 705 2126 καὶ
733 2074 761 2125 ὁ
793 2071 942 2143 ᾃδης.
979 2071 1067 2124 Ἔν
1093 2065 1174 2134 οἷς
1213 2070 1274 2123 τὸ
1314 2070 1474 2125 eam
1512 2069 1608 2122 καὶ

48 2175 228 2228 ἄσκιον
265 2169 378 2238 φῶς
429 2166 804 2236 ὲναστράψαν,
840 2165 1017 2218 πάντα
1069 2164 1207 2236 πρὸς
1249 2164 1309 2217 τὸ
1363 2166 1607 2235 κρεῖττον

50 2260 509 2336 μετεστοιχείωσε,
544 2259 643 2330 τὴν
682 2258 842 2325 φύσιν
884 2254 1221 2319 ἀνεκαίνισε,
1265 2254 1356 2306 τὸν
1407 2254 1608 2324 κόσμον

50 2354 356 2425 φαιδρύνας,
390 2351 481 2405 τὸν
504 2351 637 2422 ᾅδην
661 2347 959 2411 σκυλεύσας
990 2346 1124 2418 πρὸς
1151 2346 1483 2418 ἡμερότητα,
1516 2345 1610 2398 καὶ

44 2446 141 2497 τῶν
168 2441 504 2512 ἐνεχομένων
534 2438 818 2492 ἀπόλυσιν.
849 2435 961 2489 Καὶ
990 2433 1061 2487 τὰ
1103 2434 1199 2505 μὲν
1224 2434 1288 2486 ὲκ
1315 2433 1408 2485 τοῦ
1447 2432 1611 2484 Δαόὶδ

46 2534 294 2607 ἀμυδρῶς
350 2548 437 2603 μοι
490 2528 669 2593 ἐδοξε’
721 2528 788 2581 τὰ
825 2527 882 2580 δὲ
925 2525 1016 2579 τοῦ
1057 2523 1198 2589 Ἰὼϐ,
1235 2525 1328 2577 καὶ
1389 2523 1608 2577 Ἡσαΐου

50 2629 158 2698 μετ’
182 2626 247 2678 οὐ
296 2624 429 2676 πολὺ
473 2620 845 2689 ἀποδώσομεν,
875 2617 962 2671 διὰ
994 2617 1055 2670 τὸ
1104 2616 1276 2686 βραχὺ
1319 2619 1418 2687 τῆς
1461 2614 1610 2686 ὥρας

46 2715 130 2768 νῦν
174 2711 613 2784 ὑπερτιθέμενοι.
666 2709 869 2777 Ἀμφω
921 2706 979 2759 δὲ
1030 2705 1091 2758 τὸ
1135 2705 1345 2775 μέλλον,
1378 2706 1453 2767 ὼς
1508 2704 1608 2774 ἤδη

42 2806 299 2877 πραχθὲν.
323 2803 612 2873 ἐξεόόησαν
642 2800 944 2872 ἀραρότως,
965 2798 1062 2870 τὴν
1089 2797 1310 2852 ἔκϐασιν
1331 2796 1430 2866 τῆς
1462 2793 1611 2863 σφῶν

43 2898 391 2969 προρρήσεως
412 2893 790 2963 ἐπιστάμενοι.
807 2889 1176 2959 Οἰκονομικῶς
1202 2888 1376 2941 τοίνυν
1400 2887 1613 2954 ἀγνοεῖν

42 2988 363 3059 ὑπεκρίνετο
385 2986 576 3056 πάσης
600 2984 715 3053 ἅμα
743 2981 973 3044 κτίσεως
1001 2978 1283 3049 γινώσκων
1304 2976 1609 3047 ἀπόρρητα,

39 3084 118 3136 διὰ
141 3082 238 3151 τῆς
271 3077 517 3139 πεύσεως
548 3074 749 3144 πλῆθος
773 3072 1159 3144 συνεγερθῆναι
1185 3070 1323 3141 πρὸς
1347 3069 1443 3140 τὴν
1473 3068 1607 3122 ὑπό-

42 3174 228 3239 δειξιν,
252 3172 350 3224 καὶ
380 3169 535 3240 παρά
572 3167 677 3221 τῶν
711 3166 919 3237 ὲχθρῶν
963 3164 1371 3237 μαρτυρηθῆναι
1409 3161 1607 3232 μᾶλλον

36 3268 89 3317 τὸ
122 3261 449 3335 παράδοξον.

3185 403 3289 460 ενι

1718 521 1847 574 item
1878 518 2187 574 convolutis
2231 518 2461 588 pedibus
2490 518 2747 575 exsiliens
2781 519 3052 589 sepulcro,
3101 535 3290 591 egres-

1715 626 1812 665 sus
1833 616 2000 673 esset,
2044 608 2174 662 dum
2215 609 2416 663 illaasus
2443 618 2498 662 et
2530 609 2676 663 nulla
2707 611 2951 680 corporis
2980 619 3130 681 parte
3164 627 3288 665 mu-

1715 702 1907 756 tilatus
1951 702 2219 763 cernitur,
2268 714 2365 770 per
2418 715 2607 755 vocem
2661 699 2824 757 Verbi
2861 703 3282 770 corroboratus,

1714 808 1888 863 eoque
1923 792 1990 845 ad
2019 807 2301 862 egressum
2334 792 2658 846 auxiliatore
2691 794 2871 849 usus?
2918 791 3146 849 Videtur
3182 809 3283 848 au-

1714 895 1822 939 tem
1882 883 2039 949 mihi,
2105 883 2279 952 ipsam
2331 895 2549 952 quoque
2599 890 2828 937 mortem
2881 883 3286 953 quodammodo

1717 975 2050 1030 commoveri
2074 974 2141 1028 ad
2172 974 2571 1030 velocissimam
2593 973 2756 1029 istam
2783 976 3185 1043 excitationem,
3214 989 3286 1031 ne

1720 1068 1940 1137 quando
1972 1081 2068 1136 per
2095 1064 2496 1121 cunctationem
2526 1065 2696 1119 altera
2727 1080 2857 1120 voce
2888 1063 3048 1120 Verbi
3073 1067 3280 1133 audita,

1714 1174 1844 1213 mox
1876 1159 2166 1214 universos
2188 1157 2330 1228 apud
2356 1174 2415 1214 se
2442 1158 2699 1228 degentes
2724 1159 2937 1213 solvere
2956 1166 3277 1227 cogeretur:

1717 1250 1878 1320 quale
1909 1248 2167 1319 quiddam
2199 1258 2322 1319 post
2357 1264 2450 1305 sex
2486 1250 2603 1304 dies
2649 1249 2850 1304 accidit
2894 1248 3120 1315 infelici,
3156 1264 3279 1304 cum

1712 1344 1759 1399 is
1789 1344 1882 1414 qui
1914 1344 1981 1396 ad
2002 1343 2438 1399 reviviscendum
2462 1353 2621 1399 vocat
2650 1356 2916 1408 mortuos,
2950 1344 3019 1399 ad
3050 1353 3278 1400 mortem

1711 1434 2015 1497 accederet,
2039 1436 2338 1490 secundum
2364 1435 2673 1490 divinorum
2701 1445 2882 1490 vatum
2907 1435 3027 1491 Jobi
3050 1444 3105 1491 et
3129 1436 3282 1492 Isaiae

1714 1525 2077 1596 prOphetiam,
2133 1534 2259 1581 ante
2302 1527 2451 1581 mille
2495 1542 2669 1583 annos
2723 1527 2996 1582 luculente
3041 1529 3286 1582 claman-

1711 1616 1842 1669 tium
1876 1635 1888 1669 :
1921 1614 2193 1683 Ingressus
2239 1634 2293 1671 es
2341 1633 2504 1679 mare,
2529 1626 2579 1670 et
2625 1617 2910 1672 ambulasti
2957 1619 3011 1671 in
3050 1619 3279 1688 vestigiis

1710 1704 1923 1775 abyssi;
1975 1707 2283 1774 aperiuntur
2332 1705 2425 1759 tibi
2466 1721 2583 1758 cum
2627 1714 2821 1759 terrore
2860 1715 3025 1772 porta:
3068 1710 3275 1763 mortis.

1711 1793 1967 1850 Custodes
2008 1797 2194 1866 janua:
2253 1798 2364 1849 orci
2422 1810 2469 1850 te
2530 1794 2755 1851 videntes
2805 1798 3186 1851 exhorruerunt
3209 1800 3274 1852 ".

1710 1885 1808 1940 "is
1843 1895 2025 1941 autem
2050 1888 2397 1943 consentiens
2420 1887 2727 1941 divinorum
2759 1888 3063 1941 carminum
3088 1896 3281 1942 auctor

1713 1979 1943 2035 bavides
2000 1979 2175 2048 inquit
2209 1998 2222 2033 :
2256 1977 2479 2033 Cantate
2533 1978 2663 2044 Deo,
2725 1979 2933 2045 psallite
2978 1981 3140 2046 ipsius
3184 1996 3280 2034 uo-

1711 2074 1860 2135 mini,
1905 2072 2043 2125 viam
2091 2081 2275 2139 parate
2305 2073 2374 2137 ei,
2414 2074 2502 2142 qui
2545 2072 2837 2141 ingreditur
2880 2071 2948 2124 ad
2988 2088 3229 2127 occasum
3259 2087 3282 2126 :

1711 2162 1969 2217 Dominus
2025 2178 2211 2216 nomen
2258 2164 2306 2217 ei
2329 2163 2393 2216 ³⁸.
2422 2161 2578 2215 Viam
2612 2171 2791 2217 autem
2840 2178 2942 2217 nos
2990 2162 3138 2233 ipsos
3183 2163 3283 2217 Do-

1713 2256 1865 2309 mino
1891 2272 2087 2326 parare
2120 2256 2405 2323 docemur,
2446 2255 2777 2326 domumque
2810 2255 2986 2312 facere
3032 2273 3128 2327 per
3153 2272 3283 2313 san-

1711 2354 1854 2401 ctam
1905 2346 2123 2401 vivendi
2174 2345 2468 2409 rationem,
2515 2344 2724 2399 Numen
2767 2345 2835 2400 ad
2886 2361 2983 2401 nos
3019 2346 3167 2401 velut
3216 2348 3272 2402 in

1713 2438 2015 2493 sacrarium
2066 2436 2417 2505 recipientes,
2465 2437 2679 2491 mansio
2708 2446 2762 2492 et
2804 2438 3063 2508 templum
3101 2438 3275 2508 ipsius

1714 2529 1863 2595 facti,
1899 2538 1957 2584 ut
2005 2530 2061 2584 in
2107 2528 2400 2599 Evangelio
2428 2530 2473 2561 ³⁷
2513 2536 2566 2583 et
2604 2528 2774 2584 Paulo
2797 2529 2843 2561 ⁸⁸
2870 2529 3131 2585 divinitus
3161 2532 3281 2601 ipse

1712 2620 1915 2675 docuit.
1956 2620 2021 2673 Et
2050 2621 2278 2691 inlelligi
2320 2636 2418 2691 per
2450 2635 2704 2675 occasum
2738 2630 2913 2691 potest
2955 2630 3151 2676 natura
3182 2636 3283 2678 no-

1713 2720 1849 2776 stra,
1885 2719 1937 2766 et
1975 2728 2285 2766 aerumnosa
2326 2712 2488 2781 hujus
2518 2711 2705 2766 mundi
2750 2711 2922 2781 regio,
2959 2728 3081 2782 qua:
3129 2713 3284 2767 vitio-

1713 2816 1832 2855 rum
1874 2800 2243 2871 voluptatibus
2282 2800 2660 2854 obumbratur.
2710 2798 2939 2867 Intelligi
2982 2799 3146 2852 etiam
3180 2813 3277 2867 po-

1713 2901 1818 2949 test
1867 2907 2053 2948 orcus.
2107 2893 2286 2962 Atque
2328 2891 2386 2945 in
2424 2891 2509 2945 bis
2560 2890 2937 2944 immaterialis
2984 2896 3038 2943 et
3081 2890 3278 2943 umbra

1712 2997 1908 3037 carens
1956 2983 2049 3036 illa
2081 2983 2171 3037 lux
2213 2981 2504 3045 irradians,
2555 2979 2736 3035 omnia
2769 2980 3046 3034 meliorem
3078 2979 3133 3033 in
3172 2986 3285 3033 sta-

1716 3082 1828 3126 tum
1869 3072 2078 3144 redegit
2115 3080 2169 3127 et
2212 3070 2646 3127 transformavit.
2700 3070 2962 3123 Naturam
3012 3070 3287 3140 reparavit

1718 3167 1925 3221 mundo
1960 3168 2254 3230 illustrato,
2276 3174 2329 3220 et
2356 3181 2486 3220 orco
2515 3165 2768 3234 spoliato,
2793 3179 2901 3232 quo
2930 3162 3200 3227 mitescat,
3233 3170 3287 3216 et

1712 3256 1960 3311 detentos
1988 3256 2128 3327 apud
2161 3271 2220 3311 se
2263 3255 2517 3309 dimittat.
2563 3255 2740 3324 Atque
2781 3253 2882 3307 hoc
2916 3253 3131 3323 quidem
3180 3252 3284 3307 ali-

33 3373 135 3425 quo
195 3353 362 3409 modo
414 3361 556 3407 tecte
608 3350 739 3404 mihi
803 3348 1017 3403 videtur
1075 3347 1226 3402 innui
1285 3361 1315 3400 a
1361 3344 1582 3401 Davide.
1637 3345 1813 3402 Verba
1870 3356 2049 3403 autem
2098 3347 2221 3402 Jobi
2259 3354 2312 3401 et
2356 3345 2509 3402 Isaia:
2544 3348 2686 3404 haud
2745 3349 2914 3403 multo
2963 3356 3083 3418 post
3116 3348 3288 3417 expli-

33 3453 302 3513 cabimus,
347 3464 493 3501 nunc
548 3452 770 3516 propter
823 3440 1131 3510 angustiam
1168 3436 1427 3507 temporis
1486 3451 1549 3491 ea
1615 3436 1945 3493 differentes.
2001 3436 2238 3509 Uterque
2295 3446 2474 3492 autem
2536 3438 2590 3493 id
2636 3439 2776 3511 quod
2838 3439 3078 3494 futurum
3134 3448 3281 3504 erat,

30 3545 177 3615 quasi
236 3545 354 3613 jam
394 3541 594 3595 factum
635 3536 1125 3609 pronuntiaverunt
1164 3533 1376 3586 ratione
1427 3533 1820 3598 conveniente,
1864 3543 2121 3605 tanquam
2166 3534 2299 3589 certi
2363 3534 2432 3588 de
2480 3532 2723 3589 vaticinii
2781 3532 2866 3587 sui
2914 3541 3129 3587 eventu.
3184 3531 3289 3586 8c-

28 3637 269 3691 cundum
326 3634 785 3705 dispensationem
846 3631 1012 3702 igitur
1072 3631 1324 3700 ignorare
1371 3645 1431 3684 se
1477 3630 1790 3696 simulavit,
1869 3634 1961 3702 qui
2010 3620 2189 3688 omnis
2253 3634 2305 3686 in
2355 3635 2667 3687 universum
2708 3642 2967 3686 creatura:
3011 3630 3290 3700 cognoscit

26 3746 247 3793 arcana,
287 3737 347 3782 ut
390 3744 485 3799 per
530 3726 1010 3795 interrogationem
1057 3724 1214 3779 turba
1282 3724 1613 3779 excitaretur
1647 3724 1712 3778 ad
1754 3724 2174 3780 monstrandum
2244 3725 2531 3791 Lazarum,
2566 3730 2618 3784 et
2657 3736 2715 3784 ut
2779 3730 2848 3784 ab
2877 3728 3011 3799 ipsis
3047 3726 3289 3781 inimicis

26 3832 175 3876 tanto
201 3818 383 3891 magis
436 3819 804 3873 testiinonium
848 3815 1174 3887 prodigiosae
1209 3817 1286 3871 rei
1344 3815 1743 3886 perhiberetur.

610 3978 858 4031 ΠΕΥΣΙΣ
894 3976 1019 4030 AA'.

86 4116 295 4179 Καλῶς
332 4115 422 4167 τὸν
462 4114 589 4185 περὶ
619 4113 871 4184 Λαζάρου
909 4111 1241 4175 ἀκούσαντες
1284 4109 1463 4179 λόγον,
1493 4110 1608 4165 δεό-

25 4209 159 4279 μεθα
202 4209 359 4278 ὑπὲρ
392 4207 491 4277 τῆς
534 4205 931 4277 αἱμοῤῥοούσης
971 4204 1227 4272 γυναικὸς
1251 4243 1267 4267 ,
1306 4205 1369 4255 ὲκ
1404 4204 1606 4275 ταύτης

25 4316 291 4372 τεκμαιρο
302 4299 480 4370 μένων
514 4300 639 4370 περὶ
680 4297 788 4351 τῶν
816 4296 1020 4350 λοιπῶν
1051 4296 1144 4350 τοῦ
1187 4297 1441 4369 Σωτῆρος
1481 4298 1602 4350 ὲπεο

25 4393 342 4461 ρωτήσεων.
556 4394 560 4401 ’

653 4523 1004 4592 Ἀπόκρισις.

80 4635 197 4689 Καὶ
224 4636 296 4688 ὲκ
324 4632 531 4703 ταύτης
556 4632 944 4703 παιδευόμεθα,
978 4628 1095 4686 ἴσον
1121 4632 1210 4686 τὸν
1237 4634 1407 4686 Παῖδα
1435 4633 1608 4704 ὑπάρ-

25 4745 123 4798 [ειν
162 4726 248 4797 τῷ
282 4723 411 4795 Θεῷ
452 4725 545 4778 καὶ
586 4724 781 4795 Πατρὶ,
812 4723 906 4777 καὶ
938 4724 1040 4777 οὐκ
1073 4724 1285 4795 ἀγνοίᾳ,
1316 4724 1428 4776 ἀλλ’
1463 4726 1607 4778 οξκο-

25 4822 193 4891 νομίᾳ,
228 4821 363 4873 κατ’
419 4821 646 4882 ἐκεῖνον,
678 4817 1003 4887 πυθόμενον.
1048 4816 1184 4887 Φησὶ
1223 4817 1330 4889 γὰρ
1360 4816 1435 4887 τῷ
1461 4834 1608 4887 πρω-

25 4911 220 4981 τοφόνῳ
251 4907 426 4970 Καῖν,
464 4907 732 4978 βασκανίᾳ
756 4906 847 4959 τὸν
873 4906 1097 4976 ἀδελφὸν
1119 4907 1391 4960 κτείναντι
1426 4908 1516 4960 ἐπὶ
1539 4909 1605 4978 τῇ

25 5001 362 5070 προτιμήσει
407 4997 514 5051 τῶν
559 4996 767 5067 δώρων,
802 4995 1222 5066 ὲνδομυχοῦντος
1258 4996 1349 5050 τοῦ
1388 4998 1605 5065 φθόνου,

25 5093 97 5143 ταὶ
132 5090 421 5161 θήγοντος
446 5088 540 5141 τοῦ
565 5089 725 5156 φόνου
762 5088 821 5140 τὸ
862 5088 1168 5156 φάσγανον⁹
1203 5087 1327 5141 Ποῦ
1359 5087 1541 5143 Ἀϐελ
1576 5092 1608 5142 ὁ

25 5184 286 5252 ίδελρός
332 5194 453 5234 σου
472 5198 490 5244 ;
547 5181 644 5232 οὐκ
674 5179 903 5247 ἀγνοῶν,
942 5179 1076 5232 ἀλλὰ
1106 5179 1293 5249 καιρὸν
1321 5181 1608 5250 μετανοίας

26 5276 300 5345 ιιαιφόνῳ
340 5271 640 5344 μνώμενος.
667 5271 725 5324 Ὀ
741 5270 817 5334 δὲ,
836 5273 915 5334 είς
934 5271 1192 5324 ἀπόνοιαν
1218 5272 1604 5345 χωρήσας,Μὴ

25 5365 218 5429 ῖύλίιξ
252 5364 375 5417 τοῦ
404 5362 671 5430 ἀδελφοῦ
703 5380 821 5430 μου
849 5361 965 5430 εἰμὶ
992 5362 1104 5431 ἐγώ
1122 5378 1141 5425 ;
1159 5364 1341 5433 φησίν.
1360 5360 1526 5427 Αὖθις
1551 5364 1607 5417 δὲ

25 5459 142 5529 ερὸς
180 5455 367 5511 αὐτὸν
401 5456 434 5525 ή
469 5455 586 5507 θεία
619 5453 769 5524 φωνὴ
803 5454 1120 5523 ἐλέγχουσα,
1155 5455 1327 5523 Φωνὴ
1359 5457 1608 5525 αἵματος

26 5548 108 5601 ὀὗ
136 5543 434 5613 ἀδελφοῦ
461 5557 576 5597 σου
596 5542 719 5609 ,βοᾷ
744 5545 894 5611 πρός
911 5561 988 5612 με
1005 5561 1016 5572 ·
1043 5543 1102 5608 ἐξ
1126 5538 1202 5597 ὧν
1228 5546 1481 5615 δηλοῦται
1510 5547 1608 5599 οὐκ

25 5639 226 5711 ιγνοὶᾳ,
266 5634 419 5692 ἀλλὰ
449 5634 826 5707 φιλανθρωπίᾳ
857 5636 957 5707 τὴν
989 5636 1179 5690 πεῦσιν
1209 5637 1313 5690 ὑπὸ
1342 5638 1438 5691 τοῦ
1472 5640 1606 5693 Θεοῦ

72 5836 120 5869 ’⁸
169 5833 287 5891 Job
336 5849 571 5892 xxxvm.
606 5834 689 5897 i6,
724 5836 817 5898 l7;
854 5835 954 5889 lsa.
994 5852 1102 5898 XIV,
1131 5837 1184 5893 9.

27 5908 221 5963 ’Gcn.
276 5921 359 5969 iv,
399 5904 479 6007 9.‘
527 5907 570 5937 ³⁸
596 5906 728 5961 ibid.
807 5908 847 5938 "
886 5906 1014 5960 ibid.
1052 5908 1135 5963 10.

1284 5842 1328 5873 ³⁸
1362 5841 1504 5898 Psal.
1551 5859 1717 5911 uvu,
1758 5845 1809 5900 5.

2126 3977 2644 4035 INTERROGATIO
2681 3980 2873 4034 XXXI.

1782 4112 1926 4168 Satis
1950 4113 2088 4169 bene
2121 4113 2225 4168 hac
2270 4113 2337 4169 de
2381 4113 2589 4169 Lazaro
2620 4115 2832 4169 ratione
2879 4121 3153 4185 percepta,
3188 4128 3280 4168 ro-

1708 4220 1901 4275 gamus
1936 4206 2005 4260 de
2035 4206 2263 4261 muliere
2290 4206 2576 4276 sanguinis
2606 4206 2870 4277 proﬂuvio
2896 4206 3179 4261 laborante
3216 4215 3275 4258 ut
3305 4186 3313 4197 ’

1723 4295 1985 4361 disseras,
2019 4307 2076 4351 ut
2112 4312 2175 4352 ex
2212 4295 2312 4350 hac
2334 4297 2700 4365 conjecturam
2736 4297 3000 4353 faciamus
3031 4298 3193 4352 etiam
3219 4296 3286 4351 de

1712 4389 1925 4444 caeteris
1948 4390 2462 4461 interrogationibus
2495 4390 2825 4446 Servatoris.

2350 4520 2651 4589 Responsio.

1782 4636 1886 4693 Per
1914 4638 2053 4691 hanc
2078 4652 2291 4707 quoque
2320 4636 2601 4701 docemur,
2631 4636 2890 4705 :rqualcm
2928 4633 3123 4690 Filium
3156 4651 3280 4691 esse

1715 4729 1823 4784 Deo
1850 4738 1904 4784 et
1943 4728 2112 4795 Patri,
2145 4745 2245 4783 nec
2274 4729 2345 4783 ob
2379 4729 2801 4797 ignorationem,
2832 4726 2925 4783 sed
2956 4744 3023 4781 ex
3051 4728 3276 4797 dispen-

1714 4822 1926 4875 satione
1969 4830 2231 4890 certoquc
2263 4821 2516 4882 consilio,
2555 4818 2768 4873 Patrem
2814 4819 3098 4883 imitando,
3136 4834 3282 4886 qua?-

1702 4927 1842 4967 rere.
1895 4911 2079 4981 lnquit
2109 4913 2251 4967 enim
2290 4912 2336 4964 is
2379 4910 2445 4964 ad
2500 4911 2733 4979 primum
2786 4910 3113 4963 homicidam
3150 4909 3275 4962 Cai-

1703 5021 1855 5067 num,
1890 5003 1980 5072 qui
2018 5018 2113 5072 per
2151 5002 2406 5055 invidiam
2438 5002 2711 5055 interemit
2745 5000 2989 5067 fratrem,
3033 5010 3279 5071 propter-

1701 5109 1763 5148 ea
1809 5092 1954 5163 quod
1995 5094 2139 5149 illius
2173 5092 2313 5146 dona
2357 5093 2575 5161 praelata
2603 5101 2822 5155 essent,
2858 5092 2972 5161 jam
3010 5092 3157 5145 intus
3198 5094 3277 5144 la-

1705 5196 1851 5240 tente
1883 5185 2109 5249 invidia,
2149 5196 2200 5239 et
2230 5183 2467 5255 gladium
2494 5183 2658 5238 caedis
2690 5193 2985 5239 cxacuente
3013 5204 3024 5238 :
3065 5183 3161 5238 Ubi
3197 5197 3275 5238 est

1706 5277 1896 5330 Abelus
1928 5275 2095 5344 frater
2140 5285 2259 5328 tuus
2284 5274 2368 5330 "?
2416 5273 2533 5328 Non
2570 5276 2848 5342 ignorans,
2900 5274 2993 5327 scd
3051 5283 3278 5328 cruento

1705 5366 1997 5420 homicidae
2032 5365 2375 5420 occasionem
2410 5366 2744 5435 poenitentiae
2795 5381 3111 5436 suggerens.
3159 5368 3278 5436 ipse

1705 5472 1834 5511 vero
1862 5456 1915 5510 in
1954 5456 2243 5508 amentiam
2282 5471 2473 5509 versus
2504 5474 2515 5509 :
2552 5455 2693 5508 Num
2725 5467 2899 5510 custos
2928 5473 3041 5526 ego,
3076 5458 3272 5526 inquit.

1707 5550 1893 5618 fratris
1942 5549 2042 5601 mei
2092 5548 2310 5601 sum”?
2348 5546 2666 5617 Rursusque
2711 5549 2887 5618 ipsum
2943 5550 3123 5603 divina
3174 5568 3273 5604 vox

1707 5639 2042 5709 redarguens
2103 5638 2281 5708 inquit
2305 5638 2389 5693 “z
2475 5637 2588 5693 Vox
2636 5640 2910 5709 sanguinis
2957 5639 3144 5708 fratris
3197 5642 3274 5693 tui

1917 5847 1959 5876 ³⁷
1983 5844 2138 5899 Joan.
2182 5859 2289 5911 xiv,
2327 5842 2419 5899 25.
2528 5842 2575 5875 ’⁸
2613 5839 2632 5895 l
2668 5841 2795 5898 Cor.
2826 5856 2907 5908 ιιι,
2938 5838 3033 5909 16,
3067 5854 3140 5903 γι,
3180 5836 3263 5891 16.
