3818 6524
448 410 556 466 895

449 529 646 580 clamat
682 523 752 578 ad
787 540 889 579 me.
931 522 1007 578 Ex
1047 523 1247 594 quibus
1287 522 1636 578 manifestum
1675 521 1754 587 fit,
1800 537 1911 577 non
1961 537 2029 575 ex

453 616 790 689 ignorantia,
825 614 921 670 sed
955 631 1022 671 ex
1055 631 1244 670 amore
1277 628 1330 670 et
1368 614 1608 669 bonitate
1633 629 1741 684 qua
1769 627 1897 681 erga
1927 613 2028 666 ho-

456 708 657 763 minem
691 706 950 777 praeditus
973 714 1081 771 est,
1120 707 1603 777 interrogationem
1633 720 1663 758 a
1693 704 1802 759 Deo
1842 712 1898 759 et
1937 703 2040 758 Pa-

451 804 542 852 tre
569 796 636 852 ad
679 797 957 852 crudelem
1009 797 1346 852 homicidam
1387 797 1696 852 institutam
1733 793 1926 851 fuisse.
1957 795 2038 848 Διὶ

455 890 708 944 eumdem
742 888 910 958 igitur
939 889 1161 944 modum
1193 890 1455 956 etFilius,
1496 903 1604 942 non
1633 888 1778 958 quod
1823 888 2042 957 ignbra-

458 987 562 1046 ret,
600 980 697 1036 sed
748 980 874 1036 ideo
900 980 1278 1051 interrogavit.
1326 995 1395 1034 ne
1439 979 1485 1034 si
1516 980 1632 1050 ipse
1659 995 1756 1050 per
1787 995 1846 1034 se
1879 981 2046 1032 mira-

452 1073 646 1126 culum
703 1071 1040 1135 indicasset,
1094 1073 1464 1127 crassiorihus
1525 1071 1802 1126 videretur
1853 1085 2046 1140 super-

456 1168 580 1224 bire
612 1187 626 1222 :
661 1185 838 1239 neque
885 1171 1015 1224 item
1057 1169 1179 1239 ipso
1232 1176 1468 1232 tacente,
1509 1170 1780 1239 iacturam
1832 1168 2046 1224 faccre-

461 1276 588 1317 mus
629 1261 904 1326 miraculi,
948 1272 1099 1317 certe
1141 1262 1382 1316 consilio
1441 1262 1870 1331 interrogatione
1914 1277 2048 1317 usus

457 1363 567 1419 est,
603 1363 662 1409 ut
694 1354 811 1423 ipsa
849 1354 1226 1427 progrediens,
1261 1355 1589 1425 praedicaret
1625 1354 1750 1424 ejus
1780 1369 1957 1425 paena
1986 1371 2050 1410 ac

464 1447 594 1504 mali
630 1447 1028 1514 liberationem,
1059 1462 1182 1518 qua
1219 1463 1316 1518 per
1346 1448 1573 1502 ﬁmbriae
1601 1447 2044 1502 attrectationem

461 1540 611 1594 facta
639 1545 776 1594 erat.
809 1536 992 1609 lnqttit
1028 1540 1175 1594 enim
1220 1542 1557 1612 evangelista
1583 1541 1626 1572 ⁸²
1660 1561 1672 1595 :
1711 1539 1910 1595 Videns
1945 1557 2054 1594 mn-

463 1633 565 1688 fier
591 1631 730 1704 quod
759 1633 922 1688 latere
944 1649 1046 1688 non
1072 1643 1268 1703 posset,
1303 1643 1525 1689 tremens
1553 1634 1710 1697 venit,
1741 1643 1791 1688 et
1819 1633 2054 1688 adorans

412 1714 419 1721 ’
466 1726 872 1798 congennlabat.
899 1726 1043 1794 Quin
1086 1729 1250 1783 etiam
1300 1739 1424 1784 ante
1458 1729 1752 1784 adventum
1803 1745 1965 1785 suum
1999 1729 2052 1785 in

465 1828 637 1868 carne
660 1814 1031 1885 ignorantiam
1065 1832 1175 1886 prae
1217 1832 1278 1873 se
1307 1816 1511 1884 ferens,
1557 1819 1735 1890 inquit
1777 1819 1846 1873 ad
1878 1820 2054 1874 Abra-

467 1903 726 1960 hamum:
753 1904 853 1960 Ubi
878 1916 955 1961 est
981 1906 1121 1962 Sara
1153 1923 1292 1962 uxor
1313 1919 1404 1964 tua
1429 1909 1513 1964 “2
1541 1909 1696 1976 Quod
1727 1909 1770 1965 si
1805 1910 2052 1979 ignoras-

469 2001 575 2056 set,
614 2010 724 2050 non
769 2011 902 2052 sane
952 1998 1397 2066 reprehendisset
1438 2016 1582 2064 eam,
1619 2017 1741 2072 quae
1773 2001 1827 2055 in
1875 2001 2058 2055 taber‘

467 2087 672 2141 naculo
721 2087 954 2143 ridebat.
995 2087 1129 2144 Nam
1179 2091 1327 2160 quod
1378 2093 1630 2154 habetur.
1674 2093 1818 2147 intra
1874 2101 2050 2148 semet

469 2175 650 2247 ipsam
681 2178 873 2235 risisse
901 2179 1117 2245 Saram,
1149 2183 1363 2237 modice
1397 2183 1570 2253 ipsam
1603 2185 1798 2241 risisse
1831 2186 2055 2240 indicat.

469 2270 886 2343 Confestimque
908 2277 1088 2329 trinus
1116 2275 1318 2344 hospes
1348 2291 1378 2329 a
1409 2277 1721 2346 patriarcha
1745 2286 2058 2348 susceptus,

473 2363 800 2418 nominatim
852 2365 1028 2434 ipsum
1075 2366 1463 2436 compellabat,
1515 2383 1635 2422 eam
1689 2384 1810 2438 qua:
1856 2369 2062 2424 sterilis

1584 405 1641 462 S.
1683 404 1981 462 CAESARI!
2019 403 2359 462 GREGORII
2409 402 2714 460 FRATRIS
3626 393 3721 445 F-"S

2138 524 2233 577 καὶ
2256 521 2467 593 Πατρὸς
2491 520 2568 591 τῷ
2597 517 2869 592 μιαιφόνῳ
2894 510 3286 586 προσάγεσθαι.
3321 505 3722 580 Παραπλητίυς

2143 613 2237 670 οὖν
2255 615 2349 668 καὶ
2379 615 2407 666 ὁ
2432 613 2562 676 Υἱὸς
2588 611 2691 664 οὑκ
2720 607 2930 678 ἀγνοῶν
2964 607 3148 678 ἤρετο,
3173 603 3288 657 ἀλλ’
3313 602 3401 654 ἵνα
3437 600 3511 671 μὴ
3539 598 3609 650 δι’
3634 599 3724 650 αὖα

2141 708 2235 762 τοῦ
2261 708 2440 778 φήσας
2462 705 2524 758 τὸ
2553 702 2758 774 θαῦμα,
2781 699 2906 771 δόξῃ
2933 695 3231 767 τυφοῦσθαι
3265 696 3378 757 τοῖς
3409 692 3729 762 παχυτέροις

2141 801 2240 870 τὴν
2265 798 2534 852 διάνοιαν
2569 797 2643 867 μὴ
2682 793 2728 848 δ’
2762 787 2828 846 αὖ
2864 791 3048 856 πάλιν,
3082 788 3415 850 σιωπῶντος,
3446 783 3731 854 {nama-

2149 911 2248 964 μεν
2279 893 2338 946 τὸ
2369 889 2694 962 παράδοξον,
2729 883 3089 957 οἰκονομικῶς
3125 885 3190 953 τῇ
3228 880 3422 934 πεύσει
3451 878 3733 948 κέχρηται,

2145 987 2292 1050 ὃπως
2317 985 2498 1054 ἐκείνη
2537 979 2874 1055 προελθοῦσα
2908 977 3122 1050 κηρύξῃ
3139 977 3235 1045 τὴν
3269 977 3332 1028 ὲκ
3360 973 3462 1042 τῆς
3487 970 3735 1039 ψαύσεως

2145 1077 2241 1132 τοῦ
2267 1076 2572 1150 κρασπέδου
2607 1071 2904 1144 γενομένην
2948 1070 3086 1140 αὐτῇ
3125 1067 3278 1120 λύσιν
3311 1064 3410 1133 τῆς
3454 1064 3733 1132 μάστιγος.

2147 1171 2286 1241 Φησὶ
2333 1169 2443 1239 γὰρ
2487 1171 2515 1221 ὁ
2559 1167 2702 1229 θεῖος
2748 1161 3169 1232 εὑαγγελιστὴς,
3209 1157 3456 1214 Ἰδοῦσα
3506 1156 3545 1223 ἠ
3590 1153 3738 1222 τινι-ἡ

2151 1265 2240 1318 ὅτι
2269 1266 2342 1318 οὐ
2372 1262 2652 1330 λέληθεν,
2678 1257 2982 1328 τρέμουσα
3004 1251 3209 1327 ἦλθεν,
3242 1251 3338 1306 καὶ
3377 1249 3741 1318 προσεκύνει

2150 1353 2331 1420 αὐτῷ,
2370 1353 2465 1407 καὶ
2496 1351 2565 1405 τὰ
2585 1350 2733 1421 ἑξῆς.
2765 1347 2926 1402 Ἀλλὰ
2955 1346 3051 1400 καὶ
3084 1344 3182 1414 τῆς
3213 1341 3437 1413 πρώτης
3475 1339 3743 1408 ὲνσάρκου

2154 1447 2289 1517 πρὸς
2321 1446 2473 1517 ἡμᾶς
2503 1443 2806 1513 φοιτήσεως
2834 1439 3058 1506 ἄγνοιαν
3091 1432 3585 1504 προσποιούμενος,
3619 1431 3746 1499 φησὶ

2153 1539 2232 1610 τῷ
2268 1535 2540 1607 Ἀϐραὰμ,
2567 1532 2689 1587 Ποῦ
2716 1529 2913 1598 Σάρρα
2943 1528 2981 1595 ἡ
3012 1525 3165 1598 γυνή
3192 1541 3308 1578 σου
3330 1540 3346 1586 ;
3369 1524 3432 1576 Εἰ
3455 1522 3514 1575 δὲ
3538 1521 3747 1590 ἠγνόει,

2155 1632 2255 1686 οὑκ
2309 1629 2378 1684 ἄν
2429 1625 2655 1700 ἤλεγξεν
2706 1623 2851 1677 ἔνδον
2905 1622 3170 1692 ὑπάρχειν
3218 1617 3318 1686 τῆς
3369 1615 3604 1685 σκηνῆς,
3664 1614 3750 1665 καὶ

2161 1723 2390 1796 μειδιᾷν.
2441 1720 2514 1774 Τὸ
2589 1717 2731 1790 γὰρ,
2778 1713 3108 1786 Ἐγέλασειο
3153 1711 3221 1766 ἐν
3269 1706 3459 1776 ἑαυτῇ
3518 1705 3752 1774 Σάρρα,

2163 1814 2454 1889 μειδιῶσαν
2506 1811 2672 1882 αὐτὴν
2710 1808 2878 1881 δηλοῖ.
2923 1807 3034 1860 Καὶ
3080 1805 3290 1876 ἀθρόως
3344 1801 3594 1873 ἐντριτος
3634 1801 3753 1851 ἑπι-

2162 1908 2411 1975 ξενωθεὶς
2435 1906 2512 1977 τῷ
2539 1903 2873 1978 πατριάρχῃ,
2903 1903 2968 1953 ὲκ
2997 1897 3370 1970 προσηγορίας
3398 1896 3500 1966 τὴν
3531 1894 3755 1962 ξεναγὸν
3786 1916 3787 1938 l

2159 2001 2439 2073 ἐπεζήτει.
2481 2001 2703 2072 στεῖραν
2742 1996 3095 2066 ὑπάρχουσαν
3130 1991 3469 2044 παιδοποιεῖν
3517 1992 3753 2054 ἑπαγίε-
3787 2004 3789 2060 ρ

2153 2093 2403 2165 λόμενος.
2425 2091 2608 2163 Πέρας
2640 2089 2698 2144 δὲ
2725 2093 2823 2162 τῆς
2851 2084 3203 2155 ἐπαγγελίας,
3235 2083 3424 2136 Ἰσαὰκ
3457 2084 3524 2134 ἐκ
3555 2082 3760 2148 ταύτης
3789 2092 3791 2126 |

2157 2185 2512 2256 ὲκφυὸμενος.
2554 2183 2630 2236 Οὑ
2670 2181 2780 2254 γὰρ
2829 2180 3087 2250 πλάσμα,
3130 2177 3190 2230 οὑ
3236 2174 3466 2246 κλῆσις,
3500 2171 3565 2225 οὑ
3622 2188 3754 2239 παρη
3791 2182 3793 2208 ι

2157 2277 2544 2350 ῳχηκότα,οὑκ
2561 2274 2853 2338 ἐνεστῶτα,
2883 2273 2943 2326 οὑ
2973 2268 3369 2343 μέλλοντα,οὑχ
3403 2264 3588 2320 ὁτιοῦν
3627 2281 3756 2334 ςρε-
3793 2270 3795 2286 ‘

2173 2368 2396 2440 ζόμενον
2427 2369 2461 2440 ἦ
2492 2367 2781 2439 νοούμενον
2810 2362 3029 2437 Χριστῷ
3060 2359 3273 2432 λέληθε.

471 2462 614 2518 erat,
646 2453 932 2510 fecundam
971 2455 1086 2512 fore
1119 2459 1466 2527 promittens.
1511 2457 1662 2514 Finis
1702 2467 1884 2514 autem
1925 2460 2312 2532 promissionis
2357 2469 2492 2522 erat,
2533 2472 2698 2516 natus
2741 2476 2810 2515 ex
2857 2459 2960 2512 hac
3008 2456 3250 2515 Isaacus.
3300 2453 3422 2510 Non
3465 2453 3618 2509 enim
3672 2451 3759 2520 fig-

473 2556 743 2610 mentum,
783 2561 892 2602 non
942 2557 1217 2613 creatura,
1251 2565 1361 2604 non
1396 2550 1693 2621 praeterita,
1730 2567 1842 2606 non
1892 2553 2208 2624 praesentia,
2259 2569 2367 2608 non
2414 2553 2617 2618 futura,
2661 2567 2770 2608 non
2805 2550 3071 2623 quidquid
3101 2547 3373 2604 nominari
3420 2547 3508 2602 vcl
3532 2547 3760 2616 cogitari

473 2646 675 2708 potest,
702 2637 980 2695 Christum
1016 2640 1166 2694 latet.

887 2774 1416 2834 lNTEllllOGA'I'IO
1453 2776 1670 2834 XXXII.

551 2887 622 2940 At
651 2887 929 2958 quomodo
960 2889 1077 2958 ipse
1109 2889 1169 2944 in
1205 2888 1455 2944 ministri
1489 2887 1683 2945 ordine
1704 2897 1758 2944 et
1790 2889 1844 2943 in
1880 2888 2070 2945 famuli

483 2994 715 3034 numero
750 2989 917 3037 semel
959 2981 1138 3050 ipsum
1167 2995 1382 3051 ponens
1407 2979 1545 3036 dicit
1577 2999 1592 3036 :
1629 2979 1802 3036 Nemo
1835 2982 1972 3036 venit
2001 2981 2071 3034 ad

485 3075 722 3140 Patrem,
752 3073 859 3130 nisi
893 3088 988 3144 per
1014 3090 1095 3130 me
1116 3073 1202 3129 ⁸δῖ

1123 3187 1435 3259 Responsio.

559 3302 764 3360 Verum
810 3312 1025 3376 oportet
1054 3312 1108 3360 et
1140 3319 1260 3359 eam
1312 3319 1526 3370 vocem,
1573 3320 1698 3374 quae
1732 3302 1861 3358 huic
1910 3317 2079 3372 oppo-

488 3397 592 3451 sita
627 3405 732 3459 est,
765 3412 794 3451 a
846 3397 1066 3453 Christo
1107 3397 1337 3453 audire:
1371 3394 1563 3464 Nemo,
1599 3396 1797 3467 inquit,
1834 3397 1970 3450 venit
2010 3395 2078 3450 ad

490 3505 592 3556 me,
629 3490 733 3546 nisi
772 3487 936 3545 Pater
992 3507 1136 3545 mens
1185 3490 1408 3546 caelestis
1447 3491 1671 3545 traxerit
1697 3508 1815 3546 eum
1840 3491 1905 3545 ³⁸.

877 3623 1398 3682 INTERROGATIO
1438 3623 1677 3679 XXXIII.
1741 3611 1749 3617 '

567 3755 673 3812 Sed
720 3773 831 3812 non
865 3767 950 3814 est
989 3757 1154 3825 idem,
1182 3773 1276 3828 per
1309 3774 1410 3824 me,
1443 3767 1517 3826 et,
1572 3761 1798 3814 trahere.
1831 3758 1965 3813 Nam
1995 3774 2087 3829 per

500 3864 601 3912 me,
626 3850 749 3918 ejus
786 3859 871 3904 est
914 3851 1010 3920 qui
1057 3849 1342 3920 subjectus
1385 3859 1471 3906 est
1503 3869 1516 3906 :
1545 3851 1754 3906 trahere
1808 3867 1960 3918 vero,
1990 3851 2086 3923 qui

498 3942 720 4010 propria
755 3950 1028 4012 potestate
1055 3943 1220 4015 cogit.

1138 4079 1450 4152 Responsio.

489 4207 496 4216 λ
571 4190 712 4257 Quid
745 4190 912 4264 igitur
949 4201 1055 4259 cst,
1083 4193 1232 4264 quod
1263 4193 1334 4248 ad
1376 4195 1644 4252 Adamuns
1684 4195 1828 4251 Deus
1873 4193 2090 4249 adducit

505 4282 784 4346 animalia,
817 4294 876 4337 ut
905 4284 1096 4340 videret
1125 4285 1254 4356 quid
1286 4297 1494 4342 vocaret
1520 4306 1605 4354 ea,
1635 4289 1782 4344 sicut
1818 4288 1994 4359 inquit
2026 4287 2094 4341 li-

507 4373 602 4427 ber
633 4371 700 4429 de
734 4375 1011 4431 creatione
1038 4392 1221 4432 rerum
1241 4377 1329 4433 “?
1360 4376 1502 4435 Num
1535 4389 1826 4452 propterea
1862 4379 2094 4435 audebis

509 4465 822 4521 ministrum
854 4475 908 4522 et
939 4466 1202 4524 famulum
1234 4474 1522 4529 nominare
1553 4473 1762 4530 Deum?

899 4599 1422 4661 INTERROGATIO
1461 4603 1702 4661 XXXIV.

582 4713 728 4786 Ergo
758 4715 803 4771 si
849 4716 1126 4787 perfectus
1167 4718 1311 4776 Deus
1344 4727 1463 4776 erat
1506 4719 1782 4785 Christus,
1820 4721 2099 4791 quomodo

512 4808 775 4874 sapientia
828 4819 877 4865 et
923 4820 1080 4866 a'tate
1121 4812 1294 4881 ipsum
1352 4815 1606 4882 proﬁcere
1662 4813 1796 4868 dicit
1853 4813 2100 4886 Evange-

511 4901 648 4957 lium
667 4902 752 4957 "’2

1149 4999 1459 5069 Responsio.

586 5137 705 5193 Non
742 5136 1008 5196 debemus
1039 5138 1132 5193 illa
1152 5137 1429 5210 applicare
1457 5136 1754 5193 divinitati.
1787 5137 2104 5196 Secundum

515 5232 664 5284 illam
700 5233 847 5286 enim
879 5247 1058 5303 neque
1099 5232 1323 5296 crescit,
1365 5246 1546 5303 neque
1577 5230 1801 5298 deﬁcit;
1851 5248 1962 5287 non
1996 5232 2101 5286 mi-
2145 5215 2178 5280 .’

517 5323 730 5387 nuitur,
767 5340 873 5379 non
906 5325 964 5378 iit
988 5324 1302 5397 gloriosior,
1336 5340 1446 5380 non
1478 5323 1694 5394 major;
1730 5341 1840 5381 non
1874 5325 2101 5392 insistit,

520 5430 632 5468 non
658 5415 1024 5470 contrahitur.
1053 5415 1276 5472 Proficit
1302 5432 1432 5474 vero
1454 5417 1747 5472 roboratus
1769 5424 1823 5472 et
1845 5431 2104 5473 crescens

523 5507 827 5563 secundum
871 5515 1126 5563 naturam
1174 5517 1419 5565 nostram
1454 5509 1508 5563 in
1541 5508 1724 5564 servili
1756 5506 1952 5562 forma.
1984 5505 2105 5562 Non

2771 2777 3019 2832 ΠΕΥΣΙΣ
3057 2777 3180 2830 ΛΒ’.

2252 2893 2361 2946 Καὶ
2402 2891 2520 2956 πῶς
2549 2891 2712 2957 αὑτὸς
2747 2893 2805 2944 ὲν
2852 2890 3102 2944 διακόνου
3140 2889 3290 2953 τάξει
3333 2888 3429 2940 καὶ
3485 2885 3763 2957 ὑπηρέτου

2182 2985 2372 3038 ἑαυτὸν
2412 2984 2723 3057 ὲναριθμῶν
2764 2983 2933 3054 λέγει,
2961 2982 3170 3049 Οὐδεὶς
3199 2981 3433 3050 ἔρχεται
3468 2978 3625 3048 πρὸς
3673 2980 3770 3030 rdi-

2181 3077 2433 3148 Πατέρα,
2473 3081 2527 3133 εἰ
2554 3079 2642 3152 μὴ
2685 3077 2760 3132 δι’
2795 3076 2978 3149 etuti};

2799 3193 3164 3262 Ἀπόκρισις.

2266 3309 2428 3364 Ἀλλὰ
2467 3310 2572 3382 χρὴ
2627 3308 2723 3363 καὶ
2763 3307 3043 3364 ἀντίθετον
3087 3310 3294 3378 ταὺτης
3334 3307 3494 3379 παρὰ
3536 3302 3770 3377 Χριστοῦ

2185 3401 2416 3456 ἀκοῦσαι
2445 3401 2660 3472 φωνήνο
2709 3400 2938 3466 Οὐδεὶς,
2976 3400 3164 3470 φησιν,
3208 3400 3446 3470 ἔρχεται
3493 3402 3651 3468 πρός
3681 3417 3767 3467 με,

2186 3499 2240 3552 ei
2259 3496 2346 3568 μὴ
2372 3499 2405 3552 ὀ
2427 3497 2629 3566 Πατήρ
2645 3512 2766 3566 μου
2790 3493 3071 3563 οὐράνιος
3096 3493 3345 3548 undosi
3366 3493 3580 3549 αὐτόν.

2774 3633 3026 3688 ΠΕΥΣῙΣ
3061 3632 3184 3687 ΛΓ.

2275 3771 2413 3826 Ἀλλ’
2443 3771 2506 3825 οὑ
2537 3769 2735 3825 ταὺτόν
2763 3771 2902 3834 ἐστι,
2928 3768 3010 3835 τὸ,
3049 3767 3125 3821 δι’
3156 3766 3326 3836 ἐμοῦ,
3357 3765 3453 3819 καὶ
3489 3764 3578 3826 τὺ.
3599 3766 3773 3819 ἑλκύ-

2193 3881 2308 3921 σει.
2343 3867 2416 3918 Τὸ
2456 3865 2583 3937 γὰρ,
2619 3863 2693 3918 δι’
2720 3862 2888 3933 ἐμοῦ,
2933 3860 3212 3924 πείθοντός
3252 3861 3402 3912 ἐστι·
3448 3859 3515 3912 τὸ
3559 3858 3639 3920 δὲ,
3679 3859 3774 3911 ἑλ-

2196 3958 2388 4023 κύειν,
2407 3952 2806 4026 ἀναγκάζοντος
2835 3952 2929 4006 τοῦ
2950 3949 3359 4015 αὑθεντοὺντος.

2813 4088 3174 4158 Ἀπόκρισις.

2271 4203 2336 4256 Τί
2356 4197 2703 4270 οὗν,ἐπὶτοῦ
2730 4201 2954 4273 Ἆδὰμό
2975 4200 3121 4267 Θεὸς
3149 4198 3439 4269 προσάγει
3463 4196 3540 4251 τὰ
3569 4196 3774 4261 κτήνη,

2195 4294 2353 4352 ἰδεῖν
2386 4296 2444 4349 τί
2475 4292 2723 4348 καλέσει
2771 4293 2961 4358 αὐτὰ,
3002 4292 3168 4363 φησὶν
3204 4291 3255 4373 ὁ⁵
3279 4290 3382 4360 τῆς
3417 4291 3776 4361 δημιουργὰς

2196 4389 2382 4459 λόγος;
2409 4387 2714 4459 Τολμήσεις
2741 4384 2895 4458 παρὰ
2920 4385 3080 4439 τοῦτο
3103 4384 3352 4439 διάκονον
3380 4383 3477 4438 καὶ
3503 4383 3773 4454 ὑπηρέτην

2197 4483 2288 4538 τὸν
2320 4481 2455 4537 θεὸν
2487 4480 2763 4551 ἀποφῆναι
2779 4496 2794 4545 ;

2789 4614 3038 4668 ΠΕΥΣΙΣ
3074 4614 3192 4668 ΛΔ’.

2273 4731 2384 4785 Καὶ
2416 4730 2466 4784 εί
2494 4729 2700 4794 τέλειος
2725 4723 2796 4801 ἦν
2826 4728 2959 4792 Θεὸς
2992 4729 3020 4781 ὁ
3052 4725 3312 4800 Χριστὸς,
3347 4723 3468 4790 πῶς
3505 4723 3664 4795 σοφίᾳ
3690 4719 3776 4775 καὶ

2199 4823 2387 4898 ἡλικίᾳ
2411 4821 2742 4877 προκόπτειν
2769 4820 2932 4876 αὑτὸν
2958 4819 3106 4883 λέγει
3131 4818 3192 4872 τὸ
3220 4817 3589 4886 Εὑαγγέλιον;

2811 5003 3180 5070 Ἀπόκρισις.

2272 5137 2363 5208 Μὴ
2399 5137 2464 5208 τῇ
2500 5135 2714 5206 Θεότητι
2749 5136 2931 5189 ἐκεῖνα
2961 5132 3352 5207 προσάψωμεν.
3384 5131 3460 5184 Οὑ
3497 5131 3604 5198 γὰρ
3633 5126 3775 5191 αὔξει

2209 5229 2326 5283 κατ’
2357 5229 2597 5301 ἐκείνην,
2619 5227 2743 5282 οὐδὲ
2773 5227 2954 5298 λήγει,
2987 5227 3048 5280 οὑ
3087 5225 3355 5297 μειοῦται,
3389 5225 3450 5277 οὑ
3483 5223 3775 5287 δοξάζεται,

2207 5323 2268 5375 οὑ
2297 5321 2663 5394 κορυφοῦται,
2699 5321 2797 5392 οὑχ
2825 5320 3148 5390 ὑφίσταται,
3183 5318 3245 5372 οὐ
3288 5318 3598 5386 συνάγεται.
3639 5315 3775 5382 Προ-

2209 5413 2382 5470 δαίνει
2419 5414 2477 5468 δὲ
2523 5412 2972 5484 κραταιούμενος,
3009 5411 3104 5466 καὶ
3136 5409 3316 5475 aliva
3354 5413 3420 5481 τῇ
3476 5409 3594 5462 καθ’
3632 5405 3779 5477 ἡμᾶς

2210 5507 2430 5578 δουλικῇ
2483 5508 2688 5578 μορφῇ.
2737 5507 2815 5560 οὑ
2867 5505 2978 5576 γὰρ
3031 5504 3302 5577 πλήρωμα
3347 5499 3624 5573 ἠλαττὼοη
3683 5498 3779 5565 τῆς

526 5601 676 5654 enim
710 5599 998 5671 plenitudo
1027 5599 1331 5656 divinitatis
1366 5601 1654 5654 imminuta
1685 5606 1792 5664 est,
1823 5613 2003 5670 neque
2033 5615 2072 5656 St

2214 5600 2489 5672 Θεότητος,
2523 5597 2646 5654 οὐδὲ
2687 5597 2829 5655 κατὰ
2862 5599 3146 5671 προκοπὴν
3174 5594 3235 5662 ἐξ
3271 5593 3572 5666 ἀνθρώπων
3597 5590 3777 5660 γέγονε

530 5694 773 5748 cundum
801 5692 1110 5766 profectum
1144 5692 1441 5749 humanum
1476 5690 1620 5747 Deus
1648 5699 1754 5748 est.

541 5939 581 5980 ῃ
611 5852 816 5979 Ἔρις.
843 5871 970 5924 vtu,
1008 5857 1096 5912 47.
1191 5857 1236 5890 ³³
1265 5855 1400 5910 Gen.
1430 5868 1586 5918 xvm,
1630 5853 1684 5905 9.

590 5965 603 5991 ’
635 5963 722 5979 υ-.

1794 5852 1836 5884 ³⁸
1858 5851 1992 5908 Joan
2046 5870 2156 5921 xw,
2189 5853 2240 5910 6.

2204 5691 2358 5755 Θεός.

2347 5853 2393 5884 ³⁸
2419 5850 2575 5908 Joan.
2607 5868 2680 5919 Vt,
2713 5850 2800 5919 44,
2835 5849 2922 5906 66.
3027 5849 3071 5882 ³⁸
3101 5849 3232 5904 Gen.
3284 5861 3343 5914 tl,
3383 5842 3467 5903 i9.
3571 5838 3609 5867 ³⁷
3643 5833 3773 5889 Luco
