3818 6510
62 362 158 420 9’3?
1515 361 1864 422 DIALOGUS
1892 364 1931 418 l.

623 475 872 529 ΠΕΥΣΙΣ
909 476 1031 531 AE'.

125 592 227 646 Καὶ
260 590 384 655 πῶς
418 592 492 662 μὴ
521 591 738 644 κτιστδν
770 593 1000 662 εἴπομεν
1026 590 1118 646 τὸν
1160 590 1308 656 Υίὸν,
1340 592 1435 646 τοῦ
1475 592 1631 645 Ἀπο-

63 687 229 740 στόλου
259 685 566 755 γράφοντος
585 684 714 756 περὶ
737 682 928 748 αὑτοῦ,
951 684 1217 748 Δέξασθε
1234 683 1342 737 τὸν
1356 683 1635 753 ἀρχιερέα

62 780 152 846 τῆς
167 779 433 844 πίστεως
451 775 644 847 ὑμῶν,
662 777 886 832 πιστὸν
900 777 1046 830 ὅντα
1073 775 1154 842 τῷ
1174 776 1498 844 ποιήσαντι
1524 779 1635 831 αὐ-

63 875 183 936 rc'r;
231 872 368 936 Καὶ,
395 869 686 924 Γνωστὸν
711 869 878 938 ὑμῖν,
906 867 1028 936 πᾶς
1050 869 1214 935 οἶκος
1247 868 1517 937 Ἰσραὴλ,
1543 869 1633 922 ὅτι

57 965 252 1017 τοῦτον
278 963 392 1016 τὸν
423 961 665 1032 Ἰησοῦν
712 961 787 1015 ὃν
823 961 993 1031 ὑμεῖς
1019 962 1465 1030 ἐσταυρώσατε,
1509 960 1559 1014 Κ
1563 963 1631 1015 ύ-

53 1075 165 1124 μω·
190 1055 292 1109 καὶ
323 1055 585 1124 Χριστόν
625 1055 815 1110 αὐτὸν
837 1059 870 1109 ὀ
917 1055 1062 1122 Θεὸς
1098 1055 1369 1123 ἐποίησε.
1399 1055 1510 1108 Καὶ
1538 1056 1634 1108 Σο-

58 1148 216 1217 ὶομὼν
241 1148 300 1202 δέ
337 1165 528 1218 φησιν,
559 1149 623 1202 ἑκ
661 1147 958 1220 προσώπου
990 1148 1086 1202 τοῦ
1119 1148 1356 1218 Χριστοῦ
1383 1148 1519 1220 πρὸς
1539 1149 1632 1202 τὸν

58 1240 168 1290 Θεὸν
194 1239 289 1293 καὶ
324 1237 585 1310 Πατέρα·
621 1239 840 1306 Κύριος
878 1237 1087 1292 ἐκτισέ
1126 1255 1204 1307 με
1232 1237 1433 1309 ἀρχὴν
1476 1237 1634 1294 ὁδῶν

56 1333 218 1386 αὑτοῦ
254 1334 350 1397 εις
390 1332 540 1401 ἔργα
570 1330 782 1387 αὐτοῦ.

662 1464 1030 1537 Ἀπόκρισις.

112 1627 209 1680 Καὶ
242 1624 519 1696 ἀνωτέρω
563 1624 692 1696 περὶ⁵
726 1626 932 1681 τούτων
965 1626 1255 1693 διαλαϐὼν,
1291 1629 1404 1692 τοῖς
1444 1628 1630 1694 αὐτοῖς

57 1720 193 1770 πάλιν
237 1716 614 1770 κυλινδεῖσθαι
651 1719 879 1784 ἀτοπίας
923 1719 990 1774 ἃν
1035 1720 1142 1792 εἴη,
1183 1722 1215 1793 ἢ
1259 1721 1619 1790 φιλοπαιδίας.

53 1815 112 1866 Τὸ
135 1813 260 1883 γὰρ,
297 1812 603 1871 ἐποίησεν
624 1812 829 1876 αὐτόν,
867 1813 982 1878 καὶ,
1012 1813 1218 1869 ἔκτισέ
1235 1833 1332 1886 με,
1363 1818 1430 1887 τῇ
1463 1817 1628 1888 σαρκὶ

53 1905 261 1958 νοεῖσθαι
293 1903 451 1957 δοκῶ
489 1903 684 1959 ταῦτα.
734 1905 979 1978 Ὀρῶμεν
1017 1907 1074 1960 δὲ
1109 1907 1205 1961 καὶ
1245 1907 1345 1972 τὰς
1384 1908 1628 1981 παραδοο

53 2001 130 2061 ii;
161 1999 232 2067 μὴ
265 1997 479 2051 ταύτὸν
512 1998 780 2070 ὑπάρχειν
807 1999 923 2062 τοῖς
969 1997 1488 2071 παραῦαλλομένοις.
1539 2001 1627 2055 Ἐν

51 2093 138 2162 γὰρ
164 2089 240 2160 τῷ
271 2091 378 2160 τῆς
414 2090 720 2162 Παροιμίας
745 2087 926 2162 τεύχει
963 2089 1161 2163 ταχθὲν
1195 2093 1352 2164 ῐσμεν
1383 2094 1462 2158 τὸ,
1506 2089 1624 2149 K15-

44 2203 151 2249 [Jac
181 2181 399 2235 ἔκτισέ
422 2199 521 2250 με.
567 2179 866 2254 Παροιμίαι
893 2178 950 2237 δὲ
984 2181 1216 2256 παρόδιά
1241 2199 1360 2239 τινα
1390 2186 1623 2260 ὑπάρχει

50 2277 264 2345 βήματα,
289 2276 474 2344 οἶμος
507 2275 618 2348 γὰρ
643 2276 760 2340 ὁδὸς
795 2280 860 2348 τῇ
894 2275 997 2342 ἔξω
1024 2277 1240 2350 παιδείᾳ
1261 2282 1458 2333 νοεῖται
1482 2280 1623 2335 ὥστε

50 2368 243 2438 πάροδοι
289 2369 394 2421 καὶ
450 2368 658 2432 είκόνες
694 2367 803 2422 τῶν
829 2368 1174 2440 πραγμάτων
1216 2369 1273 2423 αἱ
1317 2371 1625 2444 παρασολαὶ

46 2460 411 2528 τλγχάνουσιν.
490 2459 714 2530 Ὅμοια,
768 2462 897 2533 γὰρ,
956 2461 1132 2516 ἐστὶν
1171 2461 1462 2528 βασιλεία
1504 2465 1624 2520 τῶν

45 2551 297 2618 cirum?»-
342 2553 552 2618 κόκκῳ
597 2551 918 2620 σινάπεως,
959 2553 1123 2626 φησὶν
1173 2557 1202 2608 ό
1246 2555 1466 2628 Κύριος.
1499 2557 1622 2622 Πῶς

48 2643 197 2696 τοίνυν
249 2645 320 2696 ἐν
373 2644 562 2713 κόκκῳ
616 2644 834 2698 πάντων
883 2645 1216 2716 σπερμάτων
1270 2648 1621 2721 ἁμυδροτέρῳ

47 2740 218 2806 ἄπειρα
265 2735 485 2808 πλήθη,
521 2735 614 2790 καὶ
647 2735 806 2808 δῆμοι
851 2737 1098 2806 ἀγγέλων
1140 2739 1235 2792 καὶ
1265 2737 1621 2811 ἀρχαγγέλων

43 2833 391 2902 χωρήσωσιν;
437 2828 600 2882 Ἀλλὰ
625 2832 844 2895 πάντως
870 2834 935 2903 τῇ
969 2831 1135 2885 εικόνι
1157 2833 1327 2905 ταύτῃ
1357 2834 1620 2906 κέχρηται

42 2925 64 2974 ὀ
93 2924 371 2992 πάνσοφος
409 2923 636 2995 Κύριος,
681 2923 714 2995 ἢ
761 2923 849 2976 διὰ
878 2925 978 2995 τὴν
1007 2923 1196 2997 εὐτελῆ
1241 2925 1338 2996 τῆς
1372 2927 1618 2980 ἑκουσίου

45 3017 320 3084 πτωχείας,
372 3018 474 3070 καὶ
504 3017 640 3090 πρὸς
668 3017 767 3087 τὴν
802 3018 1076 3090 ἡμετέραν
1121 3017 1455 3092 βραχύτητα,
1490 3037 1620 3090 συγ-

42 3108 351 3171 Πτάὄασιν,
391 3108 463 3160 δι’
491 3102 560 3179 ἧς
599 3109 730 3178 ἡμῖν
771 3108 920 3172 σκιὰ,
965 3110 1056 3162 καὶ
1085 3109 1348 3179 ἀνάψυξις
1380 3111 1489 3164 τῶν
1529 3112 1624 3164 ἀλ-

41 3203 211 3268 γεινῶν
247 3203 357 3273 τῆς
409 3202 692 3274 παρούσης
733 3200 879 3274 ζωῆς
921 3204 1161 3272 γίνεταιο
1207 3203 1239 3275 ἢ
1287 3203 1376 3257 διὰ
1419 3203 1518 3277 τὴν
1565 3208 1622 3260 ἐν

38 3297 158 3366 ἀρχῇ
204 3294 304 3348 τοῦ
362 3295 725 3363 εύαγγελικοῢ
744 3296 994 3367 ποιμνίου
1048 3297 1397 3369 μετριότητα,
1451 3298 1484 3369 ἢ
1535 3297 1623 3352 διὰ

38 3388 120 3458 τῆν
146 3389 245 3458 τῆς
299 3389 566 3458 θεότητος
614 3383 708 3440 τοῦ
755 3388 930 3457 Λόγου
963 3389 1288 3461 δριμύτητα,
1331 3390 1397 3443 δι’
1428 3386 1496 3462 ἦς
1540 3410 1621 3446 νι-

39 3482 183 3547 aias;
212 3480 504 3534 κινοῦνται
555 3477 807 3551 δακρύων
839 3483 952 3544 τοῖς
982 3480 1153 3552 ἡδέως
1195 3482 1289 3535 καὶ
1322 3482 1504 3552 ἁϐρῶς
1553 3482 1620 3536 δι’

37 3575 219 3643 ἀρετῆς
260 3571 564 3644 μετέχουσι
614 3571 712 3626 τοῦ
748 3571 939 3642 νοητοῦ
984 3571 1085 3643 τῆς
1136 3574 1421 3644 μετανοίας
1472 3575 1621 3629 σινά-

37 3684 188 3729 ττως·
226 3661 290 3718 οὗ
317 3665 422 3718 καὶ
444 3666 472 3717 ὁ
492 3664 778 3728 θεσπέσιος
802 3664 966 3720 Δαόὶδ
996 3664 1408 3736 ἐμφορούμενος
1439 3667 1619 3739 μελῳ-

32 3751 116 3810 δεῖ,
152 3755 379 3807 Λούσω
411 3754 538 3808 καθ’
572 3753 840 3820 ἑκάστην
873 3755 1061 3808 νύκτα
1087 3753 1204 3823 τὴν
1230 3756 1453 3826 κλίνην
1477 3776 1616 3827 μου,

31 3844 90 3892 ὲν
112 3843 390 3913 δάκρυσί
405 3859 524 3913 μου
555 3841 670 3911 τὴν
723 3843 1045 3914 στρωμνήν
1071 3862 1191 3915 μου
1243 3846 1461 3916 βρέξω.
1513 3847 1620 3901 Καὶ

33 3939 200 3998 πάλιν.
233 3941 323 3992 Δι’
357 3939 613 4006 ἐξόδους
651 3939 886 3996 ὑδάτων
919 3939 1264 3994 κατέδυσαν
1299 3945 1352 3996 οἱ
1395 3943 1618 4011 ὀφθαλ-

26 4035 114 4098 μοί
154 4045 324 4102 μευ·
381 4033 412 4102 ἢ
465 4032 554 4085 διὰ
592 4033 690 4104 τὴν
744 4032 1044 4104 μέλλουσαν
1096 4032 1246 4088 θείαν
1288 4034 1468 4105 κρίσιν
1505 4035 1620 4106 δρι-

33 4129 176 4192 pain
209 4124 527 4194 ἐπάγεσθαι
567 4127 680 4190 τοῖς
717 4125 1040 4196 ἡττημένοις
1070 4125 1148 4197 τῷ
1178 4125 1401 4196 χείρονι,
1434 4125 1618 4192 καθὼς

32 4221 194 4289 πάντη
254 4221 291 4289 ἡ
350 4218 471 4271 θεία
518 4217 704 4289 Πυκτὴ
749 4217 1212 4290 διαμαρτύρεται,
1269 4222 1361 4275 καὶ
1417 4221 1449 4294 η
1507 4222 1617 4276 τῶν

28 4309 119 4371 ἔξω
151 4309 445 4372 παίδευσις
475 4307 562 4361 διὰ
593 4308 880 4372 Πλάτωνος
910 4311 1036 4373 τοὺς
1069 4311 1125 4362 ἐν
1158 4311 1290 4384 πυρὶ
1332 4314 1612 4377 κωκυτοὺς

29 4401 254 4453 ἀπειλεῖ.
300 4400 375 4451 Ἦ
408 4399 496 4452 διὰ
529 4398 627 4470 τὴν
657 4400 898 4470 ἄτμητον
931 4401 1026 4454 καὶ
1055 4399 1360 4475 ἀδιαίρετον
1388 4402 1478 4457 τοῦ
1511 4404 1612 4457 Λό-

26 4510 111 4558 γου
144 4494 244 4546 καὶ
277 4492 386 4561 τῆς
427 4493 629 4563 σαρκὸς
656 4493 846 4546 ἕνωσιν
886 4492 978 4546 καὶ
1010 4492 1140 4564 μίαν
1169 4494 1488 4561 ὑπόστασιν,
1517 4496 1609 4549 ού-

23 4585 123 4636 δενὶ
158 4586 311 4655 λόγῳ
364 4584 396 4654 ἥ
430 4583 644 4656 ἐπινοίᾳ
684 4584 1088 4656 διαιρουμένην.
1141 4587 1459 4642 Διεκπίπτει
1502 4588 1611 4662 γὰρ

22 4671 172 4739 αὗθις
201 4675 320 4727 τῶν
355 4673 636 4726 δακτύλων
673 4673 774 4744 τῆς
809 4673 1047 4738 διανοίας
1075 4675 1183 4730 τῶν
1211 4677 1560 4748 διαιρούντων
1587 4681 1616 4733 ὁ

23 4766 156 4830 θεῖος
188 4767 298 4837 τῆς
356 4765 634 4836 βασιλείας
681 4768 905 4832 κόκκος,
953 4766 1286 4841 βλασφήμων
1333 4771 1616 4843 παλάμαις

17 4858 372 4927 ὲγγλείεσθαι
425 4859 559 4930 μηδὲ
610 4859 747 4922 ὅλως
790 4861 1134 4932 ἀνεχόμενος.
1185 4863 1324 4916 Ἀλλ’
1358 4864 1478 4918 οὐδὲ
1522 4882 1618 4919 σα-

19 4953 129 5019 ςῶς
170 4952 266 5005 τὸν
305 4953 712 5023 παροιμιαστὴν
743 4953 1068 5024 Σολομῶντά
1105 4972 1188 5018 τις
1229 4956 1535 5024 ἐπίσταται,
1567 4959 1616 5012 εί

19 5047 144 5116 rapi
172 5045 274 5098 τοῦ
306 5043 446 5097 θεοῦ
488 5043 654 5115 φησιν
684 5044 766 5110 τδ,
816 5048 1031 5116 Κύριος
1067 5046 1273 5101 ἓκτισέ
1307 5066 1404 5118 με.
1453 5047 1514 5103 ΕΞ
1557 5049 1613 5103 δὲ

17 5139 106 5190 καὶ
135 5138 320 5201 οὕτως
364 5138 498 5209 ἡμῖν
531 5138 798 5210 ὲξελήφθη
835 5141 866 5211 ή
903 5139 993 5193 τοῦ
1034 5140 1207 5210 Σοφοῦ
1254 5141 1432 5214 ῥῆσις,
1467 5143 1614 5196 δοκεῖ

17 5249 102 5298 μοι
136 5230 245 5300 τὴν
274 5228 600 5302 θεανδρικὴν
643 5229 738 5284 τοῦ
771 5231 974 5304 Κυρίου
1015 5233 1297 5305 σημαίνειν
1331 5236 1613 5306 ἐπιφοίτη-

16 5341 117 5386 σιν,
174 5325 438 5393 φάσκωνο
472 5326 687 5392 Κύριος
724 5325 928 5380 ἐκτισέ
969 5343 1040 5393 με
1069 5327 1268 5396 ἀρχὴν
1306 5329 1464 5382 ὁδῶν
1502 5331 1610 5384 αὺ-

11 5417 139 5480 τοῦ,
165 5420 255 5483 εις
287 5417 435 5486 ἔργα
470 5415 680 5482 αὑτοῦ,
713 5416 828 5486 πρὸ
860 5418 964 5473 τοῦ
998 5418 1215 5487 αἰῶνος
1251 5421 1612 5491 ἐθεμελίωσέ

5 5524 100 5573 με,
139 5509 262 5572 πρὸ
290 5506 359 5560 δὲ
387 5507 632 5561 πάντων
651 5507 900 5573 ﬂow-(Br
928 5511 1112 5580 γεννᾷ
1134 5529 1229 5581 με.
1276 5512 1400 5578 Πῶς
1429 5509 1521 5567 οὖν
1549 5515 1610 5566 τὸ

11 5598 360 5669 γεννώμενον
392 5598 754 5670 θεμελιοῦται,
787 5601 907 5666 πῶς
944 5604 1000 5657 δὲ
1045 5605 1107 5658 τὸ
1139 5605 1456 5676 κτιξόμενον
1485 5624 1609 5676 γεν-

10 5875 144 5930 156.

3214 372 3323 434 898

2150 479 2668 538 INTERROGATIO
2713 481 2925 541 XXXV.

1811 594 2100 662 Quomodo
2129 610 2263 651 vero
2303 612 2413 651 non
2463 595 2712 654 dicemus
2755 605 3000 655 creatura
3053 614 3178 657 esse
3227 601 3322 657 Fi-

1738 689 1894 755 lium,
1929 687 1997 746 de
2038 690 2160 760 ipso
2192 691 2248 745 in
2295 689 2542 760 Epistola
2577 691 2793 747 dicente
2824 692 3094 761 Apostolo
3130 711 3145 748 :
3187 693 3323 750 Sus-

1737 783 1894 851 cipite
1917 782 2220 850 pontiﬁcem
2267 781 2391 851 ﬁdei
2427 790 2614 836 castra
2637 824 2651 849 ,
2692 785 2782 852 qui
2823 783 2996 850 ﬁdelis
3031 793 3109 838 est
3150 787 3198 840 ei
3227 785 3320 856 qui

1735 875 2012 927 constituit
2047 875 2218 942 ipsum
2233 874 2320 932 '3?
2352 875 2438 936 Ει,
2473 873 2675 928 Nolunt
2711 876 2782 928 sit
2811 876 2976 938 vobis,
3009 878 3182 931 omnis
3221 878 3320 932 do-

1737 983 1853 1021 mus
1876 965 2068 1029 Israel,
2105 966 2244 1036 quod
2268 966 2409 1020 hunc
2431 966 2615 1021 Iesum
2641 983 2790 1038 quem
2830 984 2918 1023 vos
2951 971 3314 1039 cruciﬁxistis,

1736 1059 2025 1114 Dominum
2050 1070 2100 1113 et
2133 1057 2405 1115 Christum
2428 1059 2569 1115 Deus
2595 1061 2782 1128 fecit”
2839 1061 2944 1117 Sed
2974 1070 3027 1117 et
3056 1063 3314 1119 Salomon

1737 1151 1916 1222 inquit
1945 1152 2000 1205 in
2021 1166 2254 1222 persona
2285 1152 2490 1208 Christi
2521 1152 2588 1208 ad
2622 1151 2790 1208 Deum
2822 1161 2877 1208 et
2903 1153 3120 1209 Patrem
3158 1172 3173 1210 :
3206 1153 3318 1208 Do-

1736 1244 1908 1298 minus
1943 1244 2138 1298 creavit
2176 1258 2278 1310 me,
2319 1244 2532 1298 initium
2564 1248 2769 1299 viarum
2803 1262 3024 1300 suarum
3052 1248 3124 1301 ad
3157 1263 3317 1318 opera

1733 1352 1834 1388 sua
1852 1335 1916 1390 “.

2367 1468 2676 1537 Responsio.

1803 1624 1939 1681 Cum
1971 1625 2137 1681 etiam
2167 1627 2221 1681 in
2251 1628 2691 1698 pramedentibus
2716 1630 2784 1685 de
2815 1630 3008 1686 iisdem
3039 1639 3315 1689 tractave-

1736 1717 1863 1786 rim,
1893 1717 2088 1774 iisdem
2119 1735 2312 1776 rursus
2344 1720 2613 1792 implicari
2647 1723 3006 1778 absurditatis
3035 1723 3199 1780 fuerit
3220 1735 3316 1781 aut

1735 1811 1893 1866 lusus
1934 1812 2183 1883 puerilis.
2235 1811 2370 1867 Nam
2416 1814 2564 1884 quod
2602 1813 2798 1886 inquit,
2843 1816 2964 1884 fecit
3005 1817 3199 1886 ipsum,
3235 1827 3312 1885 et,

1733 1906 1926 1959 creavit
1963 1921 2063 1970 me,
2097 1904 2162 1961 de
2187 1919 2355 1960 carne
2390 1907 2615 1978 intelligi
2648 1916 2802 1978 puto.
2838 1907 3098 1965 Videmus
3131 1918 3313 1966 autem

1733 2005 1785 2051 ct
1813 1996 2204 2051 similitudines
2233 2013 2339 2050 non
2370 1996 2510 2052 idem
2544 2014 2666 2053 esse
2695 2013 2818 2050 cum
2852 2001 3014 2055 rebus
3041 2001 3314 2055 assimila-

1733 2090 1827 2145 tis.
1862 2087 2000 2144 Nam
2033 2089 2086 2144 in
2119 2087 2407 2145 Paroemize
2445 2091 2724 2147 volumine
2760 2093 3004 2163 positum
3047 2109 3170 2149 esse
3203 2093 3315 2148 scio

1732 2199 1856 2239 mus
1908 2180 2066 2248 illud,
2105 2180 2365 2237 Dominus
2403 2183 2597 2237 creavit
2641 2200 2742 2238 me.
2793 2183 3078 2238 Parmmite
3125 2195 3310 2239 autem

1731 2274 2034 2330 allusiones
2088 2273 2336 2345 quaedam
2388 2281 2551 2338 sunt,
2600 2274 2655 2328 in
2706 2274 2891 2332 verbis
2940 2275 3095 2341 sine;
3157 2269 3314 2346 οἶμος

1730 2367 1876 2423 enim
1932 2366 2075 2421 viam
2133 2365 2186 2420 in
2238 2374 2465 2422 externa
2515 2366 2768 2421 doctrina
2824 2366 3118 2437 signiﬁcat.
3165 2364 3313 2433 Qua-

1732 2467 1954 2530 propter
1987 2467 2042 2514 et
2072 2459 2370 2514 allusioues
2416 2468 2470 2514 et
2503 2459 2772 2529 imagines
2818 2475 3002 2514 rerum
3049 2469 3181 2515 sunt
3216 2477 3314 2532 pa-

1728 2551 1951 2607 rabolas.
2001 2549 2185 2606 Simile
2216 2559 2294 2604 est
2329 2567 2543 2621 regnum
2585 2549 2835 2604 caelorum
2868 2567 3036 2620 grano
3083 2551 3310 2620 sinapis,

1730 2645 1908 2715 inquit
1941 2643 2284 2698 Dominus“.
2321 2643 2610 2710 Quomodo
2637 2657 2766 2697 vero
2802 2643 2856 2697 in
2889 2658 3061 2713 grano
3102 2643 3312 2713 sinapis

1727 2737 1975 2792 omnium
2004 2735 2279 2790 seminum
2313 2734 2690 2790 minutissime
2725 2733 3008 2788 immensa:
3057 2734 3311 2789 mulum-

1727 2825 1886 2884 dines
1918 2836 1972 2882 et
2010 2826 2266 2882 nationes
2296 2826 2617 2898 angelorum
2647 2833 2702 2880 et
2733 2823 3190 2896 arcltangelorum
3231 2827 3311 2881 lo-

1727 2936 1850 2977 cum
1881 2919 2180 2984 habebunt,
2216 2918 2321 2973 nisi
2357 2918 2605 2972 dicamus
2626 2915 2985 2970 similitudine
3007 2933 3165 2971 usum
3189 2931 3311 2972 esse

1727 3011 2196 3085 sapientissimum
2238 3009 2528 3065 Dominum
2556 3049 2572 3073 ,
2619 3008 2787 3080 idque
2816 3009 2902 3063 vel
2939 3014 3164 3079 propter
3205 3007 3310 3062 lm-

1724 3107 1907 3161 milem
1947 3106 2268 3162 voluntariae
2317 3102 2660 3175 paupertatis
2711 3109 2766 3158 et
2807 3101 2875 3156 ad
2931 3109 3177 3156 nostram
3223 3110 3308 3156 te-

1724 3200 1990 3254 nuitatem
2022 3197 2435 3261 demissiuuem,
2475 3209 2568 3266 per
2611 3209 2776 3264 quam
2821 3193 2980 3250 nobis
3027 3193 3223 3246 umbra
3254 3205 3309 3247 et

1723 3290 2078 3361 refrigerium
2111 3289 2172 3344 ﬁt
2195 3290 2446 3344 dolorum
2477 3289 2764 3356 praesentis
2791 3286 2946 3350 vitae;
2978 3287 3060 3340 vel
3089 3293 3310 3355 propter

1723 3384 2164 3441 mediocritatem
2195 3383 2495 3454 evangelici
2528 3382 2729 3453 gregis,
2755 3383 2847 3452 qui
2876 3381 3083 3436 eratab
3115 3379 3304 3444 initio;

1723 3480 1809 3534 vel
1856 3487 2083 3549 propter
2126 3477 2437 3532 divinitatis
2477 3476 2530 3530 in
2564 3473 2747 3530 Verbo
2796 3473 3108 3528 acrcdinem
3137 3510 3153 3536 ,
3211 3487 3309 3542 per

1723 3585 1886 3642 quam
1924 3568 2145 3624 cientur
2181 3569 2332 3624 nives
2379 3568 2746 3639 lacrymarum
2792 3566 3047 3620 delicatis
3081 3571 3134 3619 et
3171 3564 3308 3617 mol-

1723 3664 1867 3718 libus
1913 3677 2010 3733 per
2047 3662 2307 3715 virtutem
2355 3658 2712 3715 iutel!ectuali
2760 3658 3095 3729 pmtiitentia:
3127 3656 3305 3726 sinapi

1722 3755 2187 3829 participantibus
2221 3769 2235 3806 :
2284 3767 2398 3824 quo
2427 3761 2480 3807 et
2512 3752 2734 3807 divinus
2775 3759 2924 3804 vates
2965 3748 3198 3804 Davidcs
3247 3764 3307 3803 se

1721 3852 1979 3906 satiatum
2044 3849 2194 3904 canit
2236 3867 2249 3903 :
2300 3845 2510 3902 Lavabo
2553 3845 2777 3915 singulis
2833 3843 3075 3897 noctibus
3115 3845 3304 3895 lectum

1722 3959 1915 4007 meum,
1965 3943 2220 4013 Mcrymis
2265 3942 2394 3994 meis
2425 3949 2653 3993 stratum
2698 3952 2869 3990 meum
2914 3933 3179 4005 rigabo".
3239 3933 3306 3986 Et

1721 4051 1964 4092 rursus:
2019 4029 2340 4088 Derursibus
2387 4045 2648 4100 aquarum
2691 4027 2950 4083 submersi
2996 4034 3118 4080 sunt
3165 4027 3306 4079 oculi

1720 4125 1910 4183 mei“.
1973 4124 2071 4181 Vel
2124 4132 2349 4196 propter
2408 4121 2650 4174 futurum
2703 4117 2948 4173 divinum
2993 4115 3299 4185 judicium,

1719 4219 1862 4291 quod
1894 4217 2150 4272 acerbum
2184 4211 2531 4284 superveniet
2560 4211 2628 4264 iis
2667 4208 2760 4278 qui
2811 4206 3052 4278 superati
3099 4214 3227 4261 sunt
3270 4219 3301 4258 a

1720 4311 1867 4365 vitiis
1906 4323 1922 4363 :
1956 4303 2418 4379 quemadmodum
2471 4301 2675 4372 ubique
2715 4299 2900 4355 divina
2943 4297 3139 4370 pagina
3177 4313 3302 4370 per-

1721 4403 1893 4466 bibet,
1929 4412 1982 4455 et
2027 4407 2268 4454 externa)
2311 4394 2577 4450 doctrina:
2605 4407 2702 4464 per
2741 4391 3022 4447 Platonem
3059 4390 3302 4448 ululatus

1721 4493 1981 4565 lugubres
2013 4491 2066 4546 in
2106 4489 2215 4562 igni
2248 4489 2463 4544 futuros
2494 4488 2791 4540 minantur.
2833 4483 2928 4539 Vel
2961 4493 3184 4555 propter
3216 4485 3302 4538 in-

1721 4585 1952 4640 divisam
1979 4593 2032 4638 et
2067 4582 2487 4654 inseparabilem
2523 4580 2682 4634 Verbi
2717 4587 2771 4633 et
2804 4579 2992 4633 carnis
3015 4580 3298 4641 unionem,

1719 4688 1772 4734 ct
1805 4694 1969 4733 unam
2019 4676 2380 4749 hypostasin,
2431 4675 2585 4730 nullo
2626 4676 2792 4728 verbo
2831 4680 2923 4725 aut
2967 4671 3302 4742 cogitatione

1721 4771 2103 4842 separabilem.
2139 4770 2272 4825 Nam
2298 4771 2448 4824 illico
2477 4768 2682 4824 excidit
2713 4768 2956 4820 divinum
2989 4765 3137 4834 regni
3173 4779 3300 4833 gra-

1723 4881 1850 4920 num
1889 4878 1990 4934 per
2019 4864 2218 4934 digitos
2263 4863 2462 4918 mentis
2503 4875 2692 4916 eorum
2735 4859 2826 4929 qui
2864 4859 3136 4916 dividunt,
3177 4858 3298 4909 bla-

1722 4958 2079 5027 sphemorum
2108 4955 2360 5009 manibus
2383 4952 2584 5008 includi
2619 4963 2964 5022 nequaquam
2997 4947 3299 5002 sustinens.

1725 5048 1832 5104 Sed
1867 5063 2048 5118 neque
2081 5044 2380 5102 manifesto
2425 5045 2715 5114 quisquam
2757 5043 2899 5097 scire
2929 5045 3130 5111 potest,
3168 5053 3299 5092 num

1721 5141 2123 5197 Parmmiarum
2159 5141 2398 5210 scriptor
2432 5138 2691 5193 Salomon
2725 5136 2792 5190 de
2819 5133 2956 5188 Filio
2985 5131 3082 5186 Dei
3115 5131 3304 5202 loqua-

1723 5244 1833 5301 tur,
1869 5251 1994 5290 cum
2029 5234 2128 5302 ait,
2162 5234 2420 5288 Dominus
2451 5231 2644 5286 creavit
2679 5244 2758 5282 me
2785 5246 2803 5283 :
2845 5226 2930 5282 vel
2959 5225 3178 5282 etiamsi
3222 5225 3303 5280 sic

1721 5328 2024 5397 accipiatur
2061 5328 2326 5398 sapientis
2354 5326 2506 5380 illius
2541 5323 2640 5378 viri
2664 5322 2891 5386 dictum,
2921 5319 3138 5374 videtur
3169 5319 3300 5372 mihi

1720 5420 2032 5492 signiﬁcare
2062 5420 2355 5474 adventum
2387 5418 2528 5472 uniti
2569 5431 2692 5470 cum
2724 5413 2833 5470 Deo
2882 5412 3144 5476 hominis,
3175 5426 3298 5465 cum

1719 5517 1795 5567 ait
1823 5533 1834 5568 :
1873 5513 2129 5568 Dominus
2158 5515 2354 5568 creavit
2379 5531 2477 5577 me,
2505 5512 2718 5566 initium
2747 5509 2953 5564 viarum
2986 5522 3203 5561 suarum
3233 5505 3301 5557 ad

1718 5621 1875 5675 opera
1912 5621 2033 5658 sua.
2081 5605 2214 5658 Ante
2255 5621 2419 5659 trram
2463 5619 2542 5657 me
2572 5600 2840 5671 fundavit,
2891 5608 2940 5653 et
2972 5606 3093 5651 ante
3123 5610 3302 5650 omnes

46 5805 133 5890 ,ζ’
165 5803 333 5864 Hebr.
365 5823 448 5878 ιιι,
485 5808 536 5874 Ι,
564 5809 620 5864 2.
698 5809 742 5842 ³⁸
766 5809 887 5868 Act.
921 5826 980 5874 ιι,
1013 5811 1101 5865 56.
1179 5811 1223 5847 ⁸ο
1247 5811 1405 5871 Prov.
1435 5832 1553 5878 vui,
1586 5816 1620 5868 9.

1752 5814 1791 5846 ⁵⁸
1831 5812 2016 5868 Matth.
2051 5825 2173 5879 xm,
2204 5813 2292 5867 5|.
2373 5813 2416 5845 ⁶²
2446 5806 2592 5868 Ρείιι.
2620 5826 2697 5880 Vl,
2727 5808 2784 5864 7.
2862 5806 2908 5840 ⁸⁸
2935 5803 3080 5861 9831-
3103 5815 3296 5866 CXVI":
