3818 6524
579 370 685 428 839

578 484 738 540 colles
771 482 933 553 gignit
963 495 1042 534 me
1056 479 1124 535 δ’.
1167 476 1454 545 Quomodo
1485 477 1653 548 igitur
1681 481 1924 550 genitum
1957 478 2155 533 funda-

578 573 709 629 tur?
738 581 829 624 aut
858 568 1133 640 quomodo
1155 575 1400 624 creatum
1431 569 1711 639 gignitur?
1742 567 1878 622 Nam
1909 578 2154 624 creatura

580 669 821 738 genitum
867 679 975 718 non
1031 671 1136 726 est,
1187 668 1243 717 et
1295 663 1541 732 genitum
1592 672 1836 718 creatum
1892 676 2002 715 non
2048 671 2151 718 est.

579 759 739 814 Aliud
763 756 906 812 enim
955 763 1039 810 est
1079 755 1232 820 illud,
1278 762 1332 809 et
1366 754 1513 808 aliud
1566 755 1691 808 hoc.
1742 753 1984 823 Utraque
2030 767 2159 809 vero

577 849 830 906 videmus
848 861 972 902 esse
999 843 1196 900 Filium
1229 862 1241 898 :
1276 846 1577 900 increatum
1603 845 1820 913 quidem
1852 843 2157 908 divinitate,

580 951 829 996 creatura
861 952 992 994 vero
1023 937 1388 992 humanitate.
1425 935 1521 990 Est
1543 947 1726 991 autem
1763 935 2018 1006 frequens
2043 951 2161 991 mos

583 1048 755 1088 sacrae
783 1031 1103 1101 Scripturaa,
1128 1044 1191 1083 ea
1219 1044 1341 1100 quae
1375 1029 1534 1084 nobis
1564 1027 1787 1097 prOpria
1815 1035 1965 1092 sunt,
2009 1027 2157 1081 indi-

498 1177 508 1188 ,
583 1135 710 1175 care
741 1120 1000 1192 primum,
1031 1125 1084 1174 et
1122 1118 1382 1188 deinceps
1414 1117 1746 1186 antiquiora.
1782 1116 1874 1171 Sic
1904 1115 2048 1171 enim
2083 1115 2162 1170 la-

582 1212 658 1264 cit
703 1217 757 1265 et
792 1209 1012 1264 divinus
1053 1206 1364 1269 Matthaeus,
1412 1224 1478 1262 ex
1531 1206 2026 1277 pr0pinquiorihus
2071 1221 2163 1260 or-

582 1303 740 1358 diens
789 1302 1118 1356 annuntiare
1176 1300 1338 1356 nobis
1396 1299 1749 1371 Evangelium
1804 1300 1872 1354 de
1921 1299 2161 1354 Christo.

581 1391 759 1457 Liber,
817 1392 1072 1462 inquiens
1092 1391 1162 1456 δ’,
1207 1393 1562 1462 generationis
1619 1391 1748 1446 Jesu
1799 1391 2022 1456 Christi,
2060 1391 2165 1461 ﬁlii

582 1483 825 1548 Doridis,
867 1484 969 1554 ﬁlii
999 1483 1292 1537 Abrahami
1321 1500 1340 1536 :
1373 1485 1571 1556 partim
1598 1484 1816 1554 quidem
1841 1481 2061 1538 Judaaos
2089 1483 2166 1536 al-

585 1575 796 1636 liciens,
833 1572 973 1628 ﬁlios
1012 1572 1310 1626 Ahrahami
1359 1588 1482 1628 sese
1520 1572 1662 1628 falso
1702 1573 2082 1644 prmdicantes,
2111 1581 2165 1628 et

582 1681 723 1720 vane
760 1681 819 1721 se
846 1666 1119 1736 iactantes
1164 1673 1388 1734 propter
1419 1665 1568 1720 viros
1611 1676 1870 1729 sanctos,
1920 1679 2160 1736 quorum

583 1758 708 1812 vitae
739 1757 1005 1811 rationem
1057 1770 1164 1811 non
1219 1754 1576 1810 imitabantur
1610 1771 1622 1806 :
1667 1755 1864 1826 partim
1900 1770 2029 1810 vero
2072 1770 2164 1807 ru-

583 1851 768 1906 diores
814 1865 912 1920 per
963 1849 1353 1920 propinquiora
1401 1849 1454 1902 in
1506 1849 1746 1904 divinam
1797 1849 2163 1920 cognitionem

585 1943 814 2006 ducens,
844 1951 899 1998 et
942 1941 995 1995 in
1041 1941 1338 2011 Evangelia
1366 1941 1562 1996 deinde
1604 1941 1978 2010 progrediens,
2010 1940 2163 1994 ordi-

587 2047 677 2089 tur
705 2035 887 2088 divina
922 2032 1222 2104 praedicare
1271 2034 1337 2088 de
1377 2033 1618 2097 Christo,
1649 2032 1805 2101 quasi
1835 2047 1930 2102 per
1960 2030 2164 2086 scalam

587 2122 826 2191 aliquam
875 2121 1190 2178 subducens
1219 2122 1284 2176 ad
1330 2121 1600 2175 diviniora
1650 2128 1900 2176 nostrum
1953 2121 2165 2175 intelle-

586 2221 761 2269 ctum.
813 2213 996 2284 lnquit
1042 2215 1210 2286 igitur
1249 2231 1431 2270 rerum
1472 2215 1780 2269 divinarum
1820 2215 2028 2284 peritus
2077 2213 2168 2269 ille

588 2306 856 2361 Salomon
891 2324 903 2359 :
939 2305 1199 2360 Dominus
1227 2308 1422 2360 creavit
1451 2323 1550 2370 me,
1573 2307 1782 2360 initium
1808 2307 2012 2360 viarum
2037 2324 2165 2360 sua-

587 2414 708 2451 rum
738 2413 756 2451 :
785 2397 1001 2452 initium
1035 2398 1251 2452 scilicet
1282 2398 1382 2452 vim
1419 2398 1644 2466 justitize
1679 2396 1980 2469 Evangelii,
2021 2399 2167 2467 quos!

587 2497 672 2545 est
699 2488 1000 2543 secundum
1034 2504 1254 2544 carnem
1290 2488 1450 2544 nobis
1478 2505 1545 2543 ex
1577 2498 1851 2560 perpetuae
1877 2491 2169 2560 virginita-

588 2582 660 2637 tis
706 2588 878 2635 matre
922 2579 1093 2636 Maria
1156 2582 1412 2637 nativitas
1461 2580 1557 2636 Dei
1615 2579 1803 2648 Verbi,
1854 2582 2002 2650 quod
2051 2592 2171 2638 ante

589 2691 756 2730 tvvttm
780 2691 858 2729 me
877 2674 1140 2744 fundavit.
1165 2673 1469 2746 Antequam
1497 2675 1787 2730 circularis
1807 2682 1952 2731 esset
1977 2675 2174 2732 hebdo-

590 2765 750 2821 mada
776 2767 961 2821 szeculi
991 2767 1297 2838 prwsentis,
1327 2774 1482 2822 sexta
1532 2768 1619 2823 die
1652 2767 1837 2822 anima
1874 2768 1930 2821 in
1963 2768 2172 2824 Adamo

590 2859 816 2914 fundata
866 2868 950 2915 est
997 2861 1065 2916 ab
1117 2859 1312 2931 opiﬁce
1346 2868 1556 2915 natura:
1587 2867 1811 2915 nostrae.
1866 2860 2048 2929 Atque
2090 2861 2172 2916 sic

591 2963 715 3026 post
745 2963 955 3010 sextam
987 2956 1218 3026 septima
1241 2955 1405 3026 hujus
1439 2955 1623 3012 saeculi
1652 2956 2008 3011 constituitur
2030 2954 2170 3021 dies,

592 3049 793 3117 septies
826 3048 882 3102 in
916 3049 1263 3120 semetipsam
1308 3050 1552 3104 revoluta
1584 3065 1680 3120 per
1712 3057 1887 3102 totum
1925 3063 2168 3120 praesens

592 3163 871 3217 sarculum.
899 3161 979 3216 Ad
999 3161 1274 3218 diviniora
1301 3171 1484 3218 autem
1519 3171 1574 3218 et
1604 3165 1912 3234 antiquiora
1945 3178 2170 3233 progre-

592 3255 772 3315 diens,
822 3253 1044 3324 inquit:
1090 3255 1225 3309 Ante
1261 3271 1440 3310 omnes
1482 3256 1644 3310 colles
1691 3256 1855 3326 gignit
1904 3269 2028 3309 me:
2075 3270 2171 3324 per

593 3346 800 3406 col’as,
851 3346 955 3400 hoc
1005 3346 1161 3412 loco,
1201 3349 1372 3404 cmlos
1407 3349 1490 3403 vel
1537 3355 1682 3403 certe
1713 3363 1806 3402 eas
1839 3361 1960 3417 quae
2004 3360 2173 3413 supra

593 3435 764 3490 cmlos
809 3441 938 3490 sunt
981 3444 1278 3505 potestates
1325 3437 1665 3508 signiﬁcans.
1699 3436 1818 3491 Non
1849 3436 1994 3492 enim
2023 3437 2170 3497 caeli,

595 3542 707 3582 non
742 3527 939 3596 angeli,
984 3543 1090 3580 non
1121 3528 1456 3600 archangeli,
1491 3545 1599 3584 non
1639 3530 1902 3598 temporis
1933 3525 2176 3598 qualitas

597 3627 693 3673 aut
721 3619 1022 3688 quantitas,
1073 3635 1178 3673 non
1219 3622 1505 3684 saaculum,
1537 3637 1646 3674 non
1679 3621 1826 3674 aliud
1875 3619 2173 3689 quidquam

597 3709 744 3780 quod
781 3709 1009 3779 cogitari
1053 3710 1134 3764 vel
1174 3709 1284 3764 dici
1331 3718 1532 3781 potest,
1567 3711 1854 3780 antiquius
1893 3719 1976 3767 est
2011 3709 2173 3765 Filio.

599 3802 731 3854 Nam
765 3800 882 3870 ipse
915 3803 1241 3857 saeculorum
1276 3804 1526 3858 conditor
1557 3814 1668 3867 est,
1700 3805 2053 3873 omniumun
2088 3820 2174 3859 re—

599 3912 719 3950 rum
773 3895 828 3950 in
881 3897 1225 3962 universum,
1265 3905 1453 3968 aperte
1486 3898 1754 3953 clamante
1793 3897 1960 3952 Paulo
2007 3914 2020 3950 :
2075 3897 2179 3951 Per

597 4006 748 4058 quem
791 3999 840 4043 et
884 3991 1077 4044 secula
1120 3990 1355 4046 condidit
1375 3991 1459 4058 “;
1501 3999 1575 4054 et,
1612 3989 1677 4045 In
1712 3993 1822 4060 ipso
1843 4000 2023 4046 creata
2061 4002 2185 4045 sunt

599 4083 845 4136 universa
876 4091 986 4136 tam
1017 4083 1364 4152 aspectabitia
1401 4099 1561 4152 quam
1591 4084 2015 4153 inaspectabilia,
2051 4099 2182 4153 quo—

600 4175 744 4227 niam
783 4173 960 4226 omnia
987 4190 1076 4241 per
1107 4175 1279 4238 ipsum
1322 4174 1468 4242 facta
1496 4186 1619 4229 sunt
1641 4177 1703 4230 δ’.
1759 4175 1986 4230 Creatur
2018 4173 2184 4244 igitur

599 4281 664 4320 ex
717 4264 884 4320 Maria
922 4268 1134 4321 ratione
1176 4269 1357 4321 carnis
1400 4278 1715 4337 assumpta},
1761 4267 2023 4322 fundatur
2052 4279 2183 4320 vero

602 4358 784 4410 anima
833 4355 887 4409 in
921 4367 1106 4412 creato
1137 4373 1400 4426 corpore;
1458 4359 1713 4430 utrisque
1759 4369 1940 4416 autem
1996 4362 2184 4414 unitus

1602 360 1660 419 S.
1691 362 1994 420 CAESAR"
2027 361 2353 422 GREGORII
2389 363 2695 421 FRATRIS
3659 380 3726 434 ωε

2257 481 2444 543 vitat;
2481 480 2553 531 Τὸ
2581 479 2689 550 γὰρ
2723 477 2938 532 κτιστὸν
2968 479 3026 531 οὐ
3057 480 3329 553 γεννητὸν,
3358 482 3414 535 τὸ
3435 483 3485 537 δὲ
3523 491 3729 558 γεννητὸν,

2257 574 2317 626 οὐ
2362 573 2616 627 κτιστύν
2671 573 2856 643 ἕτερον
2903 572 3012 644 γὰρ
3051 575 3244 640 ἐκεῖνο,
3287 575 3496 647 θάτερον
3530 579 3577 631 δὲ
3609 583 3728 638 τοῦτο,

2278 665 2585 736 ’Δμφότερα
2617 665 2674 717 δὲ
2710 667 2926 737 ὁρῶμεν
2964 666 3091 719 ὄντα
3135 667 3225 720 τὸν
3255 667 3378 720 Υἰόν
3397 683 3408 697 ·
3441 669 3646 724 ἇκτιστον
3668 676 3732 742 μὲν

2259 757 2496 826 Οεότητι,
2531 757 2745 810 κτιστὸν
2787 758 2844 811 δὲ
2898 758 3295 829 ἀνθρωπότητι.
3343 753 3470 811 Ἀλλ’
3511 761 3608 824 ἔθος
3645 765 3730 815 πολ-

2257 848 2418 919 λαχοῦ
2454 853 2518 919 τῇ
2553 849 2672 920 θείᾳ
2709 851 2897 922 Γραφῇ
2927 851 2998 904 τὰ
3023 851 3298 918 ἐγγύτατα
3334 853 3456 920 ἡμῖν
3489 854 3644 923 πρῶτα
3666 874 3731 926 crr

2264 942 2495 1013 μαίνειν,
2544 941 2735 996 καὶτὰ
2782 943 3004 1013 ἀρχαῖα,
3052 942 3301 1012 δεύτερα.
3334 943 3479 997 Οὕτω
3502 947 3591 1017 γὰρ
3628 952 3734 1003 καὶὸ

2263 1031 2405 1096 θεῖος
2432 1031 2706 1096 Ματθαίος
2755 1036 2919 1094 ποιεῖ,
2953 1034 3016 1084 ὲκ
3050 1031 3158 1085 τῶν
3203 1034 3496 1105 ὲγγυτέρωύ
3532 1037 3606 1089 καὶ
3629 1040 3734 1110 εὐλη-

2263 1126 2542 1194 πτοτέρων
2573 1126 2872 1197 ἀρχόμενος
2911 1127 3042 1196 ἡμῖν
3083 1126 3173 1178 τὸν
3222 1127 3446 1196 Χριστὸν
3473 1130 3735 1198 εὐαγγελίζε-

2261 1234 2352 1270 ται
2377 1235 2388 1245 ·
2421 1217 2638 1282 Βίϐλος
2668 1217 2961 1287 γενέσεως
3018 1217 3222 1284 Ἰησοῦ
3259 1220 3517 1285 Χριστοῦ,
3541 1223 3644 1276 υἱοῦ
3665 1229 3737 1276 Δα-

2265 1309 2378 1374 ϐὶδ,
2407 1309 2540 1364 υἱοῦ
2583 1309 2862 1379 Ἀϐραάμο
2895 1309 3052 1362 τοῦτο
3084 1310 3182 1380 μὲν
3217 1310 3484 1374 Ἰουδαίους
3506 1313 3738 1384 ἐπισπώμε-

2263 1420 2373 1468 νος,
2405 1403 2570 1456 τέκνα
2598 1401 2691 1456 τοῦ
2750 1402 3002 1474 Ἀϐραὰμ
3049 1403 3315 1473 ὑπάρχειν
3352 1403 3738 1476 ψευδηγοροῦντας,

2265 1496 2361 1550 καὶ
2388 1495 2815 1566 σεμνυνομένους
2850 1495 2971 1564 εεκῆ
3018 1496 3131 1557 τοῖς
3179 1493 3489 1560 Θεσπεσίοις,
3516 1490 3579 1550 ὧν
3610 1516 3653 1550 τε
3673 1502 3740 1568 τὴν

2266 1587 2539 1640 πολιτείαν
2587 1587 2687 1639 οὐκ
2756 1586 3127 1656 ἐμιμήσαντοο
3175 1583 3334 1638 τοῦτο
3380 1586 3432 1638 δὲ
3475 1589 3742 1656 νηπιάζοντος

2265 1679 2348 1732 ἔτι
2379 1679 2474 1732 τοῦ
2511 1678 2697 1732 Θιάσου
2736 1680 2800 1731 ὲκ
2826 1678 2936 1731 τῶν
2963 1679 3276 1751 ὲγγυτέρων
3317 1680 3452 1750 ἡμᾶς
3481 1683 3549 1744 εἰς
3580 1683 3743 1750 0507a»-

2268 1773 2388 1824 σιαν
2431 1771 2671 1842 ποδηγεῖ,
2711 1770 2807 1825 καὶ
2852 1770 3056 1844 προῖὼν
3083 1771 3164 1842 τῷ
3230 1771 3520 1844 Εὖαγγελίῳ
3551 1774 3744 1842 Θεολογείν

2266 1865 2358 1917 τὸν
2389 1866 2622 1934 Χριστὸν
2647 1865 2892 1935 ἄρχεται,
2920 1865 3108 1935 ὥσπερ
3134 1863 3226 1917 διὰ
3250 1864 3499 1934 κλίμακάς
3523 1883 3634 1931 τινος
3654 1869 3744 1920 ἀνά-

2265 1975 2378 2026 γων
2425 1956 2582 2028 ἡμῶν
2635 1957 2772 2027 πρὸς
2829 1955 2899 2008 τὰ
2951 1955 3202 2026 Θειότερα
3254 1957 3350 2027 τὴν
3393 1957 3611 2010 διάνοιαν.
3651 1961 3744 2029 Φησὶ

2265 2047 2396 2116 γοῦν
2443 2049 2472 2099 ὁ
2509 2045 2614 2100 τῶν
2654 2046 2812 2099 Θείων
2861 2044 3023 2115 σοφὸς
3066 2046 3341 2116 Σολομὼν,
3385 2045 3574 2116 Κύριος
3603 2049 3741 2103 ἐκτισέ

2265 2155 2343 2209 με
2395 2138 2594 2209 ἀρχὴν
2627 2138 2781 2192 ὁδῶν
2827 2137 3046 2192 αὐτοῦ’
3090 2138 3268 2210 ἀρχὴν
3311 2140 3414 2210 γὰρ
3450 2141 3552 2193 ὁδοῦ
3589 2142 3660 2210 τῆς
3690 2143 3740 2193 διο

2267 2233 2561 2305 καιοσύνης
2593 2232 2689 2285 τοῦ
2718 2230 3072 2300 Εὑαγγελίου,
3107 2233 3171 2285 τὸ
3200 2234 3338 2286 κατὰ
3385 2234 3542 2303 σάρκα
3582 2235 3681 2304 ἡμῖν
3703 2236 3741 2284 ἐκ

2269 2326 2370 2395 τῆς
2404 2323 2683 2388 ἁείπαιδος
2726 2324 2943 2396 Μαρίας
2971 2323 3228 2392 γενέσθαι
3268 2325 3355 2378 τὸν
3395 2325 3512 2378 Θεὸν
3546 2327 3743 2393 Aéyovﬁi;

2269 2420 2382 2489 πρὸ
2429 2419 2537 2474 τοῦ
2561 2416 2777 2483 αἰῶνος
2806 2417 3167 2486 ἐθεμελίωσέ
3201 2435 3297 2487 με.
3333 2418 3438 2490 Πρὸ
3470 2419 3547 2472 τοῦ
3571 2420 3743 2487 γενέσθαι

2269 2513 2366 2582 τὴν
2422 2511 2688 2580 κυκλικὴν
2732 2509 3004 2580 ἑϐδομάδα
3049 2509 3147 2562 τοῦ
3205 2511 3457 2582 παρόντος
3501 2511 3668 2574 αἰῶνος,
3701 2513 3742 2578 τῇ

2268 2601 2402 2673 ἕκτῃ
2435 2601 2619 2672 ἡμέρᾳ
2649 2601 2682 2670 ἡ
2714 2600 2860 2671 ψυχὴ
2895 2601 2951 2654 ὲν
2981 2595 3063 2667 τῷ
3110 2600 3288 2672 Ἀδὰμ
3328 2601 3616 2672 ὲθεμελιὼϐη
3647 2601 3744 2668 παρὰ

2269 2693 2364 2747 τοῦ
2409 2694 2692 2765 οἰκοδόμου
2881 2692 3097 2763 φύσεως
3138 2695 3321 2765 ἡμῶν,
3372 2695 3460 2748 καὶ
3484 2694 3622 2755 οὕτως
3657 2693 3744 2760 μετὰ

2277 2785 2376 2856 τὴν
2397 2784 2564 2855 ἕκτην
2590 2786 2622 2856 ἡ
2657 2785 2860 2856 ἑϐδόμη
2888 2784 2980 2837 τοῦ
3011 2783 3213 2848 αἰῶνος
3238 2785 3603 2856 δημιουργεῖται
3623 2783 3745 2851 ἡμέρα

2274 2875 2507 2939 ἑπτάκις
2536 2873 2986 2946 ἀνακυκλουμένη
3028 2876 3106 2938 εἰς
3147 2875 3345 2945 ἑαυτὴν
3388 2873 3469 2928 διὰ
3505 2874 3659 2935 παντὸς
3685 2871 3743 2924 τοῦ

2275 2967 2572 3030 ἐνεστῶτος
2605 2966 2821 3030 αἰῶνος.
2865 2968 2992 3021 Ἐπὶ
3019 2967 3076 3020 δὲ
3103 2967 3174 3022 τὰ
3205 2967 3442 3038 Θειότερα
3481 2967 3559 3019 καὶ
3581 2965 3744 3035 unus.

2276 3076 2409 3130 τερα
2437 3058 2664 3130 προῖὼν,
2702 3059 2834 3128 φησί
2853 3075 2867 3089 ο
2895 3059 3011 3128 Πρὸ
3035 3058 3105 3111 δὲ
3142 3058 3382 3113 πάντων
3401 3055 3608 3122 ﬂoorth
3626 3052 3746 3124 γεννᾷ

2270 3169 2345 3221 με
2372 3168 2386 3182 ·
2432 3150 2652 3220 βουνοὺς
2688 3147 2920 3202 ἐνταῦθα
2962 3150 3087 3211 τοὺς
3113 3149 3396 3220 οὐρανοὺς,
3434 3150 3535 3218 ἦτοι
3561 3146 3636 3206 τὰς
3656 3145 3743 3213 ὑπὲρ

2275 3244 2471 3307 αὐτοὺς
2512 3243 2766 3312 δυνάμεις
2798 3239 2993 3312 δηλῶν.
3036 3241 3151 3294 Οὐκ
3183 3239 3396 3312 οὐρανοὶ
3431 3238 3543 3307 γὰρ,
3580 3237 3655 3288 οὐκ
3684 3235 3741 3299 ἆγ-

2275 3333 2446 3403 γελοι,
2491 3331 2591 3385 οὐκ
2629 3331 2984 3403 ἀρχάγγελοι,
3029 3331 3089 3384 οὐ
3137 3331 3350 3402 καιρὸς,
3395 3329 3451 3382 οὺ
3492 3327 3654 3398 χρόνος,
3684 3325 3742 3374 οὐκ

2279 3424 2434 3488 αἰὼν,
2469 3426 2569 3494 οὐχ
2608 3424 2794 3496 ἕτερόν
2823 3440 2878 3475 τι
2917 3421 3209 3493 νοούμενον
3256 3423 3290 3495 ἢ
3333 3420 3636 3491 φραζόμενον,
3657 3431 3742 3483 τερε-

2277 3516 2538 3587 σϐύτερον
2568 3507 2660 3568 τοῦ
2691 3515 2843 3569 Υἱοῦ.
2880 3515 3052 3579 Αὐτὸς
3083 3514 3197 3587 γὰρ
3224 3515 3447 3584 ὑπάρχει
3469 3511 3649 3578 ποιητὴς
3677 3506 3747 3557 τῶν

2281 3609 2493 3663 αἰώνων
2546 3609 2638 3662 καὶ
2691 3609 2908 3661 πάντων
2959 3605 3127 3676 ὁμοῦ⁹
3161 3605 3369 3658 Παύλου
3421 3605 3508 3674 μὲν
3541 3599 3746 3672 διαρρήδην

2285 3702 2515 3772 βοῶντος
2545 3700 2626 3766 τὸ,
2657 3701 2734 3753 Δι’
2777 3695 2847 3755 οὗ
2883 3698 2981 3751 καὶ
3025 3697 3169 3764 τοὺς
3205 3695 3418 3760 aldi-rat;
3451 3695 3664 3759 ἐποίησε,
3685 3691 3744 3739 καὶ

2283 3795 2364 3855 τὸ,
2414 3795 2510 3846 Ἐν
2539 3791 2700 3856 αὐτῷ
2722 3792 2966 3857 ἐκτίσθη
3003 3791 3073 3843 τὰ
3102 3789 3320 3852 πάντα,
3347 3785 3416 3840 τά
3439 3803 3494 3839 τε
3531 3779 3746 3853 όρατὰκαὶ

2286 3887 2527 3953 ἀόρατα,
2571 3883 2658 3937 ὅτι
2695 3883 2893 3936 πάντα
2939 3881 3013 3935 δι’
3064 3881 3254 3936 αὐτοῦ
3304 3879 3533 3950 ἐγένετο.
3571 3875 3746 3936 κτίζεται

2283 3975 2375 4031 οὖν
2400 3978 2464 4030 ὲκ
2491 3975 2708 4048 Μαρίας
2737 3973 2815 4044 τῷ
2841 3973 3251 4045 προσλήμματι,
3275 3969 3578 4042 θεμελιοῦται
3599 3966 3642 4019 δὲ
3654 3963 3745 4032 tinxi,

2283 4073 2342 4124 ὲν
2379 4067 2458 4140 τῷ
2489 4065 2792 4137 κτιζομένῳ
2822 4065 3055 4136 σώματι,
3088 4066 3294 4136 ἀμφοῖν
3321 4064 3375 4118 δὲ
3401 4065 3426 4117 ό
3455 4062 3592 4128 Λόγος
3615 4055 3746 4109 καταλ-

2282 4162 2458 4232 λήλως
2490 4158 2733 4222 ἐνωθεὶς,
2771 4157 2986 4220 κτιστὸς
3023 4157 3123 4227 μὲν
3155 4159 3345 4228 ὁρᾶται
3372 4154 3552 4226 βροτὸς,
3577 4151 3745 4204 ἄκτιςτκ

2287 4253 2344 4306 δὲ
2391 4253 2592 4305 νοεῖται
2638 4249 2788 4314 θεὸς,
2833 4249 2894 4313 ἐξ
2943 4249 3202 4304 ἁκτίστου
3254 4247 3452 4318 Πατρδς
3504 4241 3665 4310 πατέρα
3701 4233 3744 4303 μὴ

603 4448 804 4511 Verbo,
837 4457 1050 4504 creatus
1099 4449 1314 4520 quidem
1349 4453 1596 4508 cernitur
1640 4456 1832 4519 homo,
1865 4455 2147 4508 increatus
2197 4455 2378 4504 autem
2431 4437 2753 4510 intelligitur
2776 4433 2921 4492 Deus
2947 4449 3013 4489 ex
3046 4437 3291 4489 incrcato
3322 4431 3471 4486 Patre
3517 4441 3570 4482 ac
3607 4431 3743 4494 patrem

605 4555 714 4595 non
743 4541 996 4596 habente.

997 4651 1515 4710 INTERROGATIO
1554 4656 1795 4712 XXXVI.

693 4743 763 4798 At
819 4747 1095 4814 quomodo
1147 4745 1264 4816 ipse
1319 4747 1490 4804 Filius
1530 4757 1775 4805 creatum
1827 4751 2176 4819 semetipsum

607 4834 868 4897 ostendit.
897 4835 1085 4890 dicens
1111 4855 1125 4892 :
1150 4836 1260 4907 Ego
1289 4854 1406 4892 sum
1429 4840 1624 4894 ostium
1650 4841 1906 4904 ovium",
1933 4851 1986 4896 et
2012 4840 2183 4895 via“?

609 4929 870 4985 Similiter
895 4937 949 4982 et
980 4944 1008 4982 a
1041 4930 1324 5000 prophetis
1367 4939 1593 4988 creatus
1638 4948 1760 4988 esse
1797 4934 2076 4997 innuitur;
2115 4931 2185 4984 ab

607 5022 745 5076 Isaia
777 5021 1018 5091 quidem.
1065 5038 1188 5076 cum
1233 5024 1370 5094 lapis
1406 5025 1708 5093 oﬂ‘ensionis
1753 5025 1975 5089 dicitur,
2012 5033 2066 5080 et
2094 5040 2184 5093 pe-

609 5123 693 5165 tm
727 5110 967 5166 scandali
999 5112 1080 5178 ";
1113 5127 1142 5164 a
1189 5112 1389 5169 Davide
1431 5128 1582 5179 vero,
1619 5115 1874 5170 columna
1926 5115 2104 5185 ignis;
2133 5122 2187 5169 et

609 5204 678 5258 ab
711 5203 856 5267 aliis,
890 5205 997 5268 leo,
1024 5205 1144 5259 ovis
1175 5214 1230 5260 et
1265 5206 1370 5260 alia
1405 5206 1828 5276 quamplurima.
1857 5222 1860 5224 ‘

1241 5379 1531 5448 Responsio
1541 5419 1556 5437 .

681 5471 750 5524 At
770 5468 1069 5526 cavendum
1100 5486 1164 5525 ne
1190 5472 1382 5527 littera:
1403 5473 1750 5528 dormitando
1778 5472 2181 5538 incumbentes,

611 5578 714 5618 nos
745 5563 896 5631 ipsos
930 5576 960 5616 a
985 5561 1351 5618 divinioribus
1384 5565 1749 5620 secludamus.
1785 5562 1942 5630 Nam,
1978 5577 2181 5618 secun-

613 5655 742 5709 dum
771 5651 1031 5708 eximium
1075 5652 1432 5722 Apostolum,
1483 5655 1660 5709 littera
1701 5655 1915 5720 occidit,
1959 5655 2180 5724 spiritus

685 5787 731 5819 “
759 5786 917 5843 Prov.
951 5801 1068 5846 VIII,
1095 5785 1186 5847 22,
1220 5786 1313 5848 23.
1348 5785 1439 5841 23.
1533 5789 1578 5821 “
1606 5787 1794 5844 Matth.
1823 5805 1862 5854 ι,
1905 5788 1956 5843 1.

616 5871 727 5926 xiv,
758 5858 810 5913 6.
904 5860 946 5890 ⁸³
975 5859 1074 5912 lsa.
1109 5874 1222 5919 vui,
1256 5855 1340 5908 M.

2057 5786 2102 5819 “
2131 5784 2296 5841 Hebr.
2337 5801 2374 5851 ι,
2408 5783 2462 5838 2.

2857 4636 3107 4690 nam:
3146 4636 3283 4703 Λεῖι.

2357 4737 2468 4794 Καὶ
2503 4734 2620 4797 πῶς
2653 4732 2814 4794 αὐτὸς
2859 4729 2888 4781 ὁ
2936 4728 3064 4792 Υἱὸς
3106 4727 3323 4781 κτιστὸν
3362 4723 3536 4777 ἑαυτὸν
3581 4717 3742 4770 sums:

2288 4832 2534 4900 φάσκων,
2594 4823 2734 4892 Ἐγώ
2775 4825 2890 4891 εἰμι
2921 4822 2957 4888 ἡ
3002 4820 3151 4887 θύρα
3188 4815 3304 4872 τῶν
3333 4812 3616 4884 προϐάτων.
3638 4800 3742 4900 καὶιή

2289 4891 2465 4986 όδός;
2512 4917 2742 4988 Ὁμοίως
2772 4914 2828 4967 δὲ
2862 4913 2956 4966 καὶ
2989 4911 3093 4964 ὑπὸ
3122 4909 3231 4963 τῶν
3265 4900 3578 4978 προφητικῶν
3604 4891 3742 4988 κτητὸς

2293 4986 2698 5068 ὑποδείκνυήται,
2733 5004 2839 5058 ὑπὸ
2887 5003 2985 5073 μὲν
3023 5002 3244 5056 Ἡσαΐου
3282 5001 3441 5062 λίθος
3467 4986 3743 5082 προσκόμξξίξ·

2289 5121 2421 5168 τος,
2468 5101 2564 5154 καὶ
2615 5097 2801 5165 πέτρα
2844 5094 3227 5148 σκανδάλου·
3284 5089 3382 5144 ὑπὸ
3425 5086 3477 5139 δὲ
3514 5081 3588 5136 τοῦ
3623 5075 3739 5128 Διεῖὁ,

2291 5193 2584 5262 στυλοπὺρ,
2618 5189 2708 5260 ὑφ’
2743 5187 2946 5258 ἑτέρων
2980 5186 3036 5237 δὲ
3069 5185 3224 5248 λέων,
3256 5179 3522 5251 πρόϐατον,
3548 5171 3620 5224 καὶ
3640 5169 3740 5230 ἔτερ]

2289 5286 2538 5340 πλεῖστα.

2903 5370 3265 5438 Ἀπόκρισις.
3712 5438 3723 5448 η

2373 5469 2532 5523 Ἀλλὰ
2585 5466 2659 5539 μὴ
2708 5463 2785 5536 τῷ
2830 5462 3121 5533 γράμματι
3165 5451 3742 5540 προσκαθεύδονταςγ

2290 5562 2396 5620 τῶν
2425 5531 2709 5631 Θειοτέρῷν
2741 5531 3171 5626 ἀποκλείαωμεν.
3204 5553 3352 5605 Κατὰ
3376 5550 3473 5620 γὰρ
3500 5545 3574 5598 τὸν
3613 5531 3742 5631 1397115“

2302 5651 2648 5716 Ἀπόστολον,
2676 5649 2744 5704 Τὸ
2777 5648 3012 5719 γράμμα
3034 5645 3382 5704 ἀποκτείνει,
3412 5639 3471 5693 τὸ
3499 5633 3556 5688 δὲ
3584 5631 3743 5685 πνῖγμα

2563 5784 2606 5815 ⁸⁷
2638 5782 2849 5838 Coloss.
2881 5796 2916 5844 t,
2957 5779 3009 5834 7.
3114 5779 3159 5813 δ’
3186 5775 3335 5831 .Iuau.
3366 5791 3416 5838 Χ,
3445 5771 3488 5825 7.
3586 5753 3740 5811 "’“n'
