3814 6500
25 379 101 432 901
1382 367 1542 424 ΒΙΔῙ.⁴

1648 368 1725 425 US
1746 369 1785 423 l.

25 490 258 559 ζωοποιεῖ.
309 483 588 539 Ἀνάπαλιν
624 482 679 536 δὲ
709 485 882 555 φημί·
921 484 996 538 Οὑ
1044 486 1103 539 τὸ
1130 485 1365 558 γράμμα
1400 488 1541 541 ἀποο

25 585 190 643 κτείνει
234 579 350 641 τοὺς
389 574 559 648 ὀρθῶς
617 575 1081 639 ἀποσκοποῦντας,
1127 576 1235 630 οὐδ’
1270 572 1335 630 αὖ
1383 578 1541 633 πάλιν

25 671 236 739 ζωοποιεῖ
264 667 320 718 τὸ
357 663 566 734 πνεῦμα
598 662 1051 733 βλασφημοῦντας
1082 666 1248 736 αὑτῷ.
1288 668 1542 737 Τιμήσωο

25 782 100 836 μεν
124 758 204 812 οὖν
232 757 285 810 τὸ
313 755 521 823 πνεῦμα
550 755 696 818 ὅπως
726 756 1008 825 νοήσωμεν
1038 756 1097 809 τὸ
1134 758 1388 828 γράμμα,
1420 776 1543 829 τρο-

25 854 160 914 πικῶς
201 851 285 901 τὸν
326 847 446 899 Υἱὸν
491 845 660 917 θύραν
706 847 799 899 καὶ⁸
841 846 958 899 ὁδὸν
998 848 1091 900 καὶ
1139 848 1305 912 λίθον,
1349 851 1441 901 καὶ
1473 848 1544 903 τὰ

25 945 150 999 λοιπὰ
177 942 278 995 τῶν
323 938 542 991 εἰκόνων
577 937 952 1007 ἐκδεχόμενοι·
1002 939 1119 992 ὁδὸν
1160 939 1406 1002 νοοῦντες
1448 940 1543 992 αὑ-

25 1039 104 1095 τὸν,
134 1031 259 1102 πρὸς
281 1028 374 1097 τὴν
403 1026 601 1094 γνῶσιν
625 1024 717 1077 τοῦ
753 1026 966 1097 Πατρὸς
994 1027 1088 1079 καὶ
1120 1027 1227 1079 τῶν
1260 1027 1542 1099 θειοτέρων

25 1126 271 1196 μέρουσαν·
300 1117 462 1187 θύραν
513 1114 869 1184 ἀνοιγομένην
902 1114 1001 1185 μὲν
1026 1117 1138 1179 τοῖς
1167 1115 1253 1169 διὰ
1280 1117 1388 1169 τῶν
1416 1118 1543 1188 ἀρε-

25 1218 97 1269 τῶν
140 1209 436 1265 σπεῦδουσιν
486 1206 633 1268 ἐντὸς
689 1205 984 1274 γενέσθαι,
1041 1209 1229 1278 πυγμῇ
1290 1207 1542 1270 παίοντες

25 1305 136 1375 ςφῶν
161 1302 221 1355 τά
248 1299 465 1369 στέρνα·
498 1296 687 1359 στύλος
717 1297 774 1350 δὲ
808 1297 1032 1351 νοείσθω
1062 1298 1341 1369 ἑδραίωμα
1371 1298 1543 1370 ὑπάρ-

25 1414 106 1467 ίειν
141 1395 226 1463 τῆς,
265 1390 493 1450 πίστεως
532 1388 709 1457 ἡμῶν,
746 1388 1124 1460 ὑποστηρίζων
1167 1390 1281 1459 ἅμα
1324 1390 1416 1443 καὶ
1449 1390 1543 1460 φέ-

25 1505 100 1540 mw
127 1483 188 1538 τά
233 1480 516 1551 σύμπαντα
537 1494 549 1507 ·
591 1478 738 1543 λίθος
766 1479 821 1532 δὲ
858 1479 1280 1550 προσκόμματος
1309 1480 1541 1553 ὑπάρχει

25 1578 242 1639 ίπίστοις,
272 1573 361 1625 καὶ
407 1571 582 1642 πέτρα
634 1570 931 1624 σκανδάλου
978 1571 1272 1634 Ἰουδαίοις.
1322 1573 1452 1643 ἡμῖν
1484 1572 1540 1625 δὲ

26 1671 127 1731 ,ίθος
150 1665 238 1718 τοῦ
268 1662 512 1734 θεμελίου
545 1662 647 1731 τῆς
689 1662 1035 1731 Ἑκκλησίας,
1072 1664 1250 1715 πᾶσαν
1284 1663 1381 1733 τὴν
1406 1680 1541 1734 κρη-

25 1764 114 1814 τίδα
142 1758 383 1827 συνέχων.
428 1755 632 1826 Πέτρα,
667 1754 726 1807 τὸ
767 1754 984 1826 στερεὸν
1025 1757 1119 1809 καὶ
1149 1757 1396 1810 ἄπτωτον
1442 1756 1540 1826 τῆς

25 1851 275 1923 ιμολογίας,
373 1846 886 1917 προσαραττόμεναι
916 1848 970 1899 αί
1000 1848 1287 1919 τρικυμίαι
1315 1848 1421 1902 τῶν
1450 1850 1538 1901 αί-

25 1944 195 2006 θέσεων,
229 1939 358 2011 πρὸς
393 1938 565 2008 ἀφρὸν
608 1932 764 2000 αὖθις
795 1937 1111 1990 ἐκλύονται·
1159 1937 1396 2009 σκώληξ,
1443 1956 1541 1992 κα-

25 2034 93 2096 tib;
122 2047 268 2102 φησιν
305 2029 331 2080 6
373 2028 559 2091 Aa6l8,
604 2029 632 2080 6
674 2029 783 2081 τῶν
831 2026 990 2080 θείων
1050 2027 1317 2098 μελῳδός.
1374 2028 1538 2095 Ἡμῖν

26 2127 89 2178 ιὲν
116 2124 241 2177 κατὰ
286 2123 376 2175 τὸν
426 2123 492 2174 ἐκ
538 2120 637 2189 τῆς
672 2120 867 2190 χέρσου
916 2118 1170 2189 σκώληκα
1214 2121 1341 2174 ἄνευ
1394 2121 1539 2183 τινὸς

25 2218 177 2280 πάθους
202 2217 232 2288 ἢ
261 2213 562 2277 συνουσίας,
600 2216 663 2267 ὲκ
696 2214 795 2282 τῆς
819 2212 1096 2275 ἀείπαιδος
1129 2213 1347 2284 Μαρίας
1377 2212 1539 2265 ἀπει-

25 2311 224 2380 ;ογάμως
259 2307 592 2377 τικτόμενος,
618 2307 730 2370 τοῖς
757 2305 799 2357 δ’
831 2304 1091 2369 ἐναντίοις
1124 2304 1336 2377 σκώληξ
1364 2323 1537 2376 τιμω-

25 2401 121 2467 θίας,
147 2398 577 2471 ὑπο[τι]τραίνων
608 2398 699 2451 καὶ
731 2396 1002 2451 ὑπεσθίων
1030 2397 1300 2469 ἀλήκτως.

546 2600 795 2653 ΠΕΥΣΙΣ
830 2600 951 2653 AZ'.

74 2696 188 2747 Ἀλλ’
228 2693 317 2747 ἐὰν
361 2693 437 2764 μὴ
496 2691 659 2762 εἴπῃς
688 2690 850 2744 αὑτὸν
894 2690 1131 2755 κτίσμα,
1173 2690 1417 2762 ὑϐρίζεις
1449 2691 1539 2744 τὸν

26 2789 206 2857 Ιατέρα,
236 2785 400 2847 πάθος
419 2782 574 2854 αὑτῷ
596 2782 949 2853 προσάπτων.
979 2783 1093 2845 Πᾶς
1121 2780 1231 2853 γὰρ
1259 2784 1287 2835 6
1311 2783 1536 2852 γεννῶν,

26 2878 218 2949 μπαθὴς
245 2878 459 2939 πάντως
493 2876 670 2929 ἔσται.
710 2876 781 2927 Ἢ
807 2874 1150 2928 συστέλλεται
1179 2874 1309 2946 γὰρ,
1340 2875 1373 2945 ἢ
1399 2875 1539 2929 πλα-

25 2969 201 3035 ύνεται,
234 2969 265 3038 ἢ
295 2968 465 3037 τομὴν
495 2966 532 3038 ἢ
575 2964 758 3037 ῥεῦσιν
792 2964 1100 3034 ὑφίσταται,
1130 2965 1161 3036 ἢ
1191 2965 1469 3033 ὀγκοῦται,
1503 2964 1536 3032 ἦ

26 3059 329 3126 ἀπεινοῦται,
361 3060 395 3130 ἡ
425 3077 479 3112 τι
514 3058 731 3121 πάντως
757 3058 1015 3128 ὑπομένει
1047 3060 1076 3112 6
1104 3058 1327 3127 γεννῶν.

575 3238 927 3306 Ἀπόκρισις.

63 3332 247 3398 ’Ἄπαγε
270 3333 365 3402 τῆς
380 3329 639 3398 τοιαύτης
662 3329 951 3399 ληρῳδίας,
973 3327 1269 3396 άξιάγαστε
1292 3330 1303 3382 l
1337 3328 1410 3382 Οὐ
1432 3329 1542 3401 γὰρ

26 3425 141 3495 πῶμα
167 3425 222 3477 τὸ
259 3426 408 3477 Θεῖον
441 3423 680 3493 ὑπάρχει
729 3422 878 3491 ὄγκῳ
913 3421 945 3491 ἢ
978 3421 1206 3493 συστολῇ
1242 3421 1531 3491 ὑποκείμε-

26 3517 139 3587 (mil
169 3517 396 3588 ῥεύσειῆ
428 3519 574 3587 τομῇ
607 3516 797 3587 ἥόλως
833 3515 994 3569 πάθει
1021 3517 1128 3569 τινὶ
1171 3515 1541 3587 χειρούμενον.

25 3609 125 3661 labi)
148 3605 231 3662 οὖν
262 3612 288 3662 ὁ
323 3609 516 3679 Πατὴρ
546 3607 760 3677 πνεῦμα
803 3607 1061 3678 ὑπάρχων
1080 3647 1095 3671 ,
1122 3606 1211 3659 τὸν
1250 3607 1378 3659 Υἱὸν
1409 3607 1543 3661 Θεὸν

25 3700 145 3766 ίόγον
198 3700 610 3770 πνευματικῶς,
670 3698 945 3768 ἀχρόνως,
1000 3698 1293 3769 ἀφράστως
1346 3699 1540 3767 γεγέν-

26 3808 153 3859 ηκεν.
190 3792 321 3845 Ἀλλ’
351 3791 545 3861 ἐπειδὴ
574 3790 844 3853 πλείστοις
868 3790 1016 3842 δοκεῖ
1044 3792 1077 3861 ἡ
1103 3791 1225 3859 ὄψις
1255 3792 1351 3862 τῆς
1371 3793 1541 3862 ἀκοῆς

25 3884 257 3953 ειστοτέρα
276 3923 291 3946 ,
318 3884 427 3938 δεῖν
455 3883 647 3953 ᾠήθην
681 3882 773 3934 καὶ
800 3880 1055 3953 ἀμυδρῶς
1090 3882 1396 3953 χρήσασθαι
1432 3900 1539 3937 πα·-

26 3973 314 4043 αδείγμασιν
336 4016 350 4039 ,
381 3976 474 4027 ἐπὶ
499 3973 597 4025 τοῦ
629 3972 853 4035 ἀπαθῶς
892 3971 1149 4042 γεννῆσαι
1177 3974 1236 4025 τὸ
1266 3973 1418 4027 Θεῖον
1436 4013 1451 4036 ,
1479 3975 1539 4026 οὑ

26 4063 185 4126 θεῦσιν,
212 4068 267 4119 οὑ
312 4066 485 4137 τομὴν
520 4065 909 4135 ὑφιστάμενον.
952 4064 1173 4135 Κτίσμα
1200 4065 1377 4119 τοίνυν
1407 4064 1541 4118 Θεοῦ

35 4156 200 4225 πάρχει
247 4161 273 4211 6
323 4159 503 4228 ἥλιος,
566 4157 658 4226 ἀφ’
709 4151 770 4209 οὗ
806 4174 965 4220 τινες
998 4158 1054 4209 ὲν
1099 4160 1218 4220 ταῖς
1268 4159 1543 4228 ἀοικήτοις

29 4251 270 4313 σχατιαῖς,
314 4249 490 4320 πυρὸς
514 4248 831 4318 λειπόμενοι
857 4248 1074 4301 πέττειν
1109 4247 1176 4301 τὰ
1204 4251 1353 4315 σῖτα,
1383 4251 1543 4302 ἱππο-

26 4337 159 4407 κορὸοί
188 4357 245 4392 τε
285 4341 377 4394 καὶ
420 4340 708 4411 βουκόλοι,
756 4338 850 4392 καὶ
886 4339 1177 4410 συφορϐοὶ,
1228 4340 1323 4392 καί¹
1351 4341 1544 4411 ποιμέ-

27 4444 98 4490 ες,
129 4430 312 4484 κύλικα
351 4430 551 4494 ὓδατος
597 4428 838 4501 καθαροῦ
887 4429 1306 4501 πληρώσαντες,
1348 4432 1441 4484 καὶ
1474 4434 1540 4502 τῇ

26 4524 151 4574 ,κτῖνι
184 4523 270 4576 τοῦ
305 4524 456 4594 ἡλίου
505 4523 885 4593 ἀντισχόντες,
936 4523 1030 4576 καὶ
1078 4522 1205 4575 ὀνίδι
1236 4523 1376 4595 ξηρᾷ
1403 4525 1546 4594 ψαύ-

28 4630 160 4678 αντες
186 4620 249 4687 τῇ
280 4618 553 4690 ὑδροχόῃ,
606 4612 761 4679 αὖθις
808 4616 870 4668 τὸ
919 4614 1027 4686 πῦρ
1062 4615 1285 4669 αὐτόθεν
1339 4618 1544 4671 ἀπεσύ-

26 4722 160 4774 ηταν,
189 4709 245 4760 οὑ
283 4711 495 4780 τομὴν,
540 4708 600 4761 οὑ
641 4706 858 4778 ρεῦσιν,
907 4707 1007 4759 οὑκ
1038 4707 1226 4774 ὄγκον,
1267 4708 1327 4761 οὑ
1355 4725 1546 4762 συστο-

26 4793 77 4861 ὴν
119 4797 203 4850 τοῦ
259 4800 552 4870 φωστῆρος
604 4799 971 4861 ὑποστάντοςο
1023 4800 1118 4851 καὶ
1168 4799 1257 4852 διὰ
1300 4800 1547 4872 καθαρᾶς

26 4884 135 4938 άλου
166 4889 219 4941 ὲν
262 4890 462 4951 οἰκίαις
495 4889 730 4956 διήκων,
765 4888 859 4939 καὶ
906 4886 1068 4939 οἱονεὶ
1104 4887 1416 4955 ἀπογεννῶν
1448 4888 1547 4951 τὰς

31 4982 189 5041 κτίνας
216 4982 353 5033 κατά
382 4982 569 5049 πάσης
610 4978 836 5048 ἠπείρου
863 4977 1149 5047 ἀνελλιπὴς
1184 4978 1277 5031 καὶ
1308 4978 1547 5049 ἄτμητος

27 5068 71 5120 ιὰ
110 5070 298 5135 παντὸς
348 5072 573 5143 δρᾶται.
644 5069 873 5140 Ὁμοίως
926 5069 1018 5122 καὶ
1074 5069 1278 5140 πυρσὸς
1349 5072 1545 5140 μυρίας

26 5156 215 5220 ξάπτων
244 5161 570 5231 λαμπάδας,
603 5162 661 5213 οὐ
698 5160 904 5231 ρεῦσιν,
938 5162 998 5224 οὐ
1028 5161 1201 5231 τομὴν
1230 5160 1545 5231 ὑπέμεινεν.

25 5246 51 5299 τι
74 5242 158 5303 οὑν
195 5250 330 5315 τέως
378 5249 644 5320 ἀλώϐητα
700 5249 931 5320 ὑπάρχει
970 5247 1140 5302 ταῦτα
1163 5289 1176 5313 ,
1212 5249 1455 5321 ἀπείρως
1494 5251 1553 5303 τὸ

25 5341 126 5391 θεῖον
170 5342 494 5413 ὑπερτερεῖν
551 5339 755 5393 τούτων
803 5338 925 5393 καθ’
975 5340 1095 5394 ὅλου
1152 5340 1549 5412 πιστεύσομεν

29 5431 135 5499 ml;
168 5434 272 5506 γάρ
310 5433 451 5505 πρὸς
506 5433 684 5487 ἐκεῖνο
717 5432 851 5502 ὁμοῦ
901 5434 967 5486 τὰ
1011 5433 1320 5503 σύμπαντα.
1360 5435 1554 5503 Γεγέν-

25 5536 107 5588 ηκε
140 5525 309 5577 τοίνυν
341 5528 370 5578 6
402 5525 600 5595 Πατὴρ
630 5524 718 5576 τὸν
750 5524 921 5577 Παῖδα
951 5524 1011 5577 οὑ
1043 5523 1131 5578 διὰ
1159 5526 1331 5597 τομῆς
1358 5526 1390 5596 ἦ
1426 5527 1552 5597 {.36-

26 5622 139 5674 εως,
186 5614 243 5666 οὐ
287 5616 355 5668 δι’
401 5615 575 5685 ὄγκου
613 5615 708 5668 καὶ
762 5613 1053 5684 συστολῆς·
1103 5614 1218 5668 ἀλλ’
1263 5616 1553 5687 ἀσώματος

25 5718 82 5765 ον,
139 5704 426 5776 ἀσίὒμιτον
483 5707 657 5776 Λόγον
719 5705 1085 5760 ὲνυπόστατον
1131 5706 1395 5761 ἀκούοντα
1458 5709 1551 5762 καὶ

56 5832 151 5886 "ll
173 5836 291 5891 Cor.
321 5850 405 5899 ιιι,
439 5838 494 5890 6.
590 5839 633 5868 ⁸¹
665 5836 807 5891 Psal.
836 5851 947 5902 XXI,
986 5835 1034 5888 7.

3113 370 3219 428 ξ)οέ

1644 504 1761 541 vero
1799 484 2109 556 viviﬁcat".
2161 482 2528 555 Vicissimque
2570 484 2794 556 inquam
2830 500 2930 557 ego
2970 486 3067 543 :Si
3107 504 3218 545 non

1644 579 1844 632 occidit
1865 578 2047 632 littera
2078 590 2173 631 eos
2205 576 2296 645 qui
2324 583 2471 631 recte
2500 576 2871 639 considerant,
2894 591 3066 645 neque
3088 578 3214 631 item

1644 671 1885 724 viviﬁcat
1916 669 2141 739 spiritus
2166 667 2606 737 blasphemantes
2634 668 2835 738 ipsum.
2875 668 3218 725 llonoremus

1644 761 1809 829 igitur
1844 760 2097 828 spiritum
2146 767 2206 814 ut
2254 757 2623 827 intelligamus
2670 758 2925 812 litteram.
2962 756 3219 830 Figurate

1648 848 1863 915 Filium,
1889 850 2113 914 ostium,
2138 858 2193 902 et
2219 848 2384 911 viam,
2412 856 2466 900 et
2496 846 2750 916 lapidem,
2773 855 2826 902 et
2849 846 2893 900 si
2912 849 3040 917 quid
3070 849 3216 903 aliud

1641 951 1725 995 est
1819 940 2091 1009 ejusmodi
2158 938 2568 994 similitudinem
2605 943 2613 999 ι
2649 931 2762 992 dici
2810 940 3143 1007 accipiamus
3200 957 3215 993 :

1642 1032 1785 1084 viam
1807 1029 2173 1100 iutelligentes
2204 1029 2406 1100 ipsum,
2437 1038 2496 1083 ut
2516 1029 2609 1099 qui
2640 1044 2739 1082 nos
2769 1029 2822 1082 in
2849 1029 3214 1100 cognitionem

1643 1120 1819 1179 Patris
1877 1123 2296 1192 divinarumque
2345 1138 2526 1177 rerum
2586 1122 2797 1186 ducat;
2869 1122 3071 1175 ostium
3133 1132 3220 1179 est

1643 1226 1884 1285 apertum
1907 1215 1972 1272 iis
1988 1217 2080 1285 qui
2108 1216 2441 1285 pervirtutes
2458 1214 2605 1269 intus
2628 1214 2941 1283 rcgenerari
2977 1212 3218 1278 student,

1644 1318 1825 1373 pugno
1875 1304 2188 1372 frequenter
2233 1303 2602 1374 percutientes
2656 1310 2914 1372 pectora;
2967 1302 3221 1356 columna

1642 1411 1770 1450 vero
1802 1396 2132 1466 intelligatur
2178 1394 2580 1450 ﬁrmamentum
2626 1410 2748 1449 esse
2801 1395 2923 1448 ﬁdei
2974 1400 3217 1457 nostrae,

1644 1488 1874 1543 ﬁrmiter
1905 1486 2224 1543 suﬂulciens
2255 1497 2308 1541 et
2336 1486 2517 1542 ferens
2555 1486 2714 1540 simul
2749 1486 3038 1553 universa;
3081 1486 3219 1554 lapis

1643 1587 1824 1633 autem
1871 1576 2188 1633 oﬂ'ensionis
2222 1576 2516 1633 incredulis
2550 1583 2656 1640 est,
2696 1583 2749 1631 et
2785 1582 2935 1645 petra
2978 1575 3219 1629 scandali

1650 1671 1884 1735 ludatis;
1914 1671 2072 1725 nobis
2095 1680 2277 1724 autem
2306 1671 2442 1738 lapis
2478 1668 2814 1722 fundamenti
2835 1667 3114 1727 Ecclesiae.
3134 1674 3220 1720 ιο-

1646 1774 1752 1817 tam
1791 1763 1963 1817 basim
1996 1762 2302 1817 continens.
2333 1760 2515 1821 Petra.
2553 1761 2718 1815 robur
2738 1768 2791 1813 et
2824 1758 3054 1814 ﬁrmitas
3084 1774 3219 1814 con-

1641 1853 1936 1918 fessionis,
1987 1867 2091 1921 qua
2140 1851 2390 1921 procella:
2428 1852 2691 1905 haresum
2729 1850 3061 1919 impugnataa
3090 1890 3105 1915 ,
3162 1851 3217 1904 in

1641 1961 1889 2016 spumam
1927 1960 2121 2000 rursus
2150 1943 2563 2008 dissolvuntur;
2597 1943 2820 2008 vermis,
2864 1942 3219 2012 quemadmo-

1639 2038 1769 2092 dum
1794 2037 2026 2093 Davides
2048 2037 2360 2091 divinorum
2388 2036 2691 2089 carminum
2724 2044 2914 2088 auctor
2938 2034 3171 2104 inquit"
3200 2054 3214 2089 :

1641 2146 1705 2185 ac
1724 2131 1882 2186 nobis
1900 2130 2117 2199 quidem
2134 2130 2309 2184 instar
2327 2129 2528 2183 vermis
2540 2143 2603 2183 ex
2625 2134 2791 2192 terra,
2811 2128 3016 2196 absque
3034 2126 3218 2195 aliquo

1638 2221 1833 2278 aﬂ'ectu
1879 2230 1973 2277 aut
2021 2222 2200 2284 coitu,
2245 2236 2309 2275 ex
2354 2227 2627 2291 perpetua:
2669 2218 3000 2288 virginitatis
3046 2227 3219 2272 matre

1639 2313 1828 2380 Maria,
1865 2315 2071 2384 absque
2099 2311 2329 2382 nuptiali
2362 2309 2743 2365 commistione
2779 2316 2970 2375 natus;
3022 2308 3217 2362 adver-

1645 2406 1806 2461 sariis
1835 2413 2014 2460 autem
2055 2405 2255 2459 vermis
2287 2401 2579 2473 supplicii,
2629 2400 2922 2456 stimulans
2967 2406 3023 2453 et
3051 2400 3217 2469 depao

1644 2512 1803 2553 scens
1832 2498 2037 2567 absque
2070 2496 2194 2549 ﬁne.

2014 2602 2532 2660 INTERROGATIO
2574 2601 2834 2657 XXXVII.

1716 2701 1879 2771 Atqui
1914 2699 2021 2755 nisi
2052 2698 2231 2769 ipsum
2264 2703 2573 2752 creaturam
2598 2709 2721 2749 esse
2744 2693 2972 2754 dixeris.
3011 2700 3214 2746 contu-

1646 2796 1808 2851 melia
1830 2793 2045 2848 Patrem
2078 2791 2267 2854 aﬂicis,
2299 2788 2551 2844 aﬂ‘ectum
2597 2788 2646 2843 ei
2699 2786 2966 2840 tribuens.
3025 2783 3218 2839 Omnis

1644 2887 1790 2941 enim
1819 2886 1910 2957 qui
1968 2890 2213 2955 generat,
2261 2883 2486 2937 omnino
2521 2880 2625 2937 erit
2666 2878 2937 2933 obnoxius
2977 2876 3216 2931 aﬂ‘cctui.

1644 2980 1753 3033 Aut
1774 2979 1917 3033 enim
1943 2976 2309 3040 contrahitur,
2346 2981 2438 3028 aut
2468 2972 2750 3031 dilatatur.
2786 2978 2879 3025 aut
2909 2969 3211 3024 sectionem

1651 3070 2112 3126 derivationemve
2140 3069 2368 3138 patitur,
2408 3073 2501 3119 aut
2538 3063 2783 3126 eﬂ'ertur,
2825 3070 2919 3115 aut
2957 3061 3220 3130 deprimi-

1645 3166 1757 3221 tur,
1790 3167 1883 3212 aut
1917 3165 2067 3214 certe
2099 3158 2207 3212 tale
2231 3156 2362 3227 quid
2391 3154 2649 3219 sustinet,
2681 3154 2774 3223 qui
2812 3160 3060 3223 generat.

2278 3248 2585 3316 Responsio.

1714 3343 1874 3398 Absit
1907 3343 2099 3413 procul
2123 3341 2231 3396 tale
2264 3340 2540 3403 delirium,
2564 3352 2598 3392 ο
2624 3337 2902 3408 prazclare.
2930 3334 3047 3390 Non
3071 3335 3217 3392 enim

1644 3436 1827 3491 divina
1867 3444 2062 3490 natura
2102 3448 2302 3504 corpus
2333 3440 2439 3496 est,
2475 3431 2692 3485 elationi
2724 3437 2820 3484 aut
2854 3428 3218 3484 contractioni

1646 3528 1952 3596 subjectum
1988 3566 2001 3587 ,
2047 3532 2141 3579 aut
2178 3524 2372 3588 ﬂuxui,
2415 3529 2509 3575 aut
2552 3519 2804 3583 sectioni,
2846 3526 2939 3572 aut
2992 3533 3220 3587 prorsus

1644 3621 2015 3689 qualicunque
2056 3616 2271 3670 aﬂ'ectui
2308 3614 2700 3683 mancipatum.
2744 3610 3022 3677 Quatenus
3054 3610 3221 3679 igitur

1644 3714 1806 3769 Pater
1833 3711 2060 3781 spiritus
2089 3716 2193 3772 est,
2230 3707 2425 3761 Filium
2468 3708 2634 3759 Deum
2677 3702 2913 3758 Verbum
2955 3702 3220 3771 spiritua-

1645 3804 1768 3857 liter
1797 3803 2005 3871 absque
2028 3810 2273 3870 tempore
2327 3796 2674 3852 ineﬂ'abiliter
2715 3797 2924 3865 genuit.
2968 3793 3038 3846 At
3086 3806 3219 3847 vero

1649 3895 1776 3965 quia
1812 3893 2089 3963 plerisque
2127 3890 2344 3943 videtur
2381 3887 2521 3942 visui
2577 3886 2758 3956 potius
2795 3898 2957 3953 quam
3004 3883 3220 3938 auditui

1647 3985 2003 4047 credendum,
2035 3984 2196 4038 etiam
2239 3981 2387 4034 facili
2440 3980 2624 4048 aliquo
2661 3977 2910 4046 exemplo
2949 3977 3214 4029 utendum

1643 4094 1766 4135 esse
1803 4086 1951 4130 ratus
2008 4090 2129 4130 sum
2180 4073 2233 4126 in
2294 4086 2360 4127 eo
2416 4071 2763 4133 declaramlo,
2823 4068 2967 4138 quod
3009 4068 3217 4137 absque

1646 4171 1839 4225 aﬂ’ectu
1878 4168 2020 4222 Deus
2056 4172 2293 4235 generet,
2325 4178 2433 4218 non
2466 4162 2668 4216 ﬂuxum
2698 4174 2874 4230 neque
2908 4159 3213 4214 sectionem

1645 4262 1878 4334 patiens.
1907 4258 2176 4314 Creatura
2205 4258 2395 4327 utique
2423 4255 2516 4311 Dei
2547 4263 2633 4310 est
2669 4255 2772 4316 sol,
2807 4269 2915 4323 quo
2964 4252 3131 4321 aliqui
3159 4251 3215 4303 in

1645 4354 2085 4411 extremitatibus
2110 4351 2560 4407 inhabitabilihus
2581 4350 2703 4420 igne
2720 4355 2969 4403 carentes
2988 4354 3038 4399 ut
3053 4352 3219 4400 untur

1647 4448 1713 4503 ad
1741 4447 2060 4517 coquendos
2089 4445 2267 4507 cibos,
2298 4456 2675 4513 equorumque
2705 4448 2953 4510 pastores
2972 4477 2987 4503 ,
3018 4454 3073 4493 et
3117 4440 3219 4493 bu-

1647 4542 1815 4609 bulci,
1850 4540 2060 4595 subulci
2097 4546 2150 4594 et
2172 4545 2418 4608 pastores
2458 4536 2572 4599 alii,
2613 4535 2838 4589 calicem
2892 4547 3032 4602 aqua
3080 4546 3214 4600 pura

1646 4635 1892 4705 implent,
1945 4644 2000 4688 et
2051 4632 2204 4686 radio
2254 4630 2387 4685 solis
2439 4628 2753 4690 obvertunt,
2786 4624 3046 4693 aridaque
3087 4624 3216 4676 limo

1648 4724 1869 4779 admoto
1896 4723 1961 4777 ad
1992 4737 2089 4777 vas
2138 4719 2447 4790 aquarium,
2503 4717 2653 4771 illico
2710 4716 2888 4786 ignem
2929 4712 3213 4775 auferunt,

1648 4831 1771 4871 cum
1804 4815 2025 4869 interim
2058 4828 2155 4867 nec
2181 4811 2505 4872 sectionem,
2549 4823 2649 4862 nec
2697 4808 2926 4870 ﬂuxum,
2972 4819 3072 4859 nec
3125 4812 3215 4856 tu-

1648 4922 1877 4967 morem,
1905 4920 2003 4959 nec
2038 4903 2468 4957 contractionem
2495 4900 2765 4953 luminare
2810 4898 2987 4966 ipsum
3036 4896 3215 4965 patia-

1647 5008 1759 5054 tur.
1797 4998 1941 5052 ldem
1978 5012 2072 5066 per
2101 5010 2296 5064 purum
2344 4994 2545 5046 vitrmn
2599 4993 2653 5045 in
2703 4990 2998 5044 domiciliis
3046 5001 3215 5058 pene-

1654 5104 1823 5154 trans,
1860 5089 2127 5159 quasique
2152 5086 2335 5141 radios
2362 5086 2591 5155 gignens
2629 5098 2724 5152 per
2759 5083 3069 5135 universam
3102 5086 3218 5135 ter-

1650 5198 1788 5246 ram,
1810 5179 2166 5235 nihilominus
2190 5176 2397 5245 absque
2421 5174 2634 5230 defectu
2670 5182 2722 5227 et
2741 5173 2944 5242 absque
2975 5172 3217 5226 sectione

1654 5288 1747 5344 per
1776 5271 1958 5327 omnia
1994 5269 2256 5325 cernitur.
2292 5266 2555 5322 Similiter
2593 5275 2647 5319 et
2675 5266 2785 5326 lax,
2832 5263 3048 5318 etiamsi
3100 5264 3224 5316 inli-

1653 5364 1797 5417 nitas
1832 5361 2120 5428 lampades
2149 5358 2483 5421 accenderit,
2534 5370 2711 5423 neque
2761 5354 2993 5418 ﬂuxum,
3044 5369 3222 5423 neque

1652 5456 1949 5510 sectionem
1984 5454 2209 5523 patitur.
2242 5450 2299 5505 Si
2338 5451 2505 5517 igitur
2556 5448 2763 5517 absque
2811 5446 3035 5499 Iresione
3085 5445 3221 5498 ﬁunt

1651 5551 1776 5615 ista,
1806 5548 1862 5601 in
1896 5546 2174 5601 inﬁnitum
2206 5546 2323 5600 istis
2350 5560 2445 5615 per
2483 5540 2669 5597 omnia
2711 5540 3052 5609 superiorem
3100 5552 3224 5591 esse

1650 5647 1902 5693 naturam
1929 5639 2168 5693 divinam
2200 5637 2511 5692 credamus.
2551 5632 2687 5687 Nam
2721 5631 2882 5686 simul
2908 5630 2961 5683 in
3002 5629 3221 5683 univero

1647 5746 1768 5786 sum
1800 5732 1981 5785 omnia
2009 5732 2060 5785 in
2094 5732 2263 5800 ipsam
2314 5729 2512 5785 collata
2560 5733 2687 5781 sunt
2737 5725 2908 5778 instar
2950 5722 3095 5777 venti
3144 5729 3227 5777 te-
