3818 6528
587 398 693 456 903

589 509 737 566 nuis.
769 505 910 578 Ergo
931 502 1120 575 gcuuit
1155 501 1318 557 Pater
1347 500 1566 568 Filium,
1595 516 1708 556 non
1735 517 1835 573 per
1865 502 2166 558 sectionem

597 611 693 658 aut
728 601 955 662 ﬂuxum,
993 613 1100 652 non
1133 612 1229 668 per
1269 605 1540 652 tumorem
1575 595 1660 651 vel
1703 597 2165 662 contractionem,

588 695 682 750 sed
726 693 1087 759 incorporeus
1143 689 1419 744 cxsistens
1477 689 1863 758 incorporeum
1926 683 2166 744 Verbum

589 782 834 852 ejusdem
894 781 1246 844 substantiae,
1293 778 1439 849 quod
1492 786 1547 833 et
1593 779 1748 834 audit
1799 786 1854 834 et
1901 779 2165 849 loquitur.

589 870 725 925 Vani
769 872 933 942 igitur
965 871 1043 924 illi
1075 878 1130 925 et
1163 871 1511 940 insipientes,
1548 869 1640 940 qui
1692 885 1819 924 cum
1863 870 2168 940 ignominia

589 960 865 1014 honorant
890 957 1131 1028 Patrem,
1170 976 1238 1014 ne
1266 959 1504 1015 audeant
1528 966 1772 1014 creatum
1805 960 2164 1030 pronuntiare

587 1049 811 1105 Filium.
848 1051 905 1105 Si
937 1052 1104 1115 enim,
1141 1061 1202 1105 ut
1236 1051 1413 1115 aiunt,
1444 1045 1604 1104 Pater
1634 1064 1908 1122 generans
1935 1050 2164 1120 patitur,

587 1143 748 1198 etiam
783 1158 884 1212 ego
909 1151 1187 1198 creantem
1232 1142 1447 1212 fatigari
1474 1142 1621 1199 dico.
1669 1140 1824 1197 Unde
1868 1142 2040 1212 igitur
2078 1155 2169 1196 or-

588 1245 702 1288 tum
735 1233 984 1288 dicemus
1013 1233 1235 1296 Filium,
1277 1248 1345 1287 ne
1379 1231 1595 1287 Patrem
1635 1242 1727 1287 aut
1771 1234 1905 1304 pati,
1952 1241 2047 1288 aut
2096 1232 2172 1287 fa-

588 1327 749 1397 tigari
792 1327 1107 1396 blaspheme
1135 1325 1484 1382 statuamus?
1516 1325 1674 1380 Absit
1718 1326 1886 1396 igitur
1920 1341 1950 1378 a
1993 1333 2065 1390 te,
2113 1333 2171 1380 ut

1683 389 1738 445 S.
1767 387 2066 444 CAESARI!
2105 387 2431 446 GREGORII
2472 390 2772 447 FRATIllS
3671 403 3743 458 901

2271 506 2662 580 φθεγγόμενον.
2711 510 2773 562 Oi
2806 501 2898 563 οὖν
2925 509 3134 581 ἀτίμως
3165 510 3424 582 τιμῶντες
3449 512 3529 567 τὸν
3553 515 3740 587 Πατέρα,

2271 599 2631 654 είκαιόόουλοι
2677 600 2770 654 καὶ
2807 602 3231 674 ματαιόφρονες,
3276 606 3481 659 κτιστδν
3522 607 3585 678 μὴ
3603 609 3745 679 scipi-

2269 707 2452 744 τωσαν
2494 693 2816 761 ἀποφαίνειν
2866 693 2957 748 τὸν
3006 695 3155 751 Υίόν.
3200 697 3265 750 El
3298 697 3424 769 γὰρ,
3468 697 3618 763 καθώς
3641 718 3743 771 φησι,

2269 782 2544 851 γεννῶντα
2571 781 2802 853 πάσχειν
2830 783 2922 837 τὸν
2948 785 3168 856 Πατέρα
3187 825 3201 850 ,
3234 786 3386 855 κάγὼ
3415 804 3540 857 φημι
3564 789 3746 853 κτίζοντι

2271 874 2500 944 κάμνειν
2521 914 2534 937 ,
2589 874 2751 927 πόθεν
2791 873 3034 947 δώσομεν
3073 876 3162 932 τὸν
3198 877 3346 938 Υίὸν,
3382 879 3462 932 ἵνα
3494 880 3557 950 μὴ
3578 882 3649 933 τὸν
3669 883 3746 935 II:-

2269 959 2403 1030 τέρα
2429 961 2710 1031 πάσχοντα
2733 962 2766 1033 ἢ
2792 963 3068 1034 κάμνοντα
3093 964 3573 1038 βλασφημήσωμενς
3597 972 3748 1037 ’Δπαγι

2271 1050 2449 1103 τοίνυν
2499 1052 2694 1104 σαυτὸν
2716 1092 2730 1116 ,
2785 1053 2995 1124 ἀτίμως
3036 1054 3099 1108 τὸ
3128 1054 3281 1108 Θεῖον
3305 1056 3579 1128 γεραίρωνί
3611 1057 3656 1114 '0
3677 1060 3748 1131 γὰρ

2275 1140 2367 1192 τὸν
2404 1142 2574 1194 Παῖδα
2617 1141 2954 1214 βλασφημῶν
2973 1183 2987 1209 ,
3021 1143 3110 1197 τὸν
3140 1145 3356 1215 Πατέρα
3381 1145 3594 1211 Meam,
3625 1149 3750 1212 καθὼς

2272 1232 2432 1294 αὐτὸς
2453 1232 2510 1285 ὲν
2533 1233 2884 1301 Εὑαγγελίοις
2903 1235 3173 1307 θεηγορεῖο
3199 1237 3252 1288 '0
3263 1237 3348 1306 μὴ
3369 1237 3531 1308 τιμῶν
3542 1239 3627 1293 τὸν
3642 1243 3748 1302 libr,

2292 1323 2438 1378 οὐδὲ
2459 1323 2568 1376 τὸν
2604 1327 2836 1394 Πατέρα
2868 1324 3024 1396 τιμᾷ.

589 1435 714 1475 cum
769 1423 874 1478 hac
935 1421 1236 1493 ignominia
1288 1419 1426 1475 velis
1504 1428 1759 1474 naturam
1833 1422 2074 1476 divinam
2119 1421 2412 1474 honorare.
2441 1417 2576 1473 Nam
2610 1421 2704 1491 qui
2734 1419 2935 1476 Filium
2976 1421 3340 1492 blasphemat,
3377 1423 3564 1480 Patrem
3591 1426 3749 1496 lapidat.

599 1513 1069 1582 Quemadmodum
1110 1515 1231 1585 ipse
1286 1514 1340 1568 in
1376 1511 1672 1584 Evangelio
1720 1522 1910 1570 sancte
1939 1513 2199 1585 pradicat
2231 1529 2246 1564 :
2280 1509 2386 1577 Qui
2423 1528 2532 1565 non
2560 1511 2787 1568 honorat
2815 1511 3041 1578 Filium,
3070 1532 3228 1586 neque
3264 1514 3473 1570 Patrem
3511 1518 3750 1578 honorat".

941 1625 1458 1683 INTERROGATIO
1517 1627 1812 1684 XXXVIII.

661 1740 771 1797 Sed
800 1740 1079 1812 quomodo
1109 1740 1299 1796 dicunt
1326 1741 1518 1812 aliqui,
1554 1741 1698 1812 quod
1732 1740 2033 1796 secundum
2061 1737 2171 1793 ele-

555 1894 561 1901 ,
598 1836 834 1892 etionetu
869 1842 922 1889 et
947 1834 1176 1904 gratiam
1208 1834 1462 1890 Christus
1499 1835 1570 1890 sit
1611 1833 1791 1889 factus
1832 1832 1924 1887 Dei
1961 1830 2176 1886 Filius?

591 1926 711 1980 Non
739 1926 883 1980 enim
919 1924 1099 1993 inquit
1148 1922 1332 1990 Pater,
1367 1922 1472 1977 Hic
1508 1932 1585 1978 est
1628 1920 1803 1976 Filius
1843 1938 1989 1976 meus
2035 1919 2174 1975 dile-

589 2029 707 2072 ctus
735 2032 895 2086 quem
925 2016 1109 2086 genui,
1156 2016 1248 2071 sed
1296 2033 1397 2087 quo
1442 2015 1673 2070 delector
1706 2014 1775 2070 “.
1823 2013 1890 2068 Et
1917 2012 2087 2069 Isaias
2117 2013 2171 2068 in

589 2124 826 2183 persona
858 2107 952 2164 Dei
980 2117 1034 2163 et
1068 2108 1247 2163 Patris
1275 2109 1344 2164 de
1363 2109 1586 2163 Christo
1619 2101 2039 2179 inquitzEcceF
2045 2105 2172 2160 ilius

590 2219 736 2257 meus
775 2217 926 2272 quem
955 2201 1112 2270 elegi,
1141 2201 1366 2256 dilectus
1403 2217 1548 2255 meus
1571 2217 1674 2270 quo
1724 2199 2021 2254 delectatur
2055 2198 2176 2251 uni-

593 2312 711 2350 mus
746 2311 890 2348 meus
918 2294 984 2347 ⁸⁸.
1012 2295 1093 2347 Ad
1146 2293 1399 2348 eumdem
1454 2291 1676 2346 modum
1724 2301 1780 2348 et
1827 2291 2048 2347 Solonio
2084 2289 2174 2344 in-

589 2389 731 2458 quit,
769 2385 985 2440 Electus
1017 2402 1043 2440 e
1080 2385 1258 2440 decem
1294 2383 1530 2438 millibus
1553 2384 1621 2439 “.

1228 2580 1534 2651 Responsio.

662 2689 732 2747 Ut
764 2690 999 2754 videtur,
1032 2691 1236 2746 Ariana
1271 2693 1489 2747 laboras
1536 2691 1837 2758 dementia,
1876 2700 2035 2747 tanto
2077 2705 2172 2746 eoo

591 2796 728 2839 natu
771 2783 1036 2838 adversus
1074 2786 1361 2838 veritatem
1407 2783 1768 2838 contendens.
1813 2781 2052 2839 Ostende
2072 2786 2174 2855 igi-

592 2887 684 2931 tur
735 2876 942 2931 similes
977 2873 1222 2939 Christo,
1270 2891 1410 2944 quos
1461 2875 1621 2929 Pater
1659 2876 2063 2946 approbaverit,
2112 2883 2173 2930 ut

591 2969 871 3026 Christum
906 2969 1069 3040 elegit
1100 2969 1302 3023 solum.
1334 2967 1470 3022 Nam
1501 2969 1548 3024 si
1582 2967 1757 3024 Filius
1800 2976 1886 3024 est
1922 2970 2172 3038 unigeni-

594 3072 703 3128 tus,
740 3077 851 3116 nou
885 3063 1045 3116 habet
1085 3061 1308 3116 fratrem
1333 3069 1428 3114 aut
1467 3062 1755 3131 aequalem,
1813 3069 1908 3116 aut
1955 3061 2058 3116 sibi
2103 3077 2173 3117 ex

593 3155 846 3224 opposito
877 3153 1319 3223 respondentem.
1348 3152 1561 3206 Cecinit
1589 3153 1734 3207 enim
1788 3150 1856 3207 de
1903 3151 2024 3222 ipso
2073 3149 2177 3203 Da-

592 3247 747 3300 vides
776 3246 867 3300 ille
891 3244 1148 3299 divinus:
1187 3243 1318 3310 Quis
1369 3243 1759 3298 assimilabitur
1797 3241 2048 3305 Domino,
2091 3243 2174 3296 in-

594 3349 673 3393 ter
711 3337 852 3406 ﬁlios
882 3336 977 3391 Dei
998 3337 1042 3368 ⁸⁷
1068 3337 1090 3389 ?
1133 3338 1200 3390 Et
1227 3335 1486 3406 deinceps
1515 3355 1528 3391 :
1553 3334 1780 3405 Magnus
1807 3345 1852 3390 et
1876 3335 2174 3389 tremendus

594 3440 696 3494 est,
717 3446 879 3498 supra
915 3444 1092 3483 omnes
1120 3431 1207 3497 qui
1241 3437 1362 3482 sunt
1395 3430 1448 3480 in
1483 3429 1710 3480 circuitu
1738 3427 1904 3497 ipsius
1927 3427 1995 3478 ⁵⁸.
2030 3427 2174 3480 Tan-

593 3537 759 3593 quam
790 3535 951 3584 nemo
983 3522 1158 3590 possit
1198 3520 1501 3574 secundum
1553 3521 1787 3590 gratiam
1832 3525 1928 3573 aut
1975 3533 2176 3574 secun-

595 3613 727 3666 dum
771 3611 1076 3680 profectum
1125 3610 1364 3664 conferri
1418 3608 1527 3663 Deo
1575 3607 1770 3670 Verbo,
1821 3609 1916 3678 qui
1951 3616 2176 3678 propter

595 3706 856 3760 mortales
901 3705 1178 3759 hominem
1227 3701 1564 3770 assumpsit,
1616 3709 1672 3754 et
1718 3701 1915 3756 merito
1965 3701 2175 3755 electus

596 3804 702 3850 est.
727 3795 863 3850 Cum
904 3797 1050 3851 enim
1102 3795 1350 3866 plurima:
1408 3801 1463 3848 et
1524 3793 1952 3848 innumerabiles
1990 3803 2176 3847 essent

596 3887 854 3941 mulieres
879 3887 1059 3940 adhuc
1085 3887 1437 3954 incorruptae,
1482 3885 1655 3938 solam
1684 3892 1866 3939 tamen
1897 3899 1962 3937 ex
1995 3883 2175 3937 omni~

597 3979 700 4035 bus
726 3979 918 4049 selegit
948 3977 1197 4044 Mariam,
1227 3978 1282 4031 in
1311 3978 1428 4048 ipsa
1471 3973 1819 4032 ineﬁ'abiliter
1847 3974 2042 4030 uniens
2065 3975 2172 4031 sibi

597 4079 654 4123 cl.
693 4072 961 4140 copulatis
990 4081 1240 4124 naturain
1274 4077 1547 4130 nostram,
1585 4065 2046 4136 quemadmodum
2084 4065 2174 4120 tli-

596 4162 761 4217 vinus
794 4161 884 4216 ille
921 4170 1074 4216 vates
1112 4161 1293 4230 inquit
1330 4177 1344 4214 :
1404 4157 1576 4228 Elegit
1634 4156 1781 4211 nobis
1812 4153 2172 4210 Icareditatem

594 4253 697 4305 sibi
717 4252 1160 4320 pulchritudinem
1188 4247 1399 4313 Jacobi,
1417 4263 1576 4318 quam
1603 4245 1790 4300 dilexit
1810 4245 1855 4279 "
1893 4261 1906 4299 :
1941 4243 2169 4300 Mariam

594 4350 858 4411 perpetuo
889 4349 1198 4395 manentem
1219 4341 1486 4410 virginem
1520 4339 1858 4410 signiﬁcans,
1877 4352 2000 4407 quae
2028 4353 2169 4392 nun-

596 4449 758 4502 quam
789 4420 867 4487 ad
895 4431 1264 4503 generandqu
1316 4447 1609 4501 progressa
1645 4430 1843 4494 luerat,
1881 4439 1975 4484 aut
1999 4429 2165 4485 fetum

597 4531 652 4582 iu
707 4535 864 4580 utero
909 4533 1160 4580 materno
1214 4535 1566 4594 conceperat.
1622 4523 1923 4594 Amplexus
1981 4511 2186 4577 autem‘

594 4621 758 4676 Pater
787 4635 904 4676 eam
935 4635 1058 4690 quae
1093 4635 1160 4674 ex
1192 4620 1310 4689 ipsa
1337 4627 1479 4684 erat,
1511 4617 1950 4673 incarnationem
1976 4614 2168 4678 Verbi,

593 4728 624 4766 e
654 4711 911 4782 supernis
951 4712 1217 4766 acclaniat
1259 4729 1273 4764 :
1312 4709 1448 4764 Ecce
1496 4709 1541 4762 F
1548 4711 1672 4764 ilius
1725 4725 1869 4762 meus
1925 4707 2168 4770 dilectus,

591 4819 694 4874 quo
723 4801 954 4856 delector
988 4803 1056 4855 σο.
1096 4801 1308 4866 Quibus
1338 4801 1394 4856 in
1437 4801 1618 4856 verbis
1640 4799 1894 4870 intelligit
1949 4798 2170 4853 unicum

594 4899 750 4952 illum
776 4913 842 4952 ex
875 4912 934 4952 se
977 4904 1033 4950 et
1070 4911 1135 4950 ex
1186 4902 1446 4964 perpetua
1507 4893 1722 4962 virgine
1775 4900 1967 4946 natum
2012 4889 2169 4944 nobis

595 4986 792 5042 Filium
832 4986 1023 5048 Deum,
1057 4985 1162 5042 sibi
1188 4995 1240 5039 et
1271 4983 1427 5038 nobis
1455 4981 2020 5047 consubstantialem,
2054 4980 2160 5050 ipsi

2855 1627 3106 1682 ΠΕΥΣΙΣ
3142 1631 3276 1686 AH’.

2345 1739 2454 1792 Kal.
2481 1738 2598 1803 πῶς
2639 1741 2782 1806 τινές
2825 1759 2986 1811 φασι,
3016 1744 3136 1797 κατ’
3184 1745 3408 1816 ἐκλογὴν
3439 1747 3521 1800 καὶ
3547 1749 3669 1819 χάριν
3687 1750 3748 1802 τὸν

2274 1831 2507 1904 Χριστὸν
2551 1833 2803 1902 γενέσθαι
2847 1835 2975 1888 Υίὸν
3025 1836 3118 1890 τοῦ
3159 1836 3328 1905 Θεοῦ;
3386 1837 3456 1891 Οὐ
3495 1840 3586 1910 γὰρ
3609 1839 3752 1908 λέγειὸ

2276 1926 2467 1998 Πατήρ
2489 1942 2502 1956 ·
2552 1923 2739 1993 Οὗτός
2765 1928 2938 1982 ἐστιν
2965 1933 2998 1983 d
3037 1931 3171 1996 Υἱός
3202 1948 3342 2006 you,
3371 1934 3402 1985 ό
3435 1932 3682 2001 ἀγαπητὸς
3711 1934 3751 1987 δν

2275 2018 2578 2089 ἐγέννησα,
2625 2018 2763 2085 ἀλλ’,
2793 2020 2862 2074 ἐν
2901 2013 2949 2086 ᾧ
2979 2021 3316 2089 ηὐδόκησα.
3369 2023 3471 2076 Καὶ
3508 2024 3684 2086 Ἠσαῖας
3709 2029 3749 2078 ἐκ

2275 2109 2567 2178 προσώπου
2613 2111 2707 2165 τοῦ
2757 2112 2892 2166 Θεοῦ
2937 2114 3028 2166 καὶ
3075 2115 3319 2186 Πατέρος
3349 2114 3485 2183 λέγει
3527 2117 3630 2188 περὶ
3661 2120 3748 2188 Χρι-

2277 2199 2404 2252 στοῦ
2423 2216 2437 2230 ·
2473 2200 2627 2256 Ἰδοὺ
2659 2204 2693 2255 d
2722 2200 2870 2267 Παῖς
2895 2220 3014 2270 μου
3043 2203 3115 2256 ὃν
3141 2205 3516 2274 ᾐρετισάμην,
3541 2211 3568 2260 d
3589 2208 3747 2276 (irasq-

2274 2292 2379 2358 τός
2399 2310 2550 2361 μου,
2583 2295 2672 2360 είς
2712 2292 2784 2346 ὂν
2810 2294 3155 2362 ηὐδόκησεν
3181 2299 3221 2364 ἡ
3253 2298 3416 2367 ψυχή
3433 2315 3555 2367 μου.
3585 2301 3747 2370 Ὁμοίως

2275 2381 2371 2434 καὶ
2427 2381 2678 2453 Σολομὼν
2734 2383 2907 2452 λέγει·
2978 2385 3498 2457 Ἐκλελογισμένος
3541 2388 3637 2442 ἀπὸ
3670 2406 3746 2456 μυ-

2265 2469 2499 2540 ριὰδος.

2899 2583 3258 2652 Ἀπόκρισις.

2358 2692 2445 2756 Ὠς
2477 2690 2621 2746 ἔοικε
2665 2693 2765 2763 τῆς
2824 2693 3033 2766 Ἀρείου
3083 2697 3371 2769 παροινίας
3414 2699 3656 2771 ὕπάρχει,,
3691 2719 3748 2754 το-

2277 2782 2449 2858 σαύτῃ
2503 2784 2805 2856 φιλονεικίᾳ
2863 2788 3004 2843 κατὰ
3057 2789 3157 2861 τῆς
3225 2793 3474 2862 ἀτρεκίας
3529 2794 3743 2864 χρώμενος.

2275 2873 2458 2939 Δεῖξον
2489 2877 2669 2929 τοίνυν
2711 2879 2837 2941 τοὺς
2866 2879 3086 2949 ὁμοίους
3121 2882 3359 2953 Χριστοῦ
3379 2923 3393 2947 ,
3425 2883 3508 2947 οὓς
3532 2884 3748 2953 δοκιμάσας

2275 2968 2304 3019 ὁ
2351 2968 2568 3039 Πατὴρ,
2617 2969 2852 3040 Χριστὸν
2897 2970 3178 3040 ἐξελέξατο
3207 2975 3388 3045 μόνον.
3432 2974 3488 3028 Ei
3525 2975 3612 3046 γὰρ
3641 2975 3746 3044 μόνος

2277 3057 2404 3121 Υίὸς
2433 3060 2668 3130 ὑπάρχει
2715 3063 3009 3133 μονογενὴς
3027 3105 3042 3130 ,
3087 3065 3186 3118 οὐκ
3235 3066 3346 3137 ἔχει
3375 3066 3620 3136 ἀδελφὸνῆ
3649 3066 3746 3119 ἀντι·

2276 3147 2601 3216 παράθετον.
2642 3149 2979 3222 Ἐμελῴδησε
3008 3151 3118 3223 γὰρ
3141 3156 3274 3225 περὶ
3302 3155 3468 3209 ιαὺτοῦ
3493 3156 3626 3209 Δασὶδ
3647 3158 3668 3207 ὁ
3693 3155 3746 3205 θε-

2277 3239 2530 3303 σπέσιος·
2596 3241 2690 3307 Τίς
2735 3243 3158 3312 ὁμοιωθήσεται
3205 3246 3290 3312 τῷ
3331 3248 3511 3322 Κηρίφ
3554 3248 3610 3301 ἐν
3646 3244 3742 3309 υἱοῖς

2279 3331 2463 3397 Θεοῦ;
2498 3333 2591 3386 καὶ
2631 3334 2751 3404 μεθ’
2787 3324 3218 3407 ἕτερα·’Μέτας
3248 3341 3346 3394 καί
3387 3341 3603 3410 φοϐερός
3633 3340 3742 3392 ἐστιν

2275 3421 2374 3473 ἐπὶ
2428 3421 2660 3490 πάντας
2699 3425 2843 3492 τοὺς
2879 3429 3230 3496 περικύκλῳ,
3268 3431 3474 3486 αὐτοῦ’
3503 3431 3566 3496 ὼς
3591 3429 3745 3501 μηδενδς

2275 3512 2389 3564 οἵου
2417 3529 2477 3566 τε
2514 3514 2666 3579 ὄντος
2697 3517 2792 3570 τοῦ
2840 3520 2979 3573 κατὰ
3009 3521 3168 3592 χάριν
3193 3521 3228 3594 ἢ
3261 3524 3523 3595 προκοπὴν
3547 3521 3745 3593 rapam-

2276 3603 2465 3657 λεσθαι
2491 3605 2572 3676 τῷ
2615 3607 2734 3679 Θεῷ
2773 3609 2964 3681 Λόγῳ,
3003 3611 3091 3666 διὰ
3126 3613 3350 3684 βροτοὺς
3387 3612 3655 3685 ἁῆρωθέντι
3686 3610 3746 3662 iui

2274 3697 2501 3762 είκότως
2551 3699 2878 3770 ὲκλεχθέντι.
2925 3703 3195 3758 Πλείστων
3223 3706 3333 3778 γὰρ
3359 3703 3660 3776 ὑπαρχουσῶν
3679 3719 3746 3770 μυ·

2279 3790 2475 3860 ριάδων
2501 3790 2778 3858 γυναικῶν
2815 3792 2894 3846 ἔτι
2927 3796 3198 3867 ἀφθόρων,
3237 3798 3398 3868 μόνην
3425 3800 3482 3851 ὲκ
3502 3795 3652 3849 πασῶν
3667 3793 3746 3847 Mu-

2279 3883 2398 3952 ρίαν
2444 3884 2768 3955 ἅπέκρινεν,
2800 3888 2856 3939 ὲν
2894 3888 3030 3959 αὐτῇ
3080 3889 3375 3960 ἀφράστως
3416 3888 3592 3951 ένώσας
3625 3883 3744 3950 ἐαυτῷ

2274 3974 2368 4027 καὶ
2418 3974 2730 4044 συμπλέξας
2771 3977 2838 4030 τὰ
2874 3977 3148 4050 ἡμέτερα,
3200 3980 3384 4045 καθώς
3432 3978 3617 4050 φησινό
3650 3975 3744 4033 Θείας

2273 4067 2551 4136 τραγῳδός
2571 4083 2585 4097 ·
2664 4067 3014 4133 Ἑξελέξατο
3073 4071 3219 4140 ἡμῖν
3273 4072 3386 4141 τὴν
3440 4067 3744 4138 κληρονομίαν

2272 4157 2517 4220 ἑαυτοῦ,
2561 4157 2677 4226 τὴν
2727 4159 3040 4230 καλλονὴν
3101 4163 3318 4228 Ἰακὼϐ,
3359 4163 3434 4231 ἦν
3483 4160 3742 4230 ἠγάπησεν

2272 4249 2370 4320 τὴν
2403 4249 2658 4304 ἀείπαιδα
2706 4252 2924 4324 Μαρίαν
2974 4253 3174 4325 δηλῶν,
3228 4255 3448 4326 μηδέπω
3494 4255 3560 4316 εἰς
3595 4250 3744 4318 γένεσιν

2275 4341 2674 4413 παρελθοῦσαν,
2698 4343 2758 4396 ὲν
2774 4343 2927 4415 νηδύϊ
2956 4346 3163 4418 μητρὸς
3194 4345 3608 4418 κατασληθεῖσαν.
3634 4337 3742 4404 ’Δοξά-

2278 4452 2437 4505 μενος
2457 4435 2503 4487 δ’
2524 4437 2553 4488 ὁ
2585 4436 2774 4508 Πατὴρ
2807 4437 2906 4508 τὴν
2935 4437 2992 4504 ἐξ
3019 4439 3187 4510 αὐτῆς
3221 4439 3316 4492 τοῦ
3345 4440 3501 4507 Λόγου
3527 4436 3741 4504 σάρκωσιν.

2274 4527 2480 4580 ἄνωθεν
2524 4527 2739 4599 ὲπιὸοᾷ·
2784 4529 2930 4583 Ἰδοὺ
2959 4533 2993 4584 δ
3027 4532 3158 4597 Υἱός
3177 4549 3299 4600 μου
3337 4534 3368 4585 δ
3407 4521 3743 4598 summa

2270 4610 2320 4684 ᾧ
2347 4617 2674 4685 εὐδόκησα*
2696 4619 2790 4672 ἕνα
2816 4620 2908 4673 τὸν
2940 4623 3071 4694 παρ’
3099 4622 3264 4676 αὑτοῦ
3298 4623 3385 4676 καὶ
3413 4622 3500 4690 τῆς
3524 4613 3742 4673 Ἀείπαιδαῖ

2270 4709 2550 4780 γνωρίζων
2565 4712 2598 4781 ἡ
2606 4713 2695 4781 μίν
2714 4712 2885 4766 Παῖδα
2897 4712 3203 4785 Θεὸν,αὑτῷ
3216 4715 3309 4768 καί
3333 4714 3453 4784 ἡμῖν
3466 4702 3738 4782 όμοούσιον,τὸ

2273 4803 2391 4871 μὲν,
2410 4803 2669 4875 θειότητι,
2695 4805 2793 4875 τῆς
2814 4805 2867 4858 δὲ
2893 4805 3092 4878 (ιι-ιτ)
3111 4806 3201 4879 τῷ
3227 4806 3601 4878 προσλήμματιο
3634 4798 3737 4864 vim“

2268 4891 2470 4966 θέωρος
2495 4893 2604 4966 γὰρ
2634 4895 2848 4968 Θνητοῖς
2871 4896 3156 4962 ἀθάνατος,
3189 4898 3509 4970 αὐθαιρέτως
3532 4888 3737 4959 γενόμεπῖ

2270 4981 2482 5051 ἔμεινεν
2513 4983 2542 5036 ὃ
2562 4980 2650 5056 ἦν,
2677 4985 2950 5056 ὁρώμενος
2972 4987 3106 5058 ὅπερ
3133 4988 3269 5058 είμί.

592 5076 811 5146 quidem
843 5077 1147 5140 divinitate,
1180 5075 1334 5131 nobis
1374 5091 1502 5131 vero
1534 5079 1751 5130 ratione
1779 5075 1965 5129 carnis
1998 5082 2316 5144 assumptus.
2355 5073 2500 5131 Idem
2535 5078 2680 5131 enim
2713 5080 2857 5133 inter
2889 5077 3151 5133 mortales
3189 5091 3450 5150 apparens
3479 5065 3736 5129 immortalia

593 5182 891 5243 spontanea
925 5174 1203 5227 voluntate
1229 5174 1430 5227 mansit
1459 5172 1605 5242 quod
1629 5180 1766 5237 erat,
1797 5187 1921 5228 cum
1962 5171 2378 5241 conspiceretur
2415 5173 2468 5229 id
2497 5189 2620 5230 esse
2643 5172 2788 5243 quod
2826 5189 2947 5229 sum
2975 5187 3100 5245 ego.

954 5282 1472 5340 INTERIIOGATIO
1543 5281 1789 5336 XXXIX.

660 5379 943 5446 Quomodo
966 5393 1095 5432 vero
1121 5377 1423 5432 secundum
1459 5376 1765 5445 profectum
1812 5381 1862 5429 el
1904 5373 2158 5429 dilectio-

591 5487 714 5524 nem
766 5469 1059 5538 Apostolus
1115 5468 1295 5537 ipsum
1332 5467 1630 5522 ostendens
1677 5465 1876 5520 Filium
1928 5465 2044 5531 Dei,
2095 5465 2164 5520 de

2847 5285 3095 5340 ΠΕΥΣΙΣ
3131 5285 3251 5340 ΛΘ’.

2342 5376 2454 5428 Καὶ
2486 5377 2601 5440 πῶς
2631 5377 2771 5430 κατὰ
2798 5377 3076 5450 προκοπὴν
3104 5378 3196 5431 καί
3226 5371 3528 5444 ἀγάπησινό
3558 5365 3736 5450 ’Azo'z-a-

2272 5465 2360 5530 λος
2391 5467 2602 5530 δεικνὺς
2631 5467 2791 5522 αὐτὸν
2821 5467 2948 5520 Υἱὸν
2994 5466 3089 5521 τοῦ
3129 5466 3259 5520 Θεοῦ
3281 5507 3296 5532 ,
3340 5464 3460 5534 περὶ
3488 5457 3564 5527 τοῦ
3591 5446 3736 5520 Πειτώ

661 5626 706 5658 ⁵³
732 5625 889 5679 Joan.
920 5640 972 5685 v,
1001 5627 1092 5678 25.
1153 5625 1200 5656 “
1233 5625 1419 5679 Matth.
1447 5642 1527 5690 Ill,
1557 5625 1641 5679 l7.
1717 5625 1764 5658 ⁵⁸
1795 5622 1898 5680 Isa.
1928 5639 2063 5688 xui,
2096 5625 2147 5679 I.
2225 5623 2270 5655 "'
2295 5623 2447 5678 Cant.
2479 5639 2531 5688 v,
2563 5623 2649 5678 i0.
2725 5625 2771 5656 "
2798 5622 2940 5681 Psal.
2970 5639 3231 5687 Lxxxvm,
3260 5622 3309 5677 7.
3346 5621 3392 5654 ⁸⁸
3419 5617 3534 5675 ibid.
3578 5611 3612 5644 "
3636 5598 3734 5662 Ρεείσ

591 5711 742 5763 XLVI,
779 5698 830 5750 5.
910 5697 952 5726 ⁶⁰
984 5696 1174 5750 Matth.
1204 5712 1285 5761 ιιι,
1320 5696 1410 5751 17.

663 5855 866 5929 (Si—ii)
903 5857 969 5910 Τὸ
993 5857 1128 5926 μὲν.
1153 5897 1165 5912 .
1190 5901 1202 5913 .
1239 5855 1347 5923 τῆς
1375 5856 1460 5908 δέ.
1499 5855 1661 5908 Forte
1682 5895 1695 5918 ,
1731 5853 1809 5924 τῷ
1853 5853 1971 5924 μὲν.
1998 5888 2048 5906 ..
2081 5855 2170 5905 τοῖς

2278 5893 2288 5904 .
2337 5851 2493 5906 Eon.
