3814 6504
26 399 110 455 ρηε
1365 371 1532 428 DIALI

1643 368 1710 427 ES
1735 367 1776 422 I.

25 512 170 576 λέγει.
217 502 312 564 Ὃς
337 490 630 576 Δἐρῤύοτιτο
671 485 828 556 ἡμᾶς
863 485 931 539 ἐκ
967 483 1076 554 τῆς
1106 483 1389 552 ἐξουσίας
1413 484 1522 538 τοῦ

25 573 237 660 σκότου,
277 578 367 643 καί
399 573 768 651 μετέστησεν
793 580 880 644 είς
917 578 1033 652 τὴν
1062 577 1392 642 ,βασιλείαν
1417 577 1522 631 τοῦ

25 692 124 750 Γλοῦ
151 681 246 756 τῆς
267 676 484 746 ἀγάπης
504 669 712 726 αὐτοῦ.

566 784 926 852 Ἀπόκρισις.

76 881 198 942 Ἀλλ’
223 878 333 945 ,οὐκ
376 876 437 928 ἐκ
469 871 672 942 τούτων
705 871 847 944 κατὰ
869 870 1161 944 ¹προκοπὴν
1210 869 1338 933 Υἱὸς
1385 868 1523 937 Θεοῦ

25 978 322 1049 ῑειχθήσεται.
364 965 616 1040 Ἑτέρωθι
656 964 763 1036 γὰρ
789 966 818 1018 6
840 963 1000 1028 αὐτὸς
1031 963 1173 1034 ἱερὸς
1205 960 1525 1043 ’ᾼπόστολός

25 1037 170 1142 ρησινΙ·
199 1065 319 1118 Ὀτι
424 1059 566 1124 Θεὸς
612 1056 928 1130 ἠγάπησεν
958 1053 1114 1126 ᾐμᾶς
1156 1037 1238 1107 ἐν’
1261 1053 1520 1126 Χριστῷο
1555 1067 1558 1074 ·

25 1159 246 1235 ιημαίνων
274 1151 485 1224 ἀγάπην
512 1149 604 1203 τοῦ
631 1148 764 1206 Θεοῦ
789 1148 883 1204 καὶ
901 1147 1114 1218 Πατρὸς
1140 1144 1405 1218 ὑπάρχειν
1433 1143 1524 1198 τὸν

25 1231 217 1327 (ριστὸν.
241 1248 311 1318 ὡς
333 1245 423 1299 κα)⁸
439 1243 625 1314 σοφίαν
646 1242 1002 1314 καὶδύναμιν.
1021 1242 1233 1310 ’Λγάπη
1255 1235 1346 1293 οὖν
1368 1239 1397 1291 6
1414 1241 1525 1292 Πα-

25 1347 106 1419 mp,
131 1340 313 1413 ὁμοίως
343 1336 436 1390 καὶ
462 1337 491 1389 6
512 1335 639 1398 Υἱός
656 1351 669 1364 ·
699 1334 777 1398 ὡς
814 1335 930 1405 φῶς
951 1335 1016 1386 ὲκ
1045 1332 1240 1401 φωτὸς,
1277 1331 1370 1383 καὶ
1393 1330 1525 1394 Θεὸς

29 1455 55 1489 κ
79 1432 213 1490 Θεοῦ.
244 1427 334 1482 καὶ
359 1425 546 1497 ἀγάπη
563 1425 630 1502 ,ἐξ
653 1426 892 1503 ἀγάπης.
929 1425 983 1478 '0
1022 1426 1165 1488 Θεὸς
1188 1423 1298 1495 γὰρ
1323 1420 1523 1493 ἀγάπη

26 1525 130 1587 ’στὶν
159 1518 310 1591 φησιν
338 1519 366 1570 ὁ
406 1515 679 1579 Ἰωάννης.
717 1514 1122 1580 Παυσάσθωσαν
1149 1513 1324 1568 τοίνυν
1346 1513 1395 1564 0i
1426 1510 1525 1580 τῆς

25 1612 183 1682 Αρείου
210 1607 432 1680 μανίας,
483 1606 692 1680 κτίσμα
732 1606 822 1660 τὸν
848 1605 1088 1674 ,κτίστην
1120 1603 1387 1674 οἰόμενοι,
1410 1599 1523 1660 οὗθ’

26 1706 159 1774 τέρας
202 1698 304 1758 τῶν
341 1694 628 1768 Διαθηκῶν
676 1693 833 1754 τοῦτο
878 1691 1224 1763 βουλομένης.
1272 1690 1524 1770 Τέσσαρα

26 1801 104 1866 μῖν
139 1792 357 1863 ὑπάρχει
405 1787 746 1865 Εὐαγγέλια,
785 1783 1093 1853 κεφαλαίων
1113 1782 1296 1856 χιλίων
1330 1781 1522 1835 ἑκατὸν

25 1888 217 1958 ξήκοντα
235 1883 356 1937 δύο·
383 1880 480 1934 καὶ
504 1880 596 1933 ἀπ’
619 1878 785 1948 ἄκρου
814 1877 973 1947 μέχρι
1004 1876 1237 1948 πέρατος
1266 1878 1323 1930 ἐν
1343 1876 1523 1938 αὐτοῖς

25 1977 231 2051 Europa”
270 1977 298 2028 ό
344 1973 474 2034 Υἱὸς
521 1971 653 2041 ,περὶ
698 1968 791 2022 τοῦ
835 1968 1087 2047 Πατρὸς,
1126 1969 1220 2023 καὶ
1262 1969 1291 2020 6
1337 1969 1526 2038 Πατὴρ

25 2073 99 2140 τερὶ
137 2065 222 2122 τοῦ
264 2063 496 2124 Παιδὸς,
547 2060 659 2119 οὔθ’
715 2059 900 2131 ἕτερος
956 2059 1136 2113 αὐτῶν
1192 2075 1389 2129 φησιν,
1445 2059 1524 2111 ὅτι

25 2149 453 2226 Εκτισαὲμαυτῷ
499 2150 658 2215 Υἱὸν,
691 2150 726 2220 ἢ
754 2144 820 2202 αὖ
855 2148 1046 2214 πάλιν,
1085 2149 1166 2203 ὅτι
1199 2148 1418 2211 Ἕκτισέ
1459 2165 1525 2218 με

38 2251 218 2320 Πατήρ.

551 2335 798 2400 ΠΕΥΣΙΣ
834 2337 928 2401 Μ’.

45 2434 98 2488 Τί
135 2426 218 2487 οὖν
245 2428 496 2500 νομίζεις
527 2429 925 2501 τὴνΙΙαρθὲνον
949 2427 1167 2498 Μαρίαν
1186 2467 1201 2490 ,
1241 2425 1466 2496 κτιστὴν
1491 2425 1525 2496 ἢ

25 2542 226 2592 cistoto;
262 2526 354 2579 καὶ
383 2523 446 2575 τὸ
489 2521 548 2587 ἐξ
584 2523 755 2594 αύτῆς
787 2521 945 2592 σῶμα
975 2521 1068 2574 τοῦ
1113 2520 1387 2590 Χρικστοῦ;
1434 2520 1528 2574 καὶ

26 2626 84 2687 ὡς
113 2621 419 2692 προσκυνεῖς
449 2615 536 2687 τῷ
569 2614 821 2685 Χριστῷς
856 2614 917 2668 Ei
947 2613 1055 2684 γὰρ
1089 2611 1304 2681 κτιστὸν
1332 2611 1492 2682 εἴπῃς
1511 2651 1526 2674 ,

25 2735 104 2787 περ
130 2716 260 2771 πᾶσα
283 2712 510 2776 πάντως
538 2711 772 2777 ἀνάγκη,
800 2706 1038 2776 δηλονότι
1073 2704 1330 2775 κτίσματι
1360 2720 1529 2776 προσ-

26 2805 240 2868 uvsig'ei
285 2803 342 2862 δὲ
391 2800 472 2872 μὴ
523 2801 882 2871 προσκυνεῖς,
935 2797 1072 2868 ἀρνῇ
1116 2795 1207 2848 τὸν
1262 2794 1388 2848 Υἱὸν
1435 2793 1528 2847 τοῦ

26 2897 226 2956 305.06
273 2894 474 2967 γράφω
520 2891 782 2960 Θεότητος
834 2889 1034 2942 τύπον·
1083 2887 1230 2958 ἁπλῆ
1279 2886 1386 2959 γὰρ
1437 2886 1532 2940 καὶ

25 2992 174 3059 Spero;
200 2985 297 3060 ,καὶ
321 2984 582 3046 ἁνείδεός
615 2984 730 3036 ἐστι
749 2999 762 3012 ο
799 2981 900 3051 τῆς
937 2979 1138 3050 σαρκὸς
1161 2979 1217 3033 δὲ
1249 2978 1339 3032 τὸν
1359 2978 1530 3032 τύπον

25 3079 206 3148 ττορῶν,
257 3073 562 3147 προσκυνῶ
614 3073 907 3143 Θεοπρεπεῖ
954 3070 1041 3124 διὰ
1090 3070 1188 3141 τὴν
1238 3069 1355 3123 καθ’
1395 3069 1530 3122 ὑπό-

25 3190 138 3224 ςασιν
159 3171 364 3224 ἕνωσιν.

567 3345 930 3412 Ἀπόκρισις.

36 3439 107 3509 Νὴ
136 3438 228 3510 τὴν
259 3436 404 3510 ἐμὴν
449 3435 680 3506 ὑγείαν,
733 3435 832 3506 οὐχ
878 3435 954 3499 ὡς
1003 3433 1261 3505 κτίσματι
1293 3452 1534 3506 προσκυ-

35 3549 99 3585 σω
133 3529 349 3603 Χριστῷ
371 3569 387 3594 ,
436 3529 561 3584 ἀλλ’
593 3528 667 3592 ὼς
699 3527 1148 3598 τῶνικτισμάτων
1186 3528 1415 3599 ποιητὴν
1443 3528 1536 3581 καὶ

25 3625 102 3677 εὸν.
130 3625 334 3696 Ὥσπερ
361 3623 476 3694 γὰρ
509 3620 607 3686 τὸν
631 3620 853 3692 βασιλέα
869 3621 974 3682 ,σὺν
1001 3622 1068 3691 τῇ
1091 3619 1368 3691 ἁλουργίδι
1390 3621 1535 3691 τιμῶ

28 3718 56 3786 ᾷ
82 3717 478 3787 προσκυνήσει,
518 3715 582 3768 ού
615 3713 864 3784 χωρίζων
889 3712 1051 3766 αὐτὸν
1080 3713 1314 3782 ἐκείνης.
1352 3711 1420 3765 "II
1444 3729 1534 3792 σοι

25 3827 62 3861 ια
90 3810 228 3863 δοκεί
253 3811 408 3882 ἐρεῖν
435 3808 520 3880 τῷ
553 3807 815 3877 ἁνάκτορι
833 3823 847 3838 ο
885 3804 1173 3876 Ἀνάστηθι
1195 3804 1285 3858 τοῦ
1322 3804 1532 3876 Θρόνου,

25 3922 43 3955 ι
80 3921 133 3957 σε
173 3905 593 3977 προσκυνήσω;
634 3901 702 3974 ἢ,
757 3900 978 3964 Ἔξελθε
1023 3898 1115 3953 τοῦ
1146 3899 1272 3953 ναοῦ
1297 3939 1312 3963 ,
1357 3899 1442 3952 ἵνα
1475 3915 1536 3952 σε

25 3996 165 4065 ινήσω
204 3995 379 4066 χωρὶς
420 3995 530 4065 τῆς
582 3992 790 4063 ἀψύχου
821 3991 990 4062 ῦλης;
1028 3991 1090 4044 Εί
1122 3985 1215 4044 οὖν
1246 3989 1316 4043 τὰ
1353 3991 1535 4061 ἄψυχα

25 4108 31 4136 ι
77 4077 298 4159 ἐμψύχῳ
349 4087 868 4159 συμπροσκυνεῖται
919 4085 1012 4137 καὶ
1068 4081 1139 4146 τὰ
1190 4081 1417 4152 εὐτελῆ,
1458 4082 1537 4153 τῷ

25 4199 122 4251 ισης
165 4181 300 4251 ὁμοῦ
337 4167 445 4252 τῆς
501 4180 732 4250 ὑφηλίου
769 4177 1047 4250 Δεσπότῃ,
1105 4176 1330 4239 εἰκότως
1365 4176 1461 4228 καὶ
1508 4177 1537 4229 ὁ

26 4288 114 4338 ιγος
154 4273 250 4324 σὺν
288 4271 371 4343 τῷ
417 4269 542 4341 ναῷ
571 4269 664 4324 τοῦ
708 4270 990 4340 σώματος,
1021 4269 1174 4338 ὅπερ
1221 4266 1386 4321 αὑτοῦ
1442 4268 1538 4321 καὶ

25 4366 232 4434 ουργίδα
265 4365 419 4436 φημὶ
451 4365 554 4418 καὶ
585 4362 787 4435 χιτῶνα
815 4361 909 4415 καὶ
935 4359 1143 4435 Θρόνον,
1173 4360 1272 4430 μιᾷ
1304 4376 1538 4429 προσκυ-

25 4471 93 4508 σει
126 4457 675 4528 προσκυνηοήσεται.

541 4657 792 4714 ΠΕΥΣιΣ
827 4656 964 4710 MA'.

25 4748 118 4800 Καὶ
141 4751 192 4810 εἰ
217 4748 357 4812 Θεός
380 4750 512 4802 ἐστι
551 4748 689 4817 μετὰ
716 4745 965 4816 σώματος
986 4783 1000 4808 ,
1033 4742 1149 4806 πῶς
1175 4741 1337 4806 αὐτὸς
1357 4741 1539 4811 λέγει,

26 4839 92 4892 ὸν
117 4841 323 4908 οὐδεὶς
351 4839 591 4908 ἐόψακε
615 4837 887 4901 admota;
919 4837 982 4889 El
1002 4831 1092 4889 οῦν
1112 4834 1244 4898 Θεὸς
1267 4831 1336 4906 ἦν
1361 4874 1375 4898 ,
1408 4835 1544 4888 πάν-

25 4933 101 4992 ;οί
138 4934 258 4985 κατ’
288 4934 483 4986 ἐκεῖνο
511 4928 707 5000 καιροῦ
740 4923 879 4980 εἶδον
901 4926 1082 4980 αὑτόν.

583 5122 938 5191 Ἀπόκρισις.

25 5215 139 5286 Περὶ
185 5216 284 5271 τοῦ
330 5217 762 5289 Πατρόςφησιν
793 5215 822 5266 6
852 5212 1001 5277 Υίὸς,
1047 5214 1131 5267 ὅτι
1166 5212 1315 5268 Θεὸν⁹
1343 5211 1544 5276 οὐδεὶς

25 5327 153 5368 βακε
199 5313 482 5367 πώποτε.
542 5309 616 5366 Οὐ
649 5307 757 5379 γὰρ
783 5302 925 5362 εἷπε·
957 5304 1057 5358 Τὸν
1093 5305 1217 5359 Υίὸν
1247 5305 1378 5360 Θεὸν
1415 5305 1545 5359 ὄντα

25 5414 106 5465 γον
145 5400 240 5453 καὶ
267 5400 582 5470 ἄνθρωπον
619 5397 938 5468 γενόμενον,
981 5395 1155 5460 οὐδεὶς
1183 5395 1396 5466 ἑώρακε
1431 5395 1546 5449 πώ-

25 5506 84 5542 is.
119 5487 281 5549 Εἶδον
305 5491 416 5561 μὲν
449 5491 736 5560 προφῆται
762 5490 856 5548 καὶ
884 5487 1172 5547 ἀπόστολοι
1193 5490 1288 5552 καὶ
1317 5488 1547 5550 ἕκαστος

25 5595 44 5632 ν
74 5581 306 5636 δικαίων
342 5582 520 5645 Θεὸν,
548 5581 661 5636 ἀλλ’
689 5582 863 5647 οὐδεὶς
884 5581 1018 5636 καθὸ
1043 5581 1276 5652 ὑπάρχει
1296 5584 1362 5653 τῇ
1387 5580 1545 5651 φύσει

25 5674 64 5723 ἵν
86 5668 196 5736 οἶός
218 5691 305 5728 τε.
340 5673 492 5728 Οὐδὲ
516 5673 628 5744 γὰρ
651 5672 767 5726 ἔστι
791 5673 953 5742 φύσις
976 5671 1229 5744 χωροῦσα
1262 5673 1360 5744 τὴν
1385 5672 1507 5743 ὄψιν
1528 5689 1542 5702 ⁸

25 5764 150 5836 ἰστῳ
191 5766 251 5820 δὲ
291 5765 410 5820 τῶν
456 5764 632 5830 ἀξίων
675 5764 956 5834 φαίνεται,
981 5764 1083 5816 οὐκ
1113 5763 1241 5818 ἄνευ
1266 5765 1410 5828 τινὸς
1442 5781 1546 5816 πα-

3084 366 3185 422 906

1623 480 1784 535 Patre
1818 477 1994 548 inquit
2024 497 2037 532 :
2073 479 2178 545 Qui
2198 479 2389 550 eripuit
2418 499 2512 536 nos
2531 482 2597 536 ea:
2643 487 2901 552 potestate
2952 479 3192 534 tenebra-

1623 589 1762 634 rum,
1788 582 1834 626 et
1867 570 2137 625 transtulit
2161 572 2214 625 in
2237 589 2451 642 regnum
2483 572 2611 628 Filii
2653 574 2945 628 dilectionis
2976 589 3085 627 sum
3113 569 3188 625 .".

2253 767 2557 838 Responsio.

1697 858 1900 928 Verum
1933 876 1998 916 ex
2025 860 2114 915 bis
2144 875 2253 915 non
2281 861 2601 936 ostendetur
2625 877 2750 918 esse
2786 863 2962 934 ipsum
2997 879 3192 937 secun-

1625 952 1754 1008 dum
1780 951 2084 1022 profectum
2113 951 2312 1008 Filium
2345 954 2464 1009 Dei.
2487 955 2634 1008 Alibi
2670 955 2814 1024 enim
2845 955 2987 1027 idem
3017 956 3194 1026 inquit

1624 1044 1944 1114 Apostolus,
1979 1043 2247 1110 Quoniam
2276 1042 2410 1097 Deus
2447 1045 2632 1098 dilexit
2671 1061 2765 1120 nos
2794 1045 2848 1098 in
2881 1043 3092 1106 Christo
3109 1045 3153 1075 "
3175 1085 3193 1110 ,

1626 1119 1944 1205 signiﬁcans
1974 1135 2322 1191 dilectionem
2357 1136 2446 1190 Dei
2475 1145 2527 1191 et
2548 1119 2872 1208 Patrisesse
2889 1137 3190 1198 Christum,

1625 1211 2084 1296 quemadmodum
2116 1235 2168 1283 et
2201 1228 2526 1298 sapientiam
2566 1237 2619 1283 et
2653 1228 2934 1284 virtutem.
2968 1228 3196 1284 Dilectio

1627 1315 1793 1386 igitur
1816 1327 1900 1372 est
1921 1315 2107 1394 Pater,
2159 1319 2412 1374 similiter
2462 1327 2517 1374 et
2560 1317 2754 1383 Filius,
2801 1327 2860 1374 ut
2901 1321 3083 1375 lumen
3128 1335 3196 1374 ex

1626 1407 1851 1466 lumine.
1885 1418 1938 1462 et
1965 1408 2200 1482 Deusvex
2239 1409 2382 1478 Deo;
2407 1419 2461 1466 et
2510 1411 2730 1466 dilectio
2767 1426 2836 1466 ex
2877 1411 3191 1467 dilectione.

1625 1497 1759 1553 Nam
1786 1499 1924 1554 Deus
1949 1510 2027 1556 est
2066 1500 2285 1574 dilectio
2321 1503 2388 1565 ⁸³,
2438 1503 2615 1576 inquit
2662 1502 2920 1560 Joannes.
2967 1504 3199 1576 Cessent

1627 1591 1795 1661 igitur
1841 1593 2058 1649 Arianae
2104 1595 2344 1666 vesania:
2383 1603 2707 1662 sectatores,
2747 1597 2840 1667 qui
2886 1609 3195 1652 creaturam

1627 1689 1931 1736 creatorem
1970 1692 2189 1753 putant,
2252 1693 2450 1738 neutro
2489 1683 2964 1739 Testamentorum
3017 1684 3069 1738 id
3112 1701 3202 1737 vo-

1633 1773 1797 1828 lente.
1821 1772 2064 1840 Quatuor
2098 1774 2256 1830 nobis
2293 1786 2422 1830 sunt
2468 1774 2781 1846 Evangelia,
2830 1776 3008 1846 capita
3050 1776 3200 1831 mille

1632 1873 1850 1918 centum
1885 1869 2165 1938 sexaginta
2199 1867 2337 1933 duo;
2365 1868 2512 1924 etab
2542 1869 2699 1922 initio
2733 1869 2797 1922 ad
2829 1867 2990 1924 tinem
3026 1885 3200 1939 usque

1629 1954 1683 2018 in
1713 1956 1847 2027 ipsis
1872 1957 2142 2014 divinitus
2166 1959 2328 2013 tradit
2366 1959 2674 2014 doctrinam
2710 1958 2880 2016 Filius
2912 1961 2980 2016 de
3017 1960 3197 2024 Patre,

1627 2056 1682 2113 et
1710 2047 1872 2104 Pater
1899 2049 1966 2105 de
1994 2051 2156 2115 Filio,
2189 2058 2242 2105 et
2273 2058 2455 2106 tamen
2490 2061 2684 2122 neuter
2727 2051 2971 2121 ipsorum
3004 2053 3196 2123 inquit,

1629 2125 1819 2194 Creavi
1856 2140 1986 2196 mihi
2030 2140 2259 2207 Filium,
2300 2151 2395 2197 aut
2447 2143 2567 2198 vice
2629 2158 2810 2209 versa,
2859 2146 3075 2201 Creavit
3117 2163 3202 2214 me

1627 2229 1808 2287 Pater.

2077 2325 2281 2381 INTER
2291 2326 2596 2384 ROGATIO
2633 2327 2747 2384 XL.

1702 2415 1845 2483 Quid
1874 2416 2046 2489 igitur
2078 2419 2278 2496 statuis
2298 2418 2366 2475 de
2398 2418 2619 2490 Virgine
2658 2420 2864 2476 Maria?
2891 2437 3021 2477 num
3050 2437 3203 2478 crea-

1631 2513 1763 2573 tam,
1787 2521 1856 2560 an
1886 2507 2206 2574 increatam,
2241 2515 2297 2564 et
2325 2510 2472 2580 quod
2501 2525 2567 2564 ex
2598 2524 2662 2565 ea
2683 2519 2770 2566 est
2795 2526 2996 2583 corpus
3035 2512 3200 2566 Chri-

1631 2599 1700 2653 sti
1733 2598 1757 2653 ἲ
1790 2599 1853 2652 Et
1888 2599 2163 2670 quomodo
2187 2598 2468 2658 Christum
2500 2599 2700 2657 adoras
2718 2600 2904 2656 ?~:Nam
2934 2601 2976 2659 si
3023 2602 3204 2672 ipsum

1633 2699 1878 2746 creatum
1913 2692 2142 2758 dixeris,
2171 2691 2225 2747 id
2284 2693 2431 2764 quod
2485 2694 2713 2762 omnino
2764 2709 3050 2750 necessum
3097 2706 3204 2768 est,

1633 2788 1944 2836 creaturam
1974 2773 2227 2837 videlicet
2259 2771 2498 2853 aliquam
2536 2784 2761 2850 adoras.
2819 2783 2877 2839 Si
2932 2801 3059 2840 vero
3097 2801 3207 2843 nou

1634 2872 1853 2934 adoras.
1894 2888 2063 2944 negas
2088 2871 2286 2946 Filium
2337 2873 2454 2930 Dei.
2505 2863 2624 2929 Non
2664 2875 2917 2932 describo
2958 2877 3210 2932 divinita-

1637 2970 1743 3017 tem
1773 2963 2073 3019 secundum
2117 2963 2373 3022 formam.
2423 2965 2667 3036 Simplex
2703 2969 2849 3023 enim
2884 2979 2989 3033 est,
3017 2956 3077 3025 et
3122 2972 3210 3025 in‘

1636 3057 2006 3126 aspectabilis,
2024 3068 2078 3113 et
2097 3057 2269 3122 forma
2296 3073 2514 3127 carens.
2539 3059 2733 3116 Carnis
2765 3047 2947 3116 autem
2977 3047 3208 3118 formam

1637 3143 1880 3212 intuens,
1918 3149 2086 3214 adoro
2110 3135 2401 3228 Deum,__tnt
2436 3165 2534 3221 par
2570 3160 2672 3218 est,
2707 3162 2928 3223 propter
2949 3169 3070 3210 eam
3088 3172 3211 3228 quae

1637 3238 1938 3294 secundum
1971 3240 2312 3312 hypostasim
2335 3225 2454 3310 Iest,
2493 3243 2770 3299 unionem.

2282 3333 2588 3404 Responsio.

1708 3421 1812 3479 Per
1876 3438 2049 3479 meam
2106 3432 2253 3479 certe
2304 3427 2560 3492 salutem,
2621 3442 2732 3484 non
2793 3435 2853 3483 ut
2901 3436 3226 3498 creaturam.-

1638 3514 1808 3570 adoro
1855 3515 2158 3580 Christum,
2204 3515 2298 3572 sed
2340 3526 2400 3572 ut
2450 3526 2830 3574 creaturarum
2874 3522 3123 3592 opificem
3157 3531 3246 3580 et~

1639 3606 1834 3662 Deum.
1865 3606 2336 3674 Quemadmodum
2369 3625 2549 3682 regem
2584 3626 2708 3665 cum
2740 3600 2980 3684 purpura
3004 3615 3215 3671 honoro

1639 3714 1748 3755 una
1783 3699 2054 3755 eteadem
2081 3702 2453 3766 veneratione,
2485 3703 2664 3774 ipsum
2697 3705 2766 3759 ab
2798 3704 2888 3758 illa
2916 3721 3021 3760 non
3053 3723 3214 3779 sepa-

1638 3803 1788 3842 rans.
1821 3787 2039 3860 Alioqui
2099 3805 2231 3843 num
2288 3791 2384 3844 tibi
2436 3791 2652 3846 videtur
2700 3792 2769 3846 ad
2829 3793 3214 3864 imperatorem

1571 3895 1573 3897 ί
1641 3879 1933 3933 dicendum
1965 3895 2086 3935 esse
2123 3900 2136 3935 .
2180 3878 2356 3952 Surge
2401 3881 2468 3937 de
2501 3883 2699 3938 throno
2735 3893 2848 3950 tuo,
2892 3893 2953 3939 ut
2994 3887 3216 3942 adorem

1643 3972 1726 4028 te?
1753 3981 1866 4038 aut,
1895 3972 2164 4043 Egredere
2187 3989 2254 4028 ex
2283 3974 2511 4043 templo,
2538 3985 2598 4029 ut
2631 3985 2680 4031 te
2712 3977 2984 4033 celebrem
3009 3979 3218 4049 absque

1641 4065 1870 4119 materia
1907 4063 2238 4120 inanimata?
2271 4063 2327 4120 Si
2359 4081 2491 4138 ergo
2534 4082 2623 4124 res
2657 4067 2911 4124 inanima:
2951 4084 3214 4126 una'cum

1643 4156 1904 4212 animatis
1934 4156 2252 4222 adorantur,
2306 4165 2361 4212 et
2404 4173 2495 4213 res
2537 4159 2762 4216 omnino
2803 4161 2948 4217 leves
2974 4180 2988 4230 ;
3018 4164 3217 4219 merito

1646 4247 1832 4314 utique
1855 4244 2036 4313 eteius
2049 4245 2143 4315 qui
2161 4246 2401 4300 omnium
2429 4247 2483 4300 in
2502 4245 2818 4302 universum
2833 4264 2956 4319 quae.
2977 4250 3080 4306 sub
3101 4252 3218 4306 sole

1644 4346 1792 4398 sunt,
1820 4337 2084 4392 Dominus
2128 4343 2234 4399 est.
2267 4345 2320 4392 et
2361 4335 2600 4392 Verbum
2644 4338 2800 4401 illud,
2845 4354 2969 4394 cum
3015 4343 3220 4412 templo

1646 4427 1918 4497 corporis,
1949 4427 2096 4498 quod
2132 4412 2308 4497 ipsum
2349 4443 2648 4498 purpuram
2691 4429 2810 4499 ejus
2840 4445 2977 4486 voco
3000 4443 3052 4488 et
3075 4435 3217 4488 tuni-

1644 4534 1768 4574 cam
1796 4528 1851 4576 et
1872 4519 2090 4584 solium,
2115 4533 2224 4572 una
2257 4518 2576 4573 adoratione
2607 4517 2944 4576 adorabitur.

2086 4631 2602 4690 INTERROGATIO
2638 4635 2775 4694 XLI.

1713 4724 1881 4797 Atqui
1908 4726 1955 4780 si
1980 4723 2123 4780 Deus
2161 4731 2244 4780 est
2277 4741 2402 4780 cum
2443 4741 2693 4797 corpore,
2739 4727 3016 4800 quomodo
3042 4728 3219 4800 inquit

1645 4820 1785 4890 ipse,
1811 4818 1983 4873 Deum
2015 4833 2166 4871 nemo
2202 4817 2330 4872 vidit
2378 4835 2608 4890 unquam
2644 4821 2727 4874 '5?
2767 4820 3045 4891 Siquidem
3076 4821 3219 4879 Deus

1646 4919 1786 4976 erat,
1815 4925 2004 4966 omnes
2027 4910 2122 4979 qui
2161 4924 2286 4963 cum
2322 4909 2416 4966 illo
2460 4908 2822 4984 ill-temporis
2861 4913 3100 4979 fuerunt,
3134 4916 3219 4970 vi-

1652 5002 1850 5060 derunt
1878 5003 2077 5073 ipsum.

2271 5112 2591 5186 ,Responsio.

1718 5205 1795 5262 De
1824 5205 1983 5260 Patre
2029 5204 2277 5276 loquitur
2343 5203 2533 5270 Filius,
2584 5221 2708 5260 cum
2743 5207 2838 5273 ait,
2876 5207 3039 5262 Deum
3070 5224 3220 5262 nemo

1647 5298 1778 5354 uidit
1807 5315 2059 5369 unquam.
2091 5297 2212 5354 Non
2254 5298 2400 5354 enim
2451 5299 2654 5370 inquit:
2683 5299 2904 5366 Filium,
2952 5303 3044 5372 qui
3077 5301 3220 5360 Deus

1647 5401 1732 5446 est
1771 5389 2034 5454 Verbum,
2079 5396 2134 5445 et
2169 5389 2331 5444 homo
2366 5390 2565 5457 factus,
2598 5407 2758 5448 nemo
2791 5394 2924 5448 vidit
2958 5409 3217 5464 unquam.

1652 5482 1914 5538 Viderunt
1956 5481 2186 5553 quidem
2225 5483 2503 5553 prophetae
2547 5494 2600 5538 et
2653 5485 2886 5556 apostoli
2927 5494 2980 5540 et
3028 5501 3221 5542 omnes

1645 5573 1778 5644 justi
1812 5574 2018 5642 Deum;
2053 5590 2242 5630 verum
2279 5576 2466 5632 nullus
2499 5577 2644 5647 quod
2679 5586 2764 5634 est
2793 5586 2988 5633 natura
3015 5594 3112 5633 sua
3140 5581 3221 5633 vi-

1647 5667 1775 5722 dere
1803 5674 1999 5738 potest.
2030 5665 2149 5721 Non
2179 5668 2326 5723 enim
2371 5677 2456 5724 est
2497 5669 2605 5722 ulla
2631 5678 2829 5726 natura
2869 5687 2993 5742 quae
3023 5672 3096 5726 sit
3125 5687 3221 5726 ca-

1652 5775 1755 5832 pas
1788 5763 1908 5829 ejus
1953 5767 2230 5830 aspectus.
2285 5761 2594 5835 Unicuique
2621 5779 2752 5820 vero
2781 5774 3011 5836 apparet
3032 5765 3221 5837 digno,

25 5882 52 5910 “
86 5883 310 5936 Co'oss.
346 5895 389 5943 ι,
426 5879 524 5932 t3.
607 5878 650 5910 ε’
677 5876 718 5930 tl
751 5876 946 5932 Thess.
980 5878 1139 5939 n.16.
1216 5879 1260 5912 "
1292 5877 1450 5934 Joan.
1490 5895 1562 5948 tv,
1589 5878 1643 5936 8.
1722 5877 1766 5910 “
1793 5874 1948 5932 Joan.
1982 5876 2136 5941 1,18.

273 5974 575 6034 Ρδτιιοι..
605 5969 720 6029 Gn.
760 5971 874 6030 XX
890 5969 1121 6031 XVIII.

2823 5971 2904 6032 29
