3818 6508
34 396 114 456 1οέ
1404 392 1556 448 DlAL

1666 393 1747 451 US
1784 394 1824 451 Ι.

604 512 951 582 Ἀπόκρισις.

89 609 267 662 ⁹Ακουε
298 607 364 677 δὴ
383 646 400 668 ,
435 605 721 673 ἀξιάγαοτε
740 646 756 671 ,
800 605 1128 668 αὑθεντικῶς
1176 608 1267 661 καὶ
1297 607 1563 679 αὐτοκρα-

32 705 226 778 τορικῶς
250 702 344 754 τοῦ
380 700 694 771 Πνεὺματος
729 702 1183 771 προστάττοντος,
1217 703 1310 755 καὶ
1332 702 1563 773 δρῶντος

32 794 104 851 ἶσα
127 796 194 863 τῷ
222 794 400 863 Πατρὶ
437 794 527 846 καὶ
562 792 640 862 τῷ
675 792 815 863 Υἱῷ·
859 793 1197 861 Ἀφορίσατε
1235 793 1311 858 δή
1337 811 1438 863 μοι
1459 794 1565 847 τὸν

34 888 306 957 Βαρνάϐαν
349 886 451 938 καὶ
498 886 771 949 Σαῦλον,
805 888 891 951 εις
934 884 999 938 τὸ
1038 886 1214 955 ἔργον
1244 886 1274 938 ὃ
1312 886 1565 953 προσκέ-

32 986 215 1047 κλημαι
250 978 506 1041 αὐτοὺς,
538 977 671 1047 φησὶ
720 980 833 1041 τοῖς
875 977 1206 1040 ἀποστόλοις.
1255 977 1565 1047 Συμφώνως

30 1074 74 1128 It
98 1070 251 1136 τούτῳ
278 1071 307 1121 ὁ
334 1068 466 1129 Υἱὸς
496 1069 574 1138 τῷ
606 1068 804 1140 Παύλῳ
834 1069 1015 1139 φησιν’
1046 1070 1302 1123 Ετσελθε
1336 1073 1422 1135 εὶς
1449 1069 1564 1137 τὴν

34 1167 203 1221 πόλιν,
231 1160 411 1213 κάκεῖ
444 1160 859 1228 λαληθήσεταί
888 1176 1016 1225 σοι,
1048 1162 1104 1214 τί
1122 1178 1197 1215 σε
1233 1161 1321 1215 δεῖ
1351 1162 1562 1215 ποιεῖν.

44 1253 257 1326 Ἐτὲρωθι
316 1252 376 1304 δέ
434 1268 595 1321 φασιν
642 1253 698 1304 αἱ
751 1251 981 1323 Πράξεις
1040 1252 1147 1304 τῶν
1215 1252 1564 1307 ἀποστόλων

36 1345 171 1402 οὗτοι
213 1344 329 1414 μὲν
376 1345 817 1414 ἐκπεμφθέντες
864 1344 983 1399 ὑπὸ
1035 1345 1140 1398 τοῦ
1191 1346 1567 1414 Πνεύματος,

36 1439 291 1507 ιαιτῆλθον
318 1440 412 1503 εἰς
444 1439 560 1504 τὴν
588 1438 938 1497 Σελευκίαν.
977 1438 1206 1509 Ὁμοίως
1228 1428 1424 1502 ὀΎῑὸς,
1458 1442 1568 1492 Πο-

30 1532 327 1600 ρευθέντες,
384 1531 555 1601 φησὶ,
600 1531 1015 1599 μαθητεύσατε
1052 1530 1247 1584 πάντα
1287 1532 1357 1585 τὰ
1384 1532 1563 1599 ἐθνηο

34 1624 189 1693 ὁμοίως
210 1624 256 1675 οἱ
280 1622 575 1675 ἀπόστολοι
593 1661 609 1684 .
642 1622 887 1686 Ἔδοξε,
920 1623 1072 1691 φασὶ,
1103 1621 1182 1687 τῷ
1211 1624 1358 1693 ἁγίῳ
1379 1624 1566 1677 Πνεύ-

34 1732 134 1782 part
177 1713 267 1766 καὶ
321 1712 508 1781 ἡμῖν,
548 1712 741 1781 μηδὲν
792 1713 945 1766 ἄλλο
1011 1714 1377 1767 ἐπιτίθεσθαι
1423 1716 1567 1784 ὑμῖν

36 1806 161 1872 πλὴν
207 1803 326 1858 τῶν
371 1804 727 1874 ἐπάναγκες.
777 1804 1005 1875 Ὁμοίως
1057 1807 1085 1858 ὁ
1140 1805 1346 1869 Παῦλός
1391 1822 1560 1875 φησιο

38 1899 158 1965 Λέγω
192 1897 287 1960 δὲ,
320 1898 427 1949 καὶ
467 1899 577 1949 οὐκ
622 1894 770 1964 ἐγὼ.
800 1896 938 1950 ἀλλ’
966 1900 997 1950 ό
1023 1897 1264 1962 Κύριος,
1309 1898 1565 1967 γυναῖκα

36 1988 120 2041 ἁ.τὸ
160 1988 374 2055 ἀνδρὸς
406 1987 494 2056 μὴ
535 1986 901 2055 χωρίζεσθαι.
950 2017 1020 2029 ——
1046 1987 1335 2056 Διῆλθον.
1393 1990 1562 2059 φησὶ,

36 2084 117 2146 τὴν
151 2081 412 2149 Φρυγίαν
436 2080 535 2133 καὶ
573 2079 916 2147 Γαλατικὴν
954 2079 1171 2148 χώραν,
1198 2082 1565 2149 κωλυθέντες

38 2174 120 2225 ὑπὸ
156 2172 252 2225 τοῦ
294 2173 652 2240 Πνεύματος
688 2171 793 2226 τοῦ
833 2170 1102 2238 λαλῆσαι
1134 2172 1239 2225 τὸν
1279 2177 1466 2243 λόγον
1496 2175 1566 2227 ἐν

38 2263 88 2325 τῇ
123 2264 282 2327 Ἀσίᾳ.
344 2264 584 2331 Ὁμοίως
616 2264 644 2315 ὁ
691 2262 815 2325 Υἱὸς
870 2264 981 2325 τοῖς
1014 2263 1331 2328 ἀποστόλοις
1364 2265 1525 2335 φησιν
1547 2283 1560 2295 ·

39 2358 111 2417 Εἰς
144 2352 273 2405 ὁδὸν
304 2351 509 2407 ἐθνῶν
534 2352 619 2422 μὴ
653 2352 970 2420 ἀπέλθητε,
1006 2354 1104 2408 καὶ
1127 2356 1215 2420 εἰς
1242 2356 1424 2408 πόλιν
1448 2358 1563 2407 Σα-

37 2444 272 2514 μαρειτῶν
298 2444 397 2513 μὴ
446 2443 775 2512 εἰσέλθητε.
818 2446 976 2499 Ἀλλά
1006 2447 1100 2499 καὶ
1132 2446 1293 2499 Δαϐἱδ
1321 2448 1349 2498 ὁ
1370 2446 1563 2499 θεσπέ-

40 2554 133 2598 σιος,
166 2536 255 2605 τῆς
287 2536 451 2599 Θείας
481 2537 708 2607 Τριάόος
733 2537 892 2608 ἔργον
915 2537 1125 2600 δεικνὺς
1151 2537 1219 2590 τά
1253 2536 1560 2607 σύμπαντα,

43 2628 213 2697 μελῳδεῖ
252 2630 309 2681 ὲν
348 2628 608 2698 Ψαλμοῖς
630 2645 644 2659 ’
684 2626 768 2692 Τῷ
800 2629 967 2698 Λόγῳ
993 2628 1212 2696 Κυρίου
1240 2632 1292 2682 oi
1320 2629 1560 2697 οὐρανοὶ

40 2722 473 2789 ἐστερεώθησαν,
528 2723 627 2775 καὶ
670 2722 751 2787 τῷ
785 2724 1075 2791 πνεύματι
1120 2722 1225 2777 τοῦ
1265 2725 1560 2792 στόματος

38 2813 171 2866 αὑτοῦ
194 2811 365 2868 πᾶσα
400 2815 437 2880 ἡ
466 2813 717 2883 δύναμις
744 2813 943 2868 αὐτῶν
964 2831 977 2845 ’
1006 2814 1205 2883 Κύριον
1231 2814 1320 2867 τὸν
1345 2816 1560 2887 Πατέρα

37 2905 187 2972 δηλῶν,
219 2908 399 2974 Λόγον
430 2906 488 2958 δὲ
540 2906 630 2959 τὸν
673 2906 876 2969 Παῖδα,
933 2907 1154 2977 Πνεῦμα
1206 2907 1263 2959 δὲ
1309 2907 1368 2960 τὸ
1420 2908 1562 2961 θεῖον

39 2997 225 3068 Πνεῦμα.
256 3000 328 3051 Συ
340 2998 581 3068 μφώνως
596 3000 651 3053 δὲ
678 3000 895 3071 τοὺτῳὸ
921 3002 1018 3072 τῆς
1041 3002 1132 3055 ὑπ’
1149 3002 1393 3070 οὐρανῶν
1424 3003 1558 3073 (13')

39 3091 137 3154 θεῖος
176 3094 496 3164 καθηγητὴς
537 3093 775 3159 Παῦλος,
823 3095 984 3165 φησί’
1030 3095 1356 3163 Διαιρέσεις
1391 3115 1557 3165 xopt-

37 3185 223 3251 σμάτων
252 3186 379 3239 εισι
399 3225 414 3249 ,
451 3181 518 3236 τὸ
537 3183 605 3237 δέ
624 3185 767 3239 αὐτὸ
803 3187 1062 3257 Πνεῦμα·
1093 3189 1192 3243 καὶ
1232 3188 1550 3258 διαιρέσεις

35 3277 319 3341 διακονιῶν,
382 3281 414 3331 ό
462 3277 529 3331 δὲ
571 3279 754 3345 αὐτὸς
800 3280 1046 3348 Κύριος⁸
1096 3280 1192 3341 καὶ
1240 3281 1557 3350 διαιρέσεις

32 3370 282 3439 ἐνεργειῶν
303 3411 321 3433 ,
352 3368 469 3423 eos
497 3370 680 3436 αὐτὸς
704 3372 878 3438 Θεὸς,
909 3376 942 3427 ό
973 3373 1230 3445 ἐνεργῶν
1261 3375 1332 3429 τὰ
1362 3376 1557 3429 πάντα

34 3460 80 3508 ἐν
98 3459 249 3513 πᾶσιυ
279 3460 418 3532 τρία
448 3461 549 3532 μὲν
573 3461 851 3533 παριστῶν
879 3463 1145 3531 πρόσωπα
1164 3504 1179 3530 ,
1210 3465 1338 3535 μίαν
1375 3466 1431 3518 δὲ
1459 3464 1557 3537 τὴν

34 3547 242 3619 ϐιότητα,
268 3550 567 3604 αὑθεντίαν
600 3568 658 3603 τε
683 3552 774 3604 καὶ
807 3552 1100 3622 βασιλείαν.

566 3641 813 3694 ΠΕΥΣΙΣ
849 3642 978 3696 Ml".

80 3730 377 3800 Προςθείναι
410 3734 522 3796 τοῖς
552 3734 861 3806 εἰρημένοις
895 3736 1314 3807 παρακαλοῦμεν
1335 3778 1349 3802 ,
1381 3738 1467 3792 διὰ
1504 3742 1557 3792 τί

33 3818 142 3874 ὕδατι
180 3828 267 3878 καὶ
322 3826 461 3897 πυρὶ
501 3826 888 3898 παρεικάζεται
938 3826 1042 3880 ὑπὸ
1087 3829 1185 3897 τῆς
1231 3830 1448 3901 Γραφῆς
1496 3832 1556 3885 τὸ

33 3911 143 3977 ᾰγιον
164 3915 406 3985 Πνεῦμα.

603 4030 935 4097 Ἀπόκρισις

78 4120 167 4171 032
203 4121 331 4191 εξκῆ
368 4118 510 4187 (Μ),
556 4120 663 4172 οὐδ’
692 4121 875 4190 ἀργῶς
902 4122 1127 4186 ἐκείνοις
1155 4124 1555 4195 παραϐάλλεται

30 4207 208 4263 τὸθεῖον
237 4210 485 4279 Πνεῦμα.
530 4210 823 4264 Χλοοποιὸν
856 4213 982 4284 γὰρ,
1018 4215 1111 4266 καὶ
1150 4214 1427 4279 ζωοποιὸν,
1460 4217 1555 4268 καὶ

31 4296 268 4368 θρεπτικὸν
307 4303 368 4355 τὸ
402 4302 546 4373 ὕδωρ
584 4304 641 4369 ἐξ
675 4304 921 4376 οὐρανῶν
964 4306 1208 4375 ὑόμενον,
1246 4306 1338 4359 καὶ
1375 4308 1553 4361 πάντα

32 4397 210 4460 mam,
240 4396 343 4449 καὶ
367 4397 500 4449 πᾶσι
526 4396 915 4466 διικνούμενον,
951 4398 1219 4468 μονοειδὲς
1252 4400 1350 4469 μὲν
1377 4401 1552 4471 ὑπάρ·

28 4500 107 4547 χω,
135 4488 485 4556 πολυτρόπως
517 4487 572 4540 δὲ
616 4488 870 4559 ἐνεργοῦν
894 4506 907 4518 ·
962 4492 1026 4543 ὲκ
1074 4492 1201 4560 μιᾶς
1237 4490 1293 4544 δὲ
1342 4494 1551 4564 κρήνης

26 4572 206 4648 διάφορα
253 4579 389 4649 γένη
430 4577 612 4646 φυτῶν
659 4579 931 4651 ἀρδονται.
982 4582 1039 4634 'O
1083 4582 1128 4633 δ’
1177 4584 1337 4647 αὑτὸς
1391 4585 1545 4648 ὑετὸς

28 4669 256 4740 μονοειδὴς
318 4669 579 4738 ὑπάρχων
630 4668 788 4737 φύσει
850 4671 943 4723 καὶ
1002 4670 1143 4740 ὄψει,
1198 4675 1549 4745 πολυτρόπως

24 4756 286 4826 εὐεργετεῖ,
321 4764 377 4814 ὲν
412 4761 510 4830 μὲν
539 4763 708 4833 κρίνῳ
728 4762 937 4827 λευκὸς,
968 4765 1026 4815 ὲν
1052 4764 1107 4815 δὲ
1129 4766 1265 4835 ῥόδῳ
1320 4766 1547 4837 ἐρυθρὸς

23 4847 285 4916 ὁρώμενος,
338 4851 615 4922 πόρφυρος
654 4854 713 4905 ἐν
746 4852 877 4917 ἴοις,
910 4854 1099 4924 κιρρὸς
1146 4855 1189 4907 δ’
1237 4857 1293 4907 ὲν
1340 4858 1543 4927 κρόκῳ.

31 4936 122 4993 Ἐπὶ
144 4944 234 5011 τῆς
264 4944 435 5013 συκῆς
469 4945 743 5016 μονοειδὴς
796 4946 1039 5015 ὑόμενος,
1068 4947 1377 5017 ὲτεροειδῶς
1408 4950 1545 5002 ἀπο-

21 5031 227 5096 τελεῖται,
263 5036 466 5105 γλυκὺς
491 5039 667 5107 μὲνέν
700 5037 779 5108 τῷ
825 5038 1039 5110 καρπῷ,
1069 5041 1266 5108 στυφὸς
1292 5042 1347 5095 δὲ
1376 5043 1433 5093 ἐν
1464 5042 1543 5112 τῷ

21 5120 331 5197 ἐκμυζομένῳ
350 5128 601 5196 γάλακτι.
648 5130 707 5183 Ὀ
733 5131 892 5194 αὑτὸς
922 5133 979 5183 ὲν
1000 5132 1228 5202 ἀμπέλῳ
1263 5135 1540 5205 μονοειδὴς

22 5212 265 5286 ἐρχόμενος
290 5220 615 5286 πυκάζεται,
664 5224 744 5285 εὶς
772 5223 975 5288 ἕλικας,
1010 5227 1088 5287 εἰς
1138 5226 1417 5295 βλαστοὺς,
1460 5231 1540 5292 εἰς

20 5304 248 5375 ipsum;
282 5316 360 5377 εἰς
392 5314 645 5384 βότρυας,
680 5317 756 5378 εἰς
787 5310 948 5381 οἶνον,
972 5319 1050 5380 εἰς
1081 5318 1261 5381 πότον,
1294 5320 1388 5372 καὶ
1412 5320 1537 5372 συλ-

3133 395 3235 453 ἔδω

2302 512 2598 582 Responsio.

1735 606 1875 660 Audi
1911 605 2158 675 proinde,
2194 619 2226 657 ο
2253 608 2532 675 praeclare,
2573 608 2787 678 prOpria
2828 607 3154 662 auctoritate
3181 618 3235 664 et

1668 707 1934 766 potestate
1958 695 2219 768 Spiritum
2244 699 2647 768 praecipientem
2672 708 2724 753 et
2749 699 3032 755 facientem
3055 716 3234 769 aaqua-

1669 794 1737 846 lia
1773 808 1894 847 cum
1931 793 2091 847 Patre
2129 800 2182 847 et
2227 792 2365 847 Filio
2401 813 2414 847 :
2450 792 2723 863 Segregate
2764 795 2880 863 jam
2924 796 3050 847 milii
3090 795 3231 849 Bar-

1668 886 1862 939 nabam
1887 895 1936 940 et
1975 884 2195 940 Saulum
2251 888 2305 939 in
2336 902 2464 955 opus
2508 887 2576 939 ad
2613 888 2749 955 quod
2786 890 2958 941 uocari
2998 904 3106 951 eos,
3146 888 3232 942 in-

1668 977 1786 1046 quit
1828 976 1893 1028 ad
1933 978 2211 1047 apostolos
2258 977 2323 1029 “.
2362 977 2725 1031 Consentiens
2763 986 2940 1031 autem
2975 993 3096 1032 cum
3129 979 3233 1034 hoc

1669 1068 1737 1122 ad
1764 1066 1991 1121 Paulum
2021 1069 2193 1138 inquit
2218 1067 2387 1122 Filius
2421 1088 2433 1123 :
2469 1068 2745 1138 Ingredere
2787 1071 2840 1122 in
2871 1072 3153 1133 civitatem,
3181 1080 3232 1124 et

1670 1159 1741 1212 ibi
1778 1161 1981 1213 dicetur
2007 1161 2119 1224 tibi,
2161 1162 2284 1231 quid
2317 1161 2411 1213 tibi
2447 1162 2744 1228 faciendum
2770 1164 2837 1215 sit
2870 1163 2932 1214 ⁸⁷.
2967 1163 3107 1217 Alibi
3136 1177 3234 1217 au-

1669 1260 1776 1308 tem
1803 1255 1998 1308 dicunt
2041 1254 2175 1308 Acta
2210 1254 2577 1324 apostolorum
2626 1272 2639 1306 :
2695 1252 2767 1306 lli
2807 1254 3015 1323 quidem
3053 1256 3234 1310 emissi

1671 1362 1703 1399 α
1734 1346 1955 1413 Spiritu,
1977 1346 2217 1399 abierunt
2245 1345 2536 1401 Seleuciam
2554 1347 2618 1400 ⁸⁸.
2640 1346 2717 1399 Ad
2741 1347 2987 1400 eumdem
3015 1346 3231 1399 modum

1671 1436 1841 1491 Filius
1872 1458 1883 1492 :
1915 1437 2149 1504 Profecti
2174 1438 2351 1491 docete
2376 1454 2551 1492 omnes
2576 1447 2747 1508 gentes
2775 1438 2837 1487 ⁶⁹.
2866 1436 3233 1495 Consimiliter

1672 1530 1899 1599 apostoli
1950 1548 1963 1584 :
2011 1529 2191 1583 Visum
2239 1540 2334 1593 est,
2382 1530 2657 1599 inquiunt,
2696 1529 2917 1598 Spiritui
2959 1540 3141 1582 sancto
3182 1539 3231 1582 et

1670 1620 1841 1684 nobis,
1878 1619 1941 1673 de
1981 1621 2129 1673 nulla
2174 1620 2283 1673 alia
2324 1637 2379 1673 re
2420 1637 2506 1674 vos
2553 1620 2930 1681 admonendos,
2964 1636 3120 1687 quam
3168 1620 3233 1672 de

1671 1712 1979 1765 necessariis
2026 1712 2133 1765 illis
2166 1713 2233 1764 ⁷⁸.
2272 1712 2534 1767 Similiter
2574 1723 2627 1766 et
2653 1712 2854 1767 Paulus
2896 1712 3103 1782 inquit:
3140 1711 3233 1764 Di-

1670 1820 1729 1856 co
1761 1813 1933 1856 autem
1965 1820 2066 1856 non
2093 1820 2206 1873 ego,
2245 1805 2335 1857 sed
2379 1803 2655 1870 Dominus,
2697 1821 2758 1858 ne
2788 1820 2924 1857 uxor
2961 1815 3235 1873 separetur

1670 1912 1702 1949 a
1730 1897 1926 1951 viro“.
1954 1895 2269 1965 Peragrata,
2326 1895 2501 1965 inquit
2544 1898 2708 1958 alius,
2746 1894 2976 1965 Phrygia
3030 1902 3077 1948 et
3125 1893 3230 1946 lia-

1668 1986 1833 2039 [alica
1883 1988 2109 2057 regione,
2165 1987 2413 2056 prohibiti
2455 1997 2573 2041 sunt
2618 2006 2648 2040 ο
2688 1987 2909 2055 Spiritu,
2951 1988 3227 2055 quominus

1666 2076 1960 2131 doctrinam
1986 2083 2364 2145 erponerentin
2388 2079 2515 2132 Asia
2537 2080 2603 2133 ⁷³.
2625 2079 2705 2132 Ad
2732 2080 2979 2133 eumdem
3010 2079 3229 2133 modum

1669 2169 1840 2223 Filius
1868 2171 1935 2224 ad
1955 2172 2229 2240 apostolos
2260 2173 2437 2241 inquit
2468 2191 2481 2226 :
2508 2170 2572 2225 In
2598 2173 2733 2225 viam
2759 2172 2986 2241 gentium
3005 2188 3066 2223 ne
3094 2170 3229 2223 abie-

1667 2264 1811 2327 ritis,
1844 2272 1895 2316 et
1945 2264 2001 2317 in
2049 2264 2310 2317 civitatem
2361 2266 2822 2318 Samaritanorum
2861 2280 2921 2317 ne
2965 2262 3232 2331 ingredia-

1667 2355 1799 2408 mim‘
1821 2356 1891 2409 ⁷³.
1918 2354 2023 2411 Sed
2052 2364 2106 2411 et
2131 2356 2348 2411 divinus
2375 2358 2464 2412 ille
2490 2358 2721 2413 Davides
2751 2372 2919 2412 sacrae
2947 2354 3231 2409 Trinitatis

1666 2463 1804 2516 opus
1840 2448 2138 2503 ostendens
2181 2449 2295 2505 hinc
2335 2450 2614 2513 universa,
2660 2450 2807 2504 canit
2843 2450 2897 2502 in
2945 2446 3176 2503 Psalmis
3212 2464 3224 2499 :

1678 2538 1839 2593 Verbo
1872 2538 2085 2593 Domini
2117 2542 2231 2595 cali
2262 2543 2464 2611 ﬁrmati
2506 2550 2648 2605 sunt.
2677 2551 2726 2595 et
2764 2542 2953 2610 spiritu
2979 2541 3084 2595 oris
3112 2541 3228 2610 ejus

1668 2632 1839 2685 omnis
1862 2633 2026 2685 virtus
2053 2650 2231 2686 eorum
2257 2634 2302 2664 ⁷⁸
2329 2653 2343 2687 :
2380 2647 2472 2701 per
2503 2632 2807 2696 Dominum,
2832 2630 3045 2686 Patrem
3070 2632 3230 2702 signi-

1666 2720 1856 2785 ficans,
1891 2738 1986 2791 per
2014 2720 2249 2776 Verbum
2289 2720 2517 2788 Filium;
2552 2737 2647 2791 per
2685 2721 2944 2791 Spiritum
2971 2722 3226 2791 denique,

1664 2823 1914 2869 sanctum
1956 2815 2103 2867 illum
2143 2812 2423 2884 Spiritum.
2453 2815 2587 2869 Cum
2625 2815 2727 2868 hoc
2757 2823 2937 2869 autem
2987 2830 3223 2871 consen—

1663 2905 1803 2959 tiens
1833 2906 2048 2960 divinus
2087 2906 2176 2961 ille
2208 2906 2447 2959 omnium
2472 2922 2592 2976 qua:
2622 2906 2723 2961 sub
2748 2906 2901 2960 cmlis
2933 2917 3083 2972 sunt,
3112 2923 3229 2962 ma-

1661 2997 1830 3067 gister
1874 2996 2097 3062 Paulus,
2147 2998 2323 3067 inquit
2384 3017 2397 3052 :
2444 2997 2736 3052 Dirisiones
2781 2999 3038 3052 donorum
3080 3010 3223 3063 sunt.

1662 3087 1751 3140 sed
1775 3088 1911 3141 idem
1950 3086 2229 3154 Spiritus:
2260 3098 2308 3142 et
2346 3088 2625 3142 divisiones
2666 3090 3097 3151 ministeriorum,
3136 3089 3225 3143 sed

1663 3179 1800 3233 idem
1830 3180 2085 3233 Dominus
2106 3201 2123 3233 :
2150 3190 2199 3233 et
2233 3182 2514 3235 divisiones
2542 3184 2921 3249 operationum,
2950 3181 3083 3235 idem
3106 3200 3226 3239 vero

1665 3271 1826 3337 Deus,
1861 3274 1950 3341 qui
1979 3282 2226 3341 operatur
2268 3274 2447 3326 omnia
2470 3274 2527 3327 in
2569 3273 2807 3327 omnibus
2839 3275 2915 3339 7';
2962 3282 3071 3329 tres
3100 3276 3225 3344 qui-

1661 3364 1781 3418 dem
1829 3364 2142 3434 exprimens
2184 3379 2468 3434 personas,
2515 3381 2677 3419 unam
2710 3381 2839 3420 vero
2865 3367 3221 3434 divinitatem,

1658 3458 2037 3511 auctoritatem
2066 3464 2119 3512 et
2146 3472 2397 3527 regnum.

2076 3657 2591 3716 INTERROGATIO
2629 3642 2809 3719 ‘xuu.

1730 3745 2052 3812 Quaesumus
2083 3758 2141 3804 ut
2170 3752 2237 3806 iis
2267 3768 2387 3823 quae
2410 3753 2673 3810 hactenus
2693 3757 3022 3827 disseruisti,
3052 3757 3223 3815 addas

1659 3854 1828 3909 quare
1855 3857 1979 3896 cum
2011 3857 2151 3913 aqua
2200 3854 2253 3899 et
2291 3846 2414 3916 igne
2450 3859 2797 3919 comparetur
2846 3850 2899 3905 in
2943 3849 3224 3921 Scriptura

1660 3930 1894 4000 Spiritus
1917 3944 2167 3989 sanctus.

2290 4044 2593 4115 Responsio.

1731 4140 1849 4188 non
1879 4133 2103 4200 frustra,
2138 4150 2315 4205 neque
2355 4137 2451 4192 abs
2479 4154 2537 4193 re
2578 4140 2685 4195 illis
2708 4152 3055 4212 comparatur
3084 4145 3225 4201 divi-

1659 4245 1765 4285 nus
1802 4228 2062 4299 Spiritus.
2092 4229 2226 4284 Nam
2267 4232 2466 4289 herbas
2500 4236 2852 4304 producendi,
2897 4249 2951 4295 et
2981 4240 3221 4305 fovendi,

1657 4332 1711 4376 et
1742 4321 1921 4376 alendi
1951 4322 2058 4375 vim
2089 4323 2254 4378 habet
2274 4340 2414 4394 aqua
2442 4327 2507 4381 de
2536 4328 2689 4383 cmlis
2719 4331 2934 4399 pluens,
2967 4341 3021 4388 et
3042 4335 3223 4390 omnia

1656 4412 2009 4485 pingucfacit,
2055 4415 2311 4471 omnibus
2342 4433 2462 4473 sese
2506 4420 2785 4486 miscens;
2831 4438 2893 4478 ac
2928 4425 3055 4480 licet
3100 4428 3225 4479 uni-

1658 4503 1849 4559 formis
1878 4507 1970 4568 sit,
2002 4506 2191 4560 multis
2217 4514 2397 4561 tamen
2424 4510 2600 4565 modis
2624 4525 2902 4582 Operatur.
2935 4525 2988 4571 et
3016 4532 3082 4572 ex
3118 4534 3225 4573 una

1658 4596 1991 4667 scaturigine
2051 4598 2271 4651 diversa
2329 4614 2528 4668 genera
2591 4605 2895 4673 germinum
2950 4608 3218 4676 rigantur.

1658 4686 1857 4742 Eadem
1893 4690 2072 4759 pluvia
2104 4708 2225 4746 cum
2250 4693 2320 4748 sit
2350 4695 2640 4751 uniformis
2673 4708 2864 4751 natura
2896 4708 2949 4753 et
2974 4710 3219 4770 aspectu,

1656 4778 2009 4833 multifariam
2046 4797 2167 4837 sese
2213 4783 2455 4838 declarat
2502 4785 2809 4853 efﬁcacem;
2864 4790 2918 4844 in
2956 4791 3069 4844 lilio
3098 4794 3223 4861 qui-

1655 4872 1776 4925 dem
1810 4874 1952 4935 alba.
1990 4874 2043 4927 in
2080 4890 2204 4930 rosa
2236 4892 2364 4931 vero
2413 4880 2579 4933 rubra
2617 4896 2905 4951 apparens,
2950 4900 3222 4954 purpurea

1653 4962 1709 5017 in
1752 4965 1934 5027 violis,
1982 4964 2129 5019 fulva
2175 4967 2228 5020 in
2268 4983 2451 5024 croco.
2499 4969 2675 5040 Super
2726 4973 2885 5029 ficum
2935 4974 3223 5032 uniformis

1652 5056 1867 5125 pluens.
1900 5059 2130 5116 alterius
2165 5059 2355 5115 forma:
2396 5062 2647 5128 edicitur,
2696 5066 2873 5120 dulcis
2907 5068 3124 5136 quidem
3167 5070 3221 5123 in

1650 5146 1855 5211 fructu,
1902 5152 2098 5205 acerba
2154 5168 2280 5208 vero
2321 5153 2373 5207 in
2409 5170 2670 5224 expresso
2710 5157 2868 5213 lacte.
2919 5159 3121 5214 Eadem
3167 5163 3223 5216 in

1647 5236 1812 5292 vitem
1851 5238 2143 5295 uniformis
2175 5242 2419 5306 veniens,
2454 5244 2717 5300 densatur
2747 5247 2799 5300 in
2825 5249 3128 5317 capreolos,
3164 5250 3222 5305 in

1645 5330 1914 5399 germina,
1950 5332 2003 5385 in
2038 5348 2190 5396 uvas,
2235 5335 2290 5389 in
2322 5336 2531 5401 botros,
2574 5338 2627 5391 in
2658 5339 2865 5405 vinum,
2902 5344 2954 5395 in
2992 5352 3219 5412 potum:

19 5390 173 5473 λήεδην
203 5409 394 5470 εἰπεῖν,
430 5409 487 5460 ὲν
528 5410 661 5461 πᾶσι
704 5408 879 5462 πάντα
912 5410 1213 5481 γινόμενος.
1248 5413 1539 5484 Μονοειδὴς

1666 5427 1723 5481 2t,
1777 5433 1836 5478 ut
1888 5424 2202 5478 summatim
2242 5425 2443 5492 dicam,
2502 5428 2555 5482 in
2599 5430 2854 5489 omnibus
2909 5434 3090 5487 omnia
3141 5434 3221 5489 tit.

68 5520 103 5550 “
126 5524 237 5579 Act.
271 5543 391 5589 xm,
422 5528 478 5580 2.
554 5528 597 5559 "
629 5528 748 5582 Aet.
782 5544 855 5585 Ix.
888 5529 943 5583 6.
1019 5531 1064 5561 ⁸⁸
1092 5530 1212 5584 Act.
1246 5548 1364 5590 xm.
1411 5534 1461 5587 4.

43 5726 197 5815 μιν).
224 5733 350 5815 'Tg’
400 5735 689 5804 οὐρανῶν.
725 5737 886 5795 Forte
930 5744 1019 5795 ὑπ’
1049 5744 1273 5815 οὐρανόν
1292 5786 1306 5812 ,
1336 5746 1417 5801 vel
1448 5748 1537 5801 ὑπ’

16 5804 251 5866 tigno-3;.
288 5804 445 5859 Εοιτ.

67 5870 161 5939 (14)
190 5876 305 5928 Οὐκ
332 5876 488 5946 εἰκῆ,
529 5895 585 5933 κ.
622 5896 674 5935 τ.
719 5880 768 5936 λ.
796 5880 921 5939 Haec
964 5900 1096 5955 pene
1130 5886 1404 5952 αὐτολεξεὶ
1438 5888 1532 5944 de-

806 5546 855 5595 s.
888 5536 943 5583 6.
1019 5536 1212 5603 "LAct.
1246 5548 1364 5603 si”.
1411 5536 1461 5587 4.
1578 5537 1623 5568 ⁶⁹
1660 5536 1850 5591 Matth.
1882 5556 2050 5603 xxvu.
2083 5542 2169 5596 19.

18 5586 81 5643 10.
144 5596 186 5625 ⁷⁸
216 5598 334 5652 Act.
365 5586 479 5661 am,
510 5596 563 5652 6.
647 5600 693 5630 ⁷³
731 5590 919 5655 Matth.
962 5616 1016 5665 ι,
1061 5601 1113 5655 5.
1191 5603 1239 5633 ⁷³
1269 5586 1552 5660 Ρεοιίυχ

1666 5586 2050 5666 ιΪἾῖιἙόέἱ
2078 5586 2174 5680 iii;
2212 5617 2268 5684 ι,
2309 5616 2361 5671 6.

2285 5544 2338 5621 ’ξ
2366 5548 2487 5600 Act.
2520 5563 2607 5613 xv,
2638 5549 2730 5604 28.
2844 5550 2929 5604 ⁷¹Ι
2960 5551 3085 5609 Cor.
3117 5568 3218 5621 vn,

1647 5759 1860 5833 sumpta
1891 5766 2197 5833 noscuntur
2221 5758 2506 5833 ex_Cyril|i
2537 5760 3016 5833 llierosolymitani
3046 5761 3221 5833 gate-

1644 5819 1794 5905 chesi
1829 5840 1937 5888 xvi,
1969 5825 2120 5905 §__15.
2150 5826 2311 5905 Quod
2362 5819 2583 5902 quidem
2620 5819 2897 5903 perspexit
2929 5835 2999 5890 cl.
3030 5832 3213 5905 Cyril-

1644 5892 1917 5949 lianorum
1944 5892 2121 5954 editor
2150 5892 2438 5957 Toutteu's.
