  <div class='ocr_page' id='page_1' title='image "/cluster/home/n/w/nwhite01/storage/ocr_20150623/38/hvd.32044014674576/466.png"; bbox 0 0 3814 6508; ppageno 0'>
   <div class='ocr_carea' id='block_1_1' title="bbox 0 397 1512 470">
    <p class='ocr_par' dir='ltr' id='par_1_1' title="bbox 0 397 1512 470">
     <span class='ocr_line' id='line_1_1' title="bbox 0 397 1512 470; baseline 0 -16"><span class='ocrx_word' id='word_1_1' title='bbox 0 402 22 454; x_wconf 74' lang='grc' dir='ltr'><strong>ι</strong></span> <span class='ocrx_word' id='word_1_2' title='bbox 440 466 442 470; x_wconf 23' lang='grc' dir='ltr'><strong><em>τ</em></strong></span> <span class='ocrx_word' id='word_1_3' title='bbox 1131 399 1134 402; x_wconf 67' lang='lat'><em>‘</em></span> <span class='ocrx_word' id='word_1_4' title='bbox 1312 397 1512 454; x_wconf 68' lang='lat' dir='ltr'><strong>&#39;01ch</strong></span> 
     </span>
    </p>
   </div>
   <div class='ocr_carea' id='block_1_2' title="bbox 1624 397 1738 470">
    <p class='ocr_par' dir='ltr' id='par_1_2' title="bbox 1625 397 1738 455">
     <span class='ocr_line' id='line_1_2' title="bbox 1625 397 1738 455; baseline -0.018 0"><span class='ocrx_word' id='word_1_5' title='bbox 1625 397 1671 455; x_wconf 81' lang='lat' dir='ltr'><strong>S.</strong></span> <span class='ocrx_word' id='word_1_6' title='bbox 1700 399 1738 454; x_wconf 90' lang='lat' dir='ltr'><strong>l.</strong></span> 
     </span>
    </p>
   </div>
   <div class='ocr_carea' id='block_1_3' title="bbox 0 518 1472 592">
    <p class='ocr_par' dir='ltr' id='par_1_3' title="bbox 0 518 1472 592">
     <span class='ocr_line' id='line_1_3' title="bbox 0 518 1472 592; baseline -0.001 -17"><span class='ocrx_word' id='word_1_7' title='bbox 0 536 129 575; x_wconf 81' lang='grc' dir='ltr'>νουσι</span> <span class='ocrx_word' id='word_1_8' title='bbox 157 518 434 588; x_wconf 83' lang='grc' dir='ltr'><strong>τάγματα,</strong></span> <span class='ocrx_word' id='word_1_9' title='bbox 475 518 654 584; x_wconf 83' lang='grc' dir='ltr'>καθὼς</span> <span class='ocrx_word' id='word_1_10' title='bbox 687 519 884 584; x_wconf 78' lang='grc' dir='ltr'><strong>Ἰούδας</strong></span> <span class='ocrx_word' id='word_1_11' title='bbox 907 519 1132 590; x_wconf 79' lang='grc' dir='ltr'>ἔγραψε.</span> <span class='ocrx_word' id='word_1_12' title='bbox 1164 521 1258 574; x_wconf 71' lang='grc' dir='ltr'>καὶ</span> <span class='ocrx_word' id='word_1_13' title='bbox 1287 523 1315 572; x_wconf 88' lang='grc' dir='ltr'>ὁ</span> <span class='ocrx_word' id='word_1_14' title='bbox 1335 521 1472 592; x_wconf 49' lang='lat' dir='ltr'><strong>eam.</strong></span> 
     </span>
    </p>
   </div>
   <div class='ocr_carea' id='block_1_4' title="bbox 0 605 1476 684">
    <p class='ocr_par' dir='ltr' id='par_1_4' title="bbox 0 605 1476 684">
     <span class='ocr_line' id='line_1_4' title="bbox 0 605 1476 684; baseline 0.004 -23"><span class='ocrx_word' id='word_1_15' title='bbox 0 631 12 675; x_wconf 69' lang='grc' dir='ltr'><strong>ς</strong></span> <span class='ocrx_word' id='word_1_16' title='bbox 35 610 396 680; x_wconf 73' lang='grc' dir='ltr'>ἐξαριθμεῖται</span> <span class='ocrx_word' id='word_1_17' title='bbox 451 610 768 674; x_wconf 82' lang='grc' dir='ltr'>Ἀπόστολος</span> <span class='ocrx_word' id='word_1_18' title='bbox 789 628 803 643; x_wconf 80' lang='grc' dir='ltr'><strong><em>ο</em></strong></span> <span class='ocrx_word' id='word_1_19' title='bbox 831 605 875 679; x_wconf 81' lang='grc' dir='ltr'>ᾧ</span> <span class='ocrx_word' id='word_1_20' title='bbox 901 612 993 665; x_wconf 69' lang='grc' dir='ltr'><strong>καὶ</strong></span> <span class='ocrx_word' id='word_1_21' title='bbox 1022 612 1275 683; x_wconf 65' lang='grc' dir='ltr'>ἑπόμενοι</span> <span class='ocrx_word' id='word_1_22' title='bbox 1307 615 1354 666; x_wconf 86' lang='grc' dir='ltr'><strong>οἱ</strong></span> <span class='ocrx_word' id='word_1_23' title='bbox 1377 613 1476 684; x_wconf 78' lang='grc' dir='ltr'>τῆς</span> 
     </span>
    </p>
   </div>
   <div class='ocr_carea' id='block_1_5' title="bbox 0 703 1480 777">
    <p class='ocr_par' dir='ltr' id='par_1_5' title="bbox 0 703 1480 777">
     <span class='ocr_line' id='line_1_5' title="bbox 0 703 1480 777; baseline 0 -19"><span class='ocrx_word' id='word_1_24' title='bbox 0 707 64 768; x_wconf 74' lang='grc' dir='ltr'>ξας</span> <span class='ocrx_word' id='word_1_25' title='bbox 88 703 309 774; x_wconf 80' lang='grc' dir='ltr'>τελετῆς</span> <span class='ocrx_word' id='word_1_26' title='bbox 342 706 504 774; x_wconf 76' lang='grc' dir='ltr'>ἱερεῖς</span> <span class='ocrx_word' id='word_1_27' title='bbox 526 703 865 774; x_wconf 78' lang='grc' dir='ltr'>ἀναφωνοῦσι</span> <span class='ocrx_word' id='word_1_28' title='bbox 897 705 1046 777; x_wconf 74' lang='grc' dir='ltr'><strong>Θεῷο</strong></span> <span class='ocrx_word' id='word_1_29' title='bbox 1081 705 1158 759; x_wconf 86' lang='grc' dir='ltr'><strong>Σὲ</strong></span> <span class='ocrx_word' id='word_1_30' title='bbox 1181 705 1480 776; x_wconf 75' lang='grc' dir='ltr'><strong>ὑμνοῦσιν</strong></span> 
     </span>
    </p>
   </div>
   <div class='ocr_carea' id='block_1_6' title="bbox 0 794 1479 868">
    <p class='ocr_par' dir='ltr' id='par_1_6' title="bbox 0 794 1479 868">
     <span class='ocr_line' id='line_1_6' title="bbox 0 794 1479 868; baseline 0 -16"><span class='ocrx_word' id='word_1_31' title='bbox 0 800 172 868; x_wconf 79' lang='grc' dir='ltr'>γελοι,</span> <span class='ocrx_word' id='word_1_32' title='bbox 207 794 422 865; x_wconf 65' lang='grc' dir='ltr'>ἀρχάγπ</span> <span class='ocrx_word' id='word_1_33' title='bbox 434 799 590 861; x_wconf 81' lang='grc' dir='ltr'>ελοι,</span> <span class='ocrx_word' id='word_1_34' title='bbox 620 798 818 863; x_wconf 80' lang='grc' dir='ltr'>θρόνοι</span> <span class='ocrx_word' id='word_1_35' title='bbox 837 838 851 862; x_wconf 93' lang='grc'><strong>,</strong></span> <span class='ocrx_word' id='word_1_36' title='bbox 876 799 1250 866; x_wconf 79' lang='grc' dir='ltr'><strong>κυριότητες,</strong></span> <span class='ocrx_word' id='word_1_37' title='bbox 1279 800 1479 868; x_wconf 76' lang='grc' dir='ltr'>ἀρχαὶ,</span> 
     </span>
    </p>
   </div>
   <div class='ocr_carea' id='block_1_7' title="bbox 0 884 1483 961">
    <p class='ocr_par' dir='ltr' id='par_1_7' title="bbox 0 884 1483 961">
     <span class='ocr_line' id='line_1_7' title="bbox 0 884 1483 961; baseline -0.004 -21"><span class='ocrx_word' id='word_1_38' title='bbox 0 885 219 948; x_wconf 53' lang='grc' dir='ltr'>θυσίαι,</span> <span class='ocrx_word' id='word_1_39' title='bbox 287 884 592 953; x_wconf 81' lang='grc' dir='ltr'>δυνάμεις.</span> <span class='ocrx_word' id='word_1_40' title='bbox 652 886 772 938; x_wconf 86' lang='grc' dir='ltr'>Ὅτι</span> <span class='ocrx_word' id='word_1_41' title='bbox 823 887 879 940; x_wconf 89' lang='grc' dir='ltr'>δὲ</span> <span class='ocrx_word' id='word_1_42' title='bbox 932 888 1192 958; x_wconf 77' lang='grc' dir='ltr'>τρεπτοὶ,</span> <span class='ocrx_word' id='word_1_43' title='bbox 1251 889 1483 961; x_wconf 71' lang='grc' dir='ltr'>ἐναργὴς</span> 
     </span>
    </p>
   </div>
   <div class='ocr_carea' id='block_1_8' title="bbox 0 973 1482 1049">
    <p class='ocr_par' dir='ltr' id='par_1_8' title="bbox 0 973 1482 1049">
     <span class='ocr_line' id='line_1_8' title="bbox 0 973 1482 1049; baseline 0.003 -20"><span class='ocrx_word' id='word_1_44' title='bbox 0 975 182 1041; x_wconf 76' lang='grc' dir='ltr'>όδειξις</span> <span class='ocrx_word' id='word_1_45' title='bbox 206 991 221 1004; x_wconf 84' lang='grc'><em>’</em></span> <span class='ocrx_word' id='word_1_46' title='bbox 276 973 398 1026; x_wconf 75' lang='grc' dir='ltr'>Ἐπὶ</span> <span class='ocrx_word' id='word_1_47' title='bbox 433 976 494 1028; x_wconf 87' lang='grc' dir='ltr'><strong>τὸ</strong></span> <span class='ocrx_word' id='word_1_48' title='bbox 532 978 711 1046; x_wconf 82' lang='grc' dir='ltr'>χεῖρον</span> <span class='ocrx_word' id='word_1_49' title='bbox 753 978 982 1048; x_wconf 71' lang='grc' dir='ltr'>τραπεὶς</span> <span class='ocrx_word' id='word_1_50' title='bbox 1028 977 1331 1049; x_wconf 81' lang='grc' dir='ltr'>ἀρχέκακος</span> <span class='ocrx_word' id='word_1_51' title='bbox 1363 980 1482 1033; x_wconf 75' lang='grc' dir='ltr'>διάο</span> 
     </span>
    </p>
   </div>
   <div class='ocr_carea' id='block_1_9' title="bbox 0 1066 1484 1138">
    <p class='ocr_par' dir='ltr' id='par_1_9' title="bbox 0 1066 1484 1138">
     <span class='ocr_line' id='line_1_9' title="bbox 0 1066 1484 1138; baseline 0.003 -20"><span class='ocrx_word' id='word_1_52' title='bbox 0 1084 88 1130; x_wconf 74' lang='grc' dir='ltr'><strong>ος,</strong></span> <span class='ocrx_word' id='word_1_53' title='bbox 137 1069 555 1137; x_wconf 86' lang='grc' dir='ltr'>συναποστήσας</span> <span class='ocrx_word' id='word_1_54' title='bbox 584 1066 760 1138; x_wconf 79' lang='grc' dir='ltr'>ἑαυτῷ</span> <span class='ocrx_word' id='word_1_55' title='bbox 801 1068 1018 1132; x_wconf 73' lang='grc' dir='ltr'>ἱκανοὺς</span> <span class='ocrx_word' id='word_1_56' title='bbox 1061 1068 1170 1122; x_wconf 86' lang='grc' dir='ltr'><strong>τῶν</strong></span> <span class='ocrx_word' id='word_1_57' title='bbox 1215 1069 1484 1138; x_wconf 80' lang='grc' dir='ltr'>ἀγγέλων,</span> 
     </span>
    </p>
   </div>
   <div class='ocr_carea' id='block_1_10' title="bbox 6 1157 1494 1233">
    <p class='ocr_par' dir='ltr' id='par_1_10' title="bbox 6 1157 1494 1233">
     <span class='ocr_line' id='line_1_10' title="bbox 6 1157 1494 1233; baseline 0.005 -25"><span class='ocrx_word' id='word_1_58' title='bbox 6 1159 162 1225; x_wconf 73' lang='grc' dir='ltr'>φύσει</span> <span class='ocrx_word' id='word_1_59' title='bbox 191 1198 210 1224; x_wconf 93' lang='grc'><strong>,</strong></span> <span class='ocrx_word' id='word_1_60' title='bbox 243 1157 378 1211; x_wconf 88' lang='grc' dir='ltr'><strong>ἀλλά</strong></span> <span class='ocrx_word' id='word_1_61' title='bbox 423 1157 612 1228; x_wconf 79' lang='grc' dir='ltr'>γνώμῃ</span> <span class='ocrx_word' id='word_1_62' title='bbox 645 1157 950 1228; x_wconf 77' lang='grc' dir='ltr'><strong>τραπέντας</strong></span> <span class='ocrx_word' id='word_1_63' title='bbox 981 1162 1044 1230; x_wconf 81' lang='grc' dir='ltr'>τῇ</span> <span class='ocrx_word' id='word_1_64' title='bbox 1077 1160 1362 1233; x_wconf 78' lang='grc' dir='ltr'>ὑποσπορᾷ</span> <span class='ocrx_word' id='word_1_65' title='bbox 1393 1161 1494 1215; x_wconf 74' lang='grc' dir='ltr'><strong>τοῦ⁴</strong></span> 
     </span>
    </p>
   </div>
   <div class='ocr_carea' id='block_1_11' title="bbox 0 1248 1490 1325">
    <p class='ocr_par' dir='ltr' id='par_1_11' title="bbox 0 1248 1490 1325">
     <span class='ocr_line' id='line_1_11' title="bbox 0 1248 1490 1325; baseline 0.005 -24"><span class='ocrx_word' id='word_1_66' title='bbox 0 1250 62 1301; x_wconf 65' lang='grc' dir='ltr'>ὧν</span> <span class='ocrx_word' id='word_1_67' title='bbox 88 1248 419 1319; x_wconf 74' lang='grc' dir='ltr'>ἡγουμένου,</span> <span class='ocrx_word' id='word_1_68' title='bbox 447 1249 592 1319; x_wconf 81' lang='grc' dir='ltr'>αὐτῷ</span> <span class='ocrx_word' id='word_1_69' title='bbox 618 1249 947 1321; x_wconf 83' lang='grc' dir='ltr'><strong>κατάλληλον</strong></span> <span class='ocrx_word' id='word_1_70' title='bbox 972 1251 1066 1304; x_wconf 78' lang='grc' dir='ltr'>τοῦ</span> <span class='ocrx_word' id='word_1_71' title='bbox 1093 1252 1368 1324; x_wconf 73' lang='grc' dir='ltr'><strong>δράματος</strong></span> <span class='ocrx_word' id='word_1_72' title='bbox 1392 1254 1490 1325; x_wconf 79' lang='grc' dir='ltr'><strong>τὴν</strong></span> 
     </span>
    </p>
   </div>
   <div class='ocr_carea' id='block_1_12' title="bbox 0 1339 1493 1415">
    <p class='ocr_par' dir='ltr' id='par_1_12' title="bbox 0 1339 1493 1415">
     <span class='ocr_line' id='line_1_12' title="bbox 0 1339 1493 1415; baseline 0.005 -22"><span class='ocrx_word' id='word_1_73' title='bbox 0 1341 291 1410; x_wconf 80' lang='grc' dir='ltr'>οσηγορίαν</span> <span class='ocrx_word' id='word_1_74' title='bbox 320 1339 632 1413; x_wconf 82' lang='grc' dir='ltr'>δεξαμένου.</span> <span class='ocrx_word' id='word_1_75' title='bbox 678 1342 772 1395; x_wconf 82' lang='grc' dir='ltr'>Ἐκ</span> <span class='ocrx_word' id='word_1_76' title='bbox 811 1343 918 1415; x_wconf 89' lang='grc' dir='ltr'><strong>γάρ</strong></span> <span class='ocrx_word' id='word_1_77' title='bbox 965 1344 1057 1397; x_wconf 81' lang='grc' dir='ltr'>τοῦ</span> <span class='ocrx_word' id='word_1_78' title='bbox 1101 1345 1402 1400; x_wconf 74' lang='grc' dir='ltr'>διαϐάλλειν</span> <span class='ocrx_word' id='word_1_79' title='bbox 1433 1346 1493 1400; x_wconf 79' lang='grc' dir='ltr'><strong>τὸ</strong></span> 
     </span>
    </p>
   </div>
   <div class='ocr_carea' id='block_1_13' title="bbox 0 1432 1498 1509">
    <p class='ocr_par' dir='ltr' id='par_1_13' title="bbox 0 1432 1498 1509">
     <span class='ocr_line' id='line_1_13' title="bbox 0 1432 1498 1509; baseline 0.006 -25"><span class='ocrx_word' id='word_1_80' title='bbox 0 1433 186 1502; x_wconf 69' lang='grc' dir='ltr'>5ερυλον</span> <span class='ocrx_word' id='word_1_81' title='bbox 227 1432 562 1505; x_wconf 81' lang='grc' dir='ltr'>φερωνύμως</span> <span class='ocrx_word' id='word_1_82' title='bbox 588 1434 848 1509; x_wconf 70' lang='grc' dir='ltr'>κέκληται</span> <span class='ocrx_word' id='word_1_83' title='bbox 890 1435 1136 1500; x_wconf 79' lang='grc' dir='ltr'>διάὁολος</span> <span class='ocrx_word' id='word_1_84' title='bbox 1156 1455 1170 1468; x_wconf 65' lang='grc' dir='ltr'><strong>ι</strong></span> <span class='ocrx_word' id='word_1_85' title='bbox 1202 1438 1376 1491; x_wconf 86' lang='grc' dir='ltr'>Σατάν</span> <span class='ocrx_word' id='word_1_86' title='bbox 1400 1439 1457 1492; x_wconf 79' lang='grc' dir='ltr'>δὲ</span> <span class='ocrx_word' id='word_1_87' title='bbox 1476 1478 1498 1502; x_wconf 87' lang='grc'>,.</span> 
     </span>
    </p>
   </div>
   <div class='ocr_carea' id='block_1_14' title="bbox 7 1524 1494 1598">
    <p class='ocr_par' dir='ltr' id='par_1_14' title="bbox 7 1524 1494 1598">
     <span class='ocr_line' id='line_1_14' title="bbox 7 1524 1494 1598; baseline 0.001 -20"><span class='ocrx_word' id='word_1_88' title='bbox 7 1524 94 1578; x_wconf 82' lang='grc' dir='ltr'>τοῦ</span> <span class='ocrx_word' id='word_1_89' title='bbox 121 1525 248 1596; x_wconf 84' lang='grc' dir='ltr'><strong>Θεῷ</strong></span> <span class='ocrx_word' id='word_1_90' title='bbox 296 1527 386 1580; x_wconf 75' lang='grc' dir='ltr'><strong>καὶ</strong></span> <span class='ocrx_word' id='word_1_91' title='bbox 411 1526 715 1598; x_wconf 87' lang='grc' dir='ltr'>ἀνθρώποις</span> <span class='ocrx_word' id='word_1_92' title='bbox 751 1528 1089 1583; x_wconf 79' lang='grc' dir='ltr'><strong>ἀντικεῖσθαι</strong></span> <span class='ocrx_word' id='word_1_93' title='bbox 1118 1546 1131 1560; x_wconf 90' lang='grc'><strong>·</strong></span> <span class='ocrx_word' id='word_1_94' title='bbox 1157 1529 1237 1583; x_wconf 77' lang='grc' dir='ltr'><strong>διὸ</strong></span> <span class='ocrx_word' id='word_1_95' title='bbox 1270 1530 1362 1583; x_wconf 80' lang='grc' dir='ltr'><strong>καὶ</strong></span> <span class='ocrx_word' id='word_1_96' title='bbox 1384 1531 1494 1584; x_wconf 82' lang='grc' dir='ltr'><strong>τῶν</strong></span> 
     </span>
    </p>
   </div>
   <div class='ocr_carea' id='block_1_15' title="bbox 0 1616 1495 1694">
    <p class='ocr_par' dir='ltr' id='par_1_15' title="bbox 0 1616 1495 1694">
     <span class='ocr_line' id='line_1_15' title="bbox 0 1616 1495 1694; baseline 0.005 -25"><span class='ocrx_word' id='word_1_97' title='bbox 0 1616 311 1686; x_wconf 87' lang='grc' dir='ltr'>ερκοσμίων</span> <span class='ocrx_word' id='word_1_98' title='bbox 344 1618 752 1688; x_wconf 81' lang='grc' dir='ltr'>κατήρῤακται·</span> <span class='ocrx_word' id='word_1_99' title='bbox 792 1620 886 1672; x_wconf 70' lang='grc' dir='ltr'>καὶ</span> <span class='ocrx_word' id='word_1_100' title='bbox 931 1620 1034 1673; x_wconf 79' lang='grc' dir='ltr'>ὑπὸ</span> <span class='ocrx_word' id='word_1_101' title='bbox 1094 1621 1354 1694; x_wconf 80' lang='grc' dir='ltr'>Ἰεζεκιὴλ</span> <span class='ocrx_word' id='word_1_102' title='bbox 1380 1623 1495 1692; x_wconf 80' lang='grc'><strong>(15)</strong></span> 
     </span>
    </p>
   </div>
   <div class='ocr_carea' id='block_1_16' title="bbox 0 1708 1490 1782">
    <p class='ocr_par' dir='ltr' id='par_1_16' title="bbox 0 1708 1490 1782">
     <span class='ocr_line' id='line_1_16' title="bbox 0 1708 1490 1782; baseline 0.006 -24"><span class='ocrx_word' id='word_1_103' title='bbox 0 1709 10 1758; x_wconf 65' lang='grc' dir='ltr'><strong>ἱ</strong></span> <span class='ocrx_word' id='word_1_104' title='bbox 43 1708 342 1760; x_wconf 77' lang='grc' dir='ltr'><strong>Θεσπεσίου</strong></span> <span class='ocrx_word' id='word_1_105' title='bbox 384 1709 490 1763; x_wconf 88' lang='grc' dir='ltr'><strong>τῶν</strong></span> <span class='ocrx_word' id='word_1_106' title='bbox 526 1711 805 1781; x_wconf 71' lang='grc' dir='ltr'>Χερουϐὶμ</span> <span class='ocrx_word' id='word_1_107' title='bbox 835 1711 1100 1782; x_wconf 77' lang='grc' dir='ltr'><strong>ἐξηγητοῦ</strong></span> <span class='ocrx_word' id='word_1_108' title='bbox 1141 1712 1490 1778; x_wconf 73' lang='grc' dir='ltr'>ὀνειδίζεται-</span> 
     </span>
    </p>
   </div>
   <div class='ocr_carea' id='block_1_17' title="bbox 0 1796 1496 1873">
    <p class='ocr_par' dir='ltr' id='par_1_17' title="bbox 0 1796 1496 1873">
     <span class='ocr_line' id='line_1_17' title="bbox 0 1796 1496 1873; baseline 0.007 -24"><span class='ocrx_word' id='word_1_109' title='bbox 0 1796 46 1862; x_wconf 57' lang='grc' dir='ltr'>ἃς</span> <span class='ocrx_word' id='word_1_110' title='bbox 72 1798 383 1866; x_wconf 66' lang='grc' dir='ltr'>ἐξέπεισας</span> <span class='ocrx_word' id='word_1_111' title='bbox 423 1800 488 1854; x_wconf 72' lang='grc' dir='ltr'>ἐκ</span> <span class='ocrx_word' id='word_1_112' title='bbox 535 1800 643 1854; x_wconf 89' lang='grc' dir='ltr'>τοῦ</span> <span class='ocrx_word' id='word_1_113' title='bbox 675 1802 934 1869; x_wconf 77' lang='grc' dir='ltr'>οὐρανοῦ</span> <span class='ocrx_word' id='word_1_114' title='bbox 983 1806 1016 1856; x_wconf 86' lang='grc' dir='ltr'><em>ὁ</em></span> <span class='ocrx_word' id='word_1_115' title='bbox 1061 1804 1368 1873; x_wconf 68' lang='grc' dir='ltr'>ἑωσφόρος</span> <span class='ocrx_word' id='word_1_116' title='bbox 1398 1846 1413 1870; x_wconf 95' lang='grc'><strong>,</strong></span> <span class='ocrx_word' id='word_1_117' title='bbox 1462 1808 1496 1861; x_wconf 87' lang='grc' dir='ltr'><strong>ό</strong></span> 
     </span>
    </p>
   </div>
   <div class='ocr_carea' id='block_1_18' title="bbox 0 1889 1499 1966">
    <p class='ocr_par' dir='ltr' id='par_1_18' title="bbox 0 1889 1499 1966">
     <span class='ocr_line' id='line_1_18' title="bbox 0 1889 1499 1966; baseline 0.007 -25"><span class='ocrx_word' id='word_1_118' title='bbox 0 1889 70 1941; x_wconf 80' lang='grc' dir='ltr'>ωἵ</span> <span class='ocrx_word' id='word_1_119' title='bbox 113 1889 508 1957; x_wconf 77' lang='grc' dir='ltr'><strong>ἁνατέλλων;</strong></span> <span class='ocrx_word' id='word_1_120' title='bbox 549 1891 681 1962; x_wconf 82' lang='grc' dir='ltr'>ὁμοῦ</span> <span class='ocrx_word' id='word_1_121' title='bbox 731 1892 790 1948; x_wconf 77' lang='grc' dir='ltr'><strong>τὸ</strong></span> <span class='ocrx_word' id='word_1_122' title='bbox 840 1893 1083 1962; x_wconf 87' lang='grc' dir='ltr'>πυρῶδες</span> <span class='ocrx_word' id='word_1_123' title='bbox 1123 1898 1216 1949; x_wconf 76' lang='grc' dir='ltr'><strong>καὶ</strong></span> <span class='ocrx_word' id='word_1_124' title='bbox 1264 1897 1499 1966; x_wconf 70' lang='grc' dir='ltr'>φωτικὸν</span> 
     </span>
    </p>
   </div>
   <div class='ocr_carea' id='block_1_19' title="bbox 0 1979 1501 2060">
    <p class='ocr_par' dir='ltr' id='par_1_19' title="bbox 0 1979 1501 2060">
     <span class='ocr_line' id='line_1_19' title="bbox 0 1979 1501 2060; baseline 0.008 -29"><span class='ocrx_word' id='word_1_125' title='bbox 0 1999 16 2044; x_wconf 86' lang='lat'><strong>;</strong></span> <span class='ocrx_word' id='word_1_126' title='bbox 47 1979 315 2048; x_wconf 73' lang='grc' dir='ltr'>φύσεως,</span> <span class='ocrx_word' id='word_1_127' title='bbox 355 1983 447 2036; x_wconf 79' lang='grc' dir='ltr'>καὶ</span> <span class='ocrx_word' id='word_1_128' title='bbox 480 1983 806 2054; x_wconf 74' lang='grc' dir='ltr'>ἡγεμονικὸν</span> <span class='ocrx_word' id='word_1_129' title='bbox 848 1985 947 2056; x_wconf 80' lang='grc' dir='ltr'>τῆς</span> <span class='ocrx_word' id='word_1_130' title='bbox 990 1986 1194 2054; x_wconf 76' lang='grc' dir='ltr'>τάξεως</span> <span class='ocrx_word' id='word_1_131' title='bbox 1226 1991 1293 2060; x_wconf 80' lang='grc' dir='ltr'>τῇ</span> <span class='ocrx_word' id='word_1_132' title='bbox 1332 1991 1501 2045; x_wconf 79' lang='grc' dir='ltr'>εἰκόνι</span> 
     </span>
    </p>
   </div>
   <div class='ocr_carea' id='block_1_20' title="bbox 0 2071 1504 2155">
    <p class='ocr_par' dir='ltr' id='par_1_20' title="bbox 0 2071 1504 2155">
     <span class='ocr_line' id='line_1_20' title="bbox 0 2071 1504 2155; baseline 0.009 -32"><span class='ocrx_word' id='word_1_133' title='bbox 0 2071 10 2122; x_wconf 71' lang='grc'><strong><em>5</em></strong></span> <span class='ocrx_word' id='word_1_134' title='bbox 38 2073 342 2143; x_wconf 81' lang='grc' dir='ltr'>φωστῆρος</span> <span class='ocrx_word' id='word_1_135' title='bbox 375 2073 675 2144; x_wconf 87' lang='grc' dir='ltr'>παριστῶν.</span> <span class='ocrx_word' id='word_1_136' title='bbox 701 2077 772 2128; x_wconf 89' lang='grc' dir='ltr'><strong>Συ</strong></span> <span class='ocrx_word' id='word_1_137' title='bbox 782 2076 1013 2148; x_wconf 83' lang='grc' dir='ltr'>μφώνως</span> <span class='ocrx_word' id='word_1_138' title='bbox 1033 2078 1087 2131; x_wconf 84' lang='grc' dir='ltr'><strong>δὲ</strong></span> <span class='ocrx_word' id='word_1_139' title='bbox 1109 2080 1280 2148; x_wconf 78' lang='grc' dir='ltr'>τούτῳ</span> <span class='ocrx_word' id='word_1_140' title='bbox 1305 2083 1504 2155; x_wconf 66' lang='grc' dir='ltr'>Δανιὴλ</span> 
     </span>
    </p>
   </div>
   <div class='ocr_carea' id='block_1_21' title="bbox 0 2163 1507 2246">
    <p class='ocr_par' dir='ltr' id='par_1_21' title="bbox 0 2163 1507 2246">
     <span class='ocr_line' id='line_1_21' title="bbox 0 2163 1507 2246; baseline 0.01 -32"><span class='ocrx_word' id='word_1_141' title='bbox 0 2181 21 2214; x_wconf 85' lang='grc' dir='ltr'><strong>ν</strong></span> <span class='ocrx_word' id='word_1_142' title='bbox 58 2163 377 2236; x_wconf 83' lang='grc' dir='ltr'>μοχθηρίαν</span> <span class='ocrx_word' id='word_1_143' title='bbox 405 2163 568 2218; x_wconf 76' lang='grc' dir='ltr'>αὐτοῦ</span> <span class='ocrx_word' id='word_1_144' title='bbox 601 2165 924 2236; x_wconf 76' lang='grc' dir='ltr'>διαϐάλλων,</span> <span class='ocrx_word' id='word_1_145' title='bbox 953 2170 1047 2222; x_wconf 76' lang='grc' dir='ltr'><strong>καὶ</strong></span> <span class='ocrx_word' id='word_1_146' title='bbox 1083 2169 1180 2240; x_wconf 82' lang='grc' dir='ltr'>τὴν</span> <span class='ocrx_word' id='word_1_147' title='bbox 1210 2172 1507 2246; x_wconf 80' lang='grc' dir='ltr'><strong>ὑπαγωγὴν</strong></span> 
     </span>
    </p>
   </div>
   <div class='ocr_carea' id='block_1_22' title="bbox 5 2255 570 2328">
    <p class='ocr_par' dir='ltr' id='par_1_22' title="bbox 5 2255 570 2328">
     <span class='ocr_line' id='line_1_22' title="bbox 5 2255 570 2328; baseline 0.009 -22"><span class='ocrx_word' id='word_1_148' title='bbox 5 2272 32 2306; x_wconf 89' lang='grc' dir='ltr'><strong>ν</strong></span> <span class='ocrx_word' id='word_1_149' title='bbox 64 2255 361 2325; x_wconf 81' lang='grc' dir='ltr'><strong>ἑπομένων</strong></span> <span class='ocrx_word' id='word_1_150' title='bbox 382 2257 570 2328; x_wconf 80' lang='grc' dir='ltr'>φησίν.</span> 
     </span>
    </p>
   </div>
   <div class='ocr_carea' id='block_1_23' title="bbox 3043 390 3152 446">
    <p class='ocr_par' dir='ltr' id='par_1_23' title="bbox 3043 390 3152 446">
     <span class='ocr_line' id='line_1_23' title="bbox 3043 390 3152 446; baseline 0 -1"><span class='ocrx_word' id='word_1_151' title='bbox 3043 390 3152 446; x_wconf 71' lang='grc' dir='ltr'>θιι</span> 
     </span>
    </p>
   </div>
   <div class='ocr_carea' id='block_1_24' title="bbox 1582 511 3158 590">
    <p class='ocr_par' dir='ltr' id='par_1_24' title="bbox 1582 511 3158 590">
     <span class='ocr_line' id='line_1_24' title="bbox 1582 511 3158 590; baseline -0.006 -14"><span class='ocrx_word' id='word_1_152' title='bbox 1582 537 1703 576; x_wconf 89' lang='lat' dir='ltr'><strong>rum</strong></span> <span class='ocrx_word' id='word_1_153' title='bbox 1763 519 2096 590; x_wconf 81' lang='lat' dir='ltr'><strong>signiﬁcant.</strong></span> <span class='ocrx_word' id='word_1_154' title='bbox 2159 517 2381 590; x_wconf 83' lang='lat' dir='ltr'><strong>Septem</strong></span> <span class='ocrx_word' id='word_1_155' title='bbox 2432 527 2564 571; x_wconf 86' lang='lat' dir='ltr'><strong>vero</strong></span> <span class='ocrx_word' id='word_1_156' title='bbox 2609 522 2738 572; x_wconf 78' lang='lat' dir='ltr'><strong>sunt</strong></span> <span class='ocrx_word' id='word_1_157' title='bbox 2798 511 3040 577; x_wconf 83' lang='lat' dir='ltr'><strong>ordines,</strong></span> <span class='ocrx_word' id='word_1_158' title='bbox 3096 517 3158 568; x_wconf 84' lang='lat' dir='ltr'><strong>ut</strong></span> 
     </span>
    </p>
   </div>
   <div class='ocr_carea' id='block_1_25' title="bbox 1582 603 3166 684">
    <p class='ocr_par' dir='ltr' id='par_1_25' title="bbox 1582 603 3166 684">
     <span class='ocr_line' id='line_1_25' title="bbox 1582 603 3166 684; baseline -0.004 -17"><span class='ocrx_word' id='word_1_159' title='bbox 1582 615 1804 684; x_wconf 76' lang='lat' dir='ltr'><strong>scripsit</strong></span> <span class='ocrx_word' id='word_1_160' title='bbox 1828 611 1998 668; x_wconf 77' lang='lat' dir='ltr'><strong>ludas</strong></span> <span class='ocrx_word' id='word_1_161' title='bbox 2021 613 2090 678; x_wconf 75' lang='grc'><strong>’⁸,</strong></span> <span class='ocrx_word' id='word_1_162' title='bbox 2119 619 2174 666; x_wconf 93' lang='lat' dir='ltr'><strong>et</strong></span> <span class='ocrx_word' id='word_1_163' title='bbox 2204 608 2439 666; x_wconf 83' lang='lat' dir='ltr'><strong>eximius</strong></span> <span class='ocrx_word' id='word_1_164' title='bbox 2469 614 2754 666; x_wconf 88' lang='lat' dir='ltr'><strong>enumerat</strong></span> <span class='ocrx_word' id='word_1_165' title='bbox 2779 605 3070 676; x_wconf 74' lang='lat' dir='ltr'><strong>Apostolus</strong></span> <span class='ocrx_word' id='word_1_166' title='bbox 3084 603 3166 667; x_wconf 65' lang='lat'><strong>“,</strong></span> 
     </span>
    </p>
   </div>
   <div class='ocr_carea' id='block_1_26' title="bbox 1581 695 3159 776">
    <p class='ocr_par' dir='ltr' id='par_1_26' title="bbox 1581 695 3159 776">
     <span class='ocr_line' id='line_1_26' title="bbox 1581 695 3159 776; baseline -0.005 -18"><span class='ocrx_word' id='word_1_167' title='bbox 1581 722 1740 776; x_wconf 84' lang='lat' dir='ltr'><strong>quem</strong></span> <span class='ocrx_word' id='word_1_168' title='bbox 1799 714 1853 761; x_wconf 90' lang='lat' dir='ltr'><strong>et</strong></span> <span class='ocrx_word' id='word_1_169' title='bbox 1908 713 2214 776; x_wconf 88' lang='lat' dir='ltr'><strong>sequuntur</strong></span> <span class='ocrx_word' id='word_1_170' title='bbox 2270 703 2414 757; x_wconf 84' lang='lat' dir='ltr'><strong>sacri</strong></span> <span class='ocrx_word' id='word_1_171' title='bbox 2459 699 2700 755; x_wconf 78' lang='lat' dir='ltr'><strong>ministri</strong></span> <span class='ocrx_word' id='word_1_172' title='bbox 2749 698 2910 753; x_wconf 82' lang='lat' dir='ltr'><strong>cilicii</strong></span> <span class='ocrx_word' id='word_1_173' title='bbox 2965 695 3159 761; x_wconf 81' lang='lat' dir='ltr'><strong>divini,</strong></span> 
     </span>
    </p>
   </div>
   <div class='ocr_carea' id='block_1_27' title="bbox 1582 789 3216 853">
    <p class='ocr_par' dir='ltr' id='par_1_27' title="bbox 1582 789 3216 853">
     <span class='ocr_line' id='line_1_27' title="bbox 1582 789 3216 853; baseline -0.007 -1"><span class='ocrx_word' id='word_1_174' title='bbox 1582 799 1712 853; x_wconf 90' lang='lat' dir='ltr'><strong>dum</strong></span> <span class='ocrx_word' id='word_1_175' title='bbox 1745 798 1854 852; x_wconf 89' lang='lat' dir='ltr'><strong>alta</strong></span> <span class='ocrx_word' id='word_1_176' title='bbox 1883 797 2124 852; x_wconf 86' lang='lat' dir='ltr'><strong>clamant</strong></span> <span class='ocrx_word' id='word_1_177' title='bbox 2153 809 2288 849; x_wconf 87' lang='lat' dir='ltr'><strong>voce</strong></span> <span class='ocrx_word' id='word_1_178' title='bbox 2334 793 2400 848; x_wconf 89' lang='lat' dir='ltr'><strong>ad</strong></span> <span class='ocrx_word' id='word_1_179' title='bbox 2446 791 2616 847; x_wconf 90' lang='lat' dir='ltr'><strong>Deum</strong></span> <span class='ocrx_word' id='word_1_180' title='bbox 2653 810 2668 845; x_wconf 89' lang='lat'><strong>:</strong></span> <span class='ocrx_word' id='word_1_181' title='bbox 2703 789 2772 844; x_wconf 83' lang='lat' dir='ltr'><strong>Te</strong></span> <span class='ocrx_word' id='word_1_182' title='bbox 2805 789 3050 844; x_wconf 76' lang='lat' dir='ltr'><strong>laudibus</strong></span> <span class='ocrx_word' id='word_1_183' title='bbox 3079 804 3165 843; x_wconf 85' lang='lat' dir='ltr'><strong>ce-</strong></span> <span class='ocrx_word' id='word_1_184' title='bbox 3213 793 3216 796; x_wconf 70' lang='lat'><em>‘</em></span> 
     </span>
    </p>
   </div>
   <div class='ocr_carea' id='block_1_28' title="bbox 1585 881 3159 960">
    <p class='ocr_par' dir='ltr' id='par_1_28' title="bbox 1585 881 3159 960">
     <span class='ocr_line' id='line_1_28' title="bbox 1585 881 3159 960; baseline -0.006 -15"><span class='ocrx_word' id='word_1_185' title='bbox 1585 890 1789 945; x_wconf 86' lang='lat' dir='ltr'><strong>lebrant</strong></span> <span class='ocrx_word' id='word_1_186' title='bbox 1837 888 2046 960; x_wconf 78' lang='lat' dir='ltr'><strong>angeli,</strong></span> <span class='ocrx_word' id='word_1_187' title='bbox 2099 885 2442 958; x_wconf 79' lang='lat' dir='ltr'><strong>archangeli,</strong></span> <span class='ocrx_word' id='word_1_188' title='bbox 2479 882 2690 946; x_wconf 84' lang='lat' dir='ltr'><strong>throni,</strong></span> <span class='ocrx_word' id='word_1_189' title='bbox 2738 881 3159 946; x_wconf 74' lang='lat' dir='ltr'><strong>dominationes,</strong></span> 
     </span>
    </p>
   </div>
   <div class='ocr_carea' id='block_1_29' title="bbox 1583 973 3165 1051">
    <p class='ocr_par' dir='ltr' id='par_1_29' title="bbox 1583 973 3165 1051">
     <span class='ocr_line' id='line_1_29' title="bbox 1583 973 3165 1051; baseline -0.006 -15"><span class='ocrx_word' id='word_1_190' title='bbox 1583 984 1929 1051; x_wconf 69' lang='lat' dir='ltr'><strong>principatus,</strong></span> <span class='ocrx_word' id='word_1_191' title='bbox 1963 989 2266 1050; x_wconf 78' lang='lat' dir='ltr'><strong>potestates,</strong></span> <span class='ocrx_word' id='word_1_192' title='bbox 2304 983 2540 1034; x_wconf 79' lang='lat' dir='ltr'><strong>virtutes.</strong></span> <span class='ocrx_word' id='word_1_193' title='bbox 2572 975 2728 1042; x_wconf 87' lang='lat' dir='ltr'><strong>Quod</strong></span> <span class='ocrx_word' id='word_1_194' title='bbox 2759 989 2888 1029; x_wconf 85' lang='lat' dir='ltr'><strong>vero</strong></span> <span class='ocrx_word' id='word_1_195' title='bbox 2927 973 3165 1028; x_wconf 87' lang='lat' dir='ltr'><strong>mutabi-</strong></span> 
     </span>
    </p>
   </div>
   <div class='ocr_carea' id='block_1_30' title="bbox 1589 1065 3166 1138">
    <p class='ocr_par' dir='ltr' id='par_1_30' title="bbox 1589 1065 3166 1138">
     <span class='ocr_line' id='line_1_30' title="bbox 1589 1065 3166 1138; baseline -0.008 -9"><span class='ocrx_word' id='word_1_196' title='bbox 1589 1077 1668 1132; x_wconf 93' lang='lat' dir='ltr'><strong>les</strong></span> <span class='ocrx_word' id='word_1_197' title='bbox 1694 1075 1828 1138; x_wconf 90' lang='lat' dir='ltr'><strong>sint,</strong></span> <span class='ocrx_word' id='word_1_198' title='bbox 1855 1074 2080 1128; x_wconf 86' lang='lat' dir='ltr'><strong>evidens</strong></span> <span class='ocrx_word' id='word_1_199' title='bbox 2106 1082 2191 1128; x_wconf 87' lang='lat' dir='ltr'><strong>est</strong></span> <span class='ocrx_word' id='word_1_200' title='bbox 2225 1068 2624 1127; x_wconf 78' lang='lat' dir='ltr'><strong>demonstratio</strong></span> <span class='ocrx_word' id='word_1_201' title='bbox 2655 1086 2667 1121; x_wconf 92' lang='lat'>:</span> <span class='ocrx_word' id='word_1_202' title='bbox 2710 1065 2782 1120; x_wconf 91' lang='lat' dir='ltr'><strong>ad</strong></span> <span class='ocrx_word' id='word_1_203' title='bbox 2810 1065 3011 1120; x_wconf 84' lang='lat' dir='ltr'><strong>malum</strong></span> <span class='ocrx_word' id='word_1_204' title='bbox 3042 1080 3166 1118; x_wconf 91' lang='lat' dir='ltr'><strong>ver-</strong></span> 
     </span>
    </p>
   </div>
   <div class='ocr_carea' id='block_1_31' title="bbox 1590 1155 3171 1225">
    <p class='ocr_par' dir='ltr' id='par_1_31' title="bbox 1590 1155 3171 1225">
     <span class='ocr_line' id='line_1_31' title="bbox 1590 1155 3171 1225; baseline -0.008 -3"><span class='ocrx_word' id='word_1_205' title='bbox 1590 1185 1686 1223; x_wconf 90' lang='lat' dir='ltr'><strong>sus</strong></span> <span class='ocrx_word' id='word_1_206' title='bbox 1735 1175 1928 1222; x_wconf 77' lang='lat' dir='ltr'><strong>auctor</strong></span> <span class='ocrx_word' id='word_1_207' title='bbox 1958 1165 2048 1219; x_wconf 92' lang='lat' dir='ltr'><strong>ille</strong></span> <span class='ocrx_word' id='word_1_208' title='bbox 2095 1163 2222 1218; x_wconf 85' lang='lat' dir='ltr'><strong>mali</strong></span> <span class='ocrx_word' id='word_1_209' title='bbox 2256 1162 2542 1225; x_wconf 72' lang='lat' dir='ltr'><strong>diabolus,</strong></span> <span class='ocrx_word' id='word_1_210' title='bbox 2573 1173 2762 1215; x_wconf 90' lang='lat' dir='ltr'><strong>secum</strong></span> <span class='ocrx_word' id='word_1_211' title='bbox 2813 1155 2880 1210; x_wconf 84' lang='lat' dir='ltr'><strong>ad</strong></span> <span class='ocrx_word' id='word_1_212' title='bbox 2913 1155 3171 1212; x_wconf 80' lang='lat' dir='ltr'><strong>defectio-</strong></span> 
     </span>
    </p>
   </div>
   <div class='ocr_carea' id='block_1_32' title="bbox 1592 1249 3168 1327">
    <p class='ocr_par' dir='ltr' id='par_1_32' title="bbox 1592 1249 3168 1327">
     <span class='ocr_line' id='line_1_32' title="bbox 1592 1249 3168 1327; baseline -0.008 -14"><span class='ocrx_word' id='word_1_213' title='bbox 1592 1275 1716 1313; x_wconf 84' lang='lat' dir='ltr'><strong>nem</strong></span> <span class='ocrx_word' id='word_1_214' title='bbox 1761 1257 1962 1312; x_wconf 89' lang='lat' dir='ltr'><strong>multos</strong></span> <span class='ocrx_word' id='word_1_215' title='bbox 2006 1256 2327 1327; x_wconf 80' lang='lat' dir='ltr'><strong>angelorum</strong></span> <span class='ocrx_word' id='word_1_216' title='bbox 2369 1255 2620 1314; x_wconf 87' lang='lat' dir='ltr'><strong>trahens,</strong></span> <span class='ocrx_word' id='word_1_217' title='bbox 2655 1265 2764 1306; x_wconf 87' lang='lat' dir='ltr'><strong>non</strong></span> <span class='ocrx_word' id='word_1_218' title='bbox 2807 1257 3023 1312; x_wconf 87' lang='lat' dir='ltr'><strong>natura,</strong></span> <span class='ocrx_word' id='word_1_219' title='bbox 3070 1249 3168 1302; x_wconf 89' lang='lat' dir='ltr'><strong>sed</strong></span> 
     </span>
    </p>
   </div>
   <div class='ocr_carea' id='block_1_33' title="bbox 1591 1343 3178 1422">
    <p class='ocr_par' dir='ltr' id='par_1_33' title="bbox 1591 1343 3178 1422">
     <span class='ocr_line' id='line_1_33' title="bbox 1591 1343 3178 1422; baseline -0.009 -14"><span class='ocrx_word' id='word_1_220' title='bbox 1591 1354 1872 1410; x_wconf 88' lang='lat' dir='ltr'><strong>voluntate</strong></span> <span class='ocrx_word' id='word_1_221' title='bbox 1913 1361 2152 1406; x_wconf 83' lang='lat' dir='ltr'><strong>mutatos</strong></span> <span class='ocrx_word' id='word_1_222' title='bbox 2195 1367 2289 1422; x_wconf 88' lang='lat' dir='ltr'><strong>per</strong></span> <span class='ocrx_word' id='word_1_223' title='bbox 2314 1349 2474 1408; x_wconf 90' lang='lat' dir='ltr'><strong>ducis</strong></span> <span class='ocrx_word' id='word_1_224' title='bbox 2497 1349 2581 1405; x_wconf 88' lang='lat' dir='ltr'><strong>sui</strong></span> <span class='ocrx_word' id='word_1_225' title='bbox 2616 1347 3042 1418; x_wconf 80' lang='lat' dir='ltr'><strong>suggestionem,</strong></span> <span class='ocrx_word' id='word_1_226' title='bbox 3076 1343 3178 1414; x_wconf 82' lang='lat' dir='ltr'><strong>qui.</strong></span> 
     </span>
    </p>
   </div>
   <div class='ocr_carea' id='block_1_34' title="bbox 1593 1435 3172 1515">
    <p class='ocr_par' dir='ltr' id='par_1_34' title="bbox 1593 1435 3172 1515">
     <span class='ocr_line' id='line_1_34' title="bbox 1593 1435 3172 1515; baseline -0.007 -17"><span class='ocrx_word' id='word_1_227' title='bbox 1593 1450 1982 1515; x_wconf 80' lang='lat' dir='ltr'><strong>congruentem</strong></span> <span class='ocrx_word' id='word_1_228' title='bbox 2044 1456 2145 1498; x_wconf 88' lang='lat' dir='ltr'><strong>suo</strong></span> <span class='ocrx_word' id='word_1_229' title='bbox 2216 1441 2358 1494; x_wconf 79' lang='lat' dir='ltr'><strong>facto</strong></span> <span class='ocrx_word' id='word_1_230' title='bbox 2420 1438 2662 1508; x_wconf 85' lang='lat' dir='ltr'><strong>suscepit</strong></span> <span class='ocrx_word' id='word_1_231' title='bbox 2729 1435 3172 1506; x_wconf 84' lang='lat' dir='ltr'><strong>appellationem.</strong></span> 
     </span>
    </p>
   </div>
   <div class='ocr_carea' id='block_1_35' title="bbox 1593 1529 3183 1606">
    <p class='ocr_par' dir='ltr' id='par_1_35' title="bbox 1593 1529 3183 1606">
     <span class='ocr_line' id='line_1_35' title="bbox 1593 1529 3183 1606; baseline -0.006 -16"><span class='ocrx_word' id='word_1_232' title='bbox 1593 1535 1729 1590; x_wconf 88' lang='lat' dir='ltr'><strong>Nam</strong></span> <span class='ocrx_word' id='word_1_233' title='bbox 1779 1537 1847 1589; x_wconf 89' lang='lat' dir='ltr'><strong>ab</strong></span> <span class='ocrx_word' id='word_1_234' title='bbox 1892 1551 1960 1590; x_wconf 90' lang='lat' dir='ltr'><strong>eo</strong></span> <span class='ocrx_word' id='word_1_235' title='bbox 2012 1534 2158 1606; x_wconf 86' lang='lat' dir='ltr'><strong>quod</strong></span> <span class='ocrx_word' id='word_1_236' title='bbox 2209 1535 2346 1590; x_wconf 91' lang='lat' dir='ltr'><strong>alios</strong></span> <span class='ocrx_word' id='word_1_237' title='bbox 2399 1533 2486 1588; x_wconf 92' lang='lat' dir='ltr'><strong>sui</strong></span> <span class='ocrx_word' id='word_1_238' title='bbox 2519 1530 2736 1604; x_wconf 78' lang='lat' dir='ltr'><strong>generis</strong></span> <span class='ocrx_word' id='word_1_239' title='bbox 2784 1529 3183 1592; x_wconf 85' lang='lat' dir='ltr'><strong>calumniatur,</strong></span> 
     </span>
    </p>
   </div>
   <div class='ocr_carea' id='block_1_36' title="bbox 1597 1621 3187 1702">
    <p class='ocr_par' dir='ltr' id='par_1_36' title="bbox 1597 1621 3187 1702">
     <span class='ocr_line' id='line_1_36' title="bbox 1597 1621 3187 1702; baseline -0.008 -17"><span class='ocrx_word' id='word_1_240' title='bbox 1597 1630 1820 1702; x_wconf 87' lang='lat' dir='ltr'><strong>proprie</strong></span> <span class='ocrx_word' id='word_1_241' title='bbox 1847 1629 2164 1685; x_wconf 87' lang='lat' dir='ltr'><strong>nominatus</strong></span> <span class='ocrx_word' id='word_1_242' title='bbox 2196 1633 2282 1682; x_wconf 88' lang='lat' dir='ltr'><strong>est</strong></span> <span class='ocrx_word' id='word_1_243' title='bbox 2320 1625 2617 1693; x_wconf 87' lang='lat' dir='ltr'><strong>diabolus;</strong></span> <span class='ocrx_word' id='word_1_244' title='bbox 2651 1621 2824 1686; x_wconf 86' lang='lat' dir='ltr'><strong>Satan</strong></span> <span class='ocrx_word' id='word_1_245' title='bbox 2852 1636 2982 1676; x_wconf 91' lang='lat' dir='ltr'><strong>vero</strong></span> <span class='ocrx_word' id='word_1_246' title='bbox 3005 1636 3074 1674; x_wconf 79' lang='lat' dir='ltr'><strong>ex</strong></span> <span class='ocrx_word' id='word_1_247' title='bbox 3109 1635 3187 1675; x_wconf 80' lang='lat' dir='ltr'><strong>eo</strong></span> 
     </span>
    </p>
   </div>
   <div class='ocr_carea' id='block_1_37' title="bbox 1598 1717 3178 1791">
    <p class='ocr_par' dir='ltr' id='par_1_37' title="bbox 1598 1717 3178 1791">
     <span class='ocr_line' id='line_1_37' title="bbox 1598 1717 3178 1791; baseline -0.007 -15"><span class='ocrx_word' id='word_1_248' title='bbox 1598 1721 1742 1791; x_wconf 83' lang='lat' dir='ltr'><strong>quod</strong></span> <span class='ocrx_word' id='word_1_249' title='bbox 1791 1722 1900 1776; x_wconf 88' lang='lat' dir='ltr'><strong>Deo</strong></span> <span class='ocrx_word' id='word_1_250' title='bbox 1951 1727 2006 1776; x_wconf 90' lang='lat' dir='ltr'><strong>et</strong></span> <span class='ocrx_word' id='word_1_251' title='bbox 2052 1719 2367 1774; x_wconf 89' lang='lat' dir='ltr'><strong>hominibus</strong></span> <span class='ocrx_word' id='word_1_252' title='bbox 2415 1717 2782 1780; x_wconf 46' lang='lat' dir='ltr'><strong>adversatur»;</strong></span> <span class='ocrx_word' id='word_1_253' title='bbox 2837 1719 3178 1788; x_wconf 80' lang='lat' dir='ltr'><strong>quaprOpter</strong></span> 
     </span>
    </p>
   </div>
   <div class='ocr_carea' id='block_1_38' title="bbox 1601 1809 3184 1880">
    <p class='ocr_par' dir='ltr' id='par_1_38' title="bbox 1601 1809 3184 1880">
     <span class='ocr_line' id='line_1_38' title="bbox 1601 1809 3184 1880; baseline -0.006 -11"><span class='ocrx_word' id='word_1_254' title='bbox 1601 1814 1766 1869; x_wconf 80' lang='lat' dir='ltr'><strong>etiam</strong></span> <span class='ocrx_word' id='word_1_255' title='bbox 1792 1813 1860 1868; x_wconf 91' lang='lat' dir='ltr'><strong>de</strong></span> <span class='ocrx_word' id='word_1_256' title='bbox 1906 1813 2044 1868; x_wconf 88' lang='lat' dir='ltr'><strong>locis</strong></span> <span class='ocrx_word' id='word_1_257' title='bbox 2073 1812 2186 1868; x_wconf 87' lang='lat' dir='ltr'><strong>illis</strong></span> <span class='ocrx_word' id='word_1_258' title='bbox 2223 1810 2662 1866; x_wconf 84' lang='lat' dir='ltr'><strong>ultramundanis</strong></span> <span class='ocrx_word' id='word_1_259' title='bbox 2704 1809 2912 1880; x_wconf 90' lang='lat' dir='ltr'><strong>ejectus</strong></span> <span class='ocrx_word' id='word_1_260' title='bbox 2951 1815 3037 1863; x_wconf 90' lang='lat' dir='ltr'><strong>est</strong></span> <span class='ocrx_word' id='word_1_261' title='bbox 3077 1823 3091 1860; x_wconf 90' lang='lat'><strong>:</strong></span> <span class='ocrx_word' id='word_1_262' title='bbox 3125 1814 3184 1860; x_wconf 82' lang='lat' dir='ltr'><strong>et</strong></span> 
     </span>
    </p>
   </div>
   <div class='ocr_carea' id='block_1_39' title="bbox 1604 1899 3184 1977">
    <p class='ocr_par' dir='ltr' id='par_1_39' title="bbox 1604 1899 3184 1977">
     <span class='ocr_line' id='line_1_39' title="bbox 1604 1899 3184 1977; baseline -0.005 -17"><span class='ocrx_word' id='word_1_263' title='bbox 1604 1904 1748 1976; x_wconf 88' lang='lat' dir='ltr'><strong>apud</strong></span> <span class='ocrx_word' id='word_1_264' title='bbox 1794 1903 2138 1960; x_wconf 75' lang='lat' dir='ltr'><strong>Ezechielum</strong></span> <span class='ocrx_word' id='word_1_265' title='bbox 2173 1902 2424 1977; x_wconf 85' lang='lat' dir='ltr'><strong>[Isaiam]</strong></span> <span class='ocrx_word' id='word_1_266' title='bbox 2460 1901 2705 1958; x_wconf 91' lang='lat' dir='ltr'><strong>divinum</strong></span> <span class='ocrx_word' id='word_1_267' title='bbox 2754 1909 2930 1956; x_wconf 89' lang='lat' dir='ltr'><strong>vatem</strong></span> <span class='ocrx_word' id='word_1_268' title='bbox 2973 1899 3184 1955; x_wconf 86' lang='lat' dir='ltr'><strong>Cheru-</strong></span> 
     </span>
    </p>
   </div>
   <div class='ocr_carea' id='block_1_40' title="bbox 1602 1989 3191 2066">
    <p class='ocr_par' dir='ltr' id='par_1_40' title="bbox 1602 1989 3191 2066">
     <span class='ocr_line' id='line_1_40' title="bbox 1602 1989 3191 2066; baseline -0.004 -15"><span class='ocrx_word' id='word_1_269' title='bbox 1602 1997 1818 2060; x_wconf 90' lang='lat' dir='ltr'><strong>borum,</strong></span> <span class='ocrx_word' id='word_1_270' title='bbox 1875 1995 2092 2066; x_wconf 81' lang='lat' dir='ltr'><strong>probris</strong></span> <span class='ocrx_word' id='word_1_271' title='bbox 2135 1996 2435 2052; x_wconf 78' lang='lat' dir='ltr'><strong>incessitur</strong></span> <span class='ocrx_word' id='word_1_272' title='bbox 2473 2011 2496 2048; x_wconf 34' lang='grc' dir='ltr'><strong>ιν</strong></span> <span class='ocrx_word' id='word_1_273' title='bbox 2517 1992 2792 2060; x_wconf 79' lang='lat' dir='ltr'><strong>Quomodo</strong></span> <span class='ocrx_word' id='word_1_274' title='bbox 2838 1990 3082 2050; x_wconf 83' lang='lat' dir='ltr'><strong>decidisti</strong></span> <span class='ocrx_word' id='word_1_275' title='bbox 3119 1989 3191 2051; x_wconf 62' lang='lat' dir='ltr'><strong>de</strong></span> 
     </span>
    </p>
   </div>
   <div class='ocr_carea' id='block_1_41' title="bbox 1605 2083 3185 2160">
    <p class='ocr_par' dir='ltr' id='par_1_41' title="bbox 1605 2083 3185 2160">
     <span class='ocr_line' id='line_1_41' title="bbox 1605 2083 3185 2160; baseline -0.006 -17"><span class='ocrx_word' id='word_1_276' title='bbox 1605 2089 1756 2152; x_wconf 69' lang='lat' dir='ltr'><strong>cosio,</strong></span> <span class='ocrx_word' id='word_1_277' title='bbox 1794 2088 2003 2156; x_wconf 77' lang='lat' dir='ltr'><strong>lucifer,</strong></span> <span class='ocrx_word' id='word_1_278' title='bbox 2038 2089 2130 2160; x_wconf 87' lang='lat' dir='ltr'><strong>qui</strong></span> <span class='ocrx_word' id='word_1_279' title='bbox 2159 2103 2311 2143; x_wconf 80' lang='lat' dir='ltr'><strong>mane</strong></span> <span class='ocrx_word' id='word_1_280' title='bbox 2339 2085 2593 2144; x_wconf 84' lang='lat' dir='ltr'><strong>oriebaris</strong></span> <span class='ocrx_word' id='word_1_281' title='bbox 2618 2086 2700 2140; x_wconf 69' lang='lat'><strong>&quot;1&#39;</strong></span> <span class='ocrx_word' id='word_1_282' title='bbox 2724 2084 2900 2140; x_wconf 87' lang='lat' dir='ltr'><strong>Simul</strong></span> <span class='ocrx_word' id='word_1_283' title='bbox 2929 2091 2982 2138; x_wconf 91' lang='lat' dir='ltr'><strong>et</strong></span> <span class='ocrx_word' id='word_1_284' title='bbox 3005 2083 3185 2153; x_wconf 89' lang='lat' dir='ltr'><strong>ignem</strong></span> 
     </span>
    </p>
   </div>
   <div class='ocr_carea' id='block_1_42' title="bbox 1608 2167 3187 2249">
    <p class='ocr_par' dir='ltr' id='par_1_42' title="bbox 1608 2167 3187 2249">
     <span class='ocr_line' id='line_1_42' title="bbox 1608 2167 3187 2249; baseline -0.01 -15"><span class='ocrx_word' id='word_1_285' title='bbox 1608 2181 1991 2249; x_wconf 81' lang='lat' dir='ltr'><strong>lucentemque</strong></span> <span class='ocrx_word' id='word_1_286' title='bbox 2039 2185 2294 2232; x_wconf 86' lang='lat' dir='ltr'><strong>naturam</strong></span> <span class='ocrx_word' id='word_1_287' title='bbox 2341 2175 2494 2246; x_wconf 83' lang='lat' dir='ltr'><strong>ejus,</strong></span> <span class='ocrx_word' id='word_1_288' title='bbox 2526 2181 2580 2228; x_wconf 90' lang='lat' dir='ltr'><strong>et</strong></span> <span class='ocrx_word' id='word_1_289' title='bbox 2628 2172 2970 2244; x_wconf 78' lang='lat' dir='ltr'><strong>principatus</strong></span> <span class='ocrx_word' id='word_1_290' title='bbox 3011 2167 3187 2237; x_wconf 83' lang='lat' dir='ltr'><strong>digni—</strong></span> 
     </span>
    </p>
   </div>
   <div class='ocr_carea' id='block_1_43' title="bbox 1613 2255 3196 2339">
    <p class='ocr_par' dir='ltr' id='par_1_43' title="bbox 1613 2255 3196 2339">
     <span class='ocr_line' id='line_1_43' title="bbox 1613 2255 3196 2339; baseline -0.011 -15"><span class='ocrx_word' id='word_1_291' title='bbox 1613 2277 1806 2334; x_wconf 75' lang='lat' dir='ltr'><strong>tatern,</strong></span> <span class='ocrx_word' id='word_1_292' title='bbox 1849 2269 1905 2324; x_wconf 89' lang='lat' dir='ltr'><strong>in</strong></span> <span class='ocrx_word' id='word_1_293' title='bbox 1943 2268 2160 2334; x_wconf 87' lang='lat' dir='ltr'><strong>ordine,</strong></span> <span class='ocrx_word' id='word_1_294' title='bbox 2203 2284 2300 2339; x_wconf 88' lang='lat' dir='ltr'><strong>per</strong></span> <span class='ocrx_word' id='word_1_295' title='bbox 2345 2264 2759 2321; x_wconf 86' lang='lat' dir='ltr'><strong>similitudinem</strong></span> <span class='ocrx_word' id='word_1_296' title='bbox 2798 2257 3085 2315; x_wconf 83' lang='lat' dir='ltr'><strong>luminaris</strong></span> <span class='ocrx_word' id='word_1_297' title='bbox 3123 2255 3196 2309; x_wconf 67' lang='lat' dir='ltr'><strong>il-</strong></span> 
     </span>
    </p>
   </div>
   <div class='ocr_carea' id='block_1_44' title="bbox 0 2351 3202 2433">
    <p class='ocr_par' dir='ltr' id='par_1_44' title="bbox 0 2351 3202 2433">
     <span class='ocr_line' id='line_1_44' title="bbox 0 2351 3202 2433; baseline 0 -30"><span class='ocrx_word' id='word_1_298' title='bbox 0 2366 27 2403; x_wconf 88' lang='lat' dir='ltr'><strong>s</strong></span> <span class='ocrx_word' id='word_1_299' title='bbox 84 2351 436 2420; x_wconf 77' lang='lat' dir='ltr'><strong>exprimens.</strong></span> <span class='ocrx_word' id='word_1_300' title='bbox 496 2353 629 2406; x_wconf 88' lang='lat' dir='ltr'><strong>Cum</strong></span> <span class='ocrx_word' id='word_1_301' title='bbox 687 2353 790 2408; x_wconf 87' lang='lat' dir='ltr'><strong>hoc</strong></span> <span class='ocrx_word' id='word_1_302' title='bbox 836 2362 1017 2410; x_wconf 87' lang='lat' dir='ltr'><strong>autem</strong></span> <span class='ocrx_word' id='word_1_303' title='bbox 1070 2359 1426 2416; x_wconf 88' lang='lat' dir='ltr'><strong>consentiens</strong></span> <span class='ocrx_word' id='word_1_304' title='bbox 1496 2361 1796 2430; x_wconf 81' lang='lat' dir='ltr'><strong>Danielus,</strong></span> <span class='ocrx_word' id='word_1_305' title='bbox 1843 2364 2138 2433; x_wconf 82' lang='lat' dir='ltr'><strong>nequitiam</strong></span> <span class='ocrx_word' id='word_1_306' title='bbox 2194 2361 2316 2432; x_wconf 89' lang='lat' dir='ltr'><strong>ejus</strong></span> <span class='ocrx_word' id='word_1_307' title='bbox 2362 2358 2632 2419; x_wconf 71' lang='lat' dir='ltr'><strong>traducit,</strong></span> <span class='ocrx_word' id='word_1_308' title='bbox 2664 2366 2718 2412; x_wconf 85' lang='lat' dir='ltr'><strong>et</strong></span> <span class='ocrx_word' id='word_1_309' title='bbox 2770 2351 3202 2412; x_wconf 84' lang='lat' dir='ltr'><strong>subductionem-</strong></span> 
     </span>
    </p>
   </div>
   <div class='ocr_carea' id='block_1_45' title="bbox 1 2448 550 2516">
    <p class='ocr_par' dir='ltr' id='par_1_45' title="bbox 1 2448 550 2516">
     <span class='ocr_line' id='line_1_45' title="bbox 1 2448 550 2516; baseline 0.007 -20"><span class='ocrx_word' id='word_1_310' title='bbox 1 2455 266 2500; x_wconf 77' lang='lat' dir='ltr'><strong>:tatorum</strong></span> <span class='ocrx_word' id='word_1_311' title='bbox 305 2448 550 2516; x_wconf 82' lang='lat' dir='ltr'><strong>exponit.</strong></span> 
     </span>
    </p>
   </div>
   <div class='ocr_carea' id='block_1_46' title="bbox 6 2537 1514 2616">
    <p class='ocr_par' dir='ltr' id='par_1_46' title="bbox 6 2537 1514 2616">
     <span class='ocr_line' id='line_1_46' title="bbox 6 2537 1514 2616; baseline 0.008 -24"><span class='ocrx_word' id='word_1_312' title='bbox 6 2537 296 2605; x_wconf 78' lang='grc' dir='ltr'>’Δγνοοῦσι</span> <span class='ocrx_word' id='word_1_313' title='bbox 322 2539 378 2592; x_wconf 81' lang='grc' dir='ltr'>δὲ</span> <span class='ocrx_word' id='word_1_314' title='bbox 399 2538 515 2609; x_wconf 76' lang='grc' dir='ltr'><strong>ἅμα</strong></span> <span class='ocrx_word' id='word_1_315' title='bbox 541 2538 748 2612; x_wconf 75' lang='grc' dir='ltr'><strong>βροτοῖς</strong></span> <span class='ocrx_word' id='word_1_316' title='bbox 773 2541 867 2594; x_wconf 78' lang='grc' dir='ltr'><strong>καὶ</strong></span> <span class='ocrx_word' id='word_1_317' title='bbox 887 2541 1107 2611; x_wconf 75' lang='grc' dir='ltr'>ἄγγελοι</span> <span class='ocrx_word' id='word_1_318' title='bbox 1124 2543 1194 2599; x_wconf 85' lang='grc' dir='ltr'><strong>τά</strong></span> <span class='ocrx_word' id='word_1_319' title='bbox 1219 2546 1482 2616; x_wconf 86' lang='grc' dir='ltr'>μέλλοντα</span> <span class='ocrx_word' id='word_1_320' title='bbox 1497 2567 1514 2582; x_wconf 73' lang='grc' dir='ltr'><strong>ο</strong></span> 
     </span>
    </p>
   </div>
   <div class='ocr_carea' id='block_1_47' title="bbox 7 2631 1514 2708">
    <p class='ocr_par' dir='ltr' id='par_1_47' title="bbox 7 2631 1514 2708">
     <span class='ocr_line' id='line_1_47' title="bbox 7 2631 1514 2708; baseline 0.01 -25"><span class='ocrx_word' id='word_1_321' title='bbox 7 2649 95 2700; x_wconf 64' lang='lat' dir='ltr'><strong>an;</strong></span> <span class='ocrx_word' id='word_1_322' title='bbox 128 2631 244 2701; x_wconf 77' lang='grc' dir='ltr'>γὰρ</span> <span class='ocrx_word' id='word_1_323' title='bbox 273 2631 376 2701; x_wconf 82' lang='grc' dir='ltr'>τῆς</span> <span class='ocrx_word' id='word_1_324' title='bbox 423 2631 571 2696; x_wconf 80' lang='grc' dir='ltr'>θείας</span> <span class='ocrx_word' id='word_1_325' title='bbox 615 2633 842 2705; x_wconf 86' lang='grc' dir='ltr'>Τριάδος</span> <span class='ocrx_word' id='word_1_326' title='bbox 894 2635 1185 2704; x_wconf 85' lang='grc' dir='ltr'>γινώσκειν</span> <span class='ocrx_word' id='word_1_327' title='bbox 1227 2640 1296 2694; x_wconf 87' lang='grc' dir='ltr'><strong>τά</strong></span> <span class='ocrx_word' id='word_1_328' title='bbox 1360 2641 1514 2708; x_wconf 75' lang='grc' dir='ltr'>ὄντα,</span> 
     </span>
    </p>
   </div>
   <div class='ocr_carea' id='block_1_48' title="bbox 4 2721 1517 2806">
    <p class='ocr_par' dir='ltr' id='par_1_48' title="bbox 4 2721 1517 2806">
     <span class='ocr_line' id='line_1_48' title="bbox 4 2721 1517 2806; baseline 0.008 -31"><span class='ocrx_word' id='word_1_329' title='bbox 4 2742 18 2775; x_wconf 89' lang='grc' dir='ltr'><strong>ι</strong></span> <span class='ocrx_word' id='word_1_330' title='bbox 53 2721 459 2794; x_wconf 84' lang='grc' dir='ltr'>προγινώσκειν</span> <span class='ocrx_word' id='word_1_331' title='bbox 512 2723 582 2777; x_wconf 86' lang='grc' dir='ltr'><strong>τά</strong></span> <span class='ocrx_word' id='word_1_332' title='bbox 607 2724 861 2794; x_wconf 77' lang='grc' dir='ltr'>ἐσόμενα.</span> <span class='ocrx_word' id='word_1_333' title='bbox 902 2729 1216 2782; x_wconf 82' lang='grc' dir='ltr'>Διακονοῦσι</span> <span class='ocrx_word' id='word_1_334' title='bbox 1252 2731 1308 2785; x_wconf 85' lang='grc' dir='ltr'>δὲ</span> <span class='ocrx_word' id='word_1_335' title='bbox 1344 2733 1517 2806; x_wconf 84' lang='grc' dir='ltr'>ταύτῃ</span> 
     </span>
    </p>
   </div>
   <div class='ocr_carea' id='block_1_49' title="bbox 5 2815 1514 2887">
    <p class='ocr_par' dir='ltr' id='par_1_49' title="bbox 5 2815 1514 2887">
     <span class='ocr_line' id='line_1_49' title="bbox 5 2815 1514 2887; baseline 0.007 -21"><span class='ocrx_word' id='word_1_336' title='bbox 5 2835 17 2866; x_wconf 78' lang='grc' dir='ltr'><strong>ι</strong></span> <span class='ocrx_word' id='word_1_337' title='bbox 60 2817 202 2884; x_wconf 81' lang='grc' dir='ltr'>ἡμῖν</span> <span class='ocrx_word' id='word_1_338' title='bbox 233 2831 246 2844; x_wconf 82' lang='lat'><strong><em>°</em></strong></span> <span class='ocrx_word' id='word_1_339' title='bbox 280 2817 348 2886; x_wconf 78' lang='grc' dir='ltr'>τῇ</span> <span class='ocrx_word' id='word_1_340' title='bbox 396 2815 496 2885; x_wconf 81' lang='grc' dir='ltr'><strong>μὲν</strong></span> <span class='ocrx_word' id='word_1_341' title='bbox 534 2815 859 2887; x_wconf 84' lang='grc' dir='ltr'>θεοπρεπῶς·</span> <span class='ocrx_word' id='word_1_342' title='bbox 884 2819 1243 2885; x_wconf 80' lang='grc' dir='ltr'>δουλεύοντες,</span> <span class='ocrx_word' id='word_1_343' title='bbox 1296 2825 1406 2886; x_wconf 80' lang='grc' dir='ltr'>τοῖς</span> <span class='ocrx_word' id='word_1_344' title='bbox 1457 2823 1514 2876; x_wconf 81' lang='grc' dir='ltr'>δὲ</span> 
     </span>
    </p>
   </div>
   <div class='ocr_carea' id='block_1_50' title="bbox 11 2906 1518 2986">
    <p class='ocr_par' dir='ltr' id='par_1_50' title="bbox 11 2906 1518 2986">
     <span class='ocr_line' id='line_1_50' title="bbox 11 2906 1518 2986; baseline 0.007 -27"><span class='ocrx_word' id='word_1_345' title='bbox 11 2906 292 2977; x_wconf 86' lang='grc' dir='ltr'>ονομικῶς</span> <span class='ocrx_word' id='word_1_346' title='bbox 315 2947 330 2973; x_wconf 95' lang='grc'><strong>,</strong></span> <span class='ocrx_word' id='word_1_347' title='bbox 368 2908 506 2980; x_wconf 84' lang='grc' dir='ltr'>πρὸς</span> <span class='ocrx_word' id='word_1_348' title='bbox 529 2909 799 2981; x_wconf 76' lang='grc' dir='ltr'>σωτηρίαν</span> <span class='ocrx_word' id='word_1_349' title='bbox 826 2911 895 2964; x_wconf 84' lang='grc' dir='ltr'><strong>τά</strong></span> <span class='ocrx_word' id='word_1_350' title='bbox 924 2913 1056 2982; x_wconf 81' lang='grc' dir='ltr'>παρ’</span> <span class='ocrx_word' id='word_1_351' title='bbox 1093 2914 1309 2985; x_wconf 72' lang='grc' dir='ltr'>ἐκείνης</span> <span class='ocrx_word' id='word_1_352' title='bbox 1351 2933 1518 2986; x_wconf 84' lang='grc' dir='ltr'>προσ·</span> 
     </span>
    </p>
   </div>
   <div class='ocr_carea' id='block_1_51' title="bbox 3 3001 1518 3078">
    <p class='ocr_par' dir='ltr' id='par_1_51' title="bbox 3 3001 1518 3078">
     <span class='ocr_line' id='line_1_51' title="bbox 3 3001 1518 3078; baseline 0.005 -25"><span class='ocrx_word' id='word_1_353' title='bbox 3 3001 240 3072; x_wconf 74' lang='grc' dir='ltr'>ττόμενα</span> <span class='ocrx_word' id='word_1_354' title='bbox 261 3017 274 3030; x_wconf 73' lang='grc' dir='ltr'><strong>ο</strong></span> <span class='ocrx_word' id='word_1_355' title='bbox 309 3001 438 3063; x_wconf 75' lang='grc' dir='ltr'>τοὺς</span> <span class='ocrx_word' id='word_1_356' title='bbox 476 3001 584 3071; x_wconf 24' lang='grc' dir='ltr'>μὲν.</span> <span class='ocrx_word' id='word_1_357' title='bbox 603 3002 951 3073; x_wconf 75' lang='grc' dir='ltr'>ἀναιροῦντες</span> <span class='ocrx_word' id='word_1_358' title='bbox 981 3003 1067 3058; x_wconf 77' lang='grc' dir='ltr'><strong>διὰ</strong></span> <span class='ocrx_word' id='word_1_359' title='bbox 1101 3005 1295 3058; x_wconf 82' lang='grc' dir='ltr'>κακίαν</span> <span class='ocrx_word' id='word_1_360' title='bbox 1333 3007 1518 3078; x_wconf 84' lang='grc' dir='ltr'>ἀδιόρ-</span> 
     </span>
    </p>
   </div>
   <div class='ocr_carea' id='block_1_52' title="bbox 9 3091 1516 3166">
    <p class='ocr_par' dir='ltr' id='par_1_52' title="bbox 9 3091 1516 3166">
     <span class='ocr_line' id='line_1_52' title="bbox 9 3091 1516 3166; baseline 0.005 -22"><span class='ocrx_word' id='word_1_361' title='bbox 9 3110 98 3144; x_wconf 85' lang='grc' dir='ltr'><strong>τον</strong></span> <span class='ocrx_word' id='word_1_362' title='bbox 123 3134 137 3156; x_wconf 90' lang='grc'><strong>,</strong></span> <span class='ocrx_word' id='word_1_363' title='bbox 163 3095 321 3156; x_wconf 83' lang='grc' dir='ltr'>ὅπως</span> <span class='ocrx_word' id='word_1_364' title='bbox 362 3091 436 3164; x_wconf 85' lang='grc' dir='ltr'>μὴ</span> <span class='ocrx_word' id='word_1_365' title='bbox 479 3093 581 3163; x_wconf 86' lang='grc' dir='ltr'>τῆς</span> <span class='ocrx_word' id='word_1_366' title='bbox 607 3091 786 3165; x_wconf 85' lang='grc' dir='ltr'>λύμης</span> <span class='ocrx_word' id='word_1_367' title='bbox 813 3096 1175 3166; x_wconf 78' lang='grc' dir='ltr'>ἐμφορεῖσθαι</span> <span class='ocrx_word' id='word_1_368' title='bbox 1211 3097 1339 3161; x_wconf 71' lang='grc' dir='ltr'>τοὺς</span> <span class='ocrx_word' id='word_1_369' title='bbox 1364 3098 1516 3166; x_wconf 75' lang='grc' dir='ltr'>ὲγγίο</span> 
     </span>
    </p>
   </div>
   <div class='ocr_carea' id='block_1_53' title="bbox 8 3184 1519 3262">
    <p class='ocr_par' dir='ltr' id='par_1_53' title="bbox 8 3184 1519 3262">
     <span class='ocr_line' id='line_1_53' title="bbox 8 3184 1519 3262; baseline 0.004 -24"><span class='ocrx_word' id='word_1_370' title='bbox 8 3203 120 3248; x_wconf 69' lang='grc' dir='ltr'><strong>τας</strong></span> <span class='ocrx_word' id='word_1_371' title='bbox 149 3202 164 3214; x_wconf 76' lang='grc'>⁶</span> <span class='ocrx_word' id='word_1_372' title='bbox 218 3184 364 3237; x_wconf 86' lang='grc' dir='ltr'><strong>κατά</strong></span> <span class='ocrx_word' id='word_1_373' title='bbox 391 3184 517 3248; x_wconf 74' lang='grc' dir='ltr'>τοὺς</span> <span class='ocrx_word' id='word_1_374' title='bbox 561 3187 756 3255; x_wconf 74' lang='grc' dir='ltr'>σοφοὺς</span> <span class='ocrx_word' id='word_1_375' title='bbox 801 3185 908 3239; x_wconf 90' lang='grc' dir='ltr'><strong>τῶν</strong></span> <span class='ocrx_word' id='word_1_376' title='bbox 939 3187 1159 3260; x_wconf 74' lang='grc' dir='ltr'>ἰατρῶν,</span> <span class='ocrx_word' id='word_1_377' title='bbox 1196 3191 1244 3242; x_wconf 80' lang='grc' dir='ltr'>οἱ</span> <span class='ocrx_word' id='word_1_378' title='bbox 1288 3191 1392 3262; x_wconf 84' lang='grc' dir='ltr'><strong>πρὸ</strong></span> <span class='ocrx_word' id='word_1_379' title='bbox 1424 3187 1519 3243; x_wconf 81' lang='grc' dir='ltr'>τοῦ</span> 
     </span>
    </p>
   </div>
   <div class='ocr_carea' id='block_1_54' title="bbox 14 3275 1524 3352">
    <p class='ocr_par' dir='ltr' id='par_1_54' title="bbox 14 3275 1524 3352">
     <span class='ocr_line' id='line_1_54' title="bbox 14 3275 1524 3352; baseline 0.003 -21"><span class='ocrx_word' id='word_1_380' title='bbox 14 3279 252 3351; x_wconf 79' lang='grc' dir='ltr'>χεθῆναι</span> <span class='ocrx_word' id='word_1_381' title='bbox 279 3276 420 3330; x_wconf 86' lang='grc' dir='ltr'><strong>κατά</strong></span> <span class='ocrx_word' id='word_1_382' title='bbox 442 3277 642 3341; x_wconf 71' lang='grc' dir='ltr'>παντὸς</span> <span class='ocrx_word' id='word_1_383' title='bbox 664 3277 756 3331; x_wconf 80' lang='grc' dir='ltr'>τοῦ</span> <span class='ocrx_word' id='word_1_384' title='bbox 789 3275 1038 3350; x_wconf 89' lang='grc' dir='ltr'>σώματος</span> <span class='ocrx_word' id='word_1_385' title='bbox 1070 3279 1166 3352; x_wconf 83' lang='grc' dir='ltr'>τὴν</span> <span class='ocrx_word' id='word_1_386' title='bbox 1194 3279 1289 3334; x_wconf 80' lang='grc' dir='ltr'>τοῦ</span> <span class='ocrx_word' id='word_1_387' title='bbox 1320 3281 1524 3346; x_wconf 79' lang='grc' dir='ltr'>πάθους</span> 
     </span>
    </p>
   </div>
   <div class='ocr_carea' id='block_1_55' title="bbox 9 3368 1519 3442">
    <p class='ocr_par' dir='ltr' id='par_1_55' title="bbox 9 3368 1519 3442">
     <span class='ocr_line' id='line_1_55' title="bbox 9 3368 1519 3442; baseline 0.004 -21"><span class='ocrx_word' id='word_1_388' title='bbox 9 3371 132 3441; x_wconf 71' lang='grc' dir='ltr'>δην,</span> <span class='ocrx_word' id='word_1_389' title='bbox 178 3369 422 3440; x_wconf 83' lang='grc' dir='ltr'>καυτῆρι</span> <span class='ocrx_word' id='word_1_390' title='bbox 459 3368 493 3440; x_wconf 82' lang='grc' dir='ltr'>ἢ</span> <span class='ocrx_word' id='word_1_391' title='bbox 549 3370 689 3440; x_wconf 84' lang='grc' dir='ltr'>τομῇ</span> <span class='ocrx_word' id='word_1_392' title='bbox 743 3371 842 3441; x_wconf 81' lang='grc' dir='ltr'>τὴν</span> <span class='ocrx_word' id='word_1_393' title='bbox 888 3371 1067 3442; x_wconf 79' lang='grc' dir='ltr'>ῥύμην</span> <span class='ocrx_word' id='word_1_394' title='bbox 1100 3372 1519 3437; x_wconf 82' lang='grc' dir='ltr'>ἀνακόπτοντες.</span> 
     </span>
    </p>
   </div>
   <div class='ocr_carea' id='block_1_56' title="bbox 11 3461 1525 3534">
    <p class='ocr_par' dir='ltr' id='par_1_56' title="bbox 11 3461 1525 3534">
     <span class='ocr_line' id='line_1_56' title="bbox 11 3461 1525 3534; baseline 0.001 -19"><span class='ocrx_word' id='word_1_395' title='bbox 11 3480 71 3515; x_wconf 77' lang='grc' dir='ltr'><strong>πε</strong></span> <span class='ocrx_word' id='word_1_396' title='bbox 82 3480 115 3533; x_wconf 91' lang='grc' dir='ltr'><strong>ρ</strong></span> <span class='ocrx_word' id='word_1_397' title='bbox 152 3461 254 3514; x_wconf 80' lang='grc' dir='ltr'><strong>καὶ</strong></span> <span class='ocrx_word' id='word_1_398' title='bbox 286 3463 550 3532; x_wconf 82' lang='grc' dir='ltr'>γεωργοῖς</span> <span class='ocrx_word' id='word_1_399' title='bbox 581 3461 974 3528; x_wconf 71' lang='grc' dir='ltr'>σπουδάζεται,</span> <span class='ocrx_word' id='word_1_400' title='bbox 999 3461 1116 3534; x_wconf 76' lang='grc' dir='ltr'><strong>ἅμα</strong></span> <span class='ocrx_word' id='word_1_401' title='bbox 1145 3461 1220 3534; x_wconf 87' lang='grc' dir='ltr'>τῷ</span> <span class='ocrx_word' id='word_1_402' title='bbox 1249 3463 1525 3517; x_wconf 80' lang='grc' dir='ltr'>ἀνατεῖλαι</span> 
     </span>
    </p>
   </div>
   <div class='ocr_carea' id='block_1_57' title="bbox 11 3549 1526 3624">
    <p class='ocr_par' dir='ltr' id='par_1_57' title="bbox 11 3549 1526 3624">
     <span class='ocr_line' id='line_1_57' title="bbox 11 3549 1526 3624; baseline 0 -20"><span class='ocrx_word' id='word_1_403' title='bbox 11 3554 89 3615; x_wconf 76' lang='lat' dir='ltr'><strong>lt;</strong></span> <span class='ocrx_word' id='word_1_404' title='bbox 123 3549 390 3623; x_wconf 74' lang='grc' dir='ltr'>ὲκριξοῦν</span> <span class='ocrx_word' id='word_1_405' title='bbox 418 3549 489 3602; x_wconf 85' lang='grc' dir='ltr'><strong>τά</strong></span> <span class='ocrx_word' id='word_1_406' title='bbox 523 3549 759 3615; x_wconf 76' lang='grc' dir='ltr'>ζιζάνια,</span> <span class='ocrx_word' id='word_1_407' title='bbox 799 3552 1006 3622; x_wconf 79' lang='grc' dir='ltr'>μήποτε</span> <span class='ocrx_word' id='word_1_408' title='bbox 1041 3550 1407 3624; x_wconf 76' lang='grc' dir='ltr'>συμφυόμενα</span> <span class='ocrx_word' id='word_1_409' title='bbox 1432 3551 1526 3605; x_wconf 73' lang='grc' dir='ltr'><strong>καὶ</strong></span> 
     </span>
    </p>
   </div>
   <div class='ocr_carea' id='block_1_58' title="bbox 11 3643 1529 3717">
    <p class='ocr_par' dir='ltr' id='par_1_58' title="bbox 11 3643 1529 3717">
     <span class='ocr_line' id='line_1_58' title="bbox 11 3643 1529 3717; baseline -0.003 -17"><span class='ocrx_word' id='word_1_410' title='bbox 11 3646 231 3716; x_wconf 63' lang='grc' dir='ltr'>σύμενα</span> <span class='ocrx_word' id='word_1_411' title='bbox 250 3681 269 3706; x_wconf 92' lang='grc'><strong>,</strong></span> <span class='ocrx_word' id='word_1_412' title='bbox 297 3643 388 3695; x_wconf 80' lang='grc' dir='ltr'><strong>τὸν</strong></span> <span class='ocrx_word' id='word_1_413' title='bbox 419 3643 562 3695; x_wconf 76' lang='grc' dir='ltr'>σῖτον</span> <span class='ocrx_word' id='word_1_414' title='bbox 613 3643 960 3712; x_wconf 83' lang='grc' dir='ltr'>λυμήνωνται</span> <span class='ocrx_word' id='word_1_415' title='bbox 984 3659 999 3674; x_wconf 80' lang='grc' dir='ltr'><strong><em>ο</em></strong></span> <span class='ocrx_word' id='word_1_416' title='bbox 1032 3643 1127 3696; x_wconf 73' lang='grc' dir='ltr'><strong>καὶ</strong></span> <span class='ocrx_word' id='word_1_417' title='bbox 1155 3643 1529 3717; x_wconf 75' lang='grc' dir='ltr'>ἀμπελουργοὶ</span> 
     </span>
    </p>
   </div>
   <div class='ocr_carea' id='block_1_59' title="bbox 17 3734 1530 3808">
    <p class='ocr_par' dir='ltr' id='par_1_59' title="bbox 17 3734 1530 3808">
     <span class='ocr_line' id='line_1_59' title="bbox 17 3734 1530 3808; baseline 0.001 -19"><span class='ocrx_word' id='word_1_418' title='bbox 17 3737 105 3789; x_wconf 77' lang='grc' dir='ltr'><strong>ἔτι</strong></span> <span class='ocrx_word' id='word_1_419' title='bbox 138 3735 454 3800; x_wconf 76' lang='grc' dir='ltr'>ποάζουσαν</span> <span class='ocrx_word' id='word_1_420' title='bbox 488 3735 618 3804; x_wconf 68' lang='grc' dir='ltr'>πρὶν</span> <span class='ocrx_word' id='word_1_421' title='bbox 645 3734 1052 3804; x_wconf 86' lang='grc' dir='ltr'>περιπλακῆναι.</span> <span class='ocrx_word' id='word_1_422' title='bbox 1073 3737 1139 3806; x_wconf 83' lang='grc' dir='ltr'>τῇ</span> <span class='ocrx_word' id='word_1_423' title='bbox 1175 3735 1406 3808; x_wconf 81' lang='grc' dir='ltr'>ἀμπέλῳ</span> <span class='ocrx_word' id='word_1_424' title='bbox 1431 3736 1530 3806; x_wconf 82' lang='grc' dir='ltr'>τὴν</span> 
     </span>
    </p>
   </div>
   <div class='ocr_carea' id='block_1_60' title="bbox 10 3827 1527 3901">
    <p class='ocr_par' dir='ltr' id='par_1_60' title="bbox 10 3827 1527 3901">
     <span class='ocr_line' id='line_1_60' title="bbox 10 3827 1527 3901; baseline -0.001 -18"><span class='ocrx_word' id='word_1_425' title='bbox 10 3829 263 3901; x_wconf 65' lang='grc' dir='ltr'>(σμένην</span> <span class='ocrx_word' id='word_1_426' title='bbox 305 3827 638 3892; x_wconf 83' lang='grc' dir='ltr'>ἀνασπῶσιν,</span> <span class='ocrx_word' id='word_1_427' title='bbox 679 3827 712 3897; x_wconf 80' lang='grc' dir='ltr'>ἢ</span> <span class='ocrx_word' id='word_1_428' title='bbox 752 3828 816 3897; x_wconf 82' lang='grc' dir='ltr'>τῇ</span> <span class='ocrx_word' id='word_1_429' title='bbox 863 3827 1104 3899; x_wconf 83' lang='grc' dir='ltr'>δρεπάνῃ</span> <span class='ocrx_word' id='word_1_430' title='bbox 1133 3828 1527 3900; x_wconf 81' lang='grc' dir='ltr'>ὑποτέμνουσι,</span> 
     </span>
    </p>
   </div>
   <div class='ocr_carea' id='block_1_61' title="bbox 13 3914 1531 3986">
    <p class='ocr_par' dir='ltr' id='par_1_61' title="bbox 13 3914 1531 3986">
     <span class='ocr_line' id='line_1_61' title="bbox 13 3914 1531 3986; baseline 0.009 -28"><span class='ocrx_word' id='word_1_431' title='bbox 13 3922 71 3982; x_wconf 66' lang='grc' dir='ltr'>δς</span> <span class='ocrx_word' id='word_1_432' title='bbox 121 3919 187 3971; x_wconf 73' lang='grc' dir='ltr'>τὺ</span> <span class='ocrx_word' id='word_1_433' title='bbox 245 3914 323 3986; x_wconf 78' lang='grc' dir='ltr'>μὴ</span> <span class='ocrx_word' id='word_1_434' title='bbox 349 3917 444 3969; x_wconf 72' lang='grc' dir='ltr'>τὸν</span> <span class='ocrx_word' id='word_1_435' title='bbox 487 3915 680 3986; x_wconf 83' lang='grc' dir='ltr'>βότρυν</span> <span class='ocrx_word' id='word_1_436' title='bbox 728 3914 1095 3984; x_wconf 81' lang='grc' dir='ltr'>λυμήνασθαι.</span> <span class='ocrx_word' id='word_1_437' title='bbox 1144 3915 1313 3969; x_wconf 80' lang='grc' dir='ltr'>Τοῦτο</span> <span class='ocrx_word' id='word_1_438' title='bbox 1362 3919 1458 3970; x_wconf 65' lang='grc' dir='ltr'>καὶ</span> <span class='ocrx_word' id='word_1_439' title='bbox 1501 3920 1531 3971; x_wconf 84' lang='grc' dir='ltr'>ὁ</span> 
     </span>
    </p>
   </div>
   <div class='ocr_carea' id='block_1_62' title="bbox 11 4003 1532 4080">
    <p class='ocr_par' dir='ltr' id='par_1_62' title="bbox 11 4003 1532 4080">
     <span class='ocr_line' id='line_1_62' title="bbox 11 4003 1532 4080; baseline -0.002 -18"><span class='ocrx_word' id='word_1_440' title='bbox 11 4010 192 4080; x_wconf 79' lang='grc' dir='ltr'>οργὺς</span> <span class='ocrx_word' id='word_1_441' title='bbox 227 4007 325 4076; x_wconf 68' lang='grc' dir='ltr'>τῆς</span> <span class='ocrx_word' id='word_1_442' title='bbox 361 4005 630 4076; x_wconf 77' lang='grc' dir='ltr'>ἡμετέρας</span> <span class='ocrx_word' id='word_1_443' title='bbox 679 4003 893 4074; x_wconf 78' lang='grc' dir='ltr'>φύσεως</span> <span class='ocrx_word' id='word_1_444' title='bbox 938 4005 1032 4057; x_wconf 76' lang='grc' dir='ltr'><strong>καὶ</strong></span> <span class='ocrx_word' id='word_1_445' title='bbox 1069 4005 1167 4075; x_wconf 83' lang='grc' dir='ltr'>τῆς</span> <span class='ocrx_word' id='word_1_446' title='bbox 1209 4005 1532 4076; x_wconf 87' lang='grc' dir='ltr'>Ἐκκλησίας</span> 
     </span>
    </p>
   </div>
   <div class='ocr_carea' id='block_1_63' title="bbox 14 4093 1530 4170">
    <p class='ocr_par' dir='ltr' id='par_1_63' title="bbox 14 4093 1530 4170">
     <span class='ocr_line' id='line_1_63' title="bbox 14 4093 1530 4170; baseline -0.002 -19"><span class='ocrx_word' id='word_1_447' title='bbox 14 4097 337 4170; x_wconf 75' lang='grc' dir='ltr'>πελουργὸς</span> <span class='ocrx_word' id='word_1_448' title='bbox 365 4099 537 4148; x_wconf 82' lang='grc' dir='ltr'>ποιεῖν</span> <span class='ocrx_word' id='word_1_449' title='bbox 570 4095 755 4148; x_wconf 83' lang='grc' dir='ltr'>εἴωθεν</span> <span class='ocrx_word' id='word_1_450' title='bbox 781 4113 793 4125; x_wconf 75' lang='grc' dir='ltr'><strong><em>ο</em></strong></span> <span class='ocrx_word' id='word_1_451' title='bbox 841 4093 1240 4165; x_wconf 82' lang='grc' dir='ltr'>προγινώσκων</span> <span class='ocrx_word' id='word_1_452' title='bbox 1271 4096 1364 4148; x_wconf 84' lang='grc' dir='ltr'>τοῦ</span> <span class='ocrx_word' id='word_1_453' title='bbox 1399 4097 1530 4149; x_wconf 79' lang='grc' dir='ltr'>ὑποο</span> 
     </span>
    </p>
   </div>
   <div class='ocr_carea' id='block_1_64' title="bbox 17 4186 1532 4260">
    <p class='ocr_par' dir='ltr' id='par_1_64' title="bbox 17 4186 1532 4260">
     <span class='ocr_line' id='line_1_64' title="bbox 17 4186 1532 4260; baseline -0.002 -17"><span class='ocrx_word' id='word_1_454' title='bbox 17 4191 128 4243; x_wconf 79' lang='grc' dir='ltr'><strong>θου</strong></span> <span class='ocrx_word' id='word_1_455' title='bbox 184 4188 290 4259; x_wconf 86' lang='grc' dir='ltr'>τὴν</span> <span class='ocrx_word' id='word_1_456' title='bbox 332 4187 580 4260; x_wconf 82' lang='grc' dir='ltr'>ὀλεθρίαν</span> <span class='ocrx_word' id='word_1_457' title='bbox 632 4186 896 4258; x_wconf 78' lang='grc' dir='ltr'>αΰξησιν·</span> <span class='ocrx_word' id='word_1_458' title='bbox 949 4189 1044 4240; x_wconf 73' lang='grc' dir='ltr'><strong>καὶ</strong></span> <span class='ocrx_word' id='word_1_459' title='bbox 1089 4187 1213 4258; x_wconf 77' lang='grc' dir='ltr'>ἅμα.</span> <span class='ocrx_word' id='word_1_460' title='bbox 1253 4187 1331 4258; x_wconf 80' lang='grc' dir='ltr'><strong>τῷ</strong></span> <span class='ocrx_word' id='word_1_461' title='bbox 1369 4188 1532 4258; x_wconf 76' lang='grc' dir='ltr'>φῦναι</span> 
     </span>
    </p>
   </div>
   <div class='ocr_carea' id='block_1_65' title="bbox 15 4277 1535 4352">
    <p class='ocr_par' dir='ltr' id='par_1_65' title="bbox 15 4277 1535 4349">
     <span class='ocr_line' id='line_1_65' title="bbox 15 4277 1535 4349; baseline -0.001 -16"><span class='ocrx_word' id='word_1_462' title='bbox 15 4280 185 4346; x_wconf 55' lang='lat' dir='ltr'><strong>nec»;</strong></span> <span class='ocrx_word' id='word_1_463' title='bbox 215 4279 313 4332; x_wconf 71' lang='grc' dir='ltr'><strong>καὶ</strong></span> <span class='ocrx_word' id='word_1_464' title='bbox 343 4277 600 4332; x_wconf 85' lang='grc' dir='ltr'>ἀνασπῶν</span> <span class='ocrx_word' id='word_1_465' title='bbox 632 4279 720 4331; x_wconf 83' lang='grc' dir='ltr'><strong>τὸν</strong></span> <span class='ocrx_word' id='word_1_466' title='bbox 742 4278 960 4348; x_wconf 78' lang='grc' dir='ltr'>ἐτέρους</span> <span class='ocrx_word' id='word_1_467' title='bbox 989 4278 1238 4349; x_wconf 78' lang='grc' dir='ltr'>ἀνασπᾷν</span> <span class='ocrx_word' id='word_1_468' title='bbox 1273 4279 1535 4349; x_wconf 79' lang='grc' dir='ltr'>μέλλοντα</span> 
     </span>
    </p>
   </div>
   <div class='ocr_carea' id='block_1_66' title="bbox 12 4369 1534 4444">
    <p class='ocr_par' dir='ltr' id='par_1_66' title="bbox 12 4369 1534 4444">
     <span class='ocr_line' id='line_1_66' title="bbox 12 4369 1534 4444; baseline -0.001 -18"><span class='ocrx_word' id='word_1_469' title='bbox 12 4378 193 4444; x_wconf 57' lang='lat' dir='ltr'><strong>ipsa:</strong></span> <span class='ocrx_word' id='word_1_470' title='bbox 218 4371 318 4425; x_wconf 76' lang='grc' dir='ltr'><strong>καὶ</strong></span> <span class='ocrx_word' id='word_1_471' title='bbox 341 4371 600 4440; x_wconf 83' lang='grc' dir='ltr'>δόγμασιν</span> <span class='ocrx_word' id='word_1_472' title='bbox 622 4369 896 4434; x_wconf 82' lang='grc' dir='ltr'>ἀπωλείας</span> <span class='ocrx_word' id='word_1_473' title='bbox 916 4387 929 4399; x_wconf 85' lang='grc'><strong>·</strong></span> <span class='ocrx_word' id='word_1_474' title='bbox 952 4369 984 4440; x_wconf 81' lang='grc' dir='ltr'>ἢ</span> <span class='ocrx_word' id='word_1_475' title='bbox 1015 4370 1102 4424; x_wconf 82' lang='grc' dir='ltr'><strong>διά</strong></span> <span class='ocrx_word' id='word_1_476' title='bbox 1125 4370 1187 4423; x_wconf 86' lang='grc' dir='ltr'>τὸ·</span> <span class='ocrx_word' id='word_1_477' title='bbox 1209 4370 1534 4442; x_wconf 80' lang='grc' dir='ltr'>κουφότερον</span> 
     </span>
    </p>
   </div>
   <div class='ocr_carea' id='block_1_67' title="bbox 15 4462 1528 4535">
    <p class='ocr_par' dir='ltr' id='par_1_67' title="bbox 15 4462 1528 4535">
     <span class='ocr_line' id='line_1_67' title="bbox 15 4462 1528 4535; baseline -0.003 -15"><span class='ocrx_word' id='word_1_478' title='bbox 15 4467 208 4520; x_wconf 79' lang='grc' dir='ltr'>ιέσθαι</span> <span class='ocrx_word' id='word_1_479' title='bbox 242 4463 322 4533; x_wconf 83' lang='grc' dir='ltr'>τῷ</span> <span class='ocrx_word' id='word_1_480' title='bbox 351 4463 730 4534; x_wconf 79' lang='grc' dir='ltr'>ἀναιρουμένῳ</span> <span class='ocrx_word' id='word_1_481' title='bbox 771 4462 868 4533; x_wconf 83' lang='grc' dir='ltr'>τὴν</span> <span class='ocrx_word' id='word_1_482' title='bbox 906 4463 1260 4535; x_wconf 73' lang='grc' dir='ltr'>ὀφειλομένην</span> <span class='ocrx_word' id='word_1_483' title='bbox 1298 4463 1406 4516; x_wconf 88' lang='grc' dir='ltr'><strong>τῶν</strong></span> <span class='ocrx_word' id='word_1_484' title='bbox 1441 4464 1528 4532; x_wconf 64' lang='grc' dir='ltr'><strong>βεα</strong></span> 
     </span>
    </p>
   </div>
   <div class='ocr_carea' id='block_1_68' title="bbox 16 4553 1536 4630">
    <p class='ocr_par' dir='ltr' id='par_1_68' title="bbox 16 4553 1536 4630">
     <span class='ocr_line' id='line_1_68' title="bbox 16 4553 1536 4630; baseline -0.003 -19"><span class='ocrx_word' id='word_1_485' title='bbox 16 4559 244 4630; x_wconf 81' lang='grc' dir='ltr'>›μένων</span> <span class='ocrx_word' id='word_1_486' title='bbox 277 4556 533 4626; x_wconf 84' lang='grc' dir='ltr'>μάστιγα.</span> <span class='ocrx_word' id='word_1_487' title='bbox 573 4556 635 4607; x_wconf 78' lang='lat' dir='ltr'><strong>Ol</strong></span> <span class='ocrx_word' id='word_1_488' title='bbox 671 4553 779 4625; x_wconf 79' lang='grc' dir='ltr'><strong>γὰρ</strong></span> <span class='ocrx_word' id='word_1_489' title='bbox 808 4553 1037 4608; x_wconf 78' lang='grc' dir='ltr'>ἐνταῦθα</span> <span class='ocrx_word' id='word_1_490' title='bbox 1062 4555 1161 4617; x_wconf 76' lang='grc' dir='ltr'>τὰς</span> <span class='ocrx_word' id='word_1_491' title='bbox 1185 4554 1412 4618; x_wconf 68' lang='grc' dir='ltr'>εὐθύνας</span> <span class='ocrx_word' id='word_1_492' title='bbox 1433 4556 1536 4609; x_wconf 81' lang='grc' dir='ltr'>ὑπ-</span> 
     </span>
    </p>
   </div>
   <div class='ocr_carea' id='block_1_69' title="bbox 22 4647 1529 4720">
    <p class='ocr_par' dir='ltr' id='par_1_69' title="bbox 22 4647 1529 4720">
     <span class='ocr_line' id='line_1_69' title="bbox 22 4647 1529 4720; baseline -0.003 -14"><span class='ocrx_word' id='word_1_493' title='bbox 22 4669 193 4716; x_wconf 80' lang='grc' dir='ltr'>ντες,</span> <span class='ocrx_word' id='word_1_494' title='bbox 228 4651 323 4703; x_wconf 74' lang='grc' dir='ltr'>καὶ</span> <span class='ocrx_word' id='word_1_495' title='bbox 353 4649 452 4719; x_wconf 79' lang='grc' dir='ltr'>τὴν</span> <span class='ocrx_word' id='word_1_496' title='bbox 475 4651 590 4701; x_wconf 78' lang='grc' dir='ltr'>ἐκεῖ</span> <span class='ocrx_word' id='word_1_497' title='bbox 610 4647 1094 4719; x_wconf 78' lang='grc' dir='ltr'>προαποτινούντες</span> <span class='ocrx_word' id='word_1_498' title='bbox 1121 4649 1256 4718; x_wconf 77' lang='grc'><strong>(15⁸)</strong></span> <span class='ocrx_word' id='word_1_499' title='bbox 1276 4666 1529 4720; x_wconf 86' lang='grc' dir='ltr'>ταμιευο-</span> 
     </span>
    </p>
   </div>
   <div class='ocr_carea' id='block_1_70' title="bbox 12 4739 1537 4815">
    <p class='ocr_par' dir='ltr' id='par_1_70' title="bbox 12 4739 1537 4815">
     <span class='ocr_line' id='line_1_70' title="bbox 12 4739 1537 4815; baseline 0.001 -20"><span class='ocrx_word' id='word_1_500' title='bbox 12 4762 124 4815; x_wconf 75' lang='grc' dir='ltr'>ιην</span> <span class='ocrx_word' id='word_1_501' title='bbox 171 4742 355 4812; x_wconf 84' lang='grc' dir='ltr'>δίκην,</span> <span class='ocrx_word' id='word_1_502' title='bbox 395 4741 739 4812; x_wconf 79' lang='grc' dir='ltr'>ἀμεθόδευτοι</span> <span class='ocrx_word' id='word_1_503' title='bbox 783 4739 998 4793; x_wconf 76' lang='grc' dir='ltr'>δοκοῦσί</span> <span class='ocrx_word' id='word_1_504' title='bbox 1033 4758 1121 4811; x_wconf 91' lang='grc' dir='ltr'><strong>μοι</strong></span> <span class='ocrx_word' id='word_1_505' title='bbox 1149 4741 1366 4796; x_wconf 74' lang='grc' dir='ltr'>ἔσεσθαι</span> <span class='ocrx_word' id='word_1_506' title='bbox 1398 4744 1537 4814; x_wconf 80' lang='grc' dir='ltr'>ὑπὲρ</span> 
     </span>
    </p>
   </div>
   <div class='ocr_carea' id='block_1_71' title="bbox 49 4824 1539 4906">
    <p class='ocr_par' dir='ltr' id='par_1_71' title="bbox 49 4824 1539 4906">
     <span class='ocr_line' id='line_1_71' title="bbox 49 4824 1539 4906; baseline -0.001 -18"><span class='ocrx_word' id='word_1_507' title='bbox 49 4833 502 4903; x_wconf 76' lang='grc' dir='ltr'>ἁπολελόγηνται</span> <span class='ocrx_word' id='word_1_508' title='bbox 524 4849 540 4865; x_wconf 82' lang='grc'><strong><em>⁸</em></strong></span> <span class='ocrx_word' id='word_1_509' title='bbox 573 4833 670 4906; x_wconf 81' lang='grc' dir='ltr'><strong>οὐχ</strong></span> <span class='ocrx_word' id='word_1_510' title='bbox 703 4831 840 4904; x_wconf 75' lang='grc' dir='ltr'>ὑπὲρ</span> <span class='ocrx_word' id='word_1_511' title='bbox 870 4824 944 4884; x_wconf 85' lang='grc' dir='ltr'>ὧν</span> <span class='ocrx_word' id='word_1_512' title='bbox 971 4832 1237 4903; x_wconf 76' lang='grc' dir='ltr'>διαφόρως</span> <span class='ocrx_word' id='word_1_513' title='bbox 1273 4834 1480 4887; x_wconf 86' lang='grc' dir='ltr'>ἀνεῖλεν</span> <span class='ocrx_word' id='word_1_514' title='bbox 1510 4837 1539 4887; x_wconf 85' lang='grc' dir='ltr'>ὁ</span> 
     </span>
    </p>
   </div>
   <div class='ocr_carea' id='block_1_72' title="bbox 10 4917 1536 4995">
    <p class='ocr_par' dir='ltr' id='par_1_72' title="bbox 10 4917 1536 4995">
     <span class='ocr_line' id='line_1_72' title="bbox 10 4917 1536 4995; baseline 0.001 -16"><span class='ocrx_word' id='word_1_515' title='bbox 10 4926 270 4995; x_wconf 69' lang='grc' dir='ltr'>ιιερόνος,</span> <span class='ocrx_word' id='word_1_516' title='bbox 303 4924 417 4979; x_wconf 82' lang='grc' dir='ltr'>ἀλλ’</span> <span class='ocrx_word' id='word_1_517' title='bbox 460 4924 599 4994; x_wconf 81' lang='grc' dir='ltr'>ὑπὲρ</span> <span class='ocrx_word' id='word_1_518' title='bbox 639 4917 699 4976; x_wconf 72' lang='grc' dir='ltr'>οὗ</span> <span class='ocrx_word' id='word_1_519' title='bbox 735 4927 827 4978; x_wconf 72' lang='grc' dir='ltr'><strong>καὶ</strong></span> <span class='ocrx_word' id='word_1_520' title='bbox 857 4923 926 4976; x_wconf 84' lang='grc' dir='ltr'>δι’</span> <span class='ocrx_word' id='word_1_521' title='bbox 957 4918 1017 4976; x_wconf 75' lang='grc' dir='ltr'>οὗ</span> <span class='ocrx_word' id='word_1_522' title='bbox 1047 4925 1145 4994; x_wconf 84' lang='grc' dir='ltr'>τὴν</span> <span class='ocrx_word' id='word_1_523' title='bbox 1176 4927 1270 4978; x_wconf 75' lang='grc' dir='ltr'>ἐπὶ</span> <span class='ocrx_word' id='word_1_524' title='bbox 1309 4925 1536 4980; x_wconf 79' lang='grc' dir='ltr'>θανάτου</span> 
     </span>
    </p>
   </div>
   <div class='ocr_carea' id='block_1_73' title="bbox 9 5014 1537 5089">
    <p class='ocr_par' dir='ltr' id='par_1_73' title="bbox 9 5014 1537 5089">
     <span class='ocr_line' id='line_1_73' title="bbox 9 5014 1537 5089; baseline 0 -19"><span class='ocrx_word' id='word_1_525' title='bbox 9 5020 160 5080; x_wconf 75' lang='grc' dir='ltr'>εἰως</span> <span class='ocrx_word' id='word_1_526' title='bbox 221 5017 509 5084; x_wconf 67' lang='grc' dir='ltr'>ἐπάγεται,</span> <span class='ocrx_word' id='word_1_527' title='bbox 570 5015 874 5086; x_wconf 78' lang='grc' dir='ltr'>Ὀφθαλμὸν</span> <span class='ocrx_word' id='word_1_528' title='bbox 913 5014 1022 5086; x_wconf 84' lang='grc' dir='ltr'><strong>γὰρ</strong></span> <span class='ocrx_word' id='word_1_529' title='bbox 1073 5018 1194 5069; x_wconf 77' lang='grc' dir='ltr'>ἀντὶ</span> <span class='ocrx_word' id='word_1_530' title='bbox 1234 5016 1537 5089; x_wconf 67' lang='grc' dir='ltr'>ὀφθαλμοῦ,</span> 
     </span>
    </p>
   </div>
   <div class='ocr_carea' id='block_1_74' title="bbox 8 5102 1542 5178">
    <p class='ocr_par' dir='ltr' id='par_1_74' title="bbox 8 5102 1542 5178">
     <span class='ocr_line' id='line_1_74' title="bbox 8 5102 1542 5178; baseline -0.001 -15"><span class='ocrx_word' id='word_1_531' title='bbox 8 5132 24 5163; x_wconf 78' lang='lat'><strong>-.</strong></span> <span class='ocrx_word' id='word_1_532' title='bbox 63 5109 276 5161; x_wconf 74' lang='grc' dir='ltr'>ὀδόντα</span> <span class='ocrx_word' id='word_1_533' title='bbox 300 5107 421 5160; x_wconf 56' lang='grc' dir='ltr'><strong>ἀντὶ⁸</strong></span> <span class='ocrx_word' id='word_1_534' title='bbox 451 5108 680 5170; x_wconf 77' lang='grc' dir='ltr'>ὀδόντος,</span> <span class='ocrx_word' id='word_1_535' title='bbox 711 5108 804 5159; x_wconf 73' lang='grc' dir='ltr'><strong>καὶ</strong></span> <span class='ocrx_word' id='word_1_536' title='bbox 830 5106 918 5159; x_wconf 78' lang='grc' dir='ltr'>τὸν</span> <span class='ocrx_word' id='word_1_537' title='bbox 942 5107 1198 5176; x_wconf 73' lang='grc' dir='ltr'>ἐκχέοντα</span> <span class='ocrx_word' id='word_1_538' title='bbox 1222 5102 1369 5178; x_wconf 76' lang='grc' dir='ltr'>αἷμα.</span> <span class='ocrx_word' id='word_1_539' title='bbox 1390 5109 1542 5162; x_wconf 86' lang='grc' dir='ltr'>ἀναι-</span> 
     </span>
    </p>
   </div>
   <div class='ocr_carea' id='block_1_75' title="bbox 4 5198 1008 5270">
    <p class='ocr_par' dir='ltr' id='par_1_75' title="bbox 4 5198 1008 5270">
     <span class='ocr_line' id='line_1_75' title="bbox 4 5198 1008 5270; baseline -0.004 -15"><span class='ocrx_word' id='word_1_540' title='bbox 4 5202 176 5255; x_wconf 77' lang='grc' dir='ltr'>’.σθαι</span> <span class='ocrx_word' id='word_1_541' title='bbox 203 5203 235 5254; x_wconf 88' lang='grc' dir='ltr'>ὁ</span> <span class='ocrx_word' id='word_1_542' title='bbox 263 5199 406 5262; x_wconf 86' lang='grc' dir='ltr'>θεῖος</span> <span class='ocrx_word' id='word_1_543' title='bbox 425 5198 793 5252; x_wconf 85' lang='grc' dir='ltr'>διακελεύεται</span> <span class='ocrx_word' id='word_1_544' title='bbox 827 5198 1008 5270; x_wconf 87' lang='grc' dir='ltr'>νόμος.</span> 
     </span>
    </p>
   </div>
   <div class='ocr_carea' id='block_1_76' title="bbox 1687 2529 3199 2618">
    <p class='ocr_par' dir='ltr' id='par_1_76' title="bbox 1687 2529 3199 2618">
     <span class='ocr_line' id='line_1_76' title="bbox 1687 2529 3199 2618; baseline -0.011 -17"><span class='ocrx_word' id='word_1_545' title='bbox 1687 2545 1947 2618; x_wconf 76' lang='lat' dir='ltr'><strong>Ignorant</strong></span> <span class='ocrx_word' id='word_1_546' title='bbox 2000 2551 2180 2598; x_wconf 90' lang='lat' dir='ltr'><strong>autem</strong></span> <span class='ocrx_word' id='word_1_547' title='bbox 2236 2555 2342 2594; x_wconf 88' lang='lat' dir='ltr'><strong>una</strong></span> <span class='ocrx_word' id='word_1_548' title='bbox 2392 2554 2516 2594; x_wconf 82' lang='lat' dir='ltr'><strong>cum</strong></span> <span class='ocrx_word' id='word_1_549' title='bbox 2565 2535 2884 2590; x_wconf 80' lang='lat' dir='ltr'><strong>hominibus</strong></span> <span class='ocrx_word' id='word_1_550' title='bbox 2926 2543 2979 2589; x_wconf 91' lang='lat' dir='ltr'><strong>et</strong></span> <span class='ocrx_word' id='word_1_551' title='bbox 3015 2529 3199 2602; x_wconf 78' lang='lat' dir='ltr'><strong>angeli</strong></span> 
     </span>
    </p>
   </div>
   <div class='ocr_carea' id='block_1_77' title="bbox 1616 2625 3192 2701">
    <p class='ocr_par' dir='ltr' id='par_1_77' title="bbox 1616 2625 3192 2701">
     <span class='ocr_line' id='line_1_77' title="bbox 1616 2625 3192 2701; baseline -0.013 -4"><span class='ocrx_word' id='word_1_552' title='bbox 1616 2656 1708 2697; x_wconf 91' lang='lat' dir='ltr'><strong>res</strong></span> <span class='ocrx_word' id='word_1_553' title='bbox 1768 2636 2025 2701; x_wconf 78' lang='lat' dir='ltr'><strong>futuras;</strong></span> <span class='ocrx_word' id='word_1_554' title='bbox 2088 2632 2263 2688; x_wconf 89' lang='lat' dir='ltr'><strong>solius</strong></span> <span class='ocrx_word' id='word_1_555' title='bbox 2306 2631 2452 2687; x_wconf 89' lang='lat' dir='ltr'><strong>enim</strong></span> <span class='ocrx_word' id='word_1_556' title='bbox 2501 2637 2704 2686; x_wconf 67' lang='lat' dir='ltr'><strong>sanctae</strong></span> <span class='ocrx_word' id='word_1_557' title='bbox 2754 2625 3038 2681; x_wconf 81' lang='lat' dir='ltr'><strong>Trinitatis</strong></span> <span class='ocrx_word' id='word_1_558' title='bbox 3085 2631 3192 2686; x_wconf 89' lang='lat' dir='ltr'><strong>est,</strong></span> 
     </span>
    </p>
   </div>
   <div class='ocr_carea' id='block_1_78' title="bbox 1620 2713 3195 2796">
    <p class='ocr_par' dir='ltr' id='par_1_78' title="bbox 1620 2713 3195 2796">
     <span class='ocr_line' id='line_1_78' title="bbox 1620 2713 3195 2796; baseline -0.011 -11"><span class='ocrx_word' id='word_1_559' title='bbox 1620 2728 1806 2785; x_wconf 89' lang='lat' dir='ltr'><strong>omnia</strong></span> <span class='ocrx_word' id='word_1_560' title='bbox 1840 2727 2042 2781; x_wconf 88' lang='lat' dir='ltr'><strong>habere</strong></span> <span class='ocrx_word' id='word_1_561' title='bbox 2088 2724 2334 2796; x_wconf 76' lang='lat' dir='ltr'><strong>cognita,</strong></span> <span class='ocrx_word' id='word_1_562' title='bbox 2364 2729 2422 2776; x_wconf 88' lang='lat' dir='ltr'><strong>et</strong></span> <span class='ocrx_word' id='word_1_563' title='bbox 2465 2718 2723 2790; x_wconf 70' lang='lat' dir='ltr'><strong>praescire</strong></span> <span class='ocrx_word' id='word_1_564' title='bbox 2764 2731 2827 2771; x_wconf 88' lang='lat' dir='ltr'><strong>ea</strong></span> <span class='ocrx_word' id='word_1_565' title='bbox 2859 2731 2979 2786; x_wconf 73' lang='lat' dir='ltr'><strong>qua:</strong></span> <span class='ocrx_word' id='word_1_566' title='bbox 3013 2713 3195 2769; x_wconf 81' lang='lat' dir='ltr'><strong>futura</strong></span> 
     </span>
    </p>
   </div>
   <div class='ocr_carea' id='block_1_79' title="bbox 1617 2804 3196 2879">
    <p class='ocr_par' dir='ltr' id='par_1_79' title="bbox 1617 2804 3196 2879">
     <span class='ocr_line' id='line_1_79' title="bbox 1617 2804 3196 2879; baseline -0.013 -1"><span class='ocrx_word' id='word_1_567' title='bbox 1617 2831 1767 2879; x_wconf 88' lang='lat' dir='ltr'><strong>sunt.</strong></span> <span class='ocrx_word' id='word_1_568' title='bbox 1796 2818 2108 2874; x_wconf 81' lang='lat' dir='ltr'><strong>Ministrant</strong></span> <span class='ocrx_word' id='word_1_569' title='bbox 2137 2804 2327 2870; x_wconf 86' lang='lat' dir='ltr'><strong>autem</strong></span> <span class='ocrx_word' id='word_1_570' title='bbox 2351 2821 2404 2868; x_wconf 88' lang='lat' dir='ltr'><strong>et</strong></span> <span class='ocrx_word' id='word_1_571' title='bbox 2429 2812 2556 2866; x_wconf 86' lang='lat' dir='ltr'><strong>huic</strong></span> <span class='ocrx_word' id='word_1_572' title='bbox 2596 2819 2650 2866; x_wconf 90' lang='lat' dir='ltr'><strong>et</strong></span> <span class='ocrx_word' id='word_1_573' title='bbox 2675 2809 2835 2865; x_wconf 90' lang='lat' dir='ltr'><strong>nobis</strong></span> <span class='ocrx_word' id='word_1_574' title='bbox 2871 2826 2885 2862; x_wconf 88' lang='lat'>:</span> <span class='ocrx_word' id='word_1_575' title='bbox 2913 2807 3038 2860; x_wconf 86' lang='lat' dir='ltr'><strong>huic</strong></span> <span class='ocrx_word' id='word_1_576' title='bbox 3067 2808 3196 2877; x_wconf 92' lang='lat' dir='ltr'><strong>qui-</strong></span> 
     </span>
    </p>
   </div>
   <div class='ocr_carea' id='block_1_80' title="bbox 1619 2893 3198 2976">
    <p class='ocr_par' dir='ltr' id='par_1_80' title="bbox 1619 2893 3198 2976">
     <span class='ocr_line' id='line_1_80' title="bbox 1619 2893 3198 2976; baseline -0.011 -10"><span class='ocrx_word' id='word_1_577' title='bbox 1619 2912 1766 2975; x_wconf 86' lang='lat' dir='ltr'><strong>dem,</strong></span> <span class='ocrx_word' id='word_1_578' title='bbox 1800 2915 1864 2962; x_wconf 90' lang='lat' dir='ltr'><strong>ut</strong></span> <span class='ocrx_word' id='word_1_579' title='bbox 1891 2920 2017 2976; x_wconf 86' lang='lat' dir='ltr'><strong>erga</strong></span> <span class='ocrx_word' id='word_1_580' title='bbox 2054 2904 2217 2959; x_wconf 84' lang='lat' dir='ltr'><strong>Deum</strong></span> <span class='ocrx_word' id='word_1_581' title='bbox 2249 2917 2345 2972; x_wconf 81' lang='lat' dir='ltr'><strong>par</strong></span> <span class='ocrx_word' id='word_1_582' title='bbox 2374 2908 2480 2964; x_wconf 85' lang='lat' dir='ltr'><strong>est,</strong></span> <span class='ocrx_word' id='word_1_583' title='bbox 2518 2898 2858 2961; x_wconf 70' lang='lat' dir='ltr'><strong>servientes;</strong></span> <span class='ocrx_word' id='word_1_584' title='bbox 2879 2893 3038 2949; x_wconf 87' lang='lat' dir='ltr'><strong>nobis</strong></span> <span class='ocrx_word' id='word_1_585' title='bbox 3070 2909 3198 2948; x_wconf 90' lang='lat' dir='ltr'><strong>vero</strong></span> 
     </span>
    </p>
   </div>
   <div class='ocr_carea' id='block_1_81' title="bbox 1622 2985 3199 3074">
    <p class='ocr_par' dir='ltr' id='par_1_81' title="bbox 1622 2985 3199 3074">
     <span class='ocr_line' id='line_1_81' title="bbox 1622 2985 3199 3074; baseline -0.011 -19"><span class='ocrx_word' id='word_1_586' title='bbox 1622 3006 1948 3074; x_wconf 71' lang='lat' dir='ltr'><strong>praestantes</strong></span> <span class='ocrx_word' id='word_1_587' title='bbox 1989 3011 2052 3050; x_wconf 89' lang='lat' dir='ltr'><strong>ea</strong></span> <span class='ocrx_word' id='word_1_588' title='bbox 2083 3009 2205 3065; x_wconf 66' lang='lat' dir='ltr'><strong>qua:</strong></span> <span class='ocrx_word' id='word_1_589' title='bbox 2238 2993 2305 3047; x_wconf 89' lang='lat' dir='ltr'><strong>ad</strong></span> <span class='ocrx_word' id='word_1_590' title='bbox 2350 2993 2582 3046; x_wconf 87' lang='lat' dir='ltr'><strong>salutem</strong></span> <span class='ocrx_word' id='word_1_591' title='bbox 2628 2988 2800 3046; x_wconf 85' lang='lat' dir='ltr'><strong>nostri</strong></span> <span class='ocrx_word' id='word_1_592' title='bbox 2833 2985 3199 3042; x_wconf 84' lang='lat' dir='ltr'><strong>certoconsi-</strong></span> 
     </span>
    </p>
   </div>
   <div class='ocr_carea' id='block_1_82' title="bbox 1624 3079 3202 3160">
    <p class='ocr_par' dir='ltr' id='par_1_82' title="bbox 1624 3079 3202 3160">
     <span class='ocr_line' id='line_1_82' title="bbox 1624 3079 3202 3160; baseline -0.009 -14"><span class='ocrx_word' id='word_1_593' title='bbox 1624 3094 1697 3148; x_wconf 87' lang='lat' dir='ltr'><strong>lio</strong></span> <span class='ocrx_word' id='word_1_594' title='bbox 1742 3091 1877 3160; x_wconf 89' lang='lat' dir='ltr'><strong>ipsis</strong></span> <span class='ocrx_word' id='word_1_595' title='bbox 1908 3090 1978 3144; x_wconf 88' lang='lat' dir='ltr'><strong>ab</strong></span> <span class='ocrx_word' id='word_1_596' title='bbox 2008 3103 2070 3143; x_wconf 89' lang='lat' dir='ltr'><strong>ea</strong></span> <span class='ocrx_word' id='word_1_597' title='bbox 2112 3084 2467 3141; x_wconf 85' lang='lat' dir='ltr'><strong>mandantur.</strong></span> <span class='ocrx_word' id='word_1_598' title='bbox 2505 3081 2691 3152; x_wconf 84' lang='lat' dir='ltr'><strong>itaque</strong></span> <span class='ocrx_word' id='word_1_599' title='bbox 2739 3079 3035 3136; x_wconf 82' lang='lat' dir='ltr'><strong>nonnullos</strong></span> <span class='ocrx_word' id='word_1_600' title='bbox 3080 3092 3202 3152; x_wconf 88' lang='lat' dir='ltr'><strong>pro-</strong></span> 
     </span>
    </p>
   </div>
   <div class='ocr_carea' id='block_1_83' title="bbox 1628 3172 3199 3258">
    <p class='ocr_par' dir='ltr' id='par_1_83' title="bbox 1628 3172 3199 3258">
     <span class='ocr_line' id='line_1_83' title="bbox 1628 3172 3199 3258; baseline -0.01 -17"><span class='ocrx_word' id='word_1_601' title='bbox 1628 3195 1746 3258; x_wconf 90' lang='lat' dir='ltr'><strong>pter</strong></span> <span class='ocrx_word' id='word_1_602' title='bbox 1774 3181 2035 3240; x_wconf 84' lang='lat' dir='ltr'><strong>malitiam</strong></span> <span class='ocrx_word' id='word_1_603' title='bbox 2069 3182 2124 3234; x_wconf 92' lang='lat' dir='ltr'><strong>in</strong></span> <span class='ocrx_word' id='word_1_604' title='bbox 2156 3194 2261 3250; x_wconf 90' lang='lat' dir='ltr'><strong>qua</strong></span> <span class='ocrx_word' id='word_1_605' title='bbox 2290 3178 2476 3232; x_wconf 89' lang='lat' dir='ltr'><strong>nullus</strong></span> <span class='ocrx_word' id='word_1_606' title='bbox 2506 3172 2880 3230; x_wconf 84' lang='lat' dir='ltr'><strong>emendationi</strong></span> <span class='ocrx_word' id='word_1_607' title='bbox 2905 3172 3060 3226; x_wconf 90' lang='lat' dir='ltr'><strong>locus</strong></span> <span class='ocrx_word' id='word_1_608' title='bbox 3095 3182 3199 3234; x_wconf 80' lang='lat' dir='ltr'><strong>est,</strong></span> 
     </span>
    </p>
   </div>
   <div class='ocr_carea' id='block_1_84' title="bbox 1629 3266 3202 3354">
    <p class='ocr_par' dir='ltr' id='par_1_84' title="bbox 1629 3266 3202 3354">
     <span class='ocr_line' id='line_1_84' title="bbox 1629 3266 3202 3354; baseline -0.011 -20"><span class='ocrx_word' id='word_1_609' title='bbox 1629 3279 1926 3354; x_wconf 90' lang='lat' dir='ltr'><strong>perimunt,</strong></span> <span class='ocrx_word' id='word_1_610' title='bbox 1950 3291 2017 3330; x_wconf 91' lang='lat' dir='ltr'><strong>ne</strong></span> <span class='ocrx_word' id='word_1_611' title='bbox 2042 3273 2273 3344; x_wconf 80' lang='lat' dir='ltr'><strong>proximi</strong></span> <span class='ocrx_word' id='word_1_612' title='bbox 2301 3271 2504 3342; x_wconf 89' lang='lat' dir='ltr'><strong>quique</strong></span> <span class='ocrx_word' id='word_1_613' title='bbox 2538 3267 2798 3340; x_wconf 86' lang='lat' dir='ltr'><strong>perniciei</strong></span> <span class='ocrx_word' id='word_1_614' title='bbox 2835 3266 3202 3337; x_wconf 89' lang='lat' dir='ltr'><strong>implicentur,</strong></span> 
     </span>
    </p>
   </div>
   <div class='ocr_carea' id='block_1_85' title="bbox 1625 3361 3206 3442">
    <p class='ocr_par' dir='ltr' id='par_1_85' title="bbox 1625 3361 3206 3442">
     <span class='ocr_line' id='line_1_85' title="bbox 1625 3361 3206 3442; baseline -0.008 -16"><span class='ocrx_word' id='word_1_615' title='bbox 1625 3380 1683 3426; x_wconf 92' lang='lat' dir='ltr'><strong>ut</strong></span> <span class='ocrx_word' id='word_1_616' title='bbox 1715 3368 2015 3442; x_wconf 86' lang='lat' dir='ltr'><strong>prudentes</strong></span> <span class='ocrx_word' id='word_1_617' title='bbox 2043 3363 2238 3420; x_wconf 90' lang='lat' dir='ltr'><strong>medici</strong></span> <span class='ocrx_word' id='word_1_618' title='bbox 2283 3363 2483 3427; x_wconf 88' lang='lat' dir='ltr'><strong>solent,</strong></span> <span class='ocrx_word' id='word_1_619' title='bbox 2515 3361 2632 3432; x_wconf 89' lang='lat' dir='ltr'><strong>qui,</strong></span> <span class='ocrx_word' id='word_1_620' title='bbox 2659 3369 2951 3428; x_wconf 87' lang='lat' dir='ltr'><strong>antequam</strong></span> <span class='ocrx_word' id='word_1_621' title='bbox 2988 3374 3085 3430; x_wconf 91' lang='lat' dir='ltr'><strong>per</strong></span> <span class='ocrx_word' id='word_1_622' title='bbox 3120 3366 3206 3414; x_wconf 82' lang='lat' dir='ltr'><strong>to-</strong></span> 
     </span>
    </p>
   </div>
   <div class='ocr_carea' id='block_1_86' title="bbox 1624 3450 3207 3533">
    <p class='ocr_par' dir='ltr' id='par_1_86' title="bbox 1624 3450 3207 3533">
     <span class='ocr_line' id='line_1_86' title="bbox 1624 3450 3207 3533; baseline -0.009 -13"><span class='ocrx_word' id='word_1_623' title='bbox 1624 3473 1738 3520; x_wconf 90' lang='lat' dir='ltr'><strong>tum</strong></span> <span class='ocrx_word' id='word_1_624' title='bbox 1767 3477 1972 3533; x_wconf 90' lang='lat' dir='ltr'><strong>corpus</strong></span> <span class='ocrx_word' id='word_1_625' title='bbox 1999 3457 2342 3515; x_wconf 81' lang='lat' dir='ltr'><strong>dlllutidatur</strong></span> <span class='ocrx_word' id='word_1_626' title='bbox 2379 3453 2556 3508; x_wconf 91' lang='lat' dir='ltr'><strong>morbi</strong></span> <span class='ocrx_word' id='word_1_627' title='bbox 2590 3453 2806 3516; x_wconf 84' lang='lat' dir='ltr'><strong>vitium,</strong></span> <span class='ocrx_word' id='word_1_628' title='bbox 2841 3450 3088 3504; x_wconf 87' lang='lat' dir='ltr'><strong>cauterio</strong></span> <span class='ocrx_word' id='word_1_629' title='bbox 3114 3459 3207 3505; x_wconf 89' lang='lat' dir='ltr'><strong>aut</strong></span> 
     </span>
    </p>
   </div>
   <div class='ocr_carea' id='block_1_87' title="bbox 1630 3543 3211 3623">
    <p class='ocr_par' dir='ltr' id='par_1_87' title="bbox 1630 3543 3211 3623">
     <span class='ocr_line' id='line_1_87' title="bbox 1630 3543 3211 3623; baseline -0.012 -9"><span class='ocrx_word' id='word_1_630' title='bbox 1630 3558 1882 3616; x_wconf 88' lang='lat' dir='ltr'><strong>sectione</strong></span> <span class='ocrx_word' id='word_1_631' title='bbox 1911 3554 2174 3623; x_wconf 89' lang='lat' dir='ltr'><strong>impetum</strong></span> <span class='ocrx_word' id='word_1_632' title='bbox 2204 3549 2326 3619; x_wconf 89' lang='lat' dir='ltr'><strong>ejus</strong></span> <span class='ocrx_word' id='word_1_633' title='bbox 2361 3552 2669 3617; x_wconf 75' lang='lat' dir='ltr'><strong>amputant.</strong></span> <span class='ocrx_word' id='word_1_634' title='bbox 2694 3544 2754 3598; x_wconf 86' lang='lat' dir='ltr'><strong>1d</strong></span> <span class='ocrx_word' id='word_1_635' title='bbox 2779 3543 2926 3614; x_wconf 89' lang='lat' dir='ltr'><strong>quod</strong></span> <span class='ocrx_word' id='word_1_636' title='bbox 2961 3543 3030 3597; x_wconf 90' lang='lat' dir='ltr'><strong>ab</strong></span> <span class='ocrx_word' id='word_1_637' title='bbox 3058 3547 3211 3614; x_wconf 86' lang='lat' dir='ltr'><strong>agri-</strong></span> 
     </span>
    </p>
   </div>
   <div class='ocr_carea' id='block_1_88' title="bbox 1626 3636 3207 3706">
    <p class='ocr_par' dir='ltr' id='par_1_88' title="bbox 1626 3636 3207 3706">
     <span class='ocr_line' id='line_1_88' title="bbox 1626 3636 3207 3706; baseline -0.01 0"><span class='ocrx_word' id='word_1_638' title='bbox 1626 3650 1764 3706; x_wconf 89' lang='lat' dir='ltr'><strong>colis</strong></span> <span class='ocrx_word' id='word_1_639' title='bbox 1797 3649 1961 3704; x_wconf 89' lang='lat' dir='ltr'><strong>etiam</strong></span> <span class='ocrx_word' id='word_1_640' title='bbox 1994 3644 2242 3702; x_wconf 91' lang='lat' dir='ltr'><strong>studiose</strong></span> <span class='ocrx_word' id='word_1_641' title='bbox 2268 3641 2614 3702; x_wconf 82' lang='lat' dir='ltr'><strong>observatur,</strong></span> <span class='ocrx_word' id='word_1_642' title='bbox 2651 3645 2711 3692; x_wconf 93' lang='lat' dir='ltr'><strong>ut</strong></span> <span class='ocrx_word' id='word_1_643' title='bbox 2763 3652 2888 3693; x_wconf 84' lang='lat' dir='ltr'><strong>mox</strong></span> <span class='ocrx_word' id='word_1_644' title='bbox 2921 3636 2975 3691; x_wconf 87' lang='lat' dir='ltr'><strong>in</strong></span> <span class='ocrx_word' id='word_1_645' title='bbox 3011 3644 3207 3692; x_wconf 75' lang='lat' dir='ltr'><strong>exortu</strong></span> 
     </span>
    </p>
   </div>
   <div class='ocr_carea' id='block_1_89' title="bbox 1629 3729 3210 3796">
    <p class='ocr_par' dir='ltr' id='par_1_89' title="bbox 1629 3729 3210 3796">
     <span class='ocr_line' id='line_1_89' title="bbox 1629 3729 3210 3796; baseline -0.008 0"><span class='ocrx_word' id='word_1_646' title='bbox 1629 3741 1801 3796; x_wconf 88' lang='lat' dir='ltr'><strong>malas</strong></span> <span class='ocrx_word' id='word_1_647' title='bbox 1855 3738 2056 3793; x_wconf 85' lang='lat' dir='ltr'><strong>herbas</strong></span> <span class='ocrx_word' id='word_1_648' title='bbox 2108 3733 2416 3795; x_wconf 84' lang='lat' dir='ltr'><strong>eradicent,</strong></span> <span class='ocrx_word' id='word_1_649' title='bbox 2448 3747 2515 3787; x_wconf 88' lang='lat' dir='ltr'><strong>ne</strong></span> <span class='ocrx_word' id='word_1_650' title='bbox 2571 3729 2709 3785; x_wconf 78' lang='lat' dir='ltr'><strong>forte</strong></span> <span class='ocrx_word' id='word_1_651' title='bbox 2757 3730 2922 3784; x_wconf 92' lang='lat' dir='ltr'><strong>simul</strong></span> <span class='ocrx_word' id='word_1_652' title='bbox 2971 3736 3112 3784; x_wconf 62' lang='lat' dir='ltr'><strong>nata:</strong></span> <span class='ocrx_word' id='word_1_653' title='bbox 3155 3737 3210 3784; x_wconf 87' lang='lat' dir='ltr'><strong>et</strong></span> 
     </span>
    </p>
   </div>
   <div class='ocr_carea' id='block_1_90' title="bbox 1631 3821 3212 3894">
    <p class='ocr_par' dir='ltr' id='par_1_90' title="bbox 1631 3821 3212 3894">
     <span class='ocr_line' id='line_1_90' title="bbox 1631 3821 3212 3894; baseline -0.009 -5"><span class='ocrx_word' id='word_1_654' title='bbox 1631 3847 1851 3890; x_wconf 85' lang='lat' dir='ltr'><strong>sursum</strong></span> <span class='ocrx_word' id='word_1_655' title='bbox 1887 3830 2198 3890; x_wconf 83' lang='lat' dir='ltr'><strong>tendentes,</strong></span> <span class='ocrx_word' id='word_1_656' title='bbox 2236 3826 2483 3880; x_wconf 88' lang='lat' dir='ltr'><strong>triticum</strong></span> <span class='ocrx_word' id='word_1_657' title='bbox 2522 3823 2854 3894; x_wconf 80' lang='lat' dir='ltr'><strong>Opprimant.</strong></span> <span class='ocrx_word' id='word_1_658' title='bbox 2890 3821 2998 3876; x_wconf 88' lang='lat' dir='ltr'><strong>Sed</strong></span> <span class='ocrx_word' id='word_1_659' title='bbox 3047 3831 3102 3876; x_wconf 92' lang='lat' dir='ltr'><strong>et</strong></span> <span class='ocrx_word' id='word_1_660' title='bbox 3133 3821 3212 3875; x_wconf 87' lang='lat' dir='ltr'><strong>vi-</strong></span> 
     </span>
    </p>
   </div>
   <div class='ocr_carea' id='block_1_91' title="bbox 1631 3909 3212 3978">
    <p class='ocr_par' dir='ltr' id='par_1_91' title="bbox 1631 3909 3212 3978">
     <span class='ocr_line' id='line_1_91' title="bbox 1631 3909 3212 3978; baseline -0.009 0"><span class='ocrx_word' id='word_1_661' title='bbox 1631 3925 1838 3978; x_wconf 89' lang='lat' dir='ltr'><strong>nitores</strong></span> <span class='ocrx_word' id='word_1_662' title='bbox 1868 3920 2094 3975; x_wconf 88' lang='lat' dir='ltr'><strong>herbam</strong></span> <span class='ocrx_word' id='word_1_663' title='bbox 2145 3917 2288 3971; x_wconf 88' lang='lat' dir='ltr'><strong>vites</strong></span> <span class='ocrx_word' id='word_1_664' title='bbox 2328 3909 2709 3978; x_wconf 74' lang='lat' dir='ltr'><strong>sull‘ocantem,</strong></span> <span class='ocrx_word' id='word_1_665' title='bbox 2738 3912 2864 3966; x_wconf 82' lang='lat' dir='ltr'><strong>dum</strong></span> <span class='ocrx_word' id='word_1_666' title='bbox 2918 3909 3096 3966; x_wconf 87' lang='lat' dir='ltr'><strong>adhuc</strong></span> <span class='ocrx_word' id='word_1_667' title='bbox 3137 3920 3212 3964; x_wconf 52' lang='lat' dir='ltr'><strong>te-</strong></span> 
     </span>
    </p>
   </div>
   <div class='ocr_carea' id='block_1_92' title="bbox 1632 4004 3209 4082">
    <p class='ocr_par' dir='ltr' id='par_1_92' title="bbox 1632 4004 3209 4082">
     <span class='ocr_line' id='line_1_92' title="bbox 1632 4004 3209 4082; baseline -0.01 -10"><span class='ocrx_word' id='word_1_668' title='bbox 1632 4033 1764 4072; x_wconf 87' lang='lat' dir='ltr'><strong>nera</strong></span> <span class='ocrx_word' id='word_1_669' title='bbox 1798 4022 1904 4078; x_wconf 90' lang='lat' dir='ltr'><strong>est,</strong></span> <span class='ocrx_word' id='word_1_670' title='bbox 1962 4022 2255 4082; x_wconf 84' lang='lat' dir='ltr'><strong>antequam</strong></span> <span class='ocrx_word' id='word_1_671' title='bbox 2299 4009 2406 4062; x_wconf 82' lang='lat' dir='ltr'><strong>viti</strong></span> <span class='ocrx_word' id='word_1_672' title='bbox 2450 4023 2572 4062; x_wconf 89' lang='lat' dir='ltr'><strong>sese</strong></span> <span class='ocrx_word' id='word_1_673' title='bbox 2611 4005 2884 4077; x_wconf 60' lang='lat' dir='ltr'><strong>implicet,~</strong></span> <span class='ocrx_word' id='word_1_674' title='bbox 2919 4004 3209 4066; x_wconf 73' lang='lat' dir='ltr'><strong>revellunt,</strong></span> 
     </span>
    </p>
   </div>
   <div class='ocr_carea' id='block_1_93' title="bbox 1634 4094 3214 4166">
    <p class='ocr_par' dir='ltr' id='par_1_93' title="bbox 1634 4094 3214 4166">
     <span class='ocr_line' id='line_1_93' title="bbox 1634 4094 3214 4166; baseline -0.009 -5"><span class='ocrx_word' id='word_1_675' title='bbox 1634 4115 1730 4161; x_wconf 86' lang='lat' dir='ltr'><strong>aut</strong></span> <span class='ocrx_word' id='word_1_676' title='bbox 1761 4106 1902 4160; x_wconf 88' lang='lat' dir='ltr'><strong>falce</strong></span> <span class='ocrx_word' id='word_1_677' title='bbox 1935 4112 2208 4166; x_wconf 86' lang='lat' dir='ltr'><strong>resecant,</strong></span> <span class='ocrx_word' id='word_1_678' title='bbox 2232 4118 2301 4158; x_wconf 90' lang='lat' dir='ltr'><strong>ne</strong></span> <span class='ocrx_word' id='word_1_679' title='bbox 2337 4115 2441 4155; x_wconf 84' lang='lat' dir='ltr'><strong>uva</strong></span> <span class='ocrx_word' id='word_1_680' title='bbox 2475 4099 2738 4154; x_wconf 70' lang='lat' dir='ltr'><strong>laedatur-</strong></span> <span class='ocrx_word' id='word_1_681' title='bbox 2760 4095 2874 4152; x_wconf 84' lang='lat' dir='ltr'><strong>Hoc</strong></span> <span class='ocrx_word' id='word_1_682' title='bbox 2896 4103 2950 4151; x_wconf 91' lang='lat' dir='ltr'><strong>et</strong></span> <span class='ocrx_word' id='word_1_683' title='bbox 2975 4094 3214 4166; x_wconf 83' lang='lat' dir='ltr'><strong>agricola</strong></span> 
     </span>
    </p>
   </div>
   <div class='ocr_carea' id='block_1_94' title="bbox 1636 4185 3213 4254">
    <p class='ocr_par' dir='ltr' id='par_1_94' title="bbox 1636 4185 3213 4254">
     <span class='ocr_line' id='line_1_94' title="bbox 1636 4185 3213 4254; baseline -0.007 -2"><span class='ocrx_word' id='word_1_684' title='bbox 1636 4199 1727 4254; x_wconf 92' lang='lat' dir='ltr'><strong>ille</strong></span> <span class='ocrx_word' id='word_1_685' title='bbox 1774 4205 1979 4252; x_wconf 81' lang='lat' dir='ltr'><strong>nostrae</strong></span> <span class='ocrx_word' id='word_1_686' title='bbox 2014 4203 2225 4250; x_wconf 76' lang='lat' dir='ltr'><strong>natura:</strong></span> <span class='ocrx_word' id='word_1_687' title='bbox 2271 4201 2327 4248; x_wconf 90' lang='lat' dir='ltr'><strong>et</strong></span> <span class='ocrx_word' id='word_1_688' title='bbox 2361 4190 2618 4246; x_wconf 78' lang='lat' dir='ltr'><strong>Ecclesia:</strong></span> <span class='ocrx_word' id='word_1_689' title='bbox 2654 4189 2858 4242; x_wconf 89' lang='lat' dir='ltr'><strong>vinitor</strong></span> <span class='ocrx_word' id='word_1_690' title='bbox 2894 4185 3076 4242; x_wconf 81' lang='lat' dir='ltr'><strong>facere</strong></span> <span class='ocrx_word' id='word_1_691' title='bbox 3121 4201 3213 4241; x_wconf 90' lang='lat' dir='ltr'><strong>so-</strong></span> 
     </span>
    </p>
   </div>
   <div class='ocr_carea' id='block_1_95' title="bbox 1638 4276 3214 4356">
    <p class='ocr_par' dir='ltr' id='par_1_95' title="bbox 1638 4276 3214 4356">
     <span class='ocr_line' id='line_1_95' title="bbox 1638 4276 3214 4356; baseline -0.008 -13"><span class='ocrx_word' id='word_1_692' title='bbox 1638 4289 1731 4343; x_wconf 91' lang='lat' dir='ltr'><strong>let.</strong></span> <span class='ocrx_word' id='word_1_693' title='bbox 1775 4286 2087 4342; x_wconf 69' lang='lat' dir='ltr'><strong>Praavidens</strong></span> <span class='ocrx_word' id='word_1_694' title='bbox 2108 4285 2230 4354; x_wconf 90' lang='lat' dir='ltr'><strong>ejus</strong></span> <span class='ocrx_word' id='word_1_695' title='bbox 2261 4283 2354 4356; x_wconf 91' lang='lat' dir='ltr'><strong>qui</strong></span> <span class='ocrx_word' id='word_1_696' title='bbox 2394 4281 2573 4335; x_wconf 86' lang='lat' dir='ltr'><strong>adhuc</strong></span> <span class='ocrx_word' id='word_1_697' title='bbox 2607 4280 2823 4335; x_wconf 85' lang='lat' dir='ltr'><strong>lactens</strong></span> <span class='ocrx_word' id='word_1_698' title='bbox 2857 4277 2924 4332; x_wconf 87' lang='lat' dir='ltr'><strong>ab</strong></span> <span class='ocrx_word' id='word_1_699' title='bbox 2951 4276 3214 4332; x_wconf 80' lang='lat' dir='ltr'><strong>uberibus</strong></span> 
     </span>
    </p>
   </div>
   <div class='ocr_carea' id='block_1_96' title="bbox 1638 4369 3213 4454">
    <p class='ocr_par' dir='ltr' id='par_1_96' title="bbox 1638 4369 3213 4454">
     <span class='ocr_line' id='line_1_96' title="bbox 1638 4369 3213 4454; baseline -0.009 -17"><span class='ocrx_word' id='word_1_700' title='bbox 1638 4382 1866 4454; x_wconf 84' lang='lat' dir='ltr'><strong>pendet,</strong></span> <span class='ocrx_word' id='word_1_701' title='bbox 1918 4378 2286 4450; x_wconf 87' lang='lat' dir='ltr'><strong>perniciosum</strong></span> <span class='ocrx_word' id='word_1_702' title='bbox 2334 4376 2772 4438; x_wconf 86' lang='lat' dir='ltr'><strong>incrementum,</strong></span> <span class='ocrx_word' id='word_1_703' title='bbox 2816 4369 3040 4426; x_wconf 83' lang='lat' dir='ltr'><strong>interim</strong></span> <span class='ocrx_word' id='word_1_704' title='bbox 3083 4369 3213 4424; x_wconf 86' lang='lat' dir='ltr'><strong>dum</strong></span> 
     </span>
    </p>
   </div>
   <div class='ocr_carea' id='block_1_97' title="bbox 1637 4464 3213 4539">
    <p class='ocr_par' dir='ltr' id='par_1_97' title="bbox 1637 4464 3213 4539">
     <span class='ocr_line' id='line_1_97' title="bbox 1637 4464 3213 4539; baseline -0.008 -9"><span class='ocrx_word' id='word_1_705' title='bbox 1637 4475 1860 4539; x_wconf 87' lang='lat' dir='ltr'><strong>crescit,</strong></span> <span class='ocrx_word' id='word_1_706' title='bbox 1885 4472 2127 4528; x_wconf 88' lang='lat' dir='ltr'><strong>eradicat</strong></span> <span class='ocrx_word' id='word_1_707' title='bbox 2159 4479 2212 4527; x_wconf 90' lang='lat' dir='ltr'><strong>et</strong></span> <span class='ocrx_word' id='word_1_708' title='bbox 2251 4471 2433 4526; x_wconf 88' lang='lat' dir='ltr'><strong>evellit</strong></span> <span class='ocrx_word' id='word_1_709' title='bbox 2461 4484 2592 4524; x_wconf 86' lang='lat' dir='ltr'><strong>eum</strong></span> <span class='ocrx_word' id='word_1_710' title='bbox 2626 4466 2720 4535; x_wconf 80' lang='lat' dir='ltr'><strong>qui</strong></span> <span class='ocrx_word' id='word_1_711' title='bbox 2752 4465 2897 4520; x_wconf 85' lang='lat' dir='ltr'><strong>alios.</strong></span> <span class='ocrx_word' id='word_1_712' title='bbox 2918 4464 3213 4518; x_wconf 82' lang='lat' dir='ltr'><strong>evulsurus</strong></span> 
     </span>
    </p>
   </div>
   <div class='ocr_carea' id='block_1_98' title="bbox 1638 4557 3218 4634">
    <p class='ocr_par' dir='ltr' id='par_1_98' title="bbox 1638 4557 3218 4634">
     <span class='ocr_line' id='line_1_98' title="bbox 1638 4557 3218 4634; baseline -0.007 -16"><span class='ocrx_word' id='word_1_713' title='bbox 1638 4577 1755 4618; x_wconf 87' lang='lat' dir='ltr'><strong>erat</strong></span> <span class='ocrx_word' id='word_1_714' title='bbox 1781 4581 1876 4634; x_wconf 90' lang='lat' dir='ltr'><strong>per</strong></span> <span class='ocrx_word' id='word_1_715' title='bbox 1897 4578 2062 4634; x_wconf 89' lang='lat' dir='ltr'><strong>opera</strong></span> <span class='ocrx_word' id='word_1_716' title='bbox 2093 4571 2147 4618; x_wconf 90' lang='lat' dir='ltr'><strong>et</strong></span> <span class='ocrx_word' id='word_1_717' title='bbox 2177 4561 2457 4618; x_wconf 90' lang='lat' dir='ltr'><strong>doctrinas</strong></span> <span class='ocrx_word' id='word_1_718' title='bbox 2479 4559 2747 4615; x_wconf 79' lang='lat' dir='ltr'><strong>exitiales.</strong></span> <span class='ocrx_word' id='word_1_719' title='bbox 2779 4557 2885 4610; x_wconf 86' lang='lat' dir='ltr'><strong>Aut</strong></span> <span class='ocrx_word' id='word_1_720' title='bbox 2907 4564 3218 4626; x_wconf 82' lang='lat' dir='ltr'><strong>propterea,</strong></span> 
     </span>
    </p>
   </div>
   <div class='ocr_carea' id='block_1_99' title="bbox 1645 4649 3216 4725">
    <p class='ocr_par' dir='ltr' id='par_1_99' title="bbox 1645 4649 3216 4725">
     <span class='ocr_line' id='line_1_99' title="bbox 1645 4649 3216 4725; baseline -0.007 -14"><span class='ocrx_word' id='word_1_721' title='bbox 1645 4665 1704 4711; x_wconf 89' lang='lat' dir='ltr'><strong>ut</strong></span> <span class='ocrx_word' id='word_1_722' title='bbox 1727 4659 1798 4711; x_wconf 91' lang='lat' dir='ltr'><strong>sit</strong></span> <span class='ocrx_word' id='word_1_723' title='bbox 1830 4656 2004 4711; x_wconf 89' lang='lat' dir='ltr'><strong>levius</strong></span> <span class='ocrx_word' id='word_1_724' title='bbox 2043 4656 2164 4725; x_wconf 91' lang='lat' dir='ltr'><strong>ipso</strong></span> <span class='ocrx_word' id='word_1_725' title='bbox 2191 4655 2410 4709; x_wconf 78' lang='lat' dir='ltr'><strong>sublato</strong></span> <span class='ocrx_word' id='word_1_726' title='bbox 2448 4652 2724 4724; x_wconf 77' lang='lat' dir='ltr'><strong>ﬂagellum</strong></span> <span class='ocrx_word' id='word_1_727' title='bbox 2754 4650 2878 4705; x_wconf 88' lang='lat' dir='ltr'><strong>aliis</strong></span> <span class='ocrx_word' id='word_1_728' title='bbox 2904 4649 2974 4702; x_wconf 93' lang='lat' dir='ltr'><strong>ob</strong></span> <span class='ocrx_word' id='word_1_729' title='bbox 3003 4663 3065 4702; x_wconf 88' lang='lat' dir='ltr'><strong>ea</strong></span> <span class='ocrx_word' id='word_1_730' title='bbox 3094 4662 3216 4717; x_wconf 72' lang='lat' dir='ltr'><strong>qua:</strong></span> 
     </span>
    </p>
   </div>
   <div class='ocr_carea' id='block_1_100' title="bbox 1645 4740 3228 4821">
    <p class='ocr_par' dir='ltr' id='par_1_100' title="bbox 1645 4740 3228 4821">
     <span class='ocr_line' id='line_1_100' title="bbox 1645 4740 3228 4821; baseline -0.009 -17"><span class='ocrx_word' id='word_1_731' title='bbox 1645 4753 1699 4806; x_wconf 90' lang='lat' dir='ltr'><strong>in</strong></span> <span class='ocrx_word' id='word_1_732' title='bbox 1731 4750 1842 4804; x_wconf 90' lang='lat' dir='ltr'><strong>vita</strong></span> <span class='ocrx_word' id='word_1_733' title='bbox 1881 4748 2267 4821; x_wconf 83' lang='lat' dir='ltr'><strong>designarunt,</strong></span> <span class='ocrx_word' id='word_1_734' title='bbox 2297 4747 2577 4809; x_wconf 83' lang='lat' dir='ltr'><strong>debitum;</strong></span> <span class='ocrx_word' id='word_1_735' title='bbox 2609 4758 2732 4797; x_wconf 85' lang='lat' dir='ltr'><strong>nam</strong></span> <span class='ocrx_word' id='word_1_736' title='bbox 2767 4741 2858 4812; x_wconf 85' lang='lat' dir='ltr'><strong>qui</strong></span> <span class='ocrx_word' id='word_1_737' title='bbox 2908 4740 2996 4795; x_wconf 89' lang='lat' dir='ltr'><strong>hic</strong></span> <span class='ocrx_word' id='word_1_738' title='bbox 3027 4753 3228 4810; x_wconf 65' lang='lat' dir='ltr'><strong>plenas.</strong></span> 
     </span>
    </p>
   </div>
   <div class='ocr_carea' id='block_1_101' title="bbox 1645 4831 3217 4912">
    <p class='ocr_par' dir='ltr' id='par_1_101' title="bbox 1645 4831 3217 4912">
     <span class='ocr_line' id='line_1_101' title="bbox 1645 4831 3217 4912; baseline -0.01 -12"><span class='ocrx_word' id='word_1_739' title='bbox 1645 4845 1904 4910; x_wconf 85' lang='lat' dir='ltr'><strong>subeunt,</strong></span> <span class='ocrx_word' id='word_1_740' title='bbox 1935 4851 1991 4898; x_wconf 89' lang='lat' dir='ltr'><strong>et</strong></span> <span class='ocrx_word' id='word_1_741' title='bbox 2043 4857 2258 4912; x_wconf 69' lang='lat' dir='ltr'><strong>poenam</strong></span> <span class='ocrx_word' id='word_1_742' title='bbox 2296 4840 2494 4895; x_wconf 65' lang='lat' dir='ltr'><strong>futurae</strong></span> <span class='ocrx_word' id='word_1_743' title='bbox 2534 4837 2659 4892; x_wconf 71' lang='lat' dir='ltr'><strong>vitae</strong></span> <span class='ocrx_word' id='word_1_744' title='bbox 2693 4835 3085 4908; x_wconf 76' lang='lat' dir='ltr'><strong>prtevenientes</strong></span> <span class='ocrx_word' id='word_1_745' title='bbox 3123 4831 3217 4885; x_wconf 83' lang='lat' dir='ltr'><strong>de—</strong></span> 
     </span>
    </p>
   </div>
   <div class='ocr_carea' id='block_1_102' title="bbox 1649 4920 3217 5003">
    <p class='ocr_par' dir='ltr' id='par_1_102' title="bbox 1649 4920 3217 5003">
     <span class='ocr_line' id='line_1_102' title="bbox 1649 4920 3217 5003; baseline -0.006 -19"><span class='ocrx_word' id='word_1_746' title='bbox 1649 4932 1914 5003; x_wconf 89' lang='lat' dir='ltr'><strong>pendunt,</strong></span> <span class='ocrx_word' id='word_1_747' title='bbox 1952 4931 2006 4984; x_wconf 89' lang='lat' dir='ltr'><strong>iu</strong></span> <span class='ocrx_word' id='word_1_748' title='bbox 2034 4946 2135 4985; x_wconf 86' lang='lat' dir='ltr'><strong>eos</strong></span> <span class='ocrx_word' id='word_1_749' title='bbox 2171 4929 2302 4983; x_wconf 87' lang='lat' dir='ltr'><strong>mihi</strong></span> <span class='ocrx_word' id='word_1_750' title='bbox 2336 4928 2548 4982; x_wconf 86' lang='lat' dir='ltr'><strong>videtur</strong></span> <span class='ocrx_word' id='word_1_751' title='bbox 2580 4942 2687 4979; x_wconf 89' lang='lat' dir='ltr'><strong>non</strong></span> <span class='ocrx_word' id='word_1_752' title='bbox 2728 4923 2960 4993; x_wconf 84' lang='lat' dir='ltr'><strong>amplius</strong></span> <span class='ocrx_word' id='word_1_753' title='bbox 2994 4920 3217 4990; x_wconf 49' lang='lat' dir='ltr'><strong>inquisip</strong></span> 
     </span>
    </p>
   </div>
   <div class='ocr_carea' id='block_1_103' title="bbox 1651 5019 3218 5097">
    <p class='ocr_par' dir='ltr' id='par_1_103' title="bbox 1651 5019 3218 5097">
     <span class='ocr_line' id='line_1_103' title="bbox 1651 5019 3218 5097; baseline -0.009 -16"><span class='ocrx_word' id='word_1_754' title='bbox 1651 5038 1762 5081; x_wconf 91' lang='lat' dir='ltr'><strong>tum</strong></span> <span class='ocrx_word' id='word_1_755' title='bbox 1789 5026 1856 5081; x_wconf 93' lang='lat' dir='ltr'><strong>iri</strong></span> <span class='ocrx_word' id='word_1_756' title='bbox 1885 5041 2052 5097; x_wconf 89' lang='lat' dir='ltr'><strong>super</strong></span> <span class='ocrx_word' id='word_1_757' title='bbox 2082 5026 2150 5080; x_wconf 88' lang='lat' dir='ltr'><strong>iis</strong></span> <span class='ocrx_word' id='word_1_758' title='bbox 2177 5025 2244 5080; x_wconf 91' lang='lat' dir='ltr'><strong>dc</strong></span> <span class='ocrx_word' id='word_1_759' title='bbox 2271 5024 2472 5093; x_wconf 88' lang='lat' dir='ltr'><strong>quibus</strong></span> <span class='ocrx_word' id='word_1_760' title='bbox 2502 5019 2889 5076; x_wconf 83' lang='lat' dir='ltr'><strong>satisfecerunt</strong></span> <span class='ocrx_word' id='word_1_761' title='bbox 2919 5034 2932 5069; x_wconf 90' lang='lat'><strong>:</strong></span> <span class='ocrx_word' id='word_1_762' title='bbox 2966 5030 3073 5069; x_wconf 89' lang='lat' dir='ltr'><strong>non</strong></span> <span class='ocrx_word' id='word_1_763' title='bbox 3101 5029 3218 5084; x_wconf 79' lang='lat' dir='ltr'><strong>pro-</strong></span> 
     </span>
    </p>
   </div>
   <div class='ocr_carea' id='block_1_104' title="bbox 1649 5105 3226 5188">
    <p class='ocr_par' dir='ltr' id='par_1_104' title="bbox 1649 5105 3226 5188">
     <span class='ocr_line' id='line_1_104' title="bbox 1649 5105 3226 5188; baseline -0.006 -18"><span class='ocrx_word' id='word_1_764' title='bbox 1649 5126 1768 5187; x_wconf 87' lang='lat' dir='ltr'><strong>pter</strong></span> <span class='ocrx_word' id='word_1_765' title='bbox 1795 5133 1859 5173; x_wconf 90' lang='lat' dir='ltr'><strong>ea</strong></span> <span class='ocrx_word' id='word_1_766' title='bbox 1892 5131 2014 5188; x_wconf 75' lang='lat' dir='ltr'><strong>quat</strong></span> <span class='ocrx_word' id='word_1_767' title='bbox 2060 5116 2206 5170; x_wconf 87' lang='lat' dir='ltr'><strong>varie</strong></span> <span class='ocrx_word' id='word_1_768' title='bbox 2246 5111 2520 5168; x_wconf 89' lang='lat' dir='ltr'><strong>commisit</strong></span> <span class='ocrx_word' id='word_1_769' title='bbox 2576 5109 2872 5172; x_wconf 77' lang='lat' dir='ltr'><strong>homicida,</strong></span> <span class='ocrx_word' id='word_1_770' title='bbox 2919 5107 3012 5163; x_wconf 84' lang='lat' dir='ltr'><strong>sed</strong></span> <span class='ocrx_word' id='word_1_771' title='bbox 3051 5107 3121 5160; x_wconf 92' lang='lat' dir='ltr'><strong>ob</strong></span> <span class='ocrx_word' id='word_1_772' title='bbox 3163 5105 3226 5160; x_wconf 82' lang='lat' dir='ltr'><strong>id</strong></span> 
     </span>
    </p>
   </div>
   <div class='ocr_carea' id='block_1_105' title="bbox 1651 5199 3212 5279">
    <p class='ocr_par' dir='ltr' id='par_1_105' title="bbox 1651 5199 3212 5279">
     <span class='ocr_line' id='line_1_105' title="bbox 1651 5199 3212 5279; baseline -0.007 -17"><span class='ocrx_word' id='word_1_773' title='bbox 1651 5209 1808 5279; x_wconf 90' lang='lat' dir='ltr'><strong>cujus</strong></span> <span class='ocrx_word' id='word_1_774' title='bbox 1835 5224 2001 5264; x_wconf 89' lang='lat' dir='ltr'><strong>causa</strong></span> <span class='ocrx_word' id='word_1_775' title='bbox 2033 5224 2242 5263; x_wconf 18' lang='lat' dir='ltr'><strong>recens.</strong></span> <span class='ocrx_word' id='word_1_776' title='bbox 2272 5205 2564 5261; x_wconf 81' lang='lat' dir='ltr'><strong>damnatus</strong></span> <span class='ocrx_word' id='word_1_777' title='bbox 2596 5203 2670 5258; x_wconf 86' lang='lat' dir='ltr'><strong>ad</strong></span> <span class='ocrx_word' id='word_1_778' title='bbox 2700 5211 2930 5255; x_wconf 79' lang='lat' dir='ltr'><strong>mortem</strong></span> <span class='ocrx_word' id='word_1_779' title='bbox 2975 5199 3212 5264; x_wconf 86' lang='lat' dir='ltr'><strong>ducitur,</strong></span> 
     </span>
    </p>
   </div>
   <div class='ocr_carea' id='block_1_106' title="bbox 36 5293 3223 5375">
    <p class='ocr_par' dir='ltr' id='par_1_106' title="bbox 36 5293 3223 5375">
     <span class='ocr_line' id='line_1_106' title="bbox 36 5293 3223 5375; baseline 0.001 -25"><span class='ocrx_word' id='word_1_780' title='bbox 36 5295 291 5351; x_wconf 86' lang='lat' dir='ltr'><strong>oculum</strong></span> <span class='ocrx_word' id='word_1_781' title='bbox 339 5294 536 5364; x_wconf 84' lang='lat' dir='ltr'><strong>pendat</strong></span> <span class='ocrx_word' id='word_1_782' title='bbox 579 5309 676 5364; x_wconf 90' lang='lat' dir='ltr'><strong>pro</strong></span> <span class='ocrx_word' id='word_1_783' title='bbox 707 5293 890 5358; x_wconf 89' lang='lat' dir='ltr'><strong>oculo,</strong></span> <span class='ocrx_word' id='word_1_784' title='bbox 933 5294 1149 5350; x_wconf 87' lang='lat' dir='ltr'><strong>dentem</strong></span> <span class='ocrx_word' id='word_1_785' title='bbox 1179 5311 1277 5366; x_wconf 91' lang='lat' dir='ltr'><strong>pro</strong></span> <span class='ocrx_word' id='word_1_786' title='bbox 1312 5296 1473 5354; x_wconf 82' lang='lat' dir='ltr'><strong>dente</strong></span> <span class='ocrx_word' id='word_1_787' title='bbox 1505 5319 1518 5354; x_wconf 89' lang='lat'>:</span> <span class='ocrx_word' id='word_1_788' title='bbox 1547 5301 1675 5358; x_wconf 90' lang='lat' dir='ltr'><strong>item</strong></span> <span class='ocrx_word' id='word_1_789' title='bbox 1711 5313 1770 5360; x_wconf 91' lang='lat' dir='ltr'><strong>ut</strong></span> <span class='ocrx_word' id='word_1_790' title='bbox 1803 5306 1896 5360; x_wconf 88' lang='lat' dir='ltr'><strong>ille</strong></span> <span class='ocrx_word' id='word_1_791' title='bbox 1945 5305 2037 5375; x_wconf 89' lang='lat' dir='ltr'><strong>qui</strong></span> <span class='ocrx_word' id='word_1_792' title='bbox 2076 5304 2393 5375; x_wconf 81' lang='lat' dir='ltr'><strong>sanguinem</strong></span> <span class='ocrx_word' id='word_1_793' title='bbox 2442 5300 2654 5363; x_wconf 82' lang='lat' dir='ltr'><strong>ell’udit,</strong></span> <span class='ocrx_word' id='word_1_794' title='bbox 2704 5296 3223 5363; x_wconf 66' lang='lat' dir='ltr'><strong>intertieiatur,le1</strong></span> 
     </span>
    </p>
   </div>
   <div class='ocr_carea' id='block_1_107' title="bbox 2 5389 458 5460">
    <p class='ocr_par' dir='ltr' id='par_1_107' title="bbox 2 5389 458 5460">
     <span class='ocr_line' id='line_1_107' title="bbox 2 5389 458 5460; baseline -0.011 -12"><span class='ocrx_word' id='word_1_795' title='bbox 2 5396 149 5448; x_wconf 57' lang='lat' dir='ltr'><strong>rina</strong></span> <span class='ocrx_word' id='word_1_796' title='bbox 188 5389 458 5460; x_wconf 66' lang='lat' dir='ltr'><strong>praecipit.</strong></span> 
     </span>
    </p>
   </div>
   <div class='ocr_carea' id='block_1_108' title="bbox 0 5481 1533 5558">
    <p class='ocr_par' dir='ltr' id='par_1_108' title="bbox 0 5481 1533 5558">
     <span class='ocr_line' id='line_1_108' title="bbox 0 5481 1533 5558; baseline 0.002 -20"><span class='ocrx_word' id='word_1_797' title='bbox 0 5483 146 5538; x_wconf 71' lang='grc' dir='ltr'><strong>Καὶ</strong></span> <span class='ocrx_word' id='word_1_798' title='bbox 178 5482 243 5534; x_wconf 83' lang='grc' dir='ltr'><strong>τὸ</strong></span> <span class='ocrx_word' id='word_1_799' title='bbox 277 5481 354 5552; x_wconf 81' lang='grc' dir='ltr'>μὴ</span> <span class='ocrx_word' id='word_1_800' title='bbox 382 5481 542 5534; x_wconf 78' lang='grc' dir='ltr'>πάλιν</span> <span class='ocrx_word' id='word_1_801' title='bbox 569 5481 764 5544; x_wconf 79' lang='grc' dir='ltr'>αὐτοὺς</span> <span class='ocrx_word' id='word_1_802' title='bbox 790 5483 1210 5554; x_wconf 79' lang='grc' dir='ltr'>ὲκτιμωρεῖσθαι</span> <span class='ocrx_word' id='word_1_803' title='bbox 1235 5485 1372 5558; x_wconf 78' lang='grc' dir='ltr'>ὑπὲρ</span> <span class='ocrx_word' id='word_1_804' title='bbox 1399 5488 1533 5541; x_wconf 80' lang='grc' dir='ltr'>ἑκεί-</span> 
     </span>
    </p>
   </div>
   <div class='ocr_carea' id='block_1_109' title="bbox 1717 5475 3227 5548">
    <p class='ocr_par' dir='ltr' id='par_1_109' title="bbox 1717 5475 3227 5548">
     <span class='ocr_line' id='line_1_109' title="bbox 1717 5475 3227 5548; baseline -0.007 -7"><span class='ocrx_word' id='word_1_805' title='bbox 1717 5487 1782 5541; x_wconf 83' lang='grc' dir='ltr'>Ει</span> <span class='ocrx_word' id='word_1_806' title='bbox 1819 5502 1886 5541; x_wconf 88' lang='lat' dir='ltr'><strong>ne</strong></span> <span class='ocrx_word' id='word_1_807' title='bbox 1925 5501 2116 5541; x_wconf 86' lang='lat' dir='ltr'><strong>rursus</strong></span> <span class='ocrx_word' id='word_1_808' title='bbox 2153 5480 2312 5538; x_wconf 84' lang='lat' dir='ltr'><strong>iidem</strong></span> <span class='ocrx_word' id='word_1_809' title='bbox 2345 5475 2951 5548; x_wconf 78' lang='lat' dir='ltr'><strong>alliciantur-supplicio</strong></span> <span class='ocrx_word' id='word_1_810' title='bbox 2995 5483 3227 5545; x_wconf 70' lang='lat' dir='ltr'><strong>propter</strong></span> 
     </span>
    </p>
   </div>
   <div class='ocr_carea' id='block_1_110' title="bbox 0 5643 1512 5717">
    <p class='ocr_par' dir='ltr' id='par_1_110' title="bbox 0 5643 1478 5717">
     <span class='ocr_line' id='line_1_110' title="bbox 0 5643 1478 5717; baseline 0.006 -18"><span class='ocrx_word' id='word_1_811' title='bbox 0 5647 66 5684; x_wconf 74' lang='grc' dir='ltr'><strong><em>η</em></strong></span> <span class='ocrx_word' id='word_1_812' title='bbox 118 5643 282 5700; x_wconf 67' lang='lat' dir='ltr'><strong>Iuda:</strong></span> <span class='ocrx_word' id='word_1_813' title='bbox 327 5661 381 5710; x_wconf 65' lang='grc' dir='ltr'>γ,</span> <span class='ocrx_word' id='word_1_814' title='bbox 415 5644 472 5701; x_wconf 88' lang='lat'><strong>6.</strong></span> <span class='ocrx_word' id='word_1_815' title='bbox 545 5647 593 5680; x_wconf 78' lang='grc' dir='ltr'><strong>³ο</strong></span> <span class='ocrx_word' id='word_1_816' title='bbox 625 5645 822 5703; x_wconf 86' lang='lat' dir='ltr'><strong>thes.</strong></span> <span class='ocrx_word' id='word_1_817' title='bbox 861 5663 902 5714; x_wconf 89' lang='grc' dir='ltr'><strong>ι,</strong></span> <span class='ocrx_word' id='word_1_818' title='bbox 931 5647 1036 5717; x_wconf 73' lang='lat'><strong>21;</strong></span> <span class='ocrx_word' id='word_1_819' title='bbox 1073 5649 1284 5707; x_wconf 90' lang='lat' dir='ltr'><strong>Coloss.</strong></span> <span class='ocrx_word' id='word_1_820' title='bbox 1317 5669 1355 5717; x_wconf 84' lang='grc' dir='ltr'><strong>ι,</strong></span> <span class='ocrx_word' id='word_1_821' title='bbox 1393 5653 1478 5708; x_wconf 81' lang='grc'><strong>16.</strong></span> 
     </span>
    </p>
   </div>
   <div class='ocr_carea' id='block_1_111' title="bbox 1624 5643 2014 5717">
    <p class='ocr_par' dir='ltr' id='par_1_111' title="bbox 1641 5647 2014 5713">
     <span class='ocr_line' id='line_1_111' title="bbox 1641 5647 2014 5713; baseline -0.016 -7"><span class='ocrx_word' id='word_1_822' title='bbox 1641 5651 1745 5706; x_wconf 87' lang='lat' dir='ltr'><strong>lsa.</strong></span> <span class='ocrx_word' id='word_1_823' title='bbox 1783 5664 1896 5713; x_wconf 77' lang='lat' dir='ltr'><strong>xw,</strong></span> <span class='ocrx_word' id='word_1_824' title='bbox 1929 5647 2014 5702; x_wconf 71' lang='lat'><strong>19..</strong></span> 
     </span>
    </p>
   </div>
   <div class='ocr_carea' id='block_1_112' title="bbox 0 5806 1556 5879">
    <p class='ocr_par' dir='ltr' id='par_1_112' title="bbox 0 5806 1556 5879">
     <span class='ocr_line' id='line_1_112' title="bbox 0 5806 1556 5879; baseline 0.003 -16"><span class='ocrx_word' id='word_1_825' title='bbox 0 5819 16 5872; x_wconf 76' lang='grc' dir='ltr'><strong>ι</strong></span> <span class='ocrx_word' id='word_1_826' title='bbox 37 5810 72 5863; x_wconf 77' lang='grc'><strong>1</strong></span> <span class='ocrx_word' id='word_1_827' title='bbox 89 5806 161 5879; x_wconf 84' lang='grc'>5)</span> <span class='ocrx_word' id='word_1_828' title='bbox 198 5807 348 5879; x_wconf 53' lang='grc' dir='ltr'><strong>’Υπᾼό</strong></span> <span class='ocrx_word' id='word_1_829' title='bbox 361 5806 670 5879; x_wconf 52' lang='grc' dir='ltr'>ςιεζεκιήλ.</span> <span class='ocrx_word' id='word_1_830' title='bbox 690 5807 872 5864; x_wconf 86' lang='lat' dir='ltr'><strong>Locus</strong></span> <span class='ocrx_word' id='word_1_831' title='bbox 889 5809 955 5863; x_wconf 87' lang='lat' dir='ltr'><strong>ab</strong></span> <span class='ocrx_word' id='word_1_832' title='bbox 972 5818 1197 5867; x_wconf 86' lang='lat' dir='ltr'><strong>auctore</strong></span> <span class='ocrx_word' id='word_1_833' title='bbox 1212 5813 1412 5868; x_wconf 88' lang='lat' dir='ltr'><strong>citatus</strong></span> <span class='ocrx_word' id='word_1_834' title='bbox 1431 5831 1556 5871; x_wconf 88' lang='lat' dir='ltr'><strong>non.</strong></span> 
     </span>
    </p>
   </div>
   <div class='ocr_carea' id='block_1_113' title="bbox 0 5877 1446 5956">
    <p class='ocr_par' dir='ltr' id='par_1_113' title="bbox 0 5877 1446 5956">
     <span class='ocr_line' id='line_1_113' title="bbox 0 5877 1446 5956; baseline 0.005 -21"><span class='ocrx_word' id='word_1_835' title='bbox 0 5877 157 5941; x_wconf 71' lang='lat' dir='ltr'><strong>atat</strong></span> <span class='ocrx_word' id='word_1_836' title='bbox 180 5877 328 5951; x_wconf 89' lang='lat' dir='ltr'><strong>apud</strong></span> <span class='ocrx_word' id='word_1_837' title='bbox 355 5877 715 5950; x_wconf 76' lang='lat' dir='ltr'><strong>Ezechielem,</strong></span> <span class='ocrx_word' id='word_1_838' title='bbox 741 5879 853 5938; x_wconf 69' lang='lat' dir='ltr'><strong>sed</strong></span> <span class='ocrx_word' id='word_1_839' title='bbox 865 5879 1062 5952; x_wconf 82' lang='lat' dir='ltr'><strong>legitur</strong></span> <span class='ocrx_word' id='word_1_840' title='bbox 1093 5882 1196 5940; x_wconf 88' lang='lat' dir='ltr'><strong>lsa.</strong></span> <span class='ocrx_word' id='word_1_841' title='bbox 1219 5899 1329 5956; x_wconf 68' lang='lat' dir='ltr'><strong>xxv,</strong></span> <span class='ocrx_word' id='word_1_842' title='bbox 1361 5885 1446 5942; x_wconf 75' lang='grc'><strong>12.</strong></span> 
     </span>
    </p>
   </div>
   <div class='ocr_carea' id='block_1_114' title="bbox 1643 5803 3220 5940">
    <p class='ocr_par' dir='ltr' id='par_1_114' title="bbox 1643 5803 3220 5940">
     <span class='ocr_line' id='line_1_114' title="bbox 1643 5803 3220 5940; baseline -0.003 -72"><span class='ocrx_word' id='word_1_843' title='bbox 1643 5884 1684 5940; x_wconf 74' lang='grc' dir='ltr'>Ε</span> <span class='ocrx_word' id='word_1_844' title='bbox 1715 5813 1849 5884; x_wconf 73' lang='grc' dir='ltr'><strong>(ιδ’)</strong></span> <span class='ocrx_word' id='word_1_845' title='bbox 1902 5807 2470 5882; x_wconf 76' lang='grc' dir='ltr'>Προαποτινοῦντες,</span> <span class='ocrx_word' id='word_1_846' title='bbox 2503 5805 2666 5864; x_wconf 82' lang='lat' dir='ltr'><strong>Forte</strong></span> <span class='ocrx_word' id='word_1_847' title='bbox 2711 5803 3220 5878; x_wconf 72' lang='grc' dir='ltr'>προαποτιννύντες.</span> 
     </span>
     <span class='ocr_line' id='line_1_115' title="bbox 1687 5900 1802 5940; baseline -0.017 0"><span class='ocrx_word' id='word_1_848' title='bbox 1687 5900 1802 5940; x_wconf 69' lang='lat' dir='ltr'><strong>nix.</strong></span> 
     </span>
    </p>
   </div>
   <div class='ocr_carea' id='block_1_115' title="bbox 1687 5900 1802 5941">
    <p class='ocr_par' dir='ltr' id='par_1_115' title="bbox 1687 5900 1802 5941">
     <span class='ocr_line' id='line_1_116' title="bbox 1687 5900 1802 5941; baseline -0.026 0"><span class='ocrx_word' id='word_1_849' title='bbox 1687 5900 1802 5941; x_wconf 61' lang='grc' dir='ltr'>Ωιτ.</span> 
     </span>
    </p>
   </div>
  </div>
