3818 6508
654 432 760 486 913

656 553 845 610 eadem
879 551 1094 613 delicta,
1132 556 1318 620 aperte
1346 549 1586 605 dicitur:
1622 547 1744 605 Non
1778 552 1946 621 capiet
1974 550 2223 604 ultionem

659 648 917 703 Dominus
946 646 1023 700 bis
1052 644 1114 700 de
1149 644 1327 700 eodem
1344 645 1410 701 δ’.
1441 644 1628 715 Neque
1659 647 1802 700 enim
1832 645 1934 699 hoc
1962 641 2104 713 apud
2126 658 2228 698 nos

655 753 871 810 aequum
910 746 1019 803 est,
1059 737 1162 793 sub
1203 736 1418 792 duobus
1443 736 1721 806 iudicibus
1768 734 1949 805 puniri
1989 734 2225 804 aliquem

656 844 835 885 reum.
876 827 1011 882 Nam
1055 829 1179 882 dum
1215 827 1297 880 hic
1322 825 1651 896 iudicamur,
1675 841 1708 878 a
1738 823 1959 877 Domino
1995 824 2227 893 castiga-

658 937 799 984 mur,
843 936 904 973 ne
937 935 1053 972 cum
1104 919 1296 971 mundo
1339 918 1648 971 damnemur
1669 915 1737 969 ⁸³.
1775 914 1839 968 Ει
1867 914 2100 969 eximius
2144 915 2229 967 in-

659 991 778 1083 quit
811 1011 1107 1081 Apostolus
1139 1027 1152 1063 :
1183 1009 1347 1075 Quem
1387 1007 1561 1077 diligit
1593 1007 1846 1061 Dominus
1902 1006 2145 1076 castigat,
2178 1013 2229 1059 et

660 1082 878 1171 corripit
929 1118 1130 1156 omnem
1177 1101 1348 1172 ﬁlium
1388 1118 1539 1172 quem
1576 1102 1794 1170 suscipit
1817 1100 1883 1153 “.
1928 1097 2047 1154 Non
2090 1098 2229 1153 alios

663 1193 881 1264 quidem
910 1192 1162 1263 suscipit,
1194 1193 1329 1248 alios
1357 1208 1486 1247 vero
1515 1192 1730 1262 reiicit;
1763 1190 1857 1248 sed
1889 1190 1980 1244 alii
2009 1189 2227 1261 quidem

664 1283 775 1348 hic,
811 1283 903 1337 alii
951 1299 1076 1338 vero
1116 1284 1227 1339 illic
1269 1283 1326 1339 id
1376 1282 1602 1350 faciunt,
1658 1283 1982 1355 recipientes
2026 1284 2226 1354 ipsum,

664 1381 759 1428 aut
803 1373 1155 1444 repudiantes
1188 1389 1283 1446 per
1321 1374 1437 1444 ipsa
1484 1373 1762 1428 mandata.
1805 1371 1923 1427 Non
1957 1372 2100 1427 enim
2141 1371 2229 1426 via

663 1466 810 1536 regia
851 1479 1073 1521 causam
1099 1467 1301 1537 praebet
1328 1466 1731 1522 oﬂendentibus
1765 1474 1860 1519 aut
1885 1464 2227 1530 cadentibus,

663 1558 758 1613 sed
804 1558 1018 1627 ipsimet
1051 1557 1179 1613 dum
1215 1558 1390 1614 oculis
1429 1559 1925 1629 circumvagantur,
1960 1563 2015 1612 et
2042 1556 2230 1611 incau—

663 1643 738 1703 tis
769 1647 1000 1717 pedibus
1036 1648 1315 1704 incedunt.
1344 1647 1565 1703 Tollunt
1594 1647 1761 1719 igitur
1787 1647 1959 1718 angeli
2000 1661 2098 1703 eos
2136 1645 2228 1715 qui

662 1736 722 1792 in
758 1738 963 1792 malitia
993 1749 1362 1809 perseverant,
1405 1745 1732 1794 conservant
1755 1752 1884 1793 vero
1915 1752 2010 1794 eos
2042 1737 2134 1808 qui
2165 1736 2228 1790 ad

665 1827 920 1883 virtutem
958 1844 1080 1886 sese
1106 1839 1451 1886 convertunt.
1484 1829 1739 1900 Egressus
1800 1829 1943 1884 enim
1974 1837 2051 1884 est
2078 1844 2233 1898 ange-

665 1920 748 1975 lus
787 1920 995 1975 Domini
1015 1937 1080 1976 ea:
1114 1924 1326 1985 castris,
1356 1932 1404 1977 et
1432 1922 1695 1992 interfecit
1729 1932 1936 1978 centum
1962 1921 2226 1992 octoginta

664 2012 889 2081 quinque
938 2013 1107 2067 millia
1156 2014 1571 2084 alienigenarum
1591 2013 1658 2079 ⁸⁵,
1714 2012 1970 2085 inquiunt
2016 2011 2234 2068 Littera:

663 2117 856 2158 sacrae.
892 2104 1027 2159 item
1086 2105 1311 2175 angelus
1347 2104 1633 2162 sull‘ocavit
1677 2104 2033 2176 primogenita
2066 2102 2235 2176 Egy-

664 2195 765 2266 pti.
797 2194 862 2248 Et
898 2197 1138 2266 ,angelus
1174 2197 1505 2268 impediebat
1536 2195 1929 2265 profectionem
1966 2195 2232 2259 Balaami,

662 2284 846 2339 euntis
893 2284 961 2338 ad
1005 2283 1316 2351 Balaacum,
1349 2296 1407 2340 ut
1435 2285 1601 2342 Israel
1633 2294 2042 2355 exsecraretur,
2074 2302 2233 2358 quem

664 2374 756 2429 ubi
813 2377 1098 2446 conspexit
1140 2377 1472 2448 iumentum,
1530 2377 1677 2449 quod
1739 2381 1917 2449 ipsum
1958 2379 2233 2450 portabat,

666 2474 812 2522 metu
845 2469 1289 2537 perhorrescens,
1314 2472 1582 2536 substitit,
1623 2473 1863 2527 humana
1886 2488 2019 2528 voce
2053 2481 2238 2529 vecto-

666 2578 781 2619 rem
831 2564 1252 2634 reprehendens.
1294 2565 1593 2622 Michaelus
1642 2567 2003 2638 archangelus
2043 2567 2109 2623 ad
2149 2565 2239 2622 Je-

666 2669 787 2711 sum
823 2655 969 2713 Nave
994 2657 1159 2713 lilium
1206 2659 1479 2727 mittitur;
1510 2659 1797 2716 Gabrielus
1831 2662 1896 2717 ad
1931 2660 2236 2726 Danielum,

558 2768 565 2779 ί
668 2753 729 2800 ιιι
750 2747 1199 2817 interpretaretur
1222 2749 1272 2804 ei
1302 2750 1547 2815 somnia;
1581 2750 1649 2805 ad
1681 2749 2026 2816 Zachariam,
2059 2760 2118 2806 ut
2148 2766 2240 2806 an-

664 2839 945 2894 nuntiaret
966 2838 1191 2895 Joannis
1237 2841 1609 2909 nativitatem;
1644 2841 1713 2896 ad
1747 2850 1978 2898 matrem
2010 2851 2062 2898 et
2095 2858 2239 2899 sem-

665 2943 765 2999 per
807 2940 1116 2986 manentem
1161 2930 1428 3000 virginem
1467 2930 1720 3001 Mariam,
1764 2934 1832 2989 de
1857 2933 1954 2988 Dei
1982 2942 2038 2990 et
2073 2931 2238 2989 Verbi

665 3022 1066 3093 conceptione;
1110 3023 1178 3078 ad
1217 3023 1442 3080 Tobiam
1504 3023 1816 3097 Raphaelus
1861 3025 2119 3092 mittitur,
2169 3025 2239 3081 ad

558 3162 563 3163 ,
665 3113 996 3182 portandum
1050 3112 1171 3184 eius
1225 3130 1431 3185 peram,
1481 3127 1536 3171 et
1583 3112 1649 3171 ad
1700 3116 2072 3172 comitandum
2106 3131 2239 3187 qua-

666 3204 970 3260 tuordecim
996 3204 1135 3271 dies,
1160 3221 1493 3277 uxoremque
1514 3207 1807 3277 legitimam
1835 3205 2235 3277 copulandum;

665 3304 720 3351 et
771 3297 837 3351 ad
891 3296 1254 3368 separandum
1311 3299 1380 3353 ab
1423 3299 1772 3354 interfectore
1826 3297 2070 3354 daemone
2115 3312 2234 3353 eam

667 3401 789 3455 qua:
822 3386 941 3441 viro
963 3402 1056 3457 per
1085 3387 1264 3457 ipsum
1288 3387 1479 3458 iuncta
1515 3396 1654 3452 erat,
1689 3398 1744 3444 et
1777 3388 1845 3443 ad
1879 3387 2235 3460 aperiendum

666 3479 856 3534 oculos
889 3493 1081 3534 socero
1107 3495 1340 3550 sponsae,
1383 3481 1667 3536 volucrum
1707 3496 1950 3538 stercore
1981 3491 2234 3546 caecatos,

667 3578 723 3625 et
753 3586 1012 3642 expressa
1052 3574 1218 3643 piscis
1256 3574 1363 3629 bile
1398 3574 1702 3629 restitutos.
1744 3573 1850 3629 Sed
1884 3580 1940 3628 et
1975 3573 2081 3627 alia
2113 3572 2237 3643 plu-

667 3661 807 3715 rima
843 3663 1160 3733 angelorum
1203 3665 1451 3720 invenies
1483 3666 1810 3731 ministeria,
1852 3665 1905 3719 in
1941 3665 2240 3721 Abrahami

665 3753 801 3819 vita,
833 3760 886 3809 et
932 3756 1119 3817 Mosis.
1167 3767 1222 3812 et
1262 3756 1490 3823 Mancre,
1536 3740 1681 3828 apud
1727 3757 2153 3824 Bethlehemum,
2186 3764 2240 3814 et

666 3861 936 3931 pastores,
994 3853 1136 3919 apud
1184 3863 1597 3910 monumentum
1647 3853 1873 3922 Christi,
1924 3864 1977 3910 et
2020 3854 2075 3910 in
2117 3853 2237 3925 eius

666 3955 1011 4000 OSCEHSIOHO.

1002 4035 1516 4095 INTERROGATIO
1544 4037 1909 4095 XLV-XLVI.

739 4125 904 4200 Atqui
941 4132 986 4185 si
1032 4145 1121 4185 res
1158 4127 1377 4186 futuras
1426 4131 1680 4203 ignorant
1724 4132 1924 4203 angeli.
1964 4130 2239 4203 quomodo

668 4216 897 4275 Danielo
924 4221 1170 4292 prtedicit
1209 4222 1263 4276 in
1311 4222 1589 4295 Babylone
1643 4222 1883 4291 Gabriel,
1929 4231 2053 4296 post
2102 4240 2239 4295 qua-

671 4311 992 4381 dringentos
1054 4316 1333 4388 octoginta
1384 4325 1606 4386 tresque
1664 4330 1839 4372 annos
1894 4318 2237 4371 nasciturum

671 4402 950 4459 Christum
974 4404 1150 4460 ?Nam
1178 4406 1463 4478 sexaginta
1508 4423 1700 4464 novem
1737 4408 2128 4472 hebdomadas,
2171 4408 2241 4465 de

672 4494 874 4565 quibus
907 4496 974 4551 ad
1002 4497 1180 4567 ipsum
1216 4498 1565 4569 loquebatur,
1592 4500 1935 4570 septuaginta
1968 4515 2239 4555 annorum

672 4585 1043 4647 hebdomadas
1074 4605 1197 4646 esse
1227 4591 1558 4661 interpretes
1583 4591 1826 4647 tradunt.

1304 4679 1607 4749 Responsio.

742 4768 846 4826 Sed
881 4785 988 4827 non
1028 4772 1247 4842 propria
1277 4773 1621 4843 prmscientia
1652 4773 1705 4828 id
1733 4773 2024 4841 indicavit;
2048 4790 2237 4831 verum

671 4877 1006 4934 quaecunque
1030 4865 1208 4938 angeli
1246 4880 1275 4918 a
1310 4880 1545 4936 superna
1572 4866 1840 4937 sapientia
1872 4865 2112 4932 discunt,
2145 4867 2237 4922 illa

671 4955 879 5011 dicunt.
918 4954 1149 5011 Sanctas
1177 4956 1323 5012 enim
1350 4974 1438 5013 res
1460 4973 1491 5012 a
1519 4973 1675 5014 sacra
1710 4956 1976 5013 Trinitate
1996 4958 2235 5023 discunt,

670 5048 821 5103 etab
849 5048 983 5118 ipsis
1033 5064 1228 5105 rursus
1270 5049 1541 5111 homines.
1594 5050 1748 5105 etab
1795 5051 2106 5109 hominibus
2145 5052 2237 5107 alii

672 5140 793 5193 loco
831 5139 1125 5197 inferiores
1154 5156 1276 5212 qum
1308 5150 1638 5212 sequuntur.

1068 5254 1591 5316 INTERROGATIO
1631 5254 1837 5317 XLVII.

736 5348 794 5403 Si
822 5363 954 5418 ergo
1000 5362 1095 5418 per
1155 5348 1459 5404 doctrinam
1509 5349 1835 5421 percipiunt,
1892 5363 2116 5404 necesse
2153 5358 2238 5406 est

652 5453 821 5508 .psos
853 5437 1051 5494 libellis
1104 5447 1158 5494 et
1213 5441 1421 5496 chartis
1459 5441 1535 5497 uti
1590 5455 1739 5495 more
1796 5449 2005 5499 nostro.
2060 5440 2239 5496 Voces

670 5530 815 5585 enim
846 5539 899 5586 et
928 5530 1141 5584 decreta
1175 5546 1283 5584 non
1319 5532 1520 5602 scripta
1561 5548 1686 5587 mox
1721 5532 1982 5589 oblivioni
2015 5533 2237 5588 dantur.

672 5619 805 5676 Nam
839 5622 884 5677 si
913 5635 1076 5675 voces
1108 5620 1165 5675 in
1220 5623 1482 5678 memoria
1540 5624 1819 5680 durabiles
1866 5632 2075 5689 essent,
2127 5639 2238 5682 non

671 5727 809 5771 sane
836 5710 1015 5769 Hoses
1049 5713 1105 5768 in
1129 5712 1332 5773 tabulis
1362 5714 1592 5786 lapideis
1622 5717 1675 5772 in
1705 5725 1891 5773 monte
1924 5717 2073 5788 ipsas
2100 5717 2241 5773 scri-

1715 431 1774 488 S.
1812 431 2111 489 CIESARII
2139 430 2470 488 GREGORII
2505 431 2806 491 FRATRIS

2330 569 2455 615 νων,
2493 550 2785 624 διαρρήδην
2815 552 2932 624 βοᾷ·
2958 555 3075 607 Οὐκ
3094 553 3390 622 ἐκδικήσει
3412 554 3594 623 Κύριος
3611 555 3679 623 δὶς
3702 560 3763 614 ixl

2329 645 2396 698 τὸ
2427 643 2596 700 αὐτό.
2622 644 2757 697 Οὐδὲ
2784 642 2892 714 γὰρ
2918 642 3047 714 παρ’
3078 645 3208 715 ἡμῖν
3246 642 3394 697 τοῦτο
3423 643 3599 698 δίκαιον
3620 647 3695 700 ὑπὸ
3708 649 3767 704 δύο

2329 736 2533 811 κριτῶν
2564 736 2885 802 κολάζεσθαι
2937 735 3029 790 τδν
3068 736 3371 791 κατάδικον.
3398 740 3767 813 Κρινόμεγοιγὰρ

2328 829 2587 885 ἐνταῦθα
2606 873 2620 896 ,
2666 830 2783 884 ὑπὸ
2826 829 3048 899 Κυρίου
3084 828 3481 898 παιδευόμεθα,
3504 830 3589 884 ἵνα
3603 831 3666 900 μὴ
3693 834 3769 887 σὺν

2328 920 2409 987 τῷ
2458 922 2663 992 κόσμῳ
2711 918 3187 990 κατακριθῶμεν·
3245 918 3336 973 καί
3388 937 3532 992 φησιν
3577 922 3602 976 6
3638 922 3769 995 Mli»:

2343 1015 2678 1080 ’Δπόστολοςο
2709 1016 2812 1069 “Or
2832 1011 3033 1085 ἀγαπᾷ
3060 1014 3293 1083 Κύριος,
3312 1013 3565 1068 παιδεύειι
3581 1018 3773 1085 μαστιγοῖ

2330 1105 2398 1159 δὲ
2435 1105 2630 1160 πάντα
2656 1105 2792 1160 υίὸν
2821 1105 2894 1160 ὃν
2923 1104 3331 1175 παραδέχεται.
3359 1105 3429 1159 Οὐ
3457 1107 3564 1169 τοὺς
3589 1107 3662 1178 μὲν
3685 1110 3768 1162 ἀτο-

2331 1196 2566 1270 δέχεται,
2597 1198 2722 1263 τοίις
2745 1197 2802 1252 δὲ
2836 1197 3167 1253 ἀπωθεῖται·
3202 1198 3316 1252 ἀλλ’
3343 1196 3390 1251 οί
3415 1197 3503 1268 μὲν
3538 1200 3771 1264 ὲνταῦθι,οἱ

2328 1288 2386 1342 δὲ
2434 1290 2551 1343 ἐκεῖ
2580 1288 2737 1343 τοῦτο
2780 1288 2991 1343 ποιοῦσι
3013 1330 3029 1354 ,
3059 1287 3468 1361 παραδεχόμενοι
3494 1289 3639 1355 αὑτὸν,
3664 1291 3774 1362 iis.

2329 1381 2625 1453 ωθούμενοι
2643 1381 2732 1437 διὰ
2754 1382 2862 1437 τῶν
2886 1382 3130 1436 ἐντολῶν.
3154 1382 3230 1436 Οὐ
3256 1383 3361 1455 γὰρ
3385 1383 3515 1437 αίτία
3540 1385 3569 1453 ἡ
3591 1382 3775 1451 λεωφόρος

2329 1478 2442 1539 τοῖς
2486 1475 2918 1547 προσκόπτουσιν
2958 1474 2992 1547 ἢ
3040 1474 3346 1538 πίπτουσιν,
3389 1473 3494 1528 ἀλλ’
3528 1475 3679 1528 ἐκεῖνοι
3710 1474 3779 1540 ἔξω

2331 1569 2539 1640 ταύτης
2565 1568 2673 1624 τῶν
2702 1568 2997 1640 ὀφθαλμῶν
3032 1567 3405 1641 περιάγοντες,
3438 1567 3520 1620 καὶ
3543 1567 3779 1636 ἀφυλάκτοις

2335 1660 2460 1714 ποσὶ
2492 1660 2815 1732 βαδίζοντες.
2856 1659 3160 1731 Ἀναιροῦσι
3191 1660 3372 1713 τοίνυν
3396 1658 3585 1729 ἄγγελοι
3617 1657 3779 1729 πονηρίᾳ.

2332 1752 2690 1824 ἐμμένοντας,
2719 1751 3039 1818 διασώζουσι
3083 1751 3143 1806 δὲ
3195 1752 3323 1815 τοὺς
3355 1753 3433 1804 ἐπ’
3463 1751 3626 1822 ἀρετὴν
3645 1768 3779 1820 τρεπο-

2336 1845 2550 1915 μένους.
2587 1843 2841 1913 Ἐξῆλθε
2863 1837 2972 1909 γὰρ
3008 1843 3260 1915 ἅγγελος
3281 1844 3484 1912 Kvplov
3501 1842 3558 1896 ἐκ
3577 1841 3660 1910 τῆς
3683 1858 3780 1909 zop-

2331 1934 2612 2004 εμόολῆς,
2658 1935 2756 1989 καὶ
2790 1933 3029 1989 ἀνεῖλεν
3064 1931 3284 1987 ἑκατὸν
3324 1931 3638 2002 ὀγδοήκοντα
3662 1930 3779 1983 πέντε

2334 2027 2609 2099 χιλιάδας
2647 2028 3027 2097 ἀλλοφύλων,
3080 2026 3247 2097 φησὶν
3294 2027 3328 2096 ἠ
3361 2025 3470 2077 θεία
3510 2023 3681 2094 Πυκτή·
3715 2024 3772 2075 καὶ

2342 2122 2591 2194 ἄγγελος,
2687 2121 2874 2192 φησὶν,
2917 2120 3104 2190 ἔπνιγε
3135 2118 3206 2173 τὰ
3246 2117 3505 2187 Αἰγύπτου
3538 2116 3771 2186 πρωτότοκα,

2336 2212 2430 2266 καὶ
2459 2210 2687 2281 ἄγγελος
2735 2206 2887 2283 εἶργε
2934 2211 3033 2282 τῆς
3059 2209 3287 2281 πορείας
3328 2207 3416 2261 τὸν
3445 2206 3659 2275 Βαλαὰμ,
3693 2204 3776 2273 ερας

2337 2302 2555 2358 Βαλαὰκ
2588 2298 2949 2374 πορευόμενον
2986 2300 3079 2356 τὸν
3118 2298 3338 2372 Ἰσραὴλ
3371 2296 3721 2369 καταράσασθαι,
3741 2293 3776 2345 ὃν

2336 2395 2396 2448 τὸ
2421 2396 2585 2470 φέρον
2611 2393 2770 2450 αὐτὸν
2793 2393 3102 2464 ὑποζύγιον,
3129 2391 3474 2464 θεασάμενον,
3497 2390 3563 2461 τῷ
3585 2388 3666 2441 δέει

2339 2489 2435 2554 ξαν
2469 2487 2820 2551 συνεκάθισε,
2861 2484 3174 2558 ἀνθρωπεία
3224 2488 3373 2558 φωνῇ
3414 2484 3497 2537 τὸν
3520 2480 3779 2552 ἐποχούμενοι

2337 2575 2628 2647 διελέγχον.
2677 2574 2898 2647 Μιχαὴλ
2938 2576 2968 2629 ὁ
3007 2575 3347 2647 ἀρχάγγελος
3394 2573 3516 2645 πρὸς
3549 2571 3620 2624 τὸν
3645 2566 3780 2636 Ἰησοῦν

2337 2668 2432 2722 τοῦ
2471 2669 2628 2742 Ναυῆ
2666 2669 3059 2725 ἀποστέλλεται
3078 2686 3091 2699 ·
3131 2666 3374 2740 Γαϐριὴλ
3396 2666 3518 2739 πρὸς
3544 2663 3616 2717 τὸν
3637 2658 3776 2728 Δανιὴλ.

2337 2761 2747 2833 διασαφηνίζειν
2794 2760 2943 2833 αὐτῷ
2990 2760 3061 2814 τὰ
3104 2760 3385 2834 ὀνείραταο
3427 2760 3546 2831 πρὸς
3578 2755 3777 2826 Ζαχιρίινν

2337 2855 2436 2929 τὴν
2496 2855 2741 2909 Ἰωάννου
2788 2853 3000 2923 γένεσιν
3033 2851 3184 2925 αὐτῷ
3227 2850 3662 2924 εὐαγγελίσασθαι·
3695 2846 3779 2915 πρὸς

2337 2947 2437 3020 τὴν
2473 2948 2682 3021 μητέρα
2728 2945 2982 3002 ἀείτιαιδα
3030 2945 3289 3020 Μαρίαν,
3329 2945 3452 3018 περὶ
3487 2945 3570 3015 τῆς
3600 2940 3668 2995 τοῦ
3697 2934 3779 2991 ἀοι]

2339 3039 2513 3110 Λόγου
2546 3039 2891 3111 συλλήψεωςο
2933 3038 3069 3113 πρὸς
3102 3039 3196 3094 τὸν
3238 3039 3412 3112 Τοϐὴτ
3440 3039 3466 3091 δ
3505 3032 3703 3104 Tasci},
3721 3032 3780 3099 τὴν

2339 3133 2522 3204 πήραν
2544 3131 2706 3186 αὑτοῦ
2739 3131 3028 3203 βαστάσαι,
3060 3132 3155 3185 καὶ
3181 3129 3487 3184 ωνοδεῦσαι
3512 3126 3708 3194 τέτταρας
3723 3120 3780 3173 καὶ

2341 3223 2472 3278 δέκα
2505 3224 2714 3296 ἡμέρας
2735 3264 2748 3289 ,
2784 3225 2879 3278 καὶ
2911 3223 3132 3293 γυναικὶ
3155 3222 3374 3294 νομίμῳ
3403 3219 3617 3290 συνάψαι,
3641 3215 3705 3270 καὶ
3723 3210 3779 3264 τοῦ

2342 3316 2693 3390 ἀνδροκτόνου
2731 3317 2985 3389 δαίμονος
3036 3315 3312 3383 διαζεῦξαι
3339 3314 3432 3387 τὴν
3476 3312 3544 3383 τῷ
3569 3309 3682 3380 ἀνδρὶ
3706 3321 3780 3356 σιν·

2343 3410 2628 3481 αφθεὶσαν,
2658 3411 2752 3470 καὶ
2778 3411 2871 3464 τοῦ
2896 3410 3158 3483 κηδεστοῦ
3186 3411 3287 3482 τῆς
3313 3408 3547 3482 γημάσης
3574 3398 3780 3474 ὀφθαλμὼ

2342 3499 2552 3570 ἀνοῖξαι
2605 3502 2824 3574 πτηνῶν
2869 3501 3064 3574 ἁφοδίᾳ
3117 3499 3483 3574 πηρωθέντας.
3533 3498 3623 3551 Καὶ
3661 3491 3780 3560 ἑτέρας

2344 3594 2600 3659 πλείστας
2652 3594 2778 3666 περὶ
2812 3594 3058 3664 ἀγγέλων
3089 3592 3347 3667 εὑρήσεις
3389 3589 3620 3651 διακονίας
3642 3576 3780 3638 iulio-3

2356 3687 2636 3759 Ἀϐραὰμ,
2677 3687 2770 3741 καὶ
2812 3686 3087 3751 Μωσέως,
3122 3687 3221 3741 καὶ
3266 3687 3486 3750 Μανωὲ,
3515 3682 3593 3735 ἐπὶ
3624 3679 3694 3747 τῆς
3718 3674 3780 3740 Bl‘

2345 3777 2540 3850 θλεὲμ,
2580 3778 2674 3833 καὶ
2709 3777 2818 3832 τῶν
2859 3778 3151 3852 ποιμένων,
3191 3780 3288 3833 ἐπὶ
3313 3778 3404 3833 τοῦ
3442 3774 3568 3831 θείου
3594 3771 3780 3844 μνήμης

2345 3872 2440 3927 καὶ
2471 3870 2809 3942 ἀναλήψεως.

2846 4048 3096 4103 uersus
3143 4050 3412 4119 Με-Μςι.

2414 4142 2523 4196 Καὶ
2548 4144 2597 4196 εἰ
2622 4141 2877 4213 ἀγνοοῦσι
2899 4141 2966 4196 τὰ
2994 4141 3256 4214 μέλλοντα
3288 4143 3337 4195 οί
3367 4138 3579 4209 ἄγγελοι,
3603 4130 3688 4194 πῶς
3703 4142 3780 4198 προ·

2342 4235 2489 4304 λέγει
2522 4238 2550 4289 ὁ
2580 4234 2818 4308 Γαϐριὴλ
2845 4236 2904 4290 ἐν
2938 4234 3219 4290 Βαϐυλῶνι
3251 4234 3331 4307 τῷ
3357 4233 3554 4303 Δανιὴλ,
3582 4225 3685 4301 μετά
3708 4222 3780 4286 9W

2347 4328 2444 4401 ἔτη
2474 4328 2764 4397 γεννᾶσθαι
2788 4327 2878 4381 τὸν
2902 4327 3165 4400 Χριστόν;
3186 4328 3300 4392 Τὰς
3330 4326 3433 4400 γὰρ
3462 4312 3780 4394 ἐξήκοπαέννέο

2346 4420 2644 4492 ἑϐδομάδας
2664 4461 2680 4488 ,
2712 4420 2780 4481 ἃς
2809 4420 2958 4493 αὐτῷ
2979 4416 3158 4489 εἶπεν,
3190 4420 3328 4475 ὲτῶν
3351 4418 3661 4489 ἐϐδομήκοντα
3678 4406 3780 4473 ὖτ-άρ

2340 4529 2455 4583 χειν
2488 4512 2658 4578 αὐτὰς
2681 4515 2731 4566 oi
2758 4512 3014 4584 ἑρμηνεῖς
3040 4511 3394 4583 διεσάφησαν.

2937 4693 3301 4762 Ἀπόκρισις.
3601 4775 3609 4777 Δ
3719 4758 3780 4777 Μ

2430 4782 2568 4839 Ἀλλ’
2604 4785 2705 4838 οὐκ
2738 4784 2915 4856 οἰκείᾳ
2957 4783 3262 4853 προγνώσει
3298 4780 3450 4837 τοῦτο
3478 4775 3687 4851 ἔφραζεν
3710 4762 3768 4819 ἀλλ

2346 4876 2446 4929 ὅσα
2472 4878 2621 4949 παρὰ
2649 4878 2748 4949 τῆς
2776 4876 2887 4932 ἄνω
2912 4876 3104 4947 σοφίας
3126 4876 3478 4937 παιδεύονται,
3499 4867 3644 4925 ἐκεῖνά
3662 4874 3779 4931 WW-

2352 4969 2606 5038 ’Ἄγγελοι
2630 4969 2740 5041 γὰρ
2781 4968 2932 5040 παρὰ
2961 4968 3061 5039 τῆς
3092 4967 3242 5033 θείας
3273 4966 3490 5040 Τριάδος
3520 4958 3780 5015 διδάσκονται

2350 5062 2480 5137 παρ’
2518 5061 2696 5115 αὐτῶν
2720 5060 2776 5116 δὲ
2805 5060 3099 5131 ἄνθρωποι,
3120 5063 3250 5133 παρ’
3274 5063 3307 5133 ἡ
3316 5060 3426 5132 μῶν
3448 5057 3499 5112 δὲ
3526 5053 3585 5107 τά
3611 5046 3780 5114 ἑπόμενα.

2919 5261 3166 5316 ΠΕΥΣΙΣ
3200 5261 3328 5316 ΜΖ⁸.

2418 5350 2480 5402 El
2506 5344 2596 5402 οὖν
2634 5348 2872 5403 διδακτοί
2914 5352 3080 5416 εἰσιν,
3112 5351 3323 5422 ἀνάγκη
3348 5346 3529 5409 αὐτοὺς
3558 5339 3707 5396 δέλτοις
3726 5324 3780 5381 ul

2349 5440 2576 5512 χάρταις
2604 5440 2902 5512 κεχρῆσθαι
2931 5441 3053 5496 καθ’
3089 5444 3254 5515 ἡμᾶς.
3284 5442 3453 5496 Φωναὶ
3478 5437 3571 5506 γὰρ
3594 5423 3780 5515 alii?“

2351 5533 2425 5603 μὴ
2454 5532 2820 5602 γραφόμεναι,
2851 5534 3065 5606 ταχέως
3090 5512 3230 5608 λήθῃ
3270 5531 3629 5606 παραδίδονται.
3652 5519 3696 5608 εί
3716 5512 3780 5608 ἴξρ

2345 5598 2424 5695 ἑῇ
2445 5598 2971 5695 μνήμῃπαριμενὸἱρ
3021 5598 3077 5680 ἀι
3110 5598 3316 5695 eam,
3352 5598 3455 5676 ὀοκ
3486 5598 3780 5705 autem:

2351 5684 2514 5776 τελέει
2537 5684 2770 5778 λιθίναις
2812 5684 2909 5768 επὶ
2958 5713 3053 5769 τοῦ
3090 5684 3249 5788 ὅρους
3297 5684 3641 5783 γεγραμμένας
3675 5684 3780 5747 αὐτάς

740 5899 787 5930 ³⁸
814 5896 1025 5954 Nabum
1061 5915 1099 5966 ι,
1123 5900 1157 5954 9
1251 5900 1298 5933 ⁸³
1336 5900 1502 5958 lCor.
1535 5916 1611 5968 si,
1640 5901 1727 5958 δί.
1804 5902 1851 5935 ⁸⁵
1888 5898 2052 5958 llebr.
2091 5919 2188 5970 xu,
2223 5906 2233 5955 1

2357 5904 2401 5937 ⁸⁵
2440 5901 2572 5974 Reg.
2607 5915 2720 5969 xix,
2753 5901 2841 5958 35.
