3814 6558
71 411 98 468 7
1347 398 1686 458 DIALOGUS
1723 399 1763 456 ι.

69 527 216 590 ξξατο·
253 515 440 571 τούτων
464 511 518 566 δὲ
569 509 978 582 συντριϐέντων,
1005 512 1274 584 δευτέρων
1313 517 1414 570 ούκ
1445 517 1511 570 ἂν

69 616 188 687 Nion,
213 612 256 662 εἰ
280 609 342 662 τά
366 608 418 658 ἐν
440 606 553 667 ταῖς
583 601 826 672 πρώταις
852 605 1128 676 γραφέντα
1156 606 1179 656 ἐ
1189 607 1510 677 μνημόνευε.

562 781 913 848 Ἀπόκρισις.

69 878 242 948 Μωσῆς
273 875 370 944 μὲν
395 876 450 926 ὲν
475 874 594 935 ταῖς
640 871 804 938 πλαξὶ
850 873 982 926 δέκα
1019 872 1210 942 λόγους
1241 874 1398 928 θείων
1431 874 1519 928 δο-

69 976 213 1032 ιάτων,
264 966 423 1037 χωρὶς
463 964 812 1034 λαξευτηρίου
859 964 892 1036 ἢ
936 965 1199 1036 γραφίδος
1247 967 1376 1037 θείῳ
1426 968 1519 1021 δα·-

69 1067 156 1134 ύλῳ
181 1056 569 1130 ἐντορευθέντας
591 1055 823 1118 ἐδέξατο.
852 1056 978 1120 Πῶς
1001 1056 1044 1109 δ’
1075 1060 1103 1111 ὁ
1131 1058 1289 1122 αὐτὸς
1314 1059 1519 1130 γέγρα-

69 1177 108 1219 ν,
131 1155 256 1224 ᾇπερ
278 1151 406 1222 μόνῃ
435 1151 498 1219 τῇ
528 1149 715 1221 μνήμῃ
739 1147 1028 1218 κατασχὼν
1058 1149 1192 1202 Θεοῦ
1225 1150 1522 1218 φάσκοντος

72 1250 114 1320 pl.
146 1247 331 1313 κόσμου
361 1241 659 1309 γεννήσεως
687 1256 700 1304 ;
748 1237 866 1302 πῶς
894 1238 951 1292 δὲ
984 1240 1170 1312 μνήμῃ
1217 1241 1524 1294 ὲντυπωσὰ-

71 1355 143 1399 νος
169 1335 255 1404 τήν
301 1328 748 1400 παραδεικθεῖσαν
775 1329 866 1381 ἐπὶ
900 1330 998 1400 τῆς
1033 1329 1338 1400 ἀκρωρείας
1374 1329 1522 1382 θείαν

69 1428 179 1496 ηνὴν
211 1421 291 1476 διὰ
322 1419 411 1473 τοῦ
461 1419 616 1488 λόγου
662 1418 754 1471 τὸν
787 1417 1049 1488 Βεσελεὴλ
1101 1419 1406 1485 ἐπαίδευσε,
1454 1419 1522 1472 δι’

69 1537 118 1588 ης
145 1517 229 1586 τὴν
266 1501 418 1568 ἀύλον
452 1510 822 1583 μιμήσασθαις
872 1510 990 1575 πῶς
1026 1511 1082 1564 δὲ
1122 1512 1218 1564 καὶ
1249 1511 1449 1576 πάντες
1473 1513 1522 1565 οί

69 1611 243 1665 σπέσιοι
267 1605 535 1675 προφῆται
570 1603 662 1656 καὶ
688 1602 1006 1665 ἀπόστολοι,
1038 1603 1099 1654 ού
1129 1600 1217 1656 διὰ
1266 1601 1524 1672 μαθημά-

69 1723 114 1765 .ν,
139 1699 240 1754 ἀλλ’
267 1698 338 1760 ὡς
369 1696 550 1758 αὐτοῖς
585 1697 613 1748 ὁ
632 1694 802 1764 Λόγος
844 1694 1096 1765 ἐνήχησε,
1121 1695 1216 1748 καὶ
1239 1697 1305 1766 τῇ
1337 1697 1524 1766 μνήμῃ

69 1795 262 1866 ιρέθεντο
283 1831 297 1854 ,
319 1779 388 1860 ’τῇ
419 1787 711 1856 οἰκουμένῃ
742 1787 1058 1856 ἐκήρυττον,
1090 1786 1527 1840 Γαλιλαῖοι-παι-

69 1885 167 1937 mi.
199 1879 478 1950 Ῥωμαίοις
507 1878 912 1947 ἐπιφοιτῶντες,
941 1878 1076 1948 πρὸς
1104 1878 1334 1932 ἕκαστον
1375 1878 1529 1943 ἔθνος

89 1976 271 2046 γλώττῃ
303 1969 793 2042 μετατυπούμενοι;
817 1969 1019 2040 Πάρθοι
1047 1969 1175 2041 γὰρ,
1207 1969 1300 2022 καὶ
1327 1969 1523 2040 Μῆδοι,

70 2071 86 2119 ὶ
116 2067 365 2134 Ἐλαμίται
406 2062 500 2116 καὶ
529 2061 600 2114 τὰ
644 2060 805 2113 λοιπὰ
843 2061 970 2132 ἔθνη
1001 2063 1199 2132 ἤκουον
1235 2064 1336 2132 τῆς
1375 2062 1526 2131 σφῶν

69 2159 242 2211 ιλέκτου
269 2156 493 2217 ἕκαστος
521 2154 830 2207 λαλούντων
851 2153 920 2207 τὰ
958 2154 1219 2226 μεγαλεῖα
1250 2154 1343 2207 τοῦ
1365 2154 1522 2208 Θεοῦ.

74 2269 157 2322 περ
192 2249 245 2302 ού
295 2249 652 2318 γραμματικῇ
693 2246 944 2316 παιδείᾳ,
996 2245 1130 2299 ἀλλά
1183 2250 1526 2317 πνευματικῇ

69 2342 214 2414 εργεία
249 2342 560 2409 ἐκήρυττον.
594 2337 871 2408 Ὠφθησαν
905 2337 1013 2409 γὰρ
1056 2338 1240 2400 αὐτοῖς
1277 2337 1526 2408 διαμερι-

69 2452 191 2504 μεναι
230 2430 462 2499 γλῶσσαι
508 2430 646 2482 ὡσεὶ
703 2429 874 2500 πυρὸς
920 2429 1290 2500 (πεντηκοστῇ
1322 2429 1379 2482 δὲ
1427 2430 1528 2500 τῆς

70 2526 324 2589 αστὰσεως,
347 2523 550 2593 δεκάτῃ
580 2521 635 2574 δὲ
667 2522 764 2592 τῆς
791 2520 1111 2591 ἀναλήψεως
1132 2525 1169 2585 )’
1203 2521 1311 2578 Καὶ
1331 2521 1529 2575 ἐκάθι-

69 2637 107 2671 γν
122 2619 193 2686 ἐφ’
217 2617 316 2671 ἕνα
339 2617 604 2670 ἕκαστον
633 2614 848 2681 αὐτῶν,
877 2617 1040 2686 φησιν
1069 2618 1096 2669 ὁ
1122 2615 1262 2678 θεῖος
1289 2617 1525 2679 Λουκᾶς,

69 2711 199 2782 τορῶν
227 2710 287 2763 τά
313 2711 427 2762 κατ’
467 2707 691 2771 αὐτούς.

70 2806 316 2870 rrectione,
350 2803 568 2859 decima
601 2819 730 2858 vero
763 2801 832 2858 ab
873 2802 1216 2857 ascensione.
1259 2797 1327 2852 Et
1378 2797 1510 2854 sedit

71 2913 163 2951 rum
183 2911 430 2952 enarrans
457 2905 639 2966 gesta.

544 3004 790 3060 ΠΕΥΣΙΣ
816 3005 956 3060 MH'.

72 3096 121 3148 Ei
148 3092 402 3164 ἀσώματοί
435 3097 581 3148 εἰσιν
614 3095 662 3148 οί
703 3093 924 3162 ἄγγελοι
945 3133 959 3156 ,
1013 3093 1128 3158 πῶς
1162 3092 1380 3162 γυναιξὶ
1410 3091 1533 3162 epa—

69 3203 168 3254 ραν,
193 3183 246 3250 ἐξ
272 3176 343 3240 ὧν
375 3187 650 3256 προῆλθον
683 3184 733 3238 οἱ
758 3186 1044 3253 γίγαντες;
1086 3183 1201 3248 πιῖις
1227 3183 1282 3236 δὲ
1309 3183 1404 3236 καὶ
1436 3184 1535 3235 ἄν-

69 3287 173 3324 ωποι
196 3275 296 3337 τοῖς
323 3274 496 3344 ἁγίοις
545 3276 842 3345 φαίνονται,
885 3278 1040 3349 εἴπερ
1070 3276 1351 3348 ἀσώματοί
1379 3277 1520 3342 είσι;

73 3364 114 3414 si
145 3365 295 3436 γὰρὴ
336 3366 454 3420 θεία
485 3368 686 3439 Γραφή
709 3387 722 3400 ⁸
758 3369 866 3424 Καὶ
913 3368 1206 3438 είσῆλθον
1255 3369 1372 3423 vlo!
1422 3368 1528 3422 τοῦ

69 3453 126 3506 οῦ
148 3458 279 3524 πρὸς
322 3459 427 3526 τὰς
459 3461 795 3531 θυγατέρας
836 3461 954 3514 τῶν
981 3462 1322 3531 ἀνθρώπων,
1359 3459 1420 3525 ἐξ
1449 3453 1540 3514 ὦν.-

69 3549 178 3608 έουσὶ
201 3567 331 3616 τινες
356 3553 654 3621 γεννᾶσθαι
677 3556 803 3619 τοὺς
829 3555 1110 3624 γίγαντας.

583 3721 935 3788 Ἀπόκρισις.

75 3809 344 3880 Ἀσώματοι
394 3811 492 3882 μὲν
537 3811 586 3863 oi
629 3812 850 3880 ἄγγελοι
903 3811 1028 3866 καθ’
1065 3815 1215 3884 ἡμᾶς
1243 3832 1256 3845 ·
1290 3815 1448 3886 σῶμα
1481 3815 1536 3867 δὲ

69 3901 105 3953 θ’
122 3904 344 3969 ἑαυτοὺς,
360 3905 434 3968 ὡς
451 3905 680 3975 ἄνεμος,
710 3905 887 3974 ἢπῦρ,
906 3905 939 3976 ἦ
961 3907 1183 3970 καπνὸς,
1207 3907 1243 3978 ἢ
1263 3907 1392 3977 ἀήρ.
1423 3907 1536 3960 Σώ-

73 4009 126 4043 τα
149 3992 245 4064 γὰρ
289 3994 601 4066 ὑπάρχουσι
640 3993 812 4047 λεπτὰ
854 3995 942 4047 καὶ
974 3995 1112 4047 ἄῦλα
1148 3994 1252 4060 ἔξω
1278 3996 1376 4065 τῆς
1402 3999 1536 4065 ἠμε-

69 4098 135 4146 ιας
168 4084 459 4156 παχύτητος
479 4103 494 4117 ·
527 4083 774 4154 Σώματα
801 4083 910 4156 γὰρ
933 4085 1277 4152 ἐπουράνια,
1308 4087 1405 4139 καὶ
1432 4086 1538 4139 σώ-

70 4193 126 4228 τα
166 4178 401 4248 ἐπίγεια,
441 4179 614 4248 φησὶν
644 4178 672 4229 ὁ
713 4177 856 4247 ίερὸς
919 4177 1255 4241 Ἀπόστολος.
1306 4179 1537 4232 ’Δτοπον

71 4264 146 4314 καὶ
186 4265 356 4335 πάσης
383 4266 577 4327 ἀνοίας
602 4305 617 4330 ,
649 4265 1033 4333 συγκαθεύδειν
1066 4266 1264 4330 αὐτοὺς
1295 4268 1537 4334 γυναιξὶν

69 4355 194 4408 σθαιο
233 4358 350 4410 ἐπεὶ
378 4357 444 4412 ἂν
476 4357 577 4410 καὶ
601 4356 862 4427 δαίμονας
887 4357 1275 4426 συγκαθεύδειν
1290 4360 1536 4427 γυναιξὶν

70 4465 188 4503 νται.
214 4453 282 4504 Ού
306 4453 414 4523 γαρ
435 4452 542 4523 τὴν
570 4451 754 4521 φύσιν,
785 4451 922 4503 ἀλλά
943 4451 1042 4523 τὴν
1073 4450 1226 4516 τάξιν
1247 4452 1531 4506 ἀπέλιπον·

70 4541 94 4592 ὲ
116 4542 197 4595 τοῦ
225 4543 507 4613 μεγέθους,
557 4541 696 4597 ἀλλά
726 4542 826 4613 τῆς
863 4543 1177 4614 παρρησίας
1201 4545 1530 4616 ἀφῄρηνται.

69 4634 311 4702 ισφημίας
357 4634 543 4686 τοίνυν
578 4633 672 4686 καὶ
704 4633 1029 4704 νηπιότητος
1074 4634 1309 4706 ὑπάρχει
1342 4637 1403 4689 τὸ
1433 4638 1530 4690 οἶε-

69 4739 96 4773 ιι
118 4724 367 4791 ἀγγέλους
392 4724 748 4795 θηλυμανεῖν.
771 4724 843 4776 Ού
869 4725 993 4797 περὶ
1015 4725 1218 4779 τούτων
1235 4728 1342 4798 γάρ
1365 4745 1531 4798 φησιν

74 4813 146 4866 εἱα
173 4815 376 4887 Γραφὴ,
398 4819 483 4870 ὅτι
508 4815 816 4884 Εἰσῆλθον
848 4819 900 4870 οὶ
925 4818 1041 4871 υἱοὶ
1066 4817 1170 4871 τοῦ
1206 4819 1352 4873 Θεοῦ
1381 4821 1530 4888 πρὸς

69 4923 78 4966 ς
98 4906 404 4974 θυγατέρας
419 4907 540 4960 τῶν
553 4905 904 4974 ἀνθρώπων·
919 4908 1128 4961 οὐδέπω
1151 4909 1259 4982 γὰρ
1286 4912 1525 4981 ἄγγελοι,

69 5013 78 5045 ι
119 4996 243 5050 Θεοῦ
289 4999 818 5070 προσαγορεύονται-⁸
869 4999 983 5053 ἀλλ’
1033 5005 1078 5053 ol
1128 5002 1220 5055 τοῦ
1285 5003 1390 5074 Σὴθ
1433 5007 1527 5060 καὶ

70 5085 138 5149 ’ὼς
157 5089 274 5155 υἱοὶ,
306 5091 410 5143 ὑπὸ
435 5091 544 5144 τῶν
579 5092 708 5144 κατ’·
740 5092 979 5156 ἐκείνους
1011 5096 1239 5166 καιροὺς
1267 5097 1522 5168 ἡρξαντο.

69 5192 143 5241 τος
193 5179 299 5251 γὰρ
331 5182 559 5250 ἤρξατε
614 5181 844 5250 πρῶτος
888 5185 1303 5240 ἐπικαλεῖσθαι
1357 5189 1525 5255 Θεὸν,

69 5268 126 5320 τὶν
151 5271 405 5344 ήΓραφή.
442 5276 554 5327 Καὶ
578 5275 655 5344 τῷ
677 5277 866 5329 Μωσεῑ
888 5295 1052 5347 φησιν
1079 5281 1107 5331 ὁ
1135 5279 1356 5351 Κύριος·
1383 5283 1530 5335 Θεὸν

69 5362 184 5414 ’ωκὰ
219 5379 292 5418 σε
315 5366 398 5431 τῷ
435 5367 680 5435 Φαραώ⁶
712 5371 806 5422 καὶ
835 5372 964 5441 περὶ
1005 5371 1112 5425 τῶν
1140 5372 1296 5426 θείων
1329 5374 1531 5445 κριτῶν

69 5466 96 5503 ιι
119 5471 132 5485 ·
168 5456 347 5524 Θεοὺς
380 5461 495 5513 οὐκ
528 5459 679 5527 ἐρεῖς
729 5461 943 5526 κακῶς,
989 5464 1086 5516 καὶ
1125 5463 1386 5533 ἄρχοντα
1419 5463 1526 5519 τοῦ

69 5542 111 5595 νῦ
137 5562 269 5602 σου.
307 5551 554 5615 Εἰκότως
585 5548 698 5619 οὖν,
731 5555 781 5606 οί
816 5554 909 5607 τοῦ
945 5553 1175 5623 Σὴθκαὶ
1214 5555 1379 5618 Ἐνὼς
1403 5560 1526 5611 παῖ-

70 5679 71 5684 η
103 5638 202 5694 υἱοὶ
221 5639 356 5694 Θεοῦ
387 5643 717 5698 νοείσοωσαν
740 5663 753 5677 ·
785 5645 981 5709 οἵτινες
1004 5646 1268 5718 ἀκολασίᾳ
1288 5647 1526 5713 ἁλόντες,

73 5810 92 5839 ⁸
133 5811 245 5887 Act.
285 5835 370 5887 ιιι,
402 5821 455 5874 ὅ.

571 5821 616 5854 ⁸⁷
658 5822 793 5878 Gen.
819 5839 894 5890 γι,
917 5821 970 5879 2.

70 5896 102 5947 I,
147 5884 231 5942 ‘28.

1103 5824 1148 5856 ⁸³
1183 5822 1204 5878 ι
1232 5825 1358 5882 Cor.
1391 5841 1482 5896 xv,
1529 5824 1615 5881 4.0.

3076 410 3184 469 9l8

1620 529 1742 592 ptas
1777 519 2112 590 accepisset,
2143 520 2318 592 iisque
2349 522 2666 592 confractls,
2731 525 2855 583 aliis
2895 543 3002 582 non
3044 527 3185 584 fuis-

1617 619 1699 667 set
1724 626 1884 681 opus,
1917 611 2186 681 siquidem
2239 629 2426 669 eorum
2477 633 2596 687 qua:
2639 617 2693 672 in
2733 619 3013 688 prioribus
3047 620 3186 676 scri-

1620 703 1796 773 pturis
1835 711 2012 766 erant,
2043 720 2253 760 memor
2275 705 2487 761 fuisset.

2248 796 2554 866 Responsio.

1691 883 1870 940 Moses
1897 886 2119 956 quidem
2153 887 2206 941 in
2239 889 2439 944 tabulis
2472 889 2719 962 Decalogi
2745 893 3050 947 divinorum
3084 892 3183 948 de-

1620 987 1893 1031 cretorum
1921 979 2126 1048 absque
2150 979 2425 1034 cmlatorio
2438 982 2797 1052 scriptoriove
2815 983 3184 1039 instrumento

1621 1063 1790 1134 digito
1817 1064 1907 1118 Dei
1937 1066 2247 1136 exsculptas
2275 1083 2434 1124 voces
2466 1070 2695 1140 accepit.
2744 1069 3026 1136 Quomodo
3058 1087 3190 1126 vero

1623 1151 1764 1206 idem
1806 1153 2147 1223 perscripsit,
2201 1153 2269 1210 de
2313 1157 2726 1212 sola-memoria
2768 1169 3018 1228 prompta
3053 1175 3193 1226 quic-

1623 1254 1837 1308 cunque
1868 1238 2012 1296 Deus
2044 1241 2271 1310 protulit
2315 1243 2390 1298 de-
2414 1245 2627 1314 origine
2674 1247 2902 1300 mundi?
2943 1255 3036 1300 aut
3063 1263 3194 1316 quo—

1625 1330 1788 1384 modo
1816 1347 1911 1400 per
1949 1333 2267 1387 memoriam
2310 1349 2571 1406 expresso
2608 1338 2724 1404 illo,
2777 1340 2922 1409 quod
2974 1340 3201 1395 demon-

1625 1430 1854 1477 stratum
1885 1433 2002 1478 erat
2028 1425 2128 1494 ipsi
2163 1425 2218 1479 in
2268 1435 2452 1482 monte
2487 1431 2896 1485 tabernaculum
2950 1432 3201 1486 divinum.

1626 1512 1876 1567 oratione
1922 1513 2038 1568 sola
2073 1514 2410 1571 Beseleelum
2446 1518 2633 1572 docuit
2675 1536 2769 1589 per
2817 1522 3100 1576 materiam
3140 1522 3194 1576 id

1628 1603 1851 1669 imitari,
1874 1605 2024 1674 quod
2053 1614 2172 1660 erat
2202 1623 2400 1678 expers
2417 1611 2696 1666 materiae?
2742 1610 3026 1678 Quomodo
3068 1615 3197 1668 item

1627 1710 1819 1752 omnes
1857 1698 2026 1752 divini
2064 1708 2217 1754 vates
2254 1709 2310 1754 et
2354 1701 2610 1770 apostoli,
2655 1717 2763 1756 non
2810 1719 2906 1772 per
2950 1704 3199 1774 discipli-

1630 1801 1749 1850 nas,
1782 1788 1876 1842 sed
1912 1789 2373 1859 quemadmodum
2421 1792 2475 1846 in
2509 1792 2644 1862 ipsis
2677 1791 2911 1848 Verbum
2943 1798 3194 1860 sonabat,

1633 1877 1764 1934 licet
1793 1881 1996 1950 aliquid
2026 1883 2078 1936 in
2112 1884 2374 1938 memoria
2409 1893 2755 1954 reponerent,
2784 1888 2902 1941 orbi
2930 1897 3198 1943 terrarum

1635 1970 2025 2041 praedicabant,
2061 1974 2264 2030 Galiliei
2317 1975 2570 2032 doctores
2605 1993 2728 2032 cum
2769 1977 3031 2036 Romanis
3076 1996 3199 2035 con-

1634 2065 1978 2118 suetudinem
2035 2065 2318 2130 hahemes,
2374 2068 2558 2137 lingua
2621 2068 2848 2125 cuilibet
2891 2071 3035 2141 genti
3062 2086 3196 2126 con-

1633 2155 1838 2212 formes
1871 2157 2071 2212 ﬁebant
2093 2165 2114 2214 ?
2135 2157 2320 2213 Parthi
2347 2160 2515 2225 enim,
2549 2169 2615 2218 ct
2650 2162 2812 2226 Medi,
2852 2173 2906 2218 et
2937 2163 3202 2232 Elamittn,

1632 2255 1686 2300 et
1712 2247 1934 2316 reliqua:
1964 2256 2152 2316 gentes
2184 2248 2480 2304 audiebant
2521 2251 2774 2322 quisque
2798 2254 2901 2308 sui.
2931 2257 3213 2309 sermonis:

1635 2338 1808 2391 forma
1853 2338 2190 2407 proferentes
2232 2341 2380 2410 ipsos
2433 2345 2846 2412 amplitudinem
2892 2361 3072 2400 rerum
3115 2346 3203 2399 di.-

1635 2430 1905 2494 vinarum,
1962 2447 2099 2499 quas
2153 2447 2260 2486 non
2316 2450 2419 2503 per
2461 2435 2805 2507 disciplinam
2857 2437 3214 2500 litterariam,

1635 2519 1729 2574 sed
1755 2535 1852 2588 per
1886 2519 2257 2576 elliracitatem
2286 2538 2350 2576 ac
2382 2525 2488 2578 vim
2528 2526 2824 2596 quamdam
2863 2527 3218 2597 spiritualem-

1636 2613 2024 2682 praedicabant.
2059 2611 2543 2682 Conspecta-sunt
2579 2617 2726 2671 enim
2766 2617 2823 2671 in
2847 2618 2984 2688 ipsis
3012 2617 3208 2673 divisa

1636 2705 1834 2776 lingua:
1864 2705 2011 2759 velut
2040 2705 2228 2774 ignea,
2246 2721 2438 2776 nempe
2464 2709 3034 2780 quinquagesima'die
3063 2723 3206 2763 aro-

1567 2815 1723 2867 super
1775 2813 2190 2868 unumquemque
2227 2799 2458 2866 ipsorum
2506 2801 2574 2866 ⁸⁸,
2613 2801 2789 2872 inquit
2818 2799 2976 2858 divus
3004 2799 3206 2868 Lucas,

2043 2975 2552 3032 lNT‘ERROGA'B'lO
2585 2977 2814 3033 XLVI”.

1709 3069 1766 3124 Si
1800 3070 2110 3140 incorporei
2139 3081 2266 3124 sunt
2295 3072 2495 3140 angeli,
2538 3072 2816 3139 quomodo
2855 3087 2977 3126 eum
3008 3073 3208 3129 mulie-

1641 3164 1794 3218 rihus
1809 3164 2262 3218 consuetudinem
2287 3163 2620 3225 habuerunt,
2641 3181 2707 3219 ex
2731 3166 2931 3235 quibus
2956 3168 3208 3238 prognati

1640 3257 1888 3326 gigantes
1905 3254 2233 3322 ?=Quomodo
2263 3255 2412 3320 item,
2464 3263 2524 3310 ut
2544 3256 2824 3319 homines.
2872 3261 3079 3313 sanctis
3115 3275 3212 3331 ap-

1639 3356 1855 3417 parent,
1913 3349 1960 3402 si
2008 3347 2230 3418 quidem
2270 3347 2582 3416 incorporei
2619 3349 2788 3402 sunt?
2841 3346 3020 3418 lnquit
3063 3348 3210 3406 enim

1643 3439 1929 3509 Scriptura
1963 3453 2119 3494 sacra
2152 3458 2165 3494 :
2200 3438 2268 3492 Et
2312 3440 2539 3509 ingressi
2567 3447 2689 3492 sunt
2717 3440 2817 3508 ﬁlii
2859 3439 2955 3493 Dei
2978 3441 3046 3493 ad
3062 3441 3210 3510 ﬁlias

1641 3532 1987 3597 hominum",
2047 3547 2116 3588 ex
2142 3532 2342 3604 quibus
2384 3531 2553 3603 aliqui
2587 3532 2740 3587 aiunt
2779 3540 2940 3590 natos
2971 3549 3094 3589 esse
3131 3537 3212 3605 gi-

1639 3637 1849 3697 gantes.

2191 3749 2194 3752 -
2272 3717 2575 3786 Responsio.

1712 3810 2021 3880 lncorporei
2058 3821 2187 3865 sunt
2211 3811 2410 3880 angeli,
2462 3811 2677 3866 ratione
2719 3818 3083 3882 respectuque
3119 3825 3228 3869 nar

1639 3911 1777 3956 tura;
1806 3910 2044 3967 nostrae;
2085 3917 2284 3971 corpus
2317 3917 2448 3956 vero
2463 3902 2686 3964 habent,
2718 3902 3018 3958 secundum
3049 3910 3212 3957 natu.-

1639 4009 1754 4047 ram
1786 4009 1963 4058 suam,
1997 4001 2055 4047 ut
2087 3994 2402 4056 ventus,vel
2431 3994 2592 4064 ignis,
2624 3995 2707 4049 vel
2732 3993 2933 4056 fumus,
2966 3994 3046 4049 vel
3067 4010 3160 4048 aer
3189 4014 3210 4048 ς-

1638 4100 1868 4154 corpora
1900 4086 2045 4140 enim
2080 4092 2209 4140 sunt
2237 4085 2477 4152 subtilia,
2497 4101 2699 4141 crassae
2731 4087 2977 4142 materiei
3007 4095 3208 4141 nostra:

1637 4177 1905 4246 expertia.
1952 4176 2160 4246 Quippe
2209 4192 2440 4244 corpora.
2483 4177 2724 4246 quwdam
2779 4187 2900 4231 sunt
2954 4177 3206 4242 caelestia,

1637 4265 1882 4334 quietiam
1913 4267 2206 4331 terrestria,
2232 4265 2409 4336 inquit
2443 4275 2670 4320 sanctus
2701 4267 2791 4322 ille
2819 4267 3118 4336 Apostolus
3135 4267 3202 4320 ⁸⁸.

1638 4358 1952 4414 Absurdum
2007 4374 2138 4414 vero
2161 4367 2222 4412 et.
2277 4359 2435 4426 plane
2483 4359 2710 4414 stultum
2772 4359 2955 4424 fuerit,
3016 4371 3208 4431 putare

1640 4451 1790 4520 ipsos
1818 4449 2020 4503 cubare
2075 4464 2204 4504 cum
2253 4448 2606 4514 mulieribus,
2658 4449 2800 4505 sicut
2839 4459 2891 4506 et
2933 4447 3218 4512 daemones

1641 4539 1880 4594 dormire
1909 4553 2037 4594 cum
2075 4537 2399 4593 mulieribus
2423 4540 2808 4594 existimantur
2839 4558 2853 4595 :
2884 4542 2978 4613 qui
3029 4554 3206 4600 tamen

1638 4629 1782 4682 haud
1815 4638 2087 4692 naturam,
2115 4627 2210 4684 sed
2249 4637 2451 4684 statqu
2487 4631 2864 4700 reliquerunt;
2888 4650 3064 4705 neque
3095 4653 3205 4693 ma.-

1638 4720 1946 4789 gnitudine,
1970 4719 2067 4776 sed
2100 4720 2353 4775 libertate
2385 4722 2633 4777 destituti
2666 4733 2814 4780 sunt.
2845 4725 3204 4797 Blasphemize

1639 4810 1805 4879 igitur
1839 4819 1893 4864 et
1926 4811 2171 4865 stultitiae
2201 4819 2305 4877 est,
2345 4821 2536 4884 putare
2565 4815 2708 4885 quod
2753 4818 2931 4887 angeli
2970 4818 3204 4879 feminas

1637 4903 1950 4972 depereant.
1991 4903 2177 4974 Neque
2196 4905 2340 4959 enim
2373 4906 2439 4960 de
2471 4906 2555 4961 his
2588 4908 2766 4977 inquit
2807 4908 3090 4979 Scriptura
3119 4929 3206 4972 sa.-

1635 5012 1762 5061 cra,
1785 4996 1930 5066 quod
1964 4995 2193 5065 ingressi
2224 4996 2336 5052 sint
2369 4996 2462 5052 ﬁlii
2497 4997 2588 5054 Dei
2613 4999 2681 5054 ad
2707 5000 2843 5056 tilias
2884 5001 3202 5062 hominum:

1637 5105 1904 5158 nusquam
1927 5091 2074 5145 enim
2103 5090 2281 5160 angeli
2311 5089 2405 5143 lilii
2448 5089 2540 5144 Dei
2571 5093 2931 5160 appellantur,
2977 5094 3070 5149 sed
3104 5094 3199 5150 ﬁlii

1636 5180 1786 5236 Sethi
1811 5189 1866 5237 et
1893 5183 2054 5236 Enosi
2087 5197 2182 5252 per
2201 5183 2320 5238 illas
2345 5183 2586 5252 corrupti
2611 5193 2758 5238 sunt.
2781 5183 3022 5238 Deiﬁcari
3055 5187 3206 5241 enim.

1635 5272 1837 5328 Sethus
1860 5282 1915 5328 et
1949 5272 2162 5328 Enosus
2195 5274 2306 5328 illis
2341 5274 2680 5343 temporibus
2714 5285 3031 5344 coeperunt;
3067 5277 3199 5346 quia

1633 5365 1821 5422 Sethus
1844 5367 1995 5431 cwpit
2023 5367 2225 5435 primus
2247 5366 2487 5419 invocare
2516 5364 2706 5428 Deum,
2739 5366 2915 5437 inquit
2958 5360 3224 5438 Scripta--

1627 5474 1684 5511 ra
1705 5459 1772 5510 ⁸³.
1824 5458 1929 5512 Sed
1957 5465 2012 5512 et
2043 5458 2220 5528 Moysi
2251 5457 2428 5527 inquit
2467 5455 2733 5515 Dominus
2765 5477 2777 5512 :
2808 5457 2970 5515 Deum
3001 5469 3203 5522 tecon-

1625 5550 1779 5604 stitui
1809 5548 2080 5602 Pharaoni
2095 5549 2163 5602 9°.
2212 5547 2275 5602 Et
2307 5549 2374 5604 de
2403 5549 2605 5605 divinis
2637 5549 2919 5618 judicibus
2964 5552 3140 5621 inquit
3175 5565 3191 5606 :

1639 5643 1754 5698 Diis
1789 5660 1890 5696 non
1920 5640 2218 5711 maledicas,
2246 5660 2338 5698 nec
2365 5643 2688 5713 principibus
2740 5644 2997 5713 populi”.
3031 5643 3198 5704 Recte

2927 5813 3185 5873 "Exod.

1730 5822 1773 5855 ⁸ο
1813 5815 1947 5874 Gen.
1992 5833 2064 5885 tv,
2101 5817 2190 5876 9.6.
2331 5818 2375 5852 ὀ
2419 5817 2585 5875 Exod.
2625 5833 2724 5885 vti,
2767 5818 2810 5872 Ι.
