3814 6522
46 455 124 513 921
1418 429 1765 491 DlALOGUS
1804 428 1845 492 l3.

48 578 123 623 και
146 559 299 614 πάντα
339 546 543 620 πληροῖ.
599 546 801 620 ’σγάρ
834 538 978 615 Θεὸς
1007 549 1196 621 ἡμῶν,
1238 548 1306 603 ἐν
1334 549 1416 615 τῷ
1456 551 1560 603 οὐ·

45 651 192 731 ρανῷ,
228 644 319 701 καὶ
352 640 419 696 ἐν
442 638 514 707 τῇ
552 637 649 708 τῆ,
678 639 747 692 ἐν
783 642 913 707 ταῖς
945 642 1302 707 θαλάσσαις,
1348 640 1451 693 καὶ
1496 640 1566 692 ἐν

48 746 233 805 πάσαις
253 735 373 801 ταῖς
399 733 709 798 ἀϐύσσοις,
744 734 908 804 φησιν
941 736 973 787 ο
998 735 1180 798 Δαϐὶδ,
1212 736 1240 786 ὁ
1269 730 1376 785 τῶν
1408 732 1567 785 θείων

47 836 260 912 μελῳδός.
324 829 407 893 Ἐξ
451 821 520 881 ὧν
566 826 950 899 παιδευόμεθα,
987 830 1068 883 ὅτι
1122 826 1351 881 ἐνώπιον
1400 825 1564 879 αὐτοῦ

47 932 324 1000 ὑπάρχουσι,
354 922 442 975 καὶ
465 917 689 990 ὁρᾶσθαι
716 918 862 991 αὐτῷ
891 922 951 974 οὐ
979 921 1135 992 μόνον
1163 920 1445 989 ἀγγέλους,
1473 918 1565 973 ἀλ-

46 1025 96 1076 λὰ
132 1020 211 1073 καὶ
248 1014 496 1074 διάϐολον,
537 1013 631 1066 καὶ
660 1012 937 1083 δαίμονας,
973 1012 1065 1067 καὶ
1091 1012 1430 1084 ἀνθρώπους,
1471 1010 1566 1064 καὶ

47 1118 209 1183 κτήνη,
240 1108 325 1161 καὶ
355 1105 419 1158 τά
459 1103 768 1175 σύμπαντα.
811 1106 921 1160 Καὶ
964 1106 1071 1176 γὰρ
1100 1105 1191 1159 ἐπὶ
1241 1104 1342 1175 γῆς
1392 1104 1562 1166 ὄντες,

45 1204 138 1275 Θεῷ
161 1198 549 1271 παριστάμεθα·
581 1197 763 1262 καθώς
787 1216 951 1270 φησιν
992 1188 1174 1262 Ἠλίας
1196 1200 1225 1252 ὁ
1258 1184 1561 1258 θεσπέσιος·

45 1298 111 1367 Ζῇ
135 1297 347 1363 Κύριος,
374 1285 421 1357 ᾧ
441 1290 755 1361 παρέστην
781 1291 1038 1345 ἐνώπιον
1061 1290 1247 1345 αὑτοῦ
1277 1289 1562 1360 σήμερον.

46 1392 92 1444 Εἰ
116 1389 209 1459 γὰρ
231 1386 301 1457 τῷ
327 1386 446 1455 ἀέρι
481 1384 657 1437 πάντα
702 1385 1120 1457 ἐμπεριέχεται,
1154 1383 1333 1455 πολλῷ
1367 1383 1565 1455 μᾶλλον

45 1481 102 1553 τῷ
139 1479 324 1533 ἐκείνου
365 1480 559 1548 ποιητῇ
608 1477 998 1545 ἐναπείληπται
1047 1481 1079 1549 ἡ
1119 1478 1429 1549 τετραφυὴς
1458 1477 1566 1529 τῶν

45 1576 149 1628 ὅλων
179 1571 509 1635 κατάστασις,
542 1571 575 1641 ἡ
605 1570 864 1639 ἄσαρκος,
896 1572 1056 1641 νοερά
1081 1589 1138 1624 τε
1164 1571 1258 1625 καὶ
1285 1569 1495 1641 λογικὴ,
1530 1570 1563 1641 ἡ

45 1663 232 1734 αἰσθητὴ
258 1662 347 1715 καὶ
393 1660 674 1733 ἔνσαρκος,
728 1664 760 1734 ἡ
806 1662 1084 1735 κτηνώδης
1133 1665 1227 1717 και,
1271 1663 1483 1731 ἄλογοςὶ
1531 1663 1568 1733 ἡ

45 1758 209 1826 Ξψυχος
229 1757 317 1808 καὶ
344 1752 679 1825 ἀναίσθητος.
720 1754 923 1809 Πάντα
958 1755 1070 1825 γὰρ
1099 1756 1297 1824 γυμνὰ
1336 1753 1436 1808 και
1474 1771 1563 1807 τε-

45 1846 437 1917 ιραχηλισμένα
489 1846 617 1919 τοῖς
661 1848 988 1917 ὀφθαλμοῖς
1035 1848 1220 1902 αὐτοῦ
1246 1887 1261 1911 ,
1308 1848 1405 1901 καὶ
1450 1849 1563 1901 οὐκ

45 1942 141 1994 ἔστι
168 1940 348 2006 κτίσις
379 1939 623 2009 ἀφανὴς
648 1939 906 1996 ἐνώπιον
927 1941 1133 2008 αὑτοῦ,
1174 1942 1340 2013 φησὶν
1371 1942 1403 1995 ὁ
1425 1941 1566 2004 θεῖος

46 2033 338 2097 Ἀπόστολος.

593 2232 841 2289 ΠΕΥΣΙΣ
879 2235 962 2288 N'.

84 2345 213 2397 Auri
242 2338 477 2416 Μωῦσῆς
521 2344 593 2418 μὴ
641 2347 739 2403 ἀπ’
786 2346 1032 2417 ἀγγέλων
1067 2342 1268 2420 ἤρξατο
1322 2348 1412 2400 καὶ
1460 2346 1569 2398 τῶν

45 2438 137 2498 ἱνω,
161 2440 249 2507 τῆς
275 2440 603 2512 συγγραφῆς
618 2457 634 2474 ο
665 2440 801 2494 ἀλλά
825 2440 1197 2513 παραδραμὼν
1218 2442 1343 2504 τοὺς
1364 2440 1570 2511 δήμους

45 2530 264 2598 ιγγέλων,
298 2531 389 2584 καὶ
424 2530 496 2586 τὰ
535 2530 901 2605 ὑπερουράνια
950 2532 1125 2587 πάντα
1146 2577 1161 2599 ,
1212 2534 1306 2588 ἀπ’
1337 2533 1567 2606 οὐρανοῦ

45 2621 107 2673 cui
127 2621 214 2691 γῆς
238 2621 324 2676 τοῦ
351 2623 739 2697 συντάγματος
766 2624 1000 2697 ἧρξατος

614 2802 966 2871 Ἀπόκρισις.

88 2878 459 2961 Ἀρμόττουσαν
518 2895 631 2956 τοῖς
672 2884 915 2965 καιροῖς,
965 2894 1058 2947 καὶ
1100 2896 1213 2958 τοῖς
1262 2891 1568 2963 ἀνθρώποις

45 2982 361 3054 ωμφέρουσαν
406 2984 521 3056 τὴν
568 2984 744 3055 ἀρχὴν
788 2986 883 3039 τοῦ
931 2985 1261 3057 γράμματος
1314 2983 1563 3048 τέθεικε,

45 3072 308 3142 ιροεφάτως
351 3074 635 3130 Ἰουδαίων
666 3076 765 3147 τῆς
793 3077 1069 3146 Αἰγύπτου
1094 3076 1442 3148 ἀπαράντων,
1474 3074 1569 3130 καὶ

46 3162 193 3217 ἱναυλα
215 3168 328 3229 ταῖς
353 3167 548 3232 ἀκοαῖς
590 3168 660 3221 τὰ
686 3169 786 3240 τῆς
814 3170 1038 3224 ἐκείνων
1066 3169 1274 3241 πλάνης
1313 3169 1565 3240 ἐχόντων.

46 3254 79 3304 η
104 3254 188 3323 μὲν
211 3256 312 3328 γὰρ
339 3257 449 3311 τῶν
492 3257 675 3312 ἀθέων
719 3260 811 3313 τὸν
852 3260 1097 3331 οὐρανὸν,
1130 3262 1179 3315 οἱ
1226 3260 1283 3314 δὲ
1330 3262 1429 3333 τὴν
1465 3260 1569 3331 γῆν

52 3343 359 3419 θεοποίησαν,
383 3348 667 3421 πνεύμασι
697 3351 793 3405 καὶ
818 3351 1071 3421 νεφέλαις
1098 3353 1455 3425 ἀλλοιούμενα
1474 3355 1569 3408 καὶ

45 3438 315 3509 τρεπόμενα.
368 3442 596 3515 Ἕτεροι
640 3434 698 3497 δὲ
742 3444 876 3516 ἡλίῳ
922 3447 1017 3499 καὶ
1059 3446 1254 3519 σελήνῃ
1295 3448 1356 3501 τὸ
1407 3445 1571 3513 σέϐας

45 3530 289 3601 ιπένεμονο
318 3534 384 3585 ἵν’
412 3536 461 3588 oi
497 3535 602 3606 μὲν
628 3535 865 3608 νύκτωρ,
902 3540 951 3591 οἱ
984 3538 1042 3591 δὲ
1076 3536 1289 3611 ἡμέρας
1319 3543 1387 3612 τῇ
1424 3540 1571 3593 δύσει

48 3622 110 3676 ὢν
131 3628 417 3698 φωστήρων
444 3627 601 3683 ἄθεοι
630 3629 904 3699 μείνωσιν.
934 3625 996 3685 Oi
1027 3633 1124 3703 μὲν
1144 3632 1255 3704 γὰρ
1280 3630 1371 3687 τὸν
1393 3633 1569 3699 νυκτὶ,

45 3716 97 3767 'ai
122 3718 325 3790 ὁμίχλῃ,
363 3722 458 3774 καὶ
487 3721 642 3775 κόνει
676 3722 1130 3795 ἐπισκοτούμενον
1159 3725 1532 3791 ἐκθειάζουσιν
1554 3742 1567 3755 ·

46 3808 59 3857 ξ
88 3808 247 3880 δὲτὴν
281 3812 606 3880 φθίνουσαν,
641 3814 736 3868 καὶ
773 3816 857 3878 είς
892 3815 952 3869 τὸ
986 3816 1158 3889 βραχὺ
1193 3819 1573 3891 ἀπολήγουσαν

45 3904 402 3969 τροσκυνοῦσιν.
467 3909 694 3979 Ἕτεροι
750 3909 808 3963 δὲ
861 3908 1067 3983 κρήνας
1140 3913 1234 3966 καὶ
1298 3914 1574 3983 ποταμοὺς

47 3994 345 4064 εολογοῦσιν,
392 3999 483 4054 ἵνα
514 4003 578 4053 ὲν
617 4000 763 4072 Θέρει
807 4002 905 4073 μὲν
932 4003 1221 4074 λήγοντος,
1263 4007 1321 4059 ὲν
1362 4004 1419 4059 δὲ
1460 4022 1576 4076 χει-

45 4081 137 4136 μῶνι
158 4091 599 4161 κορυφουμένους
622 4093 714 4144 καὶ
744 4088 1131 4160 ἔξοιδαίνοντας
1151 4099 1217 4168 τῇ
1247 4095 1570 4170 πλημμύρᾳ,

45 4177 157 4240 θεοὺς
178 4180 388 4250 ἔχωσιν.
418 4184 655 4257 Θάτεροι
683 4187 739 4240 δὲ
766 4188 827 4242 τὸ
855 4184 967 4259 περ
987 4189 1063 4251 ὡς
1091 4189 1220 4242 Θεὸν
1244 4192 1572 4261 πεφρίκασιο

45 4268 121 4321 ὁδ’
151 4273 364 4348 ἐπιϐολῇ
402 4277 602 4342 ’ὕδατος
629 4279 1006 4352 σϐεννύμενον,
1039 4282 1071 4353 ἢ
1112 4282 1288 4356 ἐνδείᾳ
1311 4284 1408 4355 τῆς
1440 4286 1574 4339 ὐπο-

45 4366 449 4468 ρενφούσης-ὖλης
488 4374 911 4444 μαραινόμενον.
957 4376 1021 4428 Ὢ
1049 4376 1149 4447 τῆς
1179 4376 1471 4442 ἀϐουλίαςε
1508 4378 1576 4432 τὰ

46 4460 143 4522 φῶν
177 4460 538 4537 εὐτελέστερα
585 4465 955 4531 ἐκθειάζουσιν
986 4469 1035 4522 oi
1079 4470 1437 4524 είκαιόϐουλοι
1485 4475 1577 4525 καὶ

46 4552 409 4626 αταιόφρονες,
440 4559 619 4623 ὅντως
646 4558 781 4613 Θεοῦ
815 4562 919 4615 ὑπὸ
964 4562 1066 4634 τῆς
1110 4564 1318 4635 πλάνης
1367 4566 1574 4635 ἀπαγό-

49 4661 163 4699 ενοι.
194 4650 270 4702 Δι’
295 4650 393 4716 οὓς
423 4652 657 4723 Μωσῆς,
694 4653 722 4707 ὁ
746 4653 855 4708 τῶν
881 4654 1040 4709 θείων
1071 4660 1439 4731 συγγραφεὺς,
1470 4676 1573 4713 κα-

45 4737 227 4840 ξλιπὼν
274 4742 346 4796 τὰ
393 4745 751 4816 ὑπερκόσμια
776 4786 791 4811 ,
840 4749 906 4800 ὲκ
942 4747 1049 4802 τῶν
1078 4750 1451 4822 ὑποκειμένων
1478 4753 1579 4822 τῆς

45 4833 299 4903 ξηγήσεως
333 4835 591 4909 ἄρχεται,
616 4836 704 4891 διὰ
730 4838 838 4893 τῶν
875 4840 1146 4911 αἰσθητῶν
1174 4843 1268 4896 καὶ
1287 4844 1579 4915 ὁρωμένων

45 4927 239 4997 οδηγῶν
260 4932 466 4996 αὐτοὺς
492 4931 632 5004 πρὸς
650 4930 719 4988 τὰ
740 4935 919 5004 νοερὰ,
937 4936 1141 4989 καὶτὸν
1160 4937 1388 5008 ἀόρατον
1411 4937 1580 5002 ὄντως

46 5018 140 5073 εον.
180 5023 598 5094 Παραπλησίως
637 5023 692 5078 δὲ
730 5024 904 5095 τούτῳ
932 5026 1025 5078 καὶ
1055 5028 1103 5079 oi
1134 5027 1261 5099 περὶ
1288 5028 1378 5080 τὸν
1424 5028 1580 5082 Ἀνα-

46 5110 109 5162 ῖαν
146 5112 425 5169 θεσπέσιοι
454 5116 553 5168 τὸν
585 5116 922 5171 Βαϐυλώνιον
956 5117 1108 5185 Θεὸν,
1136 5118 1290 5189 δίκην
1317 5119 1489 5190 πυροῦ
1518 5119 1580 5173 τὸ

46 5203 104 5275 ὖρ
131 5210 608 5271 καταπατοῦντες,
640 5209 700 5262 τὸ
728 5208 927 5283 νάφθῃ,
970 5211 1064 5263 καὶ
1105 5210 1295 5283 πίσσῃ,
1328 5211 1420 5263 καὶ
1451 5210 1581 5281 κλη-

45 5300 170 5387 ατίδι
194 5301 638 5374 κορυφούμενον,
670 5300 825 5355 ὕδατι
853 5302 911 5357 δὲ
938 5301 1358 5372 θανατούμενον,
1386 5304 1580 5359 E1310-

45 5390 165 5459 εἴτε,
199 5394 403 5449 πάντα
428 5397 507 5450 τὰ
546 5397 691 5466 ἔργα
724 5396 968 5464 Κυρίου,
994 5396 1101 5450 τὸν
1121 5395 1360 5464 Κύριον,
1394 5396 1579 5465 φασὶν,

45 5484 86 5535 τὶ
114 5486 200 5540 τὸν
229 5487 396 5542 eam
428 5505 494 5542 τε
538 5489 633 5543 καὶ
666 5486 1079 5559 ἀχειροποίητον
1108 5484 1239 5542 Θεὸν
1285 5475 1583 5552 Χαλδαίους

45 5576 114 5637 ιὺς
154 5576 347 5642 ἀθέους
395 5578 842 5650 καθηγούμενοι,
877 5580 1084 5643 πάντας
1138 5580 1263 5643 τοὺς
1314 5578 1582 5650 Ἕλληνας

45 5672 145 5735 iob;
173 5675 456 5746 κτίσματα
490 5676 590 5729 καὶ
631 5675 769 5747 ἔργα
799 5676 1063 5746 ὑπάρχειν
1103 5674 1196 5729 τοῦ
1239 5675 1409 5740 ὅντως
1448 5676 1582 5748 ἀλη-

46 5764 136 5818 ηνοῦ
163 5769 257 5821 καὶ
286 5769 556 5822 ἀκτίστου
588 5767 723 5823 Θεοῦ
747 5768 1059 5841 δηλοῦντεςο
1094 5769 1413 5841 Εὑλογεῖτε
1449 5771 1577 5842 γὰρ,

3136 423 3243 479 933

1667 560 1721 608 et
1755 550 2149 619 magnitudinis
2173 565 2367 619 expers
2394 560 2449 604 et
2489 543 3085 617 incomprehensibilis,
3116 543 3239 596 ubi.

1664 658 1772 713 que
1808 653 2049 712 praesens
2085 643 2191 707 sit,
2222 650 2276 695 et
2305 641 2487 696 onmia
2522 640 2763 709 itnpleat.
2800 636 2942 691 Nam
2976 634 3116 689 Dens
3145 649 3241 688 no-

1665 745 1774 788 ster
1804 736 1857 788 in
1889 734 2015 789 caelo
2048 746 2124 788 est
2157 735 2289 788 etin
2329 743 2470 786 terra
2493 771 2509 795 ,
2551 733 2606 785 in
2642 732 2778 784 mari
2816 740 2865 784 et
2904 731 2959 781 in
2996 726 3239 781 omnibus

1667 827 1909 897 abyssis,
1964 826 2143 896 inquit
2188 824 2422 879 Davides
2457 825 2525 888 ",
2567 823 2878 877 divinorum
2930 820 3240 875 carminum

1667 929 1879 975 auctor.
1912 918 1988 973 Ex
2013 920 2214 989 quibus
2237 920 2497 973 docemur
2527 917 2581 969 in
2607 921 2904 983 conspectu
2933 914 3055 982 ejus
3083 926 3234 978 esse,

1666 1022 1721 1068 et
1745 1012 1989 1082 conspici
2019 1013 2088 1066 ab
2117 1013 2239 1082 ipso
2270 1025 2379 1064 non
2411 1009 2589 1063 solum
2620 1008 2846 1077 angelos
2866 1044 2881 1069 ,
2920 1003 3015 1059 sed
3041 1012 3093 1057 et
3124 1002 3241 1055 dia-

1666 1105 1853 1159 bolum
1881 1112 1935 1160 et
1962 1104 2270 1168 daamones,
2301 1111 2356 1157 et
2386 1102 2639 1156 homines
2659 1143 2673 1167 ,
2696 1100 3053 1167 etjumenta,
3083 1106 3131 1151 et
3164 1094 3243 1149 si-

1667 1196 1781 1248 mul
1811 1194 1865 1249 in
1897 1195 2212 1250 universum
2237 1196 2445 1249 omnia.
2481 1190 2950 1259 Quemadmodum
2977 1188 3125 1242 Elias
3152 1188 3245 1242 ille

1669 1288 1889 1344 divinus
1919 1289 2034 1343 ait:
2073 1287 2208 1342 Vivit
2244 1287 2535 1350 Dominus,
2568 1288 2624 1340 in
2657 1283 2808 1348 cuius
2840 1291 3116 1346 conspectu
3149 1297 3243 1350 ego

1667 1390 1751 1435 sto
1781 1381 1934 1434 hodie
1963 1380 2030 1434 ⁸⁷.
2061 1378 2194 1433 Natu
2224 1378 2268 1433 si
2303 1393 2429 1432 aere
2455 1376 2639 1431 omnia
2670 1375 3042 1434 continuentur,
3070 1370 3245 1424 multo

1669 1474 1843 1543 magis
1873 1473 1927 1527 in
1962 1473 2110 1528 illius
2137 1471 2419 1525 conditore
2444 1468 2842 1538 comprehensa
2866 1473 2949 1521 est
2977 1464 3091 1518 bzec
3114 1476 3246 1532 qua-

1670 1566 1960 1637 dripartita
1998 1574 2208 1620 naturae
2246 1561 2625 1619 universitatis
2666 1575 2846 1615 rerum
2882 1556 3241 1616 constitutio,

1665 1676 1899 1731 quarum
1927 1674 2035 1714 una
2064 1658 2248 1713 carnis
2272 1666 2351 1713 est
2379 1670 2577 1726 expers
2596 1695 2613 1719 ,
2640 1651 2971 1707 intellectilis
2995 1656 3049 1703 et
3077 1647 3247 1700 ratio-

1668 1754 1841 1817 nalis,
1871 1752 2042 1807 altera
2073 1750 2291 1807 sensilis
2316 1761 2371 1804 et
2395 1764 2560 1804 carne
2585 1746 2810 1819 praedita
2838 1753 2891 1800 et
2920 1739 3205 1797 rationalis
3224 1778 3240 1800 .

1667 1848 1827 1903 tertia
1858 1846 2094 1899 animata
2120 1851 2175 1899 et
2204 1842 2543 1897 irrationalis
2564 1882 2579 1907 ,
2609 1847 2806 1910 quarta
2846 1836 3150 1891 inanimata
3184 1840 3243 1887 et

1670 1955 1867 1996 sensus
1895 1952 2111 2008 expers.
2152 1934 2348 1991 Omnia
2374 1934 2511 1989 enim
2538 1932 2682 1987 nuda
2713 1939 2836 1985 sunt
2862 1938 2911 1984 et
2940 1927 3247 1996 resupinam

1668 2047 1851 2086 coram
1884 2028 2049 2084 oculis
2078 2025 2193 2097 ejus
2215 2067 2230 2093 ,
2262 2042 2353 2079 nec
2389 2033 2467 2079 est
2499 2035 2745 2077 creatura
2778 2019 2989 2074 occulta
3023 2017 3078 2071 in
3114 2032 3244 2071 con—

1667 2134 1847 2195 spectu
1872 2123 1986 2194 ejus
2007 2163 2023 2187 ,
2053 2121 2229 2191 inquit
2259 2120 2419 2173 divus
2448 2117 2745 2187 Apostolus
2774 2115 2841 2167 ".

2142 2228 2663 2289 iNTERROGATIO
2698 2227 2762 2283 L.

1739 2348 1919 2417 Quare
1951 2346 2128 2404 Moses
2164 2355 2273 2401 non
2305 2346 2376 2400 ab
2404 2343 2650 2415 angelis,
2678 2350 2733 2397 et
2760 2340 2829 2395 ab
2862 2339 2931 2394 iis
2962 2351 3084 2409 qua
3113 2341 3243 2390 sunt

1670 2443 1724 2497 in
1762 2443 2051 2510 supernis,
2090 2448 2322 2495 exorsus
2355 2445 2439 2493 est
2471 2434 2894 2505 descriptionem
2921 2466 2936 2495 ,
2971 2430 3067 2486 sed
3106 2444 3247 2499 pra-

1669 2534 1850 2589 teritis
1908 2533 2228 2602 angelorum
2283 2528 2641 2592 nationibus,
2696 2524 3065 2593 omnibusque
3124 2536 3250 2592 qua:

1670 2638 1835 2697 supra
1893 2625 2066 2681 caelos
2125 2632 2289 2687 sunt,
2337 2636 2368 2677 a
2430 2621 2573 2676 caelo
2625 2628 2683 2674 et
2721 2626 2869 2674 terra
2923 2622 3242 2671 contextum

1668 2736 1828 2775 orsus
1861 2727 1942 2773 est
1967 2718 1995 2771 ἵ
2748 2712 2758 2723 ‘

2303 2808 2610 2877 Responsio.

1740 2907 2083 2962 Conveniens
2116 2902 2458 2973 temporibus
2490 2908 2545 2956 et
2577 2897 2895 2954 hominibus
2929 2893 3063 2951 utile
3096 2892 3250 2963 prin-

1669 3002 1869 3071 cipium
1904 2997 2095 3068 scripti
2125 2996 2212 3051 sui
2249 2996 2478 3059 statuit,
2520 2991 2744 3063 quando
2788 2990 2841 3043 id
2883 2986 3146 3056 temporis
3182 3000 3249 3039 ex

1668 3093 1903 3165 Egypto
1926 3089 2101 3145 Judaei
2129 3090 2413 3148 exierant,
2441 3095 2495 3140 et
2526 3084 2838 3139 insinuatos
2871 3080 3101 3135 auribus
3130 3078 3251 3132 illo-

1672 3201 1791 3239 rum
1821 3197 2040 3239 errores
2069 3180 2362 3236 habebant.
2391 3177 2527 3231 Nam
2554 3175 2645 3230 alii
2671 3174 2885 3245 quidem
2918 3170 3212 3241 impiorum
3232 3206 3249 3231 ,

1682 3277 1881 3333 caalum
1906 3294 1921 3343 ;
1955 3275 2043 3329 alii
2079 3289 2209 3329 vero
2239 3282 2438 3327 terram
2467 3269 2900 3324 deiﬁcaverunt:
2933 3279 3054 3335 qua:
3082 3263 3191 3318 duo
3219 3276 3252 3316 a

1674 3370 1852 3427 ventis
1888 3377 1942 3424 et
1973 3367 2214 3423 nubibus
2245 3372 2549 3419 mutantur.
2586 3359 2693 3414 Alii
2731 3368 2913 3413 autem
2946 3356 3048 3412 soli
3078 3362 3132 3409 et
3163 3353 3254 3409 lu-.

1673 3478 1758 3518 na:
1778 3459 2146 3517 venerationis
2170 3457 2378 3511 cultum
2406 3455 2806 3513 exbibuerunt,
2833 3458 2894 3504 ut
2920 3448 3011 3503 alii
3036 3446 3253 3517 quidem

1675 3562 1869 3617 noctu,
1913 3552 2007 3606 alii
2052 3564 2182 3604 vero
2212 3547 2450 3602 interdiu
2483 3562 2578 3616 per
2606 3557 2865 3599 occasum
2895 3539 3252 3596 luminarium

1676 3648 1826 3718 impii
1865 3650 2183 3709 manerent;
2221 3655 2346 3695 nam
2381 3639 2438 3693 bi
2474 3638 2695 3709 quidem
2734 3650 2856 3706 quas
2885 3643 3047 3689 nocte
3077 3638 3132 3686 et
3162 3646 3258 3685 ne-

1674 3739 1804 3794 bula
1831 3744 1886 3792 et
1922 3734 2145 3806 pulvere
2176 3732 2570 3791 obscurantur,
2617 3728 2761 3781 inter
2792 3724 2926 3780 deos
2969 3721 3256 3788 referunt;

1676 3832 1754 3887 illi
1784 3844 1918 3885 vero
1948 3828 2310 3881 intereuntem
2331 3862 2345 3885 ,
2374 3830 2429 3875 et
2457 3821 2619 3890 paulo
2651 3827 2776 3888 post
2802 3816 3106 3871 desituram
3134 3813 3260 3868 ado-

1676 3931 1821 3980 rant.
1871 3920 1979 3975 Alii
2014 3919 2144 3973 item
2176 3915 2357 3970 fontes
2395 3923 2449 3969 et
2491 3912 2714 3966 ﬂumina
2753 3911 2888 3965 deos
2936 3923 3059 3963 esse
3107 3921 3260 3962 asse-

1676 4024 1827 4080 runt,
1853 4022 1914 4069 ut
1942 4014 1997 4068 in
2022 4017 2212 4067 testate
2235 4006 2455 4077 quidem
2480 4002 2809 4064 desinentia,
2842 4002 2897 4056 in
2928 4001 3106 4055 hieme
3128 4014 3258 4053 vero

1677 4117 1836 4166 aucta
1868 4115 1923 4163 et
1951 4102 2284 4161 exundantia
2313 4101 2445 4155 deos
2478 4098 2735 4152 habeant.
2768 4096 2874 4148 Alii
2912 4108 3040 4148 vero
3073 4094 3257 4161 ignem

1676 4202 1833 4275 quasi
1857 4201 2020 4255 deum
2046 4204 2330 4258 metuunt,
2355 4192 2445 4263 qui
2475 4202 2659 4247 tamen
2684 4188 2868 4244 infusa
2890 4202 3032 4257 aqua
3054 4186 3260 4242 exstin-

1677 4297 1882 4369 guitur,
1909 4301 2004 4347 aut
2026 4290 2242 4345 defectu
2272 4286 2570 4342 nutrientis
2595 4283 2839 4339 materia!
2871 4281 3182 4337 marcescit.
3213 4276 3260 4336 0

1677 4388 2007 4445 dementiam
2032 4384 2045 4439 ι
2076 4397 2199 4452 quae
2228 4395 2288 4436 se
2318 4379 2455 4450 ipsis
2482 4384 2611 4433 sunt
2639 4376 2939 4446 abjectiora
2958 4414 2974 4439 ,
3001 4374 3262 4430 deiﬁcant

1678 4481 1804 4535 vani
1836 4486 1891 4534 et
1925 4476 2275 4547 insipientes,
2314 4489 2344 4525 a
2372 4486 2504 4527 vero
2536 4469 2646 4525 Deo
2674 4484 2773 4540 per
2799 4483 3047 4523 errorem
3080 4467 3259 4521 abduo

1679 4576 1775 4632 cti.
1804 4574 2032 4644 Propter
2061 4586 2201 4643 quos
2233 4568 2410 4625 Muses
2446 4584 2628 4623 rerum
2660 4566 2975 4623 divinarum
3020 4566 3259 4635 scriptor

1681 4668 1888 4723 relictis
1922 4662 2400 4727 ultramundanis,
2442 4662 2513 4717 ab
2561 4662 2630 4717 iis
2673 4677 2795 4731 quae
2834 4660 3020 4730 captui
3066 4668 3258 4714 nostro
3364 4682 3377 4695 ι

1675 4767 1805 4816 sunt
1833 4758 2107 4828 exposita,
2138 4755 2508 4811 narrationem
2545 4753 2781 4816 orditur,
2814 4768 2911 4822 per
2939 4753 3162 4807 sensilia
3201 4760 3255 4806 et

1675 4849 2026 4920 aspectabilia
2054 4849 2261 4903 ducens
2291 4848 2357 4901 ad
2386 4844 2719 4900 intellectilia
2752 4851 2805 4897 et
2833 4843 2900 4896 ad
2944 4844 3259 4911 inaspecta-

1674 4942 1840 4997 biletn
1871 4941 2019 4994 illum
2048 4954 2350 5007 verumque
2381 4936 2575 4991 Deum.
2623 4934 2705 4988 Ad
2736 4933 2986 4988 eumdem
3034 4933 3255 4986 modum

1676 5033 1837 5090 etilli
1885 5031 2020 5088 socii
2077 5030 2304 5084 Ananiae
2349 5027 2521 5083 divini
2570 5026 2847 5088 hominis,
2898 5024 3256 5095 Babylonium

1684 5122 1869 5190 deum,
1907 5124 2237 5196 supplicium
2275 5121 2516 5177 fornacis
2548 5128 2602 5176 et
2633 5122 2812 5191 ignem
2844 5120 3254 5182 conculcantes,

1676 5219 1771 5289 qui
1808 5218 2048 5288 napbtba
2085 5222 2139 5272 et
2173 5214 2294 5285 pice
2328 5223 2382 5269 et
2416 5213 2716 5270 sarmentis
2754 5213 3078 5281 angebatur,
3112 5226 3255 5281 aqua

1676 5327 1810 5367 vero
1842 5309 2319 5380 exstinguebatur,
2350 5306 2651 5361 Benedicite
2676 5348 2690 5369 ,
2734 5306 2913 5358 omnia
2946 5320 3103 5373 opera
3140 5303 3251 5357 Do-

1679 5406 1844 5468 mini,
1878 5403 2166 5458 Dominum
2197 5403 2265 5464 ⁹⁹,
2304 5400 2577 5470 inquiunt.
2630 5398 2709 5452 Ad
2754 5398 3168 5453 immaterialem
3202 5404 3256 5451 et

1680 5498 1847 5553 nullis
1879 5496 2135 5552 manibus
2166 5494 2369 5549 factum
2403 5492 2575 5549 Deum
2614 5492 2810 5564 impios
2845 5486 3131 5547 Chaldazos
3161 5506 3254 5561 per

1678 5588 2081 5644 institutionem
2116 5587 2258 5642 hanc
2291 5585 2554 5642 ducentes
2579 5627 2593 5651 ,
2635 5601 2699 5640 ac
2735 5599 2928 5640 omnes
2968 5583 3252 5656 gentilium

1678 5681 1813 5736 deos
1840 5688 2123 5736 creaturas
2152 5688 2206 5736 et
2240 5695 2405 5750 opera
2454 5696 2576 5736 esse
2627 5694 2757 5735 vere
2796 5677 3150 5734 subsistentis
3195 5684 3252 5732 et

1687 5774 1801 5829 veri
1830 5783 1884 5829 et
1911 5773 2139 5829 increati
2163 5771 2257 5828 Dei
2281 5774 2595 5830 innuentes.
2638 5772 2958 5837 Benedicite,
2981 5769 3249 5841 inquiunt,

68 5942 111 5975 “
148 5943 291 6003 Psal.
324 5963 556 6018 cxxnv,
588 5949 641 6009 6.
717 5952 762 5985 "
800 5950 866 6007 lV
900 5952 1032 6024 lieg.
1060 5968 1141 6019 ut,
1181 5952 1259 6008 14.
1338 5955 1381 5990 ³³
1422 5954 1565 6013 ilebr

1677 5996 1692 6023 ,
1730 5956 1816 6013 i3.
1892 5959 1936 5992 θ’
1967 5955 2103 6025 Dan.
2144 5973 2225 6029 ιιι,
2258 5957 2322 6014 57
2363 5971 2517 6030 seqq.
