3818 6514
520 410 631 469 ΜΞ

524 535 704 588 omnia
737 549 896 603 opera
932 532 1179 598 Domini,
1214 534 1542 602 Dominum;
1574 545 1977 606 consequenter
2024 551 2091 591 eo

527 624 750 678 cantico
798 622 1274 688 demonstrantes,
1324 623 1434 679 Deo
1478 624 1640 679 simul
1683 625 1737 678 in
1781 625 2095 678 universum

529 718 715 771 omnia
765 718 831 771 ad
890 717 1241 772 serviendum
1307 733 1430 773 esse
1484 718 1741 772 obnoxia.
1801 717 2099 772 Benedicite

527 814 704 880 ipsum
726 851 741 876 ,
771 810 962 876 aiunt,
991 811 1202 880 angeli,
1231 811 1379 876 cmli,
1408 828 1576 880 aqum,
1606 814 1687 865 sol
1706 851 1721 876 ,
1749 811 1896 874 luna,
1927 820 2095 873 astra,

526 901 699 970 ignis,
737 908 910 963 terra,
949 910 1171 962 montes,
1210 900 1390 965 colles,
1425 901 1705 970 jumenla,
1754 901 1964 965 bestia,
2013 918 2098 955 re-

524 991 715 1062 ptilia,
752 992 990 1045 volatilia
1013 1031 1028 1054 ,
1053 999 1108 1046 et
1158 1000 1358 1046 cetera
1400 1007 1740 1064 quaecunque
1784 993 2014 1064 gentiles
2044 993 2099 1047 in

528 1084 755 1137 deorum
785 1097 1073 1137 numerum
1102 1083 1428 1138 retulerunt.

1002 1193 1210 1249 INTER
1220 1194 1518 1251 ROGA'I'IO
1557 1195 1640 1252 LI.

600 1307 884 1372 Quomodo
912 1307 1119 1362 creavit
1154 1307 1296 1364 Deus
1335 1309 1517 1364 omnia
1544 1349 1558 1374 ,
1596 1309 1915 1380 priusquam
1949 1311 2096 1366 exsi-

526 1407 698 1454 sterct
733 1399 986 1454 materies
1016 1415 1120 1469 qua
1152 1402 1435 1454 uteretur?

1159 1489 1467 1557 Responsio.

599 1578 781 1634 Primo
824 1581 1043 1651 quidem
1090 1581 1179 1635 die
1224 1597 1290 1636 ex
1341 1583 1491 1637 nullo
1545 1583 1793 1652 subjecto
1845 1585 2099 1640 materies

528 1673 822 1743 produxit,
858 1673 1022 1728 simul
1063 1674 1347 1744 cegitans,
1393 1674 1572 1744 qualis
1617 1690 1953 1746 unaquaeque
2000 1692 2100 1730 cu-

523 1765 723 1835 jusque
751 1765 970 1820 deberet
999 1781 1121 1820 esse
1165 1766 1439 1820 materies.
1491 1767 1690 1821 Deinde
1741 1769 1921 1824 statim
1973 1784 2099 1839 pro-

528 1859 732 1913 ferebat
757 1874 819 1914 ea
852 1874 972 1928 quae
997 1859 1352 1928 cogitaverat.
1391 1859 1567 1929 Atque
1600 1861 1702 1914 hoc
1755 1861 1875 1914 loco
1924 1863 2090 1915 nolim

527 1958 582 2002 te
622 1949 753 2002 mihi
787 1948 966 2003 delabi
1002 1947 1068 2002 ad
1113 1948 1515 2018 cogitationes,
1561 1960 1617 2003 ut
1663 1965 1913 2019 qurererc
1960 1950 2094 2006 velis

531 2054 642 2107 quo
671 2039 722 2092 id
757 2049 914 2108 pacto
943 2040 1014 2093 sit
1048 2039 1248 2092 factum
1280 2056 1293 2104 ;
1325 2055 1449 2092 nam
1486 2050 1539 2094 et
1572 2041 1820 2108 volebat,
1857 2050 2095 2111 et.pote-

526 2139 613 2183 rat
645 2130 823 2184 omnia
857 2131 936 2184 vis
967 2131 1060 2184 illa
1107 2131 1350 2186 eﬂ'ectrix
1403 2131 1669 2187 omnium.
1728 2131 1807 2185 Ex
1857 2132 1925 2188 iis
1967 2148 2098 2187 vero

527 2235 649 2289 qua:
678 2220 765 2274 die
795 2220 1037 2275 condidit
1073 2223 1246 2291 primo
1269 2262 1283 2286 ,
1320 2222 1518 2277 deinde
1549 2223 1761 2292 reliqua
1794 2235 1976 2279 creata
2009 2224 2095 2278 fe-

528 2313 639 2377 cit,
669 2311 919 2366 videlicet
953 2314 1149 2368 caelum
1181 2315 1416 2382 primum
1440 2354 1454 2377 ,
1487 2330 1598 2368 non
1632 2315 1766 2370 illud
1799 2315 1945 2386 quod
1973 2331 2098 2370 cer-

532 2403 715 2455 nimus
736 2442 750 2466 ,
785 2401 881 2457 sed
909 2417 1076 2472 supra
1109 2407 1347 2472 positum
1369 2443 1383 2468 ,
1419 2405 1486 2459 de
1519 2419 1624 2474 quo
1653 2403 1883 2460 Davides
1912 2407 2096 2472 canit,

529 2494 731 2547 (Icelum
758 2495 873 2548 caeli
904 2494 1132 2549 Domino
1174 2498 1212 2559 ¹,
1245 2497 1311 2551 ad
1345 2497 1565 2551 modum
1599 2497 1794 2553 domus
1827 2497 2097 2568 duplicem

528 2582 790 2640 fornicem
847 2586 1127 2653 habentis,
1185 2589 1546 2658 intersepiens
1601 2598 1656 2646 et
1701 2591 2019 2647 discernens
2069 2610 2100 2646 a

528 2677 882 2732 terrestribus
917 2679 1336 2734 ultramundana
1357 2719 1373 2745 ,
1403 2688 1457 2735 et
1486 2681 1650 2737 veluti
1686 2682 1929 2739 tabulato
1963 2701 2103 2756 quo-

528 2766 652 2820 dam
685 2765 968 2822 dirimens.

983 2876 1498 2940 INTERIIOGATIO
1537 2885 1645 2941 LII.

599 2993 780 3060 Quare
825 3011 934 3050 non
982 3000 1205 3068 scripsit
1260 2999 1474 3063 llloses,
1520 3001 1666 3070 quod
1715 3001 1904 3058 fecerit
1959 3001 2103 3059 Deus

529 3097 724 3153 aquam
749 3127 764 3152 ,
799 3096 892 3140 aut
927 3089 1103 3157 ignem
1125 3129 1139 3151 ,
1177 3098 1269 3142 aut
1302 3107 1424 3143 acra
1451 3131 1464 3153 ,
1501 3101 1557 3144 ut
1589 3094 1656 3147 de
1699 3099 1838 3153 cmlo
1862 3107 1915 3154 et
1935 3108 2071 3154 terra

529 3179 817 3234 arboribus
851 3188 905 3233 ct
933 3182 1144 3235 caeteris
1169 3182 1192 3233 ?

1044 3273 1047 3275 ’
1163 3269 1465 3333 Responsio.

600 3360 753 3438 Num
781 3377 933 3432 ergo,
959 3363 1096 3433 quia
1145 3363 1229 3454 id.
1254 3364 1416 3419 etiam
1472 3366 1732 3434 scriptum
1793 3377 1900 3428 est,
1955 3376 2103 3437 quod

529 3451 694 3518 Deus,
727 3466 950 3524 accepto
979 3451 1390 3525 pulvere'terrae
1445 3456 1759 3513 formaverit
1800 3460 2100 3524 hominem,

531 3564 706 3618 neque
733 3548 974 3601 additum
1004 3549 1093 3613 sit,
1132 3549 1277 3618 quod
1314 3550 1362 3603 ei
1398 3548 1585 3603 fecerit
1620 3553 1836 3617 oculos,
1877 3563 1971 3607 aut
2005 3570 2104 3607 au-

529 3652 640 3700 res,
677 3648 769 3692 aut
804 3637 988 3708 pedes,
1019 3647 1114 3692 aut
1143 3640 1464 3706 brachium;
1505 3641 1624 3695 ideo
1674 3644 1976 3712 putandum
2015 3653 2100 3701 est

532 3745 561 3783 a
602 3728 708 3783 Deo
742 3745 848 3782 non
885 3744 1006 3784 esse
1031 3737 1215 3783 creata
1251 3731 1433 3783 omnia
1482 3740 1692 3786 natura:
1720 3750 1946 3803 organa,
1986 3744 2101 3792 tum

533 3822 745 3875 interna
777 3831 890 3874 tum
931 3822 1192 3876 externa?
1219 3820 1486 3876 Nimirum
1523 3824 1576 3877 in
1611 3825 1678 3880 iis
1707 3842 1829 3896 qua:
1875 3843 2102 3900 compo-

533 3915 664 3976 sita,
697 3920 750 3968 et
781 3911 1078 3983 aliquando
1115 3912 1364 3982 sejuncta
1413 3923 1562 3978 sunt,
1606 3932 1673 3971 ex
1721 3923 2104 3988 priestantiore

532 4005 709 4076 ipsam
767 4020 880 4060 rem
928 4015 1320 4076 repracsentare
1381 4023 1539 4062 sacra
1597 4007 1880 4082 Scriptura
1939 4015 2100 4069 solet.

531 4099 998 4165 Quemadmodum
1048 4090 1358 4154 divinoﬂtm
1422 4105 1726 4158 carminum
1777 4115 1968 4160 auctor
2019 4108 2106 4161 itt-

532 4192 672 4260 quit,
708 4190 902 4244 Beatus
952 4190 1032 4244 vir
1060 4192 1148 4261 qui
1205 4209 1306 4245 non
1365 4194 1494 4245 abiit
1555 4195 1612 4246 in
1649 4197 1871 4250 consilio
1912 4199 2104 4268 impio-

534 4297 653 4333 rum
679 4283 699 4312 ¹
732 4299 745 4334 :
783 4295 890 4334 non
938 4283 1125 4350 utique
1159 4297 1188 4335 a
1223 4283 1559 4338 beatitudine
1609 4288 1866 4342 mulieres
1916 4291 2104 4343 exclu-

534 4374 708 4439 dens;
747 4373 840 4427 sed
877 4389 999 4426 cum
1032 4373 1221 4428 eadem
1282 4375 1351 4428 sit
1414 4387 1629 4438 natura,
1691 4393 1755 4431 ex
1819 4383 2103 4450 principa-

533 4467 675 4522 Iiure
701 4480 920 4519 carmen
949 4466 1180 4518 orditur.
1241 4466 1315 4518 Ex
1376 4467 1443 4520 iis
1483 4467 1649 4536 igitur
1707 4485 1826 4538 quae
1890 4471 1945 4524 in
1997 4472 2104 4528 isto

534 4555 776 4610 carmine
804 4555 1180 4625 prmslantiora
1213 4563 1376 4618 sunt,
1423 4557 1588 4610 etiam
1641 4558 1708 4612 de
1747 4563 2105 4629 sequentibus

533 4647 800 4717 judicium
838 4647 952 4699 fiat.
986 4644 1118 4698 Nam
1152 4647 1671 4701 conuuemoratione
1695 4650 1821 4702 coeli
1849 4659 1903 4704 et
1926 4658 2106 4719 terrae,

536 4739 850 4794 uuiversmn
923 4737 1028 4791 hoc
1079 4737 1598 4806 comprehenditur,
1649 4754 1765 4807 aer,
1843 4744 2106 4815 tenebrae,

536 4831 790 4904 abyssus.

974 4940 1493 4999 INTERROGATIO
1533 4943 1664 5001 LIII.

605 5058 718 5114 Cur
745 5066 926 5113 autem
955 5057 1115 5126 quasi
1148 5055 1358 5111 viribus
1388 5055 1616 5110 inferior
1639 5056 1838 5126 Moses,
1871 5076 1982 5116 non
2013 5078 2107 5134 ag-

536 5169 757 5224 gressus
808 5161 890 5206 est
929 5150 1171 5205 scribere
1214 5148 1561 5203 tenebrarum
1608 5158 1663 5203 et
1719 5151 1900 5221 abyssi
1948 5169 2102 5210 crea.

537 5255 739 5295 tionem
763 5241 785 5293 ?

1174 5328 1482 5397 Responsio.

608 5423 901 5478 Enimvero
935 5438 1055 5491 quae
1086 5422 1263 5477 Moses
1298 5423 1576 5492 praeteriit,
1615 5425 1913 5493 quominus
1961 5428 2102 5482 scri-

539 5517 714 5578 heret,
755 5530 862 5569 non
895 5514 1105 5569 viribus
1132 5514 1430 5570 destitutus
1463 5515 1614 5580 fecit,
1649 5519 1742 5573 sed
1776 5521 2097 5576 exercitium

540 5605 698 5657 nobis
731 5604 974 5674 reliquit.
1013 5603 1272 5659 Solomon
1323 5605 1548 5675 scripsit
1590 5606 1643 5660 in
1695 5623 1930 5678 persona
1979 5609 2102 5667 Filii

613 5741 629 5771 ‘
671 5739 817 5797 Psal,
849 5757 1004 5804 cxut,
1045 5743 1130 5798 16.
1205 5747 1225 5776 ²
1263 5740 1414 5800 Psal.
1444 5759 1483 5807 t,
1522 5745 1572 5799 t.

614 5886 727 5956 (18)
764 5889 1198 5956 ’Υπαρχούσας.
1236 5889 1396 5946 Forte
1420 5887 1784 5958 ὑπαρχούσης.
1815 5884 1974 5957 ενι-ι.

1598 416 1654 472 s.
1697 394 2008 472 cmssnn-
2038 413 2367 471 caecos"
2407 411 2708 469 FRATRIS

3643 409 3736 467 εει

2199 535 2355 603 φασὶ,
2383 533 2579 587 πάντα
2603 530 2675 585 τὰ
2695 530 2838 599 ἔργα
2859 527 3097 596 Κυρίου,
3125 527 3232 581 τὸν
3250 526 3498 596 Κύριονο
3535 526 3732 582 ἀκολιὺ-

2201 626 2308 689 θως
2349 628 2414 696 τῇ
2467 624 2721 696 μελῳδίᾳ,
2766 621 2926 676 δοῦλα
2969 619 3086 692 Θεῴ
3117 620 3487 691 παριστῶντες
3521 621 3587 672 τὰ
3617 623 3731 691 σύμ-

2201 734 2397 779 παντα,
2445 716 2782 785 Εὑλογεῖτε,
2833 715 3148 784 φάσκοντες,
3202 711 3464 782 ἄγγελοι,
3498 714 3729 780 οίῳανοξ.

2198 808 2406 874 ὕδατα,
2439 808 2632 874 ἣλιος,
2658 805 2913 874 σελήνη,
2940 804 3150 872 ἄστρα,
3177 804 3315 872 πῦρ,
3339 803 3440 873 γῆ,
3473 804 3732 872 ὅρη,βου-

2198 898 2312 962 νοὶ,
2345 898 2557 966 κτήνη.
2597 899 2792 966 θηρία,
2816 894 3050 964 ἑρπετὰ,
3078 896 3338 961 πετεινὰ,
3364 897 3460 948 καὶ
3483 895 3635 949 λοιπὰ
3653 898 3732 951 ὅσα

2202 990 2457 1062 ’Έλληνες
2497 989 2867 1060 ὲθεοποίησαν.

2782 1181 3028 1235 ΠΕΥΣΙΣ
3065 1181 3194 1236 NA'.

2266 1296 2392 1360 Πῶς
2415 1295 2628 1350 ἔκτισεν
2663 1295 2693 1347 ὁ
2721 1294 2854 1358 Θεὸς
2875 1295 2944 1347 τὰ
2968 1295 3175 1360 πάντα;
3220 1296 3633 1368 προῦπαρχοὺσῃ
3655 1297 3736 1369 ὕλῃ

2199 1387 2560 1460 χρησάμενος,
2598 1387 2631 1459 ἦ
2664 1388 2758 1440 καὶ
2799 1385 2901 1449 τὰς
2927 1384 3058 1448 ὕλας
3087 1385 3248 1448 αὐτὸς
3274 1387 3622 1456 παρήγαγεν;

2818 1479 3180 1547 Ἀπόκρισις.
3290 1536 3318 1559 ⁸

2266 1575 2344 1644 Τῇ
2376 1573 2474 1644 μὲν
2500 1571 2688 1641 πρώτῃ
2722 1568 2905 1639 ἡμέρᾳ
2941 1568 3006 1620 ὲκ
3041 1567 3262 1638 μηδενὸς
3291 1567 3637 1636 ὑποκειμένου
3657 1569 3736 1630 τὰς

2201 1665 2332 1729 ὕλας
2373 1665 2711 1736 παρήγαγεν,
2755 1661 2873 1731 ἅμα
2909 1659 2987 1730 τῷ
3019 1661 3228 1730 νοῆσαι,
3266 1660 3457 1713 ὁποίαν
3493 1661 3610 1714 τινὰ
3645 1663 3734 1732 χρὴ

2201 1757 2464 1828 ὑπάρχειν
2509 1754 2736 1808 ἑκάστου
2784 1753 2916 1822 ὓλην
2939 1792 2954 1816 ,
3004 1747 3158 1815 αὖθις
3205 1753 3560 1824 παραστήσας
3591 1753 3738 1822 ἑαυτῷ

2199 1849 2259 1901 τὸ
2283 1847 2489 1918 νοηθέν.
2543 1845 2652 1899 Καὶ
2681 1846 2754 1916 μὴ
2789 1843 3102 1916 καταπέσῃς
3135 1845 3269 1914 πρὸς
3299 1844 3607 1914 λογισμοὺς,
3650 1863 3736 1898 πυ-

2199 1938 2421 2009 θόμενος
2448 1937 2510 1990 τὸ
2537 1936 2672 2000 πῶς.
2734 1933 3024 2005 Ἐϐουλήοη
3074 1934 3182 2005 γὰρ
3225 1936 3318 1987 καὶ
3350 1935 3606 2005 ἠδυνήθη,
3633 1936 3737 2006 δραι

2199 2031 2394 2094 πικῶς
2413 2031 2640 2101 δύναμις
2661 2030 2874 2084 πάντων
2907 2028 3243 2099 ὑπάρχουσα.
3287 2027 3381 2079 Ἐκ
3405 2027 3463 2079 δὲ
3492 2027 3595 2080 τῶν
3613 2030 3662 2080 ἐν
3679 2033 3733 2099 τῇ

2196 2119 2387 2190 πρώτῃ
2413 2118 2774 2190 μετεσκεύασε
2792 2118 2860 2170 τὰ
2881 2117 3040 2170 λοιπὰ
3058 2117 3156 2188 τῆς
3180 2117 3558 2186 δημιουργίας
3581 2121 3734 2189 Emit.-

2201 2228 2291 2264 σει
2321 2212 2544 2282 οὐρανὸν
2572 2210 2801 2281 πρῶτον,
2832 2211 2892 2263 οὑ
2924 2209 3014 2262 τὸν
3039 2209 3332 2279 ὁρώμενον,
3363 2209 3478 2262 ἀλλ’
3513 2211 3734 2281 ὑπερκεί-

2203 2320 2390 2374 μενον,
2437 2303 2564 2374 περὶ
2595 2295 2655 2354 οὗ
2707 2301 2800 2354 καὶ
2840 2301 3003 2353 Δαϐὶδ
3040 2300 3293 2371 μελῳδεῖ,
3342 2302 3607 2368 Οὐρανὸν
3650 2303 3734 2357 τοῦ

2200 2395 2456 2464 οὐρανοῦ
2482 2394 2562 2459 τῷ
2594 2396 2809 2462 Κυρίῳ,
2838 2394 2992 2464 δίκην
3029 2394 3276 2464 διορόφου
3313 2394 3509 2457 οἰκίας.
3538 2393 3733 2461 διαφρά-

2203 2488 2294 2552 ξας
2319 2488 2410 2541 καὶ
2437 2488 2736 2558 ἀποκρίνας
2757 2487 2869 2539 τῶν
2897 2487 3153 2554 ἐπιγείων
3182 2487 3250 2540 τὰ
3280 2486 3633 2558 ὑπερκόσμια,
3660 2489 3733 2539 καὶ

2201 2580 2331 2633 ὡσεὶ¹
2360 2577 2594 2649 ὑπερῴῳ
2623 2578 3044 2647 ἀπολαεόμενος.

2782 2859 3028 2913 ΠΕΥΣῘΣ
3055 2858 3102 2912 Ν
3107 2856 3182 2912 B'.

2260 2970 2357 3023 Διὰ
2385 2971 2436 3022 τί
2483 2971 2557 3042 μὴ
2599 2971 2802 3044 ἔγραψε
2849 2973 3086 3042 Μωσῆς,
3133 2973 3215 3026 ὅτι
3259 2973 3510 3044 ἐποίησεν
3551 2974 3577 3026 ὁ
3617 2971 3734 3033 Θεὸς

2197 3062 2360 3132 ὕδωρ,
2390 3062 2422 3132 ἢ
2455 3062 2585 3133 πῦρ,
2616 3064 2648 3133 ἢ
2683 3065 2837 3136 ἀέρα,
2864 3065 2939 3128 ὡς
2965 3065 3090 3137 περὶ
3117 3065 3368 3136 οὐρανοῦ,
3405 3069 3495 3120 καὶ
3523 3069 3632 3136 τῆς,
3655 3065 3728 3117 καὶ

2195 3155 2442 3226 δένδρων,
2479 3156 2573 3208 καί⁵
2603 3155 2710 3210 τῶν
2740 3157 2970 3220 λοιπῶνς

2806 3335 3160 3401 Ἀπόκρισις.

2265 3432 2330 3485 Τί
2372 3429 2497 3498 οὖν;
2541 3431 2663 3486 ἐπεὶ
2705 3431 3050 3503 γέγραπται,
3097 3430 3181 3482 ὅτι
3210 3428 3390 3484 λαδὼν
3422 3432 3451 3483 ὁ
3477 3430 3598 3492 Θεὸς
3623 3429 3730 3499 χοῦν

2197 3527 2304 3580 ἀπὺ
2334 3527 2434 3596 τῆς
2470 3525 2574 3595 γῆς
2610 3525 2808 3579 ἔπλασε
2839 3525 2930 3578 τὸν
2960 3523 3268 3596 ἄνθρωπον,
3300 3526 3396 3578 καὶ
3425 3524 3522 3576 οὑκ
3551 3525 3726 3592 ἐπήγα-

2195 3637 2312 3690 γεν,
2348 3623 2429 3674 ὅτι
2458 3619 2712 3690 εποίησεν
2744 3618 2894 3689 αὑτῷ
2943 3616 3274 3688 ὀφθαλμοὺς,
3316 3617 3349 3687 ἦ
3384 3611 3499 3670 ὦτα
3521 3657 3535 3679 ,
3581 3617 3610 3686 ἦ
3643 3616 3724 3685 βάκ

2200 3714 2400 3784 σεις,ἢ
2450 3712 2726 3784 βραχίονα,
2777 3709 2929 3779 παρὰ
2981 3709 3137 3762 τοῦτο
3183 3707 3393 3762 οἴεσθαι
3443 3709 3570 3780 χρὴ,
3603 3707 3730 3776 παρὰ

2196 3805 2332 3859 θεοῦ
2366 3805 2440 3876 μὴ
2486 3804 2772 3874 κτισθῆναι
2817 3802 2994 3857 πάντα
3041 3801 3110 3854 τὰ
3141 3802 3241 3871 τῆς
3288 3801 3502 3870 φύσεως
3533 3801 3724 3870 ὄργανα,

2199 3900 2348 3964 ἐντός
2369 3917 2428 3951 τε
2450 3899 2544 3952 καὶ
2571 3897 2723 3960 ἐκτός
2748 3913 2762 3962 ;
2798 3896 2936 3948 Ἀλλ’
2964 3895 3057 3948 ἐπὶ
3081 3894 3190 3946 τῶν
3213 3893 3502 3956 συνθέτων,
3527 3893 3610 3944 καὶ
3628 3891 3727 3941 λυο-

2201 3991 2377 4063 μένων
2410 3990 2559 4054 ποτὲ,
2593 3991 2656 4042 ἐκ
2691 3988 2785 4042 τοῦ
2817 3987 3146 4058 τιμιωτέρου
3181 3985 3241 4038 τὸ
3287 3986 3466 4054 δρᾶμα
3497 3983 3724 4052 παριστᾷν

2199 4087 2236 4155 ή
2282 4085 2400 4138 θεία
2442 4085 2649 4152 πέφυκε
2705 4081 2931 4156 [φύσις]
2981 4081 3018 4133 Γ
3025 4081 3201 4150 ραφή·
3259 4077 3442 4141 καθὼς
3475 4078 3560 4131 καὶ
3589 4077 3614 4128 ὁ
3641 4074 3727 4126 τῶν

2200 4177 2360 4230 θείων
2386 4176 2519 4246 φησὶ
2561 4175 2793 4245 μελῳδός
2818 4190 2831 4204 ·
2860 4172 3160 4240 Μακάριος
3193 4169 3356 4242 ⁸ἀνὴρ
3393 4171 3461 4236 ὃς
3497 4171 3596 4223 οὐκ
3615 4169 3724 4220 exo-

2193 4270 2380 4338 ρεύθη
2408 4268 2477 4321 ἐν
2502 4265 2707 4335 ,βουλῇ
2736 4263 2987 4319 ἀσεϐῶν.
3020 4264 3134 4318 Οὐκ
3161 4264 3268 4334 ἄρα
3296 4261 3391 4315 τοῦ
3423 4256 3725 4331 μακαρισμοῦ

2201 4360 2298 4425 τὰς
2315 4362 2578 4428 γυναῖκας
2599 4356 2947 4420 ἀποκλείσας,
2972 4354 3107 4409 ἀλλὰ
3134 4355 3262 4424 μιᾶς
3283 4352 3619 4424 ὑπαρχούσας
3638 4349 3724 4418 (18)

2201 4455 2300 4523 τῆς
2329 4453 2564 4522 φύσεως,
2612 4454 2675 4504 ὲκ
2706 4451 2800 4504 τοῦ
2831 4447 3299 4521 ἡγεμονικωτέρου
3340 4446 3438 4516 τῆς
3483 4442 3725 4515 μελῳδίας.

2205 4545 2273 4598 τὰ
2295 4545 2532 4614 ἑπόμενα
2550 4544 2648 4614 τῆς
2672 4541 3029 4614 δημιουργίας
3055 4538 3300 4592 νοείσθω.
3328 4538 3408 4608 Τῇ
3425 4536 3530 4607 γὰρ
3555 4535 3727 4602 ποιήσει

2207 4634 2300 4687 τοῦ
2334 4634 2562 4705 οὐρανοῦ
2591 4633 2686 4686 καὶ
2714 4633 2809 4704 τῆς
2830 4633 2931 4702 γῆς
2953 4631 3014 4684 τὸ
3037 4631 3144 4684 πᾶν
3169 4627 3602 4700 συμπεριέχεται,
3625 4623 3726 4693 ἀὴρ,

2205 4724 2394 4788 σκότος
2427 4727 2520 4778 καὶ
2552 4725 2801 4787 ἄϐυσσος.

2784 4929 3031 4983 ΙΙΕΥΣΙΣ
3063 4929 3109 4982 Ν
3116 4929 3184 4983 Γ’.

2276 5045 2340 5098 Τί
2371 5041 2462 5100 οὖν
2504 5045 2771 5116 ἁτονήσας
2803 5041 3040 5110 Μωσῆς,
3088 5041 3185 5110 οὐχ
3229 5039 3406 5091 εἵλετο
3437 5037 3630 5110 γράψαι
3654 5034 3728 5086 τὴν

2206 5142 2409 5195 σκὸτων
2442 5141 2535 5193 καὶ
2562 5139 2798 5192 ἀϐύσσου
2827 5137 3034 5197 κτίσιν;

2811 5239 3160 5302 Ἀπόκρισις.

2288 5331 2428 5384 Ἀλλ’
2476 5331 2631 5400 εῐπερ
2678 5327 2882 5398 Μωσῆς
2929 5327 3311 5397 παρέδραμεν,
3360 5325 3460 5378 οὐκ
3480 5323 3727 5393 ἀτονήσας,

2212 5424 2437 5497 γράψαι,
2471 5421 2605 5476 ἀλλὰ
2633 5421 2929 5492 γυμνάσιον
2958 5420 3086 5488 ἡμῖν
3125 5417 3488 5486 καταλείψας·
3523 5414 3729 5475 Σολομων

2212 5515 2469 5589 ἔγραψεν,
2503 5516 2566 5569 ὲκ
2607 5511 2896 5585 προσώπου
2939 5508 3031 5562 τοῦ
3075 5508 3204 5561 Υἱοῦ
3251 5509 3386 5578 πρὸς
3426 5508 3512 5560 τὸν
3550 5502 3730 5569 Πατέρα

2212 5608 2455 5678 φάσκων
2497 5601 2617 5673 Πρὸ
2647 5601 2754 5658 τοῦ
2795 5601 2898 5668 τὰς
2924 5600 3234 5664 ἀϐύσσους
3275 5597 3550 5666 ποιῆσαι,
3597 5591 3728 5661 ήμην
