3818 6574
92 426 198 490 ωδ

94 550 231 619 παρ’
281 556 453 621 αὺτφ
500 556 837 627 ἁρμόζουσα
878 560 933 632 ἠ]
973 560 1225 634 δύναμις
1264 566 1362 621 καὶ
1398 569 1436 637 ἠ
1484 572 1668 641 σοφία

97 644 265 710 θεοῦ,
297 648 582 717 Χριστός.

653 829 901 883 ΠΕΥΣΙΣ
930 833 1053 890 ΝΔ’.

170 913 230 967 Ὁ
261 914 381 985 ἀὴρ
417 917 548 970 πότε
578 919 800 988 γέγονε;
827 924 917 995 Μὴ
948 927 1045 980 καὶ
1074 927 1260 983 τοῦτον
1288 929 1433 1001 ἔχεις
1463 933 1635 987 εἰπεῖν
1655 973 1671 1000 ,

93 1008 168 1059 ὅτι
200 1006 468 1078 Σολομὼν
494 1010 759 1083 ἐγράψενς

718 1106 1077 1177 Ἀπόκρισις.
1281 1162 1294 1189 ι

165 1184 374 1239 Ἄκουε
404 1187 472 1257 δὴ
495 1190 735 1257 Μωσέως
766 1196 1065 1264 φάσκοντος
1082 1216 1097 1231 ο
1123 1203 1232 1255 Kal
1259 1184 1503 1273 Πνεῦμα
1527 1207 1673 1261 Θεοῦ

95 1276 421 1345 ἐπεφέρετο
450 1282 648 1335 ἐπάνω
673 1286 777 1340 τοῦ
816 1288 1046 1356 ὕδατος.
1086 1293 1396 1364 Συμφὼνως
1422 1297 1478 1351 δὲ
1502 1298 1675 1367 τούτῳ

94 1374 121 1424 ὁ
425 1393 439 1404 ·
473 1377 685 1445 Κύριος
727 1382 987 1450 στερεῶν
1021 1386 1293 1456 ,ϐροντὴν
1326 1389 1425 1443 καὶ
1471 1390 1677 1452 κτίζων

99 1478 207 1516 πνε
216 1483 362 1532 υμα.

691 1564 939 1619 ΠΕΥΣῙΣ
971 1567 1097 1623 NE'.

172 1648 321 1727 Ἀλλ’
354 1651 420 1704 ού
457 1655 584 1725 περὶ
614 1655 708 1708 τοῦ
746 1657 907 1728 ἀέρος
934 1658 1105 1727 λέγει,
1143 1662 1270 1732 περὶ
1297 1663 1352 1716 δὲ
1383 1664 1475 1718 τοῦ
1517 1665 1675 1734 ἁγίου

96 1741 420 1812 Πνεύματος
452 1746 653 1815 μᾶλλον
682 1748 894 1819 εἴρηται
921 1753 948 1803 ὀ
972 1750 1146 1819 λόγος.
1189 1753 1262 1805 Οὐ
1299 1754 1405 1825 γάρ
1435 1756 1559 1810 ἄλλο
1589 1758 1675 1810 λέ-

97 1848 258 1900 γομεν
318 1830 469 1888 εἶναι
513 1837 548 1907 ἢ
606 1842 1101 1912 προσαγορεύεσθαι
1148 1846 1395 1917 πνεῦμα,
1434 1850 1569 1922 πλὴν
1612 1853 1672 1905 τὸ

99 1922 245 1991 ἄτιον
281 1926 540 1997 Πνεῦμα.

716 2022 1068 2092 Ἀπόκρισις.

162 2106 296 2171 Δέος
341 2125 439 2179 μοι
472 2112 538 2181 τῇ
569 2111 742 2165 κτίσει
776 2117 1286 2189 συγκαταριομῆσαι
1314 2121 1374 2174 τὸ
1406 2120 1671 2176 sxum»-

102 2196 232 2267 πλὴν
274 2199 436 2268 ὅμως
464 2202 565 2253 οὐκ
595 2202 833 2274 ἀναιρῶν
863 2206 925 2258 τὸ
962 2210 1268 2279 εἰρημένον,
1313 2212 1536 2283 δέχομαι
1584 2216 1677 2268 καὶ

104 2289 271 2353 τοῦτο,
300 2292 539 2356 εἰκότως
573 2296 667 2347 καὶ
707 2297 1026 2370 Θεοπρεπῶς
1067 2302 1388 2373 νοούμενον,
1416 2306 1675 2375 ἐπιφέρε-

107 2381 216 2433 σθαι
243 2386 361 2445 τοῖς
402 2383 561 2437 ὕδασι
593 2387 726 2458 πρὸς
767 2389 1078 2458 ζωογονίαν,
1107 2394 1243 2447 αὐτὰ
1286 2395 1676 2461 συνθάλποντοες

106 2473 251 2543 δίκην
310 2476 679 2549 ἐπωαζούσης
716 2479 963 2553 ὄρνιθος,
1007 2483 1242 2552 ζωτικὴν
1287 2504 1408 2538 τινα
1453 2488 1677 2559 δύναμιν

108 2566 339 2629 ἀνιέντος
397 2568 511 2637 (I9)
558 2574 671 2633 τοῖς
708 2573 1168 2646 ύποθαλπομένοις
1209 2576 1397 2646 ῦδασι,
1443 2580 1578 2652 πρὸς
1616 2580 1678 2633 τὸ

112 2658 368 2727 ἑκὸράσαι
404 2663 475 2715 τὰ
506 2662 707 2735 ἄπειρα
730 2666 844 2739 τῶν
875 2667 1072 2737 ἰχθύων
1102 2670 1256 2739 γένη.

671 2738 916 2811 nigrm
965 2760 1108 2827 Νςν.

171 2841 383 2899 Μαθειν
420 2846 557 2916 πρὸς
582 2846 791 2912 τούτοις
822 2849 1052 2919 δεόμεθα
1084 2854 1209 2924 περὶ
1246 2855 1344 2925 τῆς
1384 2855 1476 2909 τοῦ
1512 2854 1679 2925 πυρὸς

111 2933 391 2999 γενέσεως.
430 2936 568 2989 Οὔτε
606 2938 713 3009 γὰρ
752 2942 820 3010 τῇ
852 2941 1038 3013 Γραφῇ
1080 2946 1315 3016 εἴρηται,
1363 2947 1443 2999 ὅτι
1476 2940 1624 2998 εἶπεν
1650 2945 1679 2995 ὁ

112 3022 228 3088 Θεὸς
252 3042 266 3055 ο
304 3026 601 3098 Γενηθήτω
634 3028 763 3100 πῦρ.

704 3123 1059 3190 Ἀπόκρισις.

175 3212 407 3265 Πάντων
439 3212 673 3282 μάλιστα
703 3215 1062 3287 ὲνεργεστέρα
1096 3219 1127 3288 ἡ
1169 3218 1261 3271 τοῦ
1296 3220 1465 3291 πυρὸς
1495 3218 1675 3289 φύσις,

113 3304 492 3357 συνυποστᾶσα
513 3304 605 3358 καὶ
630 3305 1019 3374 ἐμφωλεύουσα
1038 3312 1104 3381 τῇ
1129 3312 1345 3381 ποιήσει
1363 3312 1463 3383 τῆς
1483 3314 1676 3384 χέρσου

112 3396 377 3460 φαίνεται.
425 3396 588 3449 Ὀποι
632 3396 678 3449 δ’
724 3397 790 3450 ἂν
842 3399 1102 3463 πατάξεις
1137 3401 1302 3465 λίϐον,
1357 3403 1679 3458 ἀποκυεϊται

112 3486 230 3558 πῦρ,
265 3488 367 3540 καὶ
405 3487 639 3557 σιδήρων
667 3488 1004 3560 τριϐομένων
1024 3530 1038 3554 ,
1064 3492 1265 3562 ὁμοίως
1293 3494 1537 3563 γίνεσθαι
1581 3498 1678 3551 πέ-

113 3596 262 3647 φυκε,
298 3580 400 3633 καὶ
430 3580 603 3646 ξύλων
643 3582 1070 3653 συνθλιϐομὲνων
1116 3588 1511 3660 παραπλησίως
1545 3591 1679 3643 ἀποο

112 3667 411 3722 δεᾰνυταν
455 3670 530 3734 ὡς
559 3673 586 3724 ὀ
614 3672 710 3743 τῆς
736 3673 949 3744 ἀπήνης
974 3673 1115 3740 ἄξων
1147 3676 1314 3746 δηλοῖ,
1350 3679 1426 3750 τῷ
1465 3680 1679 3752 πιεσμῷ

112 3760 195 3814 τοῦ
238 3763 445 3833 φόρτου
494 3764 926 3835 διασμυχόμενος
969 3766 1047 3837 τῷ
1093 3769 1481 3843 ὲγκεκραμένῳ
1523 3773 1675 3843 πυρί.

116 3851 178 3904 Οὐ
206 3854 317 3923 μὴν
358 3853 435 3919 δὲ,
468 3853 605 3907 ἀλλὰ
634 3855 727 3908 καὶ
770 3856 951 3926 μύλων
988 3856 1240 3929 διακενῆς
1275 3863 1676 3934 στρεφομένων,

115 3941 200 3995 Θέα
234 3945 299 3997 τὸ
334 3944 447 4016 πῦρ
485 3944 870 4017 ἐξαλλόμενονο
914 3949 1032 4002 καθ’
1071 3944 1146 4004 ὧν
1189 3952 1287 4023 τὴν
1335 3954 1549 4018 εἰκόνα,
1588 3956 1680 4012 καὶ

115 4034 209 4088 τῶν
237 4037 419 4105 νεφῶν
439 4038 789 4110 παρατριϐαὶ,
811 4042 925 4104 τοῖς
950 4041 1253 4112 πνεύμασιν
1287 4043 1677 4116 ἐλαυνομένων,

116 4126 392 4199 ἀστραπὰς
434 4129 715 4183 ἀποτελεῖν
764 4130 1005 4185 εἰώθασι.
1058 4132 1240 4186 Πάντα
1284 4133 1391 4203 γὰρ
1421 4137 1553 4206 πυρὶ
1587 4136 1678 4189 κέ-

118 4235 305 4289 κραται
328 4258 341 4282 ,
379 4219 561 4282 καθὼς
595 4220 797 4291 Πέτρος
831 4221 1015 4291 φησιν,
1056 4223 1085 4274 ὁ
1120 4222 1423 4293 κλειδοῦχος
1453 4226 1550 4296 τῆς
1581 4226 1679 4296 βα-

121 4310 312 4372 σιλείας
337 4308 445 4362 τῶν
463 4310 728 4381 οὐρανῶν,
756 4311 897 4365 οὕτω
920 4328 1055 4376 πως⁸
1081 4316 1145 4367 01
1169 4313 1276 4384 γὰρ
1302 4316 1417 4370 νῦν
1437 4319 1678 4386 οὐρανοὶ

118 4403 201 4454 ml
233 4402 273 4469 ἠ
310 4400 387 4470 γῆ
423 4402 564 4469 πυρὶ
593 4403 1123 4472 τεθησαυρισμένοι
1150 4406 1300 4470 εἰσὶ,
1327 4410 1680 4478 τηρούμενοι

117 4495 192 4561 εἰς
235 4494 469 4563 ἡμέραν
508 4495 759 4562 κρίσεως
800 4497 898 4549 καὶ
955 4497 1254 4565 ἀπωλείας
1291 4499 1409 4555 τῶν
1446 4503 1682 4557 ἀσεϐῶν

116 4586 451 4655 ἀνθρώπων.

693 4679 939 4733 ΠΕΥΣΙΣ
978 4679 1099 4732 NZ'.

179 4767 287 4821 Καὶ
322 4766 441 4830 πῶς
484 4767 781 4839 χειμῶνος,
828 4770 936 4823 τῶν
965 4770 1144 4823 αὐτῶν
1186 4772 1354 4824 ὅντων
1384 4774 1560 4843 νεφῶν
1592 4775 1685 4829 καὶ

123 4856 345 4928 ἀνέμων,
378 4859 479 4911 ούκ
507 4859 783 4929 ἀστραπὴ,
824 4860 882 4913 οὐ
916 4859 1112 4931 βροντὴ
1133 4861 1341 4927 γίνεται
1365 4879 1407 4931 z,

719 4950 1083 5017 Ἀπόκρισις.
1180 4980 1185 4986 -

183 5042 261 5095 Τὰ
290 5042 421 5112 περὶ
456 5040 683 5111 βροντῆς
716 5042 971 5112 ἀνωτέρω
1009 5044 1143 5113 πρὸς
1174 5042 1234 5096 τὸ
1269 5042 1457 5097 δοκοῦν
1494 5062 1582 5115 μοι
1611 5047 1687 5099 εἷ-

122 5148 292 5204 ρηται.
326 5133 402 5185 Τὸ
435 5133 512 5195 δὲ,
555 5132 819 5203 χειμῶνος
858 5131 1146 5203 ἀστραπὰς
1194 5132 1267 5203 μὴ
1304 5134 1679 5202 ἐκφαίνεσθαι,

122 5222 198 5277 διὰ
222 5226 319 5296 τὴν
344 5223 439 5277 τοῦ
468 5224 629 5296 ἀέρος
658 5224 943 5295 παχύτητα
965 5223 1125 5285 δοκῶ,
1154 5224 1247 5277 καὶ
1272 5224 1368 5294 τὴν
1393 5225 1684 5296 διήκουσαν

124 5317 287 5370 νοτίδα
334 5316 443 5368 τῶν
489 5316 683 5385 νεφῶν.
735 5318 808 5368 Οὐ
844 5316 952 5384 γὰρ
1000 5316 1198 5387 ὁμοίως
1233 5316 1291 5369 τὸ
1323 5318 1551 5388 ἀνικμον
1592 5320 1685 5372 καὶ

127 5404 271 5477 ξηρὸν
305 5407 385 5477 τῷ
415 5406 683 5478 διαϐρόχῳ
717 5407 810 5460 καὶ
857 5406 1045 5459 ὑλώδει
1084 5408 1142 5459 ἐν
1170 5410 1289 5471 ταῖς
1322 5409 1685 5480 παρατρίψεσι

128 5498 397 5563 φαίνεσθαι
421 5499 683 5568 πέφυκεν,
708 5498 800 5552 τοῦ
832 5498 929 5569 μὲν
958 5497 1473 5569 παραφλεγομένου,
1502 5500 1595 5553 τοῦ
1624 5501 1680 5553 δὲ

130 5591 641 5663 παρολισθαίνοντος.
666 5576 667 5579 η

1532 447 1872 507 DIALOGUS
1908 449 1949 509 Ι.

3246 453 3351 508 996

1780 576 1845 627 ad
1888 574 2100 629 Patrem
2140 574 2461 644 loquentis:
2511 574 2805 646 Antequam
2864 576 3079 646 abyssos
3127 577 3345 647 faceret,

1780 682 1927 718 eram
1961 665 2100 735 apud
2136 667 2335 733 ipsum,
2375 678 2493 734 apte
2532 670 2708 720 omnia
2748 670 3029 736 disponens
3064 670 3085 700 ³
3124 690 3136 723 :
3189 671 3348 724 nimi-

1776 770 1918 821 rum,
1952 759 2185 825 potentia
2211 768 2259 812 et
2284 760 2546 826 sapientia
2585 759 2697 822 Dei,
2727 760 2969 814 Christus
3006 766 3045 815 ⁵.

2212 848 2728 906 INTERROGATIO
2769 852 2898 907 LIV.

1846 940 1950 994 Aer
1973 940 2192 1009 quando
2224 941 2402 997 factus
2430 942 2553 997 est?
2581 940 2719 995 Num
2766 942 2909 1011 quod
2935 946 3097 997 etiam
3142 941 3209 996 de
3245 941 3349 996 hoc

1774 1033 2058 1102 scripserit
2104 1032 2385 1097 Solomon,
2422 1036 2608 1088 dicere
2642 1036 2833 1104 potes?

2402 1125 2714 1195 Responsio.

1846 1215 1984 1268 Audi
2022 1214 2221 1269 Mosem
2244 1214 2513 1269 dicentem
2548 1234 2561 1269 :
2610 1215 2676 1267 Et
2705 1217 2925 1285 spiritus
2965 1215 3056 1269 Dei
3085 1214 3349 1284 ferebatur

1775 1321 1936 1374 supra
1964 1323 2155 1377 aquam
2175 1307 2218 1361 ⁸.
2251 1306 2385 1359 Cum
2423 1307 2526 1360 hoc
2553 1316 2736 1361 autem
2768 1307 3045 1361 consentit
3085 1315 3139 1361 et
3182 1308 3350 1359 Amo-

1776 1411 1871 1452 sus
1899 1416 1912 1451 :
1942 1396 2196 1450 Dominus
2218 1390 2497 1449 intendens
2522 1397 2742 1458 tonitru,
2771 1406 2820 1449 et
2852 1413 3034 1450 creans
3056 1397 3346 1465 spiritum“.

2221 1570 2742 1628 INTEthOGATiO
2782 1571 2891 1628 LV.

1847 1661 2049 1719 Verum
2084 1678 2194 1718 non
2244 1664 2310 1719 de
2357 1665 2459 1718 hoc
2519 1680 2643 1719 aere
2694 1665 2849 1727 dicit,
2902 1664 2997 1719 sed
3049 1665 3231 1735 potius
3280 1669 3350 1723 de

1779 1754 1982 1824 Spiritu
2010 1764 2202 1809 sancto
2233 1758 2435 1809 dictum
2470 1764 2554 1809 est
2616 1757 2668 1810 id
2723 1759 2971 1811 verbum.
3028 1756 3146 1812 Non
3199 1760 3347 1813 enim

1777 1845 1923 1899 aliud
1953 1847 2188 1902 dicimus
2218 1863 2338 1901 esse
2372 1854 2465 1899 aut
2502 1849 2687 1901 vocari
2734 1849 3012 1918 spiritum,
3058 1865 3222 1919 quam
3268 1853 3350 1921 ip-

1778 1954 1899 1995 sum
1942 1939 2201 2010 Spiritum
2233 1950 2670 1995 sacrosanctum.

2397 2029 2704 2098 Responsio.

1848 2117 2049 2174 Vereor
2076 2135 2142 2172 ne
2172 2135 2294 2172 cum
2315 2129 2566 2174 creatura
2591 2135 2983 2175 connumerem
3018 2121 3349 2178 incrcatum.

1774 2211 2161 2266 Verumtamen
2190 2226 2302 2265 non
2346 2227 2552 2282 negans
2610 2212 2713 2265 hoc
2774 2211 2918 2280 quod
2976 2211 3178 2265 dictum
3241 2222 3345 2276 est,

1775 2302 2022 2367 admitto,
2053 2311 2107 2356 et
2149 2302 2316 2368 hunc,
2361 2304 2407 2359 si
2441 2311 2498 2356 ut
2548 2319 2646 2373 par
2681 2311 2784 2358 est'
2818 2311 2871 2358 et
2907 2303 3017 2358 Deo
3065 2306 3346 2373 competit,

1777 2392 2129 2464 intelligatur,
2166 2392 2295 2448 ferri
2335 2410 2499 2465 supra
2549 2410 2744 2464 aquas,
2780 2395 2844 2449 ad
2871 2396 3106 2449 viventia
3148 2397 3349 2466 produ-

1776 2485 1949 2537 cenda
1982 2484 2131 2553 ipsas
2158 2484 2450 2550 foventem,
2484 2494 2539 2540 et
2574 2488 2745 2541 instar
2788 2486 3110 2541 incubantis
3135 2488 3353 2555 gallina:

1776 2575 1991 2628 vitalem
2027 2578 2313 2645 quamdam
2362 2579 2470 2630 vim
2509 2579 2888 2633 immittenlem
2936 2580 3093 2648 aquis
3142 2580 3244 2634 sub
3291 2596 3356 2636 se

1777 2665 1926 2733 fotis,
1952 2669 2018 2723 ad
2050 2670 2411 2739 producenda
2440 2671 2992 2740 innuinera;piscium
3030 2687 3248 2740 genera.

2213 2760 2737 2816 INTERROGATIO
2778 2761 2910 2817 LVI.

1845 2848 2108 2922 Cupimus
2145 2853 2369 2923 insuper
2397 2870 2465 2908 ex
2507 2864 2558 2908 te
2602 2854 2818 2909 discere
2884 2853 2953 2909 de
2999 2862 3125 2908 ortu
3182 2856 3351 2925 ignis.

1776 2942 2052 3013 Nusquam
2087 2947 2230 2998 enim
2266 2947 2321 2998 in
2354 2946 2643 3014 Scriptura
2673 2945 2928 3012 legimus,
2962 2945 3107 3014 quod
3148 2944 3354 3000 dixerit

1782 3032 1943 3099 Deus,
1970 3032 2087 3087 Fiat
2113 3035 2277 3105 ignis.

2028 3132 2033 3141 ‘
2406 3122 2711 3193 Responsio.

1849 3216 2104 3274 Omnium
2140 3219 2373 3273 maxime
2402 3219 2591 3272 cllicax
2614 3225 2698 3272 est
2737 3224 2935 3271 natura
2986 3215 3151 3286 ignis,
3197 3214 3351 3269 vide-

1784 3317 1981 3381 turque
2008 3311 2306 3365 consistere
2341 3317 2393 3363 et
2440 3309 2658 3362 latitare
2713 3308 2767 3361 in
2836 3307 3116 3361 creatione
3166 3317 3351 3363 terrai.

1780 3403 2009 3470 Quando
2072 3402 2300 3473 lapidem
2357 3403 2724 3472 percusseris,
2786 3416 2853 3455 ex
2919 3418 2985 3454 co
3039 3400 3353 3468 concipitur

1783 3497 1943 3566 ignis,
1969 3505 2024 3551 et
2064 3494 2210 3551 ferro
2238 3496 2432 3549 colliso
2472 3494 2727 3549 similiter
2765 3491 2902 3547 ellici
2940 3492 3099 3547 solet.
3143 3490 3250 3545 Sed
3290 3500 3349 3545 et.

1780 3588 1943 3660 lignis
1975 3588 2184 3643 collisis
2209 3588 2569 3642 consimiliter
2608 3586 2973 3654 conspicitur,
3012 3591 3071 3637 ut
3111 3582 3353 3637 ostendit

1780 3682 1896 3736 axis
1924 3681 1978 3734 in
2004 3696 2169 3735 curru
2198 3695 2262 3734 ex
2296 3693 2550 3749 pressura
2585 3679 2770 3733 oneris
2819 3677 3018 3731 ardens
3080 3692 3177 3745 per
3240 3676 3338 3728 ad-

1781 3772 1999 3827 mistum
2042 3772 2242 3840 ignem.
2273 3768 2459 3840 Neque
2490 3768 2542 3823 id
2573 3776 2804 3832 tantum,
2869 3768 2962 3824 sed
3019 3775 3073 3823 ct
3100 3767 3254 3821 molae
3303 3765 3351 3820 si

1780 3862 2216 3930 circumaguntur
2246 3860 2475 3924 'inancs,
2512 3868 2735 3928 apparet
2761 3859 2902 3930 ignis
2953 3858 3248 3924 exsiliens;
3283 3856 3352 3911 ad

1780 3967 2011 4022 quarum
2043 3952 2458 4007 similitudinem
2486 3959 2539 4005 et
2564 3952 2790 4006 nubium
2820 3950 3140 4005 collisiones
3169 3950 3349 4003 ventis

1782 4042 2140 4111 impulsarum
2189 4042 2412 4096 efﬁcere
2452 4042 2670 4111 fulgura
2700 4052 3119 4096 consueverunt.
3158 4041 3353 4099 Omnia

1779 4131 1920 4183 enim
1958 4130 2064 4199 igni
2103 4130 2265 4185 mista
2295 4138 2444 4194 sunt,
2491 4141 2547 4185 ut
2572 4131 2747 4199 inquit
2786 4131 2983 4186 Petrus
3011 4133 3121 4199 ille,
3167 4133 3351 4188 claves

1780 4223 1928 4290 regni
1960 4222 2223 4274 coalorum
2256 4230 2500 4291 gestans,
2564 4222 2629 4275 ad
2693 4223 2840 4277 hunc
2902 4224 3015 4279 fere
3074 4225 3349 4279 modum:

1783 4308 1924 4362 Nam
1954 4309 2067 4363 creti
2099 4311 2188 4379 qui
2214 4326 2350 4362 nunc
2377 4319 2498 4363 sunt
2528 4319 2578 4363 et
2620 4321 2784 4374 terra,
2817 4312 2930 4381 igni
2965 4312 3177 4380 repositi
3211 4322 3350 4371 sunt,

1781 4407 1829 4451 et
1859 4407 2133 4450 servantur
2162 4398 2216 4449 in
2256 4396 2393 4450 diem
2418 4397 2613 4466 judicii
2643 4407 2694 4451 et
2720 4399 3039 4467 perditionis
3069 4400 3351 4467 impiorum

1783 4489 2048 4542 hominum
2076 4489 2116 4544 ⁷.

2202 4671 2550 4728 INTERROG
2563 4672 2720 4728 ᾹΤΙΟ
2770 4671 2929 4728 LVII.

1850 4768 1918 4817 At
1951 4765 2043 4833 qui
2079 4762 2134 4815 fit
2186 4770 2246 4815 ut
2277 4763 2475 4825 hieme,
2509 4778 2632 4816 cum
2670 4762 2871 4816 eaedem
2924 4769 3056 4817 sunt
3094 4761 3265 4816 nubes
3296 4768 3352 4816 et

1782 4857 1949 4921 venti,
1983 4870 2157 4925 neque
2184 4853 2365 4924 fulgur
2395 4870 2571 4925 neque
2604 4856 2810 4907 tonitru
2853 4853 2946 4906 ﬁat
2973 4854 2995 4905 ?

2415 4945 2719 5016 Responsio.

1848 5037 2001 5104 Quod
2040 5038 2243 5093 tonitru
2279 5038 2496 5101 attinet,
2533 5038 2661 5108 quid
2703 5037 2834 5090 mihi
2871 5037 3148 5101 videatur,
3181 5053 3347 5106 supra

1785 5130 1989 5185 dictum
2020 5139 2122 5186 est.
2144 5129 2298 5197 Quod
2316 5146 2446 5185 vero
2464 5130 2680 5201 fulgura
2716 5146 2824 5183 non
2856 5139 3120 5199 apparent
3155 5130 3349 5191 hieme,

1787 5232 2007 5294 propter
2044 5224 2187 5279 aeris
2212 5223 2639 5277 crassitudinem
2686 5222 2800 5277 fleri
2839 5230 2992 5291 pnto,
3040 5231 3094 5275 et
3133 5233 3353 5292 propter

1786 5324 2155 5385 penetrantem
2188 5315 2474 5370 humorem
2503 5313 2755 5368 nubium.
2777 5313 2892 5367 Non
2913 5315 3056 5369 enim
3084 5315 3352 5384 quemad-

1784 5410 2002 5462 modum
2028 5406 2175 5477 quod
2208 5408 2419 5461 siccum
2457 5414 2512 5460 et
2540 5404 2755 5459 aridum
2794 5415 2898 5467 est,
2938 5405 3099 5460 ctiam
3137 5405 3350 5458 madida

1787 5512 1840 5556 et
1874 5501 2097 5555 multam
2133 5500 2390 5555 habentia
2426 5499 2707 5555 materiem
2744 5500 2797 5553 in
2845 5498 3221 5554 collisionibus
3264 5498 3350 5550 lu-

1786 5601 1911 5642 cere
1942 5587 2148 5649 solent;
2184 5603 2305 5640 cum
2338 5586 2468 5640 illud
2500 5586 2716 5655 quidem
2749 5601 2845 5657 per
2876 5587 3054 5658 ignem
3087 5580 3353 5641 incenda-

1788 5683 1899 5743 tur,
1938 5678 1989 5732 in
2025 5679 2126 5739 hoc
2160 5694 2289 5734 vero
2319 5678 2401 5734 vis
2431 5680 2551 5748 ejus
2584 5679 2891 5735 ﬂaccescat.

189 5794 208 5824 ³
243 5793 401 5850 Prov.
441 5808 558 5857 Vill,
584 5793 673 5857 2i,
705 5793 790 5847 50.
868 5794 889 5826 ⁸
929 5793 1098 5848 lCor.
1132 5808 1169 5860 ι,
1197 5793 1285 5849 24.
1362 5790 1384 5827 ³
1424 5793 1556 5852 Gen.
1596 5791 1677 5863 |,S

1793 5792 1810 5825 ³
1846 5792 2009 5849 Amos
2046 5808 2118 5857 Iv,
2158 5791 2237 5848 l5.
2314 5791 2333 5825 ⁷
2372 5790 2415 5848 ιι
2440 5792 2585 5850 Petr.
2623 5809 2707 5861 nl,
2737 5792 2793 5847 7.

193 5913 296 5986 (l9)
363 5914 669 5982 Ἁνιέντος.
700 5911 859 5970 Forte
890 5912 1140 5978 ὲνιέντος.
1170 5912 1246 5968 In.
