3818 6572
478 438 593 510 9‘17

884 550 1409 620 tmennocario
1452 560 1641 617 Lvm.

557 661 704 717 Sans
728 658 948 729 quidem
987 671 1115 712 vera
1154 665 1435 727 suntquae
1478 654 1662 710 dicis:
1716 670 1905 711 verum
1952 669 2054 711 nos

481 751 554 810 de
582 753 795 822 fulgure
816 752 1198 821 qumrimus,et
1228 747 1295 803 de
1327 747 1682 818 generatione
1717 747 1882 818 ignis,
1933 748 2056 803 ubi-

486 855 612 896 nam
645 839 847 894 dixerit
873 838 1043 903 Deus,
1068 836 1191 891 Fiat
1222 837 1385 907 ignis.

1116 928 1427 996 Responsio.-

559 1023 737 1079 Moses
768 1022 961 1079 scribit
992 1040 1006 1077 :
1039 1020 1109 1074 Et
1130 1021 1269 1074 dixit
1301 1020 1440 1075 Deus
1474 1037 1494 1076 :
1529 1021 1657 1077 Fiat
1687 1021 1884 1085 tumet
1912 1019 2059 1089 facta

484 1126 565 1170 est
594 1115 687 1169 tua:
717 1114 740 1146 °
773 1132 786 1168 :
818 1112 1073 1168 videlicet
1105 1111 1248 1180 ignis
1272 1121 1489 1167 natura.
1526 1110 1645 1166 Non
1675 1112 1820 1167 enim
1853 1112 2058 1165 solum-

489 1204 652 1258 modo
688 1203 738 1258 is
768 1202 909 1274 ignis
944 1208 1049 1266 est,
1082 1201 1176 1271 qui
1206 1200 1353 1271 apud
1403 1216 1505 1256 nos
1552 1213 1673 1268 eat;
1713 1200 1807 1256 sed
1869 1209 1924 1255 et
1971 1212 2060 1282 sn-

490 1307 675 1368 βοτηε
699 1296 805 1350 ἱῒιω
838 1302 1134 1365 potestates
1164 1294 1306 1365 ignis
1337 1309 1461 1350 esse
1491 1293 1769 1368 videntur,
1813 1299 2060 1365 cognata

489 1364 541 1443 ei
563 1387 657 1458 qui
682 1385 826 1457 apud
839 1364 955 1439 nos
986 1394 1087 1439 est.
1637 1364 1653 1381 ”

924 1473 1442 1531 INTERROGATIO
1482 1474 1618 1529 LIX.

561 1568 669 1626 Sed
697 1568 977 1640 quomodo
1020 1582 1294 1637 supernus
1322 1568 1370 1621 ei
1403 1567 1496 1637 qui
1521 1567 1667 1638 apud
1696 1583 1798 1624 nos
1816 1575 1923 1633 est,
1965 1582 2062 1624 co-

481 1670 689 1733 gnatus
724 1668 829 1725 est,
860 1675 984 1715 cum
1037 1659 1127 1713 ille
1160 1658 1388 1729 quidem
1429 1658 1923 1730 inexstinguibilis,
1972 1660 2062 1716 hic

490 1760 672 1809 autem
703 1750 1108 1823 exstinguibilis
1138 1750 1257 1804 sit?

1117 1840 1422 1911 Responsio.

561 1935 965 2010 Pr0pemodum
995 1937 1220 2007 angelos
1250 1944 1305 1991 et
1348 1945 1570 1991 nostras
1615 1936 1826 1992 animas
1860 1936 2059 1993 simili-

487 2025 733 2081 tudinem
767 2025 1057 2095 quamdam
1091 2024 1215 2079 dico
1248 2023 1469 2080 habere.
1490 2022 1735 2096 Utraque
1757 2025 1902 2080 enim
1932 2033 2062 2082 sunt

489 2118 743 2189 Spiritus,
777 2132 807 2171 a
841 2117 950 2173 Deo
971 2133 1132 2172 suum
1163 2126 1346 2172 ortum
1393 2117 1681 2174 habentes.
1733 2116 1800 2172 Hi
1842 2117 2063 2188 quidem

491 2212 551 2266 in
584 2212 912 2282 corporibus
941 2212 1151 2268 nostris
1183 2209 1495 2282 lampadum
1522 2210 1697 2266 instar
1719 2210 1988 2274 lucentes,
2013 2220 2066 2267 et

472 2304 653 2374 .quasi
685 2304 941 2359 exstincti
967 2318 1063 2374 per
1089 2306 1511 2374 separationem,
1541 2303 1736 2374 agendi
1768 2302 2067 2359 efﬁcacita-

493 2406 602 2451 tem
634 2395 911 2450 amittunt.
942 2394 1077 2449 Nam
1112 2402 1167 2451 et
1206 2409 1236 2449 a
1282 2394 1561 2450 veteribus
1595 2395 1935 2465 sapientibus
1968 2395 2066 2449 lio-

492 2489 671 2545 mines
696 2490 1041 2560 appellantur
1055 2487 1190 2560 φῶς,
1208 2489 1315 2544 hoc
1342 2497 1449 2551 est.
1482 2489 1927 2559 lumen,propter
1956 2488 2064 2542 vim

493 2582 748 2637 rationis.
783 2580 1049 2637 Similiter
1073 2592 1127 2637 et
1156 2583 1296 2653 ignis
1321 2581 1602 2646 dicuntur,
1632 2589 1692 2636 ut
1733 2581 1897 2652 paulo
1941 2588 2066 2651 post

494 2673 905 2737 demonstrabo,
944 2682 1237 2746 postquam
1266 2675 1445 2729 oratio
1462 2674 1529 2728 ad
1562 2681 1805 2729 nostram
1836 2689 2069 2744 genera-

491 2765 697 2821 tionem
732 2780 1026 2837 progressa
1060 2765 1247 2825 fuerit.
1281 2766 1523 2837 Angelos
1556 2774 1738 2822 autem
1774 2766 1898 2821 dico
1955 2766 2067 2836 spi-

496 2858 637 2913 ritus
695 2859 1204 2930 inexstinguibilcs.
1244 2876 1355 2916 non
1405 2860 1673 2917 habentes
1718 2862 2061 2931 corporalem

490 2947 919 3017 disiunctionem
946 2959 1040 3005 aut
1074 2948 1503 3021 copulationem.
1558 2951 1729 3006 Porro
1756 2952 2063 3007 animorum

491 3050 547 3096 et
570 3042 888 3112 angelorum
916 3043 1331 3100 similitudinem
1355 3045 1519 3099 etiam
1542 3052 1660 3099 tres
1677 3044 1754 3098 illi
1772 3045 1949 3101 sancti
1968 3061 2064 3101 ex-

492 3140 821 3202 presserunt
856 3134 1008 3203 pueri
1051 3149 1178 3189 cum
1216 3133 1371 3188 aiunt
1408 3152 1422 3189 :
1475 3133 1795 3199 Benedicite,
1818 3116 2066 3206 'spiritus

493 3228 544 3276 et
575 3224 768 3279 animae
796 3224 1092 3292 justorum,
1131 3226 1407 3279 Dominum
1432 3227 1475 3282 ’.
1514 3228 1580 3281 Et
1613 3241 1808 3283 rursus
1840 3228 1894 3283 in
1934 3244 2067 3282 can-

493 3316 620 3370 ticis
660 3314 893 3372 Davides
929 3318 1104 3388 inquit
1144 3336 1156 3372 :
1189 3318 1291 3385 Qui
1323 3317 1455 3388 facit
1476 3319 1691 3389 angelos
1738 3336 1863 3375 suos
1905 3322 2065 3391 spiri-

495 3418 582 3463 tus
621 3409 685 3464 ".
728 3408 795 3463 Et
829 3410 1246 3466 similitudinem
1300 3411 1544 3481 ipsorum
1589 3411 1657 3466 ad
1710 3413 1925 3468 animas
1968 3431 2070 3470 no-

494 3508 640 3556 stras
670 3500 906 3557 inuuens
933 3501 1143 3570 inquit:
1191 3500 1446 3555 Velociler
1468 3502 1666 3557 exaudi
1708 3518 1808 3568 me,
1828 3501 2067 3564 Domine.

494 3593 623 3665 quia
652 3592 846 3662 defecit
874 3594 1098 3663 spiritus
1125 3609 1268 3647 meus
1293 3593 1353 3644 ιι.

947 3683 1467 3742 INTERROGA'I‘IO
1504 3684 1619 3741 LX.

571 3774 860 3841 Quomodo
887 3788 1016 3830 vero
1052 3777 1193 3847 ignis
1222 3774 1365 3846 apud
1406 3792 1507 3833 nos
1549 3777 1710 3833 habet
1742 3778 1849 3832 vim
1879 3778 2071 3834 urendi

499 3864 647 3937 ligna
679 3877 732 3921 et
763 3866 1063 3936 quamlibet
1104 3868 1423 3935 materiam;
1455 3882 1727 3938 supernus
1758 3877 1936 3924 autem
1964 3885 2074 3923 non

501 3956 683 4011 adurit
707 3957 890 4013 aridas
918 3957 1167 4022 arbores,
1212 3966 1309 4012 aut
1362 3959 1546 4014 ovium
1592 3959 1814 4021 vellera,
1857 3962 1942 4014 vel
1983 3975 2075 4014 ca-

504 4048 664 4118 pillos
692 4056 910 4105 nostros
944 4049 1045 4104 soli
1071 4050 1386 4119 expositos?

558 4130 576 4148 “
1136 4139 1440 4208 Responsio.

577 4231 661 4286 Sit
694 4233 810 4303 ipse
844 4232 947 4288 bac
982 4233 1037 4289 in
1067 4242 1235 4309 parte
1262 4235 1345 4289 sol
1386 4235 1739 4305 przedagogus
1776 4244 1979 4301 noster,
2013 4248 2078 4291 ac

506 4325 701 4380 doceat
729 4340 830 4381 nos
876 4334 985 4379 tam
1024 4325 1132 4389 sui,
1166 4342 1330 4396 quam
1361 4325 1483 4396 ejus
1527 4328 1619 4396 qui
1664 4327 1805 4396 apud
1847 4342 1949 4382 nos
1974 4337 2077 4394 est,

507 4417 648 4490 ignis
676 4417 1084 4487 cognationem.
1115 4416 1250 4471 Nam
1295 4432 1669 4487 saepenumero
1696 4418 1860 4488 aliqui
1885 4432 2080 4488 capra-

508 4510 600 4571 rii,
623 4516 717 4562 ant
751 4508 995 4575 bubulci,
1029 4517 1123 4561 aut
1152 4517 1400 4578 pastores
1428 4524 1691 4578 equorum
1735 4510 1793 4563 in
1830 4500 2103 4563 taberna-1

509 4599 648 4654 culis
698 4597 960 4653 solitariis
998 4606 1241 4668 agentes,
1283 4613 1406 4651 cum
1462 4612 1698 4666 coquere
1738 4611 1935 4652 carnes
1986 4603 2079 4651 aut

512 4694 782 4745 l‘rumenta
809 4690 1020 4754 volunt,
1051 4689 1255 4743 mundo
1286 4690 1461 4743 vitreo
1496 4705 1625 4743 vase
1660 4704 1801 4760 aqua
1833 4688 2076 4759 impleto,

509 4784 556 4837 si
590 4790 657 4838 ex
687 4783 936 4854 opposito
967 4782 1230 4838 solarium
1262 4784 1539 4836 radiorum
1588 4780 1643 4836 id
1684 4781 1977 4846 tenuerint,
2004 4788 2083 4837 te-

509 4878 839 4947 tigerintque
861 4890 985 4931 cum
1016 4890 1148 4930 vase
1174 4876 1403 4945 aquario
1434 4875 1619 4930 limum
1657 4875 1895 4939 aridum,
1931 4888 1961 4928 a
1988 4890 2082 4931 su-

512 4983 681 5040 perno
711 4969 915 5023 lumine
945 4967 1125 5038 ignem
1156 4956 1493 5045 concipiunt.

948 5081 1467 5139 INTERROGATIO
1507 5083 1641 5141 LXI.

587 5176 863 5233 Tenebras
891 5178 1016 5249 quis
1058 5176 1225 5234 fecit?
1270 5172 1410 5232 Num
1453 5177 1634 5234 Deus?
1680 5193 1747 5233 an
1805 5180 1875 5235 ab
1927 5179 2084 5236 initio

516 5270 780 5331 (uerunt?
806 5272 915 5325 Aut
943 5286 1073 5326 num
1118 5271 1372 5327 diabolus
1414 5287 1510 5329 eas
1558 5271 1709 5336 fecit,
1752 5283 1808 5327 ut
1832 5272 2088 5328 adversa-

519 5363 639 5415 rius
699 5361 871 5416 lucis?
914 5362 1268 5417 Arbitrantur
1316 5363 1465 5417 enim
1516 5363 1783 5435 plerique,
1827 5363 1971 5434 quod
2022 5362 2090 5421 ab

521 5454 678 5509 initio
700 5452 903 5508 fuerint
936 5465 1064 5510 ante
1105 5456 1392 5512 mundum.
1429 5455 1708 5528 Nusquam
1739 5458 1884 5513 enim
1913 5455 2090 5515 Moses

522 5546 679 5614 dicit,
712 5547 860 5618 quod
885 5547 1088 5619 aliquis
1118 5550 1375 5606 tenebras
1408 5547 1622 5617 fecerit,
1657 5548 1755 5606 sed
1789 5549 1936 5622 quod
1970 5549 2090 5607 fue-

524 5639 655 5695 rint.

1572 442 1631 498 S.
1668 440 1969 498 CIESABH
2007 438 2335 511 GREGORll
2373 439 2673 496 FRATRIS

3610 443 3703 505 (ιεῦ

2727 553 2979 617 ΠΕΥΣΙΣ
3017 556 3148 616 NH'.
3170 564 3175 571 ’

2224 650 2420 716 Καλῶς
2464 649 2564 722 μὲν
2609 648 2723 720 ἔχει
2760 648 2828 703 τά
2880 648 3180 720 είρημένα,
3225 646 3367 702 ἀλλά
3411 650 3550 721 ἡμῖν
3593 653 3706 726 περὶ

2156 743 2440 815 ἀστραπῆς
2466 745 2500 815 ἡ
2551 743 2797 814 ζήτησις.
2850 739 3011 794 Ἀλλά
3056 739 3184 811 περὶ
3226 742 3495 810 γενέσεως
3530 744 3703 816 πυρὸς,

2158 839 2262 892 ποῦ
2299 832 2451 892 εἶπεν
2482 839 2510 892 δ
2538 836 2691 901 Θεὸς,
2722 833 3010 905 Γενηθήτω
3036 831 3176 905 πῦρὶ

2781 928 3129 995 Ἀπόκρισις.

2230 1020 2435 1091 Μωσῆς
2481 1020 2702 1091 γράφει·
2752 1018 2861 1073 Καὶ
2895 1012 3063 1072 εἶπεν
3111 1018 3145 1069 ὀ
3194 1018 3358 1082 Θεός·
3408 1017 3710 1084 Γενηθήτω

2157 1111 2303 1183 φῶς,
2335 1113 2434 1167 καὶ
2471 1112 2707 1183 ἐγένετο
2729 1110 2876 1182 φῶς,
2902 1113 2937 1180 ἡ
2966 1109 3061 1163 τοῦ
3089 1108 3258 1179 πυρὸς
3283 1107 3526 1179 δηλονότι
3545 1108 3706 1179 φύσις.

2160 1208 2235 1260 οὐ
2267 1206 2376 1275 γάρ
2400 1205 2563 1277 μόνον
2582 1204 2644 1259 τὸ
2664 1206 2791 1274 παρ’
2820 1206 2952 1275 ἡμῖν
2974 1201 3085 1273 πῦρ
3113 1202 3368 1274 ὑπάρχει,
3394 1201 3534 1256 ἀλλὰ
3556 1205 3643 1257 καὶ
3662 1205 3711 1258 αι

2158 1298 2272 1353 ἀνω
2300 1297 2558 1368 δυνάμεις
2585 1297 2696 1370 πῦρ
2725 1293 2863 1351 εἷναί
2904 1312 2994 1350 ιιοι
3028 1293 3265 1361 δοκοῦσι,
3286 1297 3567 1365 συγγενεῖς
3589 1296 3710 1368 (19⁸)

2162 1386 2256 1441 τοῦ
2290 1387 2418 1459 παρ’
2450 1388 2602 1458 ἡμῖν.

2732 1479 2984 1534 ΠΕΥΣΙΣ
3019 1477 3146 1533 ΝΘ.

2231 1571 2338 1624 Καὶ
2372 1570 2486 1634 πῶς
2515 1570 2577 1623 τὸ
2605 1570 2717 1624 ἀνω
2753 1568 2850 1623 τοῦ
2879 1571 3006 1640 παρ’
3034 1570 3165 1640 ἡμῖν
3189 1570 3306 1622 ἐστι
3332 1568 3609 1641 συγγενὲς,
3626 1570 3709 1624 ταῦ

2162 1662 2262 1734 μὲν
2291 1659 2557 1715 ἀσϐέστου
2583 1660 2756 1728 ὄντος,
2781 1659 2877 1714 τοῦ
2908 1659 2967 1714 δὲ
2993 1659 3394 1732 σϐεννυμένους

2766 1843 3131 1912 Ἀπόκρισις.

2233 1936 2635 2010 Παραπλησίως
2664 1936 2909 2005 ἀγγέλων
2947 1935 3043 1989 καὶ
3072 1934 3181 1989 τῶν
3223 1936 3505 2009 ἡμετέρων
3540 1935 3708 2007 ψυχῶν

2158 2032 2219 2087 τὸ
2266 2032 2448 2102 ὅμοιον
2501 2029 2647 2100 ἔχειν
2698 2026 2860 2100 φημί.
2925 2028 3232 2100 Ἀμφότερα
3280 2029 3391 2100 γάρ
3446 2029 3707 2099 πνεύματα

2162 2124 2414 2195 ὑπάρχει,
2450 2120 2603 2194 παρά
2629 2119 2763 2174 Θεοῦ
2795 2122 2895 2192 τὴν
2922 2120 3136 2190 γένεσιν
3173 2119 3386 2191 ἔχοντα,
3433 2121 3502 2174 τά
3528 2122 3624 2192 μὲν
3654 2123 3703 2173 ὲν

2159 2218 2273 2280 τοῖς
2306 2213 2551 2285 σώμασιν
2594 2211 2752 2284 ὴμῶν
2785 2211 3081 2282 λαμπάδων
3125 2211 3281 2284 δίκην
3329 2211 3602 2282 φαίνοντα,
3628 2212 3707 2264 καὶ

2161 2308 2324 2363 οἱονεὶ
2361 2305 2693 2376 σϐεννύμενα
2718 2306 2787 2375 τῇ
2816 2303 3082 2369 διαζεύξει
3102 2342 3116 2368 ,
3137 2304 3239 2374 τῆς
3267 2302 3544 2373 ἐνεργείας
3568 2303 3706 2356 παυό-

2166 2414 2321 2470 μενα.
2351 2397 2472 2461 Φῶς
2515 2396 2624 2470 γάρ
2667 2398 2762 2450 καὶ
2809 2396 2992 2468 βροτοὶ
3028 2397 3180 2469 παρὰ
3206 2398 3318 2459 τοὶς
3345 2394 3515 2448 πάλαι
3548 2395 3707 2462 σοφοῖς

2163 2488 2656 2562 προσαγορεύονται
2677 2527 2694 2553 ,
2726 2488 2803 2552 ὼς
2836 2487 3031 2559 μικρὸν
3061 2486 3285 2557 ὕστερον
3316 2484 3595 2549 ἀποδείξω,
3626 2484 3703 2536 τοῦ

2162 2581 2321 2651 λόγου
2361 2579 2644 2651 προϊόντος
2677 2578 2772 2631 ἐπὶ
2799 2578 2899 2648 τὴν
2929 2576 3207 2648 ἡμετέραν
3238 2575 3471 2645 γένεσιν.
3514 2573 3643 2637 Teii;
3666 2571 3703 2624 δ’

2162 2674 2425 2746 ἀγγέλους
2454 2675 2597 2745 φημὶ
2638 2672 2923 2744 πνεύματα
2955 2670 3193 2739 ἄσϐεστα
3216 2710 3233 2735 ,
3282 2668 3358 2740 μὴ
3391 2668 3575 2740 ἔχοντα
3614 2683 3702 2719 at»-

2167 2766 2398 2839 ματικὴν
2428 2764 2721 2833 συνάφειαν
2754 2763 2847 2817 καὶ
2871 2762 3171 2816 διάστασιν.
3201 2760 3313 2832 Τὴν
3338 2759 3396 2813 δὲ
3420 2757 3598 2829 ψυχῶν
3624 2756 3703 2808 καὶ

2162 2858 2408 2929 ἀγγέλων
2445 2856 2759 2928 ὁμοιότητα,
2786 2854 2878 2908 καὶ
2906 2854 2957 2907 ot
2998 2855 3142 2925 τρεῖς
3188 2853 3335 2921 ἀγιοι
3385 2851 3705 2921 παρέστησαν

2163 2950 2371 3014 παῖδες,
2402 2948 2719 3018 Εὐλογείτε
2739 2987 2756 3012 ,
2787 2947 3083 3017 φάσκοντες
3102 2945 3454 3013 ,πνεύματα
3482 2942 3575 2995 καὶ
3601 2944 3704 3009 ιζὐο

2164 3042 2263 3113 χαὶ
2296 3041 2560 3104 δικαίων,
2585 3040 2691 3093 τὸν
2718 3039 2952 3108 Κύριον.
2980 3037 3090 3090 Καὶ
3122 3034 3282 3089 πάλιν
3307 3035 3367 3087 ὲν
3400 3030 3704 3105 μελῳδίαιςδ

2165 3133 2327 3187 Δα6ίδ
2354 3148 2541 3203 φησιν·
2582 3132 2643 3185 '0
2666 3128 2852 3184 ποιῶν
2870 3127 3011 3194 τοὺς
3039 3126 3334 3198 ἀγγέλους
3351 3123 3531 3179 αὐτοῦ
3553 3121 3704 3177 πνεύ-

2163 3244 2341 3299 ματα.
2359 3227 2431 3280 Τὸ
2455 3227 2502 3280 δ’
2528 3227 2710 3296 ὅμοιον
2727 3220 2906 3277 αὑτῶν
2928 3221 3063 3292 πρὸς
3087 3218 3188 3283 τάς
3207 3216 3365 3290 ἡμῶν
3389 3214 3557 3287 ψυχὰς
3581 3230 3701 3283 παρ-

2174 3319 2357 3384 ιστῶν,
2400 3318 2561 3390 φησί·
2618 3314 2777 3384 Ταχὺ
2825 3311 3194 3368 είσόκουσόν
3233 3303 3703 3380 μου,σιίύριι,ἐεο

2169 3412 2343 3467 eluta
2372 3409 2438 3464 τὸ
2470 3407 2707 3478 πνεῦμά
2724 3423 2866 3477 μου.

2801 3678 3044 3733 ιιΕΥΣιΣ
3076 3677 3150 3731 Ξσ.

2241 3779 2352 3833 Καὶ
2373 3777 2490 3841 πῶς
2507 3776 2567 3831 τὸ
2586 3773 2715 3849 παρ’
2741 3775 2871 3849 ἡμῖν
2903 3769 3032 3842 πῦρ,
3060 3767 3357 3825 καυστικδν
3382 3761 3703 3839 ὑπάρχειτῶ

2174 3869 2364 3938 ξύλων,
2392 3868 2486 3923 καὶ
2512 3847 2693 3938 πάσης
2716 3847 2883 3935 ολης“·
2906 3863 2968 3916 τδ
2993 3862 3040 3917 δ’
3066 3861 3179 3915 ἄνω
3195 3861 3258 3914 οὑ
3286 3859 3471 3929 φλέγει
3494 3857 3559 3912 τὰ
3590 3850 3713 3926 ξηρὰ-

2172 3963 2281 4017 τῶν
2309 3960 2558 4032 δένδρων,
2592 3956 2627 4029 ἢ
2660 3957 2730 4012 τά
2777 3956 2899 4027 ἔρια
2927 3954 3036 4009 τῶν
3074 3952 3383 4025 προδάτων,
3404 3950 3439 4021 ἢ
3460 3950 3551 4013 τὰς
3573 3944 3703 4019 ἡμῶν

2174 4052 2367 4125 τρίχας
2394 4048 2702 4121 ἡλιωμένας
2728 4062 2746 4113 ;
2785 4035 2795 4048 ’

2792 4138 3146 4207 Ἀπόκρισις.

2256 4234 2318 4288 '0
2349 4233 2497 4305 ἥλιος
2527 4232 2627 4304 μὲν
2659 4230 3002 4299 παιδαγωγὸς
3031 4229 3273 4299 γένηται,
3302 4226 3562 4281 διδάσκων
3590 4223 3704 4297 ἡμᾶς

2178 4326 2272 4382 τοῦ
2327 4326 2529 4381 οἰκείου
2572 4324 2743 4396 πυρὸς
2784 4324 2878 4377 καὶ⁵
2918 4321 3013 4376 τοῦ
3058 4321 3190 4391 παρ’
3237 4320 3373 4391 ἡμῖν
3406 4318 3503 4390 τὴν
3542 4315 3705 4384 συγγέα

2178 4437 2347 4475 νειαν.
2367 4418 2631 4482 Πολλάκις
2660 4418 2766 4491 γάρ
2794 4432 2940 4479 τινες
2963 4413 3070 4468 τῶν
3094 4412 3329 4468 αίπόλων
3356 4412 3391 4484 ἡ
3415 4410 3657 4483 βουκόλων
3677 4406 3701 4474 ἢ

2184 4512 2556 4586 ἱπποφορϐῶν,
2593 4514 2651 4567 ὲν
2699 4513 2923 4583 σκηναῖς
2952 4509 3039 4563 ἐπ’
3076 4509 3298 4580 ἐρήμων
3325 4507 3607 4576 διάγοντες,
3628 4501 3701 4555 1'"..-

2185 4609 2284 4678 ψαι
2311 4605 2450 4678 κρέα
2486 4604 2519 4676 ἢ
2560 4607 2683 4659 σῖτα
2714 4603 3045 4675 βουλόμενοι,
3068 4600 3229 4654 ὑάλου
3283 4598 3526 4671 καθαρᾶς
3553 4592 3702 4654 σκεῦος

2184 4698 2572 4772 πληρώσαντες
2634 4696 2846 4761 ὓδατος,
2890 4695 2983 4750 καὶ
3043 4692 3269 4764 ἀντικρὺ
3341 4691 3453 4746 τῶν
3514 4686 3703 4760 ἡλιακῶν

2184 4790 2417 4846 ἀκτίνων
2448 4790 2815 4862 κρατήσαντες
2834 4827 2848 4851 ,
2884 4788 2933 4840 εί
2960 4784 3301 4856 ψαύσειαντῇ
3326 4780 3545 4855 ὑδροχόη
3574 4776 3704 4837 lith

2187 4883 2388 4954 ξηρᾶς,
2419 4884 2482 4937 ὲκ
2524 4883 2621 4954 τῆς
2664 4880 2868 4936 ἄνωθεν
2905 4877 3252 4950 φρυκτωρίας
3283 4875 3347 4930 τὸ
3386 4875 3497 4946 πῦρ
3520 4866 3705 4942 εφυτεύ.

2193 4993 2371 5031 παντο.
2915 5050 2922 5063 .

2771 5081 3021 5139 ΠΕΥΣΙΣ
3062 5080 3182 5133 ΞΜ.

2263 5180 2338 5236 Τδ
2365 5180 2551 5243 σκότος
2593 5176 2676 5242 τίς
2720 5174 2970 5247 ὲποίησες
3000 5173 3034 5245 ἦ
3072 5170 3355 5243 ἀρχίγονον
3384 5170 3495 5241 (20)
3522 5163 3649 5242 ἧηὴ
3681 5160 3703 5211 ό

2192 5275 2437 5337 διάϐολος
2473 5271 2604 5327 αὑτὸ
2632 5267 2903 5340 ἐποίησεν,
2944 5266 3019 5332 ὼς
3046 5264 3371 5328 ἀπεναντίας
3408 5260 3499 5316 τοῦ
3538 5255 3699 5330 φωτόςς

2192 5368 2506 5440 Νομίζομεν
2530 5365 2606 5429 δὲ,
2627 5365 2709 5418 ὅτι
2734 5359 2802 5434 ἦν
2830 5361 3055 5433 ἀρχαῖον
3077 5358 3185 5432 πρὸ
3206 5355 3301 5411 τοῦ
3336 5356 3552 5426 κόσμου.

2203 5437 2303 5535 μοῦ
2328 5461 2435 5532 γάρ
2453 5459 2599 5529 λέγει
2617 5454 2932 5528 Μωσῆς,ὃτι
2962 5450 3183 5525 ἐποίησέ
3214 5467 3297 5514 τις
3317 5448 3376 5506 τὺ
3415 5447 3603 5512 σκότος,
3616 5437 3700 5494 ἀλλ’

2197 5556 2278 5609 ὅτι
2309 5548 2396 5623 ἦν.

592 5820 618 5854 ⁸
654 5819 788 5875 Gen.
832 5832 870 5886 ι,
906 5817 961 5872 5.
1037 5818 1058 5849 ³
1098 5817 1233 5873 Dan.
1273 5836 1352 5885 ιιι,
1383 5816 1473 5876 86.
1552 5819 1596 5850 ¹⁰
1631 5816 1779 5875 Psal.
1809 5835 1930 5888 cui,
1964 5817 2021 5876 4.

2183 5815 2330 5875 Psal.
2365 5828 2533 5879 cmi,
2568 5810 2620 5864 7.

594 5936 729 6012 (ω’)
758 5933 1096 6009 turres-sig.
1127 5934 1287 5994 Furte
1316 5936 1601 6007 συγγενές.
1623 5933 1779 5989 Enn.

2260 5930 2373 6004 (ΞΟ)
2423 5928 2778 6000 Ἀρχίγονον.
2800 5919 2966 5980 Forte
2997 5918 3310 5992 ἀρχέγονον.
3333 5914 3418 5974 ID.
