3818 6554
111 393 212 451 9'29

735 508 1088 579 Ἀπόκρισις.

178 601 318 657 Οὔτε
356 604 393 657 6
430 604 563 667 Θεὸς
605 602 736 656 αὐτὸ
760 603 1036 673 ἐποίησεν,
1070 598 1194 654 οὔτε
1221 600 1249 653 6
1281 597 1540 662 διάϐολος,
1570 596 1692 651 οὔτε

118 693 441 763 προϋπῆρχε
486 690 582 744 τοῦ
628 691 907 763 ὁρωμένου
957 689 1165 760 κόσμου
1200 702 1213 717 ·
1260 690 1430 741 πᾶσαι
1482 685 1589 757 γὰρ
1635 686 1692 736 ὲν

115 785 245 853 φωτὶ
292 784 489 853 διῆγον
517 784 586 852 {al
621 784 853 853 άσαρκοι
903 782 1010 836 τῶν
1042 780 1287 850 ἀγγέλων
1323 782 1526 851 χορεῖαι
1553 817 1568 842 ,
1600 778 1693 831 καὶ

115 874 211 945 πρὸ
243 873 339 926 τοῦ
374 872 625 942 γενέσθαι
656 872 747 926 τὸν
773 874 1005 944 κόσμον·
1027 872 1141 926 ἀλλ’
1186 872 1579 942 ὑπερταθέντος
1596 872 1691 926 τοῦ

111 967 358 1038 οὐρανίου
420 966 672 1037 σώματος
696 1010 711 1032 ,
757 966 948 1039 ὥσπερ
978 969 1042 1022 ἐκ
1086 968 1409 1041 φράγματός
1441 987 1587 1033 τινος
1614 968 1691 1040 τῷ

110 1060 523 1130 άποσκιάσματι
551 1059 873 1130 παρυπέστη
902 1060 960 1113 τὸ
984 1060 1191 1126 σκότος,
1211 1062 1351 1115 κατὰ
1378 1062 1475 1134 τὴν
1508 1063 1691 1117 εἰκόνα

111 1154 196 1206 τοῦ
226 1155 286 1204 ἐν
318 1152 572 1224 σταθηρᾷ
596 1153 934 1223 μεσημϐρίᾳ,
968 1153 1168 1225 σκηνὴν
1197 1156 1259 1207 ὲκ
1311 1155 1518 1225 πυκνῆς
1546 1173 1689 1221 τινος

111 1247 198 1299 καὶ
242 1245 522 1315 πεγανῆς
566 1244 696 1313 ὕλης
736 1246 914 1315 ὲαυτῴ
955 1246 1415 1317 περιπηξάμενος.
1460 1248 1689 1315 Ὁμοίως

114 1338 197 1390 καὶ
226 1340 294 1390 ὲκ
344 1336 463 1391 τῶν
508 1336 937 1408 ναυτιλλομένων
980 1338 1373 1409 παιδευόμεθα,
1407 1338 1548 1391 κατὰ
1592 1340 1690 1408 τῆς

112 1428 415 1499 ἐπομϐρίας
471 1429 765 1500 ὺπερτάσει
810 1429 1046 1500 δέρῤεων
1103 1430 1532 1483 ὲπισκοτούντων
1591 1430 1688 1501 τὴν

110 1520 322 1573 ὁλκάδα.
354 1520 431 1572 Ἦ
462 1521 511 1572 εἰ
538 1520 611 1591 μὴ
642 1520 821 1584 τοῦτο,
836 1520 983 1573 δοκεῖ
1014 1538 1205 1589 μοι,εκ
1227 1521 1326 1591 τῆς
1354 1521 1685 1592 ὁμιχλώδους

112 1611 529 1682 ἀναθυμιάσεως
559 1612 659 1683 τῆς
696 1611 935 1666 ἁδύσσου
964 1614 1341 1684 παχυνομένης
1366 1614 1465 1684 τῆς
1492 1613 1688 1683 ἀχλύος

115 1706 196 1757 καὶ
233 1704 345 1756 τῶν
380 1704 594 1775 ἀτμῶν,
618 1705 678 1758 τὸ
708 1705 895 1767 σκότος
928 1704 1276 1758 συνίστασθαι
1305 1705 1537 1775 πέφυκε.
1577 1705 1687 1759 Kal

109 1794 266 1851 εἶπεν
305 1801 340 1851 ό
376 1800 527 1864 Θεός
549 1815 562 1827 '
588 1798 907 1875 Γενηθήτω
944 1796 1087 1866 φῶς.
1128 1798 1321 1871 Πρώτη
1358 1797 1494 1852 Θεοῦ
1534 1798 1685 1869 φωνὴ

112 1891 217 1960 φῶς
245 1891 712 1963 ἐδημιούργησεν,
742 1892 876 1962 ὅπερ
897 1893 988 1945 καὶ
1020 1890 1229 1963 ἡμέραν
1241 1892 1519 1957 ἐκάλεσεν,
1538 1889 1689 1964 ἡδείᾳ

110 1985 203 2036 τινὶ
228 1982 583 2054 προσηγορίᾳ
598 1983 837 2054 τιμήσας
857 1983 916 2035 τὸ
968 1986 1140 2053 πρᾶον
1170 1986 1261 2037 καὶ
1281 1986 1503 2056 ἥμερον.
1526 1986 1682 2038 Ἔστι

116 2076 202 2147 μὲν
219 2076 327 2147 γὰρ
352 2075 451 2128 καὶ
477 2075 641 2146 ἕτερα
685 2075 966 2146 ἱστορῆσαι
1005 2074 1158 2143 φῶτα
1186 2078 1315 2147 παρ’
1335 2076 1500 2130 αὐτοῦ
1534 2078 1683 2144 γενό-

115 2187 260 2239 μενα·
300 2164 443 2234 οἷον,
479 2168 538 2221 τὸ
561 2167 730 2240 πυρὸς
759 2167 837 2237 τῷ
854 2169 1042 2220 Μωσεῖ
1070 2167 1490 2237 φανταζόμενον,
1524 2169 1683 2239 ἡνίκα

112 2263 197 2332 τὴν
230 2260 403 2331 βάτον
445 2260 652 2320 ἔκαιεν,
687 2259 747 2311 οὐ
778 2258 1031 2311 κατέκαιε
1061 2257 1137 2321 δὲ,
1165 2258 1250 2311 ἵνα
1287 2258 1376 2311 καὶ
1402 2258 1499 2329 τὴν
1521 2258 1683 2328 φύσιν

112 2354 428 2425 παραδείξῃ,
451 2352 545 2405 καὶ
569 2350 808 2422 γνωρίσῃ
837 2351 935 2420 τὴν
966 2348 1189 2419 δύναμιν
1210 2366 1221 2378 ⁸
1247 2350 1360 2418 φῶς
1381 2351 1442 2403 τὸ
1463 2352 1521 2403 ἐν
1554 2349 1682 2403 στύ-

112 2446 178 2517 λῳ
210 2447 394 2518 πυρὸς
422 2445 517 2499 τοῦ
551 2443 769 2515 Ἰσραὴλ
803 2442 1232 2515 προηγούμενον,
1259 2444 1352 2496 καὶ
1389 2444 1681 2516 ἡμερῶσαν

113 2538 196 2607 τὴν
226 2538 443 2608 ἔρημον
466 2552 481 2567 ’
512 2533 628 2604 φῶς
669 2533 730 2587 τὸ
769 2534 895 2595 τοὺς
934 2533 1193 2602 ποιμένας
1226 2531 1637 2603 περιαστράψαν
1663 2549 1677 2563 ·

114 2629 212 2697 φῶς
259 2630 357 2683 τὸν
400 2625 586 2680 Ἠλίαν
613 2625 865 2697 ἁρπάσαν
908 2625 965 2677 ὲν
1011 2622 1085 2693 τῷ
1125 2623 1293 2694 πυρὸς
1334 2624 1560 2694 ἅρματι,
1586 2625 1682 2677 καὶ

116 2722 176 2791 μὴ
210 2719 528 2792 συμφλέξαν
552 2718 642 2771 τὸν
672 2717 1046 2789 ἁρπαζόμενον
1075 2730 1092 2748 ο
1124 2716 1239 2784 φῶς
1261 2715 1320 2769 τὸ
1343 2717 1469 2780 τοὺς
1490 2715 1681 2786 ποιμέ-

113 2832 193 2876 νας
223 2811 671 2882 περιαστράψαν,
694 2810 856 2881 ἡνίκα
874 2807 936 2861 τὺ
958 2808 1183 2880 ἄχρονον
1205 2808 1319 2877 φῶς
1352 2808 1427 2879 τῷ
1446 2807 1681 2879 χρονικῷ

116 2905 452 2972 ἐπεφοίτησε,
485 2899 721 2971 Χριστός
740 2916 753 2929 ·
788 2897 905 2967 φῶς
932 2898 991 2951 τὸ
1013 2897 1113 2967 τοῦ,
1135 2898 1433 2968 δραμόντος
1453 2900 1680 2970 ἀστέρος

115 2996 161 3047 ὲν
186 2995 459 3065 Βηθλεὲμ,
482 2993 568 3046 ἵνα
589 2993 683 3046 καὶ
720 2992 943 3059 Μάγους
977 2990 1236 3063 ὀδηγήσῃ,
1261 2992 1353 3045 καὶ
1381 2992 1680 3064 δορυφορή-

119 3103 174 3159 σῃ
207 3089 263 3141 τὸ
288 3087 437 3157 ὑπὲρ
470 3087 615 3156 ἡμᾶς
645 3083 766 3167 ,φῶς
799 3082 918 3154 μεθ’
944 3082 1102 3153 ἡμῶν
1135 3084 1454 3154 γενόμενον
1496 3084 1612 3153 φῶς
1640 3086 1674 3157 ἡ

115 3178 520 3249 παραδειχθεῖσα
568 3177 757 3247 θεότης
784 3175 875 3229 ἐπὶ
906 3173 1000 3227 τοῦ
1046 3175 1205 3247 ὅρους
1242 3179 1353 3240 τοῖς
1388 3176 1673 3247 μαθηταῖς,

119 3273 291 3343 μικροῦ
341 3269 675 3342 στερροτέρα
713 3268 806 3321 καὶ
834 3267 1039 3336 ὅψεως·
1077 3268 1192 3336 φῶς
1223 3268 1489 3337 ήΠαῦλον
1521 3286 1675 3339 περιο

115 3366 427 3435 αστράψασα
461 3361 750 3432 φαντασία,
778 3360 871 3414 καὶ
899 3359 1076 3430 πληγῇ
1103 3360 1201 3430 τῆς
1233 3360 1407 3430 ὅψεως
1430 3361 1521 3414 τὸν
1552 3361 1676 3415 σκό-

116 3472 189 3508 τον
212 3458 307 3527 τῆς
359 3454 540 3526 ψυχῆς
583 3453 960 3525 θεραπεύουσα
980 3469 994 3484 ·
1027 3452 1142 3522 φῶς
1167 3454 1262 3505 καὶ
1301 3453 1509 3506 ἐκεῖθεν
1543 3453 1678 3524 λαμ-

116 3550 302 3620 πρότης
347 3551 460 3610 τοῖς
503 3546 737 3600 ἐνταῦθα
781 3544 1234 3615 κεκαθαρμένοις,
1268 3544 1429 3615 ήνίκα
1471 3545 1676 3616 ἐκλάμ-

114 3640 282 3708 ψουσιν
332 3641 383 3693 οἱ
412 3639 631 3703 δίκαιοι,
672 3638 744 3702 ὡς
785 3640 811 3691 6
841 3638 1010 3708 ἥλιος,
1040 3631 1114 3689 ὧν
1142 3637 1355 3690 ἵσταται
1379 3638 1407 3689 6
1434 3637 1585 3702 Θεὸς.
1617 3639 1675 3691 ἐν

120 3734 246 3805 μέσῳ
288 3733 430 3786 θεῶν
480 3734 575 3786 καὶ
616 3731 878 3803 βασιλέων
921 3730 1265 3793 διαστέλλων,
1307 3732 1401 3784 καὶ
1452 3732 1674 3802 διαιρῶν

118 3826 232 3897 πρὸς
259 3826 423 3893 ἀξίαν
450 3825 666 3895 ἑκάστῳ
686 3822 793 3876 τῶν
829 3823 1180 3894 βεόιωμένων
1208 3823 1275 3878 τὰ
1324 3824 1531 3878 ἔπαθλα
1576 3826 1675 3897 τῆς

118 3914 302 3971 ἐκεῖθεν
361 3915 765 3987 μακαριότητος
801 3931 816 3944 ·
862 3915 976 3983 φῶς
1025 3915 1117 3968 καὶ
1168 3915 1200 3985 ἡ
1241 3914 1317 3985 τῷ
1368 3918 1673 3987 προπάτορι

114 4009 248 4079 ἡμῶν
270 4010 490 4063 δοθεῖσα
510 4010 568 4063 ὲν
592 4005 904 4079 παραδείσῳ
922 4007 1109 4079 ἐντολή
1131 4023 1142 4035 ·
1162 4009 1398 4077 Λύχνος
1418 4004 1526 4076 γάρ
1552 4010 1674 4075 τοῖς

118 4103 241 4153 ποσί
260 4120 381 4170 μου
394 4105 428 4154 ό
444 4099 629 4169 νόμος
643 4116 759 4153 σου
776 4097 874 4152 καὶ
884 4097 1010 4167 φῶς
1024 4098 1154 4165 ταῖς
1180 4101 1400 4167 τρίϐοις
1414 4099 1492 4160 (21
1508 4106 1520 4159 )
1530 4119 1671 4169 μου,

118 4194 260 4261 φησὶν
275 4196 305 4246 6
323 4191 509 4254 Aa6‘t6,
530 4192 558 4243 6
576 4190 682 4243 τῶν
702 4190 859 4244 θείων
889 4190 1141 4261 μελῳδὸς.
1162 4191 1436 4254 Φῶςέστιν
1458 4192 1550 4244 καὶ
1569 4194 1600 4262 ἡ
1616 4194 1673 4245 ἐν

118 4284 227 4351 ἡμῖν
246 4285 340 4337 τοῦ
361 4285 519 4352 λόγου
542 4282 792 4353 δύναμις,
830 4284 1229 4338 κατευθύνουσα
1246 4285 1403 4355 ἡμῶν
1426 4283 1495 4337 τὰ
1532 4285 1673 4339 κατὰ

119 4375 229 4429 θεὸν
262 4376 578 4448 διαδήματα
600 4374 745 4445 ’φῶς
767 4376 856 4430 καὶ
879 4376 939 4429 τὸ
968 4376 1106 4447 ὑπὲρ
1143 4376 1276 4430 Θεοῦ
1320 4378 1671 4449 μαρτυρῆσαν

120 4468 197 4519 καὶ
210 4451 268 4521 τδ
296 4468 430 4541 πρὸς
460 4468 622 4521 αὐτὸν
661 4466 855 4539 πυρσῷ
887 4467 988 4537 τῆς
1022 4466 1273 4538 θεότητος
1298 4472 1545 4541 πατῆσαν
1573 4468 1671 4541 τὴν

120 4561 268 4630 φλόγα
299 4563 398 4634 τῆς
422 4559 649 4631 πλάνης,
678 4559 753 4623 ὡς
772 4561 821 4613 οἱ
850 4560 977 4630 περὶ
1009 4560 1253 4615 Ἀνανίαν
1280 4562 1337 4614 ὲν
1369 4562 1668 4629 Βαϐυλῶνι,

120 4652 165 4703 ἐν
183 4655 313 4725 μέσῃ
343 4653 574 4724 καμίνου
603 4650 761 4723 φλογὶ
824 4650 1161 4722 χορεύοντες,
1205 4653 1340 4723 μηδὲ
1371 4652 1478 4707 τῶν
1500 4671 1669 4725 σαρα-

117 4742 275 4817 ϐάρων
301 4748 487 4809 αὐτοῖς
515 4744 884 4814 φθειρομένων
907 4760 921 4776 ·
948 4743 1063 4812 φῶς
1091 4746 1242 4816 παρὰ
1260 4744 1434 4799 ταῦτα
1457 4746 1667 4818 ἰδιοτρό-

118 4850 213 4900 πως
239 4843 265 4891 6
289 4839 384 4891 τοῦ
406 4837 781 4908 βαπτίσματος
815 4834 1090 4905 φωτισμός
1111 4851 1124 4863 ’
1157 4834 1272 4904 φῶς
1298 4836 1435 4908 ὑπὲρ
1468 4837 1667 4904 πάντα,

116 4927 209 4995 ήὲν
240 4934 304 5001 τῇ
328 4930 449 5001 θείᾳ
492 4929 684 5000 Τριάδι
722 4927 967 4998 ίσοκλεὴς
994 4927 1089 4980 καὶ
1125 4927 1424 4998 ἀμώμητος
1464 4930 1670 4993 πίστις.-

115 5020 208 5073 Kal
235 5019 383 5076 εἶπεν
404 5026 432 5076 6
451 5021 582 5084 Θεός
601 5017 937 5087 Τενηθήτω
963 5017 1108 5087 φῶς,
1132 5019 1231 5072 καὶ
1270 5020 1502 5089 ἐγένετο
1516 5020 1662 5089 φῶς.

116 5114 205 5166 Kal
227 5115 518 5169 ἐκάλεσεν
549 5116 581 5167 ὁ
610 5112 752 5178 Θεὸς
780 5110 847 5164 τὸ
868 5110 992 5180 φῶς
1023 5110 1270 5179 ἡμέραν,
1304 5110 1403 5164 καὶ
1426 5111 1490 5165 τὸ
1515 5114 1662 5166 σκό-

116 5220 198 5273 τος
229 5208 483 5262 ἐκάλεσε
508 5207 718 5261 νύκτα.

678 5388 765 5440 ΠΕ
776 5386 925 5439 ΥΣΙΣ
960 5385 1077 5437 EB’.

173 5476 229 5531 Τί
248 5476 368 5545 οὖν;
391 5478 518 5535 ἄλλο
538 5478 653 5532 ἐστὶ
674 5478 808 5548 φῶς,
832 5478 924 5531 καὶ
947 5476 1073 5530 ἄλλο
1098 5474 1278 5547 ἡμέρα
1301 5478 1366 5548 ςῆ
1394 5477 1520 5531 ἄλλο
1540 5476 1655 5544 νὺξ,

116 5570 192 5623 καὶ
211 5572 331 5627 ἄλλο
365 5574 553 5637 σκότος
570 5588 586 5639 ;

176 5698 211 5729 "
240 5700 371 5769 Gen.
404 5718 443 5765 ι,
473 5700 526 5754 5.

1521 390 1775 449 DIALOG
1783 391 1871 448 US
1901 393 1943 450 l.

3266 394 3375 453 930

2422 505 2730 576 Responsio.

1868 591 2056 664 Neque
2087 592 2232 651 Deus
2280 595 2430 667 ipsas
2476 597 2625 663 fecit,
2670 613 2845 668 neque
2889 599 3372 671 diabolus,neque

1799 686 1954 755 prius
1989 687 2229 752 luerunt,
2262 704 2425 759 quam
2454 692 2803 760 aspectabilis
2848 693 2932 747 hic
2962 695 3217 751 mundus.
3249 694 3374 750 0m-

1798 794 1898 833 nes
1923 781 2070 835 enim
2095 782 2412 851 angelorum
2452 783 2604 838 chori
2638 786 2822 841 carnis
2864 796 3116 855 expertes
3141 788 3372 857 agebant

1799 870 1855 925 in
1905 872 2048 935 luce,
2096 872 2260 926 etiam
2312 883 2601 945 antequam
2640 877 2876 931 mundus
2925 880 3098 944 lieret,
3144 879 3239 934 sed
3274 895 3373 934 su-

1799 977 1967 1031 perne
1987 970 2217 1019 extenso
2245 966 2457 1021 caelesti
2495 982 2742 1037 corpore,
2773 968 2928 1037 quasi
2956 970 3027 1023 ab
3053 978 3208 1038 septo
3234 985 3359 1040 quo

1800 1054 1924 1108 dam
1955 1071 2054 1126 per
2080 1055 2552 1113 obumbrationem
2580 1060 2818 1114 tenebrae
2846 1060 3150 1131 subierunt,
3181 1077 3370 1133 quem-

1798 1145 2095 1202 admodum
2124 1149 2171 1202 si
2200 1150 2254 1203 in
2289 1150 2401 1203 alto
2430 1151 2656 1206 meridie
2701 1154 3077 1207 umbraculum
3105 1169 3170 1207 ex
3203 1154 3368 1208 densa

1797 1240 1980 1309 aliqua
2022 1241 2307 1311 solidaque
2358 1244 2583 1298 materie
2628 1245 2834 1298 circum
2880 1262 2939 1299 se
2990 1246 3187 1315 aliquis
3224 1245 3359 1315 ﬁgat

1795 1328 1943 1408 ldem
1986 1346 2051 1385 ex
2085 1332 2471 1402 navigantibus
2514 1332 2799 1395 discimus,
2839 1336 2932 1404 qui
2972 1336 3235 1390 adversus
3278 1337 3372 1389 im.

1794 1422 1922 1477 bres
1971 1426 2306 1493 expansione
2359 1425 2579 1495 pellium
2625 1428 2953 1483 obumbrant
3004 1445 3215 1484 navem.
3262 1429 3371 1489 Aut

1795 1516 1842 1570 si
1874 1517 1979 1571 hoc
2012 1533 2120 1572 non
2165 1526 2271 1584 est,
2301 1520 2518 1574 videtur
2562 1522 2695 1574 mihi
2738 1537 2803 1575 ex
2850 1523 3112 1577 nebulosa
3144 1523 3372 1578 exhala-

1794 1610 1941 1664 tione
1968 1610 2151 1681 abyssi
2185 1611 2415 1666 densata
2450 1612 2683 1683 caligine
2708 1623 2761 1668 et
2794 1615 3087 1683 vaporibus
3114 1616 3372 1671 tenebras

1793 1710 1944 1759 ortas
1972 1719 2117 1760 esse.
2155 1703 2218 1759 Et
2259 1706 2399 1758 dixit
2434 1705 2576 1760 Deus
2608 1719 2628 1758 :
2660 1705 2787 1760 Fiat
2835 1708 2927 1761 tua:
2958 1709 3021 1761 η.
3055 1707 3237 1763 Prima
3271 1706 3369 1762 Dei

1791 1810 1897 1850 vox
1931 1797 2105 1851 lucem
2141 1799 2470 1867 procreavit,
2505 1814 2667 1868 quam
2704 1809 2757 1854 et
2780 1800 2923 1855 diem
2959 1810 3140 1864 vocat,
3173 1816 3366 1857 serena

1792 1888 2027 1957 quadam
2068 1890 2432 1959 appellatione
2472 1906 2751 1947 exornans
2797 1892 2849 1946 id
2900 1893 3044 1962 quod
3094 1892 3365 1961 placidum

1791 1986 1847 2033 et
1879 1988 2223 2035 mansuetum
2254 1991 2358 2036 est.
2406 1980 2646 2039 Possunt
2686 1983 2903 2053 quidem
2948 1991 3000 2039 et
3034 1983 3139 2037 alia
3169 1998 3363 2038 nume-

1786 2069 1896 2123 rari
1931 2071 2135 2126 Iumina
2165 2073 2234 2126 ab
2266 2072 2386 2143 ipso
2426 2070 2591 2134 facta,
2622 2081 2811 2143 utpote
2841 2074 3023 2129 lumen
3054 2074 3197 2146 ignis
3226 2075 3363 2130 Mosi

1784 2176 2077 2231 apparens,
2121 2167 2340 2234 quando
2380 2164 2579 2220 rubum
2617 2166 2833 2229 urebat,
2863 2182 3039 2237 neque
3074 2167 3365 2225 combure-

1784 2254 1878 2309 bat
1911 2264 2112 2318 tamen,
2156 2265 2216 2311 ut
2260 2266 2313 2314 Cl
2344 2252 2601 2314 naturam
2642 2275 2797 2315 suam
2846 2260 3272 2325 demonstraret.
3307 2267 3365 2317 et

1787 2341 1893 2395 vim
1936 2350 2119 2398 notam
2150 2343 2388 2413 faceret;
2428 2348 2613 2403 lumen
2656 2348 2802 2419 quod
2849 2350 2902 2404 in
2938 2350 3192 2405 columna
3223 2335 3366 2421 ignis

1782 2429 2119 2490 lsraeliticos
2171 2437 2536 2505 praecedebat,
2585 2446 2640 2494 et
2674 2438 3143 2495 mansuefacicbat
3179 2441 3366 2496 deser-

1783 2532 1933 2589 tum;
1982 2525 2165 2580 lumen
2216 2530 2362 2596 quod
2424 2528 2792 2585 circumfulsit
2842 2539 3124 2600 pastores;
3180 2533 3362 2586 lumen

1781 2617 1928 2685 quod
1968 2617 2140 2672 Eliam
2170 2622 2349 2689 rapuit
2381 2620 2436 2675 in
2465 2622 2626 2691 igneo
2667 2637 2857 2687 curru,
2898 2633 3225 2693 raptumque
3254 2639 3366 2679 non

1782 2709 2114 2777 combussit;
2180 2712 2362 2767 lumen
2440 2715 2583 2783 quod
2657 2724 2907 2783 pastores
2966 2716 3363 2782 circumfulsit,

1781 2802 1999 2870 quando
2028 2803 2207 2858 lumen
2235 2820 2431 2875 expers
2456 2808 2718 2875 temporis
2751 2807 2819 2860 ad
2852 2808 3155 2876 temporale
3190 2810 3362 2875 venit,

1781 2893 2064 2960 Christus;
2105 2894 2285 2949 lumen
2324 2900 2639 2966 apparentis
2676 2897 2845 2952 stellae
2890 2897 2943 2951 in
2982 2896 3363 2966 Bethlehema,

1776 2992 1841 3038 ut
1872 2993 1925 3039 et
1950 2987 2142 3056 Magos
2176 2987 2229 3040 in
2264 2988 2460 3043 itinere
2504 2991 2751 3053 duceret,
2800 2998 2853 3044 et
2896 2990 3124 3059 stiparet
3156 2991 3363 3045 satelli-

1781 3078 1858 3132 tio
1891 3095 1993 3133 suo
2021 3080 2167 3148 quod
2213 3096 2379 3150 supra
2428 3096 2532 3136 nos
2564 3089 2649 3137 est
2685 3081 2887 3146 lumen,
2927 3082 3071 3152 apud
3122 3098 3224 3137 nos
3264 3096 3365 3137 na-

1785 3180 1932 3236 tum;
1968 3172 2172 3233 lumen,
2206 3171 2583 3226 demonstrata
2630 3171 2920 3242 discipulis
2976 3171 3029 3227 in
3064 3183 3252 3227 monte
3274 3174 3362 3228 di-

1781 3262 2006 3322 vinitas.
2065 3264 2345 3332 paululum
2408 3273 2632 3333 aspectu
2695 3264 2915 3330 durior;
2972 3265 3154 3320 lumen
3213 3266 3361 3335 quod

1777 3353 2003 3407 Paulum
2066 3355 2466 3420 circutnl‘ulsit,
2540 3356 2698 3426 plaga
2767 3357 3050 3413 oculorum
3104 3358 3363 3415 tenebras

1779 3445 1973 3499 animae
2008 3461 2230 3500 sanans.
2262 3444 2472 3500 Lumen
2504 3454 2587 3501 est
2622 3456 2675 3501 et
2703 3447 2903 3502 futura:
2926 3448 3051 3503 vita:
3079 3448 3361 3518 splendor,

1778 3537 1833 3590 in
1858 3538 1965 3592 illis
1995 3538 2086 3608 qui
2128 3539 2215 3591 hic
2248 3538 2462 3608 purgati
2501 3547 2652 3601 sunt.
2682 3539 2902 3610 quando
2932 3541 3197 3596 lucebunt
3221 3540 3361 3611 justi

1778 3639 1835 3685 ut
1858 3633 1959 3695 sol,
1992 3648 2226 3702 quorum
2260 3632 2405 3687 Deus
2434 3634 2689 3688 consistit
2731 3634 2785 3688 in
2833 3632 3013 3691 medio
3049 3634 3277 3691 deorum
3305 3644 3362 3689 et

1776 3738 1988 3792 regum,
2018 3725 2320 3794 disponens
2364 3732 2417 3780 et
2452 3724 2704 3781 dividens
2736 3727 3032 3796 unicuique
3057 3726 3359 3783 secundum

1777 3816 2094 3887 dignitatem
2118 3856 2133 3881 ,
2160 3826 2213 3872 et
2243 3833 2342 3888 pro
2382 3819 2596 3874 ratione
2624 3828 2829 3873 exacta:
2866 3820 2989 3874 vita:
3025 3821 3243 3890 praemia
3270 3820 3358 3875 fu-

1778 3919 1911 3964 turae
1948 3910 2254 3975 beatitatis;
2304 3910 2485 3965 lumen
2527 3914 2709 3975 etiam,
2754 3912 2940 3966 datum
2992 3913 3045 3966 in
3098 3914 3359 3983 paradiso

1776 4001 1953 4070 primo
2007 4002 2217 4070 parenti
2272 4012 2463 4056 nostro
2510 4010 2863 4071 przeceptum.
2929 4002 3171 4057 Lucerna
3210 4007 3357 4059 enim

1772 4092 1990 4161 pedibus
2024 4094 2151 4146 meis
2194 4095 2279 4147 lex
2318 4104 2431 4159 tua,
2472 4105 2519 4148 et
2562 4095 2739 4148 lumen
2771 4096 2975 4148 sentitis
3005 4098 3131 4150 meis
3166 4096 3229 4159 ⁸³,
3272 4097 3357 4151 in-

1777 4185 1896 4254 quit
1932 4184 2181 4251 Duvides,
2222 4186 2534 4239 divinorum
2569 4186 2877 4241 carminum
2901 4197 3113 4243 auctor.
3146 4188 3354 4245 Lumen

1773 4284 1933 4331 estet
1965 4277 2197 4332 rationis
2228 4278 2312 4332 vis
2341 4294 2463 4348 qum
2497 4279 2551 4333 in
2582 4278 2740 4335 nobis
2772 4281 3006 4341 exsistit.
3049 4284 3354 4337 secundum

1776 4367 1948 4423 Deum
1983 4368 2225 4440 dirigens
2253 4386 2479 4441 gressus
2514 4381 2770 4439 nostros;
2815 4372 2998 4428 lumen
3032 4382 3087 4429 et
3127 4373 3181 4429 id
3210 4374 3357 4444 quod

1775 4460 1841 4515 de
1873 4462 1981 4516 Deo
2014 4464 2387 4518 testimonium
2417 4466 2715 4535 perhibuit,
2768 4476 2822 4523 et
2860 4469 3008 4537 quod
3055 4468 3122 4522 ad
3174 4469 3353 4538 ipsum

1777 4569 1875 4610 sua
1905 4552 2021 4610 face
2047 4556 2220 4620 ducit,
2254 4559 2574 4613 conculcata
2616 4558 2833 4614 ﬂamma
2870 4562 3097 4625 erroris,
3127 4569 3185 4615 ut
3210 4563 3356 4615 Ana-

1770 4649 1876 4704 niae
1933 4649 2066 4705 socii
2127 4652 2181 4705 in
2218 4650 2496 4722 Babylone
2554 4653 2608 4707 in
2656 4653 2835 4708 media
2886 4654 3101 4709 ﬂamma
3146 4655 3350 4708 camini

1771 4742 2002 4796 choreas
2031 4741 2261 4805 ducunt,
2298 4742 2462 4797 etiam
2506 4742 2692 4798 illaesis
2733 4743 2974 4813 ipsorum
3020 4741 3199 4811 palliis
3238 4757 3355 4795 ma-

1773 4837 2062 4902 nentibus;
2114 4835 2300 4891 lumen
2358 4846 2643 4907 praeterea,
2696 4853 2806 4908 quo
2870 4836 3131 4906 peculiari
3189 4836 3352 4891 modo

1772 4926 2029 4998 baptismi
2080 4935 2300 4982 constat
2352 4928 2680 4988 illustratio;
2758 4929 2941 4983 lumen
3016 4936 3144 4982 sunt
3207 4928 3353 4981 ultra

1772 5019 1977 5080 omnia,
2010 5017 2209 5088 quibus
2250 5017 2306 5071 in
2351 5026 2546 5073 sancta
2588 5018 2857 5073 Trinitate
2902 5017 3139 5088 gloriosa
3172 5026 3225 5071 et
3267 5018 3352 5072 in-

1770 5111 1988 5181 culpata
2026 5117 2110 5165 est
2136 5109 2287 5165 ﬁdes.
2339 5110 2525 5182 Itaque
2564 5112 2701 5166 dixit
2750 5110 2893 5165 Deus
2929 5126 2944 5164 :
2977 5109 3104 5163 Fiat
3136 5110 3229 5163 ltus
3254 5126 3273 5174 ;
3299 5121 3348 5164 et

1770 5205 1915 5275 facta
1941 5216 2019 5260 est
2051 5208 2167 5261 lux.
2198 5206 2264 5259 Et
2286 5196 2496 5260 vvocavit
2540 5204 2681 5261 Deus
2720 5205 2890 5259 lucem
2924 5204 3089 5269 diem,
3126 5214 3175 5259 et
3206 5215 3348 5260 tene-

1771 5298 1892 5353 bras
1921 5300 2119 5353 vocavit
2144 5311 2345 5352 noctem
2384 5298 2447 5349 “.

2191 5384 2304 5445 ιΝΤ
2313 5387 2631 5445 ERROGA'I
2645 5394 2710 5444 tU
2760 5388 2917 5445 LXII.

1833 5478 1974 5537 Num
2031 5481 2197 5552 igitur
2250 5480 2400 5536 aliud
2446 5490 2532 5537 est
2587 5481 2702 5546 lux,
2744 5488 2801 5537 et
2851 5479 3000 5537 aliud
3055 5480 3212 5549 dies;
3257 5481 3345 5535 vel

1760 5572 1908 5628 aliud
1938 5588 2066 5640 nox,
2098 5584 2152 5630 et
2176 5575 2321 5630 aliud
2365 5575 2637 5630 tenebrae?

608 5699 650 5730 ¹³
683 5697 829 5755 Psal.
864 5712 1031 5752 cxvnt
1090 5695 1214 5759 ωδ.
1294 5694 1337 5726 ¹⁸
1375 5693 1489 5751 Gen
1543 5711 1582 5761 ι,
1617 5696 1671 5764 5,
1699 5699 1755 5756 ὅ.

173 5837 271 5907 (τι)
298 5832 430 5898 Ταῖς
460 5839 742 5906 τρίϐοις...
766 5835 891 5906 φῶς
906 5836 1096 5909 ἐστιν.
1130 5832 1257 5888 Haec
1281 5830 1650 5909 supplevimus

1789 5853 1877 5891 um
1899 5876 1916 5901 ,
1938 5838 2249 5909 typothetm,
2285 5847 2344 5894 ut
2370 5837 2622 5907 videtur,
2658 5835 2867 5894 Incuria
2902 5835 2973 5891 ob
3001 5848 3189 5897 vocent
3216 5830 3335 5907 φῶς

115 5905 741 5982 ειὶιιιεψιίριοίειιθδυιιι
770 5905 930 5963 enim
980 5906 1035 5960 in
1092 5912 1240 5961 textu
1277 5905 1436 5959 codd.
1473 5905 1649 5961 edito-
1757 5905 2062 5978 repetitam.
