  <div class='ocr_page' id='page_1' title='image "/cluster/home/n/w/nwhite01/storage/ocr_20150623/38/hvd.32044014674576/475.png"; bbox 0 0 3818 6508; ppageno 0'>
   <div class='ocr_carea' id='block_1_1' title="bbox 577 352 678 412">
    <p class='ocr_par' dir='ltr' id='par_1_1' title="bbox 577 352 678 412">
     <span class='ocr_line' id='line_1_1' title="bbox 577 352 678 412; baseline 0.02 -3"><span class='ocrx_word' id='word_1_1' title='bbox 577 352 678 412; x_wconf 65' lang='grc'><strong>(2⁸21</strong></span> 
     </span>
    </p>
   </div>
   <div class='ocr_carea' id='block_1_2' title="bbox 1217 479 1523 551">
    <p class='ocr_par' dir='ltr' id='par_1_2' title="bbox 1217 479 1523 551">
     <span class='ocr_line' id='line_1_2' title="bbox 1217 479 1523 551; baseline 0.013 -16"><span class='ocrx_word' id='word_1_2' title='bbox 1217 479 1523 551; x_wconf 75' lang='lat' dir='ltr'><strong>Responsio.</strong></span> 
     </span>
    </p>
   </div>
   <div class='ocr_carea' id='block_1_3' title="bbox 649 565 2156 650">
    <p class='ocr_par' dir='ltr' id='par_1_3' title="bbox 649 565 2156 650">
     <span class='ocr_line' id='line_1_3' title="bbox 649 565 2156 650; baseline 0.015 -32"><span class='ocrx_word' id='word_1_3' title='bbox 649 565 929 638; x_wconf 79' lang='lat' dir='ltr'><strong>Quidquid</strong></span> <span class='ocrx_word' id='word_1_4' title='bbox 979 570 1158 625; x_wconf 69' lang='lat' dir='ltr'><strong>laetum</strong></span> <span class='ocrx_word' id='word_1_5' title='bbox 1204 581 1259 626; x_wconf 92' lang='lat' dir='ltr'><strong>et</strong></span> <span class='ocrx_word' id='word_1_6' title='bbox 1308 575 1544 630; x_wconf 89' lang='lat' dir='ltr'><strong>hilarum</strong></span> <span class='ocrx_word' id='word_1_7' title='bbox 1593 586 1699 643; x_wconf 87' lang='lat' dir='ltr'><strong>est,</strong></span> <span class='ocrx_word' id='word_1_8' title='bbox 1735 581 2007 650; x_wconf 86' lang='lat' dir='ltr'><strong>placidum</strong></span> <span class='ocrx_word' id='word_1_9' title='bbox 2042 600 2156 640; x_wconf 83' lang='lat' dir='ltr'><strong>me-</strong></span> 
     </span>
    </p>
   </div>
   <div class='ocr_carea' id='block_1_4' title="bbox 581 658 2154 733">
    <p class='ocr_par' dir='ltr' id='par_1_4' title="bbox 581 658 2154 733">
     <span class='ocr_line' id='line_1_4' title="bbox 581 658 2154 733; baseline 0.015 -24"><span class='ocrx_word' id='word_1_10' title='bbox 581 658 688 711; x_wconf 89' lang='lat' dir='ltr'><strong>rito</strong></span> <span class='ocrx_word' id='word_1_11' title='bbox 717 660 1051 730; x_wconf 81' lang='lat' dir='ltr'><strong>appellatur;</strong></span> <span class='ocrx_word' id='word_1_12' title='bbox 1103 663 1187 718; x_wconf 86' lang='lat' dir='ltr'><strong>his</strong></span> <span class='ocrx_word' id='word_1_13' title='bbox 1220 679 1348 719; x_wconf 93' lang='lat' dir='ltr'><strong>vero</strong></span> <span class='ocrx_word' id='word_1_14' title='bbox 1380 671 1674 733; x_wconf 90' lang='lat' dir='ltr'><strong>contraria,</strong></span> <span class='ocrx_word' id='word_1_15' title='bbox 1714 689 1822 728; x_wconf 80' lang='lat' dir='ltr'><strong>nox</strong></span> <span class='ocrx_word' id='word_1_16' title='bbox 1862 677 2154 732; x_wconf 71' lang='lat' dir='ltr'><strong>nominano</strong></span> 
     </span>
    </p>
   </div>
   <div class='ocr_carea' id='block_1_5' title="bbox 579 749 2152 835">
    <p class='ocr_par' dir='ltr' id='par_1_5' title="bbox 579 749 2152 835">
     <span class='ocr_line' id='line_1_5' title="bbox 579 749 2152 835; baseline 0.014 -35"><span class='ocrx_word' id='word_1_17' title='bbox 579 753 688 801; x_wconf 84' lang='lat' dir='ltr'><strong>tur.</strong></span> <span class='ocrx_word' id='word_1_18' title='bbox 727 749 911 805; x_wconf 84' lang='lat' dir='ltr'><strong>Sedet</strong></span> <span class='ocrx_word' id='word_1_19' title='bbox 941 752 1100 807; x_wconf 92' lang='lat' dir='ltr'><strong>aliter</strong></span> <span class='ocrx_word' id='word_1_20' title='bbox 1144 755 1275 808; x_wconf 90' lang='lat' dir='ltr'><strong>mihi</strong></span> <span class='ocrx_word' id='word_1_21' title='bbox 1329 757 1544 814; x_wconf 90' lang='lat' dir='ltr'><strong>videtur</strong></span> <span class='ocrx_word' id='word_1_22' title='bbox 1596 777 1691 830; x_wconf 88' lang='lat' dir='ltr'><strong>per</strong></span> <span class='ocrx_word' id='word_1_23' title='bbox 1737 766 2152 835; x_wconf 81' lang='lat' dir='ltr'><strong>appellationem</strong></span> 
     </span>
    </p>
   </div>
   <div class='ocr_carea' id='block_1_6' title="bbox 577 841 2151 929">
    <p class='ocr_par' dir='ltr' id='par_1_6' title="bbox 577 841 2151 929">
     <span class='ocr_line' id='line_1_6' title="bbox 577 841 2151 929; baseline 0.015 -36"><span class='ocrx_word' id='word_1_24' title='bbox 577 841 899 896; x_wconf 82' lang='lat' dir='ltr'><strong>servitutem</strong></span> <span class='ocrx_word' id='word_1_25' title='bbox 932 844 1174 915; x_wconf 88' lang='lat' dir='ltr'><strong>ipsorum</strong></span> <span class='ocrx_word' id='word_1_26' title='bbox 1203 849 1535 918; x_wconf 77' lang='lat' dir='ltr'><strong>signiﬁcare,</strong></span> <span class='ocrx_word' id='word_1_27' title='bbox 1558 853 1808 926; x_wconf 82' lang='lat' dir='ltr'><strong>beneque</strong></span> <span class='ocrx_word' id='word_1_28' title='bbox 1831 859 2151 929; x_wconf 84' lang='lat' dir='ltr'><strong>dispositam</strong></span> 
     </span>
    </p>
   </div>
   <div class='ocr_carea' id='block_1_7' title="bbox 575 936 2154 1008">
    <p class='ocr_par' dir='ltr' id='par_1_7' title="bbox 575 936 2154 1008">
     <span class='ocr_line' id='line_1_7' title="bbox 575 936 2154 1008; baseline 0.013 -20"><span class='ocrx_word' id='word_1_29' title='bbox 575 945 774 988; x_wconf 88' lang='lat' dir='ltr'><strong>cursus</strong></span> <span class='ocrx_word' id='word_1_30' title='bbox 819 950 915 1004; x_wconf 86' lang='lat' dir='ltr'><strong>per</strong></span> <span class='ocrx_word' id='word_1_31' title='bbox 941 936 1091 991; x_wconf 85' lang='lat' dir='ltr'><strong>vices</strong></span> <span class='ocrx_word' id='word_1_32' title='bbox 1127 941 1602 998; x_wconf 82' lang='lat' dir='ltr'><strong>constitutionem.</strong></span> <span class='ocrx_word' id='word_1_33' title='bbox 1649 945 1864 1002; x_wconf 91' lang='lat' dir='ltr'><strong>Domini</strong></span> <span class='ocrx_word' id='word_1_34' title='bbox 1899 951 2042 1004; x_wconf 87' lang='lat' dir='ltr'><strong>enim</strong></span> <span class='ocrx_word' id='word_1_35' title='bbox 2069 963 2154 1008; x_wconf 92' lang='lat' dir='ltr'><strong>est</strong></span> 
     </span>
    </p>
   </div>
   <div class='ocr_carea' id='block_1_8' title="bbox 574 1026 2152 1106">
    <p class='ocr_par' dir='ltr' id='par_1_8' title="bbox 574 1026 2152 1106">
     <span class='ocr_line' id='line_1_8' title="bbox 574 1026 2152 1106; baseline 0.013 -28"><span class='ocrx_word' id='word_1_36' title='bbox 574 1026 894 1081; x_wconf 90' lang='lat' dir='ltr'><strong>nominatim</strong></span> <span class='ocrx_word' id='word_1_37' title='bbox 949 1044 1166 1094; x_wconf 84' lang='lat' dir='ltr'><strong>vocare,</strong></span> <span class='ocrx_word' id='word_1_38' title='bbox 1220 1031 1547 1088; x_wconf 81' lang='lat' dir='ltr'><strong>famulorum</strong></span> <span class='ocrx_word' id='word_1_39' title='bbox 1606 1054 1736 1094; x_wconf 92' lang='lat' dir='ltr'><strong>vero</strong></span> <span class='ocrx_word' id='word_1_40' title='bbox 1800 1041 2041 1106; x_wconf 84' lang='lat' dir='ltr'><strong>obedire,</strong></span> <span class='ocrx_word' id='word_1_41' title='bbox 2096 1053 2152 1099; x_wconf 92' lang='lat' dir='ltr'><strong>et</strong></span> 
     </span>
    </p>
   </div>
   <div class='ocr_carea' id='block_1_9' title="bbox 571 1120 2144 1206">
    <p class='ocr_par' dir='ltr' id='par_1_9' title="bbox 571 1120 2144 1206">
     <span class='ocr_line' id='line_1_9' title="bbox 571 1120 2144 1206; baseline 0.013 -34"><span class='ocrx_word' id='word_1_42' title='bbox 571 1120 732 1190; x_wconf 87' lang='lat' dir='ltr'><strong>quasi</strong></span> <span class='ocrx_word' id='word_1_43' title='bbox 763 1137 917 1187; x_wconf 89' lang='lat' dir='ltr'><strong>voce,</strong></span> <span class='ocrx_word' id='word_1_44' title='bbox 952 1125 1163 1179; x_wconf 87' lang='lat' dir='ltr'><strong>ordinis</strong></span> <span class='ocrx_word' id='word_1_45' title='bbox 1205 1127 1345 1181; x_wconf 88' lang='lat' dir='ltr'><strong>bona</strong></span> <span class='ocrx_word' id='word_1_46' title='bbox 1373 1130 1759 1188; x_wconf 70' lang='lat' dir='ltr'><strong>observatione</strong></span> <span class='ocrx_word' id='word_1_47' title='bbox 1789 1138 2144 1206; x_wconf 87' lang='lat' dir='ltr'><strong>respondere.</strong></span> 
     </span>
    </p>
   </div>
   <div class='ocr_carea' id='block_1_10' title="bbox 987 1214 1734 1280">
    <p class='ocr_par' dir='ltr' id='par_1_10' title="bbox 987 1214 1734 1280">
     <span class='ocr_line' id='line_1_10' title="bbox 987 1214 1734 1280; baseline 0.015 -14"><span class='ocrx_word' id='word_1_48' title='bbox 987 1214 1509 1275; x_wconf 82' lang='lat' dir='ltr'><strong>INTERROGATIO</strong></span> <span class='ocrx_word' id='word_1_49' title='bbox 1549 1221 1734 1280; x_wconf 84' lang='lat' dir='ltr'><strong>LXIII.</strong></span> 
     </span>
    </p>
   </div>
   <div class='ocr_carea' id='block_1_11' title="bbox 637 1301 2151 1382">
    <p class='ocr_par' dir='ltr' id='par_1_11' title="bbox 637 1301 2151 1382">
     <span class='ocr_line' id='line_1_11' title="bbox 637 1301 2151 1382; baseline 0.015 -27"><span class='ocrx_word' id='word_1_50' title='bbox 637 1301 930 1368; x_wconf 81' lang='lat' dir='ltr'><strong>Quomodo</strong></span> <span class='ocrx_word' id='word_1_51' title='bbox 979 1318 1095 1361; x_wconf 90' lang='lat' dir='ltr'><strong>erat</strong></span> <span class='ocrx_word' id='word_1_52' title='bbox 1143 1317 1288 1363; x_wconf 91' lang='lat' dir='ltr'><strong>terra</strong></span> <span class='ocrx_word' id='word_1_53' title='bbox 1341 1312 1753 1382; x_wconf 86' lang='lat' dir='ltr'><strong>inaspectabilis</strong></span> <span class='ocrx_word' id='word_1_54' title='bbox 1805 1327 1859 1373; x_wconf 91' lang='lat' dir='ltr'><strong>et</strong></span> <span class='ocrx_word' id='word_1_55' title='bbox 1909 1320 2151 1378; x_wconf 87' lang='lat' dir='ltr'><strong>inculta?</strong></span> 
     </span>
    </p>
   </div>
   <div class='ocr_carea' id='block_1_12' title="bbox 569 1399 2147 1482">
    <p class='ocr_par' dir='ltr' id='par_1_12' title="bbox 569 1399 2147 1482">
     <span class='ocr_line' id='line_1_12' title="bbox 569 1399 2147 1482; baseline 0.012 -32"><span class='ocrx_word' id='word_1_56' title='bbox 569 1408 702 1450; x_wconf 80' lang='lat' dir='ltr'><strong>num</strong></span> <span class='ocrx_word' id='word_1_57' title='bbox 728 1399 885 1467; x_wconf 90' lang='lat' dir='ltr'><strong>quasi</strong></span> <span class='ocrx_word' id='word_1_58' title='bbox 921 1400 1304 1470; x_wconf 84' lang='lat' dir='ltr'><strong>semiperfecta</strong></span> <span class='ocrx_word' id='word_1_59' title='bbox 1336 1417 1367 1457; x_wconf 91' lang='lat' dir='ltr'><strong>a</strong></span> <span class='ocrx_word' id='word_1_60' title='bbox 1401 1403 1513 1460; x_wconf 90' lang='lat' dir='ltr'><strong>Deo</strong></span> <span class='ocrx_word' id='word_1_61' title='bbox 1549 1405 1717 1473; x_wconf 79' lang='lat' dir='ltr'><strong>facta,</strong></span> <span class='ocrx_word' id='word_1_62' title='bbox 1753 1420 1847 1464; x_wconf 90' lang='lat' dir='ltr'><strong>aut</strong></span> <span class='ocrx_word' id='word_1_63' title='bbox 1886 1428 1995 1482; x_wconf 92' lang='lat' dir='ltr'><strong>quo</strong></span> <span class='ocrx_word' id='word_1_64' title='bbox 2023 1421 2147 1468; x_wconf 86' lang='lat' dir='ltr'><strong>tan-</strong></span> 
     </span>
    </p>
   </div>
   <div class='ocr_carea' id='block_1_13' title="bbox 568 1485 919 1560">
    <p class='ocr_par' dir='ltr' id='par_1_13' title="bbox 568 1485 919 1560">
     <span class='ocr_line' id='line_1_13' title="bbox 568 1485 919 1560; baseline 0.009 -18"><span class='ocrx_word' id='word_1_65' title='bbox 568 1485 692 1543; x_wconf 79' lang='lat' dir='ltr'><strong>dem</strong></span> <span class='ocrx_word' id='word_1_66' title='bbox 722 1491 919 1560; x_wconf 80' lang='lat' dir='ltr'><strong>pacto?</strong></span> 
     </span>
    </p>
   </div>
   <div class='ocr_carea' id='block_1_14' title="bbox 1203 1585 1511 1656">
    <p class='ocr_par' dir='ltr' id='par_1_14' title="bbox 1203 1585 1511 1656">
     <span class='ocr_line' id='line_1_14' title="bbox 1203 1585 1511 1656; baseline 0.019 -17"><span class='ocrx_word' id='word_1_67' title='bbox 1203 1585 1511 1656; x_wconf 76' lang='lat' dir='ltr'><strong>Responsio.</strong></span> 
     </span>
    </p>
   </div>
   <div class='ocr_carea' id='block_1_15' title="bbox 639 1671 2143 1755">
    <p class='ocr_par' dir='ltr' id='par_1_15' title="bbox 639 1671 2143 1755">
     <span class='ocr_line' id='line_1_15' title="bbox 639 1671 2143 1755; baseline 0.013 -31"><span class='ocrx_word' id='word_1_68' title='bbox 639 1671 1052 1744; x_wconf 86' lang='lat' dir='ltr'><strong>lnaspectabilis</strong></span> <span class='ocrx_word' id='word_1_69' title='bbox 1081 1685 1196 1732; x_wconf 90' lang='lat' dir='ltr'><strong>erat</strong></span> <span class='ocrx_word' id='word_1_70' title='bbox 1236 1688 1380 1735; x_wconf 90' lang='lat' dir='ltr'><strong>terra</strong></span> <span class='ocrx_word' id='word_1_71' title='bbox 1419 1691 1472 1736; x_wconf 90' lang='lat' dir='ltr'><strong>et</strong></span> <span class='ocrx_word' id='word_1_72' title='bbox 1515 1683 1743 1748; x_wconf 88' lang='lat' dir='ltr'><strong>inculta,</strong></span> <span class='ocrx_word' id='word_1_73' title='bbox 1784 1701 1894 1740; x_wconf 91' lang='lat' dir='ltr'><strong>non</strong></span> <span class='ocrx_word' id='word_1_74' title='bbox 1927 1696 2143 1755; x_wconf 84' lang='lat' dir='ltr'><strong>natura,</strong></span> 
     </span>
    </p>
   </div>
   <div class='ocr_carea' id='block_1_16' title="bbox 565 1764 2143 1851">
    <p class='ocr_par' dir='ltr' id='par_1_16' title="bbox 565 1764 2143 1851">
     <span class='ocr_line' id='line_1_16' title="bbox 565 1764 2143 1851; baseline 0.011 -33"><span class='ocrx_word' id='word_1_75' title='bbox 565 1764 662 1819; x_wconf 88' lang='lat' dir='ltr'><strong>sed</strong></span> <span class='ocrx_word' id='word_1_76' title='bbox 697 1769 1054 1823; x_wconf 79' lang='lat' dir='ltr'><strong>exornatione</strong></span> <span class='ocrx_word' id='word_1_77' title='bbox 1076 1777 1130 1822; x_wconf 79' lang='lat' dir='ltr'><strong>et</strong></span> <span class='ocrx_word' id='word_1_78' title='bbox 1165 1769 1326 1851; x_wconf 53' lang='lat' dir='ltr'><strong>faeie,</strong></span> <span class='ocrx_word' id='word_1_79' title='bbox 1374 1765 1625 1828; x_wconf 81' lang='lat' dir='ltr'><strong>nondum&#39;</strong></span> <span class='ocrx_word' id='word_1_80' title='bbox 1651 1779 1951 1846; x_wconf 76' lang='lat' dir='ltr'><strong>segregatis</strong></span> <span class='ocrx_word' id='word_1_81' title='bbox 1985 1781 2143 1850; x_wconf 87' lang='lat' dir='ltr'><strong>aquis</strong></span> 
     </span>
    </p>
   </div>
   <div class='ocr_carea' id='block_1_17' title="bbox 563 1858 2136 1938">
    <p class='ocr_par' dir='ltr' id='par_1_17' title="bbox 563 1858 2136 1938">
     <span class='ocr_line' id='line_1_17' title="bbox 563 1858 2136 1938; baseline 0.011 -28"><span class='ocrx_word' id='word_1_82' title='bbox 563 1858 630 1912; x_wconf 89' lang='lat' dir='ltr'><strong>ad</strong></span> <span class='ocrx_word' id='word_1_83' title='bbox 660 1860 939 1929; x_wconf 81' lang='lat' dir='ltr'><strong>preprium</strong></span> <span class='ocrx_word' id='word_1_84' title='bbox 973 1862 1175 1925; x_wconf 89' lang='lat' dir='ltr'><strong>locum,</strong></span> <span class='ocrx_word' id='word_1_85' title='bbox 1213 1871 1271 1917; x_wconf 87' lang='lat' dir='ltr'><strong>ut</strong></span> <span class='ocrx_word' id='word_1_86' title='bbox 1299 1874 1618 1920; x_wconf 90' lang='lat' dir='ltr'><strong>cerneretur</strong></span> <span class='ocrx_word' id='word_1_87' title='bbox 1651 1867 1770 1936; x_wconf 89' lang='lat' dir='ltr'><strong>ejus</strong></span> <span class='ocrx_word' id='word_1_88' title='bbox 1809 1870 2136 1938; x_wconf 86' lang='lat' dir='ltr'><strong>substantia,</strong></span> 
     </span>
    </p>
   </div>
   <div class='ocr_carea' id='block_1_18' title="bbox 563 1949 2136 2018">
    <p class='ocr_par' dir='ltr' id='par_1_18' title="bbox 563 1949 2136 2018">
     <span class='ocr_line' id='line_1_18' title="bbox 563 1949 2136 2018; baseline 0.011 -18"><span class='ocrx_word' id='word_1_89' title='bbox 563 1949 765 2018; x_wconf 83' lang='lat' dir='ltr'><strong>plantis</strong></span> <span class='ocrx_word' id='word_1_90' title='bbox 844 1959 1242 2018; x_wconf 83' lang='lat' dir='ltr'><strong>exornaretur,</strong></span> <span class='ocrx_word' id='word_1_91' title='bbox 1319 1962 1375 2009; x_wconf 89' lang='lat' dir='ltr'><strong>et</strong></span> <span class='ocrx_word' id='word_1_92' title='bbox 1459 1955 1690 2011; x_wconf 74' lang='lat' dir='ltr'><strong>floribus</strong></span> <span class='ocrx_word' id='word_1_93' title='bbox 1757 1969 2136 2018; x_wconf 84' lang='lat' dir='ltr'><strong>coronaretur.</strong></span> 
     </span>
    </p>
   </div>
   <div class='ocr_carea' id='block_1_19' title="bbox 559 2037 2136 2113">
    <p class='ocr_par' dir='ltr' id='par_1_19' title="bbox 559 2037 2136 2113">
     <span class='ocr_line' id='line_1_19' title="bbox 559 2037 2136 2113; baseline 0.01 -22"><span class='ocrx_word' id='word_1_94' title='bbox 559 2037 773 2107; x_wconf 81' lang='lat' dir='ltr'><strong>Abysso</strong></span> <span class='ocrx_word' id='word_1_95' title='bbox 798 2055 1032 2109; x_wconf 86' lang='lat' dir='ltr'><strong>namque</strong></span> <span class='ocrx_word' id='word_1_96' title='bbox 1086 2057 1252 2112; x_wconf 87' lang='lat' dir='ltr'><strong>super</strong></span> <span class='ocrx_word' id='word_1_97' title='bbox 1308 2043 1481 2113; x_wconf 88' lang='lat' dir='ltr'><strong>ipsam</strong></span> <span class='ocrx_word' id='word_1_98' title='bbox 1528 2045 1861 2112; x_wconf 79' lang='lat' dir='ltr'><strong>exundante,</strong></span> <span class='ocrx_word' id='word_1_99' title='bbox 1894 2053 2136 2108; x_wconf 90' lang='lat' dir='ltr'><strong>nondum</strong></span> 
     </span>
    </p>
   </div>
   <div class='ocr_carea' id='block_1_20' title="bbox 557 2127 2141 2207">
    <p class='ocr_par' dir='ltr' id='par_1_20' title="bbox 557 2127 2141 2207">
     <span class='ocr_line' id='line_1_20' title="bbox 557 2127 2141 2207; baseline 0.011 -27"><span class='ocrx_word' id='word_1_100' title='bbox 557 2137 676 2182; x_wconf 86' lang='lat' dir='ltr'><strong>erat</strong></span> <span class='ocrx_word' id='word_1_101' title='bbox 713 2127 942 2183; x_wconf 79' lang='lat' dir='ltr'><strong>fontium</strong></span> <span class='ocrx_word' id='word_1_102' title='bbox 995 2141 1046 2185; x_wconf 89' lang='lat' dir='ltr'><strong>et</strong></span> <span class='ocrx_word' id='word_1_103' title='bbox 1085 2131 1369 2187; x_wconf 83' lang='lat' dir='ltr'><strong>ﬂuminum</strong></span> <span class='ocrx_word' id='word_1_104' title='bbox 1411 2135 1764 2193; x_wconf 88' lang='lat' dir='ltr'><strong>distinctione</strong></span> <span class='ocrx_word' id='word_1_105' title='bbox 1804 2139 2004 2207; x_wconf 89' lang='lat' dir='ltr'><strong>cincta,</strong></span> <span class='ocrx_word' id='word_1_106' title='bbox 2049 2158 2141 2198; x_wconf 81' lang='lat' dir='ltr'><strong>ne-</strong></span> 
     </span>
    </p>
   </div>
   <div class='ocr_carea' id='block_1_21' title="bbox 555 2221 2137 2301">
    <p class='ocr_par' dir='ltr' id='par_1_21' title="bbox 555 2221 2137 2301">
     <span class='ocr_line' id='line_1_21' title="bbox 555 2221 2137 2301; baseline 0.011 -28"><span class='ocrx_word' id='word_1_107' title='bbox 555 2235 666 2290; x_wconf 87' lang='lat' dir='ltr'><strong>que</strong></span> <span class='ocrx_word' id='word_1_108' title='bbox 699 2221 975 2291; x_wconf 79' lang='lat' dir='ltr'><strong>variegata</strong></span> <span class='ocrx_word' id='word_1_109' title='bbox 1022 2222 1089 2276; x_wconf 91' lang='lat' dir='ltr'><strong>ad</strong></span> <span class='ocrx_word' id='word_1_110' title='bbox 1121 2226 1514 2281; x_wconf 89' lang='lat' dir='ltr'><strong>enutritionem</strong></span> <span class='ocrx_word' id='word_1_111' title='bbox 1551 2243 1738 2283; x_wconf 88' lang='lat' dir='ltr'><strong>eorum</strong></span> <span class='ocrx_word' id='word_1_112' title='bbox 1782 2247 1905 2301; x_wconf 74' lang='lat' dir='ltr'><strong>quae</strong></span> <span class='ocrx_word' id='word_1_113' title='bbox 1950 2233 2137 2291; x_wconf 89' lang='lat' dir='ltr'><strong>divino</strong></span> 
     </span>
    </p>
   </div>
   <div class='ocr_carea' id='block_1_22' title="bbox 557 2314 2133 2392">
    <p class='ocr_par' dir='ltr' id='par_1_22' title="bbox 557 2314 2133 2392">
     <span class='ocr_line' id='line_1_22' title="bbox 557 2314 2133 2392; baseline 0.01 -28"><span class='ocrx_word' id='word_1_114' title='bbox 557 2322 830 2382; x_wconf 69' lang='lat' dir='ltr'><strong>praecepto</strong></span> <span class='ocrx_word' id='word_1_115' title='bbox 865 2329 930 2368; x_wconf 81' lang='lat' dir='ltr'><strong>ex</strong></span> <span class='ocrx_word' id='word_1_116' title='bbox 981 2314 1097 2384; x_wconf 90' lang='lat' dir='ltr'><strong>ipsa</strong></span> <span class='ocrx_word' id='word_1_117' title='bbox 1157 2318 1506 2385; x_wconf 89' lang='lat' dir='ltr'><strong>producenda</strong></span> <span class='ocrx_word' id='word_1_118' title='bbox 1556 2329 1732 2387; x_wconf 88' lang='lat' dir='ltr'><strong>erant,</strong></span> <span class='ocrx_word' id='word_1_119' title='bbox 1786 2324 2133 2392; x_wconf 86' lang='lat' dir='ltr'><strong>animalium;</strong></span> 
     </span>
    </p>
   </div>
   <div class='ocr_carea' id='block_1_23' title="bbox 553 2403 2132 2486">
    <p class='ocr_par' dir='ltr' id='par_1_23' title="bbox 553 2403 2132 2486">
     <span class='ocr_line' id='line_1_23' title="bbox 553 2403 2132 2486; baseline 0.01 -30"><span class='ocrx_word' id='word_1_120' title='bbox 553 2403 712 2472; x_wconf 88' lang='lat' dir='ltr'><strong>quasi</strong></span> <span class='ocrx_word' id='word_1_121' title='bbox 770 2405 984 2475; x_wconf 75' lang='lat' dir='ltr'><strong>lugubri</strong></span> <span class='ocrx_word' id='word_1_122' title='bbox 1037 2409 1272 2477; x_wconf 90' lang='lat' dir='ltr'><strong>quadam</strong></span> <span class='ocrx_word' id='word_1_123' title='bbox 1329 2419 1480 2466; x_wconf 83' lang='lat' dir='ltr'><strong>veste</strong></span> <span class='ocrx_word' id='word_1_124' title='bbox 1523 2412 1721 2483; x_wconf 82' lang='lat' dir='ltr'><strong>abysso</strong></span> <span class='ocrx_word' id='word_1_125' title='bbox 1773 2417 2132 2486; x_wconf 85' lang='lat' dir='ltr'><strong>circumdata,</strong></span> 
     </span>
    </p>
   </div>
   <div class='ocr_carea' id='block_1_24' title="bbox 551 2497 2134 2566">
    <p class='ocr_par' dir='ltr' id='par_1_24' title="bbox 551 2497 2134 2566">
     <span class='ocr_line' id='line_1_24' title="bbox 551 2497 2134 2566; baseline 0.008 -15"><span class='ocrx_word' id='word_1_126' title='bbox 551 2497 1015 2566; x_wconf 86' lang='lat' dir='ltr'><strong>quemadmodum</strong></span> <span class='ocrx_word' id='word_1_127' title='bbox 1066 2510 1262 2556; x_wconf 84' lang='lat' dir='ltr'><strong>auctor</strong></span> <span class='ocrx_word' id='word_1_128' title='bbox 1316 2502 1407 2557; x_wconf 93' lang='lat' dir='ltr'><strong>ille</strong></span> <span class='ocrx_word' id='word_1_129' title='bbox 1469 2506 1775 2560; x_wconf 89' lang='lat' dir='ltr'><strong>carminum</strong></span> <span class='ocrx_word' id='word_1_130' title='bbox 1822 2508 2134 2564; x_wconf 87' lang='lat' dir='ltr'><strong>divinorum</strong></span> 
     </span>
    </p>
   </div>
   <div class='ocr_carea' id='block_1_25' title="bbox 555 2587 2132 2669">
    <p class='ocr_par' dir='ltr' id='par_1_25' title="bbox 555 2587 2132 2669">
     <span class='ocr_line' id='line_1_25' title="bbox 555 2587 2132 2669; baseline 0.01 -28"><span class='ocrx_word' id='word_1_131' title='bbox 555 2587 788 2646; x_wconf 87' lang='lat' dir='ltr'><strong>Davides</strong></span> <span class='ocrx_word' id='word_1_132' title='bbox 833 2591 1060 2661; x_wconf 89' lang='lat' dir='ltr'><strong>inquit:</strong></span> <span class='ocrx_word' id='word_1_133' title='bbox 1114 2593 1351 2665; x_wconf 78' lang='lat' dir='ltr'><strong>Abyssus</strong></span> <span class='ocrx_word' id='word_1_134' title='bbox 1400 2595 1558 2649; x_wconf 80' lang='lat' dir='ltr'><strong>veluti</strong></span> <span class='ocrx_word' id='word_1_135' title='bbox 1609 2600 1764 2652; x_wconf 75' lang='lat' dir='ltr'><strong>vestis</strong></span> <span class='ocrx_word' id='word_1_136' title='bbox 1810 2604 2132 2669; x_wconf 76' lang='lat' dir='ltr'><strong>opertorium</strong></span> 
     </span>
    </p>
   </div>
   <div class='ocr_carea' id='block_1_26' title="bbox 553 2681 2132 2752">
    <p class='ocr_par' dir='ltr' id='par_1_26' title="bbox 553 2681 2132 2752">
     <span class='ocr_line' id='line_1_26' title="bbox 553 2681 2132 2752; baseline 0.009 -15"><span class='ocrx_word' id='word_1_137' title='bbox 553 2681 669 2752; x_wconf 79' lang='lat' dir='ltr'><strong>ejus</strong></span> <span class='ocrx_word' id='word_1_138' title='bbox 698 2683 741 2714; x_wconf 79' lang='lat'><strong>“’</strong></span> <span class='ocrx_word' id='word_1_139' title='bbox 779 2700 793 2736; x_wconf 88' lang='lat'><strong>:</strong></span> <span class='ocrx_word' id='word_1_140' title='bbox 829 2682 1047 2738; x_wconf 89' lang='lat' dir='ltr'><strong>Oceano</strong></span> <span class='ocrx_word' id='word_1_141' title='bbox 1073 2686 1284 2742; x_wconf 86' lang='lat' dir='ltr'><strong>scilicet</strong></span> <span class='ocrx_word' id='word_1_142' title='bbox 1309 2688 1486 2743; x_wconf 88' lang='lat' dir='ltr'><strong>instar</strong></span> <span class='ocrx_word' id='word_1_143' title='bbox 1515 2690 1701 2744; x_wconf 90' lang='lat' dir='ltr'><strong>annuli</strong></span> <span class='ocrx_word' id='word_1_144' title='bbox 1730 2699 1931 2747; x_wconf 87' lang='lat' dir='ltr'><strong>terram</strong></span> <span class='ocrx_word' id='word_1_145' title='bbox 1953 2696 2132 2752; x_wconf 88' lang='lat' dir='ltr'><strong>adhuc</strong></span> 
     </span>
    </p>
   </div>
   <div class='ocr_carea' id='block_1_27' title="bbox 553 2773 1917 2840">
    <p class='ocr_par' dir='ltr' id='par_1_27' title="bbox 553 2773 1917 2840">
     <span class='ocr_line' id='line_1_27' title="bbox 553 2773 1917 2840; baseline 0.008 -13"><span class='ocrx_word' id='word_1_146' title='bbox 553 2773 949 2840; x_wconf 89' lang='lat' dir='ltr'><strong>circumdante,</strong></span> <span class='ocrx_word' id='word_1_147' title='bbox 987 2775 1131 2831; x_wconf 90' lang='lat' dir='ltr'><strong>sicut</strong></span> <span class='ocrx_word' id='word_1_148' title='bbox 1159 2779 1458 2832; x_wconf 88' lang='lat' dir='ltr'><strong>etiamnum</strong></span> <span class='ocrx_word' id='word_1_149' title='bbox 1497 2779 1656 2835; x_wconf 83' lang='lat' dir='ltr'><strong>hodie</strong></span> <span class='ocrx_word' id='word_1_150' title='bbox 1681 2792 1917 2838; x_wconf 85' lang='lat' dir='ltr'><strong>constat.</strong></span> 
     </span>
    </p>
   </div>
   <div class='ocr_carea' id='block_1_28' title="bbox 971 2868 1714 2929">
    <p class='ocr_par' dir='ltr' id='par_1_28' title="bbox 971 2868 1714 2929">
     <span class='ocr_line' id='line_1_28' title="bbox 971 2868 1714 2929; baseline 0.009 -7"><span class='ocrx_word' id='word_1_151' title='bbox 971 2868 1488 2926; x_wconf 77' lang='lat' dir='ltr'><strong>INTERROGATIO</strong></span> <span class='ocrx_word' id='word_1_152' title='bbox 1529 2871 1714 2929; x_wconf 82' lang='lat' dir='ltr'><strong>LXIV.</strong></span> 
     </span>
    </p>
   </div>
   <div class='ocr_carea' id='block_1_29' title="bbox 622 2954 2129 3034">
    <p class='ocr_par' dir='ltr' id='par_1_29' title="bbox 622 2954 2129 3034">
     <span class='ocr_line' id='line_1_29' title="bbox 622 2954 2129 3034; baseline 0.013 -24"><span class='ocrx_word' id='word_1_153' title='bbox 622 2954 805 3022; x_wconf 85' lang='lat' dir='ltr'><strong>Quare</strong></span> <span class='ocrx_word' id='word_1_154' title='bbox 847 2969 1026 3015; x_wconf 81' lang='lat' dir='ltr'><strong>autem</strong></span> <span class='ocrx_word' id='word_1_155' title='bbox 1073 2961 1345 3034; x_wconf 86' lang='lat' dir='ltr'><strong>Propheta</strong></span> <span class='ocrx_word' id='word_1_156' title='bbox 1394 2980 1504 3018; x_wconf 93' lang='lat' dir='ltr'><strong>non</strong></span> <span class='ocrx_word' id='word_1_157' title='bbox 1551 2965 1691 3019; x_wconf 78' lang='lat' dir='ltr'><strong>dixit</strong></span> <span class='ocrx_word' id='word_1_158' title='bbox 1746 2969 1801 3024; x_wconf 91' lang='lat' dir='ltr'><strong>in</strong></span> <span class='ocrx_word' id='word_1_159' title='bbox 1865 2972 2129 3030; x_wconf 82' lang='lat' dir='ltr'><strong>feminino</strong></span> 
     </span>
    </p>
   </div>
   <div class='ocr_carea' id='block_1_30' title="bbox 549 3055 2129 3129">
    <p class='ocr_par' dir='ltr' id='par_1_30' title="bbox 549 3055 2129 3129">
     <span class='ocr_line' id='line_1_30' title="bbox 549 3055 2129 3129; baseline 0.013 -27"><span class='ocrx_word' id='word_1_160' title='bbox 549 3063 764 3117; x_wconf 70' lang='lat' dir='ltr'><strong>genere,</strong></span> <span class='ocrx_word' id='word_1_161' title='bbox 797 3055 1132 3122; x_wconf 88' lang='lat' dir='ltr'><strong>opertorium</strong></span> <span class='ocrx_word' id='word_1_162' title='bbox 1186 3056 1308 3128; x_wconf 91' lang='lat' dir='ltr'><strong>ejus</strong></span> <span class='ocrx_word' id='word_1_163' title='bbox 1341 3075 1355 3112; x_wconf 88' lang='lat'><strong>:</strong></span> <span class='ocrx_word' id='word_1_164' title='bbox 1394 3057 1491 3112; x_wconf 90' lang='lat' dir='ltr'><strong>sed</strong></span> <span class='ocrx_word' id='word_1_165' title='bbox 1541 3059 1683 3129; x_wconf 85' lang='lat' dir='ltr'><strong>ejus,</strong></span> <span class='ocrx_word' id='word_1_166' title='bbox 1729 3063 1784 3117; x_wconf 92' lang='lat' dir='ltr'><strong>in</strong></span> <span class='ocrx_word' id='word_1_167' title='bbox 1818 3069 2129 3123; x_wconf 87' lang='lat' dir='ltr'><strong>masculino</strong></span> 
     </span>
    </p>
   </div>
   <div class='ocr_carea' id='block_1_31' title="bbox 484 3140 895 3197">
    <p class='ocr_par' dir='ltr' id='par_1_31' title="bbox 484 3140 895 3197">
     <span class='ocr_line' id='line_1_31' title="bbox 484 3140 895 3197; baseline 0.002 -1"><span class='ocrx_word' id='word_1_168' title='bbox 484 3158 486 3160; x_wconf 72' lang='lat'><strong>&#39;</strong></span> <span class='ocrx_word' id='word_1_169' title='bbox 542 3140 628 3196; x_wconf 78' lang='lat' dir='ltr'><strong>vel</strong></span> <span class='ocrx_word' id='word_1_170' title='bbox 660 3143 895 3197; x_wconf 80' lang='lat' dir='ltr'><strong>neutro?</strong></span> 
     </span>
    </p>
   </div>
   <div class='ocr_carea' id='block_1_32' title="bbox 1178 3237 1481 3309">
    <p class='ocr_par' dir='ltr' id='par_1_32' title="bbox 1178 3237 1481 3309">
     <span class='ocr_line' id='line_1_32' title="bbox 1178 3237 1481 3309; baseline 0.013 -18"><span class='ocrx_word' id='word_1_171' title='bbox 1178 3237 1481 3309; x_wconf 83' lang='lat' dir='ltr'><strong>Responsio.</strong></span> 
     </span>
    </p>
   </div>
   <div class='ocr_carea' id='block_1_33' title="bbox 612 3322 2124 3414">
    <p class='ocr_par' dir='ltr' id='par_1_33' title="bbox 612 3322 2124 3414">
     <span class='ocr_line' id='line_1_33' title="bbox 612 3322 2124 3414; baseline 0.013 -36"><span class='ocrx_word' id='word_1_172' title='bbox 612 3322 760 3380; x_wconf 83' lang='lat' dir='ltr'><strong>Nihil</strong></span> <span class='ocrx_word' id='word_1_173' title='bbox 810 3327 864 3381; x_wconf 89' lang='lat' dir='ltr'><strong>in</strong></span> <span class='ocrx_word' id='word_1_174' title='bbox 909 3328 1016 3383; x_wconf 90' lang='lat' dir='ltr'><strong>hoc</strong></span> <span class='ocrx_word' id='word_1_175' title='bbox 1056 3330 1408 3392; x_wconf 87' lang='lat' dir='ltr'><strong>descrimiuis</strong></span> <span class='ocrx_word' id='word_1_176' title='bbox 1435 3349 1540 3404; x_wconf 88' lang='lat' dir='ltr'><strong>est,</strong></span> <span class='ocrx_word' id='word_1_177' title='bbox 1577 3343 1624 3397; x_wconf 90' lang='lat' dir='ltr'><strong>si</strong></span> <span class='ocrx_word' id='word_1_178' title='bbox 1655 3338 1989 3398; x_wconf 83' lang='lat' dir='ltr'><strong>elementum</strong></span> <span class='ocrx_word' id='word_1_179' title='bbox 2025 3359 2124 3414; x_wconf 90' lang='lat' dir='ltr'><strong>pro</strong></span> 
     </span>
    </p>
   </div>
   <div class='ocr_carea' id='block_1_34' title="bbox 539 3418 2122 3497">
    <p class='ocr_par' dir='ltr' id='par_1_34' title="bbox 539 3418 2122 3497">
     <span class='ocr_line' id='line_1_34' title="bbox 539 3418 2122 3497; baseline 0.016 -29"><span class='ocrx_word' id='word_1_180' title='bbox 539 3421 690 3469; x_wconf 80' lang='lat' dir='ltr'><strong>terra</strong></span> <span class='ocrx_word' id='word_1_181' title='bbox 740 3418 1198 3490; x_wconf 80' lang='lat' dir='ltr'><strong>subintelligatur.</strong></span> <span class='ocrx_word' id='word_1_182' title='bbox 1265 3425 1454 3497; x_wconf 86' lang='lat' dir='ltr'><strong>Neque</strong></span> <span class='ocrx_word' id='word_1_183' title='bbox 1509 3435 1639 3489; x_wconf 88' lang='lat' dir='ltr'><strong>item</strong></span> <span class='ocrx_word' id='word_1_184' title='bbox 1706 3451 1831 3490; x_wconf 92' lang='lat' dir='ltr'><strong>cum</strong></span> <span class='ocrx_word' id='word_1_185' title='bbox 1877 3439 2122 3493; x_wconf 89' lang='lat' dir='ltr'><strong>omnium</strong></span> 
     </span>
    </p>
   </div>
   <div class='ocr_carea' id='block_1_35' title="bbox 541 3509 2121 3591">
    <p class='ocr_par' dir='ltr' id='par_1_35' title="bbox 541 3509 2121 3591">
     <span class='ocr_line' id='line_1_35' title="bbox 541 3509 2121 3591; baseline 0.018 -33"><span class='ocrx_word' id='word_1_186' title='bbox 541 3509 735 3562; x_wconf 60' lang='lat' dir='ltr'><strong>animae</strong></span> <span class='ocrx_word' id='word_1_187' title='bbox 770 3509 1036 3566; x_wconf 80' lang='lat' dir='ltr'><strong>feminino</strong></span> <span class='ocrx_word' id='word_1_188' title='bbox 1065 3530 1266 3585; x_wconf 78' lang='lat' dir='ltr'><strong>genere</strong></span> <span class='ocrx_word' id='word_1_189' title='bbox 1289 3524 1655 3591; x_wconf 89' lang='lat' dir='ltr'><strong>appellentur,</strong></span> <span class='ocrx_word' id='word_1_190' title='bbox 1693 3527 1902 3584; x_wconf 87' lang='lat' dir='ltr'><strong>idcirco</strong></span> <span class='ocrx_word' id='word_1_191' title='bbox 1927 3532 2008 3586; x_wconf 87' lang='lat' dir='ltr'><strong>vel</strong></span> <span class='ocrx_word' id='word_1_192' title='bbox 2040 3531 2121 3586; x_wconf 82' lang='lat' dir='ltr'><strong>fe-</strong></span> 
     </span>
    </p>
   </div>
   <div class='ocr_carea' id='block_1_36' title="bbox 541 3597 2121 3680">
    <p class='ocr_par' dir='ltr' id='par_1_36' title="bbox 541 3597 2121 3680">
     <span class='ocr_line' id='line_1_36' title="bbox 541 3597 2121 3680; baseline 0.018 -30"><span class='ocrx_word' id='word_1_193' title='bbox 541 3597 721 3652; x_wconf 84' lang='lat' dir='ltr'><strong>minas</strong></span> <span class='ocrx_word' id='word_1_194' title='bbox 761 3601 846 3654; x_wconf 91' lang='lat' dir='ltr'><strong>vel</strong></span> <span class='ocrx_word' id='word_1_195' title='bbox 871 3617 1049 3659; x_wconf 89' lang='lat' dir='ltr'><strong>mares</strong></span> <span class='ocrx_word' id='word_1_196' title='bbox 1077 3622 1199 3662; x_wconf 88' lang='lat' dir='ltr'><strong>esse</strong></span> <span class='ocrx_word' id='word_1_197' title='bbox 1250 3613 1618 3672; x_wconf 90' lang='lat' dir='ltr'><strong>concedemus</strong></span> <span class='ocrx_word' id='word_1_198' title='bbox 1655 3620 1892 3676; x_wconf 89' lang='lat' dir='ltr'><strong>animas.</strong></span> <span class='ocrx_word' id='word_1_199' title='bbox 1931 3621 2036 3678; x_wconf 91' lang='lat' dir='ltr'><strong>Sed</strong></span> <span class='ocrx_word' id='word_1_200' title='bbox 2067 3633 2121 3680; x_wconf 90' lang='lat' dir='ltr'><strong>et</strong></span> 
     </span>
    </p>
   </div>
   <div class='ocr_carea' id='block_1_37' title="bbox 540 3689 2117 3784">
    <p class='ocr_par' dir='ltr' id='par_1_37' title="bbox 540 3689 2117 3784">
     <span class='ocr_line' id='line_1_37' title="bbox 540 3689 2117 3784; baseline 0.019 -42"><span class='ocrx_word' id='word_1_201' title='bbox 540 3689 797 3746; x_wconf 82' lang='lat' dir='ltr'><strong>Christus</strong></span> <span class='ocrx_word' id='word_1_202' title='bbox 827 3697 1094 3764; x_wconf 89' lang='lat' dir='ltr'><strong>sapientia</strong></span> <span class='ocrx_word' id='word_1_203' title='bbox 1128 3709 1183 3754; x_wconf 92' lang='lat' dir='ltr'><strong>et</strong></span> <span class='ocrx_word' id='word_1_204' title='bbox 1211 3707 1456 3771; x_wconf 88' lang='lat' dir='ltr'><strong>potentia</strong></span> <span class='ocrx_word' id='word_1_205' title='bbox 1499 3720 1554 3764; x_wconf 91' lang='lat' dir='ltr'><strong>et</strong></span> <span class='ocrx_word' id='word_1_206' title='bbox 1597 3719 1752 3782; x_wconf 87' lang='lat' dir='ltr'><strong>petra</strong></span> <span class='ocrx_word' id='word_1_207' title='bbox 1792 3717 2117 3784; x_wconf 88' lang='lat' dir='ltr'><strong>appellatur,</strong></span> 
     </span>
    </p>
   </div>
   <div class='ocr_carea' id='block_1_38' title="bbox 535 3787 2118 3876">
    <p class='ocr_par' dir='ltr' id='par_1_38' title="bbox 535 3787 2118 3876">
     <span class='ocr_line' id='line_1_38' title="bbox 535 3787 2118 3876; baseline 0.02 -43"><span class='ocrx_word' id='word_1_208' title='bbox 535 3796 666 3835; x_wconf 82' lang='lat' dir='ltr'><strong>cum</strong></span> <span class='ocrx_word' id='word_1_209' title='bbox 683 3789 756 3840; x_wconf 81' lang='lat' dir='ltr'><strong>sit</strong></span> <span class='ocrx_word' id='word_1_210' title='bbox 769 3787 929 3854; x_wconf 87' lang='lat' dir='ltr'><strong>Deus,</strong></span> <span class='ocrx_word' id='word_1_211' title='bbox 949 3787 1183 3848; x_wconf 80' lang='lat' dir='ltr'><strong>Verbum</strong></span> <span class='ocrx_word' id='word_1_212' title='bbox 1199 3807 1254 3853; x_wconf 91' lang='lat' dir='ltr'><strong>et</strong></span> <span class='ocrx_word' id='word_1_213' title='bbox 1270 3797 1610 3856; x_wconf 85' lang='lat' dir='ltr'><strong>homoidem.</strong></span> <span class='ocrx_word' id='word_1_214' title='bbox 1639 3803 1982 3876; x_wconf 82' lang='lat' dir='ltr'><strong>lntelligatur</strong></span> <span class='ocrx_word' id='word_1_215' title='bbox 2018 3825 2118 3863; x_wconf 90' lang='lat' dir='ltr'><strong>au-</strong></span> 
     </span>
    </p>
   </div>
   <div class='ocr_carea' id='block_1_39' title="bbox 540 3880 2115 3957">
    <p class='ocr_par' dir='ltr' id='par_1_39' title="bbox 540 3880 2115 3957">
     <span class='ocr_line' id='line_1_39' title="bbox 540 3880 2115 3957; baseline 0.018 -29"><span class='ocrx_word' id='word_1_216' title='bbox 540 3884 734 3931; x_wconf 88' lang='lat' dir='ltr'><strong>temet</strong></span> <span class='ocrx_word' id='word_1_217' title='bbox 779 3880 889 3935; x_wconf 92' lang='lat' dir='ltr'><strong>alio</strong></span> <span class='ocrx_word' id='word_1_218' title='bbox 938 3885 1121 3940; x_wconf 86' lang='lat' dir='ltr'><strong>modo.</strong></span> <span class='ocrx_word' id='word_1_219' title='bbox 1169 3889 1466 3948; x_wconf 87' lang='lat' dir='ltr'><strong>Invisibilis</strong></span> <span class='ocrx_word' id='word_1_220' title='bbox 1498 3903 1617 3949; x_wconf 90' lang='lat' dir='ltr'><strong>erat</strong></span> <span class='ocrx_word' id='word_1_221' title='bbox 1667 3904 1835 3954; x_wconf 90' lang='lat' dir='ltr'><strong>terra.</strong></span> <span class='ocrx_word' id='word_1_222' title='bbox 1865 3899 2115 3957; x_wconf 89' lang='lat' dir='ltr'><strong>Nondum</strong></span> 
     </span>
    </p>
   </div>
   <div class='ocr_carea' id='block_1_40' title="bbox 537 3968 2118 4065">
    <p class='ocr_par' dir='ltr' id='par_1_40' title="bbox 537 3968 2118 4065">
     <span class='ocr_line' id='line_1_40' title="bbox 537 3968 2118 4065; baseline 0.019 -45"><span class='ocrx_word' id='word_1_223' title='bbox 537 3968 682 4022; x_wconf 91' lang='lat' dir='ltr'><strong>enim</strong></span> <span class='ocrx_word' id='word_1_224' title='bbox 717 3979 835 4026; x_wconf 88' lang='lat' dir='ltr'><strong>erat</strong></span> <span class='ocrx_word' id='word_1_225' title='bbox 874 3975 996 4044; x_wconf 86' lang='lat' dir='ltr'><strong>ejus</strong></span> <span class='ocrx_word' id='word_1_226' title='bbox 1039 3983 1443 4052; x_wconf 89' lang='lat' dir='ltr'><strong>contemplator</strong></span> <span class='ocrx_word' id='word_1_227' title='bbox 1465 3985 1647 4054; x_wconf 90' lang='lat' dir='ltr'><strong>homo,</strong></span> <span class='ocrx_word' id='word_1_228' title='bbox 1691 4007 1868 4063; x_wconf 90' lang='lat' dir='ltr'><strong>neque</strong></span> <span class='ocrx_word' id='word_1_229' title='bbox 1898 4011 1960 4048; x_wconf 91' lang='lat' dir='ltr'><strong>ea</strong></span> <span class='ocrx_word' id='word_1_230' title='bbox 1995 4011 2118 4065; x_wconf 63' lang='lat' dir='ltr'><strong>quae</strong></span> 
     </span>
    </p>
   </div>
   <div class='ocr_carea' id='block_1_41' title="bbox 532 4065 2116 4161">
    <p class='ocr_par' dir='ltr' id='par_1_41' title="bbox 532 4065 2116 4161">
     <span class='ocr_line' id='line_1_41' title="bbox 532 4065 2116 4161; baseline 0.02 -47"><span class='ocrx_word' id='word_1_231' title='bbox 532 4065 860 4122; x_wconf 83' lang='lat' dir='ltr'><strong>naturaliter</strong></span> <span class='ocrx_word' id='word_1_232' title='bbox 889 4069 954 4123; x_wconf 90' lang='lat' dir='ltr'><strong>ad</strong></span> <span class='ocrx_word' id='word_1_233' title='bbox 985 4069 1158 4141; x_wconf 87' lang='lat' dir='ltr'><strong>ipsam</strong></span> <span class='ocrx_word' id='word_1_234' title='bbox 1190 4091 1364 4145; x_wconf 87' lang='lat' dir='ltr'><strong>prona</strong></span> <span class='ocrx_word' id='word_1_235' title='bbox 1391 4095 1451 4134; x_wconf 92' lang='lat' dir='ltr'><strong>se</strong></span> <span class='ocrx_word' id='word_1_236' title='bbox 1474 4080 1761 4150; x_wconf 82' lang='lat' dir='ltr'><strong>inclinant,</strong></span> <span class='ocrx_word' id='word_1_237' title='bbox 1786 4087 2116 4161; x_wconf 79' lang='lat' dir='ltr'><strong>assidueque</strong></span> 
     </span>
    </p>
   </div>
   <div class='ocr_carea' id='block_1_42' title="bbox 533 4152 2110 4251">
    <p class='ocr_par' dir='ltr' id='par_1_42' title="bbox 533 4152 2110 4251">
     <span class='ocr_line' id='line_1_42' title="bbox 533 4152 2110 4251; baseline 0.021 -45"><span class='ocrx_word' id='word_1_238' title='bbox 533 4152 706 4224; x_wconf 89' lang='lat' dir='ltr'><strong>ipsam</strong></span> <span class='ocrx_word' id='word_1_239' title='bbox 737 4172 1008 4231; x_wconf 81' lang='lat' dir='ltr'><strong>spectant,</strong></span> <span class='ocrx_word' id='word_1_240' title='bbox 1041 4166 1285 4222; x_wconf 85' lang='lat' dir='ltr'><strong>balatum</strong></span> <span class='ocrx_word' id='word_1_241' title='bbox 1307 4175 1526 4228; x_wconf 90' lang='lat' dir='ltr'><strong>edentia</strong></span> <span class='ocrx_word' id='word_1_242' title='bbox 1548 4176 1866 4234; x_wconf 88' lang='lat' dir='ltr'><strong>animalium</strong></span> <span class='ocrx_word' id='word_1_243' title='bbox 1891 4152 2110 4251; x_wconf 67' lang='lat' dir='ltr'><strong>genera.</strong></span> 
     </span>
    </p>
   </div>
   <div class='ocr_carea' id='block_1_43' title="bbox 964 4253 1679 4322">
    <p class='ocr_par' dir='ltr' id='par_1_43' title="bbox 964 4253 1679 4322">
     <span class='ocr_line' id='line_1_43' title="bbox 964 4253 1679 4322; baseline 0.022 -16"><span class='ocrx_word' id='word_1_244' title='bbox 964 4253 1480 4318; x_wconf 76' lang='lat' dir='ltr'><strong>INTERROGATIO</strong></span> <span class='ocrx_word' id='word_1_245' title='bbox 1519 4265 1679 4322; x_wconf 78' lang='lat' dir='ltr'><strong>LXV.</strong></span> 
     </span>
    </p>
   </div>
   <div class='ocr_carea' id='block_1_44' title="bbox 601 4338 2109 4436">
    <p class='ocr_par' dir='ltr' id='par_1_44' title="bbox 601 4338 2109 4436">
     <span class='ocr_line' id='line_1_44' title="bbox 601 4338 2109 4436; baseline 0.02 -43"><span class='ocrx_word' id='word_1_246' title='bbox 601 4338 742 4406; x_wconf 85' lang='lat' dir='ltr'><strong>Quid</strong></span> <span class='ocrx_word' id='word_1_247' title='bbox 780 4355 868 4398; x_wconf 89' lang='lat' dir='ltr'><strong>est</strong></span> <span class='ocrx_word' id='word_1_248' title='bbox 900 4349 1203 4404; x_wconf 89' lang='lat' dir='ltr'><strong>secundum</strong></span> <span class='ocrx_word' id='word_1_249' title='bbox 1245 4363 1499 4410; x_wconf 83' lang='lat' dir='ltr'><strong>naturam</strong></span> <span class='ocrx_word' id='word_1_250' title='bbox 1530 4359 1931 4419; x_wconf 83' lang='lat' dir='ltr'><strong>ﬁrmamentum</strong></span> <span class='ocrx_word' id='word_1_251' title='bbox 1963 4367 2109 4436; x_wconf 87' lang='lat' dir='ltr'><strong>quod</strong></span> 
     </span>
    </p>
   </div>
   <div class='ocr_carea' id='block_1_45' title="bbox 531 4431 2108 4524">
    <p class='ocr_par' dir='ltr' id='par_1_45' title="bbox 531 4431 2108 4524">
     <span class='ocr_line' id='line_1_45' title="bbox 531 4431 2108 4524; baseline 0.021 -40"><span class='ocrx_word' id='word_1_252' title='bbox 531 4431 914 4490; x_wconf 87' lang='lat' dir='ltr'><strong>intermedium</strong></span> <span class='ocrx_word' id='word_1_253' title='bbox 951 4451 1170 4510; x_wconf 87' lang='lat' dir='ltr'><strong>separat</strong></span> <span class='ocrx_word' id='word_1_254' title='bbox 1205 4458 1426 4515; x_wconf 87' lang='lat' dir='ltr'><strong>aquam,</strong></span> <span class='ocrx_word' id='word_1_255' title='bbox 1464 4458 1519 4504; x_wconf 91' lang='lat' dir='ltr'><strong>et</strong></span> <span class='ocrx_word' id='word_1_256' title='bbox 1547 4467 1744 4524; x_wconf 88' lang='lat' dir='ltr'><strong>aquam</strong></span> <span class='ocrx_word' id='word_1_257' title='bbox 1780 4459 2108 4516; x_wconf 74' lang='lat' dir='ltr'><strong>ultra-cmic-</strong></span> 
     </span>
    </p>
   </div>
   <div class='ocr_carea' id='block_1_46' title="bbox 531 4533 1083 4586">
    <p class='ocr_par' dir='ltr' id='par_1_46' title="bbox 531 4533 1083 4586">
     <span class='ocr_line' id='line_1_46' title="bbox 531 4533 1083 4586; baseline 0.018 -9"><span class='ocrx_word' id='word_1_258' title='bbox 531 4533 669 4580; x_wconf 83' lang='lat' dir='ltr'><strong>stem</strong></span> <span class='ocrx_word' id='word_1_259' title='bbox 694 4534 748 4581; x_wconf 89' lang='lat' dir='ltr'><strong>et</strong></span> <span class='ocrx_word' id='word_1_260' title='bbox 777 4533 1083 4586; x_wconf 84' lang='lat' dir='ltr'><strong>marinam?</strong></span> 
     </span>
    </p>
   </div>
   <div class='ocr_carea' id='block_1_47' title="bbox 521 4805 2104 4878">
    <p class='ocr_par' dir='ltr' id='par_1_47' title="bbox 521 4805 2104 4878">
     <span class='ocr_line' id='line_1_47' title="bbox 521 4805 2104 4878; baseline 0.018 -26"><span class='ocrx_word' id='word_1_261' title='bbox 521 4808 610 4852; x_wconf 80' lang='lat' dir='ltr'><strong>est</strong></span> <span class='ocrx_word' id='word_1_262' title='bbox 657 4816 822 4870; x_wconf 86' lang='lat' dir='ltr'><strong>supra</strong></span> <span class='ocrx_word' id='word_1_263' title='bbox 872 4805 1311 4878; x_wconf 76' lang='lat' dir='ltr'><strong>ﬁrmamentum;</strong></span> <span class='ocrx_word' id='word_1_264' title='bbox 1359 4817 1604 4872; x_wconf 87' lang='lat' dir='ltr'><strong>secundo</strong></span> <span class='ocrx_word' id='word_1_265' title='bbox 1648 4835 1778 4876; x_wconf 91' lang='lat' dir='ltr'><strong>vero</strong></span> <span class='ocrx_word' id='word_1_266' title='bbox 1827 4822 1877 4876; x_wconf 93' lang='lat' dir='ltr'><strong>id</strong></span> <span class='ocrx_word' id='word_1_267' title='bbox 1923 4823 2104 4878; x_wconf 82' lang='lat' dir='ltr'><strong>ﬁrma-</strong></span> 
     </span>
    </p>
   </div>
   <div class='ocr_carea' id='block_1_48' title="bbox 527 4898 2102 4988">
    <p class='ocr_par' dir='ltr' id='par_1_48' title="bbox 527 4898 2102 4988">
     <span class='ocr_line' id='line_1_48' title="bbox 527 4898 2102 4988; baseline 0.017 -42"><span class='ocrx_word' id='word_1_268' title='bbox 527 4901 792 4958; x_wconf 87' lang='lat' dir='ltr'><strong>mentum,</strong></span> <span class='ocrx_word' id='word_1_269' title='bbox 827 4898 972 4966; x_wconf 85' lang='lat' dir='ltr'><strong>quod</strong></span> <span class='ocrx_word' id='word_1_270' title='bbox 997 4915 1158 4970; x_wconf 86' lang='lat' dir='ltr'><strong>supra</strong></span> <span class='ocrx_word' id='word_1_271' title='bbox 1181 4916 1346 4974; x_wconf 88' lang='lat' dir='ltr'><strong>caput</strong></span> <span class='ocrx_word' id='word_1_272' title='bbox 1373 4919 1622 4964; x_wconf 88' lang='lat' dir='ltr'><strong>nostrum</strong></span> <span class='ocrx_word' id='word_1_273' title='bbox 1650 4924 1925 4982; x_wconf 78' lang='lat' dir='ltr'><strong>cernitur;</strong></span> <span class='ocrx_word' id='word_1_274' title='bbox 1959 4919 2102 4988; x_wconf 88' lang='lat' dir='ltr'><strong>quod</strong></span> 
     </span>
    </p>
   </div>
   <div class='ocr_carea' id='block_1_49' title="bbox 523 4987 1793 5063">
    <p class='ocr_par' dir='ltr' id='par_1_49' title="bbox 523 4987 1793 5063">
     <span class='ocr_line' id='line_1_49' title="bbox 523 4987 1793 5063; baseline 0.02 -25"><span class='ocrx_word' id='word_1_275' title='bbox 523 4987 748 5042; x_wconf 86' lang='lat' dir='ltr'><strong>alterius</strong></span> <span class='ocrx_word' id='word_1_276' title='bbox 782 5004 943 5058; x_wconf 86' lang='lat' dir='ltr'><strong>quam</strong></span> <span class='ocrx_word' id='word_1_277' title='bbox 983 4997 1239 5061; x_wconf 88' lang='lat' dir='ltr'><strong>superius</strong></span> <span class='ocrx_word' id='word_1_278' title='bbox 1273 5000 1407 5055; x_wconf 90' lang='lat' dir='ltr'><strong>illud</strong></span> <span class='ocrx_word' id='word_1_279' title='bbox 1447 5012 1532 5058; x_wconf 89' lang='lat' dir='ltr'><strong>est</strong></span> <span class='ocrx_word' id='word_1_280' title='bbox 1565 5016 1793 5063; x_wconf 65' lang='lat' dir='ltr'><strong>naturae.</strong></span> 
     </span>
    </p>
   </div>
   <div class='ocr_carea' id='block_1_50' title="bbox 936 5081 1676 5155">
    <p class='ocr_par' dir='ltr' id='par_1_50' title="bbox 936 5081 1676 5155">
     <span class='ocr_line' id='line_1_50' title="bbox 936 5081 1676 5155; baseline 0.027 -20"><span class='ocrx_word' id='word_1_281' title='bbox 936 5081 1142 5138; x_wconf 67' lang='lat' dir='ltr'><strong>INTER</strong></span> <span class='ocrx_word' id='word_1_282' title='bbox 1152 5085 1454 5148; x_wconf 79' lang='lat' dir='ltr'><strong>ROGATIO</strong></span> <span class='ocrx_word' id='word_1_283' title='bbox 1494 5095 1676 5155; x_wconf 84' lang='lat' dir='ltr'><strong>LXVI.</strong></span> 
     </span>
    </p>
   </div>
   <div class='ocr_carea' id='block_1_51' title="bbox 593 5161 2099 5258">
    <p class='ocr_par' dir='ltr' id='par_1_51' title="bbox 593 5161 2099 5258">
     <span class='ocr_line' id='line_1_51' title="bbox 593 5161 2099 5258; baseline 0.029 -43"><span class='ocrx_word' id='word_1_284' title='bbox 593 5161 889 5228; x_wconf 86' lang='lat' dir='ltr'><strong>Quomodo</strong></span> <span class='ocrx_word' id='word_1_285' title='bbox 909 5185 1040 5226; x_wconf 90' lang='lat' dir='ltr'><strong>vero</strong></span> <span class='ocrx_word' id='word_1_286' title='bbox 1073 5188 1196 5229; x_wconf 88' lang='lat' dir='ltr'><strong>cum</strong></span> <span class='ocrx_word' id='word_1_287' title='bbox 1229 5181 1394 5238; x_wconf 89' lang='lat' dir='ltr'><strong>unius</strong></span> <span class='ocrx_word' id='word_1_288' title='bbox 1415 5182 1742 5256; x_wconf 66' lang='lat' dir='ltr'><strong>et‘éjusdem</strong></span> <span class='ocrx_word' id='word_1_289' title='bbox 1775 5195 1900 5252; x_wconf 67' lang='lat' dir='ltr'><strong>sint&#39;</strong></span> <span class='ocrx_word' id='word_1_290' title='bbox 1925 5217 2099 5258; x_wconf 84' lang='lat' dir='ltr'><strong>nonn-</strong></span> 
     </span>
    </p>
   </div>
   <div class='ocr_carea' id='block_1_52' title="bbox 522 5253 1723 5339">
    <p class='ocr_par' dir='ltr' id='par_1_52' title="bbox 522 5253 1723 5339">
     <span class='ocr_line' id='line_1_52' title="bbox 522 5253 1723 5339; baseline 0.027 -32"><span class='ocrx_word' id='word_1_291' title='bbox 522 5253 630 5323; x_wconf 75' lang='grc' dir='ltr'>υἷε,</span> <span class='ocrx_word' id='word_1_292' title='bbox 667 5259 894 5317; x_wconf 88' lang='lat' dir='ltr'><strong>alterius</strong></span> <span class='ocrx_word' id='word_1_293' title='bbox 923 5272 977 5318; x_wconf 90' lang='lat' dir='ltr'><strong>et</strong></span> <span class='ocrx_word' id='word_1_294' title='bbox 1015 5265 1247 5325; x_wconf 55' lang='lat' dir='ltr'><strong>diversas</strong></span> <span class='ocrx_word' id='word_1_295' title='bbox 1277 5286 1440 5331; x_wconf 90' lang='lat' dir='ltr'><strong>erunt</strong></span> <span class='ocrx_word' id='word_1_296' title='bbox 1478 5286 1723 5339; x_wconf 75' lang='lat' dir='ltr'><strong>naturae?</strong></span> 
     </span>
    </p>
   </div>
   <div class='ocr_carea' id='block_1_53' title="bbox 1151 5361 1458 5435">
    <p class='ocr_par' dir='ltr' id='par_1_53' title="bbox 1151 5361 1458 5435">
     <span class='ocr_line' id='line_1_53' title="bbox 1151 5361 1458 5435; baseline 0.036 -19"><span class='ocrx_word' id='word_1_297' title='bbox 1151 5361 1458 5435; x_wconf 81' lang='lat' dir='ltr'><strong>Responsio.</strong></span> 
     </span>
    </p>
   </div>
   <div class='ocr_carea' id='block_1_54' title="bbox 594 5439 2093 5534">
    <p class='ocr_par' dir='ltr' id='par_1_54' title="bbox 594 5439 2093 5534">
     <span class='ocr_line' id='line_1_54' title="bbox 594 5439 2093 5534; baseline 0.029 -42"><span class='ocrx_word' id='word_1_298' title='bbox 594 5439 696 5506; x_wconf 83' lang='lat' dir='ltr'><strong>Qui</strong></span> <span class='ocrx_word' id='word_1_299' title='bbox 733 5443 981 5503; x_wconf 87' lang='lat' dir='ltr'><strong>studiose</strong></span> <span class='ocrx_word' id='word_1_300' title='bbox 1026 5458 1081 5505; x_wconf 90' lang='lat' dir='ltr'><strong>et</strong></span> <span class='ocrx_word' id='word_1_301' title='bbox 1113 5469 1222 5510; x_wconf 84' lang='lat' dir='ltr'><strong>non</strong></span> <span class='ocrx_word' id='word_1_302' title='bbox 1257 5463 1632 5528; x_wconf 82' lang='lat' dir='ltr'><strong>perfunctorie</strong></span> <span class='ocrx_word' id='word_1_303' title='bbox 1675 5472 1911 5530; x_wconf 85' lang='lat' dir='ltr'><strong>litteram</strong></span> <span class='ocrx_word' id='word_1_304' title='bbox 1963 5495 2093 5534; x_wconf 66' lang='lat' dir='ltr'><strong>exao</strong></span> 
     </span>
    </p>
   </div>
   <div class='ocr_carea' id='block_1_55' title="bbox 1679 367 3768 470">
    <p class='ocr_par' dir='ltr' id='par_1_55' title="bbox 1679 367 3768 470">
     <span class='ocr_line' id='line_1_55' title="bbox 1679 367 3768 470; baseline 0.01 -42"><span class='ocrx_word' id='word_1_305' title='bbox 1679 371 1736 428; x_wconf 90' lang='lat' dir='ltr'><strong>s.</strong></span> <span class='ocrx_word' id='word_1_306' title='bbox 1763 371 2063 428; x_wconf 55' lang='lat' dir='ltr'><strong>CAESAR&quot;</strong></span> <span class='ocrx_word' id='word_1_307' title='bbox 2105 367 2434 433; x_wconf 75' lang='lat' dir='ltr'><strong>casconu</strong></span> <span class='ocrx_word' id='word_1_308' title='bbox 2481 380 2783 441; x_wconf 77' lang='lat' dir='ltr'><strong>FRATRIS</strong></span> <span class='ocrx_word' id='word_1_309' title='bbox 3695 411 3768 470; x_wconf 59' lang='grc' dir='ltr'>,ῃ</span> 
     </span>
    </p>
   </div>
   <div class='ocr_carea' id='block_1_56' title="bbox 2883 506 3230 580">
    <p class='ocr_par' dir='ltr' id='par_1_56' title="bbox 2883 506 3230 580">
     <span class='ocr_line' id='line_1_56' title="bbox 2883 506 3230 580; baseline 0.014 -19"><span class='ocrx_word' id='word_1_310' title='bbox 2883 506 3230 580; x_wconf 78' lang='grc' dir='ltr'>Ἀπόκρισις,</span> 
     </span>
    </p>
   </div>
   <div class='ocr_carea' id='block_1_57' title="bbox 2329 589 3766 691">
    <p class='ocr_par' dir='ltr' id='par_1_57' title="bbox 2329 589 3766 691">
     <span class='ocr_line' id='line_1_57' title="bbox 2329 589 3766 691; baseline 0.023 -50"><span class='ocrx_word' id='word_1_311' title='bbox 2329 589 2443 643; x_wconf 80' lang='grc' dir='ltr'><strong>ῐῐᾶν</strong></span> <span class='ocrx_word' id='word_1_312' title='bbox 2469 591 2530 646; x_wconf 78' lang='grc' dir='ltr'><strong>τὸ</strong></span> <span class='ocrx_word' id='word_1_313' title='bbox 2561 595 2782 666; x_wconf 81' lang='grc' dir='ltr'>φαιδρὸν</span> <span class='ocrx_word' id='word_1_314' title='bbox 2811 601 2905 652; x_wconf 76' lang='grc' dir='ltr'><strong>καὶ</strong></span> <span class='ocrx_word' id='word_1_315' title='bbox 2935 601 3139 672; x_wconf 75' lang='grc' dir='ltr'>ἱλαρὸν,</span> <span class='ocrx_word' id='word_1_316' title='bbox 3173 607 3382 680; x_wconf 83' lang='grc' dir='ltr'>ἥμερον</span> <span class='ocrx_word' id='word_1_317' title='bbox 3402 612 3611 680; x_wconf 73' lang='grc' dir='ltr'>εἰκότως</span> <span class='ocrx_word' id='word_1_318' title='bbox 3639 637 3766 691; x_wconf 60' lang='grc' dir='ltr'>πίω.</span> 
     </span>
    </p>
   </div>
   <div class='ocr_carea' id='block_1_58' title="bbox 2256 683 3768 779">
    <p class='ocr_par' dir='ltr' id='par_1_58' title="bbox 2256 683 3768 779">
     <span class='ocr_line' id='line_1_58' title="bbox 2256 683 3768 779; baseline 0.024 -46"><span class='ocrx_word' id='word_1_319' title='bbox 2256 683 2579 753; x_wconf 81' lang='grc' dir='ltr'>αγορεύεται</span> <span class='ocrx_word' id='word_1_320' title='bbox 2610 705 2623 719; x_wconf 73' lang='grc'><strong><em>⁸</em></strong></span> <span class='ocrx_word' id='word_1_321' title='bbox 2659 689 2728 743; x_wconf 75' lang='grc' dir='ltr'>τὰ</span> <span class='ocrx_word' id='word_1_322' title='bbox 2757 690 2810 744; x_wconf 83' lang='grc' dir='ltr'>δὲ</span> <span class='ocrx_word' id='word_1_323' title='bbox 2839 693 3055 750; x_wconf 80' lang='grc' dir='ltr'>ἐναντία</span> <span class='ocrx_word' id='word_1_324' title='bbox 3105 698 3307 753; x_wconf 69' lang='grc' dir='ltr'>τούτων</span> <span class='ocrx_word' id='word_1_325' title='bbox 3360 703 3453 768; x_wconf 79' lang='grc' dir='ltr'><strong>νὺξ</strong></span> <span class='ocrx_word' id='word_1_326' title='bbox 3481 708 3768 779; x_wconf 77' lang='grc' dir='ltr'>ὀνομάζεται.</span> 
     </span>
    </p>
   </div>
   <div class='ocr_carea' id='block_1_59' title="bbox 2255 773 3769 870">
    <p class='ocr_par' dir='ltr' id='par_1_59' title="bbox 2255 773 3769 870">
     <span class='ocr_line' id='line_1_59' title="bbox 2255 773 3769 870; baseline 0.023 -47"><span class='ocrx_word' id='word_1_327' title='bbox 2255 773 2365 826; x_wconf 76' lang='grc' dir='ltr'><strong>Καὶ</strong></span> <span class='ocrx_word' id='word_1_328' title='bbox 2401 775 2605 845; x_wconf 79' lang='grc' dir='ltr'>ἑτέρως</span> <span class='ocrx_word' id='word_1_329' title='bbox 2643 779 2699 832; x_wconf 88' lang='grc' dir='ltr'><strong>δέ</strong></span> <span class='ocrx_word' id='word_1_330' title='bbox 2745 798 2835 852; x_wconf 90' lang='grc' dir='ltr'><strong>μοι</strong></span> <span class='ocrx_word' id='word_1_331' title='bbox 2868 782 3014 837; x_wconf 86' lang='grc' dir='ltr'>δοκεῖ</span> <span class='ocrx_word' id='word_1_332' title='bbox 3039 785 3126 841; x_wconf 82' lang='grc' dir='ltr'><strong>διὰ</strong></span> <span class='ocrx_word' id='word_1_333' title='bbox 3168 790 3267 860; x_wconf 80' lang='grc' dir='ltr'>τῆς</span> <span class='ocrx_word' id='word_1_334' title='bbox 3305 793 3547 864; x_wconf 82' lang='grc' dir='ltr'><strong>κλήσεως</strong></span> <span class='ocrx_word' id='word_1_335' title='bbox 3681 805 3769 858; x_wconf 73' lang='grc' dir='ltr'>δου-</span> 
     </span>
    </p>
   </div>
   <div class='ocr_carea' id='block_1_60' title="bbox 2254 861 3770 963">
    <p class='ocr_par' dir='ltr' id='par_1_60' title="bbox 2254 861 3770 963">
     <span class='ocr_line' id='line_1_60' title="bbox 2254 861 3770 963; baseline 0.02 -50"><span class='ocrx_word' id='word_1_336' title='bbox 2254 861 2402 916; x_wconf 87' lang='grc' dir='ltr'>λείαν</span> <span class='ocrx_word' id='word_1_337' title='bbox 2440 867 2619 920; x_wconf 82' lang='grc' dir='ltr'>αὑτῶν</span> <span class='ocrx_word' id='word_1_338' title='bbox 2660 872 3040 940; x_wconf 76' lang='grc' dir='ltr'><strong>σημαίνεσθαι,</strong></span> <span class='ocrx_word' id='word_1_339' title='bbox 3072 879 3166 929; x_wconf 77' lang='grc' dir='ltr'>καὶ</span> <span class='ocrx_word' id='word_1_340' title='bbox 3185 880 3283 951; x_wconf 75' lang='grc' dir='ltr'>τὴν</span> <span class='ocrx_word' id='word_1_341' title='bbox 3303 881 3562 939; x_wconf 80' lang='grc' dir='ltr'>εὔτακτον</span> <span class='ocrx_word' id='word_1_342' title='bbox 3581 889 3662 942; x_wconf 75' lang='grc' dir='ltr'>τοῦ</span> <span class='ocrx_word' id='word_1_343' title='bbox 3679 891 3770 963; x_wconf 79' lang='grc' dir='ltr'>δρό-</span> 
     </span>
    </p>
   </div>
   <div class='ocr_carea' id='block_1_61' title="bbox 2257 956 3770 1050">
    <p class='ocr_par' dir='ltr' id='par_1_61' title="bbox 2257 956 3770 1050">
     <span class='ocr_line' id='line_1_61' title="bbox 2257 956 3770 1050; baseline 0.022 -46"><span class='ocrx_word' id='word_1_344' title='bbox 2257 969 2358 1022; x_wconf 87' lang='grc' dir='ltr'><strong>μου</strong></span> <span class='ocrx_word' id='word_1_345' title='bbox 2404 956 2654 1028; x_wconf 83' lang='grc' dir='ltr'>ἀλλήλοις</span> <span class='ocrx_word' id='word_1_346' title='bbox 2696 962 3137 1035; x_wconf 83' lang='grc' dir='ltr'>ἁντιπαράδοσιν.</span> <span class='ocrx_word' id='word_1_347' title='bbox 3185 973 3454 1026; x_wconf 80' lang='grc' dir='ltr'>Δεσπότου</span> <span class='ocrx_word' id='word_1_348' title='bbox 3501 983 3602 1050; x_wconf 76' lang='grc' dir='ltr'>γὰρ</span> <span class='ocrx_word' id='word_1_349' title='bbox 3640 956 3770 1040; x_wconf 41' lang='grc' dir='ltr'><strong>’τὸ-’ὲκ</strong></span> 
     </span>
    </p>
   </div>
   <div class='ocr_carea' id='block_1_62' title="bbox 2254 1047 3772 1142">
    <p class='ocr_par' dir='ltr' id='par_1_62' title="bbox 2254 1047 3772 1142">
     <span class='ocr_line' id='line_1_62' title="bbox 2254 1047 3772 1142; baseline 0.025 -48"><span class='ocrx_word' id='word_1_350' title='bbox 2254 1049 2622 1118; x_wconf 78' lang='grc' dir='ltr'><strong>προσηγορίας</strong></span> <span class='ocrx_word' id='word_1_351' title='bbox 2661 1047 2864 1118; x_wconf 80' lang='grc' dir='ltr'>καλεῖν,</span> <span class='ocrx_word' id='word_1_352' title='bbox 2903 1059 3128 1114; x_wconf 74' lang='grc' dir='ltr'>οἰκετῶν</span> <span class='ocrx_word' id='word_1_353' title='bbox 3165 1063 3220 1118; x_wconf 86' lang='grc' dir='ltr'>δὲ</span> <span class='ocrx_word' id='word_1_354' title='bbox 3250 1065 3309 1118; x_wconf 87' lang='grc' dir='ltr'><strong>τὺ</strong></span> <span class='ocrx_word' id='word_1_355' title='bbox 3359 1069 3670 1142; x_wconf 80' lang='grc' dir='ltr'><strong>ὑπακούειν,</strong></span> <span class='ocrx_word' id='word_1_356' title='bbox 3702 1081 3772 1132; x_wconf 75' lang='grc' dir='ltr'>καὶ</span> 
     </span>
    </p>
   </div>
   <div class='ocr_carea' id='block_1_63' title="bbox 2251 1131 3667 1234">
    <p class='ocr_par' dir='ltr' id='par_1_63' title="bbox 2251 1131 3667 1234">
     <span class='ocr_line' id='line_1_63' title="bbox 2251 1131 3667 1234; baseline 0.023 -46"><span class='ocrx_word' id='word_1_357' title='bbox 2251 1131 2362 1190; x_wconf 74' lang='grc' dir='ltr'>οἷον</span> <span class='ocrx_word' id='word_1_358' title='bbox 2397 1144 2545 1213; x_wconf 75' lang='grc' dir='ltr'>φωνῇ</span> <span class='ocrx_word' id='word_1_359' title='bbox 2573 1146 2637 1214; x_wconf 82' lang='grc' dir='ltr'>τῇ</span> <span class='ocrx_word' id='word_1_360' title='bbox 2673 1147 2896 1220; x_wconf 81' lang='grc' dir='ltr'>εὐταξίᾳ</span> <span class='ocrx_word' id='word_1_361' title='bbox 2913 1151 3006 1204; x_wconf 83' lang='grc' dir='ltr'>τοῦ</span> <span class='ocrx_word' id='word_1_362' title='bbox 3041 1154 3240 1226; x_wconf 84' lang='grc' dir='ltr'>δρόμου</span> <span class='ocrx_word' id='word_1_363' title='bbox 3270 1131 3667 1234; x_wconf 40' lang='grc' dir='ltr'>ἀποκρίνεσθαί</span> 
     </span>
    </p>
   </div>
   <div class='ocr_carea' id='block_1_64' title="bbox 2861 1243 3254 1304">
    <p class='ocr_par' dir='ltr' id='par_1_64' title="bbox 2861 1243 3254 1304">
     <span class='ocr_line' id='line_1_64' title="bbox 2861 1243 3254 1304; baseline 0.023 -10"><span class='ocrx_word' id='word_1_364' title='bbox 2861 1243 3112 1298; x_wconf 82' lang='grc' dir='ltr'><strong>ΠΕΥΣΙΣ</strong></span> <span class='ocrx_word' id='word_1_365' title='bbox 3137 1245 3254 1304; x_wconf 67' lang='lat' dir='ltr'><strong>EI&quot;.</strong></span> 
     </span>
    </p>
   </div>
   <div class='ocr_carea' id='block_1_65' title="bbox 2321 1320 3772 1419">
    <p class='ocr_par' dir='ltr' id='par_1_65' title="bbox 2321 1320 3772 1419">
     <span class='ocr_line' id='line_1_65' title="bbox 2321 1320 3772 1419; baseline 0.025 -46"><span class='ocrx_word' id='word_1_366' title='bbox 2321 1321 2446 1387; x_wconf 84' lang='grc' dir='ltr'>Πῶς</span> <span class='ocrx_word' id='word_1_367' title='bbox 2489 1320 2556 1395; x_wconf 79' lang='grc' dir='ltr'>ἦν</span> <span class='ocrx_word' id='word_1_368' title='bbox 2595 1329 2628 1399; x_wconf 81' lang='grc' dir='ltr'><strong>ἡ</strong></span> <span class='ocrx_word' id='word_1_369' title='bbox 2669 1330 2740 1401; x_wconf 87' lang='grc' dir='ltr'>γῆ</span> <span class='ocrx_word' id='word_1_370' title='bbox 2781 1333 3011 1404; x_wconf 85' lang='grc' dir='ltr'>ἀόρατος</span> <span class='ocrx_word' id='word_1_371' title='bbox 3054 1341 3148 1392; x_wconf 78' lang='grc' dir='ltr'>καὶ</span> <span class='ocrx_word' id='word_1_372' title='bbox 3190 1341 3680 1417; x_wconf 74' lang='grc' dir='ltr'>ἀκατασκεύαστοςς</span> <span class='ocrx_word' id='word_1_373' title='bbox 3715 1355 3772 1419; x_wconf 82' lang='grc' dir='ltr'><strong>ὡς</strong></span> 
     </span>
    </p>
   </div>
   <div class='ocr_carea' id='block_1_66' title="bbox 2251 1414 3413 1507">
    <p class='ocr_par' dir='ltr' id='par_1_66' title="bbox 2251 1414 3413 1507">
     <span class='ocr_line' id='line_1_66' title="bbox 2251 1414 3413 1507; baseline 0.027 -42"><span class='ocrx_word' id='word_1_374' title='bbox 2251 1414 2508 1489; x_wconf 77' lang='grc' dir='ltr'>ἡμιτελὴς</span> <span class='ocrx_word' id='word_1_375' title='bbox 2547 1423 2696 1491; x_wconf 83' lang='grc' dir='ltr'>παρὰ</span> <span class='ocrx_word' id='word_1_376' title='bbox 2728 1424 2862 1479; x_wconf 88' lang='grc' dir='ltr'><strong>Θεοῦ</strong></span> <span class='ocrx_word' id='word_1_377' title='bbox 2894 1432 3180 1504; x_wconf 80' lang='grc' dir='ltr'>γενομένη,</span> <span class='ocrx_word' id='word_1_378' title='bbox 3204 1435 3236 1507; x_wconf 76' lang='grc' dir='ltr'>ἦ</span> <span class='ocrx_word' id='word_1_379' title='bbox 3260 1437 3413 1505; x_wconf 76' lang='grc' dir='ltr'>πῶςς</span> 
     </span>
    </p>
   </div>
   <div class='ocr_carea' id='block_1_67' title="bbox 2864 1611 3215 1684">
    <p class='ocr_par' dir='ltr' id='par_1_67' title="bbox 2864 1611 3215 1684">
     <span class='ocr_line' id='line_1_67' title="bbox 2864 1611 3215 1684; baseline 0.026 -20"><span class='ocrx_word' id='word_1_380' title='bbox 2864 1611 3215 1684; x_wconf 81' lang='grc' dir='ltr'><strong>Ἀπόκρισις.</strong></span> 
     </span>
    </p>
   </div>
   <div class='ocr_carea' id='block_1_68' title="bbox 2332 1691 3768 1793">
    <p class='ocr_par' dir='ltr' id='par_1_68' title="bbox 2332 1691 3768 1793">
     <span class='ocr_line' id='line_1_68' title="bbox 2332 1691 3768 1793; baseline 0.024 -50"><span class='ocrx_word' id='word_1_381' title='bbox 2332 1691 2583 1764; x_wconf 85' lang='grc' dir='ltr'>Ἀόρατος</span> <span class='ocrx_word' id='word_1_382' title='bbox 2601 1691 2669 1768; x_wconf 83' lang='grc' dir='ltr'>ἦν</span> <span class='ocrx_word' id='word_1_383' title='bbox 2696 1700 2729 1769; x_wconf 86' lang='grc' dir='ltr'><strong>ἡ</strong></span> <span class='ocrx_word' id='word_1_384' title='bbox 2766 1699 2836 1771; x_wconf 83' lang='grc' dir='ltr'>γῆ</span> <span class='ocrx_word' id='word_1_385' title='bbox 2866 1705 2960 1757; x_wconf 76' lang='grc' dir='ltr'>καὶ</span> <span class='ocrx_word' id='word_1_386' title='bbox 2999 1706 3498 1782; x_wconf 85' lang='grc' dir='ltr'>ἁκατασκεύαστος,</span> <span class='ocrx_word' id='word_1_387' title='bbox 3520 1721 3580 1773; x_wconf 78' lang='grc' dir='ltr'>οὐ</span> <span class='ocrx_word' id='word_1_388' title='bbox 3601 1724 3655 1793; x_wconf 82' lang='grc' dir='ltr'><strong>τῇ</strong></span> <span class='ocrx_word' id='word_1_389' title='bbox 3677 1725 3768 1791; x_wconf 67' lang='grc' dir='ltr'><strong>’φύ-</strong></span> 
     </span>
    </p>
   </div>
   <div class='ocr_carea' id='block_1_69' title="bbox 2251 1785 3771 1875">
    <p class='ocr_par' dir='ltr' id='par_1_69' title="bbox 2251 1785 3771 1875">
     <span class='ocr_line' id='line_1_69' title="bbox 2251 1785 3771 1875; baseline 0.024 -41"><span class='ocrx_word' id='word_1_390' title='bbox 2251 1798 2353 1849; x_wconf 89' lang='grc' dir='ltr'>σει,</span> <span class='ocrx_word' id='word_1_391' title='bbox 2388 1785 2524 1840; x_wconf 84' lang='grc' dir='ltr'>ἀλλὰ</span> <span class='ocrx_word' id='word_1_392' title='bbox 2564 1793 2628 1862; x_wconf 79' lang='grc' dir='ltr'>τῇ</span> <span class='ocrx_word' id='word_1_393' title='bbox 2662 1791 3017 1868; x_wconf 83' lang='grc' dir='ltr'><strong>διακοσμήσει</strong></span> <span class='ocrx_word' id='word_1_394' title='bbox 3056 1804 3147 1856; x_wconf 80' lang='grc' dir='ltr'>καὶ</span> <span class='ocrx_word' id='word_1_395' title='bbox 3183 1805 3323 1875; x_wconf 71' lang='grc' dir='ltr'>ὄψει,</span> <span class='ocrx_word' id='word_1_396' title='bbox 3355 1809 3506 1864; x_wconf 77' lang='grc' dir='ltr'>οὔπω</span> <span class='ocrx_word' id='word_1_397' title='bbox 3540 1785 3771 1870; x_wconf 44' lang='lat' dir='ltr'><strong>coisse.</strong></span> 
     </span>
    </p>
   </div>
   <div class='ocr_carea' id='block_1_70' title="bbox 2248 1878 3770 1979">
    <p class='ocr_par' dir='ltr' id='par_1_70' title="bbox 2248 1878 3770 1979">
     <span class='ocr_line' id='line_1_70' title="bbox 2248 1878 3770 1979; baseline 0.024 -52"><span class='ocrx_word' id='word_1_398' title='bbox 2248 1891 2355 1928; x_wconf 77' lang='grc' dir='ltr'><strong>των</strong></span> <span class='ocrx_word' id='word_1_399' title='bbox 2375 1878 2778 1951; x_wconf 82' lang='grc' dir='ltr'>ἀποκριθέντων</span> <span class='ocrx_word' id='word_1_400' title='bbox 2800 1888 2936 1959; x_wconf 79' lang='grc' dir='ltr'>πρὸς</span> <span class='ocrx_word' id='word_1_401' title='bbox 2963 1892 3060 1963; x_wconf 83' lang='grc' dir='ltr'><strong>τὴν</strong></span> <span class='ocrx_word' id='word_1_402' title='bbox 3078 1895 3282 1953; x_wconf 81' lang='grc' dir='ltr'>οἰκείαν</span> <span class='ocrx_word' id='word_1_403' title='bbox 3302 1903 3504 1972; x_wconf 86' lang='grc' dir='ltr'>χώραν,</span> <span class='ocrx_word' id='word_1_404' title='bbox 3534 1907 3621 1960; x_wconf 73' lang='grc' dir='ltr'>τοῦ</span> <span class='ocrx_word' id='word_1_405' title='bbox 3636 1910 3770 1979; x_wconf 72' lang='grc' dir='ltr'><strong>ὀφθῆ-</strong></span> 
     </span>
    </p>
   </div>
   <div class='ocr_carea' id='block_1_71' title="bbox 2245 1971 3766 2072">
    <p class='ocr_par' dir='ltr' id='par_1_71' title="bbox 2245 1971 3766 2072">
     <span class='ocr_line' id='line_1_71' title="bbox 2245 1971 3766 2072; baseline 0.023 -53"><span class='ocrx_word' id='word_1_406' title='bbox 2245 1983 2330 2020; x_wconf 89' lang='grc' dir='ltr'><strong>ναι</strong></span> <span class='ocrx_word' id='word_1_407' title='bbox 2370 1971 2468 2040; x_wconf 80' lang='grc' dir='ltr'>τὴν</span> <span class='ocrx_word' id='word_1_408' title='bbox 2509 1975 2713 2048; x_wconf 84' lang='grc' dir='ltr'>ταύτης</span> <span class='ocrx_word' id='word_1_409' title='bbox 2749 1981 2956 2047; x_wconf 82' lang='grc' dir='ltr'>οὐσίαν,</span> <span class='ocrx_word' id='word_1_410' title='bbox 3005 1987 3098 2040; x_wconf 80' lang='grc' dir='ltr'>καὶ</span> <span class='ocrx_word' id='word_1_411' title='bbox 3140 1989 3566 2068; x_wconf 83' lang='grc' dir='ltr'>διακοσμηθῆναι</span> <span class='ocrx_word' id='word_1_412' title='bbox 3613 1971 3766 2072; x_wconf 30' lang='lat' dir='ltr'><strong>(pa-1(3);</strong></span> 
     </span>
    </p>
   </div>
   <div class='ocr_carea' id='block_1_72' title="bbox 2245 2060 3762 2151">
    <p class='ocr_par' dir='ltr' id='par_1_72' title="bbox 2245 2060 3762 2151">
     <span class='ocr_line' id='line_1_72' title="bbox 2245 2060 3762 2151; baseline 0.026 -42"><span class='ocrx_word' id='word_1_413' title='bbox 2245 2060 2338 2112; x_wconf 72' lang='grc' dir='ltr'>καὶ</span> <span class='ocrx_word' id='word_1_414' title='bbox 2365 2060 2550 2116; x_wconf 85' lang='grc' dir='ltr'>ἄνθεσι</span> <span class='ocrx_word' id='word_1_415' title='bbox 2574 2070 3001 2143; x_wconf 78' lang='grc' dir='ltr'>στεφανωθῆναι.</span> <span class='ocrx_word' id='word_1_416' title='bbox 3033 2077 3144 2148; x_wconf 82' lang='grc' dir='ltr'><strong>Τῆς</strong></span> <span class='ocrx_word' id='word_1_417' title='bbox 3168 2081 3276 2151; x_wconf 85' lang='grc' dir='ltr'><strong>γὰρ</strong></span> <span class='ocrx_word' id='word_1_418' title='bbox 3313 2060 3548 2143; x_wconf 59' lang='grc' dir='ltr'>ἇσῦσσου</span> 
     </span>
    </p>
   </div>
   <div class='ocr_carea' id='block_1_73' title="bbox 2244 2149 3761 2260">
    <p class='ocr_par' dir='ltr' id='par_1_73' title="bbox 2244 2149 3761 2260">
     <span class='ocr_line' id='line_1_73' title="bbox 2244 2149 3761 2260; baseline 0.031 -61"><span class='ocrx_word' id='word_1_419' title='bbox 2244 2149 2442 2223; x_wconf 80' lang='grc' dir='ltr'>ζούσης</span> <span class='ocrx_word' id='word_1_420' title='bbox 2478 2155 2667 2227; x_wconf 79' lang='grc' dir='ltr'>αὐτὴν,</span> <span class='ocrx_word' id='word_1_421' title='bbox 2681 2161 2892 2218; x_wconf 85' lang='grc' dir='ltr'>οὐδέπω</span> <span class='ocrx_word' id='word_1_422' title='bbox 2921 2170 3150 2239; x_wconf 83' lang='grc' dir='ltr'>κρήναις</span> <span class='ocrx_word' id='word_1_423' title='bbox 3178 2149 3272 2228; x_wconf 53' lang='grc' dir='ltr'>καί.</span> <span class='ocrx_word' id='word_1_424' title='bbox 3305 2187 3562 2252; x_wconf 80' lang='grc' dir='ltr'>ποταμοῖς</span> <span class='ocrx_word' id='word_1_425' title='bbox 3595 2188 3761 2260; x_wconf 73' lang='grc' dir='ltr'>ὑπῆρχε</span> 
     </span>
    </p>
   </div>
   <div class='ocr_carea' id='block_1_74' title="bbox 2241 2239 3764 2351">
    <p class='ocr_par' dir='ltr' id='par_1_74' title="bbox 2241 2239 3764 2351">
     <span class='ocr_line' id='line_1_74' title="bbox 2241 2239 3764 2351; baseline 0.03 -61"><span class='ocrx_word' id='word_1_426' title='bbox 2241 2239 2596 2317; x_wconf 76' lang='grc' dir='ltr'>διεζωσμένη,</span> <span class='ocrx_word' id='word_1_427' title='bbox 2619 2251 2756 2321; x_wconf 85' lang='grc' dir='ltr'>πρὸς</span> <span class='ocrx_word' id='word_1_428' title='bbox 2774 2253 3066 2331; x_wconf 81' lang='grc' dir='ltr'>διατροφὴν</span> <span class='ocrx_word' id='word_1_429' title='bbox 3094 2263 3203 2318; x_wconf 87' lang='grc' dir='ltr'><strong>τῶν</strong></span> <span class='ocrx_word' id='word_1_430' title='bbox 3234 2239 3616 2341; x_wconf 48' lang='grc' dir='ltr'>μελλόντωνεξ</span> 
     </span>
    </p>
   </div>
   <div class='ocr_carea' id='block_1_75' title="bbox 2243 2330 3759 2430">
    <p class='ocr_par' dir='ltr' id='par_1_75' title="bbox 2243 2330 3759 2430">
     <span class='ocr_line' id='line_1_75' title="bbox 2243 2330 3759 2430; baseline 0.026 -47"><span class='ocrx_word' id='word_1_431' title='bbox 2243 2330 2371 2405; x_wconf 88' lang='grc' dir='ltr'>θείῳ</span> <span class='ocrx_word' id='word_1_432' title='bbox 2397 2340 2776 2412; x_wconf 80' lang='grc' dir='ltr'>προστάγματι</span> <span class='ocrx_word' id='word_1_433' title='bbox 2812 2330 3248 2421; x_wconf 74' lang='grc' dir='ltr'>ἁποϐράττεσθαι</span> <span class='ocrx_word' id='word_1_434' title='bbox 3305 2360 3478 2430; x_wconf 83' lang='grc' dir='ltr'>ζώων,</span> 
     </span>
    </p>
   </div>
   <div class='ocr_carea' id='block_1_76' title="bbox 2242 2422 3763 2530">
    <p class='ocr_par' dir='ltr' id='par_1_76' title="bbox 2242 2422 3763 2530">
     <span class='ocr_line' id='line_1_76' title="bbox 2242 2422 3763 2530; baseline 0.028 -55"><span class='ocrx_word' id='word_1_435' title='bbox 2242 2422 2382 2497; x_wconf 80' lang='grc' dir='ltr'>θήρη</span> <span class='ocrx_word' id='word_1_436' title='bbox 2415 2430 2536 2483; x_wconf 82' lang='grc' dir='ltr'>τινὰ</span> <span class='ocrx_word' id='word_1_437' title='bbox 2589 2433 2779 2506; x_wconf 84' lang='grc' dir='ltr'>στολὴν</span> <span class='ocrx_word' id='word_1_438' title='bbox 2819 2438 2917 2510; x_wconf 79' lang='grc' dir='ltr'>τὴν</span> <span class='ocrx_word' id='word_1_439' title='bbox 2944 2442 3177 2502; x_wconf 76' lang='grc' dir='ltr'>ἄϐυσσον</span> <span class='ocrx_word' id='word_1_440' title='bbox 3208 2422 3580 2530; x_wconf 70' lang='grc' dir='ltr'>περικειμένη,</span> <span class='ocrx_word' id='word_1_441' title='bbox 3622 2422 3763 2527; x_wconf 52' lang='lat' dir='ltr'><strong>ratio;</strong></span> 
     </span>
    </p>
   </div>
   <div class='ocr_carea' id='block_1_77' title="bbox 2240 2519 3761 2622">
    <p class='ocr_par' dir='ltr' id='par_1_77' title="bbox 2240 2519 3761 2622">
     <span class='ocr_line' id='line_1_77' title="bbox 2240 2519 3761 2622; baseline 0.028 -54"><span class='ocrx_word' id='word_1_442' title='bbox 2240 2519 2334 2570; x_wconf 78' lang='grc' dir='ltr'><strong>καὶ</strong></span> <span class='ocrx_word' id='word_1_443' title='bbox 2375 2521 2540 2576; x_wconf 79' lang='grc' dir='ltr'>Δαὸίδ</span> <span class='ocrx_word' id='word_1_444' title='bbox 2573 2542 2768 2596; x_wconf 87' lang='grc' dir='ltr'>φησιν,</span> <span class='ocrx_word' id='word_1_445' title='bbox 2790 2531 2818 2583; x_wconf 84' lang='grc' dir='ltr'>ὁ</span> <span class='ocrx_word' id='word_1_446' title='bbox 2853 2532 2961 2586; x_wconf 79' lang='grc' dir='ltr'><strong>τῶν</strong></span> <span class='ocrx_word' id='word_1_447' title='bbox 3010 2535 3167 2592; x_wconf 85' lang='grc' dir='ltr'>θείων</span> <span class='ocrx_word' id='word_1_448' title='bbox 3215 2519 3476 2615; x_wconf 52' lang='lat' dir='ltr'><strong>papae;-</strong></span> <span class='ocrx_word' id='word_1_449' title='bbox 3503 2519 3761 2622; x_wconf 28' lang='lat' dir='ltr'><strong>&#39;Avb&#39;vao‘cg:</strong></span> 
     </span>
    </p>
   </div>
   <div class='ocr_carea' id='block_1_78' title="bbox 2237 2614 3760 2699">
    <p class='ocr_par' dir='ltr' id='par_1_78' title="bbox 2237 2614 3760 2699">
     <span class='ocr_line' id='line_1_78' title="bbox 2237 2614 3760 2699; baseline 0.024 -35"><span class='ocrx_word' id='word_1_450' title='bbox 2237 2614 2319 2680; x_wconf 84' lang='grc' dir='ltr'>ὡς</span> <span class='ocrx_word' id='word_1_451' title='bbox 2365 2615 2597 2684; x_wconf 83' lang='grc' dir='ltr'>Ιμάτιον</span> <span class='ocrx_word' id='word_1_452' title='bbox 2635 2621 2699 2674; x_wconf 85' lang='grc' dir='ltr'>τὸ</span> <span class='ocrx_word' id='word_1_453' title='bbox 2743 2627 3125 2692; x_wconf 73' lang='grc' dir='ltr'>περιϐόλαιον</span> <span class='ocrx_word' id='word_1_454' title='bbox 3171 2614 3359 2690; x_wconf 69' lang='grc' dir='ltr'>αὑτοῦ</span> <span class='ocrx_word' id='word_1_455' title='bbox 3380 2656 3393 2668; x_wconf 89' lang='grc'><strong>·</strong></span> <span class='ocrx_word' id='word_1_456' title='bbox 3427 2640 3514 2696; x_wconf 79' lang='grc' dir='ltr'>τὸν</span> <span class='ocrx_word' id='word_1_457' title='bbox 3552 2614 3760 2699; x_wconf 52' lang='grc' dir='ltr'>Ὠκεανδν</span> 
     </span>
    </p>
   </div>
   <div class='ocr_carea' id='block_1_79' title="bbox 2237 2707 3759 2810">
    <p class='ocr_par' dir='ltr' id='par_1_79' title="bbox 2237 2707 3759 2810">
     <span class='ocr_line' id='line_1_79' title="bbox 2237 2707 3759 2810; baseline 0.024 -52"><span class='ocrx_word' id='word_1_458' title='bbox 2237 2707 2516 2764; x_wconf 76' lang='grc' dir='ltr'>δακτυλίου</span> <span class='ocrx_word' id='word_1_459' title='bbox 2561 2713 2714 2786; x_wconf 79' lang='grc' dir='ltr'>δίκην</span> <span class='ocrx_word' id='word_1_460' title='bbox 2755 2723 3098 2792; x_wconf 84' lang='grc' dir='ltr'>περικεῖσθαι</span> <span class='ocrx_word' id='word_1_461' title='bbox 3141 2729 3278 2802; x_wconf 79' lang='grc' dir='ltr'>αὐτῇ</span> <span class='ocrx_word' id='word_1_462' title='bbox 3320 2731 3474 2804; x_wconf 81' lang='grc' dir='ltr'>δῆλον</span> <span class='ocrx_word' id='word_1_463' title='bbox 3507 2738 3656 2810; x_wconf 79' lang='grc' dir='ltr'>μέχρι</span> <span class='ocrx_word' id='word_1_464' title='bbox 3676 2741 3759 2810; x_wconf 77' lang='grc' dir='ltr'><strong>τή-</strong></span> 
     </span>
    </p>
   </div>
   <div class='ocr_carea' id='block_1_80' title="bbox 2240 2815 2423 2870">
    <p class='ocr_par' dir='ltr' id='par_1_80' title="bbox 2240 2815 2423 2870">
     <span class='ocr_line' id='line_1_80' title="bbox 2240 2815 2423 2870; baseline 0.027 -21"><span class='ocrx_word' id='word_1_465' title='bbox 2240 2815 2306 2868; x_wconf 92' lang='grc' dir='ltr'><strong>με</strong></span> <span class='ocrx_word' id='word_1_466' title='bbox 2315 2817 2403 2870; x_wconf 90' lang='grc' dir='ltr'><strong>ρον</strong></span> <span class='ocrx_word' id='word_1_467' title='bbox 2409 2840 2423 2854; x_wconf 94' lang='grc'><strong>.</strong></span> 
     </span>
    </p>
   </div>
   <div class='ocr_carea' id='block_1_81' title="bbox 2823 2904 3214 2990">
    <p class='ocr_par' dir='ltr' id='par_1_81' title="bbox 2823 2904 3214 2990">
     <span class='ocr_line' id='line_1_81' title="bbox 2823 2904 3214 2990; baseline 0.026 -33"><span class='ocrx_word' id='word_1_468' title='bbox 2823 2904 3071 2990; x_wconf 66' lang='lat' dir='ltr'><strong>uersis</strong></span> <span class='ocrx_word' id='word_1_469' title='bbox 3099 2910 3214 2968; x_wconf 73' lang='grc' dir='ltr'>ΞΔν.</span> 
     </span>
    </p>
   </div>
   <div class='ocr_carea' id='block_1_82' title="bbox 2309 2984 3756 3086">
    <p class='ocr_par' dir='ltr' id='par_1_82' title="bbox 2309 2984 3756 3086">
     <span class='ocr_line' id='line_1_82' title="bbox 2309 2984 3756 3086; baseline 0.026 -50"><span class='ocrx_word' id='word_1_470' title='bbox 2309 2984 2410 3038; x_wconf 80' lang='grc' dir='ltr'><strong>Καὶ</strong></span> <span class='ocrx_word' id='word_1_471' title='bbox 2430 2988 2570 3042; x_wconf 85' lang='grc' dir='ltr'>διατί</span> <span class='ocrx_word' id='word_1_472' title='bbox 2611 2992 2686 3064; x_wconf 80' lang='grc' dir='ltr'>μὴ</span> <span class='ocrx_word' id='word_1_473' title='bbox 2735 2990 2886 3052; x_wconf 76' lang='grc' dir='ltr'>εἶπεν</span> <span class='ocrx_word' id='word_1_474' title='bbox 2927 2999 2955 3051; x_wconf 83' lang='grc' dir='ltr'>ὁ</span> <span class='ocrx_word' id='word_1_475' title='bbox 2993 2984 3306 3078; x_wconf 76' lang='grc' dir='ltr'>Προφήτης,</span> <span class='ocrx_word' id='word_1_476' title='bbox 3349 3010 3422 3065; x_wconf 87' lang='grc' dir='ltr'><strong>Τὸ</strong></span> <span class='ocrx_word' id='word_1_477' title='bbox 3458 3017 3756 3086; x_wconf 76' lang='grc' dir='ltr'>περισὸλαων</span> 
     </span>
    </p>
   </div>
   <div class='ocr_carea' id='block_1_83' title="bbox 2235 3073 2822 3149">
    <p class='ocr_par' dir='ltr' id='par_1_83' title="bbox 2235 3073 2822 3149">
     <span class='ocr_line' id='line_1_83' title="bbox 2235 3073 2822 3149; baseline 0.026 -26"><span class='ocrx_word' id='word_1_478' title='bbox 2235 3073 2424 3144; x_wconf 75' lang='grc' dir='ltr'>αὐτῆς,</span> <span class='ocrx_word' id='word_1_479' title='bbox 2438 3076 2574 3145; x_wconf 84' lang='grc' dir='ltr'>ἀλλ’,</span> <span class='ocrx_word' id='word_1_480' title='bbox 2597 3082 2822 3149; x_wconf 84' lang='grc' dir='ltr'>αὐτοῦ;</span> 
     </span>
    </p>
   </div>
   <div class='ocr_carea' id='block_1_84' title="bbox 2852 3261 3204 3335">
    <p class='ocr_par' dir='ltr' id='par_1_84' title="bbox 2852 3261 3204 3335">
     <span class='ocr_line' id='line_1_84' title="bbox 2852 3261 3204 3335; baseline 0.031 -22"><span class='ocrx_word' id='word_1_481' title='bbox 2852 3261 3204 3335; x_wconf 76' lang='grc' dir='ltr'>Ἀπόκρισις.</span> 
     </span>
    </p>
   </div>
   <div class='ocr_carea' id='block_1_85' title="bbox 2298 3341 3749 3445">
    <p class='ocr_par' dir='ltr' id='par_1_85' title="bbox 2298 3341 3749 3445">
     <span class='ocr_line' id='line_1_85' title="bbox 2298 3341 3749 3445; baseline 0.025 -52"><span class='ocrx_word' id='word_1_482' title='bbox 2298 3341 2462 3396; x_wconf 75' lang='grc' dir='ltr'>Οὐδὲν</span> <span class='ocrx_word' id='word_1_483' title='bbox 2491 3345 2651 3401; x_wconf 84' lang='grc' dir='ltr'>τοῦτο</span> <span class='ocrx_word' id='word_1_484' title='bbox 2691 3349 2898 3407; x_wconf 81' lang='grc' dir='ltr'>ἐκείνου</span> <span class='ocrx_word' id='word_1_485' title='bbox 2942 3355 3151 3425; x_wconf 85' lang='grc' dir='ltr'>διοίσει,</span> <span class='ocrx_word' id='word_1_486' title='bbox 3199 3369 3465 3438; x_wconf 84' lang='grc' dir='ltr'>στοιχείου</span> <span class='ocrx_word' id='word_1_487' title='bbox 3507 3375 3749 3445; x_wconf 65' lang='grc' dir='ltr'>νοουμένου</span> 
     </span>
    </p>
   </div>
   <div class='ocr_carea' id='block_1_86' title="bbox 2224 3431 3750 3538">
    <p class='ocr_par' dir='ltr' id='par_1_86' title="bbox 2224 3431 3750 3538">
     <span class='ocr_line' id='line_1_86' title="bbox 2224 3431 3750 3538; baseline 0.025 -53"><span class='ocrx_word' id='word_1_488' title='bbox 2224 3431 2325 3501; x_wconf 84' lang='grc' dir='ltr'>τῆς</span> <span class='ocrx_word' id='word_1_489' title='bbox 2343 3436 2465 3506; x_wconf 83' lang='grc' dir='ltr'>γῆς.</span> <span class='ocrx_word' id='word_1_490' title='bbox 2490 3440 2612 3493; x_wconf 83' lang='grc' dir='ltr'><strong>Οὐδ’</strong></span> <span class='ocrx_word' id='word_1_491' title='bbox 2639 3439 2704 3497; x_wconf 80' lang='grc' dir='ltr'>αὖ</span> <span class='ocrx_word' id='word_1_492' title='bbox 2730 3446 2891 3501; x_wconf 74' lang='grc' dir='ltr'>πάλιν</span> <span class='ocrx_word' id='word_1_493' title='bbox 2924 3452 3139 3507; x_wconf 84' lang='grc' dir='ltr'>πάντων</span> <span class='ocrx_word' id='word_1_494' title='bbox 3157 3431 3584 3532; x_wconf 25' lang='grc' dir='ltr'>ψυχαιτθηλυκῶς</span> <span class='ocrx_word' id='word_1_495' title='bbox 3611 3431 3750 3538; x_wconf 50' lang='lat' dir='ltr'><strong>apos-</strong></span> 
     </span>
    </p>
   </div>
   <div class='ocr_carea' id='block_1_87' title="bbox 2223 3533 3752 3631">
    <p class='ocr_par' dir='ltr' id='par_1_87' title="bbox 2223 3533 3752 3631">
     <span class='ocr_line' id='line_1_87' title="bbox 2223 3533 3752 3631; baseline 0.026 -54"><span class='ocrx_word' id='word_1_496' title='bbox 2223 3533 2654 3601; x_wconf 86' lang='grc' dir='ltr'>αγορευομένων,</span> <span class='ocrx_word' id='word_1_497' title='bbox 2708 3537 2843 3609; x_wconf 81' lang='grc' dir='ltr'>θῆλυ</span> <span class='ocrx_word' id='word_1_498' title='bbox 2891 3544 2986 3596; x_wconf 77' lang='grc' dir='ltr'><strong>καὶ</strong></span> <span class='ocrx_word' id='word_1_499' title='bbox 3031 3547 3198 3619; x_wconf 80' lang='grc' dir='ltr'>ἄρρεν</span> <span class='ocrx_word' id='word_1_500' title='bbox 3239 3551 3482 3626; x_wconf 83' lang='grc' dir='ltr'>δώσομεν</span> <span class='ocrx_word' id='word_1_501' title='bbox 3526 3533 3752 3631; x_wconf 73' lang='grc' dir='ltr'>ὑπάρχειν</span> 
     </span>
    </p>
   </div>
   <div class='ocr_carea' id='block_1_88' title="bbox 2221 3616 3751 3723">
    <p class='ocr_par' dir='ltr' id='par_1_88' title="bbox 2221 3616 3751 3723">
     <span class='ocr_line' id='line_1_88' title="bbox 2221 3616 3751 3723; baseline 0.026 -55"><span class='ocrx_word' id='word_1_502' title='bbox 2221 3616 2415 3687; x_wconf 77' lang='grc' dir='ltr'>ψυχάς.</span> <span class='ocrx_word' id='word_1_503' title='bbox 2439 3622 2594 3678; x_wconf 83' lang='grc' dir='ltr'><strong>Καὶὸ</strong></span> <span class='ocrx_word' id='word_1_504' title='bbox 2619 3627 2852 3699; x_wconf 81' lang='grc' dir='ltr'>Χριστὸς</span> <span class='ocrx_word' id='word_1_505' title='bbox 2891 3616 3081 3704; x_wconf 70' lang='grc' dir='ltr'>σοφία,</span> <span class='ocrx_word' id='word_1_506' title='bbox 3099 3616 3190 3694; x_wconf 81' lang='grc' dir='ltr'>καὶ</span> <span class='ocrx_word' id='word_1_507' title='bbox 3224 3616 3472 3717; x_wconf 76' lang='grc' dir='ltr'>δύναμις,</span> <span class='ocrx_word' id='word_1_508' title='bbox 3494 3651 3580 3704; x_wconf 71' lang='grc' dir='ltr'>καὶ</span> <span class='ocrx_word' id='word_1_509' title='bbox 3604 3616 3751 3723; x_wconf 64' lang='grc' dir='ltr'>πέτρα</span> 
     </span>
    </p>
   </div>
   <div class='ocr_carea' id='block_1_89' title="bbox 2221 3715 3746 3808">
    <p class='ocr_par' dir='ltr' id='par_1_89' title="bbox 2221 3715 3746 3808">
     <span class='ocr_line' id='line_1_89' title="bbox 2221 3715 3746 3808; baseline 0.027 -50"><span class='ocrx_word' id='word_1_510' title='bbox 2221 3715 2705 3784; x_wconf 85' lang='grc' dir='ltr'>προσαγορεύεται.</span> <span class='ocrx_word' id='word_1_511' title='bbox 2734 3721 2866 3787; x_wconf 86' lang='grc' dir='ltr'>Θεὸς</span> <span class='ocrx_word' id='word_1_512' title='bbox 2903 3726 3182 3800; x_wconf 80' lang='grc' dir='ltr'>ὑπάρχων,</span> <span class='ocrx_word' id='word_1_513' title='bbox 3208 3735 3298 3789; x_wconf 79' lang='grc' dir='ltr'>καὶ</span> <span class='ocrx_word' id='word_1_514' title='bbox 3337 3715 3526 3808; x_wconf 71' lang='grc' dir='ltr'>Λόγος,</span> <span class='ocrx_word' id='word_1_515' title='bbox 3557 3744 3638 3795; x_wconf 73' lang='grc' dir='ltr'>καὶ</span> <span class='ocrx_word' id='word_1_516' title='bbox 3671 3715 3746 3797; x_wconf 60' lang='grc' dir='ltr'>έν·</span> 
     </span>
    </p>
   </div>
   <div class='ocr_carea' id='block_1_90' title="bbox 2220 3798 3747 3905">
    <p class='ocr_par' dir='ltr' id='par_1_90' title="bbox 2220 3798 3747 3905">
     <span class='ocr_line' id='line_1_90' title="bbox 2220 3798 3747 3905; baseline 0.026 -54"><span class='ocrx_word' id='word_1_517' title='bbox 2220 3798 2436 3870; x_wconf 88' lang='grc' dir='ltr'>θρωπος</span> <span class='ocrx_word' id='word_1_518' title='bbox 2455 3807 2484 3858; x_wconf 81' lang='grc' dir='ltr'>ὁ</span> <span class='ocrx_word' id='word_1_519' title='bbox 2502 3808 2684 3872; x_wconf 83' lang='grc' dir='ltr'>αὑτός.</span> <span class='ocrx_word' id='word_1_520' title='bbox 2703 3812 2947 3872; x_wconf 83' lang='grc' dir='ltr'>Νοείσθω</span> <span class='ocrx_word' id='word_1_521' title='bbox 2973 3798 3031 3873; x_wconf 64' lang='grc' dir='ltr'><strong>δέ</strong></span> <span class='ocrx_word' id='word_1_522' title='bbox 3055 3798 3264 3894; x_wconf 68' lang='grc' dir='ltr'>έτέρως</span> <span class='ocrx_word' id='word_1_523' title='bbox 3283 3845 3299 3860; x_wconf 78' lang='grc' dir='ltr'><strong>ο</strong></span> <span class='ocrx_word' id='word_1_524' title='bbox 3331 3798 3574 3903; x_wconf 58' lang='grc' dir='ltr'>’Δόρατος</span> <span class='ocrx_word' id='word_1_525' title='bbox 3602 3835 3747 3905; x_wconf 76' lang='grc' dir='ltr'>ὑπάρ-</span> 
     </span>
    </p>
   </div>
   <div class='ocr_carea' id='block_1_91' title="bbox 2220 3896 3743 3995">
    <p class='ocr_par' dir='ltr' id='par_1_91' title="bbox 2220 3896 3743 3995">
     <span class='ocr_line' id='line_1_91' title="bbox 2220 3896 3743 3995; baseline 0.024 -50"><span class='ocrx_word' id='word_1_526' title='bbox 2220 3909 2304 3963; x_wconf 88' lang='grc' dir='ltr'>χει</span> <span class='ocrx_word' id='word_1_527' title='bbox 2339 3896 2372 3966; x_wconf 84' lang='grc' dir='ltr'>ὴ</span> <span class='ocrx_word' id='word_1_528' title='bbox 2407 3896 2499 3968; x_wconf 83' lang='grc' dir='ltr'>γῆ,</span> <span class='ocrx_word' id='word_1_529' title='bbox 2535 3898 2688 3955; x_wconf 77' lang='grc' dir='ltr'>οὔπω</span> <span class='ocrx_word' id='word_1_530' title='bbox 2724 3904 2832 3978; x_wconf 79' lang='grc' dir='ltr'>γὰρ</span> <span class='ocrx_word' id='word_1_531' title='bbox 2886 3903 2954 3980; x_wconf 75' lang='grc' dir='ltr'>ἦν</span> <span class='ocrx_word' id='word_1_532' title='bbox 2987 3911 3016 3962; x_wconf 82' lang='grc'>6</span> <span class='ocrx_word' id='word_1_533' title='bbox 3053 3911 3252 3986; x_wconf 82' lang='grc' dir='ltr'>θεατὴς</span> <span class='ocrx_word' id='word_1_534' title='bbox 3277 3896 3448 3992; x_wconf 79' lang='grc' dir='ltr'>αὐτῆς</span> <span class='ocrx_word' id='word_1_535' title='bbox 3478 3896 3743 3995; x_wconf 50' lang='grc' dir='ltr'>ἄνθρωπος.</span> 
     </span>
    </p>
   </div>
   <div class='ocr_carea' id='block_1_92' title="bbox 2218 3987 3744 4080">
    <p class='ocr_par' dir='ltr' id='par_1_92' title="bbox 2218 3987 3744 4080">
     <span class='ocr_line' id='line_1_92' title="bbox 2218 3987 3744 4080; baseline 0.024 -43"><span class='ocrx_word' id='word_1_536' title='bbox 2218 3987 2337 4040; x_wconf 82' lang='grc' dir='ltr'>οὐδὲ</span> <span class='ocrx_word' id='word_1_537' title='bbox 2371 3989 2440 4041; x_wconf 85' lang='grc' dir='ltr'>τὰ</span> <span class='ocrx_word' id='word_1_538' title='bbox 2488 3993 2580 4045; x_wconf 85' lang='grc' dir='ltr'><strong>ὑπ’</strong></span> <span class='ocrx_word' id='word_1_539' title='bbox 2619 3997 2790 4067; x_wconf 81' lang='grc' dir='ltr'>αὐτὴν</span> <span class='ocrx_word' id='word_1_540' title='bbox 2838 3999 3000 4068; x_wconf 81' lang='grc' dir='ltr'>φύσει</span> <span class='ocrx_word' id='word_1_541' title='bbox 3042 4010 3430 4080; x_wconf 82' lang='grc' dir='ltr'>κατανεύοντα,</span> <span class='ocrx_word' id='word_1_542' title='bbox 3470 4016 3559 4070; x_wconf 79' lang='grc' dir='ltr'>καὶ</span> <span class='ocrx_word' id='word_1_543' title='bbox 3589 4018 3744 4080; x_wconf 75' lang='grc' dir='ltr'>ἀτενὲς</span> 
     </span>
    </p>
   </div>
   <div class='ocr_carea' id='block_1_93' title="bbox 2216 4080 3506 4178">
    <p class='ocr_par' dir='ltr' id='par_1_93' title="bbox 2216 4080 3506 4178">
     <span class='ocr_line' id='line_1_93' title="bbox 2216 4080 3506 4178; baseline 0.024 -47"><span class='ocrx_word' id='word_1_544' title='bbox 2216 4080 2383 4153; x_wconf 77' lang='grc' dir='ltr'>αὐτὴν</span> <span class='ocrx_word' id='word_1_545' title='bbox 2413 4084 2682 4159; x_wconf 78' lang='grc' dir='ltr'>ἐνορῶντα</span> <span class='ocrx_word' id='word_1_546' title='bbox 2717 4089 3025 4166; x_wconf 85' lang='grc' dir='ltr'>βληχόμενα</span> <span class='ocrx_word' id='word_1_547' title='bbox 3043 4099 3151 4154; x_wconf 88' lang='grc' dir='ltr'>τῶν</span> <span class='ocrx_word' id='word_1_548' title='bbox 3171 4099 3324 4165; x_wconf 81' lang='grc' dir='ltr'>ζώων</span> <span class='ocrx_word' id='word_1_549' title='bbox 3358 4107 3506 4178; x_wconf 86' lang='grc' dir='ltr'>γένη.</span> 
     </span>
    </p>
   </div>
   <div class='ocr_carea' id='block_1_94' title="bbox 2582 4295 3206 4369">
    <p class='ocr_par' dir='ltr' id='par_1_94' title="bbox 2582 4295 3206 4369">
     <span class='ocr_line' id='line_1_94' title="bbox 2582 4295 3206 4369; baseline 0.022 -25"><span class='ocrx_word' id='word_1_550' title='bbox 2582 4357 2612 4369; x_wconf 43' lang='grc' dir='ltr'><strong><em>ρ</em></strong></span> <span class='ocrx_word' id='word_1_551' title='bbox 2812 4295 3058 4352; x_wconf 74' lang='grc' dir='ltr'>ΠΕΥΣιΣ</span> <span class='ocrx_word' id='word_1_552' title='bbox 3091 4298 3206 4358; x_wconf 71' lang='lat' dir='ltr'><strong>se.</strong></span> 
     </span>
    </p>
   </div>
   <div class='ocr_carea' id='block_1_95' title="bbox 2282 4377 3738 4476">
    <p class='ocr_par' dir='ltr' id='par_1_95' title="bbox 2282 4377 3738 4476">
     <span class='ocr_line' id='line_1_95' title="bbox 2282 4377 3738 4476; baseline 0.019 -46"><span class='ocrx_word' id='word_1_553' title='bbox 2282 4378 2346 4431; x_wconf 89' lang='grc' dir='ltr'>Τί</span> <span class='ocrx_word' id='word_1_554' title='bbox 2372 4381 2472 4452; x_wconf 79' lang='grc' dir='ltr'>τὴν</span> <span class='ocrx_word' id='word_1_555' title='bbox 2516 4377 2676 4452; x_wconf 79' lang='grc' dir='ltr'>φύσιν</span> <span class='ocrx_word' id='word_1_556' title='bbox 2711 4387 2831 4441; x_wconf 74' lang='grc' dir='ltr'>ἐστὶ</span> <span class='ocrx_word' id='word_1_557' title='bbox 2874 4390 2934 4444; x_wconf 82' lang='grc' dir='ltr'>τὸ</span> <span class='ocrx_word' id='word_1_558' title='bbox 2982 4392 3302 4466; x_wconf 81' lang='grc' dir='ltr'>διαχωρίζον</span> <span class='ocrx_word' id='word_1_559' title='bbox 3353 4404 3624 4476; x_wconf 83' lang='grc' dir='ltr'>στερέωμα</span> <span class='ocrx_word' id='word_1_560' title='bbox 3656 4406 3738 4458; x_wconf 74' lang='grc' dir='ltr'><strong>ἀνὰ</strong></span> 
     </span>
    </p>
   </div>
   <div class='ocr_carea' id='block_1_96' title="bbox 2220 4469 3738 4564">
    <p class='ocr_par' dir='ltr' id='par_1_96' title="bbox 2220 4469 3738 4564">
     <span class='ocr_line' id='line_1_96' title="bbox 2220 4469 3738 4564; baseline 0.019 -43"><span class='ocrx_word' id='word_1_561' title='bbox 2220 4469 2384 4540; x_wconf 84' lang='grc' dir='ltr'>μέσον</span> <span class='ocrx_word' id='word_1_562' title='bbox 2412 4472 2622 4543; x_wconf 78' lang='grc' dir='ltr'>ὓδατος,</span> <span class='ocrx_word' id='word_1_563' title='bbox 2658 4480 2752 4533; x_wconf 74' lang='grc' dir='ltr'>καὶ</span> <span class='ocrx_word' id='word_1_564' title='bbox 2785 4480 3084 4550; x_wconf 84' lang='grc' dir='ltr'>ὕδατοςτοῦ</span> <span class='ocrx_word' id='word_1_565' title='bbox 3125 4469 3514 4564; x_wconf 81' lang='grc' dir='ltr'>ὑπερουρανίου</span> <span class='ocrx_word' id='word_1_566' title='bbox 3542 4469 3622 4552; x_wconf 78' lang='grc' dir='ltr'>καὶ</span> <span class='ocrx_word' id='word_1_567' title='bbox 3655 4497 3738 4550; x_wconf 75' lang='grc' dir='ltr'><strong>Θα-</strong></span> 
     </span>
    </p>
   </div>
   <div class='ocr_carea' id='block_1_97' title="bbox 2215 4560 2486 4631">
    <p class='ocr_par' dir='ltr' id='par_1_97' title="bbox 2215 4560 2486 4631">
     <span class='ocr_line' id='line_1_97' title="bbox 2215 4560 2486 4631; baseline 0.018 -18"><span class='ocrx_word' id='word_1_568' title='bbox 2215 4560 2437 4617; x_wconf 88' lang='grc' dir='ltr'>λασσίου</span> <span class='ocrx_word' id='word_1_569' title='bbox 2472 4584 2486 4631; x_wconf 89' lang='grc'>;</span> 
     </span>
    </p>
   </div>
   <div class='ocr_carea' id='block_1_98' title="bbox 2827 4669 3176 4739">
    <p class='ocr_par' dir='ltr' id='par_1_98' title="bbox 2827 4669 3176 4739">
     <span class='ocr_line' id='line_1_98' title="bbox 2827 4669 3176 4739; baseline 0.02 -20"><span class='ocrx_word' id='word_1_570' title='bbox 2827 4669 3176 4739; x_wconf 67' lang='grc' dir='ltr'>Ἀπόκρισις.</span> 
     </span>
    </p>
   </div>
   <div class='ocr_carea' id='block_1_99' title="bbox 2279 4746 3732 4842">
    <p class='ocr_par' dir='ltr' id='par_1_99' title="bbox 2279 4746 3732 4842">
     <span class='ocr_line' id='line_1_99' title="bbox 2279 4746 3732 4842; baseline 0.021 -45"><span class='ocrx_word' id='word_1_571' title='bbox 2279 4746 2357 4817; x_wconf 85' lang='grc' dir='ltr'><strong>Τῇ</strong></span> <span class='ocrx_word' id='word_1_572' title='bbox 2388 4748 2486 4818; x_wconf 83' lang='grc' dir='ltr'>μὲν</span> <span class='ocrx_word' id='word_1_573' title='bbox 2507 4751 2696 4826; x_wconf 82' lang='grc' dir='ltr'>πρώτῃ</span> <span class='ocrx_word' id='word_1_574' title='bbox 2726 4755 2927 4830; x_wconf 81' lang='grc' dir='ltr'>ἡμέρᾳ,</span> <span class='ocrx_word' id='word_1_575' title='bbox 2953 4761 3178 4833; x_wconf 80' lang='grc' dir='ltr'>οὐρανὸς</span> <span class='ocrx_word' id='word_1_576' title='bbox 3199 4769 3520 4837; x_wconf 81' lang='grc' dir='ltr'>παράγεται,</span> <span class='ocrx_word' id='word_1_577' title='bbox 3541 4773 3567 4824; x_wconf 78' lang='grc' dir='ltr'><strong>ὁ</strong></span> <span class='ocrx_word' id='word_1_578' title='bbox 3597 4772 3732 4842; x_wconf 64' lang='lat'><strong>61:9-</strong></span> 
     </span>
    </p>
   </div>
   <div class='ocr_carea' id='block_1_100' title="bbox 2205 4843 3728 4937">
    <p class='ocr_par' dir='ltr' id='par_1_100' title="bbox 2205 4843 3728 4937">
     <span class='ocr_line' id='line_1_100' title="bbox 2205 4843 3728 4937; baseline 0.018 -44"><span class='ocrx_word' id='word_1_579' title='bbox 2205 4843 2457 4913; x_wconf 89' lang='grc' dir='ltr'>κείμενος</span> <span class='ocrx_word' id='word_1_580' title='bbox 2479 4846 2572 4899; x_wconf 79' lang='grc' dir='ltr'><strong>τοῦ</strong></span> <span class='ocrx_word' id='word_1_581' title='bbox 2613 4865 2700 4902; x_wconf 85' lang='grc' dir='ltr'><strong>στε</strong></span> <span class='ocrx_word' id='word_1_582' title='bbox 2711 4850 2988 4922; x_wconf 82' lang='grc' dir='ltr'>ρεώματος</span> <span class='ocrx_word' id='word_1_583' title='bbox 3008 4873 3020 4885; x_wconf 92' lang='grc'><strong>·</strong></span> <span class='ocrx_word' id='word_1_584' title='bbox 3043 4859 3106 4929; x_wconf 81' lang='grc' dir='ltr'>τῇ</span> <span class='ocrx_word' id='word_1_585' title='bbox 3127 4857 3352 4933; x_wconf 71' lang='grc' dir='ltr'>δευτέρᾳ</span> <span class='ocrx_word' id='word_1_586' title='bbox 3385 4865 3461 4927; x_wconf 86' lang='grc' dir='ltr'>δὲ,</span> <span class='ocrx_word' id='word_1_587' title='bbox 3479 4867 3536 4919; x_wconf 82' lang='grc' dir='ltr'>τὸ</span> <span class='ocrx_word' id='word_1_588' title='bbox 3553 4867 3728 4937; x_wconf 75' lang='grc' dir='ltr'>ὁρώμε-</span> 
     </span>
    </p>
   </div>
   <div class='ocr_carea' id='block_1_101' title="bbox 2400 4937 3082 4960">
    <p class='ocr_par' dir='ltr' id='par_1_101' title="bbox 2400 4937 3082 4960">
     <span class='ocr_line' id='line_1_101' title="bbox 2400 4937 3082 4960; baseline 0.016 -10"><span class='ocrx_word' id='word_1_589' title='bbox 2400 4937 2484 4960; x_wconf 52' lang='lat' dir='ltr'><strong>:_A</strong></span> <span class='ocrx_word' id='word_1_590' title='bbox 2527 4939 2625 4960; x_wconf 27' lang='grc' dir='ltr'>..γ-λ</span> <span class='ocrx_word' id='word_1_591' title='bbox 2648 4959 2659 4960; x_wconf 36' lang='lat'><em>7</em></span> <span class='ocrx_word' id='word_1_592' title='bbox 2746 4959 2749 4960; x_wconf 30' lang='grc' dir='ltr'><em>ν</em></span> <span class='ocrx_word' id='word_1_593' title='bbox 2840 4943 2900 4958; x_wconf 44' lang='grc' dir='ltr'><strong>ἢ-</strong></span> <span class='ocrx_word' id='word_1_594' title='bbox 2977 4948 2990 4960; x_wconf 75' lang='grc' dir='ltr'><strong><em>ο</em></strong></span> <span class='ocrx_word' id='word_1_595' title='bbox 3057 4948 3082 4960; x_wconf 61' lang='grc' dir='ltr'><em>η</em></span> 
     </span>
    </p>
   </div>
   <div class='ocr_carea' id='block_1_102' title="bbox 2204 4939 3728 5029">
    <p class='ocr_par' dir='ltr' id='par_1_102' title="bbox 2204 4939 3728 5029">
     <span class='ocr_line' id='line_1_102' title="bbox 2204 4939 3728 5029; baseline 0.014 -42"><span class='ocrx_word' id='word_1_596' title='bbox 2204 4952 2294 4988; x_wconf 92' lang='grc' dir='ltr'><strong>νον</strong></span> <span class='ocrx_word' id='word_1_597' title='bbox 2333 4939 2490 4991; x_wconf 80' lang='grc' dir='ltr'>τοῦτο</span> <span class='ocrx_word' id='word_1_598' title='bbox 2526 4939 2667 5011; x_wconf 86' lang='grc' dir='ltr'>ὑπὲρ</span> <span class='ocrx_word' id='word_1_599' title='bbox 2698 4943 2938 5016; x_wconf 79' lang='grc' dir='ltr'>κεφαλῆς</span> <span class='ocrx_word' id='word_1_600' title='bbox 2967 4948 3124 5018; x_wconf 79' lang='grc' dir='ltr'>ήμῶν</span> <span class='ocrx_word' id='word_1_601' title='bbox 3149 4953 3454 5026; x_wconf 86' lang='grc' dir='ltr'>στερέωμα,</span> <span class='ocrx_word' id='word_1_602' title='bbox 3477 4958 3651 5029; x_wconf 75' lang='grc' dir='ltr'>ἐτέρας</span> <span class='ocrx_word' id='word_1_603' title='bbox 3685 4956 3728 5008; x_wconf 69' lang='grc' dir='ltr'>δὲ</span> 
     </span>
    </p>
   </div>
   <div class='ocr_carea' id='block_1_103' title="bbox 2738 5093 3162 5199">
    <p class='ocr_par' dir='ltr' id='par_1_103' title="bbox 2738 5093 3162 5199">
     <span class='ocr_line' id='line_1_103' title="bbox 2738 5093 3162 5199; baseline 0.026 -22"><span class='ocrx_word' id='word_1_604' title='bbox 2738 5093 2984 5181; x_wconf 63' lang='lat' dir='ltr'><strong>hermi:</strong></span> <span class='ocrx_word' id='word_1_605' title='bbox 3027 5093 3162 5199; x_wconf 67' lang='lat' dir='ltr'><strong>3ch</strong></span> 
     </span>
    </p>
   </div>
   <div class='ocr_carea' id='block_1_104' title="bbox 2271 5210 3728 5302">
    <p class='ocr_par' dir='ltr' id='par_1_104' title="bbox 2271 5210 3728 5302">
     <span class='ocr_line' id='line_1_104' title="bbox 2271 5210 3728 5302; baseline 0.016 -41"><span class='ocrx_word' id='word_1_606' title='bbox 2271 5210 2380 5262; x_wconf 78' lang='lat' dir='ltr'><strong>Kal</strong></span> <span class='ocrx_word' id='word_1_607' title='bbox 2409 5211 2525 5274; x_wconf 76' lang='grc' dir='ltr'><strong>πῶς</strong></span> <span class='ocrx_word' id='word_1_608' title='bbox 2552 5214 2678 5283; x_wconf 81' lang='grc' dir='ltr'>μιᾶς</span> <span class='ocrx_word' id='word_1_609' title='bbox 2715 5216 2807 5268; x_wconf 70' lang='grc' dir='ltr'><strong>καὶ</strong></span> <span class='ocrx_word' id='word_1_610' title='bbox 2828 5219 2927 5288; x_wconf 83' lang='grc' dir='ltr'>τῆς</span> <span class='ocrx_word' id='word_1_611' title='bbox 2949 5221 3122 5292; x_wconf 73' lang='grc' dir='ltr'>αὐτῆς</span> <span class='ocrx_word' id='word_1_612' title='bbox 3144 5224 3295 5291; x_wconf 74' lang='grc' dir='ltr'>ὄντες</span> <span class='ocrx_word' id='word_1_613' title='bbox 3327 5228 3626 5302; x_wconf 86' lang='grc' dir='ltr'>ὀνομασίας.</span> <span class='ocrx_word' id='word_1_614' title='bbox 3655 5230 3728 5284; x_wconf 73' lang='grc' dir='ltr'><strong>ἄλο</strong></span> 
     </span>
    </p>
   </div>
   <div class='ocr_carea' id='block_1_105' title="bbox 2195 5299 3111 5380">
    <p class='ocr_par' dir='ltr' id='par_1_105' title="bbox 2195 5299 3111 5380">
     <span class='ocr_line' id='line_1_105' title="bbox 2195 5299 3111 5380; baseline 0.014 -27"><span class='ocrx_word' id='word_1_615' title='bbox 2195 5299 2295 5370; x_wconf 89' lang='grc' dir='ltr'><strong>λης</strong></span> <span class='ocrx_word' id='word_1_616' title='bbox 2319 5303 2410 5354; x_wconf 79' lang='grc' dir='ltr'>καὶ</span> <span class='ocrx_word' id='word_1_617' title='bbox 2434 5301 2598 5376; x_wconf 80' lang='grc' dir='ltr'>ἄλλης</span> <span class='ocrx_word' id='word_1_618' title='bbox 2625 5305 2838 5375; x_wconf 85' lang='grc' dir='ltr'>φύσεως</span> <span class='ocrx_word' id='word_1_619' title='bbox 2860 5309 3072 5366; x_wconf 72' lang='grc' dir='ltr'>ἔσονται</span> <span class='ocrx_word' id='word_1_620' title='bbox 3097 5330 3111 5380; x_wconf 87' lang='grc'><strong>;</strong></span> 
     </span>
    </p>
   </div>
   <div class='ocr_carea' id='block_1_106' title="bbox 2817 5403 3160 5476">
    <p class='ocr_par' dir='ltr' id='par_1_106' title="bbox 2817 5403 3160 5476">
     <span class='ocr_line' id='line_1_106' title="bbox 2817 5403 3160 5476; baseline 0.023 -19"><span class='ocrx_word' id='word_1_621' title='bbox 2817 5403 3160 5476; x_wconf 78' lang='grc' dir='ltr'>Ἀπόκρισις.</span> 
     </span>
    </p>
   </div>
   <div class='ocr_carea' id='block_1_107' title="bbox 2275 5489 3728 5584">
    <p class='ocr_par' dir='ltr' id='par_1_107' title="bbox 2275 5489 3728 5584">
     <span class='ocr_line' id='line_1_107' title="bbox 2275 5489 3728 5584; baseline 0.014 -43"><span class='ocrx_word' id='word_1_622' title='bbox 2275 5489 2389 5554; x_wconf 79' lang='grc' dir='ltr'>Γοῖς</span> <span class='ocrx_word' id='word_1_623' title='bbox 2436 5492 2747 5563; x_wconf 78' lang='grc' dir='ltr'>φιλομαθῶς</span> <span class='ocrx_word' id='word_1_624' title='bbox 2797 5498 2889 5552; x_wconf 78' lang='grc' dir='ltr'><strong>καὶ</strong></span> <span class='ocrx_word' id='word_1_625' title='bbox 2935 5501 3010 5571; x_wconf 82' lang='grc' dir='ltr'>μὴ</span> <span class='ocrx_word' id='word_1_626' title='bbox 3076 5507 3369 5578; x_wconf 87' lang='grc' dir='ltr'>παρέργως</span> <span class='ocrx_word' id='word_1_627' title='bbox 3413 5529 3473 5565; x_wconf 84' lang='grc' dir='ltr'><strong>το</strong></span> <span class='ocrx_word' id='word_1_628' title='bbox 3527 5513 3728 5584; x_wconf 77' lang='grc' dir='ltr'>γράμμα</span> 
     </span>
    </p>
   </div>
   <div class='ocr_carea' id='block_1_108' title="bbox 519 5533 2125 5671">
    <p class='ocr_par' dir='ltr' id='par_1_108' title="bbox 519 5533 2094 5671">
     <span class='ocr_line' id='line_1_108' title="bbox 519 5533 2094 5630; baseline 0.019 -30"><span class='ocrx_word' id='word_1_629' title='bbox 519 5533 753 5600; x_wconf 69' lang='lat' dir='ltr'><strong>minam.</strong></span> <span class='ocrx_word' id='word_1_630' title='bbox 785 5537 950 5593; x_wconf 56' lang='lat' dir='ltr'><strong>etiam</strong></span> <span class='ocrx_word' id='word_1_631' title='bbox 1002 5542 1055 5597; x_wconf 83' lang='lat' dir='ltr'><strong>ill</strong></span> <span class='ocrx_word' id='word_1_632' title='bbox 1087 5552 1450 5620; x_wconf 81' lang='lat' dir='ltr'><strong>appellatione</strong></span> <span class='ocrx_word' id='word_1_633' title='bbox 1502 5564 1730 5620; x_wconf 92' lang='lat' dir='ltr'><strong>multum</strong></span> <span class='ocrx_word' id='word_1_634' title='bbox 1779 5569 2094 5630; x_wconf 68' lang='lat' dir='ltr'><strong>dilierentite</strong></span> 
     </span>
     <span class='ocr_line' id='line_1_109' title="bbox 519 5627 1797 5671; baseline 0 0"><span class='ocrx_word' id='word_1_635' title='bbox 519 5627 923 5671; x_wconf 65' lang='lat' dir='ltr'><strong>dnnrphpndnns</strong></span> <span class='ocrx_word' id='word_1_636' title='bbox 1006 5638 1158 5671; x_wconf 64' lang='lat' dir='ltr'><strong>Anna</strong></span> <span class='ocrx_word' id='word_1_637' title='bbox 1210 5647 1349 5671; x_wconf 56' lang='grc' dir='ltr'>ηηε-..</span> <span class='ocrx_word' id='word_1_638' title='bbox 1404 5654 1514 5671; x_wconf 65' lang='lat'><strong>__-.,</strong></span> <span class='ocrx_word' id='word_1_639' title='bbox 1687 5659 1719 5671; x_wconf 88' lang='lat'><strong>..</strong></span> <span class='ocrx_word' id='word_1_640' title='bbox 1784 5661 1797 5671; x_wconf 72' lang='grc' dir='ltr'>ι</span> 
     </span>
    </p>
   </div>
   <div class='ocr_carea' id='block_1_109' title="bbox 2250 5533 3729 5671">
    <p class='ocr_par' dir='ltr' id='par_1_109' title="bbox 2253 5533 3729 5671">
     <span class='ocr_line' id='line_1_110' title="bbox 2275 5533 3728 5584; baseline 0.02 -44"><span class='ocrx_word' id='word_1_641' title='bbox 2275 5533 2384 5554; x_wconf 57' lang='grc' dir='ltr'><strong>--.τ</strong></span> <span class='ocrx_word' id='word_1_642' title='bbox 2440 5533 2743 5563; x_wconf 53' lang='grc' dir='ltr'><strong>τηατ-...νων</strong></span> <span class='ocrx_word' id='word_1_643' title='bbox 2797 5533 2889 5552; x_wconf 60' lang='lat' dir='ltr'><strong>nutu</strong></span> <span class='ocrx_word' id='word_1_644' title='bbox 2935 5533 3010 5571; x_wconf 67' lang='grc' dir='ltr'>μιι</span> <span class='ocrx_word' id='word_1_645' title='bbox 3076 5533 3369 5578; x_wconf 54' lang='lat' dir='ltr'><strong>natiquij</strong></span> <span class='ocrx_word' id='word_1_646' title='bbox 3413 5533 3473 5565; x_wconf 82' lang='grc' dir='ltr'><strong>το</strong></span> 
     </span>
     <span class='ocr_line' id='line_1_111' title="bbox 2253 5582 3729 5671; baseline 0.019 -37"><span class='ocrx_word' id='word_1_647' title='bbox 2253 5582 2524 5650; x_wconf 74' lang='grc' dir='ltr'>ετάζουσι,</span> <span class='ocrx_word' id='word_1_648' title='bbox 2572 5589 2666 5642; x_wconf 73' lang='grc' dir='ltr'>καὶ</span> <span class='ocrx_word' id='word_1_649' title='bbox 2698 5591 2756 5642; x_wconf 86' lang='grc' dir='ltr'>ὲν</span> <span class='ocrx_word' id='word_1_650' title='bbox 2791 5594 2858 5662; x_wconf 82' lang='grc' dir='ltr'>τῇ</span> <span class='ocrx_word' id='word_1_651' title='bbox 2900 5600 3238 5671; x_wconf 74' lang='grc' dir='ltr'>προσηγορίᾳ</span> <span class='ocrx_word' id='word_1_652' title='bbox 3281 5603 3416 5658; x_wconf 83' lang='grc' dir='ltr'>πολὺ</span> <span class='ocrx_word' id='word_1_653' title='bbox 3459 5607 3516 5659; x_wconf 83' lang='grc' dir='ltr'>τὸ</span> <span class='ocrx_word' id='word_1_654' title='bbox 3567 5607 3729 5671; x_wconf 54' lang='grc' dir='ltr'>διάφο-</span> 
     </span>
    </p>
   </div>
   <div class='ocr_carea' id='block_1_110' title="bbox 518 5627 1966 5720">
    <p class='ocr_par' dir='ltr' id='par_1_110' title="bbox 518 5627 1966 5720">
     <span class='ocr_line' id='line_1_112' title="bbox 518 5627 1966 5720; baseline 0.027 -41"><span class='ocrx_word' id='word_1_655' title='bbox 518 5627 948 5698; x_wconf 85' lang='lat' dir='ltr'><strong>depreheudent.</strong></span> <span class='ocrx_word' id='word_1_656' title='bbox 997 5638 1160 5696; x_wconf 85' lang='lat' dir='ltr'><strong>Aliud</strong></span> <span class='ocrx_word' id='word_1_657' title='bbox 1207 5647 1352 5702; x_wconf 87' lang='lat' dir='ltr'><strong>enim</strong></span> <span class='ocrx_word' id='word_1_658' title='bbox 1397 5654 1617 5720; x_wconf 76' lang='lat' dir='ltr'><strong>etelum,</strong></span> <span class='ocrx_word' id='word_1_659' title='bbox 1651 5659 1798 5714; x_wconf 82' lang='lat' dir='ltr'><strong>aliud</strong></span> <span class='ocrx_word' id='word_1_660' title='bbox 1839 5679 1966 5718; x_wconf 90' lang='lat' dir='ltr'><strong>vero</strong></span> 
     </span>
    </p>
   </div>
   <div class='ocr_carea' id='block_1_111' title="bbox 519 5719 942 5784">
    <p class='ocr_par' dir='ltr' id='par_1_111' title="bbox 519 5719 942 5784">
     <span class='ocr_line' id='line_1_113' title="bbox 519 5719 942 5784; baseline 0.019 -9"><span class='ocrx_word' id='word_1_661' title='bbox 519 5719 942 5784; x_wconf 71' lang='lat' dir='ltr'><strong>ﬁrtnamentum.</strong></span> 
     </span>
    </p>
   </div>
   <div class='ocr_carea' id='block_1_112' title="bbox 2009 5676 2092 5724">
    <p class='ocr_par' dir='ltr' id='par_1_112' title="bbox 2009 5676 2092 5724">
     <span class='ocr_line' id='line_1_114' title="bbox 2009 5676 2092 5724; baseline 0.024 -3"><span class='ocrx_word' id='word_1_662' title='bbox 2009 5676 2092 5724; x_wconf 90' lang='lat' dir='ltr'><strong>est</strong></span> 
     </span>
    </p>
   </div>
   <div class='ocr_carea' id='block_1_113' title="bbox 592 5851 1043 5929">
    <p class='ocr_par' dir='ltr' id='par_1_113' title="bbox 592 5851 1043 5929">
     <span class='ocr_line' id='line_1_115' title="bbox 592 5851 1043 5929; baseline 0.029 -24"><span class='ocrx_word' id='word_1_663' title='bbox 592 5851 638 5885; x_wconf 80' lang='lat'><strong>&quot;</strong></span> <span class='ocrx_word' id='word_1_664' title='bbox 672 5853 819 5912; x_wconf 88' lang='lat' dir='ltr'><strong>Psal.</strong></span> <span class='ocrx_word' id='word_1_665' title='bbox 845 5872 962 5929; x_wconf 74' lang='lat' dir='ltr'>CIII,</span> <span class='ocrx_word' id='word_1_666' title='bbox 989 5861 1043 5919; x_wconf 87' lang='lat'><strong>6.</strong></span> 
     </span>
    </p>
   </div>
   <div class='ocr_carea' id='block_1_114' title="bbox 2191 5677 3728 5769">
    <p class='ocr_par' dir='ltr' id='par_1_114' title="bbox 2191 5677 3728 5769">
     <span class='ocr_line' id='line_1_116' title="bbox 2191 5677 3728 5769; baseline 0.014 -41"><span class='ocrx_word' id='word_1_667' title='bbox 2191 5694 2284 5747; x_wconf 90' lang='grc' dir='ltr'><strong>ρον</strong></span> <span class='ocrx_word' id='word_1_668' title='bbox 2312 5677 2525 5748; x_wconf 83' lang='grc' dir='ltr'>ἔχοντες</span> <span class='ocrx_word' id='word_1_669' title='bbox 2563 5681 2950 5753; x_wconf 74' lang='grc' dir='ltr'>εὑρεθήσονται</span> <span class='ocrx_word' id='word_1_670' title='bbox 2974 5705 2990 5720; x_wconf 88' lang='grc'><strong>·</strong></span> <span class='ocrx_word' id='word_1_671' title='bbox 3015 5689 3199 5761; x_wconf 65' lang='grc' dir='ltr'>ἓτερον</span> <span class='ocrx_word' id='word_1_672' title='bbox 3240 5695 3349 5766; x_wconf 76' lang='grc' dir='ltr'>γὰρ</span> <span class='ocrx_word' id='word_1_673' title='bbox 3381 5698 3616 5769; x_wconf 75' lang='grc' dir='ltr'>οὐρανὸς.</span> <span class='ocrx_word' id='word_1_674' title='bbox 3647 5697 3728 5749; x_wconf 75' lang='grc' dir='ltr'><strong>θά-</strong></span> 
     </span>
    </p>
   </div>
   <div class='ocr_carea' id='block_1_115' title="bbox 986 5731 2125 5864">
    <p class='ocr_par' dir='ltr' id='par_1_115' title="bbox 986 5731 2090 5820">
     <span class='ocr_line' id='line_1_117' title="bbox 986 5731 2090 5820; baseline 0.032 -36"><span class='ocrx_word' id='word_1_675' title='bbox 986 5731 1220 5794; x_wconf 88' lang='lat' dir='ltr'><strong>Proinde</strong></span> <span class='ocrx_word' id='word_1_676' title='bbox 1256 5751 1312 5797; x_wconf 89' lang='lat' dir='ltr'><strong>et</strong></span> <span class='ocrx_word' id='word_1_677' title='bbox 1351 5760 1416 5800; x_wconf 80' lang='lat' dir='ltr'><strong>ex</strong></span> <span class='ocrx_word' id='word_1_678' title='bbox 1451 5745 1568 5817; x_wconf 88' lang='lat' dir='ltr'><strong>ipsa</strong></span> <span class='ocrx_word' id='word_1_679' title='bbox 1604 5754 1970 5820; x_wconf 85' lang='lat' dir='ltr'><strong>appellatione</strong></span> <span class='ocrx_word' id='word_1_680' title='bbox 1999 5761 2090 5816; x_wconf 82' lang='lat' dir='ltr'><strong>di-</strong></span> 
     </span>
    </p>
   </div>
   <div class='ocr_carea' id='block_1_116' title="bbox 2250 5731 3729 5864">
    <p class='ocr_par' dir='ltr' id='par_1_116' title="bbox 2251 5731 3729 5864">
     <span class='ocr_line' id='line_1_118' title="bbox 2341 5731 3727 5761; baseline 0.014 -29"><span class='ocrx_word' id='word_1_681' title='bbox 2341 5731 2372 5748; x_wconf 81' lang='lat'><strong>,_</strong></span> <span class='ocrx_word' id='word_1_682' title='bbox 2480 5731 2523 5744; x_wconf 62' lang='lat'><strong>,,</strong></span> <span class='ocrx_word' id='word_1_683' title='bbox 2569 5731 2950 5753; x_wconf 48' lang='lat'><strong>-_,,--.,----—.</strong></span> <span class='ocrx_word' id='word_1_684' title='bbox 3017 5731 3100 5742; x_wconf 82' lang='lat'><strong>-.-</strong></span> <span class='ocrx_word' id='word_1_685' title='bbox 3143 5731 3196 5744; x_wconf 67' lang='grc' dir='ltr'>ν.</span> <span class='ocrx_word' id='word_1_686' title='bbox 3251 5731 3312 5761; x_wconf 64' lang='grc' dir='ltr'>ε...</span> <span class='ocrx_word' id='word_1_687' title='bbox 3382 5731 3442 5749; x_wconf 77' lang='grc' dir='ltr'>υ..</span> <span class='ocrx_word' id='word_1_688' title='bbox 3481 5731 3616 5761; x_wconf 62' lang='grc' dir='ltr'>..νυν</span> <span class='ocrx_word' id='word_1_689' title='bbox 3647 5731 3727 5749; x_wconf 65' lang='grc' dir='ltr'>νι-</span> 
     </span>
     <span class='ocr_line' id='line_1_119' title="bbox 2251 5731 3729 5864; baseline 0.018 -38"><span class='ocrx_word' id='word_1_690' title='bbox 2251 5787 2343 5843; x_wconf 82' lang='grc' dir='ltr'><strong>ρον</strong></span> <span class='ocrx_word' id='word_1_691' title='bbox 2366 5773 2422 5828; x_wconf 79' lang='grc' dir='ltr'>δὲ</span> <span class='ocrx_word' id='word_1_692' title='bbox 2450 5775 2753 5849; x_wconf 79' lang='grc' dir='ltr'>στερέωμα.</span> <span class='ocrx_word' id='word_1_693' title='bbox 2778 5780 2888 5835; x_wconf 77' lang='lat' dir='ltr'><strong>Kal</strong></span> <span class='ocrx_word' id='word_1_694' title='bbox 2913 5780 2972 5846; x_wconf 78' lang='grc' dir='ltr'>ἐξ</span> <span class='ocrx_word' id='word_1_695' title='bbox 2999 5731 3170 5856; x_wconf 45' lang='lat' dir='ltr'><strong>«ora;</strong></span> <span class='ocrx_word' id='word_1_696' title='bbox 3189 5731 3366 5844; x_wconf 54' lang='lat' dir='ltr'><strong>TOIVtIIV</strong></span> <span class='ocrx_word' id='word_1_697' title='bbox 3393 5731 3490 5864; x_wconf 66' lang='grc' dir='ltr'><strong>τῆέ</strong></span> <span class='ocrx_word' id='word_1_698' title='bbox 3511 5791 3729 5861; x_wconf 75' lang='grc' dir='ltr'>κλήσεως</span> 
     </span>
    </p>
   </div>
  </div>
