3806 6512
95 376 181 432 9'55
1446 365 1790 425 DIALOGUS
1828 368 1869 423 I.

97 485 412 557 παιδευόμεθα
449 517 463 543 ,
504 484 866 555 στερροτέρας
913 485 1180 558 ὑπάρχειν
1238 488 1450 555 φύσεως
1518 489 1624 542 τῶν

104 584 315 653 ἀοράτων
347 577 404 630 ab
447 574 738 646 ὁρώμενον.
763 579 967 649 Μωσῆς
1002 580 1098 649 μὲν
1134 580 1242 649 γάρ
1272 597 1433 651 φησιν
1460 598 1473 610 .
1522 580 1625 633 Ἔν

96 672 239 743 ἀρχῇ
258 670 528 734 ἐποίησεν
551 671 584 721 δ
610 669 753 734 Θεὸς
794 671 899 723 τὸν
925 672 1201 739 οὐρανόν.
1237 673 1329 727 καὶ
1351 674 1463 740 τὴν
1488 671 1621 743 γῆν.

111 764 346 821 Ἐνταῦθα
365 762 418 813 δὲ
453 760 511 813 τὸ
545 762 768 832 στερρόν
818 764 1108 834 φησι’Κιιὶ
1158 762 1327 819 εἶπεν
1367 769 1399 819 ό
1442 768 1584 832 Θεός
1606 783 1621 799 ’

97 852 384 921 Γενηθήτω
400 852 713 921 στερέωμα.
731 854 839 906 Καὶ
860 855 1085 920 Ἡσαΐας
1106 858 1384 929 παριστῶν
1402 859 1509 911 τῶν
1529 860 1625 930 μὲν

94 948 146 999 τὸ
184 943 363 996 λεπτὸν
396 943 488 994 καὶ
528 943 854 1011 κουφότερον
882 946 977 1014 τῆς
1024 947 1257 1015 φύσεως,
1293 948 1386 1002 τοῦ
1420 949 1478 1001 δὲ
1507 966 1627 1002 στε·

91 1034 374 1103 γανώτερον
404 1031 498 1084 καὶ
538 1034 682 1101 παχὺ
723 1033 816 1086 τοῦ
873 1035 1140 1106 σώματος,
1173 1040 1364 1108 φησίν·
1402 1040 1463 1093 '0
1499 1056 1626 1094 στε-

84 1126 295 1196 ρεὼσας
320 1122 424 1176 τὸν
449 1126 704 1191 οὐρανὸν
739 1126 882 1179 ὡσεὶ
915 1130 1166 1194 καπνὸν,
1197 1131 1297 1185 καὶ
1327 1131 1625 1199 διατείνας

83 1218 253 1273 αὐτὸν
279 1216 357 1280 ὡς
380 1215 636 1281 σκηνήν.
661 1219 791 1287 Περὶ
821 1219 877 1271 δὲ
911 1220 1005 1274 τοῦ
1042 1222 1316 1291 ὁρωμένου
1352 1225 1532 1293 φησίνο
1564 1226 1625 1277 '0

83 1308 264 1376 πήξας
294 1305 399 1358 τὸν
446 1307 704 1374 οὐρανὸν
750 1309 891 1363 ὡσεί
928 1310 1213 1380 καμάραν.
1255 1314 1363 1366 Καὶ
1396 1315 1501 1383 γὰρ
1536 1314 1625 1368 τὸν

80 1402 231 1471 ἄνδρα
275 1399 367 1451 καὶ
419 1399 520 1467 τὴν
565 1402 833 1467 γυναῖκα,
874 1402 1155 1473 ἄνθρωπον
1204 1405 1626 1476 προσαγορεύειν

80 1492 249 1545 εἴωθεν
280 1491 312 1560 ὴ
345 1488 465 1541 θεία
497 1490 535 1540 Γ
542 1492 683 1561 ραφή
704 1509 717 1522 ο
754 1493 846 1545 καὶ
877 1496 1002 1563 μιᾶς
1033 1493 1197 1564 οὔσης
1225 1497 1322 1565 τῆς
1352 1514 1622 1568 προσηγο-

78 1584 207 1655 ρίας,
246 1583 273 1633 ὀ
304 1580 401 1650 μὲν
442 1582 765 1652 καρτερικὸς
787 1584 880 1637 καὶ
909 1584 1207 1655 ἀχθοφόρος
1238 1587 1490 1658 ὑπάρχει,
1519 1592 1547 1643 ὁ
1569 1589 1625 1641 δὲ

74 1673 381 1747 χαυνότερος
402 1672 524 1741 ἦτοι
564 1674 909 1746 κουφότερος,
944 1676 1151 1749 διανοίᾳ
1188 1679 1279 1731 καὶ
1316 1679 1477 1750 λόγῳ.
1506 1681 1626 1734 Τῶν

76 1764 475 1836 ὑπερκειμένων
522 1765 699 1818 τοίνυν
736 1767 833 1837 τὴν
890 1769 1078 1822 οὑσίαν
1134 1770 1375 1833 σιωπῶν,
1429 1773 1503 1835 ὡς
1560 1772 1627 1826 ἂν

68 1853 273 1922 ἐφικτόν
311 1870 436 1922 μοι,
471 1853 565 1906 τοῦ
620 1857 896 1926 ὁρωμένου
942 1859 1041 1928 τὴν
1092 1860 1253 1928 φύσιν
1294 1862 1625 1934 κρύσταλλον

71 1945 319 2015 ὑπάρχειν
349 1944 518 2013 φημὶ,
541 1944 668 2015 θείῳ
700 1948 1079 2019 προστάγματι
1103 1952 1274 2018 παγὲν
1299 1954 1392 2005 καὶ
1422 1955 1625 2025 ῥωννύ-

68 2054 214 2107 μενον
238 2036 428 2107 φέρειν
445 2036 517 2089 τά
542 2038 901 2109 ὑπερκόσμια,
916 2042 1242 2113 κουφότερον
1270 2043 1382 2116 (22)
1410 2046 1503 2099 καὶ
1522 2046 1626 2110 ἔξω

66 2132 151 2200 τῆς
171 2128 447 2200 ἡμετέρας
478 2129 607 2183 ὄντα
637 2132 961 2203 παχύτητος,
996 2137 1339 2206 ἀμφοτέρους
1357 2138 1414 2190 δὲ
1439 2140 1624 2209 άνέχε-

64 2223 173 2275 σθαι
194 2221 298 2275 ὑπὸ
320 2221 425 2291 τῆς
451 2222 632 2276 πάντα
656 2223 1049 2296 διακρατούσης
1073 2226 1167 2280 κα)⁵
1191 2228 1461 2300 φερούσης
1476 2230 1625 2295 θείας

61 2317 349 2385 δυνάμεως.

644 2408 889 2459 ΠΕΥΣΙΣ
926 2406 1041 2465 ΞΖ¹.

120 2496 223 2549 Καὶ
254 2495 373 2559 πῶς
402 2496 632 2550 δύναται
683 2497 1012 2567 κρύσταλλον
1054 2500 1339 2569 βαστάζειν
1382 2505 1475 2556 καὶ
1508 2504 1623 2559 δια-

59 2584 295 2657 χωρίζειν
323 2585 387 2637 τὸ
424 2585 564 2638 πολὺ
600 2586 692 2638 καὶ
735 2586 961 2657 ἄπειρον
993 2590 1166 2643 ἐκεῖνο
1198 2591 1376 2663 ύδωρς

680 2679 1029 2746 Ἀπόκρισις.

114 2767 296 2821 Πίστει
327 2768 701 2838 κρατύνεσθαι
732 2770 798 2822 τὰ
826 2772 1166 2841 Χριστιανῶν
1192 2774 1431 2843 πέφυκεν
1453 2793 1465 2806 ’
1489 2777 1622 2831 ὅπου

52 2862 150 2929 γὰρ
208 2862 341 2924 Θεὸς
380 2862 675 2931 βούλεται,
707 2865 933 2933 ἡττᾶται
978 2866 1009 2935 ἡ
1052 2865 1211 2933 φύσις
1266 2868 1413 2937 παρὰ
1469 2868 1625 2937 φύσιν

46 2953 387 3010 δουλεύουσα.
432 2954 626 3017 Οὕτως
642 2955 703 3008 τὸ
745 2954 886 3025 ὓδωρ
916 2959 995 3019 εἰς
1028 2953 1166 3011 οἶνον
1199 2958 1513 3028 μεθίσταται
1567 2963 1624 3015 ἐν

48 3046 190 3113 Κανᾷ
238 3049 340 3115 τῆς
380 3046 681 3111 Γαλιλαίας
718 3064 731 3077 ο
763 3047 903 3101 οὑτω
950 3051 1006 3103 ὲν
1058 3051 1317 3121 Αἰγύπτῳ
1360 3053 1388 3104 ὁ
1434 3052 1625 3117 Νεῖλος

46 3137 365 3203 φοινίττεται
390 3156 403 3167 ·
439 3136 591 3191 οὕτω
612 3140 758 3208 παρὰ
778 3139 938 3207 φύσιν
967 3140 1344 3213 διαχερσοῦται
1372 3142 1432 3195 τὸ
1471 3143 1624 3213 Ἐρυ-

40 3227 219 3297 θραίον
245 3228 525 3295 πέλαγος,
545 3232 767 3299 τειχέων
793 3232 949 3300 δίκην
976 3232 1082 3285 τῶν
1102 3232 1383 3303 ἡμιτόμων
1421 3251 1626 3304 πηγνυ-

43 3320 213 3390 μένων
237 3320 335 3373 τοῦ
368 3321 604 3387 ὓδατος,
652 3324 745 3375 καὶ
787 3325 843 3375 ἐν
886 3324 1033 3395 ξηρῷ
1076 3326 1306 3396 πυθμένι
1348 3327 1565 3399 ἀϐρόχῳ
1600 3332 1628 3383 ὁ

38 3410 155 3473 λαὸς
181 3413 490 3468 διαϐαίνει.
531 3414 713 3468 Ἔστω
744 3416 801 3469 δέ
846 3434 927 3469 σοι
954 3418 1051 3488 τῆς
1078 3419 1332 3483 ἀπιστίας
1358 3438 1627 3491 σωφρονιο

39 3503 165 3573 σμὸς
197 3506 225 3556 ὁ
271 3506 593 3576 θεοστυγὴς
624 3507 820 3579 Φαραὼ
848 3510 1223 3580 ποντούμενος.
1261 3512 1317 3565 Ὀ
1345 3513 1453 3584 γάρ
1480 3516 1625 3567 έκεῖ-

35 3615 115 3650 νον
144 3601 203 3651 ἐν
242 3603 310 3670 τῇ
357 3601 512 3672 αὑτῇ
559 3601 803 3654 διαϐάσει
845 3602 1173 3672 ὑποϐρύχιον
1206 3606 1487 3675 συγχώσας
1516 3610 1626 3672 τοῖς

35 3690 256 3761 κύμασι,
294 3693 479 3745 πάλαι
528 3693 622 3762 μὲν
666 3693 757 3746 τὸν
785 3694 1009 3764 οὐρανὸν
1043 3689 1130 3747 οἷα
1166 3695 1347 3767 δέρῤιν
1376 3698 1497 3751 τινὰ
1541 3698 1626 3765 ἐξ-

36 3781 231 3845 ετίναξε
254 3824 267 3846 ,
301 3786 374 3852 τῇ
428 3784 538 3853 μὲν
570 3781 749 3852 χέρσῳ
780 3782 1159 3850 ὲπικυρτώσας
1206 3785 1395 3847 αὑτὸν,
1432 3788 1523 3839 ἐπὶ
1569 3787 1625 3840 δὲ

35 3874 119 3943 τῆς
152 3875 409 3927 ἀϐύσσου
469 3874 815 3943 θεμελιώσας
858 3877 969 3938 τοῖς
1002 3874 1243 3945 κύμασι,
1277 3877 1455 3942 καθὼς
1498 3897 1623 3933 παι-

35 3965 163 4017 Ξεύει
198 3969 228 4019 ό
250 3966 370 4019 τῶν
406 3965 580 4019 Θείων
617 3964 849 4035 μελῳδὸς
870 3964 1011 4036 ᾅδων
1044 3982 1058 3996 ο
1102 3968 1163 4019 '0
1208 3968 1487 4021 ἐκτείνων
1518 3972 1624 4023 τὸν

36 4060 286 4126 ςίνρανόν
337 4060 503 4112 ὡσεὶ
560 4057 778 4125 δέρῤιν,
804 4061 837 4111 ό
888 4056 1184 4127 στενάζων
1224 4059 1293 4111 ἐν
1339 4059 1516 4113 ὕδασι
1552 4062 1623 4115 τὰ

36 4148 258 4216 ὅπερ(ρα
311 4148 547 4204 αὐτοῦ.
586 4142 759 4201 Ἦκεν
806 4150 936 4219 ἡμῖν
960 4188 975 4213 ,
1012 4150 1210 4221 φησὶν,
1260 4150 1343 4203 ἐπ’
1382 4152 1623 4221 ἐσχάτων

35 4242 243 4312 ξμερῶν
294 4240 713 4313 σαρκοφορῶν,
746 4243 838 4294 καὶ
885 4240 983 4311 τὴν
1021 4242 1191 4312 ὑγρὰν
1248 4242 1343 4296 καὶ
1392 4244 1621 4299 ἄστατον

35 4334 292 4388 ιάλατταν
326 4335 603 4405 ἁνίκμοις
636 4334 789 4387 ποσὶν
817 4334 1290 4405 ἐπιπορευόμενος.

635 4424 881 4477 ΠΕΥΣΙΣ
913 4423 1038 4479 EII'.

78 4518 195 4570 Καὶ
222 4516 519 4587 ἀνωτέρω
552 4515 651 4587 ἤδη
697 4514 997 4585 ὲδεήθημέν
1034 4532 1126 4567 σου
1157 4517 1229 4587 μὴ
1258 4515 1333 4580 ὠς
1360 4516 1619 4579 ἀπίστους

35 4610 158 4677 ιμᾶς
200 4611 370 4678 σχεῖν
433 4606 785 4677 ἐρωτῶντας,
829 4605 961 4658 ἀλλὰ
1010 4610 1126 4670 ταῖς
1154 4608 1373 4661 ἐκείνων
1422 4610 1623 4677 φωναῖς

40 4698 343 4769 ρωμένους
387 4695 559 4750 παρὰ
600 4695 693 4747 σοῦ
734 4690 1150 4765 οἰκοδομεῖσθαι,

668 4872 1029 4938 Ἀπόκρισις.

74 4968 191 5019 Καὶ
226 4965 397 5037 μάλα
442 4962 675 5023 εἰκότως
696 4961 830 5026 ἀξιῶ
862 4961 958 5031 τὴν
990 4962 1259 5033 ὑμετέραν
1300 4962 1623 5031 άξιάγαστον

36 5064 322 5134 γχίνοιαν,
367 5059 511 5131 μηδ’
553 5058 687 5121 ὅλως
739 5055 1054 5117 ὲπισκάζειν
1083 5056 1114 5126 ἢ
1150 5056 1406 5125 χωλεύειν
1431 5060 1498 5128 τῇ
1530 5058 1625 5128 βά-

35 5173 79 5207 ει
120 5157 232 5225 τῆς
268 5152 547 5213 διανοίας
579 5150 670 5203 ἐπὶ
701 5149 801 5219 τῆς
828 5150 1102 5221 ἁτρεκίας.
1127 5150 1314 5221 Δῶμεν
1351 5153 1405 5206 δὲ
1444 5154 1625 5207 εἰκόνα

36 5246 71 5319 ξ)
99 5248 281 5317 λόγῳ,
299 5246 387 5308 ὡς
417 5243 706 5313 ὑπερφυὲς
720 5242 819 5311 τῆς
834 5242 935 5312 γῆς
949 5243 1008 5295 τὸ
1026 5242 1169 5313 ὕδωρ
1196 5244 1387 5296 ἑκατὸν
1409 5246 1621 5315 πήχεις·

35 5344 175 5412 ἧσαι
202 5343 266 5395 δὲ
298 5341 407 5394 τὸν
440 5338 599 5391 Θεόν·
628 5336 941 5403 Γενηθήτω
966 5336 1269 5403 στερέωμα
1287 5337 1402 5391 ἀνὰ
1430 5336 1625 5406 μέσον

36 5434 100 5487 νῦ
171 5432 435 5493 ὕδατος
464 5469 481 5491 ,
518 5428 613 5481 καὶ
666 5427 821 5479 ἔστω
863 5423 1203 5494 διαχωρίζον
1248 5426 1363 5480 ἀνὰ
1427 5426 1623 5496 μέσον

35 5524 228 5589 δατος
268 5521 384 5575 καὶ
445 5517 696 5583 ὕδατος·
725 5517 962 5587 παγῆναι
994 5518 1049 5570 δὲ
1091 5513 1244 5579 αὖθις
1273 5517 1619 5587 κρύσταλλον,

35 5618 84 5669 ιὶ
140 5615 389 5685 ἀνέχειν
448 5609 520 5662 τὸ
572 5612 740 5680 ἥμισυ
785 5610 892 5663 τῶν
946 5610 1189 5662 ὑδάτωνο
1234 5603 1345 5661 οἷον
1398 5610 1489 5661 ἐπὶ
1525 5611 1622 5681 τῆς

3184 366 3285 421 934

1732 486 1959 550 scimus,
2007 486 2059 540 .d
2099 486 2243 556 quod
2289 485 2534 540 cernitur
2583 484 2859 540 solidioris
2889 498 3015 539 esse
3053 492 3321 546 naturae.’

1725 595 1883 648 quam
1925 580 2036 633 sint
2069 578 2499 648 inaspectabilia.
2552 578 2727 633 Moses
2776 577 3044 647 siquidem
3086 578 3289 648 inquit,

1727 669 1792 724 In
1820 672 2072 739 principio
2102 671 2223 739 fecit
2259 669 2399 723 Deus
2422 669 2606 721 caelum
2636 680 2683 723 et
2717 680 2911 723 terram
2943 671 3005 724 “.
3038 668 3136 723 IIic
3159 685 3292 724 vero

1728 762 1942 816 ﬁrmum
1974 762 2106 816 illud
2145 769 2429 824 memorat,
2467 759 2533 813 Et
2566 762 2703 814 dixit
2734 761 2868 815 Deus
2897 778 2916 816 :
2940 762 3065 816 Fiat
3097 764 3286 832 ﬁrma-

1726 864 1956 907 mentum
1989 856 2051 907 ".
2095 852 2161 907 Et
2198 853 2365 908 Isaias
2408 868 2664 907 asserens
2704 853 2918 907 illorum
2946 855 3165 925 quidem
3202 865 3286 909 te-

1725 945 1985 999 nuitatem
2019 957 2072 1000 et
2103 946 2375 999 levitatem
2417 952 2647 1006 natnrze,
2678 943 2842 1011 hujus
2882 960 3008 999 vero
3044 946 3288 1000 solidita-

1726 1042 1832 1087 tem
1864 1042 1917 1087 et
1946 1034 2365 1088 crassitudinem
2407 1034 2677 1103 corporis.
2713 1033 2890 1103 inquit
2918 1051 2931 1087 :
2970 1033 3074 1098 Qui
3105 1037 3289 1102 ﬁrma-

1725 1127 1796 1179 vit
1826 1126 2013 1178 ca’lum
2041 1126 2199 1179 veluti
2225 1124 2519 1193 fumumget
2551 1124 2778 1178 extendit
2818 1126 2987 1191 ipsum
3017 1126 3173 1179 ueluti
3204 1136 3288 1179 ta—

1727 1216 2065 1270 bernaculum
2100 1217 2165 1270 ".
2213 1216 2285 1271 De
2314 1232 2380 1271 eo
2406 1231 2534 1270 vero
2558 1216 2699 1286 quod
2747 1216 3011 1279 cernitur,
3065 1216 3242 1286 inquit
3272 1234 3286 1270 :

1728 1305 1833 1371 Qut
1874 1306 1993 1371 ﬁxit
2036 1305 2219 1359 calum
2251 1306 2409 1360 veluti
2451 1323 2711 1360 cameram
2738 1307 2799 1360 ".
2833 1304 3007 1359 Etiam
3034 1307 3208 1360 virum
3237 1316 3292 1360 ct

1728 1398 2029 1461 mulierem,
2066 1398 2340 1453 hominem
2366 1399 2641 1467 appellare
2682 1398 2965 1452 consuevit
3011 1396 3291 1466 Scriptura

1728 1503 1920 1553 sacra;
1951 1503 2186 1559 cumque
2212 1490 2279 1544 sit
2308 1490 2495 1545 eadem
2522 1490 2828 1560 appellatio,
2855 1499 3033 1544 tamen
3061 1491 3150 1545 ille
3171 1491 3293 1560 qui-

1728 1580 1849 1633 dem
1894 1581 2156 1637 rohustns
2185 1590 2239 1637 et
2268 1583 2332 1637 ad
2375 1583 2622 1651 graviora
2665 1584 2883 1637 ferenda
2914 1583 3128 1639 validus
3172 1594 3290 1647 est;

1727 1672 1841 1726 haec
1868 1688 1998 1728 vero
2027 1673 2241 1727 mollior
2270 1680 2325 1727 et
2351 1674 2539 1736 levior,
2576 1683 2683 1728 tam
2714 1674 3090 1743 intelligentia.
3127 1690 3290 1743 quam

1727 1762 1993 1817 oratione.
2044 1762 2398 1831 Superiorum
2448 1763 2616 1833 igitur
2661 1764 3017 1818 substantiam
3071 1764 3291 1818 silentio

1729 1854 2064 1923 pmteriens,
2116 1864 2378 1923 quantum
2429 1855 2645 1925 assequi
2692 1870 2937 1924 possum,
2975 1856 3095 1923 ejus
3139 1855 3287 1925 quod

1725 1941 1969 1995 cernitur
2001 1950 2251 1994 naturam
2283 1943 2654 2012 crystallinam
2696 1944 2914 2013 inquam
2955 1960 3076 2000 esse
3101 1946 3287 2000 divino

1726 2042 1994 2101 praecepto
2027 2033 2187 2087 lixam
2221 2042 2274 2089 et
2308 2035 2640 2101 roboratam,
2678 2044 2737 2090 ut
2781 2038 2993 2091 facilius
3026 2036 3163 2092 ierat
3205 2038 3290 2091 ul-

1726 2125 2107 2190 tramundana,
2153 2128 2404 2197 idemque
2437 2136 2639 2183 nostra:
2676 2129 3059 2186 crassitudinis
3096 2128 3292 2200 expers

1724 2230 1867 2271 esse.
1900 2216 2175 2287 Utrosque
2201 2234 2332 2273 vero
2361 2220 2533 2274 caelos
2561 2220 2820 2275 sustineri
2854 2220 2922 2274 ab
2949 2236 3012 2275 ea
3041 2236 3162 2291 qua:
3184 2238 3295 2277 om.

1725 2306 1815 2359 nia
1840 2307 2012 2362 vincit
2041 2318 2094 2364 et
2127 2312 2384 2375 sustinet,
2421 2313 2605 2367 divina
2640 2313 2861 2369 virtute.

2131 2401 2645 2459 INTERIIOGATIO
2683 2404 2887 2461 LXVII.

1795 2492 1864 2545 At
1903 2492 2179 2561 quomodo
2227 2503 2404 2563 potest
2437 2496 2753 2565 crystallum
2799 2505 3018 2566 portare
3047 2504 3101 2551 et
3131 2510 3292 2565 sepa-

1724 2597 1849 2637 rare
1883 2584 2105 2637 multam
2139 2591 2193 2639 et
2224 2584 2491 2639 inﬁnitam
2532 2586 2676 2640 illam
2709 2589 2943 2657 aquam?

2358 2676 2658 2745 Responsio.

1795 2765 1897 2821 Per
1955 2766 2109 2821 Iidem
2169 2769 2498 2837 apprehendi
2545 2770 2795 2838 dogmata
2857 2769 3295 2826 Christianorum

1727 2860 1924 2913 solent.
1959 2859 2093 2914 Nam
2124 2860 2215 2914 ubi
2246 2861 2363 2914 vult
2393 2859 2555 2921 Deus.
2607 2860 2897 2929 subjicitur
2926 2870 3117 2915 natura
3158 2879 3295 2931 prae-

1725 2958 1809 3029 ter
1831 2960 2079 3006 naturam
2110 2952 2373 3007 serviens.
2405 2951 2496 3007 Sic
2534 2969 2677 3023 aqua
2713 2956 2766 3007 in
2799 2955 2980 3007 vinum
3018 2959 3293 3010 converti-

1728 3056 1815 3100 tur
1841 3047 1896 3101 in
1926 3046 2075 3102 Cana
2101 3047 2371 3113 Galilmaz;
2418 3049 2498 3103 sic
2532 3050 2586 3103 in
2629 3047 2863 3119 Egypto
2888 3050 3110 3104 rubrum
3140 3051 3293 3105 culo-

1730 3153 1843 3193 rem
1890 3138 2088 3209 accipit
2127 3138 2318 3205 Nilus;
2349 3141 2430 3195 sic
2465 3148 2662 3210 praeter
2695 3150 2948 3195 naturam
2982 3142 3155 3198 instar
3184 3154 3292 3198 tero

1727 3245 1804 3284 rae
1846 3231 2171 3300 permeabile
2199 3231 2257 3285 ﬁt
2298 3246 2448 3287 mare
2481 3230 2752 3295 Rubrum,
2783 3231 2957 3286 instar
3006 3248 3289 3287 murorum

1727 3330 2001 3377 sectoan
2034 3323 2381 3377 constabilita
2409 3339 2572 3393 aqua,
2604 3334 2656 3377 et
2693 3324 2746 3376 in
2793 3324 2948 3378 arido
2983 3323 3150 3379 fundo
3179 3341 3289 3380 non

1727 3412 1977 3469 madente
2008 3415 2305 3483 pertransit
2344 3415 2600 3485 populus.
2634 3412 2718 3468 Sit
2747 3430 2875 3469 vero
2914 3416 3011 3469 tibi
3038 3417 3291 3475 incredu-

1728 3505 1898 3560 litatis
1927 3505 2218 3576 castigatio
2245 3521 2447 3561 exosus
2475 3504 2583 3559 Deo
2613 3504 2846 3565 Pharao.
2880 3507 3036 3576 aquis
3065 3508 3292 3565 marinis

1726 3595 2053 3660 immersus;
2085 3611 2207 3650 nam
2236 3597 2327 3665 qui
2355 3597 2504 3650 illum
2546 3596 2599 3649 in
2646 3596 2834 3650 eodem
2876 3598 3108 3651 transitu
3156 3599 3289 3652 sub-

1724 3703 1963 3742 mersum
2008 3689 2191 3744 obruit
2220 3689 2503 3754 ﬂuctibus,
2557 3689 2702 3743 idem
2748 3690 2876 3743 olim
2913 3692 3059 3745 velut
3095 3694 3286 3761 pellem

1722 3767 1962 3848 aliquam
1987 3780 2186 3833 caelum
2208 3780 2473 3843 extendit,
2505 3794 2669 3849 supra
2695 3788 2893 3834 terram
2918 3782 3136 3851 quidem
3158 3798 3292 3837 con-

1722 3884 1917 3924 vexum
1945 3870 2121 3939 ipsum
2168 3872 2419 3935 elevans;
2460 3887 2623 3940 super
2654 3870 2910 3942 abyssum
2948 3881 3126 3927 autem
3165 3873 3290 3927 Iun—

1722 3960 1882 4022 dans,
1912 3958 2369 4028 quemadmodum
2413 3961 2574 4016 docet
2621 3961 2929 4015 divinorum
2981 3963 3285 4018 carminum
3350 3966 3354 3970 ’

1722 4059 1949 4106 auctor:
1981 4049 2278 4105 Extendens
2305 4053 2490 4106 caelum
2520 4054 2654 4106 velut
2686 4053 2891 4120 pellem,
2939 4063 3107 4123 legens
3137 4072 3288 4125 aquis

1721 4145 1991 4213 superiora
2029 4146 2141 4207 eius
2176 4146 2241 4197 ²⁰.
2293 4146 2463 4215 Atque
2494 4146 2582 4199 hic
2605 4146 2750 4200 venit
2795 4146 2861 4200 ad
2912 4162 3033 4211 nos,
3084 4148 3285 4217 inquit,

1719 4238 2055 4307 temporibus
2082 4238 2340 4292 extremis
2370 4252 2588 4291 carnem
2635 4247 2878 4307 gestans,
2909 4246 2962 4293 et
2995 4239 3281 4295 humidum

1720 4328 2084 4398 instabileque
2115 4343 2265 4382 mare
2290 4328 2455 4383 siccis
2485 4328 2717 4397 pedibus
2747 4330 3045 4385 transiens.

2106 4417 2622 4474 INTERROGATIO
2661 4418 2889 4475 LXVIII.

1802 4511 1964 4582 Atqui
1994 4511 2107 4579 jam
2152 4520 2277 4565 ante
2308 4513 2363 4565 in
2398 4513 2829 4582 praecedentibus
2860 4514 3167 4585 rogavimus
3212 4522 3285 4578 te,

1728 4604 1819 4674 qui
1875 4620 1976 4658 nos
2010 4604 2232 4668 toleres,
2263 4604 2391 4657 dum
2421 4605 2845 4676 interrogamus,
2881 4620 2986 4659 non
3025 4614 3081 4659 ut
3113 4606 3287 4661 incre—

1726 4697 1859 4758 duli,
1895 4694 1988 4749 sed
2012 4696 2165 4763 quasi
2199 4696 2290 4763 qui
2318 4695 2545 4750 aliorum
2573 4697 2796 4752 vocibus
2828 4705 3060 4760 utentes,
3094 4713 3190 4767 per
3231 4705 3285 4752 te

1726 4787 1955 4842 velimus
1987 4787 2265 4841 aediﬁcari.

2282 4940 2283 4943 η
2354 4878 2633 4949 Responsio

1798 4968 1910 5040 Ego
1946 4985 2074 5025 vero
2102 4986 2210 5025 non
2242 4971 2340 5025 abs
2371 4986 2429 5025 re
2460 4982 2695 5026 vestram
2726 4973 2978 5027 eximiam
3008 4972 3285 5027 subtilita-

1725 5070 1832 5116 tem
1857 5078 1973 5126 oro,
1999 5079 2065 5118 ne
2088 5063 2404 5117 claudicetis
2428 5079 2620 5133 gressu
2651 5066 2851 5121 mentis
2878 5066 2931 5118 in
2960 5081 3287 5137 cognoscen-

1724 5154 1791 5207 da
1824 5156 2073 5209 veritate.
2125 5154 2386 5233 Dabimus
2419 5163 2597 5208 autem
2641 5156 2787 5210 verbi
2817 5158 2988 5225 gratia
3029 5158 3283 5212 similitu-

1724 5245 1927 5309 dinem,
1957 5249 2112 5316 qnasi
2150 5255 2364 5301 centum
2400 5247 2596 5302 cubitis
2631 5256 2831 5302 terram
2862 5250 3087 5305 excedat
3118 5267 3280 5322 aqua.

1724 5338 1860 5393 Cum
1896 5348 2074 5394 autem
2124 5340 2350 5393 dixisset
2398 5337 2540 5394 Deus
2577 5359 2590 5393 :
2634 5340 2762 5393 Fiat
2807 5343 3193 5410 ﬁrmamentum
3228 5346 3281 5398 in

1728 5430 1895 5483 medio
1946 5447 2117 5501 aqua),
2158 5442 2205 5484 et
2234 5429 2433 5483 dividat
2486 5431 2620 5484 inter
2666 5450 2854 5503 aquam
2899 5445 2947 5487 et
2978 5452 3166 5504 aquam
3211 5437 3278 5501 ",

1728 5522 2135 5575 constabilitum
2167 5538 2359 5576 rursus
2384 5521 2552 5575 fuisse
2584 5527 2920 5595 crystallum.
2947 5528 3090 5596 quod
3121 5526 3283 5581 dimi-

1729 5612 1874 5665 dium
1920 5628 2181 5683 aquarum
2230 5619 2515 5681 sustineat,
2555 5620 3009 5687 quemadmodum
3044 5622 3096 5675 in
3140 5622 3282 5675 vitro

59 5732 105 5761 ¹⁶
149 5730 312 5783 Gen.
362 5744 409 5790 ι,
454 5726 513 5777 1.
590 5727 630 5756 ¹⁷
672 5726 802 5779 ibid.
833 5726 885 5780 6.
963 5726 1004 5755 ¹⁸
1045 5724 1147 5779 Isa.
1178 5741 1264 5789 XL,
1295 5724 1387 5781 22.
1465 5726 1505 5757 ¹⁹
1547 5727 1618 5782 ibi

1754 5732 1797 5762 ²⁰
1836 5728 1980 5786 Psal.
2011 5745 2123 5798 cm,
2154 5732 2208 5788 2.
2284 5736 2326 5765 ’ί
2369 5733 2501 5790 Gen.
2536 5752 2573 5801 ι,
2610 5736 2660 5789 6.

58 5844 190 5919 (22)
237 5841 682 5912 Ιιόυφότερον.
713 5841 872 5898 Forte
902 5842 1220 5914 κουφότερα.
1246 5841 1399 5896 Eutr.
