3818 6578
520 389 630 445 955

521 508 711 563 videre
738 513 933 569 est,:ex
965 520 1074 576 quo
1100 505 1244 561 alius
1272 506 1346 561 sil.
1374 516 1659 576 separatus
1692 509 1833 563 calix
1864 507 1958 579 qui
1982 505 2097 560 dis-

523 608 716 657 cernat
767 598 1062 669 dupliciter
1090 598 1236 669 quod
1281 598 1522 654 infusum
1565 608 1669 656 est.
1698 600 1870 671 Major
1912 610 2095 661 autem

520 692 671 745 Ollllll
705 691 939 747 humana
962 690 1297 761 cogitatione
1332 698 1415 745 est
1442 689 1849 746 absolutissime
1880 693 2097 763 sapiens

523 782 802 853 operatrix
834 781 926 836 illa
960 780 1182 837 visDei.
1215 782 1601 839 Animadverte
1632 799 1760 838 vero
1790 785 2097 841 evidentius

520 874 832 941 exemplum
860 872 1324 937 de‘ﬁrmamento,
1355 889 1462 927 non
1491 884 1608 928 arte
1636 875 1970 939 mortalium,
2002 878 2098 932 sed

521 966 709 1021 divino
734 965 968 1021 consilio
997 967 1387 1031 constitutum,
1420 974 1476 1022 et
1503 968 1660 1036 quasi
1691 968 2101 1039 doctrinaegra-

522 1062 595 1113 tia
632 1060 788 1114 nobis
818 1059 1189 1129 propositum,
1221 1076 1389 1113 unum
1425 1075 1488 1113 ex
1519 1068 1754 1129 quatuor
1784 1059 2099 1117 ﬂuminibus

521 1152 591 1206 de
628 1153 868 1221 paradisi
899 1150 1400 1214 fonteﬂuentibus,
1426 1152 1575 1221 quod
1601 1151 1802 1207 Phison
1834 1168 1862 1206 a
1890 1154 2098 1208 doctri-

522 1258 593 1296 na
623 1251 831 1306 nostra,
866 1243 1007 1311 apud
1044 1240 1264 1297 Graecos
1297 1257 1426 1295 vero
1458 1242 1613 1305 Ister,
1644 1242 1785 1313 apud
1824 1243 2099 1299 Romanos

525 1336 841 1400 Danubius,
873 1346 928 1391 et
960 1337 1102 1405 apud
1143 1335 1353 1389 Gothos
1396 1334 1638 1391 Dunabis
1666 1338 2005 1407 appellatur;
2051 1341 2097 1394 si

522 1428 700 1481 hieme
746 1425 999 1495 congelet
1046 1434 1102 1479 et
1153 1424 1207 1478 in
1259 1425 1527 1494 lapideam
1570 1427 1821 1481 duritiem
1860 1439 2101 1484 mutetur

522 1519 705 1573 mollis
736 1518 831 1572 illa
864 1516 1108 1573 ﬂuminis
1134 1526 1355 1578 natura,
1390 1528 1447 1571 ut
1471 1516 1611 1573 ferre
1638 1519 1812 1588 possit
1840 1518 2097 1575 inceden-

520 1620 606 1667 tes
636 1613 707 1665 in
747 1626 814 1666 eo
844 1619 1112 1673 armatos,
1143 1621 1198 1664 et
1238 1612 1306 1665 ad
1353 1608 1748 1677 Romanorum,
1792 1613 2097 1684 Illyriorum

523 1706 908 1775 Thracumque
932 1703 1069 1760 ﬁnes
1098 1704 1511 1759 transeuntium
1550 1705 1983 1762 multitudinem.
2019 1706 2097 1761 Ita

520 1818 654 1857 sane
682 1801 848 1854 etiam
887 1798 1022 1852 illud
1070 1798 1248 1867 ipsum
1286 1813 1353 1851 ex
1389 1812 1532 1867 aqua
1566 1800 1872 1854 ‘stabilitum
1917 1799 2098 1854 ﬁrma-

522 1898 787 1947 mentum.
823 1886 1028 1943 Subtus
1051 1888 1270 1957 quidem
1300 1888 1528 1942 alluitur
1557 1889 1964 1945 subterlabente
1991 1890 2097 1945 ﬂu—

519 1984 689 2043 mine,
737 1980 1033 2049 sedsupra
1067 1991 1126 2032 se
1168 1976 1273 2031 fert
1316 1993 1518 2047 equum
1566 1987 1619 2033 et
1660 1988 1955 2047 vectorem,
1996 1981 2097 2034 ali-

519 2074 741 2144 quoties
770 2072 852 2140 (ut
882 2068 1146 2129 cernitur)
1178 2082 1405 2121 numero
1431 2066 1612 2121 decies
1638 2066 1804 2122 mille.
1828 2065 1913 2120 Fit.
1933 2069 2097 2122 etiam

519 2161 839 2234 aliquando,
895 2170 951 2213 ut
998 2159 1292 2228 asperitate
1346 2158 1539 2213 hiemis
1600 2157 1987 2221 invalescente,
2045 2166 2099 2212 et

522 2261 906 2327 perseverante
941 2251 1164 2321 frigore,
1193 2249 1487 2304 vehemens
1518 2264 1708 2319 aquae
1735 2250 1972 2305 nubibus
2006 2249 2100 2304 de-

523 2351 694 2419 pluat.
724 2355 778 2400 et
807 2361 902 2416 per
932 2344 1101 2398 valles
1131 2351 1224 2396 aut
1266 2342 1534 2396 montium
1566 2345 1821 2411 vertices,
1857 2351 1952 2398 aut
1984 2342 2100 2398 col-

522 2444 602 2497 les
652 2452 899 2498 manans,
959 2436 1026 2491 ad
1083 2434 1324 2488 ﬂuminis
1383 2434 1781 2489 ﬁrmamentum
1836 2434 2095 2489 feratur:

520 2531 669 2604 quod
697 2530 1022 2600 diremptum
1068 2536 1320 2597 respectu
1359 2526 1478 2596 ejus
1508 2527 1653 2596 quod
1692 2541 1927 2597 superne
1958 2527 2099 2593 fluit,

522 2623 678 2694 quasi
710 2623 1009 2690 intercepto
1038 2635 1102 2673 ex
1134 2620 1292 2689 aquis
1324 2618 1682 2679 ﬁrmamento,
1712 2620 1918 2689 absque
1950 2634 2101 2672 com-

521 2716 782 2772 mistione
805 2712 1237 2782 confusioneqne
1269 2718 1455 2765 manet
1479 2725 1601 2764 cum
1628 2726 1694 2765 eo
1724 2713 1865 2781 quod
1894 2712 2098 2767 suhest.

521 2805 843 2862 Consimilia
893 2819 991 2875 per
1035 2805 1214 2858 nivem
1271 2802 1555 2865 discimus,
1601 2818 1720 2873 qua:
1767 2802 2034 2872 excipitur
2071 2818 2101 2855 a

518 2897 865 2952 ﬁrmamento
894 2894 963 2949 de
991 2908 1101 2964 quo
1130 2892 1386 2957 dicimus,
1424 2892 1497 2946 ita
1534 2901 1593 2946 nt
1625 2893 1696 2948 sit
1728 2892 1903 2962 ipsum
1935 2895 2101 2948 inter-

520 2987 760 3043 medium
784 2994 998 3057 septum
1026 2986 1425 3057 crystallinum,
1459 2999 1719 3054 separatis
1741 2985 1882 3041 inter
1905 2999 2100 3055 aquam

520 3087 577 3135 et
610 3094 829 3150 aquam,
864 3079 1039 3134 instar
1069 3078 1311 3133 caelestis
1346 3077 1667 3131 firmamenti
1697 3078 1765 3131 ab
1793 3076 2022 3132 infernis
2050 3087 2103 3133 et

496 3173 879 3230 terrestribus
911 3186 1146 3242 superna
1191 3178 1245 3225 et
1278 3169 2100 3229 ultramundanavdiscernentis.

458 3300 463 3305 -
523 3268 659 3324 Dico
710 3276 894 3323 autem
954 3264 1183 3319 inﬁnitis
1238 3264 1414 3317 modis
1454 3262 1675 3323 fortius,
1715 3276 1877 3331 quam
1926 3261 2103 3316 hiems

522 3363 720 3434 possit,
754 3359 998 3414 divinum
1032 3356 1164 3412 illud
1197 3359 1512 3411 mandatum
1555 3354 1882 3409 stabilivisse
1926 3353 2102 3424 impo-

522 3456 691 3510 situm
724 3451 889 3521 capiti
922 3460 1111 3504 nostro
1148 3448 1569 3503 ﬁrmamentum.

944 3633 1462 3691 INTERROGATIO
1502 3632 1688 3689 LXIX.

595 3731 704 3787 Sed
735 3745 907 3801 quare
954 3738 1084 3784 sunt
1129 3743 1285 3798 aqua:
1316 3727 1604 3798 superum?
1646 3733 1705 3781 ut
1735 3725 1931 3797 aliquis
1961 3726 2099 3781 hau-

522 3825 653 3886 riat,
689 3830 783 3877 aut
810 3823 979 3885 bibat,
1011 3830 1106 3875 aut
1140 3821 1376 3890 naviget,
1410 3830 1501 3874 aut
1530 3828 1715 3890 potum
1749 3818 1983 3889 praebeat
2024 3820 2102 3873 al-

524 3920 651 3983 teri,
682 3924 776 3972 aut
803 3931 1093 3989 quemnam
1124 3922 1346 3986 propter
1375 3912 1540 3983 alium
1570 3912 1734 3966 talem
1765 3911 1965 3966 usum?

1160 4004 1467 4074 Responsio.

595 4101 736 4168 Quia
759 4099 1074 4171 crystallum
1104 4113 1228 4153 esse
1257 4098 1366 4151 dixi
1399 4096 1822 4159 ﬁrmamentum,
1857 4103 2105 4167 receptu-

498 4226 499 4231 η
526 4210 649 4250 rum
680 4201 796 4247 erat
817 4192 1189 4261 suhjectorum
1227 4190 1579 4253 luminariuut
1612 4190 1983 4261 splendorem,
2016 4205 2104 4244 so-

526 4288 632 4342 lem
651 4288 870 4356 inquam
892 4293 946 4338 et
970 4286 1176 4347 lunam,
1206 4292 1259 4338 et
1286 4284 1550 4353 reliquum
1575 4293 1849 4337 astrorum
1876 4291 2100 4346 cretum,

526 4395 595 4434 ex
642 4378 763 4448 igne
800 4384 1049 4430 naturam
1091 4376 1399 4429 habentem.
1441 4373 1520 4429 Ne
1558 4375 1721 4445 igitur
1753 4376 1969 4430 illorum
2012 4390 2104 4428 ar-

528 4470 661 4524 dore
691 4467 1206 4535 resolvereturquod
1235 4465 1398 4518 ﬁxum
1430 4474 1534 4528 est,
1558 4480 1655 4535 per
1684 4464 1737 4519 id
1766 4467 1835 4520 ab
1865 4467 1956 4519 illo
1986 4466 2103 4521 dis-

529 4558 708 4612 crevit
739 4555 1009 4610 inﬁnitam
1057 4555 1204 4609 illam
1237 4569 1454 4625 aquam,
1483 4556 1647 4610 veluti
1676 4557 1905 4626 positam
1938 4572 2104 4626 super

529 4650 788 4705 humeros
815 4649 936 4716 ejus
966 4646 1034 4700 ad
1066 4645 1489 4717 refrigerandum
1522 4646 2021 4708 inﬂammationem.
2050 4656 2104 4702 et

529 4745 596 4798 ad
632 4741 974 4811 levigandam
1009 4741 1367 4803 rotationem,
1403 4740 1572 4794 utilla
1608 4741 1929 4795 humiditate
1962 4758 2109 4798 cras-

529 4839 645 4893 sius
684 4836 954 4892 redtlitum
983 4835 1241 4889 resistere
1275 4834 1446 4903 possit
1476 4834 1582 4904 igni
1624 4835 1997 4892 luminarium.

953 4926 1475 4983 ιΝΤΕιιιιοϐΑτιυ
1513 4926 1677 4984 LXX.

599 5020 886 5089 Quomodo
901 5035 1034 5075 vero
1059 5019 1173 5075 ﬁeri
1198 5027 1453 5090 potestut
1483 5019 1682 5089 glacies
1724 5019 1943 5076 resistat
1970 5020 2102 5091 igni,

529 5131 651 5188 qua:
674 5114 826 5169 nullo
865 5114 1026 5168 modo
1058 5112 1165 5168 fert
1203 5113 1345 5183 ignis
1406 5112 1897 5182 propinquitatem,
1931 5129 2106 5184 neque

532 5222 730 5261 manus
764 5206 1279 5269 contrectationem,
1326 5218 1504 5275 neque
1530 5218 1719 5257 auram
1763 5205 2104 5271 calidiorem,

530 5316 708 5370 neque
735 5307 793 5353 ut
816 5308 968 5354 veste
994 5308 1207 5369 tegatur
1236 5298 1259 5351 ?

1164 5388 1479 5460 Responsio.

604 5506 673 5558 At
703 5519 813 5559 non
838 5511 967 5559 sunt
991 5503 1082 5556 illa
1112 5504 1531 5558 ultramnndana
1555 5510 1786 5560 terrents
1806 5518 1902 5577 per
1924 5504 2109 5559 omnia

536 5616 922 5687 subjicienda;
959 5631 1085 5670 nam
1140 5618 1294 5671 aliter
1350 5632 1511 5688 quam
1566 5633 1663 5687 pro
1710 5626 1896 5674 nostra
1951 5619 2109 5673 inﬁr-

536 5735 745 5798 mitate,
780 5731 967 5785 divina
1035 5731 1209 5785 virtus
1261 5732 1443 5785 omnia
1480 5732 1759 5802 dispensat
1798 5742 1960 5805 atque
2008 5750 2110 5807 gu-

607 5907 724 5981 (2'5)
771 5904 1109 5977 ’Υπερῤέον.
1131 5904 1292 5962 Forte
1319 5906 1602 5977 ὑπορρέον.
1640 5905 1795 5963 Eutr.

1588 393 1647 448 S.
1684 390 1983 449 CAESAR"
2024 388 2356 447 GREGORII
2396 389 2698 447 FRATRIS
3662 394 3748 449 956

2202 504 2362 563 ὑάλου
2410 504 2558 558 ἐστιν
2604 504 2862 576 ἀθρῆσαι,
2894 504 2953 571 ἐξ
2999 504 3169 576 αὐτῆς
3207 504 3422 575 ἐκείνην
3460 505 3751 580 διαπεφρα-

2200 598 2408 667 γμένην
2431 598 2530 666 τῆν
2562 598 2886 660 κύλικα,καὶ
2901 597 3299 668 ἀποκρίνουσαν
3324 588 3483 668 διχῶς
3506 602 3570 654 τὸ
3590 604 3751 671 ἐκχεόι

2200 705 2381 759 μενον.
2432 688 2652 751 Μείζων
2694 688 2761 742 δὲ
2799 690 3018 753 πάντως
3070 690 3416 761 ἀνθρωπίνης
3466 693 3750 764 ἐπινοίαςὴ

2200 782 2476 850 πάνσοφος
2515 780 2610 835 τοῦ
2648 781 2783 835 Θεοῦ
2826 782 3089 853 δραστικὴ
3115 783 3364 854 δύναμις.
3414 786 3551 855 Ὅρα
3574 786 3632 838 δέ
3678 806 3751 857 μοι

2199 873 2591 944 ἐναργέστερον
2623 874 2926 943 ὑπόδειγμα
2960 876 3087 945 περὶ
3127 875 3222 928 τοῦ
3272 875 3664 947 περεὼματος.
3702 883 3751 931 ob

2198 960 2362 1035 τέχνῃ
2416 960 2645 1031 βροτῶν,
2677 962 2815 1016 ἀλλὰ
2853 962 2975 1034 θείᾳ
3012 963 3178 1035 βουλῇ
3225 966 3637 1036 συνιστάμενον,
3676 972 3755 1023 καὶ

2199 1056 2363 1108 οἱονεὶ
2400 1054 2768 1109 διδασκαλεῖον
2813 1059 2948 1127 ἡμῖν
2980 1059 3374 1129 προκείμενον,
3410 1060 3501 1111 τὸν
3536 1060 3629 1112 ἕνα
3665 1062 3755 1113 τῶν

2198 1148 2472 1217 τεττάρων
2506 1149 2570 1199 ἐκ
2596 1147 2696 1216 τῆς
2730 1149 2788 1200 ὲν
2832 1150 3145 1223 παραδείσῳ
3183 1154 3391 1222 κρήνης
3418 1153 3646 1221 ῥεόντων
3673 1171 3755 1204 πο-

2199 1238 2407 1308 ταμῶν,
2424 1238 2514 1291 τὸν
2536 1239 2783 1301 Φυσῶνα,
2807 1242 2957 1311 παρὰ
2990 1245 3055 1312 τῇ
3083 1242 3203 1295 καθ’
3231 1244 3378 1313 ἡμᾶς
3410 1244 3619 1315 Γραφῇ,
3645 1250 3755 1315 παρ’

2203 1333 2426 1403 Ἕλλησι
2474 1334 2532 1386 δὲ
2569 1330 2817 1403 Ἷστρον,
2853 1336 3002 1407 παρὰ
3046 1336 3102 1388 δὲ
3149 1338 3438 1407 Ῥωμαίοις
3464 1339 3754 1403 Λανούϐιον,

2202 1427 2351 1498 παρά
2378 1426 2434 1479 δέ
2454 1426 2669 1491 Γότθοις
2690 1427 2950 1481 Δούναϐιν
2978 1430 3514 1501 προσαγορευόμενον
3534 1448 3547 1461 ο
3568 1448 3649 1501 χει
3656 1432 3757 1500 μώ⁸

2198 1531 2287 1577 νος
2305 1515 2673 1584 πηγνυμένου,
2701 1518 2796 1569 καὶ
2822 1518 2901 1580 είς
2927 1516 3122 1589 λιθώδη
3164 1520 3484 1572 ἀντιτυπίαν
3518 1522 3757 1590 μεθιπαο

2203 1607 2369 1677 μένης
2399 1607 2500 1676 τῆς
2533 1607 2785 1678 μαλακῆς
2809 1609 2905 1662 τοῦ
2940 1610 3155 1681 ῥείθρου
3196 1611 3433 1682 φύσεως,
3467 1613 3541 1676 ὡς
3574 1615 3685 1666 οἵαν
3704 1633 3755 1666 τε

2201 1702 2384 1774 φέρειν
2410 1701 2885 1772 ἐπιπορευομένων
2908 1703 3208 1774 πολεμίων,
3240 1707 3333 1759 καὶ
3362 1707 3497 1777 πρὸς
3520 1706 3588 1759 τά
3637 1708 3753 1760 Ῥω-

2209 1796 2403 1865 μαίων,
2438 1794 2670 1868 Ἰλλύριά
2707 1812 2769 1846 τε
2802 1796 2895 1848 καὶ
2926 1796 3168 1866 Θρᾴκεια
3211 1799 3351 1869 μέρη
3380 1799 3753 1867 διαφοιτώντων

2206 1886 2426 1956 πλῆθος.
2462 1886 2622 1942 Οὑτω
2661 1904 2744 1940 τοι
2776 1888 2871 1941 καὶ
2906 1888 2967 1941 τὸ
2995 1890 3125 1943 αὐτὸ
3168 1892 3232 1943 ἐκ
3257 1891 3349 1945 τοῦ
3385 1892 3569 1957 ὓδατος
3601 1894 3751 1961 παγὲν

2205 1976 2509 2047 στερέωμα,
2534 1976 2895 2040 ὑποκλύζεται
2931 1978 3029 2049 μὲν
3060 1979 3139 2050 τῷ
3176 1982 3524 2054 ὑποκριθέντι
3553 1985 3748 2055 ῥείθρῳ,

2205 2065 2529 2137 ὑπερστέγει
2569 2068 2615 2121 δ’
2646 2068 2810 2122 ἵππον
2836 2068 2931 2121 καὶ
2967 2070 3273 2142 ἀναϐάτην,
3306 2074 3365 2125 ἐν
3395 2073 3593 2145 χιλιάσι
3639 2076 3746 2128 δέκα

2205 2158 2465 2224 πολλάκις
2494 2159 2791 2231 ὁρώμενον.
2814 2164 2969 2217 Ἔστι
2990 2163 3045 2217 δὲ
3075 2166 3161 2219 ὅτε
3187 2164 3277 2218 καὶ
3300 2165 3395 2235 τῆς
3418 2166 3653 2236 ἀμειδίας
3671 2167 3744 2219 τοῦ

2206 2251 2473 2322 χειμῶνος
2508 2255 2932 2327 ἐπικρατούσης,
2969 2257 3064 2309 καὶ
3112 2256 3205 2310 τοῦ
3250 2257 3450 2328 κρύους
3499 2260 3744 2330 μένοντος,

2206 2344 2403 2417 λάϐρον
2451 2345 2593 2419 ὕδωρ
2635 2348 2743 2400 ἀπὸ
2769 2348 2945 2417 νεφῶν
2968 2350 3215 2421 ὑόμενον,
3246 2353 3339 2405 καὶ
3366 2351 3451 2405 διὰ
3474 2353 3577 2405 τῶν
3604 2372 3746 2424 χαρα-

2206 2437 2348 2508 δρῶν
2377 2438 2410 2509 ἢ
2444 2440 2764 2510 ἀκρωρειῶν
2808 2442 2903 2494 καὶ
2954 2442 3246 2511 γεωλόφων
3281 2446 3647 2515 κατάρρηκτον
3671 2448 3746 2499 ἐπὶ

2205 2526 2299 2579 τοῦ
2358 2530 2624 2599 ποταμίου
2665 2530 3043 2603 στερεώματος
3075 2532 3356 2603 φέρεσθαι.
3402 2535 3575 2607 Ὅπερ
3603 2537 3746 2607 διειρ-

2206 2618 2438 2690 γόμενον
2460 2621 2595 2692 πρὸς
2616 2621 2677 2675 τὸ
2703 2623 2969 2695 ὑπερρέον
3006 2622 3117 2693 ιὲὅ)
3153 2621 3263 2679 οἷον
3304 2627 3659 2700 διαφράγματι
3684 2633 3745 2701 τῷ

2208 2711 2268 2776 ἐξ
2293 2713 2501 2769 ὑδάτων
2527 2714 2870 2785 περεὼματι
2908 2717 3110 2787 ἀμιγὲς
3147 2718 3284 2781 τέως
3327 2721 3420 2772 καὶ
3451 2722 3744 2793 ἀσύγκρετον

2212 2807 2363 2877 μένει
2396 2808 2532 2879 πρὸς
2560 2808 2621 2861 τὸ
2661 2809 3039 2881 ὑποκείμενον.
3085 2810 3447 2885 Παραπλήσια
3482 2815 3536 2868 δὲ
3566 2820 3651 2868 καὶ
3672 2817 3743 2868 διὰ

2206 2898 2307 2967 τῆς
2331 2898 2507 2968 χιόνος
2552 2899 2940 2971 παιδευόμεθα,
2979 2902 3381 2974 ἐπιξενωμὲνης
3402 2904 3475 2975 τῷ
3502 2907 3744 2975 είρη

2212 2990 2585 3063 στερεὼματι·
2626 2992 2765 3046 ὥστε
2796 2994 3061 3067 ὑπάρχειν
3116 2997 3247 3049 αὑτὸ
3301 2999 3604 3068 μεταίχμιον
3646 2999 3742 3051 διας

2210 3099 2353 3153 φραγ
2365 3100 2440 3153 μα
2497 3082 2850 3154 κρύσταλλον,
2890 3086 3209 3158 διαχωρίζον
3240 3090 3342 3141 ἀνά
3390 3090 3545 3159 μέσον
3579 3090 3742 3144 ὖδατε<

2208 3178 2302 3229 καὶ
2351 3175 2564 3240 ὓδατος,
2597 3176 2754 3249 δίκην
2800 3177 2903 3231 -τοῦ
2951 3180 3204 3250 οὐρανίου
3248 3180 3621 3251 στερεώματος,
3655 3184 3741 3233 τῶν

2209 3266 2469 3334 ἐπιγείων
2510 3267 2579 3322 τὰ
2608 3269 2953 3341 ὑπερκόσμια
2998 3271 3381 3342 διακρίνοντος.
3428 3273 3739 3342 Ἀπειροπὶα-

2211 3359 2341 3421 σίως
2384 3358 2442 3411 δὲ
2485 3359 2579 3413 καὶ
2625 3359 3024 3434 ἀπαραϐλήτως
3068 3363 3333 3433 χειμῶνος
3364 3366 3424 3417 τὸ
3459 3365 3587 3418 θεῖον
3604 3366 3739 3436 πρὸς·

2206 3451 2393 3520 ταγμά
2440 3467 2581 3521 φημι
2623 3452 2988 3525 ίσχυρότερον,
3030 3454 3208 3525 πῆξαν
3254 3457 3316 3509 τὸ
3363 3458 3497 3529 ὑπὲρ
3537 3458 3741 3527 κεφαλῆς

2207 3545 2365 3614 ἡμῶν
2394 3544 2697 3614 στερέωμα.

2809 3639 3056 3692 ΠΕΥΣΙΣ
3082 3639 3195 3695 ΞΘ¹.

2279 3730 2390 3784 Καὶ
2421 3730 2561 3784 διατι
2598 3730 2703 3802 ἄρα
2730 3740 2799 3783 τά
2836 3731 2949 3784 ἀνω
2980 3732 3180 3797 ὑδατας
3209 3732 3294 3787 ἵνα
3328 3751 3411 3799 τις
3441 3734 3739 3807 ὑδρεύσηται,

2208 3821 2242 3893 ἢ
2273 3821 2369 3893 πίῃ
2390 3860 2404 3885 ,
2437 3820 2471 3892 ἥ
2517 3819 2747 3894 πλεύσῃ,
2781 3818 2815 3892 ἢ
2851 3819 3048 3895 ποτίσῃ
3090 3822 3228 3887 τινὰ,
3261 3822 3293 3895 ἢ
3328 3824 3463 3890 ὅλως
3501 3826 3579 3879 διὰ
3607 3826 3739 3880 ποίαν

2208 3915 2396 3987 χρείαν
2420 3934 2435 3982 ;

2818 4009 3185 4079 Ἀπόκρισις.

2293 4101 2444 4155 Ἐπεὶ
2474 4101 2804 4173 κρύσταλλον
2832 4088 3099 4175 ὑπάρχειν
3126 4104 3260 4174 ἔφην
3287 4104 3346 4156 τὸ
3370 4106 3648 4176 στερέωμα,
3668 4106 3736 4159 δέ·

2209 4195 2402 4266 χεσθιιι
2453 4195 2685 4266 ἤμελλεν
2733 4196 2832 4267 τὴν
2886 4197 3287 4268 ὑπερκειμένην
3325 4198 3432 4252 τῶν
3481 4202 3735 4268 φωοτῄρων

2210 4289 2576 4361 φρυκτωρίαν,
2611 4289 2761 4360 ἥλιόν
2808 4306 2950 4359 φημι
2976 4330 2991 4354 ,
3024 4290 3116 4341 καὶ
3150 4276 3379 4361 Ξελήνην
3408 4294 3496 4345 καὶ
3534 4292 3617 4363 τὴν
3654 4292 3736 4343 λοι·

2210 4380 2318 4451 πὴν
2335 4380 2443 4433 τῶν
2456 4381 2669 4452 ἄστρων
2685 4381 2978 4451 ὁμήγυριν,
2996 4381 3059 4432 ἐκ
3082 4398 3151 4432 πυ
3159 4379 3248 4449 ρὸς
3268 4379 3366 4448 τὴν
3394 4380 3544 4448 φύσιν
3563 4380 3733 4449 ἔχοντα.

2212 4470 2308 4523 "lv'
2328 4465 2420 4522 οὖν
2450 4469 2524 4540 μὴ
2551 4468 2627 4538 τῷ
2660 4470 2883 4521 ἐκείνων
2916 4466 3137 4539 πυρετῷ
3159 4467 3397 4538 ἀναλυθῇ
3428 4467 3485 4519 τὸ
3514 4465 3731 4531 πεπηγὸς,

2208 4561 2276 4615 δι’
2321 4561 2484 4615 αὑτοῦ
2536 4561 2742 4614 ἐκείνου
2791 4560 3041 4632 ἀνέκρινε
3072 4560 3134 4612 τὸ
3184 4558 3373 4629 μυρίον
3429 4561 3590 4611 ἐκεῖνο
3620 4556 3732 4621 ὔδωρ

2208 4653 2348 4723 ὑπὲρ
2373 4653 2561 4715 νώτοις
2593 4652 2755 4706 αὑτοῦ
2783 4652 3115 4723 καταψύχειν
3148 4651 3239 4705 τὸν
3262 4651 3523 4721 φλογμὸν,
3556 4647 3635 4703 καί
3665 4647 3732 4697 ἑτ-

2208 4745 2448 4813 αλείφειν
2482 4746 2542 4797 τὸ
2584 4745 2768 4817 φέρον,
2806 4746 2953 4809 ὅπως
2995 4748 3061 4816 τῇ
3090 4746 3298 4799 ἐκεῖθεν
3347 4743 3505 4799 νοτίδι
3548 4738 3729 4810 παχυνό-

2212 4854 2370 4908 μενον
2399 4836 2643 4908 ἀντέχειν
2675 4836 2754 4907 τῷ
2776 4838 2908 4909 πυρὶ
2939 4837 3046 4892 τῶν
3078 4840 3400 4909 φωστήρων.

2801 4932 3051 4986 ΠΕΥΣΙΣ
3086 4935 3161 4986 0’.

2283 5021 2390 5075 Καὶ
2423 5021 2545 5085 πῶς,
2568 5021 2789 5075 δυνατὸν
2823 5020 3153 5092 κρύσταλλον
3185 5022 3429 5093 ἀντέχειν
3467 5024 3606 5097 πυρὶ,
3634 5021 3730 5087 amp

2210 5116 2329 5169 οὐδὲ
2353 5115 2488 5179 ὅλως
2528 5116 2681 5188 φέρει
2715 5115 2989 5186 ἐγγύτητα
3030 5116 3199 5185 πυρὸς
3218 5156 3232 5179 ,
3266 5117 3383 5169 οὑδέ
3410 5118 3583 5188 χειρὸς
3609 5112 3731 5184 thid-

2212 5225 2375 5279 φησιν
2396 5248 2410 5274 ,
2442 5208 2561 5261 οὑδὲ
2593 5209 2760 5279 πνοὴν
2790 5208 3143 5279 θερμοτέραν,
3180 5210 3211 5279 ἦ
3252 5209 3502 5279 ἐπιϐολὴν
3532 5206 3731 5279 ἱματίονὲ

2816 5387 3175 5457 Ἀπόκρισις.

2300 5476 2437 5531 Ἀλλ’
2484 5478 2546 5532 οὑ
2589 5479 2694 5551 χρὴ
2731 5480 2801 5534 τὰ
2854 5480 3195 5551 ὑπερκόσμια
3224 5480 3517 5549 περιγείοις
3548 5471 3730 5529 καθόλου

2218 5572 2565 5626 ὑποϐάλλειν·
2600 5573 2947 5644 καταλλήλως
2998 5573 3105 5645 γὰρ
3146 5574 3211 5643 τῇ
3258 5573 3501 5643 ἡμετέρᾳ
3531 5564 3731 5629 ἀσθενείᾳ

2216 5665 2439 5735 δύναμις
2475 5666 2649 5720 πάντα
2701 5667 3128 5739 διῳκονόμηται,
3176 5668 3270 5721 καὶ
3308 5662 3627 5737 πρυτανεύει.
3662 5656 3729 5708 ἘΙ

2214 5757 2324 5813 τῶν
2350 5760 2477 5829 παρ’
2508 5762 2637 5831 ἡμῖν
2675 5761 2854 5815 τοίνυν
2892 5760 3154 5833 ἀμυδροῖς
3197 5759 3585 5830 παραδείγμασι
3618 5746 3727 5822 Χμίδ*
