3818 6506
91 363 187 417 957

92 492 232 546 μενοι
256 516 271 537 ,
309 472 492 544 φαμὲν
538 471 606 526 τά
635 470 1026 544 ὑπερκείμενα,
1060 469 1239 541 λύχνῳ
1270 473 1581 547 μικροτάτῳ
1606 473 1666 528 ὲν

88 567 223 636 ιιῐγίᾳ
252 564 492 637 μεγίστῃ
541 565 794 635 φαίνοντα
848 564 1288 635 παραϐάλλοντες
1320 566 1410 621 τὸν
1440 566 1663 638 βασιλέα

87 655 184 709 τῶν
217 657 528 727 φωστήρων
556 656 703 725 ἥλιον
729 696 743 719 ,
785 655 921 729 πρὸς
936 656 1016 709 ’τὸ
1063 657 1310 729 οὐράνιον
1343 658 1502 729 σῶμα
1536 676 1665 727 συγ-

88 747 429 818 κρινόμενον·
466 748 559 800 καὶ
587 747 773 818 ὥσπερ
814 750 869 801 ἐν
901 748 1070 819 δίσκῳ
1110 751 1454 821 παμμεγέθει
1482 792 1497 815 ,
1529 752 1665 823 βρα-

87 841 174 910 χὺν
203 837 457 909 ἄνθρακά
479 857 563 901 τις
592 838 914 909 ἐπιθέμενος
939 882 954 901 ,
994 840 1026 911 ἢ
1058 840 1249 917 λύχνον
1276 843 1574 910 ὑποκαίων,
1604 843 1666 895 οὐ

91 932 238 999 μόνον
290 928 497 998 φλέξας
543 930 574 1001 ἢ
626 930 905 1001 χωνεύσας
934 932 1046 1003 (24)
1094 933 1155 988 τὸ
1186 934 1544 1005 ὑποκείμενον
1572 936 1671 1007 οὐχ

88 1015 184 1083 οἶός
208 1038 265 1073 τε
298 1021 385 1091 εἴη
409 1062 425 1085 ,
454 1020 591 1075 ἀλλὰ
616 1023 735 1075 οὐδὲ
769 1022 1037 1095 θερμᾶναι
1067 1026 1128 1080 τὸ
1155 1027 1346 1090 σκεῦος
1380 1027 1667 1098 ίσχύσειεν.

90 1116 199 1178 HJ);
225 1110 319 1167 οὖν
363 1114 563 1184 λύχνος
590 1116 830 1187 ἀμυδρὸς
877 1119 1166 1188 δυνήσεται
1220 1120 1455 1174 ἄϐυσσον
1496 1140 1671 1193 πεπη-

88 1209 233 1274 γυῖαν
276 1206 447 1259 λύσαι
482 1206 515 1276 ἢ
552 1207 930 1277 παραφλέξαι;
966 1210 1094 1262 πότε
1123 1209 1181 1262 δὲ
1211 1210 1366 1277 κύλιξ
1400 1211 1668 1277 ἆπτουσα,

88 1298 181 1351 οἶα⁹
203 1314 260 1350 τε
293 1296 538 1369 θραῦσαι
582 1299 849 1367 χειμῶνος
902 1300 1205 1371 κρυότητα,
1244 1301 1673 1370 φιλονεικοῦντος

94 1388 269 1442 σϐέσαι
311 1389 416 1460 τὴν
444 1388 737 1459 θρυαλλίδα
771 1389 850 1460 τῷ
895 1391 1117 1461 παγετῷ
1141 1432 1155 1454 ,
1183 1393 1264 1455 εἰς
1307 1392 1452 1447 λίθον
1481 1394 1539 1449 δὲ
1574 1411 1671 1465 με·

91 1480 404 1535 τατυπῶσαι
440 1481 499 1534 τὸ
522 1482 824 1553 ἐνυπάρχον
853 1482 996 1553 ὕδωρ
1030 1484 1124 1537 καὶ
1152 1483 1351 1549 ἔλαιον,
1380 1486 1480 1557 τῆς
1507 1487 1676 1557 ὑπερ-

90 1573 237 1643 ϐολῆς
264 1573 361 1625 τοῦ
396 1572 602 1644 κρύους
626 1573 726 1643 τὴν
758 1573 1015 1644 λαμπάδα
1038 1575 1529 1647 άπομαράναντοςς
1556 1578 1675 1641 πῶς

91 1663 140 1717 δὲ
172 1664 265 1717 καὶ
286 1666 320 1735 ἡ
354 1665 626 1735 ἀμίαντος
661 1664 856 1735 βοτάνη
887 1704 901 1728 ,
928 1666 1021 1718 καὶ
1060 1666 1326 1734 άφλεκτος
1356 1668 1531 1739 πάντη
1559 1668 1673 1721 δια-

94 1756 351 1824 meum;
414 1755 575 1808 Ἀλλὰ
627 1757 718 1809 καὶ
779 1756 1163 1827 σαλαμάνδραν
1229 1757 1367 1822 ζῶον
1417 1759 1668 1825 εὐτελὲς,

94 1848 249 1919 πυρὸς
277 1847 336 1901 δὲ
373 1850 445 1918 τῇ
480 1848 639 1916 φύσει
666 1848 941 1919 διαφέρον,
976 1848 1220 1919 ἔγνωμεν
1253 1850 1341 1903 διὰ
1374 1851 1547 1923 μέσης
1572 1870 1672 1907 m-

94 1942 234 2011 μίνου
276 1941 459 2011 πυρὸς
486 1942 769 2011 ὲνσκαῖρον
795 1981 811 2005 ,
866 1940 1180 2005 διαϐιϐάζον
1211 1960 1271 1995 τε
1296 1984 1311 2007 ,
1356 1945 1451 1998 καὶ
1505 1944 1672 2016 μηδὲν

94 2032 364 2097 παντελῶς
401 2035 467 2085 ἐκ
491 2034 588 2102 τῆς
622 2032 961 2103 λυμαντικῆς
983 2034 1078 2087 τοῦ
1102 2035 1274 2113 πυρὸς
1298 2035 1513 2104 φύσεως
1542 2038 1674 2091 ύπο-

94 2126 261 2195 μένον.
294 2126 469 2179 Οὐδὲν
496 2126 676 2179 τοίνυν
708 2125 860 2197 ἣλιος
890 2126 1301 2199 παραδλάψειεν
1332 2130 1421 2184 τὸν
1446 2131 1674 2201 οὐρανὸν

96 2216 325 2280 ύποθέων
350 2236 366 2248 ο
408 2211 470 2270 οὗ
503 2216 598 2280 τὰς
630 2216 860 2281 ἑωθινὰς
887 2218 1151 2282 ἀνατολὰς
1176 2220 1496 2291 διαγράφων
1515 2223 1543 2275 ὁ
1564 2221 1673 2275 τῶν

95 2311 239 2363 θείων
276 2309 560 2380 μελῳδὸς,
603 2309 765 2380 φησίν
791 2324 806 2339 ’
832 2310 942 2364 Καὶ
971 2310 1153 2377 αὐτὸς
1181 2312 1261 2378 ὡς
1284 2313 1543 2381 νυμφίος
1577 2314 1675 2369 ἐκ·

94 2404 495 2471 πορευόμενος
518 2402 588 2456 ἐκ
631 2403 869 2458 παστοῦ
901 2404 1109 2469 αὑτοῦ,
1133 2404 1563 2473 amid/destas
1594 2406 1674 2472 ὡς

97 2499 249 2566 γίγας
280 2496 540 2564 δραμεῖν
593 2494 737 2549 ὁδὸν
784 2496 970 2550 αὐτοῦ
995 2535 1010 2559 ,
1044 2496 1147 2551 ἀπ’
1185 2496 1373 2566 ἄκρου
1420 2496 1527 2552 τοῦ
1572 2500 1673 2553 οὐ·

92 2588 264 2655 ρανοῦ
294 2589 334 2656 ἠ
364 2586 580 2655 ἔξοδος
616 2587 824 2642 αὐτοῦ.
870 2586 999 2641 Ἰδοὺ
1025 2627 1041 2652 ,
1077 2588 1266 2657 ἀκρον
1297 2590 1390 2643 καὶ
1426 2588 1670 2657 ἔξοδος·

97 2678 149 2729 ού
184 2680 399 2749 σφαῖρα
447 2677 504 2730 δὲ
537 2678 630 2731 καὶ
672 2677 857 2740 ἄνοδος
902 2677 1186 2749 κυλιστικὴ
1211 2720 1226 2744 ,
1264 2680 1340 2740 ob;
1390 2679 1676 2744 δοκεῖτοῖς

92 2770 451 2838 εἰκαιολόγοις
482 2768 616 2841 [Καὶ
653 2769 714 2823 τὸ
745 2770 1066 2841 κατάντημα
1102 2770 1263 2823 αὑτοῦ
1285 2809 1302 2836 ,
1342 2773 1505 2841 φησὶν
1530 2814 1544 2839 ,
1572 2773 1676 2835 ἕως

99 2864 255 2933 ἄκρου
291 2862 396 2915 τοῦ
443 2862 674 2933 ούρανοῦ
712 2862 825 2935 (‘25)
850 2861 871 2934 ]
898 2879 912 2893 '
945 2864 1040 2915 καὶ
1086 2861 1151 2915 τὸ
1202 2863 1547 2933 κατάντημα
1582 2866 1676 2929 καὶ

98 2954 294 3024 ἄκρον,
330 2954 396 3008 οὐ
428 2954 650 3018 κάθοδος
681 2954 774 3008 καὶ
801 2954 1078 3017 ύπὸδυσις.
1125 2953 1263 3007 Ἀλλ’
1299 2954 1390 3007 ἐπὶ
1417 2956 1514 3025 τὴν
1542 2974 1677 3027 νυμ-

100 3047 250 3117 φικὴν
283 3046 602 3115 ὡραιότητα
655 3046 749 3099 τοῦ
804 3045 1092 3123 φωστῆρος
1155 3046 1341 3115 ἴωμεν.
1375 3046 1513 3116 Φησὶ
1567 3046 1676 3118 γὰρ

101 3142 214 3211 περὶ
241 3138 417 3194 αὐτοῦ
450 3140 477 3190 ὁ
502 3138 667 3192 Δαϐίδ
693 3153 705 3166 ⁸
744 3138 850 3192 Καὶ
886 3137 1069 3203 αὐτὸς
1091 3138 1172 3203 ὡς
1208 3138 1468 3207 νυμφίος
1495 3138 1675 3192 ἐκπο-

92 3235 416 3306 ρευόμενος
440 3231 509 3284 ὲκ
538 3230 776 3293 παστοῦ
814 3228 1000 3284 αὑτοῦ
1025 3245 1039 3267 ρ
1071 3228 1132 3283 τὸ
1167 3228 1391 3300 φαιδρὸν
1422 3229 1513 3282 καὶ
1541 3227 1683 3299 σύμ-

100 3344 282 3397 μέτρον
340 3324 436 3395 τῆς
453 3323 684 3394 ἑωθινῆς
713 3322 877 3376 αὑτοῦ
919 3320 1096 3392 ὅψεως
1125 3320 1427 3392 παριστῶν.
1453 3321 1685 3390 Μεσημ-

101 3418 271 3487 6ρινὸν
303 3417 419 3485 γὰρ
444 3415 610 3468 αὐτὸν
641 3412 995 3467 διιππεύοντα
1018 3412 1110 3467 τὸν
1138 3412 1390 3483 οὐρανὸν,
1426 3411 1685 3475 πολλάκις

101 3510 185 3563 καὶ
206 3508 634 3578 ἀποδιδράσκειν
660 3505 1000 3577 πειρώμεθα,
1024 3505 1088 3557 τὸ
1114 3504 1388 3573 φλογῶδες
1413 3503 1577 3558 αὑτοῦ
1604 3503 1680 3573 μὴ

102 3602 355 3673 φέροντες
380 3618 395 3631 ·
430 3600 548 3670 ἅμα
570 3598 625 3650 δὲ
653 3597 748 3651 τοῦ
772 3598 1036 3667 ἀνίσχειν,
1063 3596 1297 3666 τερπνὸς
1320 3598 1485 3649 πᾶσιν
1518 3596 1687 3665 ὑπάρ-

99 3710 207 3764 χειο
240 3694 338 3747 καὶ
376 3691 574 3762 ὥσπερ
609 3690 844 3760 νυμφίου
898 3690 1053 3760 δίκην
1103 3687 1379 3760 ὁρώμενος
1403 3727 1418 3752 ,
1451 3687 1543 3743 καὶ
1578 3686 1687 3740 ἀπὸ

104 3784 193 3852 τῆς
230 3784 375 3854 ἑῴας
412 3782 577 3854 μέχρι
626 3781 726 3850 τῆς
775 3780 1015 3853 ἑσπέρας
1061 3780 1309 3848 ἀφθόνως
1340 3778 1565 3845 ἐπιϐὰς,
1599 3779 1688 3833 διὰ

104 3876 192 3938 τὰς
229 3877 294 3928 ὲκ
342 3874 455 3927 τῶν
508 3873 887 3944 μαρμαρυγῶν
932 3872 1336 3942 στροφάλιγγας
1374 3870 1579 3923 διαλύει
1620 3872 1686 3940 τῇ

102 3966 355 4038 δᾳδουχίᾳ
383 3967 445 4019 τὸ
475 3966 696 4036 ἀμειδὲς
729 3964 821 4017 τοῦ
856 3964 1017 4035 ἀέρος
1042 4005 1057 4029 ,
1088 3965 1180 4019 καὶ
1207 3967 1274 4035 τῇ
1299 3967 1369 4035 γῇ
1396 3964 1533 4036 πρὸς
1554 3981 1690 4035 καρ-

104 4061 358 4127 πογονίαν
395 4056 699 4127 συνομιλῶν
720 4096 735 4121 ,
787 4056 1110 4110 συνθάλπων
1144 4055 1312 4127 αὐτὴν
1335 4097 1348 4121 ,
1391 4056 1485 4109 καὶ
1519 4058 1684 4123 ἐγκα-

104 4152 359 4223 λούμενος
391 4149 504 4221 (ὶϐ)
536 4148 607 4201 τὰ
640 4149 932 4219 σπέρματα
970 4148 1213 4218 ἐκφύειν.

1494 358 1837 423 DIALOGUD'
1872 358 1916 419 Ι.

3228 368 3333 427 938

1766 472 1982 529 bernat.
2006 470 2087 526 Ex
2123 472 2192 527 iis
2225 472 2391 543 igitur
2428 474 2594 535 rebus
2620 490 2854 547 quarum
2882 479 3030 551 aptul
3073 494 3177 538 nos
3205 498 3344 542 usus

1767 575 1870 632 est,
1891 564 2142 623 facilibus
2169 566 2432 636 exemplis
2457 576 2690 633 utentes,
2725 570 3012 642 loquemur
3033 573 3101 629 de
3132 574 3201 631 iis
3224 590 3351 646 quae

1768 672 1934 729 supra
1963 672 2064 711 nos
2097 665 2244 721 sunt.
2279 656 2542 721 Lucerna:
2571 661 2815 719 carnium
2846 663 3087 719 minima:
3108 664 3164 719 in
3187 667 3350 723 (lomo

1769 749 2006 803 maxima
2038 749 2242 814 umenti
2268 750 2610 811 conferimus
2652 767 2835 822 regem
2869 754 3219 817 luminarium
3257 772 3352 812 ao-

1772 840 1904 904 lem,
1943 840 2011 895 ad
2042 841 2268 903 cteleste
2299 856 2497 910 corpus
2519 853 2913 910 comparatum.
2936 844 3172 903 Prorsus
3203 862 3267 903 ac
3300 848 3348 905 si

1772 931 1899 1002 quis
1926 932 1982 995 in
2016 932 2170 989 disco
2202 946 2504 1002 permagno
2536 932 2791 1003 exiguum
2826 937 3120 993 carbonem
3160 948 3345 1009 ponat,

1772 1033 1867 1081 aut
1898 1027 2176 1089 lucernam
2202 1024 2520 1092 succendat,
2554 1041 2662 1080 non
2696 1027 2873 1083 solum
2902 1030 3226 1088 comburere
3253 1042 3350 1087 aut

1773 1117 2113 1173 inflammare
2142 1116 2294 1177 illum
2345 1130 2452 1169 non
2486 1117 2706 1185 peterit,
2740 1133 2929 1176 verum
2980 1135 3049 1175 ne
3084 1136 3178 1177 vas
3220 1124 3348 1191 qui-

1774 1203 1895 1257 dem
1928 1203 2109 1274 ipsum
2126 1201 2436 1265 calefacere
2467 1204 2727 1273 quircrit.
2752 1206 3039 1271 Quomodo
3060 1210 3227 1279 igitu-
3248 1212 3352 1273 ξω-

1778 1294 1988 1349 bccillis
2022 1295 2242 1357 lucerna
2269 1295 2470 1363 poterit
2502 1295 2762 1365 abyssum
2795 1298 3205 1373 constabilitm
3239 1304 3351 1363 ιρι-

1775 1401 1901 1442 vere
1941 1394 2036 1443 aut
2067 1387 2439 1447 comburere?
2495 1387 2560 1447 Et
2600 1390 2690 1458 qui
2722 1390 2863 1445 calix
2908 1394 3226 1464 attingenda
3260 1396 3352 1455 ne.

1776 1475 1905 1534 dere
1932 1477 2131 1547 poterit
2156 1476 2329 1547 frigus
2353 1477 2548 1533 hiemis
2576 1479 2835 1534 enitentis
2878 1484 3229 1554 exstinguere
3252 1502 3356 1561 per

1777 1568 1899 1640 gelu
1932 1569 2169 1624 lucernze
2216 1568 2569 1639 ellychnium,
2602 1578 2656 1624 et
2678 1571 2733 1625 in
2758 1571 2992 1642 lapidem
3034 1584 3355 1639 convertere

1779 1674 1978 1729 aquam
2001 1675 2122 1730 quas
2162 1660 2219 1713 in
2248 1674 2314 1713 co
2347 1668 2451 1725 est,
2480 1668 2534 1714 et
2564 1660 2767 1725 oleum,
2800 1678 2967 1733 supra
3012 1668 3234 1723 modum
3256 1669 3354 1723 fri-

1780 1767 1908 1823 gore
1946 1751 2251 1822 lampadem
2283 1751 2636 1806 debilitante?
2666 1752 2948 1819 Quomodo
2984 1772 3113 1812 vero
3140 1760 3355 1815 amian-

1782 1850 1870 1898 tus
1898 1843 2068 1897 herba
2095 1843 2274 1913 ignem
2308 1843 2581 1907 sustinere
2615 1853 2812 1912 potest,
2834 1847 2892 1905 in
2918 1849 3155 1903 medium
3182 1851 3356 1921 ipsius

1780 1935 2014 1992 ﬂammae
2052 1936 2251 2005 posita,
2288 1934 2579 2005 omnisque
2631 1937 2939 1995 adustionis
2986 1956 3181 2011 expers
3239 1957 3360 1998 ma-

1781 2029 1964 2097 nens?
1994 2029 2098 2083 Sed
2135 2038 2189 2084 et
2241 2029 2642 2083 salamandram
2698 2030 2804 2086 vile
2850 2032 3094 2101 animal,
3138 2034 3357 2093 diversa

1781 2123 1851 2178 ab
1881 2122 1993 2193 igni
2039 2130 2255 2185 natura,
2286 2122 2493 2178 scimus
2541 2138 2639 2192 per
2694 2122 2932 2179 medium
2976 2127 3252 2183 caminum
3298 2130 3358 2185 iu

1782 2215 1959 2285 ignem
1991 2213 2205 2270 insilire
2225 2222 2389 2284 atque
2422 2214 2776 2285 pertransire,
2804 2215 2941 2270 nihil
2971 2226 3152 2274 tamen
3202 2235 3362 2291 pror-

1782 2322 1877 2363 sus
1910 2323 2005 2378 per
2038 2306 2261 2364 edacem
2302 2317 2556 2366 naturam
2581 2311 2723 2381 ignis
2753 2310 2896 2366 laedi.
2918 2310 3155 2369 Proinde
3183 2331 3361 2388 neque

1770 2401 1865 2479 csol
1904 2400 2105 2456 laeserit
2127 2402 2326 2456 caelum
2356 2402 2459 2457 sub
2488 2418 2600 2472 quo
2623 2403 2796 2457 currit
2825 2420 2842 2468 ;
2866 2404 3026 2473 cujus
3059 2409 3359 2465 matutinos

1780 2502 2009 2550 exortus
2060 2494 2378 2550 describens
2422 2494 2736 2550 divinorum
2779 2496 3089 2553 carminum
3142 2505 3360 2567 auctor,

1784 2583 1997 2652 inquit:
2025 2583 2143 2650 Ipse
2172 2584 2309 2639 relut
2335 2600 2557 2651 sponsus
2573 2586 2843 2656 egrediens
2876 2603 2942 2642 ea:
2971 2588 3210 2645 thalamo
3239 2607 3358 2658 suo,

1782 2676 2068 2730 exsultabit
2098 2689 2153 2730 ut
2186 2679 2335 2747 gigas
2364 2678 2432 2730 ad
2458 2678 2777 2732 currendum
2800 2680 2938 2733 viam
2969 2698 3193 2748 suum
3214 2700 3364 2739 aum-

1785 2786 1868 2822 mo
1898 2770 2017 2823 cali
2044 2786 2282 2838 egressus
2312 2769 2425 2839 ejus
2448 2772 2515 2824 “.
2553 2768 2721 2825 Vides
2743 2767 2829 2822 hic
2862 2777 2990 2840 poni
3024 2777 3186 2830 verba
3218 2793 3367 2831 suat-

1784 2861 1857 2914 mi
1895 2871 1950 2916 et
1991 2878 2249 2932 egressus,
2287 2876 2395 2918 non
2425 2864 2651 2934 sphaera:
2681 2875 2735 2922 et
2763 2883 3027 2926 ascensus
3047 2869 3361 2934 circularis,

1787 2962 1844 3007 ut
1868 2955 2147 3025 aliquibus
2179 2954 2395 3010 videtur
2416 2972 2586 3015 vanas
2614 2960 2962 3030 conjecturas
2984 2962 3364 3032 sequentibus.

1790 3045 1855 3098 Et
1884 3062 2137 3101 occursus
2194 3048 2332 3116 ejus,
2368 3050 2569 3120 inquit,
2608 3068 2771 3122 usque
2807 3055 2879 3108 ad
2930 3069 3195 3108 summum
3223 3057 3361 3110 ccli.

1788 3136 1921 3193 Vide
1956 3153 2147 3193 rursus
2181 3157 2454 3198 occursum
2492 3150 2546 3195 et
2582 3160 2863 3211 summum,
2902 3160 3011 3199 non
3038 3146 3365 3201 descensum

1783 3238 1838 3284 et
1876 3244 2157 3289 occasum.
2208 3229 2317 3285 Sed
2374 3234 2519 3287 enim
2551 3234 2619 3288 ad
2649 3236 2961 3304 sponsalem
3000 3237 3366 3307 pulchritudi-

1784 3336 1907 3377 nem
1931 3321 2098 3390 hujus
2126 3323 2414 3379 luminaris
2444 3327 2791 3383 accedamus.
2825 3328 3010 3399 Inquit
3034 3329 3179 3384 enim
3205 3329 3272 3387 de
3298 3345 3367 3386 eo

1785 3410 2017 3468 Davides
2036 3432 2049 3467 :
2071 3412 2137 3467 Et
2167 3416 2279 3479 ipse
2308 3416 2447 3469 velut
2482 3433 2705 3485 sponsus
2736 3419 3003 3489 egrediens
3035 3436 3101 3474 ex
3130 3421 3367 3476 thalamo

1784 3521 1904 3570 suo,
1960 3506 2143 3562 verbis
2194 3508 2344 3562 hisce
2399 3510 2736 3565 alacritatem
2777 3521 2831 3566 et
2878 3520 3370 3583 temperamentum

1788 3607 2043 3667 aspectus
2082 3601 2202 3669 ejus
2236 3603 2487 3657 matutini
2539 3604 2867 3672 exprimens.
2905 3603 3041 3660 Nam
3098 3622 3221 3662 cum
3257 3623 3373 3664 me-

1789 3690 2058 3746 ridionale
2110 3693 2309 3747 emtum
2344 3695 2637 3762 percurrit,
2677 3710 3057 3765 saepenumero
3095 3697 3368 3770 refugium

1790 3798 2033 3851 quaerere
2064 3791 2360 3851 tentamus,
2398 3785 2613 3855 igneum
2634 3787 2875 3841 calorem
2906 3789 3027 3856 ejus
3050 3806 3161 3844 non
3193 3791 3372 3848 feren-

1792 3882 1896 3930 tes.
1930 3874 2103 3928 Simul
2134 3884 2316 3929 autem
2350 3877 2405 3929 in
2451 3885 2641 3931 exortu
2673 3877 2955 3946 jucundus
2980 3889 3064 3933 est
3091 3881 3369 3945 omnibus,

1793 3975 1847 4019 ct
1871 3966 2018 4019 velut
2048 3980 2285 4032 sponsus
2340 3967 2627 4035 aspicitur,
2663 3978 2716 4020 et
2759 3982 2789 4020 a
2824 3976 3069 4036 tempore
3099 3971 3371 4023 matutino

1791 4056 1856 4108 ad
1895 4071 2177 4125 vesperam
2208 4072 2381 4125 usque
2412 4068 2670 4125 perpetuo
2692 4072 2789 4126 per
2822 4058 3099 4112 radiorum
3144 4074 3370 4115 suorum

1792 4145 2120 4201 reﬂexiones
2147 4148 2403 4202 dissolvit
2434 4148 2535 4200 hac
2576 4163 2690 4203 sua:
2732 4147 2870 4203 facis
2897 4148 3017 4203 luce
3058 4150 3372 4221 injucundi-

108 4256 266 4303 tatem
293 4248 463 4312 aeris,
496 4254 591 4300 aut
642 4260 766 4301 cum
817 4254 963 4301 terra
999 4246 1067 4300 ad
1098 4243 1447 4301 excitandum
1503 4241 1837 4297 fertilitatem
1872 4243 2029 4313 quasi
2058 4244 2188 4309 coit,
2213 4258 2443 4314 eamque
2492 4242 2657 4309 fovet,
2699 4243 2768 4298 ad
2799 4245 3123 4316 proferenda
3164 4247 3374 4304 semina

107 4354 431 4409 provocans.

682 4452 934 4505 ΠΕΥΣΙΣ
957 4448 1083 4504 OA'.

173 4549 282 4602 Kal
336 4547 456 4609 πῶς
494 4546 556 4600 ού
613 4545 797 4598 λύεται
842 4543 902 4596 τὸ
955 4541 1284 4612 κρύσταλλον
1320 4544 1386 4613 τῇ
1444 4539 1687 4614 πυρώσει

106 4639 197 4692 τοῦ
247 4640 437 4710 ἡλίου,
490 4637 751 4691 τοσούτου
803 4637 955 4698 ὄντος
1004 4634 1205 4706 θερμοῦ
1258 4635 1542 4705 ἐμφαίνειν
1574 4634 1688 4703 (27)

109 4732 249 4803 ἡμᾶς
294 4728 495 4792 αὑτὸν,
552 4726 875 4801 μεσημὸρίᾳ
930 4724 1006 4797 μὴ
1060 4725 1323 4794 φέροντας
1376 4723 1541 4785 αὐτοῦ
1590 4724 1689 4794 τὴν

111 4824 277 4897 φκτα
304 4842 319 4891 ;

738 4910 1090 4976 Ἀπόκρισις.

176 5005 307 5060 θεοῦ
360 5003 688 5077 βουλομένου
726 4999 1019 5065 σιωπάσθω
1064 4999 1125 5052 τὸ
1177 4999 1323 5062 πῶς’
1372 4998 1493 5051 ἐπεὶ
1536 4996 1692 5068 κάγὼ

111 5098 327 5160 εἰκότως
358 5094 541 5167 ἐροιμί
574 5107 699 5145 σου·
741 5090 866 5154 Πῶς
910 5093 945 5162 ἡ
984 5090 1187 5159 θάμνος
1213 5089 1303 5142 ὲπὶ
1329 5088 1571 5149 Μωσέως
1603 5088 1693 5144 ὲκ-

113 5188 417 5260 φλεγομένη
440 5227 453 5249 ,
488 5186 549 5239 ού
579 5184 964 5263 κατεφλέγετο,
994 5182 1107 5235 ἀλλ’
1142 5180 1251 5235 οἷον
1275 5182 1449 5252 δρόσῳ
1483 5177 1691 5241 νοτιζο-

116 5286 246 5357 μένη
272 5283 511 5355 εὐθαλὴς
538 5280 745 5352 μᾶλλον
771 5280 1043 5332 ἐδείκνυτο
1071 5295 1084 5343 ;
1136 5276 1252 5341 πῶς
1284 5277 1339 5329 δὲ
1378 5278 1425 5328 οί
1461 5273 1691 5345 βόστρυ-

113 5395 198 5447 χοι
223 5378 313 5430 καὶ
339 5375 409 5438 τᾲ
434 5372 736 5441 ⁴σαράὸαρςι.
761 5369 869 5422 τῶν
896 5371 1022 5440 περὶ
1064 5369 1333 5431 Ἀνανίαν,
1363 5369 1419 5419 ἐν
1449 5369 1513 5436 τῇ
1542 5364 1689 5417 Χαλ-

113 5466 270 5524 δαίων
308 5467 527 5537 καμίνῳ
556 5508 571 5531 ,
604 5464 697 5516 ἐπὶ
723 5462 1130 5531 τεσσαράκοντα
1183 5461 1337 5513 ἐννέα
1373 5461 1563 5529 πήχεις
1593 5460 1693 5528 τῆς

176 5584 227 5615 ³³
263 5582 406 5639 Psal.
432 5595 589 5641 "ut,
616 5578 674 5641 6,
714 5576 769 5630 7.

189 5698 293 5781 φλ)
335 5697 572 5781 {del-ﬁag-
620 5694 659 5764 ἢ
694 5693 1023 5764 χωνεύσας.
1072 5686 1232 5742 Forte
1278 5686 1528 5756 φλέξαιῆ
1582 5702 1687 5754 χω-

117 5770 636 5911 “ﬁlii-0222mm
675 5831 1050 5891 includuntur,
1091 5828 1465 5897 supplevimus
1497 5839 1526 5878 e
1560 5838 1680 5889 ver—

387 5934 659 5993 Pnnoc.
692 5930 807 5991 Gn.
842 5922 1198 5989 XXXVIII.

2210 4444 2730 4500 INTERROGATIO
2768 4446 2955 4505 LXXI.

1870 4543 1935 4597 At
1965 4541 2239 4612 quomodo
2288 4555 2396 4595 non
2449 4540 2680 4595 solvitur
2711 4541 2914 4609 glacies
2965 4556 3063 4617 per
3110 4545 3242 4599 solis
3287 4546 3371 4601 in-

1796 4632 2245 4694 flammationem,
2276 4645 2404 4686 cum
2442 4637 2628 4685 tantus
2682 4631 2753 4686 sit
2806 4634 2973 4700 calor,
3000 4643 3055 4689 ut
3131 4636 3376 4706 plerique

1796 4726 1851 4780 in
1881 4723 2109 4780 meridie
2151 4738 2258 4775 non
2286 4721 2465 4776 ferant
2491 4721 2612 4790 ejus
2644 4718 2914 4774 flammam
2939 4724 2962 4775 ?
3120 4714 3125 4720 ’

2432 4894 2738 4965 Responsio.

1869 4994 2002 5062 Quia
2027 5002 2182 5046 tuum
2214 4990 2347 5049 illud
2368 5032 2385 5057 ,
2406 4989 2715 5057 Quomodo.
2748 4993 3023 5062 compesci
3056 5008 3158 5049 non
3208 4996 3321 5051 vult
3350 5011 3369 5050 :

1791 5087 1915 5158 jure
1936 5093 1990 5141 et
2015 5100 2114 5153 ego
2136 5099 2204 5139 ex
2242 5090 2296 5137 te
2323 5082 2691 5152 quasiverim,
2720 5084 2996 5151 quomodo
3029 5086 3194 5142 rubus
3232 5088 3377 5144 circa

1796 5176 1981 5233 Mosen
2017 5175 2217 5229 ardens
2262 5190 2369 5228 non
2425 5173 2869 5237 comburebatur,
2920 5174 3011 5227 sed
3042 5176 3199 5243 quasi
3250 5192 3377 5237 rore

1797 5285 2054 5343 aspersus
2105 5265 2283 5337 magis
2315 5264 2477 5321 etiam
2539 5263 2733 5319 viridis
2792 5265 3181 5319 cernebatur?
3230 5264 3378 5332 Quo-

1799 5361 1960 5417 modo
2007 5357 2260 5421 caesaries
2295 5365 2347 5408 et
2400 5353 2561 5422 pallia
2605 5355 2878 5409 sociorum
2917 5354 3141 5411 Ananiae
3175 5358 3226 5411 in
3264 5356 3380 5415 for-

1799 5468 1934 5508 nace
1980 5448 2382 5513 Chaldaeorum,
2422 5446 2630 5499 elevata
2668 5444 2733 5498 ad
2773 5445 3133 5516 quadraginta
3182 5463 3377 5507 novem

1795 5682 1949 5735 sione
1983 5676 2197 5731 Latina.
2254 5675 2330 5729 lo.

1864 5748 1976 5817 (26)
2018 5748 2513 5817 Ἐγκαλούμενρᾳ
2558 5743 2719 5817 Forte
2756 5744 3176 5817 ἐκκαλούμενος.
3212 5738 3290 5797 ιι).

1864 5811 1979 5891 (27)
2020 5811 2382 5887 Ἐλιφαίγεὶν.
2412 5811 2582 5871 Forte
2610 5816 2685 5878 ὼς
2716 5814 2958 5885 φεύγειν.
2992 5811 3070 5866 lo.

3069 5904 3147 5963 30
