3874 6526
74 400 158 456 9i!

76 520 165 569 ττδν
180 512 522 567 ἀδιάλειπτον
544 507 613 562 τὰ
660 506 836 561 πάντα
871 499 1421 575 μεταρῤωσθήσεται,
1468 495 1634 569 φησὶν

77 612 99 658 ὁ
139 603 239 656 τῶν
282 599 597 653 ἐνεστώτων
655 596 751 649 καὶ
805 592 1106 665 μελλόντων
1164 590 1307 653 θεῖος
1356 587 1593 660 μελῳδός
1617 602 1632 617 ο

87 690 534 757 ἐεαποστελεῖς
562 687 627 741 τὸ
649 684 891 755 Πνεῦμα
911 700 1050 749 σου,
1064 681 1162 737 καὶ
1183 679 1635 747 πεισθήσονται,

77 784 161 837 καί
182 779 558 846 ἁγωιαινιεῐς
587 778 655 832 τὸ
693 778 1021 847 πρόσωπον
1048 774 1161 844 τῆς
1183 775 1319 845 γῆς.

644 870 891 925 ΠΕΥΣΙΣ
931 867 1053 923 Ol".

135 966 333 1021 Οὐκοῦν
365 966 463 1019 καὶ
487 966 521 1034 ἡ
568 962 814 1017 Θάλασσα
842 959 994 1031 λήξει
1031 957 1161 1012 ποτὲ
1198 956 1295 1010 ἐπὶ
1323 954 1423 1025 τῆς
1451 970 1639 1007 συντε-

78 1061 234 1125 λείας,
264 1058 511 1127 τοσαύτη
560 1053 729 1118 οὖσα,
759 1053 854 1107 καὶ
902 1051 973 1105 τὰ
1024 1047 1393 1122 ὑπερουράνια
1433 1044 1639 1109 ὖδατας

87 1153 200 1206 Ἀνὰ
245 1151 452 1220 μέσον
484 1149 702 1212 ὕδατος
738 1145 837 1199 καί
882 1143 1100 1209 ὓδατος
1150 1138 1454 1211 γενηθήτω
1509 1153 1644 1191 στε-

73 1244 266 1313 ρέωμα,
302 1240 478 1310 φησιν
500 1240 528 1292 6
556 1237 710 1299 Θεός.

662 1326 1029 1393 Ἀπόκρισις.

140 1427 237 1480 Καὶ
270 1423 427 1495 μάλα
452 1422 675 1482 εἰκότως
709 1421 772 1471 ἐκ
799 1416 892 1470 τοῦ
920 1412 1125 1485 ὑψηλοῦ
1158 1412 1381 1466 Ἡσαΐου
1404 1406 1648 1462 παιδευό-

86 1520 234 1590 μεθα,
264 1517 466 1587 λήγειν
492 1514 591 1584 τὴν
622 1511 890 1565 θάλατταν
918 1509 1012 1561 καὶ
1042 1502 1404 1574 ἀφανίζεσθαι
1431 1500 1524 1553 ἐπὶ
1546 1498 1648 1569 τῆς

84 1611 383 1673 συντελείας
408 1625 421 1638 ⁸
459 1605 594 1675 φησὶ
635 1602 743 1674 γὰρ
780 1601 913 1672 πρὸς
940 1598 1033 1652 τὸν
1070 1595 1202 1650 Θεὸν
1239 1597 1269 1648 6
1319 1592 1605 1654 θεσπέσιος
1634 1606 1647 1618 ·

92 1700 348 1769 Ὀλέγων
375 1696 449 1765 τῇ
476 1695 726 1759 ἀϐύσσῳ
744 1709 758 1724 ·
799 1685 1186 1759 Ἐρημωθήσῃ
1207 1726 1221 1747 ,
1250 1682 1349 1737 καὶ
1377 1681 1520 1748 τοὺς
1546 1694 1650 1733 πο-

85 1790 283 1859 ταμούς
344 1797 464 1841 σου
501 1780 757 1852 ξηρανὰ
797 1777 1043 1833 Νοείσθω
1098 1776 1154 1829 δὲ
1194 1776 1259 1828 ἐκ
1316 1773 1649 1844 μεταφορᾶς,

84 1882 298 1943 ἄϐυσσος
337 1878 441 1949 μὲν
474 1875 672 1938 κακίας
723 1875 753 1926 6
806 1871 1078 1934 διάϐολος,
1114 1867 1350 1937 ποταμοὶ
1402 1864 1458 1917 δὲ
1512 1864 1563 1917 οἱ
1595 1861 1653 1927 ἐξ

82 1973 229 2029 αὑτοῦ
279 1973 385 2026 καὶ
437 1972 517 2031 εἰς
565 1966 727 2021 αὑτὸν
782 1965 998 2036 ῥέοντες
1061 1961 1351 2031 δαίμονες,
1402 1956 1503 2026 τῆς
1556 1954 1654 2025 μὲν

82 2064 411 2136 ἑπαφρὼσης
446 2063 581 2130 ἡμῖν
629 2054 998 2125 θανατηφόρα,
1038 2051 1147 2105 τῶν
1174 2050 1251 2116 δὲ,
1290 2047 1549 2117 κυμάτων
1578 2043 1655 2096 δί-

85 2176 173 2228 κην
211 2152 645 2226 κορυφουμένων
670 2189 685 2211 ,
724 2146 815 2200 καὶ
850 2144 1227 2213 ὲφαλλομένων
1260 2143 1394 2211 ἡμῖν
1446 2139 1532 2193 ἀεὶ
1566 2136 1655 2191 διὰ

84 2252 176 2303 τῶν
199 2244 550 2318 πειρασμῶν.
595 2238 898 2312 Ἀρκοῦσαν
930 2236 985 2289 δὲ
1026 2236 1185 2307 μόνον
1217 2236 1284 2305 τῇ
1323 2232 1413 2285 τοῦ
1456 2232 1657 2294 παντὸς

89 2341 330 2394 συστάσει
382 2335 544 2404 φύσιν
599 2331 707 2384 τῶν
759 2328 969 2382 ὑδάτων
1007 2329 1035 2380 6
1090 2325 1330 2395 Κτίστης
1381 2324 1658 2395 ἐμηχανή-

90 2446 236 2484 σατο*
281 2428 349 2481 οὐ
390 2426 551 2497 μόνον
580 2423 637 2476 δὲ
673 2423 739 2493 τῇ
790 2418 1088 2488 καταψύξει
1135 2418 1244 2470 τῶν
1275 2414 1659 2487 ὑπερκοσμίων

92 2524 281 2577 ὑδάτων
334 2517 731 2586 συντετήρηται
776 2512 836 2566 τὸ
876 2511 1163 2583 στερέωμα
1189 2550 1204 2574 ,
1240 2509 1377 2564 ἀλλὰ
1424 2507 1518 2562 καὶ¹
1562 2506 1661 2576 τὴν

93 2615 246 2683 φλόγα
277 2611 394 2665 τῶν
426 2608 728 2679 φωστήρων
764 2604 903 2676 πρὸς
936 2605 997 2657 τὸ
1036 2594 1187 2658 κάτω
1212 2603 1441 2673 πέμπει,
1463 2599 1542 2669 τῷ
1572 2614 1664 2651 πε-

94 2704 427 2778 πηλημμὲνῳ
458 2699 569 2770 (28)
601 2697 768 2752 αὑτοῦ
803 2696 1016 2768 σώματι
1042 2696 1104 2749 τὸ
1140 2693 1420 2766 ἀνωφερὲς
1438 2691 1533 2745 τοῦ
1564 2707 1665 2744 πυ-

95 2802 172 2871 ρὸς
200 2798 342 2870 πρὸς
372 2794 432 2848 τὸ
462 2793 613 2846 κάτω
643 2790 877 2845 διακλῶν
904 2829 918 2853 ,
954 2789 1048 2842 καὶ
1076 2790 1155 2852 εἰς
1185 2789 1407 2852 ἀκτῖνας
1432 2783 1663 2855 διαχέων

91 2892 159 2963 τῷ
202 2887 461 2959 πιεσμῷ,
493 2884 636 2939 κατὰ
684 2883 783 2955 τὴν
812 2885 994 2937 εἰκόνα
1033 2881 1134 2952 τῆς
1183 2882 1242 2934 ὲν
1289 2879 1478 2952 χερσὶν
1505 2877 1664 2949 ἡμῶν

94 2983 395 3055 λαμπάδος,
440 2978 646 3033 ἄνωθεν
702 2976 1031 3046 πιεζομένης
1082 2977 1181 3039 τῆς
1224 2972 1422 3042 φλογὸς
1474 2970 1664 3026 πίνακί

94 3096 191 3131 τινι
242 3076 279 3147 ἢ
321 3073 578 3142 τηγάνῳ,
609 3070 702 3124 καὶ
736 3071 813 3131 εἰς
843 3069 1065 3129 ἀκτῖνας
1116 3066 1210 3120 καὶ
1246 3064 1406 3136 βολὰς
1443 3064 1669 3119 διακλω-

97 3172 275 3241 μένης.
328 3165 421 3219 Διὸ
476 3164 571 3217 καὶ
628 3162 917 3232 μετάρσιον
963 3159 1055 3211 τὸν
1106 3157 1256 3229 ἥλιον
1296 3159 1325 3210 6
1361 3157 1468 3229 πρὸ
1505 3156 1667 3211 αὐτοῦ

95 3264 234 3334 ἥλιος
266 3256 506 3329 Χριστὸς
548 3253 932 3326 ἐμηχανήσατο
955 3293 969 3316 ,
1019 3249 1268 3305 ἐντεῦθεν
1300 3248 1395 3302 τοῦ
1457 3248 1670 3321 θέρους,

99 3350 298 3404 ἐκεῖθεν
349 3346 406 3401 δὲ
438 3342 706 3416 χειμῶνος
739 3340 1027 3409 ἀνίσχοντα
1048 3355 1062 3369 ο
1113 3340 1259 3401 ὅπως
1296 3338 1369 3409 μὴ
1413 3339 1506 3391 ἐπὶ
1538 3337 1672 3390 πολὺ

98 3444 169 3512 τῷ
224 3442 305 3494 ἑνὶ
340 3433 834 3509 προσδιατρίϐοντα
861 3430 1101 3501 κλήματι
1149 3430 1260 3498 (29)
1286 3471 1301 3494 ,
1330 3427 1675 3499 λυμήνασθαι

99 3536 191 3604 τὴν
228 3531 395 3601 ἁψῖδα
442 3526 538 3580 τοῦ
580 3522 958 3596 στερεώματος
982 3561 995 3585 ,
1026 3521 1060 3591 ἢ
1100 3518 1446 3592 παραφλέξαι
1489 3534 1544 3571 τι
1580 3518 1679 3590 τῆς

100 3623 528 3692 διακοσμήσεως.

683 3705 928 3762 ΠΕΥΣΙΣ
975 3706 1091 3758 ΟΔ¹⁸

170 3808 233 3860 Τί
281 3802 416 3868 οὗν;
452 3799 563 3873 ἆρα
598 3800 690 3853 καὶ
738 3797 809 3852 τὰ
858 3798 1205 3867 ὑπερκόσμια
1256 3793 1427 3847 ὕδατα
1482 3791 1683 3864 ὁμοίως

105 3906 209 3962 τοῖς
242 3896 552 3957 θαλαττίοις
587 3892 694 3945 εἰσὶ
726 3890 903 3961 πικρά
921 3906 985 3941 τε
1006 3888 1098 3941 καὶ
1126 3887 1364 3959 ἁλμυρὰ,
1393 3886 1489 3940 καὶ
1512 3885 1683 3956 βαρέα

106 3994 135 4061 ἢ
176 3989 432 4061 βρυώδη;
762 4064 765 4067 λ

717 4074 1082 4142 Ἀπόκρισις.

187 4175 461 4245 Ὶιμιόλιον
516 4170 611 4224 τοῦ
667 4169 868 4231 παντὸς
924 4167 1112 4227 ὓδατος
1163 4166 1226 4218 τὸ
1264 4164 1553 4235 ἀνακριθὲν
1580 4204 1593 4229 ,
1624 4163 1685 4215 οὗ

113 4272 290 4337 μέντοι
332 4264 663 4337 πικρότατον
691 4305 706 4328 ,
759 4260 793 4330 ἢ
832 4258 1155 4330 βαρύτατον,
1197 4256 1231 4327 ἢ
1265 4256 1686 4317 δυσωδέστατον,

114 4359 249 4411 κατὰ
270 4359 331 4411 τὸ
366 4357 681 4411 θαλάττιον*
723 4352 785 4406 τὸ
820 4351 919 4422 μὲν
950 4351 1058 4421 γὰρ
1084 4350 1145 4402 οὑ
1182 4348 1345 4418 ψαύει
1384 4346 1627 4401 ὑποθέων
1659 4346 1688 4397 6

112 4448 258 4517 ἣλιος
276 4486 291 4512 ,
320 4448 384 4500 τὸ
410 4446 465 4499 δὲ
490 4445 583 4497 ἐπὶ
630 4441 762 4495 πολὺ
802 4439 1125 4510 ὲπιλάμπων
1156 4438 1438 4509 ὲξατμίζει
1472 4436 1565 4490 καὶ
1594 4436 1690 4488 ἀν-

117 4542 301 4608 ιμᾶται
348 4539 475 4591 ὅσον
516 4533 851 4604 γλυκύτατόν
878 4548 938 4583 τε
966 4530 1060 4583 καὶ
1094 4529 1321 4599 πότιμον
1349 4530 1415 4598 τῇ
1456 4526 1690 4596 θαλάττῃ

116 4630 423 4698 ἐγκρίνεται
478 4624 565 4678 διὰ
610 4622 871 4695 ποταμῶν
922 4623 1014 4674 καὶ
1066 4619 1400 4692 χειμάρρων.
1446 4616 1693 4689 Ὀρῶμεν

117 4719 225 4790 γὰρ
259 4716 522 4778 πολλάκις
553 4712 736 4785 χώρας
786 4707 1108 4777 τεναγώδεις
1153 4710 1210 4760 ὲν
1248 4708 1347 4777 μιᾷ
1378 4702 1695 4776 μεσημϐρίᾳ⁸

120 4810 285 4881 ξηρὰς
310 4811 409 4864 καὶ
439 4808 704 4876 ἀνίκμους
733 4799 1181 4871 καταλειφθείσας
1205 4801 1315 4860 τοῖς
1340 4799 1532 4867 ἀτμοῖς
1553 4835 1567 4859 ,
1590 4796 1699 4849 δια-

120 4901 396 4971 κριθέντος
422 4896 518 4952 τοῦ
551 4896 739 4959 ὓδατος
759 4934 775 4959 ,
812 4892 906 4947 καὶ
932 4895 1000 4964 τῇ
1028 4891 1277 4961 ἀναφορᾷ
1304 4891 1423 4950 ταῖς
1448 4886 1696 4955 νεφέλαις

121 4991 482 5063 ἐγκραθέντος
500 5027 516 5051 ,
552 4985 716 5040 πάλιν
742 4986 809 5055 τῇ
838 4985 908 5055 γῇ
938 4981 1127 5052 ὥσπερ
1157 4983 1221 5033 ἐκ
1254 4977 1507 5046 σπόγγων
1530 4977 1700 5046 ἐκμυ-

124 5086 364 5157 ζόμενον,
391 5082 489 5139 καὶ
520 5082 601 5145 είς
632 5078 786 5134 ὑετὸν
819 5073 1348 5147 ὲξοικονομούμενον.

704 5357 954 5414 ΠΕΥΣΙΣ
997 5355 1117 5411 OE'.

204 5455 265 5507 Τί
291 5450 424 5521 οὗνς
453 5455 504 5508 οἱ
536 5452 733 5525 δμὸροι
765 5452 830 5505 ὲκ
867 5449 964 5519 τῆς
1005 5444 1280 5515 θαλάσσης
1308 5440 1703 5513 χορηγούμενοι

1463 378 1570 436 DiA
1579 375 1709 433 LOG
1720 374 1808 432 US
1864 377 1903 433 Ι.

3211 376 3320 436 963

1741 502 1853 548 tam
1878 491 2224 564 praesentium
2248 506 2413 563 quam
2432 492 2759 548 iuturorum
2784 489 3006 549 divinus
3031 492 3123 550 ille
3139 500 3319 560 vates.

1743 587 1829 642 his
1851 585 2064 641 verbis:
2087 582 2310 641 Emitte:
2342 583 2601 655 Spiritum
2632 592 2801 650 tuum,
2831 594 2880 639 et
2904 584 3247 645 creabantur.
3267 594 3321 644 ct

1744 676 2017 733 renovabis
2038 676 2228 747 faciem
2260 687 2414 731 terra:
2432 676 2497 730 ".

2134 855 2653 913 INTERROGATIO
2693 852 2928 915 LXXIII.

1818 945 1958 1001 Num
1996 955 2050 1002 et
2087 961 2237 1002 mare
2271 947 2488 1002 desinet
2530 949 2851 1025 aliquando,
2878 950 2933 1003 in
2973 964 3329 1005 consumma-

1749 1043 1935 1109 tione,
1976 1058 2100 1099 cum
2144 1051 2257 1097 tam
2310 1057 2567 1113 magnum
2619 1044 2736 1098 sit?
2783 1059 2914 1098 num
2954 1045 3115 1099 etiam
3157 1046 3331 1098 ultra-

1749 1135 2002 1191 coelestes
2032 1149 2186 1205 aqua:
2213 1175 2228 1199 ,
2266 1135 2333 1190 de
2374 1135 2579 1205 quibus
2624 1135 2803 1205 inquit
2850 1135 3035 1192 Deus:
3088 1135 3331 1190 Εαεὶειαι

1752 1226 1889 1280 inter
1922 1242 2116 1295 aquam
2147 1235 2195 1280 et
2226 1242 2426 1295 aquam
2463 1227 2859 1293 ﬁrmamentum
2892 1226 2982 1280 “1'

2390 1316 2696 1386 Responsio.

1825 1407 1992 1479 Atqui
2040 1410 2208 1472 satis,
2260 1416 2320 1463 ut
2364 1417 2626 1479 apparet.
2663 1409 2732 1463 ab
2762 1410 2964 1465 eximio
2998 1410 3137 1467 Isaia
3171 1414 3335 1469 doce-

1755 1517 1902 1566 mur,
1954 1517 2104 1556 mare
2146 1500 2379 1556 deiicere
2414 1510 2469 1555 et
2514 1516 2844 1558 evanescere
2891 1503 2945 1557 in
2986 1518 3338 1560 consumma-

1756 1596 1924 1650 tione.
1953 1594 2131 1664 lnquit
2156 1595 2303 1649 enim
2335 1593 2402 1647 ad
2436 1593 2602 1649 Deum
2635 1602 2864 1650 sanctus
2896 1595 2986 1650 ille
3012 1604 3166 1653 vates
3188 1598 3339 1665 τρυε

1756 1685 1889 1741 dicit
1917 1685 2109 1757 abysso
2132 1702 2150 1739 :
2182 1684 2515 1741 Desolaberis
2538 1726 2551 1750 ,
2581 1696 2628 1740 et
2651 1687 2877 1755 ﬂumina
2906 1697 2995 1741 tua
3022 1690 3236 1745 siccabo
3268 1691 3337 1746 ³³.
3416 1738 3421 1741 ,

1759 1778 2137 1848 lntclligantur
2168 1788 2350 1833 autem
2406 1779 2797 1849 metaphnrice,
2835 1781 3068 1847 abyssus
3117 1783 3339 1852 quidem

1760 1870 2010 1935 malitiae,
2042 1869 2337 1935 diabolus;
2389 1870 2612 1924 ﬂumina
2663 1880 2843 1926 autem
2890 1888 2955 1927 ex
3013 1873 3133 1943 ipso
3181 1882 3238 1931 et
3283 1874 3340 1930 in

1761 1962 1941 2031 ipsum
1996 1962 2258 2025 ﬂuentia,
2311 1961 2622 2026 daemones,
2671 1964 2892 2031 quando
2932 1963 3080 2019 illius
3119 1964 3339 2034 quidem

1762 2056 1993 2109 alluvies
2024 2053 2183 2108 nobis
2219 2052 2431 2108 letifera
2462 2063 2540 2108 est
2571 2072 2585 2120 ;
2623 2054 2677 2107 hi
2711 2070 2840 2109 vero
2870 2054 3133 2109 ﬂuctuum
3169 2056 3346 2111 instar

1764 2148 2071 2208 elevantur,
2109 2154 2164 2201 et
2190 2161 2411 2215 semper
2446 2145 2714 2200 insultant
2755 2147 2913 2201 nobis
2954 2162 3050 2216 per
3086 2147 3345 2201 tentatio-

1767 2256 1883 2294 nes.
1917 2239 2088 2293 Porro
2115 2247 2364 2293 naturam
2397 2254 2662 2309 aquarum
2678 2240 2902 2294 Creator
2925 2239 3172 2294 condidit
3189 2280 3204 2301 ,
3226 2253 3349 2309 qua:

1768 2332 2112 2387 Solummodo
2149 2331 2423 2386 sullicerct
2460 2330 2699 2386 universi
2736 2330 2901 2400 hujus
2940 2332 3347 2387 constitutioni.

1767 2423 1886 2478 Non
1920 2426 2096 2480 solum
2123 2431 2303 2478 autem
2334 2422 2401 2478 ad
2428 2423 2770 2494 refrigerium
2802 2423 3350 2481 ultramundanarum

1771 2533 2038 2585 aquarum
2098 2524 2438 2571 reservatum
2497 2525 2583 2572 cst
2648 2516 3088 2579 ﬁrmamentum,
3150 2516 3248 2574 sed
3295 2524 3353 2575 et

1769 2612 2043 2663 thmmam
2097 2608 2240 2662 Deus
2297 2606 2648 2661 luminarium
2705 2608 2773 2663 ad
2828 2608 3093 2665 inferiora
3148 2609 3352 2675 mittit,

1774 2700 2079 2773 propinquo
2122 2716 2224 2755 suo
2272 2715 2503 2769 corpore
2547 2717 2769 2756 sursum
2809 2702 3119 2757 tendentem
3167 2703 3350 2774 ignem

1773 2791 1839 2844 ad
1872 2790 2361 2861 inferioralcogens
2382 2829 2398 2853 ,
2424 2798 2479 2846 ct
2509 2792 2563 2845 in
2593 2792 2777 2847 radios
2811 2791 3125 2849 diﬂ'undens
3186 2792 3347 2849 reﬂe-

1774 2885 1989 2938 xionem
2012 2922 2027 2945 ,
2060 2881 2287 2953 perinde
2329 2897 2393 2936 ac
2433 2883 2477 2937 si
2521 2882 2829 2952 lampadem
2864 2883 2919 2938 in
2966 2884 3225 2943 manibus
3255 2899 3357 2942 no-

1775 2979 1906 3033 stris
1936 2985 2185 3032 tenentes
2206 3017 2221 3040 ,
2258 2992 2495 3045 superne
2523 2991 2838 3045 premamus
2868 2976 3143 3033 ﬂammam
3172 2977 3359 3035 tabula

1775 3070 1857 3123 vel
1894 3068 2126 3140 patella,
2171 3076 2226 3122 et
2270 3066 2323 3121 in
2370 3066 2555 3122 radios
2600 3081 2663 3120 ac
2704 3067 3101 3137 ejaculationes
3143 3069 3360 3142 franga-

1777 3176 1920 3216 mus.
1964 3158 2178 3214 ldcirco
2207 3158 2500 3214 sublimem
2539 3160 2711 3215 solem
2747 3158 2879 3215 fecit
2917 3160 3041 3231 ipso
3082 3161 3234 3232 prior
3274 3162 3359 3219 sol

1775 3250 2065 3316 Christus;
2096 3255 2150 3303 et
2176 3248 2306 3303 hinc
2337 3247 2588 3303 mstivum
2607 3290 2622 3314 ,
2648 3249 2798 3303 illinc
2825 3248 3117 3304 hibernum
3144 3258 3358 3316 ortum,

1780 3359 1847 3396 ne
1889 3341 2098 3396 diutius
2133 3341 2188 3395 in
2229 3341 2423 3396 eodem
2473 3339 2818 3395 immorando
2856 3347 3068 3402 tractu,
3112 3354 3363 3395 corrum-

1782 3444 1941 3504 patur
1973 3433 2420 3490 circumferentia
2460 3433 2827 3499 firmamenti,
2872 3440 2967 3487 aut
3007 3432 3189 3505 aliqua
3231 3447 3363 3504 pars

1780 3525 1933 3579 orbis
1961 3524 2340 3579 comburatur.

2172 3706 2691 3765 lNTERllOGATIO
2739 3706 2976 3763 LXXIV.

1856 3803 2128 3871 Quidnam
2162 3804 2329 3875 igitur
2361 3802 2717 3859 statuendum
2749 3801 2818 3856 de
2857 3801 3016 3871 aquis
3063 3800 3370 3856 ultramun-

1786 3894 1945 3948 dunis
1968 3894 1991 3947 ἲ
2018 3910 2144 3947 num
2177 3894 2388 3949 similes
2415 3892 2648 3948 marinis
2676 3900 2842 3956 sunt,
2874 3906 3075 3946 amarae
3098 3898 3156 3947 et
3184 3891 3369 3959 salsas,

1787 3994 1839 4039 ct
1870 4000 2066 4056 graves
2098 3992 2153 4039 et
2187 3983 2496 4038 muscosac?

2404 4073 2718 4142 Responsio.

1862 4164 2158 4219 Dimidium
2190 4175 2273 4220 est
2306 4165 2579 4219 universa.
2614 4176 2799 4232 aqua),
2838 4162 2891 4217 id
2925 4162 3073 4233 quod
3102 4177 3373 4228 supernas

1790 4258 1843 4312 in
1883 4267 2063 4328 partes
2112 4266 2197 4313 est
2245 4265 2549 4319 secretum,
2582 4263 2811 4326 excepto
2856 4255 3001 4326 quod
3050 4270 3160 4311 non
3212 4255 3378 4310 habet

1792 4349 2019 4403 nimium
2055 4348 2205 4401 illmu
2241 4362 2580 4411 amarorem,
2622 4356 2711 4401 aut
2758 4348 3077 4419 gravitatem
3108 4356 3204 4403 aut
3237 4347 3379 4403 l‘eto-

1794 4457 1941 4505 rem,
1972 4440 2064 4510 qui
2103 4449 2188 4495 est
2239 4441 2291 4493 in
2320 4455 2462 4510 aqua
2509 4442 2768 4505 marina;
2810 4455 2937 4495 nam
2973 4441 3121 4497 illam
3154 4441 3380 4512 quidem

1794 4548 1899 4587 non
1929 4531 2143 4602 attingit
2177 4532 2366 4587 subter
2393 4531 2570 4601 ipsam
2600 4546 2832 4587 currens
2860 4532 2945 4586 sol
2971 4570 2987 4597 ,
3022 4532 3164 4587 hanc
3190 4541 3377 4587 autem

1796 4634 2059 4696 perpetuo
2108 4638 2210 4679 suo
2256 4622 2554 4693 splendore
2611 4639 2936 4694 permeans,
2997 4638 3094 4693 per
3147 4637 3381 4693 vapores

1798 4717 1983 4771 haurit
2021 4724 2076 4772 et
2118 4716 2375 4771 subvehit
2410 4715 2674 4786 quidquid
2715 4717 2961 4770 omnium
2993 4714 3381 4770 dulcissimum

1798 4820 1851 4862 et
1879 4808 2115 4878 potabile
2145 4809 2211 4863 de
2243 4807 2561 4863 ﬂuminibus
2581 4816 2636 4863 et
2661 4807 2998 4863 torrentibus
3025 4806 3082 4861 in
3108 4820 3260 4861 mare
3285 4819 3384 4860 ex-

1800 4900 2066 4955 cernitur.
2096 4898 2353 4955 Videmus
2373 4900 2519 4955 enim
2543 4913 2917 4970 smpenumero
2942 4897 3191 4969 regiones
3212 4911 3383 4968 aqua-

1803 5008 1924 5046 rum
1953 4994 2109 5062 capia
2137 4992 2450 5046 inaccessas
2468 5030 2485 5057 ,
2514 5006 2626 5046 uno
2655 4990 2885 5046 meridie
2909 4989 3094 5047 aridas
3121 4995 3178 5045 et
3203 4990 3383 5046 siccas

1804 5083 2037 5151 relinqui
2062 5120 2076 5145 ,
2114 5096 2210 5151 per
2248 5095 2482 5151 vapores
2512 5095 2653 5151 aqua
2683 5086 2932 5150 separata
2952 5117 2968 5143 ,
2996 5085 3051 5133 et
3078 5093 3175 5149 per
3200 5076 3385 5133 eleva-

1804 5173 2008 5228 tionem
2039 5172 2276 5229 nubibus
2311 5172 2554 5228 immista
2580 5214 2595 5238 ,
2631 5171 2777 5227 unde
2809 5185 3007 5226 rursus
3035 5177 3197 5225 terra:
3223 5168 3385 5241 quasi

1806 5282 1871 5321 ex
1906 5265 2152 5337 spongiis
2181 5263 2529 5334 exprimitur,
2567 5272 2624 5319 et
2654 5262 2711 5317 in
2743 5261 2982 5334 pluviam
3018 5260 3383 5318 convertitur.

2203 5354 2728 5412 INTERROGATIO
2767 5352 2978 5409 LXXV.

1884 5447 2021 5502 Num
2071 5447 2237 5517 igitur
2284 5447 2489 5504 imbres
2542 5462 2608 5503 ex
2657 5446 2798 5501 mari
2850 5444 3179 5517 suppeditati
3227 5443 3389 5500 nubi-

132 5547 245 5610 ταῖς
269 5544 523 5616 νεφέλαις
545 5583 561 5609 ,
589 5541 748 5597 πάλιν
780 5542 848 5612 τῇ
885 5541 956 5610 γῇ
990 5535 1370 5607 σκορπίζονται
1400 5549 1414 5599 ;
1455 5533 1550 5587 καὶ
1590 5530 1667 5584 πιῖ

1811 5535 1949 5602 bus,
2008 5552 2206 5593 rursus
2264 5551 2431 5608 super
2480 5544 2685 5591 terram
2738 5534 3171 5607 disperguntur?
3218 5532 3390 5606 Atqui

204 5676 246 5710 ⁸¹
282 5676 428 5734 Psal.
463 5689 581 5740 cm,
624 5673 715 5729 50.

207 5794 315 5865 (εδ)
353 5790 823 5863 Πεπηλημμένῳ.
874 5786 1182 5860 chendum
1217 5784 1432 5843 videtur
1470 5783 1704 5855 πεπιληο

145 5864 283 5937 μένῳ
298 5864 301 5865 ⁷
314 5876 570 5921 concreto.

790 5671 835 5703 ³³
873 5668 1008 5725 Gen.
1043 5683 1082 5734 ι,
1114 5666 1171 5723 6.
1246 5665 1292 5697 ⁸³
1334 5664 1437 5720 lsa.
1478 5676 1627 5728 xuv,
1667 5662 1760 5720 26.

1884 5784 1996 5857 (29)
2029 5784 2316 5855 κλήματι.
2346 5782 2508 5840 Forte
2541 5781 2782 5856 κλίματι.
2823 5780 2980 5838 lion.
