3874 6572
82 473 179 534 94ιῖ

77 593 217 658 σθαι,
255 591 358 660 τῆς
388 590 628 644 ἁδύσσου
661 591 930 664 ὑπάρχειν
960 593 1028 648 τὰ
1062 597 1300 665 κρηναῖα
1339 594 1506 650 ὕδατα
1535 637 1550 662 ,
1584 595 1672 649 διά

80 684 324 755 σομφωδε
334 684 541 754 στέρων
563 685 806 755 λαγόνων
836 689 934 757 τῆς
960 686 1158 758 χέρσου
1182 686 1566 757 ἀναδιδόμενα.
1588 689 1670 742 Τὰ

80 774 179 844 γὰρ
205 774 403 845 μακρά
440 775 507 827 ἐκ
533 775 633 844 τῆς
676 774 916 830 ἀϐύσσου
953 776 1145 830 ἀνόδου
1189 777 1670 849 διασκολιευόμενα

79 866 176 918 τῶν
197 867 409 938 πόρων,
436 865 533 937 τὴν
565 867 786 938 πικρίαν
814 866 1128 932 ἀποζέεται,
1149 868 1243 922 καὶ
1266 869 1364 939 τὴν
1394 869 1670 940 ἁλμυρίδα

75 957 444 1028 ἁποτιθέμενα
489 955 860 1025 γλυκαίνεται.
907 957 981 1010 Τὸ
1011 957 1070 1011 δὲ
1102 962 1414 1029 φρεατιαῖον
1443 959 1670 1024 είκότως

78 1048 396 1121 βαρύτερον,
431 1049 528 1104 καὶ
567 1049 818 1118 έναλμον,
851 1050 946 1103 καὶ
975 1049 1240 1105 δύσποτον
1271 1051 1505 1122 ὑπάρχει
1527 1091 1543 1117 ,
1576 1052 1668 1108 διά

76 1141 127 1193 εδ
155 1141 485 1210 πλησιάζειν
518 1143 584 1213 τῇ
625 1139 849 1212 ἀδύσσῳ
878 1140 971 1194 τὸν
1017 1139 1273 1210 πυθμένα
1297 1179 1312 1205 ,
1345 1142 1440 1195 καὶ
1472 1141 1666 1213 ὥσπερ

76 1233 222 1287 κάδον
242 1233 372 1287 τινὰ
401 1234 435 1304 ἦ
466 1232 621 1287 πῑθον
650 1231 1005 1304 ὲπινήχεσθαι
1029 1234 1096 1303 τῇ
1131 1231 1356 1304 ἀὸύσσῳ
1373 1273 1388 1298 ,
1423 1232 1516 1287 τὸν
1541 1232 1665 1288 ὅθεν

77 1324 158 1376 καὶ
181 1326 246 1392 τῇ
278 1321 563 1394 ἐγγυτέρᾳ
591 1322 762 1392 ἀνόδῳ
817 1321 912 1375 καὶ
959 1322 1347 1394 συντομωτέρα
1397 1323 1664 1394 ἔκφανείᾳ.

78 1414 143 1485 μὴ
168 1413 438 1466 δύνασθαι
477 1414 578 1485 τὴν
618 1412 909 1466 θαλαττίαν
937 1412 1142 1484 πικρὰν
1172 1412 1444 1482 ἁλμυρίδα
1463 1452 1480 1478 ,
1525 1411 1664 1466 ἀλλά

80 1507 245 1574 μέσως
276 1505 391 1557 πᾶν
420 1503 588 1574 ἔχειν,
618 1504 711 1559 ruﬁ
745 1504 845 1574 μὲν
881 1502 1142 1574 κρηναίου
1181 1502 1528 1574 βαρυτέοως,
1563 1502 1660 1557 τοῦ

75 1598 123 1650 δὲ
149 1597 442 1650 θαλαττίου
487 1597 851 1669 κουφοτέροις.

661 1711 910 1765 ΠΕΥΣΙΣ
949 1711 1066 1764 08'.

135 1821 252 1885 Πῶς
283 1821 584 1890 ἀνάγουσιν
612 1823 666 1876 αἱ
691 1821 908 1892 νεφέλαι
927 1820 986 1875 τὸ
1015 1820 1304 1874 θαλάσσιον
1330 1818 1476 1890 ὕδωρ
1499 1837 1514 1887 ;
1538 1818 1662 1884 πῶς

76 1914 122 1966 δὲ
142 1913 478 1984 ἀναληφθὲν,
505 1915 606 1967 οὐκ
639 1914 800 1978 εὐθὺς
830 1915 1099 1984 ἐπιχεῖται
1124 1931 1139 1979 ;
1180 1913 1296 1977 πῶς
1332 1913 1425 1965 καὶ
1453 1912 1513 1965 ἐν
1545 1910 1654 1964 τίσι

78 2009 159 2076 μὲν
186 2010 376 2072 τόποις
400 2008 612 2080 βρέχει,
643 2008 701 2061 ἐν
734 2007 843 2060 τίσι
872 2007 931 2061 ού
955 2007 1140 2079 βρέχει
1165 2021 1181 2070 ;

679 2205 1044 2272 Ἀπόκρισις.

134 2303 400 2352 Ἄκουσον
435 2296 531 2350 τοῦ
562 2295 726 2350 Δαϐὶδ
757 2297 885 2368 περὶ
911 2294 1045 2348 Θεοῦ
1073 2292 1438 2365 μελῳδοῦντος
1459 2309 1470 2317 ·
1496 2295 1653 2348 Συν-

73 2392 214 2461 ἁςεων
238 2390 390 2445 ὡσεί
425 2388 622 2443 ἀσκὸν
660 2387 849 2441 ὕδατα
875 2384 1224 2455 θαλάσσης·
1256 2385 1444 2456 ἐτέρου
1477 2385 1533 2438 δὲ
1564 2384 1655 2438 λέ-

78 2502 236 2550 γοντος
257 2501 272 2514 ο
311 2481 636 2552 Δεσμεύων
663 2479 776 2550 (51)
819 2477 977 2546 ὕδωρ
1017 2477 1088 2532 ἐν
1126 2477 1408 2546 νεφέλαις
1440 2477 1648 2546 ἀέρων.

79 2579 172 2645 Πρὸ
199 2576 415 2631 τούτων
441 2575 498 2628 δὲ
550 2572 695 2640 Ἰὼὸ,
721 2573 751 2625 ό
780 2570 891 2625 τῶν
931 2571 1074 2625 κατά
1099 2570 1230 2624 Θεὸν
1263 2569 1490 2638 ἀγώνων
1521 2569 1654 2623 καθ-

81 2673 287 2741 ηῖητὴς,
311 2667 529 2740 πύργος
551 2667 644 2720 καὶ
661 2663 945 2736 πρόϐολος,
974 2661 1138 2733 φησί·
1159 2663 1268 2717 Καὶ
1299 2664 1409 2717 οὐκ
1433 2660 1650 2732 ἐρῤάγη

82 2762 236 2832 νέφος
288 2760 580 2816 ὑποκάτω
611 2757 820 2821 αὑτοῦ,
851 2755 944 2809 τοῦ
976 2754 1168 2818 ὓδατος
1203 2755 1464 2826 δηλονότι.
1494 2753 1652 2807 Νοεί-

82 2854 170 2909 σθω
197 2855 252 2908 δὲ
279 2855 382 2907 καὶ
414 2851 544 2924 περὶ
569 2852 668 2922 τῇς
689 2847 1010 2918 θεανδρικῆς
1036 2845 1131 2901 τοῦ
1152 2848 1405 2918 Σωτῆρος
1437 2844 1643 2915 ἀναλή-

77 2945 217 3013 ψεως.
244 2943 473 3014 Νεφέλη
505 2940 615 3012 γάρ
636 2937 811 3010 ὑπέϐη
837 2941 950 3002 τοῖς
979 2937 1136 2991 ποσὶν
1167 2935 1352 2999 αὐτοῦ,
1375 2935 1438 2988 οὐ
1462 2951 1650 3006 συνερ-

81 3036 226 3103 γοῦσα
259 3036 405 3107 πρὸς
437 3033 534 3107 τὴν
562 3033 768 3096 ἄνοδον,
798 3029 936 3085 ἀλλά
961 3027 1217 3083 δεικνῦσα
1243 3028 1447 3082 ἐκεῖνον
1473 3027 1650 3100 ὑπάρ-

81 3147 192 3198 χειν,
216 3130 315 3183 τὸν
343 3129 437 3183 διά
463 3127 728 3190 λαίλαπος
753 3125 848 3178 καὶ
867 3123 1044 3193 νεφῶν
1075 3121 1243 3176 πάλαι
1272 3121 1371 3192 μὲν
1399 3119 1476 3192 τῷ
1508 3119 1648 3184 Ἰὼϐ,

83 3227 176 3294 μετ’
193 3224 362 3278 αὑτὸν
390 3222 446 3275 δὲ
467 3220 545 3291 τῷ
591 3219 783 3274 Μωσεῖ
805 3215 1175 3286 φθεγγόμενον
1200 3231 1214 3246 ο
1259 3210 1650 3283 πληρουμένων

77 3317 239 3369 ὂὲτῶν
269 3312 476 3384 νεφῶν,
527 3310 690 3365 οἱονεὶ
734 3309 918 3364 ἀσκῶν
956 3307 990 3378 ἢ
1038 3305 1286 3376 σιφώνων
1314 3305 1498 3370 τινῶν,
1530 3305 1651 3359 ἀντὶ

77 3407 255 3478 δεσμοῦ
305 3408 342 3477 ἦ
394 3403 682 3470 δακτύλου,
717 3402 752 3474 ἢ
809 3401 903 3456 τοῦ
942 3399 1284 3462 ὲκθλίὸοντος
1328 3396 1548 3469 πιεσμῷ
1590 3398 1650 3452 τὸ

78 3501 199 3571 ὓδωρ
249 3498 349 3552 τοῦ
409 3497 662 3566 σίφωνος,
695 3495 758 3548 τὸ
791 3493 931 3548 θεῖον
959 3492 1140 3556 αὐτοῖς
1187 3491 1461 3544 ἐπίκειται
1480 3489 1650 3560 πρόσ-

77 3608 262 3661 ταγμα,
286 3587 434 3643 καεά
465 3588 564 3659 τὴν
584 3585 769 3641 εἰκόνα
785 3583 894 3638 τῶν
925 3584 1021 3638 νῦν
1051 3582 1328 3654 ἐμπόρων,
1351 3579 1648 3635 καθιέντων

82 3684 159 3751 μὲν
186 3683 265 3744 ὡς
287 3684 347 3735 ὲν
397 3679 542 3752 βυθῷ
569 3677 647 3749 τῷ
687 3676 871 3732 σκεύει
900 3676 992 3730 τὸν
1033 3675 1261 3745 σίφωνα,
1297 3673 1390 3727 καὶ
1429 3671 1650 3744 πληρω-

81 3769 240 3832 tam,
266 3769 364 3822 ἐπὶ
381 3769 448 3839 τῇ
480 3767 749 3822 ἀντιθέσει
770 3765 865 3820 τοῦ
886 3764 1193 3837 ἀντιχείρου
1211 3762 1532 3832 ἀνάγεσθαι,
1554 3764 1650 3818 καὶ¹

78 3861 149 3914 διὰ
197 3862 387 3931 πάσης
442 3859 543 3931 τῆς
595 3859 774 3923 οἰκίας
817 3858 894 3922 ώς
925 3856 1013 3911 διὰ
1055 3856 1262 3928 κόσμου
1289 3857 1388 3920 τὰς
1419 3855 1649 3927 νεφέλας

82 3953 288 4025 πλήρεις
321 3950 607 4024 φέρεσθαι,
658 3948 1120 4022 ἑξοικονομεῖσθαι
1147 3949 1205 4002 δὲ
1231 3949 1293 4003 τὸ
1337 3949 1648 4021 ἀναληφθὲν

81 4045 193 4114 πρὸς
219 4045 282 4098 τὸ
308 4044 498 4098 δοκοῦν
520 4041 598 4113 τῷ
618 4041 967 4115 ἀρυσαμένῳ,
995 4044 1058 4112 τῇ
1082 4041 1347 4113 ἐπαγωγῇ
1387 4043 1480 4096 καὶ
1507 4043 1648 4095 ἀπο-

81 4135 205 4190 θέσει
224 4137 316 4191 τοῦ
335 4135 625 4189 δακτύλου.

677 4248 926 4302 ΠΕΥΣΙΣ
958 4250 1038 4302 [Γ.

137 4345 358 4398 Πάντων
377 4342 789 4415 περιεχομένων
809 4340 886 4411 τῷ
903 4339 1058 4393 ὕδατι
1081 4337 1295 4411 πρώην,
1318 4338 1410 4393 καὶ
1424 4336 1648 4408 ἀῦύσσῳ

84 4437 508 4508 καλυπτομένων,
561 4433 678 4498 πῶς
711 4433 948 4505 συνήχθη
990 4433 1085 4487 καὶ
1129 4431 1526 4504 συνεχώρησεν,
1554 4429 1650 4486 τοῦ

82 4529 194 4582 θεοῦ
223 4531 489 4592 εἰπόντος,
520 4525 885 4596 Συναχθήτω
903 4526 969 4578 τὸ
993 4523 1150 4594 ὕδωρ
1177 4525 1266 4592 είς
1287 4523 1652 4596 συναγωγὴν

84 4618 222 4684 μίαν,
244 4618 344 4671 καί
363 4615 602 4686 ὀφθήτω
617 4615 654 4682 ή
695 4614 886 4682 ξηρά;

689 4705 1044 4773 Ἀπόκρισις.

149 4803 207 4854 Ἡ
233 4801 329 4854 τοῦ
361 4799 562 4862 παντὸς
587 4797 853 4870 δραστικὴ
885 4797 1006 4851 θεία
1028 4797 1278 4869 δύναμις,
1318 4801 1408 4854 ὅτε
1441 4802 1649 4860 συνεῖδε

86 4897 200 4965 πρὸς
251 4896 378 4966 μίαν
421 4893 746 4963 συναγωγὴν
794 4890 1158 4962 ἀποκριθῆναι
1191 4891 1252 4944 τὸ
1285 4891 1452 4966 ὕδωρ.
1491 4890 1650 4959 αὖθις

85 4986 235 5038 καὶτὸ
259 4985 451 5056 μέλλον
499 4983 632 5036 αὐτὸ
678 4981 1038 5051 ὑποδέχεσθαι
1073 4981 1644 5055 χωρίον’παρήγαγεν.

85 5075 200 5128 Οὐδὲ
221 5077 327 5148 γὰρ
360 5070 430 5145 ἦν
460 5076 494 5144 ἡ
526 5072 633 5138 ἔξω
668 5072 936 5143 Γαδείρων
961 5072 1218 5136 θάλαττα,
1250 5073 1374 5127 οὐδὲ
1405 5075 1468 5128 τὸ
1505 5075 1650 5146 μέγα

86 5168 164 5220 καὶ
206 5169 508 5239 ἁτόλμητον
557 5165 836 5238 πλωτῆρσι
868 5165 1121 5234 πέλαγος,
1158 5165 1218 5219 τδ
1242 5166 1342 5236 τὴν
1365 5167 1650 5238 Βρεττανι-

90 5260 172 5329 κὴν
200 5262 359 5331 νῆσον
387 5262 484 5315 καὶ
512 5261 639 5323 τοὺς
673 5259 990 5330 Ἐσπερίους
1013 5258 1241 5329 Ἴϐηρας
1277 5261 1644 5332 περιπτυσσόο

90 5367 252 5417 μενον·
284 5353 422 5407 ἀλλά
460 5353 582 5406 τότε
610 5351 710 5422 τῆς
741 5351 922 5423 χώρας
979 5349 1058 5420 τῷ
1093 5349 1221 5420 θείῳ
1263 5350 1644 5422 προστάγματι

89 5440 584 5517 δημιουργηθείσης,
615 5446 700 5498 ἐπ’
735 5443 904 5515 αὐτὴν
943 5441 1197 5512 συνεδόθη
1220 5441 1328 5496 τῶν
1347 5441 1554 5497 ὑδάτων
1579 5442 1648 5496 τά

90 5533 264 5610 πλήθη.

1529 474 1876 533 DIALOGUS
1918 474 1956 530 l.

3251 473 3358 533 9&8

1783 610 1882 650 nas
1911 608 2084 664 aquas
2117 607 2184 648 ex
2225 592 2430 663 abysso
2453 606 2583 647 esse
2607 606 2703 662 per
2737 591 2976 648 laxiores
3005 591 3162 648 sinus
3193 599 3354 647 terra:

1775 685 2040 741 redditas.
2077 681 2217 738 Nam
2247 683 2438 754 procul
2471 698 2540 738 ex
2571 682 2775 755 abysso
2807 683 3124 749 tendentes,
3155 693 3210 740 et
3237 693 3353 742 tor-

1775 786 1933 831 tuose
1975 790 2074 846 per
2109 782 2326 830 meatus
2368 783 2656 836 manantes
2676 814 2693 839 ,
2725 774 2945 830 fervida:
2973 775 3132 832 facta
3157 781 3354 836 amari-
3386 813 3390 816 -

1772 860 2016 920 tudinem
2042 861 2336 924 amittunt,
2364 871 2418 916 et
2442 861 2782 932 salsuginem
2807 863 3138 932 (inponentes
3161 866 3350 925 dulee-
3384 900 3388 905 η

1770 962 1953 1010 scunt.
1984 951 2159 1014 Porro
2186 953 2422 1023 putealis
2446 995 2460 1019 ,
2494 964 2552 1008 ut
2583 969 2682 1025 par
2710 962 2834 1020 est,
2864 957 3086 1027 gravi-or
3117 967 3171 1013 et
3215 961 3348 1017 subs

1770 1046 1947 1110 salsa,
1989 1054 2046 1100 et
2073 1060 2270 1114 parum
2302 1045 2556 1115 potabilis
2584 1055 2670 1101 est
2689 1086 2705 1110 ,
2737 1055 3024 1116 propterea
3049 1049 3196 1118 quod
3223 1051 3344 1107 fun-

1769 1138 1902 1192 dum
1929 1137 2136 1210 abysso
2162 1138 2530 1208 propinquum
2563 1138 2726 1194 habet
2747 1178 2764 1204 ,
2795 1147 2852 1194 et
2887 1149 3144 1211 tanquam
3180 1143 3352 1205 cadus

1763 1239 1862 1286 aut
1891 1229 2094 1285 dolium
2119 1228 2337 1284 innatat
2367 1231 2585 1298 abysso.
2615 1228 2738 1295 Quo
2765 1229 2823 1287 ﬁt
2841 1271 2859 1300 ,
2890 1240 2952 1287 ut
2975 1241 3198 1304 propter
3226 1250 3352 1306 pro-

1766 1323 2110 1394 pinquiorem
2140 1336 2430 1378 ascensum
2464 1333 2520 1378 et
2569 1323 2874 1379 breviorem
2917 1325 3158 1391 exitum,
3198 1341 3351 1382 ama-

1766 1429 1884 1468 ram
1912 1429 2069 1485 aqua;
2093 1413 2327 1469 marina:
2349 1413 2685 1484 salsuginem
2709 1429 2930 1485 mquare
2956 1425 3220 1487 nequeat,
3251 1417 3350 1474 sed

1765 1507 1950 1562 medio
2001 1506 2241 1578 quodam
2280 1505 2444 1560 modo
2489 1504 2679 1559 nfecta
2721 1507 2826 1572 sit,
2861 1509 3080 1578 gravior
3123 1509 3345 1578 quidem

1763 1613 1932 1668 quam
1967 1599 2224 1662 fontana,
2255 1598 2470 1654 marina
2502 1598 2690 1653 levior.

2161 1707 2682 1764 INTERROGATIO
2718 1708 2951 1766 LXXIX.

1855 1825 2144 1893 Quomodo
2210 1824 2395 1890 ierunt
2463 1823 2517 1878 in
2565 1825 2803 1882 sublime
2850 1827 3023 1884 nubes
3077 1827 3344 1884 marinam

1763 1920 2002 1992 aquam?
2043 1931 2137 1986 aut
2173 1924 2446 1992 quomodo
2477 1923 2692 1982 sublata
2726 1938 2834 1977 non
2886 1937 3010 1976 mox
3047 1922 3347 1979 eﬂ‘nndilnr

1765 2012 1818 2067 in
1850 2014 2092 2076 terram?
2125 2016 2401 2086 quomodo
2433 2017 2562 2071 item
2594 2015 2647 2070 in
2675 2014 3003 2089 quibusdam
3027 2014 3162 2072 locis
3183 2016 3342 2088 pluit,

1764 2104 1819 2160 in
1854 2107 2180 2178 quibusdam
2220 2123 2332 2171 non
2358 2106 2535 2179 pluit?
3195 2090 3200 2096 ’

2398 2199 2708 2270 Responsio.

1828 2293 1973 2350 Audi
2001 2293 2070 2350 de
2103 2291 2215 2354 Deo
2249 2305 2536 2360 canentem
2571 2295 2827 2350 Davidem
2866 2313 2880 2350 :
2923 2294 3028 2362 Qui
3068 2303 3348 2370 congregat

1755 2386 1912 2456 quasi
1945 2394 2116 2446 utrem
2139 2403 2304 2459 aquas
2343 2389 2509 2446 maris
2532 2388 2615 2458 ’7;
2659 2387 2826 2452 alium
2855 2387 2984 2448 item
3015 2387 3290 2455 dicentem
3327 2410 3342 2448 :

1759 2483 1866 2550 Qui
1891 2484 2019 2557 ligat
2040 2504 2233 2558 aquam
2263 2489 2317 2544 in
2343 2489 2483 2544 aeris
2517 2486 2826 2552 nubibus”.
2856 2485 2998 2542 Ante
3029 2485 3132 2542 hos
3153 2492 3343 2543 autem

1755 2573 1928 2643 Jobus
1965 2580 2330 2639 certaminum
2379 2580 2699 2642 divinorum
2750 2578 3033 2654 magister,
3072 2576 3249 2634 turris
3291 2580 3347 2631 et

1755 2671 2252 2740 propugnaculum,
2285 2672 2467 2742 inquit
2502 2692 2516 2728 :
2543 2675 2611 2726 Et
2643 2688 2745 2726 non
2771 2680 2849 2725 est
2881 2680 3039 2740 rupta
3063 2668 3221 2724 nubes
3246 2667 3350 2722 sub

1756 2759 1952 2829 ipsa”,
1987 2761 2200 2817 scilicet
2227 2777 2390 2834 aqua.
2423 2763 2764 2834 lntelligatur
2792 2769 2974 2818 autem
3004 2760 3145 2816 idem
3175 2757 3347 2814 etiam

1755 2851 1824 2908 de
1856 2851 2126 2912 deilicatae
2169 2854 2530 2918 humanitatis
2582 2853 2894 2918 Servatoris
2945 2849 3341 2922 assumptione.

1754 2942 1938 3006 Nubes
1988 2944 2136 3004 enim
2185 2945 2354 3011 subiit
2388 2946 2491 3002 sub
2538 2945 2706 3018 pedes
2750 2945 2890 3015 ejus,
2923 2959 3032 3006 non
3072 2941 3344 3013 adjuvat):

1755 3035 2155 3102 ascensionem,
2184 3037 2279 3093 sed
2307 3043 2366 3102 ut
2393 3037 2775 3099 ostenderetur
2802 3037 2956 3100 illum
2983 3050 3105 3092 esse
3127 3035 3219 3116 qui
3244 3048 3344 3106 per

1755 3127 2032 3186 turbinem
2064 3136 2119 3190 et
2163 3128 2338 3188 nubes
2369 3129 2499 3188 olim
2535 3129 2758 3202 quidem
2808 3128 2876 3192 ad
2924 3126 3120 3190 Jobum
3147 3170 3162 3194 ,
3214 3132 3343 3210 post

1756 3220 1933 3290 ipsum
1970 3236 2098 3278 vero
2137 3221 2206 3282 ad
2252 3221 2455 3285 Mosam
2482 3223 2702 3284 locutus
2732 3227 2902 3286 esset,
2939 3219 3178 3291 impletis
3210 3231 3340 3273 vero

1756 3314 1995 3376 nubibus
2020 3313 2168 3380 velut
2195 3314 2412 3376 utribus
2442 3322 2538 3375 aut
2569 3313 2916 3388 siphonibus,
2957 3312 3077 3370 loco
3110 3309 3341 3376 vinculi,

1757 3413 1853 3464 aut
1883 3403 2062 3474 digiti,
2087 3415 2181 3459 aut
2206 3403 2455 3475 sipbonis
2481 3389 2781 3474 premendo
2807 3399 3095 3457 retinentis
3115 3413 3338 3470 aquam,

1749 3497 1996 3560 divinum
2025 3496 2160 3567 ipsis
2192 3496 2457 3558 incumbit
2486 3495 2828 3562 mandatum,
2860 3493 3085 3572 perinde
3107 3506 3172 3547 ac
3195 3507 3339 3547 mer-

1751 3597 1968 3652 catores
1999 3588 2178 3652 facere
2210 3589 2412 3652 solent,
2443 3602 2567 3648 cum
2592 3586 2889 3650 demittunt
2917 3585 2973 3650 in
3000 3580 3337 3656 profundum

1749 3695 1848 3735 vas
1896 3679 2206 3752 siphonem,
2233 3693 2410 3754 eoque
2443 3678 2688 3759 impleto,
2725 3677 2980 3760 opposito
3008 3673 3207 3744 pollice
3243 3687 3335 3728 re-

1750 3772 1996 3837 ducunt,
2042 3781 2097 3828 et
2124 3788 2219 3844 per
2255 3780 2425 3836 tutam
2473 3771 2698 3838 domum
2726 3769 2888 3850 quasi
2930 3783 3024 3840 per
3066 3763 3334 3828 mundum

1753 3864 1934 3922 ferunt
1966 3867 2155 3937 plenas
2179 3865 2335 3937 quasi
2367 3865 2562 3931 nubes,
2588 3872 2642 3918 et
2672 3861 2906 3930 refertur
2930 3862 2984 3915 in
3037 3874 3171 3916 usus
3193 3871 3336 3942 aqua

1753 3969 1990 4028 sumpta,
2018 3967 2178 4028 prout
2207 3959 2386 4013 visum
2418 3956 2580 4011 fuerit
2614 3955 2662 4010 ei
2700 3953 2794 4034 qui
2825 3951 3029 4024 hausit,
3059 3951 3221 4021 idque
3244 3964 3339 4024 per

1754 4048 2157 4118 impositionem
2191 4055 2245 4103 et
2271 4046 2703 4106 subtractionem
2738 4042 2914 4098 diviti.

2161 4246 2689 4314 NTERROGATIO
2721 4244 2937 4314 LXXX.

1845 4339 1983 4397 Cum
2032 4340 2216 4400 omnia
2269 4339 2504 4412 primum
2571 4340 2986 4406 continerentur
3051 4350 3232 4416 aqua,
3279 4342 3336 4396 et

1756 4431 1956 4502 abysso
1987 4437 2324 4501 tegerentur,
2357 4429 2449 4491 ubi
2479 4437 2809 4505 congregata
2839 4435 2944 4502 est,
2974 4435 3026 4482 et
3063 4440 3172 4504 quo
3203 4439 3337 4482 cun-

1752 4523 1943 4588 cessit,
1976 4522 2195 4587 dicente
2238 4521 2369 4590 Deo,
2400 4520 2758 4597 Congregetnr
2789 4537 2927 4599 aqua
2964 4520 3018 4581 in
3049 4534 3334 4600 congrega-

1752 4615 1945 4670 tionem
1973 4630 2156 4679 unam,
2179 4622 2230 4669 et
2258 4622 2512 4684 appareat
2543 4611 2700 4672 arida
2725 4612 2809 4674 δοῖ

2387 4701 2695 4771 Responsio,

1824 4795 2083 4861 Universi
2118 4794 2361 4856 eﬂ'ectrix
2409 4794 2502 4854 illa
2531 4793 2715 4854 divina
2751 4792 2832 4854 vis
2867 4790 3093 4863 quando
3121 4788 3330 4845 consti-

1751 4891 1853 4950 tuit
1882 4905 2079 4961 aquam
2109 4904 2400 4954 secernere
2444 4888 2511 4952 ad
2543 4887 3020 4963 congregationem
3064 4894 3118 4948 et
3147 4887 3329 4948 locum

1751 4997 1940 5050 unum,
1977 4997 2101 5044 mox
2150 4989 2208 5040 et
2259 4981 2435 5038 locum
2472 4980 2647 5050 ipsam
2679 4986 3024 5055 recepturum
3064 4977 3330 5034 condidit.

1749 5073 2000 5134 Nondum
2026 5073 2172 5135 enim
2198 5085 2316 5129 erat
2345 5073 2478 5129 illud
2512 5079 2666 5128 extra
2708 5069 2908 5126 Gadira
2943 5070 3111 5128 situm
3155 5085 3332 5137 mare,

1749 5181 1929 5237 neque
1959 5181 2217 5236 magnum
2268 5165 2401 5220 illud
2437 5165 2582 5236 quod
2628 5163 2924 5228 exhorrent
2972 5171 3152 5222 nauta:
3181 5163 3334 5242 pela»

1745 5275 1884 5330 gus,
1922 5258 2066 5329 quod
2099 5257 2470 5315 Britannicam
2512 5257 2750 5314 insulam
2770 5264 2846 5311 ~-et
2885 5253 3181 5327 Hesperios
3215 5253 3332 5310 lbo-

1749 5367 1841 5408 ras
1872 5350 2041 5405 ambit
2067 5390 2082 5412 ,
2137 5350 2230 5404 sed
2273 5348 2492 5404 condita
2524 5359 2652 5402 tunc
2681 5346 2867 5403 divino
2896 5347 3154 5403 mandato
3183 5356 3332 5403 certa

1752 5443 1994 5514 regione,
2023 5441 2088 5494 ad
2123 5442 2295 5511 ipsam
2321 5440 2486 5506 simul
2505 5454 2770 5512 aquarum
2793 5439 3170 5496 multitudines
3199 5453 3332 5496 cono

1748 5534 2044 5592 ﬂuxerunt.

149 5672 184 5705 "
221 5674 364 5731 Psal.
394 5690 568 5740 χχχιι,
614 5675 666 5729 7.
740 5674 784 5707 ⁸⁸
822 5672 923 5730 Job
962 5688 1107 5736 xxvx,
1141 5671 1194 5726 8.
1271 5672 1316 5704 ”
1352 5670 1455 5728 Job
1499 5685 1651 5740 un,

1763 5683 1874 5725 sec.
1907 5664 2071 5721 Lxx.
2149 5665 2194 5697 ιο
2233 5643 2368 5721 Gen.
2402 5682 2440 5733 I,
2472 5665 2529 5721 9.

152 5827 606 5902 (51)Δεσμεύων,
630 5851 682 5887 κ.
719 5851 766 5885 τ.
792 5833 840 5884 λ.
881 5831 1034 5886 llunc
1067 5840 1120 5886 et
1159 5847 1283 5885 mox
1317 5839 1633 5898 sequentem

96 5895 272 5978 locum,
310 5895 567 5978 tanquam
595 5895 911 5978 exAdnob‘ns
942 5902 1118 5957 sacris
1155 5895 1518 5972 scriptoribus
1542 5903 1636 5956 de-

99 5973 362 6041 scriptum,
417 5974 610 6032 recitat
651 5973 958 6042 Caesarius;
1015 5987 1138 6029 cum
1184 5979 1364 6029 tamen
1410 5981 1637 6043 uterque

1740 5834 1996 5883 occurrat
2021 5824 2124 5880 Job
2144 5842 2289 5888 xxw,
2318 5826 2372 5887 8.
2405 5827 2562 5896 juxta
2593 5825 2759 5890 LXX,
2799 5827 2888 5883 ubi
2931 5825 3012 5882 sic
3048 5825 3279 5896 legimus
3312 5843 3326 5880 :

1741 5896 2030 5968 Δεσμεύων
2065 5896 2206 5968 ὕδωρ
2246 5899 2302 5950 ἐν
2329 5894 2580 5968 νεφέλαις
2618 5896 2805 5964 αὑτοῦ,
2846 5897 2939 5953 καὶ
2963 5897 3062 5950 οὐκ
3113 5894 3327 5968 ἐρράγη

1744 5967 1903 6039 νέφος
1933 5967 2284 6024 ὑποκάτωθεν
2309 5967 2494 6028 αὐτοῦ.
