3874 6590
590 432 693 490 ινιτ

978 548 1496 608 INTERROGA'I‘IO
1539 549 1778 608 LXXXI.

665 640 836 700 Estne
867 660 1039 700 unum
1068 661 1221 700 mare
1256 645 1372 702 sive
1401 645 1772 718 congregatio,
1800 644 1884 701 vel
1913 643 2132 699 multae?

1225 732 1533 803 Responsio.

665 823 788 882 Una
820 826 1038 898 quidem
1063 835 1148 883 est
1173 825 1524 898 congregatio
1551 826 1722 882 tmius
1746 825 2023 893 elementi,
2048 825 2170 897 plu-

593 933 686 976 tes
713 934 844 975 vero
864 928 1049 990 partes
1076 919 1529 990 principaliores;
1587 933 1712 973 nam
1743 927 1934 991 stagna
1958 933 2081 988 qua:
2101 917 2169 971 ad

593 1011 844 1077 Arctum,
865 1018 920 1066 et
949 1025 1288 1082 quacunque
1313 1009 1381 1066 ad
1402 1009 1625 1066 Grzcciaa
1649 1017 1968 1080 spectantur
1997 1023 2167 1074 mare,

592 1117 826 1172 quaeque
861 1100 1230 1158 Macedoniam
1261 1111 1318 1158 et
1361 1103 1669 1175 Bithyniam
1715 1111 1771 1159 et
1824 1102 2169 1157 Palaestinam

593 1194 867 1260 obtinent,
895 1194 1344 1265 congregationes
1391 1196 1580 1266 utique
1615 1201 1767 1258 sunt,
1802 1208 1941 1265 quas
1985 1194 2173 1249 multi-

579 1284 843 1339 .Iudinem
888 1299 1044 1354 aquas
1095 1285 1295 1340 habere
1343 1287 1528 1341 nullus
1576 1285 2021 1340 contradixerit:
2065 1300 2170 1338 non

543 1372 552 1381 “
597 1387 780 1430 tamen
811 1375 1028 1446 proprie
1055 1375 1225 1430 maria
1267 1391 1389 1432 esse
1427 1378 1691 1439 dicimus,
1729 1377 1857 1431 licet
1886 1391 2172 1446 propemo-

589 1470 726 1522 dum
753 1483 876 1522 cum
908 1467 1043 1521 mari
1073 1467 1144 1523 ob
1171 1469 1588 1524 amaritudinem
1617 1476 1671 1522 et
1705 1468 2036 1536 salsuginem
2071 1469 2173 1520 mi-

593 1570 693 1616 εισι
739 1560 871 1623 sint,
918 1560 1098 1631 qualis
1128 1567 1211 1614 est
1241 1559 1573 1630 Asphaltites
1600 1559 1752 1615 lacus
1785 1560 1840 1614 in
1871 1558 2080 1622 Judaaa,
2120 1571 2175 1614 et

595 1651 917 1707 Serbonites
944 1652 1084 1707 inter
1113 1650 1406 1722 Egyptum
1438 1659 1493 1707 et
1523 1650 1875 1707 Palaestinam
1902 1649 1970 1704 ad
1991 1651 2174 1706 deser-

597 1755 713 1799 tum
759 1745 1055 1799 Arabicum
1106 1756 1400 1809 extensus,
1452 1745 1691 1815 itemque
1743 1743 2067 1816 llyrcaniam
2121 1755 2174 1798 et

597 1833 883 1908 Caspiam;
909 1845 964 1892 et
995 1836 1243 1892 videmus
1270 1853 1301 1892 a
1336 1836 1614 1892 nonnullis
1641 1837 1789 1905 ipsos
1819 1850 1942 1890 esse
1968 1825 2175 1889 descri-

598 1938 744 2001 ptos.
796 1929 1020 2001 Oportet
1051 1928 1196 1984 enim
1227 1928 1505 1986 attendere
1551 1926 2012 1996 descriptionibus
2039 1941 2171 1996 geo.

599 2020 878 2094 graphicis
905 2036 1096 2077 eorum
1123 2021 1215 2091 qui
1245 2029 1300 2076 et
1328 2019 1600 2084 viderunt,
1628 2029 1681 2074 et
1703 2020 1842 2074 scitu
1871 2017 2065 2089 dignas
2089 2033 2177 2071 res

601 2111 878 2168 memoria:
928 2111 1302 2183 prodiderunt.
1352 2109 1488 2162 Nam
1537 2109 1750 2164 occulte
1782 2115 2180 2163 conservantur

600 2203 744 2258 inter
777 2219 837 2258 se
860 2213 914 2258 et
940 2203 1347 2274 conjunguntur
1381 2215 1488 2255 uno
1517 2215 1691 2270 eoque
1730 2199 1966 2254 maximo
2018 2198 2177 2265 mari,

602 2295 1062 2367 quemadmodum
1113 2294 1362 2349 Rubrum
1397 2293 1642 2350 declarat
1675 2308 1855 2360 mare,
1900 2301 2054 2364 parte
2087 2308 2180 2349 su-

602 2386 818 2456 periore
843 2400 970 2440 cum
1010 2383 1266 2438 Gadirico
1293 2383 1506 2438 occulte
1545 2383 1923 2452 coniunctum.

987 2473 1505 2530 INTERROGATIO
1544 2473 1804 2528 LXXXII.

670 2574 743 2624 At
771 2570 1045 2639 quomodo
1089 2568 1539 2640 congregationcs
1568 2581 1832 2636 aquarum
1877 2565 2048 2620 maria
2081 2580 2181 2620 vo-

601 2662 746 2718 cavit
775 2660 1080 2717 Dominus?

1236 2753 1545 2824 Responsio.

674 2846 840 2904 Sinus
863 2847 957 2918 qui
981 2845 1278 2903 secundum
1307 2859 1436 2900 suas
1466 2843 1676 2915 species
1704 2857 1734 2896 a
1757 2839 2183 2910 circumjacentc

601 2948 749 2996 terra
775 2937 1153 3010 comprehensi
1183 2943 1334 3001 sinit,
1368 2935 1541 2990 maria
1571 2932 1835 2988 Dominus
1868 2930 2180 3001 appellavit,

603 3035 708 3089 hoc
733 3039 818 3089 est
834 3073 849 3097 ,
883 3047 1030 3087 mare
1054 3029 1303 3090 Boreale.
1330 3043 1481 3084 mare
1502 3026 1776 3091 Australe,
1810 3023 1982 3079 Eoum
2007 3039 2178 3088 mare,

602 3134 657 3182 et
690 3125 1009 3196 Hesperium
1039 3139 1189 3179 mare
1213 3123 1480 3186 alterum;
1516 3127 1778 3190 praeterea
1812 3116 1984 3188 pelagi
2018 3116 2182 3185 hujus

603 3219 688 3274 vel
718 3217 865 3272 illius
898 3217 1203 3287 peculiares
1237 3213 1651 3286 appellationes,
1683 3218 1883 3282 pontus
1907 3207 2176 3270 Euxinus,

602 3319 660 3366 et.
685 3326 832 3366 mare
876 3308 1365 3380 Hellesponticum,
1401 3304 1647 3377 IEgaeum
1677 3312 1735 3360 et.
1781 3301 2014 3366 Ionium,
2049 3297 2178 3353 Sar-

603 3404 769 3458 doum
818 3402 1062 3472 pelagus,
1098 3408 1154 3455 et
1203 3398 1448 3454 Siculum
1489 3397 1743 3463 alterum,
1778 3401 1833 3449 ct
1885 3391 2183 3465 Tyrrheni-

495 3541 514 3562 ,
604 3506 729 3548 cum
756 3530 772 3556 ,
823 3499 879 3546 et
911 3490 1120 3545 inﬁnita
1165 3491 1397 3544 marium
1428 3487 1672 3552 nomina,
1713 3501 1837 3557 qua!
1869 3493 1930 3539 ut
1961 3498 1992 3538 a
2025 3481 2185 3538 nobis

605 3589 808 3639 cuncta
855 3589 1266 3644 recenseantur,
1311 3579 1596 3651 praesentis
1627 3595 1734 3633 non
1768 3587 1855 3632 est
1899 3575 2180 3646 temporis.

966 3671 1480 3729 INTERROGATIO
1517 3670 1799 3726 LXXXIII.

673 3767 856 3834 Quare
882 3764 1062 3820 Moses
1096 3765 1153 3819 in
1177 3765 1458 3837 principio
1503 3762 1730 3821 Genesis
1768 3772 1969 3820 terram
2008 3765 2185 3819 nomi-

605 3867 740 3925 nat,
784 3858 916 3914 inde
947 3872 1143 3912 rursus
1191 3856 1437 3911 aridam?
1481 3856 1678 3911 Annon
1723 3858 1866 3913 enim
1913 3858 2061 3914 aliud
2102 3869 2187 3914 est

605 3951 780 4015 arida,
811 3959 867 4006 et
899 3947 1046 4003 aliud
1077 3949 1260 4004 terra?

1239 4041 1551 4112 Responsio.

671 4134 819 4190 Nihil
845 4136 1072 4192 omnino
1105 4135 1236 4190 mihi
1274 4136 1489 4190 videtur
1526 4135 1596 4190 ab
1635 4135 1790 4189 arida
1831 4133 2049 4190 diITerre
2078 4143 2190 4190 lcr-

606 4245 667 4284 ra
700 4249 714 4285 :
749 4245 938 4285 verum
959 4246 1027 4285 ne
1055 4243 1280 4284 causam
1311 4228 1642 4284 arefaciendi
1662 4229 2026 4285 tribueremus
2059 4229 2184 4296 soli,

607 4322 970 4392 antiquiorem
999 4323 1131 4378 solis
1165 4331 1289 4377 ortu
1312 4322 1616 4377 sriditatem
1651 4329 1810 4376 terra!
1835 4322 2014 4390 opifex
2041 4320 2184 4377 Deus

606 4415 926 4480 declaravit,
961 4430 1083 4470 mox
1115 4430 1146 4468 a
1181 4414 1450 4484 principio
1479 4414 1811 4483 desipientes
1837 4415 1906 4468 ab
1934 4427 1997 4469 ea
2026 4414 2180 4467 vani-

606 4516 717 4566 tate
746 4522 1031 4570 revocans,
1067 4523 1136 4562 ne
1163 4508 1334 4563 solem
1371 4508 1530 4562 deum
1560 4505 1825 4561 facerent.

962 4596 1485 4653 INTERROGATIO
1522 4595 1807 4650 LXXXIV.

675 4689 815 4756 Quid
846 4698 950 4754 est,
976 4690 1123 4759 quod
1160 4687 1336 4743 Moses
1373 4687 1549 4757 inquit
1581 4704 1596 4742 :
1633 4686 1701 4740 Et
1731 4686 1856 4740 vidit
1890 4684 2026 4740 Deus
2049 4685 2188 4757 quod

603 4793 736 4837 esset
779 4783 969 4836 bonum
988 4781 1075 4835 ⁵ίῖ
1121 4781 1405 4847 Quomodo
1452 4780 1694 4834 omnium
1731 4779 1992 4849 praescius
2036 4789 2185 4849 post-

605 4891 767 4944 quam
802 4873 1045 4940 fecisset,
1081 4873 1216 4927 vidit
1259 4872 1407 4942 quod
1449 4873 1588 4927 bona
1621 4881 1767 4928 esset
1800 4872 1926 4926 lux?
1973 4871 2106 4927 Nam
2139 4873 2184 4926 si

606 4967 855 5020 homines
905 4976 1198 5035 antequam
1242 4965 1373 5035 quid
1415 4964 1637 5026 faciant.
1687 4966 1870 5020 sciunt
1912 4965 2190 5020 bonuume

605 5059 688 5112 vel
721 5057 921 5111 malum
959 5059 1028 5112 sit
1077 5057 1324 5111 futurum
1376 5057 1520 5127 quod
1565 5055 1867 5127 perﬁcitur,
1915 5057 2187 5126 quomodo

604 5148 751 5204 Deus
781 5159 1068 5220 postquam
1115 5148 1359 5213 fecisset,
1413 5158 1542 5204 tunc
1597 5149 1816 5204 demum
1858 5149 1994 5202 vidit
2041 5149 2186 5219 quod

605 5251 751 5296 esset
783 5241 1022 5308 bonum,
1068 5243 1227 5312 quasi
1278 5257 1386 5295 non
1438 5255 1887 5312 pra-cognoscens
1941 5241 1992 5296 id
2042 5242 2186 5311 quod

610 5331 856 5385 facturus
879 5332 1038 5386 erat?

1245 5424 1556 5493 Responsio.

677 5518 796 5575 Non
831 5520 937 5573 hoc
987 5519 1176 5573 volunt
1224 5522 1328 5574 ista
1377 5518 1562 5578 verba,
1596 5515 1971 5571 delectabilem
2019 5517 2188 5574 maris

609 5622 887 5686 aspectum
921 5613 1030 5666 Deo
1059 5611 1232 5665 visum
1265 5610 1453 5665 fuisse.
1490 5609 1598 5664 Nec
1625 5608 1768 5664 enim
1799 5607 1978 5678 cpifex
2004 5624 2187 5666 rerum

679 5794 725 5828 “
762 5791 898 5847 ch.
929 5807 966 5851 ι,
1005 5789 1061 5845 ιι.
1101 5789 1184 5857 I0,
1217 5789 1303 5853 l2,
1339 5787 1538 5853 I8,2I,
1563 5786 1653 5842 25.

677 5934 790 6005 (3‘2)
822 5933 1251 6003 Trmriroro’m.
1281 5930 1445 5987 Forte
1484 5931 1825 6003 τυγχάνουσι.
1864 5929 2020 5987 Enn.

1681 431 1738 489 S.
1782 429 2083 488 CAESAR“
2113 428 2444 487 GREGORII
2475 428 2773 485 FRATRIS
3662 434 3736 492 9L3

2856 550 3106 605 ΠΕΥΣΙΣ
3127 551 3252 604 ΠΗ.

2344 644 2460 700 Μία
2491 643 2607 696 ἐστὶ
2635 642 2878 698 θάλασσα
2899 684 2914 707 ,
2955 643 3074 714 ἢτοι
3098 643 3133 714 ἡ
3157 640 3498 713 συναγωγὴ,ἧ
3526 644 3693 718 mihi;

2889 733 3241 801 Ἀπόκρισις.

2345 827 2462 882 Μία
2499 827 2597 900 μὲν
2621 829 2656 898 ἡ
2679 823 2970 894 συναγωγὴ
3013 822 3107 876 τοῦ
3140 823 3393 893 στοιχείου
3429 824 3615 887 παντὸς,
3642 823 3743 876 πλεῖ-

2276 937 2380 975 στα
2400 920 2458 974 δὲ
2481 920 2551 974 τά
2579 920 2918 990 συστήματα.
2949 914 3022 970 Δῖ
3043 932 3104 968 τε
3128 917 3233 988 γάρ
3269 916 3445 987 λίμναι
3475 917 3524 969 ai
3545 916 3656 970 κατὰ
3678 918 3743 987 τὴν

2274 1014 2496 1085 ἄρκτον,
2519 1012 2614 1066 καὶ
2630 1013 2752 1066 ὅσαι
2766 1010 2907 1064 κατὰ
2924 1010 3014 1064 τὸν
3034 1007 3338 1080 Ἑλληνικὸν
3357 1008 3561 1080 ὁρῶνται
3592 1009 3743 1072 πόντον,

2273 1107 2376 1178 τήν
2433 1123 2496 1159 τε
2545 1104 2906 1168 Μακεδονίαν,
2943 1101 3197 1155 Βιθυνίαν
3240 1117 3300 1153 τε
3339 1101 3428 1154 καὶ
3466 1099 3745 1168 Παλαιστίνην

2277 1197 2624 1268 κατέχουσαι,
2677 1195 2993 1264 συναγωγαὶ
3018 1192 3374 1264 τυγχάνουσαι
3411 1190 3510 1263 ('52)
3541 1191 3743 1262 δηλονότιο

2273 1289 2341 1354 ἃς
2374 1289 2580 1360 πλῆθος
2636 1287 2736 1360 μὲν
2787 1287 2875 1357 ἔχε
2886 1304 2932 1339 ιν
2962 1285 3152 1348 ὓδατος
3189 1283 3357 1347 οὐδεὶς
3383 1285 3585 1354 ἀντερεῖ,
3608 1285 3654 1336 οὐ
3676 1284 3748 1354 μὴν

2276 1380 2551 1444 θαλάσσας
2568 1380 2774 1453 κυρίως
2799 1379 3064 1452 ὑπάρχειν
3086 1377 3256 1440 αὑτάς
3271 1378 3516 1446 φαμεν,εἱ
3531 1377 3607 1428 καὶ
3627 1394 3748 1445 παραυ

2275 1471 2516 1542 πλησίως
2569 1474 2637 1542 τῇ
2690 1471 2927 1541 θαλάττῃ
2973 1469 3036 1523 τδ
3061 1467 3256 1539 πικρδν
3283 1468 3374 1520 και
3410 1466 3612 1538 ἁλμυρὸν
3638 1469 3748 1525 ἐγκέ-

2275 1581 2526 1636 κρανται,
2567 1563 2642 1626 ὡς
2672 1564 2705 1632 ὴ
2750 1561 3090 1632 Ἀσφαλτῖτις
3116 1559 3282 1630 λίμνη
3322 1559 3513 1627 ὲπὶτῆς
3545 1557 3749 1618 Ἰουδαίας,

2275 1657 2369 1709 καὶ
2393 1657 2427 1727 ἡ
2448 1655 2751 1727 Σερΰονῖτις
2777 1653 2978 1726 μεταξὺ
3009 1651 3285 1721 Αἰγύπτου
3334 1650 3424 1702 καὶ
3456 1649 3749 1716 Παλαιστίνης.

2276 1746 2375 1817 τὴν
2444 1744 2738 1816 Ἀραϐικὴν
2787 1744 2990 1816 ἔρημον
3040 1739 3462 1814 παρατείνουσαο
3501 1739 3542 1788 εἰ
3581 1739 3652 1788 καὶ
3687 1738 3750 1799 τὴν

2287 1837 2580 1908 Ὑρκανίαν
2610 1838 2703 1890 καὶ
2725 1837 2823 1908 τὴν
2845 1835 3099 1888 Κασπίαν
3117 1849 3132 1864 ο
3181 1832 3406 1903 ὁρῶνται
3429 1829 3478 1881 δέ
3503 1845 3620 1889 τινες
3645 1844 3746 1896 περι-

2275 1929 2583 2001 γεγράφθαι
2609 1928 2795 1991 αὐτάς.
2839 1927 2996 1979 Ἀλλά
3027 1924 3133 1996 χρὴ
3167 1927 3285 1986 ταῖς
3320 1923 3422 1976 τῶν
3447 1921 3752 1988 ἱπορησὰντων

2277 2021 2566 2093 προσέχειν
2595 2019 2987 2091 γεωγραφίαις.
3029 2017 3458 2086 Συντετήρηνται
3485 2013 3576 2082 γὰρ
3597 2010 3751 2078 ἀφανῶς

2278 2111 2415 2182 πρὸς
2445 2110 2702 2180 ἀλλήλας,
2738 2110 2831 2163 καὶ
2867 2107 3305 2177 συνεστόμωνται
3347 2108 3410 2175 τῇ
3446 2106 3530 2173 μιᾷ
3553 2106 3625 2155 καὶ
3651 2102 3751 2170 μεγῖ-

2280 2219 2401 2272 στῃ,
2429 2199 2610 2264 καθὼς
2637 2203 2670 2271 ἡ
2698 2198 2936 2272 Ἐρυθρά
2954 2197 3199 2251 παιδεύει
3230 2196 3477 2254 Θάλαττα,
3498 2196 3555 2263 τῇ
3575 2192 3750 2243 ἐπέχειν]

2277 2293 2550 2364 Γαδείρων
2574 2291 2798 2363 ἀφανῶς
2832 2276 3236 2360 συναπτομένη.

2864 2474 3113 2529 ΠΕΥΣΙΣ
3141 2471 3272 2526 ΠΒ’.

2349 2574 2462 2627 Καὶ⁸
2491 2572 2607 2636 πῶς
2641 2570 2958 2641 συστήματα
2995 2566 3103 2620 τῶν
3137 2566 3348 2620 ὑδάτων
3381 2561 3652 2623 θαλάσσαςό
3678 2558 3751 2610 Κύ-

2282 2682 2398 2738 ριος
2430 2664 2688 2718 ἐκάλεσεν
2717 2681 2732 2729 ;

2891 2754 3230 2821 Ἀπόκρισις
3245 2796 3259 2809 .

2353 2850 2492 2914 Τοὺς
2544 2847 2778 2910 κόλπους
2823 2847 2950 2908 τοὺς
2983 2845 3101 2898 κατ’
3139 2845 3275 2898 ῐδιον
3309 2841 3481 2912 σχῆμα
3504 2838 3591 2892 ὑπὸ
3607 2837 3680 2905 τῆς
3693 2850 3754 2886 πε·

2285 2942 2597 3018 ρικειμένης
2651 2940 2755 3011 γῆς
2808 2936 3266 3010 περιληφθέντας,
3301 2932 3543 2992 θαλάττας
3572 2924 3754 3018 όιίύρίκ

2285 3017 2716 3108 προσηγόρευσε,
2743 3029 2886 3084 τοῦτ’
2907 3031 3072 3092 ἔστιν,
3101 3029 3341 3082 θάλαττα
3368 3017 3753 3097 Βόρειος,θάλαττα

2283 3128 2496 3190 Νότιος,
2537 3122 2679 3194 Ἐᾠα
2727 3123 2984 3187 θάλαττα,
3031 3122 3126 3175 καὶ
3166 3119 3425 3190 Ἑσπερία
3452 3115 3588 3169 πάλιν
3619 3110 3752 3174 ἑτέρα·

2284 3220 2378 3273 καὶ
2403 3217 2764 3290 προσηγορίαι
2821 3215 3070 3283 πελάγων
3104 3213 3418 3279 ἰδιάζουσαι,
3451 3208 3612 3267 πόντος
3635 3198 3755 3290 Εὔξει-

2283 3327 2374 3374 νος
2429 3289 2524 3364 καὶ
2557 3309 2862 3379 πρόποντος
2897 3306 3310 3377 Ἑλλήσποντος,
3362 3301 3559 3368 Αίγαίος
3594 3294 3665 3346 καὶ
3689 3289 3754 3340 Ίιίν

2285 3419 2416 3466 νιος,
2474 3400 2795 3471 Σαρδονικδν
2828 3400 3082 3468 πέλαγος,
3104 3397 3204 3451 καὶ
3234 3392 3496 3449 Σικελικὸν
3515 3389 3675 3457 ἕτερον,
3696 3379 3755 3432 καὶ

2285 3494 2411 3549 ἄλλο
2442 3492 2802 3565 Τυρρηνικὸν,
2827 3491 2921 3544 καὶ
2947 3489 3114 3561 μυρία
3147 3487 3386 3558 ὀνόματα
3411 3477 3640 3546 πελαγῶν,
3662 3472 3756 3539 am

2286 3587 2417 3658 ἡμῖν
2453 3586 2512 3638 οὺ
2537 3583 2632 3638 τοῦ
2676 3583 2943 3654 παρόντος
2975 3578 3393 3651 ἐξαριθμεῖσθαι
3427 3571 3610 3644 καιροῦ.

2873 3674 3122 3728 ΠΕΥΣΙΣ
3155 3672 3282 3727 III".

2355 3769 2507 3824 Διατί
2536 3770 2636 3841 μὲν
2663 3770 2724 3823 ὲν
2743 3769 2884 3839 ἀρχῇ
2936 3767 3034 3837 μὲν
3072 3766 3174 3836 τῆς
3213 3763 3475 3825 Γενέσεως
3497 3762 3584 3830 γῆν
3627 3752 3760 3819 ὀνομά-

2287 3859 2391 3924 ζει,
2417 3858 2646 3913 ἐνταῦθα
2664 3857 2722 3911 δὲ
2753 3856 2912 3911 πάλιν
2946 3854 3145 3927 ξηράν;
3183 3851 3332 3926 *Αρα
3369 3852 3439 3924 μὴ
3469 3850 3578 3904 ἄλλο
3595 3844 3760 3911 ὑπάρχει

2287 3955 2320 4024 ὴ
2351 3953 2514 4024 ξηρὰ.
2540 3951 2667 4006 ἀλλο
2693 3951 2750 4003 δὲ
2777 3952 2811 4022 ἡ
2839 3948 2912 4020 γῆ
2938 3967 2952 4015 ;

2897 4042 3254 4109 Ἀπόκρισις.
3664 4117 3669 4118 ν
3722 4109 3736 4118 _

2359 4137 2480 4192 Οὐδ’
2513 4137 2650 4201 ὅλως
2699 4153 2784 4207 μοι
2811 4135 2957 4188 δοκεῖ
2982 4130 3363 4203 παρηλλάχθαι
3384 4127 3475 4198 τῆς
3502 4120 3638 4192 ξηρᾶς
3655 4117 3679 4183 ἡ
3696 4117 3756 4207 γῆν

2287 4230 2402 4284 ἀλλ’
2432 4230 2519 4284 ἴνα
2548 4230 2622 4300 μὴ
2676 4204 2751 4299 τῷ
2809 4228 2946 4299 ἡλίῳ
2998 4225 3096 4294 τὴν
3149 4224 3245 4278 τοῦ
3275 4217 3613 4290 ἀναξηραίνειν
3639 4204 3759 4300 αἰτίαν

2291 4292 2637 4395 προσθῶμεν,
2676 4292 3061 4391 πρεσθυτεραν
3104 4316 3204 4385 τῆς
3255 4314 3402 4386 ἡλίου
3449 4307 3663 4395 γενέσεως
3695 4292 3758 4395 τῆξ

2292 4392 2562 4490 ξηρότητα
2581 4414 2680 4485 τῆς
2703 4413 2806 4483 γῆς
2833 4413 2862 4464 ὁ
2899 4409 3309 4482 δημιουργήσας
3344 4404 3466 4461 θεὸς
3499 4392 3756 4490 a3???“-

2291 4480 2648 4581 προαγαγὼν⁷
2667 4480 2792 4567 τοὺς
2833 4480 3234 4574 ματαιόφρονας
3267 4495 3516 4553 θεοποιεῖν
3546 4487 3618 4542 τὸν
3640 4480 3755 4551 ἥλιον·

2879 4592 3124 4646 ΠΕΥΣΙΣ
3151 4591 3274 4644 ΠΔ’.

2361 4685 2425 4742 Τί
2481 4691 2626 4742 ἐστιν
2667 4686 2695 4740 ὃ
2745 4685 2892 4753 λέγει
2925 4683 3152 4754 Μωσῆς,
3182 4681 3292 4735 Καὶ
3329 4674 3479 4732 εἶδεν
3512 4674 3539 4725 ό
3571 4657 3756 4761 θεὸςὸη

2291 4785 2515 4845 καλόνς
2547 4781 2665 4844 πῶς
2696 4781 2723 4832 ὁ
2749 4779 2966 4833 πάντων
2998 4771 3348 4846 προγνώστης
3385 4764 3509 4840 μετὰ
3536 4761 3584 4813 τὺ
3604 4762 3754 4850 animi

2289 4872 2446 4940 εἶδεν,
2475 4874 2556 4928 ὅτι
2606 4871 2764 4926 καλὸν
2792 4871 2856 4926 τὸ
2897 4867 3048 4938 φῶς;
3084 4867 3147 4921 Εἰ
3179 4864 3287 4938 γὰρ
3329 4863 3574 4932 ἄνθρωποι
3600 4852 3676 4921 πρὸ
3696 4862 3753 4940 τον

2290 4965 2513 5038 ποιῆσαί
2562 4983 2648 5034 τι,
2679 4965 2986 5020 ἐπίστανται
3013 4966 3091 5020 ὅτι
3123 4962 3279 5017 καλὸν
3310 4961 3343 5030 ἥ
3391 4951 3540 5008 κακὸν
3575 4945 3687 4997 ἔσται
3707 4930 3754 5038 ’τὸ

2290 5059 2610 5129 ποιούμενον
2637 5073 2651 5087 ⁹
2699 5055 2816 5120 πῶς
2869 5057 2898 5109 ὁ
2947 5054 3082 5118 Geo;
3134 5051 3269 5123 μετὰ
3317 5047 3375 5102 τὸ
3424 5038 3751 5129 ποιῆσαι,

2291 5145 2430 5203 εἶδεν
2455 5126 2542 5202 οτι
2554 5146 2739 5215 καλὸν,
2769 5146 2845 5210 ὡς
2876 5144 2952 5216 μὴ
2979 5141 3360 5217 προγινώσκων
3383 5137 3408 5190 ὃ
3431 5129 3596 5205 ἤμελλε
3618 5126 3750 5175 notaui

2906 5428 3255 5494 Ἀπόκρισις.

2363 5525 2478 5579 (tunc
2506 5523 2637 5578 αὐτὸ
2672 5523 2851 5586 τοῦτο,
2917 5520 3158 5592 τερπνὴν
3206 5531 3324 5568 τινα
3359 5511 3469 5580 ὄψιν
3498 5483 3751 5592 {istiisti-3‘6

2292 5577 2448 5688 λόγος
2467 5577 2809 5672 Ἵὲνδείκνυται
3078 5577 3480 5679 πεφυκέναι.-οὐ
3504 5594 3592 5663 γὰρ
3611 5577 3750 5653 δὲθ²λ⁸
