3874 6554
64 462 173 525 939⁸⁸

69 592 174 658 μοῖς
196 586 403 658 ὁρᾶται
455 583 627 661 κάλλη
653 589 754 661 τῆς
785 589 1014 655 κτίσεως
1046 593 1076 647 6
1121 589 1378 665 Ποιητὴς.
1411 595 1548 649 ἀλλά
1576 595 1644 669 τῇ

66 681 275 749 ἀρρήτῳ
330 680 501 751 σοςρέᾳ
559 680 843 752 θεωρεῖται
887 683 1193 753 γενόμεναο
1233 685 1262 736 ὁ
1290 684 1514 753 φάσκων
1568 684 1647 756 τῷ

75 770 305 841 Ὶερεμέᾳ
324 787 340 802 ο
372 770 500 839 Πρὸ
552 772 658 824 τοῦ
695 789 774 840 με
793 771 1030 828 π.2ἇσαί
1082 791 1156 828 σε
1175 775 1244 828 ἐν
1271 776 1488 842 κοιλίᾳ,
1519 775 1649 829 ἐπί-

63 859 272 925 σταμαί
295 872 399 920 σε,
433 859 528 910 καὶ
557 859 671 926 πρὸ
694 861 800 914 τοῦ
831 861 1103 925 ἐξελθεῖν
1116 863 1182 916 ἐκ
1197 863 1449 933 μήτρας,
1478 865 1648 935 ἡγία-

65 948 127 1000 κά
150 964 250 1002 σε·
283 948 366 1020 τῷ
393 950 451 1002 δὲ
486 947 800 1024 Ναθαναὴλ,
828 955 946 1022 Πρὸ
981 955 1087 1009 τοῦ
1118 971 1191 1009 σε
1211 959 1510 1012 Φίλιππον
1537 975 1648 1027 φω-

64 1039 254 1107 νῆσαι,
331 1043 486 1096 ὄντα
551 1043 668 1097 ὑπὸ
709 1043 824 1113 τὴν
885 1040 1090 1115 συκῆν
1151 1045 1314 1104 εἶδόν
1368 1065 1479 1103 σε’
1516 1049 1645 1121 ὁτῷ

74 1130 313 1200 Ἀϐραάμ
355 1131 538 1201 λέγων
563 1148 577 1161 ·
637 1135 797 1188 Κατὰ
844 1136 952 1188 τὸν
986 1137 1198 1206 καιρὸν
1225 1136 1441 1192 τοῦτον
1473 1139 1646 1194 ἔσται

65 1220 124 1289 τῦ
145 1222 347 1291 Σὰρίᾳ
373 1225 508 1290 υἱός
525 1240 539 1255 °
565 1225 676 1288 τοῖς
697 1224 753 1278 δὲ
783 1224 1058 1292 Ἰουδαίοις
1077 1269 1091 1293 ,
1124 1226 1241 1297 Πρό
1275 1230 1382 1284 τοῦ
1397 1231 1646 1301 Ἀϐραὰμ

61 1313 157 1381 ἐγώ
187 1318 326 1381 ειμι.
367 1316 554 1369 Καλὸν
588 1316 694 1387 γὰρ
723 1317 901 1389 θέαμα
953 1319 1343 1393 λευκαινομένη
1382 1321 1640 1389 Θάλαττα,

63 1405 290 1476 γαλήνης
329 1407 476 1476 αὐτῇ
532 1408 807 1478 σταθηράς
833 1427 846 1440 ο
886 1411 983 1480 ἡδὺ
1011 1411 1070 1464 δὲ
1118 1412 1214 1464 καὶ
1245 1413 1373 1466 ὅταν
1408 1416 1644 1484 πρωῖαις

64 1495 237 1566 αὖριις
267 1499 656 1570 τραχυνομένη
684 1499 751 1554 τά
779 1499 1346 1573 νῶτα,πορφυροῦσαν
1374 1504 1407 1574 ἦ
1436 1505 1643 1576 κυανῆν

61 1588 157 1648 rei;
190 1587 389 1657 ὁρῶσι
466 1589 828 1658 προϐάλλεται
852 1632 866 1656 ,
925 1593 1061 1664 μηδὲ
1118 1594 1398 1650 τύπτουσα
1453 1596 1644 1667 βιαίως

62 1676 145 1745 τὴν
179 1678 406 1745 γείτονα
434 1682 651 1752 χέρσον,
689 1682 825 1754 μηδὲ
845 1683 1026 1738 τέλεον
1045 1686 1356 1757 ὴρεμοῦσα·
1385 1689 1512 1743 ἀλλ”
1532 1684 1645 1744 οἷον

65 1772 354 1839 εἰρηνικαῖς
409 1791 521 1827 τισι
559 1775 924 1847 περιπλοκαῖς
954 1778 1022 1832 τὰ
1070 1779 1224 1850 χείλη
1252 1781 1424 1854 αὐτῆς
1462 1783 1642 1837 ἀσπα-

65 1861 270 1933 ζομένη.
307 1865 452 1933 πρὸς
505 1867 706 1938 ἑαυτὴν
759 1869 921 1922 πάλιν
966 1869 1325 1940 ἀποπηδῶσα.
1388 1873 1544 1944 Καλὴ
1581 1873 1642 1927 δὲ

62 1953 208 2004 πάλιν
243 1954 484 2008 δεδιῶσα
527 1958 588 2009 τὸ
624 1957 768 2010 θεῖον
803 1959 1152 2030 πρόσταγμαο
1190 1961 1380 2031 Μέχρι
1418 1964 1644 2020 τούτου

62 2044 292 2110 iisdem,
329 2047 433 2099 καὶ
461 2051 575 2116 οὐχ
597 2048 911 2117 ὑπερϐήσῃ
936 2067 950 2080 ·
976 2049 1113 2104 ἀλλ’
1146 2052 1217 2104 ἐν
1235 2052 1467 2122 σεαυτῇ
1491 2069 1646 2108 συν-

65 2137 438 2202 τριὸἠσονταί
491 2157 608 2194 σου
664 2142 734 2195 τὰ
774 2144 1024 2211 κύματα.
1059 2143 1222 2208 Ἥτις
1257 2145 1395 2216 πρὸς
1423 2145 1646 2216 ἔλεγχον

64 2228 145 2296 τῆς
207 2231 494 2300 ἡμετέρας
548 2232 941 2301 ἀγνωμοσύνης
975 2234 1035 2288 τὸ
1066 2236 1465 2307 ἐπηρτισμένον
1505 2237 1641 2308 αὐτῇ

63 2317 162 2378 δέος
210 2318 482 2387 δηλοῦσα,
519 2320 696 2391 βραχὺ
727 2321 814 2374 διά
863 2323 974 2376 τῶν
1013 2325 1277 2396 κυμάτων
1329 2328 1646 2399 παρεκδρα-

68 2407 222 2473 palm
253 2410 350 2463 τὸν
385 2412 533 2481 ὅρον,
576 2417 844 2484 γραμμήν
884 2430 1005 2467 τινα
1049 2416 1288 2487 φανεράν
1317 2421 1429 2483 τοῖς
1463 2422 1645 2488 αἰγια-

66 2498 157 2560 λοῖς
189 2500 523 2566 ἐντυποῦσα,
548 2495 660 2554 οἷον
693 2501 908 2575 γλώττῃ
946 2508 1236 2578 παρεγγυᾷ
1269 2509 1343 2578 μὴ
1374 2509 1642 2581 ὑπερϐαί-

66 2609 161 2642 νειν
192 2595 322 2655 τοὺς
366 2593 524 2663 ὅρους
583 2594 678 2647 τοῦ
719 2596 864 2648 θείου
917 2599 1358 2670 προστάγματος.
1397 2602 1550 2674 Καλὴ
1585 2604 1644 2657 δὲ

69 2682 136 2732 ὄτι
186 2684 280 2736 καὶ
334 2684 600 2754 ποταμῶν
653 2687 973 2758 ὑπάρχουσα
1021 2691 1226 2762 μήτηρ,
1279 2692 1416 2765 αὐτὴ
1482 2695 1645 2749 πάλιν

71 2775 245 2837 αὐτοὺς
273 2777 628 2846 ὑποδέχεται,
657 2779 906 2834 ἐντεῦθεν
935 2781 1033 2852 μὲν
1059 2782 1392 2842 ἀποκύουσα.
1431 2786 1644 2840 ἐκεῖθεν

70 2865 114 2918 δὲ
140 2867 462 2935 ᾃναγοῦσα.
493 2870 649 2942 Καλὴ
673 2872 732 2924 δὲ
759 2873 844 2926 ὅτι
882 2873 978 2926 καί⁵
997 2875 1096 2938 τάς
1129 2875 1381 2930 πλεῖστον
1399 2876 1645 2949 ἀλλήλων

70 2959 351 3024 διεστώσας
382 2962 645 3033 ἠπείρους
669 2981 726 3016 τε
756 2965 850 3017 καὶ
889 2967 1072 3031 πόλεις
1108 2970 1369 3023 συνάπτει
1414 2971 1482 3025 δι’
1517 2974 1646 3024 ἑαυ-

71 3051 172 3118 τῆς,
202 3053 594 3124 νωτοξοροῠσα
638 3055 738 3118 τὰς
784 3057 1037 3120 ὁλκάδας,
1083 3059 1178 3112 καὶ
1217 3061 1496 3116 ἀκώλυτον
1530 3065 1645 3128 τοῖς

73 3144 350 3207 ventilet;
381 3145 449 3198 δι’
480 3147 707 3200 ἐκείνων
749 3147 804 3200 δὲ
830 3152 942 3212 τοῖς
982 3149 1188 3215 λοιποῖς
1227 3153 1327 3224 τὴν
1359 3156 1646 3226 συντυχίαν

73 3237 409 3308 παρεχομένη
434 3255 448 3267 ·
487 3239 583 3291 καὶ
619 3241 859 3310 ἱστορίας
883 3242 990 3294 τῶν
1019 3243 1400 3316 ἀγνοουμένων
1425 3248 1648 3320 χαριζο-

77 3329 216 3398 μένη,
245 3331 343 3382 καὶ
379 3330 490 3386 τῶν
525 3333 838 3400 ἀναγκαίων
898 3337 1265 3408 ἐπικουροῦσα
1301 3343 1412 3403 τοῖς
1455 3341 1647 3411 δεομέ-

73 3438 190 3484 vutg,
220 3422 507 3494 ἐξαγωγὴν
533 3425 627 3477 καὶ
657 3425 923 3479 ἀντίδοσιν
949 3431 1069 3492 ταῖς
1105 3430 1291 3484 πόλεσι
1327 3432 1646 3502 ποιουμένη.

75 3510 136 3561 Οὐ
162 3511 265 3583 μὴν
295 3513 469 3577 οὓτως
513 3513 570 3566 δὲ
622 3515 718 3567 καὶ
761 3515 880 3587 Θεῷ
912 3519 1119 3573 οἴεσθαι
1169 3522 1295 3593 χρὴ,
1337 3523 1508 3594 καλὴν
1553 3525 1650 3578 καὶ

73 3605 245 3672 ἡδεῖαν
272 3599 451 3674 ὦφθαι
480 3604 581 3678 τὴν
624 3607 915 3674 θάλατταν,
959 3610 1098 3664 ἀλλά
1129 3612 1190 3666 τὸ
1226 3613 1390 3667 καλὸν
1423 3617 1541 3668 ἐκεῖ
1568 3616 1648 3687 τῷ

74 3694 206 3765 λόγῳ
235 3696 330 3765 τῆς
353 3696 720 3779 δημιουργίας
755 3699 1020 3770 κρίνεται.
1063 3702 1294 3774 Ὁμοίως
1342 3704 1399 3758 δὲ
1425 3706 1528 3779 χρὴ
1555 3709 1649 3762 καὶ

77 3788 193 3855 περὶ
221 3786 312 3840 τοῦ
349 3787 528 3856 φωτὸς
568 3789 661 3841 καὶ
685 3790 794 3844 τῶν
817 3791 1020 3844 λοιπῶν
1049 3791 1346 3860 διαλαϐεῖν.

1480 470 1826 533 DlALOGUS
1870 471 1902 532 l.

3219 459 3344 528 950'

1751 596 1996 650 intuetur
2038 591 2213 648 oculis
2251 588 2706 663 pulchritudinem
2738 596 3069 655 creatorutu,
3103 585 3196 643 sed
3232 588 3322 641 in-

1746 686 1944 743 effabili
1995 684 2260 756 sapientia
2309 684 2801 753 contemplaturgea
2833 696 2963 752 qua!
2996 678 3179 734 ﬁunt:
3224 679 3321 750 qui

1748 777 1814 833 ad
1857 777 2148 834 Jereuiiam
2199 776 2422 847 inquit:
2482 776 2775 846 Antequam
2822 786 2870 828 te
2916 774 3202 843 [amarem
3265 771 3321 824 in

1746 879 1916 933 utero,
1948 871 2065 924 novi
2089 879 2155 931 te,
2193 880 2242 924 et
2282 878 2562 940 antequam
2595 868 2910 938 egrederert's
2956 881 3023 920 ea:
3051 865 3166 919 alito
3206 879 3324 917 ma-

1748 971 1920 1022 terna.
1963 960 2294 1028 sanctiﬁcavi
2323 967 2373 1012 te
2411 959 2492 1025 ";
2545 960 2610 1011 ad
2660 957 3047 1012 Natliauaelem
3085 960 3267 1009 autem
3305 971 3321 1007 :

1748 1050 2042 1122 Antequam
2083 1060 2133 1106 te
2173 1049 2453 1120 Philippus
2483 1059 2714 1111 vocaret,
2748 1064 2864 1102 cum
2896 1063 3033 1100 esses
3067 1045 3161 1099 sub
3192 1045 3320 1114 ﬁcu,

1746 1143 1984 1198 videbam
2016 1152 2063 1197 te
2080 1142 2156 1207 “;
2189 1142 2280 1212 qui
2309 1141 2443 1196 dicit
2467 1141 2776 1195 Abrahatuo
2806 1157 2820 1193 :
2854 1138 2937 1192 Ad
2961 1147 3160 1206 tempus
3186 1135 3322 1189 illud

1745 1234 1953 1288 habebit
1985 1233 2124 1290 Sara
2158 1234 2331 1304 ﬁlium
2354 1234 2430 1300 “;
2467 1233 2671 1289 Iudaeis
2704 1242 2884 1287 autem
2928 1251 2943 1287 :
2987 1231 3122 1285 Ante
3153 1229 3321 1282 Abra-

1748 1327 1964 1381 hamum
2010 1345 2103 1399 ego
2137 1323 2348 1384 sum“.
2400 1327 2696 1382 Pulchrum
2753 1325 2900 1380 enim
2949 1321 3323 1394 spectaculum

1745 1437 1896 1476 mare
1919 1419 2184 1489 albicans,
2216 1439 2338 1479 cum
2375 1422 2552 1492 ipsam
2582 1430 2845 1475 constans
2875 1425 3024 1473 tenet
3055 1415 3324 1485 tranquil-

1745 1511 1892 1569 litas.
1928 1512 2239 1568 Jucundum
2277 1515 2404 1568 item
2437 1517 2552 1578 est,
2599 1511 2819 1583 quando
2853 1507 2920 1591 ad
2954 1522 3116 1562 auras
3145 1517 3325 1560 matu-

1746 1602 1890 1660 tinas
1923 1605 2204 1661 horridqu
2236 1605 2402 1662 dorso
2431 1620 2703 1676 purpureo
2733 1603 3036 1658 caerulem'e
3065 1604 3323 1670 spectan-

1745 1691 1892 1748 tibus
1918 1692 2197 1762 objicitur,
2234 1709 2412 1764 neque
2435 1694 2698 1748 violenter
2727 1691 3085 1761 propinquam
3119 1697 3319 1744 terram

1745 1785 1949 1856 pulsat,
1981 1801 2156 1856 neque
2183 1788 2402 1857 penitus
2429 1787 2754 1857 quiescens,
2791 1785 2887 1839 sed
2926 1781 3169 1853 paciﬁcis
3201 1781 3325 1852 qui-

1747 1877 1978 1932 busdam
2011 1879 2354 1950 amplexibus
2386 1879 2571 1932 littora
2601 1892 2700 1932 sua
2728 1877 2995 1940 salutans,
3021 1875 3087 1929 ad
3122 1883 3324 1930 semet-

1746 1968 1925 2039 ipsum
1964 1971 2161 2025 resilit.
2208 1969 2502 2026 Pulchrum
2533 1970 2686 2032 item.
2732 1969 2876 2040 quod
2906 1968 3149 2024 divinum
3181 1981 3324 2036 prte-

1745 2073 1962 2133 ceptutn
1996 2071 2300 2126 reveretur,
2351 2062 2472 2116 Huc
2504 2078 2668 2132 usque
2699 2061 2893 2124 venies,
2923 2068 2972 2114 et
3009 2074 3112 2113 non
3143 2067 3293 2112 trans
3313 2085 3325 2096 -

1745 2153 2001 2223 gradiere,
2036 2153 2127 2208 sed
2168 2154 2225 2208 in.
2273 2156 2542 2222 temetipso
2581 2152 2900 2208 collidentur
2931 2152 3010 2204 tui
3042 2150 3320 2220 ﬂuctus“.

1747 2244 1891 2300 Idem
1936 2243 2005 2298 ad
2038 2245 2512 2314 reprehensionem
2543 2243 2867 2300 temeritatis
2897 2241 3325 2311 stoliditatisque

1746 2347 1949 2394 nostra:
1981 2337 2212 2392 inditum
2246 2337 2348 2394 sibi
2389 2344 2596 2392 metum
2643 2335 2904 2397 ostendit,
2943 2331 3012 2389 ne
3045 2332 3322 2404 paululum

1745 2432 1964 2502 quidem
2009 2430 2267 2487 ﬂuetibus
2317 2430 2455 2486 ultra
2496 2429 2789 2485 terminum
2840 2441 3159 2488 excurrens,
3190 2429 3326 2480 coii-

1745 2523 1992 2593 spicuam
2026 2522 2306 2577 littoribus
2335 2522 2533 2576 lineam
2563 2520 2902 2590 imprimens,
2941 2517 3096 2587 quasi
3142 2517 3326 2585 lingua

1748 2611 1974 2667 mandat
2009 2628 2079 2665 ne
2131 2609 2566 2682 transgrediatur
2619 2609 2909 2664 terminum
2959 2604 3197 2659 mandati
3242 2603 3328 2660 di-

1747 2703 1878 2758 vini.
1935 2701 2234 2757 Pulcbrum
2279 2715 2537 2771 quoque,
2590 2699 2734 2770 quod
2781 2713 2905 2752 cum
2937 2695 3218 2750 ﬂuminum
3255 2699 3328 2750 sit

1746 2801 1943 2856 mater,
1991 2795 2109 2863 ipsa
2150 2793 2339 2848 eadem
2386 2806 2582 2846 rursus
2629 2789 2894 2858 suscipit,
2948 2787 3077 2842 hinc
3104 2785 3324 2856 quidem

1746 2887 1903 2954 quasi
1958 2885 2011 2938 in
2058 2886 2232 2940 lucem
2300 2882 2626 2954 proferens,
2677 2881 2828 2934 illinc
2879 2894 3010 2934 vero
3055 2877 3327 2948 recipiens

1747 2977 1903 3047 quasi
1937 2977 2203 3047 hospites.
2238 2975 2534 3030 Pulchrum
2565 2987 2718 3036 vero,
2765 2971 2909 3041 quod
2942 2981 2997 3026 et
3026 2969 3326 3040 pluritnum

1747 3067 1892 3123 inter
1920 3083 1980 3123 se
2006 3067 2233 3123 dissitas
2260 3063 2594 3120 continentis
2635 3071 2816 3118 terras
2847 3069 2902 3116 et
2931 3061 3094 3116 urbes
3123 3073 3236 3130 prae
3267 3073 3328 3114 se

1749 3159 2052 3229 conjungit,
2095 3175 2160 3216 ac
2194 3157 2376 3214 ferens
2411 3158 2466 3211 in
2499 3170 2596 3211 sua
2638 3155 2958 3211 summitate
2985 3167 3170 3214 nares,
3203 3149 3326 3204 nul-

1751 3251 1970 3321 lumque
1999 3251 2247 3321 przebens
2268 3249 2714 3320 impedimentum
2743 3245 2940 3309 nautis,
2975 3244 3173 3315 partim
3202 3242 3331 3312 qui-

1750 3341 1873 3398 dem
1907 3343 2111 3407 nautis,
2141 3343 2337 3414 partim
2373 3357 2504 3397 vero
2529 3341 2743 3396 caeteris
2773 3337 3159 3395 commercium
3192 3351 3332 3406 prte-

1749 3433 1860 3489 bet.
1898 3432 2004 3489 Sed
2033 3442 2087 3488 et
2115 3449 2307 3490 eorum
2337 3447 2459 3504 quae
2485 3433 2826 3503 ignorantur,
2863 3428 3029 3485 variae
3055 3425 3324 3497 cognitio-

1749 3523 1837 3579 nis
1863 3523 2189 3580 beueﬁcium
2221 3524 2474 3595 largitur,
2502 3531 2556 3578 et
2583 3524 2635 3576 iu
2663 3522 2831 3578 rebus
2854 3517 3182 3576 necessariis
3201 3517 3334 3573 sub—

1749 3614 1896 3668 venit
1927 3594 2326 3685 indigentibus,
2349 3612 2675 3684 exportandi
2701 3623 2756 3667 et
2789 3594 3036 3666 vicissim
3069 3605 3331 3663 reddendi

1745 3705 2194 3762 commoditatem
2223 3705 2536 3761 civitatibus
2574 3713 2859 3774 praestans.
2887 3700 3008 3756 Non
3041 3708 3221 3754 tamen
3252 3698 3334 3753 sic

1744 3808 1800 3855 et
1829 3799 1900 3856 de
1931 3800 2040 3855 Deo
2063 3800 2364 3871 putandum
2393 3807 2498 3864 est,
2524 3796 2669 3868 quod
2701 3799 2904 3852 bonum
2930 3795 3013 3850 vel
3043 3793 3332 3864 pulchrum

75 3883 441 3948 etjucundutu
475 3885 551 3937 illi
587 3885 760 3938 visum
794 3887 866 3939 sit
895 3903 1064 3952 mare,
1095 3889 1188 3944 sed
1223 3892 1421 3945 bonum
1462 3891 1530 3948 de
1571 3908 1680 3965 quo
1733 3894 1804 3948 ibi
1853 3895 2106 3960 habetur,
2141 3897 2353 3952 ratione
2397 3895 2599 3966 opilicii
2635 3893 2933 3965 judicatur.
2974 3890 3056 3946 Ad
3080 3888 3332 3946 eumdem

79 3979 284 4032 modum
319 3989 371 4032 et
404 3979 472 4033 de
509 3981 626 4033 luce
659 3992 712 4034 et
740 3983 950 4036 czeteris
983 3984 1410 4041 existimandum
1439 3997 1547 4044 est.

656 4093 746 4145 ΠΕ
757 4093 905 4146 ΥΣΙΣ
933 4093 1059 4150 HE'.

141 4205 259 4268 Πῶς
289 4206 383 4260 τοῦ
426 4207 672 4272 Μωσέως
715 4209 1026 4280 γράψαντος
1049 4254 1063 4277 ,
1111 4214 1194 4267 ὅτι
1233 4209 1388 4269 εἶπεν
1417 4217 1446 4269 6
1475 4215 1606 4281 Θεός
1629 4230 1647 4247 ⁸

78 4299 479 4368 Βλαστησάτω
539 4300 578 4366 ἡ
639 4299 713 4371 γῆ
764 4303 1041 4370 ,βοτάνην
1099 4305 1319 4374 χόρτου
1385 4307 1652 4376 σπείρων

80 4388 296 4456 σπέρμα
317 4389 472 4443 κατὰ
501 4389 674 4460 γένος
687 4391 782 4444 καὶ
811 4393 939 4445 καθ’
973 4395 1305 4463 ὁμοιότητα,
1336 4397 1431 4452 καὶ
1455 4398 1648 4463 ξύλον

81 4480 382 4550 κάρπιμον,
417 4478 490 4537 οὗ
536 4484 601 4536 τὸ
627 4483 864 4553 σπέρμα
895 4484 1080 4540 αὑτοῦ
1110 4486 1179 4539 ἐν
1201 4487 1362 4554 αὐτῷ
1385 4490 1535 4565 κατὰ
1557 4491 1647 4561 γέ-

80 4588 200 4635 νος’
232 4574 504 4642 βλέπομεν
535 4575 706 4629 πολλά
729 4575 838 4628 τῶν
870 4576 1051 4646 φυτῶν
1089 4579 1363 4644 παντελῶς
1395 4581 1642 4653 ἄκαρπα,

81 4665 163 4712 καὶ
196 4667 327 4735 μηδὲ
370 4665 596 4736 σπέρμα
646 4667 874 4738 ἔχοντα;
933 4670 1091 4722 Ποῖον
1121 4669 1230 4743 γὰρ
1261 4672 1508 4745 αῐγειρος
1534 4673 1648 4746 ἔχει

82 4757 293 4820 καρπὸν,
351 4757 385 4826 ἢ
443 4758 633 4829 ἐλάτη,
671 4759 704 4830 ἢ
750 4761 1014 4832 πεύκη,ἢ
1060 4762 1346 4834 κάλαμος;
1397 4768 1548 4820 ποῖον
1591 4766 1650 4820 δὲ

84 4848 286 4920 σπέρμα
324 4848 440 4919 ἔχει
465 4849 793 4921 σκόροδον,ἦ
827 4851 998 4922 ῥόδον,
1032 4853 1356 4927 ἧκρόκος,ἢ
1381 4856 1647 4929 ἄμπελος,

81 4939 114 5008 ἦ
147 4941 367 5013 μυρίκη,
395 4941 492 4994 καὶ
521 4941 590 4995 τά
615 4941 778 4997 λοῖπά
798 4945 904 4998 τῶν
925 4946 1198 5018 ἀκάρπων
1224 4963 1244 5014 ἱ

672 5035 1040 5104 Ἀπόκρισις.

149 5121 206 5174 Εἴ
227 5141 308 5188 τις
335 5124 653 5195 φιλομαθῶς
685 5127 779 5180 καὶ
824 5127 1219 5199 πεπονημένως
1257 5128 1555 5195 ἀναπτύξει
1579 5129 1650 5185 τὰ

85 5210 210 5275 θεῖα,
257 5218 480 5288 εὑρήσει
534 5219 708 5272 πάντα
759 5218 1060 5284 ἀνελλιπῶς
1091 5220 1169 5292 τῷ
1215 5220 1345 5292 θείῳ
1384 5221 1652 5294 θελήματι

87 5309 447 5375 παραστάντα.
483 5310 736 5381 Αἵγειρος
780 5313 887 5384 γάρ
932 5313 1162 5385 παρέχει
1195 5312 1427 5384 καρπὸν,
1476 5313 1653 5369 κλονι-

87 5398 206 5465 σμὸν
253 5401 388 5471 πρὸς
419 5400 516 5472 τὴν
550 5403 782 5456 ἑκάστου
832 5404 990 5475 ἡμῶν
1018 5404 1232 5476 χρείαν,
1256 5405 1318 5458 τὸ
1343 5403 1541 5475 φῦλλον
1570 5409 1653 5473 εἰς

85 5496 464 5566 κτηνοτροφίαν
527 5497 793 5568 χειμῶνος
847 5499 1266 5570 ἀποτιθέμενον·
1323 5499 1385 5552 τὸ
1442 5501 1507 5553 ὲκ
1555 5499 1651 5554 τοῦ

89 5581 270 5655 μόσχου
329 5587 509 5640 ἔλαιον
554 5591 668 5653 τοῖς
711 5589 1016 5662 ἀρρώστοις
1069 5592 1461 5662 παρεχόμενον,
1513 5594 1651 5664 ὅπερ

87 5675 430 5746 αἰγειρέλαιον
471 5683 585 5743 τοῖς
617 5680 830 5744 πολλοῖς
859 5681 1213 5753 ὀνομάζεται·
1246 5682 1367 5736 ἀντὶ
1396 5682 1452 5735 δὲ
1485 5681 1653 5753 σπέρ-

90 5781 242 5834 ματος
291 5771 339 5823 οἱ
389 5771 574 5825 κλάδοι
609 5772 709 5843 τῆς
755 5772 999 5844 αἰγείρου
1055 5772 1505 5845 κατορυττόμενοι
1565 5776 1650 5845 ῥι-

159 5927 198 5959 n
233 5929 337 5987 thl'.
367 5949 406 6001 1,
439 5932 493 5990 5.

2129 4100 2650 4158 INTERROGATIO
2689 4097 2953 4154 LXXXV.

1823 4207 2108 4274 Quomodo
2137 4209 2355 4277 scripsit
2390 4207 2590 4275 Moses,
2619 4208 2762 4279 quod
2793 4207 2991 4262 dixerit
3029 4206 3331 4261 Dominus:

1752 4295 2120 4368 Progerminet
2148 4307 2289 4351 terra
2329 4297 2545 4352 herbam
2593 4299 2888 4369 graminis,
2943 4313 3060 4368 qua:
3117 4297 3333 4350 seminet

1751 4406 1928 4444 semen
1975 4391 2262 4444 secundum
2303 4407 2464 4462 genus
2508 4400 2557 4444 et
2605 4391 2890 4445 secundum
2929 4389 3337 4444 similitudinem

1756 4499 1934 4546 suam,
1968 4492 2017 4537 ct
2048 4483 2252 4552 lignum
2291 4483 2654 4552 fructiferum,
2685 4483 2836 4551 cujus
2875 4483 2926 4534 iii
2955 4499 3007 4535 se
3049 4483 3114 4534 sit
3162 4497 3342 4535 semen

1757 4576 2044 4631 secundum
2092 4593 2254 4646 genus
2277 4576 2321 4607 δ’
2361 4595 2373 4630 :
2413 4591 2537 4630 cum
2583 4584 2764 4630 tamen
2814 4575 3096 4629 videamus
3137 4574 3335 4627 multas

1751 4669 1968 4739 plantas
2000 4683 2230 4738 prorsus
2260 4667 2634 4738 infrugil‘eras,
2669 4682 2790 4736 qua:
2823 4681 2999 4735 neque
3026 4679 3211 4718 semen
3241 4664 3334 4715 lia-
3377 4645 3385 4658 ’

1753 4762 1919 4816 bent?
1971 4759 2274 4826 Quemnam
2322 4761 2467 4813 enim
2518 4760 2754 4813 fructum
2807 4757 2971 4811 habet
3023 4756 3204 4818 alnus,
3242 4761 3333 4807 aut

1753 4854 1927 4918 abies,
1954 4862 2048 4908 aut
2081 4853 2245 4923 pinus
2277 4853 2568 4919 silvestris,
2599 4860 2693 4906 aut
2721 4849 2971 4905 arundo?
3011 4848 3181 4915 Quale
3207 4847 3333 4899 item

1753 4960 1940 4999 semen
1971 4945 2134 4999 habet
2159 4945 2365 5007 allium,
2400 4953 2494 4997 aut
2519 4959 2666 5006 rosa,
2696 4950 2790 4996 aut
2817 4957 3034 5004 crocus,
3063 4950 3156 4995 aut
3186 4941 3329 5002 vitis,

1753 5045 1850 5092 aut
1876 5038 2082 5110 myrica
2112 5038 2328 5108 aliaque
2363 5038 2651 5092 innumera
2687 5033 3045 5106 infrugil‘era?

2386 5127 2692 5195 Responsio.

1827 5221 1885 5275 Si
1917 5221 2042 5291 quis
2081 5220 2370 5292 diligenter
2405 5228 2461 5276 et
2507 5232 2765 5276 accurate
2792 5220 3025 5288 explicet
3071 5235 3158 5274 res
3199 5219 3336 5272 divi~

1754 5328 1877 5376 nas,
1901 5311 2141 5367 inveniet
2172 5313 2354 5366 omnia
2387 5313 2594 5382 absque
2628 5311 2840 5366 defectu
2869 5311 3051 5365 divina
3081 5311 3333 5364 volunta-

1753 5416 1808 5461 te
1842 5406 2123 5476 producta.
2165 5405 2340 5460 Aluus
2381 5405 2525 5459 enim
2573 5404 2807 5458 fructum
2840 5404 3041 5473 praebet
3085 5403 3136 5456 in
3167 5404 3332 5458 ramis

1755 5497 1820 5550 ad
1849 5496 2282 5567 uniuscujusque
2308 5504 2554 5552 nostrum
2579 5495 2960 5550 necessitatem
2984 5512 2998 5561 ;
3032 5494 3219 5547 folium
3245 5510 3330 5548 re—

1755 5587 1992 5658 positum
2029 5586 2160 5642 facit
2191 5586 2260 5642 ad
2294 5587 2583 5642 nutrienda
2632 5589 2685 5641 in
2740 5587 2918 5642 hieme
2967 5600 3162 5654 pecora
3207 5602 3220 5638 :
3266 5599 3334 5640 ex

1755 5679 2052 5736 fruticante
2099 5680 2313 5736 stolone
2355 5680 2534 5736 oleum
2573 5681 2717 5751 quod
2762 5681 3035 5750 praebetur
3077 5678 3331 5744 inﬁrmis,

1754 5772 1902 5845 quod
1944 5787 1975 5827 a
2009 5772 2401 5829 multis‘oleum
2435 5771 2546 5827 alni
2581 5781 2948 5843 nuncupatur.
2993 5769 3122 5826 Viee
3152 5776 3333 5824 autem

571 5931 616 5964 “
654 5930 814 5989 Joau.
844 5948 881 6003 ι,
911 5931 1000 5990 48.
1077 5933 1122 5965 ⁸⁵
1161 5929 1293 5988 Gen.
1326 5936 1480 6002 xviu,
1505 5934 1590 5993 10.
1671 5935 1718 5970 “
1757 5934 1915 5993 Joan.
1944 5951 2063 6006 vui,
2095 5936 2184 5992 58.
2261 5937 2307 5968 ⁸⁸
2343 5934 2446 5994 Job
2470 5950 2704 6008 surtu,
2746 5935 2832 5991 l-I.
2911 5936 2954 5969 "
2995 5933 3136 5992 Gell.
3170 5945 3210 5999 ι,
3248 5927 3336 5988 tl.
