3874 6520
585 410 684 468 951

584 527 814 584 neminis
845 528 980 583 rami
1021 528 1134 584 alni
1159 528 1364 586 defossi
1399 533 1613 591 radices
1656 547 1843 609 agunt.
1898 541 1979 598 Ad
2011 557 2162 597 eum-

585 617 708 674 dem
741 635 869 674 vero
901 620 1120 676 modum
1166 634 1222 678 et
1264 623 1439 690 abies,
1476 635 1530 680 et
1573 629 1740 684 arbor
1783 631 1936 701 picea
1971 651 2156 688 ramu-

585 709 756 766 sculis
783 718 838 766 et
863 710 1122 792 defractis
1152 717 1390 773 surculis
1419 733 1594 788 genus
1619 732 1838 792 augent.
1877 723 2021 781 Bosa
2062 743 2156 782 au-

582 809 714 866 tem,
747 809 840 856 aut
884 803 1110 869 allium,
1161 815 1256 860 aut
1287 821 1518 874 crocus,
1569 813 1769 880 partim
1821 815 2042 885 quidem
2092 817 2160 872 ad

581 893 768 946 odoris
813 891 1164 964 fragrantiam
1215 900 1551 968 conducunt,
1591 905 1789 973 partim
1833 914 1892 960 ut
1929 910 2158 964 commi-

583 989 840 1036 sceantur
869 983 1220 1054 degeneranti
1270 988 1396 1043 vino
1447 991 1638 1048 sicera:
1688 995 2006 1064 potoribus,
2057 1014 2160 1053 un-

584 1072 888 1143 guentariis
913 1073 1041 1129 item
1064 1076 1130 1131 ad
1155 1076 1552 1135 conficiendum
1583 1083 1878 1142 artificiose
1900 1087 2158 1152 sumtum,

580 1170 637 1217 et
671 1153 894 1220 medicis
939 1166 1007 1221 ad
1056 1168 1302 1240 collyria,
1338 1171 1395 1226 in
1445 1173 1567 1228 cibo
1596 1189 1896 1247 sumptum.
1956 1178 2063 1233 Sed
2109 1188 2163 1235 et

582 1268 738 1323 aqua:
767 1247 1051 1325 potoribus
1080 1273 1276 1328 aquam
1311 1260 1589 1318 innoxiam
1625 1263 1907 1334 prazstant.
1934 1268 2160 1323 Arundo

581 1359 712 1402 vero
775 1348 1013 1404 fructum
1081 1351 1230 1418 fert,
1298 1368 1510 1410 comam
1572 1358 1789 1427 quidem
1859 1359 1927 1412 ad
1995 1376 2161 1432 spon-

1663 417 1724 474 s.
1764 402 2068 477 CAESARI!
2131 424 2156 481 ί

2260 424 2460 482 SGOBII
2514 423 2816 482 FRATRIS
3711 428 3796 483 95?.

2263 545 2502 610 ζοῦνται.
2537 547 2771 616 Ὁμοίως
2803 545 2860 598 δὲ
2893 561 2988 598 και
3016 543 3178 611 ἐλάτη
3223 544 3314 597 καὶ
3337 543 3534 616 πεύκη,
3570 547 3672 610 τοῖς
3695 548 3793 601 κλο-

2258 633 2502 708 νίσμασι,
2531 638 2625 690 καὶ
2649 636 2960 698 άποσπάδες
2991 634 3050 688 τὸ
3078 635 3229 704 γένος
3266 632 3508 702 αὔξουσι.
3537 635 3608 688 Τὸ
3645 635 3694 689 δὲ
3724 640 3790 708 ρό-

2257 725 2344 780 δον
2376 727 2409 798 ἦ
2435 726 2685 798 σκόροδον
2707 726 2740 798 ἦ
2777 724 2993 796 κρόκος,
3015 725 3082 779 τὰ
3111 724 3212 795 μὲν
3237 724 3335 795 τὴν
3359 724 3586 789 εὐοδίαν,
3624 727 3705 779 καὶ
3737 731 3796 798 τῷ

2257 814 2696 884 καταμίγνυσθαι
2712 812 3022 883 νοθουμένῳ
3043 811 3114 882 τῷ
3140 813 3267 882 οἴνῳ
3295 811 3407 873 τοῖς
3430 812 3792 883 σικεροπόταις·

2265 906 2294 960 ὀ
2315 907 2575 978 μυρεψοῖς
2594 905 2755 960 πάλιν
2782 904 3174 976 φιλοτεχνεῖται
3212 904 3290 966 εἰς
3334 901 3600 974 θυμίαμα.
3626 903 3706 957 καὶ
3735 906 3794 959 ία-

2264 1000 2416 1070 τροῖς
2443 999 2522 1061 είς
2570 997 2824 1068 κόλλυρα,
2858 994 3004 1048 ἔνδον
3051 993 3388 1064 ἐσθιόμενον.
3417 992 3524 1046 Καὶ
3552 995 3655 1055 τοῖς
3673 994 3793 1064 ὐδρο-

2260 1090 2450 1154 πόταις
2470 1089 2529 1142 τὸ
2553 1087 2787 1152 ἀϐλαϐὲς
2806 1085 2902 1140 τοῦ
2937 1084 3129 1149 ὓδατος
3149 1095 3224 1138 πα
3233 1084 3540 1156 ρεχόμενον.
3574 1081 3630 1137 ὐ
3649 1085 3697 1137 δὲ
3718 1088 3794 1140 κά-

2257 1181 2428 1253 λαμος
2455 1182 2796 1254 καρποφορεζ
2811 1177 2908 1252 τὴν
2933 1179 3030 1250 μὲν
3064 1177 3238 1249 κόμην
3260 1179 3338 1239 είς
3363 1175 3648 1244 σπόγγους⁹
3676 1176 3725 1228 τὸ

2258 1270 2443 1325 λοιπὸν
2469 1273 2548 1335 είς
2595 1270 2881 1344 γραφίδας.
2907 1270 3108 1338 Ἀμφω
3135 1267 3192 1320 δὲ
3235 1268 3290 1318 ἐν
3314 1267 3434 1328 ταῖς
3466 1265 3797 1335 παρεκφύσεσι

2257 1359 2366 1416 τῶν
2399 1359 2566 1433 ῥιζῶν
2598 1361 2658 1415 τὸ
2689 1361 2844 1431 γένος
2871 1358 3249 1430 πληθύνουσιν.

579 1439 718 1511 gias,
758 1441 1026 1512 reliquum
1077 1460 1208 1501 vero
1264 1445 1333 1500 ad
1382 1447 1746 1504 instrumenta
1812 1450 2124 1522 scriptoria.
2172 1451 2479 1523 Utrumque
2536 1462 2714 1508 autem
2772 1451 3018 1507 radicum
3060 1447 3618 1519 suppullulationibus
3659 1465 3797 1520 genus

581 1542 802 1604 augent.

945 1649 1013 1704 ΙΝ
1019 1649 1464 1708 TEBBOGATIO
1503 1653 1793 1710 LXXXVI.

668 1755 852 1820 Quare
902 1757 1062 1827 quasi
1109 1760 1431 1816 naturaliter
1482 1763 1759 1819 cohaerent
1811 1779 1938 1819 cum
2000 1765 2159 1820 bonis

580 1846 746 1912 mala,
784 1850 1163 1919 corruptibilia
1208 1867 1332 1906 eum
1384 1852 1495 1908 vita
1537 1863 1748 1919 nostra,
1799 1873 1924 1910 cum
1975 1857 2160 1912 tritico

581 1937 852 1992 zizaniam
885 1948 939 1994 et
972 1942 1174 2005 ciduta,
1218 1958 1343 1998 cum
1382 1946 1527 2002 rosis
1557 1947 1748 2017 spina,
1781 1962 1904 2002 cum
1946 1950 2159 2006 caeteris

581 2031 936 2087 nutrimentis
995 2032 1332 2089 helleborum
1361 2073 1377 2100 ,
1439 2045 1494 2092 et
1549 2038 1865 2100 aconitum,
1905 2048 1959 2094 et
2001 2055 2159 2096 man-

581 2119 836 2192 dragora,
867 2127 923 2179 et
964 2138 1167 2182 succus
1203 2129 1514 2198 papaveris,
1549 2145 1670 2199 quae
1704 2137 1947 2187 nosmm
1990 2135 2156 2189 vitam

583 2213 782 2270 tollunt
797 2216 822 2268 ?

1218 2309 1524 2382 Responsio.

651 2392 796 2450 Num
831 2396 999 2466 igitur
1025 2399 1217 2454 relicta
1259 2406 1358 2471 pro
1395 2403 1623 2458 utilibus
1655 2406 1952 2475 gratiarum
1989 2406 2161 2463 actio-

582 2499 672 2550 ne,
697 2486 904 2542 crimen
933 2488 1324 2548 intentabimus
1341 2493 1552 2563 Opifici,
1583 2495 1730 2564 quod
1772 2499 2023 2567 quaedam
2056 2515 2160 2556 no-

584 2577 672 2634 bis
704 2578 772 2632 ad
803 2577 1124 2645 discrimen,
1149 2583 1396 2652 quaedam
1426 2589 1559 2641 vero
1587 2587 1795 2644 utiliter
1821 2592 2163 2647 nascuntur?

582 2671 692 2724 Aut
723 2684 834 2725 non
879 2673 1260 2742 reputabimns
1304 2675 1462 2740 illud,
1504 2678 1650 2747 quod
1681 2695 1789 2734 non
1819 2681 2002 2735 omnia
2035 2697 2161 2752 pro-

587 2771 706 2834 pter
733 2772 978 2820 ventrem
1028 2773 1276 2822 nostrum
1322 2767 1544 2823 condita
1580 2771 1747 2826 sunt?
1794 2770 1958 2842 Atqui
2004 2772 2162 2828 nobis

582 2854 806 2926 quidem
838 2857 1080 2926 deputati
1110 2858 1218 2913 cibi
1240 2860 1498 2916 omnibus
1528 2861 1583 2916 in
1613 2870 1863 2935 promptu
1890 2871 1944 2918 et
1969 2865 2159 2935 cogni-

581 2955 642 3001 tu
674 2945 865 3005 faciles
893 2957 1041 3005 sunt.
1080 2949 1494 3020 llnumquodvis
1532 2965 1662 3008 vero
1693 2956 2033 3010 nasCentium
2067 2972 2162 3026 pe-

582 3039 843 3095 culiarem
869 3042 1160 3112 quamdam
1192 3046 1246 3098 in
1269 3045 1549 3100 creatione
1580 3047 1842 3101 rationem
1863 3048 2066 3117 implet.
2087 3048 2162 3104 Ne

582 3130 727 3186 enim
756 3132 975 3188 laederet
991 3143 1292 3191 venenatus
1315 3139 1564 3194 taurinus
1582 3139 1828 3210 sanguis,
1850 3153 1959 3194 non
1975 3139 2162 3195 debuit

583 3217 637 3274 id
659 3221 861 3276 animal
891 3223 1120 3292 produci
1152 3224 1234 3278 vel
1257 3238 1449 3280 carere
1473 3229 1758 3296 sanguine,
1783 3228 1940 3298 cujus
1969 3229 2162 3285 robore

581 3313 638 3368 in
683 3323 793 3367 tam
839 3314 1027 3368 multis
1063 3313 1272 3385 indiget
1317 3317 1424 3370 vita
1462 3318 1690 3372 nostra?
1740 3319 1905 3389 Atqui
1949 3320 2015 3373 ad
2067 3335 2160 3375 ca-

581 3406 757 3461 venda
810 3408 1116 3474 perniciosa
1165 3408 1260 3463 tibi
1299 3411 1442 3463 ratio
1494 3410 1716 3467 sufficit.
1766 3412 1963 3465 AnnOn
2011 3413 2158 3467 enim

581 3511 714 3554 oves
745 3505 798 3553 et
831 3510 1009 3569 capra!
1051 3508 1254 3554 norunt
1285 3501 1535 3574 refugere
1563 3508 1686 3574 qua}
1713 3503 1837 3558 vita:
1891 3519 2004 3559 suae
2032 3511 2158 3572 per-

581 3590 796 3645 'niciOsa
825 3599 979 3653 Sunt,
1013 3593 1129 3647 solo
1161 3593 1362 3650 olfactu
1392 3597 1553 3650 noxia
1592 3595 1995 3665 dijudicantes?
2035 3594 2159 3650 Tibi

583 3690 764 3736 autem
795 3683 880 3736 cui
903 3692 956 3738 et
980 3685 1122 3738 ratio
1144 3685 1321 3750 adest,
1348 3695 1402 3742 et
1431 3702 1522 3743 ars
1542 3689 1849 3755 medicinae,
1869 3703 1992 3759 quas
2012 3688 2156 3759 quod

580 3780 667 3830 est
701 3775 942 3842 salubre,
970 3778 1303 3848 suppeditat,
1336 3787 1390 3834 et
1423 3780 1846 3850 praecedentium
1867 3781 2158 3849 experien-

576 3866 676 3933 tia,
721 3869 1157 3939 perniciosorum
1203 3871 1385 3941 fugam
1434 3886 1752 3943 suggerens,
1799 3871 2016 3927 ditIicilc
2053 3871 2160 3924 crit

577 3960 853 4017 declinare
888 3962 1209 4018 mortifera?
1253 3962 1401 4018 Nihil
1440 3977 1620 4018 autem
1665 3964 1859 4018 horum
1896 3963 2158 4018 inutiliter

577 4065 670 4114 1ut
696 4056 764 4110 ab
795 4069 854 4110 re
875 4065 1061 4110 natum
1089 4065 1191 4122 est,
1215 4057 1310 4114 sed
1337 4063 1431 4112 aut
1461 4057 1621 4111 nobis
1655 4065 1750 4112 aut
1776 4056 2066 4126 pecoribus
2088 4054 2155 4109 ad

578 4145 866 4201 utilitatem
893 4147 1194 4213 tributum;
1227 4163 1354 4204 nam
1387 4150 1570 4204 cicuta
1599 4148 1818 4220 quidem
1849 4149 2026 4204 sturni
2057 4164 2153 4220 pa-

577 4249 830 4305 scuntur,
856 4239 1135 4294 helleboro
1165 4255 1296 4296 vero
1325 4242 1660 4303 coturnices,
1681 4241 1970 4309 utriusque
1998 4252 2154 4292 noxae

579 4330 848 4383 immunes
879 4327 1520 4404 quadam‘dispOSitione
1565 4338 1774 4382 natura:
1818 4347 1833 4383 :
1879 4344 1973 4399 per
2000 4341 2156 4381 man-

575 4419 863 4490 dragoram
887 4429 1067 4472 autem
1094 4434 1347 4474 somnum
1372 4419 1603 4474 infirmis
1628 4419 1894 4472 inducunt
1925 4415 2150 4484 medici;

575 4524 744 4564 succo
779 4509 1069 4579 papaveris
1101 4525 1393 4580 corporum
1437 4508 1783 4563 vehementes
1807 4507 2024 4562 dolores
2059 4523 2152 4562 so-

576 4601 764 4667 piunt;
801 4601 914 4671 jam
945 4615 1077 4654 vero
1131 4609 1186 4656 et
1221 4601 1400 4654 cicuta
1434 4600 1654 4670 quidam
1692 4599 1898 4653 rabiem
1945 4599 2154 4668 appeti-

572 4699 728 4746 tuum
766 4691 1139 4754 sustulerunt,
1188 4697 1242 4746 et
1293 4691 1570 4746 hellebore
1615 4691 1814 4746 multos
1860 4690 2151 4745 diuturnos

573 4783 794 4837 morbos
811 4784 1206 4853 exstirparunt.
1232 4779 1412 4848 Quare
1435 4773 1577 4852 quod
1598 4788 1854 4853 putamus
1871 4781 2150 4836 inimicinn

572 4890 692 4932 esse
721 4884 924 4932 nostra
953 4884 1181 4940 naturae,
1227 4875 1279 4931 id
1326 4876 1486 4932 nobis
1529 4877 1586 4931 in
1626 4883 1977 4948 augmentum
2028 4878 2153 4947 gra-

571 4967 772 5024 tiarum
802 4971 1036 5025 actionis
1065 4967 1321 5024 accessit.

925 5164 1276 5222 INTERROG
1286 5165 1446 5222 ATIO
1485 5163 1794 5223 LXXXVII.

640 5255 822 5322 Quare
848 5256 918 5312 de
941 5258 1109 5313 herba
1142 5271 1195 5314 et
1234 5260 1542 5324 arboribus,
1583 5258 1948 5330 Progermiuet
1983 5269 2148 5325 terra,

570 5347 784 5418 inquit;
831 5348 898 5403 de
935 5350 1223 5418 pecoribus
1253 5359 1432 5406 autem
1479 5362 1535 5408 et
1575 5353 1788 5417 bestiis,
1827 5351 2099 5406 Producat
2123 5356 2149 5410 .9

569 5441 772 5494 Annon
814 5437 1054 5508 aliquam
1095 5441 1492 5497 dissonantiam
1538 5443 1735 5507 habet,
1793 5443 2036 5514 utrisque
2079 5460 2146 5500 cx

571 5529 763 5586 eodem
795 5529 1243 5600 provenientibus
1273 5533 1502 5588 ventre?

1207 5621 1513 5694 Responsio.

639 5713 1093 5785 Quandoquidem
1117 5718 1360 5786 germina
1390 5728 1444 5773 et
1473 5719 1684 5775 fructus
1710 5720 2005 5790 quotannis
2029 5736 2146 5792 ger-

567 5801 840 5856 minatura
877 5809 1056 5863 erant,
1086 5812 1140 5858 et
1180 5803 1237 5858 in
1281 5811 1426 5858 terra
1471 5820 1817 5870 remansura,
1852 5807 1907 5860 in
1937 5808 2137 5876 ipsam,

571 5892 717 5949 velut
750 5895 807 5951 in
841 5894 965 5950 sinu
1003 5895 1194 5954 matris
1229 5893 1595 5954 deﬂuentibus
1627 5896 1853 5955 ﬂoribus
1884 5898 2141 5956 desinen-

2841 1643 3091 1702 [ΙΕΥΣΙΣ
3119 1650 3260 1715 HG".

2329 1756 2481 1809 Διατί
2523 1753 2858 1826 συμφύονται
2895 1755 3006 1816 τοῖς
3039 1751 3225 1812 καλοῖς
3263 1752 3331 1805 τά
3359 1753 3526 1818 κακὰ,
3558 1755 3644 1807 καὶ
3662 1755 3800 1824 φθαρ-

2259 1849 2388 1902 τικὰ
2413 1847 2512 1918 τῆς
2546 1845 2690 1918 ζωῆς
2717 1846 2894 1916 ἡμῶν,
2925 1846 3060 1916 μετὰ
3093 1844 3186 1897 τοῦ
3213 1846 3360 1898 σίτου
3392 1845 3453 1898 τὸ
3482 1845 3705 1910 ζιζάνιον
3725 1849 3797 1901 καὶ

2258 1940 2323 1994 τὸ
2359 1940 2601 2003 κώνειον,
2637 1938 2780 2010 μετὰ
2829 1937 2938 1992 τῶν
2980 1937 3146 2008 ῥόδων
3193 1938 3244 1990 οἱ
3275 1938 3535 2008 τρίὸολοι,
3569 1941 3693 2007 μετὰ
3715 1939 3799 1991 τῶν

2259 2032 2463 2087 λοιπῶν
2487 2031 2767 2102 τροφίμων
2811 2030 3114 2100 ἐλλέϐορος,
3158 2030 3252 2082 καὶ
3282 2031 3550 2094 άκόνιτος,
3578 2033 3662 2084 καὶ
3691 2049 3796 2102 μαν-

2259 2123 2552 2196 δραγόρας,
2576 2123 2668 2176 καὶ
2703 2123 2731 2174 ὀ
2759 2123 2858 2194 τῆς
2897 2124 3145 2193 μήκωνος
3185 2121 3354 2185 ὠπὸς,
3381 2123 3528 2194 άπερ
3561 2125 3794 2194 ἀναιροῦσι

2261 2217 2360 2286 τὴν
2389 2215 2533 2286 ζωὴν
2562 2213 2752 2285 nev;

2871 2306 3226 2374 Ἀπόκρισις.

2333 2398 2398 2452 Τί
2436 2394 2530 2453 οὖν
2571 2397 2800 2468 ἀφέντες
2848 2397 2950 2466 τὴν
2991 2398 3086 2450 ἐπὶ
3130 2400 3244 2461 τοῖς
3289 2397 3584 2468 χρησίμοις
3623 2397 3796 2466 εὐχαρι-

2263 2488 2435 2554 στίαν,
2491 2489 2878 2559 ἐγκαλέσωμεν
2933 2487 3012 2559 τῷ
3066 2488 3396 2560 Δημιουργῷ
3446 2490 3540 2542 ἐπὶ
3575 2489 3674 2542 τῶν
3697 2490 3796 2558 ἡμῖν

2261 2583 2398 2653 πρὸς
2423 2582 2694 2654 διάκρισιν
2744 2580 2839 2634 καί
2883 2598 3042 2634 τινων
3076 2581 3464 2652 συμφερόντως
3488 2582 3794 2650 ἐκφυέντων,

2274 2673 2481 2725 Ἐκεῖνο
2498 2671 2554 2724 δὲ
2583 2671 2644 2724 οὐ
2670 2670 3030 2742 λογισώμεθα,
3052 2673 3135 2724 ὅτι
3163 2671 3224 2724 οὐ
3255 2672 3432 2725 πάντα
3477 2671 3574 2743 τῆς
3599 2671 3796 2741 γαστρός

2260 2762 2447 2816 ἕνεκεν
2475 2761 2574 2832 τῆς
2597 2761 2872 2834 ἡμετέρας
2902 2761 3364 2833 δεδημιούργηται
3387 2780 3404 2828 ;
3436 2762 3548 2816 ἀλλ’
3575 2764 3695 2833 ἡμῖν
3722 2763 3796 2832 μὲν

2262 2858 2323 2909 αἱ
2369 2855 2811 2926 άποτεταγμέναι
2862 2856 3062 2926 τροφαὶ
3111 2857 3394 2927 πρόχειροι
3427 2856 3519 2909 καὶ
3551 2857 3703 2909 πᾶσιν
3729 2853 3796 2907 εὖ·

2261 2964 2515 3016 γνωστοι,
2567 2947 2797 3001 ἕκαστον
2825 2947 2884 3000 δὲ
2909 2948 3016 3000 τῶν
3045 2949 3346 3019 γινομένων
3376 2947 3504 3001 ἴδιόν
3527 2965 3641 3001 τινα
3671 2947 3796 3014 λόγον

2260 3039 2318 3090 ἐν
2346 3041 2412 3109 τῇ
2437 3038 2611 3091 κτίσει
2639 3037 2855 3110 πληροῖ.
2886 3039 2978 3108 Μὴ
3016 3038 3126 3109 γὰρ
3158 3039 3344 3111 ἐπειδή
3393 3057 3472 3093 σοι
3513 3039 3794 3110 δηλητήριον

2259 3129 2507 3200 ταύρειον
2535 3123 2695 3200 αἷμα,
2725 3131 2824 3183 οὐκ
2861 3130 3062 3199 ὀφείλει
3109 3131 3456 3202 παραχθῆναι
3485 3133 3545 3185 τὸ
3587 3131 3710 3196 ζῶον
3729 3129 3790 3200 ,ἢ

2259 3223 2487 3294 ἄναιμον
2512 3224 2798 3295 ὑπάρχειν,
2830 3215 2892 3276 οὗ
2943 3224 3043 3295 τῆς
3068 3223 3248 3294 ἰσχύος
3270 3224 3406 3297 πρὸς
3431 3223 3656 3278 τοσαῦτα
3669 3222 3792 3294 ἡμῶν

2259 3317 2287 3368 ὀ
2318 3315 2431 3384 βίος
2460 3315 2730 3369 ἐπιδέεται
2753 3331 2768 3381 ;
2823 3315 2982 3368 Ἀλλὰ
3009 3315 3094 3368 σοὶ
3123 3317 3221 3386 μὲν
3245 3315 3524 3386 αὐτάρκης
3546 3317 3573 3368 ὀ
3596 3315 3791 3386 ἔμφυτος

2259 3407 2416 3476 λόγος
2445 3407 2582 3479 πρὸς
2634 3407 2735 3478 τὴν
2777 3407 2884 3460 τῶν
2937 3406 3195 3479 ὀλεθρίων
3247 3409 3513 3477 φυλακήν.
3555 3409 3625 3461 Οὐ
3654 3409 3790 3475 δήπου

2259 3499 2366 3570 γὰρ
2404 3497 2653 3570 πρόϐατα
2687 3500 2781 3552 καὶ
2811 3494 2962 3568 αῖγες
2994 3500 3171 3554 ἴσασιν
3197 3499 3529 3569 ἀποφεύγειν
3558 3500 3620 3553 τὰ
3655 3499 3794 3570 φθαρ-

2256 3590 2385 3644 τικὰ
2408 3591 2505 3660 τῆς
2538 3590 2682 3660 ζωῆς
2701 3591 2901 3649 αὐτῶν.
2937 3591 3072 3663 μόνῃ
3099 3593 3166 3662 τῇ
3201 3591 3466 3664 ὀσφρήσει
3493 3592 3559 3645 τὰ
3597 3588 3793 3662 βλαϐερὰ

2258 3681 2600 3754 διακρίνοντα
2628 3700 2644 3748 ;
2674 3684 2756 3736 σοι
2779 3683 2836 3737 δὲ
2862 3676 2906 3750 ᾧ
2929 3683 3022 3737 καὶ
3038 3684 3193 3752 λόγος
3217 3686 3451 3753 πάρεστι
3494 3685 3583 3738 καὶ
3609 3682 3792 3755 ίατριιιὴ

2257 3775 2420 3845 τέχνη
2441 3774 2502 3826 τὸ
2527 3776 2792 3846 χρήσιμον
2818 3775 3203 3845 ἐκπορίζουσα,
3228 3776 3322 3829 καὶ
3354 3777 3386 3846 ή
3410 3776 3518 3829 τῶν
3550 3775 3796 3846 προλαϐόνι

2257 3882 2364 3918 Ιτων
2397 3867 2580 3937 πεῖρα,
2627 3865 2735 3918 τῶν
2776 3865 3032 3936 ὀλεθρίων
3061 3864 3157 3936 τὴν
3192 3865 3368 3936 φυγὴν
3398 3866 3791 3936 ὑπαγορεύοντα,

2259 3955 2496 4027 χαλεπὸν
2542 3956 2784 4010 ἐκκλῖναι
2814 3956 2881 4010 τά
2913 3956 3246 4026 δηλητήρια;
3298 3958 3463 4011 Οὐδὲν
3509 3959 3564 4010 δέ
3612 3956 3790 4009 ἐκείνων

2257 4045 2443 4116 ἀργῶς
2469 4045 2502 4116 ἢ
2538 4045 2827 4114 ἀνωφελῶς
2861 4045 3060 4116 ἐξερρύη
3081 4064 3094 4078 .
3131 4047 3243 4100 ἀλλο
3277 4046 3309 4116 ἢ
3334 4048 3465 4118 ἡμῖν
3487 4047 3519 4117 ἦ
3543 4050 3644 4108 τοῖς
3674 4045 3790 4110 mf

2261 4155 2375 4190 νεσι
2402 4137 2538 4209 πρὸς
2567 4137 2627 4190 τὸ
2659 4136 2935 4208 συμφέρον
2964 4135 3201 4209 ἐξεδόθη.
3238 4138 3312 4190 Τὸ
3343 4138 3444 4208 μὲν
3473 4140 3578 4210 γὰρ
3603 4136 3787 4191 κώνειον

2255 4231 2303 4283 οί
2324 4229 2497 4301 ψᾶρες
2557 4229 2857 4300 βόσκονται,
2879 4229 2940 4282 τὸ
2974 4229 3256 4300 ἐλλέϐορον
3291 4232 3339 4282 oi
3377 4230 3621 4300 δρτυγες,
3651 4230 3787 4298 ἄμφω

2255 4320 2356 4391 τῆς
2377 4318 2578 4390 βλάϐης
2622 4319 2958 4373 άνεπίδεκτοι
2996 4323 3060 4391 τῇ
3102 4324 3414 4392 κατασκευῇ
3459 4323 3554 4390 τῆς
3580 4321 3783 4390 φύσεως·

2255 4403 2345 4466 διὰ
2367 4411 2424 4465 δὲ
2463 4411 2556 4465 τοῦ
2592 4411 2968 4482 μανδραγόρου
2993 4409 3159 4465 ὕπνον
3184 4413 3356 4484 ἰατροὶ
3387 4417 3509 4476 ταὶς
3534 4411 3786 4470 ἀσθενείαις

2255 4504 2520 4572 ἐπάγουσι
2541 4519 2556 4534 υ
2591 4501 2669 4574 τῷ
2698 4503 2753 4556 δὲ
2800 4503 2939 4573 ὀπίῳ
2972 4503 3070 4566 τὰς
3100 4503 3332 4575 σφοδρὰς
3368 4503 3559 4569 ὀδύνας
3593 4503 3681 4557 τῶν
3705 4519 3786 4554 σω-

2258 4598 2444 4669 μάτων
2490 4599 2908 4663 κατευνάζουσιν
2939 4615 2952 4630 ο
2981 4598 3081 4668 ἤδη
3112 4595 3168 4649 δέ
3213 4613 3356 4660 τινες
3387 4599 3466 4669 τῷ
3496 4600 3681 4667 κωνείῳ
3709 4593 3783 4647 καὶ

2253 4689 2317 4742 τὸ
2338 4687 2608 4752 λυσσῶδες
2629 4687 2738 4743 τῶν
2763 4690 2996 4761 ὀρέξεων
3039 4705 3166 4742 κατε
3177 4688 3444 4758 μάραναν,
3477 4688 3650 4758 καὶτῷ
3671 4685 3783 4740 ἐλλε-

2251 4780 2402 4853 ϐόρῳ
2430 4781 2600 4835 πολλὰ
2616 4781 2726 4835 τῶν
2755 4781 2982 4852 χρονίων
3016 4779 3204 4835 παθῶν
3227 4781 3631 4852 ἐξεμόχλευσαν.
3651 4780 3778 4831 Ὥστε

2251 4873 2282 4926 ο
2320 4872 2584 4945 δοκοῦμεν
2643 4873 2902 4944 πολέμιον
2955 4874 3020 4944 τῇ
3077 4870 3234 4950 φύσει
3293 4871 3453 4941 ήμῶν
3497 4869 3776 4940 πεφυκέναι,

2255 4966 2412 5020 τοῦτο
2471 4969 2604 5038 ἡμῖν
2649 4970 2730 5032 είς
2785 4961 3103 5038 προσθήκην
3165 4963 3514 5036 εὐχαριστίας
3574 4961 3777 5039 περιελή-

2256 5058 2435 5114 λυθεν.

2837 5165 3086 5227 ΠΕΥΣιΣ
3118 5173 3243 5226 ΠΖ’.

2325 5264 2476 5318 Διατί
2501 5264 2594 5318 ἐπὶ
2622 5263 2719 5335 μὲν
2750 5267 2850 5334 τῆς
2882 5264 3132 5334 βοτάνης,
3153 5263 3246 5315 καὶ
3271 5259 3378 5314 τῶν
3409 5259 3642 5331 δένδρων,
3663 5258 3774 5309 BJa-

2252 5354 2534 5423 στησάτω
2553 5353 2701 5424 τλτῆ,
2733 5347 2823 5406 ἐπὶ
2845 5345 2900 5406 δὲ
2927 5355 3033 5407 τῶν
3060 5349 3272 5422 κτηνῶν
3298 5351 3390 5403 καὶ
3419 5350 3630 5422 Θηρίων,
3680 5345 3772 5406 ’Ξξο

2251 5443 2548 5515 αγαγέτω;
2580 5435 2726 5517 ’Λρα
2750 5445 2822 5515 μή
2860 5459 2980 5497 τινα
3021 5441 3317 5512 διαφωνίαν
3347 5439 3482 5509 ἔχει,
3503 5437 3769 5511 ἀμφοτέρων

2251 5538 2351 5609 τῆς
2381 5537 2552 5608 αὐτῆς
2583 5535 3001 5610 προερχομένων
3021 5532 3289 5605 γαστρός;

2860 5629 3211 5697 Ἀπόκρισις.

2335 5719 2550 5790 Ἐπειδὴ
2579 5719 2648 5774 τὰ
2681 5719 3036 5792 βλαστήματα
3073 5724 3240 5777 καὶ-οἱ
3269 5724 3468 5798 καρποὶ
3490 5719 3599 5774 κατ’
3627 5717 3768 5769 ἐνιαυ-

2249 5807 2339 5862 τὸν
2370 5801 2682 5877 βλαστάνειν
2734 5807 2964 5880 ἤμελλον
3009 5813 3101 5865 καὶ
3143 5815 3472 5885 παραμένειν
3514 5811 3575 5880 τῇ
3606 5800 3767 5877 γῇ,εις

2249 5900 2419 5971 αὐτὴν
2468 5899 2660 5973 ὥσπερ
2687 5905 2746 5957 ἑν
2773 5903 2954 5974 κόλπῳ
2985 5905 3188 5976 μητρὸς
3233 5910 3298 5977 τῇ
3339 5903 3614 5976 ἀνθορῥοίᾳ
3638 5908 3764 5951 astat
