3806 6508
51 455 143 514 ³155

1413 422 1758 482 DIALOGUS
1805 424 1850 484 I.

3164 424 3274 486 95b

53 573 271 643 λήγοντα.
296 554 482 623 ἑαυτῆς
526 551 584 605 δὲ
640 550 804 605 πάλιν
832 546 1219 618 ἁποκυούμενα
1243 559 1258 574 ·
1288 544 1356 599 τὰ
1380 544 1436 599 δὲ
1465 544 1581 609 ζῶα

1776 587 1783 608 ,
1819 555 1872 602 et
1902 561 1967 602 ex
2022 544 2139 616 ipsa
2195 559 2391 602 rursus
2432 544 2781 610 enascentia;
2844 541 3107 599 animalia
3142 554 3278 599 vero

53 635 179 724 anne
206 651 364 720 αὐτῆς
420 644 855 718 ἀποϐρασθέντα,
886 644 987 697 οὐκ
1030 644 1109 696 ἔτι
1138 640 1196 708 ἐξ
1226 640 1418 711 αὑτῆς,
1446 638 1583 693 ἀλλὰ

1776 640 1855 696 nel
1881 640 1951 695 ab
1974 640 2091 711 ipsa
2124 639 2409 712 producta,
2438 654 2545 696 non
2582 639 2818 710 amplius
2844 653 2908 693 ex
2945 636 3088 706 ipsa,
3119 635 3215 692 sed
3244 650 3277 690 α

53 755 143 813 ἀπὸ
165 749 263 803 τῶν
288 741 535 811 διαδόχων
570 738 888 793 amomi.

592 849 840 903 ΠΕΥΣΙΣ
867 849 997 901 UH'.

112 968 245 1027 Διατί
276 966 345 1039 μὴ
392 963 480 1017 τὸν
502 961 747 1035 οὐρανὸν,
775 961 850 1025 ὡς
874 958 1086 1032 πρῶτον
1126 958 1218 1010 ὑπ’
1244 953 1406 1010 αὑτοῦ
1436 952 1588 1023 γενύ-

53 1082 189 1139 μενον
210 1059 570 1128 διεκόσμησεν,
598 1054 733 1110 ἀλλά
753 1054 852 1123 τὴν
884 1052 999 1124 μετ’
1028 1052 1233 1105 ἐκεῖνον
1260 1048 1592 1119 δημιουργη-

53 1138 211 1213 θεῖσαν
233 1152 328 1221 γῆν
381 1146 744 1218 προετίμησεν
766 1161 785 1209 ;
808 1144 956 1197 Ἔδει
991 1142 1047 1197 δὲ
1073 1139 1214 1195 κατὰ
1252 1141 1350 1212 τὴν
1371 1138 1595 1193 ἀκολου-

51 1250 153 1303 θίαν
178 1247 269 1315 τῆς
290 1241 547 1312 γενέσεως
573 1237 876 1307 ἐπαχθῆναι
901 1237 1000 1307 τὴν
1037 1234 1415 1306 διακόσμησιν.

629 1415 988 1485 Ἀπόκρισις.

109 1516 197 1573 Διὰ
241 1514 336 1586 τὴν
385 1508 683 1581 μέλλουσαν
724 1506 1057 1561 ἀνακύπτειν
1076 1504 1337 1558 πολύθεον
1367 1502 1596 1573 πλάνην,

50 1614 135 1685 τὴν
163 1607 249 1663 καὶ
266 1606 360 1659 νῦν
382 1601 717 1673 κατέχουσαν
737 1600 861 1662 τοὺς
879 1597 1127 1662 πολλοὺς,
1155 1595 1307 1665 ἥλιον
1327 1593 1445 1648 ἀντὶ
1462 1589 1597 1644 Θεοῦ

50 1684 301 1763 σέϐοντας,
336 1697 429 1751 καὶ
462 1695 657 1757 ἀθέους
685 1693 741 1745 ἐν
765 1692 921 1747 νυκτὶ
952 1689 1318 1760 ὑπάρχοντας,
1348 1689 1413 1757 τῇ
1451 1684 1599 1737 ὲκεί-

50 1814 128 1849 νου
146 1792 284 1848 δύσει
304 1807 319 1822 ο
348 1789 421 1860 μή
452 1803 584 1840 ποτε
609 1783 937 1855 νομισθῶσιν
960 1782 1007 1835 et
1032 1778 1234 1853 καρποὶ
1253 1781 1318 1849 τῇ
1333 1777 1427 1831 τοῦ
1449 1774 1599 1847 ἡλίου

50 1886 207 1955 θέρμῃ
233 1876 588 1948 ἐκϐληθέντες
628 1875 727 1945 τῆς
781 1873 884 1942 γῆς
934 1869 1256 1933 πέπτεσθαι,
1304 1869 1400 1921 καὶ
1440 1866 1500 1919 ού
1534 1867 1601 1937 τῇ

50 1980 206 2031 πάντα
235 1968 648 2044 πρυτανευούσῃ
674 1967 796 2038 θείᾳ.
821 1964 981 2039 ῥώμῃ
1012 1960 1345 2017 τελειοῦσθαι
1373 1959 1606 2013 ἕκαστον

47 2073 166 2143 πρὸς
189 2072 244 2123 τὸ
297 2066 388 2120 ὑπ’
430 2064 646 2132 ἐκείνης
700 2060 916 2132 ὁρισθὲν
955 2056 1201 2129 μέγεθος.
1235 2056 1307 2108 Ἦ
1340 2049 1406 2107 αὖ
1444 2052 1605 2106 πάλιν

50 2166 114 2236 μή
145 2177 264 2215 ποτε
285 2155 529 2230 ἀρχηγὸν
563 2155 656 2209 καὶ
702 2152 915 2223 πατέρα
962 2150 1137 2220 φωτὸς
1162 2148 1254 2202 τὸν
1298 2147 1450 2218 ἥλιον
1491 2148 1601 2217 οἰη-

46 2256 164 2308 θῶσί
191 2267 351 2313 τινες,
373 2246 467 2301 διὰ
501 2246 659 2299 τοῦτο
683 2242 1032 2315 πρεσϐυτέρα
1053 2241 1149 2312 τῆς
1172 2239 1422 2311 οὐρανίου
1446 2240 1479 2308 ἡ
1508 2238 1608 2309 τῆς

48 2350 134 2417 γῆς
164 2342 541 2411 διακόσμησις.

623 2451 871 2505 ΠΕΥΣΙΣ
890 2450 1017 2504 118'.

108 2572 208 2627 Καὶ
229 2569 313 2624 διὰ
340 2569 393 2624 τί
431 2568 512 2641 μὴ
537 2570 604 2639 τῇ
646 2565 835 2639 πρώτῃ
893 2562 1098 2637 ἡμέρᾳ,
1125 2563 1224 2635 τῆς
1264 2559 1501 2619 ἀϐύσσου
1532 2561 1614 2615 ἔτι

49 2663 325 2735 ἐπεχούσης
353 2660 425 2715 τὰ
464 2659 787 2732 ἐπουράνια,
812 2657 907 2711 καὶ
927 2656 1090 2729 μήπω
1106 2656 1461 2727 συναχθείσης
1478 2654 1614 2726 πρὸς

51 2758 164 2828 μίαν
196 2753 544 2825 συναγωγὴν,
573 2752 647 2825 μὴ
675 2750 930 2823 ἐποίησεν
948 2749 1098 2821 ἥλιον
1136 2750 1229 2802 καὶ
1264 2748 1492 2820 σελήνην
1522 2748 1615 2800 καὶ

47 2850 261 2921 ἀστέρας
279 2866 295 2914 ;

650 2938 1011 3007 Ἀπόκρισις.

117 3034 260 3088 Ἐπεὶ
300 3031 525 3087 οὐδέπω
553 3021 621 3103 ἦν
653 3031 715 3085 τὸ
744 3029 1030 3101 στερέωμα
1068 3026 1126 3081 ἐν
1175 3020 1219 3095 ᾧ
1255 3025 1305 3079 ei
1334 3024 1619 3096 φωστῆρες

48 3127 258 3198 ἤμελλον
282 3122 663 3179 ἀνατίθεσθαι.
708 3123 810 3175 Ἐν
843 3119 1001 3188 ἀρχῇ
1030 3117 1160 3190 γὰρ,
1199 3117 1383 3188 φησιν,
1416 3117 1619 3183 ἐποίη-

44 3237 143 3272 σεν
162 3222 191 3273 ὀ
219 3218 356 3283 Θεὸς
389 3217 509 3271 τὸν
530 3214 810 3283 οὐρανὸν,
843 3213 941 3266 καί
968 3210 1085 3279 τὴν
1109 3207 1250 3281 γῆν
1286 3210 1345 3262 οὑ
1376 3207 1469 3262 τὸν
1488 3206 1621 3279 ὁρώ-

48 3326 208 3379 μενον,
236 3306 372 3361 ἀλλὰ
402 3306 503 3358 τὸν
531 3303 923 3376 ὑπερκείμενον
947 3299 1041 3355 τοῦ
1071 3298 1371 3372 ὁρωμένου.

658 3420 908 3474 ΠΕΥΣΙΣ
948 3421 1018 3486 ιιι.

99 3516 159 3572 Τί
181 3511 273 3572 οὑν
294 3516 390 3571 καὶ
416 3512 632 3584 πλῆθος
655 3513 836 3581 λέγεις
860 3508 1102 3582 οὐρανῶν
1139 3508 1406 3580 ὑπάρχειν
1457 3507 1624 3577 ὑπερ-

39 3614 139 3670 άνω
162 3611 250 3666 τοῦ
279 3610 703 3683 περεὼματος;

661 3698 1022 3765 Ἀπόκρισις.

113 3795 367 3866 Ἀριθμὸν
406 3795 520 3864 μὲν
550 3791 722 3855 οὐδεὶς
765 3790 872 3844 τῶν
906 3787 1204 3842 θεσπεσίων
1244 3785 1462 3839 πώποτε
1520 3784 1629 3838 ἀπ-

40 3892 256 3961 εφήνατο
283 3889 426 3959 πλὴν
446 3884 555 3943 τοῦ
582 3883 785 3955 ὑψηλοῦ
811 3881 1154 3946 Ἀποστόλου,
1181 3880 1286 3942 ἕως
1306 3879 1490 3951 τρίτου
1516 3878 1631 3931 δια-

37 3985 425 4055 πεφοιτηκέναι
458 3979 730 4052 βοῶντος·
767 3977 825 4030 οὑ
859 3978 1038 4047 μέντοι
1074 3974 1265 4045 μέχρις
1292 3969 1472 4025 αὑτῶν
1503 3970 1630 4040 στή-

44 4093 133 4140 σας
164 4074 250 4129 τὸν
281 4075 551 4146 ἀριθμόν.
594 4071 668 4124 Τὸ
693 4070 801 4140 γὰρ
829 4069 998 4140 φῆσαι
1034 4063 1351 4138 ἁρπαγέντα
1382 4064 1487 4126 ἕως
1515 4060 1632 4130 τρι·

39 4187 124 4222 του
152 4168 414 4241 ούρανοῦ,
448 4165 517 4220 δι’
550 4161 752 4236 ἄρθρου
795 4158 912 4225 τοῦ,
955 4158 1086 4226 ἕως,
1131 4156 1425 4227 ὑπῃνίξατο
1459 4152 1631 4223 ὑπερο

42 4265 243 4315 κεῖσθαι
267 4261 365 4315 καὶ
390 4258 623 4326 ἐτέρους
646 4251 753 4308 τῶν
776 4251 962 4326 τριῶν.
986 4250 1093 4305 Καὶ
1114 4250 1277 4304 Δαϐὶδ
1298 4250 1324 4302 ὁ
1343 4246 1452 4300 τῶν
1476 4244 1633 4299 θείων

44 4354 293 4424 μελῳδὸς,
335 4350 584 4407 Αἰνεῖτε
624 4345 732 4401 τὸν
770 4347 1009 4414 Κύριον,
1057 4343 1244 4414 φησὶν,
1283 4341 1351 4393 ἐκ
1382 4336 1501 4392 τῶν
1535 4337 1635 4390 οὺ-

36 4444 260 4516 ρίινῶν·
310 4442 413 4499 καὶ
442 4443 495 4496 oi
529 4439 658 4512 περὶ
691 4439 782 4493 τὸν
823 4436 1067 4492 Ἀνανίαν
1102 4433 1410 4496 θεσπέσιοι,
1446 4432 1639 4484 Εὐλο-

39 4538 203 4607 τεῖτε,
225 4538 425 4608 φασιν,
446 4537 506 4588 οἱ
531 4531 774 4601 οὐρανοὶ
797 4528 1038 4597 Κυρίου,
1062 4526 1168 4580 τὸν
1188 4526 1409 4593 Κύριον
1427 4541 1441 4555 ο
1473 4522 1639 4591 ἄμφω

38 4632 121 4684 τὸν
147 4629 389 4701 ἀριθμὸν
421 4626 521 4681 διὰ
551 4623 646 4677 τοῦ
678 4621 983 4692 πνεύματος
1017 4619 1410 4687 σιωπήσαντες.
1444 4615 1509 4668 Τί
1531 4612 1640 4683 γὰρ

37 4725 178 4796 ἡμᾶς
221 4723 419 4793 ὀνήσει
472 4720 567 4773 τὸν
614 4715 906 4786 κορυφαῖον
942 4710 1036 4765 καὶ
1062 4709 1359 4781 ὑπέρτερον
1387 4706 1480 4760 τοῦ
1519 4706 1642 4777 ἀρι-

39 4818 172 4890 θμοῦ
205 4814 520 4886 γινώσκειν
554 4809 801 4881 οὐρανὸν,
834 4805 967 4877 μηδὲ
994 4804 1088 4858 τοῦ
1115 4801 1355 4873 πρώτου,
1378 4801 1470 4854 καὶ
1500 4798 1642 4870 ὑπὲρ

37 4908 277 4979 κεφαλῆς
300 4910 336 4980 ἡ
348 4906 499 4979 μῶν,
528 4901 784 4972 ἐπιϐῆναι
808 4900 872 4971 τῇ
903 4896 1109 4967 διανοίᾳ
1140 4891 1511 4966 βουλομένους,
1542 4890 1644 4963 ὕλῃ

40 5000 427 5073 βαρουμένους
459 4994 561 5049 καὶ
607 4991 824 5056 πάθεσι,
856 4988 916 5042 τὸ
945 4985 1280 5057 διανοητικὸν
1310 4982 1643 5055 ἠμαυρωμέ-

37 5111 133 5160 νοι,
164 5092 306 5166 πρὸς
340 5090 419 5144 τὰ
448 5087 608 5142 κάτω
638 5084 731 5138 καὶ
761 5080 935 5154 χαμαὶ
962 5078 1187 5151 κείμενα
1217 5076 1542 5148 κεχηνότες;

658 5275 910 5331 ΠΕΥΣΙΣ
947 5273 1065 5342 ιιΑκ

106 5376 174 5429 Τί
207 5370 342 5441 οὗνς
399 5371 542 5427 ἄλλο
568 5368 809 5440 νομίζεις
844 5367 910 5438 τῇ
943 5364 1100 5435 φύσει
1138 5364 1229 5417 τὸν
1258 5361 1649 5435 ὑπερκείμενον

40 5457 192 5542 παρὰ
219 5468 315 5523 τὸν
345 5464 638 5537 δρώμενον
671 5460 858 5515 τοῦτον
884 5457 978 5513 καὶ
1009 5456 1291 5527 στερέωμα
1322 5455 1647 5525 λεγόμενον;

690 5639 1046 5709 Ἀπόκρισις.

107 5735 485 5806 Δεπτοτέρας
535 5732 730 5797 αὑτοὺς
782 5732 1048 5804 ὑπάρχειν
1093 5730 1281 5793 οὑσίας
1330 5730 1472 5800 φημὶ
1500 5726 1651 5799 παρὰ

36 5830 129 5886 τὸν
164 5826 620 5901 ὑστερούμενον,
654 5825 729 5889 ὡς
772 5821 1222 5897 ὑπερτερούντας,
1260 5822 1352 5876 καὶ
1392 5819 1652 5891 κουφοτέ-

112 5967 161 6002 ⁸⁸
198 5966 348 6024 Gen.
385 5980 430 6034 ι,
467 5964 527 6019 I.

1687 733 2109 789 succedentibus
2138 740 2519 802 procreantur.

2039 842 2559 899 INTERROGATIO
2597 842 2928 899 LXXXVIII.

1762 960 1941 1027 Quare
1962 974 2068 1014 non
2093 960 2292 1014 etnlum
2323 966 2583 1028 tanquam
2608 958 2843 1026 primum
2876 973 2904 1010 a
2936 974 2993 1013 se
3024 964 3274 1012 creatum

1692 1054 2000 1120 exornavit,
2030 1052 2123 1108 sed
2156 1053 2276 1122 ejus
2296 1068 2416 1124 quae
2437 1060 2559 1124 post
2584 1052 2714 1107 illud
2742 1052 2962 1108 condita
2988 1059 3091 1115 est,
3117 1059 3278 1105 terra:

1696 1148 1933 1218 priorem
1963 1162 2151 1201 curam
2180 1144 2394 1206 habuit,
2429 1161 2553 1199 eum
2591 1150 2773 1199 tamen
2804 1143 3103 1199 secundum
3141 1157 3276 1196 con-

1698 1242 2038 1311 sequentiam
2077 1238 2372 1295 creationis
2414 1237 2639 1294 deberet
2685 1236 2869 1293 addita
2916 1234 3089 1291 fuisse
3138 1234 3281 1289 coelo

1700 1335 1934 1404 primum
1967 1332 2289 1388 exornatio?

2336 1420 2645 1490 Responsio.

1774 1512 2009 1584 Propter
2032 1523 2274 1569 errorem
2306 1512 2373 1567 de
2400 1510 2748 1566 multitudine
2782 1509 3007 1565 deorum
3040 1506 3134 1579 qui
3172 1505 3285 1562 ori-

1705 1616 1863 1663 turus
1888 1614 2026 1670 erat,
2052 1607 2144 1676 qui
2170 1606 2332 1659 etiam
2357 1619 2503 1658 nunc
2532 1602 2673 1673 apud
2706 1603 2911 1657 multos
2936 1600 3167 1665 obtinet,
3190 1597 3285 1668 qui

1705 1700 1874 1756 solem
1905 1713 2002 1768 pro
2028 1696 2127 1751 deo
2158 1697 2367 1762 colunt,
2402 1710 2525 1749 cum
2561 1703 2725 1748 noctu
2761 1693 2826 1747 ad
2852 1692 3000 1746 illius
3027 1703 3285 1745 occasum

1708 1792 1819 1846 sint
1864 1789 2038 1859 impii,
2091 1804 2156 1842 ue
2199 1786 2601 1842 existimaretur
2656 1783 2872 1839 fructus
2922 1784 3105 1838 calore
3154 1781 3288 1837 solis

1707 1882 2002 1952 productos
2028 1893 2059 1934 a
2099 1885 2245 1934 terra
2273 1877 2470 1948 digeri,
2496 1882 2550 1932 et
2583 1891 2691 1930 non
2717 1877 2787 1930 ab
2819 1876 3062 1929 omnium
3102 1872 3291 1927 mode-

1707 1971 1910 2026 ratrice
1934 1970 2117 2025 divina
2142 1969 2385 2040 potentia
2418 1967 2849 2036 unumquodque
2871 1962 3057 2035 perﬁci
3080 1962 3145 2016 ad
3166 1978 3286 2017 eam

1711 2080 1831 2137 qtiaa
1858 2065 1927 2120 ab
1965 2064 2055 2118 illa
2091 2061 2314 2117 deﬁnita
2361 2068 2471 2123 est,
2499 2058 2958 2129 magnitudinem,
2987 2054 3072 2111 vel
3101 2055 3289 2120 etiam,

1707 2173 1780 2212 ne
1824 2164 2104 2212 auctorem
2144 2163 2201 2209 et
2244 2162 2456 2224 patrem
2506 2151 2649 2206 lucis
2684 2150 2853 2207 solem
2897 2157 3156 2218 putarent
3195 2148 3298 2201 ali-

1711 2250 1826 2320 qui,
1872 2264 1993 2304 cam
2042 2248 2113 2302 ob
2162 2261 2383 2301 causam
2433 2254 2577 2299 terra
2624 2243 2945 2314 priusquam
2985 2240 3184 2295 cadum
3217 2247 3301 2295 est

1711 2348 1995 2395 exornata.

2095 2445 2619 2504 INTERROGATIO
2654 2443 2946 2499 LXXXIX.

1787 2565 1853 2619 Et
1901 2578 2072 2636 quare
2108 2578 2217 2618 non
2272 2562 2362 2617 die
2418 2562 2638 2630 primo,
2689 2556 2891 2629 abysso
2932 2553 3114 2609 adhuc
3160 2550 3305 2606 oliti-

1718 2666 1881 2714 neute
1918 2657 2201 2722 coalestia,
2262 2652 2621 2722 nondumque
2669 2655 2999 2721 congregata
3046 2660 3186 2716 aqua
3234 2642 3304 2697 ad

1718 2747 2197 2819 congregationem
2243 2757 2407 2798 unam
2438 2780 2454 2809 ,
2507 2740 2638 2796 fecit
2693 2740 2865 2795 solem
2919 2748 2975 2793 et
3016 2736 3200 2790 lunam
3249 2741 3307 2789 et

1720 2839 1942 2896 stellas?

2359 2924 2665 2995 Responsio.

1792 3022 1871 3077 Eo
1904 3020 2048 3093 quod
2093 3018 2333 3074 nondum
2378 3026 2497 3073 erat
2535 3017 2936 3071 firmamentum
2978 3011 3034 3066 in
3077 3025 3189 3081 quo
3226 3010 3311 3065 Iu-

1720 3114 1955 3171 minaria
2002 3122 2161 3168 erant
2210 3111 2543 3181 reponenda.
2607 3106 2675 3160 In
2720 3105 2979 3176 principio
3018 3104 3185 3166 enim,
3226 3102 3312 3155 In-

1721 3208 1858 3279 quit,
1895 3206 2019 3275 fecit
2069 3204 2207 3257 Deus
2257 3202 2442 3255 caelum
2483 3209 2531 3255 et
2586 3208 2781 3252 terram
2827 3197 2892 3251 ".
2930 3193 3047 3249 Non
3080 3194 3132 3248 id
3164 3191 3311 3263 quod

1724 3299 1987 3358 cernitur,
2027 3296 2122 3352 sed
2158 3310 2324 3365 supra
2358 3294 2411 3348 id
2449 3290 2594 3363 quod
2630 3292 2897 3353 cernitur,
2925 3287 3311 3342 constitutum.

2180 3399 2704 3458 INTERROGATIO
2746 3399 2857 3455 XC.

1796 3501 1935 3555 Num
1970 3508 2023 3553 et
2061 3496 2469 3553 multitudinem
2506 3493 2648 3548 dicis
2693 3492 2961 3547 cmlorum
2995 3504 3119 3544 esse
3149 3503 3316 3558 supra

1730 3594 2136 3648 ﬁrmamentum
2160 3589 2185 3642 ?

2369 3674 2678 3747 Responsio.

1799 3775 2099 3832 Numerum
2162 3774 2383 3844 quidem
2446 3770 2636 3825 nullus
2696 3776 3014 3823 sanctorum
3079 3778 3322 3835 unquam

1730 3869 2127 3942 pronuntiavit,
2154 3872 2382 3935 excepto
2420 3862 2621 3919 eximio
2662 3861 2949 3930 Apostolo,
2988 3859 3079 3928 qui
3112 3858 3177 3911 ad
3214 3866 3324 3910 ter-

1732 3968 1866 4020 titun
1900 3980 1958 4018 se
1983 3960 2299 4032 pervenisse
2329 3956 2530 4012 clamat
2560 3954 2625 4007 δί’.
2661 3952 2779 4007 Non
2808 3965 2987 4005 tamen
3022 3953 3074 4004 in
3111 3967 3177 4005 eo
3215 3966 3321 4003 nu-

1734 4063 1942 4109 merum
1993 4053 2236 4120 ipsorum
2292 4046 2563 4109 collocat;
2631 4059 2754 4097 nam
2812 4040 2956 4111 quod
3030 4041 3205 4109 inquit
3264 4052 3326 4093 se

1736 4154 1955 4217 raptum
2000 4145 2053 4197 in
2102 4141 2327 4196 tertium
2364 4138 2563 4193 cmlum
2600 4150 2794 4204 usque,
2853 4150 2949 4203 per
3002 4131 3321 4193 articulum,

1734 4252 1917 4307 usque,
1948 4231 2239 4289 subinnuit
2268 4231 2434 4284 etiam
2468 4227 2605 4281 alios
2636 4240 2804 4296 supra
2847 4232 2958 4278 tres
2988 4222 3323 4276 constitutos

1737 4342 1878 4384 esse.
1938 4324 2006 4379 Et
2066 4320 2303 4377 Davides
2364 4320 2674 4375 divinorum
2748 4325 2939 4369 auctor
2995 4313 3322 4378 carminum,

1738 4419 1979 4474 Laudato
2000 4415 2285 4470 Dominum
2313 4426 2377 4467 ex
2412 4412 2577 4477 caelis,
2604 4411 2781 4480 inquit
2819 4408 2884 4459 '°.
2921 4404 2988 4460 Et
3022 4403 3157 4461 socii
3181 4403 3327 4457 Ana-

1741 4514 1845 4567 nia:
1873 4510 2063 4573 divini,
2093 4506 2413 4568 Benedicite,
2463 4504 2738 4573 inquiunt,
2791 4501 2907 4555 σοιιί
2952 4498 3184 4558 Domini,
3214 4493 3326 4549 Do-

1742 4607 1944 4659 minum
1980 4604 2024 4635 ⁵¹
2057 4622 2069 4657 :
2111 4600 2328 4670 utriqtte.
2376 4611 2663 4651 numerum
2720 4609 2815 4664 per
2856 4592 3107 4662 spiritum
3148 4586 3328 4644 subti-

1743 4705 1954 4754 centes.
1978 4693 2119 4761 Quid
2146 4694 2291 4748 enim
2318 4705 2420 4745 nos
2438 4687 2654 4758 juvabit
2687 4698 2986 4746 summmn,
3021 4690 3074 4737 et
3099 4693 3327 4734 numero

1744 4791 1999 4861 Superius
2031 4787 2174 4842 scire
2204 4784 2424 4846 malum,
2453 4796 2578 4837 cum
2624 4794 2693 4834 ne
2736 4777 2789 4832 id
2832 4774 3051 4847 quidem
3078 4772 3222 4842 quod
3244 4778 3329 4826 est

1746 4891 1869 4938 ante
1897 4890 1952 4937 et
1980 4894 2144 4950 super
2170 4876 2349 4947 capita
2380 4881 2592 4937 nostra,
2628 4868 2998 4927 conscendere
3034 4872 3211 4919 incute
3236 4879 3330 4917 ve-

1744 4978 1931 5039 limus,
1962 4970 2187 5028 materie
2214 4982 2402 5024 erassa
2433 4963 2639 5037 gravati
2672 4968 2725 5017 et
2749 4959 3054 5022 affectibus,
3091 4957 3141 5011 id
3181 4954 3326 5025 quod

1746 5075 1927 5122 mente
1963 5060 2171 5134 percipi
2216 5065 2415 5129 potest,
2464 5057 2847 5118 obscurantes,
2892 5047 3247 5104 inferioribus
3274 5054 3330 5100 et

1747 5159 1895 5216 humi
1926 5155 2121 5230 positis
2150 5168 2367 5223 semper
2400 5149 2707 5207 inhiantes?

2195 5252 2710 5313 INTERROGATIO
2748 5250 2887 5307 XCI.

1821 5356 1962 5426 Quid
1990 5352 2195 5427 igitur?
2227 5366 2355 5406 num
2383 5348 2531 5404 aliud
2555 5344 2861 5403 secundum
2892 5350 3147 5400 naturam
3170 5348 3333 5414 putas

1750 5452 1804 5507 id
1838 5448 1984 5521 quod
2020 5460 2185 5517 supra
2216 5443 2457 5517 positum
2497 5448 2604 5506 est,
2655 5438 2724 5494 ab
2763 5452 2829 5494 eo
2863 5436 3010 5509 quod
3033 5435 3331 5501 cernimus,

1752 5550 1805 5598 et
1834 5541 2236 5595 ﬁrmamentum
2271 5532 2545 5589 dicimus?

2389 5624 2696 5695 Responsio.

1830 5722 2148 5780 Subtilioris
2179 5720 2269 5775 illa
2304 5733 2425 5774 esse
2465 5714 2788 5772 substantiae
2830 5712 2956 5768 dico
2991 5711 3061 5766 ab
3089 5724 3154 5764 eo
3186 5723 3335 5777 quot.

1760 5813 2058 5873 secundum
2099 5818 2204 5874 est,
2235 5820 2494 5881 tanquam
2520 5806 2807 5878 superiora
2839 5810 2893 5860 et
2928 5801 3133 5859 leviora
3186 5797 3335 5853 velut

606 5964 669 6040 δ’,
692 5960 735 6018 ιι
768 5954 891 6018 Cor.
918 5976 1019 6028 xu,
1046 5961 1102 6017 2.
1179 5962 1223 5994 ⁸ο
1262 5956 1405 6019 Psal.
1444 5974 1667 6026 chvm,
1701 5960 1751 6013 I.
1828 5957 1872 5990 ⁸¹
1914 5951 2048 6009 Dan.
2078 5966 2160 6018 ut,
2200 5947 2285 6005 59.
