3874 6554
508 445 619 503 955

508 565 670 621 bulla:
694 563 748 618 in
776 565 949 636 glacie
977 575 1324 623 enascentes.
1353 565 1408 621 Id
1439 574 1622 621 autem
1653 568 1799 636 quod
1823 567 2088 628 cernitur,

513 655 765 719 densius,
794 665 1018 727 propter
1045 661 1403 733 gestationem
1437 660 1987 715 ultramuudanorum
2018 660 2086 714 ⁸³.

510 747 752 804 Laudat:
784 750 929 806 enim
953 751 1123 806 Deum
1151 754 1207 806 in
1232 752 1566 820 ﬁrmamento
1602 752 1810 806 virtutis
1834 766 1967 818 sum,
2004 751 2089 806 in-

508 840 627 909 quit
654 838 890 897 Davides
914 843 984 896 “.
1021 840 1159 897 Cum
1205 842 1309 897 hoc
1336 852 1514 897 autem
1555 842 1912 898 consentiunt
1942 837 2093 894 Ana-5

508 931 613 985 nia:
639 932 777 986 socii
807 932 902 1003 qui
941 940 1169 997 canunt,
1226 931 1312 988 Sis
1355 932 1674 995 benedictus,
1718 932 1991 1002 inquiunt,
2032 932 2090 984 in

507 1023 846 1090 ﬁrmamento
874 1024 990 1078 cali
1018 1024 1087 1078 ⁸³.
1107 1031 1249 1079 Ante
1271 1025 1370 1080 hos
1393 1032 1571 1079 autem
1600 1022 1779 1080 Moses
1805 1022 2085 1084 indicavit,

507 1113 655 1168 aliud
704 1113 920 1185 quidem
960 1132 1085 1172 esse
1129 1116 1277 1188 quod
1323 1117 1483 1172 initio
1524 1117 1714 1171 mundi
1756 1115 1961 1170 factum
2003 1121 2088 1169 est

506 1206 706 1259 cmlum
736 1207 911 1276 primo
943 1207 1068 1272 die,
1101 1207 1252 1265 aliud
1285 1224 1414 1264 vero
1451 1209 1596 1278 quod
1630 1207 1871 1264 secundo
1902 1206 2087 1261 firma-

508 1304 769 1353 mentum.
820 1296 954 1352 Nam
1001 1299 1113 1353 illic
1156 1299 1397 1369 quidem,
1444 1299 1509 1354 In
1564 1300 1845 1370 principio,
1887 1298 2083 1368 inquit,

505 1388 630 1457 fecit
665 1389 802 1443 Deus
833 1390 1018 1444 caelum
1049 1401 1101 1446 et
1129 1402 1325 1447 terram
1370 1395 1448 1461 5‘;
1483 1393 1571 1448 hic
1613 1401 1816 1458 autem,
1853 1390 1922 1445 Et
1951 1391 2084 1445 dixit

510 1480 645 1534 Deus
672 1496 691 1534 :
719 1480 849 1536 Fiat
872 1484 1268 1553 ﬁrmamentum
1300 1485 1372 1551 ⁸⁸,
1423 1486 1649 1542 alterius
1695 1492 1750 1542 et
1796 1491 2007 1540 natum
2031 1491 2088 1541 et

508 1587 665 1627 USHS.

933 1749 1459 1811 INTERROGATIO
1496 1754 1652 1812 XCII.

570 1859 858 1927 Quomodo
906 1881 1036 1921 vero
1082 1883 1191 1922 non
1241 1868 1569 1924 delabuntur
1612 1882 1710 1938 per
1753 1875 2081 1937 praaruptam

500 1966 821 2022 compagem
849 1954 1173 2013 firmamenti
1198 1975 1372 2029 aquae,
1387 1976 1510 2030 qua:
1536 1976 1702 2030 supra
1722 1961 1899 2029 ipsum
1921 1958 2085 2013 sunt?

1141 2067 1449 2138 Responsio.

568 2174 689 2230 Non
708 2178 932 2233 omnino
956 2193 1212 2235 concavze
1236 2190 1364 2237 sunt
1391 2186 1754 2253 summitates,
1787 2192 1881 2246 sed
1900 2210 2084 2265 {equa-

504 2264 584 2321 les
625 2276 678 2321 et
716 2269 910 2337 planae,
962 2272 1111 2325 velut
1156 2273 1475 2329 balneorum
1518 2285 1721 2333 tectum
1763 2292 1818 2338 ct
1854 2264 2082 2342 suban-

504 2357 605 2411 tris
627 2366 918 2414 structurae
939 2361 1135 2417 docent
1158 2381 1172 2430 ;
1204 2380 1324 2434 qua:
1347 2364 1561 2422 inferne
1581 2372 1799 2440 quidem
1823 2386 2078 2447 aspectat,

500 2460 759 2503 convexa:
785 2451 1054 2513 visuntur.
1095 2469 1331 2524 superne
1367 2472 1496 2513 vero
1533 2473 1879 2530 apparentes,
1908 2469 2079 2525 decli-

500 2553 593 2593 ves
631 2547 686 2594 et
730 2540 905 2610 plana:
934 2551 988 2597 et
1020 2542 1347 2602 habitabiles
1381 2558 1531 2604 sunt.
1567 2551 1647 2606 Ad
1680 2556 1931 2613 eumdem
1965 2576 2082 2616 mo-

499 2629 628 2684 dum
660 2640 716 2685 et
753 2632 953 2689 divina:
999 2638 1400 2705 protensiones,
1449 2640 1661 2699 inferne
1709 2662 1964 2706 concava:
2001 2653 2083 2707 vi-

496 2719 695 2777 dentur
727 2724 781 2778 in
815 2728 1070 2796 supernis
1093 2744 1250 2798 esse;
1283 2747 1521 2802 superne
1541 2738 1752 2807 supinae
1769 2749 1821 2796 et
1840 2745 2079 2813 aequales

496 2819 647 2881 sunt,
671 2815 737 2869 ad
769 2832 829 2872 se
856 2820 1185 2889 recipientes
1213 2825 1510 2893 praeclaros
1540 2828 1594 2882 in
1619 2828 1884 2889 Ecclesiis
1905 2834 2076 2892 viros.

493 2897 613 2957 Non
644 2905 791 2959 enim
821 2922 886 2961 eo
935 2910 1096 2964 modo
1135 2926 1247 2983 quo
1292 2917 1574 2984 mortales,
1621 2932 1881 2990 operatur
1911 2922 2075 2992 Deus,

494 3008 672 3064 neque
717 2996 907 3053 eadem
957 3000 1189 3070 ratione,
1237 3013 1333 3059 aut
1376 3022 1525 3062 nunc
1568 3009 1693 3072 hoc.
1742 3028 1887 3069 nunc
1927 3016 2074 3071 aliud

495 3084 907 3144 fundamentum
943 3094 1122 3162 ponit;
1148 3096 1243 3151 sed
1272 3113 1437 3168 supra
1475 3101 1635 3157 molle
1668 3109 2077 3163 concatneravit

492 3180 735 3249 gravius;
786 3181 1026 3237 instabili
1077 3194 1260 3242 autem
1313 3196 1367 3244 et
1417 3189 1683 3247 dillluenti
1732 3209 1982 3252 crassum
2022 3208 2077 3252 et

494 3274 776 3356 materiale
802 3278 1077 3344 praevalet.
1115 3279 1279 3351 Atqui
1306 3271 1411 3338 sub
1441 3285 1584 3341 caelo
1618 3287 1837 3357 quidem
1865 3305 1991 3347 aera
2023 3303 2076 3346 et

491 3364 842 3420 eminentiam
882 3368 1067 3440 abyssi
1089 3374 1371 3443 expandit,
1399 3385 1558 3432 terra:
1586 3394 1713 3434 vero
1729 3395 1901 3452 aquas
1932 3385 2076 3441 inse—

491 3453 633 3517 ruit,
685 3456 789 3509 sub
842 3459 1143 3517 levioribus
1191 3466 1442 3533 graviora
1491 3470 1734 3539 conspici
1777 3472 2073 3544 imperans.

492 3543 742 3615 Utraque
778 3564 908 3603 vero
951 3565 1017 3605 ex
1042 3550 1352 3609 divinorum
1396 3559 1699 3614 carminum
1731 3571 1955 3622 auctore
1990 3569 2076 3623 di-

492 3632 699 3690 scimus
758 3653 773 3690 :
823 3637 929 3703 Qui
974 3640 1183 3696 stabilit
1229 3645 1284 3699 in
1318 3647 1470 3718 aquis
1503 3652 1779 3720 superiora
1812 3655 1946 3725 ejus,
1988 3660 2078 3729 qui

490 3726 638 3792 ponit
668 3727 724 3781 in
751 3729 885 3784 nube
911 3749 1189 3789 ascensum
1221 3753 1374 3792 suum
1404 3739 1472 3794 ⁸⁸.
1503 3739 1571 3795 Et
1600 3753 1723 3812 post
1760 3746 1863 3801 alia
1895 3767 1908 3803 :
1935 3726 2078 3804 Gou-

490 3816 737 3884 ﬁtemiui,
768 3820 966 3891 inquit‘,
1002 3824 1255 3893 Domino,
1303 3831 1393 3900 qui
1437 3831 1669 3900 ﬁrmavit
1704 3844 1900 3890 terram
1922 3854 2079 3915 super

490 3911 644 3977 aquis
666 3911 734 3967 "’.
764 3913 942 3985 Atque
981 3918 1267 3976 architecti
1316 3923 1535 3993 quidem
1573 3942 1674 3998 pro
1707 3932 2077 4000 magnitudine

489 4001 775 4060 domorum
825 4008 878 4063 in
919 4009 1088 4064 altum
1134 4013 1466 4073 aedificantes
1504 4021 1858 4090 proportione
1889 4024 2075 4080 altituo

488 4093 603 4148 dini
644 4098 1030 4168 respondentia
1064 4101 1418 4162 fundamenta
1450 4109 1729 4180 subdunt;
1765 4120 1819 4168 et
1853 4116 2074 4171 navium

491 4192 793 4242 structores
835 4189 1024 4247 decem
1075 4194 1306 4250 millium
1359 4211 1616 4269 capacem
1664 4217 1853 4259 navem
1902 4205 2076 4261 fabri~

488 4284 701 4341 cantes,
766 4293 1156 4348 congruentem
1220 4289 1448 4359 ponderi
1508 4294 1771 4349 mercium
1830 4298 2073 4353 carinam

490 4370 892 4438 conglutinant.
947 4376 1016 4429 At
1064 4375 1209 4433 Deus
1255 4392 1409 4438 meus
1455 4383 1633 4454 primo
1682 4383 1960 4457 fastigium
1986 4408 2078 4446 su-

490 4455 663 4531 perne
720 4466 985 4529 extendit,
1038 4480 1202 4540 atque
1256 4474 1337 4528 sic
1392 4472 1610 4530 demum
1661 4476 2074 4536 fundamentum

492 4554 782 4624 supposuit
811 4574 823 4610 :
851 4558 1088 4625 primum
1120 4563 1236 4617 vela
1273 4566 1555 4634 expandit,
1596 4567 1672 4622 ita
1719 4569 1938 4625 demum
1972 4588 2073 4628 na-

491 4658 610 4699 vem
646 4644 810 4715 hujus
863 4659 1130 4707 creatura:
1180 4654 1375 4709 subtus
1430 4655 1727 4714 fabricatus
1771 4668 1877 4724 est,
1914 4664 2072 4733 quasi

491 4735 546 4791 in
585 4746 753 4808 ponto
793 4739 1052 4798 ferentem
1086 4746 1443 4814 procellosam
1479 4747 1620 4803 hanc
1666 4757 1720 4803 et
1763 4752 2073 4811 instabilem

491 4832 679 4894 vitam,
746 4849 869 4902 quia:
919 4850 1096 4907 neque
1148 4836 1269 4891 laeta
1319 4838 1608 4906 durabilia,
1662 4858 1840 4913 neque
1898 4846 2072 4902 tristia

490 4924 822 4991 possidendo
854 4943 1208 4998 perseverare
1246 4939 1444 5000 potest,
1483 4948 1770 5005 usquequo
1800 4939 2073 5009 tranquil-

489 5012 602 5068 lum
636 5020 1126 5075 coiisummationis
1168 5030 1385 5092 portum
1423 5024 1653 5081 subierit
1682 5042 1747 5082 ex
1785 5031 2073 5099 praesentis

488 5107 730 5164 turbinis
762 5111 1018 5179 procella.
1059 5110 1105 5167 Ο
1148 5112 1501 5177 miraculum!
1536 5115 1821 5182 Quomodo
1853 5120 2073 5177 solubili

490 5196 703 5252 innatat
727 5202 906 5256 terra?
933 5201 1223 5279 Quomodo
1249 5221 1347 5278 per
1378 5207 1645 5279 liquidum
1679 5225 1789 5267 non
1823 5221 2073 5282 penetrat

491 5289 997 5359 graveiQuomodo
1035 5304 1248 5355 montes
1282 5299 1338 5354 in
1384 5300 1532 5356 molli
1566 5317 1675 5357 non
1713 5304 2073 5378 submergun-

492 5380 614 5435 tur?
641 5379 857 5440 Oblitus
884 5400 1006 5441 sum
1039 5389 1145 5445 mei
1189 5392 1256 5447 ad
1289 5390 1459 5448 Deum
1486 5392 1677 5450 dicens
1707 5413 1723 5451 :
1753 5394 2072 5463 Quomodo?

491 5472 629 5538 Quis
657 5475 805 5530 enim
836 5477 1104 5552 intelliget
1134 5496 1246 5554 quo
1284 5484 1495 5556 pariete
1533 5487 1884 5544 contineatur
1909 5489 2070 5561 abys-

490 5580 607 5632 sus,
635 5573 731 5622 aut
761 5570 885 5640 quis
916 5582 1197 5632 extremus
1241 5577 1361 5646 eius
1407 5576 1611 5637 fundus
1656 5588 1711 5635 et
1748 5583 2070 5652 angiporttts

490 5657 755 5717 inferiora
792 5665 1126 5724 continens?
1152 5669 1220 5726 ad
1269 5672 1535 5730 immensa
1574 5675 1718 5729 enim
1762 5683 1817 5730 et
1858 5674 2069 5730 infinita

491 5750 676 5808 deficit
714 5770 869 5813 meus
912 5758 1244 5833 intellectus,
1283 5764 1410 5820 dum
1459 5767 1537 5822 sic
1570 5766 1835 5840 procedit,
1875 5774 2072 5838 prwter

1604 436 1661 492 s.
1695 436 1995 496 cassum
2032 430 2370 500 GllEGORﬂ
2405 444 2703 502 manus

2199 570 2341 635 ρους,
2377 558 2490 617 οἷον
2519 550 2874 636 πομφόλυγας
2913 564 3006 619 ἐπὶ
3034 564 3371 637 κρυστάλλου
3416 567 3753 635 vagamur

2190 654 2283 708 τὸν
2327 656 2384 710 δὲ
2432 656 2728 729 ὁρώμενον,
2776 655 3179 729 στεγανώτερον
3222 657 3312 712 διὰ
3359 657 3420 712 τὸ
3466 658 3643 731 φέρειν
3680 661 3738 715 τά

2191 747 2557 818 ὑπερκόσμια.
2586 748 2814 803 Αἰνεῖτε
2840 749 2950 819 γὰρ
2982 749 3093 803 τὸν
3132 748 3282 805 Θεὸν
3310 749 3382 803 ἐν
3412 752 3739 821 crepabunt:

2189 839 2497 909 δυνάμεως
2521 842 2729 905 αὑτοῦ,
2765 841 2931 912 φησὶν
2954 842 2983 894 ὁ
3010 840 3175 894 Δαϐίδ
3193 859 3206 872 ·
3238 840 3538 912 συμφώνως
3555 842 3609 895 δὲ
3632 843 3736 896 τοὺ-

2188 949 2268 1003 τῳ
2300 933 2350 986 οἱ
2384 933 2513 1004 περὶ
2550 933 2799 986 ’Λνανίαν
2831 930 3068 1003 ᾅδοντες,
3105 932 3525 1001 Εὐλογημένος
3550 928 3621 995 ει,
3651 951 3739 1002 φα-

2191 1023 2296 1087 σὶν,
2334 1023 2406 1077 ἐν
2442 1023 2521 1089 τῷ
2558 1023 2912 1093 στερεώματι
2940 1024 3047 1079 τοῦ
3079 1024 3360 1092 οὐρανοῦ.
3407 1023 3519 1095 Πρὸ
3554 1023 3736 1078 Gemi-

2187 1134 2296 1171 των
2330 1116 2534 1186 Μωσῆς
2560 1116 2826 1187 ἐδήλωσεν
2844 1155 2860 1179 ,
2911 1115 3096 1187 ἓτερον
3146 1116 3244 1185 μὲν
3282 1114 3547 1186 ὑπάρχειν
3582 1114 3666 1168 τὸν
3689 1118 3736 1168 ἐν

2187 1208 2329 1278 ἀρχῇ
2359 1207 2565 1279 κόσμου
2590 1208 2877 1279 γενόμενον
2906 1207 3137 1279 οὐρανὸν
3163 1209 3222 1261 ὲν
3248 1209 3316 1277 τῇ
3348 1204 3536 1278 πρώτῃ
3553 1207 3735 1277 ἡμέρα,

2188 1295 2414 1368 θάτερον
2456 1296 2513 1350 δὲ
2544 1297 2605 1350 τὸ
2649 1300 2707 1350 ἐν
2748 1299 2816 1369 τῇ
2851 1296 3078 1369 δευτέρᾳ
3129 1295 3435 1366 στερέωμα.
3478 1295 3623 1347 Ἐκεῖ
3650 1294 3735 1364 μὲν

2186 1387 2315 1459 γὰρ,
2359 1388 2455 1441 Ἐν
2492 1388 2672 1458 ἀρχῇ,
2712 1391 2898 1461 φησὶν,
2930 1389 3221 1456 ἐποίησεν
3261 1389 3294 1440 ό
3334 1385 3479 1452 Θεὸς
3510 1384 3610 1439 τὸν
3645 1389 3734 1439 οὐ·

2177 1480 2373 1548 ραν-ὸν
2395 1480 2494 1534 καὶ
2516 1480 2633 1549 τὴν
2656 1480 2803 1551 τῆν’
2835 1480 3067 1534 ἐνταῦθα
3093 1479 3172 1542 δὲ,
3205 1477 3316 1533 Καὶ
3339 1474 3507 1532 εἶπεν
3533 1480 3565 1532 ὁ
3587 1479 3731 1543 Θεός·

2186 1570 2507 1640 Γενηθήτω
2543 1572 2876 1643 στερέωμα,
2904 1573 3099 1645 ἐτέρας
3139 1571 3235 1626 καὶ
3265 1569 3477 1641 φύσεως
3504 1570 3595 1623 καὶ
3615 1572 3741 1642 χρή-ν

2186 1679 2345 1728 σεως.

2766 1754 3014 1809 nam:
3055 1753 3170 1821 ιιιν.

2258 1867 2368 1921 Καὶ
2399 1868 2516 1932 πῶς
2561 1869 2622 1922 οὑ
2650 1866 3049 1922 Δκαειτολισθαίνει
3080 1867 3180 1937 τῆς
3220 1867 3504 1938 σκυρωτῆς
3541 1864 3734 1938 πήξεως

2182 1958 2278 2012 τοῦ
2305 1959 2685 2031 στερεώματος
2713 1960 2783 2013 τὰ
2811 1960 3066 2031 ὑπεράνω
3093 1957 3259 2012 αὑτοῦ
3292 1956 3493 2023 ὖδατας

2560 2060 2567 2065 ’
2803 2072 3159 2141 Ἀπόκρισις.

2256 2185 2329 2240 Οὑ
2367 2186 2582 2249 πάντως
2616 2168 2781 2248 κίέϐος
2823 2184 2891 2238 τὰ
2931 2183 3074 2237 νῶτα
3100 2183 3356 2253 ὑπάρχει,
3383 2180 3497 2235 ἀλλ’
3527 2182 3630 2245 [σος
3655 2182 3731 2234 καὶ

2181 2278 2402 2349 ὁμαλὸς,
2434 2278 2614 2342 καθὼς
2647 2280 2676 2332 ὁ
2723 2275 2831 2330 τῶν
2878 2274 3117 2346 λουτρῶν
3164 2274 3362 2346 ὄροφος
3406 2273 3624 2327 καὶτῶν
3655 2272 3730 2325 ὑπ’

2182 2372 2394 2443 ἄντρων
2435 2370 2716 2441 οἰκοδομαί
2743 2367 3083 2428 παιδεύουσι,
3128 2368 3195 2437 τῇ
3235 2366 3335 2435 μὲν
3365 2364 3596 2419 κάτωθεν
3626 2364 3729 2433 ὕψει

2181 2462 2390 2533 κυὸηνά
2423 2460 2799 2533 ἱστορούμενα,
2917 2459 2975 2513 δὲ
3005 2457 3210 2513 ἄνωθεν
3243 2457 3547 2528 ἐπιφανείᾳ,
3573 2457 3726 2527 πρανῆ

2180 2573 2239 2608 τε
2266 2555 2364 2609 καὶ
2413 2554 2634 2608 ίσόπεδα
2663 2554 2758 2607 καὶ
2801 2550 3187 2622 ὲποικούμενα.
3235 2549 3509 2613 Ὡσαύτως
3549 2550 3636 2601 καὶ
3672 2549 3727 2602 τὰ

2181 2645 2299 2699 θεία
2330 2646 2739 2719 προτενισματα
2765 2643 3007 2698 κάτωθεν
3044 2642 3196 2696 κοῖλα
3228 2641 3368 2713 πρὸς
3392 2641 3454 2694 τὸ
3483 2642 3588 2696 ἄνω
3617 2658 3727 2708 φαι-

2180 2738 2401 2809 νόμενα,
2428 2736 2634 2792 ἄνωθεν
2660 2735 2828 2789 ὕπτια
2855 2736 2950 2787 καὶ
2976 2733 3174 2803 ὁμαλὰ,
3198 2732 3599 2820 ὲπευναζόμενα
3621 2731 3727 2793 τοὺς

2182 2830 2502 2893 σπουδαίους
2536 2828 2645 2882 τῶν
2694 2824 3029 2897 Ἐκκλησιῶν
3059 2824 3394 2894 ἔχοντας.οὑ
3432 2825 3537 2895 γὰρ
3575 2839 3727 2892 παρα-

2180 2923 2423 2994 πλησίως
2467 2919 2672 2993 βροτῶν
2704 2919 2999 2991 ἐργάζεται
3040 2915 3193 2981 Θεὸς,
3217 2916 3341 2970 οὐδὲ
3385 2916 3659 2984 ἀναλόγως
3696 2913 3722 2983 ἦ

2180 3013 2542 3085 καταλλήλους
2581 3011 2863 3083 θεμελίους
2908 3011 2977 3082 τῇ
3026 3007 3201 3064 κτίσει
3237 3007 3547 3062 ὑποτίθεται
3572 3025 3583 3036 ο
3610 3006 3725 3060 ἀλλὰ

2177 3106 2257 3179 τῷ
2284 3104 2513 3177 μαλακῷ
2532 3103 2594 3157 τὸ
2616 3102 2915 3174 βαρύτατον
2937 3099 3392 3171 ὲπεκαμάρωσεν,
3421 3097 3497 3168 τῷ
3518 3098 3571 3150 δὲ
3592 3097 3726 3149 ἀστά-

2177 3218 2257 3271 τῳ
2289 3197 2384 3252 καὶ
2410 3196 2585 3269 ῥέοντι
2617 3196 2678 3249 τὸ
2718 3194 2863 3265 παχὺ
2910 3194 3004 3247 καὶ
3042 3191 3244 3254 ὑλῶδες
3282 3192 3623 3262 περικρατεῑ’
3658 3187 3722 3257 τῷ

2183 3292 2281 3362 μὲν
2325 3288 2540 3361 οὐρανῷ
2582 3288 2673 3341 τὸν
2705 3287 2846 3358 ἀέρα
2874 3285 2970 3338 καὶ
3005 3283 3103 3346 τὰς
3149 3282 3345 3353 ἐξοχάς
3376 3282 3476 3351 τῆς
3516 3280 3721 3334 ἀϐύσσου

2179 3381 2530 3452 ὑφαπλὼσας,
2572 3383 2639 3451 τῇ
2670 3379 2728 3433 δὲ
2760 3379 2939 3449 χέρσῳ
2968 3376 3036 3429 τά
3069 3375 3236 3428 ὕδατα
3264 3374 3589 3446 ὑποκρίνας,
3628 3373 3721 3432 τοῖς

2178 3473 2527 3546 κουφοτέροις
2578 3471 2647 3525 τά
2697 3468 2971 3541 βαρύτερα
3026 3466 3310 3537 φαίνεσθαι
3359 3462 3718 3536 πρυτανεύων·

2178 3567 2414 3637 ἑκάτερα
2434 3564 2492 3617 δὲ
2513 3562 2616 3616 ὑπὸ
2643 3561 2737 3615 τοῦ
2777 3558 3012 3631 μελῳδοῦ
3039 3558 3146 3612 τῶν
3173 3557 3331 3611 θείων
3357 3553 3717 3625 παιδευόμεθα’

2190 3660 2253 3714 '0
2282 3653 2581 3728 στεγάζων
2607 3657 2675 3708 ἐν
2701 3653 2883 3707 ὕδασι
2907 3652 2981 3707 τὰ
3011 3649 3251 3720 ὑπερῷα
3278 3650 3485 3713 αὐτοῦ,
3511 3653 3542 3704 d
3571 3646 3720 3710 τιθεὶς

2176 3752 2328 3819 νέφη
2360 3748 2476 3817 τὴν
2508 3746 2793 3802 ἐπίϐασιν
2822 3744 3037 3800 αὑτοῦ·
3087 3744 3183 3798 καὶ
3218 3741 3336 3814 μεθ’
3371 3742 3546 3813 ἕτερα,
3583 3739 3721 3802 ἐξο-

2170 3838 2548 3911 μολοτεῒσθε,
2576 3836 2728 3907 φησὶ,
2761 3835 2842 3902 τῷ
2870 3835 3065 3903 Κυρίῳ
3100 3833 3181 3900 τῷ
3211 3832 3596 3902 στερεὼσαντι
3623 3830 3719 3896 τὴν

2175 3928 2295 4001 γῆν
2323 3929 2424 3982 ἐπὶ
2461 3926 2580 3982 τῶν
2626 3926 2880 3983 ὑδάτων.
2932 3926 3043 3981 Καὶ
3091 3925 3360 3997 οἰκοδόμοι
3407 3925 3503 3995 μὲν
3546 3921 3716 3994 μεγέθη

2176 4021 2363 4076 οἰκιῶν
2392 4022 2473 4084 είς
2514 4019 2647 4089 ὕψος
2675 4017 3101 4089 οἰκοδομοῦντες,
3141 4016 3436 4085 ἀναλόγους
3463 4014 3551 4068 τοῦ
3577 4013 3717 4080 ὕψους

2175 4113 2301 4177 τοὺς
2344 4110 2627 4184 θεμελίους
2674 4108 3020 4163 ὑποτίθενται
3047 4125 3063 4139 ’
3116 4107 3213 4161 καὶ
3253 4108 3521 4177 ναυπηγοὶ
3558 4121 3717 4176 μυριο-

2178 4207 2342 4279 φόρον
2384 4203 2584 4259 ὁλκάδα
2625 4200 3063 4272 τεκταινόμενοι,
3108 4198 3203 4278 καὶ
3245 4199 3627 4270 συμϐαίνουσαν
3655 4193 3733 4267 τῷ,

2181 4299 2335 4371 βάρει
2378 4297 2486 4351 τῶν
2531 4295 2830 4366 ἀγωγίμων
2861 4293 2961 4365 τὴν
2994 4291 3189 4363 τρόπιν
3237 4291 3570 4361 πήγνυνται·
3610 4289 3634 4339 ὁ

2174 4389 2306 4454 Θεός
2338 4406 2439 4461 μου
2474 4386 2687 4458 πρῶτον
2720 4386 2820 4456 τὴν
2864 4384 3067 4455 ὀροφὴν
3117 4382 3430 4454 ὑπερέτεινε
3454 4422 3470 4446 ,
3515 4382 3599 4432 καὶ
3637 4373 3713 4430 εἷθ’

2175 4481 2348 4546 οὕτως
2375 4482 2465 4535 τὸν
2496 4479 2741 4550 θεμέλιον
2771 4477 3012 4546 ὑπέθηκε
3035 4492 3049 4506 ’
3083 4474 3298 4545 πρῶτον
3322 4474 3390 4527 τὰ
3422 4473 3556 4525 ἱστία
3580 4472 3713 4538 ὑπερ-

2179 4574 2428 4647 ήπλωσεν
2448 4613 2463 4637 ,
2510 4567 2607 4625 εἷθ’
2638 4570 2809 4635 οὑτως
2841 4569 2939 4641 τὴν
2969 4567 3101 4622 ναῦν
3144 4566 3244 4637 τῆς
3290 4566 3518 4629 κτίσεως
3553 4566 3716 4617 ὑπετε·

2180 4662 2416 4733 χνήσατο
2462 4657 2902 4731 ποντοποροῦσαν
2945 4657 3004 4710 τὸ
3053 4654 3343 4709 κλυδώνιον
3375 4654 3600 4723 ταύτης,
3643 4649 3715 4704 καὶ

2183 4754 2409 4825 ῥέουσαν
2440 4751 2602 4823 ζωὴν,
2633 4751 2733 4822 τὴν
2765 4750 2901 4823 μηδὲ
2931 4751 3000 4804 τὰ
3029 4748 3226 4823 φαιδρὰ
3258 4749 3483 4819 μόνιμα,
3517 4746 3636 4818 μηδὲ
3662 4742 3716 4795 τὰ

2179 4844 2395 4916 λυπηρά
2432 4843 2626 4915 διαρκῆ
2662 4842 3026 4914 κεκτημένην,
3067 4839 3256 4911 μέχρις
3283 4839 3348 4893 ἂν
3378 4839 3511 4911 πρὸς
3542 4838 3621 4891 τὸν
3643 4832 3714 4887 εὔ-

2178 4939 2288 4991 διον
2319 4936 2416 5006 τῆς
2445 4935 2753 4999 συντελείας
2777 4934 3018 5006 πορθμὸν
3051 4932 3321 5005 ὑπεξέλθῃ
3363 4931 3463 5002 τῆς
3489 4929 3639 4998 ζάλης
3659 4925 3713 4978 τὰ

2179 5028 2293 5083 νῦν.
2330 5028 2393 5080 Ὢ
2433 5026 2525 5081 τοῦ
2570 5024 2875 5097 θαύματοςί
2920 5022 3039 5087 πῶς
3069 5021 3147 5093 τῷ
3180 5020 3463 5093 φθαρτικῷ
3496 5016 3715 5090 ήχέρσος

2179 5121 2493 5191 ἐπινήχεται
2514 5135 2530 5185 ;
2560 5117 2679 5181 πῶς
2699 5112 2791 5171 οὖν
2817 5116 2877 5170 οὑ
2911 5113 3195 5186 διαδὺνειὴ
3220 5113 3416 5184 βαρεῖα
3442 5111 3518 5182 τῷ
3538 5111 3712 5182 ρἐντις

2180 5213 2297 5277 πῶς
2326 5211 2403 5282 τῷ
2449 5209 2676 5283 μαλακῷ
2708 5209 2776 5264 τὰ
2804 5207 2904 5281 ὅρη
2951 5208 3011 5262 οὑ
3041 5207 3247 5276 γίνεται
3278 5205 3601 5277 ὑποδρύχιας
3630 5198 3714 5253 Λέ-

2177 5306 2317 5377 ληθα
2348 5302 2582 5375 ἐμαυτὸν
2634 5302 2728 5355 ἐπὶ
2763 5299 2898 5355 Θεοῦ
2933 5300 3159 5371 φάσκων
3207 5297 3267 5352 τὸ
3315 5297 3451 5361 πῶς.
3506 5295 3594 5357 Τίς
3628 5290 3715 5359 γὰρ

2177 5399 2415 5462 εῐσεταις
2446 5394 2547 5450 τίνι
2574 5394 2684 5466 γὰρ
2713 5392 2895 5465 τειχίῳ
2920 5394 2955 5463 ἡ
2979 5391 3212 5455 άὸυσσος
3238 5390 3565 5463 περιέχεται,
3590 5386 3619 5456 ἢ
3649 5383 3714 5442 τίς

2176 5493 2205 5545 δ
2231 5488 2455 5560 ἔσχατος
2485 5488 2622 5557 αὐτῇ
2658 5483 2877 5556 πυθμὴν
2914 5483 3006 5537 καὶ
3039 5483 3311 5546 στενωπὸς
3338 5482 3399 5535 τὸ
3437 5482 3578 5534 κάτω
3613 5491 3713 5528 συν-

2177 5583 2350 5654 έχωνς
2390 5580 2486 5644 Ei;
2513 5579 2772 5649 ἀμήχανα
2799 5575 2907 5649 γάρ
2936 5575 3032 5630 καὶ
3062 5574 3345 5645 ἀπέραντα
3370 5571 3611 5626 ἐκπίπτει
3635 5579 3715 5636 μω

2177 5678 2212 5748 ἡ
2240 5674 2465 5738 διάνοια,
2496 5670 2705 5725 ἐκείνου
2737 5666 3135 5739 ὲμόατεὺουσα,
3166 5666 3253 5719 ἀεὶ
3282 5667 3394 5729 τοῖς
3430 5654 3714 5734 εὑρισκομ-

2180 5785 2291 5832 νοις
2344 5765 2561 5837 βάθροις
2608 5764 2703 5816 καὶ
2755 5761 3153 5834 ὑπερείσμασιν
3200 5756 3490 5811 ἐπινοοῦσα
3540 5753 3709 5823 ἓτερα³

534 5920 582 5956 ⁸⁸
619 5922 764 5981 Psal.
796 5940 884 5995 CL,
915 5926 967 5983 i.
1044 5927 1090 5961 ⁸³
1132 5926 1266 5985 Dan.
1298 5942 1379 5995 ιιι,
1579 5928 1627 5963 ⁸⁸
1664 5927 1798 5987 Gen.
1825 5945 1864 5999 ι,
1900 5928 1949 5986 1.
2026 5929 2072 5961 ³³

2183 5927 2223 5985 ιι
2289 5927 2346 5983 6.
2423 5925 2470 5960 ⁸⁸
2508 5924 2655 5984 Psal.
2680 5937 2800 5992 cm,
2840 5921 2894 5979 3.
2970 5922 3017 5954 "
3054 5918 3203 5979 Psal.
3238 5935 3436 5986 ωιτν,
3467 5915 3514 5984 Ι,
3538 5910 3587 5969 6.
3616 5932 3631 5943 ·
