3806 6552
94 447 190 510 .957
1478 447 1727 506 DIALOG
1739 447 1823 507 US
1855 451 1893 506 Ι.

98 561 193 617 ἀλλ’
218 552 426 623 ἐπεδέοη
465 551 635 621 αὐτῆς
676 553 708 624 ἡ
740 554 969 622 οὐδενία,
1000 556 1093 610 τοῦ
1129 557 1468 629 Σολομῶντος
1507 562 1626 614 ἐπι-

97 654 357 722 ϐοήσαντος
376 662 389 675 ⁶
442 644 813 713 ’Υψηλότερὰ
840 662 956 702 σου
986 648 1073 718 μὴ
1102 649 1273 715 ζήτει,
1320 651 1417 704 καὶ
1442 653 1632 717 βαθύ-

96 743 214 813 τερά
256 757 365 794 σου
402 736 485 807 μὴ
535 735 785 801 ἐξέταζε.
839 743 904 793 "A
936 743 1243 814 προσετάγη
1289 761 1369 797 σοι
1398 784 1413 805 ,
1458 744 1633 800 ταῦτα

90 835 294 897 διανοοῦ,
330 829 592 885 πιστεύων
617 830 715 902 τὴν
754 837 1077 905 συνεκτικὴν
1116 836 1208 889 τοῦ
1246 837 1441 901 παντὸς
1483 837 1631 891 θείαν

92 934 259 1004 ῥώμην
284 926 450 980 πάντα
479 923 806 994 διακρατεῖν,
830 924 925 977 καὶ
952 925 1164 991 σώζειν,
1183 928 1278 980 καὶ
1300 928 1388 982 διὰ
1411 929 1630 983 πάντων

90 1025 239 1093 ἥκειν,
270 1018 360 1072 καὶ
387 1014 737 1085 πρυτανεύειν
765 1014 833 1068 τὰ
860 1016 1171 1087 σύμπαντα.

642 1298 892 1353 ΠεγΣιΣ
930 1299 1043 1367 μιν.

140 1413 297 1468 Πόθεν
324 1411 568 1479 ἐγένοντο
596 1412 646 1463 oi
673 1410 960 1482 φωστῆρες
993 1410 1143 1481 ἥλιος
1186 1412 1281 1465 καὶ
1310 1412 1507 1483 σελήνη
1535 1410 1629 1465 καὶ

75 1509 99 1560 ὀ
124 1507 219 1559 τῶν
245 1505 453 1571 ἄστρων
476 1492 667 1572 χορός;
700 1503 780 1555 ὅτι
810 1504 910 1573 μὲν
930 1504 1066 1557 Θεοῦ
1087 1503 1148 1556 τὸ
1173 1503 1351 1575 ἔργον,
1381 1504 1623 1575 οἴδαμεν,

74 1596 195 1651 ἀλλὰ
215 1596 308 1665 τὴν
328 1594 512 1647 οὐσίαν
536 1594 917 1664 ἐπιζητοῦμεν.

666 1689 1029 1752 Ἀπόκρισις.

145 1781 229 1833 Ἐκ
253 1775 344 1831 τοῦ
370 1780 717 1848 πρωτογόνου
747 1780 923 1847 φωτὸς
951 1781 1098 1834 δοκεῖ
1139 1799 1228 1852 μοι
1257 1782 1383 1846 τοὺς
1412 1782 1627 1853 φωστῆ-

71 1890 156 1941 ρας
187 1870 466 1941 ὑπάρχειν.
522 1870 632 1941 Τὴν
658 1869 767 1941 γὰρ
799 1869 929 1940 ὓλην
955 1871 1049 1922 τοῦ
1091 1871 1267 1941 φωτὸς
1307 1872 1569 1944 παράγων
1599 1873 1628 1927 ὁ

69 1963 219 2025 θεὸς,
270 1961 444 2031 φησί’
504 1962 827 2030 Γενηθήτω
870 1958 1014 2031 φῶς,
1059 1963 1157 2017 καὶ
1197 1964 1437 2041 ἐπένετο
1475 1963 1623 2035 φῶς.

67 2050 490 2116 Μετασκευάζων
510 2054 567 2107 δὲ
588 2053 723 2124 πρὸς
743 2054 840 2118 τὰς
860 2055 1151 2127 διαφόρους
1171 2055 1320 2125 ὄψεις
1347 2057 1446 2126 τὴν
1470 2056 1623 2128 ὓλην,

68 2148 183 2217 φησί
200 2162 213 2184 ε
240 2144 681 2212 Γενηθήτωσαν
698 2146 1031 2217 φωστῆρες.
1063 2147 1149 2211 Ὠς
1169 2148 1221 2201 εἰ
1250 2168 1331 2213 τις
1362 2150 1626 2222 πρότερον

64 2238 337 2310 προϐάλλοι
376 2236 473 2288 τοῦ
519 2237 747 2307 χρυσίου
782 2238 990 2308 μάζαν,
1034 2237 1241 2310 ταύτην
1270 2240 1325 2294 δὲ
1357 2244 1437 2305 είς
1469 2241 1624 2313 νομί-

66 2345 225 2398 σματα
248 2326 606 2397 κερματίσας,
626 2326 719 2381 δύο
746 2329 1035 2400 ὑπερέχειν
1055 2330 1133 2401 τῷ
1158 2331 1376 2400 μεγέθει
1399 2332 1621 2404 ποιήσῃ,

62 2418 144 2471 καὶ
181 2419 268 2470 ἐπὶ
314 2416 504 2470 δίσκου
537 2418 928 2489 παμμεγέθους
973 2420 1376 2494 κατακολλήσῃ,
1421 2424 1517 2477 καὶ
1554 2426 1621 2497 τῇ

62 2512 211 2579 ὀροφῇ
241 2509 338 2579 τῆς
370 2509 552 2571 οἰκίας
599 2511 909 2582 ὑπαρτήσῃ,
938 2513 1157 2584 τέρπων
1201 2514 1299 2584 μὲν
1337 2514 1437 2579 τὰς
1474 2516 1624 2585 ὄψεις

59 2602 154 2653 τῶν
196 2600 588 2671 ἱστορούντων,
638 2602 942 2667 ἀθανάτους
967 2605 1025 2659 δὲ
1070 2605 1241 2659 ποιῶν
1268 2607 1366 2671 τὰς
1401 2608 1623 2679 μνήμας

60 2696 145 2763 τῆς
193 2694 336 2763 σφῶν
384 2694 703 2764 ἀγχινοίας’
762 2696 953 2768 πόρρω
996 2696 1053 2751 δὲ
1095 2697 1189 2751 τοῦ
1246 2699 1623 2772 στερεώματος

58 2787 267 2856 ποιήσας
296 2786 522 2851 αὐτοὺς,
561 2788 681 2841 τότε
710 2788 985 2862 ὑπέθηκεν
1013 2791 1182 2862 αὐτῷ.
1218 2793 1357 2862 Φησὶ
1384 2793 1493 2864 γὰρ
1525 2794 1623 2846 αὑ-

56 2878 134 2940 τὸς
177 2881 203 2930 ό
241 2878 349 2931 τῶν
379 2878 548 2933 θείων
598 2882 840 2953 Μωσῆς
902 2883 1010 2938 Καὶ
1058 2885 1348 2953 ἐποίησεν
1388 2888 1421 2939 ὁ
1477 2884 1622 2950 Θεὸς

54 2970 179 3036 τοὺς
213 2969 319 3025 δύο
345 2972 678 3041 φωστῆριις
705 2974 845 3040 τοὺς
866 2974 1189 3045 μεγάλους.
1233 2975 1498 3029 Ἐνταῦθά
1530 2994 1620 3047 μοι

54 3062 203 3132 πῆξον
244 3063 339 3134 τὴν
388 3065 585 3136 ἀκοὴν,
624 3067 941 3136 ἀξιάγαστε.
990 3068 1077 3120 Ἐν
1110 3067 1221 3140 γὰρ
1252 3071 1319 3139 τῇ
1368 3068 1511 3133 λέξει
1558 3068 1620 3123 τὸ

52 3155 203 3223 σαφὲς
248 3159 593 3228 παραστήσω
648 3160 747 3231 τῆς
804 3160 910 3225 ἔξω
958 3161 1053 3214 τοῦ
1081 3159 1463 3233 στερεώματος
1512 3163 1620 3219 τῶν

51 3248 331 3319 φωστήρων
359 3250 637 3318 γενέσεως
656 3268 669 3281 ·
703 3254 835 3324 φησὶ
862 3253 969 3324 γάρ
1001 3253 1207 3323 Μωσῆς
1233 3271 1247 3284 ’
1300 3254 1409 3309 Καὶ
1455 3254 1622 3311 ἔθετο

46 3335 248 3402 αὐτοὺς
277 3337 348 3390 ἐν
379 3338 465 3404 τῷ
497 3339 733 3408 οὐρανῷ
765 3359 778 3373 ·
832 3341 1009 3412 δηλῶν
1055 3344 1241 3411 κάτω,
1291 3344 1323 3416 ἢ
1365 3345 1469 3410 ἕξω
1519 3346 1621 3417 τῆς

46 3426 230 3498 ὀροφῆς
262 3428 391 3494 τοὺς
426 3431 670 3497 πίνακας
702 3434 883 3488 αὐτῶν
909 3435 1137 3507 γράφων
1156 3453 1169 3467 '
1201 3437 1296 3491 καὶ
1321 3433 1421 3491 εἷθ’
1450 3438 1621 3505 οὕτως

47 3517 372 3576 ὑποτίθενται
416 3523 596 3595 αὐτῷ.

629 3618 878 3671 nam:
916 3621 1029 3686 ιιΔν.

116 3726 273 3797 Ὁμοῦ
320 3730 453 3793 τοὺς
506 3729 599 3784 δύο
648 3730 948 3805 ἔπηξεν,ῆ
997 3734 1238 3806 ἀλλήλων
1282 3737 1479 3801 αὐτοὺς
1509 3737 1621 3792 διέ-

45 3835 230 3890 στησεν
255 3838 271 3887 ;

657 3913 1017 3983 Ἀπόκρισις.

95 4018 202 4072 Καὶ
238 4018 376 4090 μετὰ
410 4021 519 4092 τὴν
550 4021 653 4091 τῆς
679 4024 783 4092 γῆς
817 4022 1181 4096 διακόσμησιν
1207 4027 1236 4079 ό
1262 4026 1413 4097 ἥλιος
1438 4028 1618 4098 παρή·

45 4111 145 4182 (θη,
176 4112 260 4165 ἵνα
293 4114 371 4185 μὴ
417 4114 603 4183 φωτὸς
654 4116 900 4186 ἀρχηγὸν
929 4117 1091 4173 αὐτόν
1117 4136 1261 4183 τινες
1289 4119 1617 4189 ὀνομάσωσι,

45 4205 156 4274 ιήτε
177 4205 287 4259 τῶν
316 4207 386 4259 ὲκ
421 4206 534 4276 γῆς
567 4207 852 4277 φυομένων
882 4209 1233 4281 δημιουργόν.
1265 4211 1489 4283 Πρῶτον
1522 4212 1620 4283 μὲν

46 4296 126 4368 ιΞιρ
155 4298 249 4351 τοῦ
284 4299 474 4377 φωτὸς
503 4300 537 4369 ἡ
568 4299 730 4369 φύσις
763 4302 1020 4373 παρήχθη
1043 4319 1057 4332 ο
1094 4306 1158 4374 τῇ
1189 4303 1231 4355 δ’
1259 4302 1314 4356 δὲ
1345 4304 1527 4375 ἡμέρᾳ
1555 4305 1616 4357 τὸ

45 4390 238 4459 λλιακδν
284 4391 385 4445 τοῦ
439 4390 696 4463 σώματος
741 4393 924 4464 ὄχημα
973 4390 1112 4448 εἶναι
1161 4393 1239 4466 τῷ
1289 4397 1615 4467 πρωτογόνῳ

45 4481 155 4532 ιωτὶ
186 4482 668 4552 παρεσκεύασται,
705 4482 895 4554 ὥσπερ
927 4502 1010 4547 τις
1043 4484 1233 4555 λύχνος
1258 4486 1345 4539 διὰ
1371 4486 1617 4558 ἐπιτεθη-

45 4573 241 4642 τὸμενον
263 4575 424 4645 αὐτῷ
452 4575 587 4647 πῦρ.
618 4576 830 4647 ’Ὠσπερ
859 4577 915 4629 δὲ
942 4577 1127 4649 ἕτερον
1154 4578 1251 4647 μὲν
1276 4580 1309 4649 ἡ
1332 4579 1614 4650 λευκότης,

50 4682 200 4737 τερον
227 4667 287 4720 δὲ
316 4668 379 4721 τὸ
414 4668 858 4739 λελευκασμὲνον
899 4668 1056 4740 σῶμα
1076 4683 1092 4699 ⁶
1138 4668 1284 4723 οὕτω
1317 4671 1412 4723 καὶ
1442 4673 1618 4725 ταῦτα

51 4759 243 4829 ιάφορα
273 4760 415 4813 ὄντα
451 4761 713 4830 ἦνωνται,
750 4762 798 4813 εί
831 4761 923 4814 καὶ
952 4761 1233 4832 ἀδιαίρετα
1271 4764 1431 4818 εἰσιν.
1478 4763 1617 4815 Ἀλλ’

45 4864 171 4901 ιτινα
205 4852 344 4920 ἡμῖν
374 4853 447 4921 τῇ
492 4850 704 4921 ἐπινοίᾳ
745 4852 851 4904 εἰσὶ
882 4852 1123 4921 χωριστὰ
1148 4894 1163 4912 ,
1216 4852 1389 4906 ταῦτα
1427 4857 1492 4922 τῇ
1529 4858 1616 4907 ἐν-

48 4940 202 5011 ργείᾳ
224 4941 544 4994 διίστανται
574 4943 639 5011 τῇ
669 4941 897 5012 δυνάμει
926 4941 1020 4994 τοῦ
1045 4944 1369 5014 ποιήσαντος
1392 4961 1405 4974 ·
1441 4945 1497 5010 ὃς
1525 4946 1617 4999 καὶ

47 5022 109 5091 ὴν
154 5027 476 5097 καυστικὴν
515 5026 745 5095 δύναμιν
784 5027 876 5081 τοῦ
910 5029 1080 5101 πυρὸς
1106 5030 1214 5084 ἀπὸ
1242 5034 1340 5103 τῆς
1365 5032 1614 5106 λαμπρά--

46 5131 167 5183 ητος
195 5114 555 5187 διεχώρισεν,
594 5115 668 5180 ὡς
710 5118 766 5170 ὲν
808 5119 876 5188 τῇ
907 5116 1053 5189 βάτῳ
1091 5120 1188 5172 καὶ
1216 5120 1274 5174 ὲν
1300 5122 1367 5191 τῇ
1398 5121 1616 5192 καμίνῳ

45 5206 115 5258 ὧν
142 5210 315 5278 τριῶν
344 5210 564 5262 παίδων
586 5204 697 5264 οἷόν
722 5229 775 5263 τι
808 5211 1097 5282 ἀκούομεν,
1130 5214 1222 5267 καὶ
1246 5214 1307 5268 τὸ
1336 5216 1395 5269 ἐν
1421 5219 1487 5288 τῇ
1522 5236 1616 5287 φο-

46 5302 141 5373 ερᾷ
164 5302 356 5373 κρίσει
390 5302 512 5372 πῦρ
539 5304 666 5366 τοὺς
685 5304 927 5369 δικαίους
951 5304 1204 5375 φωτίζον,
1233 5308 1329 5360 καὶ
1351 5309 1614 5380 πιμπρῶν

45 5391 131 5453 οὓς
158 5393 567 5464 ἁμαρτωλοὺς,
592 5394 667 5456 ὡς
695 5398 960 5466 μαρτυρεῖ
981 5396 1141 5450 Δαόίδ
1160 5415 1173 5427 ⁸
1203 5397 1374 5468 Φωνὴ
1393 5401 1615 5468 Κυρίου

45 5484 463 5550 ιακόπτοιντος
490 5487 687 5556 φλόγα
728 5489 936 5555 πικρός.
993 5488 1087 5541 Ἐκ
1130 5489 1188 5542 δὲ
1223 5490 1331 5543 τῶν
1362 5494 1491 5563 περὶ
1524 5510 1613 5545 σε-

45 5575 169 5645 ἡνην
202 5577 409 5631 παθῶν
446 5577 554 5630 τῶν
591 5578 937 5649 ζητουμένων
980 5580 1282 5651 κατάληψις
1312 5599 1324 5612 ο
1376 5582 1615 5654 λήγουσα

45 5667 128 5737 ἂρ,
165 5668 229 5720 οὐ
259 5667 345 5738 τῷ
387 5670 560 5722 παντὶ
588 5670 760 5741 αὐτῆς
791 5670 1004 5742 σώματι
1030 5673 1501 5740 δαπανᾶται,ἀλλὰ
1533 5678 1611 5746 τῷ

46 5760 406 5830 ερικείμενον
448 5761 563 5828 φῶς
595 5762 1012 5834 ὰποτιθεμὲνην,
1048 5766 1141 5818 καὶ
1172 5766 1611 5838 προσλαμὸάνειν

65 5926 111 5956 ⁵⁸
152 5926 336 5982 Eccli.
373 5942 467 5993 ut,
497 5926 585 5983 22.
660 5930 705 5962 ⁸ο
746 5927 882 5985 Gen.
917 5946 953 5997 ι,
991 5931 1045 5986 5.

1127 5932 1171 5963 ⁶⁰
1210 5932 1340 5988 ibid.
1377 5933 1460 5989 Η.
1542 5937 1582 5966 ⁶¹
1629 5935 1759 5991 ibid.
1792 5932 1873 5987 ιϐ.
1955 5933 1997 5964 ⁶²
2032 5930 2168 5987 ibid.
2219 5933 2299 5987 ΓΙ.

3202 463 3312 521 9:73

1734 566 1983 623 inventas
2018 568 2176 625 sedes
2206 571 2345 625 imas
2378 583 2432 626 ct
2471 571 2628 629 bases
2654 574 2878 646 insuper
2921 578 3055 632 alias
3087 582 3311 649 excogi.

1734 662 1880 720 tans,
1911 657 2054 711 ultra
2094 674 2233 729 quas
2282 660 2427 730 quod
2474 672 2760 718 succurrat
2797 664 2932 718 nihil
2971 674 3091 732 est;
3146 665 3305 721 Solo-

1733 763 1896 805 mone
1925 750 2270 819 inclamante,
2308 751 2635 808 Sublimiora
2676 765 2724 809 te
2752 773 2816 810 ne
2848 773 3076 827 quaeras,
3110 767 3157 811 et
3184 775 3308 826 pro-

1732 840 1984 910 fundiora
2011 852 2060 897 te
2089 859 2151 897 ne
2179 846 2432 899 scruteris
2459 846 2529 895 ⁸⁸.
2558 844 2690 911 Qua-
2730 846 2826 900 tibi
2871 849 3124 902 mandata
3156 856 3305 910 sunt,

1733 933 1823 987 illa
1871 935 2072 1004 cogita,
2115 935 2345 991 credens
2385 938 2841 992 conservatricem
2894 940 3133 995 universi
3170 940 3309 995 divi-

1733 1041 1856 1080 nam
1890 1027 2186 1097 potentiam
2217 1028 2401 1083 omnia
2439 1037 2750 1085 sustentare
2779 1039 2832 1084 et
2873 1046 3219 1097 conservare,
3254 1041 3307 1088 ct

1732 1118 1919 1172 omnia
1966 1126 2273 1188 penetrare,
2332 1121 2401 1176 ad
2452 1121 2866 1192 gubernandum
2934 1122 2990 1175 in
3053 1124 3306 1180 universa

1732 1208 1937 1263 omnia.

2150 1301 2664 1359 INTERROGATIO
2700 1304 2881 1361 XCIII.

1802 1408 1958 1466 Unde
1992 1411 2135 1467 facta
2163 1422 2295 1468 sunt
2324 1416 2619 1471 luminaria
2652 1418 2733 1472 sol
2768 1427 2821 1473 et
2864 1419 3013 1485 luna,
3043 1428 3097 1475 et
3128 1428 3306 1474 astro-

1729 1517 1852 1558 rum
1881 1506 2099 1562 cmtus?
2119 1504 2276 1572 Quod
2310 1506 2405 1562 Dei
2437 1509 2657 1578 quidem
2688 1510 2758 1565 sit
2778 1511 3055 1581 opificium
3075 1512 3304 1576 scimus,

1729 1595 1825 1651 sed
1862 1596 1932 1652 de
1962 1599 2271 1654 substantia
2307 1602 2629 1670 quterimus.

2362 1688 2674 1757 Responsio.

1800 1773 1879 1830 Ex
1914 1776 2237 1847 primigenia
2270 1779 2390 1835 luce
2415 1780 2545 1833 mihi
2570 1780 2825 1835 videntur
2849 1781 3141 1836 luminaria
3162 1798 3302 1838 esse.

1727 1865 1864 1920 Nam
1894 1870 2177 1923 materiam
2223 1872 2360 1925 lucis
2390 1872 2700 1940 producens
2733 1873 2897 1936 Deus,
2934 1874 3146 1944 inquit,
3180 1874 3307 1929 Fiat

1730 1960 1842 2025 lux,
1866 1970 1917 2015 et
1940 1962 2086 2030 facta
2117 1973 2196 2017 est
2236 1965 2327 2017 (ua:
2370 1966 2437 2018 ⁵⁸.
2476 1965 2876 2021 Transmutans
2925 1977 3103 2021 autem
3136 1969 3189 2021 in
3214 1983 3307 2020 va-

1726 2053 1839 2108 rias
1868 2056 2079 2124 species
2117 2058 2424 2119 materiam,
2470 2059 2669 2129 inquit,
2715 2059 2879 2115 Fiant
2911 2061 3198 2114 luminaria
3237 2063 3303 2115 ⁸ο.

1727 2143 1905 2201 Veluti
1938 2148 1982 2201 si
2011 2147 2137 2216 quis
2157 2148 2394 2217 primum
2432 2159 2643 2219 promat
2686 2167 2923 2207 massam
2966 2154 3105 2215 auri,
3142 2167 3304 2221 quam

1727 2234 1782 2287 in
1812 2236 2140 2291 uumismata
2173 2253 2390 2303 secans,
2426 2238 2536 2292 duo
2582 2241 2894 2308 prmecllere
2936 2242 3307 2310 magnitudine

1726 2326 1917 2391 faciat,
1955 2339 2008 2383 et
2039 2330 2091 2383 in
2126 2330 2258 2385 orbe
2294 2346 2591 2401 permagno
2638 2333 2961 2401 conjungal,
2999 2332 3309 2402 domusque

1727 2426 1873 2475 tecto
1897 2420 2167 2490 applicet;
2199 2421 2484 2476 oblectans
2521 2421 2739 2490 quidem
2767 2421 3147 2489 aspicientium
3183 2436 3308 2474 ocu-

1725 2511 1831 2575 los,
1866 2512 2193 2567 immortalia
2226 2528 2353 2566 vero
2386 2512 2595 2567 faciens
2631 2520 2985 2567 monumenta
3010 2528 3123 2567 sua:
3154 2513 3310 2566 indu—

1727 2605 1897 2659 striae.
1950 2603 2181 2674 Ipsaque
2242 2606 2431 2671 procul
2499 2620 2529 2659 a
2598 2606 2941 2659 firmamento
2993 2620 3303 2665 removens,

1725 2694 1983 2765 deinceps
2017 2697 2091 2749 illi
2128 2696 2381 2766 subjecit.
2431 2695 2612 2765 lnquit
2656 2696 2800 2749 enim
2840 2696 2955 2765 ipse
2994 2695 3303 2747 divinorum

1725 2796 2015 2840 enarrator
2044 2785 2244 2851 Moses,
2278 2785 2343 2839 Et
2376 2786 2499 2855 fecit
2537 2785 2673 2839 Deus
2706 2785 2994 2837 luminaria
3020 2800 3213 2853 magna
3236 2784 3301 2837 “.

1726 2872 1826 2930 Hic
1868 2875 1998 2930 mihi
2049 2883 2286 2932 attentas
2326 2891 2489 2931 aures
2541 2876 2740 2945 prmbc,
2789 2890 2821 2928 ο
2862 2875 3137 2944 prteclare.
3167 2872 3302 2926 Nam

1725 2979 1792 3019 ex
1824 2964 1943 3034 ipsa
1968 2964 2278 3021 elocutione
2307 2964 2653 3020 manifestum
2694 2963 2914 3029 faciam,
2950 2963 3302 3017 luminarium

1726 3055 2060 3112 creationem
2102 3065 2257 3113 extra
2305 3056 2706 3113 firmamentum
2753 3073 2896 3113 esse.
2940 3055 3123 3126 lnquit
3155 3055 3303 3110 enim

1727 3147 1928 3215 Moses,
1955 3148 2025 3202 Et
2051 3151 2226 3217 posuit
2257 3166 2318 3205 ea
2340 3152 2393 3204 in
2422 3151 2549 3205 coet'o
2580 3150 2646 3215 θ’,
2678 3150 2940 3205 inferiora
2963 3150 3302 3220 significans.

1726 3247 1994 3295 autcxtra
2030 3248 2231 3296 tectum
2263 3242 2424 3297 orbes
2459 3243 2704 3314 ipsorum
2744 3243 3086 3307 describens,
3113 3242 3305 3311 sicque

1724 3328 1923 3386 deinde
1952 3331 2002 3386 ei
2033 3331 2281 3403 subjecta
2312 3348 2456 3389 esse.

2148 3615 2661 3673 INTERROGATIO
2699 3618 2882 3672 XCIV.

1790 3723 1928 3777 Num
1967 3724 2129 3780 simul
2166 3726 2253 3781 illa
2290 3730 2399 3783 duo
2428 3731 2821 3793 constabilivit,
2852 3737 2945 3782 aut
2986 3745 3013 3782 a
3069 3744 3128 3783 se
3167 3729 3307 3782 iuvi-

1725 3831 1841 3872 cem
1875 3816 1979 3888 disj
1991 3820 2145 3873 unxit
2169 3820 2192 3872 ?

2359 3909 2667 3980 Responsio.

1795 4015 1971 4071 Etiam
2026 4028 2151 4087 post
2190 4006 2351 4073 terrae
2407 4019 2821 4073 exornationem
2876 4020 2958 4074 sol
3006 4017 3308 4088 productus

1723 4113 1828 4169 est,
1856 4123 1925 4163 ne
1954 4108 2133 4177 ipsum
2196 4108 2365 4177 aliqui
2409 4110 2550 4163 lucis
2600 4118 2877 4163 auctorem
2930 4110 3301 4170 nominarent,

1723 4214 1860 4254 neve
1897 4199 1965 4254 de
1996 4208 2140 4255 terra
2192 4202 2535 4255 nascentium
2569 4201 2838 4270 opificem.
2875 4199 3119 4253 Prinium
3155 4199 3302 4254 enim

1724 4290 1865 4346 lucis
1898 4299 2091 4345 natura
2117 4290 2383 4361 producta
2412 4299 2513 4347 est.
2570 4290 2778 4357 Quarto
2810 4305 2938 4345 vero
2974 4289 3061 4345 die
3104 4291 3302 4345 solaris

1722 4384 1975 4453 corporis
2001 4397 2201 4438 currus
2230 4383 2571 4453 primigenize
2614 4384 2720 4437 luci
2753 4389 2980 4453 paratus
3004 4392 3110 4446 est,
3158 4383 3302 4436 velut

1723 4476 1905 4546 aliqua
1985 4476 2211 4530 lucerna
2288 4483 2511 4545 propter
2569 4474 2885 4544 impositum
2936 4473 3038 4529 sibi
3099 4473 3298 4543 ignem.

1721 4567 2190 4633 Quemadmodum
2242 4576 2425 4622 autem
2478 4566 2625 4620 aliud
2684 4567 2905 4637 quidem
2950 4573 3034 4620 est
3084 4565 3299 4626 albedo,

1722 4661 1866 4716 aliud
1896 4677 2026 4716 vero
2047 4661 2361 4715 dealbatum
2410 4675 2612 4729 corpus
2646 4677 2659 4713 :
2695 4659 2778 4714 sic
2832 4666 2887 4711 et
2932 4658 3047 4711 haec
3081 4656 3298 4712 diversa

1720 4770 1843 4809 cum
1873 4755 2003 4819 sint,
2037 4753 2187 4806 unita
2215 4761 2363 4816 sunt,
2411 4753 2539 4805 licet
2576 4752 2815 4806 discreta
2845 4750 2975 4805 sint.
3007 4747 3298 4801 Enimvero

1720 4862 1840 4916 qum.
1868 4846 2124 4917 Opinione
2177 4853 2363 4901 nostra
2428 4854 2557 4899 sunt
2585 4842 2933 4913 separabilia,
2980 4841 3298 4911 operatione

1719 4939 1997 5000 differunt,
2028 4939 2221 4991 virtute
2252 4938 2371 5005 ejus
2412 4938 2504 5006 qui
2550 4936 2696 4990 fecit.
2737 4935 2841 5001 Qui
2868 4941 2922 4990 et
2950 4933 3143 4989 urendi
3184 4934 3293 4987 vim

1721 5032 1773 5083 in
1804 5031 1927 5099 igne
1954 5044 1983 5083 a
2016 5028 2306 5098 splendore
2332 5027 2624 5096 separavit,
2666 5026 2815 5080 velut
2854 5025 2909 5078 in
2940 5024 3075 5078 rubo
3150 5031 3205 5078 et
3237 5024 3293 5077 in

1721 5123 1941 5177 fornace
1968 5122 2130 5175 trium
2160 5135 2477 5190 puerorum,
2514 5116 2825 5186 cujusmodi
2860 5126 2915 5170 et
2966 5115 3023 5169 in
3063 5114 3295 5169 terribili

1714 5213 1921 5283 judicio
1951 5212 2204 5267 audimus
2234 5212 2411 5281 ignem
2445 5209 2687 5279 fore,qui
2714 5208 2893 5278 justos
2922 5207 3140 5278 quidem
3170 5206 3298 5261 illu-

1720 5306 1910 5367 minet,
1947 5306 2235 5358 comburat
2274 5319 2404 5357 vero
2451 5311 2787 5373 peccatores.
2824 5299 3294 5366 Quemadmodum

1718 5404 1951 5452 testatur
2010 5394 2241 5450 Davides
2280 5412 2292 5448 :
2332 5392 2443 5448 Vox
2472 5394 2686 5449 Domini
2720 5391 3103 5464 perrumpentis
3136 5390 3297 5459 flam-

1720 5504 1862 5541 mam
1889 5488 2024 5558 ignis
2043 5488 2110 5542 “.
2147 5487 2347 5543 Eorum
2371 5502 2502 5543 vero
2535 5503 2655 5558 quae
2686 5486 2755 5542 de
2775 5486 3123 5555 passionibus
3153 5484 3297 5538 lunae

1725 5590 2066 5653 qumruntur,
2101 5581 2284 5637 brevis
2312 5580 2732 5651 comprehensio
2772 5586 2876 5641 est,
2924 5577 3068 5649 quod
3100 5578 3295 5632 decre-

1720 5691 1881 5731 scens
1920 5691 2029 5729 non
2067 5684 2181 5729 toto
2225 5690 2455 5745 corpore
2491 5690 2592 5729 suo
2629 5681 3007 5739 consumatur,
3049 5670 3144 5727 sed
3184 5671 3292 5723 cir-

1720 5767 2062 5837 cumjaccntc
2089 5767 2211 5822 luce
2240 5767 2507 5837 deposita,
2532 5780 2833 5835 rursusque
2865 5770 3170 5835 assumpta,
3195 5761 3289 5816 de-

2384 5932 2428 5965 ⁶³
2467 5930 2611 5987 Psal.
2655 5946 2847 5998 xxvm,
2882 5929 2934 5984 7.
