3874 6554
567 362 688 434 ,ως

583 477 761 547 ipsum
811 492 904 548 per
951 476 1147 534 festum
1181 477 1296 534 otio
1341 478 1597 536 vacabat.
1649 477 1888 534 Proinde
1938 494 2164 535 menses

586 570 712 622 luna
754 570 983 640 perﬁcit,
1031 585 1206 628 annos
1253 581 1434 628 autem
1484 572 1567 627 sol
1601 591 1615 628 :
1649 571 1740 626 illa
1805 570 2025 642 quidem
2072 587 2170 642 per

585 663 867 734 periodum
925 663 1136 718 dierum
1191 664 1351 735 plena
1402 665 1545 720 facta
1596 685 1610 720 :

1691 356 1747 415 S.
1781 357 2082 415 CAESAR“
2122 358 2457 422 GREGOBII
2497 357 2807 416 FRATBIS
3735 365 3817 423 9οι

2275 480 2504 552 κέντρου
2550 481 2652 552 τῆς
2681 477 2820 550 ἐῴας
2846 479 3270 550 καθιστάμενος,
3295 478 3394 544 τὰς
3421 479 3626 550 τροπάς
3650 481 3817 550 φυλάς-

2279 587 2389 625 σων
2423 573 2712 644 ἰσημερίας
2749 572 2941 644 θέρους
2966 588 3024 624 τε
3056 571 3151 626 καὶ
3179 569 3547 644 φθινοπώρου.

1668 665 1756 720 hic
1805 673 1987 719 autem
2036 679 2107 720 ex
2162 663 2393 735 periodo
2444 667 2717 721 mensium
2784 665 2841 720 in
2893 664 3086 720 eodem
3153 673 3346 719 centro
3403 674 3564 721 ortus
3608 667 3817 724 matutini

585 758 1343 820 constitutus,conversiones
1371 773 1600 813 servans
1627 756 1968 828 aequinoctii,
2001 758 2215 812 aestatis
2257 764 2312 811 et
2345 757 2617 812 autumni.

976 847 1495 905 INTERROGATIO
1546 849 1776 905 XCVIII.

656 944 822 1000 Estne
859 945 1069 1014 spbmra
1118 945 1338 1011 coelum,
1390 957 1482 998 aut
1517 945 1980 1017 hcmispliazrium,
2029 950 2170 1016 quod

584 1045 764 1090 actum
795 1036 1047 1091 circulari
1086 1044 1230 1089 motu
1266 1035 1433 1089 solem
1473 1035 1574 1089 sub
1623 1045 1822 1090 terram
1870 1037 2029 1102 ferat,
2079 1046 2171 1091 aut

571 1129 693 1185 -alio
725 1127 889 1184 modo
913 1142 1137 1182 cursum
1165 1127 1214 1182 ei
1246 1126 1492 1180 tribuat?

1174 1250 1178 1254 -
1221 1218 1528 1286 Responsio.

658 1311 716 1367 In
749 1313 837 1368 his
867 1313 1110 1382 utrisque
1145 1314 1213 1366 ab
1240 1314 1444 1369 eximio
1485 1312 1622 1367 Isaia
1663 1314 2035 1380 instituamur,
2077 1314 2170 1386 qui

585 1405 825 1460 clamat:
853 1405 959 1471 Qui
980 1405 1253 1458 constituit
1287 1405 1475 1458 calum
1527 1405 1663 1459 velut
1718 1405 1956 1475 Iaquear,
1998 1415 2049 1460 et
2079 1421 2173 1462 ea:-

587 1497 747 1551 tendit
778 1497 950 1566 ipsum
981 1497 1116 1550 velut
1143 1497 1331 1564 pellem
1373 1497 1441 1550 ‘9.
1479 1495 1636 1562 Quod
1683 1497 1846 1567 igitur
1892 1499 2168 1566 consistit,

583 1605 693 1644 non
731 1600 980 1643 movetur
1009 1589 1358 1643 circulariter
1391 1606 1404 1642 :
1429 1590 1575 1659 quod
1601 1604 1903 1659 expansum
1932 1599 2039 1655 est,
2061 1605 2168 1645 non

583 1684 777 1737 subtus
820 1681 1014 1737 fertur.
1066 1681 1400 1751 Principium
1454 1681 1619 1751 igitur
1668 1682 1835 1737 habet
1873 1684 2072 1738 caelum
2117 1691 2172 1738 et

587 1771 904 1826 terminum.
952 1769 1069 1824 Non
1125 1772 1270 1824 enim
1324 1771 1505 1840 inquit
1551 1769 1872 1841 Scriptura,
1922 1773 2172 1828 ascendit

584 1863 688 1930 sol,
709 1860 821 1926 sed,
848 1859 1102 1933 Egressus
1135 1871 1212 1916 est
1239 1878 1403 1932 supra
1427 1872 1655 1928 terram,
1686 1873 1735 1918 et
1767 1861 1868 1918 Lot
1902 1865 2169 1935 ingressus

580 1963 659 2009 est
701 1954 946 2024 Segorem
987 1956 1032 1987 ⁷ο
1078 1973 1091 2008 :
1155 1969 1263 2008 nou
1326 1956 1567 2026 globum,
1625 1956 1723 2011 sed
1770 1955 1996 2025 laquear
2050 1971 2170 2012 esse

583 2043 940 2099 conﬁrmans.
983 2043 1049 2098 Et
1101 2042 1336 2100 Davides
1390 2046 1569 2115 inquit
1603 2048 1659 2101 in
1693 2047 2038 2103 carminibus
2075 2065 2089 2101 :
2119 2049 2164 2102 Α

583 2137 772 2190 υεΝῖεε
795 2138 910 2190 creti
942 2153 1183 2207 egressus
1211 2136 1366 2206 ejus;
1401 2152 1510 2193 non
1556 2153 1854 2205 ascensus;
1898 2149 1947 2194 et
1990 2155 2171 2193 occur-

583 2245 674 2283 sus
713 2231 828 2298 ejus
857 2246 1020 2299 usque
1043 2231 1111 2283 ad
1135 2247 1399 2284 sumntum
1431 2231 1642 2297 caeli";
1697 2247 1804 2287 non
1842 2241 2024 2288 autem
2068 2231 2168 2288 de-

586 2335 816 2374 scensus
848 2321 986 2389 ejus,
1011 2330 1106 2374 aut
1137 2335 1390 2386 occasus,
1427 2337 1497 2377 ne
1536 2322 1714 2392 ipsum
1754 2330 2169 2393 percurrentem

587 2412 930 2466 circulariter
961 2413 1166 2468 moveri
1201 2413 1383 2469 faciat.
1419 2414 1483 2468 Et
1517 2414 1715 2468 iterum
1751 2433 1763 2469 :
1801 2412 1866 2467 Et
1903 2414 2031 2484 ipse,
2084 2415 2170 2468 in-

587 2505 727 2573 quit,
761 2505 896 2558 relut
927 2520 1172 2574 sponsus,
1219 2521 1327 2560 non
1369 2505 1697 2570 ascendens,
1732 2506 1850 2570 sed,
1899 2508 2078 2561 exiens
2106 2523 2172 2561 ex

589 2600 824 2651 thalamo
875 2615 970 2651 suo
1017 2599 1083 2651 ".
1137 2597 1258 2667 Ipse
1297 2614 1426 2652 vero
1471 2599 1834 2654 concionatur
1881 2597 2168 2664 Dominus,

590 2691 785 2756 Mittet,
814 2691 1010 2758 inquit,
1051 2690 1264 2760 angelos
1293 2706 1416 2743 eum
1445 2689 1574 2743 tuba
1607 2699 1656 2744 et
1698 2707 1818 2745 voce
1863 2708 2079 2762 magna,
2120 2701 2172 2746 et

587 2781 971 2853 cangregabuut
1001 2781 1193 2836 electos
1216 2781 1280 2835 ab
1308 2792 1543 2836 extremo
1567 2783 1684 2836 coeli
1700 2801 1863 2854 usque
1891 2786 1960 2839 ad
1989 2794 2169 2840 extre-

589 2893 728 2928 mum
757 2875 870 2944 eius
902 2875 969 2931 ⁷³.

1005 3030 1526 3088 INTERROGATIO
1566 3031 1752 3089 XCIX.

659 3125 944 3192 Quomodo
971 3126 1132 3195 igitur
1179 3125 1382 3180 occidit
1429 3126 1535 3191 sol,
1599 3127 1644 3182 si
1697 3142 1804 3181 non
1849 3127 2020 3181 fertur
2070 3128 2174 3182 sub

589 3217 838 3270 terram?
866 3223 918 3270 et
956 3216 1180 3285 quinam
1219 3216 1372 3270 locus
1399 3224 1483 3272 est
1506 3219 1598 3288 qui
1635 3217 1820 3274 radios
1852 3217 1973 3289 ejus
1999 3218 2177 3273 inum-

589 3310 706 3362 brat
730 3309 753 3358 ?

1224 3379 1535 3448 Responsio.

662 3471 972 3539 l‘eragratis
995 3472 1154 3526 celeri
1189 3487 1357 3526 cursu
1386 3473 1992 3540 cmlestibusterminis,
2024 3486 2175 3546 post-

589 3580 748 3630 quam
787 3564 929 3618 latus
960 3564 1252 3632 quoddam,
1287 3565 1505 3619 borcale
1535 3579 1728 3634 nempe
1752 3566 1912 3620 clima
1935 3609 1950 3633 ,
1988 3569 2176 3624 subie-

597 3658 685 3716 iit,
713 3655 962 3709 elevante
990 3670 1050 3709 se
1083 3655 1469 3726 Cappadocum
1502 3657 1640 3722 solo,
1670 3658 2015 3713 inumbratur
2051 3661 2177 3732 qui-

590 3749 712 3803 dem
743 3748 1019 3802 radiorum
1053 3748 1232 3820 fulgor
1253 3766 1349 3820 per
1372 3750 1540 3806 silvas
1565 3758 1620 3806 et
1644 3765 1812 3821 aquas
1840 3768 1907 3808 ex
1939 3770 2175 3824 superna

591 3841 937 3910 repressione
971 3841 1320 3906 firmamenti,
1357 3841 1648 3912 perfractis
1671 3844 1738 3898 ad
1779 3843 1952 3901 latera
1979 3847 2174 3909 radiis,

587 3941 646 3990 et
676 3950 774 4006 per
801 3934 1152 3989 eminentiam
1179 3941 1337 3990 terrae
1365 3935 1486 3990 luce
1517 3935 1693 4005 ipsius
1724 3936 1945 3993 exclusa
1965 3979 1980 4003 ,
2014 3939 2178 4010 idque

591 4027 894 4083 secundum
926 4028 1078 4098 prius
1099 4028 1403 4089 exbibitam
1438 4028 1858 4084 similitudinem
1909 4031 2177 4103 lampadis

591 4123 750 4190 cujus
785 4121 925 4191 apud
960 4137 1057 4177 nos
1093 4137 1227 4177 usus
1257 4130 1362 4185 est,
1401 4120 1448 4175 si
1479 4128 1617 4177 testa
1642 4121 1730 4176 fax
1756 4124 2174 4196 comprimatur,

591 4224 643 4266 et
675 4214 852 4282 aliqua
894 4229 958 4268 ex
1000 4222 1154 4282 parte
1181 4213 1558 4278 iuumbretur,
1590 4215 1658 4269 ad
1693 4216 1913 4285 aliquod
1944 4217 2173 4274 liberum

596 4306 738 4359 latus
773 4305 862 4358 lux
896 4305 1122 4360 recedit.
1155 4303 1269 4360 Hoc
1301 4304 1462 4360 modo
1495 4306 1658 4360 etiam
1693 4309 1773 4363 sol
1811 4309 2062 4379 pervenit
2109 4310 2176 4362 ad

594 4396 884 4460 orientem,
914 4396 1126 4450 occulte
1154 4396 1428 4452 borealem
1468 4397 1681 4469 plagam
1708 4414 2017 4469 permeans.
2049 4401 2176 4454 Est-

594 4503 702 4557 que
741 4487 900 4542 nobis
934 4487 1164 4543 illustris
1200 4489 1358 4544 testis
1404 4489 1461 4543 in
1499 4490 1663 4545 rebus
1703 4491 1902 4547 divinis
1955 4493 2176 4563 sapiens

597 4576 854 4631 Solomon
888 4595 900 4630 :
932 4576 1138 4642 Oritur,
1169 4577 1368 4648 inquit,
1401 4579 1504 4642 sol,
1547 4588 1597 4633 et
1643 4581 1868 4647 occidit;
1907 4593 2054 4639 ortus
2088 4599 2180 4652 per

595 4684 840 4722 occasum
871 4667 1136 4738 graditur,
1167 4677 1217 4722 et
1267 4685 1463 4739 gyrans
1505 4670 1840 4727 circulariter
1899 4673 2071 4743 fertur
2109 4675 2180 4729 ad

596 4759 914 4828 aquilonem,
944 4769 993 4812 et
1019 4760 1069 4812 in
1097 4758 1271 4814 locum
1291 4775 1444 4812 suum
1470 4759 1604 4813 redit
1625 4759 1692 4812 ⁷⁸.
1717 4759 1920 4833 Aspice
1951 4764 2180 4834 proinde

597 4851 774 4919 ipsum
809 4865 905 4920 per
940 4851 1227 4906 meridiem
1260 4859 1600 4918 currentem,
1631 4861 1686 4908 et
1725 4854 1938 4924 plagam
1983 4855 2180 4911 borea-

599 4940 702 4995 lem
731 4939 1184 5006 circumeuntem,
1221 4947 1281 4994 ut
1303 4939 1447 4995 intra
1466 4941 1846 5012 praescriptum
1875 4941 1944 4997 ab
1965 4942 2178 4997 oriente

597 5032 826 5087 feratur.

1075 5209 1594 5267 INTERROGATIO
1631 5210 1694 5266 C.

575 5334 578 5336 η
669 5298 726 5355 Si
755 5299 956 5371 absque
977 5301 1377 5358 intermissione
1393 5316 1592 5356 cursus
1619 5301 1741 5370 ejus
1761 5307 1870 5365 est,
1896 5301 2164 5369 quomodo

578 5401 783 5448 πείσω
814 5393 1032 5462 quidem
1068 5394 1303 5464 majores
1358 5393 1516 5447 nobis
1573 5391 1692 5447 dies
1749 5391 1937 5457 efﬁcit,
1993 5392 2173 5450 biemc

597 5498 730 5539 vero
758 5484 1002 5539 minores
1017 5484 1042 5536 ?

1239 5552 1544 5622 Responsio.

670 5645 748 5700 Eo
775 5645 918 5716 quod
947 5661 1056 5702 non
1088 5647 1155 5701 ab
1189 5648 1382 5702 eodem
1412 5652 1606 5700 centro
1641 5659 1855 5715 semper
1883 5645 2167 5715 procedit;

673 5788 718 5822 ‘°
755 5789 857 5846 lsa.
919 5807 1006 5852 XL,
1055 5791 1146 5857 22,
1205 5806 1318 5848 sec.
1358 5788 1521 5844 LXX.

1627 5791 1672 5821 το
1713 5790 1848 5846 Gen.
1911 5805 2022 5854 XIX,
2071 5789 2160 5844 25.

595 5856 648 5894 ⁷⁸
691 5862 865 5916 l-chlc.
905 5879 942 5922 I,
980 5863 1031 5920 5,
1066 5862 1118 5915 6.

2870 847 3122 900 ΠΕΥΣΙΣ
3159 846 3279 914 ιλιι.

2345 939 2560 1008 Σφαῖρά
2594 939 2742 992 ἐστιν
2769 941 2798 993 ὁ
2822 939 3123 1010 οὐρανὸς,ἦ
3154 937 3517 1010 ἡμισφαίριον
3551 941 3818 1012 κυλιόμενον

2273 1030 2363 1083 τὸν
2387 1030 2559 1100 ἥλιον,
2611 1031 2716 1084 ὑπὸ
2745 1031 2845 1102 τὴν
2878 1031 2984 1102 γῆν
3036 1033 3229 1102 φέρον,
3285 1033 3319 1102 ἣ
3352 1031 3529 1096 ἄλλως
3579 1034 3712 1105 αὑτῷ
3752 1039 3819 1089 τὸν

2273 1123 2474 1194 δρόμον
2502 1125 2868 1197 παραχιυροῦν
2896 1142 2911 1190 ;

2893 1215 3252 1284 Ἀπόκρισις.

2349 1306 2552 1376 ’Ἄμφω
2583 1307 2661 1378 τῷ
2708 1308 2900 1379 ὑψηλῷ
2937 1310 3136 1381 Ἡσαΐᾳ
3189 1311 3569 1381 στοιχήσωμεν
3589 1352 3604 1373 ,
3631 1312 3816 1383 διαρρή-

2271 1399 2370 1470 δην
2404 1399 2597 1470 βοῶντι
2618 1416 2631 1430 °
2675 1401 2728 1454 '0
2762 1400 3004 1468 στήσας
3037 1401 3146 1455 τὸν
3191 1402 3457 1470 οὐρανόν
3499 1404 3640 1458 ὡσεὶ
3671 1407 3821 1472 κομά-

2267 1509 2408 1560 ραν,
2436 1493 2533 1546 καὶ
2561 1492 2862 1558 διατείνας
2911 1494 3101 1548 αὑτὸν
3143 1494 3226 1561 ὡς
3250 1494 3517 1563 σκηνήν.
3582 1495 3650 1549 Τὸ
3688 1498 3822 1561 Estis;

2272 1581 2366 1638 οὗν
2417 1585 2478 1638 οὐ
2528 1585 2892 1639 κυλινδεῖται*
2951 1586 3013 1639 τὸ
3063 1585 3321 1640 διαταθὲν
3366 1588 3465 1657 οὐχ
3516 1587 3822 1657 ὑποφέρεται.

2287 1675 2486 1748 Ἀρχὴν
2514 1676 2697 1730 τοίνυν
2724 1677 2838 1748 ἔχει
2869 1677 3119 1748 οὐρανὸς,
3155 1679 3252 1730 καὶ
3283 1677 3479 1748 πέρας.
3519 1679 3594 1732 Οὐ
3619 1680 3714 1749 γάρ
3747 1698 3821 1749 φη.

2271 1785 2358 1821 σιν
2392 1770 2426 1840 ἠ
2451 1768 2661 1841 Γραφὴ,
2707 1769 2962 1839 ’Λνῆλθεν
2997 1773 3026 1825 ό
3054 1771 3225 1842 ἥλιος.
3263 1770 3406 1834 ἀλλ’,
3448 1771 3716 1837 Ἐξῆλθεν
3747 1774 3822 1826 ἐπι

2273 1860 2388 1929 τὴν
2417 1858 2534 1931 γῆν
2553 1903 2569 1929 ,
2604 1861 2701 1917 καὶ
2785 1861 2915 1916 Λὼτ
2945 1861 3237 1931 εισῆλθεν
3263 1864 3354 1928 εἰς
3383 1861 3623 1930 Σηγώρο
3659 1865 3711 1916 οὐ
3747 1863 3824 1935 τὴν

2275 1955 2543 2023 σφαῖραν,
2583 1952 2720 2007 ἀλλά
2755 1953 2854 2026 τὴν
2894 1956 3152 2026 καμάραν
3192 1955 3511 2026 βεδαιοῦσα.
3563 1957 3820 2008 Kuh-12655

2275 2062 2441 2115 φησιν
2491 2046 2549 2100 ἐν
2609 2046 2934 2117 μελῳδίαις·
2992 2047 3108 2100 ‘Azz’
3147 2046 3339 2116 ἄκρου
3382 2048 3490 2101 τοῦ
3539 2047 3817 2116 adparari}

2277 2137 2492 2202 ἔξοδος
2519 2137 2708 2191 αὑτοῦ
2727 2155 2740 2168 ·
2773 2138 2895 2209 οὐχὶ
2924 2137 2982 2192 δὲ
3022 2140 3056 2208 ἡ
3077 2137 3262 2201 ἄνοδος
3287 2157 3300 2169 ·
3333 2139 3444 2192 Καὶ
3477 2138 3548 2192 τὸ
3579 2138 3816 2200 κατάντη-

2274 2246 2359 2298 ⁶ιια
2387 2229 2577 2283 αὑτοῦ
2606 2229 2718 2296 ἕως
2751 2229 2960 2298 ἄκρου,
2986 2230 3108 2301 οὐχὶ
3140 2230 3198 2283 δὲ
3229 2233 3264 2301 ἡ
3300 2230 3529 2295 κάθοδος
3564 2230 3711 2282 αὐτοῦ
3740 2232 3761 2299 ἦ
3793 2232 3814 2300 ἡ

2278 2321 2568 2384 κατάδυσις
2587 2337 2601 2351 ·
2627 2321 2715 2374 ἵνα
2752 2321 2825 2393 μὴ
2865 2321 3320 2394 σφαιροκύλιστον
3353 2325 3665 2393 καταστήσῃ
3696 2323 3816 2374 αὑτὸν

2278 2411 2560 2466 διαθέοντα
2588 2430 2601 2443 ·
2632 2413 2728 2466 καὶ
2757 2413 2939 2478 πάλιν,
2982 2414 3091 2468 Καὶ
3121 2413 3326 2482 αὐτὸς,
3371 2415 3562 2485 φησὶν,
3598 2415 3670 2480 ὡς
3705 2432 3817 2481 νυμ-

2279 2504 2449 2572 ςρίος,
2487 2505 2620 2568 οὐκ,
2672 2505 3072 2576 ἀνερχόμενος,
3126 2505 3242 2558 ἀλλ’
3289 2506 3739 2576 ἐκπορευόμενος
3765 2507 3814 2558 ἐκ

2280 2596 2516 2651 παστοῦ
2554 2596 2762 2650 αὐτοῦ.
2818 2597 2991 2660 Αὐτὸς
3033 2596 3314 2668 θεηγορῶν
3360 2599 3390 2649 ό
3438 2597 3656 2667 Κύριος.

2280 2687 2503 2752 στελεῖ,
2524 2689 2677 2759 φησὶ,
2705 2688 2848 2754 τοὺς
2881 2687 3176 2758 ἀγγέλους
3202 2689 3410 2752 αὐτοῦ,
3441 2689 3591 2758 μετὰ
3615 2687 3813 2755 σάλπη-ς

2279 2799 2386 2850 γος
2441 2780 2540 2836 καὶ
2593 2779 2798 2850 φωνῆς
2838 2779 3138 2850 μεγάλης,
3192 2781 3291 2834 καὶ
3340 2782 3674 2845 συνάξουσι
3712 2781 3812 2841 τοὺς

2280 2871 2604 2936 ἐκλεκτοὺς
2660 2872 2762 2926 ἀπ’
2812 2871 3001 2940 ἄκρου
3047 2871 3154 2926 τοῦ
3207 2872 3469 2941 οὐρανοῦ
3521 2873 3629 2940 ἕως
3673 2872 3812 2940 ἁλί-(υ

2281 2963 2493 3017 αὐτοῦ.

2871 3034 3122 3087 uerat:
3152 3034 3266 3102 te.

2346 3123 2469 3188 Πῶς
2503 3120 2594 3178 οὖν
2627 3124 2774 3178 δύνει
2814 3127 2842 3180 6
2873 3126 3056 3197 ἣλιος,
3105 3129 3154 3181 εί
3189 3127 3262 3199 μὴ
3324 3128 3430 3181 ὑπὸ
3464 3129 3570 3196 γῆν
3607 3131 3807 3199 φέρεταις

2284 3217 2378 3270 καὶ
2397 3216 2478 3281 τίς
2509 3217 2670 3282 τόπος
2697 3219 2726 3270 ὁ
2757 3217 2854 3282 τὰς
2883 3220 3111 3284 ἀκτῖνας
3140 3220 3306 3274 αὑτοῦ
3336 3221 3573 3286 σκιάζων
3599 3239 3612 3288 ;

2895 3376 3252 3447 Ἀπόκρισις.

2366 3468 2740 3539 Ὠκυποδήσας
2789 3469 2859 3522 τά
2903 3469 3132 3540 οὐράνια
3161 3469 3406 3540 τέρματα
3426 3511 3439 3534 ,
3479 3471 3569 3524 καὶ
3600 3470 3690 3524 ὑπό
3720 3486 3807 3520 τινι

2284 3561 2462 3630 τοῖχον
2483 3599 2498 3622 ,
2529 3559 2592 3613 τὸ
2629 3559 2838 3631 βόρειον
2871 3560 3160 3631 γενόμενον
3187 3561 3357 3632 κλῖμα
3377 3601 3391 3625 ,
3427 3561 3807 3634 ὑπερανεατώτςς

2283 3651 2380 3706 τοῦ
2425 3651 2810 3705 Καππαδοκῶν
2853 3651 3120 3721 ἐδάφους,
3183 3653 3573 3718 ἀποσκιάζεται
3613 3655 3696 3724 μὲν
3735 3653 3808 3720 τὴν

2285 3742 2574 3814 ἀστραπὴν
2605 3741 2713 3796 τῶν
2744 3742 2981 3797 ἀκτίνων
3011 3745 3132 3808 ταῖς
3159 3741 3390 3814 λόχμαις
3425 3746 3516 3796 καὶ
3543 3746 3644 3807 τοῖς
3673 3743 3804 3799 ὕδασι.

2284 3833 2363 3906 τῷ
2395 3833 2789 3906 ὑπερτεροῦντι
2834 3834 3052 3906 πιεσμῷ
3083 3835 3176 3888 τοῦ
3209 3834 3603 3906 στερεὼματος,
3629 3832 3801 3886 διακλω-

2287 3924 2466 3996 μένων
2491 3923 2600 3977 τῶν
2619 3924 3000 3996 μαρμαρυγῶν
3015 3923 3110 3977 ἐπὶ
3138 3923 3207 3978 τά
3231 3923 3456 3992 πλάγια,
3487 3925 3578 3978 καὶ
3603 3927 3658 3993 τῇ
3676 3923 3802 3989 tias?-

2283 4020 2384 4089 0Χῇ
2422 4020 2521 4088 τῆς
2568 4017 2765 4089 χέρσου
2801 4017 2902 4087 τὴν
2931 4016 3134 4086 ψαῦσιν
3181 4017 3502 4088 εἰργόμενος
3527 4058 3540 4079 ,
3581 4016 3700 4068 κατὰ
3736 4013 3802 4079 τὴν

2287 4109 2710 4181 προεκδοθεῖσαν
2732 4110 2918 4164 εἰκόνα
2937 4110 3040 4180 τῆς
3073 4110 3200 4180 παρ’
3224 4111 3357 4180 ἡμῖν
3378 4109 3646 4177 λαμπάδος
3662 4125 3674 4137 ·
3703 4109 3798 4159 ἄνευ·

2286 4202 2378 4257 θεν
2419 4202 2640 4274 τηγάνῳ
2677 4203 2930 4274 ὀστράκῳ
2971 4203 3080 4257 τινὶ
3126 4202 3219 4256 τοῦ
3269 4203 3478 4274 πυραοῦ
3521 4201 3799 4271 πιεζομένου.

2288 4295 2383 4348 καὶ
2415 4293 2726 4367 ἔμπροσθέν
2769 4312 2879 4348 τινι
2924 4295 3282 4366 σκιαζομένου
3309 4334 3324 4359 ,
3358 4297 3452 4349 ἐπὶ
3486 4297 3547 4348 τὸ
3581 4293 3800 4360 ἐλεύθερον

2284 4385 2468 4440 λοιπὸν
2522 4385 2630 4441 τῶν
2679 4385 2924 4455 πλαγίων
2979 4389 3078 4458 τῆς
3119 4387 3505 4459 λαμπρότητος
3557 4384 3798 4458 χωρούσης.

2284 4478 2710 4550 Καταλαμϐάνει
2760 4471 2915 4542 οὗτος
2946 4480 2975 4533 ό
3026 4479 3252 4551 φωστὴρ
3285 4479 3385 4552 τὴν
3429 4480 3586 4550 ἑῴαν,
3613 4476 3799 4548 κρύῦδῃν

2284 4569 2556 4640 περιθέων
2589 4568 2651 4622 τὸ
2678 4568 2888 4640 βόρειον
2927 4569 3092 4640 μέρος
3116 4585 3130 4598 ·
3181 4571 3280 4624 καὶ
3316 4570 3526 4643 μάρτυς
3551 4571 3662 4641 ἡμῖν
3682 4566 3797 4631 άξιάσ

2283 4676 2484 4727 γαστος
2529 4660 2559 4711 ὁ
2602 4658 2712 4712 τῶν
2757 4658 2917 4713 θείων
2969 4660 3132 4730 σοφὸς
3180 4660 3451 4731 Σολομῶν.
3523 4659 3794 4716 Ἀνατέλλει

2281 4751 2410 4821 γὰρ,
2441 4753 2627 4822 φησὶν,
2660 4755 2694 4806 ό
2718 4751 2890 4819 ἣλιος
2919 4754 3015 4807 καὶ
3037 4753 3594 4810 δύνενὰνατέλιωγ
3607 4753 3789 4819 ,τορεύε-

2280 4861 2375 4897 ται
2408 4842 2560 4896 κατὰ
2579 4843 2783 4910 δύσιν,
2807 4844 2906 4899 καὶ
2930 4843 3174 4900 κυκλῶν
3193 4847 3418 4900 κυκλοῖ
3437 4848 3581 4916 πρὸς
3595 4839 3787 4912 ﬂorifer.

2280 4932 2380 4986 καὶ
2413 4934 2502 4999 εις
2528 4931 2638 4987 τὸν
2684 4933 2872 4988 τόπον
2899 4935 3086 4991 αὐτοῦ
3114 4937 3299 4992 ἕλκει.
3337 4938 3526 5010 Ἀθρει
3625 4932 3699 4989 οὖν
3720 4932 3791 4984 αὖ·

2280 5028 2371 5082 τὺν
2410 5027 2509 5100 τὴν
2559 5028 2907 5101 μεσημϐρίαν
2942 5031 3224 5086 διαθέοντα
3245 5072 3260 5096 ,
3294 5034 3389 5086 καὶ
3421 5036 3508 5088 τὸν
3534 5031 3698 5104 βορρᾶν
3720 5044 3789 5079 In»

2281 5117 2533 5185 κλοῦντα,
2561 5119 2649 5174 ῖνα
2681 5121 3082 5193 ἐμπροθέσμως
3110 5124 3203 5177 ἐπὶ
3234 5123 3374 5195 seu;
3399 5125 3623 5195 γένηται.

2889 5215 3140 5269 ΠΕΥΣΙΣ
3173 5217 3252 5270 P’.

2353 5303 2414 5356 Ei.
2451 5304 2730 5370 ἄπαυστος
2770 5306 2934 5360 αὑτοῦ
2978 5309 3127 5362 ἐστιν
3159 5309 3188 5362 ὁ
3223 5308 3456 5381 δρόμος,
3506 5307 3607 5372 πῶς
3643 5304 3785 5374 θέρκς

2282 5395 2383 5464 μὲν
2417 5398 2658 5466 μεγάλας
2695 5400 2827 5470 ἡμῖν
2854 5399 2953 5464 τὰς
2981 5399 3194 5471 ἡμέρας
3220 5401 3507 5472 ἐργάζεται
3525 5442 3537 5464 ,
3579 5395 3782 5470 χειμῶνας

2281 5486 2338 5540 δὲ
2380 5490 2708 5562 μικροτέρας
2732 5508 2747 5558 ;

2892 5564 3255 5634 Ἀπόκρισις.

2361 5649 2514 5704 Ἐπεὶ
2533 5650 2632 5705 οὐκ
2656 5653 2761 5706 ἀπὶ
2791 5652 2884 5708 τοῦ
2913 5654 3078 5708 αὐτοῦ
3106 5657 3335 5727 κέντρου
3358 5657 3442 5710 ἀεὶ
3460 5654 3685 5727 πρόεισιν,
3695 5642 3780 5700 ἀλλ’

2269 5793 2309 5822 ⁷¹
2356 5791 2498 5848 I‘sal.
2555 5809 2708 5859 xvm,
2754 5795 2805 5850 7.
2883 5798 2926 5828 τ’
2970 5795 3100 5850 ibid.
3135 5797 3189 5852 6.
3266 5799 3312 5829 ⁷³
3350 5794 3527 5850 Mattb.
3557 5805 3678 5852 xm.
3713 5781 3778 5836 δίο
