  <div class='ocr_page' id='page_1' title='image "/cluster/home/n/w/nwhite01/storage/ocr_20150623/38/hvd.32044014674576/492.png"; bbox 0 0 3874 6562; ppageno 0'>
   <div class='ocr_carea' id='block_1_1' title="bbox 119 380 212 437">
    <p class='ocr_par' dir='ltr' id='par_1_1' title="bbox 119 380 212 437">
     <span class='ocr_line' id='line_1_1' title="bbox 119 380 212 437; baseline 0 0"><span class='ocrx_word' id='word_1_1' title='bbox 119 380 212 437; x_wconf 63' lang='lat'><strong>965</strong></span> 
     </span>
    </p>
   </div>
   <div class='ocr_carea' id='block_1_2' title="bbox 122 494 1678 571">
    <p class='ocr_par' dir='ltr' id='par_1_2' title="bbox 122 494 1678 571">
     <span class='ocr_line' id='line_1_2' title="bbox 122 494 1678 571; baseline 0.002 -21"><span class='ocrx_word' id='word_1_2' title='bbox 122 500 266 568; x_wconf 73' lang='grc' dir='ltr'>ἐγγὺς</span> <span class='ocrx_word' id='word_1_3' title='bbox 291 496 389 567; x_wconf 83' lang='grc' dir='ltr'>τὴν</span> <span class='ocrx_word' id='word_1_4' title='bbox 426 494 774 566; x_wconf 70' lang='grc' dir='ltr'>μεσημϐρίαν</span> <span class='ocrx_word' id='word_1_5' title='bbox 816 497 1138 568; x_wconf 83' lang='grc' dir='ltr'>γενόμενος,</span> <span class='ocrx_word' id='word_1_6' title='bbox 1186 500 1248 553; x_wconf 74' lang='grc' dir='ltr'>οὐ</span> <span class='ocrx_word' id='word_1_7' title='bbox 1300 497 1400 571; x_wconf 84' lang='grc' dir='ltr'>τὴν</span> <span class='ocrx_word' id='word_1_8' title='bbox 1445 499 1678 571; x_wconf 76' lang='grc' dir='ltr'>ὑψηλὴν,</span> 
     </span>
    </p>
   </div>
   <div class='ocr_carea' id='block_1_3' title="bbox 122 591 1683 666">
    <p class='ocr_par' dir='ltr' id='par_1_3' title="bbox 122 591 1683 666">
     <span class='ocr_line' id='line_1_3' title="bbox 122 591 1683 666; baseline -0.002 -18"><span class='ocrx_word' id='word_1_9' title='bbox 122 595 236 648; x_wconf 73' lang='grc' dir='ltr'>ἀλλὰ</span> <span class='ocrx_word' id='word_1_10' title='bbox 282 593 381 663; x_wconf 83' lang='grc' dir='ltr'>τὴν</span> <span class='ocrx_word' id='word_1_11' title='bbox 422 591 660 659; x_wconf 84' lang='grc' dir='ltr'>πλαγίαν</span> <span class='ocrx_word' id='word_1_12' title='bbox 701 592 903 657; x_wconf 77' lang='grc' dir='ltr'>ἐλθὼν,</span> <span class='ocrx_word' id='word_1_13' title='bbox 954 593 1293 666; x_wconf 82' lang='grc' dir='ltr'><strong>βραχυτέρας</strong></span> <span class='ocrx_word' id='word_1_14' title='bbox 1326 594 1426 657; x_wconf 88' lang='grc' dir='ltr'><strong>τάς</strong></span> <span class='ocrx_word' id='word_1_15' title='bbox 1470 594 1683 665; x_wconf 77' lang='grc' dir='ltr'>ἡμέρας</span> 
     </span>
    </p>
   </div>
   <div class='ocr_carea' id='block_1_4' title="bbox 123 684 1680 758">
    <p class='ocr_par' dir='ltr' id='par_1_4' title="bbox 123 684 1680 758">
     <span class='ocr_line' id='line_1_4' title="bbox 123 684 1680 758; baseline -0.002 -18"><span class='ocrx_word' id='word_1_16' title='bbox 123 685 411 758; x_wconf 76' lang='grc' dir='ltr'><strong>ἐργάζεται.</strong></span> <span class='ocrx_word' id='word_1_17' title='bbox 434 684 606 747; x_wconf 89' lang='grc' dir='ltr'>Δύνας</span> <span class='ocrx_word' id='word_1_18' title='bbox 633 684 691 738; x_wconf 81' lang='grc' dir='ltr'>δὲ</span> <span class='ocrx_word' id='word_1_19' title='bbox 712 684 793 756; x_wconf 83' lang='grc' dir='ltr'>τῷ</span> <span class='ocrx_word' id='word_1_20' title='bbox 820 686 973 756; x_wconf 82' lang='grc' dir='ltr'>ἄκρῳ</span> <span class='ocrx_word' id='word_1_21' title='bbox 998 686 1093 739; x_wconf 81' lang='grc' dir='ltr'>τοῦ</span> <span class='ocrx_word' id='word_1_22' title='bbox 1119 686 1373 758; x_wconf 78' lang='grc' dir='ltr'><strong>ἑσπερίου</strong></span> <span class='ocrx_word' id='word_1_23' title='bbox 1398 685 1680 755; x_wconf 79' lang='grc' dir='ltr'><strong>κλίματος,</strong></span> 
     </span>
    </p>
   </div>
   <div class='ocr_carea' id='block_1_5' title="bbox 123 776 1680 848">
    <p class='ocr_par' dir='ltr' id='par_1_5' title="bbox 123 776 1680 848">
     <span class='ocr_line' id='line_1_5' title="bbox 123 776 1680 848; baseline 0.001 -19"><span class='ocrx_word' id='word_1_24' title='bbox 123 779 286 830; x_wconf 78' lang='grc' dir='ltr'>κυκλοί</span> <span class='ocrx_word' id='word_1_25' title='bbox 305 777 395 829; x_wconf 75' lang='grc' dir='ltr'>διὰ</span> <span class='ocrx_word' id='word_1_26' title='bbox 417 778 521 846; x_wconf 83' lang='grc' dir='ltr'><strong>τῆς</strong></span> <span class='ocrx_word' id='word_1_27' title='bbox 546 776 739 839; x_wconf 80' lang='grc' dir='ltr'>νυκτὸς</span> <span class='ocrx_word' id='word_1_28' title='bbox 764 778 945 829; x_wconf 83' lang='grc' dir='ltr'>πᾶσαν</span> <span class='ocrx_word' id='word_1_29' title='bbox 985 778 1086 847; x_wconf 82' lang='grc' dir='ltr'>τὴν</span> <span class='ocrx_word' id='word_1_30' title='bbox 1113 778 1265 833; x_wconf 86' lang='grc' dir='ltr'>δύσιν</span> <span class='ocrx_word' id='word_1_31' title='bbox 1297 778 1391 833; x_wconf 71' lang='grc' dir='ltr'>καὶ</span> <span class='ocrx_word' id='word_1_32' title='bbox 1426 779 1680 848; x_wconf 82' lang='grc' dir='ltr'>Ἀρκτον,</span> 
     </span>
    </p>
   </div>
   <div class='ocr_carea' id='block_1_6' title="bbox 121 866 1683 939">
    <p class='ocr_par' dir='ltr' id='par_1_6' title="bbox 121 866 1683 939">
     <span class='ocr_line' id='line_1_6' title="bbox 121 866 1683 939; baseline -0.001 -18"><span class='ocrx_word' id='word_1_33' title='bbox 121 870 197 921; x_wconf 75' lang='grc' dir='ltr'>καὶ</span> <span class='ocrx_word' id='word_1_34' title='bbox 220 868 313 937; x_wconf 79' lang='grc' dir='ltr'>τὴν</span> <span class='ocrx_word' id='word_1_35' title='bbox 343 866 511 936; x_wconf 79' lang='grc' dir='ltr'>ἑῴαν,</span> <span class='ocrx_word' id='word_1_36' title='bbox 552 867 704 930; x_wconf 79' lang='grc' dir='ltr'>ὅπως</span> <span class='ocrx_word' id='word_1_37' title='bbox 741 866 924 939; x_wconf 83' lang='grc' dir='ltr'><strong>φθάσῃ</strong></span> <span class='ocrx_word' id='word_1_38' title='bbox 968 868 1132 921; x_wconf 87' lang='grc' dir='ltr'>πάλιν</span> <span class='ocrx_word' id='word_1_39' title='bbox 1164 869 1225 922; x_wconf 84' lang='grc' dir='ltr'>τὸ</span> <span class='ocrx_word' id='word_1_40' title='bbox 1263 868 1430 939; x_wconf 81' lang='grc' dir='ltr'>ἄκρον</span> <span class='ocrx_word' id='word_1_41' title='bbox 1455 869 1555 937; x_wconf 79' lang='grc' dir='ltr'>τῆς</span> <span class='ocrx_word' id='word_1_42' title='bbox 1588 885 1683 938; x_wconf 85' lang='grc' dir='ltr'>με-</span> 
     </span>
    </p>
   </div>
   <div class='ocr_carea' id='block_1_7' title="bbox 120 958 1682 1032">
    <p class='ocr_par' dir='ltr' id='par_1_7' title="bbox 120 958 1682 1032">
     <span class='ocr_line' id='line_1_7' title="bbox 120 958 1682 1032; baseline 0.001 -22"><span class='ocrx_word' id='word_1_43' title='bbox 120 958 407 1029; x_wconf 78' lang='grc' dir='ltr'>σημϐρίας,</span> <span class='ocrx_word' id='word_1_44' title='bbox 464 958 675 1011; x_wconf 79' lang='grc' dir='ltr'>ἐκεῖθεν</span> <span class='ocrx_word' id='word_1_45' title='bbox 723 958 886 1012; x_wconf 84' lang='grc' dir='ltr'>πάλιν</span> <span class='ocrx_word' id='word_1_46' title='bbox 937 960 1037 1030; x_wconf 81' lang='grc' dir='ltr'>τῆς</span> <span class='ocrx_word' id='word_1_47' title='bbox 1090 961 1362 1032; x_wconf 77' lang='grc' dir='ltr'><strong>ἡμερινῆς</strong></span> <span class='ocrx_word' id='word_1_48' title='bbox 1403 959 1682 1031; x_wconf 82' lang='grc' dir='ltr'><strong>ὠκύτητος</strong></span> 
     </span>
    </p>
   </div>
   <div class='ocr_carea' id='block_1_8' title="bbox 119 1049 1681 1123">
    <p class='ocr_par' dir='ltr' id='par_1_8' title="bbox 119 1049 1681 1123">
     <span class='ocr_line' id='line_1_8' title="bbox 119 1049 1681 1123; baseline 0.001 -20"><span class='ocrx_word' id='word_1_49' title='bbox 119 1050 416 1123; x_wconf 72' lang='grc' dir='ltr'>ἀρχόμενος.</span> <span class='ocrx_word' id='word_1_50' title='bbox 463 1049 626 1101; x_wconf 86' lang='grc' dir='ltr'>Ὅθεν</span> <span class='ocrx_word' id='word_1_51' title='bbox 664 1051 893 1114; x_wconf 84' lang='grc' dir='ltr'><strong>εἰκότως</strong></span> <span class='ocrx_word' id='word_1_52' title='bbox 931 1051 1218 1120; x_wconf 77' lang='grc' dir='ltr'>συμϐαίνει</span> <span class='ocrx_word' id='word_1_53' title='bbox 1247 1052 1347 1121; x_wconf 84' lang='grc' dir='ltr'>τὴν</span> <span class='ocrx_word' id='word_1_54' title='bbox 1374 1050 1546 1105; x_wconf 86' lang='grc' dir='ltr'>νύκτα</span> <span class='ocrx_word' id='word_1_55' title='bbox 1574 1067 1681 1121; x_wconf 89' lang='grc' dir='ltr'>μη-</span> 
     </span>
    </p>
   </div>
   <div class='ocr_carea' id='block_1_9' title="bbox 119 1140 1683 1213">
    <p class='ocr_par' dir='ltr' id='par_1_9' title="bbox 119 1140 1683 1213">
     <span class='ocr_line' id='line_1_9' title="bbox 119 1140 1683 1213; baseline 0.003 -20"><span class='ocrx_word' id='word_1_56' title='bbox 119 1143 369 1201; x_wconf 76' lang='grc' dir='ltr'>κύνεσθαι.</span> <span class='ocrx_word' id='word_1_57' title='bbox 402 1140 505 1211; x_wconf 80' lang='grc' dir='ltr'>τὴν</span> <span class='ocrx_word' id='word_1_58' title='bbox 542 1141 601 1193; x_wconf 85' lang='grc' dir='ltr'>δὲ</span> <span class='ocrx_word' id='word_1_59' title='bbox 629 1141 845 1212; x_wconf 81' lang='grc' dir='ltr'>ἡμέραν</span> <span class='ocrx_word' id='word_1_60' title='bbox 879 1141 1264 1213; x_wconf 88' lang='grc' dir='ltr'>βραχύνεσθαι.</span> <span class='ocrx_word' id='word_1_61' title='bbox 1292 1144 1460 1198; x_wconf 85' lang='grc' dir='ltr'>Ὅταν</span> <span class='ocrx_word' id='word_1_62' title='bbox 1482 1145 1541 1197; x_wconf 86' lang='grc' dir='ltr'>δὲ</span> <span class='ocrx_word' id='word_1_63' title='bbox 1573 1146 1683 1198; x_wconf 93' lang='grc' dir='ltr'>ίσο-</span> 
     </span>
    </p>
   </div>
   <div class='ocr_carea' id='block_1_10' title="bbox 119 1230 1680 1306">
    <p class='ocr_par' dir='ltr' id='par_1_10' title="bbox 119 1230 1680 1306">
     <span class='ocr_line' id='line_1_10' title="bbox 119 1230 1680 1306; baseline 0.005 -26"><span class='ocrx_word' id='word_1_64' title='bbox 119 1230 276 1300; x_wconf 72' lang='grc' dir='ltr'>μερὼς</span> <span class='ocrx_word' id='word_1_65' title='bbox 326 1230 420 1282; x_wconf 71' lang='grc' dir='ltr'><strong>διὰ</strong></span> <span class='ocrx_word' id='word_1_66' title='bbox 472 1230 636 1299; x_wconf 81' lang='grc' dir='ltr'><strong>μέσου</strong></span> <span class='ocrx_word' id='word_1_67' title='bbox 688 1231 981 1302; x_wconf 84' lang='grc' dir='ltr'>ἱππηλατεῖ</span> <span class='ocrx_word' id='word_1_68' title='bbox 1009 1232 1102 1285; x_wconf 81' lang='grc' dir='ltr'>τὸν</span> <span class='ocrx_word' id='word_1_69' title='bbox 1130 1234 1342 1301; x_wconf 78' lang='grc' dir='ltr'>αἰθέρα,</span> <span class='ocrx_word' id='word_1_70' title='bbox 1392 1234 1680 1306; x_wconf 78' lang='grc' dir='ltr'><strong>ἰσημερίαν</strong></span> 
     </span>
    </p>
   </div>
   <div class='ocr_carea' id='block_1_11' title="bbox 116 1322 1678 1396">
    <p class='ocr_par' dir='ltr' id='par_1_11' title="bbox 116 1322 1678 1396">
     <span class='ocr_line' id='line_1_11' title="bbox 116 1322 1678 1396; baseline 0.004 -22"><span class='ocrx_word' id='word_1_71' title='bbox 116 1322 400 1392; x_wconf 74' lang='grc' dir='ltr'>ἐργάζεται.</span> <span class='ocrx_word' id='word_1_72' title='bbox 450 1322 657 1392; x_wconf 84' lang='grc' dir='ltr'>Θέρους</span> <span class='ocrx_word' id='word_1_73' title='bbox 699 1323 755 1376; x_wconf 84' lang='grc' dir='ltr'>δὲ</span> <span class='ocrx_word' id='word_1_74' title='bbox 792 1324 956 1379; x_wconf 78' lang='grc' dir='ltr'>πάλιν</span> <span class='ocrx_word' id='word_1_75' title='bbox 998 1325 1186 1388; x_wconf 85' lang='grc' dir='ltr'>κλίνας</span> <span class='ocrx_word' id='word_1_76' title='bbox 1226 1326 1320 1379; x_wconf 77' lang='grc' dir='ltr'>ἐπὶ</span> <span class='ocrx_word' id='word_1_77' title='bbox 1361 1326 1422 1380; x_wconf 85' lang='grc' dir='ltr'><strong>τὺ</strong></span> <span class='ocrx_word' id='word_1_78' title='bbox 1469 1326 1678 1396; x_wconf 90' lang='grc' dir='ltr'>βόρειον</span> 
     </span>
    </p>
   </div>
   <div class='ocr_carea' id='block_1_12' title="bbox 116 1412 1679 1492">
    <p class='ocr_par' dir='ltr' id='par_1_12' title="bbox 116 1412 1679 1492">
     <span class='ocr_line' id='line_1_12' title="bbox 116 1412 1679 1492; baseline 0.004 -28"><span class='ocrx_word' id='word_1_79' title='bbox 116 1412 335 1480; x_wconf 57' lang='grc' dir='ltr'>ὑψοῦται,</span> <span class='ocrx_word' id='word_1_80' title='bbox 362 1414 470 1481; x_wconf 80' lang='grc' dir='ltr'>τῆς</span> <span class='ocrx_word' id='word_1_81' title='bbox 501 1414 599 1483; x_wconf 85' lang='grc' dir='ltr'>μὲν</span> <span class='ocrx_word' id='word_1_82' title='bbox 630 1415 823 1479; x_wconf 84' lang='grc' dir='ltr'>νυκτὸς</span> <span class='ocrx_word' id='word_1_83' title='bbox 855 1416 1281 1487; x_wconf 68' lang='grc' dir='ltr'>ὑφαιρούμενος,</span> <span class='ocrx_word' id='word_1_84' title='bbox 1312 1420 1378 1488; x_wconf 83' lang='grc' dir='ltr'><strong>τῇ</strong></span> <span class='ocrx_word' id='word_1_85' title='bbox 1408 1418 1464 1470; x_wconf 85' lang='grc' dir='ltr'>δὲ</span> <span class='ocrx_word' id='word_1_86' title='bbox 1496 1418 1679 1492; x_wconf 77' lang='grc' dir='ltr'>ἡμέρᾳ</span> 
     </span>
    </p>
   </div>
   <div class='ocr_carea' id='block_1_13' title="bbox 114 1504 1673 1580">
    <p class='ocr_par' dir='ltr' id='par_1_13' title="bbox 114 1504 1673 1580">
     <span class='ocr_line' id='line_1_13' title="bbox 114 1504 1673 1580; baseline 0.006 -25"><span class='ocrx_word' id='word_1_87' title='bbox 114 1504 515 1574; x_wconf 70' lang='grc' dir='ltr'>προστιθέμενος</span> <span class='ocrx_word' id='word_1_88' title='bbox 534 1505 621 1558; x_wconf 67' lang='grc' dir='ltr'>διὰ</span> <span class='ocrx_word' id='word_1_89' title='bbox 640 1506 733 1559; x_wconf 78' lang='grc' dir='ltr'>τοῦ</span> <span class='ocrx_word' id='word_1_90' title='bbox 755 1506 1089 1580; x_wconf 81' lang='grc' dir='ltr'>βραχυτέρου</span> <span class='ocrx_word' id='word_1_91' title='bbox 1110 1510 1169 1561; x_wconf 82' lang='grc' dir='ltr'>ὲν</span> <span class='ocrx_word' id='word_1_92' title='bbox 1187 1512 1253 1579; x_wconf 81' lang='grc' dir='ltr'>τῇ</span> <span class='ocrx_word' id='word_1_93' title='bbox 1279 1511 1432 1563; x_wconf 77' lang='grc' dir='ltr'>νυκτὶ</span> <span class='ocrx_word' id='word_1_94' title='bbox 1449 1510 1673 1564; x_wconf 77' lang='grc' dir='ltr'>κύκλου.</span> 
     </span>
    </p>
   </div>
   <div class='ocr_carea' id='block_1_14' title="bbox 124 1595 1679 1670">
    <p class='ocr_par' dir='ltr' id='par_1_14' title="bbox 124 1595 1679 1670">
     <span class='ocr_line' id='line_1_14' title="bbox 124 1595 1679 1670; baseline 0.006 -24"><span class='ocrx_word' id='word_1_95' title='bbox 124 1597 171 1647; x_wconf 91' lang='lat' dir='ltr'><strong>&#39;ll</strong></span> <span class='ocrx_word' id='word_1_96' title='bbox 193 1595 242 1646; x_wconf 76' lang='grc' dir='ltr'>δὲ</span> <span class='ocrx_word' id='word_1_97' title='bbox 281 1595 510 1666; x_wconf 79' lang='grc' dir='ltr'>σελήνη,</span> <span class='ocrx_word' id='word_1_98' title='bbox 551 1597 611 1650; x_wconf 80' lang='grc' dir='ltr'><strong>ού</strong></span> <span class='ocrx_word' id='word_1_99' title='bbox 643 1598 845 1651; x_wconf 86' lang='grc' dir='ltr'>τέλειον</span> <span class='ocrx_word' id='word_1_100' title='bbox 875 1600 1170 1670; x_wconf 87' lang='grc' dir='ltr'>μειουμένη</span> <span class='ocrx_word' id='word_1_101' title='bbox 1203 1600 1502 1666; x_wconf 85' lang='grc' dir='ltr'>ἁλίσκεται,</span> <span class='ocrx_word' id='word_1_102' title='bbox 1542 1602 1679 1657; x_wconf 90' lang='grc' dir='ltr'><strong>ἀλλά</strong></span> 
     </span>
    </p>
   </div>
   <div class='ocr_carea' id='block_1_15' title="bbox 118 1686 1677 1765">
    <p class='ocr_par' dir='ltr' id='par_1_15' title="bbox 118 1686 1677 1765">
     <span class='ocr_line' id='line_1_15' title="bbox 118 1686 1677 1765; baseline 0.004 -25"><span class='ocrx_word' id='word_1_103' title='bbox 118 1687 367 1750; x_wconf 69' lang='grc' dir='ltr'>σκιάζεται</span> <span class='ocrx_word' id='word_1_104' title='bbox 395 1686 498 1740; x_wconf 82' lang='grc' dir='ltr'><strong>τοῦ</strong></span> <span class='ocrx_word' id='word_1_105' title='bbox 526 1687 713 1741; x_wconf 85' lang='grc' dir='ltr'>δίσκου</span> <span class='ocrx_word' id='word_1_106' title='bbox 739 1687 880 1742; x_wconf 86' lang='grc' dir='ltr'><strong>κατά</strong></span> <span class='ocrx_word' id='word_1_107' title='bbox 914 1690 1101 1760; x_wconf 83' lang='grc' dir='ltr'>μέρος,</span> <span class='ocrx_word' id='word_1_108' title='bbox 1134 1687 1227 1744; x_wconf 79' lang='grc' dir='ltr'>καὶ</span> <span class='ocrx_word' id='word_1_109' title='bbox 1264 1691 1410 1746; x_wconf 81' lang='grc' dir='ltr'>ἑστιν</span> <span class='ocrx_word' id='word_1_110' title='bbox 1438 1692 1677 1765; x_wconf 78' lang='grc' dir='ltr'>ἀθρῆσαι</span> 
     </span>
    </p>
   </div>
   <div class='ocr_carea' id='block_1_16' title="bbox 115 1778 1677 1851">
    <p class='ocr_par' dir='ltr' id='par_1_16' title="bbox 115 1778 1677 1851">
     <span class='ocr_line' id='line_1_16' title="bbox 115 1778 1677 1851; baseline 0.006 -23"><span class='ocrx_word' id='word_1_111' title='bbox 115 1778 377 1844; x_wconf 63' lang='grc' dir='ltr'>φθίνουσαν</span> <span class='ocrx_word' id='word_1_112' title='bbox 404 1778 583 1850; x_wconf 80' lang='grc' dir='ltr'>αὐτὴν</span> <span class='ocrx_word' id='word_1_113' title='bbox 612 1779 708 1833; x_wconf 73' lang='grc' dir='ltr'>καὶ</span> <span class='ocrx_word' id='word_1_114' title='bbox 734 1779 1009 1850; x_wconf 86' lang='grc' dir='ltr'>λήγουσαν</span> <span class='ocrx_word' id='word_1_115' title='bbox 1030 1780 1139 1833; x_wconf 81' lang='grc' dir='ltr'><strong>ὑπὸ</strong></span> <span class='ocrx_word' id='word_1_116' title='bbox 1170 1782 1230 1834; x_wconf 82' lang='grc' dir='ltr'>τὸ</span> <span class='ocrx_word' id='word_1_117' title='bbox 1263 1781 1424 1851; x_wconf 76' lang='grc' dir='ltr'>νέφος</span> <span class='ocrx_word' id='word_1_118' title='bbox 1459 1784 1677 1849; x_wconf 75' lang='grc' dir='ltr'>σκιαζο-</span> 
     </span>
    </p>
   </div>
   <div class='ocr_carea' id='block_1_17' title="bbox 118 1862 1676 1941">
    <p class='ocr_par' dir='ltr' id='par_1_17' title="bbox 118 1862 1676 1941">
     <span class='ocr_line' id='line_1_17' title="bbox 118 1862 1676 1941; baseline 0.005 -22"><span class='ocrx_word' id='word_1_119' title='bbox 118 1869 277 1936; x_wconf 74' lang='grc' dir='ltr'>μένην,</span> <span class='ocrx_word' id='word_1_120' title='bbox 308 1862 425 1920; x_wconf 72' lang='grc' dir='ltr'>οἷον</span> <span class='ocrx_word' id='word_1_121' title='bbox 472 1867 656 1921; x_wconf 74' lang='grc' dir='ltr'>εἰκόνα</span> <span class='ocrx_word' id='word_1_122' title='bbox 689 1870 1152 1940; x_wconf 84' lang='grc' dir='ltr'>παραπετάσματι</span> <span class='ocrx_word' id='word_1_123' title='bbox 1184 1870 1471 1941; x_wconf 79' lang='grc' dir='ltr'>βόμϐυκος.</span> <span class='ocrx_word' id='word_1_124' title='bbox 1508 1874 1676 1928; x_wconf 89' lang='grc' dir='ltr'>Πάλιν</span> 
     </span>
    </p>
   </div>
   <div class='ocr_carea' id='block_1_18' title="bbox 112 1960 1674 2038">
    <p class='ocr_par' dir='ltr' id='par_1_18' title="bbox 112 1960 1674 2038">
     <span class='ocr_line' id='line_1_18' title="bbox 112 1960 1674 2038; baseline 0.005 -26"><span class='ocrx_word' id='word_1_125' title='bbox 112 1960 147 2012; x_wconf 81' lang='grc' dir='ltr'>δ’</span> <span class='ocrx_word' id='word_1_126' title='bbox 168 1961 649 2031; x_wconf 60' lang='grc' dir='ltr'>ὲπαμφιεννυμένη</span> <span class='ocrx_word' id='word_1_127' title='bbox 679 1961 739 2013; x_wconf 83' lang='grc' dir='ltr'>τὸ</span> <span class='ocrx_word' id='word_1_128' title='bbox 778 1962 915 2030; x_wconf 78' lang='grc' dir='ltr'>φῶς,</span> <span class='ocrx_word' id='word_1_129' title='bbox 961 1963 1353 2035; x_wconf 87' lang='grc' dir='ltr'>συνελκομένου</span> <span class='ocrx_word' id='word_1_130' title='bbox 1376 1965 1472 2019; x_wconf 83' lang='grc' dir='ltr'><strong>τοῦ</strong></span> <span class='ocrx_word' id='word_1_131' title='bbox 1502 1985 1674 2038; x_wconf 86' lang='grc' dir='ltr'>παρα-</span> 
     </span>
    </p>
   </div>
   <div class='ocr_carea' id='block_1_19' title="bbox 114 2050 1676 2131">
    <p class='ocr_par' dir='ltr' id='par_1_19' title="bbox 114 2050 1676 2131">
     <span class='ocr_line' id='line_1_19' title="bbox 114 2050 1676 2131; baseline 0.007 -30"><span class='ocrx_word' id='word_1_132' title='bbox 114 2051 479 2121; x_wconf 75' lang='grc' dir='ltr'>πληρώματος,</span> <span class='ocrx_word' id='word_1_133' title='bbox 497 2051 653 2122; x_wconf 89' lang='grc' dir='ltr'>δίκην</span> <span class='ocrx_word' id='word_1_134' title='bbox 682 2050 951 2120; x_wconf 86' lang='grc' dir='ltr'>βασιλίδος</span> <span class='ocrx_word' id='word_1_135' title='bbox 969 2055 1233 2125; x_wconf 76' lang='grc' dir='ltr'>πρόεισιν,</span> <span class='ocrx_word' id='word_1_136' title='bbox 1256 2058 1492 2131; x_wconf 82' lang='grc' dir='ltr'>ἐναργὴς</span> <span class='ocrx_word' id='word_1_137' title='bbox 1512 2057 1676 2112; x_wconf 88' lang='grc' dir='ltr'>είκὼν</span> 
     </span>
    </p>
   </div>
   <div class='ocr_carea' id='block_1_20' title="bbox 115 2140 1677 2225">
    <p class='ocr_par' dir='ltr' id='par_1_20' title="bbox 115 2140 1677 2225">
     <span class='ocr_line' id='line_1_20' title="bbox 115 2140 1677 2225; baseline 0.005 -32"><span class='ocrx_word' id='word_1_138' title='bbox 115 2142 406 2211; x_wconf 72' lang='grc' dir='ltr'>ὑπάρχουσα</span> <span class='ocrx_word' id='word_1_139' title='bbox 428 2140 532 2211; x_wconf 82' lang='grc' dir='ltr'>τῆς</span> <span class='ocrx_word' id='word_1_140' title='bbox 563 2141 838 2213; x_wconf 78' lang='grc' dir='ltr'>ἡμετέρας</span> <span class='ocrx_word' id='word_1_141' title='bbox 867 2142 1104 2213; x_wconf 83' lang='grc' dir='ltr'>φύσεως,</span> <span class='ocrx_word' id='word_1_142' title='bbox 1145 2148 1481 2225; x_wconf 85' lang='grc' dir='ltr'>γεννωμένη,</span> <span class='ocrx_word' id='word_1_143' title='bbox 1525 2149 1677 2214; x_wconf 78' lang='grc' dir='ltr'>αὐξο-</span> 
     </span>
    </p>
   </div>
   <div class='ocr_carea' id='block_1_21' title="bbox 117 2237 1673 2312">
    <p class='ocr_par' dir='ltr' id='par_1_21' title="bbox 117 2237 1673 2312">
     <span class='ocr_line' id='line_1_21' title="bbox 117 2237 1673 2312; baseline 0.005 -24"><span class='ocrx_word' id='word_1_144' title='bbox 117 2238 247 2306; x_wconf 77' lang='grc' dir='ltr'>μένη.</span> <span class='ocrx_word' id='word_1_145' title='bbox 270 2237 654 2308; x_wconf 80' lang='grc' dir='ltr'>πληρουμένη,</span> <span class='ocrx_word' id='word_1_146' title='bbox 689 2239 968 2308; x_wconf 78' lang='grc' dir='ltr'>φθίνουσα,</span> <span class='ocrx_word' id='word_1_147' title='bbox 997 2240 1386 2312; x_wconf 79' lang='grc' dir='ltr'>ἐλαττουμένη,</span> <span class='ocrx_word' id='word_1_148' title='bbox 1421 2242 1673 2308; x_wconf 90' lang='grc' dir='ltr'>δύνουσα,</span> 
     </span>
    </p>
   </div>
   <div class='ocr_carea' id='block_1_22' title="bbox 115 2329 1676 2406">
    <p class='ocr_par' dir='ltr' id='par_1_22' title="bbox 115 2329 1676 2406">
     <span class='ocr_line' id='line_1_22' title="bbox 115 2329 1676 2406; baseline 0.006 -26"><span class='ocrx_word' id='word_1_149' title='bbox 115 2329 161 2380; x_wconf 63' lang='grc' dir='ltr'>οὔ</span> <span class='ocrx_word' id='word_1_150' title='bbox 188 2329 357 2382; x_wconf 76' lang='grc' dir='ltr'>τέλεον</span> <span class='ocrx_word' id='word_1_151' title='bbox 412 2331 474 2382; x_wconf 81' lang='grc' dir='ltr'>δὲ</span> <span class='ocrx_word' id='word_1_152' title='bbox 512 2331 882 2401; x_wconf 81' lang='grc' dir='ltr'>ἀπολλυμένη.</span> <span class='ocrx_word' id='word_1_153' title='bbox 934 2333 1337 2403; x_wconf 86' lang='grc' dir='ltr'>Παραπλησίως</span> <span class='ocrx_word' id='word_1_154' title='bbox 1371 2336 1465 2388; x_wconf 79' lang='grc' dir='ltr'>καὶ</span> <span class='ocrx_word' id='word_1_155' title='bbox 1517 2337 1676 2406; x_wconf 81' lang='grc' dir='ltr'>ἡμεῖς</span> 
     </span>
    </p>
   </div>
   <div class='ocr_carea' id='block_1_23' title="bbox 114 2421 1676 2494">
    <p class='ocr_par' dir='ltr' id='par_1_23' title="bbox 114 2421 1676 2494">
     <span class='ocr_line' id='line_1_23' title="bbox 114 2421 1676 2494; baseline 0.004 -22"><span class='ocrx_word' id='word_1_156' title='bbox 114 2422 429 2492; x_wconf 67' lang='grc' dir='ltr'>γεινδὼμεθα,</span> <span class='ocrx_word' id='word_1_157' title='bbox 463 2422 721 2492; x_wconf 75' lang='grc' dir='ltr'>αὔξομεν,</span> <span class='ocrx_word' id='word_1_158' title='bbox 766 2421 1121 2493; x_wconf 81' lang='grc' dir='ltr'>πληρούμεοα</span> <span class='ocrx_word' id='word_1_159' title='bbox 1151 2424 1209 2477; x_wconf 86' lang='grc' dir='ltr'>ὲν</span> <span class='ocrx_word' id='word_1_160' title='bbox 1237 2425 1416 2494; x_wconf 85' lang='grc' dir='ltr'>γήρει,</span> <span class='ocrx_word' id='word_1_161' title='bbox 1452 2425 1552 2479; x_wconf 77' lang='grc' dir='ltr'>εἴθ’</span> <span class='ocrx_word' id='word_1_162' title='bbox 1582 2427 1676 2479; x_wconf 75' lang='grc' dir='ltr'><strong>οὗ·</strong></span> 
     </span>
    </p>
   </div>
   <div class='ocr_carea' id='block_1_24' title="bbox 115 2510 1676 2587">
    <p class='ocr_par' dir='ltr' id='par_1_24' title="bbox 115 2510 1676 2587">
     <span class='ocr_line' id='line_1_24' title="bbox 115 2510 1676 2587; baseline 0.005 -26"><span class='ocrx_word' id='word_1_163' title='bbox 115 2528 199 2572; x_wconf 77' lang='grc' dir='ltr'><strong>τως</strong></span> <span class='ocrx_word' id='word_1_164' title='bbox 221 2511 463 2581; x_wconf 81' lang='grc' dir='ltr'>λήγομεν</span> <span class='ocrx_word' id='word_1_165' title='bbox 486 2514 553 2581; x_wconf 83' lang='grc' dir='ltr'>τῇ</span> <span class='ocrx_word' id='word_1_166' title='bbox 580 2511 700 2582; x_wconf 74' lang='grc' dir='ltr'>ὥρᾳ</span> <span class='ocrx_word' id='word_1_167' title='bbox 724 2512 818 2582; x_wconf 81' lang='grc' dir='ltr'>τῆς</span> <span class='ocrx_word' id='word_1_168' title='bbox 838 2510 1033 2580; x_wconf 72' lang='grc' dir='ltr'>ὅψεως,</span> <span class='ocrx_word' id='word_1_169' title='bbox 1069 2512 1327 2582; x_wconf 86' lang='grc' dir='ltr'>φθίνομεν</span> <span class='ocrx_word' id='word_1_170' title='bbox 1356 2517 1422 2585; x_wconf 83' lang='grc' dir='ltr'><strong>τῇ</strong></span> <span class='ocrx_word' id='word_1_171' title='bbox 1452 2516 1676 2587; x_wconf 64' lang='grc' dir='ltr'>εὐχροίᾳ</span> 
     </span>
    </p>
   </div>
   <div class='ocr_carea' id='block_1_25' title="bbox 116 2602 1672 2677">
    <p class='ocr_par' dir='ltr' id='par_1_25' title="bbox 116 2602 1672 2677">
     <span class='ocr_line' id='line_1_25' title="bbox 116 2602 1672 2677; baseline 0.005 -25"><span class='ocrx_word' id='word_1_172' title='bbox 116 2603 190 2652; x_wconf 69' lang='grc' dir='ltr'>καὶ</span> <span class='ocrx_word' id='word_1_173' title='bbox 217 2602 443 2674; x_wconf 77' lang='grc' dir='ltr'>εύανθίᾳ</span> <span class='ocrx_word' id='word_1_174' title='bbox 489 2603 589 2673; x_wconf 78' lang='grc' dir='ltr'>τῆς</span> <span class='ocrx_word' id='word_1_175' title='bbox 633 2606 885 2673; x_wconf 83' lang='grc' dir='ltr'>παρειᾶς,</span> <span class='ocrx_word' id='word_1_176' title='bbox 938 2602 999 2656; x_wconf 78' lang='grc' dir='ltr'><strong>τὸ</strong></span> <span class='ocrx_word' id='word_1_177' title='bbox 1048 2603 1278 2675; x_wconf 75' lang='grc' dir='ltr'>ἐρυθρὸν</span> <span class='ocrx_word' id='word_1_178' title='bbox 1309 2605 1672 2677; x_wconf 82' lang='grc' dir='ltr'>ὼχριώμενοι.</span> 
     </span>
    </p>
   </div>
   <div class='ocr_carea' id='block_1_26' title="bbox 126 2693 1674 2768">
    <p class='ocr_par' dir='ltr' id='par_1_26' title="bbox 126 2693 1674 2768">
     <span class='ocr_line' id='line_1_26' title="bbox 126 2693 1674 2768; baseline 0.005 -24"><span class='ocrx_word' id='word_1_179' title='bbox 126 2693 503 2764; x_wconf 69' lang='grc' dir='ltr'>Ἐὶαττούμεθα</span> <span class='ocrx_word' id='word_1_180' title='bbox 530 2694 629 2765; x_wconf 86' lang='grc' dir='ltr'>τὴν</span> <span class='ocrx_word' id='word_1_181' title='bbox 658 2695 846 2765; x_wconf 77' lang='grc' dir='ltr'>ῥώμην</span> <span class='ocrx_word' id='word_1_182' title='bbox 886 2694 981 2748; x_wconf 78' lang='grc' dir='ltr'>τοῦ</span> <span class='ocrx_word' id='word_1_183' title='bbox 1010 2694 1280 2766; x_wconf 82' lang='grc' dir='ltr'>σώματος,</span> <span class='ocrx_word' id='word_1_184' title='bbox 1319 2699 1674 2768; x_wconf 75' lang='grc' dir='ltr'>κυρτοϐατεῖν</span> 
     </span>
    </p>
   </div>
   <div class='ocr_carea' id='block_1_27' title="bbox 116 2783 1676 2858">
    <p class='ocr_par' dir='ltr' id='par_1_27' title="bbox 116 2783 1676 2858">
     <span class='ocr_line' id='line_1_27' title="bbox 116 2783 1676 2858; baseline 0.004 -23"><span class='ocrx_word' id='word_1_185' title='bbox 116 2783 399 2854; x_wconf 71' lang='grc' dir='ltr'>ἀρχόμενοι,</span> <span class='ocrx_word' id='word_1_186' title='bbox 434 2786 529 2838; x_wconf 82' lang='grc' dir='ltr'>καὶ</span> <span class='ocrx_word' id='word_1_187' title='bbox 563 2784 836 2857; x_wconf 70' lang='grc' dir='ltr'>βακτηρίᾳ</span> <span class='ocrx_word' id='word_1_188' title='bbox 862 2786 1261 2857; x_wconf 85' lang='grc' dir='ltr'>ὑπερείδεσθαι,</span> <span class='ocrx_word' id='word_1_189' title='bbox 1288 2789 1424 2858; x_wconf 82' lang='grc' dir='ltr'>πρὸς</span> <span class='ocrx_word' id='word_1_190' title='bbox 1446 2789 1551 2858; x_wconf 82' lang='grc' dir='ltr'>γῆν</span> <span class='ocrx_word' id='word_1_191' title='bbox 1589 2808 1676 2843; x_wconf 66' lang='grc' dir='ltr'>νεα</span> 
     </span>
    </p>
   </div>
   <div class='ocr_carea' id='block_1_28' title="bbox 117 2873 1669 2948">
    <p class='ocr_par' dir='ltr' id='par_1_28' title="bbox 117 2873 1669 2948">
     <span class='ocr_line' id='line_1_28' title="bbox 117 2873 1669 2948; baseline 0.006 -26"><span class='ocrx_word' id='word_1_192' title='bbox 117 2873 353 2937; x_wconf 77' lang='grc' dir='ltr'>νευκότες,</span> <span class='ocrx_word' id='word_1_193' title='bbox 376 2876 476 2927; x_wconf 77' lang='grc' dir='ltr'>καὶ</span> <span class='ocrx_word' id='word_1_194' title='bbox 498 2875 589 2927; x_wconf 69' lang='grc' dir='ltr'><strong>διὰ</strong></span> <span class='ocrx_word' id='word_1_195' title='bbox 610 2874 702 2927; x_wconf 76' lang='grc' dir='ltr'>τοῦ</span> <span class='ocrx_word' id='word_1_196' title='bbox 734 2877 833 2944; x_wconf 80' lang='grc' dir='ltr'>σχή</span> <span class='ocrx_word' id='word_1_197' title='bbox 844 2891 1011 2944; x_wconf 83' lang='grc' dir='ltr'>ματος</span> <span class='ocrx_word' id='word_1_198' title='bbox 1041 2875 1211 2945; x_wconf 79' lang='grc' dir='ltr'>αὐτὴν</span> <span class='ocrx_word' id='word_1_199' title='bbox 1237 2877 1637 2948; x_wconf 87' lang='grc' dir='ltr'>μαρτυρόμενοι</span> <span class='ocrx_word' id='word_1_200' title='bbox 1656 2896 1669 2910; x_wconf 74' lang='grc' dir='ltr'><strong>ο</strong></span> 
     </span>
    </p>
   </div>
   <div class='ocr_carea' id='block_1_29' title="bbox 124 2963 1667 3040">
    <p class='ocr_par' dir='ltr' id='par_1_29' title="bbox 124 2963 1667 3040">
     <span class='ocr_line' id='line_1_29' title="bbox 124 2963 1667 3040; baseline 0.008 -30"><span class='ocrx_word' id='word_1_201' title='bbox 124 2963 230 3017; x_wconf 70' lang='grc' dir='ltr'>Ἰδοὺ</span> <span class='ocrx_word' id='word_1_202' title='bbox 264 2965 663 3036; x_wconf 77' lang='grc' dir='ltr'>παραγίνομαι.</span> <span class='ocrx_word' id='word_1_203' title='bbox 725 2966 1062 3036; x_wconf 86' lang='grc' dir='ltr'>Θνήσκομεν,</span> <span class='ocrx_word' id='word_1_204' title='bbox 1094 2967 1190 3019; x_wconf 77' lang='grc' dir='ltr'>καὶ</span> <span class='ocrx_word' id='word_1_205' title='bbox 1230 2968 1311 3030; x_wconf 89' lang='grc' dir='ltr'><strong>είς</strong></span> <span class='ocrx_word' id='word_1_206' title='bbox 1338 2968 1509 3040; x_wconf 81' lang='grc' dir='ltr'>αὐτὴν</span> <span class='ocrx_word' id='word_1_207' title='bbox 1536 2970 1667 3023; x_wconf 75' lang='grc' dir='ltr'>ἁποο</span> 
     </span>
    </p>
   </div>
   <div class='ocr_carea' id='block_1_30' title="bbox 117 3056 1676 3128">
    <p class='ocr_par' dir='ltr' id='par_1_30' title="bbox 117 3056 1676 3128">
     <span class='ocr_line' id='line_1_30' title="bbox 117 3056 1676 3128; baseline 0.003 -20"><span class='ocrx_word' id='word_1_208' title='bbox 117 3056 319 3126; x_wconf 73' lang='grc' dir='ltr'>λήγομεν</span> <span class='ocrx_word' id='word_1_209' title='bbox 352 3058 594 3127; x_wconf 85' lang='grc' dir='ltr'>σώματι,</span> <span class='ocrx_word' id='word_1_210' title='bbox 630 3057 732 3109; x_wconf 74' lang='grc' dir='ltr'><strong>ουκ</strong></span> <span class='ocrx_word' id='word_1_211' title='bbox 777 3057 1139 3127; x_wconf 85' lang='grc' dir='ltr'>ἀπολλύμενοι</span> <span class='ocrx_word' id='word_1_212' title='bbox 1175 3057 1467 3128; x_wconf 87' lang='grc' dir='ltr'>πνεύματι.</span> <span class='ocrx_word' id='word_1_213' title='bbox 1517 3060 1676 3114; x_wconf 80' lang='grc' dir='ltr'>Ἀλλά</span> 
     </span>
    </p>
   </div>
   <div class='ocr_carea' id='block_1_31' title="bbox 121 3148 1674 3223">
    <p class='ocr_par' dir='ltr' id='par_1_31' title="bbox 121 3148 1674 3223">
     <span class='ocr_line' id='line_1_31' title="bbox 121 3148 1674 3223; baseline 0.004 -23"><span class='ocrx_word' id='word_1_214' title='bbox 121 3150 284 3220; x_wconf 58' lang='lat' dir='ltr'><strong>tuva</strong></span> <span class='ocrx_word' id='word_1_215' title='bbox 323 3149 559 3220; x_wconf 76' lang='grc' dir='ltr'>ὕστερον</span> <span class='ocrx_word' id='word_1_216' title='bbox 602 3148 662 3200; x_wconf 83' lang='grc' dir='ltr'>τὸ</span> <span class='ocrx_word' id='word_1_217' title='bbox 694 3148 957 3201; x_wconf 78' lang='grc' dir='ltr'>ἀποτεθὲν</span> <span class='ocrx_word' id='word_1_218' title='bbox 994 3149 1206 3218; x_wconf 87' lang='grc' dir='ltr'>ίμάτιον</span> <span class='ocrx_word' id='word_1_219' title='bbox 1258 3153 1359 3221; x_wconf 83' lang='grc' dir='ltr'>τῆς</span> <span class='ocrx_word' id='word_1_220' title='bbox 1409 3152 1609 3222; x_wconf 78' lang='grc' dir='ltr'>σαρκὸς</span> <span class='ocrx_word' id='word_1_221' title='bbox 1642 3154 1674 3223; x_wconf 89' lang='grc' dir='ltr'><strong>ή</strong></span> 
     </span>
    </p>
   </div>
   <div class='ocr_carea' id='block_1_32' title="bbox 116 3240 1674 3315">
    <p class='ocr_par' dir='ltr' id='par_1_32' title="bbox 116 3240 1674 3315">
     <span class='ocr_line' id='line_1_32' title="bbox 116 3240 1674 3315; baseline 0.003 -22"><span class='ocrx_word' id='word_1_222' title='bbox 116 3242 234 3312; x_wconf 64' lang='grc' dir='ltr'>ψυχὴ</span> <span class='ocrx_word' id='word_1_223' title='bbox 256 3242 422 3294; x_wconf 78' lang='grc' dir='ltr'>πάλιν</span> <span class='ocrx_word' id='word_1_224' title='bbox 452 3240 860 3311; x_wconf 76' lang='grc' dir='ltr'>περιϐάλλεται.</span> <span class='ocrx_word' id='word_1_225' title='bbox 892 3241 964 3294; x_wconf 67' lang='lat' dir='ltr'><strong>Oti</strong></span> <span class='ocrx_word' id='word_1_226' title='bbox 990 3240 1098 3312; x_wconf 85' lang='grc' dir='ltr'><strong>γὰρ</strong></span> <span class='ocrx_word' id='word_1_227' title='bbox 1122 3240 1235 3309; x_wconf 78' lang='grc' dir='ltr'><strong>ἐγὼ</strong></span> <span class='ocrx_word' id='word_1_228' title='bbox 1260 3242 1322 3295; x_wconf 82' lang='grc' dir='ltr'>τὸ</span> <span class='ocrx_word' id='word_1_229' title='bbox 1351 3243 1531 3315; x_wconf 85' lang='grc' dir='ltr'>σῶμα,</span> <span class='ocrx_word' id='word_1_230' title='bbox 1559 3245 1674 3298; x_wconf 85' lang='grc' dir='ltr'>ἀλλ’</span> 
     </span>
    </p>
   </div>
   <div class='ocr_carea' id='block_1_33' title="bbox 117 3332 1674 3407">
    <p class='ocr_par' dir='ltr' id='par_1_33' title="bbox 117 3332 1674 3407">
     <span class='ocr_line' id='line_1_33' title="bbox 117 3332 1674 3407; baseline 0.004 -23"><span class='ocrx_word' id='word_1_231' title='bbox 117 3334 206 3399; x_wconf 65' lang='grc' dir='ltr'><strong>ἐγὼ</strong></span> <span class='ocrx_word' id='word_1_232' title='bbox 233 3334 327 3403; x_wconf 80' lang='grc' dir='ltr'>μὲν</span> <span class='ocrx_word' id='word_1_233' title='bbox 350 3335 387 3403; x_wconf 77' lang='grc' dir='ltr'><strong>ἡ</strong></span> <span class='ocrx_word' id='word_1_234' title='bbox 416 3332 584 3403; x_wconf 71' lang='grc' dir='ltr'>ψυχὴ,</span> <span class='ocrx_word' id='word_1_235' title='bbox 603 3332 735 3402; x_wconf 79' lang='grc' dir='ltr'>ἐμὸν</span> <span class='ocrx_word' id='word_1_236' title='bbox 765 3333 821 3385; x_wconf 84' lang='grc' dir='ltr'>δὲ</span> <span class='ocrx_word' id='word_1_237' title='bbox 849 3332 909 3385; x_wconf 86' lang='grc' dir='ltr'>τὸ</span> <span class='ocrx_word' id='word_1_238' title='bbox 936 3332 1095 3403; x_wconf 84' lang='grc' dir='ltr'>σῶμα</span> <span class='ocrx_word' id='word_1_239' title='bbox 1123 3334 1217 3387; x_wconf 74' lang='grc' dir='ltr'>καὶ</span> <span class='ocrx_word' id='word_1_240' title='bbox 1237 3334 1335 3388; x_wconf 83' lang='grc' dir='ltr'>ὅσα</span> <span class='ocrx_word' id='word_1_241' title='bbox 1357 3334 1457 3405; x_wconf 86' lang='grc' dir='ltr'>τῆς</span> <span class='ocrx_word' id='word_1_242' title='bbox 1478 3336 1674 3407; x_wconf 88' lang='grc' dir='ltr'>χέρσου</span> 
     </span>
    </p>
   </div>
   <div class='ocr_carea' id='block_1_34' title="bbox 118 3421 1676 3496">
    <p class='ocr_par' dir='ltr' id='par_1_34' title="bbox 118 3421 1676 3496">
     <span class='ocr_line' id='line_1_34' title="bbox 118 3421 1676 3496; baseline 0.003 -23"><span class='ocrx_word' id='word_1_243' title='bbox 118 3423 349 3491; x_wconf 68' lang='grc' dir='ltr'>ἐκφύεται</span> <span class='ocrx_word' id='word_1_244' title='bbox 377 3440 390 3453; x_wconf 91' lang='grc'><strong>·</strong></span> <span class='ocrx_word' id='word_1_245' title='bbox 426 3423 549 3475; x_wconf 80' lang='grc' dir='ltr'>ὅθεν</span> <span class='ocrx_word' id='word_1_246' title='bbox 574 3423 666 3475; x_wconf 74' lang='grc' dir='ltr'><strong>καὶ</strong></span> <span class='ocrx_word' id='word_1_247' title='bbox 699 3421 878 3477; x_wconf 82' lang='grc' dir='ltr'>τοῦτο.</span> <span class='ocrx_word' id='word_1_248' title='bbox 933 3422 1101 3476; x_wconf 83' lang='grc' dir='ltr'>Πάλιν</span> <span class='ocrx_word' id='word_1_249' title='bbox 1137 3422 1193 3475; x_wconf 82' lang='grc' dir='ltr'>δὲ</span> <span class='ocrx_word' id='word_1_250' title='bbox 1230 3424 1366 3494; x_wconf 86' lang='grc' dir='ltr'>μετὰ</span> <span class='ocrx_word' id='word_1_251' title='bbox 1392 3424 1492 3495; x_wconf 84' lang='grc' dir='ltr'>τὴν</span> <span class='ocrx_word' id='word_1_252' title='bbox 1524 3424 1676 3496; x_wconf 83' lang='grc' dir='ltr'>λῆξιν</span> 
     </span>
    </p>
   </div>
   <div class='ocr_carea' id='block_1_35' title="bbox 118 3512 1675 3589">
    <p class='ocr_par' dir='ltr' id='par_1_35' title="bbox 118 3512 1675 3589">
     <span class='ocr_line' id='line_1_35' title="bbox 118 3512 1675 3589; baseline 0.004 -26"><span class='ocrx_word' id='word_1_253' title='bbox 118 3514 341 3577; x_wconf 76' lang='grc' dir='ltr'>γεννᾶται</span> <span class='ocrx_word' id='word_1_254' title='bbox 372 3515 408 3583; x_wconf 79' lang='grc' dir='ltr'>ὴ</span> <span class='ocrx_word' id='word_1_255' title='bbox 465 3512 694 3580; x_wconf 77' lang='grc' dir='ltr'>φαίναξ,</span> <span class='ocrx_word' id='word_1_256' title='bbox 744 3512 907 3565; x_wconf 75' lang='grc' dir='ltr'>οἱονεὶ</span> <span class='ocrx_word' id='word_1_257' title='bbox 962 3512 1258 3569; x_wconf 74' lang='grc' dir='ltr'>ἀναϐιοῦσα</span> <span class='ocrx_word' id='word_1_258' title='bbox 1278 3518 1344 3587; x_wconf 83' lang='grc' dir='ltr'><strong>τῇ</strong></span> <span class='ocrx_word' id='word_1_259' title='bbox 1383 3515 1503 3585; x_wconf 78' lang='grc' dir='ltr'>ὄψει</span> <span class='ocrx_word' id='word_1_260' title='bbox 1533 3534 1675 3589; x_wconf 89' lang='grc' dir='ltr'>παρ-</span> 
     </span>
    </p>
   </div>
   <div class='ocr_carea' id='block_1_36' title="bbox 119 3605 1679 3678">
    <p class='ocr_par' dir='ltr' id='par_1_36' title="bbox 119 3605 1679 3678">
     <span class='ocr_line' id='line_1_36' title="bbox 119 3605 1679 3678; baseline 0.005 -22"><span class='ocrx_word' id='word_1_261' title='bbox 119 3608 377 3676; x_wconf 73' lang='grc' dir='ltr'>ισταμένη.</span> <span class='ocrx_word' id='word_1_262' title='bbox 426 3605 583 3658; x_wconf 74' lang='grc' dir='ltr'>Ἐπεὶ</span> <span class='ocrx_word' id='word_1_263' title='bbox 616 3605 710 3657; x_wconf 67' lang='grc' dir='ltr'><strong>και)⁸</strong></span> <span class='ocrx_word' id='word_1_264' title='bbox 740 3606 900 3675; x_wconf 81' lang='grc' dir='ltr'>ἡμεῖς</span> <span class='ocrx_word' id='word_1_265' title='bbox 925 3608 984 3660; x_wconf 84' lang='grc' dir='ltr'>ὲν</span> <span class='ocrx_word' id='word_1_266' title='bbox 1019 3606 1178 3677; x_wconf 79' lang='grc' dir='ltr'><strong>τάφῳ</strong></span> <span class='ocrx_word' id='word_1_267' title='bbox 1219 3606 1478 3678; x_wconf 78' lang='grc' dir='ltr'>λήξαντες</span> <span class='ocrx_word' id='word_1_268' title='bbox 1516 3609 1679 3665; x_wconf 79' lang='grc' dir='ltr'>πάλιν</span> 
     </span>
    </p>
   </div>
   <div class='ocr_carea' id='block_1_37' title="bbox 118 3695 1679 3772">
    <p class='ocr_par' dir='ltr' id='par_1_37' title="bbox 118 3695 1679 3772">
     <span class='ocr_line' id='line_1_37' title="bbox 118 3695 1679 3772; baseline 0.006 -27"><span class='ocrx_word' id='word_1_269' title='bbox 118 3696 536 3766; x_wconf 79' lang='grc' dir='ltr'>ἀναστησόμεθα,</span> <span class='ocrx_word' id='word_1_270' title='bbox 578 3695 739 3747; x_wconf 73' lang='grc' dir='ltr'>οἱονεὶ</span> <span class='ocrx_word' id='word_1_271' title='bbox 763 3695 1235 3765; x_wconf 83' lang='grc' dir='ltr'>παλιγγενόμενοι,</span> <span class='ocrx_word' id='word_1_272' title='bbox 1253 3697 1394 3751; x_wconf 86' lang='grc' dir='ltr'><strong>κατά</strong></span> <span class='ocrx_word' id='word_1_273' title='bbox 1421 3700 1520 3770; x_wconf 85' lang='grc' dir='ltr'>τὴν</span> <span class='ocrx_word' id='word_1_274' title='bbox 1552 3700 1679 3772; x_wconf 88' lang='grc' dir='ltr'>θεη-</span> 
     </span>
    </p>
   </div>
   <div class='ocr_carea' id='block_1_38' title="bbox 119 3777 1678 3853">
    <p class='ocr_par' dir='ltr' id='par_1_38' title="bbox 119 3777 1678 3853">
     <span class='ocr_line' id='line_1_38' title="bbox 119 3777 1678 3853; baseline 0.005 -20"><span class='ocrx_word' id='word_1_275' title='bbox 119 3784 279 3853; x_wconf 77' lang='grc' dir='ltr'>γορίαν</span> <span class='ocrx_word' id='word_1_276' title='bbox 304 3801 320 3815; x_wconf 77' lang='grc' dir='ltr'><strong>ο</strong></span> <span class='ocrx_word' id='word_1_277' title='bbox 353 3784 544 3836; x_wconf 85' lang='grc' dir='ltr'>Ὅταν</span> <span class='ocrx_word' id='word_1_278' title='bbox 566 3777 680 3837; x_wconf 84' lang='grc' dir='ltr'><strong>οὖν</strong></span> <span class='ocrx_word' id='word_1_279' title='bbox 705 3782 857 3851; x_wconf 76' lang='grc' dir='ltr'><strong>ἔλθῃ</strong></span> <span class='ocrx_word' id='word_1_280' title='bbox 891 3786 923 3837; x_wconf 85' lang='grc' dir='ltr'><strong>ό</strong></span> <span class='ocrx_word' id='word_1_281' title='bbox 961 3782 1093 3848; x_wconf 80' lang='grc' dir='ltr'><strong>Υἱὸς</strong></span> <span class='ocrx_word' id='word_1_282' title='bbox 1126 3783 1232 3837; x_wconf 84' lang='grc' dir='ltr'>τοῦ</span> <span class='ocrx_word' id='word_1_283' title='bbox 1268 3783 1583 3853; x_wconf 81' lang='grc' dir='ltr'>ἀνθρώπου</span> <span class='ocrx_word' id='word_1_284' title='bbox 1607 3786 1678 3841; x_wconf 81' lang='grc' dir='ltr'><strong>ἐν</strong></span> 
     </span>
    </p>
   </div>
   <div class='ocr_carea' id='block_1_39' title="bbox 118 3873 1676 3949">
    <p class='ocr_par' dir='ltr' id='par_1_39' title="bbox 118 3873 1676 3949">
     <span class='ocr_line' id='line_1_39' title="bbox 118 3873 1676 3949; baseline 0.005 -25"><span class='ocrx_word' id='word_1_285' title='bbox 118 3873 176 3941; x_wconf 68' lang='grc' dir='ltr'>τῇ</span> <span class='ocrx_word' id='word_1_286' title='bbox 195 3873 621 3945; x_wconf 69' lang='grc' dir='ltr'>παλιγγενεσία</span> <span class='ocrx_word' id='word_1_287' title='bbox 639 3889 653 3903; x_wconf 76' lang='grc' dir='ltr'><strong><em>ο</em></strong></span> <span class='ocrx_word' id='word_1_288' title='bbox 682 3874 781 3945; x_wconf 81' lang='grc' dir='ltr'>τῆς</span> <span class='ocrx_word' id='word_1_289' title='bbox 807 3874 1157 3937; x_wconf 75' lang='grc' dir='ltr'>ἀναστάσεως</span> <span class='ocrx_word' id='word_1_290' title='bbox 1180 3877 1212 3946; x_wconf 78' lang='grc' dir='ltr'>ἡ</span> <span class='ocrx_word' id='word_1_291' title='bbox 1221 3874 1336 3945; x_wconf 80' lang='grc' dir='ltr'><strong>μῶν</strong></span> <span class='ocrx_word' id='word_1_292' title='bbox 1366 3877 1457 3930; x_wconf 86' lang='grc' dir='ltr'>τὸν</span> <span class='ocrx_word' id='word_1_293' title='bbox 1486 3878 1676 3949; x_wconf 77' lang='grc' dir='ltr'>καιρὸν</span> 
     </span>
    </p>
   </div>
   <div class='ocr_carea' id='block_1_40' title="bbox 118 3964 608 4035">
    <p class='ocr_par' dir='ltr' id='par_1_40' title="bbox 118 3964 608 4035">
     <span class='ocr_line' id='line_1_40' title="bbox 118 3964 608 4035; baseline 0.008 -21"><span class='ocrx_word' id='word_1_294' title='bbox 118 3965 170 4015; x_wconf 78' lang='grc' dir='ltr'>ἐκ</span> <span class='ocrx_word' id='word_1_295' title='bbox 192 3965 378 4019; x_wconf 87' lang='grc' dir='ltr'>τούτου</span> <span class='ocrx_word' id='word_1_296' title='bbox 409 3964 608 4035; x_wconf 83' lang='grc' dir='ltr'>δηλῶν.</span> 
     </span>
    </p>
   </div>
   <div class='ocr_carea' id='block_1_41' title="bbox 175 4075 719 4143">
    <p class='ocr_par' dir='ltr' id='par_1_41' title="bbox 175 4075 719 4143">
     <span class='ocr_line' id='line_1_41' title="bbox 175 4075 719 4143; baseline -0.002 -11"><span class='ocrx_word' id='word_1_297' title='bbox 175 4078 215 4109; x_wconf 70' lang='grc'><strong>’³</strong></span> <span class='ocrx_word' id='word_1_298' title='bbox 250 4077 441 4133; x_wconf 77' lang='lat' dir='ltr'><strong>Matth.</strong></span> <span class='ocrx_word' id='word_1_299' title='bbox 480 4091 596 4143; x_wconf 64' lang='grc' dir='ltr'>χιχ,</span> <span class='ocrx_word' id='word_1_300' title='bbox 623 4075 719 4131; x_wconf 72' lang='grc'><strong>28.</strong></span> 
     </span>
    </p>
   </div>
   <div class='ocr_carea' id='block_1_42' title="bbox 1518 372 1978 432">
    <p class='ocr_par' dir='ltr' id='par_1_42' title="bbox 1518 372 1978 432">
     <span class='ocr_line' id='line_1_42' title="bbox 1518 372 1978 432; baseline 0.002 -3"><span class='ocrx_word' id='word_1_301' title='bbox 1518 372 1859 432; x_wconf 81' lang='lat' dir='ltr'><strong>DIALOGUS</strong></span> <span class='ocrx_word' id='word_1_302' title='bbox 1912 372 1978 430; x_wconf 75' lang='lat' dir='ltr'><strong>il.</strong></span> 
     </span>
    </p>
   </div>
   <div class='ocr_carea' id='block_1_43' title="bbox 3252 383 3359 443">
    <p class='ocr_par' dir='ltr' id='par_1_43' title="bbox 3252 383 3359 443">
     <span class='ocr_line' id='line_1_43' title="bbox 3252 383 3359 443; baseline 0 -2"><span class='ocrx_word' id='word_1_303' title='bbox 3252 383 3359 443; x_wconf 69' lang='lat'><strong>966</strong></span> 
     </span>
    </p>
   </div>
   <div class='ocr_carea' id='block_1_44' title="bbox 1785 496 3358 573">
    <p class='ocr_par' dir='ltr' id='par_1_44' title="bbox 1785 496 3358 573">
     <span class='ocr_line' id='line_1_44' title="bbox 1785 496 3358 573; baseline 0.008 -21"><span class='ocrx_word' id='word_1_304' title='bbox 1785 496 1881 553; x_wconf 85' lang='lat' dir='ltr'><strong>sed</strong></span> <span class='ocrx_word' id='word_1_305' title='bbox 1915 512 2085 568; x_wconf 81' lang='lat' dir='ltr'><strong>prope</strong></span> <span class='ocrx_word' id='word_1_306' title='bbox 2129 500 2414 556; x_wconf 83' lang='lat' dir='ltr'><strong>meridiem</strong></span> <span class='ocrx_word' id='word_1_307' title='bbox 2459 500 2816 567; x_wconf 88' lang='lat' dir='ltr'><strong>constitutus,</strong></span> <span class='ocrx_word' id='word_1_308' title='bbox 2871 516 2980 558; x_wconf 92' lang='lat' dir='ltr'><strong>non</strong></span> <span class='ocrx_word' id='word_1_309' title='bbox 3022 502 3216 573; x_wconf 88' lang='lat' dir='ltr'><strong>altam,</strong></span> <span class='ocrx_word' id='word_1_310' title='bbox 3257 505 3358 563; x_wconf 86' lang='lat' dir='ltr'><strong>sed</strong></span> 
     </span>
    </p>
   </div>
   <div class='ocr_carea' id='block_1_45' title="bbox 1782 590 3356 661">
    <p class='ocr_par' dir='ltr' id='par_1_45' title="bbox 1782 590 3356 661">
     <span class='ocr_line' id='line_1_45' title="bbox 1782 590 3356 661; baseline 0.005 -17"><span class='ocrx_word' id='word_1_311' title='bbox 1782 590 2056 661; x_wconf 85' lang='lat' dir='ltr'><strong>obliquam</strong></span> <span class='ocrx_word' id='word_1_312' title='bbox 2092 591 2353 653; x_wconf 87' lang='lat' dir='ltr'><strong>incedens</strong></span> <span class='ocrx_word' id='word_1_313' title='bbox 2380 593 2549 654; x_wconf 84' lang='lat' dir='ltr'><strong>viam.</strong></span> <span class='ocrx_word' id='word_1_314' title='bbox 2584 594 2864 651; x_wconf 90' lang='lat' dir='ltr'><strong>breviores</strong></span> <span class='ocrx_word' id='word_1_315' title='bbox 2903 596 3063 652; x_wconf 84' lang='lat' dir='ltr'><strong>nobis</strong></span> <span class='ocrx_word' id='word_1_316' title='bbox 3106 596 3225 652; x_wconf 90' lang='lat' dir='ltr'><strong>dies</strong></span> <span class='ocrx_word' id='word_1_317' title='bbox 3269 595 3356 652; x_wconf 87' lang='lat' dir='ltr'><strong>ef-</strong></span> 
     </span>
    </p>
   </div>
   <div class='ocr_carea' id='block_1_46' title="bbox 1783 680 3361 757">
    <p class='ocr_par' dir='ltr' id='par_1_46' title="bbox 1783 680 3361 757">
     <span class='ocr_line' id='line_1_46' title="bbox 1783 680 3361 757; baseline 0.006 -22"><span class='ocrx_word' id='word_1_318' title='bbox 1783 680 1914 736; x_wconf 88' lang='lat' dir='ltr'><strong>ficit.</strong></span> <span class='ocrx_word' id='word_1_319' title='bbox 1945 681 2215 739; x_wconf 87' lang='lat' dir='ltr'><strong>Occidens</strong></span> <span class='ocrx_word' id='word_1_320' title='bbox 2254 698 2387 739; x_wconf 90' lang='lat' dir='ltr'><strong>vero</strong></span> <span class='ocrx_word' id='word_1_321' title='bbox 2441 684 2497 738; x_wconf 90' lang='lat' dir='ltr'><strong>in</strong></span> <span class='ocrx_word' id='word_1_322' title='bbox 2554 700 2771 740; x_wconf 87' lang='lat' dir='ltr'><strong>summo</strong></span> <span class='ocrx_word' id='word_1_323' title='bbox 2822 686 2994 757; x_wconf 79' lang='lat' dir='ltr'><strong>plagae</strong></span> <span class='ocrx_word' id='word_1_324' title='bbox 3035 689 3361 757; x_wconf 67' lang='lat' dir='ltr'><strong>vespertina</strong></span> 
     </span>
    </p>
   </div>
   <div class='ocr_carea' id='block_1_47' title="bbox 1782 772 3355 845">
    <p class='ocr_par' dir='ltr' id='par_1_47' title="bbox 1782 772 3355 845">
     <span class='ocr_line' id='line_1_47' title="bbox 1782 772 3355 845; baseline 0.006 -20"><span class='ocrx_word' id='word_1_325' title='bbox 1782 772 1956 827; x_wconf 89' lang='lat' dir='ltr'><strong>ambit</strong></span> <span class='ocrx_word' id='word_1_326' title='bbox 1987 788 2084 842; x_wconf 89' lang='lat' dir='ltr'><strong>per</strong></span> <span class='ocrx_word' id='word_1_327' title='bbox 2112 784 2329 830; x_wconf 90' lang='lat' dir='ltr'><strong>noctem</strong></span> <span class='ocrx_word' id='word_1_328' title='bbox 2369 790 2588 831; x_wconf 90' lang='lat' dir='ltr'><strong>omnem</strong></span> <span class='ocrx_word' id='word_1_329' title='bbox 2618 776 2959 831; x_wconf 88' lang='lat' dir='ltr'><strong>occidentem</strong></span> <span class='ocrx_word' id='word_1_330' title='bbox 2981 818 2995 839; x_wconf 86' lang='lat'><strong>,</strong></span> <span class='ocrx_word' id='word_1_331' title='bbox 3025 787 3081 832; x_wconf 86' lang='lat' dir='ltr'><strong>et</strong></span> <span class='ocrx_word' id='word_1_332' title='bbox 3104 779 3355 845; x_wconf 83' lang='lat' dir='ltr'><strong>Arctum,</strong></span> 
     </span>
    </p>
   </div>
   <div class='ocr_carea' id='block_1_48' title="bbox 1781 866 3359 938">
    <p class='ocr_par' dir='ltr' id='par_1_48' title="bbox 1781 866 3359 938">
     <span class='ocr_line' id='line_1_48' title="bbox 1781 866 3359 938; baseline 0.004 -19"><span class='ocrx_word' id='word_1_333' title='bbox 1781 873 1833 919; x_wconf 92' lang='lat' dir='ltr'><strong>et</strong></span> <span class='ocrx_word' id='word_1_334' title='bbox 1857 866 2148 929; x_wconf 90' lang='lat' dir='ltr'><strong>orientem,</strong></span> <span class='ocrx_word' id='word_1_335' title='bbox 2182 883 2293 937; x_wconf 91' lang='lat' dir='ltr'><strong>quo</strong></span> <span class='ocrx_word' id='word_1_336' title='bbox 2318 867 2603 938; x_wconf 83' lang='lat' dir='ltr'><strong>perveniat</strong></span> <span class='ocrx_word' id='word_1_337' title='bbox 2633 883 2823 923; x_wconf 89' lang='lat' dir='ltr'><strong>rursus</strong></span> <span class='ocrx_word' id='word_1_338' title='bbox 2845 871 2911 922; x_wconf 83' lang='lat' dir='ltr'><strong>ad</strong></span> <span class='ocrx_word' id='word_1_339' title='bbox 2940 884 3213 925; x_wconf 90' lang='lat' dir='ltr'><strong>summum</strong></span> <span class='ocrx_word' id='word_1_340' title='bbox 3242 885 3359 927; x_wconf 88' lang='lat' dir='ltr'><strong>me-</strong></span> 
     </span>
    </p>
   </div>
   <div class='ocr_carea' id='block_1_49' title="bbox 1782 956 3359 1023">
    <p class='ocr_par' dir='ltr' id='par_1_49' title="bbox 1782 956 3359 1023">
     <span class='ocr_line' id='line_1_49' title="bbox 1782 956 3359 1023; baseline 0.005 -13"><span class='ocrx_word' id='word_1_341' title='bbox 1782 956 1963 1023; x_wconf 90' lang='lat' dir='ltr'><strong>ridiei,</strong></span> <span class='ocrx_word' id='word_1_342' title='bbox 1995 957 2121 1012; x_wconf 90' lang='lat' dir='ltr'><strong>inde</strong></span> <span class='ocrx_word' id='word_1_343' title='bbox 2150 974 2347 1014; x_wconf 87' lang='lat' dir='ltr'><strong>rursus</strong></span> <span class='ocrx_word' id='word_1_344' title='bbox 2375 957 2634 1013; x_wconf 86' lang='lat' dir='ltr'><strong>diurnum</strong></span> <span class='ocrx_word' id='word_1_345' title='bbox 2673 960 2906 1014; x_wconf 89' lang='lat' dir='ltr'><strong>celerem</strong></span> <span class='ocrx_word' id='word_1_346' title='bbox 2952 975 3176 1016; x_wconf 90' lang='lat' dir='ltr'><strong>cursum</strong></span> <span class='ocrx_word' id='word_1_347' title='bbox 3220 962 3359 1018; x_wconf 81' lang='lat' dir='ltr'><strong>inci-</strong></span> 
     </span>
    </p>
   </div>
   <div class='ocr_carea' id='block_1_50' title="bbox 1781 1049 3356 1126">
    <p class='ocr_par' dir='ltr' id='par_1_50' title="bbox 1781 1049 3356 1126">
     <span class='ocr_line' id='line_1_50' title="bbox 1781 1049 3356 1126; baseline 0.006 -25"><span class='ocrx_word' id='word_1_348' title='bbox 1781 1049 1955 1118; x_wconf 87' lang='lat' dir='ltr'><strong>piens.</strong></span> <span class='ocrx_word' id='word_1_349' title='bbox 1990 1049 2162 1116; x_wconf 87' lang='lat' dir='ltr'><strong>Unde,</strong></span> <span class='ocrx_word' id='word_1_350' title='bbox 2192 1066 2293 1106; x_wconf 90' lang='lat' dir='ltr'><strong>ceu</strong></span> <span class='ocrx_word' id='word_1_351' title='bbox 2330 1060 2569 1118; x_wconf 80' lang='lat' dir='ltr'><strong>constat,</strong></span> <span class='ocrx_word' id='word_1_352' title='bbox 2628 1053 2831 1106; x_wconf 88' lang='lat' dir='ltr'><strong>accidit</strong></span> <span class='ocrx_word' id='word_1_353' title='bbox 2869 1060 2928 1106; x_wconf 91' lang='lat' dir='ltr'><strong>ut</strong></span> <span class='ocrx_word' id='word_1_354' title='bbox 2972 1068 3077 1107; x_wconf 82' lang='lat' dir='ltr'><strong>nox</strong></span> <span class='ocrx_word' id='word_1_355' title='bbox 3118 1055 3356 1126; x_wconf 81' lang='lat' dir='ltr'><strong>longior,</strong></span> 
     </span>
    </p>
   </div>
   <div class='ocr_carea' id='block_1_51' title="bbox 1780 1140 3359 1216">
    <p class='ocr_par' dir='ltr' id='par_1_51' title="bbox 1780 1140 3359 1216">
     <span class='ocr_line' id='line_1_51' title="bbox 1780 1140 3359 1216; baseline 0.005 -23"><span class='ocrx_word' id='word_1_356' title='bbox 1780 1140 1896 1196; x_wconf 89' lang='lat' dir='ltr'><strong>dies</strong></span> <span class='ocrx_word' id='word_1_357' title='bbox 1930 1156 2057 1197; x_wconf 88' lang='lat' dir='ltr'><strong>vero</strong></span> <span class='ocrx_word' id='word_1_358' title='bbox 2088 1142 2306 1197; x_wconf 91' lang='lat' dir='ltr'><strong>brevior</strong></span> <span class='ocrx_word' id='word_1_359' title='bbox 2338 1141 2623 1198; x_wconf 75' lang='lat' dir='ltr'><strong>efﬁciatur.</strong></span> <span class='ocrx_word' id='word_1_360' title='bbox 2655 1142 2887 1208; x_wconf 82' lang='lat' dir='ltr'><strong>Quando</strong></span> <span class='ocrx_word' id='word_1_361' title='bbox 2923 1160 3053 1199; x_wconf 88' lang='lat' dir='ltr'><strong>vero</strong></span> <span class='ocrx_word' id='word_1_362' title='bbox 3076 1149 3359 1216; x_wconf 70' lang='lat' dir='ltr'><strong>aequaliter</strong></span> 
     </span>
    </p>
   </div>
   <div class='ocr_carea' id='block_1_52' title="bbox 1780 1231 3354 1304">
    <p class='ocr_par' dir='ltr' id='par_1_52' title="bbox 1780 1231 3354 1304">
     <span class='ocr_line' id='line_1_52' title="bbox 1780 1231 3354 1304; baseline 0.006 -21"><span class='ocrx_word' id='word_1_363' title='bbox 1780 1245 1877 1299; x_wconf 89' lang='lat' dir='ltr'><strong>per</strong></span> <span class='ocrx_word' id='word_1_364' title='bbox 1921 1231 2159 1284; x_wconf 85' lang='lat' dir='ltr'><strong>medium</strong></span> <span class='ocrx_word' id='word_1_365' title='bbox 2217 1232 2328 1301; x_wconf 83' lang='lat' dir='ltr'><strong>agit</strong></span> <span class='ocrx_word' id='word_1_366' title='bbox 2383 1232 2620 1296; x_wconf 58' lang='lat' dir='ltr'><strong>aethera,</strong></span> <span class='ocrx_word' id='word_1_367' title='bbox 2688 1233 3076 1301; x_wconf 76' lang='lat' dir='ltr'><strong>aequinoctium</strong></span> <span class='ocrx_word' id='word_1_368' title='bbox 3125 1237 3354 1304; x_wconf 85' lang='lat' dir='ltr'><strong>perficit.</strong></span> 
     </span>
    </p>
   </div>
   <div class='ocr_carea' id='block_1_53' title="bbox 1779 1317 3356 1396">
    <p class='ocr_par' dir='ltr' id='par_1_53' title="bbox 1779 1317 3356 1396">
     <span class='ocr_line' id='line_1_53' title="bbox 1779 1317 3356 1396; baseline 0.004 -24"><span class='ocrx_word' id='word_1_369' title='bbox 1779 1317 1992 1373; x_wconf 65' lang='lat' dir='ltr'><strong>1Estate</strong></span> <span class='ocrx_word' id='word_1_370' title='bbox 2023 1334 2156 1374; x_wconf 84' lang='lat' dir='ltr'><strong>vero</strong></span> <span class='ocrx_word' id='word_1_371' title='bbox 2191 1335 2389 1375; x_wconf 82' lang='lat' dir='ltr'><strong>rursus</strong></span> <span class='ocrx_word' id='word_1_372' title='bbox 2422 1322 2490 1374; x_wconf 88' lang='lat' dir='ltr'><strong>ad</strong></span> <span class='ocrx_word' id='word_1_373' title='bbox 2549 1322 2824 1377; x_wconf 84' lang='lat' dir='ltr'><strong>borealem</strong></span> <span class='ocrx_word' id='word_1_374' title='bbox 2863 1339 3094 1394; x_wconf 84' lang='lat' dir='ltr'><strong>vergens</strong></span> <span class='ocrx_word' id='word_1_375' title='bbox 3140 1326 3356 1396; x_wconf 82' lang='lat' dir='ltr'><strong>plagam</strong></span> 
     </span>
    </p>
   </div>
   <div class='ocr_carea' id='block_1_54' title="bbox 1779 1410 3357 1483">
    <p class='ocr_par' dir='ltr' id='par_1_54' title="bbox 1779 1410 3357 1483">
     <span class='ocr_line' id='line_1_54' title="bbox 1779 1410 3357 1483; baseline 0.004 -19"><span class='ocrx_word' id='word_1_376' title='bbox 1779 1410 2056 1477; x_wconf 83' lang='lat' dir='ltr'><strong>elevatur;</strong></span> <span class='ocrx_word' id='word_1_377' title='bbox 2086 1426 2149 1466; x_wconf 89' lang='lat' dir='ltr'><strong>ac</strong></span> <span class='ocrx_word' id='word_1_378' title='bbox 2174 1414 2323 1467; x_wconf 88' lang='lat' dir='ltr'><strong>nocti</strong></span> <span class='ocrx_word' id='word_1_379' title='bbox 2366 1413 2584 1483; x_wconf 85' lang='lat' dir='ltr'><strong>quidem</strong></span> <span class='ocrx_word' id='word_1_380' title='bbox 2630 1414 2832 1478; x_wconf 79' lang='lat' dir='ltr'><strong>aufert,</strong></span> <span class='ocrx_word' id='word_1_381' title='bbox 2882 1416 3034 1470; x_wconf 88' lang='lat' dir='ltr'><strong>addit</strong></span> <span class='ocrx_word' id='word_1_382' title='bbox 3076 1432 3209 1471; x_wconf 81' lang='lat' dir='ltr'><strong>vero</strong></span> <span class='ocrx_word' id='word_1_383' title='bbox 3251 1419 3357 1472; x_wconf 76' lang='lat' dir='ltr'><strong>diei</strong></span> 
     </span>
    </p>
   </div>
   <div class='ocr_carea' id='block_1_55' title="bbox 1780 1502 3357 1570">
    <p class='ocr_par' dir='ltr' id='par_1_55' title="bbox 1780 1502 3357 1570">
     <span class='ocr_line' id='line_1_55' title="bbox 1780 1502 3357 1570; baseline 0.004 -15"><span class='ocrx_word' id='word_1_384' title='bbox 1780 1516 1877 1570; x_wconf 88' lang='lat' dir='ltr'><strong>per</strong></span> <span class='ocrx_word' id='word_1_385' title='bbox 1908 1502 2212 1556; x_wconf 84' lang='lat' dir='ltr'><strong>breviorem</strong></span> <span class='ocrx_word' id='word_1_386' title='bbox 2247 1504 2426 1558; x_wconf 88' lang='lat' dir='ltr'><strong>noctis</strong></span> <span class='ocrx_word' id='word_1_387' title='bbox 2456 1504 2744 1558; x_wconf 87' lang='lat' dir='ltr'><strong>circulum.</strong></span> <span class='ocrx_word' id='word_1_388' title='bbox 2808 1504 2960 1559; x_wconf 84' lang='lat' dir='ltr'><strong>Luna</strong></span> <span class='ocrx_word' id='word_1_389' title='bbox 3012 1514 3195 1561; x_wconf 90' lang='lat' dir='ltr'><strong>autem</strong></span> <span class='ocrx_word' id='word_1_390' title='bbox 3244 1521 3357 1561; x_wconf 89' lang='lat' dir='ltr'><strong>non</strong></span> 
     </span>
    </p>
   </div>
   <div class='ocr_carea' id='block_1_56' title="bbox 1780 1592 3354 1666">
    <p class='ocr_par' dir='ltr' id='par_1_56' title="bbox 1780 1592 3354 1666">
     <span class='ocr_line' id='line_1_56' title="bbox 1780 1592 3354 1666; baseline 0.007 -25"><span class='ocrx_word' id='word_1_391' title='bbox 1780 1604 2007 1658; x_wconf 84' lang='lat' dir='ltr'><strong>prorsus</strong></span> <span class='ocrx_word' id='word_1_392' title='bbox 2030 1606 2127 1660; x_wconf 91' lang='lat' dir='ltr'><strong>per</strong></span> <span class='ocrx_word' id='word_1_393' title='bbox 2158 1592 2593 1648; x_wconf 84' lang='lat' dir='ltr'><strong>imminutionem</strong></span> <span class='ocrx_word' id='word_1_394' title='bbox 2632 1594 2864 1651; x_wconf 81' lang='lat' dir='ltr'><strong>deficere</strong></span> <span class='ocrx_word' id='word_1_395' title='bbox 2901 1597 3354 1666; x_wconf 87' lang='lat' dir='ltr'><strong>deprehenditur,</strong></span> 
     </span>
    </p>
   </div>
   <div class='ocr_carea' id='block_1_57' title="bbox 1780 1680 3357 1757">
    <p class='ocr_par' dir='ltr' id='par_1_57' title="bbox 1780 1680 3357 1757">
     <span class='ocr_line' id='line_1_57' title="bbox 1780 1680 3357 1757; baseline 0.004 -23"><span class='ocrx_word' id='word_1_396' title='bbox 1780 1680 1876 1735; x_wconf 89' lang='lat' dir='ltr'><strong>sed</strong></span> <span class='ocrx_word' id='word_1_397' title='bbox 1907 1696 1973 1736; x_wconf 84' lang='lat' dir='ltr'><strong>ex</strong></span> <span class='ocrx_word' id='word_1_398' title='bbox 2014 1692 2168 1751; x_wconf 90' lang='lat' dir='ltr'><strong>parte</strong></span> <span class='ocrx_word' id='word_1_399' title='bbox 2209 1683 2361 1737; x_wconf 86' lang='lat' dir='ltr'><strong>orbis</strong></span> <span class='ocrx_word' id='word_1_400' title='bbox 2411 1684 2760 1739; x_wconf 85' lang='lat' dir='ltr'><strong>inumbratur</strong></span> <span class='ocrx_word' id='word_1_401' title='bbox 2816 1704 2829 1740; x_wconf 88' lang='lat'><strong>:</strong></span> <span class='ocrx_word' id='word_1_402' title='bbox 2884 1687 3169 1756; x_wconf 86' lang='lat' dir='ltr'><strong>ipsamque</strong></span> <span class='ocrx_word' id='word_1_403' title='bbox 3209 1687 3357 1757; x_wconf 85' lang='lat' dir='ltr'><strong>aspi-</strong></span> 
     </span>
    </p>
   </div>
   <div class='ocr_carea' id='block_1_58' title="bbox 1779 1772 3360 1844">
    <p class='ocr_par' dir='ltr' id='par_1_58' title="bbox 1779 1772 3360 1844">
     <span class='ocr_line' id='line_1_58' title="bbox 1779 1772 3360 1844; baseline 0.002 -19"><span class='ocrx_word' id='word_1_404' title='bbox 1779 1786 1905 1827; x_wconf 87' lang='lat' dir='ltr'><strong>cere</strong></span> <span class='ocrx_word' id='word_1_405' title='bbox 1971 1772 2098 1827; x_wconf 78' lang='lat' dir='ltr'><strong>liCet</strong></span> <span class='ocrx_word' id='word_1_406' title='bbox 2163 1773 2572 1828; x_wconf 90' lang='lat' dir='ltr'><strong>decrescentem</strong></span> <span class='ocrx_word' id='word_1_407' title='bbox 2633 1782 2799 1844; x_wconf 88' lang='lat' dir='ltr'><strong>atque</strong></span> <span class='ocrx_word' id='word_1_408' title='bbox 2853 1774 3194 1829; x_wconf 81' lang='lat' dir='ltr'><strong>deficientem</strong></span> <span class='ocrx_word' id='word_1_409' title='bbox 3251 1774 3360 1830; x_wconf 86' lang='lat' dir='ltr'><strong>sub</strong></span> 
     </span>
    </p>
   </div>
   <div class='ocr_carea' id='block_1_59' title="bbox 1779 1864 3358 1938">
    <p class='ocr_par' dir='ltr' id='par_1_59' title="bbox 1779 1864 3358 1938">
     <span class='ocr_line' id='line_1_59' title="bbox 1779 1864 3358 1938; baseline 0.003 -22"><span class='ocrx_word' id='word_1_410' title='bbox 1779 1864 1923 1918; x_wconf 78' lang='lat' dir='ltr'><strong>nttbe</strong></span> <span class='ocrx_word' id='word_1_411' title='bbox 1947 1864 2319 1928; x_wconf 89' lang='lat' dir='ltr'><strong>obscuratam,</strong></span> <span class='ocrx_word' id='word_1_412' title='bbox 2354 1881 2473 1934; x_wconf 75' lang='lat' dir='ltr'><strong>qua:</strong></span> <span class='ocrx_word' id='word_1_413' title='bbox 2506 1865 2671 1921; x_wconf 88' lang='lat' dir='ltr'><strong>veluti</strong></span> <span class='ocrx_word' id='word_1_414' title='bbox 2703 1875 2853 1921; x_wconf 89' lang='lat' dir='ltr'><strong>veste</strong></span> <span class='ocrx_word' id='word_1_415' title='bbox 2881 1866 3208 1938; x_wconf 86' lang='lat' dir='ltr'><strong>bombycina</strong></span> <span class='ocrx_word' id='word_1_416' title='bbox 3243 1881 3358 1921; x_wconf 88' lang='lat' dir='ltr'><strong>rur-</strong></span> 
     </span>
    </p>
   </div>
   <div class='ocr_carea' id='block_1_60' title="bbox 1778 1954 3356 2027">
    <p class='ocr_par' dir='ltr' id='par_1_60' title="bbox 1778 1954 3356 2027">
     <span class='ocr_line' id='line_1_60' title="bbox 1778 1954 3356 2027; baseline 0.003 -18"><span class='ocrx_word' id='word_1_417' title='bbox 1778 1971 1874 2011; x_wconf 87' lang='lat' dir='ltr'><strong>sns</strong></span> <span class='ocrx_word' id='word_1_418' title='bbox 1902 1954 2091 2010; x_wconf 86' lang='lat' dir='ltr'><strong>induta</strong></span> <span class='ocrx_word' id='word_1_419' title='bbox 2124 1956 2265 2019; x_wconf 90' lang='lat' dir='ltr'><strong>luce,</strong></span> <span class='ocrx_word' id='word_1_420' title='bbox 2300 1964 2535 2011; x_wconf 88' lang='lat' dir='ltr'><strong>attracto</strong></span> <span class='ocrx_word' id='word_1_421' title='bbox 2566 1958 2992 2027; x_wconf 79' lang='lat' dir='ltr'><strong>complemento,</strong></span> <span class='ocrx_word' id='word_1_422' title='bbox 3044 1959 3221 2012; x_wconf 87' lang='lat' dir='ltr'><strong>instar</strong></span> <span class='ocrx_word' id='word_1_423' title='bbox 3266 1972 3356 2013; x_wconf 84' lang='lat' dir='ltr'><strong>re-</strong></span> 
     </span>
    </p>
   </div>
   <div class='ocr_carea' id='block_1_61' title="bbox 1776 2047 3357 2120">
    <p class='ocr_par' dir='ltr' id='par_1_61' title="bbox 1776 2047 3357 2120">
     <span class='ocr_line' id='line_1_61' title="bbox 1776 2047 3357 2120; baseline 0.004 -20"><span class='ocrx_word' id='word_1_424' title='bbox 1776 2048 1914 2117; x_wconf 69' lang='lat' dir='ltr'><strong>ginae</strong></span> <span class='ocrx_word' id='word_1_425' title='bbox 1939 2051 2203 2117; x_wconf 79' lang='lat' dir='ltr'><strong>procedit.</strong></span> <span class='ocrx_word' id='word_1_426' title='bbox 2232 2047 2438 2118; x_wconf 87' lang='lat' dir='ltr'><strong>Estque</strong></span> <span class='ocrx_word' id='word_1_427' title='bbox 2467 2048 2690 2105; x_wconf 86' lang='lat' dir='ltr'><strong>evidens</strong></span> <span class='ocrx_word' id='word_1_428' title='bbox 2716 2050 2895 2120; x_wconf 80' lang='lat' dir='ltr'><strong>imago</strong></span> <span class='ocrx_word' id='word_1_429' title='bbox 2920 2057 3122 2106; x_wconf 63' lang='lat' dir='ltr'><strong>nostrae</strong></span> <span class='ocrx_word' id='word_1_430' title='bbox 3145 2060 3357 2107; x_wconf 72' lang='lat' dir='ltr'><strong>natura</strong></span> 
     </span>
    </p>
   </div>
   <div class='ocr_carea' id='block_1_62' title="bbox 1777 2141 3353 2211">
    <p class='ocr_par' dir='ltr' id='par_1_62' title="bbox 1777 2141 3353 2211">
     <span class='ocr_line' id='line_1_62' title="bbox 1777 2141 3353 2211; baseline 0.003 -19"><span class='ocrx_word' id='word_1_431' title='bbox 1777 2154 2033 2203; x_wconf 89' lang='lat' dir='ltr'><strong>nascens,</strong></span> <span class='ocrx_word' id='word_1_432' title='bbox 2075 2154 2355 2203; x_wconf 87' lang='lat' dir='ltr'><strong>crescens,</strong></span> <span class='ocrx_word' id='word_1_433' title='bbox 2400 2141 2596 2211; x_wconf 89' lang='lat' dir='ltr'><strong>plena,</strong></span> <span class='ocrx_word' id='word_1_434' title='bbox 2640 2142 2988 2205; x_wconf 87' lang='lat' dir='ltr'><strong>decrescens,</strong></span> <span class='ocrx_word' id='word_1_435' title='bbox 3040 2142 3353 2208; x_wconf 86' lang='lat' dir='ltr'><strong>imminuta,</strong></span> 
     </span>
    </p>
   </div>
   <div class='ocr_carea' id='block_1_63' title="bbox 1776 2230 3359 2303">
    <p class='ocr_par' dir='ltr' id='par_1_63' title="bbox 1776 2230 3359 2303">
     <span class='ocr_line' id='line_1_63' title="bbox 1776 2230 3359 2303; baseline 0.006 -20"><span class='ocrx_word' id='word_1_436' title='bbox 1776 2230 2055 2296; x_wconf 87' lang='lat' dir='ltr'><strong>occidens,</strong></span> <span class='ocrx_word' id='word_1_437' title='bbox 2081 2246 2190 2286; x_wconf 92' lang='lat' dir='ltr'><strong>non</strong></span> <span class='ocrx_word' id='word_1_438' title='bbox 2223 2240 2402 2288; x_wconf 88' lang='lat' dir='ltr'><strong>tamen</strong></span> <span class='ocrx_word' id='word_1_439' title='bbox 2439 2248 2668 2303; x_wconf 91' lang='lat' dir='ltr'><strong>prorsus</strong></span> <span class='ocrx_word' id='word_1_440' title='bbox 2695 2235 3046 2291; x_wconf 78' lang='lat' dir='ltr'><strong>intercidens.</strong></span> <span class='ocrx_word' id='word_1_441' title='bbox 3082 2235 3359 2292; x_wconf 82' lang='lat' dir='ltr'><strong>Consimi-</strong></span> 
     </span>
    </p>
   </div>
   <div class='ocr_carea' id='block_1_64' title="bbox 1780 2318 3354 2393">
    <p class='ocr_par' dir='ltr' id='par_1_64' title="bbox 1780 2318 3354 2393">
     <span class='ocr_line' id='line_1_64' title="bbox 1780 2318 3354 2393; baseline 0.006 -22"><span class='ocrx_word' id='word_1_442' title='bbox 1780 2318 1903 2373; x_wconf 84' lang='lat' dir='ltr'><strong>liter</strong></span> <span class='ocrx_word' id='word_1_443' title='bbox 1935 2327 1991 2373; x_wconf 91' lang='lat' dir='ltr'><strong>et</strong></span> <span class='ocrx_word' id='word_1_444' title='bbox 2018 2334 2119 2374; x_wconf 92' lang='lat' dir='ltr'><strong>nos</strong></span> <span class='ocrx_word' id='word_1_445' title='bbox 2149 2319 2455 2384; x_wconf 87' lang='lat' dir='ltr'><strong>nascimur,</strong></span> <span class='ocrx_word' id='word_1_446' title='bbox 2488 2322 2792 2377; x_wconf 85' lang='lat' dir='ltr'><strong>crescimus</strong></span> <span class='ocrx_word' id='word_1_447' title='bbox 2812 2366 2827 2389; x_wconf 91' lang='lat'><strong>,</strong></span> <span class='ocrx_word' id='word_1_448' title='bbox 2860 2325 2927 2377; x_wconf 89' lang='lat' dir='ltr'><strong>ad</strong></span> <span class='ocrx_word' id='word_1_449' title='bbox 2958 2325 3354 2393; x_wconf 83' lang='lat' dir='ltr'><strong>plenitudinem</strong></span> 
     </span>
    </p>
   </div>
   <div class='ocr_carea' id='block_1_65' title="bbox 1775 2410 3357 2487">
    <p class='ocr_par' dir='ltr' id='par_1_65' title="bbox 1775 2410 3357 2487">
     <span class='ocr_line' id='line_1_65' title="bbox 1775 2410 3357 2487; baseline 0.004 -22"><span class='ocrx_word' id='word_1_450' title='bbox 1775 2410 2059 2466; x_wconf 82' lang='lat' dir='ltr'><strong>evadimus</strong></span> <span class='ocrx_word' id='word_1_451' title='bbox 2084 2410 2138 2464; x_wconf 94' lang='lat' dir='ltr'><strong>in</strong></span> <span class='ocrx_word' id='word_1_452' title='bbox 2172 2418 2455 2466; x_wconf 87' lang='lat' dir='ltr'><strong>senectute</strong></span> <span class='ocrx_word' id='word_1_453' title='bbox 2481 2429 2496 2465; x_wconf 83' lang='lat'><strong>:</strong></span> <span class='ocrx_word' id='word_1_454' title='bbox 2529 2412 2603 2466; x_wconf 90' lang='lat' dir='ltr'><strong>ita</strong></span> <span class='ocrx_word' id='word_1_455' title='bbox 2635 2412 2832 2468; x_wconf 90' lang='lat' dir='ltr'><strong>deinde</strong></span> <span class='ocrx_word' id='word_1_456' title='bbox 2853 2414 3140 2471; x_wconf 88' lang='lat' dir='ltr'><strong>delicimus</strong></span> <span class='ocrx_word' id='word_1_457' title='bbox 3169 2416 3357 2487; x_wconf 81' lang='lat' dir='ltr'><strong>vigore</strong></span> 
     </span>
    </p>
   </div>
   <div class='ocr_carea' id='block_1_66' title="bbox 1776 2502 3357 2577">
    <p class='ocr_par' dir='ltr' id='par_1_66' title="bbox 1776 2502 3357 2577">
     <span class='ocr_line' id='line_1_66' title="bbox 1776 2502 3357 2577; baseline 0.003 -20"><span class='ocrx_word' id='word_1_458' title='bbox 1776 2503 1958 2566; x_wconf 81' lang='lat' dir='ltr'><strong>faciei,</strong></span> <span class='ocrx_word' id='word_1_459' title='bbox 1992 2502 2369 2558; x_wconf 85' lang='lat' dir='ltr'><strong>decrescimus</strong></span> <span class='ocrx_word' id='word_1_460' title='bbox 2392 2502 2664 2573; x_wconf 80' lang='lat' dir='ltr'><strong>elegantia</strong></span> <span class='ocrx_word' id='word_1_461' title='bbox 2694 2506 2918 2568; x_wconf 90' lang='lat' dir='ltr'><strong>coloris,</strong></span> <span class='ocrx_word' id='word_1_462' title='bbox 2957 2515 3012 2560; x_wconf 90' lang='lat' dir='ltr'><strong>et</strong></span> <span class='ocrx_word' id='word_1_463' title='bbox 3056 2507 3231 2577; x_wconf 86' lang='lat' dir='ltr'><strong>gratia</strong></span> <span class='ocrx_word' id='word_1_464' title='bbox 3257 2505 3357 2561; x_wconf 82' lang='lat' dir='ltr'><strong>flo-</strong></span> 
     </span>
    </p>
   </div>
   <div class='ocr_carea' id='block_1_67' title="bbox 1780 2594 3355 2664">
    <p class='ocr_par' dir='ltr' id='par_1_67' title="bbox 1780 2594 3355 2664">
     <span class='ocr_line' id='line_1_67' title="bbox 1780 2594 3355 2664; baseline 0.002 -16"><span class='ocrx_word' id='word_1_465' title='bbox 1780 2595 1854 2649; x_wconf 85' lang='lat' dir='ltr'><strong>ris</strong></span> <span class='ocrx_word' id='word_1_466' title='bbox 1884 2596 1937 2648; x_wconf 92' lang='lat' dir='ltr'><strong>in</strong></span> <span class='ocrx_word' id='word_1_467' title='bbox 1969 2595 2147 2660; x_wconf 90' lang='lat' dir='ltr'><strong>vultu,</strong></span> <span class='ocrx_word' id='word_1_468' title='bbox 2180 2594 2367 2648; x_wconf 87' lang='lat' dir='ltr'><strong>rubori</strong></span> <span class='ocrx_word' id='word_1_469' title='bbox 2399 2596 2663 2664; x_wconf 86' lang='lat' dir='ltr'><strong>pallorem</strong></span> <span class='ocrx_word' id='word_1_470' title='bbox 2697 2596 3129 2653; x_wconf 88' lang='lat' dir='ltr'><strong>introducentes.</strong></span> <span class='ocrx_word' id='word_1_471' title='bbox 3162 2598 3355 2652; x_wconf 89' lang='lat' dir='ltr'><strong>Immi-</strong></span> 
     </span>
    </p>
   </div>
   <div class='ocr_carea' id='block_1_68' title="bbox 1776 2686 3355 2756">
    <p class='ocr_par' dir='ltr' id='par_1_68' title="bbox 1776 2686 3355 2756">
     <span class='ocr_line' id='line_1_68' title="bbox 1776 2686 3355 2756; baseline 0.003 -16"><span class='ocrx_word' id='word_1_472' title='bbox 1776 2686 1996 2740; x_wconf 86' lang='lat' dir='ltr'><strong>nuimur</strong></span> <span class='ocrx_word' id='word_1_473' title='bbox 2027 2686 2273 2755; x_wconf 88' lang='lat' dir='ltr'><strong>corporis</strong></span> <span class='ocrx_word' id='word_1_474' title='bbox 2308 2686 2527 2751; x_wconf 86' lang='lat' dir='ltr'><strong>robore,</strong></span> <span class='ocrx_word' id='word_1_475' title='bbox 2554 2687 2874 2756; x_wconf 88' lang='lat' dir='ltr'><strong>incipientes</strong></span> <span class='ocrx_word' id='word_1_476' title='bbox 2899 2689 3155 2744; x_wconf 89' lang='lat' dir='ltr'><strong>incedere</strong></span> <span class='ocrx_word' id='word_1_477' title='bbox 3177 2689 3355 2755; x_wconf 86' lang='lat' dir='ltr'><strong>curvi,</strong></span> 
     </span>
    </p>
   </div>
   <div class='ocr_carea' id='block_1_69' title="bbox 1776 2777 3357 2850">
    <p class='ocr_par' dir='ltr' id='par_1_69' title="bbox 1776 2777 3357 2850">
     <span class='ocr_line' id='line_1_69' title="bbox 1776 2777 3357 2850; baseline 0.003 -18"><span class='ocrx_word' id='word_1_478' title='bbox 1776 2786 1831 2832; x_wconf 88' lang='lat' dir='ltr'><strong>et</strong></span> <span class='ocrx_word' id='word_1_479' title='bbox 1855 2778 2013 2831; x_wconf 89' lang='lat' dir='ltr'><strong>inniti</strong></span> <span class='ocrx_word' id='word_1_480' title='bbox 2045 2778 2262 2841; x_wconf 86' lang='lat' dir='ltr'><strong>baculo,</strong></span> <span class='ocrx_word' id='word_1_481' title='bbox 2294 2777 2361 2831; x_wconf 91' lang='lat' dir='ltr'><strong>ad</strong></span> <span class='ocrx_word' id='word_1_482' title='bbox 2396 2787 2597 2833; x_wconf 88' lang='lat' dir='ltr'><strong>terram</strong></span> <span class='ocrx_word' id='word_1_483' title='bbox 2630 2779 2909 2839; x_wconf 85' lang='lat' dir='ltr'><strong>inclinari,</strong></span> <span class='ocrx_word' id='word_1_484' title='bbox 2937 2790 2989 2835; x_wconf 91' lang='lat' dir='ltr'><strong>et</strong></span> <span class='ocrx_word' id='word_1_485' title='bbox 3025 2782 3143 2850; x_wconf 91' lang='lat' dir='ltr'><strong>ipso</strong></span> <span class='ocrx_word' id='word_1_486' title='bbox 3165 2781 3357 2836; x_wconf 85' lang='lat' dir='ltr'><strong>habitu</strong></span> 
     </span>
    </p>
   </div>
   <div class='ocr_carea' id='block_1_70' title="bbox 1778 2866 3357 2935">
    <p class='ocr_par' dir='ltr' id='par_1_70' title="bbox 1778 2866 3357 2935">
     <span class='ocr_line' id='line_1_70' title="bbox 1778 2866 3357 2935; baseline 0.004 -15"><span class='ocrx_word' id='word_1_487' title='bbox 1778 2868 1949 2935; x_wconf 82' lang='lat' dir='ltr'><strong>ipsam</strong></span> <span class='ocrx_word' id='word_1_488' title='bbox 2007 2868 2349 2923; x_wconf 84' lang='lat' dir='ltr'><strong>obtestantes</strong></span> <span class='ocrx_word' id='word_1_489' title='bbox 2388 2866 2565 2923; x_wconf 87' lang='lat' dir='ltr'><strong>:Ecce</strong></span> <span class='ocrx_word' id='word_1_490' title='bbox 2607 2867 2822 2923; x_wconf 88' lang='lat' dir='ltr'><strong>adsum.</strong></span> <span class='ocrx_word' id='word_1_491' title='bbox 2867 2869 3150 2935; x_wconf 77' lang='lat' dir='ltr'><strong>Morimur,</strong></span> <span class='ocrx_word' id='word_1_492' title='bbox 3197 2879 3252 2926; x_wconf 90' lang='lat' dir='ltr'><strong>et</strong></span> <span class='ocrx_word' id='word_1_493' title='bbox 3300 2872 3357 2926; x_wconf 89' lang='lat' dir='ltr'><strong>in</strong></span> 
     </span>
    </p>
   </div>
   <div class='ocr_carea' id='block_1_71' title="bbox 1781 2958 3358 3028">
    <p class='ocr_par' dir='ltr' id='par_1_71' title="bbox 1781 2958 3358 3028">
     <span class='ocr_line' id='line_1_71' title="bbox 1781 2958 3358 3028; baseline 0.006 -17"><span class='ocrx_word' id='word_1_494' title='bbox 1781 2959 1950 3027; x_wconf 89' lang='lat' dir='ltr'><strong>ipsam</strong></span> <span class='ocrx_word' id='word_1_495' title='bbox 1977 2958 2279 3013; x_wconf 89' lang='lat' dir='ltr'><strong>desinimus</strong></span> <span class='ocrx_word' id='word_1_496' title='bbox 2308 2973 2557 3028; x_wconf 88' lang='lat' dir='ltr'><strong>corpore,</strong></span> <span class='ocrx_word' id='word_1_497' title='bbox 2595 2975 2704 3013; x_wconf 89' lang='lat' dir='ltr'><strong>non</strong></span> <span class='ocrx_word' id='word_1_498' title='bbox 2740 2968 2918 3014; x_wconf 88' lang='lat' dir='ltr'><strong>tamen</strong></span> <span class='ocrx_word' id='word_1_499' title='bbox 2969 2962 3358 3020; x_wconf 86' lang='lat' dir='ltr'><strong>intercidentes</strong></span> 
     </span>
    </p>
   </div>
   <div class='ocr_carea' id='block_1_72' title="bbox 1780 3052 3355 3124">
    <p class='ocr_par' dir='ltr' id='par_1_72' title="bbox 1780 3052 3355 3124">
     <span class='ocr_line' id='line_1_72' title="bbox 1780 3052 3355 3124; baseline 0.002 -19"><span class='ocrx_word' id='word_1_500' title='bbox 1780 3052 1999 3120; x_wconf 81' lang='lat' dir='ltr'><strong>Spiritu,</strong></span> <span class='ocrx_word' id='word_1_501' title='bbox 2030 3052 2125 3106; x_wconf 89' lang='lat' dir='ltr'><strong>sed</strong></span> <span class='ocrx_word' id='word_1_502' title='bbox 2156 3052 2318 3121; x_wconf 88' lang='lat' dir='ltr'><strong>paulo</strong></span> <span class='ocrx_word' id='word_1_503' title='bbox 2342 3063 2467 3120; x_wconf 90' lang='lat' dir='ltr'><strong>post</strong></span> <span class='ocrx_word' id='word_1_504' title='bbox 2492 3052 2743 3120; x_wconf 83' lang='lat' dir='ltr'><strong>deposito</strong></span> <span class='ocrx_word' id='word_1_505' title='bbox 2789 3053 2975 3107; x_wconf 89' lang='lat' dir='ltr'><strong>carnis</strong></span> <span class='ocrx_word' id='word_1_506' title='bbox 3020 3054 3185 3124; x_wconf 88' lang='lat' dir='ltr'><strong>pallio</strong></span> <span class='ocrx_word' id='word_1_507' title='bbox 3230 3070 3355 3108; x_wconf 85' lang='lat' dir='ltr'><strong>rur-</strong></span> 
     </span>
    </p>
   </div>
   <div class='ocr_carea' id='block_1_73' title="bbox 1778 3143 3357 3216">
    <p class='ocr_par' dir='ltr' id='par_1_73' title="bbox 1778 3143 3357 3216">
     <span class='ocr_line' id='line_1_73' title="bbox 1778 3143 3357 3216; baseline 0.003 -19"><span class='ocrx_word' id='word_1_508' title='bbox 1778 3158 1874 3197; x_wconf 90' lang='lat' dir='ltr'><strong>sus</strong></span> <span class='ocrx_word' id='word_1_509' title='bbox 1900 3144 2080 3197; x_wconf 83' lang='lat' dir='ltr'><strong>anima</strong></span> <span class='ocrx_word' id='word_1_510' title='bbox 2104 3144 2351 3198; x_wconf 86' lang='lat' dir='ltr'><strong>vestitur.</strong></span> <span class='ocrx_word' id='word_1_511' title='bbox 2383 3143 2502 3197; x_wconf 84' lang='lat' dir='ltr'><strong>Non</strong></span> <span class='ocrx_word' id='word_1_512' title='bbox 2535 3144 2685 3198; x_wconf 85' lang='lat' dir='ltr'><strong>enim</strong></span> <span class='ocrx_word' id='word_1_513' title='bbox 2713 3160 2811 3215; x_wconf 86' lang='lat' dir='ltr'><strong>ego</strong></span> <span class='ocrx_word' id='word_1_514' title='bbox 2839 3162 2960 3200; x_wconf 80' lang='lat' dir='ltr'><strong>sum</strong></span> <span class='ocrx_word' id='word_1_515' title='bbox 2992 3162 3192 3216; x_wconf 89' lang='lat' dir='ltr'><strong>corpus</strong></span> <span class='ocrx_word' id='word_1_516' title='bbox 3213 3186 3229 3212; x_wconf 90' lang='lat'><strong>,</strong></span> <span class='ocrx_word' id='word_1_517' title='bbox 3260 3146 3357 3204; x_wconf 86' lang='lat' dir='ltr'><strong>sed</strong></span> 
     </span>
    </p>
   </div>
   <div class='ocr_carea' id='block_1_74' title="bbox 1778 3234 3360 3308">
    <p class='ocr_par' dir='ltr' id='par_1_74' title="bbox 1778 3234 3360 3308">
     <span class='ocr_line' id='line_1_74' title="bbox 1778 3234 3360 3308; baseline 0.003 -19"><span class='ocrx_word' id='word_1_518' title='bbox 1778 3248 1878 3304; x_wconf 85' lang='lat' dir='ltr'><strong>ego</strong></span> <span class='ocrx_word' id='word_1_519' title='bbox 1901 3234 2120 3304; x_wconf 87' lang='lat' dir='ltr'><strong>quidem</strong></span> <span class='ocrx_word' id='word_1_520' title='bbox 2172 3236 2377 3298; x_wconf 89' lang='lat' dir='ltr'><strong>anima,</strong></span> <span class='ocrx_word' id='word_1_521' title='bbox 2425 3250 2603 3288; x_wconf 89' lang='lat' dir='ltr'><strong>meum</strong></span> <span class='ocrx_word' id='word_1_522' title='bbox 2658 3244 2839 3289; x_wconf 90' lang='lat' dir='ltr'><strong>autem</strong></span> <span class='ocrx_word' id='word_1_523' title='bbox 2882 3235 2986 3290; x_wconf 86' lang='lat' dir='ltr'><strong>hoc</strong></span> <span class='ocrx_word' id='word_1_524' title='bbox 3032 3251 3257 3308; x_wconf 90' lang='lat' dir='ltr'><strong>corpus,</strong></span> <span class='ocrx_word' id='word_1_525' title='bbox 3304 3244 3360 3293; x_wconf 83' lang='lat' dir='ltr'><strong>et</strong></span> 
     </span>
    </p>
   </div>
   <div class='ocr_carea' id='block_1_75' title="bbox 1780 3329 3359 3399">
    <p class='ocr_par' dir='ltr' id='par_1_75' title="bbox 1780 3329 3359 3399">
     <span class='ocr_line' id='line_1_75' title="bbox 1780 3329 3359 3399; baseline 0.003 -18"><span class='ocrx_word' id='word_1_526' title='bbox 1780 3343 2124 3399; x_wconf 62' lang='lat' dir='ltr'><strong>quaecunque</strong></span> <span class='ocrx_word' id='word_1_527' title='bbox 2150 3342 2213 3381; x_wconf 82' lang='lat' dir='ltr'><strong>ex</strong></span> <span class='ocrx_word' id='word_1_528' title='bbox 2252 3337 2395 3383; x_wconf 87' lang='lat' dir='ltr'><strong>terra</strong></span> <span class='ocrx_word' id='word_1_529' title='bbox 2429 3334 2732 3382; x_wconf 85' lang='lat' dir='ltr'><strong>nascuntur</strong></span> <span class='ocrx_word' id='word_1_530' title='bbox 2763 3347 2776 3381; x_wconf 91' lang='lat'><strong>:</strong></span> <span class='ocrx_word' id='word_1_531' title='bbox 2814 3329 2957 3383; x_wconf 88' lang='lat' dir='ltr'><strong>unde</strong></span> <span class='ocrx_word' id='word_1_532' title='bbox 2990 3337 3044 3383; x_wconf 92' lang='lat' dir='ltr'><strong>et</strong></span> <span class='ocrx_word' id='word_1_533' title='bbox 3086 3330 3187 3384; x_wconf 86' lang='lat' dir='ltr'><strong>hoc</strong></span> <span class='ocrx_word' id='word_1_534' title='bbox 3234 3346 3359 3386; x_wconf 88' lang='lat' dir='ltr'><strong>rur-</strong></span> 
     </span>
    </p>
   </div>
   <div class='ocr_carea' id='block_1_76' title="bbox 1781 3419 3358 3490">
    <p class='ocr_par' dir='ltr' id='par_1_76' title="bbox 1781 3419 3358 3490">
     <span class='ocr_line' id='line_1_76' title="bbox 1781 3419 3358 3490; baseline -0.001 -14"><span class='ocrx_word' id='word_1_535' title='bbox 1781 3435 1878 3476; x_wconf 80' lang='lat' dir='ltr'><strong>sus</strong></span> <span class='ocrx_word' id='word_1_536' title='bbox 1906 3429 2028 3490; x_wconf 84' lang='lat' dir='ltr'><strong>post</strong></span> <span class='ocrx_word' id='word_1_537' title='bbox 2058 3421 2338 3475; x_wconf 88' lang='lat' dir='ltr'><strong>interitum</strong></span> <span class='ocrx_word' id='word_1_538' title='bbox 2369 3419 2638 3483; x_wconf 89' lang='lat' dir='ltr'><strong>nascitur,</strong></span> <span class='ocrx_word' id='word_1_539' title='bbox 2669 3426 2728 3473; x_wconf 90' lang='lat' dir='ltr'><strong>ut</strong></span> <span class='ocrx_word' id='word_1_540' title='bbox 2757 3420 2887 3474; x_wconf 86' lang='lat' dir='ltr'><strong>luna</strong></span> <span class='ocrx_word' id='word_1_541' title='bbox 2913 3435 3034 3490; x_wconf 74' lang='lat' dir='ltr'><strong>qua:</strong></span> <span class='ocrx_word' id='word_1_542' title='bbox 3064 3421 3228 3475; x_wconf 85' lang='lat' dir='ltr'><strong>veluti</strong></span> <span class='ocrx_word' id='word_1_543' title='bbox 3270 3437 3358 3475; x_wconf 82' lang='lat' dir='ltr'><strong>re-</strong></span> 
     </span>
    </p>
   </div>
   <div class='ocr_carea' id='block_1_77' title="bbox 1774 3512 3358 3585">
    <p class='ocr_par' dir='ltr' id='par_1_77' title="bbox 1774 3512 3358 3585">
     <span class='ocr_line' id='line_1_77' title="bbox 1774 3512 3358 3585; baseline 0.001 -18"><span class='ocrx_word' id='word_1_544' title='bbox 1774 3514 2068 3577; x_wconf 84' lang='lat' dir='ltr'><strong>viviscens,</strong></span> <span class='ocrx_word' id='word_1_545' title='bbox 2091 3512 2192 3567; x_wconf 88' lang='lat' dir='ltr'><strong>sub</strong></span> <span class='ocrx_word' id='word_1_546' title='bbox 2216 3523 2495 3581; x_wconf 87' lang='lat' dir='ltr'><strong>aspectum</strong></span> <span class='ocrx_word' id='word_1_547' title='bbox 2518 3512 2775 3568; x_wconf 84' lang='lat' dir='ltr'><strong>omnibus</strong></span> <span class='ocrx_word' id='word_1_548' title='bbox 2799 3514 2968 3567; x_wconf 87' lang='lat' dir='ltr'><strong>venit.</strong></span> <span class='ocrx_word' id='word_1_549' title='bbox 2995 3513 3358 3585; x_wconf 85' lang='lat' dir='ltr'><strong>Quandoqui-</strong></span> 
     </span>
    </p>
   </div>
   <div class='ocr_carea' id='block_1_78' title="bbox 1775 3605 3359 3675">
    <p class='ocr_par' dir='ltr' id='par_1_78' title="bbox 1775 3605 3359 3675">
     <span class='ocr_line' id='line_1_78' title="bbox 1775 3605 3359 3675; baseline -0.001 -14"><span class='ocrx_word' id='word_1_550' title='bbox 1775 3605 1899 3662; x_wconf 91' lang='lat' dir='ltr'><strong>dem</strong></span> <span class='ocrx_word' id='word_1_551' title='bbox 1925 3613 1979 3662; x_wconf 88' lang='lat' dir='ltr'><strong>et</strong></span> <span class='ocrx_word' id='word_1_552' title='bbox 2008 3621 2112 3662; x_wconf 91' lang='lat' dir='ltr'><strong>nos</strong></span> <span class='ocrx_word' id='word_1_553' title='bbox 2139 3607 2191 3659; x_wconf 92' lang='lat' dir='ltr'><strong>in</strong></span> <span class='ocrx_word' id='word_1_554' title='bbox 2226 3607 2480 3675; x_wconf 89' lang='lat' dir='ltr'><strong>sepulcro</strong></span> <span class='ocrx_word' id='word_1_555' title='bbox 2534 3607 2898 3673; x_wconf 86' lang='lat' dir='ltr'><strong>intereuntes,</strong></span> <span class='ocrx_word' id='word_1_556' title='bbox 2946 3622 3142 3663; x_wconf 88' lang='lat' dir='ltr'><strong>rursus</strong></span> <span class='ocrx_word' id='word_1_557' title='bbox 3174 3624 3359 3663; x_wconf 85' lang='lat' dir='ltr'><strong>resur—</strong></span> 
     </span>
    </p>
   </div>
   <div class='ocr_carea' id='block_1_79' title="bbox 1775 3697 3356 3769">
    <p class='ocr_par' dir='ltr' id='par_1_79' title="bbox 1775 3697 3356 3769">
     <span class='ocr_line' id='line_1_79' title="bbox 1775 3697 3356 3769; baseline -0.001 -16"><span class='ocrx_word' id='word_1_558' title='bbox 1775 3713 1990 3769; x_wconf 80' lang='lat' dir='ltr'><strong>gemus,</strong></span> <span class='ocrx_word' id='word_1_559' title='bbox 2023 3699 2175 3767; x_wconf 88' lang='lat' dir='ltr'><strong>quasi</strong></span> <span class='ocrx_word' id='word_1_560' title='bbox 2214 3697 2390 3753; x_wconf 89' lang='lat' dir='ltr'><strong>renati</strong></span> <span class='ocrx_word' id='word_1_561' title='bbox 2417 3697 2720 3751; x_wconf 89' lang='lat' dir='ltr'><strong>secundum</strong></span> <span class='ocrx_word' id='word_1_562' title='bbox 2761 3698 2989 3752; x_wconf 87' lang='lat' dir='ltr'><strong>verbum</strong></span> <span class='ocrx_word' id='word_1_563' title='bbox 3044 3698 3177 3752; x_wconf 91' lang='lat' dir='ltr'><strong>illud</strong></span> <span class='ocrx_word' id='word_1_564' title='bbox 3217 3699 3356 3752; x_wconf 57' lang='lat' dir='ltr'><strong>divi-</strong></span> 
     </span>
    </p>
   </div>
   <div class='ocr_carea' id='block_1_80' title="bbox 1781 3786 3449 3860">
    <p class='ocr_par' dir='ltr' id='par_1_80' title="bbox 1781 3786 3449 3860">
     <span class='ocr_line' id='line_1_80' title="bbox 1781 3786 3449 3860; baseline -0.003 -16"><span class='ocrx_word' id='word_1_565' title='bbox 1781 3804 1911 3845; x_wconf 87' lang='lat' dir='ltr'><strong>num</strong></span> <span class='ocrx_word' id='word_1_566' title='bbox 1944 3790 2206 3853; x_wconf 74' lang='lat' dir='ltr'><strong>:Quando</strong></span> <span class='ocrx_word' id='word_1_567' title='bbox 2253 3790 2445 3843; x_wconf 79' lang='lat' dir='ltr'><strong>venerit</strong></span> <span class='ocrx_word' id='word_1_568' title='bbox 2493 3786 2671 3842; x_wconf 76' lang='lat' dir='ltr'><strong>Filius</strong></span> <span class='ocrx_word' id='word_1_569' title='bbox 2708 3789 2936 3844; x_wconf 78' lang='lat' dir='ltr'><strong>hominis</strong></span> <span class='ocrx_word' id='word_1_570' title='bbox 2974 3790 3028 3842; x_wconf 84' lang='lat' dir='ltr'><strong>in</strong></span> <span class='ocrx_word' id='word_1_571' title='bbox 3082 3806 3359 3860; x_wconf 76' lang='lat' dir='ltr'><strong>regenera-</strong></span> <span class='ocrx_word' id='word_1_572' title='bbox 3448 3834 3449 3839; x_wconf 47' lang='grc' dir='ltr'><strong>η</strong></span> 
     </span>
    </p>
   </div>
   <div class='ocr_carea' id='block_1_81' title="bbox 1780 3880 3361 3952">
    <p class='ocr_par' dir='ltr' id='par_1_81' title="bbox 1780 3880 3361 3952">
     <span class='ocr_line' id='line_1_81' title="bbox 1780 3880 3361 3952; baseline 0.001 -16"><span class='ocrx_word' id='word_1_573' title='bbox 1780 3884 1919 3936; x_wconf 81' lang='lat' dir='ltr'><strong>tione</strong></span> <span class='ocrx_word' id='word_1_574' title='bbox 1944 3882 2032 3935; x_wconf 72' lang='grc' dir='ltr'>πε</span> <span class='ocrx_word' id='word_1_575' title='bbox 2075 3897 2184 3952; x_wconf 85' lang='lat' dir='ltr'><strong>quo</strong></span> <span class='ocrx_word' id='word_1_576' title='bbox 2215 3891 2417 3937; x_wconf 72' lang='lat' dir='ltr'><strong>nostra:</strong></span> <span class='ocrx_word' id='word_1_577' title='bbox 2459 3880 2888 3937; x_wconf 86' lang='lat' dir='ltr'><strong>resurrectionis</strong></span> <span class='ocrx_word' id='word_1_578' title='bbox 2934 3890 3150 3950; x_wconf 88' lang='lat' dir='ltr'><strong>tempus</strong></span> <span class='ocrx_word' id='word_1_579' title='bbox 3189 3881 3361 3951; x_wconf 83' lang='lat' dir='ltr'><strong>signi-</strong></span> 
     </span>
    </p>
   </div>
   <div class='ocr_carea' id='block_1_82' title="bbox 1782 3973 1993 4028">
    <p class='ocr_par' dir='ltr' id='par_1_82' title="bbox 1782 3973 1993 4028">
     <span class='ocr_line' id='line_1_82' title="bbox 1782 3973 1993 4028; baseline 0.005 -1"><span class='ocrx_word' id='word_1_580' title='bbox 1782 3973 1993 4028; x_wconf 86' lang='lat' dir='ltr'><strong>ficatur.</strong></span> 
     </span>
    </p>
   </div>
   <div class='ocr_carea' id='block_1_83' title="bbox 118 4234 3346 4269">
    <p class='ocr_par' dir='ltr' id='par_1_83' title="bbox 118 4234 3346 4269">
     <span class='ocr_line' id='line_1_83' title="bbox 118 4234 3346 4269; baseline 0.004 -19"><span class='ocrx_word' id='word_1_581' title='bbox 118 4234 3346 4269; x_wconf 44' lang='lat' dir='ltr'><strong>—————-———_&#39;_—_—-—&quot;-_————&#39;————-——-———-—————q</strong></span> 
     </span>
    </p>
   </div>
   <div class='ocr_carea' id='block_1_84' title="bbox 500 4357 1223 4445">
    <p class='ocr_par' dir='ltr' id='par_1_84' title="bbox 500 4357 1223 4445">
     <span class='ocr_line' id='line_1_84' title="bbox 500 4357 1223 4445; baseline -0.004 -1"><span class='ocrx_word' id='word_1_582' title='bbox 500 4357 1047 4445; x_wconf 89' lang='grc' dir='ltr'><strong>ΔΙΑΛΟΓΟΣ</strong></span> <span class='ocrx_word' id='word_1_583' title='bbox 1135 4358 1223 4443; x_wconf 74' lang='grc' dir='ltr'><strong>ΒΞ</strong></span> 
     </span>
    </p>
   </div>
   <div class='ocr_carea' id='block_1_85' title="bbox 685 4585 1081 4640">
    <p class='ocr_par' dir='ltr' id='par_1_85' title="bbox 685 4585 1081 4640">
     <span class='ocr_line' id='line_1_85' title="bbox 685 4585 1081 4640; baseline 0.003 -1"><span class='ocrx_word' id='word_1_584' title='bbox 685 4585 815 4639; x_wconf 84' lang='grc' dir='ltr'><strong>ΠΕΥ</strong></span> <span class='ocrx_word' id='word_1_585' title='bbox 828 4586 931 4638; x_wconf 83' lang='grc' dir='ltr'><strong>ΣΙΣ</strong></span> <span class='ocrx_word' id='word_1_586' title='bbox 960 4586 1081 4640; x_wconf 88' lang='lat' dir='ltr'><strong>PA&#39;.</strong></span> 
     </span>
    </p>
   </div>
   <div class='ocr_carea' id='block_1_86' title="bbox 186 4675 1669 4749">
    <p class='ocr_par' dir='ltr' id='par_1_86' title="bbox 186 4675 1669 4749">
     <span class='ocr_line' id='line_1_86' title="bbox 186 4675 1669 4749; baseline 0.001 -20"><span class='ocrx_word' id='word_1_587' title='bbox 186 4675 395 4747; x_wconf 75' lang='grc' dir='ltr'>Ἐπειδὴ</span> <span class='ocrx_word' id='word_1_588' title='bbox 420 4675 733 4749; x_wconf 79' lang='grc' dir='ltr'>ἠκούσαμέν</span> <span class='ocrx_word' id='word_1_589' title='bbox 764 4694 856 4730; x_wconf 91' lang='grc' dir='ltr'><strong>σου</strong></span> <span class='ocrx_word' id='word_1_590' title='bbox 881 4677 1006 4748; x_wconf 78' lang='grc' dir='ltr'>χθὲς</span> <span class='ocrx_word' id='word_1_591' title='bbox 1036 4677 1171 4749; x_wconf 83' lang='grc' dir='ltr'>πρὸς</span> <span class='ocrx_word' id='word_1_592' title='bbox 1199 4676 1326 4740; x_wconf 76' lang='grc' dir='ltr'>τοὺς</span> <span class='ocrx_word' id='word_1_593' title='bbox 1354 4678 1669 4748; x_wconf 76' lang='grc' dir='ltr'>ἐρωτήσαν-</span> 
     </span>
    </p>
   </div>
   <div class='ocr_carea' id='block_1_87' title="bbox 122 4763 1673 4839">
    <p class='ocr_par' dir='ltr' id='par_1_87' title="bbox 122 4763 1673 4839">
     <span class='ocr_line' id='line_1_87' title="bbox 122 4763 1673 4839; baseline 0.014 -26"><span class='ocrx_word' id='word_1_594' title='bbox 122 4779 203 4827; x_wconf 71' lang='lat' dir='ltr'><strong>tu;</strong></span> <span class='ocrx_word' id='word_1_595' title='bbox 228 4767 489 4831; x_wconf 74' lang='grc' dir='ltr'>εἰπόντος,</span> <span class='ocrx_word' id='word_1_596' title='bbox 521 4766 725 4837; x_wconf 71' lang='grc' dir='ltr'>ἄψυχον</span> <span class='ocrx_word' id='word_1_597' title='bbox 756 4763 1015 4839; x_wconf 73' lang='grc' dir='ltr'>εἶναιτὴν</span> <span class='ocrx_word' id='word_1_598' title='bbox 1045 4767 1148 4837; x_wconf 81' lang='grc' dir='ltr'>γῆν</span> <span class='ocrx_word' id='word_1_599' title='bbox 1169 4784 1182 4798; x_wconf 68' lang='grc'><strong>⁸</strong></span> <span class='ocrx_word' id='word_1_600' title='bbox 1219 4767 1267 4819; x_wconf 86' lang='grc' dir='ltr'><strong>εί</strong></span> <span class='ocrx_word' id='word_1_601' title='bbox 1296 4768 1501 4839; x_wconf 75' lang='grc' dir='ltr'>ἄψυχός</span> <span class='ocrx_word' id='word_1_602' title='bbox 1537 4771 1673 4834; x_wconf 66' lang='grc' dir='ltr'><strong>ἐστιν</strong></span> 
     </span>
    </p>
   </div>
   <div class='ocr_carea' id='block_1_88' title="bbox 125 4856 1674 4933">
    <p class='ocr_par' dir='ltr' id='par_1_88' title="bbox 125 4856 1674 4933">
     <span class='ocr_line' id='line_1_88' title="bbox 125 4856 1674 4933; baseline 0.006 -28"><span class='ocrx_word' id='word_1_603' title='bbox 125 4856 221 4919; x_wconf 73' lang='grc' dir='ltr'>πῶς</span> <span class='ocrx_word' id='word_1_604' title='bbox 250 4859 524 4930; x_wconf 77' lang='grc' dir='ltr'>ἀπογεννᾷ</span> <span class='ocrx_word' id='word_1_605' title='bbox 557 4859 629 4912; x_wconf 81' lang='grc' dir='ltr'><strong>τὰ</strong></span> <span class='ocrx_word' id='word_1_606' title='bbox 659 4858 909 4930; x_wconf 77' lang='grc' dir='ltr'>έμψυχα,⁸</span> <span class='ocrx_word' id='word_1_607' title='bbox 943 4859 1090 4931; x_wconf 80' lang='grc' dir='ltr'>βοῦν,</span> <span class='ocrx_word' id='word_1_608' title='bbox 1131 4860 1420 4933; x_wconf 77' lang='grc' dir='ltr'>πρόϐατον,</span> <span class='ocrx_word' id='word_1_609' title='bbox 1467 4861 1674 4928; x_wconf 88' lang='grc' dir='ltr'>λέοντα,</span> 
     </span>
    </p>
   </div>
   <div class='ocr_carea' id='block_1_89' title="bbox 124 4945 1679 5024">
    <p class='ocr_par' dir='ltr' id='par_1_89' title="bbox 124 4945 1679 5024">
     <span class='ocr_line' id='line_1_89' title="bbox 124 4945 1679 5024; baseline 0.003 -22"><span class='ocrx_word' id='word_1_610' title='bbox 124 4945 389 5016; x_wconf 78' lang='grc' dir='ltr'>δράκοντα,</span> <span class='ocrx_word' id='word_1_611' title='bbox 422 4952 518 5004; x_wconf 75' lang='grc' dir='ltr'>καὶ</span> <span class='ocrx_word' id='word_1_612' title='bbox 547 4951 612 5004; x_wconf 74' lang='grc' dir='ltr'><strong>τὰ</strong></span> <span class='ocrx_word' id='word_1_613' title='bbox 641 4952 765 5021; x_wconf 79' lang='grc' dir='ltr'><strong>ἑξῆς</strong></span> <span class='ocrx_word' id='word_1_614' title='bbox 787 4951 919 5023; x_wconf 86' lang='grc' dir='ltr'>γένη</span> <span class='ocrx_word' id='word_1_615' title='bbox 952 4950 1163 5022; x_wconf 83' lang='grc' dir='ltr'>κτηνῶν</span> <span class='ocrx_word' id='word_1_616' title='bbox 1185 4952 1280 5006; x_wconf 75' lang='grc' dir='ltr'>καὶ</span> <span class='ocrx_word' id='word_1_617' title='bbox 1307 4952 1550 5024; x_wconf 78' lang='grc' dir='ltr'>ἑρπετῶν</span> <span class='ocrx_word' id='word_1_618' title='bbox 1586 4954 1679 5007; x_wconf 81' lang='grc' dir='ltr'>καὶ</span> 
     </span>
    </p>
   </div>
   <div class='ocr_carea' id='block_1_90' title="bbox 125 5036 826 5109">
    <p class='ocr_par' dir='ltr' id='par_1_90' title="bbox 125 5036 826 5109">
     <span class='ocr_line' id='line_1_90' title="bbox 125 5036 826 5109; baseline 0.011 -22"><span class='ocrx_word' id='word_1_619' title='bbox 125 5036 305 5109; x_wconf 76' lang='grc' dir='ltr'>θηρίων</span> <span class='ocrx_word' id='word_1_620' title='bbox 326 5041 422 5094; x_wconf 77' lang='grc' dir='ltr'>καὶ</span> <span class='ocrx_word' id='word_1_621' title='bbox 445 5042 554 5095; x_wconf 84' lang='grc' dir='ltr'><strong>τῶν</strong></span> <span class='ocrx_word' id='word_1_622' title='bbox 587 5042 790 5096; x_wconf 83' lang='grc' dir='ltr'>λοιπῶν</span> <span class='ocrx_word' id='word_1_623' title='bbox 810 5060 826 5108; x_wconf 88' lang='grc'><strong>;</strong></span> 
     </span>
    </p>
   </div>
   <div class='ocr_carea' id='block_1_91' title="bbox 697 5134 1055 5202">
    <p class='ocr_par' dir='ltr' id='par_1_91' title="bbox 697 5134 1055 5202">
     <span class='ocr_line' id='line_1_91' title="bbox 697 5134 1055 5202; baseline 0.008 -16"><span class='ocrx_word' id='word_1_624' title='bbox 697 5134 1055 5202; x_wconf 80' lang='grc' dir='ltr'>Ἀπόκρισις.</span> 
     </span>
    </p>
   </div>
   <div class='ocr_carea' id='block_1_92' title="bbox 183 5221 1675 5294">
    <p class='ocr_par' dir='ltr' id='par_1_92' title="bbox 183 5221 1675 5294">
     <span class='ocr_line' id='line_1_92' title="bbox 183 5221 1675 5294; baseline 0.005 -20"><span class='ocrx_word' id='word_1_625' title='bbox 183 5221 338 5275; x_wconf 81' lang='grc' dir='ltr'>Οὐδὲν</span> <span class='ocrx_word' id='word_1_626' title='bbox 395 5222 631 5288; x_wconf 87' lang='grc' dir='ltr'>τούτων,</span> <span class='ocrx_word' id='word_1_627' title='bbox 681 5222 921 5294; x_wconf 77' lang='grc' dir='ltr'>ἔμψυχον</span> <span class='ocrx_word' id='word_1_628' title='bbox 967 5224 1071 5294; x_wconf 82' lang='grc' dir='ltr'>γῆν</span> <span class='ocrx_word' id='word_1_629' title='bbox 1127 5242 1209 5278; x_wconf 89' lang='grc' dir='ltr'><strong>σοι</strong></span> <span class='ocrx_word' id='word_1_630' title='bbox 1260 5225 1637 5281; x_wconf 86' lang='grc' dir='ltr'>ἀποδείκνυσιν</span> <span class='ocrx_word' id='word_1_631' title='bbox 1661 5245 1675 5259; x_wconf 75' lang='grc'><strong><em>⁸</em></strong></span> 
     </span>
    </p>
   </div>
   <div class='ocr_carea' id='block_1_93' title="bbox 126 5310 1677 5387">
    <p class='ocr_par' dir='ltr' id='par_1_93' title="bbox 126 5310 1677 5387">
     <span class='ocr_line' id='line_1_93' title="bbox 126 5310 1677 5387; baseline 0.003 -22"><span class='ocrx_word' id='word_1_632' title='bbox 126 5310 230 5366; x_wconf 77' lang='grc' dir='ltr'>ἐπεὶ</span> <span class='ocrx_word' id='word_1_633' title='bbox 267 5313 439 5379; x_wconf 77' lang='grc' dir='ltr'>οὕτως</span> <span class='ocrx_word' id='word_1_634' title='bbox 469 5314 715 5385; x_wconf 84' lang='grc' dir='ltr'>δώσομεν</span> <span class='ocrx_word' id='word_1_635' title='bbox 764 5316 983 5378; x_wconf 80' lang='grc' dir='ltr'>πάντως</span> <span class='ocrx_word' id='word_1_636' title='bbox 1009 5316 1103 5368; x_wconf 71' lang='grc' dir='ltr'>καὶ</span> <span class='ocrx_word' id='word_1_637' title='bbox 1132 5316 1231 5387; x_wconf 84' lang='grc' dir='ltr'>τὴν</span> <span class='ocrx_word' id='word_1_638' title='bbox 1261 5316 1503 5387; x_wconf 82' lang='grc' dir='ltr'>ἄμπελον</span> <span class='ocrx_word' id='word_1_639' title='bbox 1540 5317 1677 5387; x_wconf 83' lang='grc' dir='ltr'><strong>μετά</strong></span> 
     </span>
    </p>
   </div>
   <div class='ocr_carea' id='block_1_94' title="bbox 125 5403 1673 5479">
    <p class='ocr_par' dir='ltr' id='par_1_94' title="bbox 125 5403 1673 5479">
     <span class='ocr_line' id='line_1_94' title="bbox 125 5403 1673 5479; baseline 0.005 -25"><span class='ocrx_word' id='word_1_640' title='bbox 125 5403 214 5457; x_wconf 83' lang='grc' dir='ltr'>τῶν</span> <span class='ocrx_word' id='word_1_641' title='bbox 241 5405 478 5479; x_wconf 86' lang='grc' dir='ltr'>βοτρύων</span> <span class='ocrx_word' id='word_1_642' title='bbox 521 5407 993 5462; x_wconf 83' lang='grc' dir='ltr'>ὑπολανθάνουσαν</span> <span class='ocrx_word' id='word_1_643' title='bbox 1014 5448 1029 5474; x_wconf 94' lang='grc'><strong>,</strong></span> <span class='ocrx_word' id='word_1_644' title='bbox 1062 5406 1273 5478; x_wconf 85' lang='grc' dir='ltr'>ἁθρόως</span> <span class='ocrx_word' id='word_1_645' title='bbox 1313 5407 1673 5479; x_wconf 84' lang='grc' dir='ltr'>ἀναδοθῆναι·</span> 
     </span>
    </p>
   </div>
   <div class='ocr_carea' id='block_1_95' title="bbox 128 5498 1673 5572">
    <p class='ocr_par' dir='ltr' id='par_1_95' title="bbox 128 5498 1673 5572">
     <span class='ocr_line' id='line_1_95' title="bbox 128 5498 1673 5572; baseline 0.012 -24"><span class='ocrx_word' id='word_1_646' title='bbox 128 5498 207 5550; x_wconf 73' lang='grc' dir='ltr'>καὶ</span> <span class='ocrx_word' id='word_1_647' title='bbox 249 5499 337 5555; x_wconf 82' lang='grc' dir='ltr'>τὸν</span> <span class='ocrx_word' id='word_1_648' title='bbox 387 5499 606 5570; x_wconf 76' lang='grc' dir='ltr'>φοίνικα</span> <span class='ocrx_word' id='word_1_649' title='bbox 653 5500 851 5572; x_wconf 79' lang='grc' dir='ltr'>καρπῷ</span> <span class='ocrx_word' id='word_1_650' title='bbox 903 5501 1085 5571; x_wconf 84' lang='grc' dir='ltr'>πλήρη</span> <span class='ocrx_word' id='word_1_651' title='bbox 1132 5499 1412 5569; x_wconf 83' lang='grc' dir='ltr'>ὑποφύντα</span> <span class='ocrx_word' id='word_1_652' title='bbox 1460 5503 1526 5571; x_wconf 84' lang='grc' dir='ltr'><strong>τῇ</strong></span> <span class='ocrx_word' id='word_1_653' title='bbox 1581 5502 1673 5572; x_wconf 76' lang='grc' dir='ltr'>γῇ,</span> 
     </span>
    </p>
   </div>
   <div class='ocr_carea' id='block_1_96' title="bbox 128 5587 1678 5663">
    <p class='ocr_par' dir='ltr' id='par_1_96' title="bbox 128 5587 1678 5663">
     <span class='ocr_line' id='line_1_96' title="bbox 128 5587 1678 5663; baseline 0.004 -24"><span class='ocrx_word' id='word_1_654' title='bbox 128 5587 316 5659; x_wconf 80' lang='grc' dir='ltr'>ἁθρόως</span> <span class='ocrx_word' id='word_1_655' title='bbox 351 5592 699 5663; x_wconf 80' lang='grc' dir='ltr'>ἀναπηδῆσαι</span> <span class='ocrx_word' id='word_1_656' title='bbox 728 5591 864 5663; x_wconf 76' lang='grc' dir='ltr'>πρὸς</span> <span class='ocrx_word' id='word_1_657' title='bbox 907 5592 1005 5657; x_wconf 80' lang='grc' dir='ltr'>τὴν</span> <span class='ocrx_word' id='word_1_658' title='bbox 1036 5592 1358 5661; x_wconf 70' lang='grc' dir='ltr'>ἐκφάνειαψ</span> <span class='ocrx_word' id='word_1_659' title='bbox 1401 5591 1546 5663; x_wconf 77' lang='grc' dir='ltr'>ἢτὸν</span> <span class='ocrx_word' id='word_1_660' title='bbox 1579 5609 1678 5645; x_wconf 78' lang='grc' dir='ltr'>πυ-</span> 
     </span>
    </p>
   </div>
   <div class='ocr_carea' id='block_1_97' title="bbox 128 5679 1676 5755">
    <p class='ocr_par' dir='ltr' id='par_1_97' title="bbox 128 5679 1676 5755">
     <span class='ocr_line' id='line_1_97' title="bbox 128 5679 1676 5755; baseline 0.003 -21"><span class='ocrx_word' id='word_1_661' title='bbox 128 5679 207 5749; x_wconf 72' lang='grc' dir='ltr'><strong>ρὸν</strong></span> <span class='ocrx_word' id='word_1_662' title='bbox 234 5684 342 5755; x_wconf 63' lang='grc'><strong>(54)</strong></span> <span class='ocrx_word' id='word_1_663' title='bbox 388 5685 569 5755; x_wconf 80' lang='grc' dir='ltr'>πλήρη</span> <span class='ocrx_word' id='word_1_664' title='bbox 620 5685 822 5755; x_wconf 81' lang='grc' dir='ltr'>στάχην</span> <span class='ocrx_word' id='word_1_665' title='bbox 862 5683 955 5737; x_wconf 78' lang='grc' dir='ltr'>καὶ</span> <span class='ocrx_word' id='word_1_666' title='bbox 1000 5683 1136 5754; x_wconf 70' lang='grc' dir='ltr'>πρὸς</span> <span class='ocrx_word' id='word_1_667' title='bbox 1185 5684 1396 5755; x_wconf 77' lang='grc' dir='ltr'>ἀμητδν</span> <span class='ocrx_word' id='word_1_668' title='bbox 1438 5684 1676 5755; x_wconf 79' lang='grc' dir='ltr'>ἕτοιμον,</span> 
     </span>
    </p>
   </div>
   <div class='ocr_carea' id='block_1_98' title="bbox 194 5833 1164 5911">
    <p class='ocr_par' dir='ltr' id='par_1_98' title="bbox 194 5833 1164 5911">
     <span class='ocr_line' id='line_1_98' title="bbox 194 5833 1164 5911; baseline -0.006 -18"><span class='ocrx_word' id='word_1_669' title='bbox 194 5840 293 5911; x_wconf 68' lang='grc'><strong>(34)</strong></span> <span class='ocrx_word' id='word_1_670' title='bbox 332 5838 549 5907; x_wconf 76' lang='grc' dir='ltr'>Πινρόν.</span> <span class='ocrx_word' id='word_1_671' title='bbox 582 5835 745 5891; x_wconf 84' lang='lat' dir='ltr'><strong>Forte</strong></span> <span class='ocrx_word' id='word_1_672' title='bbox 774 5835 979 5907; x_wconf 82' lang='grc' dir='ltr'>πυρῶν.</span> <span class='ocrx_word' id='word_1_673' title='bbox 1010 5833 1164 5889; x_wconf 75' lang='lat' dir='ltr'><strong>Eutr.</strong></span> 
     </span>
    </p>
   </div>
   <div class='ocr_carea' id='block_1_99' title="bbox 2148 4343 2974 4438">
    <p class='ocr_par' dir='ltr' id='par_1_99' title="bbox 2148 4343 2974 4438">
     <span class='ocr_line' id='line_1_99' title="bbox 2148 4343 2974 4438; baseline 0.011 -9"><span class='ocrx_word' id='word_1_674' title='bbox 2148 4343 2743 4436; x_wconf 89' lang='lat' dir='ltr'><strong>DIALOGUS</strong></span> <span class='ocrx_word' id='word_1_675' title='bbox 2839 4352 2974 4438; x_wconf 87' lang='lat' dir='ltr'><strong>ll.</strong></span> 
     </span>
    </p>
   </div>
   <div class='ocr_carea' id='block_1_100' title="bbox 2238 4580 2882 4641">
    <p class='ocr_par' dir='ltr' id='par_1_100' title="bbox 2238 4580 2882 4641">
     <span class='ocr_line' id='line_1_100' title="bbox 2238 4580 2882 4641; baseline 0.008 -7"><span class='ocrx_word' id='word_1_676' title='bbox 2238 4580 2758 4641; x_wconf 77' lang='lat' dir='ltr'><strong>INTERROGATIO</strong></span> <span class='ocrx_word' id='word_1_677' title='bbox 2799 4583 2882 4639; x_wconf 86' lang='lat' dir='ltr'><strong>Cl.</strong></span> 
     </span>
    </p>
   </div>
   <div class='ocr_carea' id='block_1_101' title="bbox 1849 4672 3355 4754">
    <p class='ocr_par' dir='ltr' id='par_1_101' title="bbox 1849 4672 3355 4754">
     <span class='ocr_line' id='line_1_101' title="bbox 1849 4672 3355 4754; baseline 0.009 -29"><span class='ocrx_word' id='word_1_678' title='bbox 1849 4672 2303 4743; x_wconf 86' lang='lat' dir='ltr'><strong>Quandoquidem</strong></span> <span class='ocrx_word' id='word_1_679' title='bbox 2361 4676 2672 4731; x_wconf 84' lang='lat' dir='ltr'><strong>audivimus</strong></span> <span class='ocrx_word' id='word_1_680' title='bbox 2727 4677 2844 4731; x_wconf 88' lang='lat' dir='ltr'><strong>heri</strong></span> <span class='ocrx_word' id='word_1_681' title='bbox 2894 4685 2946 4733; x_wconf 90' lang='lat' dir='ltr'><strong>te</strong></span> <span class='ocrx_word' id='word_1_682' title='bbox 2999 4678 3068 4733; x_wconf 91' lang='lat' dir='ltr'><strong>ad</strong></span> <span class='ocrx_word' id='word_1_683' title='bbox 3121 4695 3215 4737; x_wconf 90' lang='lat' dir='ltr'><strong>eos</strong></span> <span class='ocrx_word' id='word_1_684' title='bbox 3260 4683 3355 4754; x_wconf 89' lang='lat' dir='ltr'><strong>qui</strong></span> 
     </span>
    </p>
   </div>
   <div class='ocr_carea' id='block_1_102' title="bbox 1780 4766 3355 4842">
    <p class='ocr_par' dir='ltr' id='par_1_102' title="bbox 1780 4766 3355 4842">
     <span class='ocr_line' id='line_1_102' title="bbox 1780 4766 3355 4842; baseline 0.007 -24"><span class='ocrx_word' id='word_1_685' title='bbox 1780 4766 2171 4835; x_wconf 83' lang='lat' dir='ltr'><strong>quaesiverant,</strong></span> <span class='ocrx_word' id='word_1_686' title='bbox 2209 4767 2507 4831; x_wconf 81' lang='lat' dir='ltr'><strong>dicentem,</strong></span> <span class='ocrx_word' id='word_1_687' title='bbox 2551 4769 2908 4822; x_wconf 86' lang='lat' dir='ltr'><strong>inanimatam</strong></span> <span class='ocrx_word' id='word_1_688' title='bbox 2944 4785 3067 4826; x_wconf 91' lang='lat' dir='ltr'><strong>esse</strong></span> <span class='ocrx_word' id='word_1_689' title='bbox 3113 4779 3355 4842; x_wconf 88' lang='lat' dir='ltr'><strong>terram;</strong></span> 
     </span>
    </p>
   </div>
   <div class='ocr_carea' id='block_1_103' title="bbox 1780 4858 3357 4933">
    <p class='ocr_par' dir='ltr' id='par_1_103' title="bbox 1780 4858 3357 4933">
     <span class='ocr_line' id='line_1_103' title="bbox 1780 4858 3357 4933; baseline 0.006 -22"><span class='ocrx_word' id='word_1_690' title='bbox 1780 4860 1824 4912; x_wconf 92' lang='lat' dir='ltr'><strong>si</strong></span> <span class='ocrx_word' id='word_1_691' title='bbox 1861 4858 2104 4911; x_wconf 88' lang='lat' dir='ltr'><strong>inanima</strong></span> <span class='ocrx_word' id='word_1_692' title='bbox 2126 4866 2235 4921; x_wconf 88' lang='lat' dir='ltr'><strong>est,</strong></span> <span class='ocrx_word' id='word_1_693' title='bbox 2267 4859 2542 4928; x_wconf 86' lang='lat' dir='ltr'><strong>quomodo</strong></span> <span class='ocrx_word' id='word_1_694' title='bbox 2583 4869 2807 4929; x_wconf 84' lang='lat' dir='ltr'><strong>generat</strong></span> <span class='ocrx_word' id='word_1_695' title='bbox 2833 4861 3095 4927; x_wconf 87' lang='lat' dir='ltr'><strong>animata,</strong></span> <span class='ocrx_word' id='word_1_696' title='bbox 3136 4863 3357 4933; x_wconf 89' lang='lat' dir='ltr'><strong>bovem,</strong></span> 
     </span>
    </p>
   </div>
   <div class='ocr_carea' id='block_1_104' title="bbox 1780 4950 3356 5024">
    <p class='ocr_par' dir='ltr' id='par_1_104' title="bbox 1780 4950 3356 5024">
     <span class='ocr_line' id='line_1_104' title="bbox 1780 4950 3356 5024; baseline 0.007 -23"><span class='ocrx_word' id='word_1_697' title='bbox 1780 4964 1960 5013; x_wconf 86' lang='lat' dir='ltr'><strong>ovem,</strong></span> <span class='ocrx_word' id='word_1_698' title='bbox 1997 4950 2234 5013; x_wconf 90' lang='lat' dir='ltr'><strong>leonem,</strong></span> <span class='ocrx_word' id='word_1_699' title='bbox 2278 4950 2571 5005; x_wconf 87' lang='lat' dir='ltr'><strong>draconem</strong></span> <span class='ocrx_word' id='word_1_700' title='bbox 2622 4958 2676 5004; x_wconf 90' lang='lat' dir='ltr'><strong>et</strong></span> <span class='ocrx_word' id='word_1_701' title='bbox 2715 4959 2913 5006; x_wconf 57' lang='lat' dir='ltr'><strong>extera</strong></span> <span class='ocrx_word' id='word_1_702' title='bbox 2945 4968 3145 5024; x_wconf 85' lang='lat' dir='ltr'><strong>genera</strong></span> <span class='ocrx_word' id='word_1_703' title='bbox 3188 4971 3356 5024; x_wconf 89' lang='lat' dir='ltr'><strong>peco-</strong></span> 
     </span>
    </p>
   </div>
   <div class='ocr_carea' id='block_1_105' title="bbox 1780 5042 2814 5114">
    <p class='ocr_par' dir='ltr' id='par_1_105' title="bbox 1780 5042 2814 5114">
     <span class='ocr_line' id='line_1_105' title="bbox 1780 5042 2814 5114; baseline 0.003 -18"><span class='ocrx_word' id='word_1_704' title='bbox 1780 5057 1923 5107; x_wconf 90' lang='lat' dir='ltr'><strong>rum,</strong></span> <span class='ocrx_word' id='word_1_705' title='bbox 1955 5050 2012 5099; x_wconf 87' lang='lat' dir='ltr'><strong>et</strong></span> <span class='ocrx_word' id='word_1_706' title='bbox 2042 5042 2343 5114; x_wconf 90' lang='lat' dir='ltr'><strong>reptilium,</strong></span> <span class='ocrx_word' id='word_1_707' title='bbox 2383 5052 2437 5098; x_wconf 90' lang='lat' dir='ltr'><strong>et</strong></span> <span class='ocrx_word' id='word_1_708' title='bbox 2471 5043 2814 5099; x_wconf 78' lang='lat' dir='ltr'><strong>bestiarum?</strong></span> 
     </span>
    </p>
   </div>
   <div class='ocr_carea' id='block_1_106' title="bbox 2408 5134 2713 5204">
    <p class='ocr_par' dir='ltr' id='par_1_106' title="bbox 2408 5134 2713 5204">
     <span class='ocr_line' id='line_1_106' title="bbox 2408 5134 2713 5204; baseline 0.003 -15"><span class='ocrx_word' id='word_1_709' title='bbox 2408 5134 2713 5204; x_wconf 77' lang='lat' dir='ltr'><strong>Responsio.</strong></span> 
     </span>
    </p>
   </div>
   <div class='ocr_carea' id='block_1_107' title="bbox 1849 5223 3355 5286">
    <p class='ocr_par' dir='ltr' id='par_1_107' title="bbox 1849 5223 3355 5286">
     <span class='ocr_line' id='line_1_107' title="bbox 1849 5223 3355 5286; baseline 0.007 -10"><span class='ocrx_word' id='word_1_710' title='bbox 1849 5223 1994 5278; x_wconf 82' lang='lat' dir='ltr'><strong>Nihil</strong></span> <span class='ocrx_word' id='word_1_711' title='bbox 2029 5225 2222 5280; x_wconf 88' lang='lat' dir='ltr'><strong>horum</strong></span> <span class='ocrx_word' id='word_1_712' title='bbox 2252 5225 2549 5280; x_wconf 88' lang='lat' dir='ltr'><strong>animatam</strong></span> <span class='ocrx_word' id='word_1_713' title='bbox 2582 5234 2784 5281; x_wconf 90' lang='lat' dir='ltr'><strong>terram</strong></span> <span class='ocrx_word' id='word_1_714' title='bbox 2817 5242 2941 5284; x_wconf 90' lang='lat' dir='ltr'><strong>esse</strong></span> <span class='ocrx_word' id='word_1_715' title='bbox 2975 5227 3355 5286; x_wconf 86' lang='lat' dir='ltr'><strong>demonstrat:</strong></span> 
     </span>
    </p>
   </div>
   <div class='ocr_carea' id='block_1_108' title="bbox 1780 5316 3353 5387">
    <p class='ocr_par' dir='ltr' id='par_1_108' title="bbox 1780 5316 3353 5387">
     <span class='ocr_line' id='line_1_108' title="bbox 1780 5316 3353 5387; baseline 0.003 -15"><span class='ocrx_word' id='word_1_716' title='bbox 1780 5317 2049 5387; x_wconf 91' lang='lat' dir='ltr'><strong>siquidem</strong></span> <span class='ocrx_word' id='word_1_717' title='bbox 2082 5316 2186 5373; x_wconf 85' lang='lat' dir='ltr'><strong>hoc</strong></span> <span class='ocrx_word' id='word_1_718' title='bbox 2220 5319 2381 5375; x_wconf 92' lang='lat' dir='ltr'><strong>modo</strong></span> <span class='ocrx_word' id='word_1_719' title='bbox 2431 5320 2800 5376; x_wconf 73' lang='lat' dir='ltr'><strong>concedamus</strong></span> <span class='ocrx_word' id='word_1_720' title='bbox 2841 5322 3068 5376; x_wconf 89' lang='lat' dir='ltr'><strong>omnino</strong></span> <span class='ocrx_word' id='word_1_721' title='bbox 3099 5331 3152 5378; x_wconf 90' lang='lat' dir='ltr'><strong>et</strong></span> <span class='ocrx_word' id='word_1_722' title='bbox 3192 5324 3353 5378; x_wconf 86' lang='lat' dir='ltr'><strong>vitem</strong></span> 
     </span>
    </p>
   </div>
   <div class='ocr_carea' id='block_1_109' title="bbox 1780 5407 3355 5483">
    <p class='ocr_par' dir='ltr' id='par_1_109' title="bbox 1780 5407 3355 5483">
     <span class='ocr_line' id='line_1_109' title="bbox 1780 5407 3355 5483; baseline 0.004 -20"><span class='ocrx_word' id='word_1_723' title='bbox 1780 5424 1903 5463; x_wconf 83' lang='lat' dir='ltr'><strong>cum</strong></span> <span class='ocrx_word' id='word_1_724' title='bbox 1945 5407 2121 5465; x_wconf 89' lang='lat' dir='ltr'><strong>botris</strong></span> <span class='ocrx_word' id='word_1_725' title='bbox 2159 5408 2595 5479; x_wconf 87' lang='lat' dir='ltr'><strong>delitescentem,</strong></span> <span class='ocrx_word' id='word_1_726' title='bbox 2645 5411 2936 5468; x_wconf 79' lang='lat' dir='ltr'><strong>confestim</strong></span> <span class='ocrx_word' id='word_1_727' title='bbox 2984 5415 3251 5483; x_wconf 86' lang='lat' dir='ltr'><strong>proferri;</strong></span> <span class='ocrx_word' id='word_1_728' title='bbox 3298 5425 3355 5470; x_wconf 91' lang='lat' dir='ltr'><strong>et</strong></span> 
     </span>
    </p>
   </div>
   <div class='ocr_carea' id='block_1_110' title="bbox 1784 5498 3357 5574">
    <p class='ocr_par' dir='ltr' id='par_1_110' title="bbox 1784 5498 3357 5574">
     <span class='ocr_line' id='line_1_110' title="bbox 1784 5498 3357 5574; baseline 0.007 -24"><span class='ocrx_word' id='word_1_729' title='bbox 1784 5498 2017 5569; x_wconf 81' lang='lat' dir='ltr'><strong>palmam</strong></span> <span class='ocrx_word' id='word_1_730' title='bbox 2050 5499 2301 5554; x_wconf 88' lang='lat' dir='ltr'><strong>arborem</strong></span> <span class='ocrx_word' id='word_1_731' title='bbox 2332 5499 2570 5556; x_wconf 90' lang='lat' dir='ltr'><strong>fructum</strong></span> <span class='ocrx_word' id='word_1_732' title='bbox 2599 5502 2820 5572; x_wconf 86' lang='lat' dir='ltr'><strong>plenum</strong></span> <span class='ocrx_word' id='word_1_733' title='bbox 2853 5505 3221 5574; x_wconf 88' lang='lat' dir='ltr'><strong>proferentem</strong></span> <span class='ocrx_word' id='word_1_734' title='bbox 3252 5506 3357 5561; x_wconf 85' lang='lat' dir='ltr'><strong>sub</strong></span> 
     </span>
    </p>
   </div>
   <div class='ocr_carea' id='block_1_111' title="bbox 1785 5590 3356 5664">
    <p class='ocr_par' dir='ltr' id='par_1_111' title="bbox 1785 5590 3356 5664">
     <span class='ocr_line' id='line_1_111' title="bbox 1785 5590 3356 5664; baseline 0.004 -21"><span class='ocrx_word' id='word_1_735' title='bbox 1785 5599 1931 5644; x_wconf 88' lang='lat' dir='ltr'><strong>terra</strong></span> <span class='ocrx_word' id='word_1_736' title='bbox 1975 5605 2102 5644; x_wconf 83' lang='lat' dir='ltr'><strong>mox</strong></span> <span class='ocrx_word' id='word_1_737' title='bbox 2150 5590 2374 5646; x_wconf 80' lang='lat' dir='ltr'><strong>exsilire</strong></span> <span class='ocrx_word' id='word_1_738' title='bbox 2413 5599 2472 5645; x_wconf 92' lang='lat' dir='ltr'><strong>ut</strong></span> <span class='ocrx_word' id='word_1_739' title='bbox 2523 5602 2819 5664; x_wconf 87' lang='lat' dir='ltr'><strong>appareat;</strong></span> <span class='ocrx_word' id='word_1_740' title='bbox 2861 5602 2955 5649; x_wconf 89' lang='lat' dir='ltr'><strong>aut</strong></span> <span class='ocrx_word' id='word_1_741' title='bbox 3009 5606 3063 5650; x_wconf 90' lang='lat' dir='ltr'><strong>tu</strong></span> <span class='ocrx_word' id='word_1_742' title='bbox 3109 5597 3356 5650; x_wconf 87' lang='lat' dir='ltr'><strong>triticum</strong></span> 
     </span>
    </p>
   </div>
   <div class='ocr_carea' id='block_1_112' title="bbox 1785 5681 3358 5757">
    <p class='ocr_par' dir='ltr' id='par_1_112' title="bbox 1785 5681 3358 5757">
     <span class='ocr_line' id='line_1_112' title="bbox 1785 5681 3358 5757; baseline 0.004 -22"><span class='ocrx_word' id='word_1_743' title='bbox 1785 5681 2000 5751; x_wconf 81' lang='lat' dir='ltr'><strong>plenam</strong></span> <span class='ocrx_word' id='word_1_744' title='bbox 2028 5681 2236 5753; x_wconf 90' lang='lat' dir='ltr'><strong>spicam</strong></span> <span class='ocrx_word' id='word_1_745' title='bbox 2262 5689 2316 5739; x_wconf 88' lang='lat' dir='ltr'><strong>et</strong></span> <span class='ocrx_word' id='word_1_746' title='bbox 2348 5682 2416 5739; x_wconf 87' lang='lat' dir='ltr'><strong>ad</strong></span> <span class='ocrx_word' id='word_1_747' title='bbox 2454 5698 2690 5741; x_wconf 89' lang='lat' dir='ltr'><strong>messem</strong></span> <span class='ocrx_word' id='word_1_748' title='bbox 2722 5692 2972 5756; x_wconf 87' lang='lat' dir='ltr'><strong>paratam</strong></span> <span class='ocrx_word' id='word_1_749' title='bbox 3002 5685 3199 5742; x_wconf 87' lang='lat' dir='ltr'><strong>subtus</strong></span> <span class='ocrx_word' id='word_1_750' title='bbox 3225 5700 3358 5757; x_wconf 87' lang='lat' dir='ltr'><strong>prc-</strong></span> 
     </span>
    </p>
   </div>
  </div>
