3874 6516
109 372 182 430 969
1422 355 1768 414 DIALOGUS
1808 354 1871 411 II.

108 488 216 539 ὖὶισι
252 476 583 548 διαιτώμενα,
618 475 668 530 οί
704 474 930 545 Νειλῷοι
972 476 1069 545 τῆς
1098 472 1374 542 Αἰγύπτου
1409 473 1605 543 κροκό-

104 578 237 639 δειλοι,
258 575 299 625 οἱ
323 573 551 642 ἑσπέριοι
575 573 875 624 Φυσωνῖται
910 568 1301 639 κυνοπόταμοι,
1322 569 1369 620 oi
1390 565 1609 638 Εὐφρα-

104 671 230 739 τήσιοι
253 664 459 737 γρύπες,
489 665 535 716 oi
562 662 915 733 τελματήσιοι
948 660 1297 734 βάτραχοι,οί
1326 661 1455 733 παρ’
1478 662 1609 732 ἡμῖν

103 761 239 827 ἐχῖνοι,
262 754 345 809 καὶ
375 754 556 807 κύκνοι
583 771 598 819 ;
632 753 741 805 Καὶ
776 752 947 823 μυρία
974 769 1057 815 τις
1080 751 1333 823 εύρήσειε
1358 750 1468 805 τῶν
1500 750 1611 821 ἁμ-

103 850 246 920 ςιὸἱων
269 846 407 918 γένη,
425 846 515 899 νῦν
546 845 649 917 μὲν
669 845 761 898 ἐπὶ
788 845 897 899 τῶν
924 842 1205 915 λειμώνων
1222 843 1315 897 καί
1339 843 1611 914 μεδίμνων

102 938 533 1013 σπερμολογοῦντα,
580 937 615 1009 ἢ
679 936 1105 1009 ποηφαγοῦντα,
1153 937 1272 1008 ἅμα
1320 940 1433 1001 τοῖς
1482 955 1609 1010 χερ-

100 1036 221 1096 enim;
248 1031 419 1098 ζώοις·
447 1030 539 1084 νῦν
565 1028 624 1083 δὲ
656 1032 713 1085 ὲν
738 1033 852 1095 τοῖς
874 1029 1033 1084 ῦδασι
1070 1030 1142 1085 τὰ
1170 1030 1475 1104 λεπτότερα
1500 1031 1610 1084 τῶν

98 1126 265 1181 πλωτῶν
288 1124 643 1195 διανηχόμενα
673 1122 1011 1188 κατεσθίειν,
1061 1123 1199 1195 ὅπερ
1222 1122 1319 1177 καὶ⁵
1350 1122 1419 1176 τὰ
1452 1123 1611 1194 αίμο-

98 1222 191 1289 ὥρα
208 1216 299 1269 τῶν
323 1216 587 1289 χερσαίων
619 1218 797 1270 ποιεῖν
827 1215 1093 1286 πέφυκεν.

3189 348 3294 408 97.0

1718 472 1868 543 poris
1916 470 2226 543 expositio?
2257 469 2542 539 Quomodo
2584 468 2772 541 igitur,
2823 467 2869 522 si
2920 466 3138 536 quidem
3188 480 3294 519 una

1713 575 1910 622 natura
1944 566 2184 619 animata
2214 575 2298 621 est
2326 578 2492 635 aqua,
2533 563 2823 617 innumera
2851 558 3177 615 efﬂuxerunt
3202 573 3295 628 ge-

1713 672 1845 713 nera
1887 656 2198 712 natatilium
2243 662 2299 712 et
2332 653 2658 715 volatilium,
2710 651 2867 707 aliter
2900 648 3205 713 nascentia,
3242 654 3297 703 et

1715 752 1874 806 aliter
1902 750 2166 819 viventia,
2198 755 2252 803 et
2295 747 2517 819 quidem
2550 745 2769 800 diverso
2812 743 2961 799 victu
2999 740 3241 797 viventia
3278 756 3292 794 :

1714 858 1862 899 nunc
1890 841 2110 914 quidem
2142 856 2306 914 super
2339 849 2568 905 terram,
2609 852 2755 892 nunc
2790 851 2922 891 vero
2944 834 3001 890 in
3027 831 3187 905 aquis
3209 830 3296 887 vi-

1715 944 1862 991 ctum
1921 934 2263 1006 quaerentia?
2310 931 2501 988 Niliaci
2554 940 2683 988 sunt
2729 929 2786 985 in
2830 928 3064 1000 [Egypto
3102 938 3297 985 croco-

1715 1029 1842 1098 dili;
1880 1029 1950 1085 ad
2000 1026 2396 1084 occidentalem
2442 1023 2755 1096 Physonem
2803 1036 2970 1076 canes
3014 1015 3294 1083 ﬂuminei;

1718 1122 2029 1193 Euphralzei
2079 1119 2336 1192 gryphes,
2382 1118 2658 1188 palustres
2700 1130 2870 1180 rane,
2927 1120 2983 1169 et
3011 1109 3154 1182 apud
3193 1122 3297 1163 nos

1715 1213 1900 1268 echini
1925 1220 1980 1267 et
2005 1211 2184 1282 cygni.
2213 1212 2390 1280 Atque
2417 1208 2706 1263 innumera
2730 1204 2859 1277 quis
2884 1201 3155 1259 invenerit
3181 1213 3299 1254 am-

98 1309 337 1379 phibiorum
362 1321 579 1378 genera,
626 1322 750 1377 qua:
782 1322 932 1362 nunc
973 1306 1191 1377 quidem
1224 1306 1279 1360 in
1314 1307 1485 1377 pratis
1522 1316 1572 1360 et
1606 1304 1896 1360 medimnis
1930 1304 2139 1359 semina
2166 1302 2453 1371 colligunt,
2485 1307 2580 1355 aut
2613 1298 2812 1354 herbas
2840 1296 3159 1359 comedunt,
3189 1304 3299 1346 una

98 1420 183 1458 cum
217 1402 551 1458 terrestribus
594 1404 931 1459 animalibus
967 1422 981 1457 :
1036 1418 1186 1458 nunc
1220 1419 1351 1459 vero
1392 1403 1445 1459 in
1486 1403 1643 1473 aquis
1670 1402 1916 1457 natantia
1946 1401 2179 1457 leviores
2208 1398 2555 1455 ﬂuviatilium
2588 1396 2743 1453 cibos
2784 1392 3118 1450 comedunt:
3150 1388 3300 1462 quod

96 1508 132 1553 et
153 1498 400 1553 crudivora
423 1512 488 1552 ex
523 1496 885 1553 terrestribus
922 1494 1102 1551 facere
1140 1494 1338 1551 solent.

150 1589 258 1642 Ἀλλ’
286 1590 372 1642 ἐπὶ
409 1588 468 1641 τὸ
516 1589 884 1661 προκείμενον
915 1588 1044 1651 τοὺς
1085 1588 1279 1651 οἴακας
1329 1586 1421 1642 τοῦ
1450 1586 1611 1655 λόγου

96 1684 333 1753 τρέύωμεν,
360 1683 468 1746 τοῖς
500 1683 865 1753 προφητικοῖς
894 1680 1154 1751 ἑπόμενοι
1187 1680 1473 1750 δόγμασιν.
1507 1679 1612 1734 Οὐ·-

94 1776 197 1827 ἰέπω
216 1775 308 1843 γὰρ
334 1772 572 1845 ἔμψυχον
613 1773 714 1845 τὴν
748 1773 855 1844 γῆν
881 1772 1299 1841 ἀποφαίνονται.
1326 1771 1460 1826 ἀλλὰ
1490 1770 1613 1843 θείᾳ

98 1870 209 1938 ῥώμῃ
240 1866 320 1919 καὶ
354 1864 625 1937 πνεύματι
678 1863 1056 1937 ὲμψυχοῦσθαι
1100 1864 1170 1917 τὰ
1223 1864 1439 1934 ἐκείνης
1480 1866 1609 1918 ἀπο-

97 1958 345 2027 δράσματα·
393 1956 486 2011 τοῦ
532 1957 634 2029 μὲν
678 1955 966 2010 θεσπεσίου
1014 1955 1180 2010 Δαϐὶδ
1210 1955 1603 2028 μελῳδοῦντος·

104 2046 407 2113 Ἀποστελεῖς
451 2046 519 2101 τὸ
548 2045 797 2116 Πνεῦμά
831 2061 970 2110 σου,
1007 2045 1104 2099 καὶ
1141 2046 1571 2113 κτισθήσονται
1595 2063 1608 2075 ·

96 2138 215 2190 τοῦδε
250 2138 455 2192 Ἡσαΐου
487 2138 565 2202 ὡς
598 2139 666 2192 ὲκ
703 2135 1001 2209 προσώπου
1037 2135 1131 2190 τοῦ
1155 2135 1290 2189 Θεοῦ
1317 2136 1613 2210 διαρρήδην

98 2230 265 2299 βηῶντος
289 2247 300 2259 ·
325 2231 467 2299 Ἐγὼ
497 2232 531 2284 ὁ
565 2230 715 2296 Θεὸς
744 2232 777 2283 o'
806 2227 1071 2297 ποιήσας
1093 2227 1353 2296 οὐρανὸν
1381 2228 1479 2282 καὶ
1502 2227 1615 2297 τὴν

98 2322 279 2391 rip-,va
299 2322 495 2387 διδοὺς
525 2321 732 2389 πνοὴν
754 2320 902 2389 ζωῆς
924 2322 1049 2388 τοῖς
1072 2320 1372 2375 πατοῦσιν
1397 2320 1612 2388 αὐτήν.

607 2414 859 2469 ΠΕΥΣΙΣ
892 2414 1013 2470 ΡΓ.

143 2506 268 2560 Οὐδὲν
303 2506 627 2578 μυκώμενον
649 2545 664 2567 ,
706 2506 739 2577 ἢ
774 2505 1117 2577 ώρυόμενον,
1158 2506 1364 2576 ἄψυχον
1386 2505 1615 2576 λέγομεν

98 2598 326 2670 ὑπάρχειν·
380 2600 496 2664 πῶς
547 2599 802 2671 ώρυᾶται
838 2598 951 2669 (56)
986 2599 1018 2669 ἡ
1055 2599 1167 2669 γῆ,
1226 2598 1385 2668 εἴπερ
1412 2599 1616 2669 ἄψυχός

99 2691 189 2756 ἐπι,
216 2693 295 2745 καὶ
324 2693 560 2761 μυκᾶται
590 2682 883 2762 σειομένη;

643 2783 1011 2851 Ἀπόκρισις.

151 2874 339 2945 Ὁμοίως
359 2878 423 2947 τῇ
449 2874 697 2948 Θαλάττῃ
719 2878 831 2939 τοῖς
858 2875 1136 2943 ὑπογείοις
1164 2873 1439 2944 πνεύμασι
1469 2872 1616 2941 διογ-

96 2972 308 3043 ιουμένη,
346 2968 453 3026 οἷον
507 2971 690 3045 ῥοίζὸν
732 2988 854 3025 τινα
897 2970 930 3041 ἢ
973 2969 1262 3042 μυκηθμὸν
1302 2968 1614 3023 ἀποδίδωσι.

98 3063 171 3115 Καὶ
192 3065 282 3136 γὰρ
314 3065 488 3137 ἐκείνη
517 3063 785 3127 πολλάκις
814 3065 881 3134 τῇ
928 3061 1290 3132 ἀναθυμιάσει
1311 3059 1408 3113 τοῦ
1455 3060 1615 3121 βυθοῦ

100 3156 359 3231 σαλευομένη
396 3159 491 3213 καὶ
530 3157 927 3224 ἐξοιδαίνουσα,
960 3152 1094 3229 ἦχον
1135 3154 1411 3219 ἀποτελεῖ,
1444 3168 1615 3225 προσ-

98 3250 370 3323 αραττομένη
418 3251 625 3322 ἑαυτὴν
652 3249 974 3322 τρικυμίαις
1003 3265 1019 3281 ·
1059 3246 1154 3301 τοῦ
1203 3248 1262 3302 δὲ
1307 3246 1618 3319 πνεύματος

97 3337 362 3407 ἱἱρεμοῖηίιος
386 3338 437 3395 εἷ
455 3342 573 3412 (57)
594 3340 802 3412 ἄψυχος
821 3356 837 3370 ·
866 3340 1047 3411 βοῶσα
1066 3339 1123 3393 δὲ
1144 3339 1240 3393 καὶ⁹
1276 3336 1615 3409 κοιμωμένη,

98 3428 260 3495 βαθεῖαν
291 3434 395 3506 ἔχει
427 3435 695 3505 γαλήνην.
724 3435 795 3487 Ἢ
826 3433 1035 3488 δοκεῖτε
1055 3432 1156 3495 τὰς
1190 3431 1399 3503 ὑδρίας,
1429 3430 1462 3501 ἢ
1494 3430 1618 3493 τοὺς

94 3520 256 3589 πίθους,
293 3526 503 3597 ἔμψυχα
554 3526 844 3598 ὑπάρχειν,
889 3517 965 3579 ὧν
998 3523 1270 3595 ἀκούομεν
1297 3521 1619 3595 ροιξούντων

95 3614 156 3665 καὶ
186 3618 494 3688 μυκωμένων
540 3621 605 3689 τῇ
644 3617 739 3672 τοῦ
783 3615 969 3688 ἁερίου
1004 3615 1310 3685 πνεύματος
1338 3614 1620 3687 διαφοιτήν

96 3721 178 3768 cst;
210 3709 580 3783 Σφαττομένης
634 3710 691 3765 δὲ
744 3710 845 3782 τῆς
892 3708 1049 3778 αἰγὸς
1095 3708 1189 3763 καὶ
1237 3708 1621 3779 πτησσομένης

94 3797 221 3869 πάντη
248 3801 348 3871 (38)
392 3802 563 3873 δῆλον
612 3802 822 3872 ἄψυχον
857 3801 1124 3871 ὑπάρχειν
1161 3798 1223 3854 τὸ
1260 3798 1481 3853 κώδιον·
1540 3801 1621 3863 εἰς

93 3888 215 3941 ἀσκὸν
244 3891 283 3945 δ’
314 3893 759 3965 ἐξεργασθέντος,
792 3893 888 3947 καὶ
936 3891 1208 3963 πνεύματι
1256 3891 1618 3955 διαταθέντος,

96 3974 177 4033 εἶτα
203 3984 343 4039 πάλιν
372 3986 447 4057 τῷ
482 3985 712 4057 πιεσμῷ
746 3984 857 4039 τῶν
898 3984 1099 4057 χειρῶν
1127 3986 1160 4055 ή
1171 3984 1287 4055 μῶν
1317 3984 1620 4055 ὲκπνεόμε-

97 4087 237 4137 μενος,
281 4076 390 4140 πῶς
434 4078 619 4149 ῥοῖζον
648 4093 799 4136 τινα.
846 4077 879 4147 ἢ
914 4074 1203 4147 μυκηθμὸν
1242 4074 1564 4129 ἀποδίδωσιν
1592 4076 1622 4127 ὁ

95 4160 277 4231 ﬂuxae;
308 4167 423 4231 Πῶς
446 4168 511 4221 δὲ
541 4166 704 4221 πάλιν
739 4164 819 4235 τῷ
849 4164 1093 4236 μουσικῴ
1140 4164 1410 4218 ὑποπνέον
1455 4164 1621 4237 ὀργά-

97 4270 162 4322 ιῳ.
197 4261 252 4329 τῇ
282 4260 514 4333 ποδηγίᾳ
544 4259 640 4316 τοῦ
684 4259 935 4324 ἀστάτως
982 4258 1289 4327 ἐφεστῶτος
1317 4258 1427 4312 πᾶν
1461 4257 1620 4329 μέλος

96 4346 450 4424 διακεχυμένον,
492 4354 686 4427 γοερόν
725 4371 785 4407 τε
820 4353 915 4408 καὶ
949 4353 1137 4408 ὕπτιον
1178 4352 1269 4406 διὰ
1302 4351 1411 4407 τῶν
1440 4349 1620 4407 αὐλῶν

96 4439 300 4516 iratum;
344 4443 431 4521 ἆρ’
483 4442 581 4503 οὖν
631 4446 783 4520 παρὰ
817 4446 1007 4501 τούτου
1061 4444 1338 4517 ἐμψύχους
1387 4442 1621 4515 ἐροῦμεν

94 4532 165 4597 τὰς
189 4538 582 4612 ὑποπνεομίνας
632 4543 747 4604 τοῖς
786 4540 1065 4611 μουσικοῖς
1101 4538 1354 4608 ὀργάνοις
1398 4538 1463 4609 τῇ
1497 4534 1621 4607 βρο-

95 4624 173 4677 τῶν
195 4629 604 4705 ὲπινοίᾳςτάςδὲ
635 4617 955 4705 κιννυρικὰς
986 4631 1205 4702 χορδὰς,
1236 4630 1331 4683 καὶ
1356 4628 1456 4693 τὰς
1478 4644 1617 4698 τυμ-

95 4721 278 4785 πανικὰς
304 4724 510 4797 δέρρεις
546 4723 801 4787 τιννύσας
831 4724 927 4778 καὶ
959 4721 1288 4794 βομϐούσας,
1314 4721 1409 4777 καὶ
1439 4736 1621 4792 μυκω-

100 4810 224 4876 μένας
260 4820 321 4889 τῇ
349 4820 530 4890 ἐπαφῇ
565 4818 661 4883 καὶ
697 4816 775 4889 τῷ
821 4817 1085 4888 πλήκτρῳ
1119 4815 1213 4871 τοῦ
1260 4814 1620 4885 κατέχοντοςς

97 4900 240 4970 Οὕτως
272 4926 354 4978 μοι
398 4910 509 4963 νόει
547 4910 641 4962 καὶ
682 4909 782 4979 τὴν
828 4909 932 4979 γῆν
979 4908 1232 4979 ἐνεργείᾳ
1262 4906 1405 4969 τινὸς
1431 4908 1619 4978 ἑτέρου

99 5001 374 5072 μυκωμένην
402 5002 495 5056 καὶ
519 5002 823 5073 σειομένην.

632 5180 880 5234 ΠΕΥΣιΣ
917 5180 1032 5233 PA’.

147 5267 247 5333 Πῶς
272 5269 356 5327 οῦν
388 5276 438 5328 oi
473 5278 622 5346 τρεῖς
650 5272 835 5336 παῖδες
880 5274 1061 5327 πᾶσαν
1088 5273 1188 5345 τὴν
1228 5270 1403 5327 κτίσιν
1444 5270 1621 5343 ἔμψυ-

100 5370 163 5423 ιον
188 5367 519 5436 παριστῶσιν,
552 5368 771 5440 ᾄδοντες
810 5369 870 5420 ἑν
898 5369 963 5438 τῇ
1003 5366 1238 5439 καμίνῳ,
1276 5366 1618 5436 suam“,

99 5454 248 5512 πάντα
276 5462 343 5516 τὰ
375 5463 516 5534 ἔργα
547 5462 794 5531 Κυρίου,
822 5460 931 5515 τὸν
960 5462 1208 5530 Κύριον·
1239 5460 1478 5530 ὑμνεῖτε
1520 5460 1618 5513 καὶ

146 5644 182 5675 ⁷⁸
214 5647 344 5707 Psal.
374 5668 489 5724 cm,
516 5656 607 5713 50.
683 5656 728 5688 ⁷⁷
770 5654 873 5713 lsa.
906 5671 1042 5723 XLII,
1067 5656 1123 5713 5.

147 5809 239 5895 (ἓξ)
281 5819 563 5895 ξρριζᾶται.
590 5822 750 5895 Forte
774 5824 1030 5895 ὠρύεται.
1068 5822 1229 5878 Εοιτ.

147 5883 242 5957 (57⁷)
274 5883 359 5959 ΕΤ,
387 5891 542 5950 Forte
562 5895 700 5950 ἐστί.
736 5883 825 5949 Iri.“

288 5985 545 6053 ΡΑτιιοι..
591 5992 706 6053 Gn.
740 5991 1098 6054 XXXVIII.

1790 1586 1898 1643 Sed
1941 1587 2006 1642 ad
2043 1584 2384 1657 propositum
2435 1598 2744 1641 sermonem
2788 1578 3155 1653 gubernacula
3183 1592 3301 1633 ver-

1716 1688 1917 1746 tamus,
1956 1678 2273 1751 prophetica
2312 1676 2487 1734 secuti
2527 1675 2801 1746 dogmata.
2841 1672 3119 1742 Nusquam
3152 1670 3297 1727 enim

1718 1781 1923 1829 terram
1968 1773 2265 1827 animatam
2313 1769 2691 1840 pronuntiant,
2734 1767 2831 1823 sed
2874 1765 3056 1820 divina
3099 1764 3301 1817 virtute

1721 1870 1776 1918 et
1808 1862 2004 1933 spiritu
2034 1860 2268 1916 animari
2308 1875 2376 1916 ex
2412 1859 2528 1929 ipsa
2570 1857 2919 1928 pullulantia,
2959 1854 3146 1912 divino
3171 1853 3299 1923 qui-

1718 1954 1840 2010 dem
1868 1954 2070 2013 Davide
2097 1961 2350 2018 canente,
2383 1950 2564 2007 Mitte:
2594 1949 2853 2021 Spiritum
2876 1959 3049 2015 tuum,
3075 1956 3128 2003 et
3149 1963 3302 2002 crea-

1716 2047 1975 2101 bantur"
2006 2065 2019 2102 :
2048 2047 2188 2103 Isaia
2219 2061 2350 2102 vero
2382 2045 2530 2102 velut
2577 2044 2629 2098 in
2673 2058 2907 2114 persona
2936 2042 3031 2099 Dei
3076 2040 3302 2096 manife-

1714 2148 1803 2195 sto
1851 2141 2161 2197 clamante:
2198 2139 2311 2212 Ego
2339 2139 2480 2194 Deus
2513 2140 2602 2209 qui
2638 2138 2737 2208 feci
2780 2138 2969 2193 caelum
2996 2146 3047 2190 et
3077 2145 3299 2198 terram,

1714 2245 1764 2288 et
1788 2235 1879 2302 qui
1900 2233 1967 2287 do
1990 2234 2181 2301 ﬂatum
2213 2233 2332 2286 vita:
2363 2231 2608 2286 omnibus
2636 2230 2970 2285 calcantibus
2996 2244 3117 2283 eam
3140 2228 3208 2279 ⁷⁷.

2164 2414 2684 2473 ιΝΤειιιιοοΑτιο
2721 2414 2853 2471 CIII.

1789 2511 1935 2567 Nihil
1960 2510 2105 2581 quod
2138 2508 2309 2579 mugit
2338 2517 2433 2562 aut
2458 2508 2624 2577 rugit,
2666 2508 2969 2563 inanimum
3004 2522 3129 2564 esse
3163 2506 3302 2562 dici-

1720 2623 1874 2673 mus;
1911 2604 2187 2676 quomodo
2219 2604 2385 2674 igitur
2414 2603 2559 2673 rugit
2591 2611 2759 2667 terra,
2798 2602 2841 2657 si
2865 2601 3086 2672 quidem
3119 2601 3299 2656 inani-

1719 2706 1862 2753 mata
1893 2706 1999 2762 est,
2028 2707 2081 2751 et
2122 2696 2402 2766 quomodo
2434 2695 2605 2765 mugit
2636 2695 2857 2763 quando
2878 2694 3233 2751 concutitur?

2321 2786 2628 2856 Responsio.

1797 2884 2064 2939 Similiter
2105 2897 2170 2938 ac
2219 2897 2371 2937 mare
2406 2880 2783 2936 subterraneis
2824 2879 3111 2952 spiritibus
3154 2879 3301 2934 intu-

1718 2993 1992 3040 mescens,
2043 2976 2200 3047 quasi
2256 2976 2547 3032 stridorem
2596 2975 2834 3045 aliquem
2878 2981 2973 3028 aut
3031 2973 3301 3045 mugitum

1718 3065 1917 3121 reddit.
1968 3064 2183 3119 Etenim
2226 3064 2359 3118 illud
2394 3078 2770 3135 smpenomero
2804 3072 3136 3133 eraporante
3174 3078 3303 3134 pro-

1722 3155 1873 3211 fundi
1913 3162 2049 3210 aestu
2100 3166 2436 3210 commotum
2477 3164 2530 3211 et
2566 3154 2872 3220 exundans,
2914 3154 3153 3210 sonitum
3188 3154 3303 3210 eﬂi-

1722 3249 1834 3313 cit,
1888 3247 2119 3303 allidens
2167 3248 2522 3318 semetipsum
2568 3246 2827 3318 procellis
2875 3247 3301 3303 vehementiori-

1724 3340 1848 3396 bus.
1881 3339 2212 3407 Quiescente
2241 3355 2370 3396 vero
2391 3337 2547 3403 ﬂatu,
2588 3339 2733 3394 velut
2764 3339 3126 3395 inanimatum
3154 3337 3302 3395 haud

1720 3432 1941 3496 clamat,
1989 3431 2083 3487 sed
2132 3430 2369 3499 sopitum
2420 3429 2808 3501 profunditatis
2851 3431 3302 3502 tranquillitatem

1722 3524 1902 3580 habet.
1940 3522 2247 3593 Ceteroqui
2278 3538 2408 3577 num
2446 3523 2649 3593 putatis
2678 3524 2903 3595 aquaria
2925 3538 3056 3580 vasa
3079 3524 3164 3578 vel
3203 3523 3305 3579 do-

1720 3617 1792 3671 lia
1828 3617 2069 3671 animata
2116 3630 2261 3679 esse,
2304 3632 2426 3687 qua:
2457 3615 2712 3673 audimus
2760 3618 3049 3673 stridentia
3090 3628 3144 3674 et
3170 3634 3305 3676 ‘mu-

1722 3708 1945 3789 gientia,
1990 3724 2113 3763 cum
2143 3716 2393 3778 penetrat
2421 3709 2602 3765 aerius
2652 3709 2923 3780 spiritus?
2952 3710 3136 3767 occisa
3172 3727 3304 3768 vero

1722 3815 1887 3871 capra
1931 3809 1986 3857 et
2015 3802 2318 3865 excoriata,
2360 3801 2538 3857 cuivis
2591 3809 2810 3858 constat
2873 3801 3047 3873 ipsam
3105 3803 3303 3874 pellem

1720 3895 2021 3950 inanimam
2060 3909 2219 3957 esse;
2258 3893 2312 3948 iu
2348 3901 2523 3948 utrem
2552 3908 2684 3948 vero
2716 3901 2843 3949 cute
2881 3903 3219 3950 commutata
3246 3902 3303 3953 et

1723 3986 1917 4054 spiritu
1956 3985 2220 4049 distenta,
2249 3984 2445 4039 deinde
2498 4000 2691 4039 rursus
2726 3986 3138 4055 compressione
3184 4001 3306 4041 ma-

1722 4093 1894 4133 nuum
1930 4085 2244 4132 nostrarum
2280 4075 2482 4131 emisso
2509 4074 2661 4139 ﬂatu,
2696 4077 2970 4146 quomodo
3009 4078 3300 4134 stridorem

1722 4168 2013 4240 quemdam
2047 4176 2140 4222 aut
2162 4166 2428 4237 mugitum
2454 4166 2629 4222 reddit
2660 4168 2995 4223 inanimata‘l
3015 4168 3302 4235 Quomodo

1722 4262 1853 4316 item
1893 4258 2108 4314 musico
2150 4258 2398 4314 serviens
2430 4257 2819 4325 instrumento,
2856 4258 3026 4316 ductu
3062 4260 3301 4319 hominis

1722 4352 1874 4408 varie
1907 4352 2001 4406 illo
2032 4351 2237 4406 utentis
2266 4349 2500 4421 quodvis
2536 4364 2760 4407 carmen
2799 4350 3055 4421 eﬂicitur,
3097 4367 3163 4410 ac
3189 4361 3301 4410 tam

1723 4444 2031 4517 lugubriter
2054 4458 2218 4515 quam
2245 4442 2477 4499 remisse
2506 4457 2604 4513 per
2633 4442 2845 4500 ﬂstulas
2877 4446 3135 4502 resonat?
3159 4444 3302 4503 Num

1723 4540 1891 4612 igitur
1913 4538 2186 4593 animatas
2215 4535 2465 4592 dicemus
2512 4536 2660 4605 quod
2708 4536 2910 4595 inﬂatae
2955 4539 3183 4596 musicis
3220 4540 3305 4595 iu-

1726 4639 1925 4690 sonant
1957 4630 2344 4687 instrumentis
2386 4629 2670 4689 hominum
2708 4631 3302 4705 excogitationeﬂtem

1722 4725 2063 4780 cithararum
2107 4722 2367 4788 chordas,
2416 4730 2472 4777 et
2508 4730 2893 4793 tympanorum
2936 4724 3107 4794 pelles
3132 4724 3304 4779 tinni-

1726 4829 1812 4874 tus
1851 4826 1906 4873 et
1947 4831 2115 4872 sonos
2141 4814 2338 4882 edunt,
2376 4830 2579 4886 perque
2609 4824 2812 4870 tactum
2861 4814 2984 4886 ejus
3023 4833 3051 4871 a
3077 4831 3189 4889 quo
3220 4826 3303 4874 te-

1723 4918 1945 4972 nentur,
1986 4916 2261 4979 strepunt.
2304 4906 2384 4961 Ad
2436 4905 2584 4962 hunc
2617 4907 2840 4961 modum
2886 4907 3066 4980 cogita
3109 4915 3164 4965 et
3190 4915 3303 4966 ter-

1727 5015 1864 5064 ram,
1891 5014 1988 5070 per
2026 4997 2255 5053 alterius
2293 4996 2527 5067 alicujus
2559 4998 2955 5067 operationem,
2995 5000 3209 5071 mugire
3245 5009 3303 5058 et

1723 5094 1962 5150 concuti.

2173 5181 2691 5239 INTERROGATIO
2737 5181 2872 5239 CIV.

1795 5274 2080 5344 Quomodo
2117 5273 2286 5345 igitur
2336 5280 2447 5327 tres
2486 5271 2565 5325 illi
2618 5272 2771 5341 pueri
2818 5286 3033 5329 omnem
3094 5283 3304 5333 creatu-

1723 5380 1838 5420 ram
1861 5363 2151 5418 animatam
2188 5361 2425 5415 innuunt
2447 5398 2463 5423 ,
2498 5366 2757 5415 canentes
2792 5359 2849 5414 in
2893 5360 3117 5419 fornace
3151 5385 3163 5419 :
3202 5363 3301 5418 Be-

1724 5455 1965 5520 nedicite,
1982 5454 2161 5508 omnia
2186 5468 2343 5507 ovem
2376 5450 2610 5520 Domini,
2634 5452 2940 5521 Dominum,
2971 5455 3228 5513 celebrate
3250 5467 3303 5513 et

1793 5817 1903 5943 (58‘)
1938 5814 2390 5943 Ιητηονσομέν-ης
2443 5817 2661 5886 πάντη.
2704 5815 2869 5871 Forte
2911 5812 3301 5889 πτισσομινης,

1726 5907 1864 5945 παντ
1893 5930 1907 5945 .
1961 5907 2011 5945 ο.

2980 5978 3049 6041 31
