3806 6512
99 406 194 465 973

99 522 416 603 μεσημίρίᾳ,
469 516 644 588 νεφῶν
696 516 1028 590 κινουμένων
1080 515 1505 582 ὐποσκιάζεσθαι
1557 514 1647 568 τὴν

95 620 228 691 ἠλιον
252 610 698 684 ὑπεριπτάμενον*
741 611 776 681 ὴ
808 609 862 663 δὲ
891 608 982 664 τοῦ
1018 608 1322 679 πνεύματος
1351 606 1440 678 βία
1473 608 1644 678 πρόσ-

91 726 225 781 γειος
267 703 602 776 τυγχάνουσα
626 741 641 766 ,
671 701 895 766 εἰκότως
916 699 1234 772 ὲκμοχλεύει
1260 700 1358 772 τὴν
1388 697 1644 764 ἄϐυσσον,

93 801 174 855 καὶ
202 797 388 852 πάσσει
417 794 505 848 τὸν
535 795 672 864 ἀέρα
696 794 862 848 κόνει.
894 793 1019 857 Πῶς
1038 793 1093 847 δὲ
1117 795 1151 865 ἡ
1187 789 1292 845 τῶν
1322 791 1646 861 πνευμάτων

91 888 170 958 βία
197 886 286 938 ἕνα
319 883 574 946 οἰκίσκον,
621 883 654 952 ἣ
687 883 832 936 λίθον
871 884 1090 954 κινῆσαι
1127 883 1225 952 οὐχ
1270 880 1358 935 οἶα
1387 899 1444 935 τε
1474 881 1650 951 ὑπάρ-

91 992 262 1049 χουσα,
288 974 495 1044 κινήσει
531 973 680 1038 ποτὲ,
709 973 741 1045 ἦ
774 972 1196 1045 μεθιδρύσειτδν
1229 971 1410 1043 πάσης
1440 970 1649 1034 πόλεως

89 1069 290 1142 μεγέθει
323 1067 656 1138 ὑπερέχοντα
680 1068 851 1140 ἥλιον,
878 1070 911 1139 ἢ
941 1071 1050 1133 τοῖς
1081 1067 1302 1140 ἄστροις
1329 1063 1650 1138 προσαρρά-

89 1165 212 1230 ξειεν
232 1180 246 1229 ;

651 1255 898 1310 ΠΕΥΣΙΣ
929 1255 1050 1310 PZ'.

146 1349 202 1401 Εἰ
259 1346 422 1419 μηδὲν
470 1345 605 1420 πρὸς
653 1349 754 1420 τὴν
796 1342 1156 1418 άναγέννησιν
1209 1347 1550 1403 συντελοῦσιν
1599 1348 1648 1402 οἱ

80 1443 314 1513 ἀστέρες,
347 1442 466 1495 οὐδὲ
497 1442 644 1496 ἔστιν
667 1443 873 1497 ἐκεῖθεν
895 1443 962 1496 τὰ
992 1439 1236 1515 ἡμέτερα
1263 1441 1651 1514 στοχάσασθαι,

81 1537 188 1598 πῶς
212 1537 275 1606 τῆ
299 1535 551 1605 γεννήσει
577 1532 670 1587 τοῦ
696 1533 933 1606 Χριστοῦ
957 1536 1132 1606 ἀστὴρ
1153 1534 1512 1596 ἐπανέτειλεν,
1541 1535 1656 1605 ὁδη.

78 1631 165 1700 γὺς
193 1631 304 1690 τοῖς
332 1625 544 1694 Μάγοις
573 1625 897 1697 γενόμενοςς
928 1626 1043 1689 πῶς
1071 1625 1114 1679 δ’
1147 1625 1342 1681 ἐκεῖνοι
1381 1614 1657 1696 βασιλικὸν

77 1718 379 1787 ἐπιγνόντες
408 1715 500 1769 τὸν
523 1715 726 1786 ἀστέρα
744 1756 758 1780 ,
788 1715 924 1785 πρὸς
954 1715 1051 1785 τὴν
1079 1714 1385 1786 ὁδοιπορίαν
1411 1715 1659 1786 ἐκινήθη-

77 1829 186 1874 σαν,
220 1806 596 1880 προσκυνῆσαι
641 1806 701 1860 τὸ
731 1800 941 1860 παιδίον
983 1806 1087 1860 ὑπὸ
1126 1805 1218 1859 τοῦ
1251 1807 1481 1877 ἀστέρος
1505 1810 1656 1861 ἐπει-

75 1907 320 1977 γόμεναλς

697 1991 1051 2059 Ἀπόκρισις.

135 2086 466 2159 Σαμαριτῶν
514 2085 608 2139 καὶ
656 2083 1027 2139 Σαδδουκαίων
1075 2082 1338 2152 ἀγγέλους
1389 2084 1465 2155 μὴ
1507 2083 1654 2154 δεχο-

69 2182 258 2250 μένων,
291 2179 523 2240 εἰκότως
564 2176 768 2247 ἀστέρα
795 2175 883 2229 τδν
932 2173 1160 2244 ἄγγελον
1191 2176 1220 2228 ὁ
1259 2173 1401 2238 θεῖος
1427 2176 1658 2243 εὐαγγε-

66 2274 242 2343 λιστής
271 2287 462 2342 φησιν.
494 2269 704 2333 ’Ἄλλως
733 2286 792 2321 τε
811 2267 867 2321 δὲ
896 2269 989 2322 καὶ
1013 2267 1071 2320 τὸ
1099 2265 1262 2331 σέϐας
1292 2266 1398 2320 τῶν
1419 2267 1652 2337 ἄστρων,

67 2369 140 2429 είς
169 2363 407 2435 Χριστὸν
437 2359 842 2431 ἐπισπώμενος,
872 2359 970 2430 τῆς
997 2355 1256 2411 πολυθέου
1303 2357 1511 2427 πλάνης
1553 2357 1659 2410 ἀπ-

67 2460 204 2524 άγων
259 2455 529 2526 βροτοὺς,
579 2453 654 2516 ὡς
711 2451 917 2521 ἀστέρα
943 2449 1034 2504 τὸν
1071 2450 1300 2520 ἄγγελον
1330 2449 1519 2521 ὁδηγὸν
1556 2449 1658 2519 τῆς

68 2546 493 2617 πφσκυνήσεως
524 2543 757 2612 τίθησιν.
788 2542 862 2594 Οὐ
901 2541 1009 2614 γὰρ
1044 2541 1245 2613 ἑτέρως
1266 2543 1314 2594 οἱ
1355 2540 1534 2609 Μάγοι
1577 2542 1657 2600 είς

65 2635 438 2707 προσκύνησιν
470 2633 905 2704 συνηγέρθησαν,
942 2633 974 2704 ἢ
1007 2635 1064 2686 ὲν
1097 2631 1368 2703 φαντασίᾳ
1388 2630 1480 2683 τοῦ
1510 2629 1657 2698 σφῶν

69 2735 430 2804 εεόάσματος.
478 2726 842 2797 Ἀτονωτέρας
875 2725 932 2779 δὲ
971 2726 1066 2780 καὶ
1102 2725 1399 2797 ἀνισχύρου
1427 2723 1526 2794 τῆς
1555 2740 1656 2794 μοι-

60 2827 205 2895 γείας
227 2824 560 2894 γινομένης,
589 2823 655 2892 τῇ
685 2819 972 2890 θεανδρικῇ
1003 2819 1254 2888 γεννήσει
1277 2815 1370 2869 τοῦ
1395 2813 1658 2884 Θεμελιώο

65 2935 248 2981 trav-ro;
307 2916 443 2979 τοὺς
486 2912 755 2983 ἀστέρας,
804 2911 897 2964 καὶ
929 2910 1082 2977 τάξιν
1124 2910 1308 2972 αὐτοῖς
1353 2907 1654 2979 ὁρίσαντος,

57 3010 368 3079 αἰσθόμενοι
395 3008 452 3060 οἱ
488 3006 688 3059 ἐκεῖνοι
718 3001 1058 3073 πλανώμενοι
1087 2999 1375 3063 Χαλδαῖοι,
1411 2999 1504 3052 καὶ
1529 3001 1652 3053 ἀνα·

60 3103 427 3172 σςαλίσαντες
484 3096 804 3152 ποτνιᾶσθαι
849 3095 1042 3166 λυτῆρι
1073 3094 1173 3164 τῆς
1230 3093 1463 3163 πλάνης,
1497 3093 1658 3148 αὺτο-

52 3192 331 3262 μολοῦσιν,
381 3186 780 3258 εὐαγγελισταὶ
821 3186 916 3238 καὶ
960 3182 1166 3257 πρῶτοι
1201 3184 1440 3254 κήρυκες
1489 3179 1658 3234 ἐθνῶν

54 3287 147 3355 τῆς
181 3283 524 3355 θεανδρικῆς
561 3279 980 3350 ὲπιφοιτήσεως.
1024 3273 1378 3336 ’Λναστάντες
1410 3268 1524 3336 οὖν,
1557 3271 1658 3342 τῆς

55 3377 403 3450 προφητείας
436 3373 535 3428 τοῦ
576 3371 782 3445 ὑψηλοῦ
823 3371 1043 3424 Ἡσαΐου
1071 3368 1374 3430 ἐπαΐοντες.
1407 3364 1654 3434 βοῶντοςο

49 3471 306 3526 Παιδίον
339 3467 648 3540 ἐγεννήθη
678 3464 842 3533 ἡμῖν,
873 3459 1005 3528 υἱὸξ
1030 3461 1128 3514 καὶ
1153 3460 1334 3527 ἐδόθη
1371 3459 1533 3528 ἡμῖν,
1563 3455 1662 3511 καί

47 3564 320 3620 καλεῖται
355 3561 429 3616 τὸ
462 3560 654 3629 ὄνομα
699 3555 887 3610 αὑτοῦ
912 3552 1193 3624 Μεγάλης
1221 3551 1464 3618 ,βουλῆς
1491 3550 1662 3621 ἄγγε-

50 3665 173 3724 λος,
199 3653 584 3727 Θαυμαστὸς
605 3652 974 3722 σύμϐουλος,
998 3645 1140 3712 Θεὸς
1159 3644 1428 3715 ίσχυρὸς,
1458 3643 1664 3708 Ἐξου-

45 3751 335 3820 mam-hc,
371 3752 613 3818 Ἄρχων
643 3745 918 3813 εἰρήνης,
954 3739 1158 3810 Πατὴρ
1191 3738 1300 3794 τοῦ
1329 3738 1662 3808 μέλλοντος

43 3845 287 3912 αιῶνος.
315 3845 408 3898 Τὰ
448 3839 514 3895 δὲ
542 3838 646 3911 πρὸ
670 3834 1036 3890 πεντακοσίων
1057 3831 1190 3884 ἐτῶν
1218 3829 1321 3884 ὑπὸ
1345 3830 1439 3883 τοῦ
1468 3829 1661 3883 θεσπε-

42 3941 159 3993 σίου
215 3933 662 4009 προφανθέντα,
698 3928 794 3983 καὶ
847 3925 922 3998 μὴ
955 3923 1284 3986 ἀκούσαντες
1329 3921 1474 3994 ἔργῳ
1518 3939 1663 3993 παρ-

41 4031 280 4098 έδωκαν,
343 4028 492 4091 τοὺς
551 4023 702 4095 νόμῳ
769 4019 864 4074 καὶ
930 4017 1242 4090 προφήταις
1307 4013 1666 4086 σχολάζοντας

39 4124 312 4195 ἀνοήτους
348 4115 678 4179 Ἰουδαίους,
709 4116 775 4185 τῇ
810 4111 989 4186 πίςτει
1017 4108 1422 4181 προϐαίνοντες.
1461 4106 1586 4160 Ὀτι
1610 4104 1666 4158 δὲ

37 4219 138 4272 οὐκ
168 4217 390 4285 ἀστὴρ,
425 4210 574 4266 ἀλλὰ
597 4208 760 4278 νοερά
785 4223 870 4270 τις
906 4204 1000 4258 καὶ
1025 4201 1216 4272 λογικὴ
1257 4198 1473 4272 ὑπῆρχε
1504 4198 1665 4252 δύνα-

38 4326 134 4382 μις
166 4310 197 4360 ὁ
221 4307 343 4361 τῶν
387 4304 608 4372 Μάγων
635 4296 977 4370 καθηγητὴς,
1009 4293 1068 4360 ἐξ
1098 4293 1267 4365 αὐτῆς
1299 4287 1666 4382 παιδευόμεθα

33 4381 136 4471 τῆς
163 4399 402 4453 ἐκείνου
431 4390 708 4463 κινήσεώς
731 4407 790 4444 τε
818 4387 911 4442 καὶ
939 4386 1202 4450 στάσεως.
1230 4383 1352 4440 Τῶν
1373 4382 1484 4453 γάρ
1507 4381 1667 4437 ἁστέει

33 4511 149 4567 ρων
177 4495 231 4548 οἱ
267 4491 381 4564 μὲν
416 4485 760 4556 ἁεικίνητοι,
805 4481 907 4535 οὐκ
945 4476 1214 4551 ὴρεμοῦσι
1241 4477 1340 4548 τῆς
1377 4475 1665 4546 κινήσεως·

30 4592 80 4642 ot
128 4588 192 4642 δὲ
233 4584 550 4655 ἱστάμενοι
597 4579 656 4632 οὐ
703 4574 997 4632 κινοῦνται.
1049 4567 1216 4637 Οὗτος
1253 4570 1311 4625 δὲ
1349 4568 1664 4641 ἀμφιδέξιος

32 4681 326 4752 φαίνεται,
358 4672 696 4744 κινούμενος
721 4670 817 4723 καὶ
847 4667 1156 4737 ἱστάμενος,
1187 4663 1282 4718 καὶ
1312 4659 1666 4735 ἀποκρυπτό-

30 4750 199 4844 μενος
230 4771 379 4834 τοὺς
429 4761 864 4836 όδηγουμὲνους·
917 4759 1064 4823 ὅπως
1113 4755 1436 4826 πυθομένων
1463 4750 1663 4818 αὐτῶν,

27 4864 158 4919 Ποῦ
189 4867 226 4918 ό
254 4858 526 4931 τεχθεὶς
543 4851 850 4921 βασιλεὺς
868 4849 988 4904 τῶν
1021 4847 1356 4910 Ἰουδαίων-ς
1371 4844 1618 4919 ταραχθῇ
1640 4846 1669 4898 ό

35 4955 344 5026 Ἡρώδης,
406 4949 515 5004 καὶ
565 4948 716 5000 πᾶσα
776 4941 1155 5014 Ἰεροσόλυμα,
1195 4938 1291 4993 καὶ
1327 4938 1586 5010 διαϐοηθῇ
1640 4939 1670 4992 ό

24 5049 174 5112 θεῖος
210 5049 398 5108 τόκος
433 5040 538 5095 καὶ
585 5035 979 5110 θρυλλούμενος
1011 5032 1117 5086 ὑπὸ
1151 5031 1262 5084 τῶν
1307 5029 1538 5099 Μάγων,
1570 5027 1665 5082 τοῦ

22 5138 456 5211 καθηγεμόνος
494 5131 676 5194 αὐτοῖς
716 5125 1141 5200 άποκρυόὲντος.
1176 5122 1347 5211 ῌάλιν
1367 5121 1425 5174 δὲ
1455 5121 1667 5190 ἀναφα-

21 5236 140 5296 νεὶς
227 5207 430 5284 ἐλθὼν
469 5225 601 5295 ἐστη
627 5223 720 5275 ἐπὶ
764 5219 858 5273 τοῦ
897 5218 1115 5290 ἄντρου,
1149 5207 1211 5270 οὗ
1244 5209 1312 5285 ἦν
1337 5213 1398 5266 τδ
1430 5212 1664 5276 παιδίον,

21 5327 201 5396 φησὶν
231 5325 265 5377 ὁ
307 5315 545 5389 ὑψηλὸς
573 5312 863 5373 Ματθαῖος.
900 5311 964 5363 Ei
993 5309 1111 5380 γὰρ,
1138 5308 1214 5380 μὴ
1241 5306 1309 5360 ὲκ
1334 5304 1668 5377 διαλειμμά-

21 5434 137 5472 των
186 5415 391 5484 ἐφάνη
416 5450 434 5472 ,
469 5407 572 5461 οὐκ
616 5405 682 5460 ἂν
728 5401 943 5474 ἐσείσθη
981 5400 1329 5473 Ἰεροσόλυμα
1370 5400 1437 5471 τῇ
1479 5397 1670 5452 πεύσει

21 5509 136 5563 uno
163 5505 439 5574 Μάγων,
466 5499 569 5550 οὐκ
591 5495 657 5550 ἂν
679 5493 932 5564 ἐθυμώθη
974 5489 1218 5562 Ἡρώδης
1245 5488 1372 5560 περὶ
1407 5487 1670 5559 βασιλέως

21 5599 262 5656 ἁκούων
293 5612 308 5626 ο
337 5594 378 5665 ἢ
415 5590 539 5662 (42)
569 5586 732 5659 νοερά
749 5603 832 5649 τις
859 5583 953 5639 καὶ
968 5582 1160 5655 λογικὴ
1180 5581 1410 5654 δύναμις
1438 5583 1467 5637 ὁ
1494 5578 1668 5666 ἀστὴρ

91 5767 143 5797 ⁸ο
192 5763 319 5818 lsa.
351 5773 448 5820 tx.
489 5753 541 5810 6.
613 5753 656 5784 “
699 5750 888 5805 Matth.
918 5765 979 5816 ll,
1010 5746 1068 5803 ἓ.

90 5927 227 5994 (t9)
275 5921 385 5978 Ἤ.
433 5912 605 5969 Forte
640 5913 710 5966 εἰ.
743 5910 898 5967 Enn.

1469 387 1812 446 DlALOGUS
1849 386 1913 442 ll.

3228 383 3332 462 ομ

1754 512 1916 568 bibus
1946 509 2162 583 agitatis
2222 507 2575 578 supervolans
2619 505 2970 564 inumbretur
3004 503 3107 561 sol.
3145 505 3336 564 Fletus

1751 614 1932 660 autem
1965 603 2221 659 violentia
2251 609 2410 658 terra!
2457 602 2798 656 contermina
2839 615 2962 656 cum
3005 599 3098 664 sit.
3133 601 3332 677 merito

1749 703 2055 752 commovet
2099 696 2380 766 abyssum.
2413 703 2462 750 et
2500 695 2554 750 in
2607 708 2733 749 aera
2776 693 2983 765 Spargit
3024 693 3326 764 pulVerem.

1749 789 2036 857 Quomodo
2083 804 2212 844 vero
2255 787 2482 842 ﬁatuum
2530 787 2614 842 vis
2653 787 2904 857 exiguam
2954 787 3194 857 aliquam
3230 785 3330 840 do-

1751 897 1899 936 mum
1948 888 2043 934 aut
2089 878 2326 949 lapidem
2363 893 2582 933 movere
2611 893 2734 933 cum
2773 892 2880 932 non
2912 878 3108 948 possit,
3145 892 3330 932 move-

1751 971 1829 1027 bit
1861 971 2156 1042 aliquando
2202 970 2285 1026 vel
2335 968 2634 1025 transferet
2671 970 2838 1024 solem
2868 971 3061 1041 quavis
3105 972 3331 1028 civitate

1751 1060 2038 1131 majorem,
2076 1069 2173 1116 aut
2202 1060 2271 1116 ad
2317 1069 2466 1117 astra
2499 1061 2764 1116 collidet?

2182 1253 2704 1315 lNTERllOGATlO
2747 1259 2907 1317 CV".

1827 1345 1882 1400 Si
1908 1347 2128 1403 nihilad
2155 1350 2434 1405 hominum
2461 1353 2802 1409 nativitatem
2828 1355 3123 1412 conferunt
3139 1356 3330 1422 stellae.

1756 1454 1933 1509 neque
1962 1449 2194 1510 possunt
2237 1441 2364 1499 inde
2410 1443 2655 1514 indagari
2686 1461 2808 1516 qua:
2853 1448 3012 1505 nobis
3055 1450 3332 1515 accidunt,

1758 1532 2042 1600 quomodo
2075 1533 2130 1588 in
2158 1534 2445 1592 nativitate
2485 1537 2688 1594 Christi
2719 1547 2908 1594 exorta
2933 1549 3040 1606 est,
3072 1557 3194 1612 quae
3220 1542 3334 1597 Ma-

1757 1624 1840 1693 gis
1865 1625 1977 1679 dux
2007 1627 2107 1681 viae
2149 1628 2345 1684 ﬁeret?
2375 1632 2444 1683 At
2471 1632 2742 1701 quomodo
2776 1633 2850 1687 illi
2882 1635 3118 1704 regalem
3160 1650 3337 1705 agno.

1757 1725 1976 1773 scentes
2031 1719 2269 1784 stellam,
2312 1721 2380 1776 ad
2415 1723 2517 1777 iter
2546 1725 2956 1794 suscipiendum
3005 1709 3140 1782 moti
3182 1734 3332 1793 sunt.

1762 1810 1828 1865 ad
1859 1812 2199 1867 adorandum
2228 1827 2456 1883 puerum
2486 1829 2585 1885 per
2623 1817 2836 1870 stellam
2871 1813 3140 1874 deducti?

2390 1991 2696 2063 Responsio.

1827 2084 1964 2151 Quia
2009 2082 2345 2139 Samaritani
2382 2094 2435 2142 et
2465 2086 2749 2142 Sadducaei
2791 2090 3012 2160 angelos
3045 2107 3155 2148 nou
3195 2095 3339 2148 reci-

1756 2177 2000 2248 piebant,
2026 2177 2226 2232 merito
2261 2178 2472 2233 stellam
2497 2180 2752 2250 angelum
2801 2180 2963 2236 divus
3001 2187 3336 2255 evangelista

1756 2278 1934 2324 vocat.
1962 2269 2066 2324 Sed
2105 2277 2158 2324 et
2183 2271 2390 2324 cultum
2421 2271 2588 2326 astris
2623 2271 2928 2342 impensum
2953 2273 3020 2329 ad
3055 2274 3334 2332 Christum

1759 2363 2015 2426 trahens.
2045 2377 2079 2416 a
2117 2362 2411 2417 multorum
2443 2364 2669 2419 deorum
2712 2379 2901 2423 errore
2958 2360 3218 2424 mortales
3249 2386 3340 2426 re-

1758 2455 2030 2519 ducendo,
2068 2455 2217 2509 velut
2254 2454 2467 2510 stellam
2518 2456 2674 2526 ponit
2719 2459 3113 2528 angelum.via3
3141 2463 3340 2518 adora-

1758 2550 1925 2604 tionis
1955 2548 2173 2603 ducem.
2207 2545 2325 2602 Non
2369 2548 2514 2602 enim
2541 2549 2647 2602 alia
2674 2565 2734 2604 re
2772 2549 2912 2620 Magi
2941 2551 3010 2607 ad
3062 2554 3340 2612 adoratioo

1760 2629 1881 2699 nem
1909 2641 2134 2698 excitati
2164 2648 2315 2706 sunt,
2355 2654 2519 2710 quam
2556 2641 2816 2710 opinione
2847 2643 2933 2698 sui
2963 2645 3166 2702 cultus.
3200 2648 3338 2704 Cum

1761 2745 1943 2790 autem
1972 2733 2258 2790 remissior
2274 2742 2328 2788 et
2354 2732 2624 2786 inﬁrmior
2654 2734 2827 2802 magis
2850 2733 2993 2789 facta
3023 2735 3220 2793 fuisse:
3244 2755 3343 2810 per

1760 2828 1996 2886 deiﬁcati
2039 2825 2278 2881 hominis
2316 2824 2678 2890 nativitatem,
2710 2825 2805 2896 qui
2837 2827 3028 2884 stellas
3078 2829 3342 2888 fundave-

1759 2927 1865 2985 rat,
1899 2928 1953 2976 et
2003 2919 2250 2974 ordinem
2310 2916 2446 2987 ipsis
2495 2918 2925 2988 praescripserat,
2958 2935 3018 2976 re
3065 2921 3338 2979 intellecta

1759 3021 2008 3069 errantes
2037 3011 2114 3065 illi
2136 3009 2398 3074 Chaldaei,
2437 3009 2764 3065 conﬁrmato
2811 3010 2879 3066 ad
2919 3014 3339 3084 supplicandum

1761 3103 1948 3158 animo
1996 3101 2216 3170 expiato
2261 3113 2468 3166 errore,
2507 3113 2612 3155 sua
2649 3109 2782 3157 euut
2825 3110 3340 3176 sponte,tanquatn

1762 3193 2111 3264 evangelista:
2162 3199 2216 3247 et
2260 3193 2421 3263 primi
2473 3208 2753 3264 prazcones
2782 3197 3028 3266 gentium
3063 3198 3133 3256 de
3172 3201 3341 3256 divini

1766 3286 2004 3342 hominis
2033 3287 2292 3342 adventu.
2317 3285 2615 3357 Surgentes
2644 3287 2811 3357 igitur
2838 3291 3128 3360 prophetia
3155 3294 3341 3349 eximii

1764 3377 1916 3434 lsaiee
1971 3377 2179 3442 audita,
2223 3379 2463 3434 clamant
2501 3395 2516 3434 :
2552 3378 2696 3432 Puer
2739 3389 2897 3435 natus
2949 3393 3030 3437 est
3079 3384 3268 3448 nobis.
3296 3397 3344 3440 et

1762 3472 1910 3542 [ilius
1937 3471 2098 3527 datus
2137 3481 2216 3526 est
2255 3471 2429 3537 nobis,
2459 3481 2509 3526 et
2540 3471 2812 3526 vocabitur
2840 3489 3028 3528 nomen
3068 3474 3207 3544 ejus,
3243 3476 3348 3531 Ad-

1765 3562 2026 3618 mirabilis
2057 3564 2422 3629 consiliarius,
2467 3562 2652 3635 Magni
2690 3564 2904 3620 consilii
2942 3568 3180 3634 nuntius,
3203 3567 3346 3623 Deus

1765 3656 1944 3726 fortis,
1993 3654 2349 3718 Dominalor,
2388 3653 2640 3724 Princeps
2712 3656 2896 3725 pacis,
2962 3655 3131 3712 Pater
3177 3658 3348 3727 futuri

1765 3749 2040 3805 screnti”.
2074 3733 2192 3805 Hoc
2239 3758 2421 3804 autem
2453 3765 2580 3804 cum
2633 3758 2760 3804 ante
2802 3749 3132 3821 quingentos
3173 3767 3350 3809 annos

1766 3841 1834 3896 ab
1871 3842 1962 3896 illo
1993 3842 2111 3896 viro
2145 3850 2340 3897 sancto
2364 3841 2684 3912 praedictum
2721 3840 3078 3909 fuisset,licet
3129 3844 3206 3900 illi
3239 3860 3346 3902 non

1768 3934 2130 3997 audivissent,
2154 3940 2338 3988 tamen
2376 3948 2434 3987 re
2491 3933 2608 4002 ipsa
2648 3933 3136 3998 demonstrarunt,
3162 3933 3266 4005 legi
3294 3943 3351 3989 et

1769 4025 2053 4097 prephetis
2099 4032 2381 4087 vacantes,
2415 4022 2638 4080 Iudaeos
2677 4023 3050 4094 intelligentia:
3093 4031 3350 4094 expertes

1767 4132 1922 4180 esse,
1953 4124 2119 4187 atque
2170 4117 2243 4170 ita
2284 4115 2338 4169 in
2398 4115 2504 4169 ﬁde
2558 4124 2809 4186 pergunt.
2845 4113 3000 4181 Quod
3052 4131 3184 4171 vero
3238 4131 3349 4174 non

1768 4209 1945 4270 stella.
1966 4208 2062 4264 sed
2089 4206 2419 4264 intellectilis
2442 4205 2691 4278 quaedam
2719 4214 2774 4260 et
2803 4193 3088 4264 rationalis
3105 4215 3350 4278 potestas

1771 4301 1936 4355 fuerit
1992 4299 2083 4355 ille
2131 4298 2413 4370 Magorum
2450 4297 2562 4354 dux
2586 4337 2601 4365 .
2634 4313 2702 4353 ex
2744 4298 2862 4369 ipsa
2901 4298 3173 4356 discimus
3230 4307 3350 4356 tum

1771 4395 2011 4450 motione
2045 4402 2161 4448 tum
2196 4392 2567 4450 institutione.
2602 4389 2739 4447 Nam
2775 4391 3058 4449 stellarum
3101 4393 3206 4449 illa;
3231 4393 3353 4466 qui-

1771 4490 1893 4546 dem
1922 4502 2044 4559 quce
2097 4501 2314 4558 semper
2364 4492 2494 4540 sunt
2539 4485 2771 4542 mobiles
2813 4500 3096 4556 nunquam
3129 4499 3162 4541 a
3198 4492 3354 4542 motu

1773 4583 2099 4655 quiescunt;
2131 4594 2252 4650 quae
2279 4592 2412 4635 vero
2440 4577 2559 4633 ﬁxae
2578 4585 2727 4642 sunt.
2753 4591 2862 4633 non
2893 4584 3196 4632 moventur.
3225 4575 3354 4634 Haec

1771 4682 1954 4731 autem
1987 4680 2284 4743 utrumque
2313 4670 2560 4741 recipere
2603 4668 2839 4737 videtur,
2866 4669 3126 4724 nimirum
3152 4683 3275 4738 quae
3299 4677 3354 4724 et

1773 4766 1994 4824 mobilis
2033 4773 2182 4822 esset
2209 4771 2264 4820 et
2295 4764 2420 4828 ﬁxa,
2449 4771 2613 4833 atque
2642 4762 2808 4816 etiam
2850 4761 2919 4814 ab
2957 4759 3025 4815 iis
3056 4759 3150 4830 qui
3185 4758 3356 4816 duce-

1772 4859 2014 4919 bantur.
2047 4872 2169 4913 sese
2225 4853 2604 4912 subduceret:
2647 4852 2720 4906 ita
2770 4858 2832 4904 ut
2884 4850 3354 4921 interrogantibus

1771 4951 1908 5022 ipsis
1934 4967 1948 5004 :
1988 4949 2089 5003 Ubi
2119 4955 2198 5003 est
2226 4955 2383 5000 natus
2411 4945 2500 5000 ille
2527 4958 2618 4998 rex
2645 4941 2958 4997 Iudaeorum
2975 4941 3018 4975 ⁸⁸
3051 4941 3074 4996 'l
3100 4941 3356 4997 turbatus

1757 5044 1846 5098 usit
1873 5056 1966 5097 rex
2000 5039 2246 5095 Herodes
2268 5044 2324 5092 et
2354 5043 2465 5092 tota
2519 5034 2913 5105 Hierosolyma.
2942 5042 2996 5090 et
3044 5032 3356 5104 divulgatus

1774 5136 1994 5191 divinus
2027 5141 2240 5206 partus.
2275 5133 2492 5203 lateque
2541 5143 2770 5198 sparsus
2803 5141 2834 5181 a
2884 5126 3058 5199 Magis
3083 5165 3099 5192 ,
3132 5134 3359 5198 prapter

1775 5230 2086 5298 ademptum
2138 5225 2239 5281 via:
2289 5223 2506 5280 ducem.
2556 5221 2769 5276 Rursus
2825 5227 3007 5275 autem
3059 5233 3356 5291 apparens.

1773 5321 2024 5378 constitit
2048 5332 2212 5389 supra
2241 5324 2462 5372 antrum
2495 5313 2586 5369 ubi
2615 5312 2802 5370 infans
2835 5319 2974 5379 erat,
3017 5311 3195 5382 inquit
3234 5312 3356 5367 exi-

1774 5409 1918 5464 mius
1945 5406 2274 5471 Mattheus;
2315 5419 2442 5460 nam
2478 5401 2584 5458 nisi
2625 5416 2723 5472 per
2754 5399 3220 5456 intermissionem
3257 5414 3357 5471 ap-

1776 5493 2072 5564 paruisset,
2095 5506 2205 5546 non
2246 5489 2441 5547 fuisset
2475 5496 2746 5546 commota
2782 5485 3160 5558 Hierosolyma
3186 5485 3360 5540 inter-

1765 5580 2141 5662 lterrogatione
2173 5578 2475 5662 Magorum,
2519 5591 2698 5650 neque
2748 5575 2998 5642 irritatus
3025 5573 3222 5631 fuisset
3251 5569 3356 5633 He-
