3874 6516
506 446 614 507 ῦτδ

509 561 699 626 rodes.
745 558 960 629 de'rege
1001 551 1252 612 audiens.
1287 551 1402 609 Nisi
1435 551 1762 608 iutellectilis
1797 551 1978 620 aliqua
2021 558 2075 602 ct

508 651 798 708 rationalis
834 647 1074 720 potentia
1124 646 1214 701 illa
1256 644 1411 700 stella
1469 643 1685 712 fuisset,
1728 659 1837 698 non
1899 642 2090 714 utique

513 744 634 809 ejus
683 741 776 812 qui
837 745 999 794 natus
1047 746 1204 799 erat,
1248 735 1556 790 ministram
1618 752 1677 790 se
1727 735 2084 790 declarasset.

518 831 676 887 Nunc
713 840 894 886 autem
951 829 1097 900 quod
1145 827 1293 882 circa
1345 842 1500 897 reges
1539 827 1654 881 ﬁeri
1713 827 1886 894 solet,
1931 835 2092 882 vocat

515 924 735 994 quidem
769 933 824 979 et
869 923 1178 993 praecedens
1223 920 1440 975 divinus
1489 920 1577 975 hic
1624 935 1821 975 cursor
1873 922 2096 978 deducit

519 1015 587 1069 ad
615 1029 796 1086 regem
831 1015 1087 1084 aliquos;
1136 1019 1423 1083 postquam
1461 1027 1592 1066 vero
1627 1013 1694 1065 ad
1739 1019 1950 1080 portam
2013 1012 2096 1064 la-

519 1105 678 1161 tioris
709 1105 899 1175 platea:
932 1105 1198 1167 venerint,
1239 1109 1463 1158 vocatos
1491 1109 1558 1155 ad
1599 1101 1786 1155 limina
1824 1109 1971 1156 stare
2000 1104 2096 1170 ju-

523 1197 634 1262 bet,
663 1210 840 1264 usque
869 1194 996 1249 dum
1056 1193 1348 1248 adventum
1393 1193 1637 1263 ipsorum
1670 1191 1784 1262 regi
1821 1192 2098 1262 signiﬁca-

523 1288 684 1351 verit,
717 1287 902 1356 sicque
931 1284 1190 1355 deinceps
1219 1284 1286 1339 ad
1319 1284 1469 1355 ipsos
1500 1283 1860 1350 reversus,ad
1892 1291 2096 1339 tectum

525 1393 750 1434 aureum
798 1387 852 1434 et
888 1377 954 1431 ad
1004 1392 1189 1448 regem
1239 1377 1387 1430 intus
1427 1375 1707 1432 sedentem
1744 1376 1986 1432 deducit.
2021 1379 2099 1430 lla

528 1472 618 1526 hic
640 1470 796 1526 stella
829 1470 1050 1540 quidem
1086 1468 1450 1538 conspicitur,
1480 1469 1710 1539 angelus
1757 1477 1939 1524 autem
1979 1484 2101 1525 esse

529 1559 882 1631 intelligitur,
918 1569 971 1614 et
1020 1559 1264 1629 gentium
1312 1557 1440 1612 dux.
1497 1556 1758 1623 Quaenam
1809 1562 2101 1628 caeteroqui

501 1653 683 1708 'vobis
701 1650 916 1707 videtur
931 1665 1053 1706 esse
1085 1650 1318 1704 maxima
1352 1647 1546 1705 stella?
1563 1647 1702 1702 Num
1723 1647 1805 1702 sol
1824 1648 1848 1701 ζ’
1865 1645 2104 1702 Omnino

527 1743 676 1801 dices
706 1743 1000 1799 maximum
1034 1757 1156 1797 esse
1185 1742 1337 1798 sidus
1382 1741 1574 1796 solem.
1615 1738 1752 1806 Quis
1783 1740 1948 1811 igitur
1978 1756 2102 1796 cum

527 1845 611 1893 est
643 1838 698 1892 in
732 1835 910 1891 medio
940 1835 1077 1891 crelo
1110 1836 1461 1898 constitutus,
1492 1833 1671 1889 dicere
1703 1842 1887 1904 queat,
1911 1849 2102 1904 quam-

529 1943 656 1984 nam
712 1927 930 1982 urbium
980 1933 1074 1980 aut
1131 1925 1374 1980 vicorum
1427 1925 1654 1995 praecise
1701 1925 1976 1990 ostendat,
2008 1935 2104 1980 aut

529 2031 822 2088 quamnam
860 2016 1082 2070 domum
1129 2017 1286 2085 quasi
1313 2015 1483 2085 digito
1511 2014 1760 2085 designet
1787 2015 1810 2068 ?
1833 2015 2102 2086 Compara

531 2107 696 2178 igitur
719 2106 930 2162 stellam
959 2121 1082 2160 cum
1115 2105 1252 2170 sole,
1285 2105 1430 2160 velut
1464 2120 1708 2160 muscam
1738 2105 2009 2160 vinariam
2037 2107 2104 2162 ad

528 2199 894 2270 elephantem,
928 2207 983 2252 et
1007 2207 1213 2253 astrum
1245 2196 1488 2252 divinum
1535 2197 1602 2250 ad
1634 2199 1878 2252 omnium
1927 2199 2094 2253 maxi-

530 2304 677 2344 mam
728 2289 1027 2353 civitatem,
1087 2289 1252 2343 veluti
1310 2303 1434 2342 cum
1489 2288 1700 2342 camelo
1757 2287 2009 2343 culicem.
2046 2290 2102 2344 Si

503 2383 700 2452 igitur
734 2394 842 2436 non
875 2381 1083 2434 scimus
1106 2393 1268 2448 quam
1297 2378 1662 2433 maximarum
1706 2377 1929 2434 urbium
1961 2380 2106 2435 desi-

531 2479 660 2542 gnet
693 2485 932 2542 superne
977 2469 1268 2524 imminens
1310 2469 1400 2524 ille
1425 2468 1775 2524 luminarium
1810 2485 1928 2535 rex,
1975 2485 2107 2540 quo-

529 2563 696 2619 modo
727 2562 940 2618 stellam
969 2562 1219 2631 exiguam
1245 2559 1536 2616 ostendere
1563 2560 1879 2631 speluncam
1902 2561 2102 2624 dicam.

529 2653 578 2708 si
637 2668 744 2708 non
792 2651 1018 2723 angelus
1051 2651 1172 2715 fuit,
1194 2650 1561 2723 propinquum
1594 2661 1752 2706 terra:
1786 2651 1841 2706 in
1881 2653 2104 2708 sublimi

534 2745 632 2798 iter
660 2743 885 2808 faciens,
920 2749 974 2798 et
1000 2740 1291 2796 Dominum
1342 2741 1636 2796 indicans?
1667 2741 1967 2799 Facessant
2006 2745 2104 2814 igi-

531 2844 621 2891 tur
648 2835 778 2891 hinc
818 2849 944 2890 cum
981 2847 1078 2890 sua
1119 2833 1414 2896 dementia,
1466 2833 1559 2902 qui
1593 2835 1806 2889 stellam
1842 2849 1950 2889 una
1978 2850 2103 2890 cum

531 2925 971 2996 uniuscujusque
1005 2931 1254 2980 nostrum
1280 2924 1567 2980 nativitate
1613 2925 1748 2980 oriri
1782 2935 1994 2996 putant,
2029 2927 2108 2981 la-

532 3018 712 3074 bulosi
760 3026 1079 3088 nugator-es,
1139 3031 1265 3070 cum
1306 3015 1498 3072 eodem
1558 3016 1828 3072 moriente
1892 3018 2104 3073 stellam

529 3126 748 3182 quoque
774 3109 1008 3167 deﬁcere
1038 3109 1355 3165 delirantes.
1388 3108 1527 3164 Cum
1568 3109 1715 3164 enim
1748 3109 1858 3166 duo
1890 3117 2102 3165 tantum

532 3203 782 3258 homines
805 3210 990 3259 essent
1017 3202 1071 3256 in
1101 3200 1327 3265 mundo,
1362 3200 1606 3255 Adamus
1635 3201 1857 3272 inquam
1887 3210 1941 3256 et
1970 3201 2100 3265 Eva,

529 3293 750 3362 plenum
792 3303 910 3348 erat
949 3293 1110 3348 astris
1133 3291 1356 3348 coelum.
1394 3291 1715 3362 Rursusque
1746 3293 1975 3348 sublatis
2008 3309 2102 3363 per

529 3401 700 3456 aquas
731 3393 974 3456 tempore
991 3386 1269 3456 gigantum
1299 3384 1556 3441 omnibus
1585 3387 1840 3442 animatis
1863 3391 2097 3451 naturis,

1607 438 1663 492 S.
1701 432 2000 491 C/ESARII
2038 429 2367 486 GREGORII
2408 428 2712 486 FRATIlIS

3657 422 3736 481 975

2188 548 2494 620 ἐγνωρίσθη
2521 588 2536 611 ,
2571 547 2673 602 οὑκ
2702 546 2767 602 ἂν
2797 545 3014 618 οίκέτης
3040 543 3132 599 τοῦ
3168 541 3517 612 γεννηθέντος
3540 543 3735 616 ἐδείχθη.

2197 639 2308 692 Νῦν
2359 641 2439 704 δὲ,
2481 641 2619 712 ὅπερ
2671 639 2763 693 ἐπὶ
2803 638 2909 692 τῶν
2961 637 3225 708 βασιλέων
3267 633 3498 706 δρᾶσθαι
3543 634 3737 703 πέφυκε,

2196 733 2363 802 φωνεῖ
2394 733 2492 802 μὲν
2530 733 2623 784 καὶ
2671 732 2996 804 προηγεῖται
3033 731 3061 783 6
3110 728 3253 793 θεῖος
3293 727 3529 800 κοῦρσορ
3560 727 3643 778 ἐπὶ
3673 727 3742 777 τὸν

2199 822 2420 894 βασιλέα
2445 823 2595 886 τινάς
2617 841 2630 854 ·
2667 823 2790 876 ἐπεὶ
2813 823 2858 876 δ’
2883 823 2948 876 ἂν
2985 822 3077 875 ἐπὶ
3101 820 3201 891 τῆς
3230 820 3406 890 πύλης
3436 818 3540 872 τῶν
3561 817 3742 870 πλατῶν

2198 915 2465 968 πλατειῶν
2489 915 2599 985 (43)
2641 915 2928 983 γένωνται,
2965 913 3158 984 ἀφίησι
3196 913 3324 975 τοὺς
3361 910 3644 980 κληθέντας
3672 910 3744 961 ἐπὶ

2196 1006 2306 1060 τῶν
2332 1006 2641 1078 προαυλίων
2669 1007 2908 1072 ἑστάναι,
2941 1006 3133 1078 μέχρις
3168 1004 3235 1059 ἂν
3278 1002 3493 1076 μηνύσῃ
3518 1001 3590 1072 τῷ
3621 1000 3743 1070 βασι.

2197 1100 2279 1153 λεῖ
2311 1099 2410 1170 τὴν
2453 1099 2635 1154 αὑτῶν
2671 1099 3008 1169 παρουσίαν·
3042 1095 3146 1152 εἷθ’
3193 1096 3366 1160 οὕτως
3407 1094 3566 1149 πάλιν
3595 1095 3744 1155 astat;

2205 1191 2525 1260 ἀναφανεὶς,
2554 1191 2646 1245 ἐπὶ
2680 1192 2772 1245 τὸν
2803 1191 3136 1263 χρυσόροιρον
3165 1190 3261 1244 καὶ
3287 1189 3377 1242 τὸν
3411 1185 3621 1258 βασιλέα
3638 1185 3747 1239 καθ-

2200 1283 2458 1354 εζόμενον
2490 1284 2832 1354 προηγεῖται,
2865 1282 3041 1353 ἀστὴρ
3070 1281 3170 1354 μὲν
3195 1281 3531 1351 φαινόμενος,
3554 1277 3748 1345 ἄγγελος

2199 1373 2256 1427 δὲ
2285 1374 2573 1444 νοούμενος
2598 1372 2769 1426 ὲθνῶν
2795 1371 3010 1442 ὑδηγός.
3050 1371 3258 1434 Ἄλλως
3279 1371 3356 1436 δὲ,
3381 1369 3463 1433 τίς
3486 1369 3602 1438 ὑμῖν
3627 1367 3750 1418 δοκεῖ

2205 1465 2406 1537 μείζων
2433 1467 2699 1541 ὑπάρχειν
2727 1468 2754 1520 6
2777 1467 2975 1538 ἀστὴρ,
3005 1465 3038 1528 ἢ
3065 1465 3094 1516 6
3127 1465 3314 1534 ἦλιος;
3358 1462 3531 1533 Ἐρεῖς
3557 1461 3607 1514 δὲ
3633 1460 3748 1512 τεάν-

2201 1571 2330 1620 τως·
2361 1556 2422 1610 '0
2445 1555 2619 1627 ἥλιος.
2645 1557 2741 1621 Τίς
2769 1551 2881 1622 οὖν,
2915 1554 3373 1627 μεσουρανοῦντος
3398 1550 3577 1609 αὑτοῦ,
3603 1552 3748 1603 εἰπεῖν

2203 1647 2314 1714 οἷός
2337 1667 2396 1702 τε
2421 1649 2654 1720 ὑπάρχει
2686 1649 2843 1702 ποίαν
2870 1648 2978 1702 τῶν
3009 1646 3216 1700 πόλεων
3241 1645 3275 1716 ἢ
3299 1643 3499 1713 κωμῶν
3527 1644 3591 1697 δι’
3619 1647 3751 1714 ἀκρι-

2206 1740 2358 1806 ϐείας
2395 1739 2765 1812 καταμηνύει,
2793 1741 2826 1812 ἢ
2855 1741 2978 1794 τίνα
3010 1736 3159 1794 οἷκον
3188 1739 3376 1808 ὥσπερ
3413 1736 3647 1805 δακτύλῳ
3673 1752 3752 1803 3r,-

2214 1832 2426 1902 μαίνει’;
2477 1832 2770 1904 Σύγκρινον
2822 1832 3001 1886 τοίνυν
3056 1831 3262 1902 ἀστέρα
3301 1831 3436 1900 πρὸς
3478 1828 3638 1899 ἥλιον,
3690 1827 3754 1888 ὡς

2211 1925 2412 1996 ἐμπίδα
2443 1925 2554 1996 (44)
2581 1926 2716 1995 πρὸς
2738 1924 3027 1995 ἐλέφαντα.
3053 1925 3147 1978 καὶ
3175 1922 3236 1976 τὸ
3265 1922 3406 1974 θεῖον
3427 1921 3613 1989 ἄστρον
3640 1918 3752 1988 πρὸς

2203 2017 2303 2089 τὴν
2326 2016 2515 2071 πασῶν
2545 2016 2764 2088 μείζονα
2791 2017 2966 2082 πόλιν,
2991 2018 3065 2082 ὡς
3089 2015 3226 2088 πρὸς
3249 2012 3494 2084 κάμηλον
3524 2012 3750 2063 κώνωπα.

2205 2110 2270 2162 Εἰ
2293 2103 2385 2162 ούν
2419 2109 2480 2161 οὑ
2523 2105 2862 2179 γινώσκομεν
2895 2108 3052 2162 ποίαν
3095 2107 3204 2160 τῶν
3253 2105 3526 2177 μεγίστων)
3575 2102 3752 2154 πόλεων

2207 2202 2549 2272 καταμηνύει
2580 2199 2894 2272 ὑπερεστὼς
2923 2201 2951 2253 6
2983 2200 3090 2253 τῶν
3135 2199 3438 2270 φωστήρων
3475 2194 3629 2260 ἄναξ,
3658 2193 3752 2255 πῶς

2205 2292 2298 2345 τὸν
2327 2291 2565 2363 ἀμυδρὸν
2595 2292 2800 2362 ἀστέρα
2825 2287 3196 2360 καταμηνύειν
3217 2287 3277 2340 τὸ
3308 2285 3567 2357 σπήλαιον
3594 2285 3750 2353 φήσω-

2212 2402 2330 2454 μεν,
2381 2385 2430 2437 εί
2462 2383 2537 2455 μὴ
2585 2383 2815 2454 ἀγγελος
2839 2383 3084 2454 ὑπῆρχεν
3117 2381 3406 2451 πρόσγειον
3433 2377 3530 2448 τὴν
3555 2378 3752 2446 ἀκροπο-

2208 2478 2328 2550 ρίαν
2354 2476 2696 2548 ποιούμενος,
2726 2477 2822 2532 καὶ
2863 2475 3083 2548 μηνύων
3116 2474 3214 2546 τὴν
3250 2471 3596 2530 δεσποτείαν;
3629 2468 3753 2521 Παν-

2210 2567 2492 2622 σάσθωσαν
2533 2567 2632 2636 τῆς
2665 2564 2952 2638 παροινίας
2974 2565 3021 2618 oi
3062 2563 3268 2634 ἀστέρα
3293 2560 3663 2614 ὲπανατέλλειν
3699 2559 3750 2626 τῇ

2207 2660 2435 2714 ἑκάστου
2487 2658 2648 2731 ἡμῶν
2699 2657 2908 2726 γενέσει
2951 2657 3221 2727 οἰόμενοι,
3279 2653 3598 2725 μυθολέτχαι
3636 2650 3752 2710 τινὲς

2209 2753 2560 2825 ὑπάρχοντες,
2579 2751 2674 2806 καὶ
2692 2749 3058 2804 συνεκλείπειν
3075 2747 3149 2819 τῷ
3167 2746 3453 2818 θνήσκοντι
3473 2744 3559 2797 τὸν
3580 2743 3754 2812 ἀστέρι

2207 2843 2518 2918 ληρούντες.
2549 2843 2652 2898 Δύο
2690 2843 2796 2913 γὰρ
2828 2839 3127 2912 ἀνθρώπων
3158 2839 3328 2892 ὅντων
3357 2839 3412 2890 ὲν
3451 2836 3647 2906 κόσμῳ,
3674 2833 3752 2886 τοῦ

2221 2935 2391 3006 Ἀδάμ
2419 2953 2560 3006 φημι
2593 2935 2686 2989 καὶ
2727 2933 2829 3004 τῆς
2873 2932 3039 2996 Εὑας,
3087 2932 3116 2984 6
3159 2930 3389 3002 οὑρανδς
3420 2928 3624 2998 ἀστρων
3649 2929 3754 2978 έπε-

2209 3027 2484 3100 πλήρωτο.
2528 3027 2722 3080 ’Υδατι
2751 3025 2806 3078 δὲ
2843 3023 3002 3077 πάλιν
3029 3021 3419 3090 ἀφανισθείσης
3449 3020 3538 3072 ἐπὶ
3563 3017 3657 3072 τῶν
3684 3035 3753 3085 γι-

2207 3114 2418 3182 γάντων
2464 3113 2644 3183 πάσης
2689 3112 2934 3184 ἐμψύχου
2977 3107 3231 3182 φύσεως,
3263 3110 3403 3181 πλὴν
3454 3109 3623 3176 ὀγδόου
3669 3105 3746 3159 τοῦ

2211 3205 2497 3260 θεσπεσίου
2521 3205 2642 3259 Νῶε
2662 3206 3071 3278 περισωθέντος,
3095 3205 3156 3258 οὑ
3182 3203 3501 3274 συναπήχθη
3524 3201 3586 3254 τά
3605 3202 3752 3268 ἄστρα

2209 3299 2322 3361 τοῖς
2349 3297 2646 3369 ὲκτριϐεῖσι
2673 3297 2751 3369 τῷ
2780 3297 2954 3365 ὑδατι,
2983 3297 3102 3352 οὑδὲ
3136 3295 3307 3367 βραχὺ
3333 3296 3430 3367 τῆς
3451 3295 3641 3356 οἰκείας
3665 3309 3749 3343 πα-

2215 3389 2471 3461 ρεκινήθη
2505 3389 2730 3456 τάξεως.

533 3486 727 3546 praeter
761 3493 859 3534 eos
887 3486 1012 3534 octo
1039 3479 1133 3546 qui
1164 3493 1288 3533 cum
1327 3477 1515 3532 divino
1546 3477 1662 3534 Noa
1710 3481 1908 3535 servati
1961 3493 2224 3546 sunt,non
2253 3483 2415 3537 simul
2451 3483 2630 3538 ablata
2665 3487 2806 3538 sunt
2835 3493 2979 3538 astra
3005 3497 3130 3538 cum
3180 3481 3290 3536 illis
3324 3485 3415 3552 qui
3442 3493 3576 3550 aqua
3611 3474 3748 3532 deleti

529 3579 691 3638 sunt,
741 3586 916 3642 neque
966 3573 1047 3626 vel
1088 3572 1368 3641 paululum
1409 3587 1439 3626 a
1463 3586 1565 3628 suo
1619 3584 1960 3630 recesserunt
1992 3577 2203 3636 ordine.

934 3673 1452 3733 INTERROGATIO
1516 3675 1696 3734 CVIII.

601 3764 893 3832 Quomodo
929 3781 1058 3822 vero
1082 3764 1366 3838 Scriptura
1393 3767 1731 3839 astrologum
1768 3768 1899 3823 dicit
1929 3769 2103 3824 Abra-

529 3857 802 3913 hamum?
833 3865 928 3912 aut
965 3857 1245 3929 quomodo
1290 3867 1346 3915 et
1391 3859 1530 3916 alios
1577 3860 1887 3916 invenimus
1934 3863 2103 3932 pluri-

533 3966 674 4017 mos,
711 3951 805 4023 qui
831 3967 897 4007 ex
928 3951 1094 4008 astris
1115 3952 1289 4007 multa
1313 3968 1435 4022 quae
1471 3953 1607 4007 liunt
1642 3955 1789 4024 apud
1813 3969 1915 4009 nos
1958 3969 2100 4024 prae-

529 4041 742 4106 dicunt,
777 4041 942 4098 veluti
969 4041 1116 4112 quod
1147 4042 1237 4098 hic
1261 4041 1445 4100 infans
1483 4043 1722 4109 adultus,
1765 4045 1818 4099 in
1870 4045 2101 4100 homici-

529 4133 654 4188 dam
685 4147 951 4189 evasurus
980 4133 1072 4198 sit,
1101 4141 1194 4189 aut
1219 4133 1561 4200 adulterum;
1605 4135 1699 4192 ille
1738 4151 1866 4190 vero
1925 4137 1976 4191 iu
2019 4152 2105 4192 so-

530 4224 712 4281 brium
765 4232 820 4279 et
861 4223 1250 4281 modestiorem
1303 4233 1360 4280 et
1413 4223 1777 4294 fortunatum,
1838 4227 2102 4282 beneﬁcio

533 4321 735 4378 sideris
765 4320 790 4372 τ

1159 4410 1464 4482 Responsio.

600 4497 974 4557 Patriarcham
995 4501 1216 4574 quidem
1249 4503 1622 4561 Abrahamum
1656 4508 1892 4564 historia
1913 4521 2098 4569 astro-

529 4609 753 4650 nomum
777 4607 1002 4661 vocans,
1027 4608 1301 4666 nusquam
1324 4597 1478 4665 ponit
1506 4597 1688 4668 ipsum
1717 4616 1814 4669 pro
1867 4602 1976 4658 diis
2005 4602 2104 4656 ha-

522 4685 714 4740 buisse
739 4685 824 4741 vel
850 4685 1087 4741 coluisse
1109 4685 1316 4742 stellas.
1346 4684 1549 4742 Verum
1582 4691 1647 4744 ad
1673 4695 2090 4762 agriculturam,

525 4785 580 4831 et
602 4776 828 4840 imbres,
854 4787 908 4831 et
948 4778 1227 4833 siccitates
1262 4787 1724 4852 tempestatesque
1754 4783 1871 4854 ipse
1903 4785 2097 4842 obsera

525 4882 690 4923 vasse
741 4869 1053 4937 patriarcha
1109 4870 1377 4935 creditur,
1425 4881 1484 4926 ut
1528 4873 1620 4942 qui
1683 4881 1841 4941 patre
1886 4877 2104 4946 genitus

525 4967 672 5013 esset
696 4960 883 5029 gentili
913 4958 1119 5026 Thare,
1144 4969 1199 5016 et
1228 4976 1353 5016 cum
1374 4963 1646 5020 Chaldaeis
1685 4975 1957 5031 versatus,
2004 4968 2102 5039 qui

526 5047 934 5104 multitudinem
964 5047 1192 5104 deorqu
1233 5051 1551 5108 credebant.
1589 5051 1706 5109 Non
1736 5056 1883 5113 enim
1937 5057 2095 5127 juxta

597 5268 710 5340 (6'5)
745 5268 994 5340 Πλατῶν
1012 5271 1327 5327 πλατειῶν.
1361 5270 1520 5328 Forte
1544 5272 1760 5329 πλατῶν
1792 5273 2092 5340 παλατίων,

526 5339 614 5393 vel
637 5339 882 5390 πλατέων
916 5340 1042 5391 παλ.
1078 5340 1234 5396 Eutr.

595 5408 708 5477 (ιι)
726 5408 996 5486 Ἐμγτζβᾳ
1033 5408 1251 5486 Prior-es
1272 5410 1539 5486 editiones
1563 5411 1770 5486 ξμπεξα
1793 5428 1955 5486 '_qu'.e
1971 5415 2090 5486 qui-

524 5476 646 5556 dem
660 5493 765 5533 vos
790 5476 924 5556 nihil
953 5481 1059 5556 huc
1084 5481 1208 5556 facit
1238 5501 1272 5556 :_
1283 5489 1367 5556 est
1385 5483 1538 5556 enim
1563 5476 1796 5556 ἔμπεδα,
1816 5476 2087 5556 Ποεγοῖιὶο

524 5554 766 5625 auctore,
805 5549 1057 5625 ιπιτηδῇ,
1106 5551 1302 5625 ἀληθῆ,
1340 5551 1551 5625 βέϐαια,
1581 5549 1815 5625 ἰσχυρά,
1855 5549 2086 5625 ἀμῖετάλ·

524 5616 713 5682 λακτα,
738 5616 970 5687 ἀσφαλῆζ
997 5616 1132 5673 Hinc
1159 5616 1518 5677 L'eu'nc'lavius
1539 5616 1746 5676 hiatum
1773 5616 1825 5678 in
1853 5616 1948 5677 sua
1975 5641 2088 5680 ver-

525 5689 678 5764 sione
715 5689 1049 5764 relinquens,
1078 5691 1256 5764 locum
1293 5692 1372 5746 sic
1407 5693 1591 5764 eﬂert;
1628 5692 1890 5759 Compara
1924 5695 2088 5764 igitur

522 5757 729 5828 stellam
757 5774 875 5811 cum
909 5760 1038 5825 sole,
1069 5761 1202 5814 velut
1242 5799 1253 5812 .
1274 5797 1289 5812 .
1309 5799 1323 5813 .
1363 5761 1430 5814 ad
1454 5757 1796 5828 elephantem.
1833 5757 2083 5819 Men'dum

525 5826 706 5896 itaque
751 5830 970 5902 sustulit
1017 5831 1214 5886 Croius
1247 5830 1483 5902 JObserv.
1516 5826 1570 5886 in
1619 5832 1753 5886 Nov.
1791 5833 1930 5886 Tesl.
1960 5849 2082 5902 cap.

527 5911 725 5966 xxvm,
775 5901 1082 5954 rescribcns
1121 5898 1339 5971 ἐμπίδα.
1386 5902 1655 5974 llesychio
1705 5911 1883 5964 autem
1919 5898 2084 5976 ὲμπῖς

2785 3685 3034 3738 ΠΕΥΣΙΣ
3082 3686 3211 3740 PII'.

2277 3775 2387 3830 Καὶ
2418 3774 2535 3839 πῶς
2563 3777 2594 3846 ἡ
2630 3776 2821 3848 Γραφὴ
2844 3777 3168 3849 ἀστρολόγον
3195 3777 3285 3830 τὸν
3319 3774 3566 3847 Ἀϐραὰμ
3585 3773 3745 3841 λέγεις

2207 3866 2322 3931 πῶς
2338 3865 2395 3919 δὲ
2409 3867 2505 3920 καὶ
2525 3865 2745 3938 ἐτέρους
2763 3867 3045 3932 πλείστους
3067 3868 3414 3940 εὑρίσκομεν,
3440 3868 3542 3920 ἀπὸ
3565 3867 3745 3936 ἄστρων

2205 3957 2376 4013 πολλά
2399 3959 2506 4012 τῶν
2539 3959 2661 4014 καθ’
2691 3961 2838 4031 ἡμᾶς
2872 3960 3148 4030 λέγοντας,
3191 3963 3273 4014 ὅτι
3321 3962 3535 4031 φονικὸν
3567 3959 3744 4029 6306+,-

2209 4067 2364 4104 σεται
2387 4051 2447 4104 τὸ
2468 4051 2679 4106 παιδίον
2691 4050 3125 4124 αὑξανόμενον,ὴ
3151 4055 3336 4124 μοιχόν
3357 4071 3369 4082 ·
3401 4055 3460 4107 τὸ
3486 4055 3540 4108 δὲ
3569 4054 3740 4122 ἕτερον.

2209 4142 2489 4212 νηφάλιον,
2535 4145 2629 4198 καὶ
2682 4144 3140 4217 σωφρονέστερον,
3176 4148 3271 4201 καὶ
3314 4148 3532 4218 εὑτυχὲς
3554 4189 3566 4209 ,
3591 4147 3668 4199 διὰ
3695 4144 3740 4195 τὸ

2209 4231 2407 4305 ἄστρον
2429 4251 2444 4300 ;

2823 4417 3177 4484 Ἀπόκρισις.

2295 4508 2355 4560 Ἢ
2389 4508 2487 4578 μὲν
2514 4509 2721 4579 ἱστορία
2748 4509 2838 4562 τὸν
2863 4511 3210 4581 πατριάρχην
3250 4509 3496 4579 ’Δϐραάμ
3519 4511 3734 4580 ἀστρονᾶ

2211 4615 2310 4669 μον
2336 4597 2617 4667 φάσκουσα
2634 4639 2648 4661 ,
2676 4598 2884 4652 οὑδέπω
2923 4600 3082 4653 αὑτὸν
3110 4599 3374 4655 θεοποιεῖν
3398 4601 3430 4672 ἢ
3462 4601 3624 4654 σέϐειν
3644 4597 3734 4661 τοὺς

2205 4690 2442 4761 ἀστέρας
2467 4689 2817 4762 παρίστησιν,
2844 4691 2981 4745 ἀλλά
3020 4691 3156 4766 πρὸς
3183 4693 3459 4765 γεωργίας
3492 4695 3578 4747 καὶ
3599 4695 3732 4760 ἑπομ-

2203 4781 2363 4853 6ρίας
2391 4782 2636 4855 αὑχμούς
2675 4801 2733 4836 τε
2774 4785 2868 4840 καὶ
2908 4785 3178 4857 χειμῶνας
3213 4786 3502 4857 προσέχειν
3544 4783 3732 4848 αὑτοζὸ

2204 4873 2549 4947 πατριάρχης
2578 4875 2913 4932 πιστεύεται’
2946 4879 3040 4931 καὶ⁵
3081 4877 3250 4931 ταῦτα
3280 4879 3488 4949 πατρὸς
3519 4879 3730 4947 ὑπάρχων

2203 4963 2463 5034 Ἕλληνος
2509 4965 2604 5019 τοῦ
2635 4965 2823 5038 θάρῤα
2847 5009 2862 5034 ,
2905 4969 2996 5022 καὶ
3046 4968 3334 5036 Χαλδαίοις
3360 4970 3640 5038 συνδιάγων
3661 4983 3729 5019 πο·

2197 5049 2418 5110 λυθεῖαν
2475 5055 2858 5126 πυρέττουσιν.
2906 5058 2981 5110 Οὑ
3032 5058 3139 5130 γάρ
3202 5059 3343 5113 κατὰ
3394 5059 3725 5132 ἀστρονομίαν,

2197 5278 2404 5358 dicitur
2423 5279 2644 5358 κώνωψ,
2687 5277 2888 5358 aeteae
2921 5281 3081 5358 ζῶον,
3114 5282 3267 5354 παρὰ
3299 5285 3410 5358 τοῖς
3439 5284 3584 5358 ὕδεισι
3612 5281 3727 5358 τενίτ

2200 5366 2359 5424 μενον
2477 5348 2742 5424 γεννῲμξ]
2774 5354 2958 5424 ὅμοιον
2991 5348 3234 5418 κώνωπι,
3273 5354 3458 5424 μεῖζον
3496 5355 3566 5408 δέ.
3614 5348 3722 5424 Croii

2197 5421 3107 5493 restitutioprob‘atitr’Cotelcrio
3155 5425 3208 5477 in
3261 5421 3376 5478 not.
3423 5424 3489 5477 ad
3537 5437 3641 5493 cap.
3679 5421 3725 5472 t9

2189 5491 2341 5564 epist.
2471 5490 2672 5564 Ignatt'i
2708 5492 2784 5546 Μ.
2817 5493 2884 5547 ad
2930 5493 3323 5564 Magnesianos.
3358 5490 3725 5564 τετείοηείιιουο

2195 5559 2654 5634 Leunclavianam
2688 5564 2762 5617 ita
2800 5559 3042 5634 supplet,
3091 5576 3249 5633 prout
3281 5564 3575 5618 edidimus:
3601 5560 3722 5634 Com-

2189 5644 2321 5698 para
2350 5631 2512 5698 igitur
2542 5634 2752 5687 slellam
2779 5630 3054 5695 cunt—sole,
3080 5630 3215 5688 uelut
3245 5650 3476 5688 muscam
3507 5630 3718 5686 vinariam

2190 5698 2260 5752 ad
2273 5701 2621 5767 elephantem.
2643 5702 2830 5767 Neque
2845 5706 3008 5760 aliter
3033 5705 3288 5767 Grabius,
3316 5704 3454 5767 δρία.
3477 5703 3570 5758 SS.
3600 5701 3715 5752 Patr.

2190 5721 2256 5752 aa
2273 5721 2621 5767 ειερηαηιεηι.
2643 5721 2830 5774 neque
2845 5721 3008 5760 auter
3033 5721 3288 5768 urantus,
3316 5721 3454 5773 δριε.
3477 5721 3570 5758 ω.
3600 5721 3715 5752 ran-

2189 5778 2321 5851 to_m.
2359 5771 2400 5852 ί,
2448 5787 2567 5846 pag.
2609 5774 2736 5842 557,
2773 5775 2896 5831 licet
2926 5775 3075 5832 Croii
3105 5785 3158 5832 et
3197 5776 3446 5832 Cotelerii
3477 5771 3603 5828 haud
3629 5782 3716 5824 mc-

2189 5851 2430 5896 nuncrtt.
