3806 6510
83 421 167 481 θη

84 536 200 595 ἀλλά
217 527 518 590 ωοσέῦειαν
549 527 764 601 πρῶτον
791 529 985 604 ἑαυτῷ,
1010 533 1111 589 εἴθ’
1132 532 1307 599 οὕτως
1340 536 1527 592 Ἰσαὰκ
1549 536 1628 609 τῷ

94 627 241 689 παιδὶ,
276 622 334 676 τὸ
389 620 627 691 σιδήριον
673 621 773 692 τῆς
818 625 1120 698 περιτομῆς
1156 626 1498 698 τεθηγμένον
1541 628 1634 682 ἑπ-

87 718 285 786 ήγαγεν.
327 707 454 762 Οὐδὲ
488 707 631 763 κατά
651 710 1036 783 ἀστρονομίαν,
1063 714 1201 768 ἀλλά
1228 715 1538 789 θεηγορίαν,
1568 719 1635 773 ἐκ

89 805 173 874 τῆς
205 800 384 868 ἀγόνου
422 798 517 853 καὶ
546 800 852 871 παρήλικος
884 802 1114 873 συμόίου
1141 806 1241 877 τὴν
1282 807 1488 861 ἐκείνου
1518 807 1635 877 γέν-

79 910 213 960 νησιν
241 887 590 944 ἐπιστώσατο·
620 892 750 963 περ)⁵
788 888 857 965 ἦς
884 894 948 946 ἐκ
978 893 1106 958 νέας
1135 896 1229 949 καὶ
1258 896 1359 967 ήδη
1392 897 1636 969 σφριγώ-

83 1003 170 1054 an;
195 982 286 1053 τῆς
308 980 540 1051 ἡλικίας,
585 983 779 1054 μέχρις
800 985 968 1055 αὑτῆς
994 986 1186 1050 πολιᾶς
1208 989 1301 1042 καὶ
1330 988 1632 1059 βαθυτάτου

74 1070 555 1151 γήρους,.ἀλλήλοις
585 1073 1065 1140 συγκαθεύδοντες,
1102 1078 1318 1133 οὐδέπω
1376 1081 1633 1152 ἀστρονο-

78 1168 210 1238 μίαις
240 1162 555 1218 ἐπείθοντο..
579 1164 700 1217 Οὐδ’
746 1160 812 1219 αὖ
864 1167 1027 1223 πάλιν
1067 1168 1162 1223 τοῦ
1210 1169 1632 1243 ἀστροτέκτονος

69 1260 146 1311 τὸν
172 1256 326 1311 παῖδα
374 1256 740 1326 πειραστικῶς
784 1259 947 1313 αὑτὸν
999 1259 1151 1315 θύειν
1194 1265 1631 1336 προστάξαντος,

70 1348 166 1402 οὐδ’
217 1346 435 1418 ἄστροις
482 1347 766 1419 ἑπόμενος,
805 1349 941 1405 ἀλλά
990 1352 1109 1424 Θεῷ
1153 1355 1493 1428 πειθόμενος,
1531 1360 1633 1430 τὴν

65 1438 321 1495 Χαλδαίαν
345 1441 408 1509 τῇ
442 1440 841 1513 Μεσοποταμίᾳ
872 1442 1071 1516 Συρίας
1107 1446 1415 1517 ἀμείϐεται.
1476 1449 1631 1517 Ἄξιῶ

65 1532 115 1585 δέ
160 1548 246 1584 σου
289 1530 388 1602 τὴν
435 1531 737 1602 ἀγχίνοιαν,
786 1533 1075 1607 ἀξιέραστε
1114 1540 1481 1609 Κωνστάντιε,
1531 1545 1633 1615 τῆς

64 1622 327 1695 παρούσης
352 1621 504 1687 θείας
528 1625 853 1696 ὁμηγύρεως
876 1627 1013 1701 πρὸς
1036 1629 1135 1702 τήν
1171 1632 1431 1704 ἀκρόασιν
1457 1634 1630 1707 βραχὺ

66 1713 363 1786 σιωπώσης,
389 1716 491 1788 τὴν
522 1718 665 1771 κατά
697 1719 757 1771 σὲ
788 1720 1189 1795 ἀστρονομικὴν
1228 1726 1387 1797 ήμῶν
1417 1728 1632 1796 γένεσιν

61 1805 409 1877 διηγήσασθαί
460 1824 588 1877 μοι,
630 1808 725 1862 καὶ
771 1810 890 1880 ἥτις
938 1812 1118 1868 αὐτῶν
1165 1815 1399 1889 ὑπάρχει
1450 1819 1632 1890 κρίσις

58 1898 143 1950 καὶ
189 1897 507 1971 συμπλοκή·
563 1898 707 1954 οὕτω
751 1904 818 1974 τῇ
865 1903 985 1976 θείᾳ
1030 1905 1188 1980 ῥώμῃ
1231 1926 1291 1962 τε
1321 1909 1415 1963 καὶ
1467 1912 1632 1984 σοφίᾳ⁵

60 1990 496 2061 καθαιρουμένων
522 1990 631 2047 τῶν
656 1992 809 2064 παρὰ
840 1993 933 2047 σοῦ
961 1995 1291 2067 δονουμένων
1323 1998 1631 2070 δογμάτων,

57 2080 205 2133 πάλιν
243 2080 333 2133 διά
364 2080 584 2152 νήψεως
629 2083 723 2137 καὶ
750 2084 997 2149 παιδείας
1040 2088 1366 2158 κρειττόνων
1398 2090 1504 2144 ὑπὸ
1535 2090 1632 2145 σοῦ

56 2171 500 2243 ἀνεγειρομένων,
536 2173 612 2236 ὡς
641 2174 853 2228 καὶτοῦ
882 2175 1085 2247 ὑψηλοῦ
1124 2177 1465 2250 Ἀποστόλου,
1498 2182 1634 2237 καθ-

52 2263 366 2334 αιρεθέντων
418 2264 520 2333 μὲν
552 2265 660 2320 τῶν
692 2266 951 2337 νομικῶν,
994 2268 1416 2339 ἀνθυψωθέντων
1443 2272 1499 2326 δὲ
1525 2273 1634 2328 τῶν

52 2355 438 2425 εὑαγγελικῶν,
467 2356 564 2428 τῆς
589 2358 647 2412 δὲ
670 2360 866 2424 κακίας
887 2361 1331 2435 καταρραγείσης
1352 2364 1445 2419 καὶ
1462 2368 1637 2432 κτιζο-

52 2451 207 2519 μένης
244 2448 341 2501 ἐπὶ
362 2447 429 2501 τὸ
461 2452 735 2519 κρεῖττον,
766 2451 862 2506 καὶ
887 2452 1109 2523 εἰρήνης
1148 2470 1231 2506 σοι
1264 2453 1401 2525 πρὸς
1426 2455 1496 2510 τὰ
1526 2455 1637 2527 ὲμά

49 2538 334 2610 γινομένης
363 2539 641 2609 δόγματα,
680 2541 775 2594 κα¹ι
808 2540 917 2596 τῶν
945 2544 1374 2615 συνεγερθέντων
1410 2546 1502 2599 ἐπὶ
1536 2545 1637 2617 τὴν

47 2630 204 2701 ἀκοὴν
257 2628 356 2682 τοῦ
411 2629 575 2699 λόγου
618 2630 914 2703 ἀλωδήτως
962 2633 1414 2704 ἀποφοιτώντων,
1472 2637 1637 2708 μηδὲν

47 2719 135 2786 τῆς
170 2718 499 2791 Ἑλληνικῆς
531 2721 889 2792 ἐπαγομένων
914 2722 1113 2787 κακίας
1133 2740 1148 2755 ·
1176 2725 1372 2795 ὲπάγει
1404 2726 1505 2794 μὲν
1531 2728 1638 2780 Δα-

45 2809 122 2860 ϐιδ
143 2810 170 2861 ό
202 2810 312 2862 τῶν
349 2809 522 2864 θείων
569 2808 803 2881 μελῳδὸς
824 2828 837 2841 ·
893 2812 1056 2881 Αὕτη
1088 2815 1132 2883 ἡ
1163 2814 1494 2882 ἀλλοίωσις
1526 2815 1638 2885 τῆς

43 2899 237 2967 δεξιᾶς
278 2902 390 2957 τοῦ
444 2902 771 2971 ’Υψίστουο
815 2904 1129 2975 ἐπιδοήσειε
1178 2907 1236 2961 δὲ
1290 2909 1387 2963 καὶ
1445 2911 1474 2963 ὁ
1528 2910 1639 2965 τῶν

41 2992 334 3063 προφητῶν
379 2991 595 3064 ὑψηλὸς
643 2992 869 3058 Ἡσαΐας
901 2995 968 3049 ἐκ
1009 2996 1302 3069 προσώπου
1337 2999 1432 3055 τοῦ
1464 3000 1635 3054 Θεοῦο

52 3086 187 3154 Ἐγὼ
226 3087 261 3138 ό
300 3083 507 3139 ποιῶν
535 3084 804 3155 εἰρήνην,
846 3086 948 3141 καὶ
978 3088 1187 3150 κτίζων
1214 3090 1381 3181 κακά
1427 3092 1527 3149 ἐπὶ
1575 3093 1641 3151 τὸ

37 3195 325 3248 aspernor.

638 3310 889 3366 ΠΕΥΣΙΣ
919 3314 1039 3369 ΡΘ’.

100 3422 211 3495 Τῆς
238 3423 532 3496 ὑμετέρας
550 3422 859 3495 ἁγιωσύνης
882 3424 1063 3495 λέγειν
1095 3443 1184 3499 μοι
1213 3429 1636 3505 ἐπιτρεπούσης,

34 3514 281 3570 ἐντεῦθεν
304 3516 409 3569 τοῦ
437 3515 603 3584 λόγου
631 3516 891 3587 ἀρχομαι,
916 3518 976 3570 οὑ
998 3518 1338 3592 λυμήνασθαι
1363 3524 1489 3588 τοὺς
1508 3542 1642 3597 παρ-

30 3610 205 3675 όντας,
242 3608 368 3662 ἀλλ’
402 3607 710 3662 ἀποθέσθαι
740 3607 838 3680 τὴν
856 3607 1034 3682 λύμην
1066 3610 1403 3684 βουλόμενος.
1438 3614 1641 3672 Αὐτίκα

31 3697 157 3767 γοῦν
193 3698 382 3770 Ἄρης
430 3695 550 3767 (45)
581 3697 804 3769 κέντρον
848 3698 1048 3764 λαϐὼν,
1083 3702 1266 3774 οἰκείῳ
1293 3704 1428 3776 οἴκῳ
1460 3705 1526 3760 ἐκ
1552 3723 1641 3759 τε-

27 3789 318 3861 τραγώνου
345 3788 680 3858 ὲπιθεωρῶν
699 3790 905 3860 Κρόνον
935 3792 1033 3845 σὺν
1072 3793 1245 3866 Ἐρμῇ
1275 3795 1369 3849 ἐπὶ
1395 3796 1640 3869 κέντρον,

29 3882 267 3954 Σελήνης
330 3881 430 3935 ἐπ’
489 3880 651 3934 αὑτὸν
702 3881 945 3953 πλήρους
989 3883 1299 3956 ἀρχομένης
1349 3886 1499 3961 (46),
1550 3890 1642 3942 ἐπὶ

23 3978 302 4048 ἡμερινῆς
338 3975 694 4045 γεννήσεως,
742 3973 953 4027 ὲκτελεῖ
984 3973 1340 4046 ἀνδροφόνους
1371 3980 1466 4033 καὶ⁹
1498 3996 1644 4034 κτει-

24 4068 315 4137 νομένους,
366 4062 693 4135 ὲπωμώτας
726 4064 837 4135 (47)
870 4065 963 4119 καλ⁸
995 4067 1314 4137 αἱμοπότας,
1353 4069 1641 4140 μεθύσους,
1688 4116 1691 4119 η

20 4158 280 4228 λάγνους,
329 4157 743 4229 δαιμονῶντας,
791 4158 1106 4228 μυστηρίων
1138 4160 1471 4231 ἀποκρύφων
1498 4163 1643 4218 ἴστο-

24 4268 141 4320 ρας,
189 4251 423 4320 μάγους
455 4247 648 4313 θύτας,
696 4247 791 4301 καὶ⁴
835 4247 902 4301 τὰ
929 4248 1138 4314 τούτοις
1166 4250 1453 4318 ἀκόλουθα,
1500 4254 1645 4320 ἐξαι-

20 4344 195 4414 ρέτως
227 4341 491 4415 μηδενὸς
517 4339 626 4394 τῶν
644 4339 990 4409 ἀγαθοποιῶν
1017 4342 1264 4414 ἀστέρων
1285 4346 1644 4418 ὲπιθεωροῢν-

19 4451 130 4497 τος.
175 4434 368 4497 Αὐτὸς
407 4432 476 4485 δὲ
522 4430 685 4485 πάλιν
723 4431 898 4502 Ἀρης
927 4431 1064 4503 πρὸς
1106 4433 1427 4508 Ἀφροδίτην
1458 4438 1645 4510 σχῆμα

19 4526 410 4599 τετράγωνον,
448 4521 719 4595 μοιρικῶς
745 4522 836 4575 ἐπὶ
865 4521 1087 4595 κέντρον
1115 4524 1190 4597 μὴ
1221 4526 1645 4601 ὲπιθεωροῦντός

19 4636 164 4682 τινος
223 4613 630 4687 ἀγαθοποιοῦ,
674 4614 896 4685 μοιχοὺς
929 4615 1207 4679 ἀποτελεῖ,
1258 4618 1514 4688 ἀδελφαῖς
1552 4623 1649 4676 καὶ

19 4710 274 4783 μητράσι
316 4705 728 4780 μιγνυμένους.
783 4705 1001 4777 Κύπρις
1044 4706 1141 4760 σὺν
1178 4707 1337 4781 Μήνη
1382 4712 1440 4764 ὲν
1477 4711 1648 4785 ὁρίοις

19 4805 109 4856 καὶ
137 4803 329 4865 οἴκοις
366 4798 619 4870 Κρόνου,
653 4797 750 4850 σὺν
779 4797 993 4869 Κρόνῳ,
1028 4799 1526 4872 ἐπιμαρτυροῦντος
1553 4802 1647 4857 τοῦ

19 4896 247 4967 Ἄρεος,
288 4890 574 4946 ἀποτελεί
601 4890 865 4957 γυναῖκας
885 4890 1165 4960 γεωργοὺς
1192 4891 1285 4944 καὶ
1315 4892 1651 4966 οἰκοδόμους,

19 4988 108 5039 καὶ
137 4986 390 5039 πάντων
414 4980 690 5052 ἀνδρείων
720 4979 897 5052 ἔργων
921 4980 1309 5050 ἐπιστήμονας,
1345 4983 1439 5035 καὶ
1455 4987 1655 5039 κοινοῦ-

19 5077 142 5131 σθαι
175 5075 285 5131 καὶ
347 5071 760 5141 συγκαθεύδειν
805 5064 886 5134 οἷς
917 5070 962 5124 δ’
1000 5070 1066 5124 ἂν
1098 5070 1402 5141 βούλοιντο,
1450 5075 1544 5127 καὶ
1578 5076 1655 5146 μὴ

19 5168 350 5224 ίωλύεσθσιι
383 5164 507 5223 ὑπὸ
534 5165 645 5219 τῶν
688 5163 903 5217 οἰκείων
944 5161 1172 5233 ἀνδρῶν.
1234 5164 1538 5238 Ἀνδρείους
1563 5163 1657 5222 οὖν

74 5341 125 5372 ⁸⁸
173 5336 346 5393 Psal.
378 5348 586 5397 Lxxw,
616 5330 704 5385 ll.
781 5329 827 5362 ⁸⁸³
866 5327 972 5386 lsa.
1008 5346 1131 5393 τιν,
1162 5330 1215 5386 7.

103 5495 207 5561 45)
243 5490 519 5548 Αὐτίκα
558 5487 708 5561 γοῦν·
740 5488 964 5561 Ἄρης.Δ
980 5485 1127 5561 Quae
1159 5485 1261 5539 hac
1302 5486 1355 5538 in
1391 5483 1654 5561 Interrog.

19 5555 116 5621 t09
156 5555 221 5618 et
258 5555 575 5629 sequente
602 5559 705 5612 110
740 5559 900 5629 liabet
928 5555 1529 5629 Caesarius._excerp_sit
1561 5570 1655 5610 seu

20 5637 209 5691 totius
248 5623 588 5698 descripsit
628 5645 696 5683 ex
731 5628 1161 5698 Recognitionum
1206 5623 1659 5698 Clementinaru_m

1431 416 1788 477 DIALOGUS
1822 420 1887 476 ll.

3203 422 3319 480 973

1737 537 1883 608 leges
1907 537 2166 606 siderum,
2194 540 2297 596 sed
2317 539 2473 611 juxta
2513 541 2765 612 pietatem
2792 541 2847 597 in
2876 539 3049 597 Deum
3073 537 3320 609 primum:

1738 628 1958 684 sibimet
1989 629 2117 701 ipsi,
2144 639 2199 687 et
2224 631 2483 703 deinceps
2512 632 2700 689 lsaaco
2722 632 2836 689 tilio
2866 629 3322 689 circumcisionis

1737 730 1955 776 acutum
1992 721 2230 778 cultrum
2254 724 2526 780 adhibuit.
2549 724 2737 796 Neque
2784 722 3093 781 secundum
3126 730 3309 775 astro-

1736 813 1998 880 nomiam,
2025 812 2123 869 sed
2151 812 2396 871 divinam
2446 815 2871 886 promissionem
2918 830 2982 870 ex
3035 810 3209 869 sterili
3256 817 3319 865 et

1738 901 2015 973 decrepita
2048 912 2307 962 consorte
2338 906 2589 962 sobolem
2633 922 2693 964 se
2726 915 3151 977 procreaturum
3184 918 3311 958 cre-

1737 988 1897 1055 didit,
1932 1006 2058 1046 cum
2081 1008 2189 1063 qua
2220 994 2289 1049 ab
2350 993 2723 1051 adolescentia
2769 1002 2824 1049 et
2879 994 3094 1049 ﬂorenti
3149 1000 3310 1047 aetate

1736 1096 1912 1152 usque
1938 1082 2006 1137 ad
2028 1083 2204 1155 ipsam
2238 1087 2498 1143 canitiem
2526 1096 2583 1143 et
2608 1098 2911 1143 extremam
2966 1091 3312 1141 senectutem

1734 1180 1989 1230 versatus
2016 1182 2162 1235 erat.
2178 1174 2473 1249 Nunquam
2510 1184 2661 1235 certe
2710 1178 3067 1233 astronomiae
3106 1174 3312 1244 paruit,

1736 1279 1806 1321 ne
1831 1275 1959 1321 tunc
1980 1267 2225 1337 quidem,
2253 1284 2379 1325 cum
2418 1281 2691 1326 astrorum
2713 1268 2899 1339 opifex
2927 1282 3024 1339 per
3056 1264 3312 1322 tentatio-

1735 1371 1862 1413 nem
1894 1356 2063 1412 ﬁlium
2094 1359 2379 1415 immolare
2405 1359 2780 1430 praecepisset.
2812 1357 3007 1427 Neque
3052 1363 3201 1410 astra
3225 1369 3313 1408 se-

1736 1463 1932 1519 quens,
1968 1449 2065 1504 sed
2102 1448 2211 1505 Deo
2242 1450 2527 1518 obediens,
2559 1450 2877 1507 Chaldaeum.
2899 1464 3026 1505 cum
3068 1445 3314 1515 Mesopo-

1736 1542 1906 1597 tamia
1932 1540 2106 1612 Syriae
2127 1549 2424 1610 permutat.
2468 1541 2715 1597 Obsecro
2761 1550 2944 1597 autem
2984 1553 3215 1594 acumen
3250 1536 3315 1590 il-

1735 1628 1830 1683 lud
1862 1635 2039 1694 tuum,
2072 1629 2492 1698 praeclarissime
2521 1629 2837 1696 Constanti,
2871 1636 2933 1685 ut
2965 1629 3020 1683 in
3048 1625 3319 1699 praesenti

1737 1733 1900 1774 sacro
1934 1727 2079 1773 coetu
2110 1718 2391 1788 paululum
2448 1718 2799 1775 auscultandi
2847 1718 3026 1789 gratia
3070 1720 3323 1778 tacente.

1737 1809 2163 1865 astronomicam
2205 1808 2449 1880 genesim
2489 1819 2737 1866 nostram
2781 1824 2948 1881 quam
2981 1816 3039 1862 tu
3088 1804 3311 1867 statuis,

1734 1900 1975 1970 explices
1998 1898 2156 1963 mibi,
2175 1915 2423 1970 quaenam
2446 1900 2685 1961 siderum
2705 1902 2779 1958 sit
2804 1911 2915 1957 tam
2941 1900 3126 1957 mistio
3148 1894 3317 1971 quam

1734 1990 2073 2060 conjunctio,
2112 1988 2287 2045 donec
2331 1991 2517 2047 divina
2545 1993 2749 2049 virtute
2783 2008 2848 2050 ac
2874 1993 3141 2063 sapientia
3180 1992 3313 2048 sub-

1734 2083 1930 2146 versis,
1964 2097 2085 2153 quae
2114 2096 2145 2136 a
2177 2093 2230 2138 te
2252 2083 2550 2157 agitantur,
2566 2084 2860 2156 dogmatis,
2893 2099 3085 2139 rursus
3107 2099 3202 2155 per
3223 2097 3314 2139 so-

1726 2175 2021 2231 'brietatem
2052 2186 2106 2233 et
2137 2174 2445 2231 doctrinam
2490 2176 2810 2233 melioribus
2855 2177 2911 2232 in
2946 2185 3002 2233 te
3034 2175 3310 2239 excitatis,

1735 2271 2199 2341 quemadmodum
2239 2272 2388 2328 etab
2423 2273 2642 2328 excelso
2661 2272 2926 2343 Apostolo
2950 2272 3172 2337 dicitur,
3219 2271 3316 2327 de-

1736 2364 1940 2421 molitis
1971 2365 2261 2435 legalibus,
2306 2372 2364 2420 et
2395 2363 2640 2421 vicissim
2671 2364 2925 2422 exaltatis
2948 2362 3313 2435 Evangelicis,

1734 2455 1980 2525 nequitia
2014 2455 2212 2521 fracta,
2238 2465 2289 2511 et
2320 2456 2374 2512 in
2405 2456 2600 2512 melius
2625 2456 2901 2520 restituta,
2928 2469 3173 2526 paceque
3190 2468 3317 2509 cum

1737 2547 1875 2602 meis
1906 2548 2179 2620 dogmatis
2207 2550 2590 2617 reconciliata,
2623 2556 2677 2605 et
2712 2549 2820 2605 illis
2841 2548 2937 2620 qui
2966 2563 3078 2603 una
3108 2546 3177 2603 ad
3218 2562 3321 2603 au-

1736 2633 1993 2690 diendum
2028 2636 2177 2693 hunc
2220 2652 2525 2693 sermonem
2561 2638 2781 2693 excitati
2830 2644 2978 2704 sunt,
3008 2636 3193 2694 illaesis
3223 2637 3319 2693 ab-

1736 2726 2024 2792 euntibus,
2082 2742 2184 2782 nec
2250 2727 2623 2799 improbitatis
2675 2726 2959 2799 gentilitite
3019 2725 3319 2799 quidquam

1738 2838 1924 2879 secum
1955 2823 2405 2894 asportantibus:
2457 2822 2690 2880 llavides
2729 2822 2951 2894 quidem
3003 2828 3197 2876 auctor
3229 2819 3319 2874 ille

1738 2913 2046 2970 divinorum
2094 2914 2402 2970 carminum
2442 2914 2699 2985 subjiciat
2734 2933 2749 2971 :
2803 2912 2933 2969 Haec
2980 2922 3058 2969 est
3092 2910 3318 2967 mutatio

1738 3006 1969 3062 dextera:
1992 3007 2260 3062 Altissimi
2279 3008 2324 3041 ⁸¹
2354 3024 2369 3071 ;
2396 3008 2629 3064 eximius
2650 3014 2833 3063 autem
2855 3014 3009 3063 vates
3030 3005 3200 3063 Isaias
3221 3018 3317 3057 ac-

1738 3099 1937 3154 clamet
1966 3100 2020 3153 in
2053 3115 2289 3170 persona
2316 3098 2409 3155 Dei
2442 3117 2456 3154 :
2497 3097 2609 3171 Ego
2636 3114 2754 3153 sum
2772 3098 2935 3165 Deus,
2964 3096 3055 3152 ille
3077 3097 3167 3167 qui
3189 3094 3323 3165 facit

1742 3205 1921 3259 pacem
1954 3202 2003 3245 et
2034 3190 2177 3246 mala
2205 3193 2259 3246 in
2282 3193 2467 3247 melius
2499 3202 2705 3247 revocat
2725 3192 2793 3248 ⁸³.

2253 3323 2323 3378 IN
2328 3321 2773 3379 TERROGATIO
2807 3321 2945 3380 CIX.

1816 3434 1981 3491 Facta
2014 3434 2147 3491 mihi
2180 3433 2395 3490 dicendi
2429 3440 2702 3505 potestate
2735 3446 2766 3486 a
2796 3429 3087 3488 sanctitate
3114 3432 3323 3494 vestra,

1740 3525 2048 3582 orationem
2074 3525 2427 3597 auspicabor,
2467 3540 2579 3580 non
2606 3533 2669 3579 ut
2692 3535 3044 3592 corrumpam
3078 3533 3326 3591 prasen-

1742 3625 1845 3682 tes,
1882 3619 1977 3673 sed
2019 3618 2100 3673 uti
2151 3633 2266 3675 rem
2313 3617 2682 3689 perniciosam
2713 3614 3048 3686 abjecturus.
3095 3609 3327 3679 Quando

1743 3708 1911 3779 igitur
1940 3709 2084 3766 Mars
2114 3719 2363 3765 centrum
2400 3717 2592 3765 tenens
2623 3709 2678 3763 in
2711 3707 2875 3763 domo
2906 3720 3028 3769 sua,
3058 3702 3333 3776 quadrato

1742 3811 1970 3876 aspectu
2023 3818 2147 3859 cum
2186 3802 2458 3859 Mercurio
2505 3808 2757 3857 centrum
2808 3800 2952 3854 lunae
2997 3810 3119 3868 quae
3158 3795 3325 3865 plena

1743 3909 1866 3949 esse
1895 3892 2121 3962 incipit,
2156 3890 2215 3944 in
2245 3890 2599 3961 generatione
2629 3889 2829 3943 diurna
2866 3886 3132 3949 intuetur,
3164 3882 3331 3937 edicit

1745 3985 2051 4041 homicidas
2080 3990 2136 4038 et
2170 3980 2585 4048 interfectores,
2617 3980 3053 4050 juramentorum
3094 3987 3330 4045 usurpaa

1746 4085 1891 4131 tores
1914 4083 1968 4130 et
1991 4081 2213 4145 potores
2252 4069 2558 4141 sanguinis,
2594 4067 2799 4133 ebrios,
2830 4064 3190 4127 effeminatos,
3215 4058 3330 4114 dae-

1744 4164 2027 4221 moniacas
2047 4162 2274 4217 notitias
2292 4160 2743 4215 absconditorum
2766 4153 3153 4226 mysteriorum
3176 4163 3327 4206 scru-

1746 4264 1946 4318 tantes,
1986 4267 2179 4325 magos
2214 4252 2495 4308 sacriﬁcos
2528 4257 2583 4305 et
2622 4262 2744 4320 quae
2779 4252 2910 4302 sunt
2932 4243 3058 4299 istis
3086 4241 3329 4299 similia:

1747 4348 1792 4403 si
1816 4344 2119 4418 praesertim
2141 4343 2349 4399 nullius
2366 4340 2596 4398 alterius
2611 4337 2870 4394 beneﬁcae
2886 4334 3058 4390 stellae
3069 4339 3337 4402 aspectus

1746 4440 1841 4494 sit.
1891 4436 2107 4492 Rursus
2150 4436 2294 4492 idem
2338 4433 2482 4489 Mars
2533 4433 2753 4487 intuens
2785 4428 3053 4484 Venerem
3101 4429 3339 4494 aspectu

1751 4529 2040 4600 quadrato,
2071 4529 2119 4583 si
2148 4542 2259 4583 non
2293 4525 2367 4581 sit
2406 4530 2663 4595 aspectus
2700 4517 2935 4588 alicujus
2964 4514 3135 4572 stellae
3162 4513 3335 4567 bene-

1756 4622 1871 4679 ﬁce
1899 4622 1954 4678 in
1984 4628 2195 4682 centro,
2228 4617 2505 4673 adulteros
2535 4612 2721 4675 eilicit,
2754 4626 2867 4666 rem
2895 4622 3022 4664 cum
3047 4603 3332 4662 sororibus

1757 4719 1813 4768 et
1846 4710 2114 4766 matribus
2156 4708 2441 4763 habentes.
2480 4702 2667 4759 Venus
2707 4714 2834 4756 cum
2876 4698 3007 4751 luna
3037 4696 3096 4749 in
3128 4692 3345 4748 ﬁnibus.

1757 4810 1812 4860 et
1845 4802 2103 4858 domibus
2129 4798 2371 4863 Saturni,
2392 4796 2686 4852 accedente
2711 4791 2972 4852 Saturno,
2996 4785 3332 4857 approbante

1750 4894 1943 4961 Marte,
1989 4892 2150 4949 etlicit
2191 4891 2451 4947 mulieres
2487 4900 2744 4959 agrorum
2776 4881 3038 4940 cultrices
3067 4875 3331 4942 etarchio

1753 4995 1979 5044 tectum
2016 4986 2374 5056 omniumque
2420 4980 2661 5037 virilium
2697 4990 2926 5048 operum
2956 4985 3177 5046 gnaras,
3205 4984 3333 5024 con-

1755 5079 2106 5136 suetudinem
2142 5075 2407 5133 babentes
2435 5080 2491 5129 et
2516 5069 2946 5127 concumbentes
2976 5079 3099 5121 cum
3131 5061 3333 5133 quibus

1754 5170 2051 5238 voluerint,
2100 5167 2237 5224 nihil
2267 5163 2692 5238 impedientibus
2738 5160 2792 5215 in
2842 5158 2945 5212 hoc
2972 5169 3065 5212 eas
3094 5149 3343 5210 maritis.

1758 5501 1993 5556 cumque
2024 5484 2298 5556 integrum
2326 5483 2405 5538 sic
2439 5481 2652 5537 reddit:
2690 5478 2823 5534 Cum
2848 5476 3012 5546 igitur
3037 5471 3188 5556 Mars
3210 5486 3334 5556 σξη-

1760 5542 2215 5621 ινιιηιίεηεηε,ῗη
2247 5554 2402 5607 domo
2425 5569 2523 5607 sua
2551 5566 2615 5605 ea:
2654 5542 2924 5621 tetragorio
2958 5543 3183 5621 respexit
3228 5542 3336 5621 Sa:

1760 5607 2211 5690 ὶαὶὴιιὴὶζιέιῑιά
2232 5625 2464 5679 veniente
2504 5637 2657 5692 super
2679 5607 2813 5675 eum'
2835 5617 3015 5687 plena,
3042 5607 3117 5668 'in
3161 5607 3337 5682 generi

22 5708 102 5781 ib.
154 5721 247 5768 ix,
291 5718 449 5781 cap.
483 5695 549 5779 Ὑί
582 5714 734 5781 seqq.
764 5695 958 5781 seu‘ex‘
989 5696 1317 5781 Bardesanis
1346 5695 1631 5781 dialogo‘ﬂll

1757 5699 2107 5781 dium-tange.

20 5780 151 5839 ’alo,
202 5763 401 5842 cujus
436 5763 674 5842 insigne
697 5763 1058 5842 fragmentum
1092 5767 1252 5842 nobis
1284 5764 1519 5820 servavit
1552 5763 1661 5818 Eu-

19 5837 214 5903 ;cbius
256 5837 476 5911 I‘rtvp.
515 5837 836 5911 Erungalib.
864 5854 939 5911 vt,
975 5838 1215 5911 cap._10.

80 5920 212 5989 (46)
260 5904 684 5985 Ἀρχομένηᾴ
718 5909 865 5980 Legit
892 5904 1199 5964 Cotelct'ius
1230 5905 1551 5977 ἐρχομένης,
1580 5904 1662 5961 lo-

1832 5754 2344 5839 (47)”Επωμώτας.
2378 5761 2808 5835 νοιὲττωμότας,
2839 5758 2979 5815 verti
3001 5754 3166 5808 «iam
3201 5760 3332 5823 βω·

1765 5848 1841 5896 sct
1865 5839 2125 5909 perjuros.
2161 5839 2370 5896 Com.
3267 5856 3276 5873 ε
