3874 6516
508 420 618 490 979

1610 413 1672 471 5.
1709 411 2008 469 CAESAR“
2033 406 2364 468 GBEGORI!
2393 406 2693 466 FRATRIS
2952 470 2955 471 ν
3656 402 3743 458 σοι

513 551 711 610 Virites
769 554 955 606 autem
1000 545 1163 603 eﬂicit
1210 541 1471 599 mulieres
1517 540 1574 597 in
1622 540 1983 614 Capricorno,
2036 536 2086 590 in

2199 530 2453 587 ἀποτελεῖ
2481 532 2745 600 γυναῖκας
2778 530 2834 580 ἐν
2874 522 3146 599 σζίγοκέρῳ
3163 568 3179 593 ,
3220 525 3459 598 ύδροχόφ
3473 565 3487 588 ,
3519 526 3747 581 macchi-

512 642 779 717 Aquario,
807 641 903 699 sed
924 641 978 696 in
1016 641 1075 695 re
1104 651 1336 693 venerea
1368 634 1637 691 infelices.
1668 634 1880 689 ln-viris
1912 641 2092 688 autem

513 737 747 795 elﬁcitur
789 732 1150 795 contrarium,
1196 730 1244 787 si
1279 743 1407 784 cum
1465 726 1636 783 Marte
1681 727 1755 782 sit
1800 726 1854 780 in
1889 726 2091 780 Ariete.

512 830 633 898 Quo
662 827 740 893 lit,
768 836 829 882 ut
867 830 1146 896 nequeant
1184 822 1268 877 vel
1302 828 1469 886 metu,
1505 819 1590 875 vel
1639 818 1877 888 alicujus
1904 818 2091 882 minis,

514 925 599 1019 vel
634 931 752 978 arte
784 920 1069 979 continere
1098 916 1383 984 libidines,
1428 922 1649 986 propter
1678 912 2091 969 inclinationem

513 1024 808 1074 astrorum.

1147 1082 1455 1153 Responsio.

582 1175 888 1232 Admodum
916 1175 1053 1232 scite
1075 1173 1331 1243 gentilitii
1359 1171 1566 1229 erroris
1595 1170 1900 1227 enuntiasti
1939 1170 2096 1227 fabu-

514 1271 620 1324 las.
650 1268 911 1325 Vicissim
946 1268 1118 1340 igitur
1158 1275 1214 1323 et
1261 1280 1364 1336 ego
1410 1265 1673 1321 audacter
1704 1264 1991 1336 aggrediar
2030 1279 2095 1320 ea

513 1376 635 1433 qua:
663 1377 693 1415 a
722 1367 778 1416 te
824 1361 969 1415 dicta
1005 1366 1155 1424 sunt,
1189 1366 1244 1415 et
1273 1357 1459 1414 fundae
1488 1359 1574 1414 vel
1611 1373 1776 1415 arcus
1824 1357 1942 1412 vice
1974 1371 2095 1413 ser-

514 1468 677 1509 mone
723 1459 880 1507 utcns
923 1449 1173 1506 refellere
1215 1449 1484 1511 conabor,
1545 1465 1614 1505 ne
1661 1450 1729 1505 ad
1764 1448 1992 1505 Martem
2041 1460 2097 1505 et

513 1543 802 1607 Venerem,
861 1551 1080 1599 nostras
1111 1542 1331 1607 stellas,
1370 1542 1603 1598 caedium
1635 1554 1835 1598 causas
1864 1541 2092 1599 referas.

511 1634 675 1693 Prius
703 1642 883 1691 autem
917 1634 1173 1700 obsecro,
1207 1644 1268 1689 ut
1298 1634 1512 1691 discere
1539 1634 1694 1699 velis,
1725 1649 1888 1705 posse
1925 1635 2098 1690 homi-

511 1745 659 1793 nem,
716 1730 764 1787 si
789 1728 1012 1800 quidem
1041 1728 1193 1794 velit,
1222 1727 1478 1784 libidines
1527 1734 1582 1783 et
1615 1728 1859 1785 actiones
1891 1729 1976 1786 vel
2003 1744 2096 1784 ca-

513 1823 718 1895 stigare
748 1823 837 1880 vel
861 1822 1078 1894 penitus
1107 1830 1383 1877 excutere.
1438 1820 1616 1891 Atque
1649 1821 1905 1892 equidem
1929 1837 2095 1888 excu-

512 1926 628 1975 tere
652 1919 802 1975 soleo
825 1932 923 1989 per
947 1915 1302 1973 conscientiae
1327 1915 1538 1987 flagella
1566 1922 1621 1970 et
1649 1930 1748 1985 per
1770 1915 2090 1970 memoriam

510 2009 844 2067 inevitabilis
888 2007 1119 2081 judicii,
1170 2007 1319 2081 quod
1366 2008 1496 2064 vitia
1547 2007 1823 2078 prohibet.
1884 2006 1991 2063 Sed
2040 2015 2095 2061 et

509 2100 820 2174 principum
851 2101 1017 2172 leges,
1065 2107 1193 2156 ante
1231 2106 1441 2155 tentata
1476 2104 1775 2163 tormenta,
1830 2106 1885 2154 et
1921 2112 2095 2168 angu-

512 2198 681 2260 stias,
720 2206 883 2266 atque
931 2193 1337 2264 catapultarum
1381 2193 1686 2265 supplicia,
1730 2193 1851 2249 solo
1902 2193 2090 2249 auditu

512 2302 696 2344 rerum
726 2285 1053 2342 terribilium
1081 2301 1207 2356 quin
1231 2293 1361 2341 sunt
1391 2286 1444 2339 in
1474 2285 1923 2355 compensatione
1954 2285 2093 2341 deli-

509 2380 787 2445 lictorum,
828 2378 1134 2435 modestum
1166 2377 1397 2435 reddere
1437 2387 1665 2449 possunt
1700 2378 1975 2434 hominem
2009 2378 2093 2433 in-

508 2479 927 2544 temperantem,
974 2478 1030 2527 et
1081 2471 1388 2528 obtundere
1428 2472 1804 2528 lascivientem
1848 2473 2088 2545 vigorem

506 2566 810 2638 iuventutis
861 2567 917 2623 in
957 2565 1201 2638 qualibet
1251 2566 1494 2637 regione,
1543 2566 1658 2624 sive
1696 2567 1917 2637 scriptae
1957 2568 2086 2633 sint,

509 2660 626 2718 sive
660 2674 769 2715 non
795 2658 1036 2730 scripta,
1069 2667 1179 2713 tam
1212 2659 1357 2730 apud
1386 2675 1488 2716 nos
1516 2675 1681 2730 quam
1712 2669 1924 2732 gentes.
1953 2660 2090 2716 Nam

508 2754 654 2826 apud
688 2753 904 2824 aliquos
934 2753 1020 2809 lex
1049 2753 1277 2824 scripta,
1320 2752 1464 2824 apud
1503 2752 1641 2809 alios
1682 2769 1813 2809 vero
1856 2770 2090 2812 consue-

507 2845 643 2902 tudo
668 2846 829 2902 valet.
861 2844 1099 2918 Legibus
1118 2846 1264 2901 enim
1289 2845 1382 2916 qui
1414 2845 1665 2901 destituti
1698 2856 1846 2915 sunt,
1881 2849 2088 2918 patrios

508 2951 691 2994 mores
733 2951 834 3009 pro
893 2937 1104 3007 legibus
1145 2936 1376 2993 ducunt.
1438 2935 1684 3005 Quorum
1728 2940 1886 3010 primi
1927 2938 2090 2997 Seres

506 3038 657 3098 sunt,
686 3031 779 3102 qui
820 3038 980 3088 terrae
1006 3037 1251 3086 extrema
1302 3030 1631 3095 habitantes.
1668 3047 1769 3103 pro
1826 3034 1941 3105 lege
1992 3035 2088 3089 ha-

505 3126 636 3182 bent
664 3125 916 3196 patriam
955 3112 1413 3180 consuetudinem
1436 3164 1452 3191 ,
1510 3141 1581 3181 ne
1618 3126 1743 3196 quis
1789 3133 2085 3193 scortetur,

403 3256 408 3261 -
505 3232 643 3275 neve
677 3217 969 3289 praedetur,
1007 3232 1079 3273 ne
1110 3217 1237 3289 quis
1275 3215 1605 3273 adulterium
1658 3218 1985 3283 committat,
2022 3235 2090 3274 ne

504 3315 721 3365 statuas
761 3308 974 3376 adoret,
1006 3323 1077 3365 ne
1098 3309 1378 3366 daemones
1406 3318 1717 3380 veneretur,
1756 3328 1825 3367 ne
1856 3328 2088 3384 prorsus

504 3399 651 3469 apud
694 3400 844 3470 ipsos
893 3400 1070 3472 imago
1098 3401 1191 3467 sit,
1250 3408 1346 3456 aut
1380 3410 1646 3463 scortum.
1686 3412 1780 3458 aut
1819 3405 2087 3471 adultera,

505 3499 602 3550 aut
630 3492 836 3562 pra-do,
877 3498 973 3546 aut
1005 3492 1300 3558 homicida,
1328 3503 1424 3550 aut
1461 3493 1570 3550 fur.
1625 3494 1693 3550 Et
1728 3504 1911 3555 tamen
1965 3502 2092 3556 nul-

498 3587 615 3642 lius
646 3585 843 3641 horum
880 3584 1104 3641 liberam
1146 3593 1471 3656 potestatem
1518 3590 1696 3660 coegit
1727 3591 1840 3653 illa,
1879 3592 1948 3648 de
1980 3610 2088 3664 qua

503 3686 567 3733 tu
599 3676 760 3741 dicis,
797 3676 991 3735 lucens
1023 3678 1147 3749 igne
1176 3677 1366 3734 Martis
1388 3680 1548 3735 stella
1578 3696 1594 3733 :
1628 3697 1807 3752 neque
1839 3684 1890 3738 vi
1937 3700 2089 3739 com-

504 3769 649 3840 pulit
674 3784 1005 3841 quemquam
1049 3769 1293 3840 ipsorum
1346 3770 1657 3828 interficere
1694 3774 1876 3844 gladio
1904 3778 2090 3846 proxi-

504 3874 679 3927 mum,
714 3870 815 3915 aut
837 3858 1017 3930 lapide
1049 3868 1356 3931 percutere.
1382 3859 1500 3917 Non
1529 3859 1715 3919 Venus
1746 3878 1871 3919 cum
1917 3865 2089 3922 Marte

502 3953 776 4025 persuasit
812 3953 922 4024 ipsi
961 3960 1022 4009 ut
1051 3952 1260 4011 furiose
1292 3962 1417 4009 ruat
1456 3954 1511 4011 in
1543 3970 1768 4012 uxorem
1804 3957 1997 4013 vicini:
2040 3959 2087 4015 si

501 4047 590 4104 vel
623 4054 740 4103 toto
760 4046 849 4103 die
873 4047 1113 4107 medium
1144 4047 1270 4103 ouili
1306 4046 1452 4104 Mars
1490 4048 1758 4105 obtineat.
1797 4048 2088 4105 Nihilomi-

502 4154 612 4195 nus
639 4139 897 4210 pmvalet
929 4138 1074 4210 apud
1122 4138 1286 4197 Seres
1339 4148 1614 4197 astrorum
1651 4142 1967 4199 necessitati
2003 4145 2087 4201 lex

501 4233 700 4304 patris.
726 4232 838 4288 Lex
865 4240 1048 4289 autem
1083 4241 1135 4289 et
1164 4232 1472 4290 Bactrianis
1497 4241 1583 4291 est
1609 4236 1726 4291 sive
1744 4234 2084 4305 Bragmanis,

503 4336 535 4375 a
563 4320 866 4390 majoribus
899 4329 1124 4393 accepta
1170 4322 1499 4395 disciplina:
1552 4323 1633 4380 Ne
1662 4326 1795 4396 quid
1825 4338 2084 4394 mactant,

501 4426 685 4484 neque
728 4410 972 4469 inanima
1006 4422 1250 4486 gustant,
1302 4432 1374 4473 ne
1418 4416 1551 4473 vino
1588 4418 1939 4490 simpliciter,
1993 4429 2088 4477 aut

503 4550 523 4569 .
546 4550 562 4568 .
586 4550 600 4565 .
622 4550 637 4565 .
659 4551 674 4565 .
696 4549 712 4564 .
750 4519 1000 4577 utantur,
1036 4511 1208 4569 Deum
1243 4530 1424 4571 meum
1449 4528 1781 4582 reverentes,
1813 4519 1941 4575 licet
1975 4519 2087 4574 sint

498 4606 665 4662 vicini
722 4608 859 4679 ipsis
904 4607 1022 4665 Indi
1078 4610 1322 4667 caedibus
1375 4612 1567 4683 polluti
1620 4622 1676 4669 et
1718 4617 1848 4671 vino
1887 4603 2078 4684 dediti,

497 4703 594 4775 qui
625 4716 921 4775 porcorum
952 4706 1292 4764 silvestrium
1318 4716 1413 4763 aut
1434 4724 1594 4765 suum
1635 4711 1813 4767 instar
1839 4728 1965 4768 cum
1998 4715 2083 4769 in-

499 4802 655 4859 sania
684 4802 918 4861 feminas
950 4804 1200 4877 deperire
1241 4810 1440 4874 solent,
1492 4817 1546 4864 et
1574 4802 1861 4867 ali‘ectibus
1898 4810 2082 4867 indul-

497 4916 645 4973 gere.
702 4898 763 4957 In
806 4899 1087 4973 Hesperiis
1120 4911 1300 4961 autem
1360 4906 1677 4977 regionibus
1722 4907 1865 4962 ultra
1896 4911 2083 4974 indos.

2202 640 2369 693 μονας
2395 624 2453 677 ὲν
2494 621 2783 694 Ἀφροδίτῃ
2804 619 2942 690 (48).
2991 620 3108 674 Ἐπ’
3143 617 3354 690 ἀνδρῶν
3390 618 3448 671 δὲ
3468 619 3745 674 τούναντίον

2201 716 2297 769 σὺν
2325 716 2484 787 Ἀρεῖ
2516 709 2671 780 οὖσα,
2702 714 2760 767 ὲν
2791 710 2952 785 κριῷ.
2983 711 3147 766 Ὅθεν
3181 712 3283 781 οὐχ
3316 706 3430 765 οἷόν
3466 727 3525 764 τε
3557 711 3689 781 φόὸφ
3714 712 3741 779 ἦ

2199 823 2342 871 τινος
2372 807 2570 879 ἀπειλῇ
2611 806 2645 877 ἢ
2689 806 2904 877 μηχανῇ
2939 805 3184 875 ἐπισχεῖν
3222 804 3323 868 τὰς
3361 801 3644 875 ἐπιθυμίας
3673 803 3744 856 διὰ

2198 898 2295 967 τὴν
2327 896 2437 951 τῶν
2465 895 2681 969 ἄστρων
2710 895 3118 967 ἀποκλήρωσιν.
3254 902 3259 905 “

2810 1075 3167 1143 Ἀπόκρισις.

2282 1165 2693 1239 Ἐπιστημόνως
2722 1165 2862 1221 πάνυ
2885 1166 2983 1235 τῆς
3006 1164 3272 1236 Ἑλλήνιον
3302 1163 3512 1234 πλάνης
3530 1163 3647 1228 τοὺς
3670 1162 3749 1235 μύ-

2199 1259 2325 1323 θους
2362 1259 2723 1331 ἀπήγγειλας.
2778 1254 2945 1321 Λῦθις
2986 1253 3079 1310 οὖν
3109 1253 3267 1324 κάγὼ
3298 1254 3611 1328 θαρραλέως
3638 1257 3748 1309 diio-

2197 1348 2428 1421 δύσομαι
2474 1349 2611 1421 πρὸς
2636 1349 2707 1404 τὰ
2746 1349 2851 1404 ὑπὸ
2881 1346 2976 1402 σοῦ
3015 1346 3277 1419 ρηθέντα,
3313 1346 3407 1401 καὶ
3437 1345 3684 1420 σφενδόνῃ
3718 1347 3747 1419 ἢ

2197 1441 2379 1514 τοξείᾳ
2406 1440 2485 1512 τῷ
2502 1441 2645 1511 λόγῳ
2664 1439 2966 1513 χρώμενος,
2984 1439 3231 1494 καθεῖλαι
3253 1439 3584 1508 πειράσομαι
3604 1440 3749 1510 Ἄρεα

2198 1534 2292 1588 καὶ
2335 1533 2652 1606 ’Δφροδίτην
2689 1535 2819 1597 τοὺς
2868 1532 3172 1605 ἡμετέρους
3201 1531 3465 1603 ἀστέρας,
3506 1532 3646 1594 ὅπως
3675 1548 3749 1599 μοι

2197 1625 2582 1699 ἀστροκτονίας
2605 1624 2816 1695 γένεσιν
2862 1624 3222 1696 ὲπιφημίσῃς.
3252 1620 3526 1694 Πρότερον
3553 1620 3606 1674 δὲ
3638 1620 3750 1685 ἀξιῶ

2198 1716 2551 1788 παιδευθῆναι
2580 1734 2641 1771 σε
2659 1756 2672 1780 ,
2724 1711 2837 1771 οἷόν
2882 1732 2943 1770 τε
2976 1716 3264 1788 ὑπάρχειν,
3317 1715 3410 1769 τδν
3457 1712 3751 1784 βουλόμενον

2196 1808 2296 1875 τάς
2323 1810 2620 1882 ἐπιθυμίας
2648 1809 2741 1863 καὶ
2760 1807 3043 1881 ἐνεργείας
3069 1809 3104 1881 ἢ
3135 1808 3409 1873 κολάζειν,
3438 1806 3472 1878 ἢ
3502 1805 3750 1867 παντελῶς

2199 1901 2571 1957 ἀποσείεσθαι.
2608 1901 2746 1954 Σείω
2767 1900 2822 1955 δὲ
2853 1903 2917 1955 ὲκ
2946 1898 3047 1955 τοῦ
3075 1898 3374 1963 συνειδότος
3405 1897 3748 1968 αἰκιζομένου,

2202 1992 2297 2046 καὶ
2338 1991 2529 2066 μνήμῃ
2573 1990 2667 2044 τοῦ
2699 1991 2951 2056 ἀκλινοῦς
2981 1991 3286 2064 κριτηρίου,
3325 1991 3434 2045 τῶν
3458 1990 3639 2044 κακῶν
3660 1992 3753 2061 είρ-

2200 2084 2452 2155 γομένου.
2500 2083 2660 2137 Ἀλλὰ
2689 2084 2785 2138 καὶ
2824 2084 2874 2138 oi.
2920 2083 3029 2137 τῶν
3068 2084 3344 2156 ἀρχόντων
3388 2083 3545 2153 νόμοι
3581 2077 3672 2136 οἷοί
3701 2098 3748 2133 τε

2201 2175 2307 2247 πρὸ
2355 2173 2456 2246 τῆς
2489 2173 2683 2246 πείρας
2720 2174 2829 2229 τῶν
2864 2174 3327 2248 στρεϐλωτηρίων,
3367 2176 3464 2228 καὶ
3504 2174 3748 2244 τηγάνων,

2201 2266 2293 2319 καὶ
2341 2264 2725 2331 καταπελτῶν,
2768 2267 2835 2337 τῇ
2887 2267 3023 2338 ἀκοῇ
3070 2267 3164 2321 καὶ
3198 2266 3336 2339 μόνῃ
3387 2265 3501 2319 τῶν
3535 2264 3752 2335 φοὸερῶν

2200 2356 2299 2426 τῆς
2328 2356 2527 2421 κακίας
2555 2356 2953 2429 ἀνταμείψεως,
2989 2357 3321 2428 σωφρονίσαι
3339 2357 3438 2429 τὴν
3458 2357 3748 2416 ἀκόλαστον,

2198 2448 2295 2501 καὶ
2325 2447 2595 2519 ἀμϐλῦναι
2641 2448 2738 2520 τὴν
2785 2450 3104 2522 σφριγῶσαν
3150 2449 3336 2521 ἀκμὴν
3372 2449 3474 2521 τῆς
3508 2449 3751 2520 νεότητος,

2198 2539 2256 2592 ὲν
2287 2538 2492 2609 ἑκάστῃ
2529 2536 2703 2609 χώρᾳ,
2756 2540 3047 2611 ἐγγράφως
3083 2539 3117 2611 ἢ
3148 2538 3406 2611 ἀγράφως
3444 2538 3753 2611 ὑπάρχοντες

2196 2629 2329 2701 παρ’
2369 2631 2500 2701 ἡμῖν
2535 2648 2596 2686 τε
2642 2632 2739 2685 καὶ
2766 2631 3004 2686 ἔθνεσινο
3058 2633 3118 2685 ὲν
3147 2634 3257 2695 τοῖς
3287 2631 3389 2702 μὲν
3430 2632 3491 2685 τὸ
3520 2632 3747 2703 γράμμα.

2196 2722 2254 2775 ὲν
2284 2725 2397 2785 τοῖς
2426 2723 2483 2776 δὲ
2506 2724 2538 2794 ή
2580 2722 2861 2795 συνήθεια.
2885 2723 3069 2794 Νόμος
3096 2723 3206 2798 γὰρ
3222 2724 3445 2795 ἀνόμοις
3473 2725 3540 2777 τὰ
3569 2725 3751 2794 πάτρια

2194 2812 2368 2866 δοκεῖ⁹
2431 2806 2506 2869 ὧν
2538 2814 2752 2887 πρῶτον
2778 2815 2982 2887 Σῆρες,
3027 2817 3077 2869 oi
3125 2815 3186 2870 τὸ
3223 2816 3392 2888 ἄκρον
3438 2819 3538 2887 τῆς
3576 2816 3749 2886 χέρσου

2194 2904 2491 2971 οἰκοῦντες,
2523 2907 2688 2977 νόμον
2721 2905 2936 2978 ἔχοντες
2974 2907 3038 2961 τὸ
3078 2907 3330 2981 πατρῷον
3362 2908 3503 2974 ἔθος,
3531 2909 3603 2979 μὴ
3629 2910 3753 2961 trst-

2198 2993 2465 3066 ρίζεσθαι,
2485 2997 2619 3069 μηδὲ
2636 2999 2822 3070 συλᾷν,
2849 2999 2924 3071 μὴ
2957 2999 3266 3071 μοιχᾶσθαι,
3285 3000 3360 3072 μὴ
3388 2999 3589 3065 ξοάνοις
3612 3015 3751 3070 προς-

2196 3089 2460 3160 κυνεῖν,ἢ
2499 3089 2822 3144 ποτνιᾶσθαι
2864 3090 3107 3163 δαίμοσι,
3152 3092 3277 3164 μηδ’
3323 3093 3460 3156 ὅλως
3500 3094 3557 3146 ὲν
3589 3092 3751 3153 αὐτοῖς

2196 3177 2461 3251 ὑπάρχειν
2488 3179 2727 3248 εἴδωλον,
2765 3181 2799 3254 ἢ
2844 3182 3129 3255 ἑταίροινῆ
3163 3184 3469 3255 μοιχαλίδα,
3510 3184 3569 3237 ού
3610 3184 3751 3253 συλή-

2193 3287 2315 3341 την,
2337 3270 2396 3324 ού
2431 3271 2619 3341 φονέα,
2671 3273 2732 3326 οὐ
2762 3273 3077 3347 λωποδύτην
3106 3292 3122 3308 ·
3163 3276 3256 3330 καὶ
3297 3277 3446 3348 ὅμως
3471 3276 3672 3338 οὐδενὸς
3700 3274 3750 3327 τὸ

2191 3361 2534 3428 αὐτεξούσιον
2565 3364 2875 3435 ἠνάγκασεν
2908 3369 2936 3420 ό
2965 3366 3058 3421 τοῦ
3105 3369 3246 3422 κατὰ
3285 3370 3344 3423 σὲ
3393 3366 3748 3441 πυριλαμποῦς

2196 3453 2407 3526 ’Ἄρεως
2444 3453 2636 3526 ἀστὴρ,
2690 3455 2811 3508 οὐδὲ
2849 3455 3106 3512 ἐϐιάσατό
3144 3474 3266 3511 τινα
3298 3457 3477 3511 αὐτῶν
3513 3454 3747 3525 φασγάνῳ

2190 3544 2281 3598 τὸν
2311 3543 2479 3609 πέλας
2507 3545 2772 3617 ἀναιρεῖν,
2802 3545 2836 3618 ἢ
2872 3545 3007 3617 λίθῳ
3034 3546 3271 3615 πατάξαι
3291 3563 3306 3578 ’
3344 3548 3445 3601 οὐκ
3485 3546 3742 3618 ’Δφροδίτη

2193 3638 2289 3692 σὺν
2312 3637 2377 3690 Ἀ
2387 3654 2470 3709 ρει
2500 3636 2717 3692 ἔπεισεν
2738 3639 2937 3704 αὐτοὺς
2966 3640 3320 3709 ἐπιλυττῆσαι
3344 3642 3412 3711 τῇ
3440 3639 3647 3708 γυναικὶ
3662 3636 3743 3690 τοῦ

2188 3725 2463 3795 γείτονοςο
2510 3726 2850 3798 πανημέριον
2903 3727 3363 3799 μεσουρανοῦντος
3403 3727 3494 3781 τοῦ
3536 3729 3743 3798 Ἀρεως,

2191 3817 2283 3872 καὶ
2300 3818 2451 3889 ὅμως
2483 3819 2832 3890 ἰσχυρότερος
2858 3819 2958 3889 τῆς
2981 3820 3226 3889 ἀνάγκης
3251 3819 3359 3874 τῶν
3381 3819 3587 3891 ἄστρων
3613 3818 3742 3889 παρὰ

2190 3909 2395 3981 Σηρσὶν
2412 3911 2441 3964 δ
2469 3911 2698 3981 πάτριος
2728 3910 2911 3981 νόμος.
2928 3910 3111 3981 Νόμος
3130 3911 3187 3964 δὲ
3221 3912 3315 3965 καὶ
3332 3911 3481 3987 παρά
3504 3911 3743 3979 Βακτρια-

2188 4003 2318 4066 νοτς,
2350 4002 2467 4074 ἦτοι
2503 4002 2847 4075 Βραγμανοῖς
2879 4002 3017 4072 (49),
3049 4004 3082 4076 ἡ
3124 4004 3188 4056 ἐκ
3216 4003 3495 4074 προγόνων
3532 3999 3739 4063 παιδεία,

2192 4091 2267 4164 μὴ
2312 4092 2551 4164 μεθύειν,
2598 4093 2733 4165 μηδὲ
2783 4092 3007 4165 ἀψύχων
3051 4094 3438 4163 ἀπογεύεσθαι,
3477 4094 3573 4148 οὐκ
3613 4092 3739 4146 civ-su

2188 4182 2361 4237 ἁπλοῦ
2400 4184 2434 4258 ἢ
2461 4184 2616 4239 νόθου
2644 4185 2756 4257 (50)
2792 4184 3061 4257 μετέχειν,
3094 4185 3226 4239 Θεὸν
3255 4186 3345 4240 τὸν
3375 4188 3503 4254 ἐμὸν
3537 4183 3740 4240 δεδοικό-

2186 4293 2315 4342 ’τας⁵
2343 4277 2522 4332 καίτοι
2550 4278 2656 4331 τῶν
2681 4278 3105 4350 παρακειμένων
3132 4278 3318 4344 αὐτοῖς
3349 4279 3524 4333 Ἰνδῶν
3550 4292 3740 4349 μιαιφο-

2188 4368 2444 4433 νούντων,
2472 4368 3079 4439 καὶόἰνοφλυγούντων,
3117 4370 3211 4423 καὶ
3250 4369 3448 4436 μονιῶν
3498 4363 3733 4440 ἀγρίωνῆ

2190 4458 2336 4514 συῶν
2363 4460 2519 4532 δίκην
2549 4460 3024 4533 θηλυμανούντων,
3069 4463 3164 4516 καὶ
3188 4461 3265 4537 τῷ
3298 4462 3458 4517 πάθει
3487 4461 3736 4536 κραδαινο-

2191 4550 2388 4623 μένων.
2436 4552 2524 4605 Ἐν
2547 4551 2605 4606 δὲ
2632 4556 2745 4617 τοῖς
2783 4554 3060 4626 ἑσπερίοις
3087 4554 3344 4624 κλίμασιν
3375 4554 3622 4626 ἐνδοτέρω
3639 4549 3732 4604 τῶν

2186 4642 2364 4695 ὲκείσε
2398 4639 2597 4709 Ἰνδῶν,
2628 4642 2899 4714 ξενοϐόροι
2927 4642 3069 4706 τινὲς
3096 4642 3451 4715 ὑπάρχοντες,
3492 4643 3607 4707 τοὺς
3647 4641 3731 4694 ιπ-

2180 4730 2380 4802 ἠλυδας
2420 4731 2767 4805 ἀναιροῦντες
2794 4732 3055 4800 ἐσθίουσι,
3079 4733 3174 4786 καὶ
3206 4733 3382 4798 οὐδεὶς
3416 4734 3522 4789 τῶν
3562 4730 3732 4801 ἀγαθο-

2184 4824 2355 4879 ποιῶν
2408 4824 2655 4896 ἀστέρων
2714 4826 2811 4898 τῆς
2862 4825 3175 4898 μιαιφονίας
3208 4826 3405 4892 αὐτοὺς
3448 4824 3727 4897 ἀπωσθῆναι

2186 4916 2374 4988 ίσχυσε
2406 4918 2568 4993 μέχρι
2600 4920 2858 4991 τήμερον.

494 4992 747 5056 habitant
795 4996 1013 5067 quidem
1044 4996 1137 5068 qui
1194 4997 1442 5069 hospites
1466 4998 1750 5066 devorant,
1781 5012 1837 5058 et
1883 5002 2122 5065 advenas
2170 4992 2564 5067 interficientes
2610 5013 2925 5068 comedunt.
2954 5011 3140 5086 Neque
3165 5013 3274 5070 ulla
3304 5012 3573 5071 stellarum
3592 5011 3724 5068 bene-

493 5091 723 5151 ticarmn
750 5105 781 5145 a
809 5090 956 5147 caede
986 5092 1136 5163 ipsos
1174 5099 1420 5149 avertere
1456 5094 1652 5164 patuit,
1691 5110 1868 5167 usque
1896 5098 1949 5153 in
1980 5100 2306 5159 hodiernum
2339 5100 2506 5160 diem.

560 5188 682 5245 Alia
730 5188 1020 5257 Chaldaeis,
1043 5196 1099 5246 et
1145 5188 1460 5260 Babyloniis
1490 5194 1833 5249 consuetudo
1862 5204 1980 5262 est,
2015 5205 2077 5252 ut

491 5289 702 5339 matres
749 5280 806 5337 in
854 5296 1055 5339 uxores
1103 5282 1337 5349 ducant,
1395 5297 1615 5340 sorores
1672 5285 1911 5354 violent,
1947 5303 2076 5358 erga

559 5440 674 5526 με)
701 5447 1153 5526 Κακοςξαῑμονας
1181 5452 1249 5526 ἐκ
1271 5452 1618 5526 λἎςρρρόΙτητ
1646 5453 1792 5526 Lego
1819 5470 1942 5511 cum
1957 5454 2078 5512 (ἶσα.

487 5518 701 5597 tellit-io,
738 5518 1207 5597 κακοδαιμονοῦσα
1239 5518 1855 5597 Ἀφ’ροδίτη.”νὶι·αᾱὶιιεε
1890 5527 2068 5597 itaque

485 5587 637 5661 allicit
671 5588 898 5658 fentinas
924 5587 981 5644 in
1012 5587 1357 5661 Capricorno,
1384 5595 1440 5649 in
1466 5587 2071 5666 Aquario'cacodwnion

501 5657 693 5714 Venus.
733 5657 826 5713 Sic
856 5676 991 5714 sane
1024 5662 1165 5716 infra
1198 5662 1426 5721 ipsemet
1454 5664 1747 5721 Czesarius.

558 5680 693 5714 mus.
733 5680 826 5713 διο
856 5680 991 5714 sane
1024 5680 1165 5716 mira
1198 5680 1426 5731 ipsemet
1454 5680 1747 5721 uzesarius.

558 5727 671 5811 (f9)
696 5731 1085 5811 Emi-garoic.
1109 5731 1304 5811 Malim.
1327 5749 1451 5811 cum
1482 5733 1677 5811 Vigero
1706 5735 2068 5809 Βραχμανοῖς.

485 5797 700 5876 Scilicet
740 5797 887 5866 apud
920 5797 1343 5876 Ctesgariuni‘hic
1372 5804 1434 5863 τὸ
1457 5797 1588 5876 xiii
1603 5823 1659 5876 γ,
1690 5797 1903 5863 succisa
1931 5797 2076 5868 tibiis

508 5872 1009 5947 garte,decurlatiisn
1028 5873 1207 5947 fuerit.
1226 5872 1361 5947 Nam
1381 5872 1665 5943 subhujus
1692 5876 2065 5947 Responsionis

526 5953 647 5998 ηοω
666 5940 894 6012 legimus
910 5942 982 6015 BF
996 5944 1239 6014 ιχμᾶνις
1271 5943 1331 5997 Et
1353 5945 1402 5996 in
1423 5960 1551 6005 sequ
1564 5940 1680 6001 me
1702 5940 2067 6019 Βρὲχμαῖους.

2254 5197 2480 5271 Ἕτερος
2508 5198 2669 5271 νόμος
2695 5198 2981 5267 Χαλδαίοις
3028 5219 3086 5256 τε
3126 5201 3221 5256 καὶ
3266 5201 3609 5266 Βαϐυλωνίοις
3643 5213 3723 5270 μη·

2146 5289 2153 5301 ’
2182 5292 2479 5363 τρογαμείν
2507 5290 2603 5346 καὶ
2637 5292 3079 5367 ἀδελφοφθορεῖν,
3121 5297 3218 5350 καὶ
3251 5297 3374 5357 ταῖς
3399 5295 3544 5367 σφῶν
3573 5291 3720 5348 παισὶν

2246 5457 2363 5527 (50)
2391 5458 2573 5515 Οἶνον
2611 5460 2810 5531 ἁπλοῦ
2838 5461 2877 5531 ἦ
2905 5462 3106 5518 νόθου.
3148 5459 3272 5517 Vim
3304 5463 3455 5517 vocis
3475 5459 3616 5515 νόθου
3638 5457 3716 5510 hoc

2176 5530 2297 5586 loco
2320 5539 2599 5600 usurpata:
2625 5529 2886 5593 Caesarie,
2917 5547 3026 5588 non
3050 5540 3135 5589 est
3155 5542 3443 5588 assecutus
3470 5533 3713 5598 interpres.

2177 5602 2424 5670 adeoque
2468 5604 2777 5657 versionem
2840 5603 3084 5657 nmtilam
3129 5603 3371 5658 exhibet.
3426 5600 3716 5670 Bardesaucs

2177 5667 2348 5743 quem
2378 5680 2570 5743 auctor
2595 5672 2997 5743 exscriliit,liic
3032 5675 3212 5733 habet,
3242 5674 3385 5727 οἴνου
3420 5672 3507 5725 καὶ
3538 5667 3715 5743 σίκερζις

2182 5736 2417 5816 (σίκερα)
2450 5741 2525 5813 μὴ
2550 5736 3022 5816 γευόμενοι.Ἠἰηο
3054 5744 3279 5816 ϐωεοςῖί
3307 5743 3481 5816 verbis
3513 5744 3588 5793 lux
3618 5736 3714 5816 ταθείς

2181 5811 2291 5868 dita
2315 5811 2474 5883 {qua}
2505 5811 2732 5882 proinde
2756 5814 2835 5870 sic
2870 5824 3133 5870 verterem
3164 5832 3179 5871 ι
3215 5812 3296 5868 Ne
3342 5815 3453 5868 riuo
3488 5827 3611 5865 mero
3638 5811 3713 5859 αα

2178 5884 2386 5955 factitio
2423 5897 2660 5943 utantur.
2998 5917 3004 5923 ι
