3806 6502
9 435 86 492 981
1380 448 1728 508 Dl’ALOGUS
1764 448 1829 505 ll.

7 553 371 625 ἐπιμαίνεσθαι,
429 555 523 611 καὶ
570 558 943 630 μιαιφθορεῖν·
988 558 1036 612 εί
1083 559 1175 613 καὶ
1232 558 1421 632 πόρρω
1457 560 1555 632 τῆς

6 646 343 717 ἐνεγκαμένης
368 647 653 716 γένωνται,
688 651 782 706 καί⁵
810 652 923 715 τοῖς
956 651 1105 720 σφῶν
1150 651 1452 722 κεχρῆσθαι
1480 651 1563 704 νό-

7 753 125 809 μοις,
152 738 396 809 φανερῶς
439 742 531 795 καὶ
568 741 869 813 λεληθότως
898 742 1360 813 διακελευόμενοι·
1399 742 1459 806 ἐξ
1486 736 1560 796 ὧν

4 845 120 890 τινες
164 827 337 883 αὐτῶν
385 830 545 902 μέχρι
593 833 690 885 καὶ
734 832 828 886 νῦν
873 832 1208 905 ὑπάρχουσιν
1255 832 1313 885 ἐν
1355 832 1560 902 Μήδοις

2 920 79 974 καί
104 919 328 990 Πάρθοις
360 922 455 976 καὶ
483 923 801 994 Ἐλαμίταις
824 926 918 979 καὶ
950 925 1288 995 Αἰγυπτίοις,
1309 926 1366 977 ὲν
1392 924 1559 995 Φρυξὶ

2 1015 77 1066 καὶ
105 1012 379 1078 Γαλάταις,
421 1015 477 1068 έν
508 1034 618 1069 τισι
658 1021 871 1088 κώμαις
903 1017 1285 1089 μιαιῦιοῦντες.
1328 1016 1439 1070 Kal
1469 1017 1561 1069 ού-

1 1104 120 1156 δὲπω
152 1101 365 1174 Κύπρις
406 1106 504 1159 σὺν
546 1108 707 1179 Μήνῃ
736 1110 793 1162 ὲν
817 1109 985 1180 ὁρίοις
1022 1110 1119 1163 καὶ
1148 1107 1318 1171 οἴκοις
1349 1108 1557 1179 Κρόνου

1 1192 471 1263 ἐπιμαρτυροῦντος
508 1196 603 1249 τοῦ
642 1198 854 1268 Ἄρεως
886 1198 945 1251 ἐν
973 1200 1095 1261 ταῖς
1133 1198 1351 1251 πάντων
1380 1195 1558 1250 αὐτῶν

1 1288 242 1358 γενέσεσιν
299 1289 650 1361 εὑρίσκεσθαι
711 1291 798 1344 οἵα
847 1307 927 1345 τε.
998 1290 1235 1360 Θάτερος
1288 1290 1345 1341 δὲ
1408 1286 1558 1359 παρά

1 1380 166 1449 Γήλαις
204 1380 313 1450 (51)
361 1380 553 1450 νόμος,
605 1385 869 1450 γυναῖκας
916 1385 1178 1453 γεωργεῖν
1221 1383 1314 1435 καὶ
1354 1383 1557 1435 οἰκοδοο

1 1477 116 1546 μεῖν,
157 1473 243 1527 καὶ
291 1473 361 1527 τὰ
406 1475 614 1547 ἀνδρῶν
658 1477 949 1547 πράττειν,
993 1477 1130 1530 ἀλλά
1155 1476 1249 1530 καὶ
1283 1479 1557 1531 κοινωνεῖν

1 1560 63 1629 32';
94 1565 134 1617 δ’
159 1567 221 1619 ἂν
257 1565 555 1636 βούλωνται
599 1566 705 1620 τῶν
738 1566 1039 1637 ἐπηλύδων,
1068 1567 1167 1619 ούκ
1214 1566 1556 1637 ἐπιτιμώμεη

2 1675 67 1711 ναι
110 1656 207 1709 ύπδ
246 1656 353 1711 τῶν
406 1658 745 1729 προεχόντων
784 1659 1012 1729 ἀνδρῶν,
1052 1658 1170 1713 οὐδὲ
1205 1657 1552 1729 ζηλούμεναι.

1 1751 51 1804 οὔ
82 1748 390 1822 μυρίζονται
433 1750 513 1816 δὲ,
542 1749 661 1805 οὐδὲ
701 1751 913 1821 φυκίοις
947 1750 1046 1822 τὴν
1073 1750 1195 1820 ὄψιν
1222 1749 1553 1814 νοθεύονται,

1 1841 122 1910 τᾳῶν
169 1842 398 1913 παρειὰς
445 1843 864 1916 ὲπιχρωννῦσαι,
913 1841 1095 1906 καθὼς
1155 1844 1210 1897 αἰ
1259 1845 1389 1916 παρ’
1425 1844 1555 1914 ἡμῖν

1 1933 239 2001 ὶλλότριαι
273 1932 632 1987 ύποδύνουσαι
653 1936 1013 2005 προσωπεῖον.
1040 1936 1109 1987 Oi
1142 1934 1198 1988 δὲ
1226 1935 1418 2006 ἄνδρες
1450 1952 1556 1987 στιο

1 2024 217 2087 ἲάζονται
261 2023 450 2093 ἐσθῆτι
496 2024 733 2095 μαλακῇ,
785 2025 878 2078 καί
921 2024 1213 2095 ἀνθοϐάφῳ
1273 2023 1552 2095 περιϐολῇ.

1 2116 309 2187 ’Υπὰρχουσι
329 2116 375 2170 δ’
402 2117 460 2169 ὲν
490 2117 680 2181 αὐταῖς
709 2116 803 2170 καί
838 2115 1301 2188 πολεμικώταται,
1333 2116 1427 2169 καί
1462 2114 1557 2186 οη-

1 2205 157 2258 ηῦσαι
206 2205 275 2258 τά
327 2205 401 2277 μὴ
462 2205 582 2260 λίαν
634 2205 828 2279 ἰσχυρά
868 2204 977 2259 τῶν
1024 2204 1247 2278 θηρίων.
1296 2204 1418 2267 Πῶς
1462 2200 1557 2258 οὖν

1 2300 137 2349 deat
182 2297 235 2350 αἰ
278 2295 464 2367 Γήλων
498 2299 774 2365 γυναῖκες,
817 2297 916 2350 οὐκ
963 2296 1154 2365 ἔλαχον
1197 2291 1472 2364 αἰγοκέρῳ
1522 2294 1555 2364 ἢ

2 2388 218 2461 epam,
258 2389 712 2459 κακοδαιμονοῦσι
771 2388 883 2461 (52)
924 2392 991 2460 τῇ
1031 2386 1303 2458 Κύπριδι;
1343 2386 1455 2440 οὔτ’
1488 2384 1555 2441 αὖ

1 2481 124 2535 ιάλιν
154 2483 202 2534 οἰ
240 2482 435 2553 ἄνδρες
469 2482 650 2537 αύτῶν
680 2481 873 2552 ἔλαχον
902 2482 958 2533 ὲν
985 2479 1124 2552 κριῷ
1155 2482 1252 2534 σὺν
1280 2480 1436 2551 ’Λρει
1459 2478 1557 2550 τὴν

2 2576 315 2647 Αφροδίτην,
346 2576 476 2630 ἔνθα
502 2577 625 2640 τοὺς
657 2576 935 2647 ἀνδρείους
970 2576 1064 2629 καὶ
1102 2574 1407 2638 σπατάλους
1450 2590 1554 2642 φα-

2 2670 50 2720 ³ιν
79 2669 125 2721 οἰ
164 2671 229 2738 τῇ
275 2667 470 2739 γνώμῃ
508 2668 792 2735 Χαλδαῖοι;
842 2669 930 2721 Ἐν
963 2668 1019 2721 δὲ
1058 2666 1277 2730 Σούσοις
1314 2665 1414 2736 τῆς
1450 2665 1557 2717 Βα-

2 2758 197 2821 ῖυὶῶνος
223 2761 279 2811 αἱ
304 2761 562 2828 γυναῖκες
595 2759 758 2813 παντὶ
800 2758 957 2831 μύρῳ
996 2758 1306 2829 διαφέροντι
1346 2756 1440 2810 καὶ
1468 2755 1559 2812 κό-

7 2868 85 2921 μῳ
113 2850 370 2921 χρῶνται,
396 2850 857 2923 ύπηρετούμεναι,
886 2852 979 2904 καί
1002 2850 1242 2921 φαιδρῶς
1274 2849 1559 2921 προϊοῦσαι

6 2945 59 2995 ὒν
94 2942 353 3014 βλοσυρίᾳ
389 2944 482 2995 καὶ
506 2943 748 3013 διαχύσει
805 2942 1007 3013 πολλῇ·
1043 2946 1178 2995 πᾶσι
1209 2942 1268 2997 δὲ
1304 2941 1558 3012 Ἕλλησιν

2 3033 125 3098 δεῶς
188 3051 250 3086 τε
303 3034 396 3087 καὶ
447 3034 683 3099 ἀναιδῶς
742 3033 1234 3103 συγκαθεύδουσιν,
1295 3032 1559 3104 ἄρχουσαι

1 3126 160 3179 ,ἄλλον
192 3126 305 3180 τῶν
329 3125 546 3179 οἰκείων
577 3126 784 3198 ἀνδρῶν
806 3143 819 3156 ·
854 3127 949 3179 καὶ
974 3126 1035 3179 ού
1077 3126 1292 3188 πάντως
1321 3126 1379 3178 ὲν
1408 3124 1561 3196 πάσῃ

2 3220 170 3271 ενέσει
219 3217 329 3271 τῶν
382 3217 650 3272 Σουσίδων
708 3217 982 3285 γυναικῶν
1039 3218 1365 3289 μεσουρανεῖ
1423 3214 1562 3287 μετὰ

5 3311 75 3374 ut;
100 3312 200 3364 καὶ
225 3311 437 3382 ’Ἄρεως
462 3312 519 3365 ἐν
553 3310 671 3373 Διὸς
700 3311 846 3383 ὅροις
872 3313 905 3381 ἡ
943 3310 1257 3383 ’Λφροδίτη.
1298 3309 1386 3363 Ἐν
1416 3308 1472 3363 δὲ
1494 3311 1562 3381 τῇ

4 3403 65 3475 ῥα
104 3406 152 3457 οἰ
206 3402 756 3475 ἀρῤενοφθοροῦντες,
790 3404 841 3456 οἰ
884 3402 1037 3476 παρά
1071 3402 1444 3476 Χριστιανοῖς,
1470 3398 1567 3453 ἐὰν

4 3496 284 3550 νωσθῶσιν
323 3496 429 3550 ύπὸ
477 3495 586 3548 τῶν
627 3496 876 3566 ὁμαίμων
905 3493 1139 3566 ἀφειδῶς
1173 3492 1560 3566 τιμωροῦνται.

3 3590 52 3642 ἓν
102 3587 410 3660 Βρεττανίᾳ
462 3586 701 3641 πλεῖστοι
750 3588 941 3661 ἄνδρες
986 3588 1085 3658 μιᾷ
1137 3584 1565 3655 συγκαθεύδουσι

3 3681 203 3735 δναικίυ
237 3679 502 3744 ὡσαύτως
544 3681 639 3734 καί
684 3680 879 3736 πολλαὶ
935 3682 1194 3751 γυναῖκες
1231 3679 1312 3732 ἐνὶ
1356 3676 1565 3749 ἑταιρία.

3 3791 135 3828 ›νται
163 3773 344 3845 ἀνδρί,

17 4053 131 4106 Καὶ
160 4054 306 4106 πᾶσι
335 4054 445 4117 τοῖς
471 4050 721 4123 πατρίοις
750 4052 819 4105 τά
863 4050 990 4120 ἔθνη
1023 4048 1211 4119 ῶσπερ
1237 4048 1386 4119 νόμῳ
1419 4063 1563 4101 στοι-

4 4144 135 4197 ιῦσιν
173 4145 432 4208 ἀδὰκνως
480 4145 576 4198 καὶ
639 4145 875 4208 ἀπόνως.
924 4141 1217 4213 Ἀμαζόνες
1267 4141 1323 4194 δὲ
1361 4140 1564 4210 ἄνδρας

8 4253 41 4287 κ
77 4234 310 4304 ἔχουσιν
330 4250 342 4263 ·
376 4234 490 4287 ἀλλ’
521 4235 599 4299 ὡς
638 4233 707 4287 τὰ
731 4234 902 4302 ἄλογα
932 4233 1067 4297 ζῶα,
1102 4231 1247 4298 ἅπαξ
1280 4230 1373 4284 τοῦ
1407 4230 1562 4295 ἔτους

4 4327 69 4398 ίρί
100 4328 209 4399 τὴν
242 4326 530 4398 ἑαρινικὴν
566 4327 677 4399 (5'5)
732 4326 1021 4397 ἰσημερίαν
1069 4324 1353 4396 ύπερόριοι
1384 4324 1564 4393 γίνον-

9 4437 47 4480 ι,
79 4419 430 4489 μισγόμεναι
461 4422 570 4482 τοῖς
617 4418 922 4487 γειτνιῶσιν
968 4416 1246 4487 ἀνδράσιν,
1289 4411 1401 4470 οἷον
1436 4432 1567 4471 πανο

4 4511 135 4581 ὐρίν
172 4528 311 4564 τινα
338 4511 431 4563 καὶ
450 4510 643 4581 ἑορτὴν
662 4511 752 4563 τὸν
774 4509 962 4580 καιρὸν
978 4508 1077 4578 τῆς
1104 4507 1377 4580 ἑταιρείας
1399 4506 1566 4579 ἡγού-

7 4620 118 4656 ναι.
170 4602 272 4668 Ἐξ
308 4594 383 4654 ὧν
414 4600 554 4653 κατά
587 4599 822 4671 γαστρὸς
852 4598 1132 4668 φέρουσαι,
1168 4596 1559 4668 παλινδρομοῦ-

3 4712 15 4744 ρ
44 4694 245 4749 οἴκαδε
284 4692 405 4763 ἅμα
432 4694 621 4747 πᾶσαι.
656 4690 747 4762 Τῷ
771 4690 826 4744 δὲ
850 4689 1027 4763 καιρῷ
1055 4690 1154 4760 τῆς
1182 4690 1563 4760 ἀποκυήσεως,

5 4801 17 4835 ο
73 4785 182 4854 μὲν
239 4785 462 4855 ἄρρενα
495 4782 801 4854 φθείρουσι,
844 4782 906 4835 τὸ
956 4782 1012 4836 δὲ
1061 4781 1194 4852 θῆλυ
1241 4780 1567 4850 ζωογονοῦσι

5 4875 396 4948 ἰτιθηνοῦσιν
435 4874 731 4945 ἐπιμελῶς.
769 4875 1003 4928 ’Ἄτοπον
1047 4873 1106 4927 δὲ
1150 4871 1438 4926 πιστεῦσαι
1476 4872 1571 4926 ἐπὶ

6 4987 28 5021 ν
82 4974 158 5040 τῇ
220 4967 346 5021 τῶν
403 4967 653 5039 ἀρρένων
705 4968 883 5038 σπορᾷ
936 4968 1107 5037 ’Ἄρεα
1161 4965 1300 5037 μετά
1359 4964 1569 5035 Κρόνου

5 5062 145 5132 ιτῆς
179 5060 349 5132 ὧρας
383 5059 673 5130 ἰσομοίρως
720 5060 939 5129 τυχεῖν,
978 5058 1071 5110 ἐπὶ
1119 5057 1177 5111 δὲ
1219 5056 1312 5110 τοῦ
1359 5055 1565 5127 θήλεως

5 5153 221 5204 Ξέποτε.
266 5149 388 5205 Καὶ
424 5148 540 5212 πῶς
586 5150 645 5203 ὲν
690 5148 769 5219 τῷ
813 5146 959 5218 αύτῷ
988 5145 1316 5217 νυχθημέρῳ
1344 5146 1564 5199 πάντων

37 5246 169 5307 ταῖς
226 5238 671 5311 ύποδεξαμέναις
731 5238 1215 5309 καταϐληθέντων,
1282 5238 1374 5293 καὶ
1425 5235 1562 5307 ὁμοῦ

5 5337 91 5390 λιν
124 5337 212 5399 ὡς
253 5336 329 5387 ὲκ
364 5334 494 5403 μιᾶς
526 5332 717 5402 νηδύος
744 5330 1183 5405 προερχομένων,
1212 5330 1283 5383 τά
1322 5330 1419 5402 μὲν
1451 5332 1564 5385 διαο

5 5431 250 5500 είρετοιι,
287 5425 388 5480 τοῦ
422 5426 537 5497 ἅμα
568 5426 679 5497 (54)
706 5425 799 5480 τοῦ
834 5426 950 5496 βίου
987 5423 1306 5495 γεύσασθαι,
1335 5426 1427 5479 καὶ
1460 5425 1565 5478 ὑπὸ

6 5544 26 5577 ν
72 5520 411 5594 μιαιφόνων
440 5517 818 5591 θανατούμενα
865 5518 971 5591 πρὸ
1009 5517 1101 5571 τοῦ
1157 5518 1362 5571 σπᾶσαι
1399 5516 1561 5585 γάλα,

6 5615 161 5688 ἱῆξαι
199 5612 442 5684 φωνήν·
481 5611 550 5665 τὰ
589 5611 646 5664 δὲ
691 5611 1059 5679 ζωογονεῖται,
1096 5610 1192 5669 καὶ
1244 5611 1563 5678 περιέπεται

5 5713 126 5773 τοῖς
183 5705 431 5776 ἀνόμοις
475 5704 695 5769 κόλποις
736 5704 803 5758 τά
838 5704 985 5758 κακά
1015 5702 1405 5774 ὲνσκαίροντα;
1442 5701 1565 5765 Πῶς

6 5846 113 5959 r5|)
154 5839 352 5912 Παρὰ
371 5840 619 5907 Pallam.
654 5840 995 5901 Bavdesanes
1022 5841 1169 5908 παρὰ
1189 5840 1393 5902 Γέλοις,
1420 5838 1558 5899 apud

22 5936 103 5969 ηας,

6 5938 103 5969 Inv.

6 5990 115 6060 ,52)
138 5981 531 6055 Κακεεδαιμοι
553 5984 710 6040 οὖσι.
730 5976 889 6039 Forte
908 5979 1298 6054 κακοδαιμονετῦ
1310 5994 1386 6057 sn.
1401 5979 1559 6036 Eutr.

3139 444 3247 503 982

1663 578 1795 617 suos
1823 561 2027 616 liberos
2055 559 2332 616 insaniant
2360 574 2561 631 eosque
2586 560 2849 629 polluant.
2878 557 2942 613 Et
2973 558 3023 614 si
3057 560 3243 628 procul

1664 669 1694 707 a
1726 653 1901 723 patria
1930 654 2069 720 sint,
2098 654 2214 710 suis
2236 660 2467 708 utuntur
2495 652 2735 723 legibus,
2762 661 2949 723 aperte
2977 660 3031 705 et
3068 651 3245 720 priva-

1663 746 1758 800 tim
1790 746 2074 800 admoniti.
2113 745 2190 799 Ex
2224 745 2426 815 quibus
2477 742 2646 813 aliqui
2692 744 2993 798 etiamnum
3042 740 3247 813 degunt

1664 839 1805 893 inter
1835 838 2017 893 Medos
2046 846 2100 891 et
2125 836 2357 891 Parthos
2379 876 2392 900 ,
2418 844 2473 890 et
2502 833 2767 890 Elamitas
2792 875 2807 900 ,
2843 841 2898 889 et
2927 832 3210 904 Egyptios
3230 874 3245 896 ,

1664 930 1809 983 inter
1840 927 2079 999 Phryges
2112 936 2166 983 et
2200 927 2457 990 Galatas,
2495 925 2549 979 in
2598 924 2927 994 quibusdam
2962 925 3116 994 pagis
3146 925 3250 977 im-

1662 1022 1749 1091 pie
1780 1022 2057 1087 viventes,
2095 1019 2310 1075 etiamsi
2360 1032 2638 1087 nunquam
2688 1015 2868 1073 Venus
2917 1032 3041 1071 cum
3084 1015 3238 1069 Luna

1665 1114 1718 1167 in
1753 1113 1950 1168 ﬁnibus
1977 1120 2031 1168 et
2066 1111 2445 1168 mansionibus
2478 1109 2737 1173 Saturni,
2770 1109 3063 1179 adjuvante
3098 1108 3244 1161 Mar-

1663 1212 1717 1259 te
1737 1245 1751 1270 ,
1776 1205 1834 1259 in
1859 1204 2102 1259 omnium
2126 1203 2369 1273 ipsorum
2395 1200 2775 1256 nativitatibus
2800 1197 3033 1253 inveniri
3057 1204 3242 1266 queat.

1661 1298 1781 1351 Alia
1812 1297 1938 1352 item
1980 1298 2121 1367 apud
2151 1295 2311 1351 Gelas
2347 1296 2468 1358 lex,
2506 1303 2566 1349 ut
2601 1294 2859 1347 mulieres
2912 1305 3075 1361 agros
3121 1287 3247 1358 qui-

1661 1389 1783 1443 dem
1825 1388 2014 1442 colant
2056 1396 2109 1442 et
2155 1387 2426 1441 aedificent
2475 1394 2527 1440 et
2566 1399 2732 1455 opera
2775 1382 2954 1436 virilia
3000 1380 3244 1446 faciant,

1662 1478 1756 1533 sed
1787 1476 2239 1532 consuetudinem
2270 1476 2507 1530 habeant
2533 1489 2656 1529 cum
2703 1472 3124 1544 quibuscunque
3155 1486 3251 1523 ve-

1662 1571 1765 1625 lint
1824 1570 2167 1640 peregrinis,
2221 1570 2371 1624 nulla
2423 1568 2797 1637 increpatione
2850 1567 3095 1620 virorum
3152 1563 3247 1633 qui

1660 1662 1797 1731 ipsis
1848 1668 2127 1732 praesunt,
2165 1675 2341 1731 neque
2389 1660 2735 1715 aemulatione
2781 1657 3077 1728 impeditae.
3126 1655 3248 1709 Non

1661 1763 1947 1823 unguntur
1976 1762 2159 1808 autem
2191 1752 2565 1807 odoramentis
2586 1790 2601 1817 ,
2633 1765 2809 1821 neque
2840 1750 2966 1804 fuco
3010 1748 3066 1803 in
3108 1747 3249 1802 facie

1660 1843 2002 1910 inficiuntur,
2036 1852 2095 1896 ut
2123 1857 2292 1913 genas
2322 1840 2582 1913 pingant,
2613 1839 3071 1911 quemadmodum
3100 1841 3248 1909 apud

1661 1952 1762 1994 nos
1797 1951 1997 1992 uxores
2014 1936 2347 2005 alicnaequae
2376 1933 2534 1989 faciei
2567 1933 2965 1988 medicamenta
2995 1933 3246 2003 quaedam

1660 2017 1941 2084 adhibent.
1998 2027 2117 2083 Viri
2164 2042 2297 2083 vero
2346 2025 2653 2083 induuntur
2701 2025 2769 2079 ad
2803 2025 2968 2095 pedes
3002 2024 3246 2081 demissa

1659 2128 1812 2177 veste
1855 2120 2042 2185 molli,
2095 2127 2149 2174 et
2199 2119 2376 2174 tincto
2414 2118 2640 2174 amictu.
2697 2116 2838 2171 Sunt
2882 2126 3066 2172 autem
3101 2118 3247 2170 inter

1660 2213 1809 2282 ipsas
1836 2211 2002 2266 etiam
2033 2209 2469 2266 bellicosissima:
2488 2249 2503 2275 ,
2535 2217 2589 2263 et
2617 2215 2892 2263 venantur
2919 2207 3096 2273 feras,
3125 2206 3250 2276 qui-

1661 2305 1763 2361 bus
1793 2306 1883 2359 vix
1920 2306 2042 2359 aliae
2091 2312 2222 2360 sunt
2272 2302 2555 2360 fortiores.
2598 2300 2889 2369 Quomodo
2931 2302 3101 2371 igitur
3140 2316 3259 2357 non.

1661 2413 1852 2453 omnes
1904 2396 2159 2451 Gelarum
2208 2395 2471 2451 mulieres
2515 2394 2725 2449 sortita:
2776 2401 2908 2447 sunt
2958 2390 3251 2461 Capricor-

1660 2506 1790 2544 num
1812 2528 1826 2553 ,
1860 2496 1954 2543 aut
1985 2486 2322 2557 Aquarium,
2355 2486 2604 2542 infausto
2634 2485 2756 2540 loco
2784 2485 2963 2556 posita
2995 2482 3254 2539 Venere?

1660 2582 1769 2637 Aut
1797 2582 1916 2637 vice
1943 2596 2101 2637 versa
2125 2596 2225 2636 cur
2255 2594 2366 2635 non
2397 2578 2647 2649 ipsorum
2677 2577 2779 2631 viri
2816 2576 2999 2632 sortiti
3030 2583 3162 2631 sunt
3192 2576 3251 2629 in

1660 2674 1843 2729 Ariete
1872 2688 1996 2728 cum
2030 2673 2202 2728 Marte
2231 2670 2534 2734 Venerem,
2588 2669 2685 2725 ubi
2731 2668 2919 2724 viriles
2964 2675 3019 2721 et
3057 2666 3250 2724 molles

1660 2767 1815 2822 aiunt
1837 2781 1960 2823 esse
1982 2805 1997 2829 ,
2018 2766 2113 2836 qui
2139 2780 2264 2820 cum
2286 2762 2559 2819 Chaldaeis
2589 2762 2876 2818 sentiunt?
2899 2760 3248 2831 Babylonicis

1661 2867 1845 2915 autem
1879 2857 2040 2914 Susis
2071 2857 2331 2913 mulieres
2361 2855 2541 2910 omnis
2570 2854 2789 2925 generis
2822 2862 3103 2924 unguento
3128 2868 3255 2923 pre-

1663 2953 1837 3015 tioso,
1870 2960 1925 3007 et
1959 2958 2158 3005 ornatu
2190 2956 2443 3012 utuntur,
2480 2946 2748 3002 ministris
2782 2945 3070 3001 instructa;
3101 2944 3254 2998 blla-

1661 3046 1795 3100 riter
1820 3045 1874 3098 in
1905 3043 2184 3114 publicum
2215 3039 2563 3112 procedunt,
2598 3056 2724 3096 cum
2758 3038 3101 3094 immodestia
3134 3039 3256 3092 vul-

1661 3144 1752 3191 tus
1774 3144 1827 3190 et
1849 3134 2123 3189 hilaritate
2139 3147 2355 3203 magna.
2375 3132 2510 3188 Cum
2528 3132 2783 3187 omnibus
2804 3128 3005 3185 eadem
3030 3128 3256 3184 advenis

1672 3229 1879 3299 absque
1911 3227 2111 3281 timore
2140 3235 2193 3281 et
2227 3223 2440 3294 pudore
2472 3222 2881 3288 concumbunt,
2915 3222 3254 3292 imperantes

1669 3323 1853 3391 potius
1889 3317 2127 3389 propriis
2160 3316 2317 3371 viris.
2352 3314 2539 3386 Neque
2568 3323 2753 3371 tamen
2784 3315 2841 3369 in
2874 3313 3024 3370 omni
3056 3314 3260 3368 nativi-

1667 3418 1781 3466 tate
1808 3409 2069 3465 Susidum
2115 3408 2407 3464 mulierum
2430 3448 2445 3472 ,
2475 3407 2715 3463 medium
2743 3407 2867 3463 cteli
2896 3422 3020 3462 cum
3045 3403 3180 3461 Jove
3201 3411 3259 3461 et

1670 3501 1841 3557 Marte
1872 3502 1926 3556 in
1960 3500 2164 3557 finibus
2189 3498 2341 3556 Jovis
2368 3498 2553 3555 Venus
2581 3506 2751 3553 tenet.
2784 3498 2844 3553 ln
2871 3498 3125 3553 orientali
3158 3511 3258 3551 au-

1668 3601 1778 3647 tem
1810 3592 1967 3663 plaga
2002 3591 2317 3661 paadicones
2349 3598 2480 3647 sunt
2504 3630 2518 3654 ,
2557 3589 2654 3661 qui
2689 3588 2836 3661 apud
2872 3589 3255 3652 Christianos,

1667 3686 1714 3740 si
1760 3684 2238 3754 deprehendantur
2292 3683 2362 3739 ab
2407 3682 2545 3753 ipsis
2586 3680 3051 3751 consanguineis,
3103 3681 3258 3735 nullo

1668 3786 1963 3848 parcente,
1997 3775 2269 3846 supplicio
2304 3772 2638 3828 adiciuntur.
2690 3772 2750 3827 In
2797 3771 3087 3827 Britannia
3132 3772 3259 3841 plu-

1665 3865 1791 3922 rimi
1816 3865 1917 3920 viri
1952 3880 2075 3919 cum
2108 3865 2275 3919 unica
2306 3863 2685 3919 concumbunt
2715 3860 2965 3917 muliere.
2992 3860 3260 3920 Similiter

1664 3968 1719 4014 et
1744 3958 1929 4012 multa;
1962 3956 2221 4012 mulieres
2256 3956 2351 4010 uni
2374 3955 2685 4026 junguntur
2714 3955 2853 4009 viro.

1736 4051 1981 4108 Utuntur
2012 4050 2251 4119 denique
2278 4048 2474 4119 patriis
2516 4047 2768 4125 moribus
2808 4053 3035 4119 gentes,
3085 4044 3257 4101 veluti

1664 4143 1817 4215 lege,
1851 4142 1990 4196 citra
2022 4124 2269 4195 morsum
2296 4138 2466 4192 animi
2496 4146 2551 4191 et
2579 4124 2908 4191 molestiam.
2946 4139 3253 4190 Amazones

1666 4252 1733 4293 ne
1766 4235 1914 4289 viros
1949 4233 2170 4303 quidem
2202 4230 2437 4293 habent,
2478 4229 2574 4285 sed
2604 4228 2926 4283 animalium
2961 4228 3254 4282 brutorum

1664 4327 1775 4383 ritu
1807 4325 1977 4381 semel
2010 4324 2066 4379 in
2100 4337 2248 4378 anno
2274 4322 2423 4376 circa
2456 4336 2685 4376 vernum
2716 4320 3107 4391 aequinoctium
3137 4319 3254 4375 suis

1666 4418 1865 4474 finibus
1889 4430 2161 4488 egressae,
2197 4422 2255 4470 ct
2301 4427 2430 4468 cum
2474 4412 2611 4468 viris
2640 4411 2737 4481 qui
2787 4420 2921 4467 sunt
2964 4411 3020 4465 in
3052 4410 3255 4466 vicinia

1666 4518 1962 4575 coeuntes,
2010 4507 2172 4580 quasi
2224 4514 2557 4562 conventum
2611 4504 2848 4575 aliquem
2880 4504 3159 4575 publicum
3200 4513 3259 4559 et

1668 4602 1866 4658 festum
1899 4609 2114 4670 tempus
2144 4596 2199 4653 id
2228 4597 2410 4653 coitus
2457 4596 2687 4652 ducunt.
2737 4595 2817 4651 Ex
2872 4596 3074 4665 quibus
3106 4603 3258 4664 post-

1666 4709 1829 4766 quam
1858 4699 2203 4764 praegnantes
2230 4689 2387 4745 factae
2415 4698 2584 4753 sunt,
2609 4688 2833 4743 domum
2869 4686 3032 4742 simul
3059 4699 3256 4741 omnes

1668 4793 1937 4841 remeant.
1973 4782 2244 4853 Tempore
2274 4795 2404 4836 vero
2438 4788 2695 4850 partuum
2730 4777 3098 4841 edendorum,
3129 4791 3260 4846 pro-
3294 4832 3297 4833 ν

1669 4878 1774 4933 lem
1807 4876 2030 4946 quidem
2061 4872 2363 4928 masculam
2406 4870 2767 4936 interimunt,
2814 4867 3085 4923 femellam
3127 4881 3260 4921 vero

1670 4975 2007 5024 conservant
2054 4975 2109 5021 et
2159 4965 2365 5018 lactant
2397 4969 2674 5017 accurate.
2726 4959 3042 5016 Absurdum
3072 4965 3259 5014 autem

1673 5070 1759 5117 est
1781 5058 2040 5124 credere,
2075 5058 2133 5113 in
2167 5056 2528 5127 conceptione
2568 5053 2792 5125 quidem
2836 5051 3129 5108 masculini
3172 5066 3259 5107 se-

1672 5153 1838 5210 minis
1872 5152 2100 5207 Martem
2129 5164 2257 5205 cum
2292 5147 2531 5202 Saturno
2559 5160 2626 5203 ea
2656 5145 2793 5200 hora
2820 5142 3108 5215 aequaliter
3136 5155 3261 5197 sor-

1672 5248 1800 5313 tiri,
1839 5249 1894 5302 in
1932 5245 2184 5301 feminini
2229 5252 2411 5297 autem
2462 5255 2769 5311 nunquam.
2814 5238 2936 5306 Quo
2964 5235 3259 5304 caateroqui

1672 5348 1832 5410 pacto
1861 5338 1918 5392 in
1943 5337 2138 5393 eodem
2162 5336 2341 5391 noctis
2369 5333 2545 5389 dieive
2574 5337 2852 5387 momento
2876 5326 3179 5385 seminibus
3204 5327 3258 5379 in

1672 5429 1827 5484 alvos
1858 5427 2199 5497 excipientes
2220 5425 2387 5495 jactis
2410 5466 2425 5491 ,
2460 5437 2767 5492 rursusque
2802 5419 2969 5476 simul
2998 5416 3161 5487 quasi
3191 5430 3261 5470 ex

1680 5521 1870 5577 eodem
1901 5528 2059 5575 utero
2084 5516 2570 5589 progredientibus
2592 5556 2607 5580 ,
2638 5514 2730 5568 alii
2761 5511 2979 5584 quidem
3012 5514 3157 5564 tctus
3184 5510 3262 5561 in-

1675 5614 2029 5677 terimuntur,
2058 5612 2223 5667 simul
2254 5621 2417 5680 atque
2445 5609 2614 5662 vitam
2644 5607 3043 5676 degustaruut,
3067 5600 3139 5656 ab
3161 5600 3261 5654 ho-

1675 5707 1889 5763 micidis
1921 5705 2188 5761 matribus
2224 5705 2331 5759 leto
2358 5702 2508 5769 dati,
2538 5709 2833 5771 antequam
2868 5700 2958 5751 lac
2991 5695 3259 5752 traxerint

1739 5846 1851 5909 (Κῦ)
1900 5839 2258 5909 Ἔαρινικήι·.
2298 5838 2463 5894 Forte
2500 5836 2742 5909 ἐαρινὴν.
2770 5833 2851 5909 lo.

1893 5900 2013 5970 Τοῦ
2043 5900 2373 5985 ἅμαξῐθοτιο
2401 5910 2477 5989 τῷ
2510 5900 2623 5987 ᾆμα
2650 5900 2727 5962 vel
2768 5906 2882 5981 ἅμα
2910 5901 3005 5974 τῷ.
3044 5900 3120 5960 In.
