3874 6536
108 438 198 496 935
1546 431 1888 489 DIALOGUS
1924 428 1987 487 ll.

105 557 151 609 αξ
182 551 235 606 δὲ
273 550 673 622 περιστατικαὶ,
697 549 910 622 ἀνάγκῃ
936 550 1028 603 ἐπὶ
1053 549 1116 602 τὸ
1152 550 1397 619 κρεῖττον
1429 550 1669 619 χωροῦν-

107 660 181 705 τος
205 639 291 694 τοῦ
322 640 657 710 ζητουμένου
687 641 793 692 ὑπὸ
825 638 936 692 τῶν
962 639 1163 709 νόμων.

3245 425 3349 481 986

1777 554 1937 612 ante,
1967 545 2146 618 quivis
2175 543 2459 601 hominum
2490 560 2605 603 suae
2632 546 2767 622 legis
2795 548 3045 607 libertate
3071 546 3263 607 utitur.
3297 555 3352 601 et

1773 653 1896 709 qua:
1921 654 1987 694 ex
2013 636 2179 694 astris
2202 636 2504 693 secundum
2531 636 2751 696 Graecos
2775 638 3025 697 fabulose
3046 640 3170 696 [icta
3198 646 3351 709 sunt,

109 743 309 803 propter
333 732 513 801 legum
544 740 748 785 metum
778 730 983 784 omittit
1004 770 1020 794 ,
1050 738 1145 783 aut
1173 739 1396 800 propter
1423 728 1879 785 consuetudinem
1920 728 2149 798 patriam
2183 726 2363 797 gentis
2395 743 2428 783 a
2454 727 2601 785 vitiis
2625 730 2882 788 abstinet.
2911 730 3048 787 Nam
3081 732 3345 787 virtutum

106 826 206 879 alia
234 830 361 878 sunt
392 837 461 876 ex
486 821 675 875 libera;
706 818 1008 873 voluntatis
1042 819 1342 884 electione,
1377 818 1498 874 alia:
1526 833 1659 875 vero
1689 831 1754 873 ex
1786 817 2219 874 circumstantiis
2249 816 2371 888 ejus
2400 817 2495 888 qui
2527 820 2853 877 necessitate
2883 829 3107 878 coactus
3138 821 3349 877 accedit

106 916 159 970 ad
190 913 418 976 melius,
451 918 638 981 utpote
680 910 893 981 legibus
929 909 1004 963 ita
1039 910 1423 981 poscentibus.

679 1026 929 1079 ΠΕΥΣΙΣ
976 1026 1080 1080 PI’.

172 1144 299 1196 Ἀλλ’
334 1140 479 1195 ἑπτὰ
524 1141 695 1194 ὄντων
740 1141 808 1211 τῇ
853 1139 1065 1208 γενέσει
1106 1139 1261 1210 ἡμῶν
1298 1138 1674 1212 ἀνακειμένων

105 1236 345 1307 ἀστέρων,
372 1236 458 1298 εἰς
492 1233 633 1287 ἐπτά
659 1232 889 1304 λέγομεν
914 1232 1154 1304 κλίματα
1185 1232 1284 1304 τὴν
1318 1234 1423 1304 γῆν
1446 1234 1675 1307 διαιρεῖ-

106 1326 227 1387 σθαι,
285 1325 380 1377 καὶ
441 1324 705 1395 ἄρχεσθαι
749 1323 982 1377 ἕκαστον
1033 1322 1203 1394 κλῖμα
1254 1323 1342 1393 ὑφ’
1398 1323 1516 1388 ἑνὸς
1563 1324 1674 1379 τῶν

104 1416 342 1486 ἀστέρων,
374 1417 474 1470 καὶ
508 1414 646 1487 πρὸς
678 1414 902 1468 ἐκείνων
934 1414 1254 1484 συμπλοκάς
1291 1415 1540 1484 ἄγεσθαι,
1580 1419 1675 1471 καὶ

103 1508 463 1562 ἑτοτελείσθαι
491 1510 619 1572 τοὺς
644 1509 983 1581 ἀρχομένους
1003 1526 1017 1540 ο
1047 1510 1182 1581 ὅπερ
1212 1508 1376 1580 νόμον
1406 1511 1549 1576 τινὲς
1576 1511 1674 1584 τὴν

102 1602 177 1654 τοῦ
202 1601 404 1675 ἄστρου
442 1602 725 1672 ἐνέργειαν
751 1600 1021 1670 λέγουσιν.

706 1693 1066 1762 Ἀπόκρισις.

156 1786 255 1840 Καὶ
306 1785 435 1850 πῶς
479 1786 527 1839 εἰ
573 1784 825 1856 ἐπταχῶς
860 1785 1145 1858 διαιρεῖται
1187 1784 1566 1858 ήοίκουμένη,
1610 1786 1672 1839 ὲν

102 1879 183 1949 μιᾷ
202 1879 378 1951 μερίδι
398 1878 629 1941 πολλοὺς
653 1880 747 1931 καὶ
767 1878 1054 1949 διαφόρους
1082 1877 1279 1949 νόμους
1307 1879 1666 1950 εὐρίσκομεν;

101 1973 175 2024 7.1".
208 1970 328 2025 οὔτε
387 1971 531 2024 ἑπτὰ
577 1969 738 2040 μόνον
767 1970 908 2023 κατὰ
965 1971 1091 2033 τοὺς
1130 1969 1389 2040 ἀστέρας,
1419 1968 1542 2022 οὔτε
1589 1968 1671 2032 δὶς

98 2064 145 2128 ἐξ
167 2064 297 2117 κατά
320 2062 458 2126 τοὺς
487 2061 748 2125 ζωδικοὺς
776 2061 911 2130 (58),
940 2061 1050 2114 οὐδ’
1080 2057 1147 2115 αὖ
1188 2060 1348 2116 πάλιν
1376 2060 1670 2132 τριάκοντα

98 2154 144 2217 ζξ
171 2152 307 2206 κατά
324 2154 463 2215 τοὺς
489 2150 749 2214 δεκάνους
781 2150 918 2220 (59),
943 2149 1079 2204 ἀλλά
1105 2148 1285 2221 μυρίοι
1314 2148 1673 2219 μνημονεύονο

96 2264 167 2300 ται
203 2246 382 2316 νόμοι,
425 2243 595 2298 πάλαι
628 2241 1009 2313 ἀμειφθέντες,
1049 2242 1144 2295 καὶ
1172 2237 1269 2294 νῦν
1311 2240 1663 2311 ὑπάρχοντες.

98 2338 200 2399 Πῶς
227 2336 281 2388 δὲ
315 2337 381 2388 ὲν
410 2333 593 2403 ταυτῷ
623 2336 869 2404 τμήματι
914 2331 1041 2394 τοὺς
1086 2330 1538 2402 ἀνθρωποδόρους
1569 2330 1668 2383 Ἰν-

97 2427 212 2491 ὅοὺς,
243 2428 339 2479 καὶ
369 2427 503 2488 τοὺς
532 2424 792 2495 ἐμψύχων
830 2422 925 2476 καὶ
954 2420 1135 2493 θοίνης
1162 2421 1377 2492 ἀπάσης
1406 2420 1672 2492 ἀπεχομέ-

97 2537 197 2583 νους
241 2518 601 2589 Βραχμαίους
652 2513 934 2578 οἰκοῦντας
962 2512 1213 2585 ὁρῶμεν;
1264 2513 1382 2577 πῶς
1432 2514 1489 2566 δὲ
1529 2516 1578 2566 οἱ
1612 2514 1671 2567 ὲν

99 2610 353 2663 Βαϐυλῶνι
402 2611 525 2663 ὅποι
567 2608 611 2661 δ’
653 2608 718 2662 ἂν
768 2608 1046 2676 γίνωνται,
1101 2608 1164 2678 τῇ
1220 2604 1516 2677 μιαιγαμία
1562 2605 1670 2658 τῶν

95 2700 323 2773 ὁμαίμων
362 2698 687 2772 παροινοῦσι
712 2717 727 2766 ;
765 2697 881 2762 πῶς
906 2699 950 2753 δ’
975 2699 1033 2751 ἐν
1054 2698 1225 2769 ἑτέρῳ
1245 2697 1493 2767 τμήματι
1517 2696 1669 2761 ὄντες

96 2797 134 2846 oi
159 2793 460 2863 Σκλαυηνο)⁸
488 2790 582 2845 καὶ
621 2791 942 2853 Φυσωνίται,
976 2792 1023 2843 oi
1053 2790 1149 2844 καὶ
1188 2788 1469 2842 Δανούϐιοι
1499 2806 1669 2860 προσ-

96 2887 489 2956 αγορευόμενοι,
544 2882 594 2936 oi
640 2884 738 2954 μὲν
782 2881 1441 2953 γυναικομαστοὸοροῦσιν
1475 2880 1666 2953 ἡδέως,

93 2980 164 3033 διὰ
188 2980 240 3031 τὺ
266 2975 670 3049 πεπληρῶσθαι
701 2973 795 3029 τοῦ
834 2974 1129 3044 γάλακτος,
1164 2973 1317 3045 μυῶν
1345 2972 1501 3044 δίκην
1543 2975 1670 3037 τοὺς

95 3072 399 3136 ότιοτίτθους
444 3072 570 3134 ταῖς
613 3069 843 3142 πέτραις
895 3067 1324 3138 ὲπαράττοντεςο
1373 3065 1422 3118 oi
1469 3064 1527 3118 δὲ
1574 3065 1670 3119 καὶ

92 3164 175 3233 τῆς
204 3146 453 3234 νομίμης
475 3161 571 3216 καὶ
593 3159 918 3231 ἀδιαὸλήτου
966 3156 1305 3230 κρεωὸορίας
1334 3156 1665 3228 ἀπέχονταις

94 3253 169 3307 καὶ
190 3254 237 3307 οί
267 3254 376 3325 μὲν
415 3252 753 3324 ὑπάρχουσιν
809 3249 1079 3315 αὐθάδεις,
1127 3249 1438 3320 αὐτόνομοι,
1466 3249 1668 3318 ἀνηγε-

95 3346 343 3415 μόνευτοι,
374 3344 614 3415 συνεχῶς
643 3342 1012 3415 ἀναιροῦντες,
1046 3341 1449 3412 συνεσθιόμενοι
1475 3340 1509 3411 ἦ
1548 3356 1670 3393 συν-

91 3438 372 3503 οδεύοντες,
403 3438 512 3491 τῶν
538 3435 687 3507 σφῶν
707 3436 953 3508 ἡγεμόνα
982 3437 1076 3490 καὶ
1099 3434 1355 3507 ἄρχοντα,
1378 3433 1671 3497 ἀλώπεκας

92 3530 169 3582 καὶ
197 3530 295 3593 τὰς
322 3528 484 3601 ὲνδρύ
494 3544 625 3599 μους
647 3526 854 3590 κάττας
877 3525 971 3580 καὶ
1003 3526 1220 3597 μονιοὺς
1252 3523 1543 3587 ἐσθίοντες,
1574 3520 1670 3575 καὶ

91 3627 142 3694 τῇ
173 3623 356 3677 λύκων
402 3622 591 3693 ὠρυγῇ
646 3620 786 3689 σφᾶς
840 3618 1340 3691 προσκαλούμενον
1374 3618 1424 3671 oi
1470 3616 1528 3670 δὲ
1574 3616 1672 3670 καὶ

92 3715 416 3785 ἀδδηφαγίας
446 3713 761 3783 ἀπέχονται,
789 3710 885 3765 καὶ
927 3709 1009 3782 τῷ
1050 3709 1267 3781 τυχόντι
1301 3707 1669 3778 ὑποταττόμε-

90 3822 158 3859 νοι
184 3807 276 3860 καὶ
316 3803 637 3869 ὑπείκοντες
655 3821 671 3872 ;

146 4004 252 4057 Καὶ
302 4002 475 4065 πολὺς
513 4002 542 4054 ὁ
585 4001 746 4070 λόγος
791 4001 919 4071 περὶ
950 3999 1402 4071 Λογγουόάρδων,
1438 4000 1531 4053 καὶ
1566 3998 1671 4053 Νόο

91 4111 202 4164 ρων,
227 4095 325 4148 καὶ
353 4094 571 4148 Γάλλων
611 4092 719 4146 τῶν
753 4091 1045 4164 ἐσπερίων,
1081 4090 1189 4145 τῶν
1227 4091 1532 4163 Ἐρμαῖκῆς
1574 4092 1669 4145 καὶ

89 4186 352 4257 Κρονικῆς
381 4183 755 4256 ἀμοιροῦντων
780 4185 1087 4255 ἐπιστήμης
1107 4182 1217 4235 τῶν
1242 4181 1477 4251 ἄστρων.
1504 4181 1667 4235 Πόσοι

89 4274 315 4345 βασιλεῖς
350 4279 442 4330 καὶ
472 4278 729 4348 ἄρχοντες
764 4277 1085 4346 παρήγαγον
1114 4274 1239 4337 τοὺς
1269 4272 1456 4336 κακῶς
1484 4273 1667 4343 κειμέ-

87 4366 198 4429 νους
227 4367 450 4438 νόμους,
485 4366 637 4418 αὐτοὶ
668 4364 729 4418 τὸ
779 4364 971 4418 δοκοῦν
1024 4363 1472 4435 νομοθετοῦντεςῑ
1528 4363 1560 4435 ἢ
1597 4358 1664 4417 αὖ

88 4457 236 4511 πάλιν
260 4458 391 4519 τοὺς
424 4455 740 4526 κρείττονας
769 4456 818 4508 oi
852 4454 1081 4508 ἐναντίοι
1110 4453 1418 4520 ἀπώσαντο,
1452 4453 1543 4507 ὑπ’
1570 4453 1663 4506 οὒς-

87 4547 222 4615 δενδς
248 4548 361 4601 τῶν
386 4547 604 4620 ἄστρων
629 4546 766 4619 πρὸς
791 4545 860 4599 τά
883 4544 1170 4617 αἱρεθέντα
1196 4546 1501 4617 εἰργόμενοι
1523 4548 1535 4599 l
1574 4546 1672 4600 Ἓν

84 4636 136 4690 δὲ
156 4639 321 4708 φάναι
356 4635 638 4708 βούλομαι.
668 4636 698 4690 δ
730 4637 824 4691 καὶ
849 4637 957 4690 τῶν
980 4637 1225 4689 ἀπίστων
1258 4636 1473 4691 πάντων
1498 4638 1671 4709 ἀπορ-

87 4728 236 4798 ρἀει
280 4727 352 4781 τά
400 4726 678 4797 στόματα’
723 4725 965 4780 Ἰουδαῖοι
1017 4724 1218 4788 πάντες
1255 4724 1345 4777 τὸν
1385 4724 1474 4780 διὰ
1511 4726 1674 4778 Μωῦ·

86 4818 217 4883 σέως
241 4819 530 4887 δεξάμενοι
553 4817 739 4888 νόμον,
773 4818 881 4870 πᾶν
902 4816 1071 4888 ἄρρεν
1114 4814 1331 4884 λογικὸν
1366 4816 1549 4880 αὐτοῖς
1587 4832 1673 4885 γι-

83 4912 298 4981 νόμενον
338 4915 404 4983 τῇ
436 4910 598 4983 ὀγδόῃ
630 4909 814 4982 ἡμέρᾳ
839 4908 1257 4980 περιτέμνοντες
1295 4910 1668 4980 αἱμάττουσιν’

84 5002 184 5057 ἀπὸ
217 5005 273 5058 δὲ
329 5003 424 5058 τοῦ
463 5003 679 5070 αἰῶνος,
737 5002 911 5067 οὐδεὶς
948 5002 1220 5073 Ἑλλήνων
1257 5000 1290 5073 ἢ
1332 5002 1671 5073 Χριστιανῶν

84 5096 381 5166 περιτομὴν
411 5094 655 5161 ἐδέξατο*
698 5094 967 5147 πλείστων
1008 5091 1277 5149 Ἰουδαίων
1331 5093 1426 5146 καὶ
1470 5091 1673 5165 Ἐλλή-

83 5205 181 5238 νων
213 5188 305 5241 καὶ
349 5186 692 5258 Χριστιανῶν
740 5186 880 5240 κατά
931 5188 1058 5251 τοὺς
1107 5187 1305 5251 αὐτοὺς
1360 5187 1536 5259 μῆνας
1578 5191 1673 5244 καλ⁸

82 5277 373 5349 ἑϐδομάδας
400 5279 496 5332 καὶ
527 5279 744 5351 ἡμέρας
785 5281 878 5334 καὶ
906 5276 1054 5352 ὥρας
1086 5283 1458 5353 γεννωμένων,
1500 5282 1673 5354 ’Ἄρης

82 5368 111 5437 ἢ
146 5370 353 5443 Ἑρμῆς
384 5373 417 5442 ἢ
446 5371 664 5443 Κύπρις
690 5373 723 5444 ἢ
754 5373 783 5426 ὁ
814 5373 999 5437 λοιπὸς
1036 5373 1308 5445 Ἑλλήνων
1334 5374 1522 5445 μῦθος,
1553 5376 1672 5439 ἐνὸς

82 5462 271 5517 κύκλου
310 5465 741 5537 ἐμπεριέχοντος
794 5466 865 5520 τά
910 5465 1107 5531 πάντα,
1159 5467 1251 5519 καὶ
1302 5467 1528 5538 μηδενὸς
1562 5467 1668 5520 ὑπὸ

79 5554 316 5628 ἀστέρων
370 5556 719 5630 βιαζομένου.
769 5558 844 5612 Οὐ
907 5558 1016 5632 γὰρ
1065 5559 1265 5625 πάντες
1323 5559 1582 5633 Ἕλληνες
1631 5562 1664 5633 ἢ

149 5732 256 5806 (58)
291 5736 616 5806 Ζωδικούς.
650 5737 814 5793 Forte
846 5736 1163 5802 ζωδιακούς.
1204 5737 1361 5794 Eutr.
1612 5764 1613 5767 η

150 5804 257 5883 (59)
316 5805 477 5883 {facit
539 5804 681 5883 τοὺς
733 5808 1045 5883 δεριᾴνους.
1101 5808 1315 5883 Utique.
1372 5810 1665 5867 Duodecim

76 5877 213 5951 enim
239 5877 561 5951 ianmliaco
588 5880 761 5944 signa.
798 5880 949 5950 Signi
981 5890 1162 5934 autem
1187 5877 1457 5950 cujusque
1488 5893 1669 5951 partes

78 5958 109 5994 ει
137 5944 503 6007 Genethliacis
535 5951 759 6019 triginta
799 5944 1132 6027 constitutae,
1164 5967 1227 6006 ac
1255 5944 1381 6009 ἰι-οὲ
1412 5952 1468 6007 in
1488 5944 1667 6011 'dccu-

2214 1020 2737 1081 INTERROGATIO
2775 1025 2888 1084 CX.

1843 1135 2008 1207 Atqui
2032 1151 2156 1191 cum
2208 1135 2319 1193 sint
2362 1148 2572 1209 septem
2623 1141 3067 1213 uniuscujusque
3105 1152 3353 1200 nostrum

1772 1227 2040 1284 nativitati
2068 1228 2347 1299 deputatae
2371 1231 2563 1296 stellae,
2600 1230 2657 1286 in
2690 1240 2903 1303 septem
2940 1235 3127 1305 plagas
3151 1244 3353 1292 terram

1772 1318 2003 1377 divisam
2027 1336 2151 1378 esse
2177 1321 2434 1385 dicimus,
2464 1330 2630 1393 atque
2664 1326 2968 1396 quamlibet
2994 1327 3205 1398 plagam
3248 1343 3351 1398 gu-

1774 1413 1993 1469 bernari
2022 1414 2090 1468 ab
2122 1428 2229 1467 una
2263 1413 2545 1469 stellarum
2570 1416 2808 1483 illarum,
2841 1427 2896 1472 et
2956 1418 3256 1474 secundum
3290 1419 3353 1473 il-

1773 1503 1947 1558 larum
1998 1505 2445 1574 conjunctionem
2497 1506 2626 1562 duci
2679 1515 2734 1562 et
2789 1509 2975 1578 perlici
3028 1511 3352 1581 subjectos:

1774 1608 1939 1664 quam
1961 1592 2343 1650 efﬁcacitatem
2376 1596 2549 1650 stella:
2579 1597 2748 1667 aliqui
2777 1599 2946 1671 legem
2997 1609 3211 1655 vocant.

2411 1687 2720 1759 Responsio.

1851 1776 1907 1832 Si
1934 1776 1990 1832 in
2029 1784 2236 1847 septem
2271 1778 2459 1849 plagas
2488 1779 2752 1835 dividitur
2785 1781 2957 1846 orbis,
2990 1784 3265 1853 quomodo
3296 1787 3353 1840 in

1774 1883 1884 1922 una
1916 1874 2071 1938 parte
2094 1868 2294 1923 multas
2326 1875 2490 1939 atque
2522 1870 2771 1926 diversas
2799 1872 2946 1943 leges
3000 1874 3359 1930 invenimus?

1771 1958 1960 2030 Neque
1985 1968 2192 2031 septem
2228 1960 2389 2015 modo
2412 1963 2709 2017 secundum
2731 1980 3018 2020 numerum
3047 1969 3354 2027 stellarum.

1772 2066 1952 2121 neque
1975 2051 2265 2106 duodecim
2319 2054 2624 2108 secundum
2678 2056 2886 2109 zodiaci
2945 2059 3122 2127 signa,
3179 2074 3357 2128 neque

1772 2141 1898 2196 item
1926 2142 2147 2213 triginta
2176 2158 2268 2198 sex
2305 2144 2608 2200 secundum
2635 2144 2899 2211 decanos,
2935 2149 3028 2202 sed
3058 2148 3359 2204 innumera:

1772 2243 2277 2289 commemorantur
2303 2236 2467 2305 leges,
2504 2251 2626 2307 quae
2661 2237 2794 2291 olim
2845 2246 3070 2294 mutatae
3122 2247 3271 2303 sunt,
3304 2250 3359 2295 et

1772 2339 1919 2378 nunc
1971 2325 2177 2396 vigent.
2228 2324 2517 2391 Quomodo
2562 2342 2693 2383 vero
2758 2328 2811 2382 in
2876 2330 3066 2385 eadem
3113 2333 3360 2385 sectione

1771 2416 2255 2487 anthropOphagos
2306 2416 2499 2478 Indos.
2552 2426 2607 2471 et
2661 2418 2729 2473 ab
2784 2419 3043 2476 animatis
3103 2422 3362 2491 omnique

1771 2507 2105 2563 mactatione
2137 2509 2478 2564 abstinentes
2521 2508 2896 2566 Brachmanes
2946 2512 3195 2568 habitare
3238 2529 3363 2569 cer-

1771 2597 2315 2664 nimus?Quomodo
2342 2600 2629 2671 Babylonii
2677 2602 2824 2655 misti
2877 2603 3102 2670 pollutis
3153 2606 3361 2677 nuptiis

1771 2690 2309 2759 consanguineorum
2365 2692 2648 2747 delirant?
2705 2693 2811 2747 Aut
2855 2695 3131 2763 quomodo
3176 2696 3231 2748 in
3275 2710 3364 2750 se-

1772 2781 1954 2836 ctione
1987 2782 2093 2835 alia
2125 2782 2373 2852 ejusdem
2411 2791 2618 2838 tractus
2660 2783 2905 2840 Sclaveni
2954 2794 3007 2841 et
3046 2784 3363 2858 Pliysonita:

1771 2874 1942 2942 quiet
1978 2874 2289 2930 Danubiani
2342 2876 2713 2946 appellantur,
2772 2877 2865 2931 alii
2916 2878 3137 2948 quidem
3193 2872 3373 2934 ubera

1771 2967 2065 3024 mulierum
2117 2969 2354 3025 libenter
2417 2969 2752 3035 comedunt,
2808 2971 2954 3041 quod
3004 2972 3164 3042 plena
3219 2972 3366 3027 lacte

1772 3060 1997 3127 fuerint,
2024 3062 2205 3117 instar
2242 3061 2482 3117 murium
2530 3061 2772 3119 infantes
2834 3064 2986 3118 saxis
3035 3062 3360 3127 allidentes;

1779 3153 1874 3207 alii
1897 3168 2029 3210 vero
2056 3154 2220 3209 etiam
2253 3168 2283 3207 a
2326 3153 2571 3224 legitimo
2620 3161 2677 3208 et
2724 3153 3191 3223 irreprehensibili
3239 3168 3365 3207 car-

1774 3246 1927 3299 nium
1952 3260 2048 3301 esu
2076 3244 2358 3300 abstinent
2384 3245 2407 3299 τ
2441 3243 2546 3311 Qui
2570 3260 2762 3300 eorum
2787 3245 2878 3299 alii
2912 3244 3187 3315 praefracti
3208 3254 3362 3309 sunt,

1777 3354 1878 3395 suo
1912 3338 2039 3409 jure
2069 3338 2317 3394 viventes
2356 3339 2565 3410 absque
2614 3338 2941 3408 cujusquam
2993 3337 3247 3408 imperio,
3298 3353 3365 3391 ac

1776 3444 2176 3499 nonnunquam
2226 3429 2605 3486 comedentem
2653 3442 2840 3484 secum
2888 3429 2971 3483 vel
3013 3427 3117 3482 iter
3159 3426 3367 3482 facien-

1776 3530 1885 3579 tem
1923 3523 2226 3595 principem
2262 3539 2423 3580 suum
2478 3520 2892 3585 interﬁcientes,
2942 3521 3134 3591 vulpes
3174 3528 3225 3575 et
3269 3521 3367 3576 sil.

1775 3628 1990 3674 vestres
2048 3617 2182 3674 feles
2235 3631 2543 3688 porcosque
2589 3614 2964 3681 comedentes,
3004 3623 3059 3670 et
3111 3614 3365 3685 luporum

1778 3712 1989 3767 ululatu
2017 3727 2077 3767 se
2101 3718 2498 3782 provocantes;
2532 3709 2622 3763 alii
2664 3722 2798 3763 vero
2845 3722 2875 3761 a
2919 3707 3225 3763 voracitate
3264 3705 3365 3759 ab-

1775 3800 2003 3865 stinent,
2062 3808 2117 3855 et
2172 3799 2349 3855 cuivis
2396 3798 2632 3870 principi
2678 3811 2739 3853 se
2813 3797 3178 3870 subjicientes
3229 3797 3369 3852 obe-a

1775 3892 1933 3947 diunt
1966 3891 1990 3944 ἲ

1845 4003 2010 4058 Multa
2055 4008 2204 4057 certe
2248 4012 2749 4057 commemorantur
2788 4002 2856 4057 de
2893 3999 3275 4071 Longobardis
3309 4005 3367 4054 et

1772 4095 1935 4151 Noris
1984 4102 2039 4150 et
2087 4094 2260 4150 Gallis
2322 4094 2784 4159 occidentalibus,
2839 4104 3100 4164 tanquam
3158 4091 3365 4163 ignaris

1773 4184 2114 4241 Mercurialis
2138 4191 2192 4239 et
2224 4184 2537 4240 Saturninre
2565 4186 2633 4240 de
2680 4186 2847 4243 astris
2901 4183 3166 4241 scientiae.
3216 4182 3364 4250 Quot

1772 4291 1931 4349 reges
1960 4282 2016 4331 et
2062 4275 2341 4346 principes
2400 4276 2744 4331 sustulerunt
2808 4276 2950 4331 male
3012 4275 3150 4330 latas
3196 4275 3363 4345 leges,

1773 4366 1877 4437 ipsi
1908 4381 2007 4422 sua
2039 4364 2240 4436 placita
2275 4365 2626 4421 sancientes?
2656 4374 2751 4421 aut
2779 4382 2809 4422 e
2832 4366 3071 4430 diverso,
3107 4364 3367 4419 meliores

1773 4457 2138 4527 repudiarunt
2167 4457 2237 4511 ab
2262 4456 2349 4512 his
2382 4455 2613 4522 diversi,
2642 4472 2670 4511 a
2705 4457 2861 4512 nullo
2893 4464 3047 4513 astro
3078 4456 3133 4510 in
3176 4456 3367 4510 decre~

1779 4550 1852 4607 tis
1896 4547 2000 4606 sibi
2050 4549 2270 4619 placitis
2307 4549 2598 4620 impediti?
2644 4549 2824 4607 Unum
2867 4558 3049 4603 autem
3087 4546 3363 4618 proferam

1772 4641 1919 4712 quod
1948 4640 2363 4697 incredulorum
2395 4641 2641 4696 omnium
2704 4655 2799 4695 ora
2849 4639 3009 4710 quasi
3057 4639 3213 4708 alapa
3257 4652 3365 4690 ca:-

1770 4732 2091 4792 det:Juda:i
2129 4748 2321 4790 omnes
2348 4734 2466 4804 lege
2496 4747 2663 4803 quam
2712 4731 2893 4787 Moses
2940 4730 3065 4784 tulit
3118 4734 3360 4797 recepta,

1770 4840 1984 4884 omnem
2014 4825 2186 4881 fetum
2215 4840 2418 4880 marem
2452 4825 2776 4895 participem
2811 4822 3045 4878 rationis
3084 4822 3220 4891 ipsis
3261 4835 3361 4874 na.

1775 4929 1914 4984 tum,
1948 4930 2142 4975 octavo
2182 4918 2269 4973 die
2299 4917 2783 4980 circumcidentes,
2836 4916 3106 4986 sanguine
3137 4913 3366 4985 perfun-

1772 5013 1930 5069 dunt.
1974 5015 2019 5067 A
2043 5013 2245 5069 szeculo
2270 5020 2452 5067 autem
2500 5011 2685 5065 nullus
2721 5010 3037 5065 Cra-corum
3071 5016 3169 5062 aut
3214 5007 3367 5063 Chria

1771 5107 2080 5164 stianorum
2137 5104 2617 5160 circumcisionem
2657 5103 2904 5173 recepit,
2954 5102 3079 5156 licet
3137 5099 3363 5170 plurimi

1768 5197 1943 5253 Judaei
1977 5206 2031 5253 et
2055 5196 2231 5252 Graeci
2284 5206 2337 5251 et
2382 5193 2682 5250 Christiani
2730 5194 2927 5249 iisdem
2975 5193 3260 5249 mensibus
3310 5200 3367 5249 et

1771 5289 2212 5346 hebdomadibus
2242 5297 2298 5344 ct
2331 5288 2529 5343 diebus
2563 5295 2616 5342 et
2666 5286 2820 5344 horis
2868 5287 2985 5341 nati
3032 5287 3166 5342 sint.
3218 5285 3365 5342 Nihil

1771 5396 1903 5452 ergo
1933 5379 2078 5436 Mars
2106 5379 2237 5435 facit
2272 5389 2365 5435 aut
2392 5379 2722 5446 Mercurius,
2755 5387 2849 5435 aut
2884 5378 3092 5443 Venus,
3141 5387 3237 5433 aut
3279 5395 3367 5435 re-

1776 5473 1924 5539 liqua
1955 5472 2270 5528 Grmcorum
2297 5472 2509 5539 fabula,
2540 5487 2649 5528 uno
2694 5472 2907 5527 circulo
2958 5471 3362 5541 complectente

1775 5564 2010 5621 omnia:
2052 5564 2350 5636 nullusque
2402 5566 2472 5621 ab
2528 5566 2701 5620 astris
2763 5564 2817 5619 vi
2871 5564 3106 5636 cogitur.
3167 5562 3363 5618 Annon

1776 5742 1888 5798 rias
1945 5742 2206 5815 tributae:
2237 5758 2481 5815 quarum
2513 5743 2809 5815 principes,
2882 5742 3102 5815 Decani,
3151 5756 3214 5815 ex
3252 5738 3366 5815 Βο⁴

1776 5813 2180 5938 ωοιιιιξῖιηίιίιίαι
2216 5813 2316 5871 uSu
2340 5813 2607 5871 nominati
2638 5834 2652 5872 ;
2684 5813 2875 5870 omnes
2893 5814 3118 5885 proinde
3139 5814 3360 5885 triginta

1777 5900 1891 5938 sex.
1978 5901 2119 5938 ιωιιι.

1777 5900 1891 5941 δεχ.
1936 5900 2119 5939 γιωιιι.
