3806 6514
22 444 73 503 39
1266 434 1615 494 DIALOGUS
1670 435 1737 491 ll.

21 567 190 639 ορικαῖς
221 559 398 630 ὁρμαῖς
441 554 790 627 κεχρημέναο
846 557 981 628 ὅπερ
1031 558 1224 628 μανίας
1275 559 1510 630 ὑπάρχει

22 661 66 713 αὶ
108 651 270 713 ἀνοίας
318 647 561 718 ἐσχάτης,
613 648 706 700 τὸν
761 650 1101 721 Δημιουργὸν
1151 651 1509 722 βλασφημεῖν,

21 751 65 805 αὶ
91 746 180 800 τῶν
207 740 411 811 ἀψύχων
437 738 886 808 καταψεύδεσθαι.

47 838 151 901 Πῶς
181 834 228 887 δὲ
261 834 305 886 οἱ
351 829 482 900 κριῷ
529 831 625 900 τὴν
678 833 890 899 γένεσιν
935 833 1179 903 ἔχοντες,
1217 834 1360 887 ούλοὶ
1419 831 1512 886 καὶ

22 927 198 1002 αροποὶ,
234 923 320 976 καὶ
351 925 734 992 προαιρετικοὶ,
770 925 864 977 καὶ
892 927 1229 996 ποριστικοί;
1265 925 1512 996 ὐρῶμεν

21 1021 178 1082 πολλοὺς
203 1016 377 1078 αὐλοὺς
407 1013 503 1084 μὲν
531 1014 629 1086 τήν
668 1017 849 1087 τρίχα,
897 1018 1130 1086 τυφλοὺς
1172 1019 1230 1072 δὲ
1275 1019 1368 1073 καὶ
1413 1019 1514 1072 οὐκ

21 1111 234 1182 Βπόρους,
281 1107 397 1160 ούδέ
449 1109 895 1178 προαιρετικοὺς,
945 1109 1058 1163 ἀλλ’
1123 1111 1366 1182 ίταμοῦς,
1419 1111 1513 1164 καὶ

21 1203 256 1273 θσπόρους,
279 1198 368 1252 καὶ
387 1199 527 1269 ρυπή
538 1216 699 1270 μονας
719 1200 852 1270 (64),
872 1201 967 1254 καὶ
991 1200 1326 1272 ρακοφόρους
1353 1201 1454 1271 ἀγύ
1465 1219 1515 1273 ρ-

21 1312 76 1359 ις,
104 1293 256 1362 θύραν
284 1291 345 1342 ἐκ
377 1289 546 1362 θύρας
578 1290 922 1362 ἀμείϐοντας,
955 1291 1055 1361 τῆς
1087 1293 1365 1364 ἐφημέρου
1397 1310 1516 1365 τρο-

21 1389 70 1459 ῆς
89 1387 274 1439 ἕνεκεν.
308 1382 428 1447 Πῶς
458 1382 513 1435 δὲ
538 1384 586 1436 οἱ
617 1382 885 1454 φαλακροὶ
916 1382 948 1454 ἢ
985 1385 1078 1436 καὶ
1125 1383 1442 1453 ἁπλόκομοι,
1477 1384 1510 1455 ἢ

21 1476 255 1548 ασλυωποὶ
291 1475 547 1528 τάναντία
576 1474 796 1545 έχουσι,
841 1474 1070 1527 πλοῦτον
1115 1475 1208 1528 καὶ
1256 1475 1513 1540 ἀφθονίαν

21 1570 56 1624 tl
77 1567 304 1640 ἠρεμίαν,
340 1565 578 1629 σπανίως
604 1569 716 1630 τοῖς
752 1567 926 1635 φίλοις
969 1567 1230 1637 ὁμαίμοις
1270 1584 1518 1638 συναγειο

21 1663 190 1730 ἰμενοι;
222 1659 454 1722 Ποσάκις
505 1658 561 1710 δὲ
599 1659 699 1730 τῆς
742 1661 970 1732 ἡμέρας,
1011 1660 1042 1731 ἢ
1084 1660 1182 1731 τῆς
1213 1661 1426 1725 νυκτὸς,
1465 1661 1516 1714 οἱ

21 1750 65 1802 ὒν
95 1748 362 1819 βασιλικῶν
388 1748 652 1816 γενέσεων
697 1749 1080 1802 ἀποτελοῦνται
1115 1749 1510 1820 σχηματισμοίῑ

21 1845 46 1896 ἀ
63 1841 105 1894 τί
131 1839 198 1911 μὴ
223 1841 304 1908 ἐφ’
331 1840 568 1910 ἑκάστης
593 1839 884 1908 γεννῶνται
915 1841 1181 1911 βασιλεῖς;
1209 1841 1242 1912 ἢ
1273 1842 1387 1905 πῶς
1409 1842 1515 1895 πά-

21 1953 40 1985 ν
74 1931 315 2004 πατρικαὶ
363 1931 548 1996 αὐτοῖς
590 1933 921 2004 ὑπάρχουσιν
975 1935 1032 1988 αἱ
1089 1933 1190 2004 τῆς
1240 1932 1514 2003 βασιλείας

21 2025 201 2096 ιδοχαίς
236 2024 307 2077 Ού
332 2023 504 2094 δήπου
551 2025 662 2096 γὰρ
701 2027 932 2091 ἕκαστος
975 2027 1086 2081 τῶν
1117 2026 1383 2097 βασιλέων
1412 2043 1519 2079 πα-

21 2116 369 2188 ιτετηρημένος
405 2119 485 2180 είς
517 2116 580 2170 τὸ
611 2117 889 2188 βασιλικὸν
929 2119 1038 2173 τῶν
1085 2120 1302 2191 ἄστρων
1332 2117 1520 2189 σχῆμα

21 2211 156 2280 ὶτῆς
189 2210 320 2280 πρὸς
349 2208 446 2280 τὴν
490 2210 719 2282 σύμϐιον
757 2212 1040 2277 κοινωνίας
1080 2212 1172 2266 τοῦ
1214 2212 1519 2283 ἐναρμόσαι

21 2303 60 2363 5;
87 2319 162 2354 τε·
193 2301 312 2355 οὔτε
347 2302 454 2372 γάρ
500 2320 586 2366 τις
622 2303 810 2374 κύριος
849 2302 942 2357 τοῦ
980 2303 1244 2358 τοιούτου.
1275 2303 1398 2367 Πῶς
1426 2297 1521 2356 οὖν

21 2391 134 2456 ιζίας
169 2394 194 2446 ὁ
240 2391 493 2462 βασιλεὺς
546 2393 802 2462 ἐγέννησε
849 2395 940 2447 τὸν
999 2392 1234 2463 Ἰωαθάμ
1277 2392 1518 2463 βασιλέα,

21 2483 184 2552 ωαθάμ
209 2481 261 2535 δέ
290 2483 379 2536 τὸν
417 2481 608 2552 Ἀχάζ,
651 2484 818 2554 Ἀχὰς
844 2485 896 2538 δὲ
934 2484 1023 2538 τὸν
1059 2483 1330 2549 Ἐζεκίαν,
1369 2477 1521 2546 οὗτος

37 2576 112 2628 τὸν
139 2576 452 2644 Μανασσῆν,
481 2569 640 2640 οὗτος
671 2576 728 2629 δὲ
759 2577 852 2630 τὸν
896 2575 1138 2646 Ἀμμὼς,
1165 2569 1320 2640 οὗτος
1344 2577 1401 2629 δέ
1431 2576 1520 2628 τὸν

22 2667 173 2733 ωσίαν,
220 2660 372 2730 οὗτος
427 2669 488 2722 δὲ
546 2669 638 2722 τὸν
683 2667 930 2739 ἰωαχάζ,
982 2669 1220 2731 ἕκαστος·
1273 2667 1522 2738 βασιλεὺς

21 2758 184 2824 mitia;
234 2758 327 2811 καὶ
376 2759 558 2822 οὐδεὶς
604 2761 662 2811 ἐν
725 2759 908 2822 αὐτοῖς
945 2758 1186 2828 οἱκετικῇ
1239 2758 1522 2828 συνέτυχεν

21 2867 66 2920 »ᾳ
88 2851 396 2921 γεννήσεως.
435 2853 676 2906 Ἔπειτα
703 2853 750 2904 εί
783 2853 877 2905 καὶ
905 2850 1011 2903 τῶν
1038 2849 1176 2903 κατὰ
1203 2850 1400 2904 κακίαν
1429 2851 1524 2902 καὶ

21 2943 136 3012 ιετήν
167 2943 562 3015 ἐνεργημάτων
599 2945 700 2998 οὐκ
728 2943 792 2997 ὲκ
824 2943 931 2996 τῶν
965 2944 1048 3011 ἐφ’
1079 2944 1212 3013 ἡμῖν
1245 2942 1524 3014 ὑπάρχου-

21 3037 114 3086 rei
146 3035 325 3105 ἀρχαὶ,
375 3035 494 3088 ἀλλ’
535 3038 604 3089 ἐκ
655 3037 753 3107 τῆς
804 3036 1109 3106 γεννήσεως
1161 3035 1218 3088 αἱ
1267 3035 1521 3104 ἀνάγκαι,

27 3127 171 3198 ριττοὶ
198 3127 294 3198 μὲν
318 3128 368 3180 οἱ
397 3127 690 3198 νομοθέται
723 3127 790 3181 τὰ
818 3124 1006 3197 αἱρετὰ
1033 3126 1127 3178 καὶ
1160 3125 1364 3194 φευκτά
1393 3127 1524 3196 ήμῖν

22 3216 218 3281 ίζοντες,
256 3217 509 3288 περιττοὶ
569 3216 625 3270 δὲ
679 3218 728 3270 oi
778 3217 1029 3270 δικασταὶ
1074 3215 1275 3287 ἀρετὴν
1307 3233 1524 3286 μετατι-

21 3309 143 3370 ivre;
158 3310 310 3381 (δέ’),
330 3309 538 3363 κακίαν
551 3309 608 3362 δὲ
630 3307 966 3373 κολάζοντες.
981 3307 1056 3362 Ού
1071 3307 1178 3380 γὰρ
1191 3306 1282 3360 τοῦ
1297 3307 1526 3361 κλέπτου

21 3400 96 3454 τοῦ
124 3402 320 3470 φονέως
369 3401 432 3454 τὸ
481 3399 754 3470 ἀδίκημα,
802 3393 883 3460 οἷς
918 3415 983 3467 γε
1027 3398 1149 3451 οὐδὲ
1189 3397 1528 3467 βουλομένοις

25 3496 153 3544 ατεῖν
174 3493 271 3564 τῆς
304 3493 493 3564 χειρὸς
537 3485 648 3544 οἷόν
695 3509 775 3558 τε,
801 3490 889 3544 διὰ
912 3491 1010 3561 τὴν
1038 3489 1132 3542 ἐπὶ
1168 3489 1267 3553 τὰς
1302 3488 1529 3560 πράξεις

22 3587 354 3653 τεπείγουσαν
398 3585 605 3648 αὐτοὺς
646 3583 1027 3655 ἀστρονομίαν,
1060 3584 1154 3636 καὶ
1186 3582 1286 3654 τὴν
1328 3583 1392 3634 ἐκ
1427 3582 1526 3652 τῆς

21 3678 264 3748 ιαρμένης
297 3679 553 3747 ἀνάγκην
589 3674 955 3744 ἐπικειμένην.

3087 414 3193 478 οῦθ

1616 557 1903 630 potestatis
1935 555 2174 611 motibus
2208 552 2413 607 utentia
2447 572 2460 606 :
2493 551 2543 606 id
2579 549 2722 620 quod
2753 556 3008 604 extremae
3041 545 3193 599 insa-

1613 655 1718 706 niae
1762 661 1923 721 atque
1965 647 2252 704 dementiae
2296 645 2479 706 fuerit,
2527 658 2649 696 cum
2697 639 3028 711 blaSphemia
3063 652 3193 691 con-

1608 743 1860 814 junctum
1896 739 2126 811 opiﬁcis,
2153 746 2353 793 etcum
2391 733 2675 788 mendacio
2698 733 2765 786 de
2792 731 3126 785 inanitnatis.

1685 832 1970 901 Quomodo
1999 839 2201 892 autem,
2244 827 2336 897 qui
2369 825 2434 880 ad
2472 823 2708 878 Arietem
2753 836 2908 875 suam
2934 819 3194 874 nativita-

1615 930 1724 982 t'em
1756 923 2024 984 referunt,
2057 919 2225 987 crispi
2251 926 2305 972 et
2338 915 2588 986 gratiosi,
2620 921 2674 966 et
2710 913 2894 965 liberae
2941 912 3197 966 volunta-

1618 1017 1710 1079 tis;
1742 1023 1796 1069 et
1825 1013 2023 1068 divites
2047 1007 2221 1065 sunt?
2250 1005 2515 1060 Videmus
2545 1004 2747 1056 multos
2767 1002 2986 1070 quidem
3022 1000 3194 1054 crini-

1615 1108 1720 1164 bus
1754 1105 1974 1176 crispis,
2012 1102 2105 1172 qui
2139 1109 2322 1154 tamen
2359 1097 2490 1150 caeci
2521 1103 2649 1149 sunt
2680 1102 2734 1147 et
2787 1091 3012 1145 minime
3062 1089 3196 1145 divi-

1617 1208 1721 1262 tes,
1756 1212 1936 1268 neque
1972 1195 2142 1248 libera
2172 1189 2385 1262 praediti
2442 1183 2748 1242 voluntatis
2771 1182 3057 1244 electione,
3097 1179 3195 1235 sed

1617 1289 1873 1361 improbi,
1905 1286 1970 1341 ad
2007 1291 2275 1356 quzestum
2307 1278 2614 1334 faciendum
2646 1275 2838 1345 inepti.
2878 1283 2929 1328 et
2963 1270 3193 1331 sordidi.

1615 1390 1669 1438 et
1706 1377 1963 1452 pannosi,
1992 1385 2045 1430 et
2065 1369 2516 1431 circtttnl‘oranei,
2556 1366 2647 1437 qui
2677 1367 2906 1435 januant
2951 1377 3078 1417 eum
3119 1362 3199 1430 ja-

1616 1489 1727 1530 nua
1760 1479 1973 1526 mutant
2003 1464 2308 1538 quotidiani
2355 1461 2534 1515 victus
2595 1455 2933 1526 adipiscendi
2997 1453 3195 1524 gratia.

1618 1564 1907 1633 Quomodo
1935 1570 2116 1616 autem
2149 1557 2241 1627 qui
2298 1553 2436 1608 calvi
2494 1557 2643 1616 sunt,
2700 1547 2782 1602 vel
2832 1545 2998 1600 etiam
3045 1544 3200 1598 crine

1619 1657 1854 1728 simplici
1885 1660 1983 1708 aut
2015 1649 2208 1706 hebete
2235 1647 2378 1707 visu,
2410 1644 2684 1697 diversum
2713 1639 2936 1700 habent,
2969 1635 3194 1690 divitias

1615 1751 1877 1806 nimirum
1905 1755 1961 1801 et
1994 1739 2384 1798 abundantiam
2408 1744 2571 1806 atque
2598 1734 2865 1802 quietem,
2900 1745 3030 1784 raro
3063 1745 3188 1784 eum

1620 1843 1814 1898 amicis
1837 1833 2263 1909 consanguineis
2279 1826 2733 1900 congredientes?
2753 1824 2980 1891 Quoties
3005 1830 3190 1875 autem

1622 1936 1710 1990 die
1747 1935 1830 1988 vel
1895 1940 2058 1986 nocte
2109 1926 2384 1996 regiarum
2428 1919 2774 1975 nativitatum
2839 1916 3202 1986 perﬁciuntur

1622 2025 1999 2096 iigurationes,
2022 2034 2194 2090 quare
2226 2030 2333 2071 non
2351 2012 2594 2084 qualibet
2626 2010 2744 2063 vice
2773 2023 2928 2077 rcges
2957 2021 3202 2060 nascun-

1622 2119 1743 2172 tur?
1772 2115 1883 2169 Ant
1915 2110 2193 2184 quomodo
2237 2106 2429 2178 patria:
2481 2103 2616 2173 ipsis
2659 2099 3010 2154 intercedunt
3048 2096 3201 2165 regni

1622 2203 2052 2264 successiones?
2075 2199 2344 2254 Nimirum
2372 2210 2480 2249 non
2512 2191 2691 2261 quivis
2729 2207 2824 2244 rex
2869 2192 3073 2258 regiam
3114 2200 3204 2238 as-

1622 2308 1834 2354 trorum
1907 2292 2285 2366 ﬁgurationem
2344 2303 2441 2357 per
2485 2287 2692 2340 coitum
2747 2296 2873 2337 eum
2942 2287 3205 2334 consorte

1622 2392 1752 2453 tori,
1805 2389 1916 2444 ﬁlio
1983 2382 2364 2456 applicandam
2426 2379 2724 2434 observare
2769 2372 2967 2443 potuit.
3017 2368 3204 2437 Neque

1621 2481 1766 2537 enim
1807 2479 2097 2549 quisquam
2128 2488 2248 2529 eam
2287 2486 2400 2526 rem
2427 2469 2594 2523 habet
2631 2467 2686 2520 in
2753 2470 3021 2535 potestate
3081 2475 3202 2514 sna.

1623 2569 1911 2640 Quomodo
1947 2569 2117 2638 igitur
2145 2563 2308 2620 Ozias
2337 2578 2432 2617 rex
2485 2560 2674 2630 genuit
2718 2556 3072 2610 .loatltamum
3119 2565 3205 2603 re-

1622 2681 1766 2736 gem,
1801 2663 2130 2718 Joathamus
2169 2671 2300 2712 vero
2352 2654 2657 2714 Achaznm,
2707 2648 2962 2702 Achazus
3021 2650 3205 2696 autem

1625 2755 1957 2812 Ezechiam?
1987 2753 2086 2806 llic
2134 2765 2264 2804 vero
2312 2745 2645 2805 Manassem,
2707 2749 2762 2796 et
2824 2741 2872 2793 is
2920 2739 3204 2794 Amosutn,

1625 2850 1715 2903 ille
1749 2863 1878 2902 vero
1907 2844 2136 2904 Josiam,
2172 2842 2262 2895 hic
2299 2846 2482 2892 autem
2522 2833 2878 2892 .ioaehasum,
2915 2825 3210 2897 unusquis-

1624 2957 1732 3012 que
1763 2954 1858 2993 rex
1900 2935 2122 3006 regem?
2151 2942 2212 3006 et.
2242 2931 2465 3002 quidem
2516 2928 2700 2982 nullus
2759 2938 2952 2980 eorum
2987 2921 3041 2974 in
3091 2934 3208 2974 ser-

1626 3032 1786 3087 vilem
1823 3027 2130 3084 nativitatis
2163 3026 2355 3080 horam
2389 3021 2603 3076 incidit.
2660 3017 2868 3073 Deinde
2895 3015 2940 3070 si
2977 3013 3206 3068 vitiosa-

1627 3139 1748 3177 rum
1777 3128 1832 3176 et
1865 3120 2052 3175 virtuti
2077 3123 2575 3172 consentanearum
2636 3110 2913 3164 actionum
2972 3119 3079 3158 non
3141 3117 3206 3156 ex

1630 3213 1790 3269 nobis
1851 3210 2118 3280 principia
2178 3208 2440 3279 pendent,
2507 3203 2604 3260 sed
2656 3218 2721 3258 ex
2782 3195 3212 3255 necessitatibus

1633 3305 1938 3361 nativitatis
1977 3321 1991 3357 :
2026 3300 2294 3371 superﬂui
2330 3306 2462 3355 sunt
2498 3299 2677 3367 legunt
2720 3293 2926 3348 latores
2957 3289 3047 3358 qui
3085 3301 3209 3341 sec-

1632 3397 1795 3451 tanda
1820 3395 2188 3466 fugiendoque
2218 3392 2378 3447 nobis
2409 3391 2700 3450 deﬁniunt,
2747 3380 3011 3454 supcrﬁui
3064 3377 3215 3447 judi-

1629 3505 1742 3552 ces,
1768 3489 1861 3559 qui
1887 3489 2148 3542 virtutem
2181 3484 2402 3556 quidem
2458 3484 2757 3543 honorant,
2800 3473 3211 3545 improbitatem

1627 3597 1761 3636 vero
1790 3579 2045 3650 puniunt.
2080 3576 2264 3647 Neque
2294 3577 2439 3631 enim
2484 3574 2623 3629 furis
2659 3580 2752 3625 aut
2809 3565 3099 3623 homicida:
3150 3577 3215 3616 ea

1632 3671 1837 3741 injuria
1882 3681 1988 3736 est,
2023 3669 2115 3739 qui
2146 3667 2457 3738 nequidem,
2485 3666 2530 3720 si
2565 3665 2752 3724 velint,
2795 3673 3019 3714 manum
3058 3654 3214 3708 cohi-

22 3783 69 3821 re
101 3775 344 3837 possunt,
379 3775 618 3839 propter
647 3773 932 3838 urgentem
971 3765 1120 3836 ipsos
1163 3765 1231 3819 ad
1279 3777 1342 3820 ea
1383 3747 1557 3828 facta,
1599 3772 1871 3819 astrorum
1920 3763 2092 3833 legem
2115 3801 2128 3826 ,
2164 3768 2218 3816 ct
2252 3769 2473 3831 propter
2515 3755 2823 3826 impositam
2869 3749 2974 3805 sibi
3007 3762 3073 3801 ex
3108 3746 3218 3796 l'ato

21 3859 330 3915 cessitatem.

21 3971 267 4041 Διελέγξω
308 3973 352 4026 δ’
388 3973 601 4036 αὐτοὺς
642 3973 738 4026 καὶ
784 3972 849 4025 ἐκ
893 3971 990 4041 τῆς
1037 3969 1144 4023 τῶν
1189 3967 1530 4040 πραγμάτων

27 4061 165 4114 θόλου
203 4062 534 4132 μεταὸολῆς.
584 4061 698 4130 Πρὸ
750 4060 860 4130 γὰρ
905 4060 1004 4129 τῆς
1047 4057 1365 4130 θεανδρικῆς
1411 4058 1532 4109 ἐπι-

23 4157 262 4224 ιτήσεως,
294 4156 528 4208 πάντων
564 4152 735 4206 ἐθνῶν
760 4149 1260 4221 εἰδωλομανούντων
1281 4190 1293 4212 ,
1323 4150 1414 4201 καὶ
1445 4148 1535 4201 διὰ

21 4262 115 4315 σης
158 4246 472 4316 χορούντων
541 4243 823 4308 ἀσεϐείας,
891 4242 1030 4315 μετά
1078 4243 1178 4312 τὴν
1220 4241 1400 4312 ἄφιξιν
1447 4239 1540 4296 τοῦ

21 4337 212 4409 ἱνδρου,
247 4337 339 4392 διὰ
385 4335 488 4390 τοῦ
525 4334 885 4404 εύαγγελικοῦ
920 4333 1279 4406 κηρύγματος
1331 4335 1363 4405 ή
1408 4333 1543 4405 πρὸς

21 4429 242 4483 δσέϐειαν
298 4431 504 4500 γέγονε
581 4427 894 4500 μεθίδρυσις
954 4441 970 4456 ⁸
1019 4427 1118 4498 τῆς
1181 4424 1389 4497 πλάνης
1447 4425 1544 4496 μὲν

21 4522 175 4578 ποδῶν
227 4522 551 4595 γενομένης
583 4562 598 4583 ,
667 4521 871 4593 ἀρετῆς
933 4519 990 4573 δὲ
1052 4519 1392 4590 τιμωμένης,
1447 4518 1546 4586 τῆς

21 4615 104 4684 τῆς
131 4617 239 4669 τῶν
273 4617 505 4688 ἄστρων
543 4613 812 4685 μενούσης
837 4610 1013 4682 ὄψεώς
1039 4628 1100 4664 τε
1133 4611 1227 4663 καὶ
1264 4610 1504 4671 στάσεως
1522 4647 1537 4673 ,

49 4707 310 4781 Ἑλλήνων
358 4726 420 4762 τε
469 4708 573 4761 καὶ
607 4705 876 4760 Ἰουδαίων
921 4704 1014 4757 καὶ
1059 4702 1226 4757 ἐθνῶν
1272 4701 1540 4754 πλείστων

21 4801 408 4869 ιστραφέντων,
449 4800 553 4852 καὶ
587 4795 808 4869 Χριστῷ
840 4792 1202 4865 συνθεμένων.
1232 4791 1341 4844 Ποῦ
1371 4787 1465 4844 οὖν
1495 4791 1545 4843 οι

21 4887 150 4944 ῶτον
197 4889 732 4959 καταναγκάζοντες
777 4886 973 4949 αὐτοὺς
1007 4884 1235 4952 ἀστέρες
1259 4921 1273 4945 ,
1308 4880 1546 4944 εἰδώλοις

21 4983 272 5038 τνιεῖσθαι
320 4983 478 5056 (65);
533 4981 639 5034 ποῦ
683 4981 737 5033 δὲ
779 4978 1061 5032 λανθάνειν
1111 4976 1328 5029 ἐδόκουν
1365 4974 1414 5027 οἱ
1452 4973 1546 5026 νῦν

24 5073 76 5138 ὸς
120 5074 446 5129 θεοσέϐειαν
494 5072 695 5136 αὐτοὺς
744 5070 1151 5141 ἐπισπώμενοι;
1194 5069 1256 5128 Ei
1303 5067 1359 5120 δέ
1412 5067 1548 5138 μήτε

22 5169 251 5239 αίρεσις,
277 5169 426 5240 μήτε
443 5165 739 5238 προσθήκη
759 5167 824 5235 τῇ
847 5163 1021 5234 χωρία
1054 5161 1164 5234 (66)
1194 5160 1303 5213 τῶν
1333 5161 1549 5232 ἄστρων

21 5275 176 5326 γονεν,
196 5259 436 5320 ἄκοντες
454 5255 895 5327 ὁμολογήσωσιν,
921 5254 1020 5307 οὐκ
1037 5252 1100 5306 ἐκ
1114 5267 1261 5316 τινος
1277 5249 1550 5322 εἱμαρμέ-

21 5351 90 5422 ;ἢ
124 5352 401 5434 ἀνάγκης,
441 5346 702 5420 ἀρετὴνῆ
728 5345 926 5400 κακίαν
979 5343 1394 5416 ἐμϐιοτεύεσθαι
1419 5342 1552 5410 ἢαί-

21 5442 309 5508 ῖσθαι,ἀλλ’
332 5445 403 5496 ἐκ
418 5442 530 5512 τῆς
546 5439 779 5493 ἑκάστου
798 5436 1147 5504 αύτεξουσίου
1179 5435 1550 5508 προαιρέσεως

21 5535 41 5587 l.
79 5537 380 5606 αἱρεθέντα
434 5532 769 5605 χωροῦντος.
810 5531 991 5600 Ὅπερ
1037 5528 1223 5598 σαφῶς
1268 5531 1296 5582 ὁ
1351 5527 1553 5599 ὑψηλὸς

25 5628 224 5697 ριστῶν
271 5626 524 5688 Ἡσαΐας
562 5623 858 5695 διαρρήδην
892 5621 989 5693 βοᾷ
1029 5621 1094 5674 ἐκ
1134 5618 1428 5693 προσώπου
1459 5616 1553 5671 τοῦ

21 5807 120 5871 {Gel
156 5809 589 5878 Ῥυπήμονας.
619 5804 923 5878 Cotcleritts
977 5800 1253 5878 Momm,”
1278 5798 1431 5878 Errl._

21 5896 68 5930 n.
92 5879 178 5943 Ill,
215 5871 518 5950 pagivtiﬁt},
547 5871 798 5950 rescribit
830 5873 1179 5950 puneigtovorg.
1202 5872 1291 5950 Sic
1335 5880 1388 5920 rt
1411 5871 1559 5923 'inl'ra

21 5941 422 6021 tet‘rog.'cf\'ttt
455 5963 566 6018 pro
602 5941 916 6018 ρυπὼμοσιν
949 5941 1076 6014 legit
1115 5941 1457 6013 ρυπεέμοσιν.

1711 3964 1982 4020 Rcl'utabo
2011 3970 2190 4017 autem
2222 3960 2372 4029 ipsos
2407 3956 2569 4011 etiam
2607 3969 2670 4007 ex
2700 3946 3094 4005 universalium
3128 3955 3216 3994 re-

1640 4074 1763 4114 rum
1790 4055 2107 4112 mutatione.
2126 4049 2260 4105 Nam
2282 4063 2404 4105 cum
2421 4053 2546 4100 ante
2561 4042 2854 4098 adventum
2875 4034 3043 4092 divini
3070 4034 3220 4087 illius

1643 4148 1883 4206 hominis
1919 4161 2112 4202 omnes
2153 4149 2340 4213 gentes
2383 4137 2554 4193 cultui
2597 4144 2868 4191 astrorum
2901 4127 3096 4183 deditae
3131 4138 3221 4177 es-

1641 4249 1764 4299 sent
1794 4248 1848 4296 et
1890 4239 1947 4294 in
1983 4236 2131 4293 omni
2163 4231 2474 4288 incederent
2533 4227 2831 4297 impietate,
2871 4228 2993 4291 post
3034 4229 3224 4270 acces-

1642 4348 1762 4388 sum
1806 4329 1976 4386 divini
2011 4324 2272 4387 hominis,
2322 4336 2419 4392 per
2467 4317 2837 4388 evangelicam
2886 4307 3221 4382 praedicatio-

1644 4440 1791 4489 nem,
1839 4422 1905 4477 ad
1937 4420 2192 4492 pietatem
2229 4415 2371 4470 facta
2411 4410 2664 4468 transitio
2695 4414 2802 4469 est,
2844 4403 3070 4460 amolito
3101 4398 3226 4470 qni-

1643 4518 1764 4572 dem
1791 4528 1999 4578 errore,
2030 4511 2234 4566 virtute
2267 4515 2448 4561 autem
2493 4504 2548 4558 in
2584 4500 2761 4573 pretio
2791 4498 2998 4558 habita,
3030 4493 3221 4549 eodem

1647 4617 1922 4663 astrorum
1951 4609 2205 4657 manente
2235 4613 2356 4653 cunt
2390 4601 2616 4666 aSpet-tu
2649 4600 2760 4644 tum
2792 4583 3179 4643 constitutione
3211 4599 3224 4634 :

1648 4713 1714 4753 ex
1759 4694 1998 4757 Graecis,
2050 4700 2105 4748 et
2147 4689 2379 4754 Jndacis,
2424 4694 2477 4741 et
2526 4682 2778 4755 gentibus
2813 4673 3228 4748 quamplurimis

1646 4787 1962 4849 conversis,
2004 4794 2058 4839 et
2096 4782 2316 4836 Christo
2351 4775 2648 4847 adiunctis.
2685 4771 2786 4825 Ubi
2824 4770 2987 4839 igitur
3022 4767 3228 4835 priores

1649 4880 1840 4942 stella,
1872 4892 1993 4946 quae
2019 4874 2284 4944 cogebant
2308 4879 2432 4923 ante
2465 4867 2604 4921 idola
2631 4861 2948 4932 suppliciter
2977 4871 3228 4927 procum-

1647 4971 1814 5028 bere?
1845 4970 1946 5024 Ubi
1989 4969 2206 5022 latitare
2237 4963 2581 5026 videbantur,
2613 4971 2732 5026 quae
2766 4967 2909 5008 nunc
2951 4950 3018 5004 ad
3063 4949 3226 5019 pieta-

1650 5073 1757 5119 tem
1786 5063 1936 5133 ipsos
1961 5057 2315 5131 pertrahunt?
2338 5052 2392 5107 Si
2414 5067 2546 5107 vero
2573 5065 2747 5118 neque
2767 5044 3039 5113 ademptio
3057 5055 3232 5109 neque

1653 5131 1860 5209 additio
1899 5149 2109 5222 regioni
2157 5158 2429 5201 astrorum
2473 5140 2732 5210 contigit,
2777 5137 2861 5190 vel
2912 5133 3066 5188 inviti
3100 5131 3230 5186 intc-

1654 5247 1878 5307 buntur,
1913 5259 2020 5297 non
2051 5255 2117 5294 ex
2143 5237 2327 5306 aliquo
2362 5235 2471 5287 fato
2507 5231 2588 5286 vel
2619 5227 2945 5284 necessitate
2977 5225 3230 5278 virtutem

1654 5338 2126 5408 improbitateth:
2160 5328 2470 5385 viventibus
2513 5322 2678 5378 inseri
2725 5329 2818 5373 aut
2858 5316 3098 5381 decerni,
3139 5315 3233 5369 sed

1658 5448 1722 5487 ex
1756 5426 2188 5497 uniuscujusque
2220 5421 2388 5476 libera
2422 5414 2704 5489 potestatis
2746 5412 3010 5467 electione
3042 5423 3238 5461 mum.-

1662 5539 1931 5595 quetnque
1963 5538 2019 5577 se
2066 5520 2132 5573 au'
2176 5533 2238 5572 ea
2281 5529 2400 5586 qua:
2435 5505 2634 5580 elcgit,‘
2660 5507 2928 5562 conferre.
2981 5500 3035 5555 Id
3089 5498 3234 5570 quod

1665 5616 1954 5673 manifeste
1977 5613 2209 5668 eximius
2241 5607 2534 5665 ostendens
2566 5603 2757 5666 Isaias,
2791 5597 3092 5654 luculenter
3124 5592 3236 5649 cla-

1739 5793 1872 5864 (dt’)
1915 5789 2374 5864 Memrqtcbwsg.
2409 5783 2549 5850 Lege
2581 5781 2682 5864 μὲν
2705 5777 2990 5864 τιμῶντες.
3016 5773 3177 5831 Enn.

1740 5850 2276 5925 i65iinormeioﬁar.
2311 5858 2466 5909 Forte
2492 5853 2831 5925 ποτνιᾶσθαι.
2868 5850 2942 5900 lo.

1747 5921 1854 6006 viiii}
1889 5935 2093 6000 Χαβρίᾳ.
2130 5930 2286 5983 Γῦλις
2320 5925 2524 5998 χτρείξ.
2571 5921 2644 5978 lIl-
