3874 6550
71 429 157 483 097
1446 421 1642 478 DlALO

1757 423 1796 478 S
1833 421 1920 478 III.

70 556 234 610 χύσιν,
280 538 356 601 ὡς
401 537 493 590 ἐπὶ
534 535 691 606 τύπῳ
719 535 826 590 τινὶ
858 535 1266 605 διατεινομένην
1309 531 1384 605 τῷ
1411 533 1634 588 ὑποκει-

70 631 198 700 μένῳ
220 625 314 681 τοῦ
353 627 504 698 ἡλίου
545 627 704 698 δίκην
748 626 978 690 σικύας,
1023 625 1108 679 διὰ
1148 626 1255 678 τῶν
1288 624 1524 678 ἀκτίνων
1570 625 1641 680 τὰ

67 720 183 789 νέφη
216 718 561 787 συνάγοντος,
592 719 688 771 καὶ
720 717 910 788 ὥσπερ
950 716 1187 789 καυτῆρι
1216 715 1294 788 τῷ
1324 714 1513 788 θερμῷ
1540 715 1642 780 τὰς

67 810 332 881 ὐδροχύους
357 809 562 880 φλέὁας
594 794 1071 880 ἀναξηραίνοντος.

631 1083 883 1138 ΠΕΥΣΙΣ
918 1085 1064 1136 PlA'.
1495 1146 1497 1149 _

124 1179 189 1232 Τὸ
231 1178 333 1249 μὲν
384 1176 678 1249 ἀρχέγονον
720 1175 910 1238 σκότος
951 1168 1113 1238 εἶπας
1157 1175 1223 1244 τῇ
1277 1171 1516 1228 διατάσει
1545 1172 1639 1227 τοῦ

65 1270 292 1342 οὔρανίου
323 1269 610 1338 γεγονέναι
640 1262 1099 1338 σώματος,κα“ιεῦ
1129 1264 1242 1337 ἔχει
1268 1267 1397 1336 περὶ
1422 1265 1634 1319 τούτου.

65 1362 170 1422 Πῶς
196 1362 252 1414 δὲ
283 1361 382 1433 τὴν
420 1361 591 1414 νύκτα
620 1360 838 1432 ὁρῶμεν
861 1360 1186 1430 αὐτομάτως
1213 1356 1527 1429 γινομένην,
1551 1359 1641 1411 ού-

65 1456 157 1509 δενὶ
180 1455 330 1526 τύπῳ
346 1454 462 1525 (79)
493 1453 940 1525 ὲκτυπουμένην;

672 1547 1036 1614 Ἀπόκρισις.

133 1641 416 1714 ’Δνωτὲρω
451 1640 549 1712 μὲν
581 1639 674 1694 τὸν
711 1639 842 1711 περὶ
873 1638 1065 1702 νυκτὸς
1087 1636 1408 1692 ἀποδέδωκα
1445 1634 1636 1706 λόγον’

64 1733 256 1805 ἀμυδρᾷ
287 1733 345 1787 δὲ
378 1733 476 1786 καὶ
507 1730 602 1784 νῦν
641 1730 809 1785 εἰκόνι
846 1729 1192 1802 χρησάμενος
1219 1725 1509 1792 ἀποδείξω,
1545 1726 1642 1798 ,μὴ

61 1831 369 1900 αὐτομάτως
412 1827 582 1898 αὐτὴν
623 1826 1010 1889 συνίστασθαι,
1058 1822 1194 1895 μηδὲ
1219 1822 1323 1888 ἔξω
1352 1822 1455 1892 τῆς
1493 1821 1642 1886 θείας

61 1922 238 1992 χειρός.
274 1921 498 1990 ’Ὥσπερ
538 1919 647 1990 γὰρ
695 1920 743 1971 oi
799 1915 998 1988 πύργοι
1047 1915 1152 1969 ὑπὸ
1193 1914 1302 1968 τῶν
1341 1913 1638 1985 οἰκοδόμων

60 2017 381 2087 ἐγείρονται,
427 2014 523 2066 καὶ
559 2011 631 2066 τὰ
665 2009 956 2081 λαξευτὰῆ
994 2006 1240 2080 χωνευτὰ
1263 2007 1367 2061 ὑπὸ
1390 2006 1636 2078 τεχνίτου

59 2107 218 2179 χειρὸς
249 2104 637 2173 διαγλύφεται,
670 2101 738 2156 τὰ
769 2101 824 2154 δὲ
864 2099 1045 2155 αὐτῶν
1086 2098 1511 2170 άποσκιάσματα
1539 2099 1638 2170 οὐχ

61 2197 146 2250 ὑπὸ
174 2196 430 2267 τεχνίτου
469 2192 716 2264 γίνεσθαι
746 2192 986 2262 πέφυκεν
1006 2232 1020 2257 ,
1071 2190 1187 2244 ἀλλ’
1218 2190 1322 2245 ὑπὸ
1369 2189 1477 2244 τῶν
1506 2192 1636 2261 παρ’

60 2290 264 2342 ἐκείνων
315 2287 628 2357 γενομένων
664 2285 1045 2340 ἀποτελεῖται’
1087 2285 1136 2337 εί
1178 2277 1269 2337 οὖν
1305 2283 1400 2337 καὶ
1439 2282 1642 2354 θάτερα

60 2381 294 2450 θατέροις
317 2379 442 2433 τινὰ
466 2377 876 2449 παρυφίσταται
902 2377 1060 2447 τύπῳ
1077 2375 1220 2440 τινὸς
1238 2374 1640 2447 ἐκτυπούμενα,

58 2473 155 2525 ἀλλ’
185 2469 286 2526 οὖν
315 2489 383 2542 γε
419 2473 469 2525 οἱ
507 2471 669 2524 τύποι
703 2471 798 2525 ἀπ’
832 2469 1010 2542 ἀρχῆς
1050 2469 1155 2522 ὑπὸ
1183 2469 1426 2540 τεχνίτου
1461 2469 1644 2540 χειρὸς

57 2567 306 2634 γεγόνασι
322 2582 334 2594 ⁸
357 2564 452 2618 καὶ
479 2565 512 2634 ἡ
537 2563 632 2628 νὺξ
654 2564 834 2618 τοίνυν
856 2564 959 2618 οὐκ
981 2561 1264 2634 αὐτομάτη
1299 2561 1641 2628 συνίσταται,

62 2659 177 2713 ἀλλὰ
196 2659 308 2728 τῆς
337 2658 539 2729 χέρσου
575 2658 810 2729 ὑπάρχει
828 2655 1205 2728 ἀποσκίασμα,
1231 2655 1414 2720 καθὼς
1445 2655 1643 2729 μικρὸν

61 2755 269 2824 ὕστερον
332 2750 640 2818 ἀποδείξω,
697 2750 793 2804 νῦν
845 2751 995 2822 ἡμᾶς
1029 2748 1122 2803 τοῦ
1172 2747 1363 2820 καιροῦ
1412 2749 1502 2802 ἐπὶ
1545 2748 1644 2820 τὴν

59 2845 191 2899 θείαν
216 2845 338 2898 τῶν
375 2843 656 2915 μυστικῶν
692 2842 916 2915 τελετὴν
963 2840 1364 2906 συνωθοῦντος,
1422 2841 1517 2894 καὶ
1549 2839 1644 2894 τοῦ

57 2939 228 2996 θιάσου
250 2936 722 3010 καραδοκοῦντος.

118 3117 235 3186 (ῖ9)
274 3119 468 3183 Τέρτῳ.
499 3114 661 3169 Forte
688 3113 864 3185 τύπῳ.
904 3112 1002 3167 En.

485 3511 1034 3601 ΔΙΑΛΟΓΟΣ
1105 3509 1230 3598 Γ’.

627 3828 875 3881 ΠΕΥΣΙΣ
915 3827 1064 3881 ΡΙΕ’.

114 3945 262 4009 Χθὲς
312 3945 415 4013 τῆς
455 3942 603 4014 ὥρας
647 3939 1110 4010 κατεπειγούσης,
1138 3939 1376 4012 σήμερον
1413 3943 1546 4013 ἡμῖν
1580 3942 1650 3995 τὰ

51 4035 282 4106 λείψανα
311 4035 418 4104 τῆς
450 4034 730 4105 τραπέζης
757 4031 972 4103 ἐκείνης
1023 4030 1244 4095 ἀπόδος,
1295 4032 1360 4084 τὰ
1396 4034 1524 4104 περὶ
1560 4051 1651 4086 νυ-

50 4132 171 4194 κτὸς
201 4132 346 4202 ἡμῖν
375 4127 725 4198 πλατυτέρως
755 4123 1094 4196 σαφηνίζων,
1119 4125 1214 4178 καὶ
1242 4122 1329 4176 διὰ
1351 4124 1404 4177 τί
1436 4125 1468 4195 ἡ
1494 4124 1652 4196 ἀρχέ-

51 4237 204 4288 γονος
242 4220 457 4292 ἡμέρα,
488 4218 550 4271 ού
585 4215 778 4288 πρώτη
818 4215 970 4289 παρὰ
1009 4216 1109 4286 τῆς
1153 4215 1377 4286 Γραφῆς
1409 4215 1646 4287 εἴρηται,

50 4310 185 4364 ἀλλὰ
229 4311 334 4381 μία
361 4325 376 4339 '
431 4309 570 4376 ὅπερ
613 4306 884 4360 ἀνοίκειον
920 4305 1056 4377 πρὸς
1105 4304 1203 4369 τὰς
1240 4303 1525 4374 ἐπιγόνους
1556 4322 1648 4376 μοι

52 4403 329 4471 ᾳαίνεται.
379 4401 442 4453 Ei
477 4399 585 4470 γὰρ
616 4398 848 4466 δευτέρα
891 4396 985 4451 καὶ
1025 4396 1187 4467 τρίτη
1221 4397 1278 4449 at
1333 4399 1448 4467 μετ’
1477 4394 1648 4467 αὐτὴν

48 4496 440 4566 ὀνομάζονται,
470 4488 896 4562 ἀκολουθότερον
933 4485 1002 4558 ἦν
1036 4489 1422 4560 κατάρχουσαν
1465 4487 1649 4542 αὐτῶν

49 4586 282 4658 πρώτην
317 4583 418 4639 καὶ
445 4582 565 4653 οὐχὶ
597 4582 725 4653 μίαν
758 4579 1036 4651 λεχθῆναι.

676 4732 1038 4829 Ἀπόκρισις.

113 4882 195 4935 Τὸ
226 4877 632 4953 ὴμερονύκτιον
681 4876 808 4947 μίαν
851 4874 1017 4946 φησὶν
1048 4874 1284 4948 ἡμέραν,
1308 4873 1387 4946 τῷ
1409 4877 1644 4949 ἐπικρα-

40 4975 209 5030 τεστέ
217 4991 300 5046 ρῳ
318 4971 418 5026 τοῦ
435 4971 638 5034 παντὸς
661 4969 850 5042 διαστή
861 4985 1049 5042 ματος,
1063 4967 1174 5022 τῶν
1193 4970 1650 5042 εἰκοσιτεσσάρων

39 5069 215 5140 ὡρῶν
240 5066 304 5120 τὸ
333 5065 506 5136 κῦρος
534 5064 850 5135 ἀπένειμεν.
888 5061 1044 5117 Οὕτω
1075 5062 1184 5134 γὰρ
1229 5061 1456 5134 φράζειν
1489 5062 1650 5117 εἴωθε

41 5159 330 5231 πολλαχοῦ
361 5161 397 5229 ἡ
429 5157 551 5212 Θεία
572 5155 782 5228 Πυκτὴ,
819 5157 878 5210 ὲν
905 5159 972 5227 τῇ
1007 5153 1303 5226 ἀριθμήσει
1333 5153 1427 5208 τοῦ
1453 5154 1647 5227 χρόνου

39 5255 273 5328 ἡμέρας
302 5250 635 5325 ἀριθμοῦσα,
670 5249 790 5320 οὐχὶ
823 5247 880 5302 δὲ
924 5249 1018 5302 καὶ
1046 5247 1266 5314 νύκτας.
1313 5247 1557 5313 Ἀκούεις
1579 5248 1644 5323 δὴ

36 5345 137 5397 τοῦ
165 5342 323 5397 θείου
352 5340 595 5413 μελῳδοῦ
616 5357 630 5370 ·
652 5343 722 5396 Al
754 5338 965 5411 ἡμέραι
987 5338 1142 5394 ἐτῶν
1157 5339 1326 5410 ἡμῶν
1352 5341 1422 5394 ἐν·
1439 5340 1645 5410 αὐτοῖς

37 5435 474 5505 ἐϐδομήκοντα
493 5433 620 5500 ἔτη.
653 5433 766 5506 Πρὸ
802 5433 992 5487 τούτου
1020 5431 1078 5486 δὲ
1112 5431 1306 5486 ’ῐακὼὸ
1334 5434 1362 5485 ὁ
1379 5435 1646 5507 πατριάρ-

35 5547 150 5599 χης
186 5529 396 5598 φησίνο
427 5529 498 5581 Al
537 5524 748 5596 ήμέραι
791 5523 902 5594 τῆς
947 5523 1096 5592 ζωῆς
1139 5542 1259 5595 μου
1291 5525 1496 5595 μικραί
1545 5526 1645 5581 καί

36 5621 340 5688 πονηραί.
380 5619 551 5674 Πάλιν
587 5619 643 5672 δὲ
687 5621 715 5672 ὁ
746 5618 853 5672 τῶν
885 5617 1045 5671 θείων
1076 5617 1310 5689 μελῳδός
1338 5635 1505 5690 φησι·
1534 5619 1644 5674 Καί

34 5715 105 5767 τὸ
133 5711 454 5767 κατοικεῖν
479 5728 557 5781 με
587 5712 657 5765 ἐν
687 5711 830 5774 οἴκῳ
855 5711 1100 5778 Κυρίου,
1129 5709 1322 5778 πάσας
1376 5713 1482 5778 τὰς
1510 5712 1644 5782 ἡμέ-

29 5822 159 5876 ρας
207 5804 318 5873 τῆς
346 5803 499 5874 ζωῆς
529 5821 648 5874 μου
717 5804 791 5856 Οὐ
822 5802 926 5862 μὲν
962 5802 1098 5857 άλλά
1130 5804 1223 5857 καὶ
1254 5805 1282 5857 ὁ
1308 5803 1450 5868 θεῖος
1480 5805 1636 5874 εύαγο

3221 425 3327 483 998

1741 534 1980 590 universi
2014 532 2180 603 hujus
2214 533 2509 602 adoratur;
2557 551 2786 606 prorsus
2818 543 2877 589 ut
2926 533 3086 604 periti
3123 537 3319 590 medici

1743 642 1852 682 non
1883 627 2138 682 recidunt
2174 642 2202 679 a
2252 628 2459 682 vertice
2488 625 2728 682 delatum
2759 627 2828 681 ad
2867 626 3060 682 oculos
3091 625 3323 689 ﬂuxum,

1743 718 1818 771 ita
1846 733 1943 787 per
1976 715 2168 772 iridem
2199 731 2468 786 aquarum
2523 717 2856 774 inlusionem
2888 717 3035 773 velut
3062 719 3113 772 in
3149 718 3326 777 forma

1741 811 1978 880 quadam
2011 815 2289 864 extentam
2321 810 2374 864 in
2403 809 2652 878 subjecto
2683 811 2819 876 sole,
2865 811 3040 866 instar
3069 811 3328 865 cucurbi-

1744 902 1870 956 tula:
1904 918 2000 972 per
2023 902 2206 957 radios
2241 904 2416 957 nulies
2440 913 2830 973 congregante,
2865 918 2928 958 ac
2956 904 3117 957 veluti
3144 905 3328 959 calido

1742 993 1994 1049 cauterio
2021 1008 2222 1065 aquam
2255 992 2552 1047 fundentes
2580 1007 2748 1047 venas
2781 993 3116 1048 exsiccaute.

2167 1083 2687 1140 lNTERBOGATlO
2729 1083 2913 1139 CXIV.

1815 1179 2095 1235 Tenebras
2124 1180 2344 1249 quidem
2377 1179 2734 1249 primigenios
2758 1177 2945 1234 dixisti
2974 1193 3070 1247 per
3100 1193 3328 1247 separa-

1742 1270 1946 1325 tiouem
1976 1273 2219 1327 caelestis
2251 1273 2501 1340 corporis
2540 1287 2664 1326 esse
2698 1271 2891 1336 factas,
2927 1270 3073 1340 quod
3104 1269 3325 1339 quidem

1742 1374 1888 1420 recte
1917 1363 2142 1418 dicitur.
2175 1363 2461 1429 Quomodo
2496 1380 2625 1419 vero
2650 1373 2865 1419 noctem
2892 1363 3142 1418 videmus
3166 1378 3330 1432 Spon-

1744 1463 1795 1510 te
1823 1455 1960 1522 lieri,
1985 1457 2135 1510 nulla
2171 1454 2346 1510 forma
2380 1456 2739 1526 expressam?

2375 1547 2684 1616 Responsio.

1825 1637 2005 1710 Supra
2058 1640 2279 1711 quidem
2325 1640 2393 1696 de
2443 1649 2604 1697 nocte
2649 1643 2916 1697 rationem
2965 1639 3178 1696 reddidi
3207 1681 3220 1703 ,
3273 1651 3328 1696 et

1744 1747 1892 1787 nunc
1926 1733 2166 1788 obseura
2194 1733 2559 1790 similitudine
2589 1744 2746 1792 utens
2784 1735 3180 1795 demonstrabo
3218 1754 3327 1794 nou

1745 1823 1974 1879 fortuito
2004 1827 2178 1896 ipsam
2208 1830 2510 1894 exstitisse,
2542 1844 2723 1900 neque
2762 1838 2918 1884 extra
2943 1828 3184 1885 divinam
3215 1848 3330 1886 ma-

1745 1931 1900 1970 num.
1953 1916 2426 1983 Quemadmodum
2459 1929 2641 1977 turres
2686 1922 2755 1977 ab
2801 1921 3200 1978 aalilicantibus
3234 1939 3330 1978 ex-

1753 2021 2066 2075 struuntur,
2108 2020 2162 2066 et
2208 2015 2422 2084 sculpta
2452 2015 2537 2070 vel
2567 2014 2797 2069 conﬂata
2831 2031 2923 2085 per
2955 2016 3182 2071 artiﬁcis
3215 2032 3330 2072 ωεσ-

1743 2119 1872 2158 num
1907 2103 2322 2174 perpoliuntur;
2371 2106 2442 2160 ab
2473 2106 2608 2176 ipsis
2653 2115 2837 2161 autem
2868 2108 3074 2162 umbra:
3102 2107 3330 2164 reddita:

1744 2211 1855 2252 non
1890 2197 1958 2249 ab
1997 2197 2206 2252 artiliee
2233 2196 2348 2252 lieri
2380 2199 2580 2263 solent,
2619 2200 2713 2254 sed
2745 2215 2842 2268 per
2881 2215 2944 2254 ea
2972 2216 3094 2271 qua:
3123 2201 3192 2256 ab
3221 2201 3331 2256 illis

1747 2287 1888 2342 facta
1923 2297 2054 2344 sunt
2083 2290 2413 2346 elliciuntur.
2442 2291 2680 2348 Proinde
2715 2294 2760 2347 si
2794 2294 2900 2348 alia
2927 2294 3173 2364 quaedam
3205 2310 3329 2348 cum

1747 2383 1872 2437 aliis
1921 2377 2193 2439 exsistere
2241 2385 2444 2450 solent,
2498 2385 2674 2441 forma
2729 2387 2964 2456 alicujus
3010 2402 3267 2456 expressa
3315 2404 3328 2440 :

1749 2474 1934 2543 utique
1960 2483 2013 2528 et
2045 2474 2234 2530 forma:
2258 2477 2326 2531 ab
2357 2478 2514 2532 initio
2547 2493 2710 2532 manu
2737 2479 2952 2548 opiﬁcis
2982 2476 3140 2533 factae
3181 2485 3330 2534 sunt.

1749 2565 1983 2635 Ideoque
2014 2582 2121 2621 nox
2152 2582 2372 2637 quoque
2401 2584 2511 2623 non
2535 2585 2631 2638 per
2661 2584 2720 2625 se
2749 2571 2992 2633 exsistit,
3016 2571 3110 2626 sed
3139 2570 3331 2624 umbra

1751 2668 1912 2714 terra:
1934 2668 2041 2725 est,
2067 2661 2532 2730 quemadmodum
2563 2663 2726 2732 paulo
2759 2671 2884 2732 post
2915 2663 3330 2723 demonstrabo,

1748 2754 1970 2823 quando
2026 2771 2129 2809 nos
2179 2756 2342 2810 modo
2397 2758 2538 2809 ratio
2583 2755 2852 2824 temporis
2905 2755 2971 2808 ad
3025 2756 3330 2824 peragenda

1749 2860 1907 2902 sacra
1967 2848 2270 2918 mysteria,
2329 2856 2521 2904 sancto
2581 2858 2728 2903 coetu
2785 2862 2887 2903 nos
2936 2855 3330 2919 exspectante,

1751 2938 2052 3008 compellit.

2128 3496 2730 3590 DlALOGUS
2790 3499 2977 3588 Ill.

2179 3815 2706 3877 INTERROGATIO
2744 3814 2829 3872 CK
2839 3814 2908 3872 ν.

1823 3937 1960 4005 Quia
1991 3947 2206 4008 tempus
2240 3936 2353 3990 lteri
2390 3935 2513 4003 plus
2543 3948 2702 4002 atquo
2752 3947 2852 3986 nos
2878 3933 3124 4001 urgeliat,
3173 3929 3337 3984 liodio

1751 4032 1908 4087 nobis
1943 4031 2085 4086 illius
2129 4045 2332 4085 mensae
2372 4029 2629 4098 reliquias
2673 4027 2954 4095 exponito,
3005 4040 3236 4094 qua-que
3267 4025 3335 4079 de

1751 4130 1914 4174 nocte
1946 4119 2240 4184 tractanda
2288 4119 2535 4182 veniunt,
2583 4117 2745 4170 latius
2786 4114 2945 4170 nobis
2983 4115 3254 4181 edissere;
3281 4124 3337 4169 et

1751 4225 1920 4280 quare
1951 4211 2064 4265 dies
2094 4210 2193 4264 illa
2222 4209 2546 4280 primigenia
2591 4224 2699 4265 non
2734 4208 2807 4263 sit
2848 4208 3023 4276 prima
3071 4209 3246 4263 sacris
3277 4208 3334 4263 in

1751 4302 1970 4358 Litteris
1990 4303 2154 4367 dicta,
2180 4304 2274 4358 sed
2299 4319 2403 4356 una
2439 4303 2506 4356 ”.
2539 4300 2595 4356 Id
2626 4301 2772 4372 quod
2816 4301 2950 4356 mihi
2980 4302 3163 4355 minus
3199 4315 3335 4355 con-

1751 4397 1938 4450 venire
1971 4396 2186 4451 videtur
2225 4396 2292 4451 ad
2331 4412 2425 4453 eas
2459 4411 2581 4468 qua:
2621 4403 2744 4466 post
2774 4403 2909 4450 ortae
2936 4405 3083 4450 sunt.
3127 4393 3259 4448 Nam
3287 4395 3335 4449 si

1751 4485 1990 4542 secunda
2014 4497 2066 4540 et
2092 4487 2251 4542 tertia
2282 4487 2452 4554 fuere,
2477 4503 2598 4558 quae
2623 4496 2748 4558 post
2777 4486 2934 4542 istam
2959 4487 3332 4550 nominantur.

1751 4576 2166 4634 couvcuienlius
2221 4587 2359 4645 erat,
2413 4595 2534 4634 cam
2584 4593 2707 4647 quae
2773 4577 2968 4632 harum
3012 4587 3130 4632 erat
3170 4592 3334 4632 exor-

1750 4671 1922 4736 dium,
1954 4671 2208 4740 primam,
2243 4687 2351 4728 non
2386 4687 2572 4737 uuam,
2608 4672 2734 4728 dici.

2387 4762 2698 4835 Responsio.

1828 4882 1980 4936 Diem
2011 4894 2135 4934 cum
2171 4889 2330 4935 nocte
2373 4879 2745 4949 coniunctam,
2771 4877 2913 4932 diem
2953 4885 3113 4930 vorat
3141 4887 3335 4932 auctor

1760 4974 2022 5039 historiae,
2050 4971 2359 5042 petiurique
2412 4972 2553 5040 parti
2613 4972 2784 5026 totius
2828 4969 3095 5024 intervalli
3141 4969 3334 5040 viginti

1753 5077 1990 5138 quatuor
2021 5065 2307 5128 horarum,
2353 5066 2558 5134 primas
2594 5073 2774 5134 partes
2814 5063 3025 5117 tribuit.
3067 5062 3160 5116 Sic
3185 5061 3334 5116 enim

1755 5160 1942 5214 multis
1994 5161 2049 5212 in
2099 5160 2235 5214 locis
2269 5157 2452 5212 divina
2501 5158 2696 5229 pagina
2733 5157 2881 5226 loqui
2929 5155 3233 5222 consuevit,
3278 5154 3336 5210 in

1755 5252 2142 5323 supputatione
2167 5251 2431 5322 temporis
2463 5251 2580 5306 dies
2616 5265 2933 5315 numerans,
2972 5264 3078 5303 non
3124 5258 3332 5305 noctes.

1754 5345 1927 5400 Audis
1960 5345 2090 5415 quid
2121 5344 2268 5400 dicat
2299 5343 2606 5398 divinorum
2644 5343 2733 5397 ille
2760 5342 3064 5398 carminum
3096 5349 3290 5398 auctor
3318 5358 3333 5395 :

1755 5437 1879 5491 Dies
1913 5453 2170 5491 annorum
2217 5447 2522 5490 nostrorum
2567 5452 2732 5490 annos
2759 5435 3095 5506 septuaginta
3124 5433 3172 5465 "
3199 5447 3338 5490 con-

1758 5530 1950 5583 tini-nt.
1997 5530 2138 5583 Ante
2188 5529 2334 5584 hunc
2386 5538 2568 5584 autem
2617 5526 2854 5582 Jacobus
2898 5527 2989 5582 ille
3024 5525 3337 5597 patriarcha

1756 5617 1933 5684 inquit
1982 5637 1994 5673 :
2049 5617 2168 5672 Dies
2225 5619 2346 5672 vita:
2393 5633 2519 5672 mete
2571 5619 2728 5688 pauci
2755 5629 2802 5673 et
2840 5619 2968 5672 mali
3012 5621 3078 5672 ⁸⁵.
3126 5616 3336 5672 Rursus

1753 5709 1895 5764 idem
1919 5719 2108 5764 auctor
2145 5709 2457 5766 divinorum
2499 5711 2805 5766 carminum
2854 5711 3082 5780 inquit:
3128 5707 3195 5763 Ut
3238 5709 3339 5762 lm-

1751 5793 1912 5854 bitem
1942 5805 1996 5854 in
2026 5804 2181 5855 domo
2223 5800 2436 5856 Domini
2470 5801 2710 5857 omnibus
2745 5802 2922 5858 diebus
2953 5803 3072 5859 vim
3112 5816 3241 5858 met:
3263 5801 3333 5855 ".

110 5959 175 5998 ”
219 5959 352 6018 Gen.
396 5976 437 6028 I,
477 5957 530 6014 5.
603 5955 651 5992 “
683 5954 827 6012 Psal.
861 5971 1044 6023 Lxxix,
1081 5955 1164 6011 10.
1245 5958 1290 5990 "
1331 5956 1467 6012 Gen.
1512 5971 1693 6024 vau,
1721 5957 1772 6016 9.
1853 5957 1901 5990 ’⁸
1939 5956 2085 6018 Psal.
2123 5972 2260 6014 xm.
2301 5957 2371 6014 6..
