3874 6516
600 424 706 484 999

603 544 746 613 Quin
790 548 844 595 et
890 534 1050 591 divus
1105 526 1282 599 inquit
1336 521 1667 594 evangelista
1704 539 1718 574 :
1749 518 1881 572 Ante
1925 529 2016 568 sex
2072 511 2184 565 dies

605 606 828 695 Ense/uc
877 630 1016 686 venit
1067 623 1224 679 Iesus
1266 622 1324 676 in
1372 615 1689 675 Bst/mnium
1720 612 1789 665 ".
1824 610 1890 665 Et
1918 606 2184 663 Dominus

603 732 721 801 ipse
761 721 1025 781 divinitus
1064 731 1194 773 suos
1239 713 1522 782 alloquens
1559 708 1681 762 ait:
1726 702 1885 758 Scitis
1934 707 2053 770 post
2101 697 2184 750 bi-

605 798 769 876 duum
812 825 991 871 actum
1037 811 1108 865 iri
1142 805 1353 862 Pascha
1393 801 1460 855 ".
1502 798 1846 868 Quapropter
1875 806 1998 863 quae
2039 801 2186 844 nunc

605 910 664 963 in
694 904 877 976 specie
912 895 1246 956 narrationis
1279 891 1474 948 tradita
1509 896 1658 951 sunt,
1697 900 1798 956 pro
1838 884 1956 954 lege
2001 884 2055 938 in
2103 893 2188 933 se-

607 972 904 1068 quentibus
934 994 1236 1047 habeantur
1263 1004 1278 1041 :
1310 983 1380 1039 Et
1421 982 1540 1053 fuit,
1584 980 1781 1050 inquit,
1804 991 1982 1045 vesper
2008 983 2058 1029 et
2086 972 2188 1043 fuit

609 1064 784 1150 mane,
812 1084 922 1138 dies
942 1097 1077 1135 unus
1104 1079 1148 1112 θ’
1181 1095 1194 1130 :
1221 1089 1344 1131 cum
1371 1069 1614 1139 diesjam
1645 1076 1769 1122 ante
1790 1064 2186 1136 praecessisset,

609 1177 818 1234 extitit
859 1187 1073 1243 vesper,
1101 1185 1167 1225 ex
1206 1181 1430 1237 vespere
1473 1177 1601 1218 vero
1629 1177 1761 1226 nox,
1796 1175 1866 1214 ex
1905 1165 2063 1212 nocte
2089 1170 2190 1210 au-

611 1281 718 1325 tem
755 1281 936 1333 mane,
976 1265 1066 1319 ubi
1107 1262 1220 1333 jam
1266 1259 1429 1316 unius
1469 1257 1576 1312 diei
1613 1255 1737 1309 ﬁnis
1775 1263 1877 1319 est,
1929 1265 2050 1320 quae
2093 1261 2193 1318 per

608 1362 802 1436 viginti
851 1368 1089 1430 quatuor
1140 1355 1306 1410 bores
1368 1349 1473 1406 diei
1529 1347 1795 1418 potiorem
1845 1352 2053 1414 partem
2089 1338 2192 1395 sibi

612 1433 870 1518 vindicat,
903 1448 1198 1506 subaudila
1225 1444 1481 1500 videlicet
1524 1446 1685 1495 nocte
1710 1437 1812 1493 sub
1831 1433 2193 1507 appellatione

611 1547 742 1608 diei,
786 1559 882 1614 per
928 1541 1120 1612 viginti
1171 1544 1412 1607 quatuor
1455 1537 1637 1588 horas.
1691 1527 1812 1596 Quo
1846 1527 1906 1582 iit
1938 1533 1999 1581 ut
2026 1525 2190 1580 etiam

612 1648 860 1707 tempore
904 1628 1329 1687 conversionum
1366 1625 1498 1681 solis
1539 1621 1875 1684 aestivarum,
1926 1631 2050 1688 qua:
2083 1614 2193 1671 sol-

612 1730 759 1786 stitia
790 1734 1011 1789 vocant,
1063 1729 1278 1778 noctem
1325 1719 1442 1774 dies
1487 1714 1790 1771 intervallis
1837 1711 2088 1769 excedat.
2124 1709 2195 1765 At

611 1831 862 1892 tempore
896 1816 1041 1888 quod
1093 1811 1423 1884 aequinoctio
1463 1808 1796 1864 destinatum
1825 1813 1932 1870 est,
1966 1815 2194 1872 prorsus

611 1916 830 1981 oportet
872 1916 1136 1976 utrasque
1174 1901 1414 1971 aequales
1441 1913 1586 1965 esse,
1618 1899 1858 1954 vicissim
1894 1911 1925 1950 a
1957 1910 2016 1950 se
2054 1893 2193 1948 invi-

613 2017 734 2058 cem
751 1999 1064 2055 auferentes
1116 1994 1172 2050 id
1221 1993 1366 2064 quod
1412 1992 1587 2048 deest.
1623 1989 1729 2045 Sed
1761 1998 1816 2044 et
1845 1987 1970 2043 caeli
2005 1984 2198 2049 facies,

617 2111 817 2150 rursus
841 2093 909 2148 ad
930 2089 1177 2147 eamdem
1205 2101 1423 2144 reversa
1451 2082 1921 2146 constitutionem,
1951 2093 2059 2132 una
2081 2076 2200 2131 dies

618 2187 817 2243 merito
865 2183 1201 2256 appellatur;
1258 2177 1721 2250 quemadmodum
1775 2175 1829 2229 in
1888 2182 2034 2228 terra
2085 2169 2200 2225 ﬁeri

617 2281 780 2347 solet,
816 2287 877 2333 ut
915 2276 1263 2346 interjectum
1309 2273 1379 2328 ab
1433 2287 1544 2327 uno
1584 2271 1781 2325 ﬂorum
1815 2275 2082 2339 proventu
2133 2263 2202 2319 ad

625 2372 820 2434 alium,
851 2377 1090 2438 tempus,
1122 2381 1300 2421 annus
1328 2371 1574 2420 vocetur.
1599 2361 1964 2428 Quamobrem
1989 2358 2202 2429 quoties

623 2478 822 2533 vesper
851 2473 904 2516 et
933 2475 1096 2515 mane
1126 2458 1429 2515 secundum
1467 2456 1598 2510 solis
1624 2453 1912 2510 circuitum
1937 2449 2200 2506 mundum

625 2560 881 2622 occupat,
905 2566 1014 2606 non
1049 2549 1103 2604 in
1153 2559 1398 2618 tempore
1439 2546 1648 2616 majore
1692 2559 1856 2614 quam
1902 2541 2065 2597 unius
2094 2539 2202 2594 diei

623 2646 828 2716 spatio,
863 2641 1200 2714 signiﬁcetur
1223 2640 1342 2695 dies
1372 2653 1481 2692 una
1513 2653 1633 2693 cum
1667 2645 1826 2690 nocte
1851 2633 2201 2703 eonjunctus,

633 2747 690 2790 et
725 2733 1080 2791 luminarium
1101 2732 1169 2786 ad
1203 2730 1441 2802 priorem
1465 2728 1908 2784 constitutionem
1940 2723 2202 2780 reversio.

624 2827 724 2884 Vel
753 2829 934 2898 potius
966 2824 1132 2880 tribui
1164 2823 1289 2893 plus
1323 2821 1525 2877 debere
1574 2819 1707 2875 mihi
1755 2819 1971 2874 videtur
2002 2816 2079 2871 illi
2110 2829 2204 2870 ra-

624 2921 785 2985 tioni,
844 2933 965 2990 quae
1018 2926 1228 2973 secreto
1283 2913 1537 2970 traditur.
1595 2911 1752 2979 Quod
1801 2910 2060 2965 nimirum
2110 2905 2203 2977 qui

629 3011 893 3082 temporis
923 3018 1174 3063 naturam
1206 3005 1335 3060 fecit
1383 3004 1545 3070 Deus,
1589 3003 1644 3058 in
1689 3016 1978 3058 mensuras
2009 3000 2128 3070 ejus
2152 3008 2208 3054 et

629 3106 806 3174 signa,
833 3103 1044 3158 dierum
1082 3098 1365 3155 intervalla
1406 3095 1759 3160 ordinaverit,
1796 3095 2085 3164 ipsumque
2109 3106 2207 3162 per

629 3193 1028 3252 hebdomadem
1085 3189 1399 3252 dimetiens,
1441 3201 1654 3257 semper
1694 3182 2092 3241 hebdomadem
2149 3181 2206 3235 in

629 3288 982 3356 semetipsam
1014 3281 1217 3339 revolvi
1253 3280 1432 3350 jubet,
1472 3278 1735 3350 temporis
1775 3277 1880 3332 hoc
1913 3274 2077 3330 modo
2123 3272 2208 3326 di-

632 3392 930 3434 numerans
959 3383 1191 3438 motum,
1227 3372 1372 3426 sicut
1401 3369 1791 3425 bebdomadem
1816 3381 2010 3421 rursus
2030 3363 2212 3434 explet

631 3468 784 3531 dies,
846 3464 1046 3534 septies
1094 3461 1150 3516 in
1201 3458 1547 3529 semetipsam
1597 3457 1863 3511 revoluta.
1921 3455 1978 3509 id
2027 3462 2210 3508 autem

633 3552 922 3609 circularis
976 3559 1059 3605 est
1101 3551 1297 3620 iigura,
1346 3563 1377 3602 a
1425 3546 1722 3617 semetipso
1761 3545 2018 3615 incipere,
2057 3552 2112 3598 et
2158 3543 2212 3596 in

635 3647 991 3715 semetipsum
1041 3643 1292 3698 desinere
1345 3660 1358 3696 :
1413 3643 1559 3711 quod
1624 3639 1833 3694 scilicet
1899 3638 2062 3690 etiam
2113 3635 2212 3689 aevi

636 3734 918 3806 proprium
951 3741 1065 3797 est;
1103 3739 1159 3786 et
1203 3731 1257 3785 in
1293 3738 1465 3786 semet
1498 3730 1675 3799 ipsum
1704 3727 1900 3782 reverti
1940 3738 2212 3794 nusquam

639 3824 1017 3878 terminatum.
1050 3819 1337 3891 Propterea
1366 3830 1528 3888 caput
1556 3816 1820 3887 temporis
1848 3831 1954 3870 non
1981 3813 2216 3885 primam

637 3919 874 3980 dierum,
905 3916 998 3971 sed
1030 3929 1192 3969 unam
1242 3911 1564 3977 nominavit,
1611 3918 1670 3964 nt
1707 3911 1819 3980 ipsa
1854 3906 2221 3978 appellatione

640 4007 1018 4081 cognationem
1045 4021 1168 4061 cum
1189 4020 1304 4060 aevo
1328 4003 1570 4060 haberet.
1603 4001 2048 4071 Quandoquidem
2073 4000 2218 4055 enim

641 4101 888 4164 unitatis,
917 4109 973 4156 et
1001 4098 1124 4170 ejus
1144 4097 1288 4171 quod
1314 4095 1721 4152 communionis
1745 4094 1812 4150 ad
1846 4093 1993 4148 aliud
2025 4106 2222 4163 expers

642 4199 750 4256 est,
786 4198 972 4244 notam
1015 4187 1174 4244 nobis
1210 4185 1468 4251 ostendit,
1503 4183 1720 4256 proprie
1750 4191 1805 4238 et
1837 4181 2224 4238 convenienter

643 4283 912 4353 appellata
956 4290 1042 4336 est
1077 4295 1222 4345 una,
1264 4292 1391 4335 cum
1443 4277 1560 4347 ipsa
1604 4276 1662 4330 in
1713 4275 1892 4346 seipsa
1930 4288 2028 4346 per
2062 4286 2224 4329 omne

647 4371 906 4428 saeculum
936 4370 990 4423 in
1021 4369 1257 4438 seipsam
1290 4365 1620 4422 revolvatur.

1065 4493 1580 4552 INTERROGATIO
1617 4493 1803 4552 CXVI.

724 4628 788 4682 Et
823 4641 1062 4697 quonam
1099 4634 1258 4694 pacto
1305 4625 1526 4681 Litterae
1563 4640 1736 4681 sacrae
1775 4625 1938 4680 multa
1979 4640 2100 4683 esse
2129 4641 2228 4681 sa:-

651 4716 774 4770 cula
803 4716 1262 4778 demonstrantes,
1297 4714 1496 4768 saecula
1539 4724 1738 4768 vocant
1773 4713 2130 4768 saeculorum?
2165 4714 2231 4766 lit

653 4809 886 4864 Davides
918 4809 970 4861 in
1013 4808 1118 4862 line
1160 4807 1354 4877 psalmi
1393 4807 1568 4863 dicit:
1607 4806 1943 4879 Conﬁtemini
1984 4807 2227 4867 Domino,

654 4900 792 4964 caeli,
824 4899 1075 4968 quoniam
1099 4897 1153 4950 in
1191 4899 1369 4951 omnia
1404 4896 1601 4952 swcula
1649 4898 2012 4951 misericordia
2033 4896 2148 4965 ejus
2173 4896 2231 4949 ‘?

655 4986 722 5040 Et
753 5002 944 5040 rursus
974 4985 1114 5040 idem
1140 5002 1153 5038 :
1190 4983 1456 5037 Exaltabo
1489 4993 1558 5048 te,
1586 4983 1727 5038 Deus
1755 5001 1920 5050 naeus,
1945 5000 2033 5037 rex
2065 5001 2228 5046 meus,

656 5086 707 5130 et
738 5074 1037 5130 benedicam
1065 5090 1252 5129 nomen
1287 5084 1436 5129 tuum
1478 5077 1531 5127 in
1581 5076 1856 5140 saxulum,
1895 5076 2024 5128 etin
2061 5091 2231 5128 stren-

657 5167 768 5220 ίιηι
796 5165 979 5220 saeculi
1002 5154 1054 5207 ’ῗ
1074 5167 1212 5220 Ecce
1241 5165 1344 5219 tria
1370 5166 1564 5221 saecula
1594 5166 1645 5220 in
1681 5166 1975 5222 centesimo
1997 5166 2234 5236 quadra-

659 5257 866 5328 gesimo
903 5266 1100 5328 quarto
1140 5257 1370 5327 psalmo.
1413 5255 1517 5313 Sed
1549 5267 1603 5312 et
1637 5258 1691 5312 in
1729 5258 1798 5313 iis
1838 5273 1957 5326 qua:
1979 5257 2235 5312 dicuntur

655 5361 689 5400 ~a
719 5358 1002 5398 sacrorum
1033 5343 1316 5410 ministris,
1345 5343 1455 5400 Deo
1484 5346 1782 5416 gratiarum
1815 5347 2080 5400 actionem
2110 5344 2236 5402 offe—

653 5437 930 5500 rentibus,
953 5447 1007 5491 et
1043 5435 1331 5507 imperium
1373 5437 1430 5492 in
1475 5439 1659 5493 omnia
1703 5439 2086 5506 tribuentibus,
2119 5441 2235 5496 haec

659 5527 893 5598 proferri
929 5526 1178 5583 audimus
1210 5545 1224 5582 :
1262 5525 1550 5596 Imperium
1573 5536 1622 5582 et
1645 5545 1877 5600 regnum,
1902 5538 1948 5584 et
1974 5539 2230 5598 potestas.

1625 402 1683 458 S.
1722 395 2022 456 CAESAR“
2061 387 2398 449 GREGORII
2453 383 2754 441 FllATRlS

3677 387 3772 442 1000

2293 504 2550 575 γελιστής
2579 514 2778 570 φησιν·
2808 496 2928 566 Πρό
2963 495 3032 560 ἐξ
3067 491 3300 565 ἡμερῶν
3322 492 3422 547 τοῦ
3436 493 3623 562 Πάσχα
3641 493 3774 567 ἦλθεν

2287 601 2323 653 ὀ
2367 595 2598 666 Ἰησοῦς
2624 595 2712 660 είς
2729 589 3054 659 Βηθανίαν.
3080 587 3250 650 Αὐτὸς
3269 585 3326 638 δὲ
3345 583 3615 655 θεηγορῶν,
3637 592 3774 659 φησίν·

2291 689 2526 754 Οἴδατε,
2571 687 2662 742 ὅτι
2703 685 2852 756 μετὰ
2896 682 3006 736 δύο
3037 682 3263 750 ’ἡμέρας
3292 679 3357 732 τὸ
3386 678 3580 748 Πάσχα
3597 682 3776 749 γίνεται.

2299 781 2388 846 Ὣς
2411 783 2480 835 τά
2507 780 2602 834 νῦν
2635 781 2692 834 ἐν
2725 775 2966 848 ἱστορίας
2998 773 3129 827 εἴδει
3166 772 3542 844 παραδοθέντα,
3565 776 3776 843 νομοθεσία

2292 876 2529 946 ὑπάρχει
2554 871 2692 945 πρὸς
2717 870 2788 925 τά
2813 869 2941 941 ἑξῆς
2962 885 2976 899 ’
3010 867 3124 922 Kal
3151 866 3418 938 ἐγένετο,
3445 867 3779 935 (mansuem:

2289 971 2390 1026 καὶ
2428 967 2666 1039 ἐγένετο
2708 964 2890 1034 πρωῒ,
2921 961 3114 1032 ἡμέρα
3141 961 3277 1030 μία·
3311 959 3542 1031 δηλονότι
3569 965 3780 1030 προῦπαρι

2291 1062 2494 1138 χούσης
2529 1057 2629 1132 τῆς
2659 1057 2875 1129 ἡμέρας
2906 1053 3124 1122 ἐγένετο
3156 1050 3384 1124 ἑσπέρα,
3416 1051 3478 1104 ὲκ
3498 1050 3546 1102 δὲ
3574 1051 3653 1122 τῆς
3671 1052 3783 1106 ἑσπέ-

2293 1171 2412 1227 ρας,
2442 1150 2561 1216 νὺξ,
2593 1152 2658 1204 ὲκ
2686 1148 2744 1202 δὲ
2772 1147 2871 1218 τῆς
2897 1143 3111 1208 νυκτὸς,
3130 1142 3297 1214 πρωῒ,
3324 1141 3450 1194 ἔνθα
3477 1141 3782 1212 περατοῦταιή

2295 1251 2394 1322 μία
2426 1248 2628 1320 ἡμέρα,
2681 1243 2770 1298 διὰ
2799 1242 2910 1297 τῶν
2951 1240 3230 1311 τεττάρων
3266 1238 3362 1291 καὶ
3387 1236 3546 1290 εἴκοσι
3573 1235 3700 1306 ὡρῶν
3716 1235 3785 1304 τῆς

2297 1344 2427 1414 μιᾶς
2458 1339 2670 1412 ἡμέρας
2707 1335 2768 1390 τὸ
2793 1334 2961 1406 κῦρος
2987 1333 3205 1404 ἔχουσα,
3239 1328 3700 1397 συνυπακουομένης
3723 1327 3786 1396 6r.-

2292 1434 2467 1490 λονότι
2499 1433 2594 1502 τῆς
2625 1429 2826 1492 νυκτὸς
2849 1431 2917 1499 τῇ
2951 1427 3134 1498 ἡμέρᾳ
3165 1422 3256 1478 διὰ
3285 1423 3394 1475 τῶν
3422 1421 3788 1487 εἰκοσιτεσσάρων

2293 1525 2472 1598 ὡρῶν.
2507 1523 2670 1576 ’Ὥστε
2698 1518 2796 1574 καὶ
2837 1519 2900 1571 ὲν
2924 1518 3047 1580 ταῖς
3071 1515 3303 1585 τροπαῖς
3329 1509 3423 1566 τοῦ
3453 1509 3589 1580 ἡλίου
3618 1508 3788 1576 συμϐαί-

2294 1635 2374 1672 νει
2424 1614 2630 1684 ταύτην
2669 1611 2887 1680 ὲκείνης
2937 1605 3290 1678 ὑπερϐαίνειν
3331 1605 3441 1666 τοῖς
3490 1600 3788 1669 διαστήμασιν.

2306 1707 2468 1762 Ἀλλὰ
2497 1705 2623 1758 τότε
2675 1698 3046 1772 άφωρισμένῳ
3097 1696 3278 1768 χρόνῳ
3325 1695 3422 1763 τῆς
3451 1687 3793 1763 ίσημερίας,δεῑ

2295 1800 2514 1862 πάντως
2540 1794 2848 1867 ἰσομοίρους
2868 1790 3157 1862 τυγχάνειν
3181 1786 3511 1858 ἀμφοτέρας,
3531 1780 3793 1850 ἀντισπωμέ-

2301 1910 2400 1958 νας
2419 1890 2555 1962 παρ’
2592 1886 2839 1957 ἀλλήλων
2863 1885 2929 1938 τὺ
2958 1885 3160 1937 λεῖπον.
3213 1879 3327 1932 Καὶ
3368 1878 3402 1948 ἡ
3429 1875 3518 1928 τοῦ
3551 1870 3730 1943 οὐρανοῦ
3754 1870 3790 1922 δὲ

2301 1981 2425 2051 ὕψις
2452 1961 2546 2032 ἰπὶ
2574 1977 2675 2048 τὴν
2700 1975 2871 2046 αὐτὴν
2896 1974 3061 2027 πάλιν
3085 1965 3543 2028 ἀποκατάστασιν,
3567 1964 3648 2033 μία
3667 1961 3794 2030 ἡμέρα

2302 2072 2527 2135 είκὸτως
2575 2065 3045 2139 προσαγορεύεται
3065 2080 3080 2096 ⁸
3125 2063 3265 2133 ὅπερ
3304 2058 3400 2113 καὶ
3427 2055 3515 2109 ἐπὶ
3549 2054 3634 2125 τῆς
3657 2052 3792 2123 χέρσου

2303 2165 2551 2236 γίνεσθαι
2574 2161 2836 2230 πέφυκεν,
2861 2160 2926 2212 ὲκ
2951 2157 3054 2228 τῆς
3092 2155 3265 2225 αὐτῆς
3295 2148 3608 2220 άνθοφορίας
3642 2145 3792 2236 iniri-1

2301 2257 2494 2328 αὐτὴν,
2514 2252 2757 2309 ἐνιαυτὸν
2775 2249 3158 2322 ὀνομάζεσθαι.
3177 2248 3348 2302 ’Ὥστε
3365 2239 3455 2297 οὖν
3475 2242 3639 2302 ὁσάκις
3653 2235 3794 2305 ἑσπέρα

2305 2349 2400 2404 καὶ
2433 2327 2579 2419 πρωῒ
2617 2344 2760 2399 κατά
2805 2341 2905 2414 τὴν
2933 2340 3028 2395 τοῦ
3067 2340 3218 2411 ἡλίου
3247 2334 3493 2408 περίοδον
3517 2327 3794 2398 ἐπιλαμϐάνει

2305 2439 2398 2496 τὸν
2428 2439 2658 2510 κόσμον,
2699 2437 2774 2508 μὴ
2797 2435 2856 2490 ἒν
2883 2434 3090 2488 πλείονι
3119 2430 3322 2502 καιρῷ,
3353 2427 3464 2482 ἀλλ’
3493 2427 3546 2478 ὲν
3579 2423 3681 2494 μιᾶς
3707 2419 3797 2489 ἡμὲο

2307 2548 2410 2603 ρας
2464 2531 2796 2600 διαστήματι
2835 2524 3196 2598 σημαίνεσθαι
3246 2523 3310 2576 τὸ
3345 2515 3714 2592 ἡμερονὺκτιον,
3737 2509 3800 2563 nsi

2302 2622 2404 2694 τὴν
2428 2623 2600 2692 αὐτὴν
2628 2621 2739 2675 τῶν
2777 2620 3088 2690 φωστήρων
3117 2612 3554 2671 ἀποκατάστασιν
3571 2625 3583 2638 ·
3608 2609 3636 2678 ἢ
3662 2603 3799 2675 μᾶλλον

2303 2714 2390 2788 [ἦ]
2419 2712 2756 2786 κυριώτερός
2783 2728 2874 2783 μοι
2903 2707 3052 2764 δοκεῖ
3093 2710 3122 2761 ό
3166 2708 3228 2761 ὲν
3259 2706 3577 2778 ἀπορρήτοις
3595 2694 3800 2788 παραδιδόι

2307 2786 2500 2875 μενος
2537 2805 2622 2857 ὅτι
2671 2805 2700 2857 ό
2749 2803 2849 2873 τὴν
2888 2800 2983 2855 τοῦ
3029 2799 3224 2870 χρόνου
3273 2796 3437 2866 φύσιν
3481 2786 3799 2847 κατασκευάσας

2306 2896 2458 2960 Θεὸς,
2495 2895 2670 2966 μέτρα
2696 2892 2846 2963 αὐτῷ
2871 2894 2965 2946 καὶ
2996 2892 3198 2962 σημεῖα
3225 2889 3297 2943 τὰ
3327 2887 3435 2941 τῶν
3480 2883 3668 2956 ἡμεριῖιν
3694 2878 3798 2941 ἑτιξσ

2307 2986 2682 3056 διαστήματα⁶
2744 2984 2840 3037 καὶ
2878 2980 3133 3051 ἐϐδομάδι
3166 2978 3335 3033 αὐτὸν
3380 2977 3708 3047 ὲκμετρήσας,
3744 2969 3799 3021 ἀεὶ

2306 3075 2406 3147 τὴν
2441 3074 2714 3146 ἑϐδομάδα
2745 3075 2825 3137 είς
2856 3071 3055 3144 ἑαυτὴν
3086 3067 3523 3126 άνακυκλοῦσθαι
3552 3065 3731 3125 κελεύει,
3747 3061 3800 3124 ἐξ·

2308 3166 2560 3239 αριθμῶν
2597 3164 2692 3219 τοῦ
2733 3165 2928 3236 χρόνου
2971 3163 3069 3234 τὴν
3095 3162 3316 3232 κίνησιν
3342 3177 3356 3192 ·
3410 3159 3505 3229 τὴν
3535 3150 3797 3224 ἑϐδομάδιᾶ

2309 3264 2394 3326 είς
2418 3259 2615 3331 ἑαυτὴν
2644 3256 3103 3322 ἀνακυκλοῦσθαι,
3140 3255 3306 3309 πάλιν
3331 3253 3443 3325 (80)
3471 3239 3724 3320 ἐκπληροῦν
3739 3244 3800 3312 stt

2316 3353 2443 3424 μίαν
2464 3353 2701 3426 ἡμέραν,
2730 3350 2958 3413 ἑπτάκις
2989 3348 3156 3420 αὐτὴν
3195 3349 3276 3412 είς
3316 3346 3507 3417 ἑαυτὴν
3528 3339 3798 3411 ἀναστρέφθν

2295 3439 2433 3500 σαν.
2470 3445 2641 3499 Τοῦτο
2667 3445 2724 3498 δὲ
2760 3443 3025 3498 κυκλικὸν
3068 3442 3308 3512 ὑπάρχει
3352 3440 3548 3511 σχῆμα,
3575 3436 3652 3504 ἀφ’
3673 3426 3800 3484 ἑαυτοῦ

2314 3535 2607 3608 ἄρχεσθαι,
2657 3534 2752 3589 καὶ
2787 3535 2867 3598 είς
2911 3532 3074 3588 ἑαυτὸ
3107 3532 3444 3602 καταλήγειν
3475 3545 3488 3559 ο
3522 3528 3548 3580 ὃ
3574 3525 3629 3594 δὴ
3654 3524 3721 3575 καί
3742 3516 3801 3570 τώ

2315 3628 2511 3690 αἰῶνος
2558 3627 2720 3694 ἴδιον,
2767 3628 2863 3680 καὶ
2910 3628 2989 3690 είς
3033 3626 3230 3680 ἑαυτὸν
3259 3621 3602 3694 ἀναστρέφειν
3628 3610 3802 3688 μηδαμςὲ

2318 3717 2738 3791 περατούμενον.
2771 3715 2864 3769 Διὸ
2887 3715 2987 3787 τὴν
3012 3713 3259 3786 κεφαλὴν
3283 3712 3380 3767 τοῦ
3420 3711 3613 3784 χρόνον,
3639 3708 3685 3759 οὐ
3707 3702 3804 3771 πρά-

2319 3811 2416 3884 τὴν
2450 3811 2692 3883 ἡμερῶν,
2723 3809 2860 3864 ἀλλὰ
2885 3808 3014 3879 μίαν
3039 3807 3348 3878 ὠνόμασεν,
3371 3807 3513 3869 ὅπως
3537 3804 3595 3874 τῇ
3619 3808 3805 3869 προσ-Ψ

2319 3903 2415 3976 eis
2443 3903 2505 3956 τὸ
2548 3901 2808 3972 συγγενὲς
2843 3900 2940 3972 ἔχῃ
2987 3899 3126 3970 πρὸς
3163 3898 3257 3952 τὸν
3289 3897 3484 3951 αἰῶνα.
3527 3888 3803 3976 T031199-

2321 3974 2486 4063 ναχοῦ
2524 3990 2620 4046 καὶ
2651 3990 3020 4060 ἀκοινωνήτου
3063 3985 3202 4057 πρὸς
3236 3986 3434 4058 ἕτερον
3462 3984 3545 4037 τὸν
3571 3974 3804 4052 χαρακτῆρι

2317 4082 2597 4146 δεικνῦσα,
2637 4081 2854 4145 οἰκείως
2880 4081 2975 4134 καὶ⁵
3019 4078 3316 4151 προσφυῶς
3339 4069 3704 4150 προσηγορεύθη
3727 4068 3802 4135 μὰ.

2321 4175 2462 4244 αὑτὴ
2492 4176 2549 4227 ὲν
2577 4174 2745 4244 ἑαυτῇ
2784 4171 2873 4226 διά
2902 4172 3103 4236 παντὸς
3127 4170 3328 4234 αἰῶνος
3361 4155 3801 4233 ἀνακυκλουμένηικ

2319 4266 2541 4338 ἑαυτήν.

2871 4493 3119 4548 nera]:
3165 4490 3364 4560 PiG’.’

2407 4628 2518 4682 Kal.
2557 4627 2674 4691 πῶς
2722 4631 2757 4700 ἡ
2800 4627 2990 4700 Γραφὴ
3034 4627 3264 4691 πολλοὺς
3302 4626 3500 4688 αἰῶνας
3544 4619 3802 4693 ἐμφαίνοντι.

2334 4719 2482 4787 λέγει
2522 4719 2724 4784 αἰῶνας
2757 4719 3003 4780 αἱώνωνξ
3037 4721 3131 4775 καὶ
3166 4717 3334 4774 Δαὸὶδ
3374 4718 3506 4789 πρὸς
3544 4713 3610 4783 τῷ
3631 4701 3800 4763 τέλειτιδ

2332 4811 2549 4884 ψαλμοῦ
2574 4830 2764 4883 φησιν·
2813 4812 2868 4865 Ἐ
2873 4812 3332 4884 εομολογεῐσθαι
3355 4809 3559 4882 (81)τῷ
3577 4803 3722 4871 Κυρίῳ
3741 4793 3802 4848 τά

2334 4902 2620 4971 οὐρανοῦ,
2669 4902 2758 4958 ὅτι
2807 4905 2896 4970 εἰς
2946 4901 3176 4970 πάντας
3203 4901 3352 4969 τοὺς
3385 4900 3589 4962 αἰῶνας
3615 4891 3666 4946 τὸ
3699 4889 3804 4942 ἐλεεῖ

2333 4993 2562 5058 amca;
2602 4993 2695 5047 καὶ
2730 4994 2892 5049 πάλιν
2917 4997 2946 5049 δ
2985 4993 3180 5060 αὑτός·
3216 4991 3470 5062 ’Υψώσω
3497 5006 3581 5053 σε,
3609 4989 3636 5040 o'
3670 4976 3804 5041 Θεὸςέ

2335 5083 2638 5148 βασιλεύς
2672 5101 2810 5153 μου,
2847 5083 2948 5139 καὶ
2994 5083 3312 5154 εὐλογήσω
3351 5081 3419 5136 τὸ
3461 5075 3625 5147 ὄνομὰ
3645 5088 3729 5126 σου
3754 5067 3805 5122 εἰς

2341 5175 2447 5229 τὸν
2487 5174 2692 5240 αἰῶνα,
2727 5175 2826 5232 καὶ
2858 5179 2947 5243 εἰς
2974 5174 3081 5230 τὸν
3123 5175 3309 5230 αἰῶνα
3342 5172 3448 5228 τοῦ
3481 5169 3690 5233 αἰῶνος
3724 5155 3802 5210 ’ἴδει

2341 5269 2491 5338 τρεῖς
2512 5267 2708 5331 αἰῶνες
2738 5268 2795 5320 ἐν
2819 5267 2896 5340 τῷ
2931 5266 3208 5338 ἑκατοστῷ
3228 5259 3629 5338 τεσσαρακοστῷ
3644 5250 3804 5340 mal”?

2340 5333 2560 5430 ψάλμῷ.
2604 5358 2765 5413 Ἀλλὰ
2788 5333 2879 5414 καί
2903 5359 3010 5413 τῶν
3034 5333 3192 5430 παρὰ.
3203 5358 3314 5412 τῶν
3340 5333 3524 5430 ἱερέων
3541 5333 3804 5432 ἀκούομεν

2341 5445 2460 5518 Θεῷ
2493 5448 2848 5522 εὐχαριστίαν
2882 5449 3282 5521 ἀναφερόντων,
3324 5448 3421 5502 καὶ
3447 5445 3504 5500 τὸ
3539 5440 3698 5512 κράτυς

2345 5510 3116 5611 πάντωνηάπονεμόντωνίὸτε
3150 5510 3313 5609 φασίο
3354 5536 3425 5592 Τὸ
3467 5510 3669 5604 κράτος,
3699 5517 3760 5574 καί
3785 5510 3801 5574 ’ἶ

732 5681 777 5715 ”
815 5681 976 5740 Joan.
1015 5699 1115 5751 xu,
1156 5684 1208 5738 i.
1282 5685 1329 5717 ”
1369 5683 1556 5740 Matth.
1598 5700 1745 5751 xxvi,
1786 5686 1836 5741 2.
1919 5687 1962 5719 ”
2001 5687 2136 5746 Gen.
2186 5706 2223 5754 ι,
2259 5690 2311 5746 5.
2392 5692 2408 5723 ¹
2451 5690 2596 5747 Psal.
2631 5707 2828 5759 cxxxv,
2867 5691 2957 5747 26.
3039 5694 3059 5724 ²
3100 5691 3236 5747 Psal.
3284 5705 3462 5755 cxuv,
3504 5685 3551 5739 ί.

742 5839 853 5910 (80)
905 5813 1446 5912 Ἄκακυκλοῦσθαι,
1481 5841 1684 5912 πάλιν.
1725 5839 1852 5912 Leg.
1893 5841 2234 5896 ανακυκλοῦ-

673 5909 950 5983 ﬂagitat
977 5909 1157 5980 πάλιν,
1185 5912 1267 5967 vel
1297 5909 2007 5982 ἀνακυκλουμένην,’πάλινο
2033 5913 2190 5966 Eon.

2412 5846 2522 5918 (3')
2570 5845 3103 5918 Ἐξομολογεῐσθαι.
3134 5845 3258 5917 Leg.
3286 5834 3675 5916 ἐξομολογεῖσθε.
3698 5824 3750 5883 ll.
