3874 6520
86 340 196 399 ιωι

80 455 354 521 βασιλεία.
385 446 480 500 καὶ
502 445 541 513 ἠ
570 444 844 513 δύναμις,
868 441 968 498 real
995 442 1036 512 ὴ
1063 441 1215 507 δόξα
1241 440 1349 496 τοῦ
1372 443 1622 511 Πατρός,

82 545 162 599 xci
189 540 290 594 τοῦ
335 537 490 599 Υιοῦ,
521 536 620 590 καὶ
652 534 759 589 τοῦ
789 534 963 604 ἁγίου
994 533 1359 602 Πνεύματος,
1386 534 1504 588 νῦν
1530 534 1628 587 καὶ

81 637 172 699 ἀεὶ,
197 632 287 687 καὶ
308 632 402 697 εὶς
423 630 564 694 τοὺς
588 627 809 693 αἰῶνας
838 625 961 680 τῶν
982 625 1235 681 altor-air.
1273 625 1478 696 ’Δμήνκ

662 716 1026 785 Ἀπόκρισις.

145 814 272 867 ’ω’
298 812 401 865 οὐκ
422 810 495 863 ὲκ
524 807 735 863 τούτων
750 807 982 873 πολλοὺς
1006 807 1209 872 αἰῶνας
1223 807 1479 881 ἀριθμεῖν
1505 824 1632 863 παι·

78 905 341 977 δευόμεθα,
376 902 516 957 ἀλλὰ
542 903 640 956 καὶ
672 900 928 972 ἀμείψεις
961 899 1304 972 πραγμάτων
1331 900 1428 954 καὶ
1458 917 1629 955 κατα-

80 999 311 1060 στάσεων,
339 995 403 1048 οὗ
432 991 787 1065 περιγραφὰς
820 991 879 1045 δὲ
917 990 1013 1045 καὶ
1036 990 1273 1063 πέρατα,
1311 991 1346 1062 ἢ
1382 991 1627 1063 διαδοχὰς

78 1095 275 1149 σίὼνων.
324 1090 538 1161 Ἡμέρα
552 1090 667 1162 γάρ
687 1089 911 1157 Κυρίου
925 1086 1162 1157 μεγάλη
1185 1087 1286 1141 καί
1308 1088 1627 1158 ἐπιφανὴς,
1668 1130 1671 1135 .

79 1186 213 1255 φησὶν
245 1186 275 1237 ὁ
320 1183 647 1254 προφήτης·
694 1180 792 1233 καὶ
821 1178 1005 1246 πάλιν,
1036 1180 1160 1233 Ἵνα
1187 1179 1246 1232 τί
1267 1179 1410 1249 ὑμῖν
1438 1178 1632 1247 ζητεῖν

78 1276 168 1346 τὴν
201 1274 429 1343 ἡμέραν
469 1272 725 1341 κυρίους
759 1270 859 1324 καί
912 1269 1064 1339 αὕτη
1106 1271 1354 1337 σκότος,
1405 1269 1504 1324 καὶ
1558 1271 1631 1324 οὐ

235 1368 427 1429 σκότος
445 1363 691 1436 δηλονότι
712 1365 829 1426 τοῖς
842 1361 1035 1427 ἀξίοις,
1065 1362 1189 1417 ἐπεὶ
1213 1361 1517 1435 άνέσπερον
1536 1362 1632 1416 καὶ

75 1457 317 1527 ἀειάδοχον
355 1456 461 1525 τὴν
481 1452 703 1524 ἡμέραν
739 1450 960 1520 ἐκείνην
996 1446 1137 1504 οἶδεν
1159 1451 1188 1504 ὁ
1211 1450 1371 1519 λόγος
1397 1466 1411 1480 ·
1438 1450 1508 1520 ἢν
1537 1451 1632 1504 καὶ

75 1552 234 1621 ὀγδόην
269 1549 299 1601 ό
322 1546 438 1601 τῶν
476 1545 643 1599 θείων
679 1542 917 1615 μελῳδὸς
947 1543 1413 1614 προσηγόρευσεν.
1452 1541 1632 1610 ’Υπὲρ

75 1641 161 1710 τῆς
186 1640 403 1710 ὀγδόης
444 1636 795 1708 ὲπισημάνας
841 1634 948 1688 τῶν
992 1634 1186 1688 ἑαυτοῦ
1213 1634 1443 1705 ψαλμῶν
1469 1634 1627 1706 (δι’).

72 1738 227 1805 ἕτερον
262 1733 341 1793 δὲν
381 1733 598 1801 γραφῇ,
643 1728 826 1797 ’Υπὲρ
854 1728 1375 1797 κληρονομούσης,
1401 1726 1478 1791 ὡς
1504 1726 1627 1781 ταύ-

70 1845 148 1898 της
175 1827 264 1879 καὶ
312 1825 490 1895 μόνης
528 1823 628 1885 τὰς
669 1820 864 1884 λοιπὰς
896 1819 1341 1891 κληρονομούσης
1386 1820 1620 1890 ἡμέρας,

70 1921 156 1981 τοῖς
200 1918 535 1985 ἀπεράντως
581 1913 679 1967 καὶ⁹
724 1913 990 1982 άτμήτοις
1041 1911 1413 1981 διαστήμασι,
1475 1910 1537 1963 τὸ
1566 1910 1623 1963 δὲ

69 2004 184 2056 κατὰ
224 2006 451 2056 πάντων
484 2001 653 2070 κῦρος
697 1999 1135 2071 ἀναδησαμένης,
1172 2000 1262 2054 διὰ
1300 1999 1363 2053 τὸ
1390 2000 1625 2070 ὑπερτε-

70 2092 159 2156 ρεῑν
197 2091 288 2142 καὶ
337 2088 455 2152 ἔξω
487 2088 703 2142 κεῖσθαι
745 2086 842 2140 τοῦ
889 2087 1257 2157 ἑϐδοματιχοῦ
1310 2086 1495 2141 τούτου
1526 2088 1623 2141 κύ.

65 2180 185 2232 νλου.
222 2181 395 2233 Ὥστε
430 2180 537 2233 κᾶν
565 2180 780 2250 ἡμέραν
829 2182 1008 2250 φήσω,
1048 2179 1152 2233 κᾶν
1177 2179 1369 2243 αἰῶνα,
1398 2182 1496 2252 τὴν
1528 2181 1623 2233 αὑ-

64 2274 142 2341 τήν
182 2290 317 2342 φημι
374 2270 607 2325 ἔννοιαν.
642 2273 769 2324 Eis:
808 2274 923 2342 γάρ
954 2272 1139 2342 ἡμέρα
1177 2271 1285 2341 εἴη,
1323 2272 1420 2341 μία
1448 2271 1621 2333 ἔσται,

64 2364 139 2415 καὶ
160 2364 215 2416 οὐ
244 2363 485 2416 πολλαί·
514 2363 626 2416 εἴτε
659 2362 795 2416 αίὼν
826 2362 1252 2433 προσαγορεύων
1290 2362 1429 2431 (82),
1459 2380 1624 2433 μονα-

62 2458 134 2527 χὺς
158 2456 217 2511 ἃν
243 2457 331 2528 εἴη
378 2455 474 2509 καὶ
508 2455 836 2527 ἀπέραντος.
877 2455 1021 2527 Πρὸς
1054 2454 1150 2526 τὴν
1186 2453 1487 2525 μέλλουσαν
1530 2452 1625 2511 οὖν

62 2550 178 2620 ζωὴν
206 2549 434 2617 ἀνάγων
473 2547 634 2619 ἡμῶν
665 2545 764 2618 τὴν
807 2546 1038 2610 ἔννοιαν,
1088 2547 1218 2621 μίαν
1266 2546 1475 2619 ἔγραψε
1524 2547 1624 2619 τὴν

59 2639 209 2692 είιιόνα
233 2638 331 2692 τοῦ
389 2637 591 2701 παντὸς
638 2637 833 2700 αἰῶνος
867 2637 1072 2707 Μωσῆς
1097 2639 1125 2690 ό
1151 2638 1496 2709 ἱεροφάντης,
1525 2638 1623 2708 τὴν

56 2732 278 2803 ἀπαρχὴν
307 2730 426 2783 τῶν
450 2730 702 2803 ἡμερῶν,
742 2729 843 2800 τὴν
882 2729 1120 2800 ὁμήλικα
1160 2729 1256 2782 τοῦ
1301 2728 1498 2799 φωτὸς,
1524 2728 1623 2803 τὴν

57 2819 180 2873 Θείαν
223 2822 319 2874 και
377 2819 583 2890 σεπτὴν
628 2820 943 2892 Κυριακὴν,
979 2821 1078 2892 τὴν
1108 2823 1177 2891 τῇ
1207 2821 1499 2874 ἀναστάσει
1526 2819 1621 2874 τοῦ

57 2914 229 2985 Κυρίου
259 2913 668 2985 τετιμημένην.

570 3216 581 3228 ‘
616 3205 868 3259 ΠΕΥΣΙΣ
900 3206 1047 3259 PIZ'.

113 3295 333 3367 Ἐπειδὴ
363 3295 584 3363 λέγουσι
604 3313 749 3359 τινες
772 3296 1076 3359 ἑπαοιδίαις
1101 3300 1196 3353 καὶ
1222 3304 1497 3373 γοητείαις
1522 3305 1621 3375 τὴν

52 3388 254 3460 σελήνην
282 3387 631 3455 κατάγεσθαι
663 3390 961 3461 οὐρανόθεν
981 3406 996 3421 ο
1023 3392 1118 3445 καὶ
1148 3394 1213 3446 τὸ
1246 3395 1498 3451 πλεῖστον
1525 3400 1621 3468 μέ·-

48 3496 124 3549 ρος
148 3482 243 3551 τῆς
264 3479 373 3533 ἀνθ
384 3479 699 3551 ρωπάτητος
724 3482 791 3551 τῇ
824 3482 983 3552 φήμῃ
1007 3481 1184 3557 ταύτῃ
1211 3487 1506 3557 κρατηθὲν.
1539 3489 1618 3541 σί-

43 3570 187 3641 ἰηρον
214 3574 315 3625 καὶ
354 3570 555 3642 χαλκὸν
582 3570 900 3642 κρούοντες,
928 3570 1123 3645 ὥσπερ
1151 3576 1209 3628 ὲν
1252 3576 1504 3631 ἐκστάσει
1529 3596 1621 3647 γε·

45 3664 253 3735 νομένην
281 3663 368 3735 τῷ
395 3664 538 3735 lum,
560 3662 663 3734 τῆς
693 3662 903 3734 πλάνης
923 3663 1095 3736 αὐτὴν
1137 3668 1508 3738 ὲπανάγεσθαι
1538 3688 1622 3723 vo-

48 3756 298 3823 μίζουσιν.

641 3848 1000 3915 Ἀπόκρισις.

99 3936 272 3990 Μῦθοί
317 3953 464 4000 τινες
507 3936 906 4004 καταγέλαστοι
948 3937 1053 3991 ὑπὸ
1090 3941 1278 4010 γραῶν
1308 3942 1615 4009 κωθωνιζο-

40 4029 200 4093 μένων
253 4029 440 4100 πάντη
491 4029 807 4100 διεδόθησαν
847 4031 1354 4104 παραληρούμενοι,
1401 4053 1616 4105 μαγγαο

42 4119 187 4183 νείαις
210 4121 332 4174 τισὶ
358 4120 461 4188 τῆς
492 4121 703 4185 οἰκείας
729 4122 894 4193 ἕδρας
914 4123 1316 4189 ἀποκινεῖσθαι,
1356 4127 1451 4181 καὶ
1479 4128 1617 4197 πρὸς

40 4214 127 4281 γῆν
164 4211 341 4282 αὐτὴν
376 4211 662 4283 φέρεσθαι,
712 4214 807 4265 καὶ
833 4212 1220 4283 ψηλαρᾶσθαιο
1265 4216 1403 4289 ὅπερ
1432 4217 1617 4287 πάσης

38 4301 244 4370 ἀλογίας
268 4301 367 4355 καὶ
391 4301 491 4372 τῆς
514 4301 754 4373 ἐσχάτης
779 4303 1042 4367 ἀπονοίας
1071 4304 1318 4377 ὑπάρχον
1352 4325 1443 4378 μοι
1466 4308 1617 4363 δοκεῖ

36 4398 112 4448 τὸν
134 4397 280 4451 θεῖον
308 4396 756 4470 παρακρούεσθαι
787 4398 1045 4469 μελῳδὸν.
1073 4400 1289 4472 ᾁδοντω
1308 4406 1609 4474 Σελήνην,

32 4488 283 4556 ἀστέρας
311 4486 351 4541 ἁ
399 4488 481 4541 σὺ
529 4488 950 4556 ἐθεμελίωσας.
1009 4491 1167 4553 Ποίος
1209 4491 1267 4544 δὲ
1306 4492 1415 4566 άρα-
1447 4494 1609 4560 τόπος

36 4579 510 4634 κατασπασθεῶαν
547 4580 717 4651 αὐτὴν
755 4580 1081 4646 emacem;
1124 4576 1226 4647 7H;
1261 4584 1330 4637 δι’
1360 4587 1610 4658 ἀμυδράς

36 4674 235 4737 εἰκόνος
270 4669 542 4736 ἀποδείξω
570 4672 630 4724 τὸ
667 4671 897 4742 μέγεθος
933 4673 1048 4735 τοῖς
1087 4670 1512 4742 εἶκαιοόούλοιςο
1543 4678 1610 4731 Ai

31 4765 160 4817 κατὰ
202 4764 307 4836 τὴν
347 4763 680 4834 οἰκουμένην
728 4763 913 4826 πόλεις
960 4763 1211 4817 πλεῖστον
1252 4766 1495 4839 ἀλλήλων
1531 4768 1612 4822 δι-

32 4858 260 4912 εστῶσαι
280 4859 401 4921 ταῖς
426 4855 569 4909 κατὰ
590 4855 688 4927 τὴν
713 4854 853 4925 ἑῴαν
877 4855 1159 4926 κειμέναις
1179 4859 1272 4910 καὶ
1287 4858 1385 4931 τὴν
1450 4860 1585 4916 ἑσπέ
1596 4892 1611 4904 .

33 4966 144 5017 ραν,
170 4951 267 5003 καὶ
281 4948 561 5018 διαφόροις
573 4947 675 5017 τῆς
690 4948 886 5019 χέρσου
906 4949 1265 5020 ρυμοτομίαις
1283 4952 1379 5005 καὶ
1391 4952 1606 5023 όχθαις,

30 5042 319 5113 ίσομοίρως
377 5043 552 5096 πᾶσαι
598 5040 661 5094 τὸ
698 5041 1003 5112 σεληνιαῖον
1050 5043 1166 5111 φῶς
1228 5044 1603 5115 ὑποδέχονται,

22 5132 156 5199 ὅπερ
183 5137 297 5197 τοῖς
320 5133 645 5205 άρτίφροσιν
676 5131 863 5185 ἱκανὸν
892 5134 1096 5198 πάσαις
1138 5135 1308 5205 αὐτὴν
1346 5136 1604 5207 ἀντιπρόο

20 5240 199 5277 σωπον
228 5226 321 5279 καὶ
361 5223 720 5296 ὑπερμεγέθη
747 5223 1057 5295 τυγχάνειν.
1096 5222 1161 5279 Ei
1190 5226 1271 5298 μὴ
1292 5227 1402 5297 γὰρ
1430 5226 1603 5293 οὕτως

20 5312 100 5383 ἦν.
139 5321 365 5384 πάντως
390 5320 456 5373 ἂν
484 5321 610 5383 τοὺς
638 5320 725 5372 ἐπ’
760 5318 980 5384 εὐθείας
1011 5320 1354 5391 κατεφώτισε
1380 5320 1600 5391 μόνους,

19 5414 123 5473 τοῖς
147 5412 205 5463 δὲ
229 5413 289 5465 τὸ
327 5408 487 5483 εὖρος
512 5413 685 5483 αὐτῆς
717 5411 1152 5484 ὑπερπίπτουσιν
1180 5412 1599 5485 ὲγκεκλιμέναις

1422 330 1676 387 DIALOG
1688 330 1775 388 US

1840 332 1930 387 111.
3165 340 3306 396 10οἳ

1733 453 1781 499 et
1808 442 1980 513 gloria
2022 438 2227 510 Patris,
2248 454 2297 499 et
2322 445 2469 513 Filii,
2494 462 2542 505 et
2571 447 2800 518 Spiritus
2854 452 3045 517 sancti,
3082 468 3220 506 nunc
3254 461 3308 506 et

1733 551 1953 604 semper,
1982 546 2034 589 et
2057 536 2109 588 in
2140 536 2338 589 srecula
2368 537 2700 592 swruiorum.
2734 544 2919 595 Amen.

2373 712 2682 783 Responsio.

1804 808 1873 859 At
1899 806 2111 861 existis
2136 821 2240 860 non
2276 806 2536 861 docemur
2566 808 2732 862 multa
2763 824 3054 866 numerare
3085 812 3306 876 szecula,

1732 899 1829 956 sed
1857 908 1910 954 et
1938 899 2270 954 mutationes
2304 916 2485 955 rerum
2532 909 2587 954 et
2625 910 2884 969 statuum,
2919 919 3024 957 non
3069 904 3309 959 circum-

1732 988 2060 1059 scriptiones
2077 997 2134 1044 et
2156 989 2421 1045 terminos
2437 1002 2533 1045 aut
2560 991 2937 1047 successiones
2959 995 3307 1052 saeculorum.

1731 1079 1857 1136 Dies
1884 1082 2029 1136 enim
2081 1080 2298 1135 Domini
2343 1098 2563 1152 magnus
2594 1093 2646 1137 et
2683 1084 2933 1152 illustris,
2974 1086 3149 1155 inquit
3180 1104 3309 1158 pro-

1731 1176 1890 1246 pheta
1922 1176 1965 1231 ⁸.
1997 1178 2064 1232 Et
2090 1176 2326 1231 iterum:
2363 1177 2431 1229 At
2472 1177 2598 1246 quid
2646 1178 2791 1232 vobis
2828 1179 3041 1249 prodest
3077 1197 3311 1250 quwrere

1729 1268 1873 1323 diem
1900 1267 2160 1323 Domini?
2185 1270 2346 1323 etiam
2374 1270 2491 1337 ipsa
2514 1271 2615 1323 erit
2643 1270 2835 1341 caligo.
2869 1289 2973 1326 non
3007 1273 3102 1326 tua:
3133 1273 3176 1327 ‘.
3208 1274 3314 1329 Ca-

1730 1356 1839 1428 ligo
1863 1357 2074 1412 scilicet
2105 1358 2172 1413 iis
2205 1358 2299 1427 qui
2334 1358 2414 1413 sic
2456 1372 2755 1415 merentur.
2792 1359 3074 1433 Siquidem
3106 1365 3315 1435 absque

1731 1466 1956 1520 vespere
2005 1466 2070 1506 ac
2118 1452 2468 1507 successione
2515 1452 2658 1508 diem
2708 1454 2855 1509 illam
2913 1454 3029 1511 fore
3080 1457 3310 1523 scimus,

1730 1560 1897 1614 quam
1926 1554 1981 1599 et
2002 1555 2247 1599 octavam
2283 1546 2594 1601 divinorum
2640 1549 2945 1603 carminum
2987 1558 3183 1604 auctor
3211 1566 3311 1620 ap-

1732 1636 1950 1706 pellavit
1990 1654 2003 1690 :
2045 1634 2152 1688 Pro
2210 1646 2397 1690 octava
2444 1639 2682 1703 psalmos
2731 1655 2862 1695 suos
2913 1641 3223 1698 inscribens
3263 1644 3308 1699 '.

1730 1730 1912 1784 Alium
1949 1731 2077 1785 item
2123 1731 2396 1799 psalmum
2432 1732 2675 1788 inscribit
2706 1752 2719 1787 :
2765 1731 2873 1787 l'ro
2901 1751 2963 1788 ea
2996 1752 3114 1805 qui:
3142 1737 3313 1790 hare-

1730 1820 1950 1873 ditatem
1982 1820 2177 1890 accipit
2207 1820 2228 1851 ⁸
2261 1838 2274 1874 :
2320 1823 2476 1891 quasi
2522 1824 2635 1879 haec
2676 1825 2789 1879 sola
2827 1824 3158 1895 reliquarum
3191 1827 3310 1883 die-

1732 1929 1853 1967 rum
1882 1914 1952 1967 sit
1984 1913 2178 1980 haeres,
2224 1930 2319 1985 per
2368 1916 2573 1970 inﬁnita
2613 1925 2668 1972 et
2709 1918 2948 1987 expertia
3000 1920 3306 1976 sectionum

1734 2003 1966 2057 ullarum
1992 2005 2167 2073 spatia
2195 2016 2514 2060 cunctarum
2545 2020 2730 2063 rerum
2753 2008 2985 2078 imperio
3012 2011 3261 2068 redimita
3288 2031 3304 2067 :

1733 2110 2016 2167 promer-ea
2047 2098 2193 2168 quod
2229 2100 2478 2167 superior
2509 2101 2601 2168 sit,
2644 2111 2699 2157 et
2741 2111 2893 2158 extra
2941 2106 3308 2174 septenarium

1733 2189 1880 2247 hunc
1900 2190 2168 2244 circulum
2197 2191 2394 2259 posita.
2420 2191 2786 2257 Quamobrem
2817 2196 2933 2250 sive
2952 2196 3093 2252 diem
3126 2198 3311 2267 appel-

1731 2280 1935 2345 lavero,
1967 2283 2083 2336 sive
2120 2282 2383 2337 saeculum
2410 2294 2465 2337 et
2492 2300 2669 2339 aevum
2717 2303 2732 2338 :
2777 2288 2969 2342 eodem
3018 2298 3315 2357 utrumque

1731 2372 2037 2441 proferetur
2079 2375 2376 2431 intellectu.
2425 2375 2553 2432 Sive
2599 2379 2745 2433 enirn
2800 2378 2919 2435 dies
2972 2378 3154 2445 fuerit,
3202 2394 3313 2437 una

1728 2465 1856 2527 erit,
1886 2474 1941 2519 et
1970 2482 2080 2520 non
2114 2467 2334 2534 multae;
2381 2468 2497 2523 sive
2538 2472 2799 2526 saeculum
2834 2473 3161 2543 appelletur,
3190 2474 3314 2529 uni-

1729 2571 1854 2610 cum
1903 2557 2031 2626 quid
2090 2556 2273 2621 fuerit,
2322 2569 2374 2614 et
2419 2561 2628 2632 absque
2657 2564 2913 2619 termino.
2949 2566 3029 2621 Ad
3066 2566 3311 2622 futuram

1729 2648 1894 2714 igitur
1921 2651 2083 2703 vitam
2108 2650 2418 2708 subducens
2461 2664 2708 2710 nostrum
2756 2656 3111 2724 intellectum,
3141 2672 3311 2714 unam

1729 2737 1872 2792 diem
1908 2739 2045 2794 dixit
2069 2741 2336 2810 interpres
2375 2742 2467 2797 ille
2490 2759 2672 2799 rerum
2702 2761 2990 2804 sacrarum
3019 2748 3216 2811 Moses,
3253 2759 3312 2804 ut

1729 2843 1852 2898 quae
1876 2829 1949 2883 sit
1983 2830 2163 2901 imago
2208 2832 2376 2889 totius
2416 2835 2755 2903 aeternitatis,
2790 2838 3048 2907 primitiae
3070 2842 3308 2910 dierum,

1729 2936 1911 2975 cornva
1952 2921 2113 2985 lucis,
2163 2924 2345 2979 divina
2387 2926 2624 2996 denique
2651 2945 2711 2982 ac.
2755 2934 3062 2987 veneranda
3090 2934 3177 2989 illa
3203 2934 3311 2990 Do—

1731 3011 1953 3079 minica,
1985 3029 2108 3083 quae
2136 3017 2302 3071 etiam
2334 3031 2400 3072 ex
2440 3016 2656 3074 Domini
2703 3025 3101 3082 resurrectione
3132 3026 3309 3082 bono-

1730 3118 1846 3160 rem
1880 3107 2207 3176 peculiarem
2242 3120 2329 3165 est
2355 3123 2669 3169 consecuta.

2133 3201 2653 3262 INTERROGATIO
2690 3208 2901 3265 CXVII.

1794 3294 2080 3362 Quomodo
2127 3298 2316 3353 dicunt
2376 3298 2566 3370 aliqui.
2606 3301 3028 3361 incantamentis
3069 3315 3125 3360 et
3166 3320 3309 3376 prac-

1721 3385 1896 3456 stigiis
1946 3386 2131 3441 lunam
2174 3388 2312 3444 coelo
2354 3389 2606 3445 detrahi?
2646 3391 2881 3449 Maxima
2914 3404 3061 3453 certe
3090 3402 3306 3469 generis

1725 3477 1948 3531 humani
1980 3492 2107 3548 pars
2135 3477 2302 3548 hujus
2334 3480 2410 3534 rei
2456 3480 2600 3536 fama
2634 3484 2879 3554 persuasi
2929 3498 2984 3541 et
3026 3493 3302 3561 occupati,

1721 3566 1928 3625 ferrum
1958 3579 2013 3625 et
2043 3587 2119 3628 tes
2143 3572 2433 3642 pulsando,
2480 3583 2742 3645 tanquam
2775 3594 2806 3633 e
2836 3586 3102 3648 potestate
3123 3599 3305 3656 egres-

1721 3675 1836 3716 sam
1866 3679 1960 3735 per
1987 3665 2276 3736 strepitum
2306 3665 2375 3721 ab
2403 3681 2590 3724 errore
2622 3669 2840 3726 liberari
2872 3682 3082 3742 putant.

2366 3845 2675 3917 Responsio.

1790 3925 2009 3983 Fabulae
2034 3930 2281 4002 quaedam
2318 3933 2562 3992 ridiculae
2604 3938 2674 3993 ab
2714 3938 2946 3997 aniculis
2977 3944 3303 4001 somnianti-

1716 4021 1820 4077 bus
1851 4024 2052 4096 ubique
2083 4027 2453 4086 disseminata;
2481 4042 2628 4097 sunt,
2655 4049 2888 4104 quarum
2919 4037 3167 4093 delirium
3193 4050 3298 4108 est,

1716 4112 2037 4185 imposturis
2060 4120 2386 4189 quibusdam
2420 4125 2639 4193 propria
2677 4124 2806 4180 sede
2843 4126 3029 4183 lunam
3068 4133 3295 4201 moveri,

1714 4215 1770 4262 et
1790 4208 1857 4262 ad
1907 4210 2079 4279 ipsam
2126 4221 2329 4268 terram
2391 4214 2518 4270 ferri
2566 4224 2620 4272 et
2669 4221 3013 4276 contrectari.
3055 4223 3110 4279 ld
3149 4228 3298 4297 quod

1712 4300 1893 4357 omnis
1948 4302 2304 4361 absurditatis
2352 4315 2407 4361 et
2454 4318 2709 4366 extremae
2754 4312 3042 4373 dementia:
3074 4319 3296 4388 plenum

1713 4388 1954 4447 refutare
1980 4393 2134 4463 mihi,
2162 4395 2472 4452 divinorum
2520 4400 2609 4454 illc
2647 4405 2955 4460 carminum
2984 4420 3178 4464 auctor
3213 4412 3299 4466 vi-

1716 4482 1898 4549 detur,
1934 4501 2058 4540 cum
2101 4487 2251 4542 canit
2280 4502 2295 4541 :
2334 4488 2543 4545 Lunam
2585 4504 2634 4546 et
2677 4494 2861 4550 stellas
2893 4508 2951 4550 tu
2982 4498 3223 4568 fundasti
3250 4505 3292 4559 ⁷.

1717 4573 1906 4641 Qualis
1948 4588 2129 4634 autem
2174 4580 2345 4648 locus,
2397 4599 2601 4653 quaeso,
2647 4585 2943 4642 detractam
2988 4590 3160 4660 ipsam
3194 4609 3297 4647 un-

1714 4684 1879 4739 quam
1908 4672 2333 4743 excepit?cujus
2367 4676 2494 4730 exili
2542 4679 2775 4747 quadam
2815 4683 3051 4752 ilnagine
3082 4686 3295 4755 magnis

1714 4759 1956 4813 tudinem
2002 4763 2156 4818 vanis
2196 4764 2663 4822 illis'hominibus
2700 4770 3112 4828 demonstrabo.
3160 4776 3294 4841 Qum

1714 4863 1811 4918 per
1858 4850 2042 4904 orbem
2095 4860 2359 4908 terrarum
2410 4866 2539 4910 sunt
2585 4858 2769 4925 urbes,
2824 4859 3117 4929 plurimum
3164 4879 3195 4919 a
3233 4879 3293 4921 se

1714 4936 1945 4993 invicem
1971 4942 2268 4997 secundum
2312 4945 2630 5003 orientalem
2662 4959 2714 5004 et
2753 4952 3143 5009 occidentalem
3176 4957 3292 5026 pla-

1715 5049 1837 5103 gam
1889 5035 2094 5089 dissitas
2143 5047 2291 5099 sunt,
2339 5052 2403 5093 ac
2442 5038 2670 5095 diversis
2703 5042 2909 5097 viarum
2956 5046 3292 5104 sectionibus

1712 5127 1984 5198 editisque
2050 5128 2183 5185 locis
2245 5130 2524 5201 sejunctas.
2594 5132 2958 5192 Nihilominus
3007 5142 3293 5209 aqualitrr

1710 5234 1902 5277 omnes
1933 5221 2122 5276 lunare
2170 5223 2350 5277 lumen
2391 5224 2717 5293 suscipiunt.
2767 5224 2822 5280 ld
2868 5228 3013 5298 quod
3052 5231 3293 5287 conlatis

1711 5312 1931 5375 sulﬁcit,
1959 5314 2219 5369 omnibus
2248 5315 2423 5384 ipsam
2472 5316 2701 5372 urbibus
2740 5318 3052 5385 obversam,
3088 5333 3143 5379 et
3177 5325 3293 5379 exi-

1710 5406 1833 5460 miae
1865 5405 2251 5475 magnitudinis
2294 5420 2433 5461 esse.
2488 5404 2600 5461 Nisi
2652 5409 2798 5463 enim
2846 5412 2926 5468 sic
2973 5426 3290 5485 comparata

19 5505 341 5572 ιῦγαῖς,διὰ
382 5504 493 5558 τῶν
540 5504 793 5574 πλαγίων
835 5503 1211 5576 παραθέουσα,
1259 5506 1596 5579 προσέϐαλεν

1731 5512 1793 5555 es
1820 5496 1982 5564 foret,
2036 5498 2258 5554 omnino
2301 5513 2397 5555 eos
2449 5499 2746 5557 illustraret
2787 5505 2958 5573 solos,
3002 5509 3097 5577 qui
3142 5523 3289 5571 recta

78 5640 98 5669 ³
136 5638 253 5696 .lnel
296 5659 358 5705 ιι,
403 5643 427 5695 l
470 5658 577 5698 sec.
623 5638 788 5697 LXX.
863 5642 884 5673 ⁸
923 5642 1089 5700 Amos
1130 5661 1183 5710 ν,
1235 5646 1324 5701 l8.
1406 5648 1427 5679 ⁸
1466 5646 1606 5702 Psal.

1769 5644 1826 5709 l;
1861 5657 1937 5704 xl,
1978 5640 2028 5692 l.
2108 5640 2129 5670 ⁸
2169 5637 2313 5692 l’sal.
2351 5654 2405 5704 ν,
2448 5639 2498 5694 l.
2576 5642 2595 5671 ⁷
2637 5641 2779 5698 Psal.
2822 5659 2941 5711 vui,
2984 5644 3038 5698 4.

78 5773 217 5847 (81⁸)
264 5778 387 5834 Τῶν
421 5830 436 5839 ,
462 5821 476 5835 .
510 5818 522 5831 .

19 5844 169 5900 Ξειτ.

557 5776 836 5847 ψαλμῶν.
878 5782 1031 5837 Anne
1070 5782 1161 5834 τὸν
1191 5821 1204 5834 .
1239 5820 1253 5833 .
1289 5820 1303 5835 .
1334 5781 1586 5852 ψαλμόνῖ

374 5945 645 6008 ΡΑτιιοι.
709 5950 827 6008 tio.
882 5945 1220 6006 XXXVIII.

1769 5777 1882 5862 (82)
1923 5780 2079 5868 ᾼὶὼν
2106 5786 2589 5855 προσαγορεύων.
2624 5779 2774 5837 Fort.
2812 5782 2984 5836 αἰῶνα
3018 5799 3292 5868 προσαγο-

2897 5946 2977 6016 32

1703 5848 1897 5919 ρεύσω.
1928 5852 1999 5904 in.
