3874 6528
121 344 141 395 1
150 340 248 395 005

119 473 236 526 ματ-ι
249 495 264 518 ,

120 545 330 615 ὁρᾶσθαι
362 545 470 600 ὑπὸ
496 545 594 615 τῆς
629 545 906 615 φαίνακος,
928 546 1020 599 τὸν
1043 543 1268 616 ἀδελφὸν
1301 539 1660 617 μιμουμένης,

114 640 166 690 ὲν
193 637 270 708 τῷ
293 639 414 691 κατ’
445 639 615 708 αὐτῆς
650 638 910 708 νυκτιαίῳ
934 637 1140 710 δρόμῳ,
1168 637 1277 690 τῶν
1309 636 1401 691 ἐπὶ
1431 638 1668 708 τύμϐους

115 728 200 781 καὶ
218 726 440 798 βωμοὺς
464 727 906 798 αὐτομολούντων
921 728 1150 799 γοήτων,
1171 729 1264 780 καὶ
1289 726 1396 780 τῶν
1419 729 1538 781 ἐκεῖ
1556 727 1668 780 τολ-

117 819 379 889 μωμένων
403 820 728 891 μιαιφονιῶν
753 820 847 872 καή⁸
880 819 1307 888 παιδοσφαγιῶν,
1339 820 1434 873 καὶ
1464 819 1668 887 σπλάγο

114 928 243 980 χνων
288 911 509 964 οἰκείων
539 911 885 981 κατατομῶν,
909 906 982 964 ὧν
1013 912 1105 965 ἐπὶ
1128 911 1234 964 τῶν
1271 909 1490 982 ἡπάτων
1520 928 1673 964 σπαι-

115 1002 301 1069 ρόντων
347 1002 398 1054 οἰ
445 998 828 1072 μιαιφόνοιτῷ
866 1001 1059 1071 αἵματι
1101 999 1430 1072 χραίνονται.
1477 995 1578 1053 Ὧν
1609 1000 1670 1052 τὸ

112 1089 255 1143 ἄθεον
283 1091 513 1154 εἰκότως
545 1088 902 1161 ὲκτραγῳδῶν
925 1087 1088 1142 Δαϐὶδ
1116 1088 1144 1140 ὀ
1176 1087 1479 1153 θεσπέσιος,
1505 1086 1667 1155 φησί·

113 1181 211 1234 Καὶ
237 1180 471 1234 ἔθυσαν
499 1179 639 1246 τοὺς
667 1179 835 1246 υἱοὺς
858 1179 1056 1234 αὐτῶν
1082 1179 1178 1232 καὶ
1212 1179 1318 1242 τὰς
1349 1178 1672 1248 θυγατέρας

113 1271 300 1325 αὐτῶν
333 1272 460 1336 τοῖς
497 1252 847 1342 δαιμονίοις,
878 1270 973 1324 καὶ
1010 1270 1259 1339 ἐξέχεαν
1288 1267 1430 1338 αἷμα
1454 1268 1668 1332 ἀθῶον,

113 1353 242 1433 αἷμα
270 1363 421 1418 υἱῶν
449 1363 648 1419 αὐτῶν
675 1364 773 1418 καὶ
806 1362 1141 1432 θυγατέρων
1169 1357 1256 1416 ὧν
1284 1363 1513 1416 ἔθυσαν
1549 1360 1672 1426 τοῖς

114 1455 395 1524 γλυπτοῖς
423 1454 702 1508 Χαναάιμ
732 1453 827 1506 καὶ
861 1452 982 1524 μεθ’
1012 1452 1174 1522 ἔτερα
1210 1451 1302 1504 τὸν
1331 1447 1540 1521 ἀμητόν
1570 1449 1669 1504 αὑ-

112 1549 212 1608 τοῖς
245 1546 360 1599 τῶν
417 1546 635 1599 οἰκείων
683 1545 1011 1616 σπερμάτων
1053 1543 1217 1615 φησί’
1266 1543 1376 1597 Καὶ
1413 1543 1671 1612 ἀψγίσθη

112 1636 262 1704 θυμῷ
288 1637 508 1703 Κύριος
525 1634 623 1688 ἐπὶ
648 1633 754 1688 τὸν
767 1633 921 1688 λαὸν
944 1631 1151 1694 αὑτοῦ,
1187 1631 1284 1686 καὶ
1311 1631 1674 1697 ἐϐδελύξατο

113 1725 214 1794 τὴν
245 1726 660 1794 κληρονομίαν
699 1723 905 1778 αὐτοῦ.
952 1723 1105 1776 Ἐπεὶ
1130 1717 1223 1776 οὖν
1252 1721 1344 1776 καὶ
1394 1719 1489 1775 νῦν
1525 1721 1675 1774 πλεῖ-

113 1835 214 1870 στοι
245 1818 327 1886 τῷ
364 1815 664 1887 Ἐλληνικῷ
696 1815 846 1887 ζόφῳ
887 1813 1346 1885 ὲπισκοτούμενοι,
1373 1813 1468 1867 καὶ
1515 1812 1675 1883 λελη-

112 1909 268 1970 θότως
306 1912 373 1980 τῇ
420 1911 716 1980 προγονικῇ
754 1902 929 1980 πλάνῃ
984 1894 1405 1970 ὑποκύπτοντες,
1458 1906 1552 1960 καὶ
1607 1906 1672 1976 τῇ

113 2004 264 2058 πάλαι
300 2003 409 2056 τῶν
436 2001 713 2073 λογισμῶν
748 2000 1050 2072 μιαιφονίᾳ,
1072 1997 1165 2054 ἐπὶ
1190 1999 1503 2069 γεωλόφοις,
1528 1997 1562 2069 ἢ
1584 1999 1677 2052 καὶ

111 2093 352 2163 τύμόοις,
398 2093 432 2162 ἢ
487 2091 732 2163 μνήμασι
776 2089 975 2156 νύκτας
1030 2090 1142 2162 (85)
1193 2089 1672 2161 ἀποσχολάζοντες,

112 2186 355 2248 uisant;
400 2185 496 2238 πιιαλ⁵
538 2185 733 2254 αἵμασι
783 2183 907 2246 τοὺς
955 2177 1214 2253 δαίμονας
1262 2181 1673 2254 θεραπεύοντες,

112 2278 235 2330 οἴκοι
266 2275 627 2347 ποτνιώμενοι
645 2274 727 2345 ἐφ’
757 2269 838 2339 οἷς
865 2293 956 2346 κρ.
990 2317 1002 2330 .
1025 2316 1039 2332 .
1061 2315 1074 2329 .
1103 2315 1115 2329 .
1139 2317 1152 2329 .
1168 2275 1351 2346 μέντοι
1378 2273 1676 2343 καθιεμένη

114 2371 143 2439 ἡ
167 2367 369 2437 φαίναξ
396 2366 568 2439 αὐτὴν
598 2364 814 2438 ίλυγγιᾷ
830 2367 925 2421 καὶ⁸
949 2369 1176 2438 πτήσσει
1193 2366 1286 2420 καὶ
1305 2364 1676 2435 συγκαλύπτε-

114 2481 214 2525 rut,
243 2463 327 2532 τῷ
363 2461 517 2530 νέφει
566 2457 879 2524 ὲνδύνουσα,
921 2459 1015 2512 καὶ
1055 2458 1360 2523 ἀπαξιοῦσα
1399 2457 1677 2511 ἐπιϐαλεῖν

113 2557 214 2615 τοῖς
269 2551 512 2616 ἀναξίοις
559 2550 621 2604 τὸ
666 2549 820 2620 φάος,
864 2548 985 2604 κατ’
1033 2551 1214 2603 εἰκόνα
1260 2549 1354 2603 τοῦ
1411 2547 1673 2619 ἀδελφοῦ·

113 2643 295 2717 ὥσπερ
338 2644 400 2709 ἐξ
450 2640 759 2712 ἀπόπτουῆ
809 2642 1118 2714 ἀκρωρείας
1146 2638 1437 2714 οὐρανόθεν
1479 2641 1545 2712 τῇ
1592 2642 1679 2696 ἀλα

114 2736 318 2790 habeat
365 2734 662 2796 ἐπιϐοῶσα,
694 2734 788 2788 καὶ
824 2734 998 2804 σκότῳ
1029 2734 1267 2788 παίουσα
1299 2731 1392 2787 καὶ
1419 2733 1676 2804 εἴργουσα

115 2829 227 2892 τοὺς
261 2827 584 2899 μιαιφόνους
609 2824 703 2878 τοῦ
736 2822 896 2879 ἀθέου
921 2823 1220 2895 δράματος.

330 455 425 510 καὶ
471 455 652 526 δόρατι
700 451 1096 526 άμυσσόμενον.
1157 453 1328 508 Τοῦτό
1379 471 1468 527 μοι
1515 455 1662 508 δοκεῖ

682 3007 930 3066 ΠΕΥΣΙΣ
961 3009 1104 3066 ΡῙΘ’.

177 3119 238 3174 ει
285 3121 391 3174 οὐκ
445 3119 698 3188 ἀνόμοιος
730 3119 759 3172 ὁ
790 3118 917 3181 Υἱὸς
946 3117 1039 3171 τοῦ
1075 3118 1210 3172 Θεοῦ
1238 3118 1314 3190 τῷ
1355 3120 1529 3192 Πατρὶ
1581 3124 1676 3176 καὶ

113 3213 246 3283 Θεῷ,
282 3211 399 3264 ἀλλ’
457 3209 571 3273 ῐσος
612 3208 755 3263 κατὰ
788 3209 964 3263 πάντα
1002 3211 1095 3263 καὶ
1127 3210 1406 3282 ὁμότιμος,
1454 3214 1676 3284 καὶτῆς

114 3306 277 3376 αὐτῆς
301 3303 519 3374 φύσεως
539 3319 552 3333 ·
585 3301 703 3366 πῶς
730 3301 889 3365 αὐτὸς
919 3300 1086 3370 λέγει,
1129 3301 1274 3372 Ἐγώ
1293 3305 1409 3374 ειμι
1430 3305 1468 3373 ἠ
1494 3306 1678 3375 ἄμπε-

113 3399 237 3460 λος,
269 3393 370 3448 καὶ
399 3395 434 3448 ό
469 3392 671 3460 Πατήρ
693 3410 812 3461 μου
833 3395 865 3446 ό
895 3394 1138 3462 γεωργός
1161 3411 1180 3458 ;
1203 3394 1262 3446 οὐ
1294 3395 1404 3465 γὰρ
1433 3395 1513 3468 ιὴ]
1543 3397 1677 3468 αὑτὴ

114 3487 268 3556 φύσις
296 3487 418 3539 ἐστὶ
445 3482 694 3556 γεωργοῦ
725 3484 819 3538 καὶ
846 3485 1112 3554 ἀμπέλου.
1148 3486 1211 3540 'H
1245 3486 1343 3557 μὲν
1367 3487 1476 3559 γὰρ
1505 3489 1679 3561 ὑπάρ-

113 3597 191 3649 χει
215 3577 410 3647 λογικὴ
439 3577 533 3631 καὶ
561 3576 822 3647 ἔμψυχος,
855 3579 889 3646 ἡ
924 3576 982 3630 δὲ
1002 3577 1194 3648 ἄλογος
1228 3580 1320 3632 καὶ
1345 3580 1570 3649 ἄψυχος.

720 3668 1079 3737 Ἀπόκρισις.

177 3761 290 3812 Οὐκ
319 3759 531 3812 ἐπαινῶ
580 3759 680 3828 σὴν
723 3760 1062 3815 ἁστατοῦσαν
1100 3763 1200 3834 τὴν
1248 3763 1545 3833 ἀγχίνοιαν,
1586 3765 1678 3816 καὶ

112 3850 369 3912 πολλάκις
406 3849 512 3916 ἔξω
536 3848 644 3902 τῶν
674 3851 1044 3922 προκειμένων
1069 3854 1467 3923 άποφοιτῶσαν,
1490 3855 1583 3909 καὶ
1610 3857 1676 3926 τῇ

115 3943 387 4012 ἀλλοκότῳ
410 3940 603 3995 πεύσει
636 3960 702 4012 με
732 3944 1184 4014 διαστρέφουσαν.
1213 3947 1323 4001 Καὶ
1357 3948 1405 3999 εἰ
1435 3948 1531 4016 μὲν
1555 3947 1677 4018 βου-

113 4033 333 4101 λόμενος
374 4031 532 4086 τοῦτο
565 4037 758 4098 ποιεῖς,
796 4035 1056 4104 ὲπίγνωθι
1100 4038 1526 4108 γινωσκόμενος·
1555 4041 1602 4091 εἰ
1631 4038 1675 4090 δ’

112 4124 293 4186 ἁπλῶς
323 4123 394 4176 τά
415 4125 660 4194 φυόμενα
675 4127 741 4195 τῇ
765 4124 970 4199 διανοίᾳ
999 4129 1312 4198 προφέρεις,
1347 4129 1676 4199 συγγνώμην

114 4216 222 4286 ἔχε,
264 4217 435 4286 κάμοὶ
481 4217 687 4288 ταύτην
718 4217 1078 4289 δωρούμενος.
1119 4221 1161 4271 Τ
1164 4219 1199 4272 ά
1233 4219 1289 4273 δὲ
1313 4219 1672 4291 Χριστιανῶν,

112 4307 289 4358 πίστει
339 4304 691 4376 κρατύνεται,
742 4308 838 4360 καὶ
870 4308 932 4361 οὐ
968 4307 1366 4379 συλλογισμοῖς,
1399 4309 1466 4362 δι’
1511 4303 1586 4363 ὧν
1624 4312 1672 4362 oi

114 4395 347 4450 πλεῖστοι
376 4397 483 4450 τῶν
516 4397 729 4468 φρενῶν
753 4399 1192 4471 ὲξετινάχθησαν.
1217 4396 1361 4473 Ἀρα
1385 4401 1492 4474 γὰρ
1529 4401 1675 4455 Παῦ-

111 4486 198 4551 λος
227 4489 322 4540 καὶ
363 4487 632 4551 Ἀπολλὼς
653 4491 846 4561 ἐτέρας
870 4492 1114 4562 ὑπῆρχον
1135 4496 1283 4564 παρά
1305 4495 1401 4564 τὴν
1445 4494 1670 4565 Ἐκκλη-

112 4581 230 4633 σίαν
255 4582 504 4650 φύσεως;
539 4583 743 4652 Γράφει
787 4583 895 4654 γὰρ
921 4585 995 4654 τῷ
1018 4586 1188 4657 θιάσῳ
1215 4590 1316 4658 τῆς
1351 4586 1674 4659 Ἐκκλησίας

108 4673 136 4722 ὁ
162 4673 358 4744 ὑψηλὸς
386 4673 485 4743 τὴν
515 4675 750 4728 διάνοιαν
771 4693 784 4705 ο
829 4677 976 4746 Ἐγὼ
999 4679 1322 4748 ἐφύτευσα,
1369 4683 1674 4748 Ἀπολλὼς

112 4764 409 4828 ἐπότισεν,
454 4766 593 4818 ἀλλ’
629 4769 661 4818 ό
697 4767 840 4833 Θεός
867 4769 1149 4834 ηὔξανεν.
1199 4765 1325 4844 Ἆρ’
1351 4769 1443 4827 οὖν
1471 4769 1688 4845 usurae

111 4855 202 4905 καὶ
232 4857 424 4922 ἄλογος
444 4859 476 4924 ὴ
527 4857 822 4926 Ἐκκλησία
848 4859 951 4912 ὑπὸ
972 4861 1184 4915 Παύλου
1215 4863 1552 4935 φυτευομένη
1579 4865 1673 4919 καὶ

123 4943 358 4998 Ἀπολλὼ
412 4947 739 5017 ποτιζομένη
774 4953 837 5018 τῇ
891 4951 1000 5004 τῶν
1042 4953 1270 5007 ἐντολῶν
1326 4957 1517 5028 ἀρδείᾳ
1578 4959 1671 5012 καὶ

109 5033 369 5102 ἆνιδρύσει
390 5055 403 5100 ;

681 5305 928 5366 ΠΕΥΣΙΣ
967 5309 1092 5369 ΡΚ’.

180 5390 324 5450 Διατί
366 5394 676 5468 προέδωκεν
718 5404 747 5456 ὁ
796 5404 928 5467 Θεὸς
975 5405 1066 5458 τὸν
1119 5403 1236 5460 Ἰὼϐ
1285 5404 1363 5482 τῷ
1417 5408 1667 5484 διαϐόλῳ,

108 5481 266 5549 αὐτὸς
293 5488 586 5561 μαρτυρῶν
613 5490 780 5546 αὑτοῖν
809 5495 876 5562 τῇ
903 5494 1216 5570 δικαιοσύνῃ
1233 5500 1328 5554 καὶ
1353 5504 1419 5572 τῇ
1443 5481 1667 5576 ἀληθινῇ

1468 327 1822 389 DlALOGUS
1869 326 1962 386 Ill.

3189 312 3327 371 4006

1765 453 1934 508 clavis
1961 446 2176 504 anisum
2204 442 2412 501 ratione
2447 443 2711 515 assumpti
2732 483 2746 508 ,
2799 447 2852 498 et
2876 440 3032 496 hasta
3073 440 3327 495 vulnera-

1771 555 1905 600 tum.
1937 538 2081 598 Idem
2104 555 2234 612 ergo
2266 535 2397 594 mihi
2417 538 2629 592 videtur
2647 538 2733 608 agi
2759 551 2787 590 a
2807 533 2933 590 luna
2953 533 3176 588 fratrem
3207 531 3332 587 imi—

1771 643 1942 698 tante,
1969 635 2096 689 dum
2139 643 2384 702 tempore
2427 629 2681 686 nocturni
2726 641 2923 682 cursus
2969 623 3090 692 ejus
3124 624 3191 678 ad
3238 637 3328 678 se-

1770 726 1955 796 pulcra
1981 732 2035 778 et
2067 737 2191 778 aras
2221 730 2352 776 eunt
2381 719 2825 791 praestigiatores,
2882 726 2935 770 ct
2985 715 3096 770 illic
3141 727 3335 783 perpe-

1769 825 1984 871 trantur
2015 815 2189 870 caedes
2213 829 2277 868 ac
2305 823 2601 882 puerorum
2627 811 3010 872 mactationes,
3063 817 3118 862 ct
3162 809 3335 862 visce-

1772 917 1892 962 rum
1947 900 2293 976 prepriorum
2341 902 2723 964 dissentiones,
2781 912 3011 970 quorum
3071 899 3336 969 sanguine

1772 997 2161 1068 palpitantibus
2206 992 2386 1048 adhuc
2427 992 2761 1063 jecinoribus
2841 991 2994 1059 impii
3050 990 3338 1060 parricida:

1772 1090 2108 1158 polluuntur.
2132 1086 2374 1153 Quorum
2408 1085 2741 1154 impietatem
2777 1095 2885 1136 non
2915 1082 3012 1138 abs
3044 1095 3103 1137 re
3139 1083 3340 1151 tragice

1773 1181 1923 1236 velut
1968 1194 2249 1250 exponens
2305 1177 2531 1231 Davldes
2582 1176 2671 1229 ille
2721 1174 2961 1236 divinus,
3009 1172 3229 1243 Ittquit:
3270 1169 3338 1226 Et

1773 1279 2131 1326 mactaverunt
2158 1270 2299 1339 ﬁlios
2341 1280 2460 1323 suos
2503 1277 2552 1322 et
2594 1267 2736 1337 [ilius
2785 1277 2908 1320 suas
2946 1266 3262 1320 daemoniis:
3291 1275 3342 1320 et

1772 1360 2067 1432 effuderunt
2098 1359 2402 1431 sanguinem
2439 1359 2736 1423 innoxium,
2774 1357 3082 1428 sanguinem
3105 1353 3341 1428 ﬁliorum

1773 1467 1988 1508 suorum
2013 1465 2060 1508 et
2086 1449 2342 1523 ﬁliarum,
2389 1462 2541 1516 quem
2577 1451 2978 1505 immolaverunt
3009 1449 3344 1519 sculptilibus

1798 1544 2274 1600 Chanameorum'.
2294 1542 2358 1598 Et
2387 1553 2508 1613 post
2533 1544 2658 1606 alia,
2686 1554 2916 1598 messem
2937 1541 3055 1612 ejus
3084 1542 3343 1596 sementis

1775 1637 1910 1708 ipsis
1933 1637 2204 1700 indicans,
2231 1635 2353 1690 ait:
2396 1633 2463 1687 Et
2508 1637 2680 1688 iratus
2732 1644 2810 1689 est
2857 1634 3036 1704 furore
3083 1632 3342 1686 Dominus

1775 1745 1932 1799 super
1954 1729 2207 1798 populum
2237 1744 2416 1790 suum,
2443 1736 2491 1781 et
2519 1726 2850 1780 abominatus
2882 1737 2957 1780 est
2980 1726 3343 1780 Itwreditatem

1777 1831 1926 1872 suam
1947 1821 1988 1872 θ.
2023 1818 2472 1888 Quandoquidem
2501 1818 2666 1887 igitur
2695 1832 2840 1872 nunc
2868 1830 3087 1886 quoque
3119 1817 3344 1887 plurimi

1778 1910 2039 1980 gentilitia
2111 1910 2340 1979 caligine
2397 1908 2646 1969 involuti,
2703 1908 3013 1962 clanculum
3068 1908 3338 1975 majorum

1778 2011 2001 2054 suorum
2061 1999 2233 2054 errori
2281 2013 2340 2054 se
2377 1996 2724 2064 submittunt,
2775 1997 3009 2067 priscam
3055 1995 3342 2068 negitatlo~

1778 2106 1905 2144 ntun
1939 2091 2136 2144 caedem
2188 2090 2242 2144 in
2290 2086 2520 2146 collibus
2567 2097 2660 2144 aut
2708 2088 2972 2158 sepulcris
3014 2099 3107 2143 aut
3149 2101 3344 2142 monu-

1780 2183 1976 2235 mentis
2008 2191 2170 2237 noctu
2218 2191 2493 2247 exercent,
2532 2181 2812 2237 nidoribus
2843 2190 2898 2236 et
2939 2181 3206 2251 sanguine
3241 2181 3346 2236 dae;

1779 2285 1967 2325 moues
1999 2282 2348 2333 venerantur,
2368 2285 2507 2341 quos
2528 2270 2678 2341 ipsos
2698 2272 2862 2326 etiam
2893 2269 3040 2325 domi
3067 2270 3345 2341 supplices

1777 2361 2003 2413 adorant
2030 2377 2042 2412 :
2067 2359 2272 2416 idcirco
2302 2360 2451 2422 luna,
2485 2372 2798 2428 quanquam
2837 2371 2896 2412 se
2939 2372 3045 2412 non
3086 2357 3342 2419 dimittat,

1777 2463 1886 2520 pra:
1921 2451 2108 2505 dolore
2135 2461 2314 2506 tamen
2341 2461 2554 2516 aestuat,
2590 2448 3036 2514 exhorret,abdit
3067 2463 3212 2513 sese,
3241 2464 3345 2502 nu-

1777 2542 1896 2595 hem
1954 2541 2207 2604 induens,
2259 2541 2443 2596 fratris
2476 2541 2726 2610 exemplo
2787 2541 3130 2610 splendorem
3181 2555 3342 2595 suum

1779 2633 2010 2704 indignis
2047 2634 2228 2703 largiri
2256 2633 2596 2704 dedignantur,
2638 2633 2855 2688 caelitus
2885 2633 3030 2687 velut
3060 2645 3132 2685 ex
3163 2632 3343 2700 aliqua

1777 2727 1995 2797 specula
2020 2725 2098 2779 rel
2128 2724 2348 2778 sublimi
2385 2723 2521 2782 loco.
2556 2738 2650 2792 per
2677 2723 2850 2793 ipsam
2897 2722 3340 2776 immutationem

1777 2819 1860 2873 sui
1892 2817 2138 2872 clamans
2161 2827 2214 2870 et
2248 2814 2476 2884 caligine
2498 2815 2730 2883 puniens
2765 2822 2928 2884 atque
2951 2827 3210 2869 coercens
3244 2812 3344 2867 ho-

1778 2909 2004 2964 micidas
2040 2907 2108 2960 ab
2138 2906 2304 2976 impio
2335 2904 2594 2960 facinore.

2197 3012 2708 3072 INTERROGATIO
2767 3013 2953 3071 CXIX.

1855 3124 1909 3181 Si
1967 3143 2070 3184 non
2111 3123 2194 3182 est
2237 3125 2520 3198 inaequalis
2561 3124 2656 3180 Dei
2697 3124 2869 3180 Filius
2921 3124 3027 3179 Deo
3077 3133 3131 3178 et
3176 3115 3344 3190 Patri,
3391 3199 3393 3201 _

1780 3218 1870 3273 sed
1903 3233 1998 3288 par
2033 3218 2085 3271 in
2118 3212 2720 3286 onmihus,etejusdem
2744 3215 2965 3272 honoris
2992 3215 3346 3287 ejdsdemque

1779 3307 2325 3378 naturae;quontodo
2375 3308 2548 3378 inquit
2594 3309 2708 3379 ipse
2743 3332 2755 3364 ;
2786 3301 2898 3379 Ego
2951 3325 3069 3362 sum
3113 3308 3257 3374 vilis,
3295 3311 3344 3360 et

1769 3391 1924 3453 Pater
1964 3416 2106 3452 meus
2135 3392 2470 3470 agricola“?
2492 3393 2610 3452 Non
2642 3400 2786 3455 enim
2819 3400 3008 3456 eadem
3045 3408 3239 3454 natura
3262 3407 3346 3454 est

1777 3491 1900 3546 vitis
1939 3501 1993 3547 et
2019 3491 2290 3561 agricolae,
2320 3507 2444 3546 cum
2487 3487 2848 3564 haecquidem
2877 3487 2950 3548 sit
2975 3489 3256 3547 rationalis
3294 3498 3348 3548 et

1778 3582 2034 3645 animata,
2070 3581 2156 3635 illa
2192 3597 2320 3635 vero
2356 3583 2582 3638 rationis
2614 3598 2813 3654 expers
2836 3592 2891 3638 et
2917 3577 3182 3640 inanima.

2405 3671 2709 3742 Responsio.

1847 3757 1963 3813 Non
2000 3759 2159 3814 laudo
2187 3769 2333 3814 tuam
2366 3761 2762 3818 inconstantem
2788 3765 3164 3833 sagacitatem,
3210 3777 3334 3834 qua:

1777 3851 2005 3905 multum
2034 3859 2086 3905 et
2132 3861 2286 3907 extra
2337 3855 2680 3924 propositum
2722 3856 3016 3920 exorbitat,
3061 3861 3115 3911 et
3165 3852 3346 3912 aliena

1776 3940 2072 4008 quaestione
2123 3956 2209 3996 me
2256 3941 2531 3996 distrahit.
2584 3938 2649 3997 Et
2687 3943 2732 3998 si
2769 3942 2990 4014 quidem
3035 3946 3224 4002 Volens
3287 3943 3344 4002 id

1777 4029 1935 4094 facis,
1986 4032 2266 4101 agnoscite
2314 4048 2399 4086 me
2427 4032 2530 4088 hoc
2576 4034 3027 4091 animadvertere.
3090 4032 3185 4090 Sin
3215 4050 3346 4092 vero

1775 4119 2096 4191 simpliciter
2139 4122 2190 4175 in
2249 4126 2429 4178 mente
2475 4125 2650 4194 genita
2701 4120 2935 4195 profers,
2979 4128 3190 4182 veniam
3243 4125 3343 4184 tibi

1775 4211 1890 4265 dari
1919 4212 2078 4276 scito,
2113 4225 2279 4284 quam
2313 4224 2366 4268 et
2406 4215 2539 4269 mihi
2571 4217 2813 4271 vicissim
2861 4215 3094 4290 benigne
3139 4219 3337 4290 largie«

1775 4304 1871 4357 ris.
1904 4300 2340 4358 Christianorum
2387 4305 2602 4376 quidem
2626 4317 2772 4363 certe
2797 4303 3047 4380 dogmata
3085 4312 3188 4367 lide
3211 4327 3345 4368 con-

1777 4393 2017 4445 tinentur
2046 4397 2100 4446 ct
2149 4390 2472 4458 iniciuntur,
2523 4411 2634 4450 non
2672 4398 3210 4464 ratiocinationibus,
3250 4410 3348 4469 per

1778 4498 1916 4552 quas
1949 4480 2166 4553 plurimi
2195 4500 2418 4554 prorsus
2436 4498 2669 4543 mentem
2702 4485 3179 4548 atniserunt.Num
3199 4495 3346 4548 enim

1777 4569 2004 4629 diversa:
2037 4569 2241 4631 Paulus
2288 4588 2342 4631 et
2395 4573 2617 4647 Apollos
2661 4592 2839 4648 erant,
2877 4593 3122 4653 respectu
3164 4582 3349 4641 Eccle-

1778 4667 1892 4731 siae,
1939 4666 2181 4723 natum?
2229 4670 2430 4725 Scribit
2472 4671 2621 4725 enim
2670 4687 2828 4728 sacro
2871 4675 3038 4730 cmtui
3091 4674 3346 4731 Ecclesiae

1780 4757 1978 4812 mentis
2027 4757 2378 4830 intelligentia
2429 4761 2646 4818 sublimi
2696 4765 2953 4833 pratditus
3002 4764 3094 4820 ille
3121 4763 3346 4835 Aposto-

1778 4842 1863 4901 lus
1895 4865 1906 4899 :
1946 4846 2056 4919 Ego
2082 4849 2340 4919 plautavi,
2382 4846 2595 4922 Apollas
2646 4855 2856 4923 rigavit,
2895 4873 2956 4908 ac
3002 4855 3142 4912 Deus
3175 4857 3320 4912 inore

1781 4951 2008 4994 mentum
2053 4939 2276 4996 dedit”.
2329 4937 2468 5000 Num
2521 4946 2682 5014 igitur
2724 4947 2960 5002 inanima
3011 4954 3065 5002 et
3121 4949 3347 5007 rationis

1779 5047 1974 5100 expers
2012 5043 2128 5086 erat
2167 5029 2406 5090 Ecclesia
2440 5051 2469 5090 a
2502 5036 2670 5092 Paulo
2698 5038 3032 5106 plantata,ct
3069 5041 3137 5097 ab
3152 5041 3347 5114 Apollo

1786 5123 1983 5190 rigata,
2049 5139 2143 5192 per
2213 5123 2586 5193 irrigationem
2647 5137 2701 5181 et
2768 5124 3077 5185 insitionem
3143 5149 3347 5203 praeceo

1777 5213 2027 5284 piorum?

2063 5413 2067 5416 _
2226 5319 2742 5389 lNTERROGATlO
2795 5332 2934 5388 CXX
2947 5372 2961 5387 .

1847 5415 2029 5483 Quare
2053 5415 2199 5474 Deus
2223 5420 2442 5477 diabolo
2469 5421 2668 5478 Jolnun
2701 5427 2946 5492 tradidit,
2997 5443 3121 5484 cum
3166 5439 3346 5484 tamen

1778 5506 1893 5576 ipse
1915 5507 2285 5564 testimonium
2309 5511 2454 5568 illius
2494 5513 2720 5582 justitia:
2768 5517 3073 5586 perhibent,
3118 5529 3173 5576 et
3204 5528 3348 5576 vera

185 5610 204 5641 ⁸
239 5611 377 5668 Psal.
421 5632 508 5680 (ιν,
541 5618 629 5684 57,
668 5619 756 5675 58.
830 5621 852 5650 ’
887 5621 1016 5676 ibid.
1066 5625 1157 5680 40.
1236 5629 1279 5660 ¹⁹
1330 5626 1488 5687 Joan.
1545 5649 1633 5699 x-V,

1825 5637 1861 5670 ¹¹
1901 5641 1922 5692 l
1960 5639 2088 5696 Cor.
2133 5657 2212 5707 III,
2251 5644 2304 5696 6.

184 5753 290 5821 (85)
324 5757 583 5820 Νύκτας.
622 5756 783 5813 Forte
817 5762 1027 5827 νυκτός.
1064 5761 1218 5820 Enn.
