3874 6544
558 371 697 430 1007

555 501 723 562 atque
777 493 1242 565 irrepre'hensibili
1291 495 1508 559 vivendi
1560 500 1803 557 rationi?
1844 503 2018 558 Simul
2067 504 2136 558 da

555 589 770 646 veniam
831 603 940 644 non
977 589 1271 645 cohaerenti
1315 604 1442 645 cum
1484 592 1867 661 superioribus
1913 594 2140 649 interro-

557 679 784 748 gationi.
809 677 930 734 Non
954 680 1098 734 enim
1132 682 1374 737 tentandi
1406 681 1578 752 gratia
1609 683 1712 738 hoc
1736 681 1894 738 facio.

1192 770 1507 843 Responsio.

624 861 738 918 Non
770 862 970 932 ipsum,
1022 863 1115 920 sed
1146 879 1267 934 quae
1309 862 1487 935 ipsius
1519 875 1698 934 erant,
1737 883 1845 924 non
1891 865 2137 934 tradidit,

554 953 648 1008 sed
686 954 982 1017 concessit,
1021 969 1282 1010 exercens
1308 953 1508 1010 Jobum
1548 957 1727 1028 ipsum
1758 959 1827 1014 ad
1873 956 2140 1014 fortitudi-

552 1060 701 1107 nem,
736 1053 787 1098 et
822 1043 1099 1100 abducens
1139 1060 1234 1114 per
1283 1061 1373 1101 res
1416 1046 1588 1104 luteas
1642 1049 1830 1104 carnis
1860 1060 2135 1122 expertem

543 1135 924 1192 adversarium
955 1152 987 1190 a
1026 1137 1326 1192 leutatione
1361 1138 1604 1193 hominis
1630 1139 1786 1209 justi.

969 1225 1492 1284 INTERROGATIO
1529 1228 1715 1285 CXXI.

618 1319 782 1375 Baete
810 1318 1019 1384 dixisti,
1043 1336 1153 1375 non
1183 1321 1384 1396 ipsum,
1440 1322 1535 1379 sed
1577 1339 1699 1394 qua:
1735 1323 1907 1394 ipsius
1955 1333 2131 1392 erant,

557 1413 757 1468 tradita
795 1410 988 1474 fuisse.
1016 1411 1157 1478 Quid
1202 1412 1406 1484 igitur?
1446 1430 1514 1468 an
1562 1431 1670 1470 non
1730 1415 1847 1486 ipse
1884 1426 2001 1472 erat
2039 1420 2133 1488 qui

551 1504 832 1560 vermibus
865 1502 1296 1574 perfodiebatur,
1331 1515 1383 1561 et
1423 1506 1493 1562 ab
1515 1506 1596 1562 eis
1627 1507 2038 1574 comedebatur,
2079 1519 2133 1565 et

552 1599 760 1652 saniem
797 1607 932 1652 testa
966 1596 1226 1652 radebat?

1176 1687 1489 1759 Responsio.

617 1779 838 1834 Minime
865 1795 962 1851 per
988 1794 1253 1850 corporea
1293 1779 1517 1834 vulnera
1555 1780 1849 1836 laedebatur
1873 1775 2124 1840 animus:

544 1889 651 1930 nec
675 1888 910 1935 vermes.
937 1872 1071 1927 licet
1109 1879 1284 1926 utrem
1329 1869 1696 1941 perforareut,
1737 1873 1884 1930 iutus
1916 1876 2125 1945 reposi-

545 1976 665 2022 tum
698 1966 1016 2022 thesaurum
1049 1961 1256 2017 adoriri
1286 1970 1556 2032 poterant.
1599 1961 1716 2018 Non
1755 1966 1900 2020 enim
1928 1982 2124 2036 corpus

545 2057 720 2114 Jobus
753 2068 892 2122 erat,
915 2057 1010 2114 sed
1039 2055 1210 2116 Jobus
1249 2064 1367 2112 erat
1413 2055 1526 2125 ipsa
1559 2055 1644 2112 vis
1678 2057 1846 2112 animi
1895 2060 2124 2116 rationis

545 2150 850 2222 particeps;
897 2147 1021 2203 Jobi
1069 2161 1226 2212 vero,
1285 2161 1519 2216 corpus;
1568 2151 1837 2218 corporis,
1886 2167 1973 2206 res
2007 2153 2126 2208 aliae

546 2251 840 2298 terrestres
863 2253 1129 2310 cognatae.
1176 2237 1312 2297 Nam
1350 2239 1405 2292 in
1452 2240 1635 2304 anima
1677 2243 1930 2298 rationali
1973 2260 2126 2300 mens

456 2368 459 2370 ›
547 2344 633 2390 est
658 2333 900 2390 scientiae
921 2332 1208 2388 rationalis
1241 2347 1432 2402 capax.
1480 2331 1634 2398 Quod
1673 2345 1855 2390 autem
1895 2338 2127 2394 rationis

545 2436 632 2483 est
657 2438 874 2494 expers,
907 2439 1072 2478 sensu
1111 2432 1260 2478 caret
1285 2429 1338 2478 et
1367 2425 1574 2478 luteum
1599 2431 1704 2480 est.
1753 2424 2128 2486 hihilominus

545 2532 770 2590 promer
796 2516 1236 2580 commistionem
1276 2530 1467 2570 eorum
1497 2532 1621 2586 quae
1641 2517 1841 2574 diversi
1876 2529 2004 2575 sunt
2031 2538 2124 2590 ge-

548 2614 724 2680 neris,
759 2618 814 2670 et
840 2610 1100 2672 unionem
1150 2607 1470 2664 animalium
1508 2609 1883 2675 rationalium,
1930 2615 2126 2668 merito

546 2704 850 2776 appellatur
875 2704 1062 2777 homo.
1093 2701 1356 2766 Concedit
1383 2701 1549 2772 igitur
1580 2701 1724 2758 Deus
1757 2703 1898 2758 hosti
1940 2713 2122 2760 exter-

545 2813 651 2859 na,
708 2804 760 2851 ut
817 2793 1161 2850 innotescant
1211 2793 1470 2850 omnibus
1515 2793 1771 2850 interiora
1811 2796 1956 2866 regis
2007 2813 2126 2854 sce-

545 2885 1135 2958 ptra,suisl‘ulgoribus
1152 2885 1506 2950 obscurantia
1546 2902 1842 2956 purpuram
1872 2899 2124 2958 aspecta-

545 2980 706 3036 bilcm
746 2989 800 3036 et
828 2979 1098 3034 diadema.
1130 2976 1368 3034 Praeerat
1407 2978 1551 3036 enim
1589 2979 1740 3035 solus
1769 2981 1975 3050 regioni
2007 2981 2126 3037 Usi.

548 3081 724 3138 tarum
755 3088 879 3126 cum
915 3071 1168 3141 imperio,
1192 3070 1514 3142 priusquam
1550 3086 1582 3126 a
1619 3073 1901 3128 vermibus
1945 3074 2126 3144 perfo-

545 3174 758 3222 raretur
785 3165 975 3221 carnis
1020 3164 1196 3234 ipsius
1243 3163 1606 3231 domicilium,
1652 3174 1706 3220 et
1752 3167 2123 3224 illustraretur

545 3255 695 3312 orbis
725 3269 820 3325 per
851 3254 1186 3309 deelaratam
1210 3251 1264 3306 in
1296 3253 1414 3322 ipso
1436 3253 1777 3324 patientiam.
1807 3256 2123 3313 Denudatur

547 3361 681 3418 ergo
732 3354 954 3401 strenua
995 3345 1098 3399 viri
1133 3344 1309 3398 virtus
1384 3360 1505 3400 eum
1555 3345 1894 3402 existimaret
1951 3350 2124 3408 hostis

544 3452 669 3494 cum
693 3436 849 3507 copia
879 3435 1199 3490 facultatum
1241 3435 1470 3490 miriﬁce
1500 3435 1782 3502 delectari,
1807 3454 1873 3495 ac
1904 3439 2122 3496 illarum

546 3544 680 3585 cura
726 3527 876 3582 velut
933 3524 1268 3582 assentando
1311 3536 1632 3594 corruptum
1693 3526 1802 3582 Deo
1846 3528 2121 3584 dicturum

546 3619 881 3677 convicium.
923 3616 1269 3687 Quapropter
1300 3617 1549 3687 exposcit
1580 3617 1753 3687 ipsius
1807 3617 2119 3685 facultates,

549 3713 750 3784 quibus
803 3719 1091 3780 postquam
1127 3708 1416 3780 spoliasset
1439 3709 1640 3780 ipsum.
1684 3720 1738 3764 et
1764 3724 1795 3766 a
1828 3725 1994 3780 scopo
2027 3711 2124 3766 ab-

545 3806 806 3864 errasset,
844 3798 1108 3865 concutit,
1126 3797 1470 3853 charissimis
1500 3797 1690 3853 liberis
1723 3814 1832 3853 una
1853 3815 1978 3854 eum
2004 3801 2124 3874 ipso

546 3892 858 3950 convivium
897 3889 1329 3954 celebrantibus,
1349 3897 1522 3944 totam
1541 3889 1788 3956 domum,
1814 3906 1879 3946 ac
1903 3900 2123 3962 repente

545 4000 791 4040 mensam
819 3981 872 4037 iu
905 3981 1218 4052 sepulcrum
1245 3981 1667 4037 tumultuarium
1692 3991 2016 4036 commutat.
2038 3982 2125 4036 ln—

543 4076 684 4142 fecta
714 4085 894 4131 autem
923 4091 1000 4142 re,
1061 4091 1186 4130 cum
1246 4074 1582 4144 turpitudine
1622 4073 1702 4128 sic
1731 4075 1893 4130 etiam
1939 4069 2119 4148 repul-

545 4186 660 4235 sus,
691 4169 824 4224 alias
859 4169 1116 4223 admovet
1152 4168 1352 4234 divinae
1387 4165 1594 4221 civitati
1627 4166 1931 4231 machinas,
1965 4168 2121 4239 cujus

545 4260 694 4314 cives
724 4257 1085 4332 cogitationes
1121 4266 1297 4323 erant,
1347 4257 1546 4311 iterum
1593 4256 1860 4312 adversus
1907 4257 2118 4316 hostem

546 4350 601 4404 in
637 4349 810 4402 aciem
866 4348 1300 4421 progredientes.
1361 4346 1497 4402 Nam
1532 4357 1820 4418 postquam
1865 4349 2120 4406 omnibus

545 4438 836 4510 spoliasset
875 4436 1152 4490 hominem
1174 4436 1387 4507 justum
1427 4436 1700 4500 diabolus,
1732 4452 1909 4508 neque
1937 4436 2118 4494 ﬂexis-

545 4536 627 4584 set
657 4527 722 4582 ad
751 4524 1149 4596 blasphemiam
1183 4524 1313 4596 (hoc
1354 4525 1499 4580 enim
1533 4535 1673 4592 erat,
1708 4525 1854 4596 quod
1897 4542 2115 4582 summo

547 4620 730 4678 studio
761 4618 1082 4688 quaerebat),
1131 4618 1429 4685 ipsummet
1462 4616 1719 4686 deinceps
1759 4619 2022 4688 exposcit,
2064 4629 2119 4674 et

544 4713 611 4766 ad
647 4711 812 4764 Deum
847 4708 1024 4777 inquit
1052 4726 1066 4763 :
1106 4707 1259 4762 Mitte
1287 4723 1501 4760 manum
1533 4717 1700 4771 tuam,
1733 4718 1782 4762 et
1820 4718 1971 4780 tange
1998 4725 2116 4763 car-

545 4817 634 4856 nes
686 4799 796 4868 ejus
823 4807 873 4851 et
897 4814 1021 4851 ossa
1048 4796 1183 4864 ejus,
1206 4812 1268 4848 ac
1292 4797 1405 4849 vide
1436 4811 1560 4852 num
1596 4797 1650 4848 in
1681 4796 1866 4864 faciem
1893 4797 1987 4856 tibi
2013 4813 2117 4854 non

545 4905 655 4949 tam
697 4893 1058 4945 benedicturus
1083 4890 1173 4956 sit,
1204 4906 1364 4960 quant
1393 4888 1770 4944 maledicturus
1795 4891 1883 4948 "'l
1933 4891 2116 4946 Conli-

543 4986 679 5040 dens
701 4991 883 5037 autem
906 4982 1025 5035 viro
1048 4982 1199 5052 justo
1233 4981 1325 5050 qui
1350 4979 1517 5034 corda
1556 4990 1834 5035 scrutatur
1871 4980 2035 5049 Deus,
2062 4991 2118 5038 et

544 5089 763 5130 onmem
800 5071 1053 5127 allectum
1089 5070 1546 5126 misericordich
1587 5081 1908 5140 praetextum
1949 5073 2117 5142 depo-

545 5165 646 5228 nit,
675 5179 742 5218 ne
771 5171 1051 5232 putaretur
1089 5177 1119 5216 a
1142 5161 1362 5216 diabolo
1397 5177 1560 5232 parce
1587 5163 1889 5233 taugendus
1909 5163 2113 5232 justus,

547 5254 818 5322 simulque
856 5252 1027 5308 fretus
1076 5253 1253 5323 pugile
1297 5268 1419 5316 suo,
1467 5261 1522 5308 et
1553 5252 1698 5308 illius
1742 5254 2115 5309 adversarium

545 5343 885 5410 vituperans,
927 5343 1083 5411 quasi
1133 5357 1299 5396 carne
1351 5352 1405 5397 et
1451 5344 1716 5414 sanguine
1773 5344 1997 5400 inferior
2026 5345 2116 5400 ille

615 5479 660 5511 ¹¹
695 5477 798 5534 Job
839 5493 900 5543 ιι,
944 5481 998 5534 5.

616 5604 750 5675 (85‘)
789 5611 930 5663 Οὐκ.
963 5646 976 5659 .
1004 5649 1018 5663 .
1053 5609 1124 5660 οὺ
1150 5607 1510 5677 παρέδωκεν.
1545 5608 1779 5666 Delenda
1806 5612 2017 5668 videtur
2037 5630 2120 5671 se-

546 5678 725 5730 cunda
746 5679 1238 5753 _negatio.‘repeti_t_a
1269 5679 1586 5753 fortasseex
1609 5687 1881 5753 postrema
1910 5685 2118 5753 syllaba

547 5746 904 5872 theeedeutis
945 5745 1132 5802 αὑτοῦ.
1175 5746 1375 5802 Verum
1414 5745 1624 5819 ἐπέχωξ
1657 5745 2116 5809 Ιηιειόιιηι’θιιίιιι

590 5831 667 5872 :ec
695 5819 960 5872 particula
997 5819 1357 5872 πυσιιατικῶς
1387 5828 1703 5872 usurpatur.
1732 5831 1790 5872 ut
1821 5824 1978 5872 docet
2016 5823 2116 5872 Βιι.

590 5831 667 5872 tec
695 5819 960 5888 particula
997 5819 1357 5889 πυσματικῷς
1387 5828 1703 5891 usurpatur,
1732 5824 1978 5896 ut_docet
2015 5823 2120 5881 Bu-

1608 375 1676 434 S.
1717 377 2025 435 C‘ESARII
2066 377 2402 436 GREGORII
2433 373 2742 440 FRATRIS

3652 382 3759 438 l003

2244 505 2340 558 καὶ
2366 505 2642 579 ἀμέμπτῳ
2674 505 2949 578 πολιτείᾳ;
2985 505 3080 559 καὶ
3131 496 3478 573 συγχώρησον
3517 500 3580 571 τῇ
3605 500 3763 555 ἀνακο-

2241 595 2414 670 λούθῳ
2444 601 2731 672 ἐρωτήσει·
2759 601 2820 654 οὐ
2859 599 2966 672 γὰρ
2995 596 3278 670 πειράζων
3295 594 3452 648 τοῦτο
3477 593 3622 647 ποιῶ.

2857 775 3219 844 Ἀπόκρισις.

2313 871 2428 927 Οὐκ
2446 871 2627 933 αὐτὸν,
2653 869 2788 926 ἀλλὰ
2805 869 2855 925 τ’
2871 868 3058 932 αὐτοῦ,
3083 867 3144 921 οὒ
3173 864 3485 937 παρέδωκεν
3499 860 3643 932 (85‘).
3661 860 3764 914 ἀλλὰ

2241 959 2644 1033 συνεχώρησεν,
2680 958 2975 1032 γυμνάζων
3009 957 3145 1028 πρὸς
3178 953 3447 1027 ἀνδρείαν,
3475 953 3565 1006 ml
3588 951 3765 1020 ἐπάγων

2244 1053 2333 1111 διὰ
2364 1052 2538 1126 πηλοῦ
2565 1053 2654 1107 τὸν
2685 1053 2926 1124 ἀσαρκον
2955 1045 3364 1119 ἀνταγωνιστὴν
3384 1044 3477 1099 τοῦ
3509 1043 3712 1098 δικαίου.

2790 1225 3040 1282 nem:
3076 1225 3254 1281 PKA'.

2303 1317 2503 1385 Καλῶς
2539 1321 2789 1392 εἴρηκας,
2831 1318 2906 1392 μὴ
2935 1319 3122 1380 αὐτὸν,
3163 1317 3299 1372 ἀλλὰ
3339 1315 3388 1370 τ’
3424 1310 3587 1367 αὑτοῦ
3622 1329 3767 1382 παρα-

2232 1412 2497 1467 δεδόσθαι.
2533 1412 2598 1466 Τί
2624 1409 2752 1478 οὖν;
2781 1413 2881 1465 οὐκ
2907 1413 3069 1476 αὐτὸς
3103 1406 3197 1465 οὖν
3227 1409 3338 1480 (86)
3371 1411 3400 1462 ὁ
3433 1409 3545 1470 τοῖς
3574 1403 3768 1472 σκώληξι

2235 1505 2632 1578 συνηλούμενος
2649 1505 2784 1578 (87),
2808 1506 2902 1559 καὶ
2927 1505 3019 1558 ὑπ’
3045 1504 3227 1558 αὐτῶν
3250 1496 3674 1570 κατεσθιόμενος,
3697 1495 3769 1548 καὶ

2230 1596 2322 1650 τὸν
2357 1597 2530 1669 ἰχῶρα
2564 1595 2700 1665 ξέων
2733 1597 3024 1670 ὀστράκῳ;
3423 1581 3428 1586 ⁸

2840 1689 3205 1757 Ἀπόκρισις.

2304 1780 2472 1834 Οὐδὲν
2502 1781 2570 1852 τῇ
2624 1783 2910 1852 σωματικῇ
2949 1779 3151 1851 τρώσει
3206 1779 3305 1849 τὴν
3331 1776 3517 1848 ψυχὴν
3565 1774 3769 1845 ἐτρώθηο

2233 1873 2341 1928 οὐδ’
2363 1874 2526 1928 αὐτὸν
2561 1873 2795 1928 θύλακον
2832 1873 3243 1944 διατρήσαντες,
3275 1871 3353 1942 τῷ
3383 1869 3672 1940 ἐγκειμένῳ
3696 1867 3773 1938 θηο

2233 1966 2420 2039 σαυρῷ
2457 1966 2785 2039 προσδαλεῖν
2824 1966 3070 2038 ἴσχυσαν.
3113 1967 3187 2018 Ui:
3215 1963 3325 2034 γὰρ
3369 1963 3496 2016 Ἰὼϐ
3533 1963 3592 2016 τὸ
3623 1961 3770 2029 σῶμα,

2232 2058 2368 2112 ἀλλὰ
2415 2058 2537 2112 Ἰὼϐ
2574 2057 2635 2112 τὸ
2675 2057 2915 2127 λογικὸν,
2948 2059 3156 2112 ἐκείνου
3186 2059 3242 2111 δέ
3285 2057 3348 2110 τὸ
3394 2047 3578 2126 σῶμα,
3617 2053 3769 2107 τούτου

2231 2149 2288 2204 δὲ
2315 2151 2381 2205 τὰ
2406 2151 2470 2204 ἐκ
2505 2152 2606 2219 γῆς
2638 2149 2911 2221 σύμφυλα.
2956 2151 3020 2203 Εἰ
3054 2150 3152 2219 μὲν
3184 2150 3292 2222 γὰρ
3319 2149 3471 2220 ψυχὴ
3503 2148 3676 2218 λογικὴ
3700 2147 3768 2200 νοῦ

2232 2242 2327 2296 καὶ
2359 2243 2700 2313 ἐπιστήμης,
2722 2242 2912 2313 λογική
2948 2259 3007 2294 τε
3031 2242 3123 2296 καὶ
3151 2243 3394 2314 δεκτικὴ,
3427 2242 3493 2295 τὸ
3519 2241 3767 2311 δέςάλογον,

2232 2333 2558 2403 ἀναίσθητον
2595 2335 2690 2386 καὶ
2740 2330 3021 2402 πηλῶδεςο
3061 2331 3196 2384 ἀλλά
3240 2334 3306 2402 τῇ
3359 2333 3653 2403 συγκράσει
3688 2331 3770 2382 τῶν

2233 2423 2566 2495 ἑτερογενῶν
2606 2423 2701 2474 καὶ
2740 2420 2932 2474 ἐνώσει
2962 2419 3115 2484 ζώων
3141 2419 3372 2488 λογικῶν
3408 2419 3770 2491 προσαγορεύε-

2231 2533 2321 2569 ται
2356 2515 2580 2579 εἰκότως
2605 2516 2632 2567 ὁ
2667 2513 2874 2586 βροτός.
2909 2514 3188 2584 Συγχωρεῖ
3212 2509 3303 2565 οὖν
3330 2515 3358 2565 ὁ
3388 2511 3527 2576 Θεὸς
3557 2513 3627 2583 τῷ

2235 2607 2342 2682 μίῳ
2372 2608 2439 2661 τὰ
2467 2605 2592 2673 ἔξω,
2621 2608 2768 2671 ὅπως
2797 2605 3015 2677 γνωσθῇ
3046 2607 3180 2658 πᾶσι
3209 2605 3277 2658 τὰ
3304 2605 3561 2676 ἐνδότερα
3587 2605 3668 2656 τοῦ
3694 2603 3769 2673 βα-

2233 2699 2426 2763 σιλέως
2457 2699 2712 2772 σκῆπτρα
2769 2694 3160 2750 ἐπισκοτοῦντα
3200 2697 3320 2758 ταῖς
3366 2697 3666 2764 ἀστραπαῖς
3697 2694 3773 2763 τὴν

2225 2791 2513 2863 ὁρωμένην
2557 2788 2849 2861 ἁλουργίδα
2889 2788 2983 2841 καὶ
3015 2787 3273 2858 διάδημα.
3319 2787 3508 2856 Mm;
3555 2786 3654 2857 γὰρ
3697 2786 3772 2854 τῆς

2230 2881 2478 2936 Αὐσιτῶν
2502 2881 2684 2954 χώρας
2705 2879 3003 2947 ἐϐασίλευε,
3033 2879 3161 2950 πρίν
3183 2883 3295 2942 τοῖς
3320 2878 3574 2950 ἑρπετοῖς
3589 2877 3773 2947 διατρηο

2231 2972 2389 3044 θῆναι
2433 2974 2531 3044 τῆς
2561 2971 2766 3044 σαρκὸς
2820 2970 2922 3034 τὰς
2979 2969 3241 3035 καλύϐας,
3290 2972 3386 3023 καὶ
3429 2969 3774 3040 ἀστραφθῆναι

2231 3064 2328 3135 τὴν
2357 3064 2682 3134 οἰκουμένην
2705 3063 2770 3133 τῇ
2803 3061 3014 3114 ἐκεῖθεν
3047 3061 3314 3133 ὑπομονῇ.
3345 3058 3772 3131 Παραγυμνοῦται

2231 3153 2322 3211 οὖν
2338 3157 2437 3227 τῆς
2460 3157 2736 3226 γενναίας,
2768 3155 2862 3209 τοῦ
2896 3155 3154 3226 πολεμίου
3182 3152 3468 3216 δοκοῦντος
3497 3156 3565 3226 τῇ
3593 3169 3772 3222 raptos-

2233 3250 2322 3321 σίᾳ
2367 3248 2762 3318 ἐπιγάννυσθαι
2808 3248 2917 3302 τῶν
2968 3248 3284 3320 κτημάτων,
3329 3245 3423 3299 καὶ
3470 3249 3542 3323 τῇ
3585 3243 3772 3296 ἐκείνων

2226 3335 2492 3408 θεραπείᾳ
2515 3336 2897 3407 θωπευόμενον
2925 3336 2998 3408 μὴ
3019 3335 3378 3406 βλασφημεῖν.
3403 3335 3494 3387 Διὸ
3517 3335 3770 3400 ἐξαιτείται

2228 3428 2326 3498 μὲν
2354 3428 2520 3482 αὐτοῦ
2552 3427 2620 3482 τὰ
2655 3428 2990 3500 ὖπάρχοντα,
3034 3427 3261 3480 ἐκείνων
3293 3425 3352 3480 δέ
3382 3425 3668 3496 γυμνώσας
3692 3423 3771 3476 αὖ·

2223 3519 2334 3585 τὸν,
2366 3521 2461 3573 καὶ
2511 3520 2820 3590 ἁστοχήσας
2855 3518 2947 3571 τοῦ
3003 3516 3230 3580 σκοποῦ,
3276 3517 3645 3571 ἐπικατασείει
3681 3518 3772 3577 τοῖς

2225 3612 2502 3681 φιλτάτοις
2539 3613 2697 3665 παισὶ
2730 3610 3166 3682 συνεσθιομένοις
3197 3610 3298 3682 τὴν
3316 3611 3516 3674 οἰκίαν,
3546 3607 3769 3678 αὐτοῦ-κέ·

2223 3701 2334 3756 διον
2361 3704 2530 3771 τάφον
2547 3702 2729 3764 αὐτοῖς
2745 3702 2847 3774 τὴν
2873 3701 3153 3776 τράπεζαν
3169 3701 3565 3772 ἐργασάμενος.
3591 3701 3773 3768 ’Δπραο

2225 3809 2352 3857 κτος
2375 3792 2433 3846 δέ
2471 3793 2568 3846 καὶ
2593 3791 2768 3856 οὕτως
2798 3792 2917 3864 μετ’
2960 3791 3222 3863 αἰσχύνης
3257 3789 3666 3862 ἀποκρουσθεὶς,
3687 3787 3771 3838 λοι-

2224 3884 2326 3938 πον
2354 3887 2422 3959 τῇ
2465 3883 2587 3956 θεία
2611 3884 2765 3938 πόλει
2807 3885 3073 3957 προσάγει
3119 3885 3188 3939 τὰ
3223 3885 3628 3956 μηχανήματα’
3651 3875 3770 3951 ἧςὰ

2225 3977 2438 4032 πολῖται
2473 3977 2725 4049 λογισμοὶ
2751 3973 2908 4042 αὖθις
2936 3977 3013 4049 τῷ
3058 3978 3301 4050 πολεμίῳ
3344 3979 3766 4049 παρατάττονται.

2222 4071 2379 4125 Μετὰ
2400 4069 2509 4142 γὰρ
2531 4070 2593 4124 τὸ
2627 4071 2808 4125 πάντα
2836 4071 3133 4141 ἀφελέσθαι
3153 4070 3248 4124 τοῦ
3266 4070 3474 4124 δικαίου
3489 4070 3517 4121 ὁ
3530 4068 3770 4127 διάϐολος,

2222 4165 2317 4218 καὶ
2343 4165 2418 4236 μὴ
2449 4163 2637 4228 κλίνας
2653 4163 2814 4217 αὐτὸν
2834 4164 2914 4228 είς
2948 4164 3295 4237 βλασφημίαν
3321 4165 3500 4233 (τοῦτο
3513 4163 3617 4234 γὰρ
3641 4158 3769 4228 αὐτῷ

2222 4254 2317 4308 καὶ
2352 4255 2512 4326 μόνον
2553 4249 2621 4328 ἤν
2650 4254 3160 4326 περισπούδαστον),
3191 4256 3353 4309 αὐτὸν
3377 4256 3556 4311 λοιπὸν
3587 4257 3772 4308 ἐκεῖνον

2221 4345 2445 4412 ἐξαιτεῖ,
2473 4345 2566 4400 καί
2593 4363 2728 4418 φησι
2752 4345 2830 4416 τῷ
2868 4345 2988 4416 Θεῷ
3007 4361 3021 4375 ·
3071 4346 3464 4401 Ἀπόστειλον
3491 4346 3600 4413 τὴν
3623 4341 3769 4414 χεᾷό

2220 4454 2359 4502 σου,
2386 4437 2488 4491 καὶ
2515 4437 2665 4505 ἅψαι
2694 4437 2816 4492 τῶν
2845 4437 3090 4506 σαρκῶν
3112 4438 3297 4492 αὐτοῦ
3323 4439 3422 4492 καί
3453 4438 3565 4492 τῶν
3593 4435 3770 4492 ὀστῶν·

2222 4528 2433 4592 αὑτοῦ,
2452 4530 2505 4583 εὶ
2521 4529 2648 4601 μὴν
2667 4531 2755 4596 εις
2774 4530 3101 4597 πρόσωπόν
3119 4546 3192 4583 σε
3214 4530 3552 4599 εὐλογήσει,
3567 4527 3766 4582 ὡσανεὶ

2217 4619 2679 4692 βλασφημήσει.
2715 4621 2943 4694 Θαρῤὦν
2971 4621 3026 4675 δὲ
3059 4621 3136 4691 τῷ
3161 4621 3354 4690 δικαίῳ
3377 4624 3407 4674 ὁ
3436 4622 3531 4684 τὰς
3560 4620 3767 4690 καρδίας

2223 4711 2540 4784 ἐμϐατεύων
2565 4713 2717 4780 Θεὸς,
2753 4714 2848 4767 καὶ
2876 4715 3055 4768 πᾶσαν
3085 4713 3460 4785 προσπάθειαν
3499 4715 3528 4784 ἦ
3567 4711 3764 4781 vetuit;

2223 4805 2496 4875 πρόφασιν
2538 4806 3013 4878 περιαιρούμενος,
3061 4807 3132 4877 μή
3165 4823 3292 4859 ποτε
3321 4807 3543 4876 νομισθῇ
3567 4804 3642 4875 τῷ
3667 4804 3765 4857 6w.-

2221 4896 2364 4968 δόλῳ
2403 4898 2731 4970 φειδομένως
2769 4898 3009 4969 ἅψασθαι
3040 4897 3135 4952 τοῦ
3180 4899 3388 4953 δικαίου
3411 4916 3425 4930 ο
3457 4899 3563 4968 ἅμα
3584 4898 3642 4950 δὲ
3685 4896 3765 4950 καὶ

2223 4986 2442 5062 θαρρῶν
2476 4989 2554 5060 τῷ
2602 4989 2788 5062 οίκείῳ
2833 4991 3132 5061 ἀγωνιστῇ,
3179 4991 3273 5044 καὶ
3308 4991 3567 5056 ὀνειδίζων
3615 4985 3763 5041 αὑτοῦ

2221 5079 2312 5132 τὸν
2345 5079 2662 5145 ἀντίπαλον,
2701 5079 2776 5143 ὠς
2811 5080 2974 5152 σαρκὶ
2999 5082 3093 5133 καὶ
3140 5081 3332 5150 αἵματι
3363 5081 3656 5152 ἡττώμενον
3686 5078 3766 5128 τὸν

2222 5170 2480 5242 ἀσαρκον,
2512 5172 2604 5227 τὸν
2620 5171 2973 5244 καυχώμενον
2996 5174 3090 5226 καὶ
3115 5172 3360 5239 λέγοντα·
3395 5172 3470 5242 Τῇ
3488 5172 3645 5240 ἰσχύϊ
3655 5185 3762 5238 μου

2223 5262 2475 5330 ποιήσω,
2502 5264 2599 5318 καὶ
2634 5263 2706 5332 τῇ
2732 5265 2885 5333 χειρί
2900 5281 3018 5334 μου
3051 5262 3280 5318 καθελῶ
3308 5264 3436 5333 ὅρια
3459 5261 3652 5323 ἐθνῶν,
3676 5261 3760 5312 καὶ

2222 5353 2339 5422 τὴν
2385 5356 2746 5425 οἰκουμένην
2783 5355 2936 5422 ὅλην
2969 5355 3394 5432 περιλήψομαι,
3424 5356 3515 5410 καὶ
3547 5351 3660 5426 ἀρῶ
3693 5352 3762 5414 ὡς

2226 5619 2376 5676 datis
2399 5621 2690 5677 Comment.
2724 5622 2852 5688 (ing.
2887 5617 2977 5675 Gr.
3003 5635 3056 5688 p.
3087 5635 3160 5676 m.
3185 5619 3310 5676 432.

2301 5635 2376 5675 tus
2399 5635 2690 5677 comment.
2724 5635 2793 5676 tu:
2839 5662 2852 5675 .
2887 5635 2977 5675 ω’.
3003 5635 3056 5688 p.

2301 5692 2412 5763 (86)
2445 5688 2588 5746 Οὗν.
2619 5689 2780 5763 Forte
2798 5635 2886 5763 ἓν.
2919 5689 3076 5763 Ept'r.

2299 5751 2408 5834 (⁸⁷)
2449 5751 2925 5834 Συνηλούμενίος.
2953 5759 3118 5819 Forte
3140 5759 3549 5832 συνειλούμενος.
3573 5751 3644 5808 in.
