3874 6524
81 473 203 531 1009

78 587 648 663 ἐγκαταλελειμμένα
681 588 786 643 (bri.
822 586 1051 641 ’Βιτάνω
1079 584 1202 640 τῶν
1231 584 1471 653 ἄστρων
1504 583 1648 637 ἀνα-

78 684 338 751 ϐήσομαι,
366 679 535 747 θήσω
561 679 658 734 ἐπὶ
690 679 809 733 τῶν
828 676 1103 748 νεφελῶν
1129 677 1240 731 τὸν
1265 677 1484 746 θρόνον
1505 693 1648 745 μου,

78 776 162 828 καὶ
195 774 412 843 ἔσομαι
447 772 652 841 ὅμοιος
689 770 769 837 τῷ
808 771 1099 841 ’Υψίστςιλ
1131 768 1309 823 Οἱονεὶ
1347 765 1523 837 γελῶν
1555 768 1653 821 αύ-

77 864 160 921 το)
194 866 292 937 τὴν
317 864 644 929 ἀλαζονείαν
667 865 695 917 ὁ
726 864 887 929 Θεὸς,
923 862 1018 917 καὶ
1045 860 1269 933 φάσκων
1289 876 1304 891 °
1341 861 1407 915 Τί
1437 860 1654 933 κομπά-

78 958 195 1022 ζεις,
232 951 277 1010 ὦ
322 957 491 1029 μιαρὲ
540 956 791 1021 διάϐολες
847 955 958 1009 ἰδοὺ
1008 950 1090 1018 εἷς
1123 953 1232 1008 τῶν
1278 952 1506 1007 οἰκετῶν
1551 968 1652 1023 μου

79 1049 305 1119 πήλινος,
343 1046 555 1119 χοῖκδς,
587 1045 834 1117 εὐτελὴς,
867 1046 966 1118 τὴν
997 1044 1158 1115 φύσιν
1191 1042 1401 1115 βροτὸς,
1432 1044 1532 1096 οὐκ
1556 1042 1656 1111 ἀγ-

77 1140 215 1209 γελος
270 1138 459 1211 (ὕϐρις
499 1140 609 1211 γὰρ
642 1138 859 1207 ἀγγέλῳ
890 1137 1027 1206 πρὸς
1054 1134 1114 1190 σὲ
1148 1130 1533 1204 ἀγωνίζεσθαι,
1564 1130 1655 1188 τδν

81 1230 201 1302 μηδὲ
222 1228 401 1301 πηλοῦ
422 1247 490 1282 πε
500 1227 855 1300 ριεσόμενον)·
883 1226 1053 1291 Ἰδοὺ,
1074 1227 1227 1298 φησὶ,
1250 1223 1657 1295 παραδίδομεν

78 1321 248 1375 αὑτὸν
270 1321 347 1374 ἐν
370 1318 448 1388 τῇ
475 1320 631 1389 χειρί
648 1332 791 1384 σου,
813 1318 978 1371 οἱονεὶ
999 1317 1220 1388 δέσμιον
1245 1317 1340 1371 καὶ
1366 1316 1515 1371 κάτω
1545 1315 1658 1370 κεί-

82 1430 242 1483 μενον.
297 1413 362 1468 El
411 1414 523 1484 ἄρα
559 1411 791 1484 περιέσῃ
821 1409 987 1465 αὐτοῦ
1015 1409 1118 1480 τῆς
1156 1409 1366 1480 ὑψηλῆς
1396 1408 1657 1473 διανοίας,

80 1499 379 1576 τηλιορκῶν
402 1499 570 1555 αὐτὸν
603 1501 698 1555 καὶ
726 1497 962 1564 τοξεύων
990 1498 1049 1553 ὲν
1070 1496 1148 1569 τῷ
1180 1496 1415 1567 σώματι.
1448 1497 1557 1548 Καὶ
1603 1495 1659 1549 τί

84 1591 205 1660 μετά
242 1589 461 1655 rufam;
499 1588 663 1643 οἱονεὶ
705 1587 862 1660 βέλος
911 1586 1284 1659 στεῤῥοτέρως
1333 1583 1659 1657 προσπεσὼν

81 1680 424 1754 ἀπεκρούσθη
459 1682 744 1753 ἄπρακτος
784 1681 813 1734 ό
856 1678 1072 1746 ἀλαζὼν
1104 1680 1201 1733 καῖ
1242 1678 1361 1741 θεὸς
1391 1679 1660 1749 ὑπάρχειν

82 1775 309 1845 οίόμενος
360 1775 530 1845 σαρκὶ
561 1774 815 1845 ἡττηθεὶς
844 1772 941 1828 καὶ
970 1774 1185 1844 αἵματι.
1219 1773 1293 1826 Οὐ
1321 1772 1430 1844 γὰρ
1470 1772 1661 1843 ἴσχυσε

83 1868 375 1940 πολιορκῶν
413 1869 510 1922 καὶ
540 1868 779 1933 τοξεύων
823 1867 923 1939 τὴν
964 1866 1114 1921 θείαν
1149 1866 1244 1920 τοῦ
1272 1866 1523 1937 σώματος
1561 1867 1659 1921 7:6-

82 1960 170 2023 λιν,
200 1962 233 2031 ἦ
262 1978 397 2015 τινα
423 1960 534 2015 τῶν
559 1960 794 2015 πολιτῶν
813 1958 1094 2031 λογισμῶν
1115 1957 1485 2030 χειρώσασθαι
1502 1975 1515 1988 ·
1537 1959 1660 2013 οὐδὲ

82 2052 174 2105 τῶν
199 2053 292 2105 ἐπὶ
323 2052 441 2106 τῶν
466 2052 651 2106 πυλῶν
678 2050 773 2106 τοῦ
804 2051 1073 2123 στόματός
1107 2067 1229 2104 τινα
1257 2051 1525 2123 ἀναιρεῖν.
1570 2050 1659 2103 Ἐν

82 2143 276 2208 τούτοις
318 2144 437 2216 γὰρ
480 2147 615 2199 πᾶσι
648 2148 763 2209 τοῖς
796 2144 1202 2216 συμϐεϐηκόσιν
1240 2141 1409 2214 αὐτῷ,
1452 2142 1571 2197 οὐδὲ
1601 2142 1659 2197 ὲν

83 2238 179 2298 rei;
211 2234 458 2305 χείλεσιν
486 2236 652 2289 αὐτοῦ
682 2237 933 2308 ῆμαρτεν
975 2233 1093 2287 Ἰὼϐ
1140 2233 1380 2289 ἐναντίον
1430 2233 1657 2305 Κυρίου.

95 2327 241 2381 Ἀλλά
290 2328 695 2399 βλασφημῆσαι
735 2327 1184 2397 ἀναγκαζόμενος
1220 2327 1326 2381 ὑπὸ
1362 2326 1457 2381 τοῦ
1504 2326 1660 2382 πολε-

89 2420 219 2488 μίου,
270 2420 593 2474 τούναντίον
641 2420 838 2484 ἐποίει,
887 2419 1136 2490 φάσκων,
1195 2420 1413 2487 Κύριος
1455 2419 1664 2485 ἔδωκε,

87 2515 286 2580 Κύριος
316 2513 608 2580 ἀφείλετο
627 2527 642 2542 ⁸
669 2512 750 2578 ὡς
775 2510 857 2578 τῷ
880 2511 1078 2579 Κυρίῳ
1099 2510 1332 2577 ἔδοξεν,
1358 2510 1546 2579 οὕτως
1567 2513 1668 2567 καὶ

86 2603 342 2672 ἐγένετο·
381 2602 579 2672 εἴητὸ
630 2602 819 2672 ὄνομα
860 2603 1083 2671 Κυρίου
1130 2603 1541 2680 εὐλογημένον
1579 2608 1667 2673 είς

89 2696 211 2762 τοὺς
246 2695 500 2762 αίῶνας.
539 2697 615 2749 Οὐ
645 2695 957 2775 προδίδοται
992 2691 1109 2762 οὖν,
1141 2696 1277 2750 ἀλλά
1305 2696 1666 2769 προϐάλλεται

88 2788 393 2859 ἀγωνιστὴς
432 2789 527 2841 καὶ
570 2788 861 2854 παιδευτὴς
889 2788 1170 2861 ἀνδρείας,
1210 2788 1306 2844 καὶ
1333 2791 1391 2843 ὲν
1419 2792 1534 2853 τοῖς
1563 2788 1662 2845 ἀλο

89 2883 277 2947 γεινοίς
301 2878 401 2932 τοῦ
428 2878 546 2949 βίου
580 2879 986 2952 εὐχαριστείας.

1480 460 1830 517 DIALOGUS
1858 459 1947 517 lli.

3198 448 3335 505 i010

1756 581 1914 643 foret,
1947 578 2040 649 qui
2092 592 2276 633 carnis
2321 584 2439 630 erat
2466 587 2662 644 expers
2706 580 2760 626 et
2795 565 3134 641 gloriabatur
3171 579 3334 637 atque

1752 666 1967 727 dicebat
1999 668 2242 725 :Robore
2264 683 2375 722 meo
2408 666 2625 736 faciant,
2655 673 2704 717 el
2729 679 2888 715 manu
2913 678 3027 714 mea
3061 658 3334 713 destruant

1753 765 2003 819 terminos
2035 760 2289 832 gentium,
2318 767 2367 812 et
2407 757 2582 811 orbem
2615 765 2877 808 terrarum
2901 762 3066 804 totum
3102 752 3334 818 capiam,

1754 864 1804 909 et
1845 854 2027 909 tollam
2073 852 2233 907 veluti
2308 847 2557 906 derelicta
2612 847 2788 899 ora”.
2827 843 3123 897 Ast-endam
3174 857 3345 909 supra,

1754 947 1954 1011 sidera,
1980 961 2174 1016 ponam
2205 958 2367 1011 supra
2402 939 2561 993 nubes
2598 937 2789 990 solium
2824 949 3015 996 meum,
3054 941 3101 985 et
3130 947 3216 983 ero
3269 929 3337 981 si-

1756 1039 1901 1093 milis
1920 1037 2196 1093 Altissimo
2216 1033 2280 1087 ¹⁴⁵.
2316 1031 2487 1100 Quasi
2515 1044 2645 1100 ergo
2665 1027 2850 1082 ridens
2876 1024 3051 1093 ipsius
3074 1035 3337 1089 arrogan-

1759 1132 1889 1188 tiam
1918 1130 2088 1194 Deus,
2134 1127 2314 1199 inquit
2345 1143 2360 1181 :
2386 1122 2554 1191 Quid,
2611 1136 2644 1177 ο
2669 1120 2838 1174 miser
2871 1116 3107 1180 diabole,
3145 1113 3339 1185 gloria-

1755 1223 1878 1278 ris?
1909 1220 2051 1277 Ecce
2087 1234 2232 1274 unus
2279 1224 2366 1272 est
2416 1213 2505 1269 hic
2545 1223 2832 1268 servorum
2876 1220 3144 1268 meorum,
3184 1203 3339 1271 isque

1757 1313 1960 1379 luteus,
1996 1310 2308 1381 pulvereus,
2328 1306 2452 1361 vilis
2484 1319 2514 1358 a
2543 1310 2740 1358 natura
2762 1298 3123 1366 mortalisque
3152 1297 3338 1359 homo,

1756 1418 1869 1459 non
1898 1401 2128 1473 angelus
2150 1404 2331 1469 (turpe
2365 1394 2628 1450 nimirum
2657 1389 2842 1456 fuerit,
2896 1402 3025 1442 cum
3057 1385 3251 1456 angelo
3289 1393 3344 1439 te

1757 1504 1991 1562 certare,
2037 1491 2132 1567 qui
2163 1505 2231 1546 ne
2267 1487 2487 1559 quidem
2528 1485 2645 1539 lnto
2695 1479 2946 1553 superior
2988 1477 3143 1547 eris).
3186 1475 3342 1541 Ecce,

1758 1586 1955 1659 inquit,
2007 1587 2164 1642 trado
2200 1585 2371 1654 ipsum
2403 1583 2458 1636 in
2484 1595 2699 1635 manum
2747 1576 2976 1642 tuam",
3027 1572 3187 1644 quasi
3227 1572 3346 1628 vin-

1758 1690 1907 1737 ctum
1938 1688 1993 1736 et
2017 1686 2381 1751 prostratum.
2411 1673 2545 1730 Vide
2574 1687 2706 1727 num
2744 1668 3024 1725 excelsum
3056 1664 3205 1719 illius
3227 1662 3357 1718 ani--

1758 1789 1911 1830 mum
1951 1785 2213 1844 superare
2243 1767 2448 1840 possis.
2479 1778 2799 1837 expugnans
2833 1761 3013 1832 ipsum
3040 1765 3095 1813 et
3128 1757 3181 1811 in
3216 1770 3341 1811 cor-

1766 1881 1899 1939 pore
1943 1864 2149 1937 jaculis
2189 1861 2495 1931 conligens.
2544 1856 2686 1925 Quid
2743 1853 3047 1911 secundum
3090 1849 3209 1905 haec
3248 1845 3346 1902 lit?

1771 1937 1946 2011 veluti
1987 1953 2232 2023 iaculum
2268 1950 2507 2008 validius
2536 1948 2807 2010 invectus,
2856 1942 3112 2013 repulsus
3141 1949 3225 1994 est
3268 1937 3351 1990 in-

1767 2048 1909 2105 lecta
1944 2062 2004 2104 re
2038 2044 2311 2117 superbus
2339 2053 2395 2100 et
2421 2056 2688 2113 arrogans
2722 2038 2835 2107 ille,
2860 2036 3066 2108 quique
3088 2049 3148 2089 se
3187 2030 3357 2084 deum.

1766 2157 1889 2198 esse
1923 2139 2170 2212 putabat,
2217 2154 2247 2193 a
2296 2151 2461 2194 carne
2502 2141 2795 2205 superatus
2839 2137 2926 2185 est
2968 2136 3022 2183 et
3057 2121 3346 2194 sanguine.

1767 2234 1886 2292 Non
1915 2234 2061 2291 enim
2112 2233 2291 2305 potuit
2325 2226 2693 2301 oppugnando
2725 2222 3051 2296 sagittisqne
3104 2215 3353 2273 feriendo

1769 2328 2008 2384 divinam
2042 2324 2289 2397 corporis
2320 2323 2468 2379 illius
2498 2320 2804 2384 civitatem,
2840 2326 2933 2372 aut
2972 2315 3212 2386 aliquem
3253 2310 3353 2366 ci-

1770 2425 1944 2491 vium,
1967 2437 2162 2492 nempe
2199 2418 2621 2490 cogitationum,
2667 2426 2888 2485 capere,
2942 2424 3120 2482 neque
3159 2422 3353 2479 quem-

1770 2529 1939 2585 quam
1996 2513 2052 2567 in
2088 2509 2265 2582 portis
2318 2507 2433 2563 oris
2471 2504 2743 2562 occidere.
2786 2501 2848 2556 ln
2903 2498 3165 2555 omnibus
3205 2496 3369 2553 enim.

1769 2605 1879 2660 illis
1907 2618 2032 2673 quae
2064 2600 2388 2657 acciderunt
2420 2596 2495 2663 ei,
2548 2610 2657 2650 non
2688 2592 2911 2649 admisit
2952 2590 3122 2644 ullum
3154 2602 3369 2658 peccat

1768 2705 1881 2752 tum
1917 2694 2085 2749 Jobus
2105 2691 2266 2748 labiis
2297 2687 2413 2744 suis
2431 2688 2693 2743 adversus
2714 2682 3043 2744 Dominum;
3074 2677 3171 2735 sed
3194 2678 3356 2733 hoste

1771 2788 2105 2861 impellente,
2157 2792 2217 2838 ut
2250 2781 2362 2837 Deo
2408 2777 2719 2836 convicium
2761 2773 2985 2839 laceret,
3037 2771 3255 2827 diverso
3295 2784 3357 2825 se

1766 2882 1927 2938 modo
1968 2878 2214 2952 gerebat,
2248 2876 2439 2931 dicens
2478 2891 2493 2927 :
2526 2869 2786 2926 Dominus
2869 2867 3038 2933 dedit,
3095 2864 3353 2919 Dominus

90 2978 302 3032 abstulit
326 2995 348 3043 ;
376 2987 434 3031 ut
466 2976 690 3032 Domino
727 2977 948 3046 placuit,
987 2978 1065 3032 ita
1087 2976 1290 3046 factum
1323 2988 1438 3035 est:
1458 2980 1528 3034 sit
1555 2996 1744 3035 nomen
1771 2979 1983 3035 Domini
2010 2974 2337 3032 benedictum
2368 2971 2427 3025 in
2445 2966 2727 3024 sreeula“.
2751 2961 2867 3020 Non
2898 2962 3148 3035 proditur
3173 2959 3365 3030 igitur,

91 3070 171 3125 ⁵⁸⁸³
211 3068 546 3139 ΡτοΡοηίῑυτ
571 3078 630 3125 ιιι
662 3069 809 3140 pugil
836 3078 891 3124 et
921 3070 1183 3142 magister
1211 3070 1578 3140 fortitudinis,
1622 3081 1679 3129 et
1705 3073 2007 3146 gratiarum
2040 3066 2275 3125 actionis
2303 3065 2359 3121 in
2390 3058 2811 3120 adversitatibus
2846 3055 3009 3125 hujus
3038 3054 3178 3109 vitae.

152 3163 441 3232 Τὲτταρας
491 3154 584 3215 οὖν
640 3161 886 3226 παιδείας
913 3162 1147 3233 τρόπους
1202 3163 1383 3235 ἴσμεν
1412 3165 1524 3237 Τὴν
1566 3163 1664 3235 μὲν

90 3254 149 3307 δι’
174 3252 459 3326 ἁμαρτίας
487 3254 618 3324 ἡμῖν
638 3252 773 3324 πρὸς
791 3251 1075 3324 διόρθωσιν
1102 3254 1450 3326 ἐπαγομένην
1501 3254 1678 3325 (Πολ-

92 3346 181 3403 .lal
211 3345 329 3419 γὰρ
351 3347 411 3400 al
424 3343 717 3416 μάστιγες
736 3343 843 3399 τοῦ
863 3344 1407 3417 ἀμαρτωλοῦ,φησ“ιν
1422 3348 1451 3399 ὁ
1465 3346 1675 3416 Δαϐὶδ),

92 3439 180 3509 τὴν
223 3438 285 3491 δὲ
319 3437 391 3491 δι’
425 3434 805 3508 ὑπερηφανίας
848 3436 943 3489 καὶ
977 3434 1148 3505 τύφου
1190 3432 1538 3507 καθαίρεσιν,
1578 3436 1679 3509 τὴν

94 3530 296 3602 οἷδησιν
324 3530 446 3602 ῆτοι
486 3528 800 3601 κορύφωσιν
838 3528 938 3600 τῆς
969 3527 1150 3599 ψυχῆς
1185 3528 1676 3584 καταστέλλουσανο

106 3621 535 3692 Ὑπερηςράνοις
573 3620 683 3691 γὰρ
719 3620 939 3689 Κύριος
980 3617 1427 3673 ἀντιτάσσεται.
1463 3620 1682 3693 ’Έτεροι

96 3716 147 3770 δὲ
172 3713 622 3769 διαλανθάνουσιν
650 3710 854 3786 ἀρετὴν
892 3711 987 3765 καὶ
1031 3711 1284 3783 ἀνδρείαν
1323 3712 1459 3784 πρὸς
1497 3712 1559 3766 τὸ
1590 3731 1681 3785 μι-

100 3806 378 3881 μήσασθαι
407 3805 537 3868 τοὺς
556 3803 820 3876 ὁρῶντας.
861 3801 1075 3868 Οὐδεὶς
1112 3802 1222 3874 γὰρ
1245 3803 1418 3860 ἅπτει
1448 3805 1686 3874 λύχνον

99 3899 194 3953 καὶ
213 3899 463 3965 τίθησιν
491 3895 681 3951 αὐτὸν
703 3893 824 3950 ὑπὸ
851 3895 957 3949 τόν
975 3893 1192 3964 μόδιον
1213 3895 1253 3965 ἢ
1284 3894 1401 3963 τὴν
1440 3897 1683 3964 κλίνην.

98 3991 257 4046 we
280 3989 383 4044 ἐπὶ
409 3988 528 4057 τὴν
549 3985 835 4058 λυχνίαν,
870 3986 971 4039 ἵνα
999 3985 1185 4055 φαίνῃ
1252 3983 1403 4040 πᾶσι
1448 3985 1575 4051 τοῖς
1617 3985 1689 4038 ἐν

100 4082 171 4153 τῇ
200 4083 397 4151 οἰκίᾳ,
428 4079 593 4152 φησλν
636 4080 666 4136 ὁ
694 4078 899 4151 Κύριος
918 4095 933 4109 ο
976 4077 1140 4131 οἱονεὶ
1166 4075 1374 4145 λέγων,
1405 4076 1504 4129 Διά
1531 4075 1687 4129 τοῦτο

102 4176 310 4249 πυρσοῦ
339 4176 493 4247 δίκην
523 4172 700 4248 ὲξῆψα
729 4172 821 4227 τὸν
869 4170 990 4227 Ἰὼϐ
1014 4211 1030 4237 ,
1070 4168 1165 4225 καὶ
1209 4167 1315 4233 ἔξω
1359 4167 1454 4221 τοῦ
1499 4169 1689 4231 ἄστεος

102 4272 192 4327 ktl.
221 4268 449 4342 λυχνίαν
484 4268 584 4338 τῆς
614 4264 849 4336 κοπρίας
873 4262 1078 4333 ἐθέμην
1099 4302 1115 4328 ,
1161 4258 1373 4329 φαίνειν
1405 4260 1540 4314 πᾶσι
1578 4261 1691 4322 τοῖς

103 4362 159 4415 ἐν
200 4365 269 4434 τῇ
300 4358 618 4433 οἰκουμένη.
653 4357 765 4427 Τὴν
796 4356 854 4409 δὲ
901 4353 1141 4425 παντελῆ
1172 4351 1492 4423 κατάλειψιν
1539 4351 1693 4425 παρά

104 4456 236 4510 Θεοῦ
287 4454 357 4509 δι’
411 4452 651 4525 ἐσχάτην
707 4450 907 4512 κακίαν
962 4448 1059 4504 καὶ⁹
1108 4448 1283 4519 ἀμιγῆ
1311 4445 1538 4502 καθόλου
1594 4442 1690 4500 τοῦ

106 4550 413 4620 κρείττονος
434 4564 448 4579 ·
489 4548 629 4617 ὅπερ
661 4546 756 4624 επὶ
796 4542 895 4600 τοῦ,
931 4539 1132 4614 Φαραὼ
1165 4541 1261 4595 καὶ
1291 4538 1385 4594 τοῦ
1417 4538 1691 4605 Ναϐουχο-

103 4644 322 4714 δονόσορ
350 4640 453 4695 zeal.
505 4638 675 4693 Ἰούδα
706 4635 1053 4708 συμϐέϐηκεν
1070 4672 1085 4697 ,
1111 4631 1357 4703 ἀπωλείᾳ
1385 4628 1693 4702 παραδοθῆο

104 4752 196 4789 ναι
222 4733 314 4787 διὰ
340 4729 679 4803 ἀμετάθετον
714 4724 1000 4798 πονηρίαν.
1057 4722 1440 4790 Ἀποστρέψω
1483 4721 1593 4792 γὰρ
1628 4717 1693 4773 τὸ

108 4824 434 4893 πρόσωπόν
448 4838 570 4891 μου
585 4820 686 4874 ἀπ’
697 4816 916 4881 αὐτῶν,
930 4815 1029 4869 καὶ
1046 4812 1222 4877 δείξω
1237 4812 1294 4865 τι
1309 4810 1479 4865 ἔσται
1491 4808 1695 4874 αὐτοῖς

110 4914 201 4969 ἐπ’
219 4914 519 4984 ἐσχάτων,
545 4910 721 4983 φησὶν.
738 4910 766 4961 ό
789 4906 921 4971 Θεὸς
937 4906 1027 4960 διὰ
1050 4904 1149 4975 τῆς
1169 4901 1413 4966 Μωσέως
1427 4898 1697 4971 γλώττης.

122 5007 259 5065 Ἀλλ’
285 5002 382 5062 οὖν
410 5022 476 5075 γε
502 5005 571 5076 τῇ
599 4998 818 5071 παιδείᾳ
842 4997 935 5053 τὸν
958 4994 1430 5068 Ναϐουχοδονόσορ
1458 4992 1699 5062 ἀνασφή-

110 5098 280 5156 λαντα
300 5140 315 5165 ,
348 5098 447 5154 καὶ
472 5098 574 5169 τῆς
604 5090 886 5166 παροινίας
914 5089 1224 5162 ὲκνήψαντα
1254 5086 1352 5141 οὐκ
1394 5084 1705 5139 ἀπωθεῖται

114 5192 143 5245 ὁ
182 5190 459 5255 ἀπωσθεὶς
506 5187 640 5251 Θεός
664 5204 677 5217 ·
716 5184 854 5241 ἀλλά
900 5183 1060 5239 πάλιν
1099 5181 1249 5252 αύτῷ
1277 5178 1376 5250 τὴν
1420 5176 1698 5248 βασιλείαν

116 5282 415 5347 ἀπέδωκεν,
444 5276 722 5351 ἁλουργίδι
751 5272 1049 5352 φαιδρύνας
1076 5272 1172 5329 καὶ
1198 5269 1516 5341 διαδήμασι,

682 5559 933 5615 ΠΕΥΣΙΣ
958 5556 1133 5612 PKB’.

188 5656 602 5730 Πόσαςνὴμέρας
630 5610 1161 5726 διέτ-ριφενὸήἋδὰμ
1182 5652 1239 5704 ὲν
1262 5649 1341 5723 τῷ
1361 5648 1696 5721 παραδείσῳς
1778 5610 1781 5615 Ι

1837 3163 2085 3231 Quatuor
2118 3159 2284 3230 igitur
2313 3155 2509 3212 modos
2537 3149 2914 3223 castigationis
2947 3147 3177 3202 scimus.
3212 3142 3373 3198 Nam.

1778 3254 1884 3310 alia
1905 3252 2124 3325 quidem
2159 3256 2382 3321 propter
2408 3253 2630 3316 peccata
2663 3240 2824 3297 nobis
2855 3238 2925 3295 ad
2959 3236 3357 3294 correctionem

1780 3343 2074 3400 adhibetur
2103 3338 2310 3400 (Multa
2361 3334 2508 3391 enim
2558 3331 2776 3404 ﬂagella
2825 3340 2947 3385 sunt
2982 3327 3272 3399 peccatoris
3292 3325 3377 3388 ‘7,

1781 3435 1960 3507 inquit
1999 3429 2296 3501 Davides).
2342 3428 2462 3483 Alia
2523 3440 2655 3481 vero
2695 3423 3009 3494 superbiam
3050 3428 3106 3476 et
3156 3418 3361 3473 fastum

1782 3528 2006 3599 dejicit,
2043 3525 2148 3580 hoc
2180 3531 2298 3587 est,
2348 3518 2713 3576 elevationem
2751 3531 2817 3572 ac
2866 3523 3137 3570 tumorem
3190 3510 3361 3564 animi

1784 3617 2122 3691 comprimit.
2156 3614 2409 3685 Superbis
2438 3612 2587 3670 enim
2625 3609 2887 3665 Dominus
2936 3604 3132 3661 resistit
3162 3601 3363 3659 “’.,Alii

1785 3723 1967 3769 autem
1996 3712 2256 3765 latentem
2279 3707 2533 3762 virtutem
2562 3712 2618 3759 et
2644 3698 3021 3758 fortitudinem
3047 3693 3383 3757 ostendunt,

1788 3814 1849 3860 ut
1880 3819 2000 3860 eam
2040 3809 2377 3873 spectatores
2415 3796 2721 3852 imitentur.
2754 3790 2953 3845 Nullus
2988 3788 3133 3844 enim
3183 3801 3368 3841 accen—

1787 3897 1868 3951 dit
1902 3895 2168 3950 lucernam
2190 3931 2205 3957 ,
2258 3900 2308 3945 et
2336 3888 2485 3959 ponit
2515 3901 2634 3941 eam
2685 3882 2866 3959 subter
2897 3880 3133 3933 modium
3173 3885 3264 3929 aut
3294 3874 3371 3928 le-

1789 3997 1952 4052 ctum,
1979 3984 2069 4040 sed
2092 3954 2249 4052 super
2284 3954 2663 4034 candelabrum
2684 3990 2705 4029 :
2734 3986 2791 4029 ut
2814 3954 2989 4026 luceat
3016 3970 3254 4025 omnibus
3280 3967 3370 4037 qui

1788 4086 1913 4132 sunt
1940 4076 1993 4129 in
2020 4074 2195 4136 domo,
2225 4068 2404 4140 inquit
2440 4066 2708 4122 Dominus
2730 4063 2807 4116 "z
2841 4059 2999 4130 quasi
3030 4057 3208 4112 dicat:
3236 4054 3369 4110 Pro-

1790 4178 1912 4241 pter
1943 4166 2049 4221 hoc
2079 4165 2255 4218 instar
2276 4159 2415 4215 facis
2440 4154 2663 4213 accendi
2696 4152 2895 4208 Jobum
2918 4192 2933 4217 ,
2968 4158 3023 4206 et
3048 4158 3201 4204 extra
3234 4146 3370 4202 civi-

1795 4270 1958 4317 tatem
1986 4270 2151 4326 super
2183 4251 2576 4309 candelabrum
2602 4256 2943 4303 stercoreum
2979 4242 3161 4314 posui,
3200 4250 3259 4295 ut
3288 4241 3374 4295 lu-

1794 4358 1914 4409 cent
1956 4346 2216 4405 omnibus
2260 4342 2313 4399 in
2346 4341 2483 4397 orbe
2520 4348 2814 4395 terrarum.
2846 4334 2965 4390 Alia
2998 4332 3235 4402 denique
3280 4346 3373 4386 cae

1795 4441 2016 4516 stigatio
2042 4447 2147 4507 est,
2182 4438 2237 4493 in
2265 4436 2586 4491 universum
2609 4446 2640 4486 a
2673 4429 2783 4484 Deo
2812 4427 2991 4485 deseri
3030 4435 3255 4498 propter
3284 4441 3377 4480 ex-

1800 4546 2030 4595 tremam
2054 4530 2352 4604 nequitiam
2371 4536 2426 4584 et
2441 4524 2872 4597 improbitatem,
2888 4522 2976 4578 cui
3002 4520 3139 4575 nihil
3156 4519 3378 4573 omnino

1794 4631 2089 4689 admistum
2123 4634 2208 4683 est
2235 4622 2404 4682 boni:
2432 4619 2581 4694 quod
2604 4628 2658 4675 et
2680 4617 2975 4682 Pharaoni,
3006 4622 3060 4671 et
3086 4612 3386 4668 Nabucho~

1794 4720 2079 4781 donosori,
2111 4724 2165 4771 et
2185 4713 2340 4771 Judie
2374 4710 2626 4782 contigit,
2648 4718 2710 4763 ut
2740 4708 2794 4762 in
2836 4704 3065 4761 exitium
3098 4703 3379 4759 traderen-

1796 4824 1887 4870 tur
1953 4819 2174 4882 propter
2249 4802 2707 4861 inemendabilem
2784 4797 3071 4854 malitiam.
3130 4794 3379 4849 Avertam

1796 4905 1941 4961 enim
1970 4903 2035 4957 ab
2074 4901 2203 4971 ipsis
2237 4899 2429 4970 faciem
2466 4911 2673 4960 meum,
2712 4900 2763 4947 et
2801 4888 3077 4945 ostendam
3097 4887 3223 4958 quid
3260 4903 3380 4942 cum

1799 4997 1927 5066 ipsis
1971 4994 2211 5064 futurum
2259 4990 2330 5042 sit
2381 4988 2437 5040 in
2491 4983 2789 5039 novissimis
2819 5022 2834 5047 ,
2884 4979 3062 5048 inquit
3091 4977 3238 5033 Deus
3283 4994 3381 5047 per

1796 5090 2040 5159 linguam
2072 5083 2237 5141 blosis
2261 5083 2329 5136 ‘°.
2366 5078 2758 5134 Verumtamen
2783 5071 3381 5128 Nabuchodonosorem

1800 5195 1897 5251 per
1927 5175 2273 5246 disciplinam
2326 5170 2627 5228 cautiorem
2660 5166 2932 5222 redditum
2955 5201 2972 5229 ,
3016 5170 3073 5219 et
3107 5178 3173 5218 ex
3209 5171 3384 5217 temu-

1798 5273 1968 5332 lentia
2010 5270 2255 5326 sobrium
2304 5264 2507 5321 factum
2539 5275 2649 5316 non
2682 5256 2864 5328 rejicit
2893 5255 2988 5328 qui
3038 5254 3279 5327 reiectus
3314 5254 3384 5306 ab

1801 5367 1921 5437 ipso
1951 5372 2099 5431 erat,
2139 5362 2316 5416 Deus:
2369 5358 2464 5414 sed
2502 5368 2698 5410 rursus
2726 5351 2805 5407 illi
2836 5364 3064 5420 regnum
3119 5346 3382 5412 restituit,

1802 5473 2047 5531 purpura
2076 5455 2393 5512 exhilarans
2431 5451 2609 5521 ipsum
2645 5454 2700 5501 et
2729 5443 3063 5502 diademate.

2216 5539 2727 5601 INTERROGATIO
2769 5534 2979 5593 CXX“.

1876 5644 2019 5712 Quot
2050 5642 2166 5700 dies
2196 5640 2251 5697 in
2280 5637 2539 5711 paradiso
2572 5633 2757 5706 exegit
2783 5629 3074 5686 Adamus?
3103 5626 3382 5699 Siquidem

116 5751 304 5823 ἐπειδὴ
332 5720 517 5805 πολλοί
544 5747 655 5802 τῶν
679 5720 1030 5818 ιστορούντων
1054 5720 1131 5798 τάί
1145 5745 1265 5798 κατ’
1300 5720 1485 5806 αὐτὸν,
1516 5743 1564 5796 οἱ
1597 5742 1674 5812 μὲπ

1807 5739 1961 5796 multi
1994 5738 2088 5810 qui
2118 5738 2238 5807 ejus
2262 5744 2412 5804 gesta
2440 5728 2722 5787 memoria:
2748 5725 3009 5797 produnt,
3038 5722 3239 5793 partim
3267 5720 3388 5791 qui-

117 5812 364 5914 λέγουσιν
391 5885 406 5911 ,
435 5842 497 5909 ἒξ
529 5842 740 5915 ἡμέρας
768 5812 885 5894 Jan
904 5880 919 5905 ,
945 5838 1077 5909 φησὶ
1102 5880 1117 5904 ,
1150 5838 1282 5907 ἕκτῃ
1326 5835 1510 5905 ἡμέρᾳ
1538 5830 1674 5895 ἦλθε

1810 5835 1933 5890 dem
1968 5828 2191 5887 tradunt
2215 5829 2330 5884 dies
2351 5842 2484 5887 sex;
2517 5824 2779 5894 ideoque,
2814 5827 2875 5874 ut
2904 5819 3094 5881 aiunt,
3122 5824 3276 5871 sexto
3301 5812 3391 5869 die

200 5950 243 5981 “
275 5951 376 6007 lsa.
419 5968 476 6013 χ,
516 5909 603 6011 εξ,
644 5909 729 6003 id.
804 5946 847 5979 “
888 5946 992 6003 lsa.
1034 5962 1146 6011 xw,
1184 5945 1269 6001 l5.
1314 5944 1399 5997 Η.
1464 5944 1506 5974 ’⁸
1540 5941 1643 5996 Job

1778 5941 1820 5995 5.
1896 5939 2146 6013 “dabnt.
2183 5937 2273 5991 ill.
2354 5936 2397 5968 ¹⁷
2437 5931 2581 5990 Psal.
2608 5944 2760 5996 xxxi,
2807 5922 2881 5981 10.
2973 5922 3017 5955 ³⁸
3050 5909 3167 5977 Jac.
3212 5937 3284 5985 ιν,
3320 5916 3403 5989 ϐε

123 6018 151 6075 ι
188 6018 304 6079 Pet.
338 6038 392 6091 v,
449 6008 504 6080 li.
587 6008 629 6054 λ’
668 6018 858 6077 Matth.
920 6033 971 6086 v,
1016 6016 1101 6076 15.
1134 6008 1142 6011 ⁷
1181 6016 1226 6049 ²⁰
1265 6014 1422 6071 Deut.
1465 6029 1635 6078 χχχιι,

1820 6028 1930 6070 sec.
1976 6008 2136 6068 LXX.
