3874 6516
556 493 696 556 {Oli

553 609 704 666 venit
735 609 1013 664 Servator.
1040 609 1147 662 Alii
1175 625 1304 665 vero
1335 625 1429 665 sex
1464 619 1674 667 tantum
1703 613 1895 670 dicunt
1931 612 2116 680 horas;

557 699 788 771 Ideoque
838 708 990 755 sexta
1040 699 1172 754 hora
1211 701 1508 757 cruciﬁxus
1538 703 1812 760 Servator.
1859 704 1965 759 Alii
1994 719 2129 774 qna-

556 791 809 863 draginta
841 793 954 847 dies
987 801 1274 858 asserunt,
1311 809 1452 864 quos
1482 793 1537 848 in
1569 795 1822 866 paradiso
1853 795 2131 850 habitave-

559 883 650 946 rit,
682 890 736 938 et
758 882 810 936 in
843 881 1050 935 deliciis
1079 882 1278 950 egerit,
1315 883 1455 940 unde
1484 894 1702 957 propter
1739 887 2130 957 transgressio-

559 988 682 1030 nem
717 973 977 1042 expulsus
1007 975 1079 1027 sit
1104 992 1116 1028 :
1151 990 1290 1043 quos
1317 975 1474 1030 alunt
1505 977 1754 1033 retulisse
1771 977 2050 1035 Christum
2077 988 2131 1034 et

556 1079 964 1134 compensasse,
994 1079 1102 1132 quo
1127 1073 1366 1150 tempore
1399 1081 1494 1138 per
1519 1068 1873 1140 quadraginta
1892 1069 2011 1126 dies
2036 1084 2132 1124 ne-

558 1171 667 1227 que
694 1155 929 1212 comedit
961 1171 1137 1232 neque
1165 1157 1321 1225 bibit,
1346 1157 1402 1213 in
1434 1159 1648 1216 deserto
1673 1176 1702 1215 a
1736 1161 1956 1218 diabolo
1986 1162 2130 1218 velut

562 1249 726 1304 homo
755 1256 1011 1307 tentatus.

1178 1341 1481 1415 Responsio.

631 1431 785 1498 Quod
813 1433 1172 1508 quadraginta
1193 1434 1402 1492 dierum
1435 1446 1646 1508 tempus
1679 1437 1898 1500 attinet,
1924 1439 1976 1492 id
2005 1454 2133 1493 vero

559 1534 615 1580 et
665 1525 781 1593 ipse
827 1523 939 1598 jam
988 1534 1151 1580 antea
1191 1525 1432 1590 tradidi,
1480 1541 1543 1582 ac
1576 1528 1792 1584 videtur
1821 1529 1954 1583 mihi
1986 1529 2133 1584 haud

561 1616 811 1675 absimile
843 1631 974 1671 vero
1005 1631 1147 1672 esse.
1171 1614 1306 1674 Nam
1345 1617 1449 1672 hoc
1489 1618 1713 1674 imitans
1751 1634 1908 1674 sacer
1946 1619 2134 1674 Eccle-

560 1707 656 1769 sitc
685 1717 880 1770 nostra
905 1719 1079 1764 cmtus
1099 1750 1114 1772 ,
1151 1711 1320 1765 semel
1359 1725 1454 1779 per
1487 1720 1658 1766 totum
1683 1712 1809 1766 anni
1843 1712 2130 1775 ambitum,

559 1815 686 1861 cum
719 1800 1045 1860 abstinentia
1071 1800 1419 1857 severissima
1448 1809 1556 1855 tam
1586 1801 1832 1856 ciborum
1859 1816 2024 1871 quam
2052 1815 2135 1855 re-

561 1907 682 1952 rum
712 1891 943 1961 jejunat,
973 1891 1254 1960 pristinam
1286 1891 1521 1961 paradisi
1548 1893 1800 1961 patriam,
1828 1903 1882 1948 et
1909 1892 2130 1948 deside-

563 1982 786 2044 rabilem
821 1981 966 2036 illius
1015 1983 1216 2037 victum
1247 1983 1518 2038 desiderio
1570 1985 1809 2040 maximo
1850 1994 2128 2055 expetens.

559 2074 829 2132 Nimirum
885 2075 1126 2130 vicissim
1188 2076 1401 2130 cunctis
1459 2077 1619 2145 primi
1673 2079 1916 2147 parentis
1956 2079 2130 2134 nostri

559 2163 759 2220 debitis
798 2162 1049 2219 Christus
1081 2178 1141 2219 se
1192 2164 1446 2232 subjecit.
1501 2163 1636 2220 Cum
1689 2167 1778 2222 ille
1824 2168 1970 2224 dicto
2023 2184 2131 2223 non

563 2255 722 2312 fuerit
747 2254 1012 2320 audiens,
1044 2255 1284 2310 vicissim
1321 2255 1410 2310 hic
1450 2256 1655 2312 obedilt
1692 2272 1866 2328 usque
1897 2259 1967 2314 ad
2002 2273 2131 2313 cru-

562 2363 680 2404 cem
712 2356 768 2402 et
811 2354 1061 2402 mortem.
1094 2346 1188 2402 Ille
1236 2352 1475 2404 tentatus
1510 2363 1604 2418 per
1649 2347 1846 2416 Evam,
1893 2365 2017 2405 cum
2042 2350 2130 2404 illa

557 2441 673 2517 jam
705 2456 735 2494 a
767 2446 1036 2494 tentatore
1062 2447 1314 2509 superata
1343 2449 1510 2506 esset,
1548 2440 1785 2512 gustavit
1812 2441 1877 2496 de
1901 2441 2085 2498 vetitis
2116 2461 2130 2497 :

563 2533 652 2586 hic
683 2539 921 2588 tentatus
947 2531 1156 2608 jejunat
1177 2573 1192 2599 ,
1221 2547 1585 2601 compensans
1604 2532 1965 2604 quadraginta
1999 2550 2132 2590 exa-

560 2634 679 2680 ctos
713 2625 766 2686 in
801 2623 1054 2694 paradiso
1087 2625 1204 2680 dies
1236 2640 1265 2678 a
1317 2623 1495 2694 primo
1517 2633 1744 2697 parente
1771 2633 1963 2681 nostro
1984 2624 2134 2681 Ada-

563 2732 688 2782 mo,
733 2725 786 2770 et
830 2729 927 2787 pro
953 2715 1166 2770 deliciis
1196 2714 1264 2769 ad
1292 2714 1532 2786 inopiam
1583 2731 1685 2771 nos
1723 2715 1989 2772 excitans.
2039 2716 2135 2772 Ille

560 2808 697 2864 deus
720 2808 834 2862 ﬂeri
863 2808 1072 2872 volens,
1115 2807 1412 2865 frustratus
1445 2822 1542 2880 spe
1563 2823 1662 2864 sua
1687 2849 1702 2874 ,
1731 2808 1894 2864 etiam
1929 2809 1980 2863 id
2009 2823 2132 2863 mu-

565 2911 710 2959 tatus
745 2902 928 2958 amisit
957 2902 1103 2972 quod
1131 2903 1286 2976 prius
1311 2910 1465 2969 erat,
1499 2916 1562 2957 ex
1606 2901 1900 2957 immortali
1929 2911 2135 2958 morta-

564 2993 634 3051 lis
661 2993 858 3058 factus.
893 3002 948 3049 et
971 3007 1036 3048 ex
1061 2993 1220 3049 beato
1247 2992 1576 3048 damnatus:
1611 2993 1702 3048 hic
1731 3009 1830 3063 pro
1864 2993 1957 3049 illo
1988 3009 2136 3050 mor-

564 3088 690 3146 talis
716 3087 774 3142 fit
793 3127 808 3152 .
839 3101 1066 3142 manens
1097 3087 1238 3142 Deus
1259 3127 1273 3151 ,
1327 3088 1533 3144 ratione
1564 3097 1773 3143 natura:
1819 3103 1926 3143 non
1965 3096 2138 3142 mutav

563 3189 671 3245 tus,
705 3195 880 3250 neque
911 3180 1086 3236 factus
1135 3179 1276 3233 alius
1311 3178 1520 3234 ratione
1563 3178 1884 3234 divinitatis.
1936 3177 2029 3234 Ille
2067 3192 2135 3232 ex

564 3273 816 3348 paradiso
839 3273 893 3327 in
919 3273 1064 3328 hunc
1087 3286 1458 3326 aerumnosum
1481 3271 1922 3342 laboriosumque
1947 3271 2128 3326 locum

562 3367 822 3436 expulsus
851 3375 963 3422 est:
998 3366 1087 3420 hic
1119 3365 1239 3434 ejus
1290 3379 1456 3419 causa
1504 3364 1572 3420 de
1623 3365 1778 3420 etelis
1815 3365 2133 3430 adveniens,

565 3458 712 3513 illius
735 3457 966 3513 assumit
995 3457 1183 3521 vitam,
1213 3471 1312 3524 pro
1343 3455 1464 3511 luce
1488 3456 1768 3512 inaccessa
1791 3456 2134 3512 tenebrosam

568 3551 709 3607 hanc
737 3557 790 3604 et
823 3548 1115 3604 obscuram
1157 3547 1473 3617 speluncam
1513 3546 1799 3603 habitans:
1831 3547 1951 3604 vice
1979 3547 2137 3602 intel-

569 3639 823 3699 Iectilium
851 3651 906 3694 et
934 3640 1144 3693 ratione
1176 3638 1526 3708 praeditorum
1558 3638 1904 3703 animalium,
1934 3637 2142 3693 anima-

568 3735 714 3792 libus
766 3733 980 3790 ratione
1029 3733 1343 3788 carentibus
1382 3731 1790 3787 circumdatus:
1831 3731 1954 3787 loco
1988 3740 2145 3802 pote—

569 3835 772 3886 statum
805 3825 1050 3885 omnium
1081 3840 1113 3880 a
1152 3825 1352 3895 quibus
1375 3823 1713 3894 gestabatur,
1753 3823 1806 3878 in
1835 3822 1980 3878 ulnis
2011 3837 2136 3878 san-

567 3929 668 3978 ctae
696 3919 915 3990 quidem
969 3916 1214 3974 mulieris
1242 3926 1297 3972 et
1342 3917 1501 3988 cujus
1540 3917 1740 3972 intacta
1773 3926 2140 3987 perpetuaque

566 4009 853 4086 virginitas
872 4015 1038 4071 esset,
1058 4007 1366 4063 communis
1385 4015 1570 4063 tamen
1600 4008 1882 4063 nobiscum
1911 4018 2137 4076 naturae,

566 4108 854 4173 portatus:
889 4115 986 4174 pro
1016 4099 1277 4169 angelicis
1308 4099 1530 4170 hymnis
1557 4107 1612 4154 et
1648 4098 1909 4164 canticis,
1942 4099 2140 4170 petitus

569 4192 863 4248 calumniis
891 4230 907 4255 ,
962 4191 1118 4260 quasi
1153 4190 1481 4245 daemonium
1529 4189 1780 4255 haberet,
1827 4198 1880 4245 et
1909 4205 2002 4259 per
2027 4189 2140 4244 da:-

570 4282 878 4342 moniorum
907 4281 1206 4357 principem
1234 4280 1500 4336 daemonia
1527 4280 1766 4350 ejicerct,
1798 4291 1852 4335 et
1882 4281 2139 4351 populum

569 4374 889 4435 seduceret;
925 4371 1258 4441 caeteroquin
1293 4386 1324 4426 a
1381 4372 1567 4440 pueris
1613 4371 1962 4427 Hebraeorum
2002 4373 2142 4430 cele-

570 4466 785 4529 bratus,
813 4461 1199 4518 clamantibus:
1232 4461 1545 4518 Benedictus
1571 4464 1661 4533 qui
1699 4463 1832 4518 venit
1856 4464 1910 4517 in
1937 4466 2142 4520 nomine

574 4555 786 4610 Domini
811 4555 876 4606 ¹¹.
914 4553 1021 4607 Pro
1040 4554 1162 4608 loco
1193 4553 1439 4624 virginis,
1483 4554 1741 4608 nimirum
1777 4553 1919 4620 Evae,
1953 4571 2141 4625 perpe-

573 4659 721 4704 tuam
749 4647 1014 4717 virginem
1055 4655 1300 4700 sanctam
1343 4657 1572 4701 matrem
1621 4661 1777 4701 suam
1809 4647 2093 4702 suscitavit
2127 4670 2138 4704 :

570 4754 673 4810 pro
699 4739 847 4793 illius
877 4753 1060 4808 poena,
1085 4737 1213 4791 huic
1242 4737 1472 4791 salutem
1503 4752 1598 4806 per
1623 4738 1898 4807 proprium
1925 4755 2142 4794 servum

573 4830 887 4886 Gabrielum
911 4830 1082 4894 misit,
1113 4829 1169 4883 in
1203 4830 1304 4883 hac
1333 4845 1533 4884 sanans
1563 4846 1685 4904 qua:
1709 4831 1798 4884 illa
1821 4832 2138 4902 deliquerat.

572 4921 679 4976 Pro
712 4922 860 4991 ligno
893 4919 1347 4988 transgressionis
1383 4919 1588 4990 lignum
1641 4922 2058 4976 resurrectionis
2089 4920 2143 4977 in

573 5010 751 5066 medio
773 5021 949 5075 terrae,
997 5009 1287 5063 salutat-em
1329 5024 1546 5065 crucem
1585 5025 1739 5066 suam
1781 5011 1914 5066 ﬁxit.
1943 5010 2146 5078 Quem-

573 5104 868 5159 admodum
919 5102 1097 5172 inquit
1130 5101 1218 5157 ille
1249 5102 1554 5158 carminum
1595 5103 1905 5158 divinorum
1955 5112 2146 5159 auctor

574 5193 836 5249 Davides:
872 5192 1012 5246 Deus
1039 5204 1214 5246 noster
1245 5194 1334 5263 qui
1382 5205 1456 5247 est
1505 5205 1626 5247 ante
1652 5194 1847 5248 saecula
1873 5235 1887 5259 ,
1920 5195 2145 5248 salutem

573 5296 821 5355 operatus
850 5297 925 5340 est
949 5288 1004 5339 in
1035 5285 1203 5338 medio
1232 5296 1385 5340 terra:
1413 5289 1476 5342 ".
1513 5286 1618 5342 Pro
1657 5302 1764 5342 non
1799 5288 1892 5341 illo
1925 5287 2144 5358 quidem

577 5376 898 5432 naturaliter
918 5417 934 5442 ,
964 5377 1059 5430 sed
1090 5392 1185 5446 per
1211 5379 1701 5450 transgressionem
1757 5377 1971 5434 letifero
1999 5380 2144 5445 cibo,

576 5481 828 5528 naturam
860 5485 1016 5526 suam
1044 5470 1282 5526 divinam
1321 5479 1524 5526 nostra:
1559 5471 1754 5526 uniens
1776 5511 1793 5536 ,
1829 5472 1984 5528 cibus
2014 5473 2150 5528 vivi-

578 5563 713 5618 iicus
748 5561 926 5617 medio
983 5561 1037 5616 in
1088 5577 1214 5618 aere
1257 5563 1501 5633 pendens
1551 5564 1806 5619 omnibus
1835 5566 2150 5635 propositus

1609 493 1668 548 S.
1700 493 2004 552 CAESARI!
2045 494 2373 553 GREGORII
2415 499 2716 560 FRATRIS

3655 515 3768 570 10H

2231 614 2260 666 6
2285 617 2493 691 Σωτήρ.
2539 622 2720 679 Ἄλλοι
2745 623 2802 678 δὲ
2832 625 3077 693 λέγουσιν
3119 626 3178 690 ἒξ
3207 629 3360 696 μόνον
3385 630 3537 698 ῶρας
3556 646 3569 658 ·
3599 630 3670 686 διὸ
3694 634 3771 686 καὶ

2234 707 2366 780 εκτῃ
2401 709 2518 783 ὥρᾳ
2546 713 2865 787 ἐσταυρώθη
2891 718 2921 770 ὁ
2946 702 3152 788 Σωτήρ.
3187 719 3400 790 ’Έτεροι
3431 719 3488 772 δὲ
3535 724 3769 791 τεσσαρά-

2235 816 2398 853 κοντα
2420 800 2667 871 λέγουσιν
2700 805 2910 878 ἡμέρας
2935 807 3336 878 ἐνδιαιτηθέντα
3362 809 3443 878 τῷ
3468 810 3768 880 παραδείσῳ,

2235 890 2328 943 καὶ
2371 891 2778 966 ἐντρυφήσαντα
2801 937 2814 961 ,
2849 898 3147 968 ἐξωσθῆναι
3206 901 3273 969 τῇ
3325 899 3632 970 παραϐάσει
3655 917 3669 931 ·
3700 902 3771 965 ἃς,

2236 983 2399 1051 φησὶν
2423 1021 2438 1047 ,
2495 985 2829 1054 ἀντεισάγων
2871 987 2900 1039 6
2953 989 3185 1061 Χριστὸς
3229 990 3324 1043 καὶ
3355 989 3656 1058 ἀντισηκῶν
3693 991 3773 1042 οὐκ

2233 1071 2475 1144 ἔφαγεν,
2518 1075 2637 1129 οὐδὲ
2685 1076 2870 1139 ἔπιεν,
2927 1081 3331 1150 τεσσαράκοντα
3375 1080 3586 1152 ἡμέρας
3631 1080 3682 1132 ἑν
3720 1084 3773 1151 τῇ

2235 1167 2426 1241 ἐρήμῳ
2455 1168 2560 1221 ὑπὸ
2589 1168 2682 1222 τοῦ
2716 1168 2960 1224 διαὸόλου
2985 1171 3375 1243 πειραζόμενος
3401 1172 3477 1238 ὠς
3501 1169 3772 1241 ἄνθρωπος.

2841 1347 3201 1414 Ἀπόκρισις.

2305 1435 2505 1490 Τοῦτον
2549 1436 2646 1506 μὲν
2674 1437 2771 1508 τῆς
2817 1438 3258 1509 τεσσαρακοστῆς
3293 1438 3386 1492 τὸν
3422 1438 3620 1508 τρόπον
3645 1436 3778 1508 κὰγὼ

2187 1567 2195 1580 .
2235 1525 2336 1598 ἤδη
2365 1525 2642 1598 προὲφηνο
2677 1526 2770 1579 καὶ
2819 1527 2878 1579 ού
2926 1527 3072 1581 δοκεῖ
3116 1546 3206 1598 μοι
3239 1528 3471 1592 ἀπεικὸς
3521 1529 3773 1598 ὑπάρχειν.

2234 1617 2418 1671 Ταῦτα
2462 1618 2571 1690 γὰρ
2617 1618 2853 1690 ἑπομένη
2887 1620 2922 1689 ἡ
2962 1619 3080 1672 θεία
3126 1620 3226 1690 τῆς
3274 1618 3600 1690 Ἐκκλησίας
3645 1619 3776 1689 ἡμῶν

2234 1710 2522 1780 ὁμήγυρις,
2571 1708 2718 1774 ἀπαξ
2761 1709 2849 1763 διά
2887 1711 3069 1780 πάσης
3101 1709 3196 1764 τοῦ
3238 1710 3487 1764 ἐνιαυτοῦ
3522 1709 3615 1779 τῆς
3645 1727 3777 1778 περιρ

2232 1800 2351 1854 όδου
2385 1802 2480 1854 σὺν
2509 1801 2842 1876 σφοδροτάτῃ
2867 1802 3046 1874 ἀποχῇ
3081 1800 3387 1873 βρωμάτων
3417 1801 3514 1854 καὶ
3550 1799 3778 1870 πραγμάο

2239 1911 2344 1945 των
2366 1891 2633 1962 νηστεύει,
2646 1893 2744 1964 τὴν
2760 1894 2990 1964 ἀρχαίαν
3011 1892 3106 1946 τοῦ
3129 1893 3454 1965 παραδείσου
3480 1889 3779 1959 ἐπιζητοῦσα

2242 1983 2506 2055 πατρίδα,
2559 1985 2654 2039 καλ⁸
2702 1984 2800 2058 τὴν
2847 1985 2963 2037 ἐκεῖ
3002 1985 3349 2058 ίμειρομέκνην
3385 1983 3615 2035 δίαιταν.
3655 1979 3780 2032 Ἀνθ-

2234 2076 2409 2147 υπὲδη
2442 2076 2550 2150 γάρ
2581 2079 2715 2130 πᾶσι
2750 2079 2862 2140 τοῖς
2887 2075 2981 2130 τοῦ
3008 2076 3348 2149 προπάτορος
3371 2073 3535 2144 ἡμῶν
3565 2073 3777 2141 ὀφλήμα-

2235 2184 2319 2220 σιν
2349 2169 2377 2221 6
2403 2157 2658 2239 Χριστός.
2724 2167 2961 2223 Ἐκείνου
3004 2167 3112 2239 γὰρ
3155 2164 3602 2238 παρακούσαντος
3625 2204 3638 2226 ,
3677 2160 3778 2214 ἀνθ-

2235 2255 2492 2310 υπακούει
2523 2249 2678 2320 οὗτος
2710 2257 2871 2328 μέχρι
2912 2255 3143 2326 σταυροῦ
3173 2257 3265 2310 καὶ
3288 2255 3544 2309 θανάτου.
3581 2254 3778 2315 Ἐκεῖνος

2235 2347 2622 2420 πειραζόμενος
2645 2347 2733 2401 διὰ
2776 2349 2877 2418 τῆς
2909 2347 3052 2413 Εύας
3087 2347 3186 2420 ήδη
3216 2348 3534 2421 ἡττημένης
3568 2344 3641 2415 τῷ
3679 2360 3776 2394 πει·

2236 2442 2488 2516 ράζοντι,
2539 2440 2649 2494 τῶν
2703 2441 3166 2513 ἀπηγορευμένων
3217 2439 3602 2508 ἀπεγεύσατο·
3650 2427 3778 2496 οὗτος

2235 2533 2646 2604 πειραζόμενος,
2677 2531 2927 2606 νηστεύει
2960 2529 3436 2604 ἀντιπρυτανεύων
3470 2529 3570 2590 τὰς
3613 2529 3665 2579 ἐν
3695 2541 3777 2575 πει·

2237 2624 2468 2697 ραδείσῳ
2494 2625 2900 2698 τεσσαράκοντα
2927 2623 3137 2694 ἡμέρας
3161 2621 3252 2675 τοῦ
3281 2620 3622 2695 προπάτορος
3649 2616 3778 2687 ἡμῶν

2248 2717 2451 2789 Ἀδὰμ,
2499 2717 2829 2787 ἀντεγείρων
2855 2718 2920 2791 τῇ
2965 2717 3143 2787 τρυφῇ
3175 2715 3274 2785 τὴν
3321 2713 3564 2766 ἔνδειανο
3611 2711 3776 2768 ἐκεῖνος

2231 2810 2349 2880 Θεὸς
2396 2810 2646 2882 γενέσθαι
2684 2809 2961 2882 βουληθεὶς
2997 2809 3054 2862 δέ
3082 2808 3192 2878 (88)
3215 2847 3229 2873 ,
3257 2807 3351 2860 καὶ
3379 2807 3520 2876 ὅπερ
3545 2800 3628 2877 ἦν,
3650 2800 3778 2871 ἐτρά-

2237 2921 2314 2976 πη
2343 2945 2357 2968 ,
2391 2904 2450 2970 ἐξ
2488 2902 2757 2959 ἀθανάτου
2793 2902 2984 2974 Θνητδς
3018 2901 3340 2972 γενόμενος,
3393 2900 3491 2951 καὶ
3537 2900 3600 2950 ὲκ
3631 2895 3776 2963 μάκα-

2239 3012 2330 3070 ρος
2360 2997 2714 3067 κατάκριτοςο
2748 2990 2899 3058 οὗτος
2931 2994 3068 3065 ὑπὲρ
3103 2991 3308 3045 ἐκείνου
3351 2989 3546 3062 βροτὸς
3583 2987 3775 3056 γίνεται,

2241 3090 2416 3160 μένων
2454 3087 2616 3152 Θεὸς,
2647 3087 2722 3158 μὴ
2753 3088 2981 3157 τραπεὶς
3018 3085 3116 3156 τὴν
3167 3083 3328 3151 φύσιν
3354 3122 3370 3148 ,
3403 3081 3480 3152 μὴ
3507 3078 3777 3137 ἀλλοιινθε¹ις

2238 3181 2334 3254 τὴν
2368 3182 2612 3253 Θεότητα.
2664 3179 2900 3242 Ἐκεῖνος
2929 3179 2992 3231 ἐκ
3017 3175 3344 3247 παραδείσου
3380 3177 3458 3237 είς
3483 3173 3542 3226 τὸ
3571 3169 3776 3241 ἐμπαθὲς

2241 3277 2332 3330 καὶ
2384 3274 2640 3328 ἐπίπονον
2687 3271 2846 3325 τοῦτο
2895 3268 3166 3340 ἐξοικίσθη
3221 3267 3447 3338 χωρίον’
3482 3261 3631 3328 οὗτος
3665 3264 3774 3332 ὑπὲρ

2239 3367 2448 3422 ἐκείνου
2477 3366 2534 3432 ἐξ
2555 3361 2799 3437 οὐρανῶν
2828 3361 3207 3432 ἐπιφοιτήσας,
3233 3360 3321 3412 τὸν
3343 3358 3550 3411 ἐκείνου
3579 3355 3776 3422 ἀναλαμ-

2239 3458 2460 3511 ϐάνεται
2512 3455 2660 3526 βίον,
2701 3453 2822 3507 ἀντὶ
2879 3451 3056 3521 φωτὸς
3109 3450 3202 3503 τοῦ
3253 3449 3544 3522 ἀπροσίτου
3590 3448 3647 3500 τὸ
3679 3461 3776 3498 σκοσ

2237 3550 2409 3603 τεινόν
2435 3548 2529 3602 καὶ
2557 3545 2796 3617 ἀφεγγὲς
2833 3546 3026 3617 ἄντρον
3057 3543 3221 3597 οἰκῶν
3245 3559 3260 3574 ’
3297 3544 3421 3597 ἀντὶ
3460 3541 3566 3595 τῶν
3608 3539 3774 3609 νοερῶν

2238 3643 2331 3694 καὶ
2363 3639 2593 3709 λογικῶν
2622 3635 2796 3703 ζώων,
2827 3635 2984 3701 ζώοις
3015 3635 3229 3704 ἀλόγοις
3257 3635 3619 3705 κυκλούμενος
3638 3649 3650 3662 ·
3681 3631 3775 3684 ἀντὶ

2239 3732 2429 3788 πασῶν
2453 3728 2730 3804 φερουσῶν
2753 3727 3055 3798 δυνάμεων,
3083 3727 3348 3796 ἀγκάλαις
3373 3725 3622 3794 γυναικὸς
3643 3723 3772 3789 ἁγίας

2243 3827 2361 3899 μὲν,
2393 3827 2660 3899 ἀχράντου
2691 3825 2784 3878 καὶ
2813 3821 3118 3886 ἀείπαιδος,
3170 3819 3270 3890 τῆς
3315 3819 3372 3873 δὲ
3420 3819 3603 3887 κοινῆς
3648 3815 3771 3885 ἡμῶν

2241 3921 2488 3990 φύσεως.
2551 3916 2848 3988 φερόμενος
2873 3931 2887 3946 ο
2943 3914 3064 3969 am
3121 3911 3424 3982 ἀγγελικῶν
3482 3910 3655 3980 ὓμνων
3702 3905 3773 3956 καὶ

2240 4013 2393 4085 ᾠδῶν
2415 4050 2428 4073 .
2458 4009 2960 4082 συκοφαντούμενος
3003 4006 3277 4076 δαιμόνιον
3318 4003 3459 4072 ἔχειν
3487 4042 3501 4066 ,
3533 4005 3618 4053 καὶ
3644 4001 3692 4052 ὲν
3716 3994 3773 4063 τῷ

2241 4106 2460 4177 ἄρχοντι
2493 4103 2782 4174 δαιμονίων
2812 4101 3094 4156 ἐκδάλλειν
3140 4098 3206 4152 τὰ
3237 4097 3487 4168 δαιμόνια
3512 4135 3526 4157 ,
3558 4094 3642 4145 καὶ
3667 4090 3772 4141 πλεο

2240 4197 2337 4269 νᾷν
2399 4195 2524 4259 τοὺς
2574 4193 2762 4264 ὄχλους
2792 4209 2808 4224 θ
2861 4191 3047 4245 παισίν
3093 4187 3359 4259 Ἑϐραίων
3414 4183 3772 4255 άνυμνούμενος

2244 4286 2520 4358 βοώντων,
2577 4282 2992 4353 Εὐλογημένος
3026 4285 3057 4336 ό
3096 4280 3415 4350 ἐρχόμενος
3457 4278 3528 4331 ἐν
3570 4275 3773 4342 ὀνόματι

2242 4379 2484 4447 Κυρίου.
2517 4375 2660 4428 Ἀντὶ
2687 4373 2953 4444 παρθένου
2979 4372 3077 4442 τῆς
3095 4369 3240 4433 Εὔας
3257 4367 3510 4424 ἀείπαιδα
3531 4366 3621 4435 τὴν
3643 4362 3773 4429 ἁγίαν

2244 4469 2408 4525 αὐτοῦ
2462 4468 2670 4540 μητέρα
2700 4466 3022 4536 ἀντήγειρεν
3043 4480 3056 4494 ·
3087 4462 3209 4515 ἀντὶ
3255 4460 3345 4513 τοῦ
3397 4460 3604 4529 ἐκείνης
3633 4459 3773 4508 smn-

2255 4561 2396 4634 μίου,
2419 4559 2590 4630 ταύτῃ
2611 4559 2692 4622 τὸ,
2712 4556 2908 4626 Χαῖρε,
2930 4553 3018 4607 διὰ
3038 4551 3130 4604 τοῦ
3155 4551 3353 4604 οἰκείου
3374 4549 3558 4602 δούλου
3579 4542 3772 4615 Γαϐριὴλ

2251 4652 2600 4712 ἀπέστειλεν,
2642 4651 2699 4703 ἐν
2728 4648 2899 4722 ταύτῃ
2934 4647 3003 4699 τὰ
3047 4645 3259 4714 ἐκείνης
3309 4642 3635 4712 ἀκούμενος’
3678 4634 3771 4690 ἀντὶ

2253 4747 2409 4814 ξύλου
2460 4741 2855 4813 παραϐάσεως,
2897 4738 3050 4804 ξύλον
3083 4735 3427 4798 ἀναστάσεως
3453 4737 3512 4787 ἐν
3546 4733 3673 4803 μέσῳ
3695 4727 3768 4792 τῆς

2252 4839 2355 4909 γῆς
2381 4878 2394 4901 ι
2422 4837 2512 4890 τὸν
2559 4835 2824 4904 σωτήριον
2875 4829 3066 4884 ἐαυτοῦ
3115 4828 3342 4898 σταυρὸν
3384 4825 3564 4896 ἔπηξε.
3618 4818 3769 4909 [inﬁt-'5

2253 4907 2414 5001 φησιν
2457 4925 2619 4980 Δαῦὶδ
2643 4927 2670 4977 6
2699 4925 2806 4978 τῶν
2831 4921 2990 4975 Θείων
3023 4918 3255 4993 μελῳδός
3281 4934 3295 4947 ⁸
3341 4919 3397 4970 ’0
3435 4918 3503 4970 δὲ
3535 4914 3637 4983 πρὸ
3669 4907 3770 5001 αἱφ-

2399 5021 2543 5085 Θεὸς
2579 5017 2747 5089 ἡμῶν
2768 5014 3081 5085 εἰργάσατο
3101 5013 3402 5082 σωτηρίαν
3427 5012 3497 5064 ἐν
3522 5009 3672 5079 μέσῳ
3689 5000 3770 5065 ι’ἦς

2253 5115 2397 5187 γῆς’
2426 5113 2545 5168 ἀντὶ
2566 5111 2663 5181 τῆς
2706 5108 2765 5161 ού
2795 5108 2952 5178 φύσει
2996 5104 3131 5159 ἀλλά
3159 5105 3410 5174 παρακοῇ
3447 5096 3768 5169 Θανατηφόρου

2252 5206 2449 5275 ἐδωδῆς
2470 5244 2485 5269 ,
2510 5203 2606 5272 τὴν
2635 5199 2825 5255 ἐαυτοῦ
2861 5198 3009 5250 Θείαν
3040 5197 3200 5270 φύσιν
3225 5197 3289 5265 τῇ
3318 5193 3558 5264 ἡμετέρᾳ
3588 5187 3766 5243 ὲνῶσεις.

2254 5295 2533 5365 ζωηφόρος
2558 5292 2724 5362 ὲδωδὴ
2757 5291 3039 5361 πρόκειται
3063 5288 3204 5342 κατά
3244 5288 3332 5340 τὸν
3383 5288 3516 5358 ἀέρα
3541 5284 3637 5338 ὑπὸ
3664 5278 3764 5330 πάν-

2255 5405 2362 5440 των
2395 5383 2752 5456 μετεχόμενος
2775 5425 2790 5446 ,
2835 5382 2930 5436 καὶ
2984 5381 3158 5450 μένων
3201 5381 3230 5432 6
3264 5379 3423 5442 αὐτὸς
3471 5378 3706 5446 ἀληκτος,
3747 5368 3767 5415 ὁ

2257 5477 2397 5549 ύπέρ
2421 5476 2530 5530 τῶν
2553 5474 2896 5544 κατακρίτων
2921 5471 3267 5543 κατακριθεὶς
3296 5469 3566 5532 ἑκουσίως,
3586 5465 3650 5525 ὡς

2257 5567 2351 5622 καὶ
2369 5548 2569 5636 βροτὸς
2592 5565 2620 5617 6
2647 5565 2827 5628 αὐτός.
2855 5565 3063 5635 ’Ὥσπερ
3105 5559 3196 5616 οὖν
3229 5562 3322 5615 καὶ
3354 5561 3510 5632 χολὴν
3533 5548 3765 5625 ὲψωμίσθτι

573 5664 697 5718 est,
729 5662 784 5708 et
815 5654 884 5708 ab
919 5654 1180 5709 omnibus
1229 5656 1524 5725 percipitur
1549 5695 1564 5718 ,
1617 5656 1734 5727 ipse
1790 5658 2136 5714 nihilominus

2256 5659 2349 5712 καὶ
2395 5657 2506 5721 δξει
2562 5657 2779 5729 ἄρδεται
2808 5698 2822 5721 ,
2871 5657 3009 5726 ὑπὲρ
3039 5655 3138 5726 τῆς
3189 5653 3283 5707 τοῦ
3347 5652 3513 5720 ’Λδὰμ
3561 5645 3765 5718 βρώσεως

615 5772 658 5802 ’ί
703 5767 1009 5832 Matth.xxr,
1063 5765 1130 5832 9;
1183 5766 1353 5825 Marc.
1415 5783 1492 5834 XI,
1549 5769 1651 5836 10;
1702 5767 1859 5825 Joan.
1914 5787 1966 5832 κ,
2028 5771 2111 5827 i3.
2187 5776 2234 5808 ”
2287 5770 2771 5835 Psal.t.xxm,12.

653 5886 763 5956 (88)
790 5885 1188 6010 Deest'aliqzuid
1247 5883 1547 5950 forsanoue
1605 5889 1930 5964 legendum:
2063 5891 2136 5960 βοτ

653 5959 850 6010 sarcire
875 5955 1028 6010 velis.
1109 5970 1222 6010 nn.

2241 5893 2377 5958 Ξεὶς,
2425 5889 2712 5962 ἀποτυχὼν
2743 5887 2798 5942 δὲ
2848 5887 2942 5959 τῆς
2978 5883 3223 5949 ἐλπίδος,
3266 5883 3372 5940 nisi
3421 5879 3570 5935 aliter
3620 5874 3762 5928 locum

584 5955 850 6025 περιεῖτε
875 5955 1028 6016 velis.
1067 5955 1222 6018 Εωτ.
