  <div class='ocr_page' id='page_1' title='image "/cluster/home/n/w/nwhite01/storage/ocr_20150623/38/hvd.32044014674576/516.png"; bbox 0 0 3874 6560; ppageno 0'>
   <div class='ocr_carea' id='block_1_1' title="bbox 90 436 224 492">
    <p class='ocr_par' dir='ltr' id='par_1_1' title="bbox 90 436 224 492">
     <span class='ocr_line' id='line_1_1' title="bbox 90 436 224 492; baseline 0.015 -2"><span class='ocrx_word' id='word_1_1' title='bbox 90 436 224 492; x_wconf 70' lang='grc' dir='ltr'><strong>ιοιδ</strong></span> 
     </span>
    </p>
   </div>
   <div class='ocr_carea' id='block_1_2' title="bbox 85 550 1671 634">
    <p class='ocr_par' dir='ltr' id='par_1_2' title="bbox 85 550 1671 634">
     <span class='ocr_line' id='line_1_2' title="bbox 85 550 1671 634; baseline 0.009 -32"><span class='ocrx_word' id='word_1_2' title='bbox 85 550 419 623; x_wconf 75' lang='grc' dir='ltr'><strong>Θεανδρικῶς</strong></span> <span class='ocrx_word' id='word_1_3' title='bbox 448 554 740 619; x_wconf 80' lang='grc' dir='ltr'><strong>άποτιννὺς</strong></span> <span class='ocrx_word' id='word_1_4' title='bbox 762 555 927 611; x_wconf 80' lang='grc' dir='ltr'><strong>αὐτοῦ</strong></span> <span class='ocrx_word' id='word_1_5' title='bbox 950 557 1021 613; x_wconf 80' lang='grc' dir='ltr'><strong>τά</strong></span> <span class='ocrx_word' id='word_1_6' title='bbox 1046 559 1338 631; x_wconf 79' lang='grc' dir='ltr'><strong>ὀφλήματα</strong></span> <span class='ocrx_word' id='word_1_7' title='bbox 1356 576 1369 590; x_wconf 78' lang='grc'><strong><em>⁸</em></strong></span> <span class='ocrx_word' id='word_1_8' title='bbox 1404 562 1547 616; x_wconf 75' lang='grc' dir='ltr'><strong>οὕτω</strong></span> <span class='ocrx_word' id='word_1_9' title='bbox 1581 580 1671 634; x_wconf 89' lang='grc' dir='ltr'><strong>μοι</strong></span> 
     </span>
    </p>
   </div>
   <div class='ocr_carea' id='block_1_3' title="bbox 82 642 1669 723">
    <p class='ocr_par' dir='ltr' id='par_1_3' title="bbox 82 642 1669 723">
     <span class='ocr_line' id='line_1_3' title="bbox 82 642 1669 723; baseline 0.009 -29"><span class='ocrx_word' id='word_1_10' title='bbox 82 642 224 695; x_wconf 84' lang='grc' dir='ltr'><strong>δοκεί</strong></span> <span class='ocrx_word' id='word_1_11' title='bbox 253 644 359 697; x_wconf 74' lang='grc' dir='ltr'><strong>καὶ</strong></span> <span class='ocrx_word' id='word_1_12' title='bbox 397 644 499 709; x_wconf 77' lang='grc' dir='ltr'><strong>τὰς</strong></span> <span class='ocrx_word' id='word_1_13' title='bbox 523 646 934 717; x_wconf 86' lang='grc' dir='ltr'><strong>τεσσαράκοντα</strong></span> <span class='ocrx_word' id='word_1_14' title='bbox 972 650 1113 720; x_wconf 81' lang='grc' dir='ltr'><strong>ὑπὲρ</strong></span> <span class='ocrx_word' id='word_1_15' title='bbox 1144 650 1413 705; x_wconf 82' lang='grc' dir='ltr'><strong>τοσούτων</strong></span> <span class='ocrx_word' id='word_1_16' title='bbox 1448 654 1669 723; x_wconf 83' lang='grc' dir='ltr'><strong>ἀντιση-</strong></span> 
     </span>
    </p>
   </div>
   <div class='ocr_carea' id='block_1_4' title="bbox 87 734 1671 816">
    <p class='ocr_par' dir='ltr' id='par_1_4' title="bbox 87 734 1671 816">
     <span class='ocr_line' id='line_1_4' title="bbox 87 734 1671 816; baseline 0.009 -30"><span class='ocrx_word' id='word_1_17' title='bbox 87 734 310 787; x_wconf 78' lang='grc' dir='ltr'><strong>κοῦσθαι</strong></span> <span class='ocrx_word' id='word_1_18' title='bbox 350 736 568 807; x_wconf 80' lang='grc' dir='ltr'><strong>ἡμέρας</strong></span> <span class='ocrx_word' id='word_1_19' title='bbox 594 753 608 766; x_wconf 89' lang='grc'><strong>·</strong></span> <span class='ocrx_word' id='word_1_20' title='bbox 633 737 745 806; x_wconf 78' lang='grc' dir='ltr'><strong>ἐγὼ</strong></span> <span class='ocrx_word' id='word_1_21' title='bbox 768 739 826 793; x_wconf 82' lang='grc' dir='ltr'><strong>δὲ</strong></span> <span class='ocrx_word' id='word_1_22' title='bbox 856 743 959 811; x_wconf 77' lang='grc' dir='ltr'><strong>τῆς</strong></span> <span class='ocrx_word' id='word_1_23' title='bbox 986 742 1209 797; x_wconf 79' lang='grc' dir='ltr'><strong>ἐκείνων</strong></span> <span class='ocrx_word' id='word_1_24' title='bbox 1232 744 1417 808; x_wconf 81' lang='grc' dir='ltr'><strong>ἑξάδος</strong></span> <span class='ocrx_word' id='word_1_25' title='bbox 1445 746 1540 798; x_wconf 63' lang='grc' dir='ltr'><strong>καλ⁸</strong></span> <span class='ocrx_word' id='word_1_26' title='bbox 1571 745 1671 816; x_wconf 84' lang='grc' dir='ltr'><strong>τῆς</strong></span> 
     </span>
    </p>
   </div>
   <div class='ocr_carea' id='block_1_5' title="bbox 82 823 1671 906">
    <p class='ocr_par' dir='ltr' id='par_1_5' title="bbox 82 823 1671 906">
     <span class='ocr_line' id='line_1_5' title="bbox 82 823 1671 906; baseline 0.009 -30"><span class='ocrx_word' id='word_1_27' title='bbox 82 823 217 894; x_wconf 68' lang='grc' dir='ltr'><strong>ἐμῆς</strong></span> <span class='ocrx_word' id='word_1_28' title='bbox 249 828 700 899; x_wconf 73' lang='grc' dir='ltr'><strong>τετταρακοστῆς</strong></span> <span class='ocrx_word' id='word_1_29' title='bbox 724 868 740 893; x_wconf 92' lang='grc'><strong>,</strong></span> <span class='ocrx_word' id='word_1_30' title='bbox 777 830 869 883; x_wconf 85' lang='grc' dir='ltr'><strong>τὸν</strong></span> <span class='ocrx_word' id='word_1_31' title='bbox 898 832 962 885; x_wconf 80' lang='grc' dir='ltr'><strong>ἐκ</strong></span> <span class='ocrx_word' id='word_1_32' title='bbox 1001 850 1162 887; x_wconf 88' lang='grc' dir='ltr'><strong>τινων</strong></span> <span class='ocrx_word' id='word_1_33' title='bbox 1190 835 1291 888; x_wconf 80' lang='grc' dir='ltr'><strong>οὐκ</strong></span> <span class='ocrx_word' id='word_1_34' title='bbox 1327 836 1555 906; x_wconf 85' lang='grc' dir='ltr'><strong>ἀσήμων</strong></span> <span class='ocrx_word' id='word_1_35' title='bbox 1576 853 1671 905; x_wconf 82' lang='grc' dir='ltr'><strong>γε·</strong></span> 
     </span>
    </p>
   </div>
   <div class='ocr_carea' id='block_1_6' title="bbox 86 918 1671 997">
    <p class='ocr_par' dir='ltr' id='par_1_6' title="bbox 86 918 1671 997">
     <span class='ocr_line' id='line_1_6' title="bbox 86 918 1671 997; baseline 0.007 -28"><span class='ocrx_word' id='word_1_36' title='bbox 86 918 286 986; x_wconf 74' lang='grc' dir='ltr'><strong>ρύντων</strong></span> <span class='ocrx_word' id='word_1_37' title='bbox 345 920 428 982; x_wconf 86' lang='grc' dir='ltr'><strong>είς</strong></span> <span class='ocrx_word' id='word_1_38' title='bbox 472 921 625 990; x_wconf 79' lang='grc' dir='ltr'><strong>ἡμᾶς</strong></span> <span class='ocrx_word' id='word_1_39' title='bbox 655 921 1081 994; x_wconf 74' lang='grc' dir='ltr'><strong>διαφοιτῆσαντα</strong></span> <span class='ocrx_word' id='word_1_40' title='bbox 1126 926 1252 997; x_wconf 83' lang='grc' dir='ltr'><strong>περὶ</strong></span> <span class='ocrx_word' id='word_1_41' title='bbox 1293 926 1482 979; x_wconf 89' lang='grc' dir='ltr'><strong>τούτου</strong></span> <span class='ocrx_word' id='word_1_42' title='bbox 1517 926 1671 994; x_wconf 88' lang='grc' dir='ltr'><strong>λόγον</strong></span> 
     </span>
    </p>
   </div>
   <div class='ocr_carea' id='block_1_7' title="bbox 86 1009 1671 1089">
    <p class='ocr_par' dir='ltr' id='par_1_7' title="bbox 86 1009 1671 1089">
     <span class='ocr_line' id='line_1_7' title="bbox 86 1009 1671 1089; baseline 0.007 -27"><span class='ocrx_word' id='word_1_43' title='bbox 86 1009 282 1079; x_wconf 73' lang='grc' dir='ltr'><strong>μᾶλλον</strong></span> <span class='ocrx_word' id='word_1_44' title='bbox 309 1010 673 1083; x_wconf 81' lang='grc' dir='ltr'><strong>ἀποδέχομαι,</strong></span> <span class='ocrx_word' id='word_1_45' title='bbox 715 1014 780 1067; x_wconf 84' lang='grc' dir='ltr'><strong>ὲκ</strong></span> <span class='ocrx_word' id='word_1_46' title='bbox 817 1014 924 1068; x_wconf 85' lang='grc' dir='ltr'><strong>τῶν</strong></span> <span class='ocrx_word' id='word_1_47' title='bbox 961 1016 1056 1069; x_wconf 88' lang='grc' dir='ltr'><strong>τοῦ</strong></span> <span class='ocrx_word' id='word_1_48' title='bbox 1109 1016 1314 1089; x_wconf 80' lang='grc' dir='ltr'><strong>ὑψηλοῦ</strong></span> <span class='ocrx_word' id='word_1_49' title='bbox 1353 1020 1671 1073; x_wconf 84' lang='grc' dir='ltr'><strong>Ἀποστόλου</strong></span> 
     </span>
    </p>
   </div>
   <div class='ocr_carea' id='block_1_8' title="bbox 84 1102 1673 1181">
    <p class='ocr_par' dir='ltr' id='par_1_8' title="bbox 84 1102 1673 1181">
     <span class='ocr_line' id='line_1_8' title="bbox 84 1102 1673 1181; baseline 0.007 -26"><span class='ocrx_word' id='word_1_50' title='bbox 84 1103 348 1171; x_wconf 74' lang='grc' dir='ltr'><strong>ῥημάτων</strong></span> <span class='ocrx_word' id='word_1_51' title='bbox 379 1102 789 1176; x_wconf 78' lang='grc' dir='ltr'><strong>βεϐαιούμενον,</strong></span> <span class='ocrx_word' id='word_1_52' title='bbox 814 1106 905 1160; x_wconf 79' lang='grc' dir='ltr'><strong>τὸν</strong></span> <span class='ocrx_word' id='word_1_53' title='bbox 938 1108 1159 1163; x_wconf 82' lang='grc' dir='ltr'><strong>πλείονα</strong></span> <span class='ocrx_word' id='word_1_54' title='bbox 1187 1109 1377 1181; x_wconf 89' lang='grc' dir='ltr'><strong>χρόνον</strong></span> <span class='ocrx_word' id='word_1_55' title='bbox 1401 1113 1460 1164; x_wconf 83' lang='grc' dir='ltr'><strong>ὲν</strong></span> <span class='ocrx_word' id='word_1_56' title='bbox 1494 1128 1673 1181; x_wconf 86' lang='grc' dir='ltr'><strong>παρα-</strong></span> 
     </span>
    </p>
   </div>
   <div class='ocr_carea' id='block_1_9' title="bbox 81 1194 1673 1275">
    <p class='ocr_par' dir='ltr' id='par_1_9' title="bbox 81 1194 1673 1275">
     <span class='ocr_line' id='line_1_9' title="bbox 81 1194 1673 1275; baseline 0.007 -29"><span class='ocrx_word' id='word_1_57' title='bbox 81 1194 236 1265; x_wconf 76' lang='grc' dir='ltr'><strong>δείσῳ</strong></span> <span class='ocrx_word' id='word_1_58' title='bbox 293 1198 593 1269; x_wconf 80' lang='grc' dir='ltr'><strong>μακαρίως</strong></span> <span class='ocrx_word' id='word_1_59' title='bbox 637 1198 799 1269; x_wconf 85' lang='grc' dir='ltr'><strong>ζῆσαι</strong></span> <span class='ocrx_word' id='word_1_60' title='bbox 848 1199 939 1253; x_wconf 85' lang='grc' dir='ltr'><strong>τὸν</strong></span> <span class='ocrx_word' id='word_1_61' title='bbox 983 1202 1303 1275; x_wconf 84' lang='grc' dir='ltr'><strong>προπάτορα</strong></span> <span class='ocrx_word' id='word_1_62' title='bbox 1347 1203 1524 1275; x_wconf 80' lang='grc' dir='ltr'><strong>ἡμῶν.</strong></span> <span class='ocrx_word' id='word_1_63' title='bbox 1578 1202 1673 1257; x_wconf 84' lang='grc' dir='ltr'><strong>Ἐκ</strong></span> 
     </span>
    </p>
   </div>
   <div class='ocr_carea' id='block_1_10' title="bbox 83 1286 1673 1367">
    <p class='ocr_par' dir='ltr' id='par_1_10' title="bbox 83 1286 1673 1367">
     <span class='ocr_line' id='line_1_10' title="bbox 83 1286 1673 1367; baseline 0.008 -30"><span class='ocrx_word' id='word_1_64' title='bbox 83 1286 379 1356; x_wconf 74' lang='grc' dir='ltr'><strong>προσώπου</strong></span> <span class='ocrx_word' id='word_1_65' title='bbox 411 1291 523 1360; x_wconf 83' lang='grc' dir='ltr'><strong>γὰρ</strong></span> <span class='ocrx_word' id='word_1_66' title='bbox 562 1290 728 1343; x_wconf 85' lang='grc' dir='ltr'><strong>αὐτοῦ</strong></span> <span class='ocrx_word' id='word_1_67' title='bbox 767 1292 796 1344; x_wconf 86' lang='grc' dir='ltr'><strong>ὁ</strong></span> <span class='ocrx_word' id='word_1_68' title='bbox 846 1290 988 1356; x_wconf 72' lang='grc' dir='ltr'><strong>θεῖος</strong></span> <span class='ocrx_word' id='word_1_69' title='bbox 1032 1292 1348 1357; x_wconf 84' lang='grc' dir='ltr'><strong>Ἀπόστολος</strong></span> <span class='ocrx_word' id='word_1_70' title='bbox 1378 1295 1673 1367; x_wconf 77' lang='grc' dir='ltr'><strong>διαρρήδην</strong></span> 
     </span>
    </p>
   </div>
   <div class='ocr_carea' id='block_1_11' title="bbox 82 1377 1671 1458">
    <p class='ocr_par' dir='ltr' id='par_1_11' title="bbox 82 1377 1671 1458">
     <span class='ocr_line' id='line_1_11' title="bbox 82 1377 1671 1458; baseline 0.006 -27"><span class='ocrx_word' id='word_1_71' title='bbox 82 1377 192 1447; x_wconf 77' lang='grc' dir='ltr'><strong>βοᾷ,</strong></span> <span class='ocrx_word' id='word_1_72' title='bbox 240 1380 401 1450; x_wconf 74' lang='grc' dir='ltr'><strong>Ἐγὼ</strong></span> <span class='ocrx_word' id='word_1_73' title='bbox 431 1380 500 1434; x_wconf 80' lang='grc' dir='ltr'><strong>δὲ</strong></span> <span class='ocrx_word' id='word_1_74' title='bbox 534 1382 683 1443; x_wconf 75' lang='grc' dir='ltr'><strong>ἔζων</strong></span> <span class='ocrx_word' id='word_1_75' title='bbox 711 1384 890 1453; x_wconf 71' lang='grc' dir='ltr'><strong>χωρὶς</strong></span> <span class='ocrx_word' id='word_1_76' title='bbox 920 1385 1110 1454; x_wconf 81' lang='grc' dir='ltr'><strong>νόμου</strong></span> <span class='ocrx_word' id='word_1_77' title='bbox 1149 1387 1312 1441; x_wconf 82' lang='grc' dir='ltr'><strong>ποτέ.</strong></span> <span class='ocrx_word' id='word_1_78' title='bbox 1340 1389 1455 1441; x_wconf 81' lang='grc' dir='ltr'><strong>Οὐκ</strong></span> <span class='ocrx_word' id='word_1_79' title='bbox 1479 1388 1586 1458; x_wconf 78' lang='grc' dir='ltr'><strong>ἄρα</strong></span> <span class='ocrx_word' id='word_1_80' title='bbox 1614 1388 1671 1441; x_wconf 81' lang='grc' dir='ltr'><strong>δὲ</strong></span> 
     </span>
    </p>
   </div>
   <div class='ocr_carea' id='block_1_12' title="bbox 84 1472 1674 1547">
    <p class='ocr_par' dir='ltr' id='par_1_12' title="bbox 84 1472 1674 1547">
     <span class='ocr_line' id='line_1_12' title="bbox 84 1472 1674 1547; baseline 0.008 -25"><span class='ocrx_word' id='word_1_81' title='bbox 84 1472 290 1534; x_wconf 79' lang='grc' dir='ltr'><strong>Παῦλος</strong></span> <span class='ocrx_word' id='word_1_82' title='bbox 329 1475 652 1546; x_wconf 77' lang='grc' dir='ltr'><strong>προϋπῆρχε</strong></span> <span class='ocrx_word' id='word_1_83' title='bbox 678 1475 771 1529; x_wconf 89' lang='grc' dir='ltr'><strong>τοῦ</strong></span> <span class='ocrx_word' id='word_1_84' title='bbox 804 1476 988 1547; x_wconf 84' lang='grc' dir='ltr'><strong>νόμου,</strong></span> <span class='ocrx_word' id='word_1_85' title='bbox 1014 1478 1044 1530; x_wconf 84' lang='grc' dir='ltr'>ὀ</span> <span class='ocrx_word' id='word_1_86' title='bbox 1071 1477 1297 1547; x_wconf 70' lang='grc' dir='ltr'><strong>ἔσχατος</strong></span> <span class='ocrx_word' id='word_1_87' title='bbox 1328 1479 1544 1533; x_wconf 88' lang='grc' dir='ltr'><strong>πάντων</strong></span> <span class='ocrx_word' id='word_1_88' title='bbox 1564 1480 1674 1535; x_wconf 85' lang='grc' dir='ltr'><strong>τῶν</strong></span> 
     </span>
    </p>
   </div>
   <div class='ocr_carea' id='block_1_13' title="bbox 82 1563 1671 1642">
    <p class='ocr_par' dir='ltr' id='par_1_13' title="bbox 82 1563 1671 1642">
     <span class='ocr_line' id='line_1_13' title="bbox 82 1563 1671 1642; baseline 0.006 -28"><span class='ocrx_word' id='word_1_89' title='bbox 82 1563 166 1615; x_wconf 80' lang='grc' dir='ltr'><strong>τοῦ</strong></span> <span class='ocrx_word' id='word_1_90' title='bbox 195 1563 373 1634; x_wconf 81' lang='grc' dir='ltr'><strong>νόμου</strong></span> <span class='ocrx_word' id='word_1_91' title='bbox 402 1567 695 1638; x_wconf 82' lang='grc' dir='ltr'><strong>φοιτητῶν,</strong></span> <span class='ocrx_word' id='word_1_92' title='bbox 719 1568 827 1623; x_wconf 83' lang='grc' dir='ltr'><strong>οὐδ’</strong></span> <span class='ocrx_word' id='word_1_93' title='bbox 849 1565 916 1624; x_wconf 82' lang='grc' dir='ltr'><strong>αὖ</strong></span> <span class='ocrx_word' id='word_1_94' title='bbox 944 1569 1104 1624; x_wconf 87' lang='grc' dir='ltr'><strong>πάλιν</strong></span> <span class='ocrx_word' id='word_1_95' title='bbox 1128 1572 1296 1642; x_wconf 73' lang='grc' dir='ltr'><strong>χωρὶς</strong></span> <span class='ocrx_word' id='word_1_96' title='bbox 1325 1571 1515 1624; x_wconf 84' lang='grc' dir='ltr'><strong>τούτου</strong></span> <span class='ocrx_word' id='word_1_97' title='bbox 1542 1572 1671 1625; x_wconf 86' lang='grc' dir='ltr'><strong>ποτὲ</strong></span> 
     </span>
    </p>
   </div>
   <div class='ocr_carea' id='block_1_14' title="bbox 84 1652 1671 1735">
    <p class='ocr_par' dir='ltr' id='par_1_14' title="bbox 84 1652 1671 1735">
     <span class='ocr_line' id='line_1_14' title="bbox 84 1652 1671 1735; baseline 0.006 -28"><span class='ocrx_word' id='word_1_98' title='bbox 84 1657 240 1726; x_wconf 85' lang='grc' dir='ltr'><strong>νόμου</strong></span> <span class='ocrx_word' id='word_1_99' title='bbox 271 1652 403 1728; x_wconf 74' lang='grc' dir='ltr'>ἦνῆ</span> <span class='ocrx_word' id='word_1_100' title='bbox 439 1659 677 1726; x_wconf 82' lang='grc' dir='ltr'><strong>ἐγένετο.</strong></span> <span class='ocrx_word' id='word_1_101' title='bbox 717 1663 826 1715; x_wconf 78' lang='grc' dir='ltr'><strong>Καὶ</strong></span> <span class='ocrx_word' id='word_1_102' title='bbox 853 1662 963 1735; x_wconf 80' lang='grc' dir='ltr'><strong>γὰρ</strong></span> <span class='ocrx_word' id='word_1_103' title='bbox 1007 1664 1067 1717; x_wconf 80' lang='grc' dir='ltr'><strong>τὸ</strong></span> <span class='ocrx_word' id='word_1_104' title='bbox 1098 1664 1425 1732; x_wconf 84' lang='grc' dir='ltr'><strong>Εὑαγγέλιον</strong></span> <span class='ocrx_word' id='word_1_105' title='bbox 1465 1663 1671 1735; x_wconf 87' lang='grc' dir='ltr'><strong>κηρύτ-</strong></span> 
     </span>
    </p>
   </div>
   <div class='ocr_carea' id='block_1_15' title="bbox 84 1746 1669 1826">
    <p class='ocr_par' dir='ltr' id='par_1_15' title="bbox 84 1746 1669 1826">
     <span class='ocr_line' id='line_1_15' title="bbox 84 1746 1669 1826; baseline 0.006 -31"><span class='ocrx_word' id='word_1_106' title='bbox 84 1763 181 1796; x_wconf 79' lang='grc' dir='ltr'><strong>των</strong></span> <span class='ocrx_word' id='word_1_107' title='bbox 207 1746 319 1809; x_wconf 75' lang='grc' dir='ltr'><strong>τὰς</strong></span> <span class='ocrx_word' id='word_1_108' title='bbox 341 1747 578 1817; x_wconf 84' lang='grc' dir='ltr'><strong>νομικὰς</strong></span> <span class='ocrx_word' id='word_1_109' title='bbox 613 1752 917 1821; x_wconf 77' lang='grc' dir='ltr'><strong>μαρτυρίας</strong></span> <span class='ocrx_word' id='word_1_110' title='bbox 937 1752 1113 1825; x_wconf 86' lang='grc' dir='ltr'><strong>πάντη</strong></span> <span class='ocrx_word' id='word_1_111' title='bbox 1142 1754 1527 1826; x_wconf 77' lang='grc' dir='ltr'><strong>παρατίθησιν,</strong></span> <span class='ocrx_word' id='word_1_112' title='bbox 1558 1751 1669 1806; x_wconf 88' lang='grc' dir='ltr'><strong>ἀλλ’</strong></span> 
     </span>
    </p>
   </div>
   <div class='ocr_carea' id='block_1_16' title="bbox 86 1838 1670 1917">
    <p class='ocr_par' dir='ltr' id='par_1_16' title="bbox 86 1838 1670 1917">
     <span class='ocr_line' id='line_1_16' title="bbox 86 1838 1670 1917; baseline 0.009 -28"><span class='ocrx_word' id='word_1_113' title='bbox 86 1838 141 1889; x_wconf 77' lang='grc' dir='ltr'><strong>ἐκ</strong></span> <span class='ocrx_word' id='word_1_114' title='bbox 169 1838 476 1909; x_wconf 81' lang='grc' dir='ltr'><strong>προσώπου</strong></span> <span class='ocrx_word' id='word_1_115' title='bbox 502 1840 597 1893; x_wconf 88' lang='grc' dir='ltr'><strong>τοῦ</strong></span> <span class='ocrx_word' id='word_1_116' title='bbox 644 1841 813 1912; x_wconf 78' lang='grc' dir='ltr'><strong>Ἀδάμ</strong></span> <span class='ocrx_word' id='word_1_117' title='bbox 838 1844 1241 1917; x_wconf 80' lang='grc' dir='ltr'><strong>ἀποδυρόμενος</strong></span> <span class='ocrx_word' id='word_1_118' title='bbox 1269 1846 1493 1908; x_wconf 80' lang='grc' dir='ltr'><strong>εἰκότως</strong></span> <span class='ocrx_word' id='word_1_119' title='bbox 1514 1886 1528 1909; x_wconf 92' lang='grc'><strong>,</strong></span> <span class='ocrx_word' id='word_1_120' title='bbox 1567 1863 1670 1917; x_wconf 83' lang='grc' dir='ltr'><strong>φη-</strong></span> 
     </span>
    </p>
   </div>
   <div class='ocr_carea' id='block_1_17' title="bbox 87 1929 1665 2009">
    <p class='ocr_par' dir='ltr' id='par_1_17' title="bbox 87 1929 1665 2009">
     <span class='ocr_line' id='line_1_17' title="bbox 87 1929 1665 2009; baseline 0.005 -28"><span class='ocrx_word' id='word_1_121' title='bbox 87 1930 188 1993; x_wconf 72' lang='grc' dir='ltr'><strong>σὶν,</strong></span> <span class='ocrx_word' id='word_1_122' title='bbox 239 1929 398 2000; x_wconf 74' lang='grc' dir='ltr'><strong>Ἐγὼ</strong></span> <span class='ocrx_word' id='word_1_123' title='bbox 427 1930 497 1984; x_wconf 83' lang='grc' dir='ltr'><strong>δὲ</strong></span> <span class='ocrx_word' id='word_1_124' title='bbox 522 1932 667 1993; x_wconf 69' lang='grc' dir='ltr'><strong>ἔζων</strong></span> <span class='ocrx_word' id='word_1_125' title='bbox 692 1936 874 2004; x_wconf 76' lang='grc' dir='ltr'><strong>χωρὶς</strong></span> <span class='ocrx_word' id='word_1_126' title='bbox 904 1938 1093 2006; x_wconf 84' lang='grc' dir='ltr'><strong>νόμου</strong></span> <span class='ocrx_word' id='word_1_127' title='bbox 1124 1937 1287 1991; x_wconf 76' lang='grc' dir='ltr'><strong>ποτέ.</strong></span> <span class='ocrx_word' id='word_1_128' title='bbox 1324 1938 1665 2009; x_wconf 81' lang='grc' dir='ltr'><strong>Σαφέστερον</strong></span> 
     </span>
    </p>
   </div>
   <div class='ocr_carea' id='block_1_18' title="bbox 86 2019 1668 2101">
    <p class='ocr_par' dir='ltr' id='par_1_18' title="bbox 86 2019 1668 2101">
     <span class='ocr_line' id='line_1_18' title="bbox 86 2019 1668 2101; baseline 0.006 -29"><span class='ocrx_word' id='word_1_129' title='bbox 86 2019 135 2072; x_wconf 77' lang='grc' dir='ltr'><strong>δὲ</strong></span> <span class='ocrx_word' id='word_1_130' title='bbox 159 2024 411 2093; x_wconf 76' lang='grc' dir='ltr'><strong>παριστᾷ</strong></span> <span class='ocrx_word' id='word_1_131' title='bbox 440 2024 507 2076; x_wconf 81' lang='grc' dir='ltr'><strong>ἐκ</strong></span> <span class='ocrx_word' id='word_1_132' title='bbox 536 2025 828 2096; x_wconf 86' lang='grc' dir='ltr'><strong>προσώπου</strong></span> <span class='ocrx_word' id='word_1_133' title='bbox 851 2026 941 2081; x_wconf 89' lang='grc' dir='ltr'><strong>τοῦ</strong></span> <span class='ocrx_word' id='word_1_134' title='bbox 967 2027 1138 2100; x_wconf 84' lang='grc' dir='ltr'><strong>Ἀδὰμ</strong></span> <span class='ocrx_word' id='word_1_135' title='bbox 1158 2029 1331 2084; x_wconf 86' lang='grc' dir='ltr'><strong>ταῦτα</strong></span> <span class='ocrx_word' id='word_1_136' title='bbox 1355 2029 1493 2101; x_wconf 82' lang='grc' dir='ltr'><strong>βοῶν</strong></span> <span class='ocrx_word' id='word_1_137' title='bbox 1512 2045 1526 2060; x_wconf 80' lang='grc'><strong><em>⁸</em></strong></span> <span class='ocrx_word' id='word_1_138' title='bbox 1553 2028 1668 2082; x_wconf 87' lang='grc' dir='ltr'><strong>λευ-</strong></span> 
     </span>
    </p>
   </div>
   <div class='ocr_carea' id='block_1_19' title="bbox 88 2113 1665 2194">
    <p class='ocr_par' dir='ltr' id='par_1_19' title="bbox 88 2113 1665 2194">
     <span class='ocr_line' id='line_1_19' title="bbox 88 2113 1665 2194; baseline 0.008 -30"><span class='ocrx_word' id='word_1_139' title='bbox 88 2113 253 2165; x_wconf 83' lang='grc' dir='ltr'><strong>καίνει</strong></span> <span class='ocrx_word' id='word_1_140' title='bbox 282 2114 348 2167; x_wconf 83' lang='grc' dir='ltr'><strong>τὸ</strong></span> <span class='ocrx_word' id='word_1_141' title='bbox 374 2116 579 2185; x_wconf 85' lang='grc' dir='ltr'><strong>νόημα,</strong></span> <span class='ocrx_word' id='word_1_142' title='bbox 608 2118 708 2172; x_wconf 77' lang='grc' dir='ltr'><strong>οὐκ</strong></span> <span class='ocrx_word' id='word_1_143' title='bbox 730 2118 810 2172; x_wconf 80' lang='grc' dir='ltr'><strong>ἔτι</strong></span> <span class='ocrx_word' id='word_1_144' title='bbox 839 2120 1003 2192; x_wconf 83' lang='grc' dir='ltr'><strong>νόμον</strong></span> <span class='ocrx_word' id='word_1_145' title='bbox 1031 2121 1145 2175; x_wconf 82' lang='grc' dir='ltr'><strong>ἀλλ’</strong></span> <span class='ocrx_word' id='word_1_146' title='bbox 1176 2122 1393 2193; x_wconf 76' lang='grc' dir='ltr'><strong>ἐντολὴν</strong></span> <span class='ocrx_word' id='word_1_147' title='bbox 1421 2123 1665 2194; x_wconf 81' lang='grc' dir='ltr'><strong>φάσκων,</strong></span> 
     </span>
    </p>
   </div>
   <div class='ocr_carea' id='block_1_20' title="bbox 87 2202 1671 2280">
    <p class='ocr_par' dir='ltr' id='par_1_20' title="bbox 87 2202 1671 2280">
     <span class='ocr_line' id='line_1_20' title="bbox 87 2202 1671 2280; baseline 0.008 -26"><span class='ocrx_word' id='word_1_148' title='bbox 87 2203 175 2273; x_wconf 78' lang='grc' dir='ltr'><strong>τὴν</strong></span> <span class='ocrx_word' id='word_1_149' title='bbox 192 2202 451 2259; x_wconf 83' lang='grc' dir='ltr'><strong>δοθεῖσαν</strong></span> <span class='ocrx_word' id='word_1_150' title='bbox 475 2205 555 2276; x_wconf 82' lang='grc' dir='ltr'><strong>τῷ</strong></span> <span class='ocrx_word' id='word_1_151' title='bbox 596 2208 765 2277; x_wconf 83' lang='grc' dir='ltr'><strong>Ἀδάμ</strong></span> <span class='ocrx_word' id='word_1_152' title='bbox 784 2208 1024 2279; x_wconf 87' lang='grc' dir='ltr'><strong>δηλονότι</strong></span> <span class='ocrx_word' id='word_1_153' title='bbox 1046 2224 1061 2240; x_wconf 84' lang='grc'>⁶</span> <span class='ocrx_word' id='word_1_154' title='bbox 1103 2211 1435 2280; x_wconf 76' lang='grc' dir='ltr'><strong>Ἐλθούσης</strong></span> <span class='ocrx_word' id='word_1_155' title='bbox 1463 2211 1532 2265; x_wconf 84' lang='grc' dir='ltr'><strong>δὲ</strong></span> <span class='ocrx_word' id='word_1_156' title='bbox 1559 2211 1671 2280; x_wconf 81' lang='grc' dir='ltr'><strong>τῆς</strong></span> 
     </span>
    </p>
   </div>
   <div class='ocr_carea' id='block_1_21' title="bbox 87 2291 1666 2369">
    <p class='ocr_par' dir='ltr' id='par_1_21' title="bbox 87 2291 1666 2369">
     <span class='ocr_line' id='line_1_21' title="bbox 87 2291 1666 2369; baseline 0.006 -25"><span class='ocrx_word' id='word_1_157' title='bbox 87 2291 339 2360; x_wconf 73' lang='grc' dir='ltr'><strong>ἐντολῆς</strong></span> <span class='ocrx_word' id='word_1_158' title='bbox 362 2335 379 2357; x_wconf 93' lang='grc'><strong>,</strong></span> <span class='ocrx_word' id='word_1_159' title='bbox 416 2293 617 2347; x_wconf 77' lang='grc' dir='ltr'><strong>ὡσανεὶ</strong></span> <span class='ocrx_word' id='word_1_160' title='bbox 664 2294 910 2369; x_wconf 82' lang='grc' dir='ltr'><strong>δοθείσης</strong></span> <span class='ocrx_word' id='word_1_161' title='bbox 933 2340 947 2361; x_wconf 93' lang='grc'><strong>,</strong></span> <span class='ocrx_word' id='word_1_162' title='bbox 977 2300 1016 2367; x_wconf 78' lang='grc' dir='ltr'>ἡ</span> <span class='ocrx_word' id='word_1_163' title='bbox 1059 2300 1313 2369; x_wconf 79' lang='grc' dir='ltr'><strong>ἁμαρτία</strong></span> <span class='ocrx_word' id='word_1_164' title='bbox 1344 2299 1666 2369; x_wconf 78' lang='grc' dir='ltr'><strong>ἀνέζησεν·</strong></span> 
     </span>
    </p>
   </div>
   <div class='ocr_carea' id='block_1_22' title="bbox 89 2382 1670 2465">
    <p class='ocr_par' dir='ltr' id='par_1_22' title="bbox 89 2382 1670 2465">
     <span class='ocr_line' id='line_1_22' title="bbox 89 2382 1670 2465; baseline 0.007 -30"><span class='ocrx_word' id='word_1_165' title='bbox 89 2382 192 2453; x_wconf 58' lang='grc' dir='ltr'><strong>ἐγὼ</strong></span> <span class='ocrx_word' id='word_1_166' title='bbox 213 2383 285 2437; x_wconf 78' lang='grc' dir='ltr'><strong>δὲ</strong></span> <span class='ocrx_word' id='word_1_167' title='bbox 308 2385 643 2451; x_wconf 78' lang='grc' dir='ltr'><strong>ἀπέθανον,</strong></span> <span class='ocrx_word' id='word_1_168' title='bbox 676 2389 829 2459; x_wconf 76' lang='grc' dir='ltr'><strong>φησὶ,</strong></span> <span class='ocrx_word' id='word_1_169' title='bbox 859 2392 922 2461; x_wconf 78' lang='grc' dir='ltr'><strong>τῇ</strong></span> <span class='ocrx_word' id='word_1_170' title='bbox 958 2390 1045 2444; x_wconf 83' lang='grc' dir='ltr'><strong>διὰ</strong></span> <span class='ocrx_word' id='word_1_171' title='bbox 1082 2393 1366 2465; x_wconf 83' lang='grc' dir='ltr'><strong>παρακοῆς</strong></span> <span class='ocrx_word' id='word_1_172' title='bbox 1398 2392 1670 2446; x_wconf 83' lang='grc' dir='ltr'><strong>ὲκπτώσει</strong></span> 
     </span>
    </p>
   </div>
   <div class='ocr_carea' id='block_1_23' title="bbox 90 2476 1671 2556">
    <p class='ocr_par' dir='ltr' id='par_1_23' title="bbox 90 2476 1671 2556">
     <span class='ocr_line' id='line_1_23' title="bbox 90 2476 1671 2556; baseline 0.008 -29"><span class='ocrx_word' id='word_1_173' title='bbox 90 2476 177 2543; x_wconf 79' lang='grc' dir='ltr'><strong>τῆς</strong></span> <span class='ocrx_word' id='word_1_174' title='bbox 202 2477 492 2548; x_wconf 84' lang='grc' dir='ltr'><strong>μακαρίας</strong></span> <span class='ocrx_word' id='word_1_175' title='bbox 521 2478 692 2550; x_wconf 60' lang='grc' dir='ltr'><strong>ζωῆς</strong></span> <span class='ocrx_word' id='word_1_176' title='bbox 723 2481 799 2544; x_wconf 83' lang='grc' dir='ltr'><strong>ὡς</strong></span> <span class='ocrx_word' id='word_1_177' title='bbox 843 2482 998 2553; x_wconf 83' lang='grc' dir='ltr'><strong>δῆλον</strong></span> <span class='ocrx_word' id='word_1_178' title='bbox 1041 2483 1306 2555; x_wconf 82' lang='grc' dir='ltr'><strong>ὑπάρχειν</strong></span> <span class='ocrx_word' id='word_1_179' title='bbox 1327 2523 1342 2547; x_wconf 93' lang='grc'><strong>,</strong></span> <span class='ocrx_word' id='word_1_180' title='bbox 1370 2484 1446 2556; x_wconf 86' lang='grc' dir='ltr'><strong>μὴ</strong></span> <span class='ocrx_word' id='word_1_181' title='bbox 1474 2485 1671 2539; x_wconf 78' lang='grc' dir='ltr'><strong>αὐτίκα</strong></span> 
     </span>
    </p>
   </div>
   <div class='ocr_carea' id='block_1_24' title="bbox 94 2568 1671 2649">
    <p class='ocr_par' dir='ltr' id='par_1_24' title="bbox 94 2568 1671 2649">
     <span class='ocr_line' id='line_1_24' title="bbox 94 2568 1671 2649; baseline 0.009 -30"><span class='ocrx_word' id='word_1_182' title='bbox 94 2568 175 2620; x_wconf 82' lang='grc' dir='ltr'><strong>τοῦ</strong></span> <span class='ocrx_word' id='word_1_183' title='bbox 204 2569 468 2637; x_wconf 79' lang='grc' dir='ltr'><strong>γενέσθαι</strong></span> <span class='ocrx_word' id='word_1_184' title='bbox 509 2573 601 2625; x_wconf 80' lang='grc' dir='ltr'><strong>τὸν</strong></span> <span class='ocrx_word' id='word_1_185' title='bbox 644 2573 813 2644; x_wconf 80' lang='grc' dir='ltr'><strong>Ἀδάμ</strong></span> <span class='ocrx_word' id='word_1_186' title='bbox 833 2615 848 2637; x_wconf 96' lang='grc'><strong>,</strong></span> <span class='ocrx_word' id='word_1_187' title='bbox 888 2574 1105 2646; x_wconf 88' lang='grc' dir='ltr'><strong>δοθῆναι</strong></span> <span class='ocrx_word' id='word_1_188' title='bbox 1133 2576 1232 2647; x_wconf 81' lang='grc' dir='ltr'><strong>τὴν</strong></span> <span class='ocrx_word' id='word_1_189' title='bbox 1270 2576 1511 2649; x_wconf 77' lang='grc' dir='ltr'><strong>ἐντολὴν,</strong></span> <span class='ocrx_word' id='word_1_190' title='bbox 1536 2576 1671 2633; x_wconf 84' lang='grc' dir='ltr'><strong>άλλά</strong></span> 
     </span>
    </p>
   </div>
   <div class='ocr_carea' id='block_1_25' title="bbox 97 2661 1018 2735">
    <p class='ocr_par' dir='ltr' id='par_1_25' title="bbox 97 2661 1018 2735">
     <span class='ocr_line' id='line_1_25' title="bbox 97 2661 1018 2735; baseline 0.013 -25"><span class='ocrx_word' id='word_1_191' title='bbox 97 2661 223 2726; x_wconf 80' lang='grc' dir='ltr'><strong>μετά</strong></span> <span class='ocrx_word' id='word_1_192' title='bbox 254 2678 381 2714; x_wconf 85' lang='grc' dir='ltr'><strong>τινα</strong></span> <span class='ocrx_word' id='word_1_193' title='bbox 411 2662 620 2732; x_wconf 86' lang='grc' dir='ltr'><strong>χρόνον,</strong></span> <span class='ocrx_word' id='word_1_194' title='bbox 652 2664 905 2735; x_wconf 86' lang='grc' dir='ltr'><strong>ἀόριστον</strong></span> <span class='ocrx_word' id='word_1_195' title='bbox 941 2667 1018 2722; x_wconf 83' lang='grc' dir='ltr'><strong>δέ.</strong></span> 
     </span>
    </p>
   </div>
   <div class='ocr_carea' id='block_1_26' title="bbox 1519 442 1995 502">
    <p class='ocr_par' dir='ltr' id='par_1_26' title="bbox 1519 442 1995 502">
     <span class='ocr_line' id='line_1_26' title="bbox 1519 442 1995 502; baseline 0.008 -5"><span class='ocrx_word' id='word_1_196' title='bbox 1519 442 1869 502; x_wconf 78' lang='lat' dir='ltr'><strong>DIALOGUS</strong></span> <span class='ocrx_word' id='word_1_197' title='bbox 1906 443 1995 501; x_wconf 80' lang='lat' dir='ltr'><strong>ill.</strong></span> 
     </span>
    </p>
   </div>
   <div class='ocr_carea' id='block_1_27' title="bbox 3201 446 3350 501">
    <p class='ocr_par' dir='ltr' id='par_1_27' title="bbox 3201 446 3350 501">
     <span class='ocr_line' id='line_1_27' title="bbox 3201 446 3350 501; baseline 0 -1"><span class='ocrx_word' id='word_1_198' title='bbox 3201 446 3350 501; x_wconf 68' lang='grc' dir='ltr'><strong>ωιῶ</strong></span> 
     </span>
    </p>
   </div>
   <div class='ocr_carea' id='block_1_28' title="bbox 1774 558 3358 618">
    <p class='ocr_par' dir='ltr' id='par_1_28' title="bbox 1774 558 3358 618">
     <span class='ocr_line' id='line_1_28' title="bbox 1774 558 3358 618; baseline 0 -2"><span class='ocrx_word' id='word_1_199' title='bbox 1774 568 2013 616; x_wconf 63' lang='lat' dir='ltr'><strong>internus</strong></span> <span class='ocrx_word' id='word_1_200' title='bbox 2046 573 2295 615; x_wconf 84' lang='lat' dir='ltr'><strong>manens.</strong></span> <span class='ocrx_word' id='word_1_201' title='bbox 2327 558 2439 615; x_wconf 85' lang='lat' dir='ltr'><strong>Pro</strong></span> <span class='ocrx_word' id='word_1_202' title='bbox 2476 561 2755 618; x_wconf 73' lang='lat' dir='ltr'><strong>damnatis</strong></span> <span class='ocrx_word' id='word_1_203' title='bbox 2777 561 3069 618; x_wconf 85' lang='lat' dir='ltr'><strong>damnatus</strong></span> <span class='ocrx_word' id='word_1_204' title='bbox 3118 570 3202 617; x_wconf 88' lang='lat' dir='ltr'><strong>est</strong></span> <span class='ocrx_word' id='word_1_205' title='bbox 3247 576 3358 618; x_wconf 65' lang='lat' dir='ltr'><strong>sua</strong></span> 
     </span>
    </p>
   </div>
   <div class='ocr_carea' id='block_1_29' title="bbox 1773 650 3347 720">
    <p class='ocr_par' dir='ltr' id='par_1_29' title="bbox 1773 650 3347 720">
     <span class='ocr_line' id='line_1_29' title="bbox 1773 650 3347 720; baseline -0.001 -16"><span class='ocrx_word' id='word_1_206' title='bbox 1773 660 2000 720; x_wconf 88' lang='lat' dir='ltr'><strong>sponte,</strong></span> <span class='ocrx_word' id='word_1_207' title='bbox 2029 659 2289 720; x_wconf 92' lang='lat' dir='ltr'><strong>tauquam</strong></span> <span class='ocrx_word' id='word_1_208' title='bbox 2320 650 2464 705; x_wconf 86' lang='lat' dir='ltr'><strong>Deus</strong></span> <span class='ocrx_word' id='word_1_209' title='bbox 2506 659 2562 706; x_wconf 92' lang='lat' dir='ltr'><strong>et</strong></span> <span class='ocrx_word' id='word_1_210' title='bbox 2589 651 2730 707; x_wconf 87' lang='lat' dir='ltr'><strong>idem</strong></span> <span class='ocrx_word' id='word_1_211' title='bbox 2762 653 2944 707; x_wconf 90' lang='lat' dir='ltr'><strong>homo.</strong></span> <span class='ocrx_word' id='word_1_212' title='bbox 2978 650 3347 718; x_wconf 85' lang='lat' dir='ltr'><strong>Quemadmo-</strong></span> 
     </span>
    </p>
   </div>
   <div class='ocr_carea' id='block_1_30' title="bbox 1772 743 3354 815">
    <p class='ocr_par' dir='ltr' id='par_1_30' title="bbox 1772 743 3354 815">
     <span class='ocr_line' id='line_1_30' title="bbox 1772 743 3354 815; baseline 0 -19"><span class='ocrx_word' id='word_1_213' title='bbox 1772 743 1901 797; x_wconf 88' lang='lat' dir='ltr'><strong>dum</strong></span> <span class='ocrx_word' id='word_1_214' title='bbox 1955 744 2121 814; x_wconf 76' lang='lat' dir='ltr'><strong>igitur</strong></span> <span class='ocrx_word' id='word_1_215' title='bbox 2162 743 2286 798; x_wconf 82' lang='lat' dir='ltr'><strong>felle</strong></span> <span class='ocrx_word' id='word_1_216' title='bbox 2334 754 2524 813; x_wconf 83' lang='lat' dir='ltr'><strong>pastus</strong></span> <span class='ocrx_word' id='word_1_217' title='bbox 2582 753 2739 801; x_wconf 89' lang='lat' dir='ltr'><strong>aceto</strong></span> <span class='ocrx_word' id='word_1_218' title='bbox 2793 746 3034 815; x_wconf 76' lang='lat' dir='ltr'><strong>rigatur,</strong></span> <span class='ocrx_word' id='word_1_219' title='bbox 3080 744 3202 814; x_wconf 85' lang='lat' dir='ltr'><strong>ejus</strong></span> <span class='ocrx_word' id='word_1_220' title='bbox 3234 744 3354 798; x_wconf 58' lang='lat' dir='ltr'><strong>cibi:</strong></span> 
     </span>
    </p>
   </div>
   <div class='ocr_carea' id='block_1_31' title="bbox 1771 832 3354 906">
    <p class='ocr_par' dir='ltr' id='par_1_31' title="bbox 1771 832 3354 906">
     <span class='ocr_line' id='line_1_31' title="bbox 1771 832 3354 906; baseline 0.001 -20"><span class='ocrx_word' id='word_1_221' title='bbox 1771 847 1935 888; x_wconf 88' lang='lat' dir='ltr'><strong>causa</strong></span> <span class='ocrx_word' id='word_1_222' title='bbox 1985 848 2146 902; x_wconf 85' lang='lat' dir='ltr'><strong>quem</strong></span> <span class='ocrx_word' id='word_1_223' title='bbox 2206 832 2451 889; x_wconf 74' lang='lat' dir='ltr'><strong>Adamus</strong></span> <span class='ocrx_word' id='word_1_224' title='bbox 2501 844 2854 906; x_wconf 75' lang='lat' dir='ltr'><strong>sumpserat,</strong></span> <span class='ocrx_word' id='word_1_225' title='bbox 2894 836 3025 889; x_wconf 87' lang='lat' dir='ltr'><strong>dum</strong></span> <span class='ocrx_word' id='word_1_226' title='bbox 3078 834 3244 888; x_wconf 92' lang='lat' dir='ltr'><strong>homo</strong></span> <span class='ocrx_word' id='word_1_227' title='bbox 3287 835 3354 888; x_wconf 72' lang='lat' dir='ltr'><strong>in</strong></span> 
     </span>
    </p>
   </div>
   <div class='ocr_carea' id='block_1_32' title="bbox 1772 924 3341 996">
    <p class='ocr_par' dir='ltr' id='par_1_32' title="bbox 1772 924 3341 996">
     <span class='ocr_line' id='line_1_32' title="bbox 1772 924 3341 996; baseline 0.002 -19"><span class='ocrx_word' id='word_1_228' title='bbox 1772 924 1953 978; x_wconf 86' lang='lat' dir='ltr'><strong>divina</strong></span> <span class='ocrx_word' id='word_1_229' title='bbox 1984 932 2177 979; x_wconf 89' lang='lat' dir='ltr'><strong>natura</strong></span> <span class='ocrx_word' id='word_1_230' title='bbox 2205 925 2352 979; x_wconf 91' lang='lat' dir='ltr'><strong>illius</strong></span> <span class='ocrx_word' id='word_1_231' title='bbox 2374 925 2553 981; x_wconf 90' lang='lat' dir='ltr'><strong>debita</strong></span> <span class='ocrx_word' id='word_1_232' title='bbox 2576 926 2864 996; x_wconf 87' lang='lat' dir='ltr'><strong>dependit:</strong></span> <span class='ocrx_word' id='word_1_233' title='bbox 2894 927 2966 979; x_wconf 88' lang='lat' dir='ltr'><strong>ita</strong></span> <span class='ocrx_word' id='word_1_234' title='bbox 2995 926 3128 980; x_wconf 92' lang='lat' dir='ltr'><strong>mihi</strong></span> <span class='ocrx_word' id='word_1_235' title='bbox 3151 926 3341 980; x_wconf 81' lang='lat' dir='ltr'><strong>viden-</strong></span> 
     </span>
    </p>
   </div>
   <div class='ocr_carea' id='block_1_33' title="bbox 1774 1016 3343 1089">
    <p class='ocr_par' dir='ltr' id='par_1_33' title="bbox 1774 1016 3343 1089">
     <span class='ocr_line' id='line_1_33' title="bbox 1774 1016 3343 1089; baseline 0.002 -20"><span class='ocrx_word' id='word_1_236' title='bbox 1774 1024 1861 1070; x_wconf 87' lang='lat' dir='ltr'><strong>tur</strong></span> <span class='ocrx_word' id='word_1_237' title='bbox 1892 1026 1951 1072; x_wconf 89' lang='lat' dir='ltr'><strong>et</strong></span> <span class='ocrx_word' id='word_1_238' title='bbox 1978 1016 2033 1071; x_wconf 89' lang='lat' dir='ltr'><strong>hi</strong></span> <span class='ocrx_word' id='word_1_239' title='bbox 2062 1018 2425 1089; x_wconf 82' lang='lat' dir='ltr'><strong>quadraginta</strong></span> <span class='ocrx_word' id='word_1_240' title='bbox 2460 1018 2577 1074; x_wconf 87' lang='lat' dir='ltr'><strong>dies</strong></span> <span class='ocrx_word' id='word_1_241' title='bbox 2623 1034 2723 1089; x_wconf 94' lang='lat' dir='ltr'><strong>pro</strong></span> <span class='ocrx_word' id='word_1_242' title='bbox 2758 1018 2978 1073; x_wconf 85' lang='lat' dir='ltr'><strong>totidem</strong></span> <span class='ocrx_word' id='word_1_243' title='bbox 3012 1018 3204 1072; x_wconf 87' lang='lat' dir='ltr'><strong>diebus</strong></span> <span class='ocrx_word' id='word_1_244' title='bbox 3251 1033 3343 1072; x_wconf 87' lang='lat' dir='ltr'><strong>re-</strong></span> 
     </span>
    </p>
   </div>
   <div class='ocr_carea' id='block_1_34' title="bbox 1772 1106 3343 1180">
    <p class='ocr_par' dir='ltr' id='par_1_34' title="bbox 1772 1106 3343 1180">
     <span class='ocr_line' id='line_1_34' title="bbox 1772 1106 3343 1180; baseline 0.001 -18"><span class='ocrx_word' id='word_1_245' title='bbox 1772 1108 1954 1178; x_wconf 87' lang='lat' dir='ltr'><strong>pendi.</strong></span> <span class='ocrx_word' id='word_1_246' title='bbox 1988 1106 2093 1163; x_wconf 91' lang='lat' dir='ltr'><strong>Sed</strong></span> <span class='ocrx_word' id='word_1_247' title='bbox 2126 1116 2303 1165; x_wconf 89' lang='lat' dir='ltr'><strong>tamen</strong></span> <span class='ocrx_word' id='word_1_248' title='bbox 2360 1124 2460 1180; x_wconf 89' lang='lat' dir='ltr'><strong>pro</strong></span> <span class='ocrx_word' id='word_1_249' title='bbox 2510 1108 2725 1164; x_wconf 92' lang='lat' dir='ltr'><strong>illorum</strong></span> <span class='ocrx_word' id='word_1_250' title='bbox 2771 1125 3001 1164; x_wconf 90' lang='lat' dir='ltr'><strong>numero</strong></span> <span class='ocrx_word' id='word_1_251' title='bbox 3024 1112 3239 1165; x_wconf 84' lang='lat' dir='ltr'><strong>senario</strong></span> <span class='ocrx_word' id='word_1_252' title='bbox 3288 1118 3343 1163; x_wconf 86' lang='lat' dir='ltr'><strong>et</strong></span> 
     </span>
    </p>
   </div>
   <div class='ocr_carea' id='block_1_35' title="bbox 1772 1199 3341 1269">
    <p class='ocr_par' dir='ltr' id='par_1_35' title="bbox 1772 1199 3341 1269">
     <span class='ocr_line' id='line_1_35' title="bbox 1772 1199 3341 1269; baseline 0 -17"><span class='ocrx_word' id='word_1_253' title='bbox 1772 1214 1895 1253; x_wconf 87' lang='lat' dir='ltr'><strong>meo</strong></span> <span class='ocrx_word' id='word_1_254' title='bbox 1924 1199 2377 1269; x_wconf 81' lang='lat' dir='ltr'><strong>quadragenario,</strong></span> <span class='ocrx_word' id='word_1_255' title='bbox 2404 1199 2699 1268; x_wconf 79' lang='lat' dir='ltr'><strong>profectam</strong></span> <span class='ocrx_word' id='word_1_256' title='bbox 2730 1201 2798 1254; x_wconf 90' lang='lat' dir='ltr'><strong>ad</strong></span> <span class='ocrx_word' id='word_1_257' title='bbox 2827 1215 2927 1253; x_wconf 89' lang='lat' dir='ltr'><strong>nos</strong></span> <span class='ocrx_word' id='word_1_258' title='bbox 2961 1216 2990 1253; x_wconf 85' lang='lat' dir='ltr'><strong>a</strong></span> <span class='ocrx_word' id='word_1_259' title='bbox 3016 1200 3341 1269; x_wconf 81' lang='lat' dir='ltr'><strong>quibusdam</strong></span> 
     </span>
    </p>
   </div>
   <div class='ocr_carea' id='block_1_36' title="bbox 1774 1291 3345 1362">
    <p class='ocr_par' dir='ltr' id='par_1_36' title="bbox 1774 1291 3345 1362">
     <span class='ocr_line' id='line_1_36' title="bbox 1774 1291 3345 1362; baseline -0.001 -17"><span class='ocrx_word' id='word_1_260' title='bbox 1774 1291 1914 1346; x_wconf 82' lang='lat' dir='ltr'><strong>haud</strong></span> <span class='ocrx_word' id='word_1_261' title='bbox 1941 1291 2193 1347; x_wconf 84' lang='lat' dir='ltr'><strong>obscuris</strong></span> <span class='ocrx_word' id='word_1_262' title='bbox 2220 1291 2445 1348; x_wconf 85' lang='lat' dir='ltr'><strong>senibus</strong></span> <span class='ocrx_word' id='word_1_263' title='bbox 2464 1292 2534 1348; x_wconf 89' lang='lat' dir='ltr'><strong>de</strong></span> <span class='ocrx_word' id='word_1_264' title='bbox 2568 1294 2673 1348; x_wconf 85' lang='lat' dir='ltr'><strong>hoc</strong></span> <span class='ocrx_word' id='word_1_265' title='bbox 2702 1292 2995 1354; x_wconf 84' lang='lat' dir='ltr'><strong>rationem,</strong></span> <span class='ocrx_word' id='word_1_266' title='bbox 3023 1292 3182 1362; x_wconf 88' lang='lat' dir='ltr'><strong>cujus</strong></span> <span class='ocrx_word' id='word_1_267' title='bbox 3221 1291 3345 1345; x_wconf 85' lang='lat' dir='ltr'><strong>lun-</strong></span> 
     </span>
    </p>
   </div>
   <div class='ocr_carea' id='block_1_37' title="bbox 1773 1383 3359 1454">
    <p class='ocr_par' dir='ltr' id='par_1_37' title="bbox 1773 1383 3359 1454">
     <span class='ocr_line' id='line_1_37' title="bbox 1773 1383 3359 1454; baseline 0.001 -17"><span class='ocrx_word' id='word_1_268' title='bbox 1773 1383 2306 1443; x_wconf 79' lang='lat' dir='ltr'><strong>damentumeximii</strong></span> <span class='ocrx_word' id='word_1_269' title='bbox 2343 1384 2588 1454; x_wconf 87' lang='lat' dir='ltr'><strong>Apostoli</strong></span> <span class='ocrx_word' id='word_1_270' title='bbox 2621 1384 2804 1441; x_wconf 85' lang='lat' dir='ltr'><strong>verbis</strong></span> <span class='ocrx_word' id='word_1_271' title='bbox 2833 1384 3027 1438; x_wconf 84' lang='lat' dir='ltr'><strong>nititur</strong></span> <span class='ocrx_word' id='word_1_272' title='bbox 3048 1424 3063 1449; x_wconf 94' lang='lat'><strong>,</strong></span> <span class='ocrx_word' id='word_1_273' title='bbox 3101 1384 3359 1453; x_wconf 86' lang='lat' dir='ltr'><strong>recipere-</strong></span> 
     </span>
    </p>
   </div>
   <div class='ocr_carea' id='block_1_38' title="bbox 1775 1474 3365 1545">
    <p class='ocr_par' dir='ltr' id='par_1_38' title="bbox 1775 1474 3365 1545">
     <span class='ocr_line' id='line_1_38' title="bbox 1775 1474 3365 1545; baseline -0.001 -16"><span class='ocrx_word' id='word_1_274' title='bbox 1775 1474 1956 1541; x_wconf 89' lang='lat' dir='ltr'><strong>malo;</strong></span> <span class='ocrx_word' id='word_1_275' title='bbox 1991 1474 2139 1545; x_wconf 84' lang='lat' dir='ltr'><strong>quod</strong></span> <span class='ocrx_word' id='word_1_276' title='bbox 2176 1474 2435 1531; x_wconf 87' lang='lat' dir='ltr'><strong>nimirum</strong></span> <span class='ocrx_word' id='word_1_277' title='bbox 2491 1475 2738 1545; x_wconf 80' lang='lat' dir='ltr'><strong>longiore</strong></span> <span class='ocrx_word' id='word_1_278' title='bbox 2771 1474 3034 1545; x_wconf 89' lang='lat' dir='ltr'><strong>temporis</strong></span> <span class='ocrx_word' id='word_1_279' title='bbox 3080 1475 3258 1545; x_wconf 86' lang='lat' dir='ltr'><strong>spatio</strong></span> <span class='ocrx_word' id='word_1_280' title='bbox 3289 1475 3365 1528; x_wconf 66' lang='lat' dir='ltr'><strong>in.</strong></span> 
     </span>
    </p>
   </div>
   <div class='ocr_carea' id='block_1_39' title="bbox 1774 1565 3349 1636">
    <p class='ocr_par' dir='ltr' id='par_1_39' title="bbox 1774 1565 3349 1636">
     <span class='ocr_line' id='line_1_39' title="bbox 1774 1565 3349 1636; baseline 0 -18"><span class='ocrx_word' id='word_1_281' title='bbox 1774 1565 2030 1634; x_wconf 88' lang='lat' dir='ltr'><strong>paradiso</strong></span> <span class='ocrx_word' id='word_1_282' title='bbox 2058 1566 2216 1621; x_wconf 81' lang='lat' dir='ltr'><strong>beate</strong></span> <span class='ocrx_word' id='word_1_283' title='bbox 2245 1565 2456 1635; x_wconf 89' lang='lat' dir='ltr'><strong>primus</strong></span> <span class='ocrx_word' id='word_1_284' title='bbox 2494 1566 2585 1621; x_wconf 86' lang='lat' dir='ltr'><strong>ille</strong></span> <span class='ocrx_word' id='word_1_285' title='bbox 2633 1580 2831 1636; x_wconf 85' lang='lat' dir='ltr'><strong>parens</strong></span> <span class='ocrx_word' id='word_1_286' title='bbox 2887 1574 3081 1621; x_wconf 80' lang='lat' dir='ltr'><strong>noster-</strong></span> <span class='ocrx_word' id='word_1_287' title='bbox 3121 1566 3349 1621; x_wconf 60' lang='lat' dir='ltr'><strong>vixerit.</strong></span> 
     </span>
    </p>
   </div>
   <div class='ocr_carea' id='block_1_40' title="bbox 1772 1659 3362 1731">
    <p class='ocr_par' dir='ltr' id='par_1_40' title="bbox 1772 1659 3362 1731">
     <span class='ocr_line' id='line_1_40' title="bbox 1772 1659 3362 1731; baseline -0.006 -16"><span class='ocrx_word' id='word_1_288' title='bbox 1772 1660 1908 1716; x_wconf 91' lang='lat' dir='ltr'><strong>Nam</strong></span> <span class='ocrx_word' id='word_1_289' title='bbox 1946 1660 2000 1715; x_wconf 93' lang='lat' dir='ltr'><strong>in</strong></span> <span class='ocrx_word' id='word_1_290' title='bbox 2032 1660 2153 1730; x_wconf 85' lang='lat' dir='ltr'><strong>ejus</strong></span> <span class='ocrx_word' id='word_1_291' title='bbox 2185 1675 2419 1731; x_wconf 77' lang='lat' dir='ltr'><strong>persona</strong></span> <span class='ocrx_word' id='word_1_292' title='bbox 2463 1660 2624 1716; x_wconf 86' lang='lat' dir='ltr'><strong>divus</strong></span> <span class='ocrx_word' id='word_1_293' title='bbox 2652 1660 2947 1730; x_wconf 82' lang='lat' dir='ltr'><strong>Apostolus</strong></span> <span class='ocrx_word' id='word_1_294' title='bbox 2989 1669 3174 1729; x_wconf 89' lang='lat' dir='ltr'><strong>aperte</strong></span> <span class='ocrx_word' id='word_1_295' title='bbox 3226 1659 3362 1713; x_wconf 85' lang='lat' dir='ltr'><strong>ela-.</strong></span> 
     </span>
    </p>
   </div>
   <div class='ocr_carea' id='block_1_41' title="bbox 1773 1751 3358 1827">
    <p class='ocr_par' dir='ltr' id='par_1_41' title="bbox 1773 1751 3358 1827">
     <span class='ocr_line' id='line_1_41' title="bbox 1773 1751 3358 1827; baseline -0.004 -16"><span class='ocrx_word' id='word_1_296' title='bbox 1773 1764 1887 1811; x_wconf 87' lang='lat' dir='ltr'><strong>mat</strong></span> <span class='ocrx_word' id='word_1_297' title='bbox 1927 1775 1940 1811; x_wconf 90' lang='lat'><strong>:</strong></span> <span class='ocrx_word' id='word_1_298' title='bbox 1985 1755 2096 1827; x_wconf 86' lang='lat' dir='ltr'><strong>Ego</strong></span> <span class='ocrx_word' id='word_1_299' title='bbox 2126 1771 2245 1811; x_wconf 83' lang='lat' dir='ltr'><strong>vero</strong></span> <span class='ocrx_word' id='word_1_300' title='bbox 2282 1756 2516 1810; x_wconf 79' lang='lat' dir='ltr'><strong>vivebam</strong></span> <span class='ocrx_word' id='word_1_301' title='bbox 2567 1754 2777 1823; x_wconf 62' lang='lat' dir='ltr'><strong>absque</strong></span> <span class='ocrx_word' id='word_1_302' title='bbox 2796 1752 2906 1823; x_wconf 84' lang='lat' dir='ltr'><strong>lege</strong></span> <span class='ocrx_word' id='word_1_303' title='bbox 2956 1752 3244 1821; x_wconf 84' lang='lat' dir='ltr'><strong>aliquando</strong></span> <span class='ocrx_word' id='word_1_304' title='bbox 3272 1751 3358 1805; x_wconf 64' lang='grc' dir='ltr'><strong>³³.η</strong></span> 
     </span>
    </p>
   </div>
   <div class='ocr_carea' id='block_1_42' title="bbox 1774 1842 3361 1917">
    <p class='ocr_par' dir='ltr' id='par_1_42' title="bbox 1774 1842 3361 1917">
     <span class='ocr_line' id='line_1_42' title="bbox 1774 1842 3361 1917; baseline -0.004 -15"><span class='ocrx_word' id='word_1_305' title='bbox 1774 1848 1890 1902; x_wconf 78' lang='lat' dir='ltr'><strong>Non</strong></span> <span class='ocrx_word' id='word_1_306' title='bbox 1915 1847 2019 1902; x_wconf 79' lang='lat' dir='ltr'><strong>fuit</strong></span> <span class='ocrx_word' id='word_1_307' title='bbox 2047 1849 2237 1917; x_wconf 88' lang='lat' dir='ltr'><strong>utique</strong></span> <span class='ocrx_word' id='word_1_308' title='bbox 2256 1846 2462 1902; x_wconf 84' lang='lat' dir='ltr'><strong>Paulus</strong></span> <span class='ocrx_word' id='word_1_309' title='bbox 2490 1844 2832 1915; x_wconf 80' lang='lat' dir='ltr'><strong>antelegem,</strong></span> <span class='ocrx_word' id='word_1_310' title='bbox 2852 1843 2944 1913; x_wconf 88' lang='lat' dir='ltr'><strong>qui</strong></span> <span class='ocrx_word' id='word_1_311' title='bbox 2971 1842 3072 1897; x_wconf 80' lang='lat' dir='ltr'><strong>fuit</strong></span> <span class='ocrx_word' id='word_1_312' title='bbox 3094 1842 3361 1896; x_wconf 79' lang='lat' dir='ltr'><strong>omnium.</strong></span> 
     </span>
    </p>
   </div>
   <div class='ocr_carea' id='block_1_43' title="bbox 1774 1933 3349 2009">
    <p class='ocr_par' dir='ltr' id='par_1_43' title="bbox 1774 1933 3349 2009">
     <span class='ocr_line' id='line_1_43' title="bbox 1774 1933 3349 2009; baseline -0.006 -15"><span class='ocrx_word' id='word_1_313' title='bbox 1774 1938 2167 2009; x_wconf 88' lang='lat' dir='ltr'><strong>discipulorum</strong></span> <span class='ocrx_word' id='word_1_314' title='bbox 2221 1938 2367 2008; x_wconf 79' lang='lat' dir='ltr'><strong>legis.</strong></span> <span class='ocrx_word' id='word_1_315' title='bbox 2415 1944 2744 2007; x_wconf 90' lang='lat' dir='ltr'><strong>postremus.</strong></span> <span class='ocrx_word' id='word_1_316' title='bbox 2809 1934 2993 2003; x_wconf 80' lang='lat' dir='ltr'><strong>Neque</strong></span> <span class='ocrx_word' id='word_1_317' title='bbox 3051 1934 3178 1988; x_wconf 84' lang='lat' dir='ltr'><strong>item</strong></span> <span class='ocrx_word' id='word_1_318' title='bbox 3248 1933 3349 1985; x_wconf 80' lang='lat' dir='ltr'><strong>ali-</strong></span> 
     </span>
    </p>
   </div>
   <div class='ocr_carea' id='block_1_44' title="bbox 1770 2023 3357 2101">
    <p class='ocr_par' dir='ltr' id='par_1_44' title="bbox 1770 2023 3357 2101">
     <span class='ocr_line' id='line_1_44' title="bbox 1770 2023 3357 2101; baseline -0.006 -15"><span class='ocrx_word' id='word_1_319' title='bbox 1770 2030 1990 2101; x_wconf 85' lang='lat' dir='ltr'><strong>quando</strong></span> <span class='ocrx_word' id='word_1_320' title='bbox 2020 2030 2229 2100; x_wconf 81' lang='lat' dir='ltr'><strong>absque</strong></span> <span class='ocrx_word' id='word_1_321' title='bbox 2264 2030 2365 2084; x_wconf 90' lang='lat' dir='ltr'><strong>hac</strong></span> <span class='ocrx_word' id='word_1_322' title='bbox 2399 2038 2515 2083; x_wconf 88' lang='lat' dir='ltr'><strong>erat</strong></span> <span class='ocrx_word' id='word_1_323' title='bbox 2554 2036 2651 2083; x_wconf 90' lang='lat' dir='ltr'><strong>aut</strong></span> <span class='ocrx_word' id='word_1_324' title='bbox 2681 2026 2803 2082; x_wconf 83' lang='lat' dir='ltr'><strong>fuit.</strong></span> <span class='ocrx_word' id='word_1_325' title='bbox 2829 2025 2967 2080; x_wconf 85' lang='lat' dir='ltr'><strong>Nam</strong></span> <span class='ocrx_word' id='word_1_326' title='bbox 2996 2034 3052 2080; x_wconf 86' lang='lat' dir='ltr'><strong>et.</strong></span> <span class='ocrx_word' id='word_1_327' title='bbox 3102 2023 3357 2093; x_wconf 54' lang='lat' dir='ltr'><strong>Evange~</strong></span> 
     </span>
    </p>
   </div>
   <div class='ocr_carea' id='block_1_45' title="bbox 1768 2117 3343 2193">
    <p class='ocr_par' dir='ltr' id='par_1_45' title="bbox 1768 2117 3343 2193">
     <span class='ocr_line' id='line_1_45' title="bbox 1768 2117 3343 2193; baseline -0.004 -16"><span class='ocrx_word' id='word_1_328' title='bbox 1768 2123 1903 2177; x_wconf 89' lang='lat' dir='ltr'><strong>lium</strong></span> <span class='ocrx_word' id='word_1_329' title='bbox 1935 2122 2238 2193; x_wconf 65' lang='lat' dir='ltr'><strong>praedicans</strong></span> <span class='ocrx_word' id='word_1_330' title='bbox 2267 2120 2462 2192; x_wconf 83' lang='lat' dir='ltr'><strong>legalia</strong></span> <span class='ocrx_word' id='word_1_331' title='bbox 2492 2120 2805 2177; x_wconf 88' lang='lat' dir='ltr'><strong>testimonia</strong></span> <span class='ocrx_word' id='word_1_332' title='bbox 2836 2118 3042 2189; x_wconf 86' lang='lat' dir='ltr'><strong>ubique</strong></span> <span class='ocrx_word' id='word_1_333' title='bbox 3078 2117 3300 2172; x_wconf 75' lang='lat' dir='ltr'><strong>adducit</strong></span> <span class='ocrx_word' id='word_1_334' title='bbox 3326 2134 3343 2170; x_wconf 88' lang='lat'><strong>:</strong></span> 
     </span>
    </p>
   </div>
   <div class='ocr_carea' id='block_1_46' title="bbox 1776 2211 3387 2282">
    <p class='ocr_par' dir='ltr' id='par_1_46' title="bbox 1776 2211 3387 2282">
     <span class='ocr_line' id='line_1_46' title="bbox 1776 2211 3387 2282; baseline -0.004 -14"><span class='ocrx_word' id='word_1_335' title='bbox 1776 2213 2036 2268; x_wconf 77' lang='lat' dir='ltr'><strong>nimirum</strong></span> <span class='ocrx_word' id='word_1_336' title='bbox 2093 2213 2148 2268; x_wconf 91' lang='lat' dir='ltr'><strong>in</strong></span> <span class='ocrx_word' id='word_1_337' title='bbox 2197 2213 2389 2268; x_wconf 87' lang='lat' dir='ltr'><strong>Adami</strong></span> <span class='ocrx_word' id='word_1_338' title='bbox 2440 2227 2676 2282; x_wconf 86' lang='lat' dir='ltr'><strong>persona</strong></span> <span class='ocrx_word' id='word_1_339' title='bbox 2732 2213 2929 2267; x_wconf 80' lang='lat' dir='ltr'><strong>mer-ito</strong></span> <span class='ocrx_word' id='word_1_340' title='bbox 2966 2211 3387 2281; x_wconf 42' lang='lat' dir='ltr'><strong>conqueriturL</strong></span> 
     </span>
    </p>
   </div>
   <div class='ocr_carea' id='block_1_47' title="bbox 1774 2303 3359 2376">
    <p class='ocr_par' dir='ltr' id='par_1_47' title="bbox 1774 2303 3359 2376">
     <span class='ocr_line' id='line_1_47' title="bbox 1774 2303 3359 2376; baseline -0.005 -15"><span class='ocrx_word' id='word_1_341' title='bbox 1774 2307 1993 2362; x_wconf 87' lang='lat' dir='ltr'><strong>dicens:</strong></span> <span class='ocrx_word' id='word_1_342' title='bbox 2036 2304 2151 2376; x_wconf 87' lang='lat' dir='ltr'><strong>Ego</strong></span> <span class='ocrx_word' id='word_1_343' title='bbox 2204 2321 2323 2360; x_wconf 87' lang='lat' dir='ltr'><strong>vero</strong></span> <span class='ocrx_word' id='word_1_344' title='bbox 2371 2304 2597 2360; x_wconf 77' lang='lat' dir='ltr'><strong>vivebam</strong></span> <span class='ocrx_word' id='word_1_345' title='bbox 2654 2305 2848 2375; x_wconf 73' lang='lat' dir='ltr'><strong>absque</strong></span> <span class='ocrx_word' id='word_1_346' title='bbox 2883 2303 2993 2375; x_wconf 86' lang='lat' dir='ltr'><strong>lege</strong></span> <span class='ocrx_word' id='word_1_347' title='bbox 3037 2303 3359 2375; x_wconf 51' lang='lat' dir='ltr'><strong>aliquandoa.</strong></span> 
     </span>
    </p>
   </div>
   <div class='ocr_carea' id='block_1_48' title="bbox 1777 2393 3357 2464">
    <p class='ocr_par' dir='ltr' id='par_1_48' title="bbox 1777 2393 3357 2464">
     <span class='ocr_line' id='line_1_48' title="bbox 1777 2393 3357 2464; baseline -0.002 -14"><span class='ocrx_word' id='word_1_348' title='bbox 1777 2394 2120 2451; x_wconf 82' lang='lat' dir='ltr'><strong>Manifestius</strong></span> <span class='ocrx_word' id='word_1_349' title='bbox 2188 2405 2367 2451; x_wconf 88' lang='lat' dir='ltr'><strong>autem</strong></span> <span class='ocrx_word' id='word_1_350' title='bbox 2433 2393 2676 2450; x_wconf 85' lang='lat' dir='ltr'><strong>declarat</strong></span> <span class='ocrx_word' id='word_1_351' title='bbox 2724 2394 2839 2450; x_wconf 68' lang='lat' dir='ltr'><strong>haec</strong></span> <span class='ocrx_word' id='word_1_352' title='bbox 2896 2395 2949 2449; x_wconf 92' lang='lat' dir='ltr'><strong>in</strong></span> <span class='ocrx_word' id='word_1_353' title='bbox 3006 2408 3236 2464; x_wconf 82' lang='lat' dir='ltr'><strong>persona</strong></span> <span class='ocrx_word' id='word_1_354' title='bbox 3290 2407 3357 2447; x_wconf 75' lang='lat' dir='ltr'><strong>se</strong></span> 
     </span>
    </p>
   </div>
   <div class='ocr_carea' id='block_1_49' title="bbox 1776 2483 3377 2555">
    <p class='ocr_par' dir='ltr' id='par_1_49' title="bbox 1776 2483 3377 2555">
     <span class='ocr_line' id='line_1_49' title="bbox 1776 2483 3377 2555; baseline -0.003 -15"><span class='ocrx_word' id='word_1_355' title='bbox 1776 2487 1972 2541; x_wconf 82' lang='lat' dir='ltr'><strong>Adami</strong></span> <span class='ocrx_word' id='word_1_356' title='bbox 2001 2485 2246 2555; x_wconf 82' lang='lat' dir='ltr'><strong>proferre</strong></span> <span class='ocrx_word' id='word_1_357' title='bbox 2267 2524 2282 2550; x_wconf 98' lang='lat'><strong>,</strong></span> <span class='ocrx_word' id='word_1_358' title='bbox 2312 2500 2438 2541; x_wconf 85' lang='lat' dir='ltr'><strong>cum</strong></span> <span class='ocrx_word' id='word_1_359' title='bbox 2465 2486 2532 2540; x_wconf 88' lang='lat' dir='ltr'><strong>ad</strong></span> <span class='ocrx_word' id='word_1_360' title='bbox 2565 2484 2950 2540; x_wconf 81' lang='lat' dir='ltr'><strong>illustrandum</strong></span> <span class='ocrx_word' id='word_1_361' title='bbox 3003 2483 3198 2538; x_wconf 90' lang='lat' dir='ltr'><strong>horum</strong></span> <span class='ocrx_word' id='word_1_362' title='bbox 3230 2497 3377 2537; x_wconf 84' lang='lat' dir='ltr'><strong>ver-.</strong></span> 
     </span>
    </p>
   </div>
   <div class='ocr_carea' id='block_1_50' title="bbox 1778 2573 3351 2647">
    <p class='ocr_par' dir='ltr' id='par_1_50' title="bbox 1778 2573 3351 2647">
     <span class='ocr_line' id='line_1_50' title="bbox 1778 2573 3351 2647; baseline -0.004 -14"><span class='ocrx_word' id='word_1_363' title='bbox 1778 2578 1970 2633; x_wconf 84' lang='lat' dir='ltr'><strong>borum</strong></span> <span class='ocrx_word' id='word_1_364' title='bbox 2007 2577 2336 2633; x_wconf 88' lang='lat' dir='ltr'><strong>intellectum</strong></span> <span class='ocrx_word' id='word_1_365' title='bbox 2360 2616 2378 2641; x_wconf 91' lang='lat'><strong>,</strong></span> <span class='ocrx_word' id='word_1_366' title='bbox 2432 2592 2540 2632; x_wconf 90' lang='lat' dir='ltr'><strong>non</strong></span> <span class='ocrx_word' id='word_1_367' title='bbox 2581 2576 2815 2647; x_wconf 83' lang='lat' dir='ltr'><strong>amplius</strong></span> <span class='ocrx_word' id='word_1_368' title='bbox 2864 2575 2991 2631; x_wconf 87' lang='lat' dir='ltr'><strong>inde</strong></span> <span class='ocrx_word' id='word_1_369' title='bbox 3006 2575 3227 2645; x_wconf 67' lang='lat' dir='ltr'><strong>legem,</strong></span> <span class='ocrx_word' id='word_1_370' title='bbox 3254 2573 3351 2628; x_wconf 90' lang='lat' dir='ltr'><strong>sed</strong></span> 
     </span>
    </p>
   </div>
   <div class='ocr_carea' id='block_1_51' title="bbox 1778 2665 3351 2739">
    <p class='ocr_par' dir='ltr' id='par_1_51' title="bbox 1778 2665 3351 2739">
     <span class='ocr_line' id='line_1_51' title="bbox 1778 2665 3351 2739; baseline -0.004 -16"><span class='ocrx_word' id='word_1_371' title='bbox 1778 2677 2102 2739; x_wconf 59' lang='lat' dir='ltr'><strong>prteceptum</strong></span> <span class='ocrx_word' id='word_1_372' title='bbox 2135 2678 2295 2724; x_wconf 79' lang='lat' dir='ltr'><strong>vocat</strong></span> <span class='ocrx_word' id='word_1_373' title='bbox 2334 2668 2483 2738; x_wconf 89' lang='lat' dir='ltr'><strong>quod</strong></span> <span class='ocrx_word' id='word_1_374' title='bbox 2538 2668 2752 2723; x_wconf 79' lang='lat' dir='ltr'><strong>Adamo</strong></span> <span class='ocrx_word' id='word_1_375' title='bbox 2797 2668 2983 2722; x_wconf 83' lang='lat' dir='ltr'><strong>datum</strong></span> <span class='ocrx_word' id='word_1_376' title='bbox 3038 2674 3192 2731; x_wconf 88' lang='lat' dir='ltr'><strong>erat,</strong></span> <span class='ocrx_word' id='word_1_377' title='bbox 3233 2665 3351 2719; x_wconf 66' lang='lat' dir='ltr'><strong>haec</strong></span> 
     </span>
    </p>
   </div>
   <div class='ocr_carea' id='block_1_52' title="bbox 95 2756 3348 2835">
    <p class='ocr_par' dir='ltr' id='par_1_52' title="bbox 95 2756 3348 2835">
     <span class='ocr_line' id='line_1_52' title="bbox 95 2756 3348 2835; baseline 0.001 -25"><span class='ocrx_word' id='word_1_378' title='bbox 95 2768 276 2823; x_wconf 80' lang='lat' dir='ltr'><strong>nempe</strong></span> <span class='ocrx_word' id='word_1_379' title='bbox 300 2756 608 2825; x_wconf 79' lang='lat' dir='ltr'><strong>subjiciens</strong></span> <span class='ocrx_word' id='word_1_380' title='bbox 640 2776 653 2812; x_wconf 90' lang='lat'><strong>:</strong></span> <span class='ocrx_word' id='word_1_381' title='bbox 693 2758 937 2815; x_wconf 70' lang='lat' dir='ltr'><strong>Veniente</strong></span> <span class='ocrx_word' id='word_1_382' title='bbox 957 2778 1079 2817; x_wconf 84' lang='lat' dir='ltr'><strong>vero</strong></span> <span class='ocrx_word' id='word_1_383' title='bbox 1104 2763 1354 2817; x_wconf 76' lang='lat' dir='ltr'><strong>mandato</strong></span> <span class='ocrx_word' id='word_1_384' title='bbox 1378 2760 1557 2833; x_wconf 86' lang='lat' dir='ltr'><strong>(quasi</strong></span> <span class='ocrx_word' id='word_1_385' title='bbox 1584 2761 1749 2829; x_wconf 77' lang='lat' dir='ltr'><strong>dicat,</strong></span> <span class='ocrx_word' id='word_1_386' title='bbox 1788 2764 1966 2835; x_wconf 84' lang='lat' dir='ltr'><strong>dato),</strong></span> <span class='ocrx_word' id='word_1_387' title='bbox 1990 2773 2262 2832; x_wconf 82' lang='lat' dir='ltr'><strong>peceatum</strong></span> <span class='ocrx_word' id='word_1_388' title='bbox 2282 2763 2470 2818; x_wconf 69' lang='lat' dir='ltr'><strong>revixit</strong></span> <span class='ocrx_word' id='word_1_389' title='bbox 2495 2778 2641 2833; x_wconf 45' lang='lat' dir='ltr'><strong>,‘oego</strong></span> <span class='ocrx_word' id='word_1_390' title='bbox 2673 2770 2848 2819; x_wconf 85' lang='lat' dir='ltr'><strong>autem</strong></span> <span class='ocrx_word' id='word_1_391' title='bbox 2879 2768 3118 2814; x_wconf 75' lang='lat' dir='ltr'><strong>mortuus</strong></span> <span class='ocrx_word' id='word_1_392' title='bbox 3141 2775 3259 2813; x_wconf 81' lang='lat' dir='ltr'><strong>sum</strong></span> <span class='ocrx_word' id='word_1_393' title='bbox 3276 2760 3348 2821; x_wconf 74' lang='lat'><strong>&quot;,</strong></span> 
     </span>
    </p>
   </div>
   <div class='ocr_carea' id='block_1_53' title="bbox 95 2848 3354 2929">
    <p class='ocr_par' dir='ltr' id='par_1_53' title="bbox 95 2848 3354 2929">
     <span class='ocr_line' id='line_1_53' title="bbox 95 2848 3354 2929; baseline 0.002 -30"><span class='ocrx_word' id='word_1_394' title='bbox 95 2848 335 2904; x_wconf 68' lang='lat' dir='ltr'><strong>videlicet</strong></span> <span class='ocrx_word' id='word_1_395' title='bbox 372 2866 470 2920; x_wconf 77' lang='lat' dir='ltr'><strong>per</strong></span> <span class='ocrx_word' id='word_1_396' title='bbox 490 2853 915 2909; x_wconf 79' lang='lat' dir='ltr'><strong>inobedientiam</strong></span> <span class='ocrx_word' id='word_1_397' title='bbox 945 2856 1247 2912; x_wconf 68' lang='lat' dir='ltr'><strong>excidenda</strong></span> <span class='ocrx_word' id='word_1_398' title='bbox 1277 2857 1436 2912; x_wconf 89' lang='lat' dir='ltr'><strong>beata</strong></span> <span class='ocrx_word' id='word_1_399' title='bbox 1461 2857 1591 2913; x_wconf 87' lang='lat' dir='ltr'><strong>vita.</strong></span> <span class='ocrx_word' id='word_1_400' title='bbox 1618 2856 1695 2914; x_wconf 92' lang='lat' dir='ltr'><strong>De</strong></span> <span class='ocrx_word' id='word_1_401' title='bbox 1727 2874 1836 2929; x_wconf 81' lang='lat' dir='ltr'><strong>quo</strong></span> <span class='ocrx_word' id='word_1_402' title='bbox 1857 2858 1970 2929; x_wconf 88' lang='lat' dir='ltr'><strong>jam</strong></span> <span class='ocrx_word' id='word_1_403' title='bbox 2005 2859 2355 2929; x_wconf 85' lang='lat' dir='ltr'><strong>perspicuum</strong></span> <span class='ocrx_word' id='word_1_404' title='bbox 2383 2866 2485 2924; x_wconf 87' lang='lat' dir='ltr'><strong>est,</strong></span> <span class='ocrx_word' id='word_1_405' title='bbox 2529 2872 2637 2911; x_wconf 90' lang='lat' dir='ltr'><strong>non</strong></span> <span class='ocrx_word' id='word_1_406' title='bbox 2678 2870 2807 2911; x_wconf 80' lang='lat' dir='ltr'><strong>mox</strong></span> <span class='ocrx_word' id='word_1_407' title='bbox 2838 2864 2999 2926; x_wconf 89' lang='lat' dir='ltr'><strong>atque</strong></span> <span class='ocrx_word' id='word_1_408' title='bbox 3029 2854 3205 2909; x_wconf 88' lang='lat' dir='ltr'><strong>lactus</strong></span> <span class='ocrx_word' id='word_1_409' title='bbox 3234 2860 3354 2908; x_wconf 87' lang='lat' dir='ltr'><strong>erat</strong></span> 
     </span>
    </p>
   </div>
   <div class='ocr_carea' id='block_1_54' title="bbox 96 2943 3208 3023">
    <p class='ocr_par' dir='ltr' id='par_1_54' title="bbox 96 2943 3208 3023">
     <span class='ocr_line' id='line_1_54' title="bbox 96 2943 3208 3023; baseline 0.003 -28"><span class='ocrx_word' id='word_1_410' title='bbox 96 2943 353 3004; x_wconf 82' lang='lat' dir='ltr'><strong>Adamus.</strong></span> <span class='ocrx_word' id='word_1_411' title='bbox 396 2958 725 3017; x_wconf 66' lang='lat' dir='ltr'><strong>praeceptum</strong></span> <span class='ocrx_word' id='word_1_412' title='bbox 759 2949 947 3004; x_wconf 89' lang='lat' dir='ltr'><strong>datum</strong></span> <span class='ocrx_word' id='word_1_413' title='bbox 974 2950 1167 3017; x_wconf 80' lang='lat' dir='ltr'><strong>fuisse,</strong></span> <span class='ocrx_word' id='word_1_414' title='bbox 1199 2952 1293 3007; x_wconf 89' lang='lat' dir='ltr'><strong>sed</strong></span> <span class='ocrx_word' id='word_1_415' title='bbox 1324 2960 1446 3021; x_wconf 88' lang='lat' dir='ltr'><strong>post</strong></span> <span class='ocrx_word' id='word_1_416' title='bbox 1468 2951 1690 3023; x_wconf 90' lang='lat' dir='ltr'><strong>aliquod</strong></span> <span class='ocrx_word' id='word_1_417' title='bbox 1722 2963 1956 3023; x_wconf 88' lang='lat' dir='ltr'><strong>tempus,</strong></span> <span class='ocrx_word' id='word_1_418' title='bbox 1988 2954 2131 3023; x_wconf 91' lang='lat' dir='ltr'><strong>quod</strong></span> <span class='ocrx_word' id='word_1_419' title='bbox 2154 2961 2337 3008; x_wconf 87' lang='lat' dir='ltr'><strong>tamen</strong></span> <span class='ocrx_word' id='word_1_420' title='bbox 2362 2952 2587 3007; x_wconf 88' lang='lat' dir='ltr'><strong>minime</strong></span> <span class='ocrx_word' id='word_1_421' title='bbox 2610 2950 2890 3007; x_wconf 82' lang='lat' dir='ltr'><strong>deﬁnitum</strong></span> <span class='ocrx_word' id='word_1_422' title='bbox 2923 2950 3208 3004; x_wconf 88' lang='lat' dir='ltr'><strong>habemus.</strong></span> 
     </span>
    </p>
   </div>
   <div class='ocr_carea' id='block_1_55' title="bbox 161 3042 3353 3124">
    <p class='ocr_par' dir='ltr' id='par_1_55' title="bbox 161 3042 3353 3124">
     <span class='ocr_line' id='line_1_55' title="bbox 161 3042 3353 3124; baseline -0.003 -18"><span class='ocrx_word' id='word_1_423' title='bbox 161 3042 632 3124; x_wconf 53' lang='lat' dir='ltr'><strong>Qlfwfequuntur,</strong></span> <span class='ocrx_word' id='word_1_424' title='bbox 659 3046 911 3124; x_wconf 60' lang='lat' dir='ltr'><strong>usquead</strong></span> <span class='ocrx_word' id='word_1_425' title='bbox 932 3048 1305 3124; x_wconf 78' lang='lat' dir='ltr'><strong>interrogantis</strong></span> <span class='ocrx_word' id='word_1_426' title='bbox 1332 3064 1568 3124; x_wconf 76' lang='lat' dir='ltr'><strong>persona:</strong></span> <span class='ocrx_word' id='word_1_427' title='bbox 1589 3048 1768 3113; x_wconf 87' lang='lat' dir='ltr'><strong>verba,</strong></span> <span class='ocrx_word' id='word_1_428' title='bbox 1797 3066 1895 3124; x_wconf 87' lang='lat' dir='ltr'><strong>non</strong></span> <span class='ocrx_word' id='word_1_429' title='bbox 1917 3049 2140 3124; x_wconf 60' lang='grc' dir='ltr'><strong>διεπανξὶ</strong></span> <span class='ocrx_word' id='word_1_430' title='bbox 2165 3048 2411 3124; x_wconf 76' lang='lat' dir='ltr'><strong>sunt,_scd</strong></span> <span class='ocrx_word' id='word_1_431' title='bbox 2428 3047 2667 3124; x_wconf 69' lang='lat' dir='ltr'><strong>Gregorii</strong></span> <span class='ocrx_word' id='word_1_432' title='bbox 2685 3044 2933 3124; x_wconf 71' lang='lat' dir='ltr'><strong>Ngsseni,</strong></span> <span class='ocrx_word' id='word_1_433' title='bbox 2958 3046 3187 3124; x_wconf 50' lang='lat' dir='ltr'><strong>amiciat</strong></span> <span class='ocrx_word' id='word_1_434' title='bbox 3217 3059 3353 3098; x_wconf 73' lang='lat' dir='ltr'><strong>cow-</strong></span> 
     </span>
    </p>
   </div>
   <div class='ocr_carea' id='block_1_56' title="bbox 101 3116 3358 3194">
    <p class='ocr_par' dir='ltr' id='par_1_56' title="bbox 101 3116 3358 3194">
     <span class='ocr_line' id='line_1_56' title="bbox 101 3116 3358 3194; baseline 0.002 -28"><span class='ocrx_word' id='word_1_435' title='bbox 101 3116 226 3194; x_wconf 61' lang='lat' dir='ltr'><strong>tauei</strong></span> <span class='ocrx_word' id='word_1_436' title='bbox 261 3116 381 3194; x_wconf 77' lang='lat' dir='ltr'><strong>eius</strong></span> <span class='ocrx_word' id='word_1_437' title='bbox 400 3129 419 3164; x_wconf 90' lang='lat'><em>:</em></span> <span class='ocrx_word' id='word_1_438' title='bbox 452 3116 651 3194; x_wconf 76' lang='lat' dir='ltr'><strong>inserta</strong></span> <span class='ocrx_word' id='word_1_439' title='bbox 684 3117 805 3194; x_wconf 64' lang='lat' dir='ltr'><strong>huic</strong></span> <span class='ocrx_word' id='word_1_440' title='bbox 827 3117 963 3194; x_wconf 76' lang='lat' dir='ltr'><strong>libro</strong></span> <span class='ocrx_word' id='word_1_441' title='bbox 989 3135 1082 3194; x_wconf 57' lang='lat' dir='ltr'><strong>per</strong></span> <span class='ocrx_word' id='word_1_442' title='bbox 1105 3116 1355 3194; x_wconf 68' lang='lat' dir='ltr'><strong>aliquem,</strong></span> <span class='ocrx_word' id='word_1_443' title='bbox 1387 3121 1476 3194; x_wconf 77' lang='lat' dir='ltr'><strong>qui</strong></span> <span class='ocrx_word' id='word_1_444' title='bbox 1511 3135 1622 3194; x_wconf 75' lang='lat' dir='ltr'><strong>sua:</strong></span> <span class='ocrx_word' id='word_1_445' title='bbox 1648 3122 1915 3175; x_wconf 72' lang='lat' dir='ltr'><strong>memoria:</strong></span> <span class='ocrx_word' id='word_1_446' title='bbox 1938 3121 2207 3175; x_wconf 78' lang='lat' dir='ltr'><strong>consulere</strong></span> <span class='ocrx_word' id='word_1_447' title='bbox 2230 3120 2480 3194; x_wconf 79' lang='lat' dir='ltr'><strong>vellet_,_et</strong></span> <span class='ocrx_word' id='word_1_448' title='bbox 2503 3116 2608 3172; x_wconf 79' lang='lat' dir='ltr'><strong>uno</strong></span> <span class='ocrx_word' id='word_1_449' title='bbox 2630 3116 2751 3194; x_wconf 71' lang='lat' dir='ltr'><strong>loco</strong></span> <span class='ocrx_word' id='word_1_450' title='bbox 2783 3116 3358 3194; x_wconf 70' lang='lat' dir='ltr'><strong>duorumscriptorunt</strong></span> 
     </span>
    </p>
   </div>
   <div class='ocr_carea' id='block_1_57' title="bbox 99 3186 3369 3261">
    <p class='ocr_par' dir='ltr' id='par_1_57' title="bbox 99 3186 3369 3261">
     <span class='ocr_line' id='line_1_57' title="bbox 99 3186 3369 3261; baseline 0.002 -26"><span class='ocrx_word' id='word_1_451' title='bbox 99 3186 468 3261; x_wconf 65' lang='lat' dir='ltr'><strong>explicationes</strong></span> <span class='ocrx_word' id='word_1_452' title='bbox 492 3186 701 3261; x_wconf 46' lang='lat' dir='ltr'><strong>nabere.</strong></span> <span class='ocrx_word' id='word_1_453' title='bbox 726 3188 1172 3261; x_wconf 77' lang='lat' dir='ltr'><strong>Deprehendimus</strong></span> <span class='ocrx_word' id='word_1_454' title='bbox 1194 3186 1501 3244; x_wconf 65' lang='lat' dir='ltr'><strong>consimilia</strong></span> <span class='ocrx_word' id='word_1_455' title='bbox 1522 3190 1763 3261; x_wconf 71' lang='lat' dir='ltr'><strong>deinceps</strong></span> <span class='ocrx_word' id='word_1_456' title='bbox 1790 3207 1992 3261; x_wconf 85' lang='lat' dir='ltr'><strong>quoque</strong></span> <span class='ocrx_word' id='word_1_457' title='bbox 2014 3206 2306 3253; x_wconf 85' lang='lat' dir='ltr'><strong>occurrere,</strong></span> <span class='ocrx_word' id='word_1_458' title='bbox 2331 3189 2418 3261; x_wconf 83' lang='lat' dir='ltr'><strong>ubi</strong></span> <span class='ocrx_word' id='word_1_459' title='bbox 2445 3189 2667 3261; x_wconf 51' lang='lat' dir='ltr'><strong>nequis</strong></span> <span class='ocrx_word' id='word_1_460' title='bbox 2690 3187 2843 3252; x_wconf 78' lang='lat' dir='ltr'><strong>locis,</strong></span> <span class='ocrx_word' id='word_1_461' title='bbox 2861 3189 3200 3261; x_wconf 15' lang='lat' dir='ltr'><strong>iquaz‘t‘ttserla</strong></span> <span class='ocrx_word' id='word_1_462' title='bbox 3223 3187 3369 3261; x_wconf 68' lang='lat' dir='ltr'><strong>sint,</strong></span> 
     </span>
    </p>
   </div>
   <div class='ocr_carea' id='block_1_58' title="bbox 102 3254 3353 3334">
    <p class='ocr_par' dir='ltr' id='par_1_58' title="bbox 102 3254 3353 3334">
     <span class='ocr_line' id='line_1_58' title="bbox 102 3254 3353 3334; baseline 0 -27"><span class='ocrx_word' id='word_1_463' title='bbox 102 3257 466 3334; x_wconf 73' lang='lat' dir='ltr'><strong>indicabimus.</strong></span> <span class='ocrx_word' id='word_1_464' title='bbox 497 3254 630 3310; x_wconf 87' lang='lat' dir='ltr'><strong>Sunt</strong></span> <span class='ocrx_word' id='word_1_465' title='bbox 674 3254 850 3312; x_wconf 83' lang='lat' dir='ltr'><strong>autem</strong></span> <span class='ocrx_word' id='word_1_466' title='bbox 880 3259 991 3314; x_wconf 64' lang='lat' dir='ltr'><strong>haec</strong></span> <span class='ocrx_word' id='word_1_467' title='bbox 1028 3261 1289 3329; x_wconf 85' lang='lat' dir='ltr'><strong>descripta</strong></span> <span class='ocrx_word' id='word_1_468' title='bbox 1328 3276 1356 3315; x_wconf 90' lang='lat' dir='ltr'><strong>e</strong></span> <span class='ocrx_word' id='word_1_469' title='bbox 1395 3260 1530 3315; x_wconf 86' lang='lat' dir='ltr'><strong>libro</strong></span> <span class='ocrx_word' id='word_1_470' title='bbox 1555 3254 1812 3331; x_wconf 67' lang='lat' dir='ltr'><strong>Nyaseni,</strong></span> <span class='ocrx_word' id='word_1_471' title='bbox 1844 3254 1934 3334; x_wconf 71' lang='lat' dir='ltr'><strong>qui</strong></span> <span class='ocrx_word' id='word_1_472' title='bbox 1960 3272 2038 3317; x_wconf 83' lang='lat' dir='ltr'><strong>est</strong></span> <span class='ocrx_word' id='word_1_473' title='bbox 2060 3260 2137 3316; x_wconf 90' lang='lat' dir='ltr'><strong>De</strong></span> <span class='ocrx_word' id='word_1_474' title='bbox 2168 3260 2405 3315; x_wconf 86' lang='lat' dir='ltr'><strong>hominis</strong></span> <span class='ocrx_word' id='word_1_475' title='bbox 2438 3258 2675 3329; x_wconf 84' lang='lat' dir='ltr'><strong>opiﬁcio,</strong></span> <span class='ocrx_word' id='word_1_476' title='bbox 2704 3273 2818 3327; x_wconf 88' lang='lat' dir='ltr'><strong>cap.</strong></span> <span class='ocrx_word' id='word_1_477' title='bbox 2854 3254 2939 3323; x_wconf 78' lang='lat' dir='ltr'><strong>l9,</strong></span> <span class='ocrx_word' id='word_1_478' title='bbox 2971 3256 3060 3321; x_wconf 79' lang='lat'><strong>9.0,</strong></span> <span class='ocrx_word' id='word_1_479' title='bbox 3092 3257 3181 3310; x_wconf 84' lang='lat' dir='ltr'><strong>sed</strong></span> <span class='ocrx_word' id='word_1_480' title='bbox 3216 3256 3353 3308; x_wconf 86' lang='lat' dir='ltr'><strong>mul—</strong></span> 
     </span>
    </p>
   </div>
   <div class='ocr_carea' id='block_1_59' title="bbox 103 3329 463 3381">
    <p class='ocr_par' dir='ltr' id='par_1_59' title="bbox 103 3329 463 3381">
     <span class='ocr_line' id='line_1_59' title="bbox 103 3329 463 3381; baseline 0 0"><span class='ocrx_word' id='word_1_481' title='bbox 103 3339 201 3381; x_wconf 79' lang='lat' dir='ltr'><strong>tum</strong></span> <span class='ocrx_word' id='word_1_482' title='bbox 227 3329 463 3381; x_wconf 81' lang='lat' dir='ltr'><strong>variant.</strong></span> 
     </span>
    </p>
   </div>
   <div class='ocr_carea' id='block_1_60' title="bbox 173 3406 1673 3494">
    <p class='ocr_par' dir='ltr' id='par_1_60' title="bbox 173 3406 1673 3494">
     <span class='ocr_line' id='line_1_60' title="bbox 173 3406 1673 3494; baseline 0.004 -23"><span class='ocrx_word' id='word_1_483' title='bbox 173 3420 239 3476; x_wconf 84' lang='grc' dir='ltr'><strong>Ἦ</strong></span> <span class='ocrx_word' id='word_1_484' title='bbox 267 3406 483 3471; x_wconf 83' lang='grc' dir='ltr'><strong>δοθεῖσα</strong></span> <span class='ocrx_word' id='word_1_485' title='bbox 528 3418 713 3489; x_wconf 78' lang='grc' dir='ltr'><strong>ἐντολὴ</strong></span> <span class='ocrx_word' id='word_1_486' title='bbox 758 3419 817 3471; x_wconf 79' lang='grc' dir='ltr'><strong>ὲν</strong></span> <span class='ocrx_word' id='word_1_487' title='bbox 846 3418 1161 3489; x_wconf 85' lang='grc' dir='ltr'><strong>παραδείσῳ</strong></span> <span class='ocrx_word' id='word_1_488' title='bbox 1205 3418 1284 3490; x_wconf 83' lang='grc' dir='ltr'><strong>τῷ</strong></span> <span class='ocrx_word' id='word_1_489' title='bbox 1318 3420 1489 3492; x_wconf 72' lang='grc' dir='ltr'><strong>Ἀδάμ</strong></span> <span class='ocrx_word' id='word_1_490' title='bbox 1521 3421 1673 3494; x_wconf 81' lang='grc' dir='ltr'><strong>παρὰ</strong></span> 
     </span>
    </p>
   </div>
   <div class='ocr_carea' id='block_1_61' title="bbox 104 3509 1674 3584">
    <p class='ocr_par' dir='ltr' id='par_1_61' title="bbox 104 3509 1674 3584">
     <span class='ocr_line' id='line_1_61' title="bbox 104 3509 1674 3584; baseline 0.003 -23"><span class='ocrx_word' id='word_1_491' title='bbox 104 3510 184 3563; x_wconf 82' lang='grc' dir='ltr'><strong>τοῦ</strong></span> <span class='ocrx_word' id='word_1_492' title='bbox 208 3511 369 3573; x_wconf 82' lang='grc' dir='ltr'><strong>Θεοῦ,</strong></span> <span class='ocrx_word' id='word_1_493' title='bbox 398 3510 528 3582; x_wconf 75' lang='grc' dir='ltr'><strong>περὶ</strong></span> <span class='ocrx_word' id='word_1_494' title='bbox 556 3510 655 3579; x_wconf 87' lang='grc' dir='ltr'><strong>τῆς</strong></span> <span class='ocrx_word' id='word_1_495' title='bbox 678 3512 740 3564; x_wconf 85' lang='grc' dir='ltr'><strong>ὲκ</strong></span> <span class='ocrx_word' id='word_1_496' title='bbox 764 3509 860 3562; x_wconf 87' lang='grc' dir='ltr'><strong>τοῦ</strong></span> <span class='ocrx_word' id='word_1_497' title='bbox 888 3510 1085 3569; x_wconf 80' lang='grc' dir='ltr'><strong>παντὸς</strong></span> <span class='ocrx_word' id='word_1_498' title='bbox 1109 3509 1265 3575; x_wconf 81' lang='grc' dir='ltr'><strong>ξύλου</strong></span> <span class='ocrx_word' id='word_1_499' title='bbox 1299 3512 1674 3584; x_wconf 71' lang='grc' dir='ltr'><strong>μεταλήψεως,</strong></span> 
     </span>
    </p>
   </div>
   <div class='ocr_carea' id='block_1_62' title="bbox 105 3602 1679 3676">
    <p class='ocr_par' dir='ltr' id='par_1_62' title="bbox 105 3602 1679 3676">
     <span class='ocr_line' id='line_1_62' title="bbox 105 3602 1679 3676; baseline 0.003 -21"><span class='ocrx_word' id='word_1_500' title='bbox 105 3604 189 3655; x_wconf 68' lang='grc' dir='ltr'><strong>καὶ</strong></span> <span class='ocrx_word' id='word_1_501' title='bbox 221 3605 323 3675; x_wconf 86' lang='grc' dir='ltr'><strong>τῆς</strong></span> <span class='ocrx_word' id='word_1_502' title='bbox 346 3603 557 3674; x_wconf 81' lang='grc' dir='ltr'><strong>ἀποχῆς</strong></span> <span class='ocrx_word' id='word_1_503' title='bbox 582 3602 675 3656; x_wconf 87' lang='grc' dir='ltr'><strong>τοῦ</strong></span> <span class='ocrx_word' id='word_1_504' title='bbox 705 3602 861 3669; x_wconf 81' lang='grc' dir='ltr'><strong>ξύλου</strong></span> <span class='ocrx_word' id='word_1_505' title='bbox 886 3602 979 3656; x_wconf 87' lang='grc' dir='ltr'><strong>τοῦ</strong></span> <span class='ocrx_word' id='word_1_506' title='bbox 1008 3604 1457 3676; x_wconf 74' lang='grc' dir='ltr'><strong>ἀπηγορευμένου</strong></span> <span class='ocrx_word' id='word_1_507' title='bbox 1480 3621 1493 3636; x_wconf 77' lang='grc'><strong><em>⁸</em></strong></span> <span class='ocrx_word' id='word_1_508' title='bbox 1523 3604 1679 3659; x_wconf 84' lang='grc' dir='ltr'><strong>τοῦτό</strong></span> 
     </span>
    </p>
   </div>
   <div class='ocr_carea' id='block_1_63' title="bbox 106 3689 1681 3767">
    <p class='ocr_par' dir='ltr' id='par_1_63' title="bbox 106 3689 1681 3767">
     <span class='ocr_line' id='line_1_63' title="bbox 106 3689 1681 3767; baseline 0.004 -21"><span class='ocrx_word' id='word_1_509' title='bbox 106 3698 211 3749; x_wconf 75' lang='grc' dir='ltr'><strong>ἐστι</strong></span> <span class='ocrx_word' id='word_1_510' title='bbox 264 3697 326 3750; x_wconf 87' lang='grc' dir='ltr'><strong>τὸ</strong></span> <span class='ocrx_word' id='word_1_511' title='bbox 377 3696 531 3761; x_wconf 81' lang='grc' dir='ltr'><strong>ξύλον</strong></span> <span class='ocrx_word' id='word_1_512' title='bbox 567 3695 628 3749; x_wconf 83' lang='grc' dir='ltr'><strong>τὸ</strong></span> <span class='ocrx_word' id='word_1_513' title='bbox 682 3696 1073 3767; x_wconf 76' lang='grc' dir='ltr'><strong>περιληπτικὸν</strong></span> <span class='ocrx_word' id='word_1_514' title='bbox 1118 3697 1318 3761; x_wconf 79' lang='grc' dir='ltr'><strong>παντὸς</strong></span> <span class='ocrx_word' id='word_1_515' title='bbox 1349 3696 1552 3766; x_wconf 80' lang='grc' dir='ltr'><strong>ἀγαθοῦ</strong></span> <span class='ocrx_word' id='word_1_516' title='bbox 1577 3737 1592 3762; x_wconf 92' lang='grc'><strong>,</strong></span> <span class='ocrx_word' id='word_1_517' title='bbox 1635 3689 1681 3767; x_wconf 81' lang='grc' dir='ltr'><strong>ᾧ</strong></span> 
     </span>
    </p>
   </div>
   <div class='ocr_carea' id='block_1_64' title="bbox 106 3784 1679 3857">
    <p class='ocr_par' dir='ltr' id='par_1_64' title="bbox 106 3784 1679 3857">
     <span class='ocr_line' id='line_1_64' title="bbox 106 3784 1679 3857; baseline 0 -18"><span class='ocrx_word' id='word_1_518' title='bbox 106 3786 269 3857; x_wconf 71' lang='grc' dir='ltr'><strong>ὄνομά</strong></span> <span class='ocrx_word' id='word_1_519' title='bbox 297 3788 414 3838; x_wconf 72' lang='grc' dir='ltr'><strong>ἐστι</strong></span> <span class='ocrx_word' id='word_1_520' title='bbox 446 3785 505 3838; x_wconf 80' lang='grc' dir='ltr'><strong>τὸ</strong></span> <span class='ocrx_word' id='word_1_521' title='bbox 532 3786 659 3839; x_wconf 79' lang='grc' dir='ltr'><strong>πᾶν.</strong></span> <span class='ocrx_word' id='word_1_522' title='bbox 695 3786 834 3839; x_wconf 79' lang='grc' dir='ltr'><strong>Αὐτὸ</strong></span> <span class='ocrx_word' id='word_1_523' title='bbox 886 3788 1002 3839; x_wconf 79' lang='grc' dir='ltr'><strong>ἐστι</strong></span> <span class='ocrx_word' id='word_1_524' title='bbox 1051 3786 1112 3840; x_wconf 83' lang='grc' dir='ltr'><strong>τὸ</strong></span> <span class='ocrx_word' id='word_1_525' title='bbox 1153 3785 1318 3848; x_wconf 75' lang='grc' dir='ltr'><strong>ὅντως</strong></span> <span class='ocrx_word' id='word_1_526' title='bbox 1356 3784 1415 3839; x_wconf 81' lang='grc' dir='ltr'><strong>ὃν</strong></span> <span class='ocrx_word' id='word_1_527' title='bbox 1455 3785 1679 3855; x_wconf 74' lang='grc' dir='ltr'><strong>ἀγαθὸν,</strong></span> 
     </span>
    </p>
   </div>
   <div class='ocr_carea' id='block_1_65' title="bbox 109 3870 1680 3949">
    <p class='ocr_par' dir='ltr' id='par_1_65' title="bbox 109 3870 1680 3949">
     <span class='ocr_line' id='line_1_65' title="bbox 109 3870 1680 3949; baseline 0.004 -24"><span class='ocrx_word' id='word_1_528' title='bbox 109 3877 227 3947; x_wconf 73' lang='grc' dir='ltr'><strong>περὶ</strong></span> <span class='ocrx_word' id='word_1_529' title='bbox 276 3870 339 3930; x_wconf 73' lang='grc' dir='ltr'><strong>οὗ</strong></span> <span class='ocrx_word' id='word_1_530' title='bbox 370 3876 534 3929; x_wconf 74' lang='grc' dir='ltr'><strong>Δαὸὶδ</strong></span> <span class='ocrx_word' id='word_1_531' title='bbox 580 3875 761 3945; x_wconf 85' lang='grc' dir='ltr'><strong>λέγει,</strong></span> <span class='ocrx_word' id='word_1_532' title='bbox 797 3876 1270 3949; x_wconf 69' lang='grc' dir='ltr'><strong>Κατατρύφησον</strong></span> <span class='ocrx_word' id='word_1_533' title='bbox 1304 3875 1409 3930; x_wconf 87' lang='grc' dir='ltr'><strong>τοῦ</strong></span> <span class='ocrx_word' id='word_1_534' title='bbox 1436 3878 1680 3946; x_wconf 84' lang='grc' dir='ltr'><strong>Κυρίου·</strong></span> 
     </span>
    </p>
   </div>
   <div class='ocr_carea' id='block_1_66' title="bbox 109 3952 1684 4044">
    <p class='ocr_par' dir='ltr' id='par_1_66' title="bbox 109 3952 1684 4044">
     <span class='ocr_line' id='line_1_66' title="bbox 109 3952 1684 4044; baseline 0.003 -25"><span class='ocrx_word' id='word_1_535' title='bbox 109 3952 354 4039; x_wconf 68' lang='grc' dir='ltr'><strong>Σολομῗυν</strong></span> <span class='ocrx_word' id='word_1_536' title='bbox 389 3968 445 4022; x_wconf 84' lang='grc' dir='ltr'><strong>δὲ</strong></span> <span class='ocrx_word' id='word_1_537' title='bbox 478 3967 574 4038; x_wconf 78' lang='grc' dir='ltr'><strong>τὴν</strong></span> <span class='ocrx_word' id='word_1_538' title='bbox 591 3967 815 4037; x_wconf 72' lang='grc' dir='ltr'><strong>Σοφίαν,</strong></span> <span class='ocrx_word' id='word_1_539' title='bbox 842 3969 963 4044; x_wconf 72' lang='grc' dir='ltr'><strong>ἥτις</strong></span> <span class='ocrx_word' id='word_1_540' title='bbox 992 3969 1139 4022; x_wconf 72' lang='grc' dir='ltr'><strong>ἐστὶν</strong></span> <span class='ocrx_word' id='word_1_541' title='bbox 1175 3970 1204 4022; x_wconf 85' lang='grc' dir='ltr'><strong>ὁ</strong></span> <span class='ocrx_word' id='word_1_542' title='bbox 1229 3968 1453 4043; x_wconf 84' lang='grc' dir='ltr'><strong>Κύριος,</strong></span> <span class='ocrx_word' id='word_1_543' title='bbox 1492 3968 1684 4034; x_wconf 79' lang='grc' dir='ltr'><strong>ξύλον</strong></span> 
     </span>
    </p>
   </div>
   <div class='ocr_carea' id='block_1_67' title="bbox 113 4058 1684 4131">
    <p class='ocr_par' dir='ltr' id='par_1_67' title="bbox 113 4058 1684 4131">
     <span class='ocr_line' id='line_1_67' title="bbox 113 4058 1684 4131; baseline -0.001 -18"><span class='ocrx_word' id='word_1_544' title='bbox 113 4060 250 4131; x_wconf 79' lang='grc' dir='ltr'><strong>ζωῆς</strong></span> <span class='ocrx_word' id='word_1_545' title='bbox 287 4060 590 4130; x_wconf 81' lang='grc' dir='ltr'><strong>ὀνομάζων.</strong></span> <span class='ocrx_word' id='word_1_546' title='bbox 638 4058 847 4113; x_wconf 77' lang='grc' dir='ltr'><strong>Οὐκοῦν</strong></span> <span class='ocrx_word' id='word_1_547' title='bbox 881 4059 1075 4115; x_wconf 70' lang='grc' dir='ltr'><strong>ταύτόν</strong></span> <span class='ocrx_word' id='word_1_548' title='bbox 1116 4062 1262 4112; x_wconf 79' lang='grc' dir='ltr'><strong>ἐστιν</strong></span> <span class='ocrx_word' id='word_1_549' title='bbox 1299 4059 1360 4112; x_wconf 82' lang='grc' dir='ltr'><strong>τὸ</strong></span> <span class='ocrx_word' id='word_1_550' title='bbox 1400 4058 1500 4130; x_wconf 88' lang='grc' dir='ltr'><strong>τῆς</strong></span> <span class='ocrx_word' id='word_1_551' title='bbox 1537 4058 1684 4129; x_wconf 88' lang='grc' dir='ltr'><strong>ζωῆς</strong></span> 
     </span>
    </p>
   </div>
   <div class='ocr_carea' id='block_1_68' title="bbox 114 4140 1686 4219">
    <p class='ocr_par' dir='ltr' id='par_1_68' title="bbox 114 4140 1686 4219">
     <span class='ocr_line' id='line_1_68' title="bbox 114 4140 1686 4219; baseline 0.001 -21"><span class='ocrx_word' id='word_1_552' title='bbox 114 4146 257 4209; x_wconf 77' lang='grc' dir='ltr'><strong>ξύλον</strong></span> <span class='ocrx_word' id='word_1_553' title='bbox 280 4147 359 4218; x_wconf 82' lang='grc' dir='ltr'><strong>τῷ</strong></span> <span class='ocrx_word' id='word_1_554' title='bbox 386 4147 510 4202; x_wconf 83' lang='grc' dir='ltr'><strong>πᾶν</strong></span> <span class='ocrx_word' id='word_1_555' title='bbox 542 4147 752 4213; x_wconf 77' lang='grc' dir='ltr'><strong>ξύλον,</strong></span> <span class='ocrx_word' id='word_1_556' title='bbox 778 4140 839 4200; x_wconf 72' lang='grc' dir='ltr'><strong>οὗ</strong></span> <span class='ocrx_word' id='word_1_557' title='bbox 870 4148 967 4219; x_wconf 80' lang='grc' dir='ltr'><strong>τὴν</strong></span> <span class='ocrx_word' id='word_1_558' title='bbox 1000 4147 1200 4218; x_wconf 80' lang='grc' dir='ltr'><strong>βρῶσιν</strong></span> <span class='ocrx_word' id='word_1_559' title='bbox 1232 4148 1261 4200; x_wconf 81' lang='grc' dir='ltr'>ὁ</span> <span class='ocrx_word' id='word_1_560' title='bbox 1300 4147 1431 4211; x_wconf 84' lang='grc' dir='ltr'><strong>Θεὸς</strong></span> <span class='ocrx_word' id='word_1_561' title='bbox 1456 4148 1686 4218; x_wconf 85' lang='grc' dir='ltr'><strong>προτρέ-</strong></span> 
     </span>
    </p>
   </div>
   <div class='ocr_carea' id='block_1_69' title="bbox 116 4234 1684 4312">
    <p class='ocr_par' dir='ltr' id='par_1_69' title="bbox 116 4234 1684 4312">
     <span class='ocr_line' id='line_1_69' title="bbox 116 4234 1684 4312; baseline 0.002 -21"><span class='ocrx_word' id='word_1_562' title='bbox 116 4258 285 4293; x_wconf 80' lang='grc' dir='ltr'><strong>πεται.</strong></span> <span class='ocrx_word' id='word_1_563' title='bbox 335 4239 681 4311; x_wconf 82' lang='grc' dir='ltr'><strong>Ἀντιδιαιρεῖ</strong></span> <span class='ocrx_word' id='word_1_564' title='bbox 707 4240 762 4301; x_wconf 83' lang='grc' dir='ltr'><strong>δὲ</strong></span> <span class='ocrx_word' id='word_1_565' title='bbox 791 4240 963 4310; x_wconf 86' lang='grc' dir='ltr'><strong>τούτῳ</strong></span> <span class='ocrx_word' id='word_1_566' title='bbox 1007 4241 1069 4293; x_wconf 86' lang='grc' dir='ltr'><strong>τὸ</strong></span> <span class='ocrx_word' id='word_1_567' title='bbox 1112 4241 1296 4312; x_wconf 80' lang='grc' dir='ltr'><strong>ἓτερον</strong></span> <span class='ocrx_word' id='word_1_568' title='bbox 1326 4238 1479 4305; x_wconf 81' lang='grc' dir='ltr'><strong>ξύλον</strong></span> <span class='ocrx_word' id='word_1_569' title='bbox 1504 4279 1519 4303; x_wconf 94' lang='grc'><strong>,</strong></span> <span class='ocrx_word' id='word_1_570' title='bbox 1556 4234 1617 4294; x_wconf 77' lang='grc' dir='ltr'><strong>οῦ</strong></span> <span class='ocrx_word' id='word_1_571' title='bbox 1649 4240 1684 4311; x_wconf 78' lang='grc' dir='ltr'><strong>ἡ</strong></span> 
     </span>
    </p>
   </div>
   <div class='ocr_carea' id='block_1_70' title="bbox 118 4331 1687 4407">
    <p class='ocr_par' dir='ltr' id='par_1_70' title="bbox 118 4331 1687 4407">
     <span class='ocr_line' id='line_1_70' title="bbox 118 4331 1687 4407; baseline 0 -22"><span class='ocrx_word' id='word_1_572' title='bbox 118 4332 309 4407; x_wconf 72' lang='grc' dir='ltr'><strong>βρῶσις</strong></span> <span class='ocrx_word' id='word_1_573' title='bbox 337 4334 445 4393; x_wconf 57' lang='grc' dir='ltr'><strong>ούκ,</strong></span> <span class='ocrx_word' id='word_1_574' title='bbox 481 4333 789 4398; x_wconf 74' lang='grc' dir='ltr'><strong>ἰδιαζόντως</strong></span> <span class='ocrx_word' id='word_1_575' title='bbox 826 4332 992 4387; x_wconf 83' lang='grc' dir='ltr'><strong>καλοῦ</strong></span> <span class='ocrx_word' id='word_1_576' title='bbox 1041 4334 1075 4405; x_wconf 81' lang='grc' dir='ltr'>ἢ</span> <span class='ocrx_word' id='word_1_577' title='bbox 1120 4332 1293 4389; x_wconf 86' lang='grc' dir='ltr'><strong>κακοῦ</strong></span> <span class='ocrx_word' id='word_1_578' title='bbox 1320 4373 1334 4399; x_wconf 92' lang='grc'><strong>,</strong></span> <span class='ocrx_word' id='word_1_579' title='bbox 1371 4332 1506 4386; x_wconf 85' lang='grc' dir='ltr'><strong>ἀλλά</strong></span> <span class='ocrx_word' id='word_1_580' title='bbox 1550 4331 1687 4404; x_wconf 88' lang='grc' dir='ltr'><strong>σύμ-</strong></span> 
     </span>
    </p>
   </div>
   <div class='ocr_carea' id='block_1_71' title="bbox 118 4422 1687 4499">
    <p class='ocr_par' dir='ltr' id='par_1_71' title="bbox 118 4422 1687 4499">
     <span class='ocr_line' id='line_1_71' title="bbox 118 4422 1687 4499; baseline 0.001 -22"><span class='ocrx_word' id='word_1_581' title='bbox 118 4443 300 4499; x_wconf 77' lang='grc' dir='ltr'><strong>μικτος</strong></span> <span class='ocrx_word' id='word_1_582' title='bbox 325 4444 339 4457; x_wconf 90' lang='grc'><strong>·</strong></span> <span class='ocrx_word' id='word_1_583' title='bbox 378 4426 446 4496; x_wconf 80' lang='grc' dir='ltr'><strong>ἦν</strong></span> <span class='ocrx_word' id='word_1_584' title='bbox 471 4425 670 4487; x_wconf 76' lang='grc' dir='ltr'><strong>κωλύει</strong></span> <span class='ocrx_word' id='word_1_585' title='bbox 707 4426 806 4497; x_wconf 78' lang='grc' dir='ltr'><strong>μὲν</strong></span> <span class='ocrx_word' id='word_1_586' title='bbox 831 4426 1071 4498; x_wconf 73' lang='grc' dir='ltr'><strong>ἀρχηγὸς</strong></span> <span class='ocrx_word' id='word_1_587' title='bbox 1103 4426 1200 4499; x_wconf 90' lang='grc' dir='ltr'><strong>τῆς</strong></span> <span class='ocrx_word' id='word_1_588' title='bbox 1226 4422 1371 4497; x_wconf 83' lang='grc' dir='ltr'><strong>ζωῆς</strong></span> <span class='ocrx_word' id='word_1_589' title='bbox 1393 4465 1408 4491; x_wconf 94' lang='grc'><strong>,</strong></span> <span class='ocrx_word' id='word_1_590' title='bbox 1447 4425 1687 4496; x_wconf 80' lang='grc' dir='ltr'><strong>συμδου-</strong></span> 
     </span>
    </p>
   </div>
   <div class='ocr_carea' id='block_1_72' title="bbox 115 4516 1688 4595">
    <p class='ocr_par' dir='ltr' id='par_1_72' title="bbox 115 4516 1688 4595">
     <span class='ocr_line' id='line_1_72' title="bbox 115 4516 1688 4595; baseline 0.003 -28"><span class='ocrx_word' id='word_1_591' title='bbox 115 4516 248 4571; x_wconf 81' lang='grc' dir='ltr'><strong>λεύει</strong></span> <span class='ocrx_word' id='word_1_592' title='bbox 276 4519 333 4572; x_wconf 88' lang='grc' dir='ltr'><strong>δὲ</strong></span> <span class='ocrx_word' id='word_1_593' title='bbox 375 4520 401 4570; x_wconf 80' lang='grc' dir='ltr'><strong><em>ὁ</em></strong></span> <span class='ocrx_word' id='word_1_594' title='bbox 459 4518 613 4587; x_wconf 76' lang='grc' dir='ltr'><strong>ὄφις,</strong></span> <span class='ocrx_word' id='word_1_595' title='bbox 660 4518 744 4574; x_wconf 78' lang='grc' dir='ltr'><strong>ἵνα</strong></span> <span class='ocrx_word' id='word_1_596' title='bbox 795 4519 873 4589; x_wconf 82' lang='grc' dir='ltr'><strong>τῷ</strong></span> <span class='ocrx_word' id='word_1_597' title='bbox 926 4519 1138 4592; x_wconf 86' lang='grc' dir='ltr'><strong>θανάτῳ</strong></span> <span class='ocrx_word' id='word_1_598' title='bbox 1172 4519 1563 4595; x_wconf 79' lang='grc' dir='ltr'><strong>κατασκευάσῃ</strong></span> <span class='ocrx_word' id='word_1_599' title='bbox 1589 4517 1688 4595; x_wconf 84' lang='grc' dir='ltr'><strong>τὴν</strong></span> 
     </span>
    </p>
   </div>
   <div class='ocr_carea' id='block_1_73' title="bbox 118 4609 1691 4681">
    <p class='ocr_par' dir='ltr' id='par_1_73' title="bbox 118 4609 1691 4681">
     <span class='ocr_line' id='line_1_73' title="bbox 118 4609 1691 4681; baseline 0.002 -21"><span class='ocrx_word' id='word_1_600' title='bbox 118 4611 328 4667; x_wconf 80' lang='grc' dir='ltr'><strong>εἴσοδον.</strong></span> <span class='ocrx_word' id='word_1_601' title='bbox 359 4610 745 4681; x_wconf 83' lang='grc' dir='ltr'><strong>Συμμέμικται</strong></span> <span class='ocrx_word' id='word_1_602' title='bbox 774 4609 829 4663; x_wconf 80' lang='grc' dir='ltr'><strong>δὲ</strong></span> <span class='ocrx_word' id='word_1_603' title='bbox 858 4610 947 4669; x_wconf 84' lang='grc' dir='ltr'><strong>διὰ</strong></span> <span class='ocrx_word' id='word_1_604' title='bbox 978 4611 1086 4663; x_wconf 84' lang='grc' dir='ltr'><strong>τῶν</strong></span> <span class='ocrx_word' id='word_1_605' title='bbox 1124 4611 1378 4665; x_wconf 73' lang='grc' dir='ltr'><strong>ἐναντίων</strong></span> <span class='ocrx_word' id='word_1_606' title='bbox 1414 4613 1442 4664; x_wconf 86' lang='grc' dir='ltr'>ὁ</span> <span class='ocrx_word' id='word_1_607' title='bbox 1477 4610 1691 4681; x_wconf 71' lang='grc' dir='ltr'><strong>καρπὸς</strong></span> 
     </span>
    </p>
   </div>
   <div class='ocr_carea' id='block_1_74' title="bbox 116 4687 1685 4773">
    <p class='ocr_par' dir='ltr' id='par_1_74' title="bbox 116 4687 1685 4773">
     <span class='ocr_line' id='line_1_74' title="bbox 116 4687 1685 4773; baseline 0 -23"><span class='ocrx_word' id='word_1_608' title='bbox 116 4701 203 4754; x_wconf 81' lang='grc' dir='ltr'><strong>τοῦ</strong></span> <span class='ocrx_word' id='word_1_609' title='bbox 248 4701 701 4773; x_wconf 84' lang='grc' dir='ltr'><strong>ἀπηγορευμένου</strong></span> <span class='ocrx_word' id='word_1_610' title='bbox 736 4700 894 4766; x_wconf 80' lang='grc' dir='ltr'><strong>ξύλου</strong></span> <span class='ocrx_word' id='word_1_611' title='bbox 933 4687 1075 4753; x_wconf 80' lang='grc' dir='ltr'><strong>κατὰ</strong></span> <span class='ocrx_word' id='word_1_612' title='bbox 1112 4698 1302 4761; x_wconf 79' lang='grc' dir='ltr'><strong>τοῦτον</strong></span> <span class='ocrx_word' id='word_1_613' title='bbox 1346 4700 1438 4754; x_wconf 72' lang='grc' dir='ltr'><strong>τὸν</strong></span> <span class='ocrx_word' id='word_1_614' title='bbox 1490 4699 1646 4767; x_wconf 90' lang='grc' dir='ltr'><strong>λόγον</strong></span> <span class='ocrx_word' id='word_1_615' title='bbox 1670 4712 1685 4729; x_wconf 74' lang='grc' dir='ltr'><strong><em>ο</em></strong></span> 
     </span>
    </p>
   </div>
   <div class='ocr_carea' id='block_1_75' title="bbox 117 4793 1683 4866">
    <p class='ocr_par' dir='ltr' id='par_1_75' title="bbox 117 4793 1683 4866">
     <span class='ocr_line' id='line_1_75' title="bbox 117 4793 1683 4866; baseline 0.001 -21"><span class='ocrx_word' id='word_1_616' title='bbox 117 4794 277 4848; x_wconf 82' lang='grc' dir='ltr'><strong>ὃτιοὺ</strong></span> <span class='ocrx_word' id='word_1_617' title='bbox 312 4795 519 4864; x_wconf 83' lang='grc' dir='ltr'><strong>γυμνὸν</strong></span> <span class='ocrx_word' id='word_1_618' title='bbox 565 4794 851 4865; x_wconf 84' lang='grc' dir='ltr'><strong>πρόκειται</strong></span> <span class='ocrx_word' id='word_1_619' title='bbox 896 4793 957 4845; x_wconf 78' lang='grc' dir='ltr'><strong>τὸ</strong></span> <span class='ocrx_word' id='word_1_620' title='bbox 1009 4794 1179 4847; x_wconf 86' lang='grc' dir='ltr'><strong>κακὸν</strong></span> <span class='ocrx_word' id='word_1_621' title='bbox 1226 4794 1367 4848; x_wconf 76' lang='grc' dir='ltr'><strong>κατὰ</strong></span> <span class='ocrx_word' id='word_1_622' title='bbox 1414 4794 1512 4866; x_wconf 78' lang='grc' dir='ltr'><strong>τὴν</strong></span> <span class='ocrx_word' id='word_1_623' title='bbox 1548 4793 1683 4847; x_wconf 76' lang='grc' dir='ltr'><strong>ἰδίαν</strong></span> 
     </span>
    </p>
   </div>
   <div class='ocr_carea' id='block_1_76' title="bbox 120 4883 1686 4963">
    <p class='ocr_par' dir='ltr' id='par_1_76' title="bbox 120 4883 1686 4963">
     <span class='ocr_line' id='line_1_76' title="bbox 120 4883 1686 4963; baseline -0.004 -20"><span class='ocrx_word' id='word_1_624' title='bbox 120 4887 268 4955; x_wconf 75' lang='grc' dir='ltr'><strong>φύσιν</strong></span> <span class='ocrx_word' id='word_1_625' title='bbox 310 4888 635 4963; x_wconf 70' lang='grc' dir='ltr'><strong>φαινόμενον</strong></span> <span class='ocrx_word' id='word_1_626' title='bbox 656 4904 669 4917; x_wconf 89' lang='grc'><strong>·</strong></span> <span class='ocrx_word' id='word_1_627' title='bbox 703 4883 739 4961; x_wconf 78' lang='grc' dir='ltr'>ἦ</span> <span class='ocrx_word' id='word_1_628' title='bbox 779 4887 886 4959; x_wconf 82' lang='grc' dir='ltr'><strong>γὰρ</strong></span> <span class='ocrx_word' id='word_1_629' title='bbox 917 4886 1197 4958; x_wconf 82' lang='grc' dir='ltr'><strong>ἄπρακτος</strong></span> <span class='ocrx_word' id='word_1_630' title='bbox 1244 4887 1311 4941; x_wconf 85' lang='grc' dir='ltr'><strong>ἂν</strong></span> <span class='ocrx_word' id='word_1_631' title='bbox 1346 4883 1414 4958; x_wconf 81' lang='grc' dir='ltr'><strong>ἦν</strong></span> <span class='ocrx_word' id='word_1_632' title='bbox 1451 4888 1485 4958; x_wconf 83' lang='grc' dir='ltr'><strong>ἡ</strong></span> <span class='ocrx_word' id='word_1_633' title='bbox 1517 4885 1686 4948; x_wconf 80' lang='grc' dir='ltr'><strong>κακία</strong></span> 
     </span>
    </p>
   </div>
   <div class='ocr_carea' id='block_1_77' title="bbox 122 4975 1687 5057">
    <p class='ocr_par' dir='ltr' id='par_1_77' title="bbox 122 4975 1687 5057">
     <span class='ocr_line' id='line_1_77' title="bbox 122 4975 1687 5057; baseline -0.001 -24"><span class='ocrx_word' id='word_1_634' title='bbox 122 4980 301 5049; x_wconf 69' lang='grc' dir='ltr'><strong>μηδενὶ</strong></span> <span class='ocrx_word' id='word_1_635' title='bbox 340 4980 698 5057; x_wconf 81' lang='grc' dir='ltr'><strong>κεχρωσμένη</strong></span> <span class='ocrx_word' id='word_1_636' title='bbox 730 4978 879 5051; x_wconf 86' lang='grc' dir='ltr'><strong>καλῷ</strong></span> <span class='ocrx_word' id='word_1_637' title='bbox 925 4978 1000 5049; x_wconf 81' lang='grc' dir='ltr'><strong>τῷ</strong></span> <span class='ocrx_word' id='word_1_638' title='bbox 1034 4979 1380 5050; x_wconf 81' lang='grc' dir='ltr'><strong>ὲφελκομένῳ</strong></span> <span class='ocrx_word' id='word_1_639' title='bbox 1420 4975 1514 5034; x_wconf 78' lang='grc' dir='ltr'><strong>τὸν</strong></span> <span class='ocrx_word' id='word_1_640' title='bbox 1550 4979 1687 5031; x_wconf 88' lang='grc' dir='ltr'><strong>ἀπα-</strong></span> 
     </span>
    </p>
   </div>
   <div class='ocr_carea' id='block_1_78' title="bbox 119 5067 1686 5143">
    <p class='ocr_par' dir='ltr' id='par_1_78' title="bbox 119 5067 1686 5143">
     <span class='ocr_line' id='line_1_78' title="bbox 119 5067 1686 5143; baseline -0.001 -23"><span class='ocrx_word' id='word_1_641' title='bbox 119 5070 349 5141; x_wconf 78' lang='grc' dir='ltr'><strong>τώμενον</strong></span> <span class='ocrx_word' id='word_1_642' title='bbox 388 5070 524 5140; x_wconf 81' lang='grc' dir='ltr'><strong>πρὸς</strong></span> <span class='ocrx_word' id='word_1_643' title='bbox 568 5070 860 5143; x_wconf 79' lang='grc' dir='ltr'><strong>ἐπιθυμίαν</strong></span> <span class='ocrx_word' id='word_1_644' title='bbox 909 5071 1094 5125; x_wconf 86' lang='grc' dir='ltr'><strong>αὑτοῦ.</strong></span> <span class='ocrx_word' id='word_1_645' title='bbox 1132 5070 1246 5123; x_wconf 87' lang='grc' dir='ltr'><strong>Νῦν</strong></span> <span class='ocrx_word' id='word_1_646' title='bbox 1279 5070 1335 5123; x_wconf 80' lang='grc' dir='ltr'><strong>δὲ</strong></span> <span class='ocrx_word' id='word_1_647' title='bbox 1384 5067 1686 5138; x_wconf 85' lang='grc' dir='ltr'><strong>σύμμικτός</strong></span> 
     </span>
    </p>
   </div>
   <div class='ocr_carea' id='block_1_79' title="bbox 122 5159 1684 5237">
    <p class='ocr_par' dir='ltr' id='par_1_79' title="bbox 122 5159 1684 5237">
     <span class='ocr_line' id='line_1_79' title="bbox 122 5159 1684 5237; baseline -0.002 -23"><span class='ocrx_word' id='word_1_648' title='bbox 122 5163 257 5223; x_wconf 64' lang='grc' dir='ltr'><strong>ἐστιν</strong></span> <span class='ocrx_word' id='word_1_649' title='bbox 285 5166 343 5218; x_wconf 80' lang='grc' dir='ltr'><strong>ἐν</strong></span> <span class='ocrx_word' id='word_1_650' title='bbox 370 5164 449 5236; x_wconf 81' lang='grc' dir='ltr'><strong>τῷ</strong></span> <span class='ocrx_word' id='word_1_651' title='bbox 485 5163 637 5234; x_wconf 83' lang='grc' dir='ltr'><strong>βάθει</strong></span> <span class='ocrx_word' id='word_1_652' title='bbox 657 5164 750 5223; x_wconf 82' lang='grc' dir='ltr'><strong>τὸν</strong></span> <span class='ocrx_word' id='word_1_653' title='bbox 800 5163 1181 5237; x_wconf 83' lang='grc' dir='ltr'><strong>κεκρυμμένον</strong></span> <span class='ocrx_word' id='word_1_654' title='bbox 1213 5161 1429 5233; x_wconf 65' lang='grc' dir='ltr'><strong>ὀλεθρον</strong></span> <span class='ocrx_word' id='word_1_655' title='bbox 1467 5159 1684 5231; x_wconf 73' lang='grc' dir='ltr'><strong>ἔχουσα,</strong></span> 
     </span>
    </p>
   </div>
   <div class='ocr_carea' id='block_1_80' title="bbox 124 5252 1689 5329">
    <p class='ocr_par' dir='ltr' id='par_1_80' title="bbox 124 5252 1689 5329">
     <span class='ocr_line' id='line_1_80' title="bbox 124 5252 1689 5329; baseline -0.003 -22"><span class='ocrx_word' id='word_1_656' title='bbox 124 5257 174 5307; x_wconf 81' lang='grc' dir='ltr'><strong>ἐν</strong></span> <span class='ocrx_word' id='word_1_657' title='bbox 197 5258 251 5311; x_wconf 78' lang='grc' dir='ltr'><strong>δὲ</strong></span> <span class='ocrx_word' id='word_1_658' title='bbox 274 5260 341 5329; x_wconf 82' lang='grc' dir='ltr'><strong>τῇ</strong></span> <span class='ocrx_word' id='word_1_659' title='bbox 376 5256 521 5312; x_wconf 76' lang='grc' dir='ltr'><strong>κατὰ</strong></span> <span class='ocrx_word' id='word_1_660' title='bbox 558 5256 619 5309; x_wconf 85' lang='grc' dir='ltr'><strong>τὸ</strong></span> <span class='ocrx_word' id='word_1_661' title='bbox 650 5255 972 5326; x_wconf 82' lang='grc' dir='ltr'><strong>φαινόμενον</strong></span> <span class='ocrx_word' id='word_1_662' title='bbox 998 5254 1182 5327; x_wconf 77' lang='grc' dir='ltr'><strong>ἀπάτῃ</strong></span> <span class='ocrx_word' id='word_1_663' title='bbox 1209 5252 1374 5307; x_wconf 88' lang='grc' dir='ltr'><strong>καλοῦ</strong></span> <span class='ocrx_word' id='word_1_664' title='bbox 1405 5268 1526 5304; x_wconf 87' lang='grc' dir='ltr'><strong>τινα</strong></span> <span class='ocrx_word' id='word_1_665' title='bbox 1551 5268 1689 5321; x_wconf 82' lang='grc' dir='ltr'><strong>φαν-</strong></span> 
     </span>
    </p>
   </div>
   <div class='ocr_carea' id='block_1_81' title="bbox 123 5329 1692 5425">
    <p class='ocr_par' dir='ltr' id='par_1_81' title="bbox 123 5329 1692 5425">
     <span class='ocr_line' id='line_1_81' title="bbox 123 5329 1692 5425; baseline -0.004 -26"><span class='ocrx_word' id='word_1_666' title='bbox 123 5348 303 5408; x_wconf 77' lang='grc' dir='ltr'><strong>τασίαν</strong></span> <span class='ocrx_word' id='word_1_667' title='bbox 329 5345 821 5425; x_wconf 84' lang='grc' dir='ltr'><strong>παραδεικνύουσα.</strong></span> <span class='ocrx_word' id='word_1_668' title='bbox 851 5344 1005 5398; x_wconf 79' lang='grc' dir='ltr'><strong>Οὕτω</strong></span> <span class='ocrx_word' id='word_1_669' title='bbox 1034 5343 1102 5396; x_wconf 86' lang='grc' dir='ltr'><strong>τὰ</strong></span> <span class='ocrx_word' id='word_1_670' title='bbox 1134 5329 1507 5414; x_wconf 73' lang='grc' dir='ltr'><strong>ἁμαρτήματα</strong></span> <span class='ocrx_word' id='word_1_671' title='bbox 1537 5341 1692 5408; x_wconf 73' lang='grc' dir='ltr'><strong>ἐγκε-</strong></span> 
     </span>
    </p>
   </div>
   <div class='ocr_carea' id='block_1_82' title="bbox 127 5435 1687 5513">
    <p class='ocr_par' dir='ltr' id='par_1_82' title="bbox 127 5435 1687 5513">
     <span class='ocr_line' id='line_1_82' title="bbox 127 5435 1687 5513; baseline -0.004 -22"><span class='ocrx_word' id='word_1_672' title='bbox 127 5440 437 5512; x_wconf 80' lang='grc' dir='ltr'><strong>κρυμμένην</strong></span> <span class='ocrx_word' id='word_1_673' title='bbox 470 5438 667 5509; x_wconf 76' lang='grc' dir='ltr'><strong>ἔχοντα</strong></span> <span class='ocrx_word' id='word_1_674' title='bbox 692 5438 791 5509; x_wconf 82' lang='grc' dir='ltr'><strong>τὴν</strong></span> <span class='ocrx_word' id='word_1_675' title='bbox 817 5436 1131 5513; x_wconf 69' lang='grc' dir='ltr'><strong>διαφθοράν,</strong></span> <span class='ocrx_word' id='word_1_676' title='bbox 1156 5437 1346 5509; x_wconf 75' lang='grc' dir='ltr'><strong>αἱρετὰ</strong></span> <span class='ocrx_word' id='word_1_677' title='bbox 1366 5435 1477 5497; x_wconf 80' lang='grc' dir='ltr'><strong>τοῖς</strong></span> <span class='ocrx_word' id='word_1_678' title='bbox 1500 5435 1687 5487; x_wconf 86' lang='grc' dir='ltr'><strong>ἀνεπι-</strong></span> 
     </span>
    </p>
   </div>
   <div class='ocr_carea' id='block_1_83' title="bbox 129 5516 1688 5601">
    <p class='ocr_par' dir='ltr' id='par_1_83' title="bbox 129 5516 1688 5601">
     <span class='ocr_line' id='line_1_83' title="bbox 129 5516 1688 5601; baseline -0.003 -16"><span class='ocrx_word' id='word_1_679' title='bbox 129 5516 371 5596; x_wconf 82' lang='grc' dir='ltr'><strong>σκέπτοις</strong></span> <span class='ocrx_word' id='word_1_680' title='bbox 434 5532 682 5601; x_wconf 88' lang='grc' dir='ltr'><strong>γίνεται,</strong></span> <span class='ocrx_word' id='word_1_681' title='bbox 734 5533 847 5585; x_wconf 84' lang='grc' dir='ltr'><strong>ἀντ’</strong></span> <span class='ocrx_word' id='word_1_682' title='bbox 901 5529 1104 5600; x_wconf 79' lang='grc' dir='ltr'><strong>ἀγαθοῦ</strong></span> <span class='ocrx_word' id='word_1_683' title='bbox 1172 5530 1562 5595; x_wconf 84' lang='grc' dir='ltr'><strong>σπουδάζουσιν</strong></span> <span class='ocrx_word' id='word_1_684' title='bbox 1628 5526 1688 5592; x_wconf 74' lang='grc' dir='ltr'>ἐξ</span> 
     </span>
    </p>
   </div>
   <div class='ocr_carea' id='block_1_84' title="bbox 127 5620 1687 5697">
    <p class='ocr_par' dir='ltr' id='par_1_84' title="bbox 127 5620 1687 5697">
     <span class='ocr_line' id='line_1_84' title="bbox 127 5620 1687 5697; baseline -0.001 -23"><span class='ocrx_word' id='word_1_685' title='bbox 127 5624 330 5697; x_wconf 82' lang='grc' dir='ltr'><strong>ἀπάτης</strong></span> <span class='ocrx_word' id='word_1_686' title='bbox 354 5667 368 5691; x_wconf 93' lang='grc'><strong>,</strong></span> <span class='ocrx_word' id='word_1_687' title='bbox 400 5626 495 5679; x_wconf 78' lang='grc' dir='ltr'><strong>καὶ</strong></span> <span class='ocrx_word' id='word_1_688' title='bbox 523 5626 615 5678; x_wconf 75' lang='grc' dir='ltr'><strong>ἐπὶ</strong></span> <span class='ocrx_word' id='word_1_689' title='bbox 644 5624 702 5678; x_wconf 82' lang='grc' dir='ltr'><strong>τὸ</strong></span> <span class='ocrx_word' id='word_1_690' title='bbox 731 5623 890 5677; x_wconf 82' lang='grc' dir='ltr'><strong>καλὸν</strong></span> <span class='ocrx_word' id='word_1_691' title='bbox 924 5625 972 5677; x_wconf 85' lang='lat' dir='ltr'><strong>ol</strong></span> <span class='ocrx_word' id='word_1_692' title='bbox 1021 5621 1204 5675; x_wconf 72' lang='grc' dir='ltr'><strong>πολλοὶ</strong></span> <span class='ocrx_word' id='word_1_693' title='bbox 1242 5624 1299 5676; x_wconf 82' lang='grc' dir='ltr'><strong>ὲν</strong></span> <span class='ocrx_word' id='word_1_694' title='bbox 1340 5620 1419 5692; x_wconf 82' lang='grc' dir='ltr'><strong>τῷ</strong></span> <span class='ocrx_word' id='word_1_695' title='bbox 1470 5620 1567 5685; x_wconf 80' lang='grc' dir='ltr'><strong>τὰς</strong></span> <span class='ocrx_word' id='word_1_696' title='bbox 1603 5620 1687 5673; x_wconf 71' lang='lat' dir='ltr'><strong>al—</strong></span> 
     </span>
    </p>
   </div>
   <div class='ocr_carea' id='block_1_85' title="bbox 132 5714 1686 5798">
    <p class='ocr_par' dir='ltr' id='par_1_85' title="bbox 132 5714 1686 5798">
     <span class='ocr_line' id='line_1_85' title="bbox 132 5714 1686 5798; baseline -0.001 -30"><span class='ocrx_word' id='word_1_697' title='bbox 132 5716 339 5791; x_wconf 75' lang='grc' dir='ltr'><strong>σθήσεις</strong></span> <span class='ocrx_word' id='word_1_698' title='bbox 386 5717 747 5792; x_wconf 75' lang='grc' dir='ltr'><strong>εὐφραίνοντα</strong></span> <span class='ocrx_word' id='word_1_699' title='bbox 783 5720 1082 5798; x_wconf 77' lang='grc' dir='ltr'><strong>’κρίνουσι,</strong></span> <span class='ocrx_word' id='word_1_700' title='bbox 1112 5714 1331 5786; x_wconf 78' lang='grc' dir='ltr'><strong>καὶτῆς</strong></span> <span class='ocrx_word' id='word_1_701' title='bbox 1372 5714 1686 5785; x_wconf 83' lang='grc' dir='ltr'><strong>ὁμωνύμου,</strong></span> 
     </span>
    </p>
   </div>
   <div class='ocr_carea' id='block_1_86' title="bbox 1853 3419 3352 3497">
    <p class='ocr_par' dir='ltr' id='par_1_86' title="bbox 1853 3419 3352 3497">
     <span class='ocr_line' id='line_1_86' title="bbox 1853 3419 3352 3497; baseline -0.004 -19"><span class='ocrx_word' id='word_1_702' title='bbox 1853 3424 2024 3479; x_wconf 78' lang='lat' dir='ltr'><strong>Porro</strong></span> <span class='ocrx_word' id='word_1_703' title='bbox 2060 3422 2250 3479; x_wconf 89' lang='lat' dir='ltr'><strong>datum</strong></span> <span class='ocrx_word' id='word_1_704' title='bbox 2304 3420 2435 3477; x_wconf 92' lang='lat' dir='ltr'><strong>illud</strong></span> <span class='ocrx_word' id='word_1_705' title='bbox 2468 3420 2677 3476; x_wconf 82' lang='lat' dir='ltr'><strong>Adamo</strong></span> <span class='ocrx_word' id='word_1_706' title='bbox 2728 3427 3054 3497; x_wconf 62' lang='lat' dir='ltr'><strong>praeceptum</strong></span> <span class='ocrx_word' id='word_1_707' title='bbox 3102 3419 3155 3473; x_wconf 92' lang='lat' dir='ltr'><strong>in</strong></span> <span class='ocrx_word' id='word_1_708' title='bbox 3191 3434 3352 3489; x_wconf 84' lang='lat' dir='ltr'><strong>para-</strong></span> 
     </span>
    </p>
   </div>
   <div class='ocr_carea' id='block_1_87' title="bbox 1778 3509 3373 3585">
    <p class='ocr_par' dir='ltr' id='par_1_87' title="bbox 1778 3509 3373 3585">
     <span class='ocr_line' id='line_1_87' title="bbox 1778 3509 3373 3585; baseline -0.006 -14"><span class='ocrx_word' id='word_1_709' title='bbox 1778 3515 1899 3577; x_wconf 90' lang='lat' dir='ltr'><strong>diso</strong></span> <span class='ocrx_word' id='word_1_710' title='bbox 1920 3514 2203 3581; x_wconf 86' lang='lat' dir='ltr'><strong>divinitus,</strong></span> <span class='ocrx_word' id='word_1_711' title='bbox 2240 3512 2523 3585; x_wconf 87' lang='lat' dir='ltr'><strong>spectabat</strong></span> <span class='ocrx_word' id='word_1_712' title='bbox 2555 3510 2871 3567; x_wconf 78' lang='lat' dir='ltr'><strong>lruitionem</strong></span> <span class='ocrx_word' id='word_1_713' title='bbox 2898 3510 3078 3566; x_wconf 91' lang='lat' dir='ltr'><strong>omnis</strong></span> <span class='ocrx_word' id='word_1_714' title='bbox 3119 3509 3271 3580; x_wconf 77' lang='lat' dir='ltr'><strong>ligni,</strong></span> <span class='ocrx_word' id='word_1_715' title='bbox 3302 3518 3373 3563; x_wconf 58' lang='lat' dir='ltr'><strong>et:</strong></span> 
     </span>
    </p>
   </div>
   <div class='ocr_carea' id='block_1_88' title="bbox 1779 3602 3359 3677">
    <p class='ocr_par' dir='ltr' id='par_1_88' title="bbox 1779 3602 3359 3677">
     <span class='ocr_line' id='line_1_88' title="bbox 1779 3602 3359 3677; baseline -0.007 -12"><span class='ocrx_word' id='word_1_716' title='bbox 1779 3607 2164 3666; x_wconf 87' lang='lat' dir='ltr'><strong>abstinentiam</strong></span> <span class='ocrx_word' id='word_1_717' title='bbox 2198 3621 2229 3661; x_wconf 93' lang='lat' dir='ltr'><strong>a</strong></span> <span class='ocrx_word' id='word_1_718' title='bbox 2262 3605 2409 3677; x_wconf 76' lang='lat' dir='ltr'><strong>ligno</strong></span> <span class='ocrx_word' id='word_1_719' title='bbox 2432 3604 2624 3662; x_wconf 82' lang='lat' dir='ltr'><strong>vetito.</strong></span> <span class='ocrx_word' id='word_1_720' title='bbox 2655 3602 2770 3660; x_wconf 83' lang='lat' dir='ltr'><strong>Hoc</strong></span> <span class='ocrx_word' id='word_1_721' title='bbox 2810 3603 2941 3658; x_wconf 83' lang='lat' dir='ltr'><strong>illud</strong></span> <span class='ocrx_word' id='word_1_722' title='bbox 2989 3612 3073 3659; x_wconf 92' lang='lat' dir='ltr'><strong>est</strong></span> <span class='ocrx_word' id='word_1_723' title='bbox 3122 3603 3359 3672; x_wconf 76' lang='lat' dir='ltr'><strong>lignum,</strong></span> 
     </span>
    </p>
   </div>
   <div class='ocr_carea' id='block_1_89' title="bbox 1782 3696 3362 3773">
    <p class='ocr_par' dir='ltr' id='par_1_89' title="bbox 1782 3696 3362 3773">
     <span class='ocr_line' id='line_1_89' title="bbox 1782 3696 3362 3773; baseline -0.006 -17"><span class='ocrx_word' id='word_1_724' title='bbox 1782 3700 1929 3773; x_wconf 82' lang='lat' dir='ltr'><strong>quod</strong></span> <span class='ocrx_word' id='word_1_725' title='bbox 1958 3697 2339 3769; x_wconf 90' lang='lat' dir='ltr'><strong>complectitur</strong></span> <span class='ocrx_word' id='word_1_726' title='bbox 2375 3711 2540 3754; x_wconf 91' lang='lat' dir='ltr'><strong>omne</strong></span> <span class='ocrx_word' id='word_1_727' title='bbox 2570 3696 2771 3751; x_wconf 89' lang='lat' dir='ltr'><strong>bonum</strong></span> <span class='ocrx_word' id='word_1_728' title='bbox 2798 3737 2813 3762; x_wconf 96' lang='lat'><strong>,</strong></span> <span class='ocrx_word' id='word_1_729' title='bbox 2864 3696 2952 3751; x_wconf 90' lang='lat' dir='ltr'><strong>cui</strong></span> <span class='ocrx_word' id='word_1_730' title='bbox 3005 3708 3201 3749; x_wconf 90' lang='lat' dir='ltr'><strong>nomen</strong></span> <span class='ocrx_word' id='word_1_731' title='bbox 3251 3702 3362 3756; x_wconf 70' lang='lat' dir='ltr'><strong>est,</strong></span> 
     </span>
    </p>
   </div>
   <div class='ocr_carea' id='block_1_90' title="bbox 1780 3785 3359 3854">
    <p class='ocr_par' dir='ltr' id='par_1_90' title="bbox 1780 3785 3359 3854">
     <span class='ocr_line' id='line_1_90' title="bbox 1780 3785 3359 3854; baseline -0.004 -9"><span class='ocrx_word' id='word_1_732' title='bbox 1780 3804 1963 3845; x_wconf 89' lang='lat' dir='ltr'><strong>omne.</strong></span> <span class='ocrx_word' id='word_1_733' title='bbox 1996 3788 2113 3845; x_wconf 86' lang='lat' dir='ltr'><strong>Hoc</strong></span> <span class='ocrx_word' id='word_1_734' title='bbox 2142 3789 2401 3844; x_wconf 90' lang='lat' dir='ltr'><strong>nimirum</strong></span> <span class='ocrx_word' id='word_1_735' title='bbox 2445 3788 2577 3843; x_wconf 92' lang='lat' dir='ltr'><strong>illud</strong></span> <span class='ocrx_word' id='word_1_736' title='bbox 2614 3803 2737 3844; x_wconf 77' lang='lat' dir='ltr'><strong>vere</strong></span> <span class='ocrx_word' id='word_1_737' title='bbox 2764 3788 2968 3841; x_wconf 90' lang='lat' dir='ltr'><strong>bonum</strong></span> <span class='ocrx_word' id='word_1_738' title='bbox 2998 3794 3116 3850; x_wconf 80' lang='lat' dir='ltr'><strong>est,</strong></span> <span class='ocrx_word' id='word_1_739' title='bbox 3149 3785 3215 3839; x_wconf 84' lang='lat' dir='ltr'><strong>de</strong></span> <span class='ocrx_word' id='word_1_740' title='bbox 3247 3801 3359 3854; x_wconf 80' lang='lat' dir='ltr'><strong>quo</strong></span> 
     </span>
    </p>
   </div>
   <div class='ocr_carea' id='block_1_91' title="bbox 1782 3874 3360 3950">
    <p class='ocr_par' dir='ltr' id='par_1_91' title="bbox 1782 3874 3360 3950">
     <span class='ocr_line' id='line_1_91' title="bbox 1782 3874 3360 3950; baseline -0.006 -13"><span class='ocrx_word' id='word_1_741' title='bbox 1782 3880 2012 3937; x_wconf 81' lang='lat' dir='ltr'><strong>Davides</strong></span> <span class='ocrx_word' id='word_1_742' title='bbox 2068 3880 2285 3950; x_wconf 87' lang='lat' dir='ltr'><strong>inquit:</strong></span> <span class='ocrx_word' id='word_1_743' title='bbox 2323 3877 2598 3936; x_wconf 84' lang='lat' dir='ltr'><strong>Oblectare</strong></span> <span class='ocrx_word' id='word_1_744' title='bbox 2651 3876 3053 3931; x_wconf 63' lang='lat' dir='ltr'><strong>inDomino”.</strong></span> <span class='ocrx_word' id='word_1_745' title='bbox 3101 3874 3168 3930; x_wconf 87' lang='lat' dir='ltr'><strong>Et</strong></span> <span class='ocrx_word' id='word_1_746' title='bbox 3199 3875 3360 3929; x_wconf 87' lang='lat' dir='ltr'><strong>Solo-</strong></span> 
     </span>
    </p>
   </div>
   <div class='ocr_carea' id='block_1_92' title="bbox 1783 3967 3360 4040">
    <p class='ocr_par' dir='ltr' id='par_1_92' title="bbox 1783 3967 3360 4040">
     <span class='ocr_line' id='line_1_92' title="bbox 1783 3967 3360 4040; baseline -0.004 -14"><span class='ocrx_word' id='word_1_747' title='bbox 1783 3986 1911 4026; x_wconf 91' lang='lat' dir='ltr'><strong>mon</strong></span> <span class='ocrx_word' id='word_1_748' title='bbox 1933 4011 1949 4037; x_wconf 92' lang='lat'><strong>,</strong></span> <span class='ocrx_word' id='word_1_749' title='bbox 1983 3969 2321 4040; x_wconf 88' lang='lat' dir='ltr'><strong>Sapientiam</strong></span> <span class='ocrx_word' id='word_1_750' title='bbox 2348 4011 2363 4036; x_wconf 90' lang='lat'><strong>,</strong></span> <span class='ocrx_word' id='word_1_751' title='bbox 2395 3984 2517 4039; x_wconf 71' lang='lat' dir='ltr'><strong>quae</strong></span> <span class='ocrx_word' id='word_1_752' title='bbox 2546 3977 2631 4025; x_wconf 92' lang='lat' dir='ltr'><strong>est</strong></span> <span class='ocrx_word' id='word_1_753' title='bbox 2657 3967 2924 4022; x_wconf 87' lang='lat' dir='ltr'><strong>Dominus</strong></span> <span class='ocrx_word' id='word_1_754' title='bbox 2946 4007 2961 4031; x_wconf 95' lang='lat'><strong>,</strong></span> <span class='ocrx_word' id='word_1_755' title='bbox 2993 3967 3194 4036; x_wconf 82' lang='lat' dir='ltr'><strong>lignum</strong></span> <span class='ocrx_word' id='word_1_756' title='bbox 3237 3968 3360 4019; x_wconf 73' lang='lat' dir='ltr'><strong>vita:</strong></span> 
     </span>
    </p>
   </div>
   <div class='ocr_carea' id='block_1_93' title="bbox 1782 4056 3355 4127">
    <p class='ocr_par' dir='ltr' id='par_1_93' title="bbox 1782 4056 3355 4127">
     <span class='ocr_line' id='line_1_93' title="bbox 1782 4056 3355 4127; baseline -0.006 -8"><span class='ocrx_word' id='word_1_757' title='bbox 1782 4063 2111 4119; x_wconf 76' lang='lat' dir='ltr'><strong>nominat&quot;.</strong></span> <span class='ocrx_word' id='word_1_758' title='bbox 2149 4061 2382 4115; x_wconf 89' lang='lat' dir='ltr'><strong>Proinde</strong></span> <span class='ocrx_word' id='word_1_759' title='bbox 2415 4061 2556 4114; x_wconf 88' lang='lat' dir='ltr'><strong>idem</strong></span> <span class='ocrx_word' id='word_1_760' title='bbox 2584 4069 2668 4115; x_wconf 89' lang='lat' dir='ltr'><strong>est</strong></span> <span class='ocrx_word' id='word_1_761' title='bbox 2700 4073 2824 4113; x_wconf 90' lang='lat' dir='ltr'><strong>cum</strong></span> <span class='ocrx_word' id='word_1_762' title='bbox 2865 4058 3014 4127; x_wconf 81' lang='lat' dir='ltr'><strong>ligno</strong></span> <span class='ocrx_word' id='word_1_763' title='bbox 3050 4056 3171 4111; x_wconf 77' lang='lat' dir='ltr'><strong>vitae</strong></span> <span class='ocrx_word' id='word_1_764' title='bbox 3200 4056 3355 4120; x_wconf 81' lang='lat' dir='ltr'><strong>illud,</strong></span> 
     </span>
    </p>
   </div>
   <div class='ocr_carea' id='block_1_94' title="bbox 1788 4145 3362 4219">
    <p class='ocr_par' dir='ltr' id='par_1_94' title="bbox 1788 4145 3362 4219">
     <span class='ocr_line' id='line_1_94' title="bbox 1788 4145 3362 4219; baseline -0.003 -14"><span class='ocrx_word' id='word_1_765' title='bbox 1788 4149 1954 4207; x_wconf 88' lang='lat' dir='ltr'><strong>Omne</strong></span> <span class='ocrx_word' id='word_1_766' title='bbox 1979 4149 2177 4219; x_wconf 86' lang='lat' dir='ltr'><strong>lignum</strong></span> <span class='ocrx_word' id='word_1_767' title='bbox 2204 4148 2272 4212; x_wconf 81' lang='lat'><strong>&quot;,</strong></span> <span class='ocrx_word' id='word_1_768' title='bbox 2305 4148 2371 4202; x_wconf 88' lang='lat' dir='ltr'><strong>ad</strong></span> <span class='ocrx_word' id='word_1_769' title='bbox 2400 4148 2557 4218; x_wconf 88' lang='lat' dir='ltr'><strong>cujus</strong></span> <span class='ocrx_word' id='word_1_770' title='bbox 2588 4146 2906 4201; x_wconf 84' lang='lat' dir='ltr'><strong>fruitionem</strong></span> <span class='ocrx_word' id='word_1_771' title='bbox 2936 4145 3080 4201; x_wconf 91' lang='lat' dir='ltr'><strong>Deus</strong></span> <span class='ocrx_word' id='word_1_772' title='bbox 3104 4145 3362 4200; x_wconf 81' lang='lat' dir='ltr'><strong>exhorta-</strong></span> 
     </span>
    </p>
   </div>
   <div class='ocr_carea' id='block_1_95' title="bbox 1784 4238 3358 4311">
    <p class='ocr_par' dir='ltr' id='par_1_95' title="bbox 1784 4238 3358 4311">
     <span class='ocr_line' id='line_1_95' title="bbox 1784 4238 3358 4311; baseline -0.004 -12"><span class='ocrx_word' id='word_1_773' title='bbox 1784 4253 1895 4299; x_wconf 91' lang='lat' dir='ltr'><strong>tur.</strong></span> <span class='ocrx_word' id='word_1_774' title='bbox 1914 4241 1995 4296; x_wconf 83' lang='lat' dir='ltr'><strong>Ex</strong></span> <span class='ocrx_word' id='word_1_775' title='bbox 2023 4241 2274 4311; x_wconf 88' lang='lat' dir='ltr'><strong>opposito</strong></span> <span class='ocrx_word' id='word_1_776' title='bbox 2291 4254 2423 4296; x_wconf 80' lang='lat' dir='ltr'><strong>vero</strong></span> <span class='ocrx_word' id='word_1_777' title='bbox 2443 4238 2705 4295; x_wconf 90' lang='lat' dir='ltr'><strong>discernit</strong></span> <span class='ocrx_word' id='word_1_778' title='bbox 2725 4238 2794 4292; x_wconf 90' lang='lat' dir='ltr'><strong>ab</strong></span> <span class='ocrx_word' id='word_1_779' title='bbox 2821 4238 2925 4293; x_wconf 87' lang='lat' dir='ltr'><strong>hoc</strong></span> <span class='ocrx_word' id='word_1_780' title='bbox 2954 4239 3096 4293; x_wconf 89' lang='lat' dir='ltr'><strong>aliud</strong></span> <span class='ocrx_word' id='word_1_781' title='bbox 3128 4239 3358 4310; x_wconf 75' lang='lat' dir='ltr'><strong>lignum,</strong></span> 
     </span>
    </p>
   </div>
   <div class='ocr_carea' id='block_1_96' title="bbox 1785 4329 3363 4402">
    <p class='ocr_par' dir='ltr' id='par_1_96' title="bbox 1785 4329 3363 4402">
     <span class='ocr_line' id='line_1_96' title="bbox 1785 4329 3363 4402; baseline -0.003 -12"><span class='ocrx_word' id='word_1_782' title='bbox 1785 4333 1943 4402; x_wconf 88' lang='lat' dir='ltr'><strong>cujus</strong></span> <span class='ocrx_word' id='word_1_783' title='bbox 1994 4330 2180 4389; x_wconf 83' lang='lat' dir='ltr'><strong>fruitio</strong></span> <span class='ocrx_word' id='word_1_784' title='bbox 2233 4347 2341 4386; x_wconf 91' lang='lat' dir='ltr'><strong>non</strong></span> <span class='ocrx_word' id='word_1_785' title='bbox 2374 4342 2458 4387; x_wconf 88' lang='lat' dir='ltr'><strong>est</strong></span> <span class='ocrx_word' id='word_1_786' title='bbox 2510 4330 2731 4401; x_wconf 86' lang='lat' dir='ltr'><strong>proprie</strong></span> <span class='ocrx_word' id='word_1_787' title='bbox 2768 4329 2897 4385; x_wconf 91' lang='lat' dir='ltr'><strong>boni</strong></span> <span class='ocrx_word' id='word_1_788' title='bbox 2950 4332 3053 4385; x_wconf 68' lang='lat' dir='ltr'><strong>ver</strong></span> <span class='ocrx_word' id='word_1_789' title='bbox 3084 4331 3235 4396; x_wconf 85' lang='lat' dir='ltr'><strong>mali,</strong></span> <span class='ocrx_word' id='word_1_790' title='bbox 3265 4330 3363 4386; x_wconf 79' lang='lat' dir='ltr'><strong>sed</strong></span> 
     </span>
    </p>
   </div>
   <div class='ocr_carea' id='block_1_97' title="bbox 1786 4423 3360 4496">
    <p class='ocr_par' dir='ltr' id='par_1_97' title="bbox 1786 4423 3360 4496">
     <span class='ocr_line' id='line_1_97' title="bbox 1786 4423 3360 4496; baseline -0.002 -15"><span class='ocrx_word' id='word_1_791' title='bbox 1786 4426 2111 4481; x_wconf 88' lang='lat' dir='ltr'><strong>commista:</strong></span> <span class='ocrx_word' id='word_1_792' title='bbox 2160 4439 2326 4496; x_wconf 89' lang='lat' dir='ltr'><strong>quam</strong></span> <span class='ocrx_word' id='word_1_793' title='bbox 2359 4424 2612 4495; x_wconf 89' lang='lat' dir='ltr'><strong>prohibet</strong></span> <span class='ocrx_word' id='word_1_794' title='bbox 2649 4423 2869 4493; x_wconf 92' lang='lat' dir='ltr'><strong>quidem</strong></span> <span class='ocrx_word' id='word_1_795' title='bbox 2916 4423 3171 4494; x_wconf 84' lang='lat' dir='ltr'><strong>princeps</strong></span> <span class='ocrx_word' id='word_1_796' title='bbox 3215 4423 3360 4490; x_wconf 69' lang='lat' dir='ltr'><strong>vitm,</strong></span> 
     </span>
    </p>
   </div>
   <div class='ocr_carea' id='block_1_98' title="bbox 1787 4514 3364 4588">
    <p class='ocr_par' dir='ltr' id='par_1_98' title="bbox 1787 4514 3364 4588">
     <span class='ocr_line' id='line_1_98' title="bbox 1787 4514 3364 4588; baseline -0.003 -14"><span class='ocrx_word' id='word_1_797' title='bbox 1787 4518 1979 4574; x_wconf 87' lang='lat' dir='ltr'><strong>suadet</strong></span> <span class='ocrx_word' id='word_1_798' title='bbox 2006 4531 2136 4573; x_wconf 78' lang='lat' dir='ltr'><strong>vero</strong></span> <span class='ocrx_word' id='word_1_799' title='bbox 2165 4531 2392 4588; x_wconf 89' lang='lat' dir='ltr'><strong>serpens</strong></span> <span class='ocrx_word' id='word_1_800' title='bbox 2436 4524 2497 4571; x_wconf 92' lang='lat' dir='ltr'><strong>ut</strong></span> <span class='ocrx_word' id='word_1_801' title='bbox 2535 4516 2695 4571; x_wconf 89' lang='lat' dir='ltr'><strong>morti</strong></span> <span class='ocrx_word' id='word_1_802' title='bbox 2722 4515 2929 4570; x_wconf 90' lang='lat' dir='ltr'><strong>aditum</strong></span> <span class='ocrx_word' id='word_1_803' title='bbox 2968 4525 3139 4586; x_wconf 77' lang='lat' dir='ltr'><strong>paret.</strong></span> <span class='ocrx_word' id='word_1_804' title='bbox 3168 4514 3364 4570; x_wconf 80' lang='lat' dir='ltr'><strong>Mistus</strong></span> 
     </span>
    </p>
   </div>
   <div class='ocr_carea' id='block_1_99' title="bbox 1788 4607 3365 4680">
    <p class='ocr_par' dir='ltr' id='par_1_99' title="bbox 1788 4607 3365 4680">
     <span class='ocr_line' id='line_1_99' title="bbox 1788 4607 3365 4680; baseline -0.004 -15"><span class='ocrx_word' id='word_1_805' title='bbox 1788 4619 1874 4666; x_wconf 89' lang='lat' dir='ltr'><strong>est</strong></span> <span class='ocrx_word' id='word_1_806' title='bbox 1910 4618 2092 4665; x_wconf 86' lang='lat' dir='ltr'><strong>autem</strong></span> <span class='ocrx_word' id='word_1_807' title='bbox 2126 4624 2223 4680; x_wconf 89' lang='lat' dir='ltr'><strong>per</strong></span> <span class='ocrx_word' id='word_1_808' title='bbox 2257 4608 2534 4664; x_wconf 87' lang='lat' dir='ltr'><strong>contraria</strong></span> <span class='ocrx_word' id='word_1_809' title='bbox 2584 4608 2798 4663; x_wconf 81' lang='lat' dir='ltr'><strong>fructus</strong></span> <span class='ocrx_word' id='word_1_810' title='bbox 2856 4608 2985 4678; x_wconf 82' lang='lat' dir='ltr'><strong>ligni</strong></span> <span class='ocrx_word' id='word_1_811' title='bbox 3042 4607 3225 4668; x_wconf 84' lang='lat' dir='ltr'><strong>vetiti.</strong></span> <span class='ocrx_word' id='word_1_812' title='bbox 3259 4607 3365 4660; x_wconf 88' lang='lat' dir='ltr'><strong>hac</strong></span> 
     </span>
    </p>
   </div>
   <div class='ocr_carea' id='block_1_100' title="bbox 1788 4700 3363 4772">
    <p class='ocr_par' dir='ltr' id='par_1_100' title="bbox 1788 4700 3363 4772">
     <span class='ocr_line' id='line_1_100' title="bbox 1788 4700 3363 4772; baseline -0.004 -15"><span class='ocrx_word' id='word_1_813' title='bbox 1788 4702 2024 4765; x_wconf 87' lang='lat' dir='ltr'><strong>ratione,</strong></span> <span class='ocrx_word' id='word_1_814' title='bbox 2058 4701 2203 4772; x_wconf 85' lang='lat' dir='ltr'><strong>quod</strong></span> <span class='ocrx_word' id='word_1_815' title='bbox 2245 4716 2351 4755; x_wconf 90' lang='lat' dir='ltr'><strong>non</strong></span> <span class='ocrx_word' id='word_1_816' title='bbox 2388 4702 2535 4756; x_wconf 90' lang='lat' dir='ltr'><strong>nude</strong></span> <span class='ocrx_word' id='word_1_817' title='bbox 2579 4701 2740 4755; x_wconf 91' lang='lat' dir='ltr'><strong>nobis</strong></span> <span class='ocrx_word' id='word_1_818' title='bbox 2768 4700 3107 4769; x_wconf 89' lang='lat' dir='ltr'><strong>propositum</strong></span> <span class='ocrx_word' id='word_1_819' title='bbox 3132 4708 3216 4753; x_wconf 88' lang='lat' dir='ltr'><strong>est</strong></span> <span class='ocrx_word' id='word_1_820' title='bbox 3242 4714 3363 4752; x_wconf 88' lang='lat' dir='ltr'><strong>ma-</strong></span> 
     </span>
    </p>
   </div>
   <div class='ocr_carea' id='block_1_101' title="bbox 1792 4790 3363 4860">
    <p class='ocr_par' dir='ltr' id='par_1_101' title="bbox 1792 4790 3363 4860">
     <span class='ocr_line' id='line_1_101' title="bbox 1792 4790 3363 4860; baseline -0.006 -12"><span class='ocrx_word' id='word_1_821' title='bbox 1792 4794 1903 4849; x_wconf 92' lang='lat' dir='ltr'><strong>lum</strong></span> <span class='ocrx_word' id='word_1_822' title='bbox 1937 4791 2236 4847; x_wconf 90' lang='lat' dir='ltr'><strong>secundum</strong></span> <span class='ocrx_word' id='word_1_823' title='bbox 2268 4790 2543 4860; x_wconf 89' lang='lat' dir='ltr'><strong>propriam</strong></span> <span class='ocrx_word' id='word_1_824' title='bbox 2598 4798 2847 4843; x_wconf 88' lang='lat' dir='ltr'><strong>naturam</strong></span> <span class='ocrx_word' id='word_1_825' title='bbox 2894 4801 3196 4856; x_wconf 79' lang='lat' dir='ltr'><strong>apparens;</strong></span> <span class='ocrx_word' id='word_1_826' title='bbox 3238 4801 3363 4838; x_wconf 88' lang='lat' dir='ltr'><strong>nam</strong></span> 
     </span>
    </p>
   </div>
   <div class='ocr_carea' id='block_1_102' title="bbox 1793 4876 3364 4948">
    <p class='ocr_par' dir='ltr' id='par_1_102' title="bbox 1793 4876 3364 4948">
     <span class='ocr_line' id='line_1_102' title="bbox 1793 4876 3364 4948; baseline -0.008 -6"><span class='ocrx_word' id='word_1_827' title='bbox 1793 4886 1947 4942; x_wconf 90' lang='lat' dir='ltr'><strong>irrita</strong></span> <span class='ocrx_word' id='word_1_828' title='bbox 1974 4885 2114 4941; x_wconf 78' lang='lat' dir='ltr'><strong>foret</strong></span> <span class='ocrx_word' id='word_1_829' title='bbox 2149 4883 2358 4937; x_wconf 82' lang='lat' dir='ltr'><strong>malitia</strong></span> <span class='ocrx_word' id='word_1_830' title='bbox 2380 4924 2394 4948; x_wconf 94' lang='lat'><strong>,</strong></span> <span class='ocrx_word' id='word_1_831' title='bbox 2431 4882 2581 4936; x_wconf 90' lang='lat' dir='ltr'><strong>nullo</strong></span> <span class='ocrx_word' id='word_1_832' title='bbox 2611 4881 2849 4936; x_wconf 89' lang='lat' dir='ltr'><strong>colorata</strong></span> <span class='ocrx_word' id='word_1_833' title='bbox 2883 4879 3056 4943; x_wconf 88' lang='lat' dir='ltr'><strong>bono,</strong></span> <span class='ocrx_word' id='word_1_834' title='bbox 3084 4876 3229 4946; x_wconf 87' lang='lat' dir='ltr'><strong>quod</strong></span> <span class='ocrx_word' id='word_1_835' title='bbox 3258 4876 3364 4930; x_wconf 85' lang='lat' dir='ltr'><strong>ho-</strong></span> 
     </span>
    </p>
   </div>
   <div class='ocr_carea' id='block_1_103' title="bbox 1793 4968 3361 5045">
    <p class='ocr_par' dir='ltr' id='par_1_103' title="bbox 1793 4968 3361 5045">
     <span class='ocr_line' id='line_1_103' title="bbox 1793 4968 3361 5045; baseline -0.008 -13"><span class='ocrx_word' id='word_1_836' title='bbox 1793 4980 1995 5032; x_wconf 89' lang='lat' dir='ltr'><strong>minem</strong></span> <span class='ocrx_word' id='word_1_837' title='bbox 2027 4976 2309 5045; x_wconf 88' lang='lat' dir='ltr'><strong>deceptum</strong></span> <span class='ocrx_word' id='word_1_838' title='bbox 2340 4973 2408 5028; x_wconf 88' lang='lat' dir='ltr'><strong>ad</strong></span> <span class='ocrx_word' id='word_1_839' title='bbox 2435 4971 2933 5041; x_wconf 89' lang='lat' dir='ltr'><strong>concupiscentiam</strong></span> <span class='ocrx_word' id='word_1_840' title='bbox 2958 4969 3042 5023; x_wconf 90' lang='lat' dir='ltr'><strong>sui</strong></span> <span class='ocrx_word' id='word_1_841' title='bbox 3067 4968 3361 5038; x_wconf 83' lang='lat' dir='ltr'><strong>pelliceret.</strong></span> 
     </span>
    </p>
   </div>
   <div class='ocr_carea' id='block_1_104' title="bbox 1791 5059 3368 5131">
    <p class='ocr_par' dir='ltr' id='par_1_104' title="bbox 1791 5059 3368 5131">
     <span class='ocr_line' id='line_1_104' title="bbox 1791 5059 3368 5131; baseline -0.008 -7"><span class='ocrx_word' id='word_1_842' title='bbox 1791 5069 1950 5125; x_wconf 88' lang='lat' dir='ltr'><strong>Nunc</strong></span> <span class='ocrx_word' id='word_1_843' title='bbox 1979 5077 2157 5123; x_wconf 90' lang='lat' dir='ltr'><strong>autem</strong></span> <span class='ocrx_word' id='word_1_844' title='bbox 2191 5068 2352 5122; x_wconf 90' lang='lat' dir='ltr'><strong>mista</strong></span> <span class='ocrx_word' id='word_1_845' title='bbox 2384 5075 2495 5131; x_wconf 91' lang='lat' dir='ltr'><strong>est,</strong></span> <span class='ocrx_word' id='word_1_846' title='bbox 2526 5065 2580 5119; x_wconf 93' lang='lat' dir='ltr'><strong>in</strong></span> <span class='ocrx_word' id='word_1_847' title='bbox 2606 5063 2778 5118; x_wconf 81' lang='lat' dir='ltr'><strong>fundo</strong></span> <span class='ocrx_word' id='word_1_848' title='bbox 2818 5062 3026 5117; x_wconf 82' lang='lat' dir='ltr'><strong>habens</strong></span> <span class='ocrx_word' id='word_1_849' title='bbox 3078 5059 3368 5114; x_wconf 85' lang='lat' dir='ltr'><strong>abscondi-</strong></span> 
     </span>
    </p>
   </div>
   <div class='ocr_carea' id='block_1_105' title="bbox 1794 5150 3366 5230">
    <p class='ocr_par' dir='ltr' id='par_1_105' title="bbox 1794 5150 3366 5230">
     <span class='ocr_line' id='line_1_105' title="bbox 1794 5150 3366 5230; baseline -0.008 -14"><span class='ocrx_word' id='word_1_850' title='bbox 1794 5170 1901 5216; x_wconf 86' lang='lat' dir='ltr'><strong>tam</strong></span> <span class='ocrx_word' id='word_1_851' title='bbox 1942 5159 2233 5230; x_wconf 80' lang='lat' dir='ltr'><strong>perniciem</strong></span> <span class='ocrx_word' id='word_1_852' title='bbox 2260 5199 2273 5223; x_wconf 94' lang='lat'><strong>,</strong></span> <span class='ocrx_word' id='word_1_853' title='bbox 2308 5158 2361 5212; x_wconf 93' lang='lat' dir='ltr'><strong>in</strong></span> <span class='ocrx_word' id='word_1_854' title='bbox 2396 5164 2690 5227; x_wconf 86' lang='lat' dir='ltr'><strong>apparente</strong></span> <span class='ocrx_word' id='word_1_855' title='bbox 2745 5168 2873 5209; x_wconf 76' lang='lat' dir='ltr'><strong>vero</strong></span> <span class='ocrx_word' id='word_1_856' title='bbox 2914 5161 3070 5223; x_wconf 89' lang='lat' dir='ltr'><strong>parte</strong></span> <span class='ocrx_word' id='word_1_857' title='bbox 3126 5150 3366 5220; x_wconf 87' lang='lat' dir='ltr'><strong>speciem</strong></span> 
     </span>
    </p>
   </div>
   <div class='ocr_carea' id='block_1_106' title="bbox 1790 5241 3368 5325">
    <p class='ocr_par' dir='ltr' id='par_1_106' title="bbox 1790 5241 3368 5325">
     <span class='ocr_line' id='line_1_106' title="bbox 1790 5241 3368 5325; baseline -0.01 -18"><span class='ocrx_word' id='word_1_858' title='bbox 1790 5251 2084 5325; x_wconf 89' lang='lat' dir='ltr'><strong>quamdam</strong></span> <span class='ocrx_word' id='word_1_859' title='bbox 2115 5249 2245 5305; x_wconf 90' lang='lat' dir='ltr'><strong>boni</strong></span> <span class='ocrx_word' id='word_1_860' title='bbox 2276 5256 2579 5305; x_wconf 88' lang='lat' dir='ltr'><strong>ostentans.</strong></span> <span class='ocrx_word' id='word_1_861' title='bbox 2609 5246 2687 5301; x_wconf 88' lang='lat' dir='ltr'><strong>ita</strong></span> <span class='ocrx_word' id='word_1_862' title='bbox 2712 5253 2934 5316; x_wconf 89' lang='lat' dir='ltr'><strong>peccata</strong></span> <span class='ocrx_word' id='word_1_863' title='bbox 2970 5241 3243 5298; x_wconf 88' lang='lat' dir='ltr'><strong>occultum</strong></span> <span class='ocrx_word' id='word_1_864' title='bbox 3292 5242 3368 5293; x_wconf 89' lang='lat' dir='ltr'><strong>in-</strong></span> 
     </span>
    </p>
   </div>
   <div class='ocr_carea' id='block_1_107' title="bbox 1791 5334 3365 5405">
    <p class='ocr_par' dir='ltr' id='par_1_107' title="bbox 1791 5334 3365 5405">
     <span class='ocr_line' id='line_1_107' title="bbox 1791 5334 3365 5405; baseline -0.006 -7"><span class='ocrx_word' id='word_1_865' title='bbox 1791 5346 2014 5398; x_wconf 90' lang='lat' dir='ltr'><strong>teritum</strong></span> <span class='ocrx_word' id='word_1_866' title='bbox 2071 5343 2213 5395; x_wconf 87' lang='lat' dir='ltr'><strong>intra</strong></span> <span class='ocrx_word' id='word_1_867' title='bbox 2240 5356 2299 5395; x_wconf 91' lang='lat' dir='ltr'><strong>se</strong></span> <span class='ocrx_word' id='word_1_868' title='bbox 2343 5339 2628 5403; x_wconf 90' lang='lat' dir='ltr'><strong>habentia,</strong></span> <span class='ocrx_word' id='word_1_869' title='bbox 2669 5337 2905 5393; x_wconf 78' lang='lat' dir='ltr'><strong>incautis</strong></span> <span class='ocrx_word' id='word_1_870' title='bbox 2956 5343 3175 5405; x_wconf 84' lang='lat' dir='ltr'><strong>accepta</strong></span> <span class='ocrx_word' id='word_1_871' title='bbox 3206 5334 3365 5399; x_wconf 89' lang='lat' dir='ltr'><strong>tiunt,</strong></span> 
     </span>
    </p>
   </div>
   <div class='ocr_carea' id='block_1_108' title="bbox 1795 5427 3369 5502">
    <p class='ocr_par' dir='ltr' id='par_1_108' title="bbox 1795 5427 3369 5502">
     <span class='ocr_line' id='line_1_108' title="bbox 1795 5427 3369 5502; baseline -0.006 -12"><span class='ocrx_word' id='word_1_872' title='bbox 1795 5434 2041 5490; x_wconf 83' lang='lat' dir='ltr'><strong>studiose</strong></span> <span class='ocrx_word' id='word_1_873' title='bbox 2068 5442 2328 5502; x_wconf 89' lang='lat' dir='ltr'><strong>usurpata</strong></span> <span class='ocrx_word' id='word_1_874' title='bbox 2360 5446 2459 5502; x_wconf 87' lang='lat' dir='ltr'><strong>pro</strong></span> <span class='ocrx_word' id='word_1_875' title='bbox 2482 5432 2625 5487; x_wconf 79' lang='lat' dir='ltr'><strong>bono</strong></span> <span class='ocrx_word' id='word_1_876' title='bbox 2648 5445 2712 5485; x_wconf 86' lang='lat' dir='ltr'><strong>ex</strong></span> <span class='ocrx_word' id='word_1_877' title='bbox 2747 5429 3104 5499; x_wconf 82' lang='lat' dir='ltr'><strong>deceptione:</strong></span> <span class='ocrx_word' id='word_1_878' title='bbox 3151 5436 3205 5481; x_wconf 89' lang='lat' dir='ltr'><strong>et</strong></span> <span class='ocrx_word' id='word_1_879' title='bbox 3227 5427 3369 5481; x_wconf 89' lang='lat' dir='ltr'><strong>inter</strong></span> 
     </span>
    </p>
   </div>
   <div class='ocr_carea' id='block_1_109' title="bbox 1795 5520 3369 5594">
    <p class='ocr_par' dir='ltr' id='par_1_109' title="bbox 1795 5520 3369 5594">
     <span class='ocr_line' id='line_1_109' title="bbox 1795 5520 3369 5594; baseline -0.007 -14"><span class='ocrx_word' id='word_1_880' title='bbox 1795 5527 1936 5589; x_wconf 83' lang='lat' dir='ltr'><strong>bona</strong></span> <span class='ocrx_word' id='word_1_881' title='bbox 1980 5523 2130 5579; x_wconf 88' lang='lat' dir='ltr'><strong>multi</strong></span> <span class='ocrx_word' id='word_1_882' title='bbox 2166 5540 2287 5594; x_wconf 84' lang='lat' dir='ltr'><strong>quae</strong></span> <span class='ocrx_word' id='word_1_883' title='bbox 2333 5538 2528 5577; x_wconf 89' lang='lat' dir='ltr'><strong>sensus</strong></span> <span class='ocrx_word' id='word_1_884' title='bbox 2555 5522 2894 5586; x_wconf 80' lang='lat' dir='ltr'><strong>exhilarant,</strong></span> <span class='ocrx_word' id='word_1_885' title='bbox 2928 5520 3369 5587; x_wconf 78' lang='lat' dir='ltr'><strong>referunt:-pro-</strong></span> 
     </span>
    </p>
   </div>
   <div class='ocr_carea' id='block_1_110' title="bbox 1795 5612 3369 5689">
    <p class='ocr_par' dir='ltr' id='par_1_110' title="bbox 1795 5612 3369 5689">
     <span class='ocr_line' id='line_1_110' title="bbox 1795 5612 3369 5689; baseline -0.007 -16"><span class='ocrx_word' id='word_1_886' title='bbox 1795 5629 1915 5689; x_wconf 82' lang='lat' dir='ltr'><strong>pter</strong></span> <span class='ocrx_word' id='word_1_887' title='bbox 1937 5620 2378 5673; x_wconf 86' lang='lat' dir='ltr'><strong>communionem</strong></span> <span class='ocrx_word' id='word_1_888' title='bbox 2406 5615 2660 5679; x_wconf 81' lang='lat' dir='ltr'><strong>nominis,</strong></span> <span class='ocrx_word' id='word_1_889' title='bbox 2695 5625 2807 5669; x_wconf 92' lang='lat' dir='ltr'><strong>tum</strong></span> <span class='ocrx_word' id='word_1_890' title='bbox 2836 5615 2956 5684; x_wconf 85' lang='lat' dir='ltr'><strong>ejus</strong></span> <span class='ocrx_word' id='word_1_891' title='bbox 2979 5612 3121 5684; x_wconf 87' lang='lat' dir='ltr'><strong>quod</strong></span> <span class='ocrx_word' id='word_1_892' title='bbox 3154 5627 3211 5665; x_wconf 88' lang='lat' dir='ltr'><strong>re</strong></span> <span class='ocrx_word' id='word_1_893' title='bbox 3240 5624 3369 5663; x_wconf 69' lang='lat' dir='ltr'><strong>vera</strong></span> 
     </span>
    </p>
   </div>
   <div class='ocr_carea' id='block_1_111' title="bbox 1796 5700 3364 5778">
    <p class='ocr_par' dir='ltr' id='par_1_111' title="bbox 1796 5700 3364 5778">
     <span class='ocr_line' id='line_1_111' title="bbox 1796 5700 3364 5778; baseline -0.005 -12"><span class='ocrx_word' id='word_1_894' title='bbox 1796 5713 1999 5767; x_wconf 85' lang='lat' dir='ltr'><strong>bonum</strong></span> <span class='ocrx_word' id='word_1_895' title='bbox 2033 5717 2144 5775; x_wconf 77' lang='lat' dir='ltr'><strong>est,</strong></span> <span class='ocrx_word' id='word_1_896' title='bbox 2180 5719 2291 5764; x_wconf 88' lang='lat' dir='ltr'><strong>tum</strong></span> <span class='ocrx_word' id='word_1_897' title='bbox 2340 5706 2486 5778; x_wconf 89' lang='lat' dir='ltr'><strong>quod</strong></span> <span class='ocrx_word' id='word_1_898' title='bbox 2542 5708 2744 5762; x_wconf 87' lang='lat' dir='ltr'><strong>bonum</strong></span> <span class='ocrx_word' id='word_1_899' title='bbox 2790 5722 2911 5761; x_wconf 89' lang='lat' dir='ltr'><strong>esse</strong></span> <span class='ocrx_word' id='word_1_900' title='bbox 2961 5716 3201 5776; x_wconf 84' lang='lat' dir='ltr'><strong>putatur.</strong></span> <span class='ocrx_word' id='word_1_901' title='bbox 3232 5700 3364 5767; x_wconf 74' lang='lat' dir='ltr'><strong>Qua:</strong></span> 
     </span>
    </p>
   </div>
   <div class='ocr_carea' id='block_1_112' title="bbox 200 5843 1677 5924">
    <p class='ocr_par' dir='ltr' id='par_1_112' title="bbox 200 5850 1677 5924">
     <span class='ocr_line' id='line_1_112' title="bbox 200 5850 1677 5924; baseline -0.005 -8"><span class='ocrx_word' id='word_1_902' title='bbox 200 5860 240 5890; x_wconf 81' lang='grc'><strong>’³</strong></span> <span class='ocrx_word' id='word_1_903' title='bbox 279 5858 434 5917; x_wconf 77' lang='lat' dir='ltr'><strong>Rom.</strong></span> <span class='ocrx_word' id='word_1_904' title='bbox 475 5873 573 5924; x_wconf 79' lang='lat' dir='ltr'><strong>vn,</strong></span> <span class='ocrx_word' id='word_1_905' title='bbox 610 5857 665 5912; x_wconf 92' lang='lat'><strong>9.</strong></span> <span class='ocrx_word' id='word_1_906' title='bbox 738 5856 783 5887; x_wconf 78' lang='lat'><strong>&quot;&#39;</strong></span> <span class='ocrx_word' id='word_1_907' title='bbox 823 5853 952 5909; x_wconf 88' lang='lat' dir='ltr'><strong>ibid.</strong></span> <span class='ocrx_word' id='word_1_908' title='bbox 988 5857 1043 5921; x_wconf 85' lang='lat'><strong>9,</strong></span> <span class='ocrx_word' id='word_1_909' title='bbox 1086 5852 1172 5908; x_wconf 83' lang='grc'><strong>10.</strong></span> <span class='ocrx_word' id='word_1_910' title='bbox 1249 5854 1295 5886; x_wconf 76' lang='grc'><strong>’³</strong></span> <span class='ocrx_word' id='word_1_911' title='bbox 1333 5850 1478 5915; x_wconf 81' lang='lat' dir='ltr'><strong>Psal.</strong></span> <span class='ocrx_word' id='word_1_912' title='bbox 1534 5867 1677 5909; x_wconf 68' lang='lat' dir='ltr'><strong>xxxv</strong></span> 
     </span>
    </p>
   </div>
   <div class='ocr_carea' id='block_1_113' title="bbox 1782 5843 2952 5924">
    <p class='ocr_par' dir='ltr' id='par_1_113' title="bbox 1782 5843 2952 5915">
     <span class='ocr_line' id='line_1_113' title="bbox 1782 5843 2952 5915; baseline -0.003 -8"><span class='ocrx_word' id='word_1_913' title='bbox 1782 5850 1828 5915; x_wconf 83' lang='grc' dir='ltr'><strong>ι,</strong></span> <span class='ocrx_word' id='word_1_914' title='bbox 1908 5849 1952 5882; x_wconf 79' lang='grc'><strong>³⁸</strong></span> <span class='ocrx_word' id='word_1_915' title='bbox 1991 5846 2155 5911; x_wconf 85' lang='lat' dir='ltr'><strong>Prov.</strong></span> <span class='ocrx_word' id='word_1_916' title='bbox 2199 5863 2280 5915; x_wconf 89' lang='grc' dir='ltr'><strong>ιιι,</strong></span> <span class='ocrx_word' id='word_1_917' title='bbox 2332 5846 2416 5903; x_wconf 76' lang='grc'><strong>18.</strong></span> <span class='ocrx_word' id='word_1_918' title='bbox 2498 5847 2539 5879; x_wconf 79' lang='grc'><strong>’⁷</strong></span> <span class='ocrx_word' id='word_1_919' title='bbox 2581 5843 2715 5905; x_wconf 82' lang='lat' dir='ltr'><strong>Gen.</strong></span> <span class='ocrx_word' id='word_1_920' title='bbox 2760 5860 2821 5911; x_wconf 85' lang='grc' dir='ltr'><strong>ιι,</strong></span> <span class='ocrx_word' id='word_1_921' title='bbox 2861 5843 2952 5905; x_wconf 73' lang='grc'><strong>16.</strong></span> 
     </span>
    </p>
   </div>
  </div>
