3874 6594
559 455 697 510 1019

552 579 622 618 ne
663 580 760 618 nos
796 564 1110 619 inhonorati
1144 565 1585 636 relinqueremur
1618 566 1671 619 in
1706 566 1891 621 futura
1919 562 2123 632 sempi-

554 665 707 710 terna
740 658 869 721 vita,
901 660 947 712 si
987 675 1097 713 non
1133 670 1279 715 esset
1317 661 1519 730 aliquis
1560 662 1717 717 nobis
1744 662 1835 715 hic
1870 660 2128 714 adversa-

554 746 690 811 rius,
744 749 1005 805 adversus
1050 768 1210 820 quem
1256 753 1599 809 decertantes
1644 753 1793 807 velut
1844 752 1900 806 in
1952 750 2132 806 stadio

555 839 841 906 praesentis
900 841 1043 905 vitae,
1095 844 1554 899 remunerationis
1610 854 1853 912 tempore
1898 855 2133 896 coronas

556 946 1002 1001 assequeremur.
1036 934 1305 990 Percussa
1338 946 1518 990 autem
1553 934 1730 1003 capite
1752 932 2137 996 draconis,to-

557 1031 674 1077 tum
707 1024 802 1093 qui
833 1033 957 1093 post
986 1025 1163 1094 ipsum
1200 1027 1433 1081 trahitur
1466 1026 1787 1081 comitatum
1830 1024 1940 1079 leto
1964 1022 2134 1087 dedit,

558 1114 749 1167 saltem
794 1117 993 1185 exiguo
1044 1118 1279 1187 quodam
1336 1118 1391 1171 in
1438 1119 1558 1187 ipso
1609 1125 1761 1171 motu
1815 1115 2025 1182 relicto,
2069 1114 2137 1169 ad

558 1206 880 1261 exercitium
918 1217 1166 1271 nostrum
1214 1218 1378 1278 atque
1416 1207 1635 1263 virtutis
1684 1207 2136 1262 declarationem.

559 1294 865 1363 Aliquoties
901 1297 1045 1350 enim
1095 1307 1149 1352 et
1184 1312 1286 1353 nos
1326 1313 1589 1367 percusso
1627 1296 1901 1366 serpentis
1940 1298 2139 1365 capite,

562 1395 904 1454 arrepentem
938 1397 1173 1443 tractum
1208 1390 1458 1458 corporis
1488 1388 1674 1458 pueris
1719 1387 2024 1443 feriendum
2056 1405 2143 1443 re—

560 1476 887 1547 linquimus,
918 1480 1083 1534 simul
1129 1481 1278 1547 ipsos
1318 1490 1378 1536 ut
1412 1481 1649 1536 audaces
1676 1490 1726 1535 et
1774 1481 2035 1535 adversus
2067 1479 2140 1533 le-

564 1581 657 1621 ras
690 1567 899 1623 alacres
937 1568 1068 1634 sint,
1111 1567 1617 1625 condocefacimus.
1665 1566 1851 1636 Neque
1881 1566 2027 1620 enim
2063 1564 2159 1620 vel

566 1656 828 1713 adversus
847 1673 1045 1728 porcos
1064 1668 1384 1729 potestatem
1401 1659 1677 1714 demones
1706 1659 1926 1721 habent,
1951 1670 2146 1726 quem-

1624 451 1684 506 S.
1719 445 2018 504 CAESAR“
2058 440 2387 501 GREGORII
2422 439 2720 498 FRATRIS

3642 434 3744 492 ίθίθ

2225 556 2560 626 ἀγεράστους
2613 553 2761 623 ἡμᾶς
2810 547 3236 618 καταλειφθῆναι
3301 546 3362 599 ὲν
3410 547 3474 614 τῇ
3531 545 3744 618 μελλούσῃ

2229 648 2384 719 ἀϊδίῳ
2417 645 2550 716 ζωῇ,
2596 646 2670 715 μὴ
2704 645 2854 706 ὄντος
2887 644 3017 712 ἡμῖν
3050 637 3288 693 ἐνταῦθά
3320 653 3461 697 τινος
3489 638 3745 698 ἀντιπάλου,

2231 738 2365 808 πρὸς
2398 735 2456 789 ὃν
2483 734 2917 804 ἀγωνιζομένους
2946 731 3109 783 οἱονεὶ
3145 732 3204 781 ἐν
3246 727 3443 796 σταδίῳ
3464 730 3526 797 τῇ
3553 730 3748 799 παρούσῃ

2233 829 2380 900 ζωῇ,
2430 828 2487 879 ὲν
2530 829 2596 897 τῇ
2650 825 2877 895 ἀμείψει
2933 822 3134 891 ταύτης
3183 819 3466 886 στεφάνων
3511 820 3747 887 ἐπιτυχεῖν.

2234 917 2448 990 Πλήξας
2495 918 2551 970 δὲ
2592 916 2691 987 τὴν
2742 914 2983 985 κεφαλὴν
3036 911 3131 964 τοῦ
3179 911 3505 981 δράκοντος,
3551 908 3651 961 ὅλον
3687 913 3749 961 τὸν

2237 1009 2596 1079 ξυνεπόμενον
2656 1007 2817 1061 ὁλκὸν
2877 1003 3353 1073 συναπενέκρωσε,
3410 1001 3632 1070 ἀμυδρὰν
3667 1019 3753 1052 τινι

2237 1101 2448 1172 κίνησιν
2482 1102 2538 1154 ὲν
2584 1098 2734 1169 αύτῷ
2768 1095 3124 1165 καταλείψας,
3162 1094 3305 1165 πρὸς
3334 1094 3617 1161 γυμνασίαν
3639 1093 3754 1160 ἡμῶν

2237 1195 2333 1248 xci.
2365 1193 2567 1265 ἀρετῆς
2604 1191 2883 1256 ἐπίδειξιν.
2929 1189 3199 1250 Πολλάκις
3230 1187 3343 1254 γὰρ
3391 1185 3482 1237 καὶ
3523 1187 3658 1253 ignei;
3686 1189 3756 1255 τὴν

2239 1286 2479 1357 κεφαλὴν
2516 1284 2612 1338 τοῦ
2640 1284 2816 1353 ὄφεως
2847 1283 3169 1354 πλήξαντες,
3210 1280 3307 1332 τὸν
3340 1277 3622 1348 ἐφέρποντα
3642 1277 3757 1331 ὁλκὸν

2239 1381 2353 1441 τοῖς
2396 1376 2554 1430 παισὶ
2604 1375 2787 1430 παίειν
2845 1373 3237 1445 ἐπιτρέπομεν,
3286 1371 3403 1440 ἀμα
3455 1370 3648 1438 θαρρεῖν
3692 1371 3760 1421 καὶ

2243 1468 2591 1539 θηρολεκτεῖν
2656 1468 2853 1530 αὐτοὺς
2908 1465 3280 1526 παιδεύοντες.
3334 1461 3469 1516 Οὖτε
3517 1460 3610 1531 γὰρ
3656 1460 3760 1514 συῶν

2243 1558 2574 1625 ὲξουσιάζειν
2606 1560 2656 1610 οἱ
2689 1557 2966 1627 δαίμονες,
2996 1553 3180 1617 καθὼς
3213 1556 3249 1624 ἡ
3300 1552 3419 1605 Θεία
3458 1551 3557 1603 τῶν
3585 1550 3763 1615 εὐαγγε-

2244 1649 2411 1702 λικῶν
2447 1646 2693 1703 παιδεύει
2734 1647 2945 1716 Πυκτή.
2979 1645 3094 1716 Πρὸ
3134 1645 3247 1714 γάρ
3282 1642 3387 1712 τῆς
3414 1641 3553 1703 θείας
3578 1638 3761 1709 Χριστοῦ

567 1744 864 1798 admodum
915 1760 1071 1800 sacra
1108 1745 1388 1816 Evangelii
1429 1747 1701 1815 scriptura
1740 1746 1987 1801 docet“.
2013 1744 2148 1799 Nam

2259 1743 2672 1813 συγχωρήσεως,
2696 1741 2813 1807 Δοὐκ
2837 1738 3145 1809 ἐτόλμησαν
3188 1736 3404 1805 ψαῦσαι
3433 1736 3524 1804 τῆς
3555 1734 3644 1785 τῶν
3666 1733 3763 1801 Γερ-

568 1844 699 1891 ante
725 1836 966 1891 divinam
998 1838 1204 1893 Christi
1236 1838 1679 1907 permissionem.
1722 1854 1831 1893 non
1860 1848 1991 1892 stunt
2022 1836 2144 1894 ausi

2259 1834 2480 1906 γεσινῶν
2523 1834 2724 1903 ἀγέλης
2754 1831 2918 1885 συῶν.
2969 1829 3289 1901 Ἐπιτρέπει
3321 1829 3379 1880 δὲ
3423 1825 3636 1887 αὐτοῖςὸ
3679 1824 3758 1877 Κύ-

567 1936 793 2000 tangere
822 1944 1040 2000 gregem
1073 1944 1367 1999 porcorum
1403 1928 1848 1999 Gergesinorum.
1876 1928 2147 1984 Permittit

2259 1944 2391 1999 ριος,
2427 1927 2527 1995 οὐχ
2554 1926 2668 1996 ἅμα
2702 1923 2809 1977 τῶν
2841 1922 3157 1994 συοφόρϐων
3188 1918 3464 1973 ποντῶσαι
3488 1918 3573 2000 τὴν
3592 1916 3759 1983 axem,

568 2032 752 2075 autem
810 2022 942 2091 ipsis
982 2021 1252 2078 Dominus
1299 2036 1407 2076 non
1459 2031 1518 2076 ut
1575 2036 1682 2076 una
1735 2035 1861 2075 cum
1905 2019 2153 2076 subulcis

569 2112 988 2183 submergerent
1026 2131 1265 2185 gregem,
1311 2114 1405 2169 sed
1442 2124 1501 2168 ut
1540 2114 1607 2169 iis
1636 2112 1883 2178 omissis,
1914 2129 2025 2183 quo
2059 2129 2154 2169 ca-

570 2219 793 2274 pessere
819 2204 1005 2277 fugam
1029 2216 1274 2275 possent,
1313 2206 1366 2260 in
1394 2207 1552 2261 bruta
1582 2208 1969 2277 egrederentur
2002 2223 2017 2260 :
2042 2207 2156 2260 evi-

570 2297 763 2350 denter
812 2313 912 2353 nos
956 2299 1185 2363 docens,
1239 2300 1384 2370 quod
1426 2300 1532 2354 nisi
1576 2314 1670 2369 per
1702 2300 1876 2368 ipsius
1913 2298 2160 2353 divinam-

572 2396 629 2441 et
665 2389 851 2443 omnia
885 2390 1337 2459 complectentem
1372 2399 1693 2461 potestatem
1727 2390 2153 2452 cnstodiremur.

574 2479 657 2534 vel
680 2481 1059 2547 consimiliter,
1089 2484 1173 2537 vel
1219 2484 1382 2539 etiam
1436 2484 1613 2554 pejus,
1650 2499 1816 2553 quam
1861 2497 1988 2553 erga
2026 2499 2157 2553 por-

571 2570 692 2639 cos,
723 2588 852 2642 erga
893 2589 993 2629 nos
1020 2575 1200 2629 atl‘ecti
1232 2576 1506 2630 dmtnones
1539 2579 1742 2640 forent,
1767 2575 1862 2645 qui
1897 2574 1951 2630 in
1996 2576 2160 2644 hujus

570 2661 697 2718 vitae
726 2663 863 2717 mari
892 2665 1198 2734 periculose
1225 2667 1569 2734 navigamus.

982 2757 1500 2815 INTERROGATIO
1540 2760 1751 2815 CXXV.

644 2848 778 2903 Cum
802 2860 989 2906 nosset
1006 2850 1170 2914 Deus,
1195 2853 1341 2922 quod
1360 2853 1604 2909 Adamus
1630 2864 1957 2922 praeceptum
1983 2860 2163 2909 trans-

576 2959 868 3016 gressurus
914 2955 1081 3012 esset,
1130 2962 1227 3000 cur
1281 2947 1413 3001 illud
1472 2948 1520 3001 ei
1568 2948 1750 3001 dedit?
1792 2947 1876 3001 vel
1924 2948 2164 3018 denique

575 3052 748 3107 quare
786 3047 1253 3110 transgressorem
1294 3040 1575 3095 damnavit
1610 3041 1824 3095 morte?

1208 3130 1518 3202 Responsio.

647 3221 812 3293 Atqui
838 3223 943 3278 nisi
975 3234 1329 3294 przeceplum,
1361 3225 1509 3278 velut
1540 3224 1823 3295 praemium
1844 3226 2165 3280 certaminis

578 3324 635 3369 et
680 3315 840 3370 lucta:
872 3316 1180 3383 statuisset,
1227 3331 1293 3371 ac
1331 3317 1673 3386 permisisset
1720 3316 1775 3371 in
1818 3316 2029 3372 arbitrii
2079 3317 2166 3372 sui

582 3415 855 3477 potestate
885 3409 1289 3472 adversarium,
1322 3423 1425 3463 non
1455 3417 1833 3473 coronaretur,
1862 3423 2041 3479 neque
2070 3409 2168 3463 de»

582 3501 971 3570 praadicaretnr
997 3501 1191 3556 victor.
1220 3501 1377 3567 Quod
1410 3500 1455 3556 si
1480 3516 1587 3556 non
1620 3502 1936 3557 mandasset
1970 3516 2168 3570 prince.

583 3592 660 3663 pti
699 3591 1164 3657 observationem,
1199 3602 1253 3647 et
1296 3598 1527 3646 mortem
1564 3593 2016 3662 transgressionis
2051 3608 2171 3663 pae-

586 3698 713 3739 nam
744 3698 851 3737 non
890 3684 1132 3739 minatus
1163 3684 1377 3750 fuisset,
1413 3684 1608 3738 merito
1637 3684 1690 3737 in
1724 3699 1850 3739 eum
1872 3684 1967 3755 qui
1998 3685 2167 3755 legem

584 3776 793 3848 posuit,
824 3775 1041 3845 culpam
1080 3776 1383 3831 retulisses.
1432 3775 1488 3829 Si
1523 3790 1654 3830 vero
1686 3783 1808 3846 post
1855 3776 2170 3832 mandatum

586 3870 776 3939 lapsus
804 3877 907 3934 est,
947 3877 1000 3923 et
1030 3868 1229 3923 cecidit
1259 3868 1439 3923 factus
1475 3868 1816 3934 inobediens,
1856 3875 2171 3937 superatum

588 3980 814 4029 accusa,
845 3979 955 4018 non
990 3978 1116 4017 eum
1150 3962 1244 4032 qni
1272 3971 1549 4018 certamen
1577 3962 1882 4033 proposuit.
1918 3961 2049 4019 Item
2084 3980 2169 4020 sec

588 4058 826 4113 cundum
862 4056 1023 4111 aliam
1057 4056 1324 4111 rationem
1355 4073 1367 4108 :
1406 4054 1875 4122 Quemadmodum
1901 4056 2172 4111 Adamum

588 4150 1071 4223 praecognoscehat
1097 4158 1597 4219 transgressurum,
1638 4149 1892 4206 similiter
1920 4150 2177 4221 praescie-

588 4245 684 4302 bat
712 4252 962 4314 posteros
986 4241 1107 4311 ejus
1135 4242 1484 4310 praestatione
1518 4251 1913 4311 praceptorum
1941 4242 2011 4297 ab
2057 4242 2177 4311 ipso

591 4338 739 4391 velut
761 4335 998 4390 victores
1023 4333 1447 4401 deprzedicatum
1476 4344 1531 4388 et
1555 4346 1879 4389 coronatum
1906 4334 2005 4401 iri;
2040 4335 2177 4391 alios

592 4428 816 4499 quidem
860 4435 1105 4494 tempore
1151 4424 1299 4493 pacis
1337 4440 1433 4494 per
1476 4426 1904 4483 declarationem
1936 4428 2179 4497 probata:

593 4536 718 4577 cum
748 4519 950 4573 virtute
982 4516 1132 4579 vitae,
1165 4516 1305 4571 alios
1332 4526 1515 4571 autem
1549 4526 1792 4587 tempore
1830 4519 2174 4589 persecutio-

595 4629 726 4668 num
754 4628 849 4682 per
878 4610 1340 4681 perseverantiam
1367 4623 1465 4678 pro
1485 4608 1603 4679 ipso
1626 4626 1801 4680 usque
1824 4611 1891 4666 ad
1915 4622 2168 4668 mortem.

594 4704 1084 4774 Praecognoscebat
1110 4702 1259 4756 enim
1298 4701 1527 4757 Abelum
1555 4702 1767 4772 justum
1816 4704 1953 4769 fore,
1985 4706 2177 4761 simili-

595 4808 678 4853 ter
709 4806 766 4851 et
795 4794 1061 4855 Sethum;
1109 4792 1396 4848 Enochum
1427 4793 1891 4860 transferendum,
1929 4812 1997 4851 ne
2026 4798 2177 4853 vide-

596 4900 681 4948 ret
709 4900 977 4954 mortem;
1020 4885 1192 4941 Noam
1241 4885 1454 4956 justum
1492 4886 1769 4955 futurum;
1799 4887 2175 4945 Abrahamum

596 4986 838 5041 radicem
890 4980 1013 5036 ﬁdei
1048 4979 1190 5045 fore,
1228 4994 1295 5034 ac
1334 4988 1542 5049 patrem
1584 4981 1877 5035 multarum
1911 4984 2173 5053 gentium.

597 5074 864 5130 Praeterea
898 5071 1044 5142 quod
1070 5070 1293 5126 lsaacus
1321 5085 1513 5127 servus
1546 5085 1681 5126 suus
1711 5080 1971 5129 strenuus
2003 5074 2179 5129 decla-

598 5166 804 5223 randus
834 5173 1003 5225 esset,
1037 5163 1388 5233 prrsciebat;
1416 5163 1561 5233 quod
1593 5161 1833 5219 Iacobus
1859 5164 2039 5234 ipsum
2073 5181 2182 5221 ve-

600 5262 680 5316 lut
719 5259 996 5313 hominem
1032 5256 1089 5310 in
1137 5256 1283 5311 lucta
1327 5264 1689 5325 superaturus
1735 5266 1904 5322 esset,
1937 5265 1993 5311 et
2033 5257 2181 5328 quod

602 5365 823 5421 torpore
870 5351 1152 5407 soluturus
1180 5358 1329 5405 esset
1375 5349 1545 5403 latum
1596 5364 1823 5404 nervum
1872 5358 2017 5405 tacto
2063 5350 2183 5420 ejus

600 5442 839 5507 femore;
888 5438 1034 5509 quod
1082 5448 1299 5509 propter
1355 5438 1775 5508 temperantiam
1834 5438 1887 5493 in
1932 5439 2180 5495 custodia

599 5548 931 5603 carcereque
959 5530 1233 5601 Josephus
1265 5531 1611 5587 habitaturus
1632 5540 1811 5597 esset;
1840 5532 1989 5601 quod
2022 5532 2180 5587 faelis

599 5627 717 5683 suis
737 5641 967 5695 regnum
999 5624 1324 5679 obtenturus
1349 5642 1364 5691 ;
1404 5625 1553 5694 quod
1581 5625 1647 5679 ad
1683 5625 1994 5681 ducendum
2023 5640 2183 5681 exer-

601 5722 771 5778 citum
814 5729 868 5774 ct
918 5716 1194 5774 ferendam
1237 5717 1409 5786 legem
1460 5716 1638 5774 Moses
1691 5717 1920 5773 idoneus
1964 5718 2182 5775 futurus

602 5822 782 5878 esset;
829 5811 975 5882 quod
1006 5808 1164 5865 Jesus
1194 5807 1343 5865 Nave
1386 5811 1531 5866 tilius
1567 5811 1804 5868 hostium
1843 5820 2045 5885 tropaea
2090 5827 2183 5870 ca-

680 5925 727 5960 “
764 5922 957 5981 Matth.
998 5936 1121 5987 vm,
1156 5921 1245 5987 50,
1288 5920 1378 5977 52.

2253 1992 2366 2072 ἀλλ’
2418 1992 2661 2079 ἐκείνους
2704 2017 2861 2069 ἐᾶσαι
2915 1992 3146 2083 δρασμῷ
3195 1992 3529 2083 χρήσασθαί,
3578 2006 3689 2060 κατὰ
3721 2006 3760 2058 δὲ

2250 2110 2361 2164 τῶν
2399 2109 2610 2177 ἀλόγων
2645 2106 2929 2178 χωρῆσαιο
2979 2101 3227 2175 ἐναργῶς
3254 2101 3519 2155 παιδεύων
3552 2099 3685 2167 ἡμᾶς,
3708 2097 3757 2156 ἐς

2254 2201 2303 2252 εί
2336 2200 2411 2270 μὴ
2445 2201 2511 2269 τῇ
2545 2197 2666 2268 θείᾳ
2689 2194 2853 2249 αὐτοῦ
2884 2195 2978 2246 καὶ
3008 2194 3337 2263 περιεκτικῇ
3367 2190 3568 2242 πάντων
3593 2185 3757 2251 δυνάμει

2256 2290 2689 2363 ἐφρουρούμεθα,
2726 2285 3123 2359 παραπλησίως
3153 2286 3187 2355 ἦ
3226 2284 3321 2338 καὶ
3354 2282 3512 2352 χείρω
3535 2278 3627 2331 τῶν
3658 2275 3756 2329 συῶν

2256 2387 2303 2438 oi
2335 2385 2584 2455 δαίμονες
2608 2380 2897 2436 διετίθεντο
2926 2380 3071 2450 ἡμᾶς
3096 2374 3540 2447 ναυτιλλομένους
3570 2370 3597 2440 ἢ
3620 2368 3761 2421 Gala:-

2257 2492 2536 2538 τευοντας.

2815 2772 3065 2827 ΙΙΕΥΣΙΣ
3104 2773 3283 2825 PKE’.

2333 2863 2618 2917 Γινώσκων
2650 2866 2678 2918 ὁ
2710 2863 2843 2928 Θεὸς
2875 2865 2955 2919 ὅτι
3005 2864 3189 2935 μέλλει
3231 2860 3564 2934 παραϐαίνειν
3594 2859 3669 2927 τὴν
3695 2858 3751 2908 ὲν-

2262 2957 2422 3027 τολὴν
2452 2960 2481 3010 ὁ
2526 2956 2717 3027 Ἀδὰμ,
2755 2956 2897 3011 διατί
2944 2956 3094 3027 αύτῷ
3134 2956 3337 3010 ἔδωκεν
3373 2952 3543 3022 αὐτὴν,
3583 2950 3610 3019 ἢ
3645 2948 3756 3001 πάλιν

2265 3050 2590 3122 παραϐάντα
2617 3050 2758 3105 διατί
2794 3050 3007 3121 θανάτῳ
3042 3050 3401 3121 κατέκρινεν;

2881 3145 2929 3199 Ἀ
2938 3146 3237 3214 πόκρισις.

2348 3235 2488 3288 Ἀλλ’
2522 3237 2571 3289 εί
2626 3234 2702 3307 μὴ
2735 3234 2960 3308 ἔστησεν
3002 3230 3113 3289 οἷον
3156 3234 3408 3307 βραϐεῖον
3440 3230 3523 3285 καὶ
3548 3227 3748 3293 πάλαισμα

2265 3328 2365 3399 τὴν
2407 3328 2649 3399 ἐντολὴν,
2680 3330 2774 3381 καὶ
2818 3329 2999 3382 εἴασεν
3031 3328 3379 3392 αὐτεξούσιον
3407 3324 3489 3378 τὸν
3524 3323 3751 3386 ἀνταγωνι-

2269 3421 2421 3491 στὴν,
2463 3421 2563 3475 οὐκ
2610 3419 2991 3489 ἐστεφανοῦτο,
3040 3420 3159 3474 οὐδὲ
3214 3416 3601 3489 ἀνεκηρύττετο.
3639 3410 3683 3463 Εἰ
3713 3406 3750 3459 δὲ

2269 3513 2365 3565 xui.
2420 3511 2494 3583 μὴ
2550 3510 2906 3584 παρεγγύησε
2953 3511 3331 3581 φυλάξασθαι,
3382 3509 3469 3561 καὶ
3516 3499 3751 3562 θάνατοντῇ

2269 3606 2582 3677 παραϐάσει
2634 3606 2962 3676 ἠπείλησεν,
3004 3603 3233 3667 εἰκότως
3281 3601 3413 3675 ᾐτιῶ
3463 3600 3539 3652 τὸν
3577 3595 3747 3663 θέμενον.

2274 3696 2338 3749 Εἰ
2370 3697 2427 3749 δὲ
2469 3698 2606 3768 μετά
2644 3697 2741 3770 τὴν
2794 3695 3132 3768 παρεγγυὴν,
3184 3693 3410 3748 ὤλισθεν
3445 3691 3527 3743 καὶ
3569 3685 3750 3770 πέπτιιικε

2275 3767 2647 3861 παρακούσας,
2679 3767 2772 3843 τοῦ
2815 3789 3128 3861 ἡττωμένου
3170 3787 3475 3858 κατηγόρει,
3517 3779 3589 3833 καὶ
3614 3774 3667 3846 μὴ
3690 3767 3749 3821 τοῦ

2274 3884 2502 3953 θεμένου
2530 3884 2620 3935 τὸν
2642 3882 2849 3950 ἀγῶνα.
2892 3881 3129 3952 Ἑτέρως
3156 3897 3217 3933 τε
3241 3880 3318 3944 δὲ,
3348 3878 3517 3945 ὥσπερ
3536 3872 3607 3923 τὸν
3634 3863 3747 3927 Ἀδὰμ

2276 3976 2680 4047 προεγίνωσκεν
2724 3972 3199 4043 παραϐησόμενον,
3245 3970 3439 4043 ὁμοίως
3474 3960 3751 4055 “mnam?”

2276 4063 2400 4124 τοὺς
2458 4063 2712 4129 ὲκγόνους
2762 4060 2925 4114 αὑτοῦ
2974 4064 3040 4132 τῇ
3096 4059 3423 4131 κατορθώσει
3461 4054 3552 4107 τῶν
3594 4052 3749 4102 ὲντολων

2277 4150 2771 4223 ἀνακηρύττεσθαι,
2804 4151 2899 4205 καὶ
2931 4149 3323 4220 στεφανοῦσθαι
3361 4147 3480 4215 παρ’
3499 4134 3749 4195 αὑτοῦτηὺξ

2281 4245 2380 4317 μὲν
2406 4246 2464 4297 ἐν
2488 4247 2700 4316 καιροῖς
2726 4245 2950 4316 εἰρήνης
2981 4243 3048 4296 δι’
3082 4241 3389 4306 ἐπιδείξεως
3413 4232 3623 4304 ἐναρέτου
3654 4224 3745 4317 βίου.

2275 4314 2402 4402 τοὺς
2424 4338 2483 4391 δὲ
2514 4340 2572 4391 ὲν
2588 4314 2790 4409 ἡκαιρῴή
2811 4314 3089 4407 διωγμῶν,
3112 4334 3199 4388 διὰ
3220 4335 3320 4406 τῆς
3342 4330 3468 4399 ὑπὲρ
3493 4319 3624 4379 αὑτοῦ
3642 4314 3747 4409 μέχρι

2278 4430 2510 4485 θανάτου
2540 4404 2865 4494 ἐνστάσεως.
2895 4404 3287 4499 Προεγίνωσκε-
3317 4425 3418 4495 γὰρ
3445 4421 3525 4474 τδν
3558 4404 3746 4499 ’Ᾱὸελδιο

2279 4523 2591 4587 καιοῦσθαι,
2619 4524 2712 4578 τὸν
2731 4523 2839 4595 Σὴθ
2868 4498 3093 4593 ὁμοίως,
3119 4520 3211 4575 τὸν
3246 4517 3411 4586 Ἑνὼχ
3445 4498 3745 4595 μετατίθεσθαι,

2283 4616 2358 4689 μὴ
2422 4616 2550 4669 ἰδεῖν
2600 4587 2851 4681 θάνατον,
2902 4587 2995 4669 τὸν
3050 4587 3175 4667 Νῶε
3224 4598 3648 4675 δικαιωθήσεσθει,
3684 4587 3741 4689 τίνι

2292 4682 2544 4780 λᾸϐραάμ
2595 4708 2751 4778 ῥίζαν
2790 4708 2893 4778 τῆς
2938 4708 3177 4773 πίστεως
3203 4705 3457 4776 γίνεσθαι,
3494 4696 3570 4750 καὶ
3603 4682 3743 4749 πατέρα

2281 4801 2494 4855 πολλῶν
2541 4800 2728 4856 ἐθνῶν.
2764 4802 2886 4855 Ὅτι
2946 4802 3132 4856 Ἰσαὰκ
3171 4800 3351 4863 δοῦλος
3394 4788 3535 4850 αὐτοῦ
3570 4780 3738 4873 ἐνάρεττξ

2280 4893 2753 4965 ἀναδειχθὴσεται,
2786 4894 3187 4965 προεγίνωσκεν
3209 4909 3223 4923 ο
3264 4894 3345 4945 ὅτι
3382 4878 3549 4940 Ἰακὼϐ
3571 4870 3684 4967 ai:th

2280 4989 2348 5059 τῇ
2390 4952 2532 5059 πάλῃ
2558 4952 2843 5058 ’κρατησεί
2875 4952 2951 5050 ὡς
2986 4983 3197 5056 βροτὸν,
3232 4983 3323 5037 καὶ
3356 4952 3736 5059 ναρκήσῖἶέίίμέλ

2282 5052 2373 5132 νου
2400 5052 2706 5150 σοῦ’-μηροῦ
2737 5052 2799 5132 τὸ
2840 5052 3227 5148 πλατύνευρον·
3276 5075 3352 5127 ὅτι
3391 5063 3555 5132 Ἰωσὴφ
3578 5052 3736 5150 διάισθξ

2284 5140 2560 5242 φροσύνην
2590 5140 2832 5243 ἐρρουράν
2858 5169 3091 5241 οἰκήσει,
3115 5140 3205 5221 ’ὅτι
3240 5166 3324 5219 διά
3345 5162 3442 5216 τῶν
3473 5155 3611 5253 εργωγ
3638 5140 3733 5253 p1:

2282 5237 2433 5327 λείας
2483 5237 2748 5334 xeat-ipsi
2772 5281 2786 5295 ’
2833 5264 2915 5317 ὅτι
2961 5237 3169 5331 Μωσῆς
3213 5258 3346 5329 πρὸς
3388 5237 3655 5335 στρατηῖίαῖ

2283 5317 2605 5424 νομοθεσίαν
2638 5317 2944 5423 ἐπιτήδειος
2977 5317 3269 5419 φυήσεταιί
3294 5317 3369 5399 ὅτι
3394 5342 3419 5393 ὁ
3446 5317 3610 5424 διησοῗς

2284 5447 2441 5517 Ναυῆ
2485 5444 2760 5516 πολεμίων
2801 5443 3127 5515 χειρώσεται
3169 5439 3409 5511 τρόπαια,
3448 5423 3525 5521 κξξὶ

2286 5507 2656 5601 Γαϐαωνίτας,
2686 5536 2768 5589 ὅτι
2803 5507 2975 5589 ’δαδὶδ
3004 5507 3290 5605 πρόμαλον
3319 5507 3730 5629 ἀλλοφύέφῖίίῐῖ

2289 5647 2530 5701 φρακτον
2574 5599 2838 5701 κνημίδας
2874 5628 2969 5682 καὶ¹
2996 5599 3231 5698 κορύνην
3258 5599 3729 5719 maenaa-ﬁeri:

2293 5686 2475 5793 μενον,
2497 5686 2698 5776 ἀσπίδα
2725 5686 2972 5792 καὶνδόρυ
3002 5686 3215 5790 ἔχοντα,
3243 5686 3334 5769 xui
3358 5708 3460 5802 δλοξθ
3478 5686 3723 5802 “ﬁngi?

2292 5766 2605 5888 ῐπάρέοντα
2625 5857 2638 5884 ,
2693 5817 2792 5889 μιᾷ
2844 5766 3215 5885 σφενδονήσειι
3234 5808 3375 5863 λίθου
3408 5798 3472 5858 εἰς
3493 5787 3572 5858 γῆν
3592 5766 3712 5837 “mp
