3874 6534
63 360 177 416 1029

67 471 327 530 Ἰουδαίους
356 466 449 520 καὶ
476 460 908 528 ἐξουθενοῦντας,
941 458 1036 511 καὶ
1065 456 1199 509 θεὸν
1223 453 1385 508 αὐτὸν
1416 453 1592 522 ὑπάρ-

56 583 151 636 χειν
173 561 468 631 οἰομένους.
489 556 577 609 διὰ
596 555 658 606 τὸ
688 553 824 623 μηδὲ
854 551 1024 619 τάφον
1055 542 1603 617 αὑτοῦέὑρίσκεσθαι

58 656 192 727 μέχρι
218 654 480 720 τήμερον,
509 648 602 698 καὶ
628 646 759 698 ὅταν
808 643 927 713 ἃμα
966 639 1147 694 Ἠλίου
1183 637 1279 691 τοῦ
1323 636 1603 727 προφήτου

54 725 128 796 ἐπὶ
143 742 230 811 τῆς
241 737 554 810 ἀκρωρείας
570 733 818 802 παρέστη
837 728 1058 802 Χριστῷ
1077 725 1562 799 μεταμορφωθέντι
1588 743 1604 758 ·

54 835 166 886 ὥστε
193 831 284 902 μὲν
335 830 514 883 δοκεῖν
560 827 758 887 αὐτοὺς
798 823 878 876 ἔτι
921 822 1021 892 ζῇν
1055 819 1219 874 αὐτὸν
1259 814 1356 870 ἶσα
1422 817 1604 869 Ἠλίου

56 919 390 994 μετατεθέντα
437 920 496 971 ὲν
531 914 694 987 σαρκί
717 931 733 946 θ
776 910 1152 966 καταστέλλων
1188 907 1369 962 αὐτῶν
1399 907 1461 960 τὸ
1506 907 1608 975 φύ-

54 1032 205 1084 σημα,
270 1012 367 1065 καὶ
417 1010 518 1080 τὴν
570 1005 881 1076 φλεγμονὴν
926 1003 1030 1073 τῆς
1075 1001 1289 1064 εἰκαίας
1336 1000 1466 1070 περὶ
1512 998 1606 1078 τρν

53 1106 192 1177 ἄνδρα
223 1102 386 1172 δόξης
411 1143 425 1166 ,
449 1098 644 1168 θνητὸν
676 1095 999 1156 ἀποδεικνὺς
1028 1092 1212 1154 αὐτὸν,
1246 1091 1342 1144 καὶ
1371 1089 1468 1159 τῆς
1510 1089 1607 1140 αὐ-

52 1200 131 1266 τῆς
161 1198 287 1266 ἡμῖν
330 1192 554 1262 φύσεως
576 1231 589 1250 ,
620 1189 783 1242 οἱονεὶ
824 1183 1285 1240 δακτυλοδεικτῶν
1319 1183 1483 1238 αὑτὸν
1512 1181 1607 1234 καὶ

54 1290 265 1357 φάσκων,
317 1283 530 1354 Θνητὸς
571 1281 834 1350 ὑπάρχων
878 1277 1055 1331 ἔθανε
1090 1275 1335 1344 Μωσῆς,
1369 1275 1420 1327 τί
1466 1292 1607 1344 κομ-

53 1381 243 1443 signa,
273 1368 320 1429 ὦ
357 1375 604 1427 Ἰουδαῖοι
629 1388 643 1437 ;
680 1372 774 1424 καὶ
797 1369 960 1424 πάλιν
993 1369 1021 1421 6
1049 1369 1212 1432 αὑτός
1237 1387 1374 1438 φησι
1400 1369 1608 1437 διελέγ·

53 1489 139 1540 χων
168 1467 362 1530 αὐτοὺς
389 1508 402 1528 ,
429 1464 618 1534 Μέχρι
645 1464 757 1533 γὰρ
787 1461 1075 1531 σήμερον,
1108 1460 1290 1528 ἡνίκα
1323 1459 1609 1530 ἀναγινώ-

53 1577 225 1615 σκεται
247 1556 510 1624 Μωσῆς,
543 1555 824 1624 κάλυμμα
841 1551 938 1605 ἐπί
964 1550 1079 1618 τὴν
1112 1549 1366 1618 καρδίαν
1411 1549 1611 1603 αὐτῶν

56 1651 228 1705 κεῖται.
273 1643 408 1720 'Ap‘
447 1642 540 1701 οὖν
578 1645 738 1717 μέχρι
773 1642 987 1697 Παύλου
1025 1641 1186 1709 μόνον
1235 1640 1268 1710 ἢ
1313 1639 1411 1693 καὶ
1445 1639 1608 1710 μέχρι

59 1742 341 1804 συντελείας
402 1739 580 1801 αὐτῆς
658 1735 898 1789 Ἰουδαῖοι
971 1731 1380 1801 τυφλώττουσι;
1437 1730 1607 1813 Πάλιν

56 1837 88 1889 δ’
117 1838 142 1888 6
193 1833 364 1896 αὐτὸς
415 1828 748 1884 ἐπιστέλλων
808 1823 1121 1897 Κορινθίοις
1186 1823 1390 1894 φησίν·
1443 1823 1608 1892 Ἄχρι

61 1927 138 1978 και
185 1921 362 1992 ὑμῶν
425 1918 779 1989 ἐφθάσαμεν
830 1915 900 1967 ἐν
951 1913 1030 1979 τῷ
1100 1912 1446 1981 Εὐαγγελίφ
1505 1910 1611 1965 τοῦ

56 2015 306 2085 Χριστοῦ.
362 2009 494 2084 'Ap’
540 2011 601 2064 οὐ
651 2011 810 2082 μέχρι
865 2006 1131 2077 Κορίνθου
1181 2005 1385 2076 μόνης,
1432 2003 1466 2074 ἢ
1515 2005 1612 2057 καὶ

58 2111 143 2162 ἀπὸ
181 2109 276 2178 τῆς
333 2105 477 2176 ἑῴας
527 2103 691 2174 μέχρι
734 2099 841 2152 τῶν
879 2097 1149 2169 ἑσπερίων
1194 2095 1426 2166 ἔφθασεν
1471 2095 1615 2147 ὠκυ-

59 2201 204 2253 πῡδῶν
225 2198 420 2265 κύκλῳ
441 2196 502 2249 τὸ
539 2192 850 2264 Ἰλλυρικὸν,
880 2192 974 2244 καὶ
1024 2189 1217 2260 μέχρις
1261 2188 1434 2257 αὐτῆς
1476 2185 1613 2239 Ῥώ-

60 2310 142 2361 μης
172 2288 462 2344 καταντῶν
499 2285 796 2356 ἐκήρυττε;
837 2283 947 2336 Καὶ
994 2281 1155 2336 πάλιν
1179 2282 1207 2332 6
1240 2281 1404 2343 αὑτός
1446 2296 1611 2350 φησιο

59 2380 541 2452 Παρακαλοῦντες
584 2375 840 2442 ἑαυτοὺς
871 2375 1012 2428 καθ’
1043 2373 1314 2443 ἑκάστην
1360 2371 1613 2441 ἡμέραν,

57 2478 201 2545 ὑχρις
240 2469 318 2529 οὗ
354 2473 420 2526 τὸ
461 2469 729 2539 σήμερον
763 2465 1052 2521 καλεῖται.
1112 2464 1271 2518 ’Λλλὰ
1315 2466 1409 2518 καὶ
1457 2460 1617 2520 Δαϐὶδ

59 2569 293 2637 προεῖπεν
339 2567 372 2618 ὁ
411 2561 733 2624 θεσπέσιος,
786 2557 1058 2626 Σήμερον
1103 2556 1212 2610 ἐὰν
1262 2554 1372 2623 τῆς
1410 2558 1616 2627 φωνῆς

58 2658 214 2712 αὑτοῦ
255 2655 594 2720 ἀκούσητε,
632 2650 727 2705 τοῦ
756 2649 890 2704 Θεοῦ
919 2648 1193 2719 δηλονότι,
1215 2647 1303 2718 μὴ
1343 2651 1617 2717 σκληρύ-

61 2767 174 2816 νητε
199 2748 311 2814 τὰς
346 2745 597 2814 καρδίας
616 2741 782 2812 ὑμῶν
806 2742 884 2806 ὡς
907 2741 977 2793 ἐν
1009 2738 1089 2805 τῷ
1115 2740 1617 2809 παραπικρασμῷ,

59 2842 180 2895 κατὰ
217 2839 346 2908 τὴν
393 2836 626 2906 ἡμέραν
665 2834 770 2888 τοῦ
817 2830 1151 2900 πειρασμοῦ
1187 2831 1258 2884 ἐν
1301 2829 1376 2900 τῇ
1402 2831 1616 2900 ἐρήμῳ.

61 2935 208 3006 Μέχρι
241 2935 366 2994 τοῖς
414 2926 508 2982 οὖν
542 2927 706 2982 Δαόὶδ
755 2926 935 2993 μόνοις
976 2925 1252 2994 ἀναγκαία
1283 2919 1392 2995 ἆρα
1438 2926 1472 2995 ἡ
1520 2925 1622 2994 τῆς
1667 2938 1670 2942 '

60 3027 185 3089 θείας
232 3022 428 3094 φωνῆς
471 3020 729 3090 ὑπακοή;
784 3017 848 3069 Ὢ
889 3017 989 3087 τῆς
1035 3015 1325 3086 παροινίας
1356 3014 1462 3069 τῶν
1496 3015 1621 3086 εἰκῆ

62 3116 213 3185 ποτῶν
231 3119 243 3168 l
266 3115 429 3168 αὐτοὶ
451 3113 546 3184 μὲν
562 3109 798 3183 Χριστοῦ
816 3109 1154 3180 ὑπάρχοντες
1167 3109 1626 3180 δημιουργήματα

63 3210 178 3279 μετὰ
218 3209 316 3261 τὸν
371 3204 644 3259 ἐνεστῶτα
690 3201 861 3254 αἰῶνα
911 3200 1177 3272 ἄφθαρτοι
1221 3202 1315 3254 καὶ
1363 3201 1622 3256 ἀθάνατοι

60 3303 394 3374 ἀνιστάμενοι
423 3297 511 3351 διὰ
537 3293 739 3359 παντὸς
769 3294 1043 3366 μένωμεν,
1074 3294 1235 3357 αὐτὸς
1264 3294 1319 3347 δὲ
1340 3291 1449 3365 ἆρα
1478 3297 1505 3347 ὁ
1530 3294 1624 3347 τοῦ

60 3397 240 3458 παντὸς
272 3393 618 3465 ἀρχιτέκτων
652 3391 745 3444 καὶ
776 3388 1060 3460 πρύτανις,
1096 3389 1174 3450 είς
1217 3387 1438 3458 Πατέρα
1469 3385 1627 3439 παλι-

60 3489 312 3556 νοστήσας
356 3483 456 3537 οὐκ
489 3482 676 3548 ἔσταις
713 3479 838 3544 Πῶς
867 3479 921 3532 δὲ
951 3481 1046 3532 καὶ
1086 3478 1392 3548 βασιλεύειν
1443 3477 1629 3542 ἀϊδίως

67 3577 146 3628 καὶ
169 3575 464 3637 ἁθανάτως
494 3573 591 3626 σὺν
624 3571 773 3641 αὑτῷ
802 3569 1012 3642 βροτοῖς
1041 3569 1457 3638 ἐπαγγέλλεται,
1490 3569 1630 3623 αὐτὰ

71 3671 268 3722 ἐκείνου
303 3665 744 3738 ἀφαιρουμένου,
794 3665 889 3716 καὶ
933 3662 1166 3733 πέρασιν
1215 3665 1314 3733 τὴν
1353 3661 1630 3731 βασιλείαν

64 3759 394 3830 ἀποθεμένου
427 3797 441 3821 ,
473 3755 616 3810 κατὰ
647 3755 774 3818 τοὺς
801 3754 1237 3825 ματαιόφροναςς
1277 3753 1416 3807 Ἀλλ’
1451 3753 1630 3823 ἄπαγε

63 3855 148 3923 τῆς
175 3852 447 3914 ἀτοπίας.
485 3848 642 3916 ἀξιῶ.
687 3843 923 3914 Ἐλέγξει
951 3848 1060 3919 γάρ
1103 3847 1298 3912 αὐτοὺς
1335 3848 1393 3901 ὲν
1440 3848 1539 3918 μὲν
1564 3849 1631 3918 τῇ

66 3946 269 4016 Παλαιᾷ
301 3940 466 3996 Δαϐὶδ
494 3942 623 4012 περὶ
647 3941 746 4012 τῆς
771 3939 1008 4011 Χριστοῦ
1042 3939 1296 4010 μελῳδῶν
1335 3938 1632 4010 βασιλείας,

76 4032 772 4108 Ἐξομολογησάσθωσάν
799 4045 917 4094 σοι,
955 4032 1149 4099 Κύριε,
1176 4030 1373 4085 πάντα
1399 4031 1470 4084 τὰ
1493 4031 1637 4100 ἔργα

85 4145 194 4182 σου
217 4145 232 4157 ο
278 4126 442 4198 ἔργον
469 4125 526 4178 δὲ
555 4122 793 4195 Χριστοῦ
825 4123 894 4176 τὰ
924 4121 1236 4194 σύμπαντα,
1271 4120 1452 4184 καθώς
1472 4138 1636 4192 φησιν

67 4219 91 4270 ὀ
121 4218 324 4288 ὑψηλὸς
371 4217 640 4286 Ἰωάννης,
678 4215 760 4268 ὅτι
802 4214 904 4267 Ἐν
935 4212 1093 4282 ἀρχῇ
1122 4210 1201 4284 ἦν
1224 4215 1258 4268 ό
1291 4216 1500 4282 Λόγος,
1538 4202 1635 4266 καί

69 4309 96 4358 o'
121 4310 314 4376 Λόγος
351 4302 430 4376 ἦν
457 4305 606 4372 πρὸς
636 4304 745 4357 τὸν
773 4304 940 4363 Θεὸν,
974 4302 1070 4355 καί
1103 4301 1245 4368 Θεὸς
1266 4297 1344 4371 ἦν
1368 4304 1400 4355 ό
1425 4300 1636 4370 Λόγος,

71 4401 155 4452 καὶ
185 4403 217 4452 ό
238 4399 432 4466 Λόγος
451 4396 608 4466 σὰρξ
631 4395 889 4465 ἐγένετο,
914 4394 1012 4448 καί
1041 4392 1397 4460 ἐσκήνωσεν
1408 4394 1479 4447 ἐν
1493 4393 1640 4464 ἡμῖν

72 4490 317 4558 Χριστός
340 4506 355 4521 θ
405 4488 502 4541 καὶ
529 4488 611 4541 ὅτι
650 4487 856 4541 Πάντα
896 4485 972 4539 δι’
1006 4486 1192 4540 αὑτοῦ
1230 4485 1486 4557 ἐγένετο.
1530 4487 1640 4541 Καὶ

73 4582 226 4635 πάλιν
259 4580 462 4641 Δαϐὶδ,
526 4579 589 4635 Ἠ
625 4578 917 4642 ,βασιλεία
960 4592 1100 4638 σου,
1152 4577 1307 4649 φησὶ,
1351 4578 1644 4642 ,βασιλεία

71 4675 309 4728 πάντων
351 4670 471 4727 τῶν
511 4671 759 4734 αίώνων,
819 4671 917 4726 καί
966 4671 1004 4738 ἠ
1047 4669 1367 4724 δεσποτεία
1413 4685 1530 4726 σου
1578 4670 1650 4724 ἐν

72 4767 234 4834 πάσῃ
265 4763 440 4835 γενεᾷ
467 4763 563 4816 καὶ
589 4762 782 4833 γενεᾷ.
802 4763 874 4814 Συ
883 4760 1115 4833 μφώνως
1134 4763 1190 4816 δὲ
1208 4763 1448 4834 Γαϐριὴλ
1473 4762 1649 4831 τούτῳ

77 4860 104 4911 6
137 4859 232 4927 πῆς
279 4857 592 4926 ἀπεράντου
631 4853 908 4924 βασιλείας
951 4852 1187 4922 Χριστοῦ
1220 4853 1465 4918 διάκονος
1494 4853 1646 4926 amp.

77 4947 238 5018 ρήδην
263 4947 360 5017 βοᾷ
381 4985 395 5008 ,
430 4945 541 4999 Καὶ
566 4945 929 5008 βασιλεύσει
955 4945 1053 4996 ἐπὶ
1081 4945 1187 4997 τὸν
1231 4941 1401 4998 οἷκον
1441 4945 1651 4998 Ἰακὼϐ

73 5045 157 5106 είς
191 5041 330 5105 τοὺς
371 5039 612 5105 αἰῶνας,
657 5040 753 5092 καὶ
801 5039 912 5108 τῆς
935 5040 1260 5105 βασιλείας
1303 5039 1488 5093 αὑτοῦ
1533 5039 1646 5091 οὐκ

74 5131 239 5185 ἔσται
271 5131 468 5195 τέλος.
497 5131 572 5183 Οὐ
597 5129 801 5200 χρόνων
821 5130 1000 5183 τοίνυν
1028 5129 1449 5202 περιοριστικῶν
1471 5130 1644 5202 ὑπάρ-

75 5239 157 5290 χει
189 5223 246 5275 τὸ
267 5221 539 5286 είωθότως
567 5222 837 5293 πολλαχοῦ
861 5223 962 5293 τῆς
993 5223 1146 5286 θείας
1172 5223 1485 5296 πεφρᾶσθαι
1507 5225 1652 5296 Γρα-

76 5317 202 5386 φῆς.
233 5317 293 5371 τὺ
331 5315 487 5388 Ιγὰρῖ
517 5317 690 5385 ἄχρις
714 5311 807 5376 οὗ,
845 5315 877 5387 ἢ
908 5314 1183 5384 τήμερον.
1219 5316 1377 5388 Παρὰ
1400 5317 1508 5389 γάρ
1536 5315 1655 5386 Θεῷ

74 5407 374 5479 ἀνέσπερος
403 5407 500 5460 καὶ
535 5406 632 5477 μία
659 5405 842 5476 ἡμέρα
875 5407 984 5468 πᾶς
1021 5407 1048 5457 6
1081 5404 1235 5458 αίών.
1277 5405 1510 5477 Ὁμοίως
1556 5405 1654 5458 καὶ

77 5499 278 5562 πάσαις
324 5501 448 5559 ταῖς
491 5501 706 5570 νοεραῖς
744 5498 837 5549 καὶ
869 5497 1117 5564 λογικαῖς
1161 5496 1477 5568 δυνάμεσιν,
1526 5498 1653 5551 ἐπεὶ

74 5589 349 5662 ἁδιάόοχον
380 5592 538 5645 νυκτὶ
568 5590 629 5642 τὸ
658 5591 1028 5661 ὑπερκόσμιον
1052 5589 1186 5659 φῶς.

154 5765 198 5795 ⁸⁵
237 5767 391 5824 Dent.
436 5781 625 5830 xsxtv,
657 5767 710 5820 5.
787 5768 833 5799 ⁸⁵
871 5769 907 5821 ΙΙ
944 5768 1072 5823 Cor.
1107 5784 1188 5828 ιιι,
1221 5770 1307 5822 t5.

1415 330 1765 396 DIALOGUS
1812 331 1895 393 Ill.

1422 5770 1468 5800 ⁸⁸
1511 5770 1548 5822 ll
1591 5770 1718 5824 Cor.
1751 5789 1803 5832 χ.
1847 5773 1930 5825 Η.
2009 5772 2052 5803 ⁸⁷
2096 5771 2362 5839 llebr.m,
2397 5775 2480 5829 15.

78 5846 260 5894 ςςιιν.
314 5839 403 5895 10.
477 5839 525 5870 ⁹⁰
566 5836 723 5896 Joan.
763 5855 802 5906 ι,
854 5839 905 5894 1.
982 5840 1025 5872 ⁹¹
1067 5840 1201 5896 ibid.
1243 5841 1331 5896 14.
1409 5841 1453 5873 ’⁸
1481 5841 1611 5898 ibid.
1649 5843 1702 5898 5.

3143 321 3280 388 ιοδο

1704 466 1828 504 cum
1881 447 1998 502 Elia
2049 448 2314 520 [replicta
2369 447 2423 501 in
2474 445 2759 501 cacumine
2807 444 3013 498 montis
3044 453 3283 498 astiterit

1707 542 1926 597 Christo
1961 542 2371 605 transformato,
2405 540 2476 594 ita
2508 548 2567 593 ut
2600 539 2703 608 ipsi
2736 546 2928 608 putent
2953 552 3078 591 eum
3105 537 3283 591 adhuc

1709 635 1889 688 vivere
1917 642 1972 688 et
2009 633 2062 686 in
2093 649 2280 697 carne,
2305 633 2760 702 quemadmodum
2791 642 2844 686 et
2874 631 3069 696 Eliam,
3101 641 3283 684 trans-

1707 727 1876 780 latum
1911 743 1926 781 :
1966 725 2160 779 horum
2188 723 2523 778 inﬂationem
2557 723 2882 778 contrahens
2906 731 3286 791 tumoremque

1705 832 1861 872 vana:
1890 817 1957 872 de
1987 817 2092 870 hoc
2125 817 2240 871 viro
2284 816 2579 886 opinionis,
2617 815 2898 871 mortalem
2931 816 3169 870 ostendit
3203 816 3286 884 ip-

1709 924 1831 963 sum
1860 921 1914 963 et
1939 907 2184 978 ejusdem
2216 909 2502 964 nobiscum
2549 917 2776 972 naturae,
2808 907 2964 976 quasi
2993 908 3163 977 digito
3189 909 3285 961 de-

1710 1005 2025 1052 monstrans
2055 1011 2202 1058 eum,
2251 1004 2304 1050 et
2350 996 2580 1051 dicens:
2617 995 2862 1049 Mortuus
2895 1004 2972 1048 est
3019 995 3191 1049 Moses
3216 995 3285 1063 “,

1709 1088 1804 1158 qui
1841 1088 2091 1142 mortalis
2112 1100 2250 1151 erat,
2286 1088 2418 1157 quid
2453 1087 2787 1158 gloriamini,
2831 1100 2864 1140 0
2904 1085 3114 1141 Judazi?
3147 1086 3289 1140 Bur-

1711 1193 1918 1248 susque
1945 1179 2086 1233 idem
2116 1179 2291 1248 inquit
2310 1180 2642 1248 redarguens
2660 1179 2816 1246 ipsos
2845 1195 2858 1232 :
2891 1176 2955 1230 In
2977 1177 3291 1232 hodiernum

1711 1287 1873 1342 usque
1923 1267 2083 1336 diem,
2110 1275 2319 1339 quando
2362 1270 2552 1340 legitur
2602 1269 2794 1336 Moses,
2836 1271 3005 1324 uelum
3056 1271 3293 1337 ipsorum

1711 1363 1858 1417 cordi
1890 1363 2194 1432 impositum
2235 1372 2312 1418 est
2349 1362 2416 1416 ⁸⁸.
2461 1361 2600 1416 Num
2654 1362 2818 1430 igitur
2847 1378 3019 1432 usque
3055 1362 3120 1416 ad
3155 1373 3294 1417 tem-

1713 1470 1844 1522 pora
1877 1452 2029 1508 Pauli
2069 1463 2301 1520 tantum,
2331 1470 2398 1508 an
2440 1454 2506 1508 ad
2553 1454 2726 1522 ipsam
2758 1452 3294 1508 consummationem

1717 1561 1888 1616 usque
1920 1544 2090 1602 ,ιιιόωὶ
2121 1545 2453 1602 caecutiunt?
2482 1545 2692 1600 Rursus
2717 1544 2854 1598 idem
2882 1546 2948 1599 ad
2976 1545 3294 1602 Corinthios

1714 1637 1980 1703 scribens,
2013 1638 2184 1706 inquit
2231 1654 2245 1690 :
2297 1635 2476 1690 Etiam
2529 1653 2690 1704 usque
2741 1637 2810 1689 ad
2843 1653 2929 1690 vos
2962 1641 3295 1706 pervenimus

1718 1745 1836 1782 cum
1873 1727 2155 1798 Evangelia
2180 1727 2381 1783 Christi
2425 1727 2490 1780 ⁸⁸.
2538 1726 2676 1780 Νυηι
2732 1729 2895 1796 igitur
2937 1736 3146 1783 tantum
3183 1729 3295 1784 Co-

1717 1822 1960 1876 rinthum
1994 1837 2190 1892 usque,
2235 1838 2302 1876 an
2349 1821 2416 1876 ab
2446 1822 2804 1878 orientalibus
2831 1823 2895 1877 ad
2927 1824 3295 1879 occidentales

1717 1930 1891 1985 usque
1927 1916 2192 1985 pervenit,
2222 1915 2502 1985 velocique
2545 1931 2704 1970 (-ursu
2749 1916 3076 1972 circumiens
3123 1915 3296 1988 Illyri-

1715 2022 1861 2072 cum,
1893 2007 2124 2062 Romam
2166 2023 2342 2076 usque
2371 2008 2585 2062 delatus
2621 2008 2969 2077 praedicavit?
3002 2007 3068 2063 Et
3096 2011 3291 2063 iterum

1716 2098 1857 2152 idem
1907 2099 2086 2170 inquit
2135 2118 2150 2154 :
2205 2098 2560 2154 Exhortantes
2619 2117 2707 2153 vos
2774 2102 2993 2155 invicem
3036 2103 3294 2172 quotidie,

1715 2189 1892 2260 quoad
1923 2190 2209 2244 hodiernus
2240 2189 2353 2244 dies
2380 2200 2598 2244 vocatur
2627 2191 2692 2243 ⁸⁷.
2721 2190 2776 2244 ld
2801 2191 2946 2259 quod
2971 2202 3131 2246 antea
3159 2207 3297 2260 quo-

1716 2294 1825 2348 que
1869 2288 2019 2335 vates
2066 2281 2284 2334 divinus
2318 2280 2548 2336 Davides
2605 2283 2904 2352 protulerat
2953 2301 2968 2337 :
3026 2283 3199 2340 Hodie
3251 2273 3340 2338 si.

1717 2385 1891 2424 uocem
1917 2371 2030 2440 ejus
2057 2373 2387 2438 audiveritis,
2425 2390 2619 2444 nempe
2639 2375 2752 2442 Dei,
2773 2393 2834 2429 ne
2860 2378 3118 2433 induretis
3140 2381 3300 2434 corda

1719 2474 1892 2518 vestra
1923 2465 2062 2518 sicut
2098 2466 2152 2519 in
2200 2467 2618 2532 exacerbntione,
2665 2469 2721 2521 in
2760 2470 2846 2522 die
2886 2472 3192 2526 tentationis
3244 2473 3302 2525 in

1717 2555 1922 2610 deserto
1967 2557 2033 2612 ⁸⁸.
2089 2555 2230 2628 Num
2269 2559 2434 2628 igitur
2480 2559 2587 2613 illis
2639 2570 2884 2626 tantum,
2935 2563 3030 2630 qui
3080 2562 3303 2618 fuerunt

1722 2644 1789 2697 ad
1832 2655 2075 2714 tempora
2134 2644 2376 2712 Davidis,
2421 2651 2730 2702 necessaria
2776 2651 2878 2704 fuit
2923 2652 3120 2706 divinae
3153 2654 3302 2708 vocis

1721 2735 2073 2790 obedientia?
2106 2735 2150 2790 Ο
2193 2738 2464 2792 dementia
2513 2753 2780 2793 vanorum
2816 2742 3154 2810 sapientum!
3190 2742 3306 2798 Nos

1721 2828 1938 2899 quidem
1993 2831 2086 2898 qui
2145 2829 2317 2899 ipsius
2371 2829 2574 2883 Christi
2632 2846 2825 2886 sumus
2876 2833 3113 2903 opiﬁcia,
3180 2845 3306 2905 post

1723 2934 1962 2988 prmscns
1989 2918 2250 2973 saeculum
2284 2920 2728 2990 incorruptibiles
2772 2933 2826 2978 et
2863 2925 3195 2982 immortales
3219 2945 3305 2981 re-

1725 3020 2031 3080 surgentes,
2090 3026 2305 3082 semper
2355 3027 2674 3080 manemus;
2742 3016 2856 3085 ipse
2895 3027 3075 3072 autem
3137 3021 3306 3074 totius

1733 3103 2108 3158 universitatis
2137 3104 2470 3160 architectus
2504 3114 2557 3160 et
2600 3106 2951 3175 gubernator,
2997 3109 3050 3163 in
3088 3109 3306 3166 Patrem

1724 3208 2003 3259 reversus,
2040 3209 2149 3248 non
2183 3195 2419 3264 amplius
2443 3196 2588 3251 erit?
2620 3195 2903 3262 Quomodo
2930 3215 3058 3256 vero
3078 3217 3305 3272 regnum

1726 3282 1828 3354 ipsi
1858 3295 2120 3339 aeternum
2156 3295 2208 3341 et
2247 3287 2554 3342 immortale
2587 3289 2729 3343 inter
2758 3293 3004 3347 homines
3033 3295 3311 3362 promitti-

1729 3384 1837 3442 tur,
1866 3377 1913 3431 si
1938 3378 2155 3446 quidem
2191 3379 2296 3433 hoe
2339 3380 2624 3448 spoliatur,
2679 3395 2744 3435 ac
2786 3392 2907 3451 post
2939 3393 3117 3440 certos
3142 3401 3310 3455 quos-

1727 3468 1852 3522 dam
1885 3471 2148 3538 temporis
2176 3471 2440 3525 terminos
2485 3471 2534 3526 id
2564 3471 2819 3542 deponet,
2850 3477 3312 3544 quemadmodum

1731 3561 1982 3616 homines
2012 3562 2086 3616 illi
2119 3577 2258 3617 vana
2305 3572 2486 3618 mente
2527 3566 2735 3635 prmdili
2781 3568 3002 3623 volunt?
3057 3569 3163 3625 Sed
3198 3587 3229 3626 a
3260 3582 3318 3627 te

1733 3653 1950 3723 procul,
1993 3653 2242 3719 obsecro,
2279 3653 2422 3709 absit
2460 3656 2587 3710 talis
2632 3656 2964 3715 absurditas.
3005 3657 3318 3732 Redarguet

1732 3747 1877 3800 enim
1907 3746 2054 3815 ipsos
2078 3747 2130 3800 in
2149 3741 2325 3802 Veteri
2362 3749 2582 3818 quidem
2613 3749 2955 3806 Testamento
2989 3750 3220 3810 Davides
3244 3755 3316 3811 de

1734 3838 1937 3893 Christi
1987 3855 2154 3909 regno
2193 3856 2441 3896 canens:
2485 3839 2852 3911 Conﬁteantur
2900 3847 3016 3912 tibi,
3069 3846 3316 3913 Domine,

1737 3933 1919 3985 omnia
1947 3947 2105 4000 opera
2128 3942 2221 3985 tua
2249 3931 2316 3986 ⁸⁹.
2343 3929 2490 4000 Opus
2517 3940 2694 3986 autem
2727 3933 2924 3989 Christi
2951 3945 3080 3990 sunt
3110 3937 3162 3990 in
3190 3939 3314 3991 uni-

1736 4039 1956 4078 versum
1993 4023 2200 4088 omnia,
2231 4024 2692 4092 quemadmodum
2729 4026 2904 4096 inquit
2939 4028 3191 4083 sublimis
3227 4030 3318 4085 ille

1737 4113 1976 4171 Jomnes
2002 4135 2016 4171 :
2047 4115 2112 4169 In
2135 4117 2396 4186 principio
2429 4125 2543 4169 erat
2588 4114 2834 4180 Verbum,
2866 4129 2914 4174 et
2950 4117 3174 4174 Verbum
3200 4132 3317 4176 erat

1739 4209 1880 4272 apud
1914 4208 2098 4273 Deum,
2135 4219 2183 4262 et
2235 4208 2377 4264 Deus
2410 4220 2524 4265 erat
2572 4209 2796 4264 Verbum
2825 4213 2871 4243 9°
2915 4232 2929 4268 :
2967 4214 3057 4285 qui
3094 4215 3317 4285 quidem

1741 4323 1865 4360 caro
1909 4307 2109 4376 factum
2163 4319 2260 4375 est,
2292 4320 2341 4363 et
2371 4310 2628 4365 habitavit
2659 4313 2713 4366 in
2759 4313 2910 4366 nobis
2959 4311 3206 4368 Christus
3245 4314 3314 4369 ".

1747 4400 1888 4456 Idem
1922 4421 1934 4456 :
1974 4400 2165 4455 Omnia
2213 4420 2305 4472 per
2347 4405 2520 4471 ipsum
2564 4405 2709 4473 facta
2762 4416 2884 4462 sunt
2928 4408 2996 4460 ".
3037 4407 3100 4461 Et
3129 4423 3322 4462 rursus

1747 4494 1976 4550 Davides
2003 4495 2182 4566 inquit
2216 4516 2230 4551 :
2261 4482 2494 4570 Regnum
2538 4510 2685 4554 tuum
2710 4518 2925 4572 regnum
2956 4503 3192 4555 omnium
3219 4517 3322 4555 sieo

1743 4589 2004 4653 culorum,
2045 4599 2093 4642 et
2126 4589 2419 4644 dominium
2451 4601 2598 4646 tuum
2631 4594 2791 4646 durat
2837 4595 2892 4648 in
2936 4610 3140 4647 onmem
3170 4609 3322 4663 gene-

1744 4682 2003 4734 rationem
2030 4691 2078 4735 et
2126 4685 2511 4752 generationem
2547 4685 2615 4739 ”.
2659 4685 2794 4740 Cum
2839 4687 2941 4740 hoc
2983 4695 3159 4740 autem
3189 4700 3321 4739 con-

1747 4770 1986 4824 sentiens
2037 4769 2319 4826 Gahrielus
2370 4773 2514 4828 illius
2571 4789 2850 4841 nunquam
2902 4774 3121 4828 finiendi
3168 4774 3322 4844 regni

1749 4861 1951 4916 Christi
1986 4863 2232 4918 minister
2278 4864 2482 4918 diserte
2529 4865 2728 4919 clamat
2762 4884 2775 4919 :
2808 4864 2874 4918 Et
2903 4867 3139 4934 regnabit
3168 4883 3325 4935 super

1751 4955 1964 5008 domum
1989 4953 2156 5009 Iacob
2184 4957 2240 5008 in
2258 4957 2474 5019 swcula,
2495 4967 2543 5010 et
2566 4959 2707 5028 regni
2729 4959 2843 5028 ejus
2873 4976 2974 5013 non
2995 4962 3095 5014 erit
3118 4963 3242 5029 ﬁnis
3257 4962 3324 5013 9‘.

1753 5045 1870 5101 Non
1916 5049 2080 5115 igitur
2139 5058 2439 5118 temporum
2499 5051 2982 5104 determinatorum
3024 5064 3130 5117 est,
3181 5051 3327 5121 quod

1751 5150 2014 5196 consueto
2073 5156 2227 5196 more
2281 5142 2469 5197 multis
2525 5143 2576 5196 in
2628 5143 2760 5198 locis
2815 5159 2984 5198 sacra:
3034 5145 3330 5215 Scriptura)

1751 5232 1954 5288 dictum
1984 5242 2085 5298 est,
2117 5251 2297 5300 usque,
2325 5235 2507 5299 donec,
2533 5241 2585 5291 et
2607 5235 2780 5290 hodie.
2806 5238 2960 5306 Apud
2986 5236 3155 5292 Deum
3183 5240 3330 5294 enim

1752 5340 1976 5394 vespere
2027 5341 2223 5380 carens
2273 5334 2328 5381 et
2377 5327 2574 5382 unicus
2605 5329 2720 5382 dies
2761 5338 2846 5384 est
2894 5338 3005 5384 tota
3035 5332 3330 5386 aeternitas.

1755 5413 2018 5469 Similiter
2055 5426 2107 5470 et
2151 5417 2407 5472 omnibus
2450 5417 2850 5474 intellectilibus
2881 5434 2945 5475 ac
2975 5420 3335 5476 rationalibus

1754 5505 1860 5559 illis
1886 5506 2273 5576 potestatibus,
2306 5508 2566 5575 quoniam
2605 5521 2633 5560 a
2682 5508 2828 5562 nulla
2875 5521 3135 5580 sequente
3178 5519 3336 5564 nocte

1763 5597 2181 5652 ultronlundana
2215 5598 2304 5651 lux
2333 5599 2620 5669 excipitur.

2558 5775 2603 5806 ⁸⁸
2645 5774 2784 5829 l‘snl.
2819 5791 2960 5844 serv,
2985 5777 3038 5832 8.
3109 5777 3154 5810 δ’
3191 5775 3339 5830 l‘sal.

1781 5842 1825 5876 "
1864 5841 2006 5900 Psal.
2046 5859 2227 5906 culv,
2267 5845 2357 5905 l5.
2434 5846 2480 5879 "‘
2518 5845 2647 5901 Luc.
2691 5863 2730 5904 ι.
2769 5847 2857 5904 55.
