3874 6560
545 330 685 388 ’1031

957 441 1476 500 INTERROGATIO
1506 443 1728 501 CXXX.

639 553 803 623 Atqui
831 553 879 608 si
902 557 1054 615 Patri
1069 557 1298 627 aqualis
1329 566 1434 623 est,
1460 558 1740 628 quomodo
1762 557 1946 628 inquit
1983 557 2124 628 ipse,

555 643 710 700 Nihil
738 655 904 715 potest
931 646 1112 704 Filius
1158 649 1337 716 Iacere
1385 667 1419 703 α
1466 659 1626 705 semet
1670 650 1808 720 ipso,
1852 649 1960 704 nisi
1997 648 2138 717 quod

552 736 742 792 viderit
772 737 1054 804 facientem
1078 737 1295 796 Patrem
1313 741 1359 771 ”'
1383 739 1406 793 ἲ

1192 846 1510 917 Responsio.

622 958 883 1029 Ejusdem
918 958 1211 1015 dementia:
1251 968 1356 1024 est,
1404 960 1473 1014 ad
1531 959 1679 1016 hunc
1728 959 1953 1016 modum
2009 977 2140 1034 erga

553 1050 649 1106 Dei
701 1050 900 1105 Filium
967 1051 1313 1122 unigenitum
1373 1051 1630 1106 affectum
1692 1067 1836 1110 esse.
1869 1051 2144 1124 Sequetur

553 1141 702 1196 enim
770 1141 997 1195 omnino
1047 1141 1324 1210 duplicem
1384 1141 1732 1196 statuendam
1792 1157 1919 1197 esse
1983 1157 2142 1197 crea-

556 1231 791 1296 tionem;
824 1229 985 1283 aliaat
1013 1229 1234 1300 quidem
1263 1227 1444 1284 Patris
1481 1230 1596 1301 jam
1627 1230 1950 1301 perfectam,
1979 1231 2142 1287 aliam

554 1334 686 1376 vero
714 1318 838 1374 Filii
878 1335 1004 1391 quae
1036 1321 1224 1375 adhuc
1256 1320 1595 1391 perﬁciatur,
1626 1331 1680 1376 et
1706 1321 1974 1391 paulatim
2017 1337 2146 1393 pro-

553 1412 857 1486 grediatur,
892 1427 958 1466 ac
1010 1412 1079 1466 ad
1127 1412 1491 1467 imitationem
1563 1413 1864 1468 creationis
1905 1423 2146 1485 paterna:

556 1505 781 1562 condat.
813 1502 1119 1561 Ostendam
1145 1504 1313 1576 igitur
1338 1504 1498 1560 nobis
1535 1505 1757 1559 Arianae
1794 1505 2024 1560 insania:
2051 1521 2142 1562 se-

558 1604 798 1651 ctatores
823 1597 962 1651 duos
993 1597 1140 1652 soles
1168 1607 1223 1651 et
1251 1595 1391 1651 duas
1416 1597 1565 1652 faces
1593 1597 1836 1663 lunares,
1864 1607 1920 1652 et
1948 1598 2151 1654 discer-

556 1701 690 1742 nant
721 1688 882 1744 nobis
907 1689 1135 1759 quinam
1171 1688 1254 1743 sol
1282 1685 1465 1742 Patris
1488 1691 1584 1752 sit,
1615 1697 1713 1742 aut
1743 1689 1838 1760 qui
1869 1688 1943 1745 sit
1979 1689 2102 1745 Filii
2129 1706 2145 1756 ;

554 1797 678 1852 qua;
717 1783 789 1836 sit
818 1783 950 1836 luna
974 1782 1178 1846 Patris,
1221 1797 1344 1851 quae
1383 1778 1533 1837 Filii.
1572 1779 1840 1836 Similiter
1879 1792 2060 1837 autem
2093 1794 2148 1840 et

554 1876 622 1929 de
655 1883 799 1942 terra
829 1883 885 1928 et
911 1873 1048 1927 mari
1095 1873 1292 1927 merito
1341 1873 1635 1943 qumsiero.
1678 1870 1968 1939 Quomodo
2014 1873 2142 1928 item

553 1979 684 2021 vera
713 1965 860 2020 dicet
884 1964 1030 2020 ﬁlius
1065 1964 1156 2020 ille
1207 1964 1441 2019 tonitrui
1481 1962 1746 2032 Joannes,
1802 1965 1896 2035 qui
1945 1964 2145 2020 doctri-

570 2071 698 2111 nam
727 2057 796 2112 de
824 2053 1004 2111 Verbo
1037 2055 1325 2110 incarnato
1354 2069 1420 2109 ex
1447 2055 1622 2125 ipsius
1649 2055 1773 2111 sinu
1803 2071 1899 2126 per
1931 2055 2146 2113 deriva-

557 2144 762 2199 tionem
793 2143 997 2208 hausit,
1033 2153 1090 2197 et
1124 2143 1282 2212 quasi
1319 2143 1544 2198 divinus
1572 2143 1716 2198 calix
1765 2144 2037 2214 impletus
2074 2159 2144 2200 ex

555 2235 782 2306 perenni
839 2235 1009 2298 fonte,
1074 2235 1296 2288 verbum
1350 2233 1508 2298 illud,
1567 2233 1763 2289 Omnia
1817 2251 1912 2305 per
1972 2237 2143 2306 ipsum

559 2333 704 2402 facta
727 2330 963 2393 sunt",
1019 2333 1076 2383 in
1130 2344 1352 2384 omnem
1416 2329 1518 2383 soli
1573 2329 1878 2400 subiectam
1942 2342 2143 2389 terram

558 2425 720 2495 pluit,
770 2422 931 2493 quasi
993 2421 1178 2477 dicere
1237 2420 1400 2476 vellet
1451 2421 1520 2476 ad
1592 2422 1810 2476 nullum
1864 2422 2145 2493 exemplar

557 2524 654 2569 aut
684 2515 1048 2570 simulacrum
1067 2513 1458 2584 respicientem
1480 2512 1681 2568 Filium
1711 2517 1898 2569 omnia
1927 2509 2148 2570 facere?

558 2610 630 2661 At
652 2621 837 2677 quem,
861 2608 1113 2673 obsecro,
1146 2603 1393 2660 Filium?
1421 2602 1527 2671 Qui
1559 2614 1761 2661 nostra:
1786 2615 1997 2660 natura:
2024 2605 2146 2660 uni-

556 2708 650 2754 tus
680 2709 765 2755 est
794 2701 849 2754 in
881 2708 1038 2754 utero
1063 2707 1340 2770 perpetua:
1365 2698 1602 2768 virginis
1634 2697 1838 2762 Mariae,
1891 2699 2142 2770 adquue

565 2791 884 2863 unigenitus
915 2793 1008 2847 ille
1052 2790 1144 2846 Dei
1176 2789 1350 2844 Filius
1379 2792 1583 2846 missus
1630 2805 1658 2844 a
1706 2789 1888 2857 Patre,
1916 2793 2011 2862 qui
2044 2783 2149 2846 ηιμ

555 2894 807 2941 sceretur
835 2900 867 2940 e
904 2884 1155 2948 muliere,
1192 2883 1661 2955 quemadmodum
1688 2882 1906 2939 divinus
1931 2885 2018 2938 ille
2040 2883 2144 2938 do-

555 2988 649 3035 cet
678 2977 997 3049 Apostolus.
1031 2975 1134 3032 Ubi
1168 2977 1358 3048 igitur,
1387 2985 1483 3030 aut
1513 2975 1738 3046 quando
1780 2987 2146 3048 conspexerat

558 3073 782 3128 Patrem
820 3074 1195 3137 incarnatum,
1221 3078 1276 3125 et
1333 3080 1547 3135 natum,
1592 3079 1647 3124 et
1694 3069 2045 3134 cruciﬁxum,
2094 3079 2148 3125 et

553 3166 858 3236 sepultum,
892 3171 946 3219 et
971 3179 1038 3218 ex
1072 3172 1250 3218 morte
1274 3164 1688 3225 resuscitatum,
1724 3171 1783 3215 ut
1812 3162 1929 3216 haec
1970 3161 2145 3232 ipsius

551 3258 811 3329 exemplo
845 3255 1079 3327 ageret?
1102 3253 1206 3310 Ubi
1240 3271 1371 3310 vero
1395 3255 1621 3311 Patrem
1669 3255 1922 3320 audiens,
1961 3255 2149 3309 consi-

561 3351 772 3406 militer
806 3349 1023 3419 inquit:
1049 3345 1378 3402 Poleslalem
1411 3345 1576 3398 habeo
1627 3347 1851 3416 ponendi
1915 3348 2150 3400 animant

559 3457 756 3506 meam,
777 3449 825 3494 et
858 3455 1044 3493 rursus
1073 3438 1317 3492 sumendi
1356 3452 1474 3490 eam
1491 3435 1535 3467 "
1569 3435 1771 3503 ‘lltem,
1799 3434 1939 3501 Quia
1970 3436 2149 3492 nullus

556 3534 750 3588 adimit
769 3548 885 3586 eam
914 3531 1063 3594 mihi,
1092 3529 1180 3584 sed
1209 3546 1301 3602 ego
1338 3545 1475 3598 pono
1529 3545 1648 3582 eam
1694 3543 1758 3582 ex
1801 3545 1878 3584 me
1922 3531 2034 3600 ipso
2060 3529 2153 3583 ’⁸2

563 3625 668 3683 Ubi
700 3641 826 3681 vero
861 3625 1074 3679 Patrem
1110 3624 1399 3695 conspexit
1422 3622 1678 3692 jumento
1723 3630 1974 3689 vectum,
1997 3633 2052 3676 et
2083 3623 2151 3678 ad

562 3721 711 3776 illius
767 3719 1127 3775 imitationem
1187 3717 1629 3787 Hierosolymam
1697 3715 1854 3771 asino
1908 3715 2151 3772 insidens

563 3810 856 3867 venit?Ut
915 3811 1231 3867 summatim
1275 3809 1482 3870 dicam,
1536 3807 1604 3863 ad
1652 3807 1794 3862 nihil
1844 3807 2151 3878 respiciens

563 3905 759 3972 Filius,
787 3920 850 3959 ea
881 3917 1004 3974 qua:
1032 3901 1175 3957 dicta
1231 3910 1359 3956 sunt
1405 3900 1588 3956 facere
1629 3901 1827 3956 solitus
1878 3899 2000 3956 fuit.
2053 3897 2154 3957 Ne-

561 4011 674 4068 que
699 3997 844 4051 enim
871 3995 1140 4048 Adamum
1173 3991 1443 4055 formans,
1503 3999 1558 4044 et
1615 4005 1685 4045 ex
1720 3990 1811 4045 illo
1846 3991 2011 4045 Evam
2063 3990 2150 4045 fa-

564 4093 736 4157 ciens,
779 4090 946 4145 alium
997 4087 1309 4159 quempiam
1351 4086 1585 4141 rationis
1619 4087 1968 4158 participem,
2029 4103 2151 4143 ma-

481 4189 490 4200 ‘
567 4185 781 4240 sculnm
817 4191 911 4237 aut
961 4180 1255 4246 feminam,
1296 4196 1326 4235 a
1361 4178 1521 4235 Patre
1574 4181 1736 4236 condi
1789 4181 2031 4246 viderat,
2083 4182 2150 4237 ad

565 4291 730 4346 quem
760 4289 922 4329 suum
959 4269 1292 4337 fabricaret;
1337 4271 1430 4324 sed
1467 4285 1594 4325 cum
1640 4279 1786 4326 esset
1825 4271 2010 4342 opifex
2055 4287 2153 4342 per

565 4385 646 4431 se,
698 4369 943 4436 adeoque
988 4365 1302 4419 liberrimus
1352 4365 1725 4420 universitatis
1777 4367 1942 4438 hujus
1981 4365 2150 4431 Deus,

565 4467 694 4514 ante
723 4456 1158 4512 incarnationem
1191 4467 1247 4510 et
1275 4466 1399 4525 post
1426 4457 1575 4512 illam
1613 4457 1779 4524 idem,
1813 4459 1906 4528 qui
1940 4467 1994 4513 et
2017 4461 2154 4516 velle

567 4553 748 4609 facere
761 4553 944 4606 omnia
976 4558 1208 4621 poterat,
1241 4566 1306 4604 ue
1331 4549 1512 4620 ipsum
1540 4551 1630 4604 Dei
1656 4552 2027 4608 adversarium
2053 4553 2145 4610 Pa-

560 4646 736 4700 trisve
773 4657 1152 4714 oppressorem
1193 4642 1620 4708 arbitrarentur,
1670 4642 1762 4712 qui
1803 4659 1932 4715 erga
1965 4645 2144 4716 ipsum

561 4735 882 4798 excutiunt,
928 4733 1110 4803 inquit
1166 4751 1185 4788 :
1239 4732 1392 4786 Nihil
1437 4741 1609 4803 potest
1661 4733 1833 4804 facere
1888 4734 2063 4791 Filius
2116 4755 2150 4793 α

559 4846 621 4885 se
673 4830 808 4900 ipso,
851 4828 955 4881 uisi
979 4828 1124 4898 quod
1153 4826 1290 4881 videt
1320 4825 1536 4881 Patrem
1565 4827 1924 4898 facientem”.
1974 4829 2150 4886 Simul

560 4928 618 4974 et
653 4919 720 4974 de
762 4931 951 4972 amore
984 4915 1297 4987 parentibus
1341 4915 1522 4970 debito
1572 4931 1671 4970 nos
1705 4917 2146 4976 commonefacit.

966 5005 1484 5064 INTERROGATIO
1511 5006 1746 5063 CXXXI.

633 5101 920 5170 Quomodo
949 5109 1129 5156 autem
1155 5098 1362 5154 iacebo
1397 5108 1449 5153 et
1485 5097 1704 5164 Joanni,
1743 5097 1985 5157 Zebedmi
2022 5102 2147 5159 ﬁliis

565 5215 882 5256 consesnm
911 5211 1033 5251 cum
1075 5195 1193 5265 ipso
1238 5194 1565 5264 petentibus,
1619 5192 1826 5263 inquit:
1879 5191 2069 5250 Sedere
2113 5213 2146 5250 a

565 5291 754 5342 dextra
772 5296 820 5340 et
852 5302 886 5340 a
913 5287 1152 5350 sinistra,
1203 5301 1308 5339 non
1333 5295 1406 5338 est
1443 5299 1614 5338 meum
1643 5285 1792 5352 dare,
1839 5288 1930 5341 sed
1955 5287 2141 5357 quibus

564 5387 812 5451 paratum
839 5387 915 5430 est
939 5394 971 5429 α
989 5374 1158 5431 Patre
1177 5376 1363 5430 meo“?
1390 5375 1571 5442 Quare
1599 5392 1705 5431 non
1736 5387 1996 5449 tanquam
2025 5394 2145 5450 pro-

566 5473 679 5543 pria
700 5470 957 5541 praeditus
974 5469 1315 5536 auctoritate,
1348 5468 1518 5523 dixit:
1548 5469 1756 5535 Quibus
1778 5472 1993 5541 paravi;
2027 5480 2146 5535 aut,

570 5563 778 5629 Quibus
797 5563 1042 5630 voluero;
1104 5562 1198 5616 sed
1244 5561 1308 5615 ad
1352 5557 1566 5616 Patrem
1615 5561 1764 5630 ipsos
1807 5564 2049 5634 relegat?
2090 5563 2145 5620 ld

564 5665 746 5710 autem
777 5671 884 5712 non
923 5664 1007 5710 est
1032 5653 1264 5723 alicujus
1299 5654 1467 5710 libere
1489 5656 1717 5726 agentis.

639 5827 689 5863 ⁸³
720 5827 878 5886 Joan.
919 5847 970 5896 ν,
1014 5830 1104 5886 l9.
1177 5830 1224 5864 ⁹⁶
1262 5827 1422 5886 Joan.
1462 5847 1507 5899 ι,
1542 5831 1595 5887 5.

1591 330 1652 388 S.
1691 329 1998 389 CESARH
2035 327 2368 388 GBEGORII
2408 327 2715 387 FRATRIS

3693 334 3821 390 103!

2839 441 3088 496 ΠΕΥΣῘΣ
3124 443 3248 496 PA’.

2314 557 2425 611 Καὶ
2446 559 2496 611 εἰ
2521 557 2616 611 τοῦ
2664 557 2882 630 Πατρδς
2907 551 3027 621 ἴσος
3048 594 3062 618 .
3094 558 3212 622 πῶς
3248 556 3414 620 αὐτὸς
3435 557 3614 626 λέγει,
3646 559 3823 613 Οὐδὲν

2239 649 2490 704 δύναται
2513 652 2546 703 ὀ
2582 649 2715 715 nec
2733 649 2930 702 ποιεῖν
2947 649 3048 718 ἀφ’
3071 649 3312 714 ἑαυτοῦ,
3337 649 3447 704 ἐὰν
3464 651 3614 720 μήτε
3630 651 3822 721 ,βλέπῃ

2240 739 2349 794 τὸν
2367 739 2602 809 Πατέρα
2630 741 2958 805 ποιοῦντας

2859 850 3232 920 Ἀπόκρισις.

2313 959 2504 1033 Πάσης
2515 960 2702 1026 ἀνοίας
2711 960 2774 1015 τὺ
2792 961 2966 1025 οὕτως
2990 979 3057 1016 πε
3063 963 3119 1033 ρὶ
3129 963 3221 1016 τὸν
3233 963 3366 1017 Θεοῦ
3384 966 3563 1019 Παῖδα
3577 967 3820 1038 μονογενῆ

2243 1052 2376 1106 Θεὸν
2399 1051 2967 1123 διακεῖσθαι.Ἔψεται
2985 1053 3094 1125 γὰρ
3115 1054 3283 1120 ὅντως
3303 1055 3485 1128 διττὴν
3499 1058 3716 1114 οἴεσθαι
3735 1062 3826 1113 πᾶ-

2246 1159 2346 1198 σαν
2364 1143 2464 1215 τὴν
2492 1143 2690 1210 κτίσιν,
2711 1144 2812 1215 τὴν
2832 1143 2931 1214 μὲν
2948 1142 3039 1197 τοῦ
3069 1143 3278 1211 Πατρὸς
3289 1143 3390 1216 ήδη
3400 1146 3821 1222 ἀπηρτισμένην,

2243 1233 2344 1306 τὴν
2359 1235 2417 1288 δὲ
2438 1235 2532 1289 τοῦ
2552 1234 2683 1290 Υῑοῦ
2708 1235 2788 1290 ἔτι
2817 1237 3129 1309 δρωμένην,
3146 1236 3242 1290 καὶ
3261 1235 3404 1290 κατὰ
3427 1236 3604 1308 μέρος
3624 1237 3826 1304 εἰσαγο-

2249 1325 2442 1396 μένην,
2474 1324 2617 1379 κατὰ
2660 1327 2895 1398 μίμησιν
2931 1326 3031 1398 τῆς
3077 1323 3341 1397 πατρῴας
3367 1328 3821 1398 τεκταινομένην.

2246 1415 2590 1481 Δειξάτωσαν
2626 1418 2806 1472 τοίνυν
2853 1419 2986 1490 ἡμῖν
3028 1419 3078 1470 οἱ
3114 1417 3214 1488 τῆς
3264 1417 3478 1488 ’Δρείου
3513 1419 3719 1488 μανίας
3747 1418 3829 1470 δύο

2248 1507 2435 1580 ⁴ἡλίους
2461 1508 2559 1563 καὶ
2605 1508 2698 1562 δύο
2733 1508 3004 1578 φαὶνακας
3029 1547 3046 1573 ,
3075 1509 3171 1561 καὶ
3215 1508 3667 1580 διακρινάτωσαν
3704 1511 3826 1580 ἡμῖν

2250 1604 2402 1665 ποῖος
2428 1603 2456 1655 6
2495 1600 2589 1654 τοῦ
2633 1599 2849 1672 Πατρὺς
2868 1640 2882 1666 ,
2909 1599 2996 1664 τίς
3023 1599 3070 1654 δ’
3097 1601 3127 1654 ὁ
3158 1598 3254 1654 τοῦ
3300 1598 3432 1654 Υἱοῦ
3455 1618 3470 1631 ·
3504 1601 3611 1654 καὶ
3641 1602 3766 1655 ποία
3795 1604 3823 1671 ἡ

2249 1691 2345 1746 τοῦ
2381 1692 2594 1763 Πατρὸς
2632 1693 2810 1764 μήνη,
2841 1693 2928 1756 τίς
2958 1691 3016 1744 δὲ
3050 1692 3084 1762 ἡ
3118 1689 3214 1744 τοῦ
3251 1692 3470 1754 Παιδός.
3517 1691 3755 1761 Ὁμοίως
3777 1692 3827 1744 δὲ

2256 1786 2350 1840 καὶ
2385 1786 2515 1856 περὶ
2546 1782 2648 1854 τῆς
2676 1775 2876 1855 χέρσου
2902 1785 2998 1837 καὶ
3038 1783 3140 1854 τῆς
3169 1782 3447 1855 θαλάσσης
3473 1784 3707 1846 εἰκότως
3734 1785 3824 1854 ζη-

2250 1879 2419 1950 τήσωο
2469 1875 2594 1940 Πῶς
2639 1876 2697 1929 δὲ
2747 1877 2840 1929 καὶ
2884 1874 3177 1948 ἀληθεύσει
3217 1877 3246 1928 6
3296 1876 3397 1947 τῆς
3442 1875 3682 1947 βροντῆς
3727 1877 3827 1938 uia;

2261 1966 2533 2037 Ἰωάννης.
2564 1968 2593 2020 6
2625 1966 2717 2020 τὸν
2758 1966 2918 2036 λόγον
2962 1967 3089 2038 περὶ
3126 1966 3221 2020 τοῦ
3252 1967 3428 2034 Λόγου
3458 1966 3824 2040 σαρκωθέντος

2249 2065 2314 2134 τῇ
2355 2063 2470 2115 ἐκεῖ
2504 2061 2570 2113 ἐκ
2612 2057 2722 2114 τῶν
2756 2059 2978 2113 κόλπων
3024 2057 3191 2113 αὑτοῦ
3249 2059 3590 2131 μετακλήσει
3631 2061 3820 2130 ἀρυσα-

2255 2169 2435 2228 μενος,
2469 2152 2564 2205 καὶ
2591 2150 2753 2204 οἱονεὶ
2778 2148 2921 2213 θεῖος
2959 2149 3171 2222 κρατὴρ
3202 2150 3312 2204 ἀπὸ
3355 2151 3573 2222 κρήνης
3617 2151 3820 2204 deinde;

2255 2241 2582 2314 πληρωθεὶς,
2612 2239 2704 2293 καὶ
2733 2239 2815 2305 τὸ,
2841 2237 3042 2293 Πάντα
3067 2237 3141 2292 δι’
3169 2239 3357 2294 αὐτοῦ
3378 2240 3646 2310 ἐγένετο,
3681 2240 3818 2311 ἐξομ-

2253 2328 2446 2400 6ρίσας
2493 2329 2560 2398 τῇ
2609 2327 2699 2396 ὑφ’
2747 2326 2922 2396 ἡλίῳ·
2969 2326 3043 2391 ὡς
3093 2327 3232 2399 πρὸς
3279 2328 3485 2400 μηδένα
3525 2330 3819 2400 ἀρχέτυπόν

2251 2437 2371 2475 τινα
2409 2420 2442 2490 ἢ
2495 2418 2848 2490 παράδειγμα
2879 2418 3090 2491 ὁρῶντα
3134 2419 3224 2473 τὸν
3263 2420 3393 2474 Υἱὸν
3447 2421 3634 2476 πάντα
3664 2424 3816 2496 δρᾷν;

2253 2510 2352 2574 Τίς
2401 2511 2458 2564 δὲ
2495 2508 2641 2582 ἄρα;
2694 2509 2752 2564 '0
2802 2511 2868 2582 τῇ
2906 2511 3152 2582 ἡμετέρα
3187 2510 3346 2580 φύσει
3398 2511 3627 2576 ἑνωθεὶς
3669 2515 3722 2565 ὲν
3762 2519 3817 2584 τῇ

2253 2601 2411 2672 νηδύϊ
2437 2601 2539 2671 τῆς
2567 2600 2895 2665 ’Δεὶπαιδος,
2923 2602 2956 2672 ἢ
2980 2603 3195 2666 πάντως
3216 2606 3246 2657 6
3277 2604 3574 2676 μονογενὴς
3598 2606 3688 2658 τοῦ
3703 2607 3816 2659 Θεοῦ

2255 2693 2392 2757 Παῖς
2414 2737 2428 2759 ,
2465 2691 2795 2757 ἀποσταλεὶς
2841 2693 2947 2746 ὑπὸ
2985 2693 3079 2747 τοῦ
3121 2693 3332 2766 Πατρδς
3367 2698 3698 2768 γεννηθῆναι
3729 2701 3815 2751 ὑπὸ

2255 2783 2508 2852 γυναικὸς
2530 2826 2544 2849 ,
2576 2782 2758 2842 καθὼς
2789 2785 2818 2837 6
2848 2782 2990 2847 θεῖος
3038 2785 3282 2837 παιδεύει
3336 2787 3680 2852 Ἀπύστολος.
3724 2790 3815 2843 [1ιῦ

2253 2871 2346 2928 οὖν
2384 2876 2416 2947 ἢ
2453 2875 2584 2928 πότε
2633 2873 2880 2947 ἀθρήσας
2925 2875 3014 2928 τὸν
3067 2877 3287 2948 Πατέρα
3341 2881 3694 2951 σαρκωθέντα
3739 2883 3814 2933 καὶ

2252 2967 2530 3038 τεχθέντα,
2572 2965 2666 3019 καὶ
2713 2965 3116 3036 σταυρωθέντα,
3153 2971 3247 3022 καὶ
3278 2972 3538 3039 ταφέντα,
3571 2975 3665 3026 καὶ
3701 2975 3813 3027 ἀναν

2256 3059 2456 3112 στάντα
2478 3058 2599 3112 κατ’
2630 3059 2813 3111 ἐκεῖνα
2837 3058 3200 3129 διεπράξατο;
3235 3062 3344 3115 Ποῦ
3388 3062 3446 3116 δὲ
3467 3065 3560 3118 τοῦ
3584 3066 3812 3136 Γεννῂτο-

2257 3168 2348 3224 ρος
2397 3151 2604 3204 ὲπαῖων
2658 3149 3055 3222 παραπλησίως
3104 3154 3306 3225 φησὶν,
3357 3140 3680 3219 Ἐξουὰίαν
3715 3158 3812 3226 ἔχω

2252 3238 2439 3294 θεῖναι
2461 3238 2578 3309 τὴν
2610 3240 2823 3310 ψυχήν
2845 3258 2989 3311 μου,
3031 3244 3129 3297 καὶ
3169 3245 3359 3299 πάλιν
3377 3247 3589 3301 λαϐεῖν
3609 3249 3811 3314 αὐτήγ;

2251 3339 2346 3389 καὶ
2378 3335 2460 3388 ὅτι
2500 3335 2715 3402 Οὐδεὶς,
2750 3337 2902 3405 αῖρει
2944 3339 3140 3407 αὐτὴν
3184 3340 3285 3394 ἀπ’
3327 3341 3496 3411 ἐμοῦ,
3539 3344 3687 3397 ἀλλ’
3716 3343 3810 3410 ἐγὼ

2249 3430 2447 3497 τίθημι
2493 3429 2690 3497 αὐτὴν
2741 3429 2842 3500 ἀφ’
2897 3431 3157 3497 ἐαυτοῦ;
3209 3433 3318 3487 Ποῦ
3365 3433 3421 3487 δὲ
3471 3436 3564 3488 τὸν
3612 3435 3807 3506 Πατέρα

2250 3519 2499 3593 ἀθρήσας
2548 3521 2829 3595 ὑποζυγίῳ
2868 3523 3258 3596 ὲποχούμενον,
3295 3528 3418 3580 κατ’
3471 3529 3694 3590 ἐκεῖνον,
3741 3531 3807 3588 εἰς

2261 3613 2621 3688 Ἰερουσαλὴμ
2670 3616 2777 3688 ὄνῳ
2806 3617 3170 3689 καθεζόμενος
3207 3615 3347 3691 ἧκες
3385 3622 3494 3674 Καὶ
3535 3621 3807 3691 συλλήϐδην

2252 3708 2447 3775 εἰπεῖν,
2483 3709 2618 3782 πρὸς
2648 3708 2801 3762 οὐδὲν
2834 3710 3058 3778 ἀφορῶν
3092 3713 3141 3772 6:
3163 3711 3290 3776 Υἱὸς
3335 3712 3403 3765 τὰ
3442 3711 3666 3784 ρηθέντα
3693 3712 3806 3780 δρᾷν

2252 3799 2467 3856 εἴωθεν.
2495 3800 2632 3856 Οὔτε
2658 3801 2766 3873 γὰρ
2793 3803 2884 3856 τὸν
2925 3803 3100 3875 Ἀδὰμ
3121 3803 3397 3870 πλάττων,
3421 3807 3518 3859 καὶ
3541 3806 3600 3870 ἐξ
3617 3805 3803 3857 ἐκείνου

2252 3893 2351 3964 τὴν
2376 3892 2521 3946 Εὔαν
2549 3893 2921 3966 δημιουργῶν,
2961 3893 3148 3968 ἕτερον
3180 3895 3397 3964 λογικὸν
3431 3896 3648 3967 ἄρσενῆ
3688 3894 3800 3963 θῆλυ

2254 3985 2360 4039 ὑπὸ
2387 3984 2480 4040 τοῦ
2513 3985 2725 4059 Πατρὸς
2753 3985 2974 4055 γεγονὸς
2999 3986 3167 4057 ἐώρα,
3200 3990 3336 4060 πρὸς
3362 3989 3536 4042 ἐκεῖνο
3555 3987 3612 4040 τὸ
3631 3989 3801 4040 οἰκείαν

2252 4077 2870 4150 ἁποτεχνούμενος·ἀλλ⁶
2902 4078 3166 4150 αὐθέντης
3184 4080 3444 4152 ὑπάρχων
3473 4077 3797 4151 δημιουργὸς.

2253 4174 2348 4228 καὶ
2391 4172 2736 4238 αὐτεξούσιος
2781 4173 2890 4226 τῶν
2939 4171 3075 4226 ὅλων
3104 4172 3268 4237 Θεὸς,
3317 4174 3424 4245 πρὸ
3466 4173 3799 4245 σαρκώσεως,

2252 4272 2348 4325 καὶ
2385 4269 2502 4341 μετ’
2550 4268 2767 4338 ἐκείνην
2818 4269 2848 4320 6
2893 4267 3057 4331 αὐτὸς
3107 4266 3436 4339 βουληθῆναι
3478 4269 3647 4322 πάντα
3679 4266 3799 4336 δρᾷν

2252 4357 2363 4426 οἷός
2392 4379 2452 4414 τε
2481 4360 2575 4414 ὥν.
2609 4361 2729 4413 Ἵνα
2759 4355 2854 4414 οὖν
2901 4361 2979 4431 μὴ
3009 4359 3254 4413 ἀντίθεον
3284 4359 3446 4414 αὑτὸν
3479 4361 3514 4432 ἢ
3562 4359 3799 4431 πατροὶύο

2255 4473 2362 4527 μαν
2403 4455 2661 4528 ονηθῶσιν
2685 4457 2735 4510 oi
2774 4454 2911 4527 πρὸς
2943 4452 3108 4506 αὐτὸν
3137 4453 3540 4524 ἀμϐλύττοντες
3562 4495 3578 4516 ,
3624 4453 3792 4522 φησίν·

2247 4547 2442 4602 Οὐδὲν
2484 4547 2734 4601 δύναται
2781 4549 2815 4601 ὁ
2865 4545 2999 4612 Υἱὸς
3029 4543 3223 4598 ποιεῖν
3260 4545 3363 4614 ἀφ’
3410 4544 3621 4600 ἑαυτοῦ
3644 4587 3656 4607 ,
3700 4543 3794 4597 ἐὰν

2249 4637 2394 4709 μήτι
2426 4638 2633 4707 ,βλέπῃ
2687 4637 2795 4692 τὸν
2836 4638 3068 4707 Πατέρα
3101 4637 3415 4693 ποιοῦντοΓ
3461 4640 3575 4709 ἅμα
3611 4638 3659 4692 δὲ
3709 4638 3786 4690 καὶ

2255 4730 2647 4804 φιλοπατορὶαν
2681 4733 2828 4804 ἡμᾶς
2865 4731 3156 4786 παιδεύων.

2814 5015 3062 5068 ΠΕΥΣῙΣ
3095 5013 3264 5070 ΡΛΔ⁰.

2320 5107 2434 5163 Καὶ
2461 5105 2576 5171 πῶς
2611 5104 2854 5176 Ἰακώϐῳ
2879 5106 2976 5160 καὶ
3007 5108 3230 5182 Ἰωάννη
3253 5109 3370 5172 τοῖς
3384 5108 3521 5172 υἱοῖς
3541 5102 3782 5163 Ζεϐεδαίου

2250 5197 2649 5270 συγκαθεδρίαν
2682 5196 2896 5252 αὶτούσί
2927 5213 3058 5268 φησι
3083 5240 3098 5263 ,
3134 5197 3206 5252 Τὸ
3234 5199 3480 5254 καθίσαι
3507 5198 3570 5252 ἐκ
3600 5191 3782 5257 δεξιῶν

2245 5307 2365 5360 μου
2401 5290 2500 5344 καὶ
2552 5289 2626 5354 ἐξ
2659 5291 3004 5360 εὐωνύμων,
3047 5291 3159 5344 οὐκ
3183 5290 3362 5345 ἔστιν
3388 5290 3532 5359 ἐμὸν
3571 5285 3779 5344 Caium.

2250 5380 2389 5435 ἀλλ’
2424 5376 2515 5446 οἷς
2554 5381 2910 5450 ἡτοίμασται
2942 5378 3062 5434 ὑπὸ
3089 5379 3194 5433 τοῦ
3237 5381 3470 5450 Πατρός
3495 5397 3621 5450 μου.
3654 5373 3780 5428 Διατὶ

2256 5472 2334 5544 μὴ
2360 5472 2436 5536 ὡς
2461 5471 2724 5543 αὐθέντης
2761 5467 2938 5540 εἶπεν,
2969 5467 3064 5536 Οἷς
3085 5472 3433 5544 ὴτοίμασα,ῆ
3461 5467 3550 5536 Οἷς
3571 5470 3778 5537 Osiri-wn;

2254 5564 2369 5619 ἀλλ’
2416 5565 2507 5618 ἐπὶ
2542 5564 2636 5620 τὸν
2667 5563 2890 5637 Πατέρα
2925 5565 3123 5631 αὐτοὺς
3143 5565 3534 5636 ἀπεπέμψαω
3563 5563 3704 5616 Τοῦτο
3727 5555 3776 5608 ὃ

2254 5655 2355 5708 οὐκ
2385 5654 2532 5710 ἔστιν
2566 5653 2944 5720 αὑτεξουσίου.

1645 5831 1716 5908 ,⁸⁷
1754 5829 1913 5888 10in.
1952 5848 2006 5900 ι,
2061 5832 2149 5888 l8.
2225 5831 2428 5906 "gibid.
2507 5832 2550 5864 ”
2575 5829 2736 5888 Joan.
2769 5847 2822 5899 v,
2860 5831 2942 5888 l9.
3017 5831 3031 5862 ¹
3063 5830 3255 5888 Matth.
3291 5847 3384 5901 xx,
3409 5831 3493 5888 25.
