3806 6548
41 409 159 476 tots

597 513 946 582 Ἀπόκρισις.

100 619 198 687 οὐχ
237 612 306 675 ὡς
348 609 419 679 μὴ
463 601 572 668 οἷός
615 623 675 658 τε
719 607 1040 678 παρασχεῖν,
1097 604 1396 667 ἀπείπατο,
1449 604 1565 681 ἀλλ’

45 709 221 776 “tum
253 701 351 755 τινὶ
381 697 647 764 ἀποφάσει
687 696 1040 763 καταστέλλει
1082 696 1264 750 αὑτῶν
1293 697 1390 767 τὴν
1419 695 1568 765 οἰδη-

38 780 129 867 'm,
161 795 246 858 καὶ
278 792 372 861 τὴν
397 790 534 843 κατά
563 789 672 841 τῶν
719 790 1103 866 συμφοιτητῶν
1134 789 1471 860 κορύφωσιν,
1496 790 1569 843 δι’

38 893 229 950 ἐκείνων
258 888 345 942 καὶ
370 868 491 947 τοὺς
518 883 737 947 λοιποὺς
766 885 1136 955 σωφρονίζων,
1166 885 1261 937 καὶ
1293 884 1384 937 τὸν
1421 883 1564 955 σμύ-

37 968 173 1059 χοντα
200 981 370 1041 αὐτοῖς
397 978 592 1031 ἄτοπον
616 975 793 1046 ἔρωτα
830 975 938 1028 τῶν
967 976 1249 1049 πρωτείων
1283 976 1566 1048 μαραίνων

38 1078 100 1147 τῷ
118 1070 375 1142 πληκτικῷ
396 1070 493 1138 τῆς
506 1069 852 1138 ἀποφάσεως.
871 1069 945 1123 Οὑ
972 1069 1081 1139 γάρ
1104 1086 1290 1139 φησιν,
1317 1070 1399 1123 ὅτι
1419 1070 1568 1141 Παρ-

37 1172 124 1241 ἑχει
145 1170 261 1237 ὑμῖν
289 1164 497 1225 πάντως
521 1165 548 1216 ὁ
570 1162 777 1233 Πατὴρ,
802 1161 939 1225 ἀλλ’,
960 1158 1069 1228 οἷς
1091 1162 1447 1230 ἡτοίμασται
1472 1180 1569 1215 πο-

37 1261 204 1317 νοῦσιν,
244 1255 771 1321 ὑπονύττωναὺτοὺς
800 1256 934 1324 πρὸς
965 1256 1167 1326 ἀρετὴν
1189 1256 1285 1308 καί⁹
1314 1254 1564 1326 ἀνδρίαν·

37 1353 217 1425 πρῶτον
267 1349 360 1419 τὴν
403 1346 610 1401 εὔνοιαν
662 1347 1055 1413 ἐπιδείξασθαι,
1113 1348 1207 1402 καὶ
1246 1348 1384 1418 πρὸς
1438 1347 1566 1409 τοὺς

37 1442 213 1510 ἀγῶνας
240 1437 624 1501 ἀποδύσασθαι,
655 1439 749 1492 καὶ
780 1438 879 1510 τὴν
910 1440 1049 1509 ὑπὲρ
1075 1438 1239 1493 αὑτοῦ
1268 1438 1372 1502 ἓως
1400 1437 1565 1492 θανά-

37 1549 107 1584 του
134 1529 379 1589 ,ἔνστασιν
427 1528 521 1580 καὶ
566 1527 865 1597 ἀναίρεσιν.
913 1526 1080 1581 υὺπω
1121 1529 1251 1600 γὰρ,
1295 1530 1449 1600 φησὶ,
1496 1528 1566 1581 τά

37 1627 117 1698 ipa
141 1623 451 1699 ἑκηρύξατε,
493 1625 587 1676 καὶ
619 1622 738 1685 πῶς
763 1624 863 1689 τὰς
890 1623 1073 1693 φωνὰς
1102 1624 1393 1694 κηρύττειν
1418 1623 1566 1694 ἱμεί-

37 1715 181 1786 ρεσθε,
203 1712 404 1768 οὐδέπω
435 1712 790 1783 ραπισθὲντες
818 1714 959 1784 ὑπὲρ
988 1713 1122 1783 ἐμοῦ
1148 1730 1163 1777 ;
1201 1713 1564 1785 Ἀποδύσασθε

37 1808 176 1860 τοίνυν
216 1803 348 1875 πρὸς
395 1803 525 1865 τοὺς
554 1803 771 1870 ἀγῶνας
800 1806 857 1857 ἑν
885 1804 964 1875 τῷ
1010 1804 1237 1876 σταδίῳ,
1270 1805 1564 1875 κατὲλθετε

37 1899 101 1952 ἐπὶ
124 1899 178 1950 τδ
209 1895 455 1967 σκάμμα,
501 1896 936 1967 αὑτομολήσατε,
973 1897 1263 1969 ἀχείρωτοι
1308 1899 1564 1968 μείνατε,

37 1991 100 2045 cal
123 1991 228 2059 ἅμα
248 1986 325 2057 τῷ
345 1986 575 2058 λυθῆναι
595 1986 689 2040 τοῦ
724 1988 991 2057 παρόντος
1012 1989 1207 2053 αἰῶνος
1236 1989 1296 2042 τὸ
1316 1990 1563 2062 θέατρον,

37 2081 114 2149 ίγὼ
165 2082 283 2151 ὑμῖν
326 2077 535 2132 ἔπαθλα
575 2080 702 2143 τοὺς
746 2079 970 2151 θρόνους
1008 2078 1167 2145 αὖθις
1210 2083 1520 2154 παρέχομαι
1548 2125 1563 2150 ,

37 2172 168 2227 θῦνε
198 2172 342 2242 ὑμᾶς
371 2170 600 2233 εἰκότως
646 2172 1010 2244 άποσείομαιο
1052 2174 1149 2227 τοῦ
1190 2175 1411 2245 Πατρὸς
1461 2175 1565 2243 φά-

37 2282 211 2328 ηιοντος
245 2265 471 2329 ἐκείνοις
502 2264 815 2335 δωρεῖσθαι.
852 2268 927 2320 Οὑ
971 2266 1080 2339 γὰρ
1112 2268 1314 2339 ἑτέρως
1352 2264 1463 2321 οἷόν
1507 2286 1567 2322 τε

37 2358 151 2429 υμῶν
178 2356 272 2428 τὴν
298 2356 510 2428 μητέρα
539 2357 634 2410 καὶ
663 2358 809 2428 ὑμᾶς
828 2359 1180 2429 ςδιοχλοῦντας
1210 2361 1563 2433 ἀποκρούσα-

37 2450 142 2505 teat.
179 2450 244 2502 "H
286 2447 426 2505 κατὰ
476 2450 603 2513 τοὺς
638 2453 945 2521 παρασχεῖν
988 2469 1040 2504 τι
1073 2451 1180 2522 πρὸ
1219 2451 1414 2523 καιροῦ
1450 2455 1565 2516 τοῖς

37 2543 197 2597 ιίτοῦσι
231 2542 303 2614 μὴ
339 2541 721 2612 βουλομένους,
759 2543 874 2597 ἀλλ’
907 2544 1080 2615 ἑτέρῳ
1111 2545 1217 2598 τινὶ
1245 2544 1342 2617 τὴν
1376 2546 1567 2599 αὐθεν-

37 2636 120 2686 τίαν
148 2634 402 2703 ὑπάρχειν
436 2632 989 2704 προσωπευομένους,
1027 2636 1225 2704 μήπως
1256 2635 1567 2706 κομισάμε-

38 2744 101 2789 νοι,
132 2726 480 2801 ρᾳθυνμότεροι
519 2725 660 2795 πρὸς
705 2727 803 2795 τὴν
840 2724 1053 2779 εὔνοιαν
1082 2728 1179 2780 καὶ
1213 2727 1436 2798 ἀνδρίαν
1464 2728 1563 2797 γέ-

37 2837 206 2884 ωνται,
238 2818 571 2890 ἀρκούμενοι
600 2818 677 2889 τῷ
710 2818 937 2885 δοθέντι,
987 2819 1185 2890 μηκέτι
1227 2824 1409 2893 πονεῖν
1443 2821 1566 2891 βου-

38 2911 390 2984 .ὁμενοι..οὑτω
410 2912 521 2985 γάρ
544 2912 639 2966 xui.
664 2915 713 2965 οἱ
740 2914 831 2966 ἐπὶ
859 2914 961 2983 γῆς
984 2913 1358 2983 βασιλεύοντες
1391 2918 1565 2969 ποιεῖν

47 3004 229 3064 ίώθασι,
254 3002 587 3073 νπροεδρείας
618 3003 650 3073 ἦ
687 3007 1021 3073 στρατηγίας
1049 3002 1200 3074 παρά
1222 3022 1385 3059 τινων
1418 3006 1565 3060 ἐκλι-

37 3096 340 3167 εαρούμενοι·
373 3094 562 3167 κύριοι
602 3094 701 3165 μὲν
728 3095 823 3148 τοῦ
852 3094 1033 3149 δοῦναι
1069 3096 1425 3168 ὑπάρχοντες,
1458 3098 1565 3167 πρὸ

37 3185 252 3257 εαιροῦδὲ
272 3187 343 3254 μὴ
378 3185 721 3256 βουλόμενοι,
747 3185 935 3257 ἑτερος
966 3186 1155 3258 ἑτέρου
1185 3188 1283 3259 τὴν
1315 3188 1566 3253 ἐξουσίαν

37 3279 382 3353 εποτιθέμενοι,
413 3283 480 3351 τῇ
513 3280 825 3351 καραδοκίᾳ
853 3282 948 3351 τῆς
984 3282 1258 3353 ὑπεροχῆς
1278 3284 1406 3346 τοὺς
1465 3284 1571 3337 ἱκέ-

40 3393 94 3438 aq
113 3376 240 3445 ὑπὲρ
260 3376 355 3446 τῆς
389 3372 675 3443 βασιλείας
702 3372 1081 3444 διεγείροντες,
1109 3375 1204 3427 καὶ
1239 3374 1567 3445 ἁμιλλᾶσθαι

38 3468 182 3531 κὺτοὺς
224 3466 511 3537 ἀλλήλοις,
566 3466 658 3517 καὶ
713 3467 949 3536 σφριγᾷν
1002 3466 1097 3519 καὶ
1150 3466 1566 3537 παραθήγεσθαι

38 3559 131 3611 ,ατὰ
157 3559 256 3611 τῶν
275 3556 559 3626 πολεμίων
584 3554 1112 3626 παρασκευάζοντες.
1150 3556 1383 3629 Ἑτέρως
1405 3576 1464 3612 τε
1486 3559 1565 3612 δέ’

38 3652 112 3702 πεί
160 3650 370 3702 ἐδόκουν
394 3646 565 3700 αὑτὸν
587 3644 683 3717 τὴν
708 3646 801 3699 ἐπὶ
818 3646 919 3717 γῆς
938 3646 1271 3718 πρόσκαιρον
1293 3647 1568 3718 βασιλείαν

40 3741 302 3804 ασιλεύειν,
344 3741 513 3811 φησὶν
561 3739 765 3803 αὑτοῖς,
795 3741 917 3792 Οὐκ
940 3740 1141 3795 οἴδατε
1169 3741 1227 3793 τί
1265 3742 1525 3796 αἰτεῖσθε
1550 3758 1564 3773 ·

38 3834 215 3897 σανεὶ,
275 3831 591 3902 Ἐκνήψατε
616 3870 629 3894 ,
669 3823 714 3882 ὧ
756 3831 1009 3901 φοιτηταί
1054 3850 1187 3902 μου,
1230 3833 1466 3905 ἀνάϐητε
1500 3838 1568 3907 τῇ

37 3923 190 3993 ιανοίᾳ
215 3925 269 3975 ὲν
287 3926 354 3994 τῇ
381 3925 491 3992 ἑμῇ
527 3920 797 3992 βασιλεία,
835 3921 909 3992 μὴ
942 3923 1068 3993 περὶ
1095 3922 1163 3975 τὰ
1182 3924 1569 3995 παριπτάμενα

37 4013 141 4083 ἔκην
174 4012 492 4083 νυκτερινοῦ
526 4013 816 4082 φάσματος
837 4053 851 4076 ,
905 4015 980 4084 μὴ
1007 4000 1135 4084 περὶ
1160 4014 1227 4068 τά
1250 4015 1570 4089 χαμαίζηλα

38 4121 90 4157 τε
114 4106 439 4176 γεγηθότεςσ
483 4107 696 4176 μήποτε
736 4107 830 4158 καὶ
860 4105 1011 4176 παρὰ
1058 4106 1152 4159 τοῦ
1202 4109 1415 4180 Πατρός
1467 4128 1568 4180 μου

38 4198 269 4270 κούσητε,
283 4201 396 4253 Οὑκ
408 4199 563 4271 ἐστιν
576 4198 710 4269 ἐμὸν
725 4198 1123 4273 δοῦναι-ἁπλῶς,
1136 4201 1248 4273 ἀλλ’
1266 4204 1393 4274 ὑμῖν
1410 4204 1571 4258 άπαι-

37 4292 141 4363 ﬁam
169 4292 261 4369 τὴν
283 4292 391 4369 τῶν
410 4291 645 4361 ἀγώνων
670 4293 763 4369 καὶ
791 4291 1033 4365 ἱδρώτων,
1051 4292 1572 4369 ἀντ-ἀμεινᾷινῦᾏγα-

46 4400 91 4434 αι
110 4366 487 4461 γὰρτόλφείλειν
514 4384 647 4455 ὑμῖν
675 4366 907 4449 εὐνοίας,
939 4384 971 4456 ἦ
999 4366 1249 4455 ἐγκαλεῖν
1277 4366 1569 4461 ῥᾳθυμίας.

42 4476 100 4529 ὑκ
142 4459 283 4555 ἑστιν
318 4477 454 4553 ἐμὸν
500 4475 712 4540 δοῦναι,
742 4476 868 4557 ’ἀλλ’
915 4479 1033 4531 οὐδὲ
1068 4479 1159 4531 τοῦ
1192 4459 1430 4559 ἾΠατρός
1465 4500 1571 4554 μου

38 4568 168 4632 πλῶς
205 4571 316 4632 τοῖς
350 4569 626 4635 αἰτοῦσιν,
670 4570 790 4621 ἐπεὶ
823 4568 887 4621 ἂν
932 4573 1113 4638 φονεῖς
1143 4573 1234 4625 καὶ
1266 4575 1444 4643 μοιχοὶ
1476 4577 1570 4629 καὶ

40 4661 97 4721 ἃς
144 4660 421 4739 μοχθηρὸς
473 4662 569 4715 καὶ
615 4661 912 4724 ἀκόλαστος
968 4663 1244 4727 αἰτοῦντες
1303 4666 1393 4736 μοὶ
1443 4685 1573 4737 συγ-

38 4751 312 4805 αθίσονται.
346 4755 463 4833 Dim
485 4753 636 4807 ἔστιν
659 4752 947 4829 ἡμέτερον,
974 4753 1066 4806 τοῦ
1096 4754 1276 4809 δοῦναι
1301 4757 1446 4828 είκῆ,
1480 4760 1574 4811 καὶ

38 4844 371 4914 αραχαράξαι
400 4843 465 4896 τὸ
494 4844 730 4897 δίκαιον.
779 4842 1158 4919 Δικαιοκρίτου
1199 4845 1308 4914 γὰρ
1339 4847 1401 4899 τὸ
1431 4848 1573 4919 πρὸς

37 4930 135 5007 Ξίαν
160 4934 376 5004 ἑκάστῳ
403 4933 724 5002 ἀπονέμειν,
751 4933 844 4986 καὶ
877 4934 949 5004 μὴ
979 4935 1102 4997 τοὺς
1129 4920 1405 5006 ἱδροῦντας
1432 4954 1572 5007 παρο

42 5006 128 5087 εῖν,
170 5020 263 5101 καὶ
294 5023 575 5101 ῥᾳθύμοις
612 5026 932 5095 παρασχεῖν.
960 5025 1022 5076 Ei
1042 5024 1218 5076 τοίνυν
1238 5025 1344 5079 τῶν
1365 5006 1570 5098 θρόνων

37 5114 159 5174 ﬁte,
189 5116 316 5179 τοὺς
342 5108 573 5184 ἀγῶνας
604 5116 999 5193 οὑκιάγνοεῖτε,
1037 5116 1173 5188 πρὸς
1198 5116 1289 5181 οὓς
1326 5118 1568 5187 ὀφείλετε

37 5205 350 5262 τοδύσασθαι
378 5226 393 5240 ·
438 5208 526 5283 μὴ
566 5206 643 5277 τῷ
671 5208 894 5281 τρίϐωνι
934 5207 1024 5262 καὶ
1057 5212 1122 5281 τῇ
1151 5208 1333 5283 ὑπήνῃ
1375 5210 1471 5264 καὶ
1502 5213 1566 5281 τῇ

37 5299 249 5375 ικτηρίᾳ
280 5288 953 5375 νμόνοιςὲναὸρυνόμενοι
976 5341 1011 5363 ,ν
1045 5300 1178 5354 άλλά
1216 5304 1329 5365 τοῖς
1378 5301 1569 5364 πόνοις

37 5388 102 5451 ὡς
135 5388 359 5469 θρόνους
384 5392 799 5463 με’ξωνούμενοι,
842 5393 936 5447 καὶ
981 5394 1042 5446 τό
1073 5396 1353 5466 κριτήριον
1392 5392 1570 5449 ἱλεοὺ-

37 5497 146 5535 ενοι.

178 5722 181 5725 λ
560 5668 807 5722 ΠΕΥΣΙΣ
845 5671 1012 5724 PAB’.

62 5757 167 5812 Kal.
199 5760 248 5814 εί
280 5760 357 5826 ὼς
394 5764 423 5815 ὁ
452 5760 652 5830 Πατὴρ
692 5760 990 5832 δυνάμενος
1037 5763 1132 5817 καὶ
1161 5763 1505 5831 αὑτεξούσιος
1537 5767 1565 5820 ὁ

56 5896 76 5927 ¹
108 5896 295 5958 Matth.
327 5914 428 5963 xx,
466 5896 572 5951 22.

139 5995 581 6079 Ριι-ιιοικϐει.
621 5990 980 6053 XXXVIII.

1382 394 1731 457 DIALOGUS
1763 397 1853 454 ΠΙ.

3023 418 3026 421 λ
3124 398 3263 455 10δὸ

2312 514 2615 583 Responsio.

1747 603 1866 682 Non
1916 604 2074 675 quasi
2122 607 2429 674 praestando
2455 622 2564 660 non
2594 616 2761 683 esset,
2804 608 3110 680 denegavit,
3165 608 3261 666 sed

1675 696 1925 766 prudenti
1970 697 2205 767 quodam
2258 705 2518 767 praetextu
2546 700 2613 753 ad
2660 701 2983 757 modestiam
3044 714 3265 759 revocat

1674 789 1917 859 ipsorum
1930 788 2159 853 fastum,
2172 799 2226 845 et
2239 790 2502 847 adversus
2521 794 2924 864 condiscipulos
2939 794 3261 851 elationem:

1673 897 1771 952 per
1796 883 1918 938 illos
1960 884 2121 939 etiam
2160 885 2401 955 reliquos
2443 886 2737 956 castigans,
2778 896 2833 942 et
2874 903 3166 943 accensum
3202 887 3260 941 in

1675 976 1807 1044 ipsis
1842 977 2139 1033 absurdum
2186 994 2430 1032 amorem
2477 979 2751 1046 primatus
2777 981 3263 1050 exstinguenster-

1675 1084 1800 1125 rore
1830 1071 2227 1139 denegationis.
2258 1070 2377 1127 Non
2402 1071 2547 1127 enim
2576 1071 2740 1127 dicit:
2773 1072 3010 1127 Omnino
3036 1074 3262 1145 largitur

1675 1161 1727 1215 id
1755 1163 2108 1229 vobisPater,
2142 1163 2455 1234 sed,quibus
2478 1174 2728 1232 paratum
2756 1175 2832 1219 est
2856 1166 3261 1231 laborantibus,

1673 1254 2032 1309 exstimulans
2076 1255 2229 1325 ipsos
2268 1255 2333 1309 ad
2366 1256 2625 1310 virtutem
2656 1264 2711 1311 et
2740 1255 3145 1329 fortitudinem,
3201 1268 3262 1313 ut

1674 1346 1911 1414 primum
1946 1346 2383 1401 benevolentiam
2424 1347 2893 1410 demonstrarent,
2952 1349 3018 1405 ad
3083 1359 3263 1405 certa-

1675 1438 1818 1491 mina
1844 1447 2019 1493 semet
2050 1438 2416 1509 accingerent,
2447 1454 2547 1507 pro
2576 1440 2695 1509 ipso
2727 1440 2794 1494 ad
2828 1450 3062 1496 mortem
3088 1456 3264 1512 usque

1673 1539 1991 1585 constanter
2044 1541 2477 1600 perseverarent.
2533 1530 2790 1589 Nondum
2843 1534 3012 1602 enim,
3062 1536 3260 1607 inquit,

1673 1624 1793 1679 aliis
1822 1640 1943 1679 mea
1989 1625 2355 1694 praedicastis:
2399 1636 2453 1680 et
2495 1639 2604 1693 quo
2644 1626 2860 1683 tandem
2901 1637 3060 1697 pacto
3098 1645 3261 1686 voces

1675 1716 2003 1795 annuntiare
2059 1716 2407 1782 desideratis,
2456 1718 2702 1772 nondum
2748 1735 2848 1788 pro
2886 1735 2974 1775 me
3011 1722 3259 1792 colaphis

1670 1808 1835 1864 caesi?
1876 1808 2108 1863 Proinde
2151 1810 2479 1879 expedimini
2525 1811 2590 1864 ad
2622 1812 2923 1867 certamina
2958 1813 3011 1866 in
3052 1814 3253 1874 stadio.

1668 1899 1979 1956 descendite
2004 1900 2057 1954 in
2078 1901 2273 1956 theatri
2293 1916 2533 1965 caveam,
2558 1903 2766 1958 alacres
2794 1903 3044 1966 incedite,
3068 1904 3256 1959 invicti

1668 2001 1990 2067 manete,et
2012 1993 2416 2063 quamprimum
2450 1993 2733 2062 praesentis
2761 1993 2947 2049 saeculi
2981 1994 3254 2048 theatrum

1669 2084 1908 2147 solutum
1934 2084 2127 2147 fuerit,
2177 2098 2281 2152 ego
2311 2100 2435 2138 mox
2485 2084 2638 2138 vobis
2687 2085 2776 2138 illa
2808 2084 2945 2140 solia
2995 2092 3253 2155 tanquam

1668 2183 1888 2248 praemia
1918 2178 2238 2233 certaminis
2266 2179 2485 2249 largiar.
2522 2176 2680 2232 Nunc
2714 2188 2894 2231 autem
2923 2193 3020 2253 vos
3054 2179 3254 2249 merito

1669 2269 1878 2339 rejicio.
1916 2268 2206 2335 Dabuntur
2236 2270 2305 2324 iis
2341 2270 2544 2339 quibus
2584 2268 2744 2324 Pater
2769 2269 3015 2338 jusserit.
3066 2267 3255 2337 Neque

1668 2362 1812 2416 enim
1840 2361 1949 2415 alio
1994 2362 2157 2415 modo
2186 2371 2367 2416 vestra
2392 2371 2566 2417 mater
2598 2369 2653 2415 et
2679 2375 2777 2415 vos
2798 2375 2923 2414 cum
2958 2360 3059 2414 hac
3078 2369 3256 2415 vestra

1669 2452 1921 2507 molestia
1973 2452 2159 2520 repelli
2201 2452 2451 2520 potestis.
2494 2452 2611 2522 ⁵Αιιι
2652 2451 2762 2520 agit
2802 2465 2867 2505 eo
2901 2450 3088 2513 modo,
3144 2465 3257 2520 quo

1668 2545 1845 2599 solent
1876 2544 1969 2614 qui
1991 2544 2195 2613 aliquid
2219 2552 2344 2613 ante
2371 2552 2584 2613 tempus
2617 2552 2879 2612 praestare
2907 2544 3125 2610 nolunt,
3157 2543 3255 2613 sed

1667 2636 1758 2691 alii
1786 2636 1947 2691 alicui
1976 2638 2260 2709 potestatis
2282 2618 2665 2703 auctoritatem
2708 2650 2835 2690 esse
2865 2635 3147 2696 simulant.
3187 2648 3257 2709 ne

1667 2726 1885 2796 quando
1916 2725 2239 2795 receperint,
2269 2725 2551 2795 segniores
2585 2724 2653 2777 ad
2688 2724 3024 2781 alacritatem
3053 2738 3106 2781 et
3141 2725 3257 2782 for-

1667 2819 1952 2883 titudinem
2005 2816 2156 2882 ﬁant,
2203 2815 2448 2869 contenti
2473 2830 2539 2869 eo
2572 2817 2718 2885 quod
2748 2817 2951 2885 datum
2985 2828 3088 2885 est,
3143 2834 3253 2874 non

1667 2911 1902 2981 amplius
1924 2911 2175 2963 laborare
2207 2909 2472 2979 volentes.
2512 2907 2605 2964 Sic
2636 2911 2780 2965 enim
2809 2920 2861 2965 et
2885 2910 2977 2981 qui
3015 2913 3069 2966 iu
3096 2916 3256 2968 terris

1673 3012 1922 3073 regnant,
1951 3001 2130 3057 facere
2157 3016 2512 3065 consuevere,
2555 3002 2774 3071 quando
2794 3003 2878 3071 ab
2922 3004 3055 3073 ipsis
3084 3005 3253 3076 aliqui

1675 3094 1966 3165 dignitates
1994 3093 2283 3163 praesidum
2315 3101 2368 3146 et
2400 3091 2595 3154 ollicia,
2632 3094 2711 3147 vel
2748 3094 2971 3167 imperia
3011 3096 3089 3151 rei
3115 3097 3255 3150 mili-

1677 3186 1811 3239 taris
1841 3184 2153 3255 eﬂlagitant,
2192 3185 2317 3240 licet
2356 3201 2523 3255 penes
2551 3187 2698 3255 ipsos
2733 3188 2827 3251 sit,
2884 3196 3011 3242 ante
3041 3198 3254 3259 tempus

1678 3285 1857 3330 tamen
1892 3276 2024 3330 dare
2070 3276 2338 3340 nolentes,
2375 3277 2515 3331 alius
2560 3278 2626 3330 ad
2668 3277 2835 3331 alium
2869 3277 2920 3331 id
2970 3266 3255 3348 potestatis

1676 3365 1941 3433 referunt.
1957 3368 2362 3437 exspectatione
2380 3369 2656 3438 dignitatis
2673 3369 2956 3424 ministros
2971 3384 3077 3447 pro
3086 3384 3254 3439 regno

1675 3459 1996 3525 excitantes,
2052 3468 2219 3529 utque
2281 3461 2423 3514 inter
2473 3476 2532 3514 se
2582 3470 2810 3524 certent,
2870 3471 2923 3515 et
2979 3461 3257 3515 enitantur

1676 3551 1916 3606 acriores
1942 3556 2201 3621 adversus
2230 3551 2411 3608 hostes
2434 3551 2678 3619 ﬁeri,eos
2710 3561 3102 3625 prmparantes.
3160 3534 3256 3606 Vel

1674 3639 1839 3713 etiam
1869 3640 1975 3693 alia
2008 3640 2238 3713 ratione,
2282 3638 2405 3709 quia
2437 3640 2698 3708 putabant
2744 3640 2919 3708 ipsum
2958 3640 3254 3710 temporale

1676 3750 1904 3805 regnum
1928 3718 1988 3787 in
2008 3743 2149 3789 terra
2178 3714 2817 3809 administraturum,'ait
2847 3733 2984 3787 illis:
3023 3728 3256 3786 Nescitis

1675 3826 1802 3896 quid
1835 3826 2082 3896 petilis’:
2130 3825 2291 3895 quasi
2335 3808 2483 3880 dicat
2524 3843 2537 3879 :
2581 3824 2862 3895 Evigilate,
2913 3838 3117 3893 quaeso,
3172 3824 3256 3877 di-

1678 3918 1869 3989 scipuli
1891 3919 2019 3983 mei,
2039 3917 2314 3973 ascendite
2345 3927 2525 3972 mente
2553 3917 2606 3971 in
2641 3904 2819 3970 mcum
2857 3931 3115 3986 regnum;
3145 3930 3253 3969 non

1677 4028 1741 4067 ex
1774 4010 1841 4066 iis
1886 4027 2007 4081 quae
2038 4011 2213 4065 instar
2261 4012 2511 4065 nocturni
2541 3996 2736 4079 spectri
2793 4000 3253 4073 circumvolitant,

1678 4118 1855 4172 neque
1875 4103 1940 4157 de
1980 4102 2230 4157 sordibus
2269 4101 2419 4155 humi
2460 4101 2766 4171 jacenlibus
2798 4100 3128 4171 voluptatem
3164 4114 3257 4155 ca-

1679 4198 1808 4267 pite,
1847 4211 1913 4249 ne
1944 4196 2164 4266 quando
2189 4212 2216 4249 a
2248 4194 2407 4249 Patre
2431 4209 2648 4265 quoque
2685 4208 2807 4249 meo
2833 4193 3103 4248 audiatis:
3132 4190 3252 4247 Non

1678 4298 1761 4343 est
1800 4274 1985 4343 meum
2028 4288 2345 4356 simpliciter
2372 4286 2536 4353 dare,
2594 4286 2686 4341 sed
2739 4302 2768 4340 a
2808 4276 2963 4341 vobis
3011 4287 3253 4343 vicissim

1672 4362 1886 4450 exigere
1928 4381 2288 4435 certaminum
2333 4387 2384 4434 et
2434 4379 2695 4433 sudorum
2730 4382 3252 4450 compensationem.

1674 4472 1815 4551 Italo
1858 4472 2001 4527 enim
2041 4472 2195 4527 vobis
2233 4472 2432 4527 debere
2462 4480 2679 4542 propter
2712 4472 3026 4527 benevolam
3053 4474 3253 4527 alacri—

1672 4548 1860 4630 tatem,
1896 4580 2056 4635 quam
2102 4578 2361 4618 accusare
2403 4563 2729 4618 socordiam.
2794 4562 2910 4618 Non
2945 4574 3027 4618 est
3071 4580 3253 4619 meum

1674 4657 1826 4731 dare,
1876 4664 1932 4711 at
1973 4671 2149 4725 neque
2177 4653 2356 4709 Patris
2382 4655 2492 4709 mei
2541 4655 2860 4725 simpliciter
2910 4656 3249 4725 petentibus:

1675 4732 1939 4819 Siquidem
1970 4731 2267 4811 occisores,
2301 4756 2355 4802 et
2387 4747 2640 4813 adulteri,
2668 4756 2721 4802 et
2742 4749 2920 4818 quivis
2951 4748 3251 4817 ﬂagitiosus

1674 4852 1726 4897 et
1784 4824 2172 4911 intemperans,
2220 4841 2264 4894 si
2302 4847 2507 4910 petant,
2560 4846 2772 4894 mecum
2804 4840 3006 4895 sessuri
3045 4829 3248 4895 essent.

1675 4932 1789 4992 Non
1826 4946 1911 4992 est
1955 4944 2199 4990 nostrum
2240 4933 2371 4988 dare
2400 4942 2621 4999 temere,
2673 4945 2727 4987 et
2772 4922 3071 5003 depravare
3105 4934 3251 5005 quod

1674 5014 1878 5100 justum
1922 5038 2023 5083 est.
2079 5024 2223 5080 Justi
2252 5024 2396 5079 enim
2427 5024 2629 5099 judicis
2673 5032 2757 5079 est
2806 5024 3102 5096 unicuique
3153 5014 3253 5095 pro

1674 5122 1937 5192 dignitate
1962 5118 2138 5173 meriti
2172 5118 2430 5182 tribuere,
2452 5110 2870 5188 'non‘negligere
2917 5119 3249 5183 laborantes.

1676 5230 1739 5268 ac
1772 5196 1981 5285 ignavis
2003 5211 2203 5281 aliquid
2226 5210 2429 5287 largiri.
2454 5210 2691 5279 Proinde
2718 5212 2763 5265 si
2792 5196 3251 5287 thronosamatis.

1676 5284 1840 5373 nolite
1864 5307 2113 5377 ignorare
2130 5284 2449 5367 certamina,
2469 5305 2535 5359 ad
2555 5302 2676 5376 quae
2694 5284 3029 5373 capessenda
3048 5290 3254 5361 debetis

1681 5398 1943 5473 expediri.
1972 5390 2346 5466 Nequ‘ejpallio
2377 5382 2615 5462 tantum,
2653 5392 2709 5450 et
2731 5395 2917 5459 barba,
2954 5384 3255 5473 baculoque.

1681 5474 1934 5546 convenit
1956 5474 2052 5545 vos
2083 5482 2309 5544 delicate
2328 5487 2569 5558 gloriari,
2605 5488 2698 5544 sed
2728 5473 3254 5569 laborilmsthronos

1679 5583 1950 5649 redimite,
1980 5582 2355 5655 judiciumque
2386 5570 2616 5652 placate.
2730 5572 2733 5577 λ
3146 5570 3149 5571 ν

2067 5658 2582 5728 INTERROGATIO
2603 5668 2863 5727 CXXXII.

1747 5766 1903 5834 Quod
1933 5766 1977 5823 si
2008 5764 2228 5837 perinde
2274 5781 2336 5821 ac
2361 5765 2543 5834 Pater,
2587 5776 2778 5837 potens
2809 5776 2861 5822 et
2901 5762 2989 5821 sui
3007 5762 3152 5837 juris
3175 5772 3256 5820 est

2898 6000 2980 6064 33

3281 5953 3301 6024 Χ
