3874 6526
574 395 599 452 Ι
613 395 715 453 035

573 517 764 584 Filius,
797 514 1072 586 quomodo
1111 521 1343 568 terretur
1369 528 1552 582 cruce,
1609 515 1935 589 Patremque
1979 529 2150 592 rogat,

568 612 791 667 dicens:
830 607 1017 671 Pater,
1054 607 1101 660 si
1140 607 1258 676 ﬁeri
1295 617 1485 676 potest,
1528 619 1766 663 transeat
1803 628 1836 664 a
1877 627 1958 665 me
1990 628 2154 681 pocu-

569 703 680 756 lum
709 697 1164 755 hoc’7Nimirum
1198 713 1306 752 non
1339 700 1460 769 ejus
1497 713 1579 756 est
1607 703 1700 772 qui
1727 717 1830 756 suo
1857 713 1980 773 agat
2007 704 2152 774 jure,

567 809 744 864 neque
777 801 1090 861 spontaneae
1127 791 1437 856 voluntatis,
1479 793 1544 846 ad
1583 795 1748 848 alium
1771 795 2066 865 confugere
2099 797 2154 851 in

567 885 1017 951 necessitatibus,
1070 898 1134 939 ac
1168 883 1316 938 velut
1362 883 1604 956 indigum
1629 925 1644 951 ,
1701 886 1848 941 illius
1885 887 2150 943 auxilium

564 977 874 1048 implorare.

1205 1066 1512 1136 Responsio.

641 1161 826 1216 Letale
856 1161 1052 1216 vulnus
1089 1170 1142 1216 et
1195 1161 1324 1214 hinc
1366 1159 1536 1232 inﬂigi
1591 1160 1774 1218 divina
1838 1183 1999 1223 manu
2046 1170 2152 1227 illis

566 1271 704 1311 vana
737 1265 920 1311 mente
947 1255 1190 1326 praeditis
1217 1265 1376 1325 puto,
1416 1271 1542 1311 cum
1575 1259 1822 1329 ejusdem
1866 1267 2152 1332 potestatis

566 1351 730 1406 etiam
764 1367 910 1406 nunc
943 1367 1066 1406 cum
1093 1348 1255 1404 Patre
1291 1348 1490 1405 Filium
1541 1367 1664 1408 esse
1716 1354 2147 1415 demonstratum

566 1446 661 1510 sit,
690 1459 791 1499 nec
830 1443 1128 1513 quidquam
1181 1457 1411 1511 prorsus
1454 1443 1574 1512 ejus
1627 1449 1939 1504 auctoritati
1983 1451 2147 1506 adimi

565 1553 659 1601 per
687 1552 780 1591 eas
805 1550 966 1590 voces
991 1549 1113 1605 qua:
1150 1535 1218 1590 ab
1247 1534 1366 1603 ipso
1415 1550 1512 1605 per
1539 1535 1943 1594 simulationem
1987 1543 2145 1598 edita'

564 1638 712 1684 sunt.
750 1627 1204 1698 Quandoquidem
1241 1628 1387 1682 enim
1419 1644 1561 1697 πετο
1593 1631 1958 1700 recipiebatur
1983 1635 2148 1691 unita:

562 1738 688 1777 cum
726 1720 836 1776 Deo
867 1718 1222 1774 humanitatis
1263 1718 1435 1789 ipsius
1479 1720 1767 1787 adventus,
1803 1730 2022 1793 propter
2062 1725 2144 1778 ni-

565 1817 728 1870 miam
756 1813 1116 1868 humilitatem
1163 1821 1219 1866 et
1248 1827 1375 1882 erga
1411 1812 1660 1868 homines
1711 1813 2142 1871 benevolentiam

562 1912 724 1967 fidem
748 1925 1035 1980 superans,
1063 1909 1409 1979 propositum
1441 1909 1517 1962 illi
1555 1908 1657 1963 fuit
1700 1925 1810 1964 non
1845 1910 2145 1967 divinitatis

563 2003 806 2074 potentia
865 2003 1191 2074 propulsare
1250 2001 1548 2071 malignum
1583 2002 1908 2066 daamonem,
1969 2019 2146 2074 neque

561 2096 846 2167 principali
878 2094 1149 2166 potestate
1177 2103 1421 2148 evertere
1446 2093 1618 2162 ipsius
1645 2095 1840 2160 aciem,
1864 2094 1965 2150 sed
1992 2110 2144 2149 man-

564 2187 855 2246 suetudine
877 2187 1068 2258 potius
1096 2197 1149 2240 et
1178 2185 1438 2239 diuturna
1478 2187 1733 2254 patientia
1779 2188 2146 2244 condemnare

563 2280 938 2336 adversarium
973 2279 1332 2334 reluctantem
1365 2294 1378 2342 ;
1417 2293 1541 2331 nam
1570 2279 1616 2332 si
1668 2278 1908 2334 venisset
1942 2296 2144 2336 usurus

561 2379 833 2441 potestate
869 2369 1128 2435 naturali,
1155 2368 1290 2421 nihil
1318 2369 1684 2422 admiratione
1713 2369 1938 2440 dignum
1965 2370 2145 2425 facere

566 2466 716 2518 visus
755 2462 969 2521 fuisset.
1009 2461 1054 2518 si
1099 2461 1364 2517 adversus
1397 2461 1650 2533 angelum
1685 2461 2013 2516 defectorem
2045 2462 2144 2518 de-

560 2564 825 2612 rertasset
854 2553 997 2608 Deus
1023 2571 1036 2606 :
1077 2554 1188 2608 imo
1217 2553 1498 2609 diversum
1525 2554 1708 2624 potius
1747 2555 2062 2624 accidisset,
2091 2566 2144 2611 et

560 2650 614 2703 in
643 2646 1010 2719 arrogantiam
1041 2645 1329 2702 extulisset
1365 2645 1676 2711 diabolum,
1706 2648 1862 2717 quasi
1900 2646 2010 2702 Deo
2044 2664 2142 2718 par

559 2741 756 2797 fuisset
798 2739 1168 2794 adversarius.
1231 2737 1428 2792 Merito
1477 2738 1647 2809 igitur
1705 2739 1945 2795 humana
1981 2749 2141 2796 utens

561 2833 886 2894 humilitate,
918 2829 1173 2902 deprimit
1207 2829 1380 2899 ipsius
1420 2831 1738 2897 elationem,
1797 2843 1852 2888 et
1895 2834 2142 2890 victorizc

558 2936 826 2996 tropaeum
856 2921 1018 2977 nobis
1048 2920 1286 2976 asserit:
1319 2936 1446 2976 nam
1481 2921 1552 2986 si,
1584 2936 1709 2976 cum
1747 2923 1817 2977 ab
1862 2923 2019 2979 initio
2050 2940 2138 2980 se-

555 3020 756 3072 ductus
789 3014 954 3070 fuerit
1007 3013 1205 3077 homo,
1259 3027 1368 3067 non
1419 3027 1518 3082 per
1551 3013 1788 3083 aliquem
1825 3015 1921 3084 qui
1971 3015 2137 3071 homo

554 3124 677 3164 esse
711 3105 1007 3167 videretur,
1061 3099 1277 3156 tametsi
1311 3115 1371 3156 re
1419 3101 1532 3170 ipsa
1570 3099 1714 3157 Deus
1758 3099 1917 3169 foret,
1948 3113 2137 3172 captus

555 3209 699 3256 esset
732 3199 847 3270 ipse
868 3194 1111 3251 vicissim
1148 3192 1355 3263 przedo,
1407 3192 1730 3260 prmclarum
1751 3194 1866 3249 hoc
1919 3194 2132 3249 facinus

558 3299 799 3350 humano
823 3291 1008 3364 generi
1042 3289 1307 3344 tributum
1341 3302 1450 3341 non
1481 3285 1695 3342 fuisset.
1732 3285 1889 3341 Nune
1919 3303 2044 3343 cum
2077 3287 2129 3341 in

554 3397 751 3444 natura
775 3395 882 3441 tam
925 3383 1107 3440 divina
1137 3396 1300 3453 quam
1337 3380 1575 3434 humana
1605 3380 1809 3435 factum
1839 3381 1972 3436 illud
2002 3379 2136 3435 Ver-

553 3483 682 3536 bum
715 3479 782 3533 ad
832 3491 935 3532 nos
993 3475 1223 3536 venerit,
1277 3483 1331 3528 et
1366 3473 1420 3526 in
1479 3471 1654 3526 forma
1717 3473 1860 3542 capti
1920 3472 2131 3528 hostem

1672 397 1728 453 S.
1771 397 2070 456 CJESARII
2109 401 2437 460 CREGORII
2477 403 2780 462 FRATRIS

3703 417 3819 470 1056

2262 523 2410 587 Υἱὸς,
2435 523 2552 588 πῶς
2580 523 2827 593 φοϐεῖται
2854 525 2944 579 τὸν
2976 529 3230 599 σταυρὸν,
3260 533 3356 586 καὶ
3390 534 3577 588 δέεται
3604 532 3696 586 τοῦ
3723 535 3819 587 ιιι-

2255 613 2418 685 τρὸς,
2478 615 2652 683 λέγων
2685 631 2700 648 ο
2737 614 2951 684 Πάτερ,
3002 621 3056 671 εί
3103 619 3386 688 δυνατὸν,
3440 625 3508 678 τὸ
3561 624 3822 694 ποτήριον

2271 705 2447 760 τοῦτο
2475 707 2817 772 παρελθέτω
2831 709 2931 762 ἀπ’
2961 710 3106 778 ἐμοῦ
3124 727 3144 773 ;
3159 713 3331 768 Τοῦτο
3355 716 3410 769 δὲ
3436 717 3538 769 οὐκ
3559 716 3819 781 αὑθεντίας

2257 795 2410 847 ἐστὶν
2467 797 2587 849 οὐδὲ
2619 799 3020 870 ἐκουσιότητος.
3072 803 3137 856 τὸ
3167 805 3302 876 πρὸς
3337 807 3528 879 ἕτερον
3567 810 3818 878 καταφεῦ-

2256 901 2378 950 γειν
2407 887 2467 940 ὲν
2491 891 2613 952 ταῖς
2641 889 2928 959 ἀνάγκαις,
2971 895 3068 947 καὶ
3099 895 3196 966 τῆς
3228 898 3442 951 ἐκείνου
3471 899 3682 953 δεῖσθαι
3715 901 3818 970 .801;-

2257 977 2422 1042 θείας.

2867 1075 3221 1145 Ἀπόκρισις.

2325 1159 2562 1232 Καιρίαν
2580 1156 2732 1230 οἶμαι
2759 1161 2974 1235 πληγὴν
2999 1168 3111 1229 τοῖς
3133 1167 3496 1238 ματαιόφροσι
3535 1170 3636 1222 καὶ
3660 1170 3820 1222 svasi-

2253 1249 2344 1302 Θεν
2377 1253 2676 1320 ἐπάγεσθαι
2709 1253 2815 1306 ὑπὸ
2845 1255 2944 1325 τῆς
2983 1255 3135 1320 θείας
3158 1258 3360 1329 χειρὸς,
3391 1261 3701 1324 {conﬁne};
3743 1265 3820 1315 καὶ

2252 1342 2348 1396 νῦν
2375 1344 2516 1415 πρὸς
2545 1345 2636 1400 τὸν
2662 1349 2965 1419 Γεννήτορα
3002 1349 3407 1421 δεικνυομὲνου,
3445 1354 3541 1406 καὶ
3575 1353 3821 1424 μηδεμιᾶς

2251 1435 2518 1507 ὑπάρχειν
2555 1437 2840 1502 αὑθεντίας
2861 1440 3141 1512 ἀναίρεσιν
3174 1445 3238 1496 ὲκ
3261 1444 3370 1496 τῶν
3395 1445 3518 1499 καθ’
3554 1446 3821 1517 ὑπόκρισιν

2249 1530 2551 1600 γινομένων
2595 1530 2760 1585 αὑτοῦ
2801 1531 3014 1600 φωνῶν.
3061 1534 3214 1587 Ἐπεὶ
3246 1535 3355 1606 γὰρ
3397 1536 3819 1608 δυσπαράδεκτκ

2246 1617 2314 1690 ἦν
2337 1623 2368 1692 ἡ
2392 1620 2683 1696 θεανδρικὴ
2715 1626 2879 1680 αὐτοῦ
2913 1627 3276 1698 ἐπιφοίτησις,
3309 1629 3594 1702 ὑπερϐολῇ
3627 1636 3820 1703 μετριόσ

2247 1732 2410 1788 τητος
2456 1718 2551 1770 καὶ
2600 1718 3008 1791 φιλανθρωπίας
3064 1721 3441 1793 ἀπιστουμένῃ
3470 1739 3482 1752 ⁸
3527 1725 3726 1788 σκοπὸς
3761 1722 3816 1795 ἦν

2249 1807 2400 1878 αὐτῷ
2429 1809 2491 1862 οὐ
2540 1809 2698 1882 ῥώμῃ
2734 1809 3011 1882 θειότητος
3056 1810 3367 1882 ἀμύνασθαι
3411 1813 3503 1866 τὸν
3536 1816 3813 1887 ἀλάστορι.

2247 1898 2347 1952 οὐκ
2397 1898 2816 1965 ὲξουσιαστικῶς
2872 1899 3123 1954 καθελεῖν
3176 1902 3341 1956 αὐτοῦ
3393 1905 3495 1973 τὴν
3537 1905 3813 1974 φάλαγγα·

2248 1989 2518 2061 πραότητι
2563 1990 2620 2044 δὲ
2675 1992 2874 2062 μᾶλλον
2925 1993 3021 2046 καὶ
3075 1993 3430 2065 μακροθυμίᾳ
3485 1999 3813 2067 κατακρίνειν

2247 2081 2339 2134 τὸν
2394 2083 2707 2136 ἀντίπαλον.
2743 2084 2804 2137 Ei
2835 2085 2943 2153 γὰρ
2976 2088 3040 2156 τῇ
3098 2089 3299 2158 φυσικῇ
3351 2087 3496 2158 ίσχύῖ
3552 2089 3812 2160 χρώμενος

2245 2168 2416 2244 ἧκεν,
2453 2174 2631 2240 ἔδοξεν
2691 2176 2758 2230 ἂν
2799 2178 2965 2249 μηδὲν
3011 2177 3447 2248 ἀξιοθαύμαστον
3498 2181 3666 2252 δρᾷν,
3701 2182 3812 2244 sz;

2248 2267 2384 2336 πρὸς
2423 2267 2654 2336 ἄγγελον
2700 2269 3014 2341 ἀποστάτην
3044 2270 3467 2344 ἀγωνιζόμενος.
3504 2275 3580 2328 Τδ
3604 2276 3650 2329 δ’
3677 2278 3808 2329 ἐναν-

2243 2359 2377 2425 τίον,
2405 2360 2610 2432 ἐπῆρεν
2642 2360 2708 2415 ἂν
2741 2361 2942 2432 μᾶλλον
2965 2363 3056 2416 τὸν
3069 2363 3318 2418 διάϐολον
3339 2369 3419 2431 είς
3447 2368 3719 2430 ἀπόνοιαν,
3748 2370 3810 2433 ὡς

2245 2455 2652 2525 ἀνταγωνιστὴν
2702 2455 2821 2526 Θεῷ
2867 2458 3290 2527 γινωσκόμενον.
3349 2459 3591 2524 Εἰκότως
3640 2459 3806 2533 οὗντῇ

2247 2545 2455 2618 βροτῶν
2489 2545 2771 2618 χρώμενος
2804 2547 3051 2619 εὐτελείᾳ
3076 2548 3328 2622 καθαιρεῖ
3360 2552 3528 2606 αὐτοῦ
3559 2555 3619 2607 τὸ
3660 2555 3807 2628 epiz-

2245 2656 2382 2710 γμα,
2417 2639 2515 2692 καὶ
2559 2639 2657 2710 τῆς
2701 2640 2856 2712 νίκης
2888 2641 2950 2693 τὸ
2984 2643 3245 2713 τρόπαιον
3283 2646 3415 2716 ἡμῖν
3445 2651 3730 2717 περιποιεῖ.
3755 2649 3804 2701 Εἰ

2243 2733 2353 2802 γὰρ
2395 2731 2683 2803 ἀνθρώπου
2721 2734 2843 2785 κατ’
2869 2733 3046 2805 ἀρχὰς
3077 2735 3435 2806 ὑπαχθέντος,
3477 2738 3554 2809 μὴ
3603 2740 3687 2793 διὰ
3726 2739 3803 2793 τοῦ

2242 2823 2406 2876 αὑτοῦ
2429 2823 2732 2896 ὁρωμένου,
2761 2825 2898 2878 Θεοῦ
2925 2826 2981 2878 δὲ
3007 2827 3321 2898 νοουμένου,
3352 2830 3620 2904 ἐχειρώθη
3640 2835 3668 2886 ὁ
3690 2851 3800 2906 πορο

2243 2915 2450 2987 θήσας,
2496 2915 2673 2982 ἔδοξεν
2715 2917 2783 2971 ἂν
2834 2918 3246 2990 ἀλλοτριοῦσθαι
3291 2921 3452 2992 ἡμῶν
3497 2924 3594 2977 τοῦ
3639 2927 3804 2994 γένους

2241 3009 2301 3060 τὸ
2335 3007 2682 3080 κατόρθωμα.
2729 3009 3030 3083 Θεανδρικῇ
3080 3011 3136 3066 δὲ
3182 3013 3341 3082 φύσει
3386 3017 3416 3068 0
3466 3016 3620 3086 ἅγιος
3656 3020 3801 3086 Λόγος

2246 3103 2627 3173 ἐπιφοιτήσας,
2651 3103 2746 3156 καὶ
2773 3102 2893 3172 ὄψει
2922 3104 3015 3157 τοῦ
3039 3105 3257 3170 ἁλόντος
3283 3108 3529 3179 ἡττήσας
3553 3111 3640 3164 τὸν
3666 3112 3801 3164 πολέ-

2247 3209 2403 3263 μιον,
2449 3193 2510 3247 τὸ
2544 3195 2664 3248 κατ’
2697 3195 2908 3249 ἐκείνου
2963 3197 3161 3269 κράτος
3189 3201 3343 3270 ἡμῖν,
3386 3201 3482 3254 its
3529 3201 3658 3268 Θεὸς
3681 3221 3800 3275 παρ·

2244 3287 2761 3360 ἐσχετο,θεηγορῶν,
2794 3291 2948 3346 Ἰδοὺ
2980 3291 3206 3348 δέδωκα
3241 3296 3384 3365 ὑμῖν
3405 3297 3687 3362 ἐξουσίαν
3708 3317 3798 3353 xa-

2244 3379 2371 3433 τεῖν
2410 3380 2612 3434 ἐπάνω
2653 3381 2848 3452 ὄφεων
2875 3390 2972 3438 καὶ
3003 3388 3330 3456 σκορπίων,
3370 3390 3468 3443 καί
3490 3392 3586 3444 ἐπὶ
3619 3390 3797 3446 πᾶσαν

2245 3472 2360 3540 τὴν
2383 3472 2642 3543 δύναμιν
2671 3475 2778 3530 τοῦ
2807 3476 3044 3546 ἐχθροῦ.

553 3578 732 3648 ipsum
769 3574 973 3645 ceperit
1004 3585 1020 3625 ι
1047 3581 1311 3641 tanquam
1343 3568 1488 3624 Deus
1521 3569 1814 3638 imperium
1869 3569 2030 3624 nobis
2085 3571 2137 3623 in
2177 3570 2354 3641 ipsum
2386 3570 2554 3638 dedit,
2587 3571 2850 3627 divinitus
2903 3574 2992 3628 illa
3049 3575 3210 3630 verba
3236 3581 3631 3647 pronuntians:
3679 3581 3795 3635 Em

551 3675 676 3730 dedi
715 3672 853 3730 vobis
903 3676 1217 3740 potestatem
1267 3666 1512 3720 calcandi
1546 3681 1704 3735 super
1747 3676 2008 3735 serpentes
2041 3677 2090 3720 et
2121 3670 2442 3736 scorpiones,
2471 3677 2520 3722 et
2543 3685 2699 3738 super
2721 3685 2924 3724 omnem
2941 3679 3253 3740 potestatem
3294 3674 3498 3728 inimici
3516 3677 3554 3729 ⁸.

927 3779 1443 3839 INTERROGATIO
1472 3779 1756 3837 CXXXIII.

560 3865 570 3877 ’
625 3881 761 3950 Quis
792 3888 875 3936 est
903 3877 1092 3950 igitur,
1126 3874 1218 3946 qui
1248 3873 1546 3930 cruciﬁxus
1599 3882 1703 3939 est,
1758 3873 1870 3929 imo
1907 3875 2002 3945 qui
2039 3875 2132 3929 de-

552 3983 828 4047 precatur,
865 3979 920 4026 et
951 3967 1174 4038 inquit:
1211 3965 1396 4033 Pater,
1427 3966 1474 4020 si
1513 3966 1629 4035 ﬁeri
1661 3973 1860 4036 potest,
1898 3975 2132 4020 transeat

551 4087 583 4120 ιι
625 4083 704 4120 me
726 4063 972 4135 poculum
1001 4063 1096 4114 hoc
1119 4059 1175 4112 '?

1181 4152 1488 4221 Responsio.

627 4253 734 4308 Nec
769 4250 931 4315 Deus,
971 4263 1070 4304 nec
1094 4247 1259 4302 homo
1291 4260 1564 4300 seorsum.
1592 4243 1780 4302 Nudus
1799 4245 1948 4300 enim
1970 4245 2134 4300 homo

552 4360 655 4400 nos
703 4356 922 4398 servare
955 4355 1062 4394 non
1101 4337 1390 4408 potuisset,
1425 4336 1568 4392 Deus
1631 4352 1760 4392 vero
1810 4337 1990 4392 nudus
2024 4336 2131 4405 pati

553 4431 758 4502 nequit.
793 4427 1160 4496 Quamobrem
1213 4423 1342 4480 fecit
1399 4426 1503 4480 hoc
1560 4441 1702 4482 unus
1737 4442 1803 4480 ex
1839 4425 2129 4488 ambobus,

551 4541 650 4597 per
678 4535 1007 4577 concursum
1036 4527 1090 4572 et
1119 4518 1376 4572 unionem
1415 4526 1736 4571 naturarum
1779 4532 1845 4570 ex
1870 4526 2127 4586 perpetua

552 4616 777 4688 Virgine.
806 4624 964 4668 natus
988 4611 1076 4665 ille
1104 4607 1469 4671 Homo-Deus,
1491 4609 1582 4677 qui
1609 4608 1968 4663 nihilominus
1985 4609 2128 4678 quod

552 4718 690 4776 erat,
728 4705 982 4762 servavit.
1014 4703 1157 4756 Idem
1189 4699 1354 4764 Deus,
1401 4700 1541 4753 idem
1593 4699 1782 4764 homo,
1819 4709 2010 4752 neutra
2044 4714 2130 4754 se-

551 4810 740 4877 parata
780 4806 998 4860 natura,
1028 4807 1250 4850 crucem
1316 4791 1656 4847 conscendit.
1720 4790 1957 4859 Ideoque
1995 4789 2130 4845 alias

551 4892 770 4964 quidem
802 4890 1014 4955 divino,
1050 4886 1187 4941 alias
1217 4900 1347 4940 vero
1379 4885 1621 4938 humano
1658 4897 1809 4936 more
1858 4883 2087 4952 loquens
2113 4921 2126 4947 ,

548 4979 941 5042 convenienter
960 4993 1019 5032 sc
1043 4974 1279 5046 tempori
1305 4973 1702 5029 accommodat.
1731 4969 1886 5026 Nunc
1910 4971 2130 5044 quidem

551 5077 711 5133 hoste
739 5088 797 5129 se
847 5069 1146 5128 extollente
1207 5083 1304 5138 per
1333 5067 1498 5122 verba
1554 5075 1608 5122 et
1646 5067 1801 5137 signa
1849 5064 2017 5120 Deum
2073 5080 2133 5122 se

553 5163 817 5236 subjectis
848 5161 1114 5225 declarat,
1162 5173 1356 5213 rursus
1408 5173 1534 5212 vero
1568 5157 1686 5228 ipso
1739 5156 2034 5212 accedente
2078 5167 2132 5214 et

551 5253 814 5314 attentius
873 5252 1222 5322 inspiciente,
1285 5266 1414 5305 num
1450 5265 1576 5305 vere
1635 5249 1779 5304 Deus
1835 5261 2003 5314 esset,
2037 5253 2128 5320 qui

551 5351 899 5420 aliquatenus
933 5361 1054 5400 esse
1089 5342 1402 5414 apparebat,
1440 5352 1683 5398 ct........
1719 5343 1786 5396 ad
1819 5341 2128 5397 certamina

549 5452 606 5501 t‘t
636 5441 858 5501 luctam,
893 5452 1085 5491 rursus
1120 5435 1367 5489 mortalia
1421 5451 1530 5504 pra:
1597 5451 1654 5489 se
1708 5433 1833 5499 fert,
1886 5449 1955 5490 ne
1992 5434 2131 5491 forte

550 5519 925 5603 expavescens
958 5528 1309 5582 adversarius
1345 5526 1616 5598 refugeret
1657 5542 1830 5596 usque
1880 5527 1948 5581 ad
2001 5543 2127 5583 cru-

549 5643 672 5684 cem
732 5635 785 5679 et
841 5633 1070 5677 mortem
1133 5621 1310 5690 ipsum
1365 5637 1723 5691 oppugnare:
1772 5621 1824 5674 in
1881 5635 1991 5691 quo
2022 5637 2130 5677 uno

553 5730 666 5778 tota
693 5716 986 5771 llomo-lfci
1025 5713 1248 5766 victoria
1288 5713 1386 5766 situ
1429 5722 1564 5766 etut.

2802 3788 3053 3842 ΠΕΥΣΙΣ
3093 3789 3262 3844 ΡΛΓ’.

2313 3879 2409 3945 Τίς
2435 3876 2530 3934 οὖν
2553 3882 2696 3934 ἐστιν
2715 3882 2743 3934 0
2767 3879 3001 3949 σταυροῦ
3010 3898 3192 3951 μενος,
3225 3883 3424 3952 μᾶλλον
3450 3884 3504 3938 δὲ
3527 3887 3790 3957 παραιτού-

2245 3987 2425 4041 μενος,
2462 3971 2556 4025 καὶ
2586 3971 2777 4040 λέγων,
2816 3968 3026 4039 Πάτερ,
3069 3973 3122 4025 εὶ
3161 3971 3455 4040 δυνατὸν,
3485 3977 3786 4044 παρελθέτω

2239 4063 2341 4115 ἀπ’
2365 4062 2512 4132 ἐμοῦ
2548 4063 2613 4116 τὸ
2657 4063 2944 4137 ποτήριον
2986 4063 3198 4127 τοῦτο;

2863 4157 2910 4210 Ἄ
2922 4157 3223 4224 πόκρισις.
3753 4231 3756 4234 γ

2312 4247 2612 4320 Οὺθέτερος
2646 4247 2765 4301 καθ’
2790 4249 3002 4303 ἑαυτόν.
3050 4248 3246 4319 Βροτὸς
3286 4250 3396 4322 γὰρ
3437 4251 3586 4322 ψιλὸς
3619 4250 3783 4317 σώζειν

2234 4340 2332 4410 οὐχ
2377 4335 2488 4404 οἷός
2515 4357 2574 4393 τε
2603 4355 2616 4368 ⁶
2651 4339 2784 4405 Θεὸς
2831 4341 2885 4394 δὲ
2919 4342 3123 4412 γυμνὸς
3169 4343 3398 4414 πάσχειν
3441 4345 3503 4397 οὐ
3553 4345 3777 4414 πέφυκεν.

2248 4431 2386 4484 Ἀλλ’
2414 4425 2494 4494 εἷς
2543 4430 2603 4496 ἐξ
2631 4433 2834 4503 ἀμφοῖν
2863 4436 2929 4504 τῇ
2963 4436 3164 4506 συνόδῳ
3214 4437 3306 4489 καὶ
3337 4436 3528 4491 ὲνὼσει
3572 4437 3668 4491 τῶν
3691 4437 3777 4506 σύ-

2238 4540 2394 4586 σεων,
2437 4526 2465 4577 0
2501 4525 2565 4577 ἐκ
2589 4526 2687 4594 τῆς
2721 4526 3022 4589 Ἀείπαιδος
3054 4528 3262 4598 τεχθεὶς
3298 4528 3570 4602 θέανδρος,
3597 4529 3774 4598 ἁλώδη-

2235 4634 2326 4670 τον
2352 4617 2518 4688 αὐτὴν
2552 4617 2908 4689 διατηρήσας,
2935 4622 2963 4674 0
2990 4621 3149 4685 αὐτὸς
3175 4623 3328 4686 Θεὸς.
3363 4625 3392 4676 0
3417 4625 3576 4688 αὐτὸς

2234 4705 2349 4760 οὗθ’
2379 4708 2571 4778 ἑτέρας
2621 4709 3014 4781 ἁποκριθείσης
3062 4711 3273 4780 φύσεως
3299 4714 3390 4766 τὸν
3428 4715 3649 4786 σταυρὸν
3669 4713 3770 4766 0v:-

2240 4798 2540 4860 ϐαίνοντας.
2559 4797 2650 4851 Διὸ
2675 4801 2752 4871 πὴ
2777 4800 2877 4872 μὲν
2900 4800 3077 4865 θείως.
3105 4803 3177 4873 πὴ
3201 4802 3256 4856 δὲ
3292 4803 3638 4874 ἀνθρωπίνως
3663 4805 3767 4874 φρί-

2230 4890 2338 4954 ζων
2393 4890 2740 4961 καταλλήλως
2791 4891 2872 4962 τῷ
2923 4892 3100 4962 καιρῷ
3147 4893 3500 4964 ἀρμόττεται.
3549 4897 3654 4950 Νῦν
3691 4895 3767 4965 μὲν

2228 4981 2322 5034 τοῦ
2353 4983 2546 5053 ἐχθροῦ
2585 4985 3073 5054 μετεωριζομένου,
3109 4985 3196 5038 διὰ
3221 4986 3326 5039 τῶν
3372 4987 3543 5058 λόγων
3574 4991 3657 5043 καὶ
3689 5003 3764 5056 οη-

2233 5071 2401 5140 μείων
2451 5070 2583 5123 Θεὸν
2624 5071 2815 5124 ἑαυτὸν
2861 5071 3210 5126 ἀποδείκνυσι
3261 5077 3398 5147 πρὸς
3435 5077 3496 5129 τὸ
3534 5078 3757 5148 ὑπήκοον·

2231 5163 2392 5216 πάλιν
2431 5163 2486 5215 δὲ
2530 5163 2695 5216 αὑτοῦ
2751 5164 3157 5233 ὲπιφοιτοῦντος
3193 5169 3286 5220 καὶ
3331 5165 3759 5233 ὲνατενίζοντοςεί

2230 5253 2444 5326 ἀληθῶς
2472 5254 2604 5318 Θεὸς
2629 5256 2860 5326 ὑπάρχει
2889 5258 2918 5308 ό
2949 5258 3262 5327 ὑποφαίνων
3292 5261 3384 5311 καὶ
3405 5300 3419 5314 .
3445 5302 3456 5314 .
3477 5300 3490 5311 .
3515 5298 3527 5313 .
3551 5299 3564 5311 .
3584 5300 3597 5313 .
3619 5301 3628 5313 .
3658 5257 3756 5326 πρὸς

2228 5349 2354 5412 τοὺς
2393 5347 2610 5415 ἀγῶνας
2652 5347 2748 5400 καὶ
2776 5349 2837 5401 τὸ
2863 5349 3113 5420 σκάμμα,
3137 5346 3294 5414 αὖθις
3336 5351 3403 5403 τὰ
3443 5350 3635 5423 βροτῶν
3657 5350 3757 5402 ὑπο-

2231 5440 2511 5512 κρίνεται,
2553 5444 2747 5512 μήπως
2788 5441 2995 5511 πτήξας
3039 5444 3067 5495 ὁ
3115 5442 3181 5496 δι’
3227 5445 3474 5508 ἐναντίας
3527 5441 3754 5512 ἀποδράσζ

2235 5533 2396 5603 μέχρι
2436 5531 2668 5603 σταυροῦ
2705 5532 2797 5586 καὶ
2847 5531 3078 5586 θανάτου
3123 5534 3583 5603 καταγωνίσασθαι
3610 5550 3622 5564 ⁸
3653 5520 3753 5598 iw;

2231 5624 2292 5675 τὸ
2329 5625 2435 5676 πᾶν
2465 5623 2565 5692 τῆς
2600 5620 2926 5694 θεανδρικῆς
2957 5623 3111 5695 νίκης
3141 5625 3365 5698 ἤρτητο.

625 5901 647 5934 ⁸
673 5899 863 5956 Matth.
896 5915 1042 5964 κιαι,
1074 5900 1160 5962 59,
1240 5902 1258 5930 ’⁵
1292 5898 1400 5952 Luc
1459 5917 1508 5960 ιι,
1541 5901 1617 5954 11).
1701 5901 1717 5930 ⁸
1754 5896 1943 5952 Matth.
1985 5912 2130 5962 XXVI,
2169 5898 2254 5953 59.
