3874 6512
56 413 175 471 (057

601 527 848 579 ΠΕΥΣίΣ
886 525 1052 579 ΡΛΔ’.

111 641 213 693 Καὶ
247 639 392 694 διατί
429 639 603 693 ἐλθὼν
642 640 717 711 μὴ
758 643 823 693 ἐκ
871 637 964 693 τοῦ
1014 635 1251 708 φανεροῦ
1295 633 1615 705 ἐσταυρώθη

55 731 251 802 θαρρῶν
302 735 368 802 τῇ
411 731 607 785 ἑαυτοῦ
645 730 791 801 ἰσχύϊ
829 749 842 760 ·
873 730 1006 784 ἀλλὰ
1052 728 1184 783 ποτὲ
1227 727 1326 799 μὲν
1382 724 1618 794 πτωχὸς,

58 826 166 877 ποτε
189 824 243 876 δὲ
287 824 515 894 φαιδρὸς
565 822 866 892 διαγίνεται
890 840 906 889 ;
932 822 1019 876 διὰ
1048 821 1100 874 τί
1129 821 1224 875 καὶ
1258 818 1463 873 δειλίαν
1487 818 1623 870 ὑπο-

54 915 278 986 κρίνεται
299 914 436 978 Θεὸς
469 912 548 968 ὥν
585 931 602 981 ;

645 1028 1012 1096 Ἀπόκρισις.

107 1141 249 1193 ἐπεὶ
268 1141 378 1194 οὐδ’
431 1140 626 1212 ἐχθρὸς
657 1140 908 1212 φανερῶς
929 1142 1041 1200 τοῖς
1066 1139 1438 1210 προπάτορσιν
1464 1138 1496 1209 ή
1503 1135 1623 1208 μῶν

54 1238 98 1287 ἐν
129 1233 440 1305 παραδείσῳ
470 1233 727 1303 ἔψαυσεν,
761 1233 885 1285 ἐπεὶ
921 1231 986 1286 ἂν
1008 1229 1342 1302 ἐφυλάξαντο
1373 1229 1472 1302 τὴν
1499 1231 1624 1283 ὑπο-

58 1326 238 1397 στεορᾶν
269 1327 368 1380 καὶ
420 1326 510 1379 τὸν
543 1325 754 1379 ὄλισθον
783 1342 796 1355 ·
829 1324 922 1377 νῦν
961 1323 1018 1376 δὲ
1064 1322 1298 1393 κρύπτει
1330 1323 1427 1392 μὲν
1461 1323 1518 1374 ὲν
1547 1320 1624 1392 τῷ

57 1419 154 1483 liuet
183 1417 279 1488 τὴν
303 1416 492 1485 φύσιν,
521 1415 746 1479 ὲνωθεὶς
779 1413 948 1484 αὐτῷ,
985 1414 1078 1468 καί
1106 1431 1239 1483 φησι
1269 1417 1334 1484 τῇ
1365 1413 1620 1484 ταλαίνῃ·

56 1503 123 1581 ᾟ
133 1509 178 1560 δ’
200 1507 275 1560 ἂν
299 1507 494 1576 ἡμέρᾳ
513 1505 778 1575 φάγεσθε
808 1505 914 1560 τοῦ
947 1505 1461 1576 ἀπηγορευμένον,
1486 1505 1625 1558 ἔσε-

57 1606 145 1654 σθε
187 1601 264 1668 ὡς
321 1602 473 1656 θεοί.
519 1599 624 1654 Καὶ
665 1599 939 1652 συνελόντι
969 1598 1166 1668 φάναι,
1207 1598 1294 1652 διὰ
1338 1597 1446 1652 τῶν
1477 1597 1624 1668 ὲξῆς,

57 1693 260 1765 δολερῶς
305 1693 411 1764 τῆς
451 1691 727 1762 μακαρίας
771 1691 970 1754 αὑτοὺς
1018 1691 1275 1761 ἀπήγαγε
1310 1690 1474 1762 ζωῆς.
1506 1691 1629 1762 Ῥή-

59 1803 171 1857 μασι
197 1787 385 1839 τοίνυν
413 1785 650 1856 δολεροῖς
677 1786 985 1855 ἀπατήσας,
1021 1784 1228 1854 ῥήμασι
1260 1783 1460 1846 θεῖκοῖς
1485 1786 1628 1851 ἡπα-

59 1883 172 1951 τήθη
196 1881 222 1930 6
247 1879 488 1944 δείλαιος
529 1877 743 1950 ἐχθρός.
780 1877 855 1932 Ού
901 1877 1084 1930 τοίνυν
1123 1878 1241 1930 ἐκεῖ
1284 1876 1408 1946 ὄφις
1440 1875 1632 1946 ψιλὸς,

56 1973 156 2026 οὐδὲ
185 1971 438 2034 διάϐολος
485 1969 714 2041 γυμνὸς,
762 1968 884 2022 οὑδὲ
930 1967 1166 2021 ἐνταῦθα
1218 1967 1410 2038 βροτὸς
1453 1967 1630 2038 ψιλὸς,

57 2066 155 2119 οὑδὲ
185 2065 318 2128 Θεὸς
363 2062 593 2134 γυμνός.
631 2061 750 2115 Οὐδ’
792 2057 858 2115 αὖ
900 2060 1064 2114 πάλιν
1114 2060 1286 2131 δειλιᾷ
1311 2103 1326 2124 ,
1355 2059 1489 2113 ἀλλὰ
1534 2078 1633 2113 σα-

60 2158 154 2226 φῶς
183 2155 295 2208 λύει
336 2153 434 2207 τοῦ
477 2153 666 2224 μωροῦ
696 2153 758 2206 τὸ
807 2153 1067 2222 σόφισμα.
1107 2151 1297 2222 Ἀθρει
1344 2151 1408 2220 δὴ
1443 2146 1533 2206 οὖν
1573 2152 1634 2204 τὸ

60 2247 361 2319 αὐθαίρετον
389 2247 483 2298 καὶ
511 2244 794 2316 ῥωμαλέον
819 2244 918 2313 τῆς
944 2243 1066 2296 καθ’
1085 2244 1374 2315 ὑπόκρισιν
1407 2242 1629 2306 δειλίας.

62 2343 200 2394 Ὅταν
230 2338 391 2410 αὑτῷ
416 2337 648 2410 ἐπῆλθον
675 2340 724 2394 οἰ
752 2336 1120 2409 συλλήπτορες
1156 2335 1421 2400 Ἰουδαῖοι,
1447 2336 1636 2408 πηρώ-

63 2451 140 2498 ea;
176 2433 381 2496 αὑτοὺς
413 2431 582 2502 φησι·
615 2431 755 2485 Τίνα
791 2428 1047 2498 (quin;
1076 2429 1196 2482 Τών
1233 2429 1290 2482 δὲ
1335 2430 1635 2501 εἰρηκότων

71 2526 252 2596 Ἰησοῦν
285 2527 508 2596 ζητεῖν,
533 2520 688 2588 αὖθις
724 2523 963 2577 δείκνυσι
994 2522 1054 2576 τὸ
1096 2522 1367 2585 ἑκούσιον,
1405 2523 1498 2576 καὶ
1531 2539 1634 2592 φη-

65 2622 128 2672 σὶν
153 2622 358 2683 αὐτοῖς,
401 2617 557 2674 Ἰδοὺ
603 2617 719 2687 ἐγώ
748 2620 888 2687 εἰμι,
926 2615 1022 2670 καὶ
1059 2615 1254 2670 θᾶττον
1286 2616 1478 2668 ἕπεται
1523 2618 1635 2679 τοῖς

66 2715 278 2784 ζητοῦσι.
329 2713 429 2778 Τίς
463 2708 557 2766 οὖν
613 2709 798 2783 εἶργεν
834 2711 997 2765 αὑτὸν
1036 2710 1326 2781 διαπτῆναι
1376 2711 1503 2773 τοὺς
1534 2707 1636 2778 γῦ-

65 2807 288 2872 παςςτίς
326 2803 568 2858 ἐκώλυεν
599 2803 922 2874 ἐκφοιτῆσαι
960 2803 1068 2857 τῶν
1109 2802 1498 2874 πηρωθέντων,
1533 2808 1638 2873 φά-

66 2917 255 2960 σκοντα,
307 2897 641 2963 Ἐξουσίαν
680 2897 799 2967 ἔχω
847 2897 1034 2952 θεῖναι
1085 2895 1202 2964 τὴν
1254 2893 1470 2964 ψυχήν
1491 2914 1634 2965 μου,

63 2991 141 3045 καὶ
166 2990 361 3044 ,πάλιν
388 2988 598 3043 λαϐεῖν
621 2989 850 3053 α·ὐτήν;
881 2988 1004 3052 ΙΙῶς
1047 2988 1104 3042 δὲ
1150 2987 1242 3041 καὶ
1273 2988 1464 3059 Πέτρῳ
1498 2987 1637 3059 πλη-

65 3084 241 3148 κτικῶς
273 3083 670 3154 ὲπιτιμήσαντι
698 3081 846 3152 αὑτῴ
873 3080 1318 3152 ἀποκαλούμενος
1343 3083 1434 3134 τὸν
1473 3098 1638 3135 σταυ-

67 3179 140 3246 ρὸν
191 3175 347 3245 αὑτῷ
399 3175 819 3246 άπευχόμενον;
868 3174 1009 3245 Φησὶ
1062 3175 1171 3246 γὰρ
1218 3172 1296 3244 τῷ
1345 3173 1636 3244 ἀγαπητῷ,

68 3270 274 3338 Ὕπαγε
301 3268 496 3322 ὀπίσω
505 3286 648 3338 μου,
665 3265 924 3328 Σατανᾶ,
942 3266 1032 3320 ὅτι
1060 3268 1132 3319 οὐ
1161 3265 1403 3334 φρονεῖς
1432 3265 1505 3319 τὰ
1531 3265 1638 3321 τοῦ

68 3361 212 3426 Θεοῦ,
241 3359 412 3414 ἀλλὰ
448 3360 520 3412 τὰ
548 3357 666 3412 τῶν
697 3358 1040 3427 ἀνθρώπων.
1078 3355 1312 3421 Ὧσανεὶ,
1343 3356 1522 3411 Ἔπου
1550 3373 1639 3427 μοι

67 3455 144 3506 καὶ
186 3455 260 3525 μὴ
321 3450 578 3524 προπήδα
630 3451 844 3519 ἀγνοῶν
901 3450 1000 3522 τὴν
1037 3451 1389 3520 οἰκονομίαν,
1428 3449 1522 3503 καὶ
1569 3450 1637 3519 τῇ

66 3545 166 3614 ίλᾷει
213 3547 318 3612 τῆς
348 3544 550 3614 σαρκὸς
596 3543 1022 3615 περικλώμενος.
1056 3543 1181 3606 Πῶς
1205 3542 1314 3613 γὰρ
1344 3541 1508 3598 δείσω
1545 3541 1643 3596 θά-

68 3656 201 3692 νατον
247 3640 284 3709 ἡ
336 3636 604 3700 ἀθάνατος
655 3635 808 3705 {uti};
851 3635 976 3697 Πῶς
1033 3635 1204 3698 πάθος
1260 3633 1570 3704 ἀπεύξομαι
1613 3635 1642 3687 6

68 3731 215 3802 ὶντήρ
253 3729 366 3782 τῶν
403 3727 624 3794 παθῶν;
645 3730 674 3782 6
700 3729 812 3799 ἁφῇ
845 3727 1028 3800 χειρὸς
1057 3728 1289 3798 τυφλοὺς
1325 3728 1639 3799 ἰασάμενος,

69 3825 319 3895 ἀρήματι
369 3819 513 3892 ψιλῷ
560 3820 931 3894 παρειμένους
985 3819 1280 3888 σθενώσας,
1313 3823 1406 3875 καλ⁸
1454 3822 1642 3892 φέρειν

69 3919 174 3979 τοὺς
210 3915 483 3985 φέροντας
529 3914 832 3984 σκίμποδας
880 3915 1130 3984 ποιήσας.
1166 3917 1194 3966 6
1220 3915 1430 3985 κρήνας
1472 3915 1642 3984 αἰμά-

70 4025 160 4061 των
211 4007 546 4079 κρασπέδοις
583 4004 822 4078 ξηράνας
846 4046 862 4070 ,
899 4008 992 4060 καὶ
1047 4005 1283 4076 λεπροὺς
1328 4006 1428 4077 τὴν
1461 4005 1643 4076 λώϐην

69 4103 330 4165 ἀποδύσας
355 4144 370 4167 ,
401 4104 430 4155 6
463 4100 735 4168 λεγεῶνας
796 4100 1066 4170 δαιμόνων
1109 4099 1491 4171 προστάγματι
1547 4117 1645 4167 φυ-

71 4195 320 4261 γαδεύσας
344 4236 359 4259 ,
394 4196 422 4247 6
464 4193 562 4264 τὴν
605 4192 838 4246 ἄϐυσσον
897 4193 1053 4264 δίκην
1098 4195 1295 4263 χέρσου
1336 4194 1584 4262 πατήσας
1623 4207 1640 4252 3

71 4288 95 4336 6
125 4289 329 4358 σιωπᾷν
382 4286 552 4356 αὑτὴν
591 4285 686 4340 καὶ
737 4284 1034 4356 φιμοῦσθαι
1073 4283 1488 4356 κορυφουμένην
1549 4283 1644 4336 καὶ

70 4379 434 4450 ἁραττομένην
455 4379 710 4447 ποιήσας,
735 4379 763 4430 6
779 4379 893 4440 τοῖς
920 4376 1194 4446 πνεύμασι
1215 4376 1313 4447 τὴν
1338 4378 1494 4448 χεῖρα
1513 4377 1648 4447 πρὸς

71 4465 290 4536 ἠρεμίαν
337 4465 615 4528 ἐκτείνας,
645 4465 711 4518 δι’
745 4457 821 4518 ὧν
847 4465 945 4536 τὴν
980 4466 1185 4538 οἰδησιν
1233 4467 1326 4523 καὶ⁹
1360 4467 1452 4520 τὸν
1486 4467 1648 4523 σάλον

72 4557 353 4629 ὑπέμενον·
380 4560 411 4613 6
451 4558 614 4613 πέντε
661 4558 845 4630 ἄρτοις
885 4560 1357 4630 πεντακισχιλίους
1378 4562 1458 4624 εἰς
1486 4562 1648 4632 κόρον

74 4646 487 4717 ἑστιασάμενος,
527 4647 621 4702 καὶ
675 4653 787 4711 τοῖς
831 4648 1042 4702 ἐκεῖθεν
1095 4649 1370 4720 λειψάνοις
1419 4651 1647 4708 δεκαδύο

71 4737 354 4809 πληρώσας
402 4738 656 4808 κοφίνους
691 4755 704 4768 ·
735 4740 764 4792 6
804 4737 1054 4810 Λάζαρον
1091 4742 1466 4813 τετραήμερον
1510 4745 1642 4799 66o)—

71 4831 202 4894 δότα,
235 4833 374 4902 πρὸς
402 4832 735 4896 παλινζωῖαν
757 4833 823 4886 ὲκ
853 4833 1026 4901 τάφου
1055 4832 1334 4905 άλώϐητον
1363 4838 1638 4908 φωνήσας·

71 4927 97 4978 6
118 4925 216 4978 τῶν
239 4927 379 4980 ὅλων
402 4923 736 4996 δημιουργὸς
772 4923 867 4976 καὶ
891 4922 1042 4988 Θεὸς,
1078 4923 1190 4996 ζωὴ
1225 4927 1319 4979 καὶ
1345 4926 1642 4991 ἀνάστασις

72 5017 218 5081 αὐτὸς
251 5019 537 5087 ὑπάρχων.
588 5017 982 5089 ’Υποκρίνομαι
1014 5017 1131 5082 δέος
1173 5017 1268 5071 καὶ
1311 5019 1643 5090 μετριότητα

71 5109 130 5176 τῇ
179 5107 460 5178 παραϐολῇ
500 5107 599 5177 τῆς
655 5106 890 5180 σαρκὸς,
921 5107 1183 5179 θηρεῦσαι
1232 5108 1323 5162 τὸν
1375 5109 1642 5182 δράκοντα

75 5197 405 5270 βουλόμενος,
439 5198 531 5254 τὸν
556 5199 648 5253 ὑπ’
676 5198 811 5268 ἐμοῦ
841 5200 941 5271 μὲν
975 5201 1400 5273 ὲμπαιζόμενον,
1435 5202 1644 5275 βροτοῖς

72 5289 120 5342 δὲ
162 5291 503 5362 ἐμπαίζοντα
539 5291 805 5348 διάϐολον.
855 5292 1063 5358 Ἀλιεὺς
1095 5293 1204 5364 γὰρ
1240 5294 1500 5367 ὑπάρχων
1550 5296 1646 5350 καὶ

74 5381 356 5455 ἄγκιστρον
403 5384 641 5456 ἐμαυτὸν
676 5383 894 5456 καθῆκα
923 5387 980 5438 ὲν
1018 5385 1098 5456 τῷ
1139 5385 1288 5458 βυθῷ
1316 5388 1469 5443 τοῦδε
1504 5388 1643 5460 βίου,

75 5473 420 5544 περιθέμενος
471 5474 732 5547 σκώληκα
779 5476 878 5548 τήν
916 5476 1150 5532 ἁλοῦσαν
1189 5477 1394 5551 βροτῶν
1439 5482 1642 5554 σάρκα,

74 5563 220 5628 αὐτὸς
251 5567 342 5636 ὑφ’
378 5566 575 5622 ἑαυτοῦ
608 5569 728 5622 κατ’
773 5568 1013 5634 ἰκείνους
1041 5570 1325 5642 ἀτρέπτως
1355 5574 1648 5645 γενόμενος

87 5654 246 5731 ’Δδάμ
270 5676 284 5690 ·
316 5661 411 5716 καί⁵
431 5661 507 5725 ὡς
537 5663 722 5724 ἁλιεὺς
749 5662 844 5717 νῦν
881 5663 980 5734 μὲν
1007 5665 1328 5722 -ὑποσαίνων
1358 5671 1451 5724 καὶ
1483 5669 1646 5739 ὑφέλσ

76 5763 174 5802 κων
203 5753 260 5804 ἐν
281 5751 360 5823 τῷ
388 5752 534 5824 βυθῷ
567 5753 851 5824 δεδομένον
879 5755 939 5807 τὸ
985 5756 1302 5825 ἄγκριστον,
1332 5760 1424 5814 νῦν
1453 5762 1496 5815 δ’
1519 5764 1647 5824 ᾕρε-

145 5901 324 5988 ⁵6ειι.
360 5947 443 5998 Ill,
499 5933 554 5990 5.
631 5933 1015 6006 ’Joan.xvm,
1047 5937 1098 5993 4.
1178 5938 1199 5969 '
1231 5939 1364 5998 ibid.
1411 5940 1463 5996 5.
1542 5942 1748 6000 ’Joan.
1797 5963 1847 6016 κ,
1891 5948 1969 6003 l8.
2053 5949 2094 5982 ¹⁰
2149 5949 2318 6008 Marc.
2361 5968 2478 6021 vni,
2530 5951 2619 6007 55.

1386 398 1737 460 DIALOGUS
1796 401 1882 457 Ill.

3173 403 3312 464 1031

2088 521 2153 575 IN
2162 521 2609 580 TERROGATIO
2649 522 2940 581 CXXXIV.

1801 631 1867 686 Et
1898 649 2069 702 quare
2120 636 2348 692 veniens
2388 652 2498 691 non
2546 638 2836 694 manifeste
2870 636 3172 694 cruciﬁxus
3203 643 3313 704 est,

1730 727 1971 781 conlisus
2009 742 2107 781 sua
2141 728 2315 797 ipsius
2347 729 2686 795 fortitudine,
2722 729 2819 784 sed
2852 730 3155 800 aliquando
3184 731 3313 800 qui-

1729 819 1852 873 dem
1892 819 2070 890 inops,
2098 821 2394 892 aliquando
2422 839 2551 878 vero
2579 823 2900 892 splendidus
2951 823 3078 879 est?
3131 822 3317 890 Quare

1731 910 1859 965 item
1885 910 2238 968 formidinem
2271 931 2381 985 prae
2409 932 2469 971 se
2495 917 2622 980 fert,
2653 932 2777 972 cum
2810 916 2953 971 Deus
2983 916 3172 972 esset?

2375 1031 2682 1101 Responsio.

1803 1141 2072 1210 Quoniam
2115 1160 2292 1217 neque
2327 1146 2442 1216 ipse
2477 1146 2733 1202 inimicus
2766 1146 3055 1203 manifeste
3088 1147 3299 1216 primos

1732 1243 1996 1305 parentes
2028 1246 2250 1292 nostros
2299 1238 2354 1292 in
2389 1238 2647 1309 paradiso
2701 1253 2997 1309 aggressus
3058 1248 3179 1303 est,
3223 1237 3320 1308 qui

1733 1329 2070 1398 caeteroquin
2110 1343 2142 1383 a
2181 1329 2574 1400 depravatione
2609 1347 2676 1387 ac
2704 1333 2864 1404 lapsu
2889 1334 2993 1388 sibi
3015 1333 3316 1399 cavissent,

1735 1420 1829 1474 sed
1867 1420 2186 1475 occultabat
2213 1421 2266 1475 in
2303 1424 2577 1493 serpentis
2608 1425 2794 1494 specie
2850 1442 3006 1482 suam
3038 1437 3317 1490 naturam,

1735 1509 1814 1564 illi
1847 1511 2074 1577 unitos;
2108 1522 2160 1568 et
2191 1513 2409 1568 dicebat
2437 1515 2505 1570 ad
2541 1516 2798 1571 miseram
2835 1536 2848 1572 :
2889 1517 3211 1590 Quocunque
3234 1518 3323 1572 a’ie
3361 1568 3367 1572 .

1737 1596 2072 1652 comederitis
2102 1598 2166 1654 de
2221 1603 2408 1655 arbore
2439 1604 2624 1666 uetita,
2665 1607 2813 1660 eritis
2875 1616 3127 1675 tanquam
3172 1610 3247 1664 dii
3276 1608 3319 1662 ‘.

1736 1687 1824 1752 Et,
1856 1698 1915 1743 ut
1949 1690 2189 1746 breviter
2217 1695 2399 1748 omnia
2425 1695 2698 1765 proferam
2731 1713 2856 1766 quae
2885 1699 2960 1753 ibi
2987 1710 3316 1770 sequuntur,

1738 1779 1929 1835 dolose
1961 1781 2111 1851 ipsos
2145 1783 2214 1839 ab
2245 1785 2334 1839 illa
2367 1785 2526 1842 beata
2551 1787 2660 1842 vita
2693 1790 2936 1853 seduxit,
2966 1793 3198 1861 proinde
3224 1795 3322 1864 qui

1735 1874 1918 1929 verbis
1953 1874 2160 1930 dolosis
2199 1876 2433 1948 decepit,
2491 1882 2669 1937 verbis
2696 1882 2896 1938 divinis
2929 1883 3190 1954 deceptus
3237 1896 3326 1943 est

1735 1963 1925 2019 infelix
1959 1965 2153 2022 hostis.
2185 1966 2304 2024 Non
2336 1971 2500 2040 igitur
2533 1973 2642 2028 illic
2689 1974 2870 2030 nudus
2901 1985 3018 2030 erat
3049 1993 3277 2048 serpens
3301 2021 3322 2047 ,

1736 2075 1914 2130 neque
1944 2061 2196 2118 diabolus
2227 2065 2450 2132 nudus;
2490 2081 2668 2136 neque
2726 2068 2816 2124 hic
2874 2070 3040 2127 homo
3094 2074 3321 2142 nudus,

1737 2166 1838 2206 nec
1868 2149 2012 2207 Deus
2041 2153 2241 2208 nudus.
2267 2153 2379 2211 Nec
2410 2157 2538 2211 item
2603 2158 2996 2218 formidolosus
3050 2178 3155 2232 est,
3227 2169 3323 2224 sed

1737 2252 1927 2310 aperte
1965 2244 2119 2298 stulti
2163 2247 2349 2302 dolum
2393 2249 2640 2306 inutilem
2694 2253 2888 2309 reddit.
2927 2256 3061 2313 Vide
3091 2259 3227 2314 mihi
3258 2261 3324 2316 li—

1739 2333 2004 2391 bertatem
2037 2348 2091 2393 et
2117 2339 2288 2396 robur
2324 2342 2540 2404 timoris
2586 2361 2748 2416 quem
2802 2364 2914 2418 pra:
2973 2366 3033 2406 se
3087 2351 3315 2417 ferebat,

1738 2444 1860 2482 cum
1893 2429 2073 2500 ipsum
2104 2433 2428 2494 invaderent
2480 2452 2606 2493 eum
2643 2444 3095 2512 comprehensuri
3125 2444 3322 2505 Judaei.

1739 2516 1873 2572 Nam
1915 2523 2164 2579 caecitate
2195 2535 2490 2594 percussos
2525 2529 2828 2601 interrogat
2859 2553 2872 2587 :
2904 2533 3071 2600 Quem
3123 2541 3323 2607 quaeri-

1740 2611 1810 2663 tis
1830 2612 1848 2641 ⁷
1875 2611 1898 2664 ?
1927 2611 2005 2667 Illi
2038 2630 2166 2669 vero
2196 2627 2488 2692 postquam
2525 2622 2795 2679 dixissent
2826 2642 2885 2680 se
2948 2627 3137 2683 Jesum
3171 2646 3323 2701 quaa-

1740 2717 1882 2768 rere,
1925 2721 2120 2778 rursus
2160 2712 2402 2782 ostendit
2459 2713 2594 2783 ipsis
2647 2727 3010 2786 spontaneam
3071 2725 3327 2782 volunta»

1743 2807 1873 2860 tem,
1900 2809 1953 2855 et
1993 2801 2105 2857 ait:
2151 2802 2287 2858 Ecce
2324 2819 2418 2877 ego
2448 2809 2631 2864 sum“.
2677 2812 2855 2882 Atque
2898 2814 3187 2874 confestim
3234 2835 3326 2875 se-

1740 2892 1930 2962 quitur
1964 2909 2023 2948 se
2050 2906 2381 2964 quaerentes.
2405 2897 2541 2966 Quis
2573 2900 2838 2974 impedire
2875 2908 3143 2976 potuisset
3182 2929 3328 2981 quo-

1744 2985 1928 3040 minus
1959 2987 2240 3044 celeritate
2275 2991 2531 3049 avolandi
2559 3008 2843 3066 superaret
2874 3002 3122 3060 vulturcs
3148 3005 3174 3061 ?
3200 3009 3328 3077 quis

1743 3075 2121 3146 prohibuisset
2149 3083 2448 3150 quominus
2479 3085 2749 3143 eludendo
2802 3105 3101 3152 excmcatos
3127 3075 3328 3156 evade-

1741 3178 1846 3233 ret,
1879 3171 1974 3240 qui
2008 3171 2076 3226 de
2132 3188 2192 3228 se
2230 3174 2408 3230 aiebat
2441 3196 2453 3231 :
2512 3177 2840 3237 Palestatem
2884 3186 3048 3240 habeo
3103 3193 3328 3258 ponendi

1744 3261 1982 3315 animant
2014 3278 2205 3329 meam,
2233 3274 2283 3318 et
2314 3282 2500 3321 rursus
2538 3273 2782 3326 sumendi
2812 3291 2929 3329 eam
2951 3278 3013 3332 ’?
3041 3277 3328 3346 Quomodo

1743 3369 1873 3408 vero
1919 3366 1973 3409 et
2003 3355 2165 3410 Petro
2215 3373 2274 3412 se
2326 3358 2641 3432 obiurganti
2703 3366 2772 3421 ad
2813 3368 3058 3426 animum
3108 3387 3329 3436 revocat

1741 3462 1964 3504 crucem
1993 3465 2024 3504 a
2060 3465 2119 3505 se
2147 3452 2373 3522 expeti?
2404 3453 2587 3526 lnquit
2615 3458 2762 3514 enim
2785 3462 2851 3516 ad
2879 3478 3004 3518 eum
3032 3471 3329 3542 cieteroqui

1743 3539 2001 3595 dilectum
2029 3555 2043 3593 :
2075 3542 2176 3600 Abi
2205 3556 2321 3613 post
2351 3562 2453 3616 me,
2492 3547 2718 3618 Salaria,
2747 3556 2996 3623 quoniam
3026 3575 3132 3614 non
3181 3539 3327 3635 sapis

1742 3649 1805 3688 ea
1870 3651 1988 3704 qum
2057 3635 2157 3692 Dei
2213 3650 2384 3704 sunt,
2447 3642 2538 3697 sed
2593 3660 2710 3714 qua:
2763 3659 2888 3702 sunt
2963 3652 3233 3710 hominum
3261 3658 3329 3715 '°.

1745 3723 1914 3791 Quasi
1982 3728 2172 3794 dicat,
2251 3728 2494 3801 Sequere
2553 3750 2680 3800 me,
2765 3747 2821 3794 et
2886 3743 2996 3798 noli
3082 3747 3330 3814 resilire,

1747 3817 2002 3888 ignorans
2071 3824 2579 3894 dispensationem,
2657 3831 2840 3900 specie
2908 3836 3093 3892 carnis
3171 3839 3329 3896 decc-

1748 3922 1899 3982 ptus.
1931 3912 2219 3980 Quomodo
2249 3919 2394 3972 enim
2422 3920 2729 3977 formidabo
2763 3934 3017 3992 mortem,
3058 3931 3150 4000 qui
3206 3947 3330 3990 sum

1747 4003 1892 4057 aliud
1921 4004 2057 4057 nihil
2097 4021 2262 4074 quam
2297 4008 2406 4062 vita
2449 4009 2823 4068 immortalis?
2866 4014 3153 4082 Quomodo
3203 4038 3330 4091 pas-

1747 4095 1958 4151 sionem
1991 4098 2348 4166 deprecabor,
2389 4101 2483 4170 qui
2513 4117 2544 4156 a
2595 4105 2952 4172 passionibus
3005 4110 3200 4177 libero,
3230 4116 3329 4186 qui

1749 4195 1893 4241 tactu
1927 4203 2124 4243 manus
2157 4191 2348 4244 sanavi
2379 4207 2578 4260 cacos,
2603 4195 2698 4264 qui
2721 4198 2868 4253 nudo
2901 4201 3070 4256 verbo
3113 4202 3330 4262 firmavi

1747 4281 2118 4352 paralyticos,
2171 4291 2222 4336 et
2283 4281 2384 4339 feci
2442 4295 2502 4340 ut
2551 4287 2758 4344 ferrent
2813 4293 3076 4363 grabbata
3127 4299 3329 4367 quibus

1747 4379 1906 4426 antea
1939 4374 2316 4443 gestabantur,
2350 4379 2444 4448 qui
2479 4379 2656 4436 fontes
2706 4386 3035 4456 sanguinum
3099 4390 3331 4451 fimbriis

1748 4463 1970 4530 siccavi,
1997 4475 2052 4520 et
2083 4481 2115 4521 a
2148 4466 2381 4538 leprosis
2411 4473 2682 4528 maculam
2723 4477 2979 4548 abstersi,
3013 4484 3109 4552 qui
3156 4485 3332 4559 legio-

1746 4569 1847 4610 nes
1887 4554 2201 4611 diemonum
2264 4561 2521 4616 mandato
2580 4563 2784 4636 fugavi,
2839 4570 3098 4642 abyssum
3157 4554 3331 4634 instar

1748 4655 1910 4702 terra:
1936 4649 2169 4716 calcavl,
2199 4650 2488 4724 ipsamque
2521 4657 2784 4712 tumidam
2835 4671 2889 4716 et
2916 4664 3114 4719 elatam
3172 4668 3333 4725 silere

1751 4755 1817 4794 ac
1853 4740 2234 4798 obmutescere
2290 4745 2414 4810 feci,
2463 4748 2560 4828 qui
2611 4750 2678 4804 ad
2732 4761 2924 4810 ventos
2976 4767 3198 4813 manum
3231 4776 3332 4830 pro

1751 4833 2148 4901 tranquillitate
2184 4835 2424 4899 extendi,
2452 4852 2550 4906 per
2573 4854 2715 4909 quos
2748 4841 2912 4898 etiam
2954 4843 3154 4902 fluctus
3201 4864 3331 4918 pro-

1751 4923 2067 4992 cellamque
2094 4925 2436 4981 sustinebam
2467 4930 2598 4999 ;qui
2629 4931 2874 5003 quinque
2899 4937 3136 5005 panibus
3164 4941 3332 5010 quin-

1753 5029 1860 5082 que
1886 5015 2054 5070 millia
2089 5015 2159 5070 ad
2191 5018 2499 5073 satietatem
2562 5022 2760 5092 cibavi,
2797 5037 2849 5079 et
2903 5027 3029 5084 inde
3082 5032 3330 5104 reliquiis

1751 5107 1982 5163 sublatis
2013 5108 2300 5164 duodecim
2329 5112 2596 5181 cophinos
2620 5115 2838 5186 implevi
2867 5136 2880 5184 ;
2918 5120 3009 5190 qui
3036 5121 3329 5192 Lazarum,

1753 5199 1946 5256 diebus
1971 5211 2208 5273 quatuor
2230 5201 2514 5273 fetentem,
2543 5208 2610 5263 ad
2645 5210 3081 5269 reviviscendum
3113 5231 3179 5271 ex
3214 5234 3332 5274 mo-

1753 5301 2016 5346 numento
2056 5293 2247 5348 vocavi
2300 5294 2574 5363 illaesum;
2607 5298 2702 5368 qui
2756 5301 3001 5356 omnium
3044 5304 3226 5375 opifex
3279 5319 3334 5364 et

1755 5385 1918 5449 Deus,
1953 5385 2060 5441 vita
2099 5394 2155 5441 et
2187 5389 2521 5444 resurrectio
2543 5405 2688 5448 sum.
2713 5389 2831 5446 Prae
2859 5408 2946 5448 me
2981 5393 3098 5452 fero
3126 5409 3331 5457 metum

1753 5486 1807 5531 ct
1839 5476 2207 5534 humilitatem
2230 5518 2245 5544 ,
2274 5494 2372 5550 per
2395 5481 2848 5539 assimilationem
2894 5487 3078 5544 carnis
3116 5501 3334 5562 captare

1739 5573 1946 5633 _volens
1977 5571 2296 5641 draconem,
2342 5584 2399 5632 et
2421 5591 2450 5631 a
2480 5591 2568 5632 me
2596 5578 2817 5649 quidem
2845 5580 3091 5648 illusum,
3125 5596 3335 5643 morta-

1757 5667 1900 5722 libus
1931 5679 2112 5724 autem
2171 5669 2488 5726 illudentem
2519 5671 2817 5728 diabolum.
2880 5674 3130 5732 Piscator
3185 5680 3331 5737 enim

1757 5777 1881 5815 eum
1921 5761 2046 5828 sim,
2083 5762 2248 5818 etiam
2278 5763 2524 5830 hamum,
2563 5780 2758 5837 nempe
2806 5769 3076 5840 meipsum
3136 5771 3332 5840 demisi

3141 5921 3150 5934 .
3239 5947 3372 6053 ἃ
