3874 6516
635 409 660 465 Ι
670 405 776 469 045

631 524 1014 582 verbum?Ex
1040 539 1108 582 eo
1150 535 1332 583 autem
1379 528 1615 601 duplicis
1664 545 1790 588 esse
1844 543 2055 590 natura:
2114 526 2215 591 nos

632 617 1084 690 intelligeremus.
1111 617 1314 686 Quales
1341 619 1472 678 item
1506 638 1704 680 manus
1735 624 1980 683 dicenda:
2009 638 2138 683 sunt
2160 628 2213 683 in

631 701 744 758 Deo
766 704 791 758 ?

1272 799 1575 871 Responsio.

703 886 963 944 Faciendi
1005 890 1232 946 verbum
1266 893 1334 948 de
1369 894 1553 950 anima
1601 896 1736 951 mihi
1769 898 1983 953 videtur
2021 899 2216 954 intellic

629 979 866 1048 gendum
898 998 912 1035 :
953 979 1301 1038 formationis
1340 996 1540 1054 autem,
1575 986 1643 1043 de
1683 990 1969 1060 multiplici
1995 991 2214 1048 ﬁctione

630 1071 902 1142 corporis.
933 1072 1128 1131 Manus
1158 1091 1288 1131 vero
1316 1077 1408 1133 Dei
1433 1089 1488 1134 et
1524 1080 1721 1148 Patris,
1758 1081 1955 1138 Filium
1994 1093 2049 1139 et
2098 1083 2215 1156 Spi-

629 1164 798 1219 ritum
827 1164 971 1232 dico,
1003 1169 1071 1223 ad
1093 1185 1234 1239 quos
1258 1172 1423 1227 etiam
1467 1174 1641 1245 inquit
1672 1195 1687 1231 :
1714 1174 2006 1233 Faciamus
2048 1180 2216 1235 homi-

630 1272 749 1311 nem
778 1261 1067 1314 secundum
1091 1264 1372 1334 imaginem
1410 1276 1459 1320 et
1475 1266 1876 1324 similitudinem
1894 1281 2129 1327 nostram
2145 1272 2209 1328 ⁸⁸.

631 1347 998 1416 Quantumvis
1050 1369 1182 1411 vero
1251 1356 1400 1412 dicat
1454 1359 1705 1424 historia,
1751 1362 1896 1432 quod
1946 1367 2216 1441 acceperit

630 1436 779 1494 Deus
800 1440 1077 1510 pulverem
1112 1444 1179 1498 de
1225 1452 1395 1511 terra,
1426 1445 1856 1521 formaveritque
1910 1440 2209 1521 hominem,

629 1535 816 1583 tamen
848 1544 914 1584 ex
949 1539 1174 1601 aspectu
1222 1542 1277 1589 et
1310 1534 1550 1605 ipsarum
1588 1553 1771 1593 rerum
1809 1544 2213 1599 consuetudine

628 1615 922 1673 denotatur
949 1629 1005 1674 et
1027 1620 1160 1675 illud
1193 1622 1340 1692 quod
1370 1625 1474 1680 sub
1499 1627 1689 1683 oculos
1736 1645 1843 1684 non
1875 1630 2050 1698 cadit;
2084 1646 2210 1688 nam

628 1707 926 1765 voluntatis
967 1711 1083 1768 haec
1110 1714 1359 1783 operatio
1402 1730 1631 1785 prorsus
1654 1728 1760 1783 est,
1796 1735 1903 1775 non
1940 1736 2210 1779 manuum

629 1796 908 1857 lormatio.
948 1801 1341 1860 Verumtamen
1370 1823 1630 1863 manuum
1682 1810 1997 1881 ﬁgmentum
2029 1812 2097 1869 ad
2121 1814 2207 1868 di-

627 1891 887 1961 gnitatem
921 1904 1131 1952 naturae
1160 1897 1369 1953 dictum
1401 1908 1503 1954 est.
1552 1899 2006 1973 Quandoquidem
2035 1914 2089 1960 et
2131 1905 2205 1972 id,

627 1984 778 2052 q'uod
808 1984 988 2044 factus
1015 1986 1084 2043 ad
1111 1989 1403 2061 imaginem
1434 1992 1529 2048 Dei
1571 1994 1792 2060 dicitur,
1835 2011 1946 2051 non
1980 1997 2049 2052 ad
2087 1998 2210 2053 imi-

628 2079 891 2135 tationem
944 2089 1156 2137 natura;
1223 2082 1426 2155 (neque
1466 2086 1611 2140 enim
1667 2088 1959 2160 quisquam
2024 2091 2210 2161 eloqui

628 2179 816 2238 queat,
865 2182 1133 2241 quantum
1187 2174 1261 2229 sit
1303 2174 1728 2249 discrepantia),
1791 2182 1886 2236 sed
1936 2181 2005 2237 ad
2051 2194 2211 2240 notas

627 2258 969 2330 principatus
990 2270 1044 2317 et
1072 2261 1347 2320 libertatis
1389 2265 1582 2321 referri
1617 2268 1796 2324 debet.

981 2350 1507 2410 INTERROGATIO
1565 2356 1854 2414 CXXXIX.

696 2440 840 2508 Quid
862 2443 1064 2516 igitur?
1114 2462 1247 2502 num
1281 2448 1524 2503 membra
1564 2450 1821 2509 attribuis
1856 2450 2079 2507 Numini
2130 2469 2212 2510 se-

628 2534 868 2591 cundum
923 2548 1166 2594 nostram
1219 2541 1536 2611 imaginem,
1586 2557 1749 2598 aures
1799 2553 1853 2599 et
1902 2544 2125 2601 brachia
2154 2555 2210 2602 et

629 2638 792 2679 crura
820 2625 998 2697 ipsum
1036 2628 1238 2684 habere
1280 2629 1645 2701 signiﬁcans?

1258 2720 1570 2792 Responsio.

700 2809 990 2867 Paululum
1026 2811 1080 2867 in
1094 2812 1182 2869 his
1216 2825 1618 2886 consequenter
1645 2826 1701 2874 et
1726 2820 1919 2876 ordine
1937 2835 2211 2892 exponen-

625 2898 713 2957 dis
750 2910 836 2958 est
878 2902 1306 2973 immorandum,
1347 2921 1418 2963 ne
1452 2908 1780 2967 confusione
1814 2912 2138 2982 quaestionis
2176 2928 2208 2968 τι

626 2994 896 3050 sententia
932 2994 1273 3053 aberremus.
1298 2998 1379 3054 Ad
1405 3001 1663 3056 verticem
1683 3018 1815 3057 vero
1834 3004 2008 3059 nostri
2028 3014 2203 3069 ortus,

624 3098 725 3153 per
760 3086 1030 3143 orationis
1058 3089 1261 3144 scalam
1290 3097 1439 3145 recta
1467 3092 1922 3150 conscendamus.
1953 3094 2207 3167 Magnum

621 3188 674 3233 et
697 3180 988 3247 pretiosum
1007 3181 1265 3251 quiddam
1289 3194 1366 3238 est
1385 3183 1540 3239 homo
1556 3186 1625 3247 ”,
1642 3187 1737 3257 qui
1766 3188 1965 3242 etolim
1990 3197 2046 3244 et
2063 3205 2210 3248 nunc

623 3286 695 3327 ex
746 3273 910 3329 rebus
956 3274 1155 3330 vilibus
1211 3275 1374 3331 habet
1416 3286 1619 3333 ortum.
1655 3280 1795 3335 Cum
1839 3282 1987 3338 enim
2032 3285 2211 3354 possit

624 3362 779 3419 Deux
806 3378 871 3420 ex
901 3380 1007 3422 aere
1033 3367 1118 3422 vel
1159 3366 1304 3423 ferro
1336 3370 1421 3424 vel
1460 3370 1750 3427 adamante
1780 3374 1865 3427 vel
1910 3375 2091 3445 lapide
2123 3375 2206 3432 fa-

624 3468 749 3509 cere
777 3454 1075 3520 hominem,
1114 3473 1183 3513 ex
1226 3459 1450 3530 pulvere
1481 3462 1664 3531 potius
1697 3463 1876 3533 ipsum
1922 3466 2208 3524 fabricavit

625 3545 781 3611 olim,
818 3547 982 3603 hodie
1016 3564 1146 3604 vero
1173 3566 1241 3607 ex
1268 3554 1420 3608 tenui
1453 3569 1519 3608 ac
1546 3553 1696 3610 ﬂuxo
1729 3568 2100 3615 excremento.
2130 3559 2208 3617 De

625 3634 716 3692 his
742 3637 1034 3695 manifesta
1062 3651 1144 3697 est
1179 3641 1751 3713 incomprehensibilis
1789 3659 1844 3703 et
1869 3650 2205 3707 intellectum

625 3743 897 3799 superans
917 3731 1208 3789 ellicacitas
1239 3735 1519 3804 sapientiae
1550 3736 1744 3806 ipsius.
1772 3737 1961 3811 Neque
1982 3744 2211 3798 subsan-

625 3834 719 3877 net
760 3830 858 3877 aut
894 3820 1141 3879 derideat
1184 3840 1272 3881 me
1302 3836 1499 3884 vestrae
1529 3829 1814 3887 cbaritatis
1859 3847 2114 3901 acumen,
2159 3835 2207 3891 si

623 3916 919 3972 exactioris
950 3918 1283 3989 cognitionis
1310 3921 1482 3990 gratia
1511 3938 1782 3979 summam
1805 3926 2053 3983 oratione
2081 3928 2209 3983 atti-

624 4022 756 4078 gero
801 4009 1147 4080 superﬁciem
1202 4014 1540 4070 naturalium
1587 4018 1977 4088 mysteriorum
2031 4022 2206 4076 nostri

624 4111 798 4157 ortus.
839 4102 1027 4175 Neque
1053 4105 1199 4159 enim
1227 4105 1411 4162 divina
1439 4108 1763 4179 dedignatur
1794 4110 2075 4182 Scriptura
2107 4115 2208 4169 ho-

622 4208 748 4249 rum
792 4196 1132 4262 meminisse,
1181 4213 1306 4253 cum
1349 4200 1594 4269 loquitur
1625 4203 1692 4258 de
1734 4203 1844 4257 ﬁlio
1888 4202 2043 4260 ludas
2080 4221 2204 4261 cum

627 4286 899 4352 'l‘bamare
930 4288 1256 4346 dormiente.
1288 4290 1558 4349 Praeterea
1589 4295 1657 4350 de
1690 4297 1980 4355 mulierum
2010 4314 2209 4369 purga-

622 4378 888 4444 tionibus,
915 4382 983 4436 de
1008 4383 1236 4439 seminis
1264 4384 1469 4440 ﬂuxum
1506 4388 1866 4456 patiente.....
1903 4391 2204 4459 sedentem,

624 4474 694 4530 de
724 4490 925 4530 novam
966 4484 1022 4531 et
1052 4477 1341 4549 conjugem
1388 4490 1672 4550 purgante.
1719 4482 1824 4539 Sed
1873 4494 1928 4539 et
1970 4485 2206 4542 eximius

623 4563 925 4632 Apostolus
975 4565 1253 4621 masculos
1302 4572 1776 4639 corrumpentium
1831 4575 2098 4638 virorum,
2154 4588 2208 4633 et

623 4652 992 4709 masculorum
1018 4670 1170 4712 more
1195 4672 1316 4713 sese
1338 4660 1752 4730 depereuntium
1779 4666 2068 4723 mulierum
2093 4685 2199 4724 me-

623 4746 805 4810 minit,
839 4747 905 4802 ad
940 4746 1216 4807 Romanos
1256 4753 1504 4810 scribens
1535 4755 1601 4810 ³ο.
1635 4755 1898 4828 Dejicitur
1932 4762 2116 4833 itaque
2148 4764 2202 4819 in

624 4835 885 4893 feminam
911 4857 941 4895 a
971 4857 1119 4897 mare
1151 4841 1347 4914 frigida
1379 4848 1626 4917 quaedam
1658 4850 1906 4909 humoris
1934 4855 2203 4925 ebullitio,

623 4947 797 5004 caque
835 4938 1121 4991 commista
1162 4953 1287 4993 cum
1321 4939 1536 5009 obiecto
1580 4944 1809 5000 humore
1840 4949 2141 5019 sanguineo
2175 4967 2205 5006 a

624 5023 855 5078 muliere
884 5025 1118 5094 reddito,
1162 5031 1481 5101 coagulatur
1508 5048 1537 5086 a
1567 5032 1847 5104 frigidiore
1881 5039 1980 5093 viri
2014 5056 2205 5096 excre-

625 5125 832 5179 mento,
863 5121 1323 5186 quemadmodum
1353 5125 1531 5195 inquit
1567 5127 1983 5197 vituperationis
2012 5148 2208 5203 expers

621 5216 678 5262 et
709 5224 871 5263 verax
920 5209 1018 5266 Dei
1054 5215 1371 5270 testimonio
1412 5219 1715 5287 perhibitus
1750 5222 1840 5275 ille
1870 5221 2062 5291 Jobus,
2112 5228 2206 5296 qui

624 5300 678 5355 in
711 5302 795 5355 sui
833 5307 1082 5374 corporis
1119 5307 1340 5363 laesione
1379 5311 1444 5364 ad
1483 5310 1651 5366 Deum
1692 5314 1975 5385 loquitur:
2017 5316 2206 5374 Nonne

623 5393 760 5446 sicut
797 5393 880 5447 la'c
917 5413 997 5449 me
1035 5398 1290 5466 mulsisli,
1334 5410 1384 5455 et
1429 5402 1566 5458 velut
1616 5422 1823 5460 caseum
1870 5409 2208 5481 eoagulasti?

627 5483 772 5538 Pelle
796 5496 846 5539 et
870 5488 1116 5544 carnibus
1157 5492 1382 5549 induisti
1413 5512 1513 5562 me,
1544 5498 1748 5554 ossibus
1782 5510 1832 5554 et
1860 5503 2031 5557 nervis
2061 5522 2205 5559 com-

621 5576 816 5647 pedisti
854 5594 935 5632 me
957 5593 978 5634 :
1015 5584 1178 5636 vitam
1211 5592 1262 5638 et
1304 5586 1727 5643 misericordiam
1775 5595 2066 5662 apposuisti
2099 5597 2171 5649 mi
2185 5626 2204 5638 -

622 5668 680 5724 hi
704 5667 783 5735 ²¹;
808 5679 935 5725 natu
946 5673 1243 5749 ram.simul
1262 5685 1315 5732 et
1333 5680 1580 5750 proprias
1604 5681 1745 5738 vires
1766 5684 1886 5754 ejus
1905 5688 2207 5757 propriam-

621 5776 731 5834 que
756 5770 1081 5833 potestatem
1107 5766 1513 5828 demonstrans.
1542 5770 1716 5828 Vitam
1746 5789 1926 5833 autem
1961 5789 2011 5833 et
2039 5782 2199 5836 mise-

1736 413 1794 471 S.
1820 413 2126 473 CAESAR"
2166 414 2496 474 GREGORI’I
2525 414 2826 472 FBATRIS

2317 552 2410 588 του
2461 536 2669 605 διφυεῖς
2701 534 2928 596 ἑαυτοὺς
2976 529 3223 604 νοοῦμεν.
3254 532 3418 597 Ποίας
3457 532 3510 587 δὲ
3539 533 3625 606 ἂρα
3658 539 3790 609 χεῖρας

2316 629 2424 701 χρὴ
2451 628 2632 697 λέγειν
2668 628 2762 680 ἐπὶ
2783 625 2920 680 Θεοῦ
2942 643 2956 690 ;
3128 650 3141 659 ~

2935 803 3288 871 Ἀπόκρισις.

2386 896 2499 967 Τὴν
2528 895 2746 967 ποίησιν
2769 895 2865 949 ἐπὶ
2892 893 2995 965 τῆς
3022 893 3202 966 ψυχῆς
3230 912 3320 967 μοι
3342 894 3481 948 δοκεῖ
3503 894 3710 958 νοεῖσθαι,
3727 897 3794 968 τὴν

2312 989 2371 1044 δὲ
2403 989 2599 1043 πλάσιν
2627 989 2720 1043 ἐπὶ
2759 990 2860 1061 τῆς
2906 989 3231 1059 σωματικῆς
3271 987 3628 1052 πολυπλασίας.
3651 991 3792 1060 Χεῖρας

2313 1079 2370 1133 δὲ
2396 1080 2491 1133 τοῦ
2542 1079 2678 1133 Θεοῦ
2718 1080 2814 1133 καὶ
2864 1078 3081 1150 Πατρδς
3128 1078 3221 1132 τὸν
3269 1078 3395 1131 Υἱὸν
3423 1077 3511 1131 καὶ
3547 1077 3600 1131 τὸ
3636 1078 3795 1149 Πνεῦμὰ

2315 1187 2478 1241 φημι,
2511 1169 2648 1241 πρὸς
2697 1168 2794 1233 οὓς
2826 1169 2922 1222 καί
2975 1186 3144 1239 φησι·
3189 1166 3529 1239 Ποιήσωμεν
3566 1169 3795 1237 ἅνθρωποι·

2314 1260 2443 1315 κατ’
2472 1260 2678 1314 εἰκόνα
2724 1259 2825 1315 καὶ
2877 1261 3165 1330 ὁμοίωσιν
3196 1259 3502 1328 ἡμετέραν.
3529 1260 3585 1313 Ei
3615 1258 3661 1314 ὁὶ
3691 1259 3793 1331 κειὶὴ

2316 1354 2524 1424 ἱστορία
2544 1374 2548 1379 ·
2572 1353 2759 1424 φησὶν,
2787 1353 2871 1407 ὅτι
2901 1352 3083 1408 λασὼν
3114 1355 3145 1407 ὀ
3178 1351 3314 1416 Θεὸς
3348 1351 3470 1422 χοῦν
3495 1352 3590 1406 ἀπὺ
3610 1353 3689 1422 τῆς
3709 1353 3796 1421 τῆς,

2312 1443 2515 1499 ἔπλασε
2552 1445 2645 1499 τον
2662 1446 2968 1521 ἄνθρωπον,
2983 1450 3049 1512 τῆ
3074 1447 3261 1511 ὁράσει
3282 1446 3377 1501 καὶ
3393 1447 3454 1514 τῇ
3494 1441 3706 1514 συνηθείᾳ.
3724 1444 3797 1496 τῶν

2313 1532 2654 1606 πραγμάτων
2672 1532 2734 1586 τὸ
2755 1533 2986 1605 ἀόρατον
3007 1533 3107 1604 τῆς
3127 1532 3409 1604 ἐνεργείας
3431 1533 3698 1603 παραδηλοῖ.
3714 1533 3799 1584 θον

2312 1626 2521 1697 λήσεως
2558 1625 2668 1697 γὰρ
2696 1625 2946 1698 ἐνέργεια
2976 1626 3038 1679 τὸ
3060 1627 3190 1688 πᾶν,
3232 1625 3356 1696 οὐχὶ
3391 1625 3445 1677 δὲ
3473 1625 3643 1696 χειρῶν
3662 1623 3799 1687 niam;

2309 1717 2373 1771 τὸ
2409 1716 2860 1790 κατασκεύασμα.
2903 1717 3051 1790 Πλὴν
3098 1717 3299 1791 χειρῶν
3339 1717 3565 1789 πλάσμα,
3597 1721 3661 1780 εἰς
3682 1719 3798 1787 τιμῇ

2313 1812 2414 1882 τῆς
2443 1809 2661 1880 φύσεως
2710 1811 3173 1883 προσηγόρευται.
3218 1812 3373 1864 Ἐπεὶ
3423 1812 3509 1864 καὶ
3546 1810 3645 1864 κατ’
3669 1811 3798 1863 εἰκόνι

2310 1902 2448 1955 Θεοῦ
2475 1904 2577 1957 οὐκ
2612 1905 2692 1968 είς
2723 1904 2958 1975 μίμησιν
3009 1903 3228 1973 φύσεως
3266 1903 3408 1975 (οὐδὲ
3450 1902 3548 1973 γὰρ
3576 1900 3798 1971 φάναιοῖὀν

2311 2010 2371 2046 τε
2395 1994 2519 2048 ὅσον
2552 1995 2796 2067 ἀπᾴδει),
2844 1995 2960 2050 ἀλλ’
2996 1997 3078 2059 είς
3108 1996 3436 2068 χαρακτῆρα
3481 1994 3633 2065 ἀρχῆς
3660 2010 3704 2047 τε
3736 1996 3797 2046 καὶ

2314 2084 2776 2159 ἐλευθεριότητος.

2894 2379 3142 2433 ΠΕΥΣΙΣ
3162 2378 3339 2433 ΡΔΘ⁹.

2340 2474 2347 2479 ’
2382 2468 2449 2523 Τί
2475 2467 2605 2535 οὗνς
2645 2470 3015 2542 μελογραφεῖς
3042 2472 3105 2525 τὸ
3139 2471 3301 2525 Θεῖον
3331 2469 3464 2543 πρὸς
3486 2468 3574 2541 τὴν
3600 2469 3799 2540 ἡμετέραν

2309 2564 2492 2618 εἰκόνα
2532 2565 2627 2619 καὶ
2661 2566 2942 2637 ὁμοίωσιν,
2971 2559 3085 2620 ὦτα
3127 2567 3225 2620 καὶ
3255 2564 3536 2638 βραχίονας
3570 2564 3645 2617 κιῖ
3681 2563 3793 2632 σκέλη

2313 2650 2459 2723 ἔχειν
2485 2654 2648 2709 αὑτὸν
2680 2655 2858 2727 δηλῶν
2876 2673 2890 2723 ;

2926 2747 3294 2817 ’Δπόκρισις.

2378 2837 2563 2911 Βραχὺ
2596 2839 2843 2912 ἐπισχεῖν
2872 2840 3002 2911 περὶ
3030 2840 3242 2896 τούτων
3270 2843 3438 2910 εἰκὸς,
3465 2838 3719 2900 ἀκολούθως
3733 2834 3794 2887 καὶ

2307 2933 2429 2986 κατ’
2461 2931 2593 2997 ἔπος
2626 2931 2995 3004 ἐκτιθεμένων
3015 2951 3028 2964 ·
3067 2935 3276 3005 μήπως
3306 2937 3372 3006 τῇ
3408 2932 3586 3005 ἀταξίᾳ
3612 2932 3688 3001 τῆς
3705 2926 3794 2980 τεᾶ-

2314 3039 2454 3087 σεως
2482 3021 2873 3095 διασφαλῶμεν
2899 3023 3000 3095 τῆς
3025 3022 3379 3095 ἀποφάσεως.
3426 3025 3538 3079 Ἐπὶ
3569 3024 3615 3078 δὲ
3643 3019 3793 3093 τὴνπο-

2311 3113 2489 3187 Ρυφὴν
2511 3115 2611 3185 τῆς
2647 3115 2797 3185 σφῶν
2823 3115 3091 3185 γενέσεως
3124 3117 3216 3172 διὰ
3253 3119 3355 3191 τῆς
3388 3118 3476 3174 τοῦ
3505 3118 3639 3186 λόγου
3661 3112 3795 3181 712p:-

2310 3224 2406 3270 κος
2453 3204 2940 3280 εὐθυπορήσωμεν.
2988 3208 3153 3278 Μέγα
3181 3209 3490 3280 ἄνθρωπος
3528 3209 3611 3263 καὶ
3644 3208 3791 3276 τίμιον.

2309 3301 2338 3354 ὁ
2362 3298 2530 3355 πάλαι
2561 3300 2655 3354 καὶ
2693 3299 2788 3354 νῦν
2827 3298 2887 3365 ἐξ
2915 3300 3147 3355 εὐτελῶν
3187 3301 3332 3375 ἔχων
3367 3306 3464 3375 τὴν
3507 3303 3695 3372 γένεσιν.
3714 3291 3792 3355 0T6,-

2307 3376 2367 3443 τε
2394 3389 2505 3462 γὰρ
2530 3389 2606 3444 ὣν
2626 3392 2655 3444 ὁ
2678 3390 2811 3455 Θεὸς
2834 3392 2899 3444 ὲκ
2925 3389 3152 3461 χαλκοῦ,
3174 3393 3208 3464 ἢ
3236 3394 3358 3465 σιδὴ
3370 3394 3528 3464 ρου,ἢ
3556 3391 3792 3461 ἀδάμαντος.

2309 3482 2516 3554 ῆλίθου
2560 3484 2756 3555 δράσαι
2789 3483 2999 3555 βροτὸν,
3035 3487 3099 3538 ὲκ
3152 3484 3285 3556 χοὸς
3331 3486 3520 3559 μᾶλλον
3562 3481 3794 3546 (tarmen-

2300 3574 2615 3647 μιούργησε
2663 3575 2851 3640 πάλαι,
2898 3578 3139 3649 τήμερον
3171 3577 3229 3631 δὲ
3273 3579 3333 3647 ἐξ
3381 3577 3701 3651 ἀμυδροτέρας
3735 3573 3795 3623 iul

2312 3667 2482 3739 ρυτῆς
2525 3668 2893 3740 ἀποκρίσεως.
2938 3670 3033 3723 Ἐκ
3081 3670 3295 3725 τούτων
3325 3671 3477 3743 δῆλον
3510 3672 3563 3724 τὸ
3593 3666 3794 3732 ἀκατάλη-

2310 3775 2465 3824 πτον,
2494 3759 2588 3813 καὶ
2609 3760 2751 3830 ὑπὲρ
2779 3760 2987 3816 ἔννοιαν
3016 3762 3118 3832 τῆς
3147 3762 3453 3835 δραστικῆς
3479 3760 3621 3817 αὑτοῦ
3644 3758 3790 3825 σοφίας·

2321 3850 2485 3905 Ἀλλὰ
2522 3851 2596 3924 μὴ
2633 3852 2960 3923 χλευαζέτω,
3003 3853 3140 3925 μηδὲ
3177 3855 3395 3925 γελάτω
3439 3873 3500 3927 με
3540 3856 3570 3924 ἡ
3607 3853 3684 3923 τῆς
3706 3850 3792 3917 ὑμε-

2307 3944 2474 4016 τέρας
2497 3945 2721 4016 ἀγάπης
2758 3944 3034 4016 ἀγχίνοια,
3068 3945 3357 4015 ἁκρισείας
3385 3949 3534 4019 χάριν
3570 3937 3792 4015 ἀκμθιτῶς

2310 4034 2619 4108 ἁπτόμενον
2670 4035 2750 4108 τῷ
2795 4036 2942 4108 λόγῳ
2987 4036 3097 4091 τῶν
3137 4039 3385 4109 φυσικῶς
3444 4036 3702 4111 μυστηρίων
3726 4029 3791 4098 τῆς

2307 4129 2587 4202 ἡμετέρας
2610 4130 2897 4199 γενέσεως.
2922 4129 3061 4184 Οὔτε
3094 4131 3207 4203 γὰρ
3229 4133 3263 4202 ἡ
3303 4132 3422 4186 θεία
3453 4128 3641 4193 ἀπαξιοῖ
3664 4120 3791 4195 Γριφὴ

2307 4221 2513 4275 τούτων
2550 4222 2864 4293 μεμνῆσθαι
2906 4222 3001 4276 ἐπὶ
3029 4221 3121 4276 τοῦ
3173 4224 3368 4288 παιδὸς
3402 4223 3558 4277 Ἰούδα
3582 4217 3791 4290 τῇθὴιαρ

2311 4312 2786 4382 συγκαθεύδοντος,
2812 4314 2906 4368 καὶ
2934 4315 3028 4369 ἐπὶ
3050 4314 3160 4367 τῶν
3186 4316 3429 4387 νομικῶν
3451 4312 3706 4383 καθαρσίων
3727 4306 3789 4358 τὸν

2308 4404 2584 4479 γονορῤυῆ
2631 4444 2645 4457 .
2690 4444 2704 4459 .
2750 4445 2765 4460 .
2811 4446 2825 4459 .
2872 4446 2886 4460 .
2932 4447 2946 4461 .
2991 4447 3007 4462 .
3052 4448 3067 4464 .
3113 4445 3128 4460 .
3170 4449 3187 4464 .
3234 4448 3248 4463 .
3284 4407 3580 4479 καθημένην
3622 4401 3695 4457 καὶ
3727 4396 3791 4465 τὴν

2309 4498 2555 4570 νεόλοχον
2584 4499 2944 4572 καθαίρουσα.
2992 4500 3153 4555 Ἀλλὰ
3199 4503 3297 4555 καὶ
3329 4505 3358 4556 δ
3385 4501 3569 4572 ὑψηλὸς
3609 4494 3790 4550 11:66:0-

2310 4591 2422 4656 λος.
2450 4591 2999 4665 ἀρρενοφθορούντων
3035 4594 3267 4668 ἀνδρῶν,
3300 4581 3789 4668 καίάρρενομσιουςᾶη

2312 4683 2610 4751 γυναικῶν,
2652 4684 2946 4755 Ῥωμαίοις
2996 4686 3331 4743 ἐπιστέλλων
3378 4688 3637 4758 μέμνηται.
3661 4680 3787 4731 limo

2313 4773 2567 4829 ϐάλλεται
2592 4776 2772 4829 τοίνυν
2801 4778 2893 4831 ἐπὶ
2920 4778 2983 4831 τὸ
3010 4777 3144 4849 θῆλυ
3168 4779 3274 4833 ὑπὸ
3306 4779 3400 4833 τοῦ
3430 4780 3643 4851 ἄρρενος,
3665 4766 3785 4851 iulia

2311 4882 2396 4931 τις
2415 4866 2718 4938 ἀπόδρασις
2744 4885 2757 4899 ’
2782 4869 3155 4940 ἀνακραθείσα
3183 4870 3239 4925 δὲ
3266 4871 3346 4943 τῷ
3373 4861 3783 4932 άντικαταόληθέντι

2313 4958 2496 5031 λύθρῳ
2527 4961 2633 5014 ὑπὸ
2656 4961 2751 5015 τοῦ
2780 4963 3024 5032 γυναίου,
3058 4965 3313 5037 τυροῦται
3357 4966 3457 5020 ὑπὸ
3485 4965 3571 5033 τῆς
3595 4951 3783 5031 ψυχροπέ’

2314 5069 2416 5124 ρας
2452 5051 2548 5105 τοῦ
2596 5053 2790 5125 ἀνδρὸς
2834 5056 3203 5130 ἀποκρίσεως,
3251 5058 3427 5122 καθώς
3466 5073 3607 5128 φησιν
3642 5046 3784 5114 diu.“

2308 5143 2445 5197 Θεοῦ
2479 5144 2768 5217 ἄμεμπτος
2796 5149 2893 5203 καὶ
2925 5149 3178 5222 ἀληθινὸς
3220 5153 3479 5223 ὑπάρχειν
3511 5137 3783 5220 μαρτδρηθεῗῑ

2321 5235 2461 5292 ’1ὡ6.
2509 5233 2676 5302 Οὗτος
2706 5241 2763 5294 ὲν
2790 5244 2857 5313 τῇ
2908 5241 3108 5315 τρώσει
3152 5244 3247 5299 τοῦ
3282 5245 3521 5318 σώματος
3567 5239 3673 5309 πρὸς
3698 5230 3783 5285 Θεὸν

2307 5329 2613 5401 διαλέγεται
2636 5349 2651 5362 ο
2706 5336 2829 5405 Οὐχ
2863 5336 2943 5403 ὡς
2972 5337 3128 5408 γάλα
3158 5357 3238 5409 με
3269 5339 3538 5410 ἥμελξας,
3566 5333 3781 5400 ὲτύρωσας

2306 5421 2375 5476 δέ
2401 5439 2479 5491 με
2530 5422 2635 5479 ἴσα
2671 5424 2850 5493 τυρῷ,
2895 5426 3078 5499 δέρμα
3116 5431 3217 5486 καὶ
3253 5430 3428 5501 κρέας
3454 5421 3697 5485 ἐνέδυσάς
3718 5430 3780 5484 μεν

2310 5514 2550 5582 ὀστέοις
2577 5515 2646 5571 δὲ
2667 5519 2764 5573 καὶ
2789 5521 3022 5589 νεύροις
3047 5523 3279 5594 ere/par;
3293 5544 3387 5596 με,
3419 5521 3556 5589 ζωὴν
3573 5515 3651 5572 καὶ
3667 5513 3781 5569 ἐνδεῖς

2308 5605 2449 5659 ἔθου
2490 5608 2629 5675 παρ’
2656 5608 2791 5678 ἐμοί
2805 5628 2825 5677 ;
2851 5611 2950 5683 τὴν
2986 5613 3147 5682 φύσιν
3183 5616 3297 5686 ἅμα
3327 5618 3416 5670 καὶ
3446 5614 3500 5668 τὸ
3538 5597 3781 5674 ιιύτωίρίτὲς

2310 5696 2482 5767 αὐτῆς
2510 5700 2607 5752 καὶ
2656 5701 3007 5767 αὐτεξούσιον
3052 5708 3349 5779 παριστῶν.
3385 5705 3541 5773 Ζωὴν
3580 5700 3644 5759 ἂν
3675 5687 3778 5764 (ἵησι

2308 5788 2407 5841 καὶ
2435 5789 2613 5843 ἔλεον
2656 5792 2800 5848 ἔθου
2845 5798 2982 5865 παρ’
3011 5798 3144 5868 ἐμοί
3160 5817 3173 5831 ο
3215 5800 3424 5866 ὡσανεὶ,
3464 5798 3541 5851 Ἦν
3574 5787 3671 5862 ἐμοὶ
3698 5780 3779 5835 ἔθευ

695 5916 742 5949 ⁸·
779 5914 912 5974 Gen.
950 5934 992 5989 ι,
1030 5920 1122 5979 26.
1162 5925 1208 5958 ’θ
1243 5923 1407 5984 Prov.
1439 5945 1532 5998 xx,
1569 5931 1625 5998 6.
1662 5940 1774 5992 sec.
1809 5933 1971 5994 LXX.
2048 5937 2093 5970 ⁸⁸
2126 5936 2208 5995 Ro

2321 5956 2360 6010 ι,
2392 5940 2484 6013 26,
2519 5944 2611 6001 27.
2689 5949 2730 5982 ³⁸
2763 5947 2867 6006 Job
2896 5965 2951 6017 κ,
2994 5950 3174 6021 ποιῇ,
