3874 6530
89 358 208 413 rats

85 481 165 546 ξῆν
208 477 305 530 καὶ
350 477 523 531 ἐλεεῖν
557 479 789 550 ἐμαυτὸν
823 479 912 535 διὰ
945 480 1050 554 τῆς
1072 481 1318 548 ὑπακοῆς
1361 486 1456 540 καὶ
1485 486 1653 556 φυλα-

83 573 168 637 κῆς
191 569 302 622 τῶν
338 570 448 623 σῶν
483 571 740 626 ὲντολῶνο
773 572 804 643 ἢ
849 574 1090 646 ἀναιρεῖν
1121 577 1356 646 ἐμαυτὸν
1403 580 1467 650 τῇ
1510 597 1651 652 παρ-

81 664 217 732 ακοῇ,
255 662 352 715 καὶ
389 664 464 733 μὴ
525 663 791 718 ἐλεεῖσθαι
836 665 1064 730 εἰκότως
1111 668 1540 740 τιμωρούμενον.
1572 669 1650 741 τῷ

82 751 236 823 ἐχθρῷ
310 751 571 825 μᾶλλονῆ
599 754 677 824 τῷ
704 755 1041 828 Δημιουργῷ
1072 757 1650 832 προσθέμενον.”οπερ

81 845 420 916 ὁπροπάτωρ
455 845 612 918 ἡμῶν
656 847 861 918 δράσας
909 849 983 921 μὴ
1033 849 1203 902 ἐλεῶν
1239 851 1451 917 ἑαυτὸν,
1487 853 1651 905 οἱονεὶ

83 934 341 1000 τάσγανον
365 935 464 1006 τὴν
496 935 745 1009 ὀλεθρίαν
781 937 1086 1009 συμϐουλὴν
1108 939 1228 993 καθ’
1251 940 1447 994 ἑαυτοῦ
1472 959 1650 1013 παρα,⁴

79 1025 376 1094 δεξάμενος,
405 1029 716 1100 ἀναιρεθεὶς
744 1030 931 1103 ἐκείνῃ
959 1032 1052 1084 καὶ
1079 1031 1140 1097 ἐξ
1162 1031 1431 1088 ἀθανάτου
1460 1034 1651 1105 θνητὸς

77 1117 349 1187 γενόμενος
385 1120 577 1190 ᾤχετο.
605 1122 970 1194 Συμμυόντων
999 1123 1177 1178 τοίνυν
1206 1127 1424 1180 πάντων
1457 1126 1652 1199 αἰσθη-

77 1209 262 1278 τηρίων
310 1210 410 1263 καὶ
463 1212 769 1284 αἰσθήσεων
813 1214 980 1285 ἄμφω
1027 1215 1136 1268 τῶν
1169 1216 1502 1288 προσώπων,
1557 1219 1650 1271 καὶ

76 1301 215 1353 οἱονεὶ
263 1303 722 1376 ἀνακιρναμένων
759 1308 852 1360 καὶ
887 1301 1216 1380 φυραμένων
1255 1309 1506 1381 ἀλλήλοις
1540 1310 1650 1364 τῶν

78 1394 332 1464 σωμάτων
368 1399 426 1450 ἐν
472 1401 538 1470 τῇ
591 1399 758 1470 μίξει,
795 1402 1090 1472 ἐκμαγεῖον
1139 1402 1232 1456 τοῦ
1276 1405 1570 1475 προσώπου
1615 1406 1649 1476 ἡ

77 1486 378 1558 ἀπόρρητος
402 1490 677 1562 καταϐολὴ
705 1479 932 1562 γίνεται,
956 1494 984 1546 ὃ
1007 1494 1224 1566 πρῶτον
1247 1495 1398 1548 δοθὲν
1421 1496 1516 1550 καὶ
1538 1497 1652 1551 ὲπιο

77 1579 428 1652 κρατὲστερον
451 1584 670 1656 σπέρμα
693 1604 705 1615 ·
732 1584 852 1638 ὅθεν
869 1585 964 1638 καὶ
985 1587 1119 1658 πρὸς
1146 1587 1316 1659 ἀμίαν
1337 1587 1431 1642 καὶ
1458 1588 1654 1658 ὁμοίω-

80 1686 146 1720 σιν
168 1671 196 1722 ὁ
222 1672 518 1746 χαρακτὴρ
541 1675 866 1730 ὲντυποῦται
895 1678 1105 1730 ἐκείνου
1136 1679 1168 1749 ἢ
1209 1679 1432 1751 ταύτης.
1464 1679 1651 1744 Οὕτως

75 1757 215 1833 οὖνὴ
265 1765 364 1817 τοῦ
404 1767 633 1838 ἄρρενος
675 1769 948 1842 καταϐολὴ
978 1761 1165 1843 ψυχρά
1192 1789 1277 1836 τις
1326 1773 1648 1845 ὑπάρχουσα

76 1855 152 1905 καὶ
182 1856 487 1928 ὀστοειδὴς,
518 1860 599 1923 εἰς
643 1861 844 1913 ὀστέων
893 1863 989 1915 καὶ
1023 1865 1228 1935 νεύρων
1269 1867 1646 1933 μεταποιεῖται

75 1944 274 2015 ῥώμην,
325 1951 698 2023 στερῤουμένη
740 1953 1096 2024 καταλλήλως
1134 1955 1212 2026 τῷ
1255 1957 1643 2027 ὰποκρίναντι·

72 2036 121 2088 τὸ
153 2038 208 2092 δὲ
240 2041 349 2094 ὑπὸ
375 2041 468 2096 τοῦ
500 2047 722 2112 γυναίου
754 2048 811 2098 ὲν
839 2051 904 2118 τῇ
941 2049 1219 2120 συνευνεὶᾳ
1255 2049 1646 2120 ἁντιδιδὸμενον

72 2124 191 2200 αἷμα
226 2133 432 2207 θερμὸν
465 2138 607 2192 κατὰ
638 2139 800 2208 φύσιν
835 2140 1098 2212 ὑπάρχον,
1134 2142 1275 2212 ὑπὲρ
1306 2141 1399 2194 τοῦ
1433 2140 1644 2213 ψυχροῦ

72 2225 232 2291 παγὲν
276 2228 360 2290 εἰς
401 2228 584 2301 σάρκα
624 2231 966 2302 μεθίσταται.
1008 2232 1071 2285 Ἠ
1115 2233 1172 2286 δὲ
1227 2232 1362 2305 σὰρξ
1412 2231 1651 2304 ζωτικὴν

1458 362 1808 424 DlALOGUS
1862 365 1949 422 lll.

3199 373 3337 430 1048

1745 488 2052 562 ίγὶεονάῖαηι
2087 489 2380 561 apposuisti
2421 491 2571 557 mihi,
2615 489 2814 562 inquit,
2857 490 3015 561 quasi
3059 490 3238 554 dicat,
3281 492 3337 547 ln

1759 597 1846 635 me
1876 581 2112 651 posuisti
2140 591 2198 636 ut
2227 583 2487 648 viverem,
2519 589 2574 638 et
2606 593 2661 638 ut
2689 583 2984 637 misererer
3015 585 3119 637 mei
3165 583 3338 651 ipsius

1760 686 1855 740 per
1884 670 2250 726 obedientiam
2282 672 2816 726 et-observationem.
2852 681 3071 727 tuorum
3109 673 3341 726 manda-

1761 771 1974 828 torum;
2005 773 2101 819 aut
2135 776 2197 819 ut
2228 765 2551 834 perimerem
2587 765 2856 834 meipsum
2897 779 2992 832 per
3018 763 3338 818 inobedien-

1757 856 1912 918 tiam.
1955 871 2134 926 neque
2197 856 2632 911 misericordiam
2688 870 3074 924 consequerer,
3140 854 3338 909 merito

1757 962 1947 1017 pcenas
1999 948 2345 1019 dependens,
2409 948 2633 1004 inimico
2699 949 2882 1017 potius
2938 963 3101 1016 quam
3156 947 3337 1017 opiﬁci

1758 1039 2064 1096 adhaerens.
2105 1037 2162 1094 Id
2196 1040 2342 1110 quod
2368 1039 2579 1108 primus
2605 1048 2796 1093 noster
2831 1053 3030 1108 parens
3051 1037 3210 1104 .t'ecit,
3242 1039 3337 1108 qui

1759 1146 1866 1184 non
1896 1131 2156 1186 misertus
2183 1130 2270 1185 sui
2313 1130 2506 1200 ipsius,
2539 1129 2703 1185 veluti
2735 1130 2976 1201 gladium
3019 1130 3190 1199 ipsam
3221 1146 3340 1198 per-

1759 1222 2019 1277 ditionem
2059 1223 2448 1279 consultricem
2479 1223 2744 1278 adversus
2771 1223 3124 1292 semetipsum
3157 1239 3341 1278 susce-

1759 1315 1860 1385 pit,
1894 1315 2099 1384 illoque
2134 1315 2456 1370 interfectus
2482 1325 2586 1376 est.
2618 1323 2672 1370 et
2705 1330 2772 1369 ex
2800 1314 3111 1369 immortali.
3137 1326 3342 1370 morta-

1759 1404 1825 1459 lis
1854 1402 2030 1459 factus
2077 1404 2258 1474 periit.
2305 1403 2442 1458 Cum
2481 1403 2644 1476 igitur
2672 1402 2876 1458 clausis
2925 1402 3184 1458 omnibus
3214 1419 3341 1458 sen-

1757 1513 1918 1552 suum
1949 1497 2169 1552 sedibus
2196 1505 2251 1550 et
2283 1496 2418 1565 ipsis
2447 1496 2732 1549 ambarum
2767 1509 3126 1564 personarum
3159 1495 3341 1551 sensi-

1758 1586 1880 1650 bus,
1913 1585 2185 1656 quasique
2223 1584 2648 1656 conternpcratis
2681 1592 2848 1654 atque
2879 1585 3159 1655 permistis
3198 1585 3341 1639 inter

1756 1691 1814 1732 se
1840 1676 2168 1746 corporibus
2196 1676 2247 1730 in
2277 1677 2448 1740 coitu,
2481 1676 2750 1732 inell‘abilc
2779 1677 2836 1730 ﬁt
2879 1677 3120 1740 initium,
3151 1677 3340 1732 videli-

1758 1778 1841 1824 cet
1869 1768 2026 1824 faciei
2061 1770 2362 1840 expressio.
2393 1771 2460 1825 de
2493 1781 2713 1826 excreta
2743 1769 2975 1840 primum
3019 1769 3340 1840 potioreque

1757 1864 1986 1926 semine,
2029 1863 2173 1916 unde
2217 1861 2287 1915 ad
2329 1862 2752 1916 delineationcm
2797 1869 2852 1916 et.
2898 1861 3337 1927 similitudinem,

1755 1955 1927 2023 ﬁgura
1967 1953 2052 2008 vel
2099 1953 2316 2008 femina:
2357 1954 2438 2007 vel
2483 1954 2585 2007 viri
2626 1953 2994 2023 exprimitur:
3037 1962 3198 2022 atque
3236 1955 3341 2011 hoc

1754 2047 1916 2102 modo
1942 2062 2069 2101 cum
2097 2048 2199 2102 viri
2222 2057 2626 2102 excrementum
2651 2046 2905 2117 frigidum
2933 2046 3340 2116 quodammodo

1754 2142 1826 2196 sit
1849 2151 1904 2194 et
1935 2155 2155 2195 osseum
2179 2178 2194 2203 ,
2227 2139 2282 2192 in
2315 2139 2526 2194 ossium
2555 2147 2611 2195 et
2643 2154 2935 2193 nervorum
2965 2148 3341 2194 commutatur

1753 2231 1940 2298 robur,
1986 2245 2086 2301 pro
2141 2229 2353 2284 ratione
2398 2229 2546 2283 illius
2596 2227 2690 2298 qui
2722 2227 2964 2282 excrevit
3011 2226 3339 2282 soliditatem

71 2334 176 2368 τινα
207 2318 447 2390 δύναμιν
480 2321 666 2376 θεόθεν
699 2325 1044 2396 ὲμπνεομένη
1095 2326 1462 2394 ζωογονεῖται.
1510 2323 1651 2393 Ἐγὼ

1759 2321 1974 2374 habens.
2005 2317 2160 2386 Quod
2202 2328 2384 2374 autem
2419 2333 2446 2372 a
2480 2317 2707 2372 muliere
2738 2318 2792 2371 in
2829 2317 3130 2372 concubitu
3165 2317 3337 2373 vicis-

71 2406 164 2477 γάρ
202 2411 322 2479 εἶμι
356 2414 389 2464 ό
442 2413 706 2482 ποιήσας
737 2415 853 2484 τὴν
892 2415 1030 2486 γῆν,
1062 2420 1159 2471 καὶ
1205 2417 1521 2485 ἄνθρωπον
1557 2417 1650 2469 ἐπ’

1748 2414 1852 2469 sim
1884 2413 2152 2468 redditum
2187 2421 2296 2477 est,
2336 2426 2460 2466 cum
2486 2410 2698 2466 calidus
2741 2411 2814 2465 sit
2857 2419 3054 2464 natura
3087 2408 3334 2479 sanguis,

69 2495 272 2564 αὐτῆς,
306 2498 406 2552 καὶ
437 2499 645 2570 διδοὺς
673 2504 874 2574 πνοὴν
903 2503 1052 2574 ζωῆς
1082 2505 1234 2561 πᾶσι
1261 2505 1385 2561 τοῖο
1421 2504 1648 2560 πατοῦ-

1759 2524 1778 2563 a
1816 2507 2013 2579 frigido
2051 2507 2471 2568 condensatum,
2517 2505 2570 2558 in
2607 2503 2929 2574 sanguinem
2965 2502 3327 2558 convertitur.

72 2602 162 2640 σιν
188 2591 410 2660 αὐτὴν,
447 2596 615 2664 φησὶν
641 2600 668 2650 6
697 2597 848 2662 Θεός.

1754 2600 1896 2653 Caro
1939 2606 2123 2653 autem
2171 2612 2267 2666 per
2313 2596 2534 2650 vitalem
2572 2595 2868 2664 quamdam
2909 2593 3020 2648 vim
3072 2593 3338 2647 divinitus

74 2681 412 2752 inspiratam,
438 2688 760 2746 viviﬁeatur.
794 2693 908 2764 Ego
945 2695 1087 2750 enim
1114 2711 1234 2750 sum
1273 2697 1362 2767 qui
1405 2696 1510 2766 feci
1539 2704 1758 2763 terram,
1788 2704 1836 2751 et
1862 2693 2126 2748 hominem
2165 2707 2230 2746 ex
2276 2707 2360 2756 ea,
2404 2693 2596 2763 quique
2622 2689 2714 2742 dat
2742 2690 2931 2758 [latum
2955 2689 3076 2744 vita:
3098 2689 3336 2742 omnibus

72 2777 150 2843 qui
179 2777 462 2833 ambulant
487 2783 540 2835 in
564 2799 647 2851 ea,
679 2783 873 2856 inquit,
902 2784 1045 2842 Deus
1073 2787 1136 2841 ³¹.

130 2891 282 2947 Alter
314 2894 401 2949 hic
428 2898 576 2952 locus
601 2909 677 2953 est
705 2916 771 2956 ea:
800 2902 866 2956 iis
892 2917 1118 2973 quorum
1146 2904 1309 2974 paulo
1344 2913 1466 2957 ante
1495 2903 1812 2956 mentionem
1839 2897 1962 2968 feci.
1999 2893 2140 2948 Nam
2173 2889 2386 2960 adjecta
2417 2889 2582 2958 fuisse
2608 2887 2842 2941 arbitror
2877 2886 2988 2941 lucc
3025 2885 3090 2939 ab
3135 2885 3334 2956 aliqua,

71 2990 148 3056 qui
184 3006 308 3043 cum
335 2989 563 3048 Cesarii
591 2997 852 3052 sententia
887 2997 1230 3068 conjunctam
1260 3000 1441 3054 eodem
1471 2999 1583 3053 loco
1619 2994 2052 3064 philosophorum
2079 2989 2242 3045 etiam
2268 2994 2570 3041 exterarum
2595 2984 2893 3054 opinionem
2921 2984 2984 3037 de
3023 2981 3338 3053 formatione

70 3083 290 3142 hominis
330 3087 523 3145 habere
553 3091 726 3147 uellet.

545 3207 737 3277 Λόγος
767 3205 836 3259 ἐκ
873 3203 994 3260 τῶν
1027 3205 1167 3272 ἔξω.

139 3293 206 3346 Ἠ
234 3292 402 3362 φύσις
428 3293 778 3349 ἐνυπόκειται
803 3295 883 3367 τῷ
917 3296 1224 3368 σπέρματι·
1253 3298 1288 3369 ή
1316 3296 1426 3368 γὰρ
1452 3298 1511 3350 ἐν
1537 3295 1651 3350 τούς

68 3403 138 3455 τῳ
174 3385 430 3456 δύναμις,
469 3387 692 3441 ἐπειδὰν
725 3388 962 3460 ἄρχηται
1000 3391 1290 3454 κινεῖσθαι,
1326 3391 1486 3460 φύσις
1530 3391 1650 3444 ὀνο-

72 3477 319 3545 μάζεται,
347 3477 438 3531 διὰ
456 3479 517 3531 τὸ
537 3478 694 3548 φύειν
725 3481 820 3533 καὶ
845 3483 1062 3552 γεννᾷν.
1091 3481 1363 3554 Τρέφεται
1384 3482 1438 3535 δὲ
1463 3484 1526 3535 ἐκ
1551 3483 1651 3551 τῆς

71 3570 122 3619 ἐν
144 3568 221 3640 τῷ
251 3568 468 3637 σώματι
487 3571 697 3641 τροφῆς
721 3585 734 3599 °
764 3570 839 3636 ὼς
865 3571 986 3624 οὐδὲ
1009 3573 1182 3644 τροφὴ
1210 3574 1337 3627 ἄνευ
1366 3572 1518 3644 ὕλης.
1549 3575 1650 3626 Κι-

69 3667 233 3716 νεῐται
265 3662 325 3716 δὲ
351 3665 433 3726 εἰς
482 3664 684 3734 ἑαυτὴν
717 3665 1068 3719 ὲκπέπτουσα
1115 3669 1213 3728 τὰς
1235 3668 1441 3740 τροφάς
1465 3685 1478 3699 ο
1515 3667 1652 3721 ἀλλὰ

70 3757 156 3808 καὶ
188 3757 282 3826 ἀφ’
305 3756 510 3825 ἑαυτῆς
543 3757 875 3812 συντελοῦσα
919 3758 1016 3822 τὰς
1043 3760 1344 3824 ἀναδόσεις.
1382 3760 1653 3832 Δυνάμεις

69 3849 122 3901 δὲ
159 3849 259 3918 τῆς
309 3850 528 3917 φύσεως
573 3852 810 3922 τρεῖς,ή
861 3852 1177 3924 γεννητική,
1210 3855 1334 3925 ἥτις
1385 3854 1512 3918 τοὺς
1555 3852 1650 3908 τοῦ

71 3943 384 4014 σπέρματος
409 3943 710 4015 προείληφε
735 3944 929 4013 λόγους
951 3966 966 3981 ο
991 3952 1020 4021 ὴ
1044 3946 1532 4018 αὑξητικὴ,ἓχουσα
1551 3949 1652 4019 τὴν

69 4035 207 4088 κατὰ
247 4035 446 4106 χρόνον
481 4035 695 4107 κίνησιν
718 4051 734 4067 ·
769 4038 864 4090 καὶ
911 4039 945 4107 ἡ
985 4036 1277 4108 Θρεπτικὴ,
1313 4039 1411 4108 τῆς
1443 4039 1653 4110 τροφῆς

67 4128 165 4196 τὴν
198 4126 545 4198 ἐξεργασίαν.
583 4131 841 4199 Διήκουσι
884 4129 941 4183 δὲ
982 4129 1071 4183 διὰ
1114 4129 1312 4194 παντὸς
1339 4130 1433 4184 τοῦ
1466 4129 1654 4201 σώμα-

68 4235 157 4282 τος
202 4221 235 4290 ἡ
292 4219 562 4292 θρεπτικὴ
610 4221 704 4273 καὶ
754 4220 1019 4292 αὑξητική
1046 4238 1061 4254 ο
1097 4223 1129 4292 ἠ
1170 4221 1228 4275 δὲ
1269 4221 1562 4293 γεννητική
1595 4225 1653 4276 ὲν

68 4316 179 4376 τοῖς
202 4317 630 4378 παραστατικοῖς
663 4314 823 4386 μόνον
842 4317 954 4378 τοῖς
975 4316 1341 4386 περιεκτικοῖς
1363 4314 1456 4368 τοῦ
1487 4314 1654 4386 σπέρ-

73 4421 255 4474 ματος*
303 4406 720 4475 κατασχολεῖται
762 4406 819 4459 δὲ
868 4407 900 4477 ἡ
949 4407 1108 4474 φύσις
1144 4405 1214 4458 τὰ.
1263 4405 1456 4476 πρῶτα
1525 4406 1655 4477 περὶ

67 4497 271 4567 τροφὴν
295 4497 385 4549 καὶ
414 4496 650 4567 πνεῦμα.
672 4496 895 4568 Πνεῦμα
925 4497 1183 4568 ἔνθερμον
1203 4498 1261 4564 ἐξ
1276 4497 1440 4551 αὑτοῦ
1473 4495 1654 4551 κινού-

71 4607 229 4657 μενον
247 4591 390 4644 κατὰ
416 4592 543 4653 τοὺς
576 4591 984 4660 σπερματικοὺς
999 4588 1211 4658 λόγους,
1247 4589 1450 4658 γεννῶν
1474 4605 1533 4642 τε
1559 4589 1654 4643 καὶ

66 4682 304 4737 τελειοῦν
342 4684 434 4736 τὸν
504 4682 795 4755 ἄνθρωπον
859 4685 917 4736 ὲν
956 4684 1170 4757 χρόνοις
1212 4685 1306 4736 καὶ
1359 4681 1650 4754 μεγέθεσιν

67 4773 410 4844 ὡρισμένοις.

655 4953 904 5006 ΠΕΥΣΙΣ
939 4954 1075 5008 PM'.

141 5047 511 5118 Συνυπάρχειν
559 5048 720 5116 ἡμεῖς
763 5046 995 5117 λέγομεν
1027 5045 1125 5117 τὴν
1174 5045 1353 5118 ψυχὴν
1387 5050 1451 5117 τῇ
1499 5046 1654 5118 παρὰ

67 5138 167 5192 τοῦ
189 5140 380 5211 ἀνδρὸς
403 5137 699 5209 καταϐολῇ.
724 5139 816 5192 καὶ
844 5138 952 5202 ζῶν
979 5140 1072 5192 καὶ
1094 5139 1336 5211 ἔμψυχον
1361 5141 1650 5210 ὑπάρχειν,

67 5233 254 5306 ἐπειδὴ
293 5233 390 5286 καὶ
429 5232 540 5286 άπὸ
584 5231 786 5297 ζῶντος
834 5232 926 5286 καὶ
969 5232 1364 5304 ἐμψυχωμένου
1403 5233 1655 5304 σώματος

66 5327 132 5378 αἱ
156 5327 399 5398 ἀφορμαὶ
430 5325 531 5397 τῆς
577 5327 872 5398 ἡμετέρας,
909 5328 1005 5380 καὶ
1045 5327 1234 5398 ὥσπερ
1285 5330 1342 5381 αἱ
1392 5330 1499 5381 τῶν
1538 5327 1655 5381 δένο

67 5422 212 5491 δρων
239 5421 580 5486 άποσπάδες,
611 5421 668 5474 αἳ
698 5421 759 5474 τὸ
787 5421 1020 5475 ἑκάστου
1053 5421 1276 5494 σπέρμα
1309 5421 1512 5494 ἔχουσι,
1555 5421 1654 5492 τὴν

67 5513 139 5578 ἐξ
164 5508 236 5569 ὧν
260 5515 620 5587 ἀφῃρέθησαν
659 5513 898 5587 ζωτικὴν
931 5514 1178 5586 δύναμιν.
1212 5517 1274 5569 Εἰ
1306 5516 1414 5586 γὰρ
1443 5516 1502 5570 τὸ
1533 5515 1656 5586 Θερ-

71 5605 174 5676 per
201 5607 264 5661 τὸ
303 5602 467 5676 αἷμα,
501 5607 595 5662 καὶ
635 5608 697 5661 τὸ
725 5607 865 5673 ζῶον
906 5608 1013 5662 άπὸ
1039 5607 1132 5662 τοῦ
1175 5608 1370 5680 ἀνδρὸς
1401 5609 1652 5681 σπέρμα·

68 5701 130 5752 ει
154 5699 246 5754 καὶ
267 5701 368 5772 οὐχ
388 5700 591 5772 ὁμοίως
619 5700 697 5756 τῶ
729 5701 924 5773 αἵματι
955 5702 1195 5769 πάντως,
1235 5703 1418 5775 ἔχουσι
1447 5703 1504 5758 τὲ
1547 5704 1652 5768 Cm-

150 5872 190 5905 “
220 5873 327 5931 lsa.
360 5889 494 5942 nu,
533 5875 588 5933 5.

2008 3198 2174 3254 Verba
2199 3198 2264 3252 de
2289 3197 2440 3252 libris
2469 3205 2770 3251 exterarum
2796 3194 3082 3264 descripta.

1823 3293 2030 3348 Natura
2083 3292 2227 3348 inest
2280 3290 2498 3347 semini.
2545 3287 2684 3345 Nam
2726 3303 2847 3360 quae
2890 3296 2976 3344 est
3017 3289 3073 3343 in
3118 3302 3185 3343 eo
3231 3288 3342 3354 vis,

1751 3386 1973 3459 quando
2022 3385 2231 3440 moveri
2275 3383 2524 3454 cmperit,
2565 3390 2764 3437 natura
2807 3383 3144 3447 nominatur,
3209 3396 3340 3452 pro-

1751 3491 1939 3553 pterea
1967 3479 2115 3550 quod
2144 3478 2425 3534 nascendo
2455 3476 2710 3547 producit
2735 3483 2789 3530 et
2817 3484 3058 3546 generat.
3093 3472 3342 3529 Nutritnr

1753 3585 1932 3630 autem
1960 3573 2218 3628 alimento
2246 3571 2392 3642 quod
2445 3578 2529 3624 est
2579 3569 2637 3623 in
2679 3582 2929 3637 corpore,
2979 3568 3340 3638 quemadmo-

1752 3669 1882 3724 dum
1920 3680 2095 3736 neque
2131 3664 2529 3719 nutrimentum
2573 3660 2782 3731 absque
2817 3661 3046 3715 materia
3091 3669 3193 3716 est.
3227 3657 3343 3715 Mo-

1753 3769 1910 3814 vetur
1938 3767 2122 3812 autem
2165 3756 2220 3810 in
2263 3755 2635 3824 semetipsam,
2679 3752 2834 3807 cibos
2869 3767 3248 3821 concoquens,
3288 3761 3344 3806 et

1753 3867 1850 3924 per
1893 3850 2245 3920 semetipsam
2287 3848 2576 3919 perﬁciens
2622 3846 2980 3918 digestiones.
3032 3843 3340 3899 Facultatcs

1753 3959 1885 3999 vero
1915 3952 2127 3997 natura:
2147 3950 2258 3995 tres
2288 3948 2455 3994 sunt:
2488 3953 2780 4008 generans,
2814 3937 2882 3991 de
2911 3952 3020 4006 qua
3042 3937 3154 4006 jam
3181 3946 3341 3991 antea

1753 4035 1962 4090 dictum
1992 4032 2048 4087 in
2072 4030 2354 4086 mentione
2385 4029 2646 4095 seminis;
2673 4042 2996 4098 augescens,
3029 4043 3152 4098 qua:
3178 4028 3342 4082 habet

1754 4134 1966 4181 motum
2019 4123 2323 4180 secundum
2369 4133 2625 4193 tempus;
2656 4131 2710 4176 et
2736 4120 3007 4187 nutriens,
3058 4120 3126 4175 ad
3173 4135 3340 4192 quam

1753 4217 1863 4275 cibi
1898 4215 2172 4273 confectio
2211 4215 2466 4286 pertinet.
2502 4213 2606 4270 Per
2639 4214 2960 4269 universum
2994 4223 3177 4269 autem
3212 4231 3335 4271 cor-

1755 4327 1858 4382 pus
1894 4310 2144 4364 nutriens
2186 4322 2240 4362 ct
2277 4322 2580 4376 augescens
2621 4307 2906 4361 facultates
2943 4322 3063 4362 sese
3109 4308 3335 4370 didunt;

1757 4419 2024 4476 generans
2053 4419 2184 4457 vero
2233 4410 2444 4456 tantum
2483 4401 2586 4455 sita
2621 4409 2702 4455 est
2752 4401 2804 4455 in
2839 4401 3072 4473 geminis
3107 4403 3340 4455 testibus

1758 4515 1944 4554 semen
1989 4497 2422 4553 continentibus.
2475 4495 2751 4566 Occupata
2800 4505 2980 4551 autem
3027 4505 3110 4550 est
3146 4507 3340 4550 natura

1764 4592 2004 4662 primum
2035 4592 2183 4647 circa
2213 4591 2396 4646 cibum
2441 4600 2494 4645 et
2524 4590 2816 4660 spiritum;
2865 4589 2956 4658 qui
2993 4589 3216 4658 spiritus
3257 4587 3342 4640 in-

1752 4698 1906 4741 terna
1943 4687 1996 4740 vi
2031 4685 2262 4751 calidus,
2306 4693 2365 4738 ut
2399 4683 2491 4752 qui
2529 4699 2625 4753 per
2659 4699 2718 4738 se
2757 4691 3006 4736 movetur
3037 4681 3337 4735 secundum

1751 4779 1803 4833 id
1839 4778 1986 4850 quod
2031 4779 2238 4833 dictum
2284 4783 2369 4830 est
2413 4775 2479 4829 de
2513 4775 2746 4837 semine,
2793 4773 2963 4842 gignit
3007 4781 3058 4826 et
3107 4772 3341 4825 absolvit

1752 4871 2033 4926 hominem
2068 4868 2407 4938 temporibus
2439 4875 2492 4920 et
2528 4865 2999 4934 magnitudinibus
3040 4863 3298 4918 deﬁnitis.

2181 4955 2697 5012 INTERROGATIO
2736 4955 2896 5011 CXL.

1830 5051 2008 5106 Simul
2029 5052 2293 5108 exsistere
2320 5066 2420 5104 nos
2446 5051 2681 5104 animam
2701 5049 2939 5104 dicimus
2960 5062 3084 5102 cum
3109 5062 3175 5101 eo
3192 5045 3336 5115 quod

1760 5160 1790 5199 a
1817 5145 1934 5198 viro
1961 5145 2294 5207 excernitur,
2326 5151 2382 5196 et
2414 5142 2596 5195 vivum
2631 5141 3050 5209 animatumque
3076 5139 3335 5208 quiddam

1759 5247 1861 5300 est,
1890 5235 2335 5306 quandoquidem
2365 5244 2417 5288 et
2447 5249 2476 5287 a
2514 5233 2728 5287 vivente
2757 5241 2811 5287 et
2836 5231 3078 5285 animato
3111 5239 3340 5298 corpore

1761 5345 1926 5384 causa
1967 5344 2031 5383 ac
2060 5329 2214 5398 origo
2243 5327 2418 5381 nostri
2452 5335 2607 5380 ortus
2635 5335 2738 5387 est,
2787 5324 3251 5394 quemadmodum
3287 5331 3341 5377 et

1763 5423 1831 5477 ab
1854 5421 2145 5476 arboribus
2172 5420 2348 5475 avulsi
2380 5418 2538 5482 rami,
2567 5417 2660 5488 qui
2691 5416 3127 5486 uniuscujusque
3153 5429 3338 5469 semen

1765 5516 1988 5579 habent,
2015 5515 2232 5568 vitalem
2266 5513 2581 5568 facultatem
2613 5527 2801 5566 earum
2835 5527 2866 5565 a
2904 5510 3106 5580 quibus
3136 5507 3337 5577 sumpti

1764 5617 1916 5673 sunt,
1943 5608 2245 5663 continent.
2278 5605 2413 5661 Nam
2451 5607 2496 5661 si
2531 5604 2742 5660 calidus
2774 5613 2857 5659 est
2891 5603 3138 5669 sanguis,
3172 5601 3338 5656 etiam

1763 5703 1946 5757 vivum
1981 5700 2112 5757 illud
2149 5714 2333 5756 semen
2384 5699 2486 5753 viri
2519 5697 2758 5754 calidum
2787 5705 2908 5762 est;
2946 5709 3010 5752 ac
3042 5692 3170 5750 licet
3206 5706 3327 5748 san-
