3874 6516
593 373 732 434 1067

593 488 758 557 guine
816 506 924 544 non
980 507 1174 549 omnes
1222 487 1475 551 similiter
1519 498 1772 570 dispositi
1809 503 1938 580 sint,
1995 516 2174 558 tamen

592 579 814 635 vitalem
843 584 1139 653 quamdam
1180 601 1404 643 causam
1442 589 1666 656 habent,
1705 607 1828 663 quae
1854 603 1938 650 est
1970 591 2173 650 anima.

591 667 820 738 Propter
853 674 1176 730 tenuitatem
1209 687 1393 734 autem
1423 689 1478 734 et
1511 681 1861 751 exiguitatem
1904 685 2175 740 constitu-

592 762 761 819 tionis
794 765 955 834 primi
991 767 1121 834 diei,
1153 785 1279 826 cum
1307 787 1416 828 non
1447 775 1619 844 possit
1657 791 1790 832 suas
1829 779 2174 847 operationes

588 855 831 924 perfecte
871 859 1156 917 declarare
1192 873 1416 934 propter
1449 867 1809 923 subtilitatem
1869 871 1992 940 ejus
2025 863 2173 942 quod

589 954 675 1001 est
706 947 1002 1019 dejectum,
1300 972 1410 1026 quo
1449 959 1708 1031 deinceps
1741 974 2068 1034 augescente
2115 965 2172 1020 in

588 1039 713 1093 alvo
743 1051 1011 1109 materna,
1043 1053 1098 1100 et
1124 1045 1180 1101 in
1212 1063 1430 1104 carnem
1469 1067 1651 1118 verso,
1683 1063 1738 1109 et
1773 1055 1899 1112 inde
1931 1073 2090 1114 verso
2115 1059 2168 1113 in

588 1130 785 1196 fetum,
821 1150 926 1189 una
957 1147 1224 1207 augetur;
1251 1141 1440 1212 sicque
1468 1143 1689 1200 demum
1714 1147 1956 1217 perfecte
1987 1152 2168 1207 anima

589 1237 720 1277 suas
749 1225 1027 1283 declarare
1050 1228 1387 1300 ell‘ectiones,
1413 1244 1469 1291 et
1485 1250 1750 1307 apparere
1773 1257 1899 1296 cum
1925 1243 2169 1314 perfecto

582 1315 698 1383 jam
729 1331 961 1388 corpore
991 1311 1193 1390 potest.

1222 1415 1529 1488 Responsio.

658 1501 813 1556 Absit
844 1510 903 1557 ut
918 1505 1180 1563 exsistere
1199 1509 1438 1565 animam
1458 1529 1582 1568 cum
1611 1508 1819 1574 semine
1841 1520 2164 1590 cogitemus.

587 1591 721 1646 Nam
756 1609 866 1664 quo
898 1603 1056 1664 pacto
1083 1599 1247 1655 simul
1287 1605 1568 1662 exstitisse
1603 1622 1724 1662 cum
1763 1597 1973 1666 Adamo
2008 1624 2167 1683 puta-

586 1685 771 1741 bimus
803 1688 1067 1755 animam,
1099 1691 1191 1761 qui
1223 1694 1429 1764 absque
1456 1699 1844 1769 conjunctione
1870 1703 2052 1775 aliqua
2079 1705 2164 1760 vel

583 1779 965 1846 procreatione
1006 1780 1184 1839 factus
1231 1784 1372 1839 fuit?
1417 1786 1553 1844 Nam
1587 1792 1633 1847 si
1667 1808 1734 1848 ex
1768 1795 1888 1850 viro
1917 1796 2160 1852 animam

581 1866 746 1920 simul
798 1870 1020 1924 cxcerni
1070 1875 1526 1944 concesserimus,
1585 1893 1844 1952 sequetur
1911 1887 2159 1954 omnino,

579 1957 744 2012 etiam
771 1959 865 2014 Dei
905 1960 1068 2017 Verbi
1105 1965 1370 2023 incarnati
1407 1967 1644 2028 animam
1676 1989 1739 2030 ex
1783 1977 1992 2033 semine
2039 1980 2162 2034 uni-

574 2042 687 2107 tam
728 2052 943 2122 corpori
975 2071 987 2106 ;
1020 2052 1075 2109 id
1139 2061 1289 2130 quod
1313 2060 1477 2118 fuerit
1497 2059 1753 2123 extrema:
1779 2059 2066 2126 dementia:
2095 2087 2161 2127 ac

579 2139 954 2212 blasphemiae,
1003 2147 1274 2219 ingentem
1309 2159 1570 2214 merentis
1595 2174 1836 2228 poenam.
1863 2147 2063 2218 Eadem
2092 2179 2160 2220 ex

581 2235 806 2290 vesania
831 2233 1113 2308 sequetur,
1138 2259 1330 2313 pmnas
1355 2248 1582 2306 daturos
1604 2254 1805 2322 potius,
1832 2265 1996 2324 quam
2020 2263 2160 2326 prae-

577 2325 687 2379 mia
713 2330 1072 2385 certaminum
1100 2349 1440 2408 coronasque
1464 2352 1856 2411 reportaturos,
1883 2344 1975 2416 qui
2001 2363 2157 2403 scor-

580 2418 841 2475 tationem
860 2421 1094 2492 fugiunt,
1109 2435 1163 2480 et
1175 2425 1388 2485 fortiter
1403 2433 1667 2490 adversus
1684 2436 1856 2506 ipsam
1875 2435 2160 2496 decertan-

576 2519 679 2578 tes,
708 2527 772 2568 ac
799 2525 1024 2584 propter
1045 2534 1272 2590 regnum
1307 2525 1574 2602 caelorum
1612 2529 1936 2598 semetipSos
1978 2534 2158 2588 conti-

577 2605 762 2659 nentia
775 2618 1104 2676 castrantes,
1119 2615 1580 2692 quemadmodum
1616 2620 1796 2690 inquit
1811 2621 2074 2681 Dominus
2087 2626 2156 2693 ³³,

575 2698 791 2756 animas
830 2701 972 2758 intra
1001 2689 1328 2777 semetipsos
1371 2709 1660 2779 sntiocant,
1683 2701 1736 2769 et
1767 2732 1871 2771 una
1901 2731 2026 2773 cum
2050 2711 2158 2774 ter-

575 2790 726 2846 renis
754 2792 1078 2850 interimunt
1103 2800 1385 2865 membris,
1413 2818 1513 2858 sua
1542 2805 1839 2863 sobrietate
1858 2809 2156 2868 deteriores

574 2882 866 2940 evadentes
899 2883 1067 2957 quam
1107 2890 1540 2949 sinteﬂ'eminati
1567 2908 1622 2951 et
1647 2899 1909 2969 voluptati
1961 2891 2152 2958 dediti.

574 2973 715 3032 Num
749 2978 919 3050 igitur
944 2993 999 3037 et
1030 2982 1237 3041 Paulus
1274 2986 1364 3041 ille
1399 2989 1622 3045 sublimi
1657 2994 1916 3061 praeditus
1945 2999 2157 3054 intelle-

571 3077 666 3124 ctu
705 3073 948 3128 manebit
992 3074 1375 3139 inhonoratus,
1425 3094 1725 3152 pmnasque
1771 3086 1968 3154 pendet
1997 3090 2156 3158 quasi

571 3163 667 3231 qui
687 3165 955 3235 supplicia
970 3168 1127 3224 nobis
1139 3170 1560 3243 animarumque
1578 3190 1741 3231 neces
1759 3178 2153 3245 conciliaverit,

569 3263 684 3308 tam
711 3273 768 3326 re
787 3259 902 3326 ipsa
923 3275 1088 3329 quam
1113 3262 1296 3318 verbis
1311 3263 1535 3329 docens,
1558 3275 1612 3321 et
1627 3269 1874 3325 scribens
1895 3271 2154 3329 universo

569 3345 714 3412 orbi,
746 3345 1059 3418 fugiendam
1089 3367 1212 3408 esse
1234 3358 1626 3412 scortationem
1657 3367 1712 3414 et
1727 3361 2015 3418 mulierem
2041 3379 2152 3420 non

568 3425 920 3516 tangendam,
954 3441 1001 3496 si
1036 3441 1152 3496 ﬁeri
1180 3446 1384 3515 queat?
1433 3446 1614 3514 Quare
1663 3449 1829 3521 igitur
1855 3460 1910 3508 et
1940 3463 2153 3510 scorta-

571 3513 744 3583 torem
789 3530 1140 3608 Corinthium
1189 3538 1424 3606 punivit,
1467 3540 1530 3606 in
1579 3557 1639 3596 se
1681 3542 2000 3599 suﬂocatam
2032 3547 2153 3600 ani-

569 3623 818 3703 mamad
845 3621 1007 3676 vitam
1033 3625 1407 3682 emittentem?
1428 3629 1611 3696 Quare
1637 3617 2024 3704 itemseminis
2045 3638 2150 3692 ilu-

567 3725 637 3764 xu
665 3694 1005 3793 laborantem
1030 3717 1116 3770 lex
1139 3719 1416 3787 puriticari
1447 3694 1502 3777 et
1533 3740 1676 3794 aqua
1704 3699 1980 3800 submergi
2013 3747 2154 3800 prae-

565 3805 730 3882 cepit,
765 3791 811 3860 si
849 3807 1102 3889 videlicet
1130 3820 1337 3886 arctata
1364 3801 1528 3869 nimis
1561 3816 1743 3871 anima
1781 3819 1848 3874 de
1874 3820 1992 3890 ejus
2015 3822 2152 3877 lum-

565 3877 636 3949 bo
666 3883 954 3967 progressa
976 3884 1494 3966 est?Qualiumnam
1524 3921 1652 3961 vero
1682 3908 1994 3981 plantarum
2030 3911 2148 3983 fru-

567 3977 866 4072 ctuumque
899 4008 1109 4058 ramos,
1139 4005 1236 4050 aut
1269 4013 1457 4053 semen
1492 4003 1711 4077 accepit,
1741 4001 1901 4072 Deus,
1948 4008 2150 4077 quibus

565 4064 805 4166 abitiitio
819 4096 1021 4142 terram
1040 4092 1366 4146 exornavit?
1381 4071 1670 4164 Quom‘odo
1691 4095 1824 4152 Sara
1838 4116 1963 4154 cum
1979 4102 2152 4158 Abra-

564 4180 730 4236 bamo
744 4181 813 4236 ad
834 4185 1194 4240 centesimum
1213 4187 1282 4240 ab
1298 4179 1664 4245 adolescentia
1682 4191 1894 4250 cubans
1917 4209 2146 4263 annum,

563 4272 823 4344 idemque
848 4289 1034 4332 semen
1061 4278 1364 4348 excipiens,
1397 4297 1681 4353 nunquam
1709 4285 1920 4342 invenit
1945 4289 2152 4345 anima-

563 4371 680 4416 tum
709 4380 832 4420 esse
862 4367 995 4423 illud
1023 4383 1458 4441 excrementum,
1497 4376 1600 4432 nisi
1631 4379 1819 4434 divino
1851 4394 2144 4453 praecepto,

563 4467 623 4512 ut
653 4469 974 4515 nasceretur
1003 4460 1226 4521 lsaacus
1254 4468 1567 4537 unigenitus
1595 4473 1742 4528 illius
1763 4487 1979 4530 centum
2005 4479 2148 4534 natis

561 4549 779 4606 annos?
809 4550 874 4607 Et
901 4556 1182 4622 quomodo
1222 4557 1378 4614 Anna
1409 4577 1532 4616 cum
1573 4562 1808 4620 Helcana
1850 4570 1974 4624 lecti
2010 4587 2145 4628 con-

561 4642 906 4700 suetudinem
928 4647 1138 4705 babens
1159 4651 1412 4720 pluribus
1433 4657 1613 4724 annis,
1636 4676 1916 4731 nunquam
1947 4665 1999 4718 in
2028 4675 2146 4721 ute-

484 4759 498 4776 ι
558 4748 624 4788 ro
659 4736 962 4793 animatum
992 4752 1406 4801 excrementum
1444 4751 1709 4821 suscepit,
1741 4755 2063 4826 priusquam
2090 4759 2145 4813 in

558 4831 860 4886 sacrarium
907 4835 1138 4903 veniret,
1188 4838 1507 4914 Nomenque
1547 4860 1646 4915 pro
1678 4847 2014 4908 fecunditate
2042 4869 2140 4909 ex-

559 4924 815 4979 orasset?
851 4924 1024 4997 Cujus
1059 4931 1292 5001 supplici
1317 4936 1633 5004 precatione
1667 4938 1813 4997 Deus
1863 4957 2142 5017 suscepta,

557 5034 683 5090 qua:
723 5023 912 5079 multis
955 5024 1178 5093 quidem
1234 5030 1575 5099 temporibus
1606 5033 1674 5088 de
1706 5049 1766 5090 se
1798 5035 2146 5106 judicaverat

560 5125 620 5166 se
650 5111 868 5168 vitalem
928 5113 1098 5170 fetum
1132 5134 1411 5188 nunquam
1461 5123 1768 5192 parituram
1807 5166 1823 5190 ,
1861 5129 2009 5185 velut
2057 5133 2143 5187 in-

559 5206 800 5262 animam
830 5212 1116 5266 materiam
1139 5217 1391 5284 sequenti
1415 5220 1713 5276 concubitu
1733 5235 2000 5280 consueto
2019 5242 2109 5281 mo
2127 5257 2142 5270 -

558 5314 618 5354 re
657 5299 924 5368 dejectam
960 5305 1245 5372 animavit,
1272 5317 1328 5363 et
1351 5310 1619 5368 eximium
1664 5314 1819 5371 illum
1854 5318 2136 5374 divinum-

557 5405 662 5464 que
721 5389 1037 5450 Samuelum
1069 5397 1344 5470 formavit,
1386 5419 1550 5474 quem
1601 5418 1725 5476 post
1775 5413 2141 5480 pueritizein-

556 5482 861 5558 fantiaaque
908 5488 1168 5548 lactentis
1217 5502 1449 5562 statum,
1505 5514 1699 5558 sancto
1759 5503 1840 5559 illi
1889 5505 1999 5563 Deo
2047 5509 2140 5579 qui

557 5585 811 5634 sanctum
883 5595 1114 5650 puerum
1193 5589 1539 5658 praebuerat,
1630 5595 1812 5652 tunica
1878 5602 2142 5658 amictum

559 5680 734 5727 mater
801 5673 1040 5740 obtulit,
1107 5694 1136 5733 a
1201 5683 1494 5742 cunabulis
1548 5684 1662 5743 beo
1713 5697 2140 5751 consecratum?

560 5763 851 5832 Quomodo
887 5767 1018 5825 item
1050 5786 1190 5829 anus
1239 5777 1456 5849 egregia
1483 5779 1754 5839 Elisabeta
1792 5800 1822 5842 a
1859 5794 2046 5844 tenera
2077 5797 2132 5846 et

632 5905 677 5939 ⁸³
697 5905 890 5967 Matth.
928 5925 1043 5978 nx,
1074 5908 1159 5964 12.

1663 385 1720 445 s.
1757 387 2056 445 casam]
2092 355 2426 447 critic-(nm
2471 393 2772 455 FRATRIS

3709 413 3818 470 Μὶίῦ

2279 508 2432 591 τικδν
2471 495 2664 591 αἴτιον,
2694 491 2832 587 ὅπερ
2857 493 3002 568 ἐστὶν
3036 517 3069 588 ἡ
3111 517 3279 591 ψυχή.
3308 521 3407 575 Διὰ
3451 521 3509 574 δέ
3548 523 3607 575 τὸ
3639 528 3817 590 εὐτελὲς

2278 588 2378 653 καί
2417 587 2704 689 ούδαμινδν
2723 607 2827 690 τῆς
2867 607 3092 690 πρώτης
3121 587 3336 683 ἡμέρας
3366 618 3734 680 καταοτάσεως
3759 587 3816 690 μή

2272 689 2580 771 δυναμένης
2608 682 2707 758 τὰς
2746 679 2946 770 ἑαυτῆς
2978 679 3256 771 ἐνεργείας
3284 695 3508 768 τελείως
3553 679 3816 762 ἐπτδέεέοέυζ

2281 768 2429 848 σθαι,
2469 769 2558 864 sua;
2607 775 2667 840 τδ
2693 768 2912 853 εὐτελὲς
2938 787 3038 862 τῆς
3070 768 3412 866 καταϐολῆς,
3448 795 3737 870 αὐξομένης
3770 801 3817 855 δὲ

2273 875 2480 947 ταύτης
2504 861 2561 930 ἐν
2583 881 2650 950 τῇ
2672 881 2871 954 γαστρὶ
2892 861 3089 947 καὶνεὶς
3113 885 3291 957 σάρκα
3317 861 3676 961 τρεπομένης,
3702 861 3818 946 Zur.

2276 969 2368 1022 θεν
2398 971 2474 1033 εἰς
2508 970 2707 1043 βρέφος
2732 972 3077 1047 τρεπομένης
3107 979 3491 1055 συναύξεσθαι,
3518 984 3613 1062 καὶ⁵
3635 985 3817 1062 τελείως

2275 1059 2682 1116 ἐπιδείκνυσθαι
2720 1063 2822 1137 τὴν
2849 1064 3026 1136 ψυχὴν
3057 1067 3157 1132 τὰς
3187 1065 3390 1141 ἑαυτῆς
3428 1059 3718 1144 ἐνεργείας,
3743 1079 3820 1132 καὶ

2274 1152 2730 1223 συνεκφαίνεσθαι
2756 1153 3126 1228 τελειουμένου
3153 1157 3248 1213 τοῦ
3277 1154 3546 1230 σώματος.

2883 1431 3247 1509 Ἀπόκριοέις.

2344 1529 2560 1598 ’Ἄπαγε
2606 1526 2941 1601 συνύπαρξιν
2985 1535 3126 1584 νοεῖν
3164 1533 3274 1586 τῶν
3299 1523 3511 1605 ψυχῶν.
3545 1533 3708 1615 Πόθεν
3730 1538 3820 1613 γὰρ

2271 1621 2641 1693 συνυπάρχειν
2678 1621 2758 1693 τῷ
2809 1623 2979 1698 ΪΛδάμ
3021 1613 3121 1695 την
3169 1624 3345 1697 ψυχὴν
3383 1613 3686 1698 νοήσωμεν,
3713 1630 3820 1682 ἄνευ

2273 1712 2596 1784 συμπλοκῆς
2619 1730 2764 1788 τινος
2790 1709 2822 1785 ἢ
2866 1717 3075 1786 σπορᾶς
3105 1709 3604 1789 δημιουργηθέντις
3649 1719 3705 1773 El
3731 1723 3821 1790 γὰρ

2273 1803 2776 1893 συναποκρίνασθαι
2821 1804 2886 1858 ἐκ
2928 1805 3021 1859 τοῦ
3051 1805 3241 1878 ἀνδρὸς
3273 1808 3390 1893 την.
3417 1808 3600 1893 ψυχὴν
3638 1810 3820 1881 ἔδομεν,

2268 1875 2458 1965 ἕψεται
2499 1894 2718 1959 πάντως
2747 1895 2842 1949 καὶ
2871 1896 2971 1967 τὴν
3007 1895 3101 1950 τοῦ
3131 1893 3269 1965 Θεοῦ
3293 1890 3390 1952 και
3424 1891 3603 1968 Λόγου
3635 1918 3818 1971 σαρκω-

2269 1964 2455 2050 θέντος
2498 1985 2676 2062 ψυχὴν
2705 1988 2770 2039 ἐκ
2809 1964 3018 2058 σπορᾶς
3056 1964 3424 2059 ὑποτίθεσθαι,
3754 1993 3817 2060 τῷ

2268 2075 2512 2145 σώματι·
2536 2077 2673 2148 ὅπερ
2695 2076 2842 2131 ἐστὶν
2865 2079 3102 2149 ἐσχάτης
3125 2079 3333 2144 ἀνοίας,
3356 2083 3450 2134 καὶ
3474 2075 3814 2156 βλασφημίας,

2262 2161 2568 2238 ἀπέραντον
2611 2167 2843 2240 ἐχούσης
2888 2170 3133 2226 κόλασιν.
3175 2171 3270 2225 Ἐκ
3309 2169 3367 2225 δὲ
3409 2177 3511 2244 τῆς
3563 2176 3815 2247 παροινία

2261 2259 2468 2331 ταύτης
2497 2259 2651 2324 δίκας
2686 2261 2887 2331 μᾶλλον
2927 2263 3187 2323 τίσουσιν.
3219 2265 3251 2336 ἢ
3280 2264 3490 2320 ἔπαθλα
3519 2270 3614 2321 καὶ
3653 2271 3815 2338 στεφά-

2261 2369 2388 2416 νους
2416 2353 2753 2424 κομίσονται,
2783 2353 2830 2407 οἱ
2847 2353 2952 2428 ,τὴν
2983 2355 3240 2429 πορνείαν
3265 2355 3580 2426 φεύγοντες,
3613 2359 3700 2412 καὶ
3718 2377 3815 2427 γεν-

2261 2444 2427 2510 ναίως
2461 2445 2580 2499 κατ’
2613 2437 2783 2518 αὐτῆς
2825 2438 3240 2519 ἀγωνιζόμενοι,
3295 2452 3390 2504 καὶ
3431 2441 3522 2504 διὰ
3560 2453 3654 2520 τὴν
3687 2451 3816 2522 βασι-

2260 2526 2408 2591 λείαν
2426 2537 2534 2591 τῶν
2558 2531 2826 2609 οὐρανῶν,
2845 2539 3073 2602 ἑαυτοὺς
3098 2531 3397 2613 ἐγκρατείᾳ
3419 2536 3813 2612 εὐνουχίζοντες,

2261 2631 2444 2696 καθώς
2477 2649 2643 2704 φησιν
2693 2634 2721 2685 ό
2774 2631 2999 2704 Κύριος,
3024 2631 3203 2724 ψυχάς
3249 2621 3462 2724 ἑαυτοῖς
3511 2635 3814 2724 ,ἐγκαταπνί-

2259 2711 2450 2794 γοντες
2511 2725 2603 2780 καὶ
2655 2724 3078 2796 συννεκροῦντες
3120 2721 3234 2790 τοῖς
3282 2713 3551 2812 ἐπιγείοις
3600 2713 3809 2812 μέλεσιν,

2255 2818 2482 2889 ἥττονες
2526 2816 2727 2888 μᾶλλον
2764 2820 2832 2888 τῇ
2883 2806 3208 2891 σωφροσύνῃ
3241 2819 3336 2872 καὶ
3377 2810 3576 2890 ἁγνεία
3608 2809 3711 2872 τῶν
3736 2821 3809 2875 λὰ-

2258 2913 2403 2978 γνων
2426 2906 2522 2962 κάι
2553 2909 2852 2982 φιληδόνων
2881 2908 3289 2974 ἀποδαίνοντες.
3315 2906 3466 2983 ’Ᾱρα
3492 2913 3550 2965 δέ
3575 2913 3663 2966 καὶ
3692 2911 3810 2964 Παῦ-

2258 3003 2348 3066 λος
2383 3003 2413 3056 ό
2455 3002 2654 3074 ὑψηλὸς
2678 3003 2778 3075 τὴν
2811 2990 3046 3057 διάνοιαν
3105 2997 3480 3074 ἄναγέραστος
3527 2997 3700 3076 μείνῃ,
3733 3007 3808 3056 καὶ

2258 3093 2488 3155 εὐθύνας
2515 3094 2772 3168 ἀποτίσῃ,
2804 3094 2881 3158 ὡς
2917 3095 3189 3167 τιμωρίας
3220 3085 3353 3167 ἡμῖν
3381 3095 3712 3169 προξενήσεις
3734 3095 3808 3149 κιὶ

2255 3183 2616 3255 ψυχοκτονίας
2653 3184 2800 3257 ἔργῳ
2833 3186 2926 3238 καὶ
2963 3185 3108 3256 λόγῳ
3152 3185 3424 3240 παιδεύων
3456 3189 3552 3241 καὶ
3587 3187 3806 3240 ἐπιστέλ-

2257 3277 2366 3330 λων
2399 3278 2465 3347 τῇ
2487 3276 2804 3348 οἰκουμένῃ,
2832 3275 3053 3348 φεύγειν
3088 3275 3189 3348 τὴν
3218 3277 3497 3349 πορνείαν,
3529 3279 3622 3331 καῖ
3649 3283 3806 3347 γυναι-

2254 3367 2348 3431 κὸς
2390 3368 2465 3439 μὴ
2507 3367 2796 3434 ἅπτεσθαι,
2827 3370 2876 3421 εί
2903 3362 3015 3422 οἷόν
3048 3385 3107 3422 τε
3132 3386 3147 3434 ;
3179 3369 3333 3421 Διατὶ
3363 3369 3421 3422 δὲ
3459 3372 3554 3423 καὶ
3583 3369 3671 3422 τὸν
3699 3387 3805 3438 πορ-

2252 3460 2522 3514 νεύσαντα
2541 3461 2824 3532 Κορίνθιον
2841 3462 3244 3536 ἐτιμωρήσατο,
3268 3462 3670 3532 ἐμπνιγομένην
3683 3461 3808 3529 αὐτῷ

2251 3551 2431 3622 ψυχὴν
2464 3550 2601 3622 πρὸς
2636 3551 2783 3620 ζωὴν
2827 3551 3182 3622 προιέμενον;
3217 3550 3370 3604 Διατί
3402 3551 3446 3604 δ’
3479 3552 3592 3623 ἀρα
3620 3551 3804 3605 καὶτὸν

2252 3643 2521 3717 γονορῤυῆ
2555 3645 2584 3696 ὁ
2621 3643 2784 3713 νόμος
2826 3641 3188 3714 καθαίρεσθαι
3217 3642 3312 3695 καὶ
3347 3642 3502 3696 ὕδατι
3538 3643 3807 3706 ἀποκλύζε-

2253 3737 2379 3791 σθαι
2424 3735 2782 3808 προσέταξεν,
2821 3737 2870 3790 si
2903 3735 3010 3807 ἄρα
3050 3734 3198 3805 ψυχὴ
3247 3736 3639 3808 ἐνστενουμένη
3665 3734 3804 3788 αὐτο]

2250 3834 2318 3902 τῇ
2348 3831 2510 3899 ὀσφύϊ
2539 3829 2972 3902 προσελήλυθεν;
3006 3831 3181 3884 Ποίων
3212 3830 3257 3884 δ’
3285 3832 3397 3902 ἄρα
3425 3829 3606 3899 φυτῶν
3635 3831 3666 3900 ἢ
3695 3845 3805 3897 καρ-

2252 3922 2369 3977 πῶν
2393 3922 2736 3986 ἀποσπάδας,
2764 3923 2796 3995 ἢ
2823 3923 3048 3995 σπέρμα
3067 3922 3248 3978 λαϐὼν
3269 3923 3297 3974 ό
3323 3922 3458 3986 Θεὸς
3481 3925 3541 3976 ἐν
3568 3924 3698 3993 ἀρχῇ
3724 3920 3802 3990 τὴν

2251 4017 2357 4087 γῆν
2388 4015 2805 4086 κατεκόσμησεν
2831 4031 2846 4080 ;
2877 4015 3003 4079 Πῶς
3035 4015 3092 4067 δὲ
3135 4015 3320 4086 Σάρρα
3363 4012 3444 4086 τῷ
3480 4015 3716 4086 Ἀϐραὰμ
3739 4013 3802 4073 είς

2252 4110 2448 4164 ἑκατὸν
2473 4110 2538 4163 ὲκ
2575 4109 2760 4172 παιδὸς
2795 4107 3240 4178 συγκαθεύδουσα
3269 4107 3389 4176 ἐτη,
3421 4108 3516 4161 καὶ
3539 4109 3635 4177 τὴν
3661 4105 3803 4173 αὐτὴν

2252 4202 2625 4275 ὑποδεχομένη
2681 4201 3010 4273 καταϐολὴν,
3046 4201 3261 4255 οὐδέπω
3305 4200 3552 4271 ἔμψυχον
3609 4193 3718 4270 εὗρε
3753 4194 3800 4247 τὸ

2251 4296 2536 4367 ἀπόκριμα
2593 4293 2722 4365 θείῳ
2777 4293 3197 4365 προστάγματι,
3258 4291 3352 4344 καὶ
3402 4289 3653 4358 γενέσθαι
3699 4287 3801 4355 (sit)

2263 4389 2454 4444 Ἰσαὰκ
2487 4387 2782 4460 μονογενὴς
2815 4389 2947 4449 παῖς
2987 4388 3102 4450 τοῖς
3132 4385 3582 4448 ἑκατονταέταιςς
3614 4381 3724 4444 Πῶς
3756 4378 3800 4431 δὲ

2255 4485 2424 4538 Ἀννα
2452 4481 2532 4553 τῷ
2563 4481 2800 4551 Ἐλκανᾷ
2834 4478 3228 4551 συγκλινομένη
3275 4479 3358 4546 ἐφ’
3389 4477 3594 4539 ἱκανοῖς
3635 4475 3797 4534 ἔτεσιν,

2253 4577 2405 4631 οὔπω
2451 4576 2595 4630 κατά
2634 4574 2872 4644 γαστρὸς
2919 4570 3342 4644 ἐμψύχουμὲνην
3398 4569 3501 4639 τὴν
3533 4564 3800 4635 καταδολὴν

2255 4671 2490 4741 ἐδέχετο,
2528 4669 2658 4742 πρὶν
2701 4669 2780 4732 είς
2823 4666 2886 4720 τὸ
2941 4665 3082 4737 ἱερὸν
3135 4661 3413 4764 φοιτῆραι,
3450 4660 3634 4764 καὶΛτδ
3673 4658 3797 4764 Gaio:

2254 4763 2624 4834 ἐκλιπαρῆσαι
2658 4757 3006 4827 παιδογονίας
3033 4756 3252 4818 ἐνεκεν;
3285 4750 3397 4816 Ἧς
3441 4753 3504 4806 τὸ
3541 4751 3688 4806 Θεῖον
3719 4750 3794 4820 ﬁt!

2253 4855 2490 4911 ἱκετείαν
2517 4851 2971 4924 προσδεξάμενον.
3003 4847 3101 4918 τὴν
3127 4845 3341 4946 πολλοῖς
3373 4844 3472 4915 μὲν
3497 4845 3698 4946 meum;

2252 4946 2654 5020 τακρινομὲνην
2707 4944 2844 5014 αὐτῇ
2898 4941 3166 5013 μηδέποτε
3224 4937 3693 5009 ζωογονουμένην,
3738 4937 3794 4993 ὡς

2253 5043 2459 5112 ἄψυχον
2495 5039 2627 5111 ὕλην
2677 5037 2744 5109 τῇ
2792 5036 3024 5108 ἐπιούσῃ
3074 5032 3509 5130 συγκατευνὰσει

2252 5132 2688 5204 καταϐληθεῖσαν
2721 5129 3052 5201 ἐνεψύχωσε,
3091 5128 3188 5180 καὶ
3223 5126 3314 5179 τὸν
3341 5124 3545 5197 ὑψηλὸν
3579 5119 3792 5191 Σαμουὴλ

2258 5227 2400 5298 ἱερὸν
2431 5223 2785 5285 διετύπωσεν,
2817 5221 2876 5275 δν
2919 5223 2984 5274 ἐκ
3011 5220 3213 5291 νηπίας
3245 5219 3340 5272 καὶ
3384 5217 3492 5271 ὑπὸ
3524 5215 3690 5270 τίτθον
3717 5228 3792 5264 κα·

2249 5318 2566 5381 ταστάσεως
2599 5315 3006 5388 ἀπορραγέντα,
3039 5312 3117 5384 τῷ
3145 5313 3544 5384 παρασχομένῳ
3579 5307 3694 5382 ίερῷ
3721 5303 3790 5358 τὸν

2255 5416 2397 5488 ἱερὸν
2434 5413 2623 5476 παῖδα,
2654 5407 2886 5464 διπλοῖδι
2929 5405 3321 5504 περιστείλασα
3441 5406 3789 5504 μήτηρ-Ἔρυξ

2250 5510 2505 5580 ενήνοχεν
2545 5507 2609 5559 ὲκ
2633 5502 2965 5572 σπαργάνων
2995 5499 3117 5571 Θεῷ
3147 5497 3574 5598 -καθιερωσασας

2251 5600 2344 5655 καὶ
2373 5601 2407 5670 ἡ
2436 5595 2746 5668 καλογραῦς
2788 5592 3072 5648 Ἐλισάὅετ
3110 5591 3173 5657 ἐξ
3201 5591 3417 5662 ἁπαλῆς
3454 5589 3545 5643 καὶ
3585 5589 3784 5657 copim-

2250 5712 2350 5767 σης
2403 5691 2620 5764 ἡλικίας
2660 5689 2739 5761 τῷ
2773 5687 3023 5758 συνήλικι
3069 5685 3316 5784 Ζαχαρία⁸
3349 5680 3777 5784 -συγιῐαθεύδουῗτ

2250 5764 2329 5853 είς
2363 5785 2534 5858 αὐτὴν
2580 5781 2772 5838 πολιὰν
2819 5779 3134 5847 ἐλάσαντες,
3179 5779 3274 5833 καὶ
3307 5779 3416 5832 τῶν
3452 5770 3678 5847 γαμικῶν
3693 5764 3776 5823 οὐκ
