3806 6544
62 408 189 474 1039

62 526 393 596 ἀπειπάμενοι
432 516 649 589 νόμων,
696 516 952 571 οὐδέποτε
1005 517 1184 587 ζώσης
1246 514 1598 588 συγκράσεως

62 627 313 690 ἐπέτυχον,
341 613 464 683 πρὶν
487 613 563 681 τῇ⁴
583 609 679 663 τοῦ
711 610 944 679 ἀγγέλου
972 614 1122 681 φωνῇ
1155 609 1469 689 ψυχωθῆναι
1503 610 1603 681 τὴν

62 723 110 774 ιν
131 708 359 784 τῇιόσφύῖ
404 703 661 773 κειμένην
695 702 862 771 ὓληνο
898 697 971 773 ἦς
1000 704 1131 773 παρ’
1155 702 1431 773 ἑκατέρων
1473 718 1603 772 συγ-

62 799 475 871 καταϐληθείσης,
504 794 599 847 καὶ
633 794 717 857 εἰς
757 794 937 864 σάρκα
982 793 1272 864 παγείσης,
1306 792 1468 846 οἱονεὶ
1508 792 1602 845 λα-

60 899 203 966 τόμου
232 888 373 950 τινὸς
396 886 536 956 χειρὶ
567 883 627 949 ἐξ
651 884 813 955 ὅρους
844 886 877 954 ἦ
913 884 1176 954 μετάλλου
1216 885 1599 938 ἀποσπασθέν-

56 1006 135 1050 eo;
160 984 315 1045 λίθου,
346 980 438 1033 καὶ
463 980 527 1049 τῇ
556 978 675 1030 καθ’
698 979 911 1049 ἡμέραν
938 978 1125 1049 λαξείᾳ
1145 978 1599 1049 διαγλυφομένου,

63 1082 229 1150 μέχρις
258 1075 321 1128 ἂν
357 1070 487 1140 πρὸς
517 1069 577 1122 τὸ
613 1069 890 1140 ἐῤῥωσθὲν
930 1068 1025 1123 τοῦ
1067 1070 1387 1142 ἀνδριάντος
1416 1070 1599 1145 φθάσῃ

58 1170 325 1237 ἐκτύπωμα
346 1181 359 1230 ;
384 1161 543 1217 Οΰτω
567 1165 634 1232 τῇ
666 1162 886 1233 ἀρρήτῳ
919 1165 1157 1234 μηχανῇ,
1189 1165 1229 1233 ἦ
1251 1181 1379 1217 ποτε
1409 1166 1466 1217 ὲν
1488 1168 1601 1228 τοῖς

58 1259 356 1335 πρεσδύταις
390 1255 614 1325 ἄψυχος,
646 1256 741 1309 καὶ
786 1254 1032 1327 εἰδεχθὴς
1067 1254 1166 1327 ὕλη
1216 1260 1295 1320 εἰς
1345 1256 1600 1329 Ἰωάννην

52 1352 390 1422 διαγλύφεται,
426 1347 522 1401 καὶ
548 1347 599 1400 δι
637 1388 650 1401 .
697 1386 711 1400 .
757 1388 773 1400 .
815 1383 832 1399 .
864 1347 955 1400 τὸν
990 1348 1301 1419 Βαπτιστὴν
1340 1352 1435 1405 καὶ
1464 1350 1600 1421 πρό-

53 1448 241 1515 δρομον.
276 1436 576 1491 Σιωπάσθω
595 1431 688 1489 οὖν
709 1436 872 1506 ἡτῶν
900 1435 1086 1506 ψυχῶν
1118 1436 1458 1507 μυθευομένη
1483 1454 1603 1493 συν-

53 1533 259 1606 ύπαρξις
306 1533 363 1583 ἐν
395 1531 459 1599 τῇ
511 1528 811 1599 ἀπαφρίσει
856 1528 950 1582 τοῦ
988 1530 1235 1601 ἄρρενος.
1277 1530 1405 1593 Πῶς
1427 1530 1533 1602 γὰρ
1561 1534 1595 1602 ἡ

52 1627 294 1697 ἄφθαρτος
320 1622 412 1675 καὶ
438 1620 703 1685 ἀθάνατος
730 1620 807 1692 τῷ
837 1621 1062 1693 φθαρτῷ
1086 1622 1179 1676 καὶ
1215 1623 1446 1693 εἰδεχθΞί
1473 1641 1599 1677 συν-

50 1716 283 1787 υπάρχεις
332 1712 451 1777 Πῶς
497 1714 673 1785 γὰρὴ
720 1714 981 1784 ἀμείνους
1020 1716 1114 1768 καὶ
1159 1717 1468 1786 κρείττονος
1496 1717 1600 1786 φύ-

50 1825 165 1871 σεως
188 1810 248 1860 ἐκ
283 1807 380 1875 τῆς
403 1806 603 1875 ἥττους
628 1806 722 1858 καὶ
761 1805 1005 1876 χείρονος
1033 1805 1129 1876 τὴν
1163 1805 1343 1859 αἰτίαν
1372 1806 1485 1877 ἔχοι
1517 1809 1601 1871 είς
1634 1836 1641 1844 ο

44 1901 127 1971 τὴν
160 1899 269 1973 βίου
312 1898 575 1968 πρόοδον;
605 1898 728 1960 Πῶς
764 1899 820 1951 δὲ
862 1899 963 1951 οὐκ
992 1899 1193 1952 ἄτοπον
1242 1900 1489 1953 ὑπονοεῖν
1539 1903 1599 1954 ὲν

43 1990 195 2060 φθορᾷ
240 1990 406 2059 αὐτὴν
442 1988 934 2059 κατασπείρεσθαι,
980 1990 1074 2043 τοῦ
1126 1990 1450 2046 Ἀποστόλου
1491 1993 1597 2062 φά-

42 2098 237 2144 σκοντος
279 2080 407 2152 περὶ
453 2079 550 2133 τοῦ
606 2079 881 2152 σώματος,
912 2083 1221 2150 Σπειρεται
1263 2085 1335 2137 ἐν
1380 2083 1593 2154 φθορᾷ,

38 2174 293 2242 ἐγείρεται
320 2172 390 2225 ἐν
422 2172 750 2240 ἀφθαρσίᾳ,
779 2174 1085 2242 σπείρεται
1118 2174 1290 2247 σῶμα
1308 2177 1595 2245 ψυχικόνί

36 2268 137 2336 οὐχ),
159 2266 212 2319 δὲ
236 2265 411 2337 ψυχή;
449 2265 527 2318 Τὸ
547 2266 658 2338 γὰρ
680 2265 912 2336 ψυχικὸν
934 2269 1054 2321 ἀντὶ
1081 2269 1175 2322 τοῦ
1212 2269 1341 2323 ἰδίου
1366 2271 1465 2341 τῆς
1495 2271 1599 2341 ψυ-

36 2358 121 2427 χῆς
146 2358 474 2429 ὑπάρχοντος
498 2357 751 2429 ὄργανον.
799 2360 1104 2430 Ἠρεμείτω
1128 2362 1185 2416 δὲ
1214 2363 1306 2416 καὶ
1335 2364 1366 2434 ὴ
1393 2362 1458 2434 λη
1467 2381 1595 2433 ρου-

37 2448 151 2519 μένῃ
187 2446 547 2520 μεθύπαρξις.
572 2451 723 2521 ’Ἅμα
752 2450 862 2522 γὰρ
882 2452 974 2506 τοῦ
1002 2453 1192 2523 νοῆσαι
1222 2454 1377 2517 Θεὸν,
1412 2458 1596 2514 ὁποῖόν

33 2557 76 2593 τι
100 2540 192 2610 χρὴ
226 2539 497 2610 ὑπάρχειν
539 2540 788 2607 ἕκαστον,
819 2540 975 2607 αὖθις
1026 2546 1180 2618 καὶὴ
1219 2546 1319 2619 ὕλη
1363 2552 1594 2622 πάρεστι

33 2633 110 2685 καὶ
141 2632 203 2685 τὰ
232 2632 407 2702 ἄστρα
438 2632 547 2703 τῆς
588 2636 818 2691 ἑκάστου
847 2638 1134 2711 ὑπάρξεως
1165 2640 1245 2711 τῷ
1290 2641 1425 2714 θείῳ
1455 2662 1595 2715 συμ-

32 2725 222 2792 πάρεισι
255 2723 541 2795 δραστικῷ
574 2727 890 2800 βουλήματι.
930 2731 1068 2786 Οὔτε
1107 2734 1215 2807 γὰρ
1249 2736 1593 2806 προῦπαρξιν

28 2814 53 2885 ἢ
84 2813 408 2884 μεθύποιρξιν
438 2818 634 2887 ψυχῶν
667 2823 699 2891 ή
729 2821 848 2875 θεία
881 2824 1126 2879 παιδεύει
1155 2827 1368 2899 Πυκτὴ,
1403 2829 1488 2883 ἵνα
1517 2831 1592 2902 μὴ

26 2909 309 2981 πρεσϐύτης
340 2912 437 2965 καὶ
468 2912 595 2976 νέος
616 2914 778 2978 αὐτὸς
804 2916 996 2970 ἑαυτοῦ
1023 2917 1179 2989 οἰηθῇ
1210 2920 1238 2972 ὁ
1269 2919 1555 2989 ἄνθρωπος
1574 2940 1589 2955 ο

24 2999 120 3051 ἀλλ’
141 3000 248 3069 ἇμα
284 3002 380 3055 τοῦ
412 3003 616 3073 φῆσαι.
647 3005 997 3081 Καλλαόὼν
1041 3012 1074 3062 ὁ
1108 3010 1254 3077 Θεὸς
1285 3012 1440 3080 χοῦν
1471 3014 1592 3067 ἀπὸ

22 3091 115 3159 τῆς
147 3092 272 3162 γῆς,
312 3094 561 3150 ἔπλασε
598 3097 706 3151 τὸν
749 3097 1083 3169 ἄνθρωπον,
1126 3102 1321 3158 θᾶττον
1370 3106 1591 3175 ἐπάγει,

24 3185 113 3236 Kal
147 3186 539 3255 ἐνεφύσησεν
562 3192 653 3256 sic
688 3190 756 3244 τὸ
796 3194 1124 3259 πρόσωπον
1163 3196 1351 3252 αὐτοῦ
1390 3199 1594 3269 πνοὴν

21 3274 165 3343 ζωῆς.
190 3279 286 3332 καὶ
322 3279 570 3349 ἐγένετο
600 3286 633 3336 ὁ
669 3282 982 3352 ἅνθρωπος
1010 3289 1098 3352 εἰς
1130 3288 1347 3356 ψυχὴν
1374 3289 1590 3350 ζῶσαν.

21 3369 139 3421 0-3::
166 3366 255 3424 οὖν
285 3374 318 3442 ἡ
364 3371 517 3444 ψυχὴ
554 3374 678 3427 καθ’
708 3375 928 3447 ἑαυτὴνί
962 3376 1086 3431 οὔτε
1120 3379 1181 3432 τὸ
1225 3381 1386 3451 σῶμα
1417 3384 1595 3456 ὑπάρ-

20 3479 87 3531 χει
132 3464 438 3533 ἄνθρωπος.
498 3468 814 3540 Ἐκατέρων
851 3472 960 3542 γὰρ
1004 3472 1100 3544 τὴν
1154 3476 1448 3544 συνάφειαν
1499 3478 1596 3533 καὶ

19 3554 188 3607 ἕνωσιν
226 3558 575 3629 ἀπηρτίοθαι
613 3559 803 3633 βροτὸν
835 3563 864 3615 ὁ
902 3562 1010 3616 τῶν
1050 3565 1209 3621 θείων
1244 3570 1593 3640 συγγραφεὺς

20 3646 196 3719 Μωσῆς
221 3650 573 3723 ἀπεφήνατο.

1412 392 1757 453 DIA‘LOGUS
1796 396 1884 454 Ill.

3142 398 3283 456 {030

1701 514 1897 571 ﬂorida
1925 516 2095 573 aetate
2139 530 2273 573 cum
2310 514 2589 574 coaetaneo
2632 519 2899 574 Zacharia‘
2961 519 3171 575 cubans
3211 522 3285 577 ad

1707 610 1881 677 ipsam
1914 624 2091 677 usque
2120 606 2400 675 canitiem,
2422 624 2546 663 cum
2599 610 2819 679 quidem
2853 609 3282 664 matrimoniali-

1702 700 1807 754 bus
1863 698 2076 768 legibus
2126 706 2234 754 non
2295 696 2700 763 renuntiarent,
2753 698 3035 770 nunquam
3093 696 3279 754 tamen

1704 802 1833 847 sunt
1888 791 2126 847 assecuti
2180 792 2625 846 commistionem
2682 792 2860 845 vivam
2878 810 2899 858 ,ι
2954 792 3287 863 priusquam

1704 883 1880 954 angeli
1913 898 2048 938 voce
2077 882 2416 938 animaretur
2456 884 2519 937 in
2543 883 2733 938 lumbo
2762 884 2955 953 iacens
2989 886 3285 949 materies,

1704 977 1772 1030 ab
1809 976 2065 1045 utrisque
2092 976 2305 1029 secreta
2338 976 2391 1028 et
2440 974 2494 1027 in
2541 971 2762 1028 carnem
2813 974 3068 1036 solidata,
3118 975 3283 1046 quasi

1705 1067 1993 1138 cujusdam
2038 1066 2286 1137 lapicida:
2316 1081 2481 1119 manu
2512 1081 2547 1119 ει
2580 1074 2766 1121 monte
2797 1066 2883 1121 vel
2915 1067 3136 1121 metallo
3189 1076 3281 1122 re-

1702 1160 1862 1214 vulso
1908 1158 2086 1228 lapide
2107 1180 2129 1223 ,ν
2172 1168 2225 1213 et
2271 1158 2595 1226 quotidiana
2662 1156 2925 1212 caelatura
2945 1158 3277 1226 exsculpto.

1704 1268 1881 1322 usque
1913 1253 2042 1307 dum
2069 1251 2369 1322 perfectam
2392 1251 2622 1322 elligiem
2660 1261 2857 1306 stature
2872 1250 3284 1320 censequatur?

1706 1344 1799 1401 Sic
1821 1354 1874 1399 et
1917 1345 2176 1400 ineffabili
2216 1355 2336 1401 arte
2395 1344 2658 1400 materies
2726 1359 2849 1414 qua:
2900 1344 3184 1414 quondam
3217 1345 3277 1398 in

1703 1440 1930 1495 senibus
1956 1446 2073 1494 erat
2110 1440 2352 1493 inanima
2387 1445 2441 1494 et
2490 1438 2765 1504 informis,
2794 1437 2848 1491 in
2880 1436 3149 1492 Joannem
3182 1453 3282 1492 ex-

1702 1530 1990 1598 sculpitur,
2005 1538 2173 1584 et.....
2204 1529 2501 1599 Baptistam
2535 1540 3023 1598 etprzecursorem.
3042 1526 3281 1581 Proinde

1702 1632 1880 1679 cesset
1908 1622 2221 1679 fabulosum
2252 1623 2385 1678 illud
2426 1632 2805 1678 commentum
2836 1621 2905 1676 de
2948 1620 3276 1676 exsistentia

1703 1716 2007 1770 animarum
2038 1716 2092 1769 in
2112 1717 2341 1781 semine,
2367 1716 2499 1771 dum
2534 1715 2668 1769 illud
2698 1731 2727 1769 a
2759 1716 2915 1769 mare
2935 1713 3275 1770 excernitur.

1702 1803 1991 1871 Quomodo
2046 1807 2194 1860 enim
2261 1821 2351 1860 res
2394 1806 2829 1875 incorruptibilis
2860 1814 2913 1860 et
2952 1804 3280 1859 immortalis

1699 1914 1824 1953 cum
1876 1899 2221 1968 corruptibili
2271 1909 2327 1953 et
2357 1898 2585 1953 informi
2622 1899 2961 1953 exsisteret?
2992 1897 3281 1965 Quomodo

1699 1990 1827 2045 item
1854 1992 2037 2045 anima
2069 2002 2190 2059 quae
2237 1991 2487 2046 melioris
2511 1999 2566 2046 et
2625 1991 3022 2061 praestantioris
3061 1998 3148 2046 est
3178 2007 3279 2046 na-

1698 2091 1855 2147 turae,
1896 2099 1964 2137 ex
1984 2083 2257 2138 deteriore
2286 2098 2351 2137 ac
2377 2083 2573 2139 viliore
2590 2096 2817 2137 causam
2851 2082 3083 2138 ort‘usin‘
3106 2083 3281 2136 vitam

1697 2176 1969 2231 haberet?
1999 2174 2286 2242 Quomodo
2332 2191 2444 2230 non
2469 2176 2773 2230 absurdum
2806 2175 2898 2239 sit,
2939 2183 3133 2243 putare
3157 2171 3282 2228 ani-

1697 2282 1845 2322 mam
1882 2269 1939 2322 in
1990 2269 2350 2338 corruptione
2400 2267 2705 2340 procreari,
2743 2280 2871 2322 cum
2913 2265 2983 2321 de
3041 2280 3281 2336 corpore

1696 2359 1846 2415 dicat
1885 2360 2226 2429 Apostolus:
2254 2359 2547 2415 Serrturin
2581 2359 2938 2428 corruptione,
2977 2356 3283 2413 suscitatur

1695 2453 1751 2506 in
1778 2452 2276 2520 incorruptibilitate
2310 2466 2328 2505 :
2355 2452 2549 2505 seritur
2590 2451 2715 2504 item
2736 2467 2926 2520 corpus
2954 2449 3188 2504 animale
3209 2449 3281 2516 “,

1696 2559 1806 2598 non
1865 2552 2050 2598 autem
2102 2543 2321 2597 anima?
2376 2541 2509 2596 Nam
2568 2543 2811 2597 animale
2869 2541 3097 2605 dicitur,
3155 2551 3280 2595 tan-

1694 2650 1859 2707 quam
1907 2635 2105 2690 a‘nimze
2162 2634 2467 2704 proprium,
2523 2648 2652 2688 cum
2713 2634 2921 2703 corpus
2979 2634 3183 2688 anima:
3208 2634 3285 2689 sit

1694 2740 1986 2797 erganum.
2042 2726 2264 2781 Desinat
2313 2726 2481 2779 etiam
2524 2726 2784 2780 delirium
2839 2732 2907 2781 de
2961 2740 3063 2791 eo,
3125 2727 3277 2796 quod

1695 2821 1955 2890 deinceps
1984 2821 2220 2889 primum
2253 2820 2506 2876 exsistat.
2544 2817 2683 2872 Nam
2711 2818 2878 2875 simul
2926 2828 3097 2889 atque
3127 2819 3276 2877 Deus

1695 2916 1919 2985 cogitat,
1961 2914 2312 2984 qualemnam
2373 2918 2632 2984 oporteat
2666 2913 3090 2983 unumquolibet
3130 2920 3276 2979 esse,

1698 3022 1823 3061 mox
1847 3008 2012 3062 etiam
2070 3006 2332 3061 materies
2378 3005 2559 3073 adest,
2610 3010 2790 3061 et.....
2830 3007 3279 3077 uniuscujusque

1696 3110 1907 3153 naturae
1938 3114 2062 3153 cum
2089 3098 2417 3152 eﬂicacitate
2461 3098 2663 3152 divinae
2696 3099 2999 3155 voluntatis
3029 3113 3272 3154 concur-

1695 3200 1843 3246 runt.
1881 3190 2067 3259 Neque
2094 3193 2238 3246 enim
2256 3190 2340 3245 vel
2382 3192 2535 3260 prius
2563 3193 2853 3256 exsistere,
2881 3192 2965 3247 vel
2989 3193 3268 3248 exsistere

1691 3286 1965 3357 posterius
1989 3285 2205 3340 animas
2254 3284 2456 3339 divinae
2483 3284 2708 3340 Littera
2739 3284 2962 3347 docent,
2996 3300 3066 3340 ne
3106 3299 3276 3341 senex

1691 3386 1745 3435 et
1770 3378 1993 3448 juvenis
2027 3377 2168 3432 idem
2197 3378 2281 3432 sui
2312 3377 2486 3447 ipsius
2518 3361 2771 3447 respectu
2820 3384 3113 3448 putaretur
3167 3383 3277 3431 ho-

1691 3488 1805 3539 mo,
1839 3472 1937 3527 sed
1960 3472 2124 3527 simul
2154 3485 2219 3527 ac
2243 3472 2450 3527 dictum
2472 3480 2654 3527 esset:
2709 3471 2939 3540 Accepto
2986 3469 3127 3525 Deus
3160 3468 3281 3539 pul-

1693 3581 1809 3619 vere
1836 3565 1900 3619 de
1939 3574 2082 3618 terra
2106 3564 2355 3633 formavit
2385 3564 2675 3629 hominem,
2702 3558 2999 3618 confestim
3036 3562 3273 3634 subjun-

1701 3665 1846 3736 gitur
1882 3680 1895 3715 :
1934 3659 1999 3713 Et
2032 3660 2312 3727 inspiravit
2349 3659 2402 3712 in
2440 3659 2627 3728 faciem
2660 3657 2775 3726 ejus
2810 3658 3001 3728 ﬂatum
3039 3659 3182 3724 vitae,
3228 3667 3280 3712 et

19 3740 165 3801 factus
188 3753 265 3796 est
292 3744 451 3798 homo
482 3746 540 3800 in
573 3750 810 3801 animum
829 3750 1081 3805 viventem
1106 3752 1172 3808 ³⁸.
1202 3752 1389 3825 Neque
1412 3757 1580 3829 igitur
1611 3760 1793 3816 anima
1834 3770 1931 3825 per
1964 3766 2044 3817 se,
2076 3758 2255 3822 neque
2282 3766 2486 3821 corpus
2509 3760 2594 3806 est
2622 3751 2807 3815 homo,
2833 3754 2959 3805 eum
2987 3749 3280 3821 Utriusque

19 3839 338 3905 tepulatione
375 3857 443 3896 ac
479 3844 687 3898 unione
726 3844 1030 3914 perfectum
1074 3864 1197 3904 esse
1239 3851 1513 3909 hominem
1562 3857 1868 3912 divinorum
1911 3850 2243 3919 scriptorum
2287 3854 2480 3901 auctOr
2529 3846 2618 3901 ille
2670 3844 2849 3901 Moses
2893 3844 3275 3900 declaraverit.

78 3930 208 3984 Ἀλλ’
240 3933 335 3985 ἐπὶ
363 3935 433 3989 τὰ
459 3934 590 3988 ὅθεν
615 3936 898 4007 ἀπέὸημεν
926 3938 1020 3992 τοῦ
1064 3940 1243 4010 λόγου,
1281 3945 1443 3999 πάλιν
1472 3964 1591 4016 φοι-

19 4024 259 4094 τήσωμεν.
294 4026 389 4098 Τῷ
427 4028 632 4099 ψυχρῷ
660 4030 835 4097 παγὲν
865 4033 929 4084 τὸ
974 4026 1114 4102 αἷμα
1140 4036 1221 4097 είς
1255 4036 1432 4108 σάρκα
1463 4041 1593 4109 μεθ-

20 4132 232 4170 σταται·
257 4120 575 4192 αὐξομένην
609 4122 665 4174 δὲ
690 4126 808 4186 ταῖς
841 4124 983 4177 κατὰ
1012 4125 1177 4196 μέρος
1199 4128 1309 4181 τῶν
1336 4131 1595 4203 σιτηρίων

19 4210 284 4279 ποιοτήτων
315 4212 461 4283 αὐτῇ
507 4212 838 4283 ἐνιζομένων
867 4214 971 4267 ὑπὸ
999 4215 1093 4267 τοῦ
1126 4216 1358 4282 διδόντος
1384 4219 1592 4292 τροφὴν

19 4298 132 4371 mn
170 4305 372 4372 σαρκὶ,
416 4304 611 4367 καθώς
660 4322 794 4377 φησι
837 4306 1002 4360 Δαὸὶδ
1049 4310 1078 4361 ό
1118 4308 1227 4362 τῶν
1260 4310 1419 4365 θείων
1468 4313 1588 4382 μελ-

20 4392 132 4457 ιὸὀς.
166 4395 279 4449 Καὶ
326 4396 531 4469 ὥσπερ
556 4397 835 4453 θαλάττιαι
866 4400 1088 4472 σάρκες,
1133 4402 1295 4456 οἱονεὶ
1324 4406 1382 4457 ἐν
1430 4406 1587 4476 νηδύϊ

20 4490 99 4549 αἶς
139 4488 250 4542 τῶν
286 4490 543 4560 ὀστρέων
596 4493 690 4545 καὶ
732 4492 938 4545 κτενῶν
986 4493 1179 4559 κάλυξι
1226 4496 1581 4567 τρεφόμεναι,

20 4578 213 4650 omth
270 4582 373 4652 μὲν
421 4581 618 4635 θεόθεν
658 4583 879 4653 ἔχουσαι
920 4585 1184 4656 δύναμιν,
1219 4589 1576 4660 σκαίρουσαι,

20 4669 295 4741 άλλουσαι,
318 4674 651 4744 στόματοςῆ
684 4676 853 4745 ἀκοῆς
887 4675 919 4747 ἦ
954 4677 1182 4732 ὀδόντων
1213 4680 1246 4749 ἢ
1275 4683 1580 4749 γευστικῶν

19 4762 219 4829 ογάνων
244 4764 477 4836 ἄμοιροι
514 4766 613 4819 καὶ
660 4766 1051 4837 ἁδιάρθρωτοι,
1089 4768 1225 4842 μόνῃ
1256 4770 1313 4823 δὲ
1365 4774 1434 4844 τῇ
1475 4774 1583 4827 ὲνι-

20 4855 171 4926 ῡμένῃ
203 4856 316 4909 τῶν
349 4857 580 4912 ὑδάτων
610 4856 774 4910 νοτίδι
816 4857 1167 4929 τρεφόμεναι.
1218 4860 1358 4913 Ἀλλ’
1397 4864 1580 4917 ἐκεῖνα

20 4946 64 4995 τὶ
110 4947 205 5000 τοῦ
248 4949 425 5002 αὑτοῦ
481 4950 770 5020 σχήματος
824 4950 973 5020 μένει
1011 4951 1297 5023 διηνεκῶς,
1322 4954 1580 5024 τοιαύτης

20 5038 116 5105 193:
146 5037 243 5089 τοῦ
306 5039 464 5093 θείου
525 5038 957 5109 προστάγματος
1000 5040 1233 5111 λαχόντα
1268 5041 1510 5110 φύσεως·
1542 5045 1575 5115 ἡ

19 5145 26 5178 ι
56 5131 150 5198 τῆς
172 5131 466 5203 ἡμετέρας
496 5133 770 5201 γενέσεως
822 5132 1046 5205 ἀφορμὴ
1089 5132 1319 5204 βραχεῖα
1354 5134 1453 5204 μέν
1496 5152 1581 5199 τις

19 5222 295 5294 πάρχουσα
347 5224 502 5278 κατὰ
558 5224 659 5295 τὴν
692 5224 917 5296 πρώτην
944 5225 1054 5279 τῶν
1099 5227 1432 5298 σπερμάτων
1457 5227 1582 5296 σύγε

19 5331 183 5379 aestv,
225 5320 356 5380 ταῖς
385 5316 542 5371 κατὰ
588 5316 754 5390 μέρος
789 5318 1129 5390 προσθήκαις
1164 5318 1274 5372 τῶν
1315 5322 1583 5391 εἰσκρινο-

19 5406 141 5462 ένων
184 5410 463 5482 σιτηρίων
529 5411 836 5481 ποιοτήτων
882 5411 1347 5482 περιῦιραινομένη
1384 5413 1478 5465 καὶ
1514 5412 1587 5466 δι-

19 5503 272 5574 ’κουμένη
312 5505 592 5576 ἀρρήτως
619 5502 1011 5575 διαμορφοῦται
1053 5506 1120 5575 τῇ
1155 5506 1315 5575 νοερᾷ
1361 5504 1454 5559 καὶ
1484 5506 1581 5558 ἀο-

19 5594 109 5665 ὶτῳ
138 5596 264 5669 θείᾳ
295 5598 458 5669 χειρὶ
510 5595 610 5649 τοῦ
635 5598 699 5649 ὲκ
728 5597 851 5667 χοὸς
883 5595 1279 5659 διαπλάσαντος
1305 5596 1463 5668 ἡμῶν
1487 5596 1580 5650 τὸν

19 5688 313 5761 οοπάτοροι.
339 5690 465 5743 Εἴθ’
498 5687 681 5754 οὕτως
699 5690 756 5743 ἐν
777 5692 841 5760 τῇ
867 5689 1115 5760 παρολκῇ
1169 5690 1552 5760 ὲνναμηνιαίου

19 5780 174 5847 δόνου,
209 5779 655 5853 τελειουργηθὲν
693 5780 754 5835 τὸ
788 5781 986 5853 βρέφος
1020 5779 1141 5853 θείᾳ
1165 5782 1346 5856 ῥώμῃ,
1376 5787 1440 5854 τῇ
1464 5782 1569 5854 ρώ-

31 5922 72 5953 "
96 5921 261 5981 lCor.
292 5940 388 5992 xv,
417 5921 519 5991 4‘2,
551 5921 643 5978 Η.
723 5922 767 5954 ³⁸
790 5919 923 5979 Gen.
952 5938 1011 5988 ll,
1044 5921 1095 5977 7.
1124 5920 1170 5952 ³“
1196 5918 1339 5977 Psal.
1362 5937 1559 5990 cxxxv,
1583 5926 1672 5983 ‘25.

1765 3942 1871 3998 Sed
1920 3941 1988 3995 ad
2037 3954 2099 3994 ea
2152 3940 2295 3994 unde
2345 3938 2577 4009 digressi
2635 3946 2849 4004 sumus,
2906 3942 3275 3993 revertamur.

1693 4034 1931 4106 Sanguis
1963 4032 2261 4103 frigiditate
2315 4030 2584 4085 solidatas
2634 4031 2688 4084 in
2732 4044 2954 4085 carnem
2996 4028 3277 4084 transmu-

1692 4135 1860 4181 tatur.
1892 4124 2108 4179 Crescit
2144 4130 2326 4178 autem
2356 4137 2455 4193 pro
2495 4124 2710 4177 ratione
2753 4124 3117 4177 nutrientidm
3140 4120 3278 4189 qu'a-

1691 4217 1908 4271 litatum
1949 4231 2075 4270 cum
2118 4216 2241 4284 ipsa
2277 4216 2579 4280 unitaru’m,
2614 4215 2684 4269 ah
2714 4222 2780 4270 eo
2825 4214 2921 4285 qui
2968 4214 3154 4268 cibnn't
3181 4215 3278 4269 dat

1693 4309 1843 4365 omni
1873 4308 2025 4363 carni
2060 4307 2127 4373 ",
2156 4307 2615 4377 quemadmodum
2647 4306 2827 4377 inquit
2860 4305 3114 4371 Davides,
3152 4321 3278 4360 car-

1694 4404 1905 4459 minum
1935 4402 2247 4456 divinorum
2276 4408 2488 4455 auctor.
2535 4400 3015 4466 Quemadmodum
3046 4405 3102 4455 et
3151 4405 3278 4454 ear-

1696 4510 1795 4551 nes
1834 4494 2087 4558 marinae,
2107 4494 2255 4547 velut
2281 4492 2337 4546 in
2376 4501 2557 4558 utero,
2587 4496 2642 4548 in
2675 4500 2986 4549 ostrearum
3021 4501 3076 4548 et
3100 4493 3273 4564 pecti-

1690 4603 1823 4641 num
1874 4586 2214 4640 marinarum
2250 4585 2407 4640 testis
2447 4586 2690 4650 nutritae,
2723 4582 2946 4642 vitalem
2998 4585 3266 4641 divinitus

1692 4680 1893 4735 habent
1917 4680 2025 4732 vim
2071 4677 2333 4734 salientes
2368 4687 2420 4733 et
2450 4680 2735 4735 vibtantes
2767 4695 2910 4745 sese,
2955 4695 3079 4735 cum
3128 4679 3262 4742 oris,

1688 4771 1945 4836 auditus,
1998 4771 2246 4827 dentium
2306 4782 2475 4843 atque
2530 4782 2724 4844 gustus
2770 4768 3102 4842 organorum
3149 4768 3261 4827 sint

1686 4867 1963 4933 expertes,
2023 4870 2080 4916 et
2128 4862 2385 4919 articulis
2430 4871 2677 4925 careant,
2718 4872 2784 4917 at:
2823 4863 2943 4918 solo
2996 4877 3264 4931 aquarum

1688 4952 1918 5008 humore
1945 4952 2285 5009 nutriantur.
2305 4952 2410 5008 Sed
2443 4963 2625 5008 tamen
2659 4954 2746 5006 illa
2778 4953 2830 5006 in
2864 4952 3053 5008 eadem
3086 4951 3264 5008 forma

1686 5054 1957 5115 perpetuo
2005 5054 2258 5110 manent,
2323 5046 2483 5100 talem
2555 5044 2745 5101 divino
2791 5044 2950 5115 jussu
3003 5052 3264 5100 naturam

1688 5136 1905 5190 sortita.
1955 5134 2168 5191 Nostra-
2239 5144 2424 5191 autem
2496 5136 2866 5208 generationis
2911 5139 3101 5201 causa,
3135 5135 3268 5191 licet

1686 5228 1887 5299 exigua
1923 5230 2171 5299 quaedam
2209 5231 2281 5285 sit
2336 5230 2404 5284 ad
2422 5230 2671 5301 primam
2731 5229 3005 5285 seminum
3038 5226 3272 5284 cothi‘nia

1685 5322 1945 5386 stionem,
2002 5323 2431 5393 particularibus
2483 5324 2874 5378 additamentis
2930 5322 3268 5393 ingestaruin

1683 5417 2050 5471 nutrientium
2078 5419 2407 5489 qualitatum
2431 5419 2589 5489 quasi
2607 5424 2863 5472 contexta
2880 5422 2934 5471 et
2964 5414 3268 5487 angeSCena

1689 5510 2039 5566 ineffabiliter
2070 5511 2338 5567 formatur
2370 5528 2468 5583 per
2496 5510 2872 5567 intellectilem
2903 5518 2958 5566 et
3010 5511 3265 5568 inirisib’i-

1682 5602 1791 5658 Iern
1820 5602 1914 5658 Dei
1945 5601 2196 5671 manum,
2228 5605 2323 5676 qui
2351 5620 2417 5660 ex
2454 5604 2682 5675 pulvere
2726 5603 2984 5658 formavit
3017 5600 3262 5673 primum

1686 5698 1937 5749 noStrum
1964 5705 2268 5766 parentem.
2324 5695 2525 5767 Sicque
2558 5693 2757 5749 deinde
2785 5688 2939 5750 mora
2990 5692 3259 5765 temporis

1683 5802 1877 5844 novem
1910 5788 2207 5855 mensium,
2246 5786 2489 5859 perfecte
2524 5786 2815 5846 absolutus
2848 5784 3038 5841 divina
3071 5784 3128 5841 vi
3168 5780 3257 5842 ιι-
