3874 6598
500 420 633 479 1031

503 547 615 602 tus.
650 552 748 610 per
771 535 942 593 robur
965 534 1235 607 gestantis
1294 534 1436 591 uteri
1462 535 1730 590 nutritur.
1757 532 1877 586 Non
1921 529 2081 602 quasi

501 644 613 686 non
659 627 839 700 possit
890 627 1277 682 universorum
1327 624 1512 696 opifex
1551 626 1810 696 exiguum
1858 623 1993 678 illud
2027 624 2083 678 iu

503 720 734 776 matrice
764 717 1035 788 deiectum
1077 717 1253 772 nostri
1289 716 1529 779 initium.
1574 717 1659 770 vel
1682 716 1845 770 etiam
1877 715 2087 783 absque

501 814 621 875 illo,
649 809 1113 882 quemadmodum
1167 810 1353 864 omnia
1385 824 1451 864 ex
1496 809 1644 863 nulla
1675 809 1926 878 subjecta
1968 822 2088 861 ma-

501 903 643 961 teria
694 900 975 973 produxit,
1031 915 1135 958 nos
1195 916 1321 955 mox
1371 900 1648 970 perfectos
1708 909 1764 956 et
1800 900 2086 956 absolutos

504 994 776 1067 formare,
836 996 990 1050 velut
1026 993 1326 1058 Adamum,
1382 994 1614 1065 ideoque
1648 993 1895 1066 indigeat
1932 1008 2087 1049 mora

505 1088 773 1157 temporis
813 1101 1009 1141 novem
1047 1086 1320 1141 mensium
1378 1087 1436 1141 in
1488 1085 1827 1156 imperfectis
1861 1086 2086 1154 fetibus,

505 1181 604 1236 sed
623 1188 685 1235 ut
715 1180 892 1233 instar
922 1178 1080 1248 pellis
1104 1186 1200 1232 aut
1235 1179 1567 1234 membranae
1593 1195 1692 1250 per
1718 1177 1918 1235 factam
1954 1195 2091 1251 pau-

506 1272 665 1327 latim
688 1270 1075 1326 formationem
1111 1270 1262 1325 intus
1297 1272 1555 1341 jacentis,
1612 1271 1789 1342 major
1824 1272 1919 1328 fiat
1969 1282 2093 1329 ute-

506 1380 630 1429 rus,
663 1372 721 1420 et
755 1366 903 1419 intus
939 1363 1169 1420 saliente
1202 1362 1337 1430 fetu,
1366 1364 1597 1420 femellas
1647 1381 1854 1435 organa
1896 1375 2091 1422 exten-

506 1457 735 1513 dantur.
785 1454 905 1510 Non
933 1457 1080 1511 enim
1109 1466 1378 1527 caperent
1435 1459 1697 1514 infantem
1749 1460 2090 1528 absolutum,

510 1551 559 1605 si
619 1563 747 1605 mox
807 1548 916 1605 illis
967 1549 1365 1619 imponeretur.
1423 1551 1707 1623 llahetque
1760 1554 1940 1609 locum
1978 1554 2089 1619 hic,

511 1642 657 1712 quod
686 1641 723 1695 ii
754 1639 988 1704 faciunt.
1031 1658 1142 1712 quo
1176 1643 1378 1715 exiguo
1421 1656 1476 1700 et
1537 1645 1760 1716 quidem
1793 1647 1944 1703 sicco
1975 1657 2096 1704 utre

511 1736 686 1790 multa
712 1734 1003 1804 complecti
1059 1736 1333 1801 volentes,
1361 1753 1487 1792 eum
1548 1739 1853 1809 subigendo
1906 1748 1962 1795 et
1997 1756 2095 1794 ex-

511 1829 786 1884 tendendo
822 1828 1128 1884 lirmiorem
1188 1830 1647 1902 capacioremque
1680 1832 1940 1888 reddunt.
1998 1831 2091 1888 Sic

511 1920 684 1991 igitur
713 1920 846 1974 mihi
880 1920 1123 1985 videtur,
1154 1937 1497 1993 quascunque
1521 1939 1682 1980 ossea
1719 1933 1849 1980 sunt
1876 1934 1932 1980 et
1968 1941 2095 1981 ner-

512 2025 665 2077 vosa,
689 2028 755 2068 ex
811 2014 982 2068 maris
1014 2024 1367 2070 excremento
1405 2016 1655 2071 roborari
1685 2036 1699 2072 :
1752 2032 2095 2089 quaecunque

513 2116 650 2159 vero
683 2104 987 2174 sanguinea
1019 2114 1073 2160 et
1095 2120 1350 2170 carnosa,
1383 2121 1449 2162 ex
1473 2122 1539 2162 eo
1571 2109 1716 2178 quod
1741 2108 1942 2163 femina
1962 2123 2097 2164 cou-

512 2192 728 2260 tribuit,
761 2194 1091 2261 consolidari
1122 2214 1136 2251 :
1166 2211 1231 2252 ac
1256 2197 1451 2254 dicens
1481 2213 1609 2253 mox
1654 2202 1812 2270 sequi
1844 2201 2092 2255 divinum

514 2284 646 2341 illud
668 2287 894 2342 verbum
928 2300 984 2344 et
1011 2303 1150 2358 opus
1179 2307 1192 2344 :
1221 2287 1449 2345 Crescite
1479 2302 1528 2345 et
1562 2290 2013 2361 multiplicamini,
2044 2300 2097 2346 et

517 2378 711 2448 replete
737 2388 934 2435 terram
974 2381 1042 2444 ³⁷,
1084 2382 1228 2437 sicut
1266 2384 1444 2455 inquit
1470 2383 1538 2439 ad
1587 2386 1796 2455 primos
1842 2394 2098 2456 parentes

433 2501 436 2505 ν
516 2478 742 2537 nostros
763 2470 926 2539 Deus,
956 2473 1120 2528 simul
1148 2475 1496 2547 dicens'ipse.
1525 2490 1580 2533 et
1608 2478 1818 2534 faciens
1843 2494 1944 2535 nos
1972 2494 2096 2535 cre-

517 2575 674 2616 scere
704 2561 926 2631 quidem
968 2564 1021 2618 in
1052 2564 1330 2621 deﬁnitam
1352 2567 1422 2622 ab
1456 2569 1575 2638 ipso
1599 2572 1850 2640 corporis
1877 2572 2093 2643 magni-

515 2651 788 2716 tudinem,
844 2654 1194 2725 multiplicari
1243 2666 1426 2713 autem
1467 2661 1725 2728 posteris,
1778 2669 1836 2716 et
1868 2662 2097 2734 implere

519 2751 755 2805 terram.
784 2743 864 2800 Ex
912 2746 1021 2802 illis
1056 2756 1240 2803 autem
1276 2750 1413 2820 ipsis
1447 2753 1804 2822 protoplastis
1825 2754 2095 2812 discimus

519 2851 644 2906 quae
665 2852 732 2892 ex
768 2854 879 2893 uno
912 2840 1158 2910 quolibet
1206 2842 1455 2912 ipsorum
1507 2845 1562 2899 in
1596 2848 1981 2915 procreatione
2026 2850 2095 2904 li-

516 2928 775 2987 berorum
804 2942 1155 2989 concurrant.
1179 2933 1256 2989 Ex
1284 2936 1494 2992 Adamo
1520 2952 1650 2994 osse
1677 2939 1862 2995 lateris
1891 2942 2095 3009 ablato,

517 3023 652 3081 etin
677 3022 936 3082 feminam
976 3026 1123 3083 laeto
1154 3029 1341 3086 divina
1383 3046 1574 3097 manu,
1606 3032 1776 3089 simul
1817 3035 2096 3107 copulatio

518 3125 577 3173 et
609 3118 741 3174 unio
769 3129 980 3178 naturae
1011 3121 1343 3181 declaratur.

593 3380 905 3441 Secundum
933 3387 1050 3443 haec
1095 3390 1240 3446 srire
1273 3389 1563 3457 debemus.
1602 3393 1787 3451 inesse
1812 3396 1970 3452 nobis
2012 3412 2102 3453 se-

519 3475 765 3530 cundum
808 3477 1378 3539 elementorum.......
1410 3496 1623 3554 partem
1651 3487 1893 3558 aliquam
1936 3489 2098 3544 calidi

517 3574 575 3621 et
606 3566 809 3640 frigidi,
840 3580 895 3626 et
949 3573 1176 3629 alterius
1222 3575 1372 3645 quod
1404 3586 1579 3633 restat
1620 3580 1794 3650 paris,
1839 3580 2100 3636 nimirum

522 3662 734 3718 humidi
763 3671 929 3733 atque
970 3664 1127 3721 sicci.
1147 3665 1284 3722 Nam
1333 3677 1480 3724 terra
1532 3686 1599 3725 ex
1628 3687 1742 3741 qua
1785 3686 1884 3728 nos
1904 3672 2103 3743 Opilex

521 3754 784 3826 produxit
810 3772 937 3812 cum
965 3759 1226 3816 omnibus
1272 3760 1426 3817 liisce
1447 3762 1611 3818 mista
1635 3778 1759 3820 esse
1784 3764 1918 3819 mihi
1952 3765 2105 3822 vide-

520 3853 652 3902 tur:
699 3850 815 3919 ipsa
845 3850 1068 3920 quidem
1123 3852 1279 3908 arida
1307 3855 1600 3923 appellata,
1654 3856 1882 3912 humido
1918 3865 2102 3913 autem

523 3940 804 4010 innatans,
835 3943 1015 4014 ignem
1047 3961 1177 4003 vero
1204 3947 1257 4002 in
1311 3948 1484 4012 saxis,
1536 3960 1594 4006 et
1653 3951 1819 4018 ferro,
1855 3963 1911 4009 et
1941 3952 2105 4025 lignis

522 4034 771 4091 abditum
821 4037 1052 4107 habens,
1074 4048 1129 4094 et
1168 4054 1298 4098 aera
1336 4056 1434 4113 per
1464 4044 1638 4114 ipsam
1672 4044 1989 4102 universam
2021 4047 2106 4101 di-

523 4126 722 4194 ditum,
760 4145 991 4202 eamque
1036 4131 1335 4191 foventem.
1372 4134 1637 4192 Formato
1688 4138 1744 4192 in
1778 4148 1935 4193 utero
1963 4141 2102 4206 fetu,

521 4233 578 4276 et
646 4223 715 4277 ad
795 4226 1146 4281 articulataui
1212 4230 1589 4286 membrorum
1663 4233 2094 4288 commissuram

523 4315 766 4372 obscura
815 4318 1151 4388 humidaque
1210 4320 1444 4375 materia
1494 4322 1806 4392 exsculpta,
1861 4326 2106 4380 nutritur

525 4407 788 4478 deinceps
859 4418 912 4463 et
963 4413 1167 4466 crescit
1218 4414 1677 4483 unumquodlibet
1732 4419 2108 4474 membrorum

526 4515 628 4570 pro
646 4500 914 4570 qualitate
946 4502 1164 4558 illorum
1187 4518 1320 4573 quae
1344 4507 1538 4561 matris
1562 4507 1749 4584 alvum
1787 4510 1931 4565 intra
1966 4513 2108 4566 rcci-

527 4592 777 4663 piuntur,
814 4595 959 4650 sicut
1004 4594 1058 4648 in
1092 4595 1425 4665 agricultura
1462 4596 1579 4653 ﬁeri
1611 4601 1774 4663 solet,
1813 4616 1879 4656 ex
1941 4604 2108 4659 nubi-

527 4685 632 4743 bus
663 4684 861 4751 imbre,
885 4695 977 4741 aut
1004 4686 1204 4743 elicum
1260 4689 1395 4745 rivis
1418 4707 1551 4747 arva
1583 4695 1826 4763 subjecta
1872 4697 2102 4767 riganti-

526 4777 653 4836 bus.
686 4778 768 4834 Sit
804 4789 986 4835 autem
1013 4781 1205 4836 hortus
1230 4782 1434 4854 aliquis
1463 4783 1532 4841 de
1563 4801 1674 4857 quo
1705 4803 1884 4844 sermo
1904 4789 2109 4846 habea-

527 4882 637 4941 tur,
667 4873 912 4931 inlinitas
945 4875 1258 4945 plantarum
1289 4879 1505 4948 species
1539 4881 1844 4949 enutriens,
1877 4882 2110 4939 diversae

528 4975 644 5021 tum
670 4967 874 5037 speciei
904 4976 1018 5023 tum
1047 4967 1259 5034 formas,
1293 4971 1348 5024 in
1387 4988 1498 5026 uno
1529 4981 1693 5043 atque
1741 4975 1932 5030 eodem
1959 4975 2112 5031 ordi-

526 5073 618 5125 ne,
651 5060 907 5114 similiter
935 5061 1170 5132 irrigaus
1206 5062 1327 5118 illas
1349 5080 1457 5118 una
1493 5066 1743 5134 quzedam
1799 5076 1919 5124 esto
1951 5084 2110 5139 aquae

528 5160 723 5205 natura
746 5168 760 5206 :
787 5152 1146 5211 nihilominus
1198 5171 1392 5212 eorum
1444 5174 1569 5228 quae
1600 5160 1945 5229 nutriuntur,
1975 5179 2103 5232 pro-

526 5241 732 5314 prietas
762 5242 815 5296 in
850 5244 1095 5301 diversas
1109 5246 1405 5304 humorem
1426 5251 1579 5306 illum
1613 5253 1908 5323 qualitates
1931 5264 2117 5311 trans-

530 5344 727 5391 mutat.
752 5334 889 5391 Nam
920 5337 1060 5393 idem
1081 5339 1173 5395 ille
1186 5340 1387 5398 humor
1403 5345 1700 5400 amare'scit
1727 5345 1781 5398 in
1800 5344 2108 5410 absinthio,

530 5426 587 5482 in
626 5425 896 5496 liquorem
933 5444 1062 5483 vero
1081 5430 1295 5487 letalem
1330 5433 1385 5486 in
1418 5433 1597 5489 cicuta
1632 5435 1853 5500 transit,
1889 5445 1943 5491 et
1963 5435 2112 5492 aliud

528 5518 625 5573 alii
655 5519 714 5571 fit
740 5535 886 5574 unus
932 5529 988 5576 et
1016 5522 1183 5587 idem,
1208 5525 1265 5579 in
1307 5540 1493 5592 croco,
1530 5526 1585 5581 in
1619 5527 1888 5593 balsamo,
1930 5528 1985 5583 in
2015 5543 2114 5598 pa-

529 5625 754 5682 pavere,
781 5627 1019 5682 quorum
1067 5616 1216 5673 aliud
1271 5620 1493 5688 quidem
1537 5619 1807 5697 calefacit,
1835 5621 1981 5678 aliud
2018 5637 2107 5677 res

532 5705 779 5776 frigerat,
808 5708 954 5765 aliud
989 5725 1120 5766 vero
1163 5712 1400 5770 mediam
1452 5715 1617 5770 habet
1652 5716 1989 5786 qualitatem.
2046 5715 2103 5771 lu

531 5802 711 5870 lauro,
747 5803 802 5859 in
834 5804 1063 5863 odorato
1090 5808 1280 5879 junco.
1313 5819 1368 5865 et
1399 5810 1521 5866 aliis
1548 5811 1820 5870 similibus
1854 5820 2102 5872 aromata

603 5944 650 5982 θ’
678 5943 816 6005 Gen.
848 5962 887 6015 ι,
930 5948 1018 6005 28.
1914 5982 1961 6015 ι.
2072 5994 2075 5997 ι

1578 409 1638 468 S.
1677 405 1979 481 CESARlI
2017 401 2347 462 GBEGORII
2382 405 2688 464 FRATRIS

2191 546 2266 599 μη
2305 529 2401 599 τῆς
2449 528 2723 599 φερούσης
2767 525 3161 582 ἐκθυλακοῦται
3193 525 3417 598 νηδύος⁸
3452 525 3557 595 οὐχ
3586 523 3662 587 ὡς
3694 527 3765 595 μὴ

2186 622 2299 676 οἴου
2319 639 2378 676 τε
2405 623 2498 677 τοῦ
2521 624 2595 692 Δη
2605 619 2864 693 μιουργοῦ
2881 619 2991 673 τῶν
3013 620 3149 674 ὅλων
3170 620 3272 692 τὴν
3286 618 3541 692 ἀμυδρὰν
3557 619 3770 687 enim:

2189 713 2247 766 ἐν
2287 715 2353 783 τῇ
2413 713 2599 785 μήτρᾳ
2631 711 3065 784 καταϐληθείσαν
3112 713 3368 784 ἀφορμὴν
3396 712 3431 784 ἢ
3465 712 3569 765 καὶ
3608 715 3776 781 χωρὶς.

2188 806 2426 876 ἐκείνης,
2442 805 2519 869 ὡς
2538 806 2712 859 πάντα
2735 806 2799 859 ὲκ
2822 804 3050 876 μηδενὸς
3072 805 3434 873 ὑποκειμένου
3455 804 3767 875 παρήγαγε,

2187 900 2428 965 τελείους
2455 900 2603 972 ἡμᾶς
2658 895 2815 963 αὖθις
2847 900 2943 954 καί⁹
2994 899 3441 971 ἀπηρτισμένους
3490 896 3773 961 πλάττειν,

2192 992 2332 1047 κατά
2361 992 2455 1047 τὸν
2496 991 2696 1063 Ἀδὰμ,
2715 993 2812 1046 καὶ
2834 991 3024 1046 τούτου
3045 991 3205 1062 χάριν
3231 989 3447 1045 δεῖσθαι
3481 989 3591 1060 τῆς
3636 1005 3775 1059 παρ⁶

2188 1087 2359 1158 ολκῆς
2398 1085 2492 1141 τοῦ
2519 1085 2903 1158 ὲνναμηνιαίου
2953 1083 3146 1158 χρόνου
3179 1084 3273 1137 ἐπὶ
3322 1081 3434 1136 τῶν
3475 1080 3772 1153 ἑμὸρὸων’

2189 1177 2306 1232 ἀλλ’
2325 1177 2514 1251 ὥσπερ
2554 1177 2741 1252 δέῤῥιν
2773 1175 2897 1231 τινὰ
2931 1176 2965 1247 ἢ
2996 1175 3257 1247 ὑμένατῇ
3292 1174 3434 1229 κατὰ
3466 1174 3645 1247 μέρος
3673 1174 3776 1227 8a-

2194 1269 2474 1341 μορφώσει
2501 1268 2596 1324 τοῦ
2634 1267 2955 1339 ἐγκειμένου
2999 1265 3347 1336 διογκοῦσθαι
3374 1267 3476 1338 τὴν
3512 1267 3770 1337 γαστέρα,

2192 1364 2288 1417 καὶ
2327 1360 2688 1417 διατείνεσθαι
2729 1360 2810 1432 τῷ
2862 1361 3222 1433 ὲνσκαίροντι.
3266 1361 3344 1413 οὐ
3387 1359 3503 1430 γάρ
3536 1357 3771 1430 ἐχώρουν

2192 1457 2294 1528 τῆς
2347 1454 2571 1527 θηλείας
2619 1457 2689 1511 τὰ
2736 1455 2946 1526 ὄργανα
2995 1452 3404 1525 ἀπηρτισμένην
3442 1453 3539 1505 τὸν
3588 1451 3768 1513 παῖδα,

2194 1548 2407 1621 ἁθρόως
2453 1548 2637 1612 αὐτοῖς
2680 1547 2973 1601 ὲντεθεῖναι
2997 1562 3012 1576 ·
3049 1545 3276 1609 εἰκότως
3312 1542 3476 1598 τοῦτο
3525 1541 3773 1615 apem

2194 1641 2289 1695 καὶ
2319 1640 2427 1693 τῶν
2471 1642 2529 1693 ἐν
2575 1638 2899 1710 βραχυτάτῳ
2924 1639 3020 1691 καὶ
3054 1636 3331 1708 αὐχμηρῷ
3352 1635 3590 1707 θυλάκῳ
3615 1652 3775 1690 κατα-

2196 1731 2491 1786 ϐάλλεσθαί
2517 1748 2577 1784 τε
2602 1731 2772 1784 πλείω
2805 1731 3161 1802 πειρωμένων
3189 1732 3256 1801 τῆ
3290 1728 3512 1800 μαλαγῇ
3548 1729 3645 1782 καὶ
3664 1728 3773 1781 δια-

2193 1825 2350 1880 τάσει
2370 1823 2637 1896 καρτερὸν
2660 1824 2753 1876 καὶ
2779 1821 2873 1875 τοῦ
2901 1822 3146 1885 πλείονος
3162 1820 3371 1892 χωροῦν
3390 1821 3562 1873 αὑτὸν
3589 1821 3774 1887 ἀπειρι

2195 1918 2505 1991 γασμένων.
2537 1916 2735 1979 Καθὼς
2780 1910 2870 1969 οὖν
2911 1915 3059 1969 δοκεῖ
3106 1929 3227 1983 μοι,
3259 1914 3362 1967 ὅσα
3422 1910 3635 1981 ὀστώδη
3686 1911 3771 1962 καὶ

2196 2013 2439 2087 νευρώδη
2470 2015 2535 2067 ὲκ
2562 2012 2662 2083 τῆς
2687 2009 2784 2065 τοῦ
2809 2010 3039 2083 ἄρρενος
3054 2006 3401 2079 ἀποκρίσεως
3432 2002 3771 2077 στεροῦσθαι,

2196 2110 2298 2162 ὅσα
2335 2106 2392 2160 δὲ
2423 2104 2640 2177 αίμώδη
2672 2103 2769 2157 καὶ
2798 2102 3053 2174 σαρκώδη
3087 2101 3153 2154 ὲκ
3177 2100 3277 2170 τῆς
3295 2098 3545 2169 Θηλυκῆς
3567 2096 3768 2152 ἀντιδό-

2200 2216 2338 2263 σεως
2374 2195 2817 2269 συμπήγνυσθαι.
2849 2194 2958 2248 Καὶ
2997 2189 3156 2256 αὖθις
3186 2191 3364 2260 τούτῳ
3393 2188 3769 2244 ἐπακολουθεῖν

2196 2293 2259 2347 τὸ
2287 2292 2429 2345 θεῖον
2461 2290 2611 2361 ῥῆμα
2652 2288 2747 2342 καὶ
2781 2288 2984 2360 δρᾶμα,
3020 2285 3365 2351 Αῠξὰνεσθε
3408 2284 3509 2337 καί
3556 2282 3768 2347 amis.

2197 2389 2378 2442 νεσθε
2410 2385 2511 2440 καί
2558 2382 2916 2451 πληρώσατε
2956 2378 3072 2448 τὴν
3092 2379 3231 2449 τῆν,
3263 2379 3398 2448 φησὶ
3444 2378 3561 2439 τοῖς
3594 2372 3769 2446 προγό-

2198 2497 2310 2543 νοις
2355 2477 2514 2550 ήμῶν
2554 2478 2583 2531 ὁ
2629 2475 2798 2540 Θεδς,
2832 2474 2948 2543 ἅμα
2989 2473 3212 2542 φάσκων
3258 2470 3422 2533 αὐτὸς
3477 2468 3579 2522 καὶ
3616 2464 3765 2520 ποιῶν

2200 2575 2349 2647 ἡμᾶς
2397 2568 2722 2637 αὐξάνεσθαι
2754 2569 2851 2639 μὲν
2881 2568 2960 2631 είς
3002 2565 3064 2619 τὸ
3093 2566 3228 2632 παρ’
3265 2562 3434 2617 αὐτοῦ
3476 2560 3765 2631 ὡρισμένον

2199 2665 2295 2720 τοῦ
2325 2664 2578 2735 σώματος
2612 2660 2859 2733 μέγεθος,
2886 2656 3254 2729 πληθύνεσθαι
3288 2654 3345 2708 δὲ
3370 2657 3487 2718 τοῖς
3518 2653 3761 2721 ἐκγόνοις,

2202 2760 2297 2814 καὶ
2326 2754 2670 2829 πληροῦσθαι
2700 2752 2797 2826 τὴν
2830 2751 2957 2822 γῆν.
3015 2750 3103 2816 Ἐξ
3141 2748 3320 2802 αὐτῶν
3357 2747 3417 2801 δὲ
3446 2744 3652 2799 τούτων
3670 2742 3765 2796 τῶν

2201 2851 2645 2927 πρωτοπλάστων
2673 2845 3058 2919 παιδευόμεθα,
3074 2844 3146 2899 τά
3176 2844 3235 2909 ἐξ
3250 2844 3483 2898 ἑκάστου
3504 2839 3681 2896 αὐτῶν
3698 2839 3766 2901 εἰς

2199 2947 2300 3018 τὴν
2329 2942 2677 3013 τεκνογονίαν
2711 2940 3100 3012 συνερχόμενα,
3119 2939 3185 2991 ὲκ
3221 2936 3320 3008 μὲν
3348 2934 3445 2989 τοῦ
3488 2933 3657 3003 ’Δδὰμ
3682 2927 3762 2984 τοῦ

2203 3034 2394 3091 ὀστέου
2450 3034 2553 3105 τῆς
2597 3031 2839 3101 πλευρᾶς
2885 3026 3309 3099 ἀφαιρεθέντος,
3344 3023 3506 3083 είςδὲ
3549 3023 3761 3091 γυναῖκα

2205 3130 2398 3185 τούτου
2439 3123 2936 3197 δημιουργηθέντος
2969 3121 3074 3174 ὑπὸ
3104 3119 3206 3190 τῆς
3233 3117 3383 3181 θείας
3415 3116 3625 3187 χειρὸς,
3644 3110 3759 3184 ὁμοῦ

2205 3223 2306 3294 τὴν
2331 3220 2622 3289 συνάφειαν
2648 3218 2745 3270 καὶ
2781 3216 2976 3269 ἕνωσιν
3013 3213 3112 3283 τῆς
3140 3211 3355 3282 φύσεως
3373 3210 3661 3280 δηλούσης,
3681 3206 3760 3259 καὶ

2205 3314 2276 3369 τὰ
2303 3316 2360 3377 ἐς
2385 3311 2613 3365 ἑκάστου
2635 3309 2732 3380 τὴν
2774 3305 3118 3362 παιδοποιίαν
3147 3303 3539 3375 συμϐαίνοντα.

2291 3403 2388 3458 Ἐκ
2416 3403 2473 3456 δὲ
2500 3400 2704 3457 τούτων
2729 3398 2957 3453 νοείσθω
2985 3397 3314 3468 ἐνυπάρχειν
3342 3397 3476 3465 ἡμῖν
3500 3394 3610 3446 τῶν
3637 3408 3757 3444 στοι-

2208 3497 2449 3572 χειωδῶς
2473 3536 2489 3551 .
2507 3534 2521 3549 .
2544 3532 2559 3549 .
2579 3535 2593 3549 .
2611 3533 2626 3549 .
2654 3491 3045 3565 θεωρουμένων
3070 3488 3170 3561 τὴν
3212 3491 3408 3560 μοῖραν
3451 3486 3546 3540 τοῦ
3583 3482 3758 3557 θερμοῦ

2208 3590 2306 3645 καὶ
2346 3588 2441 3643 τοῦ
2487 3586 2786 3658 ψύχοντος.
2821 3585 2919 3638 καὶ⁵
2965 3584 3067 3654 τῆς
3125 3582 3320 3654 ἑτέρας
3368 3576 3759 3648 συζυγίας,τῆς
3836 3616 3837 3623 η

2209 3684 2353 3739 κατά
2383 3683 2444 3736 τὸ
2476 3682 2647 3753 ὑγρόν
2699 3696 2760 3733 τε
2793 3680 2888 3733 καὶ
2928 3676 3094 3750 ξηρὸν
3119 3674 3437 3746 νοουμένης.
3480 3675 3547 3727 Ἦ
3581 3668 3754 3740 γὰρτῆ

2209 3775 2270 3841 ἐξ
2306 3772 2376 3847 ἦς
2414 3777 2560 3843 ἡμᾶς
2585 3774 2614 3826 ό
2645 3770 2989 3844 Δημιουργδς
3030 3769 3351 3840 παρήγαγε,
3383 3764 3462 3836 τῷ
3503 3764 3659 3818 παντὶ
3681 3776 3756 3813 κε·

2210 3867 2445 3941 κρᾶσθαί
2477 3883 2567 3936 μοι
2593 3864 2756 3929 δοκεῖ,
2777 3862 2919 3936 ξηρά
2958 3862 3056 3934 μὲν
3084 3861 3221 3933 αὐτη
3243 3856 3754 3931 προσαγορευομένη.

2209 3964 2278 4033 τῇ
2303 3960 2359 4014 δὲ
2392 3960 2533 4030 ὑγρᾷ
2562 3956 2928 4028 ὲπινηχομένη
2955 3971 2969 3986 ’
3010 3955 3072 4008 τὸ
3106 3954 3163 4007 δὲ
3203 3952 3314 4023 πῦρ
3347 3953 3404 4004 ὲν
3436 3950 3656 4021 πέτραις
3676 3952 3754 3999 καὶ

2214 4051 2417 4123 σιδήρῳ
2459 4051 2554 4104 καὶ
2600 4047 2743 4119 ξύλῳ
2791 4044 3261 4118 ἐγκεκρυμμένον,
3287 4043 3380 4096 τὸν
3426 4042 3485 4095 δὲ
3526 4041 3651 4111 ἀέρα
3682 4033 3755 4088 διὰ

2213 4143 2415 4206 παντὸς
2445 4141 2703 4212 διήκοντα
2731 4138 2928 4209 αὐτῆς,
2962 4137 3058 4191 καὶ⁵
3085 4135 3479 4189 συνθάλποντα.
3514 4134 3757 4184 Aratum-

2214 4236 2395 4297 θέντος
2423 4233 2481 4287 δὲ
2511 4233 2568 4286 ὲν
2594 4233 2661 4302 τῇ
2690 4229 2845 4301 νηδύῖ
2876 4228 2966 4281 τοῦ
2990 4228 3223 4299 βρέφους
3242 4266 3257 4289 ,
3285 4224 3379 4279 καὶ
3408 4223 3546 4295 πρὸς
3575 4216 3754 4272 τελείαν

2212 4326 2540 4397 διάρθρωσιν
2590 4324 2690 4394 τῆς
2722 4324 2939 4393 ἀσήμου
2969 4322 3064 4374 καὶ
3110 4319 3339 4388 ἀνύδρου
3388 4316 3523 4385 ὕλης
3571 4309 3753 4379 διαγλυο

2214 4418 2428 4490 φείσης,
2464 4416 2728 4487 τρέφεται
2779 4413 2963 4467 λοιπὸν
3012 4411 3109 4466 καὶ
3163 4408 3385 4475 αὔξεται
3441 4406 3551 4459 τῶν
3608 4402 3752 4475 μελῶν

2210 4512 2438 4565 ἕκαστον
2466 4511 2532 4580 τῇ
2565 4507 2809 4578 ποιότητι
2836 4504 2945 4559 τῶν
2975 4500 3473 4574 ὲπεισκρινομένων
3500 4501 3563 4571 τῇ
3592 4494 3752 4568 γαστρὶ

2209 4604 2310 4675 τῆς
2360 4599 2665 4673 φερούσης*
2706 4597 2869 4652 οἱονεὶ
2907 4596 3050 4650 κατά
3094 4594 3191 4665 τὴν
3239 4594 3517 4664 γεωργίαν
3577 4591 3748 4658 πέφυκε

2210 4694 2453 4766 γίνεσθαι
2478 4695 2542 4747 ὲκ
2560 4689 2739 4761 νεφῶν
2766 4687 3091 4760 ἐπομϐρίας,
3113 4687 3147 4758 ἢ
3168 4684 3373 4755 ὀχετῶν
3390 4683 3646 4754 ὲπιρῤοῆς
3662 4678 3750 4730 δια-

2217 4784 2523 4861 δρεχούσης
2542 4784 2606 4836 τὸ
2640 4780 3021 4851 ὑποκείμενον.
3056 4778 3247 4848 Κῆπος
3270 4776 3327 4828 δέ
3363 4792 3449 4837 τις
3488 4766 3749 4861 ὑποκείσθυ

2216 4859 2295 4953 τῷ
2329 4878 2476 4949 λόγῳ
2505 4875 2705 4948 μυρίας
2740 4871 2922 4943 φυτῶν
2951 4869 3095 4933 ίδέας
3128 4870 3187 4922 ἐν
3219 4867 3399 4938 ἐαυτῷ
3432 4866 3639 4938 τρέφων
3661 4859 3749 4915 ἀλλ·

2214 4974 2414 5035 όπτους
2439 4972 2535 5025 καὶ
2557 4967 2960 5040 ἐτεροσχήμους
2985 4962 3126 5017 κατά
3152 4964 3244 5015 τὸν
3288 4960 3451 5014 αὑτὸν
3484 4961 3575 5014 ἕνα
3598 4953 3744 5029 χορόν·

2216 5067 2478 5129 ὡσαύτως
2500 5064 2558 5118 δὲ
2591 5064 2687 5118 καὶ
2716 5065 2750 5135 ἠ
2781 5062 3072 5115 πιαίνουσα
3100 5055 3274 5111 ταῦτα
3309 5055 3409 5126 μία
3450 5071 3533 5117 τις
3558 5051 3746 5119 ὑπάρχει

2216 5158 2311 5214 τοῦ
2352 5158 2541 5220 ὓδατος
2563 5155 2746 5224 φύσις,
2778 5155 2811 5225 ἡ
2843 5153 2901 5206 δὲ
2948 5152 3058 5206 τῶν
3084 5150 3437 5224 τρεφομένων
3479 5147 3661 5215 ἰδιότης
3690 5142 3747 5199 εἰς

2212 5246 2505 5320 διαφόρους
2534 5246 2595 5300 τὸ
2623 5243 2790 5318 ὑγρὸν
2822 5241 3085 5315 μετέϐαλε
3112 5240 3424 5311 ποιότητας.
3447 5238 3492 5291 Τ
3494 5234 3523 5290 ὸ
3556 5235 3654 5305 γὰρ
3676 5228 3746 5320 aii-

2212 5343 2275 5397 τὸ
2306 5318 2658 5412 πικραίνεται
2702 5337 2802 5407 μὲν
2833 5338 2893 5389 ἐν
2919 5338 2985 5407 τῇ
3012 5333 3243 5404 ἀψίνθῳ,
3272 5334 3352 5395 είς
3386 5326 3685 5401 φθοροποιὸν
3703 5318 3744 5372 ἃ

2212 5433 2386 5507 χυμὸν
2420 5434 2478 5485 ὲν
2521 5430 2601 5502 τῷ
2643 5428 2854 5501 κωνείῳ
2888 5426 3224 5500 μεθίσταται,
3250 5426 3345 5479 καλ⁵
3381 5425 3567 5494 ἕτερον
3615 5420 3743 5487 ἑτέρῳ

2218 5527 2428 5597 γίνεται
2468 5524 2530 5578 τὸ
2558 5523 2639 5589 ἓν,
2674 5524 2733 5575 ὲν
2776 5519 2964 5593 κρόκῳ
2985 5560 3001 5585 ,
3029 5520 3089 5571 ὲν
3132 5517 3417 5587 βαλσάμῳ,
3451 5518 3509 5568 ἐν
3554 5513 3739 5597 μήκωνι.

2219 5594 2293 5672 Τὸ
2331 5617 2429 5689 μὲν
2450 5614 2560 5687 γὰρ
2589 5610 3037 5684 ἐκθερμαίνεται,
3058 5608 3120 5661 τὸ
3145 5607 3203 5661 δὲ
3227 5604 3607 5676 καταψύχεται,
3631 5594 3740 5689 τὺδζ

2221 5687 2401 5784 μέσην
2444 5709 2557 5778 ἔχει
2612 5706 2896 5776 ποιότητα.
2945 5701 3033 5755 Ἐν
3064 5699 3238 5771 δάφνῃ
3262 5698 3321 5751 δὲ
3349 5700 3445 5752 καὶ
3474 5695 3647 5768 σχοίνῳ
3671 5687 3739 5784 καί

2219 5780 2332 5873 τοῖς
2354 5780 2585 5878 ⁷ὁμοίοις
2638 5794 3093 5874 ἀρωματοφόροις
3128 5791 3265 5865 πνοὴ
3292 5790 3528 5862 γίνεται,
3553 5788 3607 5840 tv
3632 5780 3737 5850 συκῇ
