  <div class='ocr_page' id='page_1' title='image "/cluster/home/n/w/nwhite01/storage/ocr_20150623/38/hvd.32044014674576/536.png"; bbox 0 0 3806 6516; ppageno 0'>
   <div class='ocr_carea' id='block_1_1' title="bbox 75 395 192 457">
    <p class='ocr_par' dir='ltr' id='par_1_1' title="bbox 75 395 192 457">
     <span class='ocr_line' id='line_1_1' title="bbox 75 395 192 457; baseline -0.077 0"><span class='ocrx_word' id='word_1_1' title='bbox 75 395 192 457; x_wconf 70' lang='grc'><strong>1053</strong></span> 
     </span>
    </p>
   </div>
   <div class='ocr_carea' id='block_1_2' title="bbox 101 503 1590 584">
    <p class='ocr_par' dir='ltr' id='par_1_2' title="bbox 101 503 1590 584">
     <span class='ocr_line' id='line_1_2' title="bbox 101 503 1590 584; baseline 0.012 -35"><span class='ocrx_word' id='word_1_2' title='bbox 101 523 122 574; x_wconf 54' lang='grc' dir='ltr'><strong>ὲ</strong></span> <span class='ocrx_word' id='word_1_3' title='bbox 149 513 230 570; x_wconf 58' lang='grc' dir='ltr'><strong>καὶ</strong></span> <span class='ocrx_word' id='word_1_4' title='bbox 275 510 393 579; x_wconf 60' lang='lat' dir='ltr'><strong>axon</strong></span> <span class='ocrx_word' id='word_1_5' title='bbox 433 503 935 576; x_wconf 76' lang='grc' dir='ltr'>καταγλυκαίνεται,</span> <span class='ocrx_word' id='word_1_6' title='bbox 976 509 1069 562; x_wconf 75' lang='grc' dir='ltr'>καὶ</span> <span class='ocrx_word' id='word_1_7' title='bbox 1095 508 1183 565; x_wconf 76' lang='grc' dir='ltr'><strong>διὰ</strong></span> <span class='ocrx_word' id='word_1_8' title='bbox 1213 512 1313 582; x_wconf 85' lang='grc' dir='ltr'><strong>τῆς</strong></span> <span class='ocrx_word' id='word_1_9' title='bbox 1342 512 1590 584; x_wconf 85' lang='grc' dir='ltr'>ἀμπέλου</span> 
     </span>
    </p>
   </div>
   <div class='ocr_carea' id='block_1_3' title="bbox 72 597 1596 676">
    <p class='ocr_par' dir='ltr' id='par_1_3' title="bbox 72 597 1596 676">
     <span class='ocr_line' id='line_1_3' title="bbox 72 597 1596 676; baseline -0.003 -14"><span class='ocrx_word' id='word_1_10' title='bbox 72 599 135 674; x_wconf 60' lang='grc' dir='ltr'><strong>τίς</strong></span> <span class='ocrx_word' id='word_1_11' title='bbox 152 603 286 661; x_wconf 82' lang='grc' dir='ltr'>οἶνον·</span> <span class='ocrx_word' id='word_1_12' title='bbox 298 601 384 655; x_wconf 81' lang='grc' dir='ltr'>καὶ</span> <span class='ocrx_word' id='word_1_13' title='bbox 403 599 488 652; x_wconf 75' lang='grc' dir='ltr'><strong>τὸν</strong></span> <span class='ocrx_word' id='word_1_14' title='bbox 517 597 707 669; x_wconf 79' lang='grc' dir='ltr'>βότρυν</span> <span class='ocrx_word' id='word_1_15' title='bbox 739 599 1083 669; x_wconf 81' lang='grc' dir='ltr'><strong>μεθίσταται,</strong></span> <span class='ocrx_word' id='word_1_16' title='bbox 1111 603 1169 655; x_wconf 80' lang='grc' dir='ltr'>ὲν</span> <span class='ocrx_word' id='word_1_17' title='bbox 1209 603 1286 673; x_wconf 86' lang='grc' dir='ltr'>τῷ</span> <span class='ocrx_word' id='word_1_18' title='bbox 1316 605 1472 676; x_wconf 86' lang='grc' dir='ltr'><strong>μήλῳ</strong></span> <span class='ocrx_word' id='word_1_19' title='bbox 1499 624 1596 676; x_wconf 88' lang='grc' dir='ltr'>χυ-</span> 
     </span>
    </p>
   </div>
   <div class='ocr_carea' id='block_1_4' title="bbox 72 688 1594 772">
    <p class='ocr_par' dir='ltr' id='par_1_4' title="bbox 72 688 1594 772">
     <span class='ocr_line' id='line_1_4' title="bbox 72 688 1594 772; baseline 0.001 -23"><span class='ocrx_word' id='word_1_20' title='bbox 72 699 289 772; x_wconf 71' lang='grc' dir='ltr'>μαίνεται</span> <span class='ocrx_word' id='word_1_21' title='bbox 312 732 325 755; x_wconf 89' lang='grc'><strong>,</strong></span> <span class='ocrx_word' id='word_1_22' title='bbox 354 694 407 744; x_wconf 80' lang='grc' dir='ltr'>ὲν</span> <span class='ocrx_word' id='word_1_23' title='bbox 433 688 508 759; x_wconf 81' lang='grc' dir='ltr'>τῷ</span> <span class='ocrx_word' id='word_1_24' title='bbox 541 689 712 760; x_wconf 84' lang='grc' dir='ltr'>κρίνῳ</span> <span class='ocrx_word' id='word_1_25' title='bbox 738 688 1110 758; x_wconf 88' lang='grc' dir='ltr'>λευκαίνεται,</span> <span class='ocrx_word' id='word_1_26' title='bbox 1144 695 1202 747; x_wconf 83' lang='grc' dir='ltr'>ὲν</span> <span class='ocrx_word' id='word_1_27' title='bbox 1240 695 1320 766; x_wconf 79' lang='grc' dir='ltr'>τῷ</span> <span class='ocrx_word' id='word_1_28' title='bbox 1359 697 1423 767; x_wconf 87' lang='grc' dir='ltr'><strong>ῐῳ</strong></span> <span class='ocrx_word' id='word_1_29' title='bbox 1455 714 1594 750; x_wconf 86' lang='grc' dir='ltr'>κυα-</span> 
     </span>
    </p>
   </div>
   <div class='ocr_carea' id='block_1_5' title="bbox 67 780 1597 855">
    <p class='ocr_par' dir='ltr' id='par_1_5' title="bbox 67 780 1597 855">
     <span class='ocr_line' id='line_1_5' title="bbox 67 780 1597 855; baseline -0.003 -11"><span class='ocrx_word' id='word_1_30' title='bbox 67 791 259 854; x_wconf 75' lang='grc' dir='ltr'>νίζεται.</span> <span class='ocrx_word' id='word_1_31' title='bbox 300 780 538 836; x_wconf 78' lang='grc' dir='ltr'>Τοιοῦτόν</span> <span class='ocrx_word' id='word_1_32' title='bbox 566 797 620 832; x_wconf 91' lang='grc' dir='ltr'><strong>τι</strong></span> <span class='ocrx_word' id='word_1_33' title='bbox 666 781 762 834; x_wconf 80' lang='grc' dir='ltr'>καὶ</span> <span class='ocrx_word' id='word_1_34' title='bbox 807 783 948 836; x_wconf 86' lang='grc' dir='ltr'>κοιτά</span> <span class='ocrx_word' id='word_1_35' title='bbox 975 783 1068 836; x_wconf 87' lang='grc' dir='ltr'>τὸν</span> <span class='ocrx_word' id='word_1_36' title='bbox 1103 782 1346 855; x_wconf 71' lang='grc' dir='ltr'>ἔμψυχον</span> <span class='ocrx_word' id='word_1_37' title='bbox 1380 785 1472 838; x_wconf 81' lang='grc' dir='ltr'>τοῦ</span> <span class='ocrx_word' id='word_1_38' title='bbox 1499 786 1597 839; x_wconf 85' lang='grc' dir='ltr'><strong>σώ-</strong></span> 
     </span>
    </p>
   </div>
   <div class='ocr_carea' id='block_1_6' title="bbox 68 870 1594 954">
    <p class='ocr_par' dir='ltr' id='par_1_6' title="bbox 68 870 1594 954">
     <span class='ocr_line' id='line_1_6' title="bbox 68 870 1594 954; baseline -0.005 -21"><span class='ocrx_word' id='word_1_39' title='bbox 68 895 212 954; x_wconf 81' lang='grc' dir='ltr'>ματος</span> <span class='ocrx_word' id='word_1_40' title='bbox 233 874 375 945; x_wconf 79' lang='grc' dir='ltr'>ήμῶν</span> <span class='ocrx_word' id='word_1_41' title='bbox 390 873 558 943; x_wconf 86' lang='grc' dir='ltr'>κῆπον</span> <span class='ocrx_word' id='word_1_42' title='bbox 586 870 1086 944; x_wconf 86' lang='grc' dir='ltr'>θαυματουργεῖται</span> <span class='ocrx_word' id='word_1_43' title='bbox 1111 873 1216 928; x_wconf 85' lang='grc' dir='ltr'><strong>ὑπὸ</strong></span> <span class='ocrx_word' id='word_1_44' title='bbox 1231 877 1330 947; x_wconf 79' lang='grc' dir='ltr'>τῆς</span> <span class='ocrx_word' id='word_1_45' title='bbox 1358 875 1594 945; x_wconf 82' lang='grc' dir='ltr'>φύσεως,</span> 
     </span>
    </p>
   </div>
   <div class='ocr_carea' id='block_1_7' title="bbox 67 963 1593 1045">
    <p class='ocr_par' dir='ltr' id='par_1_7' title="bbox 67 963 1593 1045">
     <span class='ocr_line' id='line_1_7' title="bbox 67 963 1593 1045; baseline -0.002 -19"><span class='ocrx_word' id='word_1_46' title='bbox 67 973 237 1045; x_wconf 76' lang='grc' dir='ltr'>μᾶλλον</span> <span class='ocrx_word' id='word_1_47' title='bbox 262 969 315 1022; x_wconf 85' lang='grc' dir='ltr'>δὲ</span> <span class='ocrx_word' id='word_1_48' title='bbox 352 965 499 1036; x_wconf 77' lang='grc' dir='ltr'>παρὰ</span> <span class='ocrx_word' id='word_1_49' title='bbox 543 963 637 1018; x_wconf 81' lang='grc' dir='ltr'>τοῦ</span> <span class='ocrx_word' id='word_1_50' title='bbox 691 965 966 1020; x_wconf 82' lang='grc' dir='ltr'>Δεσπότου</span> <span class='ocrx_word' id='word_1_51' title='bbox 1007 968 1111 1037; x_wconf 83' lang='grc' dir='ltr'>τῆς</span> <span class='ocrx_word' id='word_1_52' title='bbox 1149 968 1388 1038; x_wconf 84' lang='grc' dir='ltr'>φύσεως.</span> <span class='ocrx_word' id='word_1_53' title='bbox 1427 971 1593 1034; x_wconf 83' lang='grc' dir='ltr'>ὀστᾶ,</span> 
     </span>
    </p>
   </div>
   <div class='ocr_carea' id='block_1_8' title="bbox 65 1056 1596 1134">
    <p class='ocr_par' dir='ltr' id='par_1_8' title="bbox 65 1056 1596 1134">
     <span class='ocr_line' id='line_1_8' title="bbox 65 1056 1596 1134; baseline -0.002 -17"><span class='ocrx_word' id='word_1_54' title='bbox 65 1066 142 1118; x_wconf 76' lang='grc' dir='ltr'>καὶ</span> <span class='ocrx_word' id='word_1_55' title='bbox 158 1062 353 1134; x_wconf 86' lang='grc' dir='ltr'><strong>χόνδροι</strong></span> <span class='ocrx_word' id='word_1_56' title='bbox 377 1099 391 1123; x_wconf 92' lang='grc'><strong>,</strong></span> <span class='ocrx_word' id='word_1_57' title='bbox 428 1056 617 1126; x_wconf 78' lang='grc' dir='ltr'>φλέϐες</span> <span class='ocrx_word' id='word_1_58' title='bbox 643 1097 657 1122; x_wconf 91' lang='grc'><strong>,</strong></span> <span class='ocrx_word' id='word_1_59' title='bbox 687 1058 982 1131; x_wconf 80' lang='grc' dir='ltr'><strong>ἀρτηρίαι,</strong></span> <span class='ocrx_word' id='word_1_60' title='bbox 1023 1058 1193 1132; x_wconf 80' lang='grc' dir='ltr'>νεῦρα</span> <span class='ocrx_word' id='word_1_61' title='bbox 1218 1102 1234 1128; x_wconf 92' lang='grc'><strong>,</strong></span> <span class='ocrx_word' id='word_1_62' title='bbox 1271 1061 1596 1132; x_wconf 83' lang='grc' dir='ltr'>σύνδεσμοι,</span> 
     </span>
    </p>
   </div>
   <div class='ocr_carea' id='block_1_9' title="bbox 61 1149 1598 1227">
    <p class='ocr_par' dir='ltr' id='par_1_9' title="bbox 61 1149 1598 1227">
     <span class='ocr_line' id='line_1_9' title="bbox 61 1149 1598 1227; baseline -0.007 -16"><span class='ocrx_word' id='word_1_63' title='bbox 61 1158 233 1227; x_wconf 82' lang='grc' dir='ltr'>σάρκες</span> <span class='ocrx_word' id='word_1_64' title='bbox 255 1194 270 1218; x_wconf 96' lang='grc'><strong>,</strong></span> <span class='ocrx_word' id='word_1_65' title='bbox 301 1152 470 1223; x_wconf 89' lang='grc' dir='ltr'>δέρμα</span> <span class='ocrx_word' id='word_1_66' title='bbox 493 1191 507 1214; x_wconf 89' lang='grc'><strong>,</strong></span> <span class='ocrx_word' id='word_1_67' title='bbox 545 1149 804 1220; x_wconf 75' lang='grc' dir='ltr'>πιμελαὶ,</span> <span class='ocrx_word' id='word_1_68' title='bbox 838 1151 1026 1222; x_wconf 80' lang='grc' dir='ltr'><strong>τρίχες</strong></span> <span class='ocrx_word' id='word_1_69' title='bbox 1049 1192 1064 1215; x_wconf 95' lang='grc'><strong>,</strong></span> <span class='ocrx_word' id='word_1_70' title='bbox 1101 1153 1286 1219; x_wconf 82' lang='grc' dir='ltr'>ἀδένες</span> <span class='ocrx_word' id='word_1_71' title='bbox 1306 1195 1321 1218; x_wconf 94' lang='grc'><strong>,</strong></span> <span class='ocrx_word' id='word_1_72' title='bbox 1369 1155 1558 1224; x_wconf 72' lang='grc' dir='ltr'>ὄνυχες</span> <span class='ocrx_word' id='word_1_73' title='bbox 1584 1194 1598 1218; x_wconf 78' lang='lat'><strong>,</strong></span> 
     </span>
    </p>
   </div>
   <div class='ocr_carea' id='block_1_10' title="bbox 59 1237 1602 1322">
    <p class='ocr_par' dir='ltr' id='par_1_10' title="bbox 59 1237 1602 1322">
     <span class='ocr_line' id='line_1_10' title="bbox 59 1237 1602 1322; baseline 0.001 -22"><span class='ocrx_word' id='word_1_74' title='bbox 59 1247 316 1322; x_wconf 70' lang='grc' dir='ltr'>ὀφθαλμοὶ,</span> <span class='ocrx_word' id='word_1_75' title='bbox 348 1243 626 1315; x_wconf 78' lang='grc' dir='ltr'><strong>μυκτῆρες</strong></span> <span class='ocrx_word' id='word_1_76' title='bbox 645 1283 660 1308; x_wconf 87' lang='grc'><strong>,</strong></span> <span class='ocrx_word' id='word_1_77' title='bbox 689 1237 803 1297; x_wconf 84' lang='grc' dir='ltr'><strong>ῶτα</strong></span> <span class='ocrx_word' id='word_1_78' title='bbox 822 1283 837 1308; x_wconf 92' lang='grc'><strong>,</strong></span> <span class='ocrx_word' id='word_1_79' title='bbox 865 1247 958 1299; x_wconf 72' lang='grc' dir='ltr'>καὶ</span> <span class='ocrx_word' id='word_1_80' title='bbox 997 1247 1170 1318; x_wconf 89' lang='grc' dir='ltr'>μυρία</span> <span class='ocrx_word' id='word_1_81' title='bbox 1209 1248 1346 1318; x_wconf 85' lang='grc' dir='ltr'>πρὸς</span> <span class='ocrx_word' id='word_1_82' title='bbox 1391 1249 1602 1312; x_wconf 82' lang='grc' dir='ltr'>τούτοις</span> 
     </span>
    </p>
   </div>
   <div class='ocr_carea' id='block_1_11' title="bbox 55 1334 1604 1410">
    <p class='ocr_par' dir='ltr' id='par_1_11' title="bbox 55 1334 1604 1410">
     <span class='ocr_line' id='line_1_11' title="bbox 55 1334 1604 1410; baseline -0.002 -14"><span class='ocrx_word' id='word_1_83' title='bbox 55 1341 135 1396; x_wconf 83' lang='grc' dir='ltr'>ἀπ’</span> <span class='ocrx_word' id='word_1_84' title='bbox 177 1336 408 1407; x_wconf 84' lang='grc' dir='ltr'>ἀλλήλων</span> <span class='ocrx_word' id='word_1_85' title='bbox 451 1334 776 1404; x_wconf 85' lang='grc' dir='ltr'>διιστάμενα</span> <span class='ocrx_word' id='word_1_86' title='bbox 814 1353 828 1365; x_wconf 77' lang='grc' dir='ltr'><strong>ο</strong></span> <span class='ocrx_word' id='word_1_87' title='bbox 857 1335 956 1406; x_wconf 89' lang='grc' dir='ltr'><strong>μία</strong></span> <span class='ocrx_word' id='word_1_88' title='bbox 988 1336 1045 1390; x_wconf 82' lang='grc' dir='ltr'>δὲ</span> <span class='ocrx_word' id='word_1_89' title='bbox 1091 1339 1192 1409; x_wconf 81' lang='grc' dir='ltr'>τῆς</span> <span class='ocrx_word' id='word_1_90' title='bbox 1227 1340 1433 1410; x_wconf 77' lang='grc' dir='ltr'>τροφῆς</span> <span class='ocrx_word' id='word_1_91' title='bbox 1491 1339 1604 1394; x_wconf 76' lang='grc' dir='ltr'>ἰδέα</span> 
     </span>
    </p>
   </div>
   <div class='ocr_carea' id='block_1_12' title="bbox 58 1426 1604 1502">
    <p class='ocr_par' dir='ltr' id='par_1_12' title="bbox 58 1426 1604 1502">
     <span class='ocr_line' id='line_1_12' title="bbox 58 1426 1604 1502; baseline 0 -17"><span class='ocrx_word' id='word_1_92' title='bbox 58 1434 210 1488; x_wconf 78' lang='grc' dir='ltr'>πάντα</span> <span class='ocrx_word' id='word_1_93' title='bbox 257 1426 606 1498; x_wconf 84' lang='grc' dir='ltr'>καταλλήλως</span> <span class='ocrx_word' id='word_1_94' title='bbox 645 1429 710 1498; x_wconf 81' lang='grc' dir='ltr'>τῇ</span> <span class='ocrx_word' id='word_1_95' title='bbox 761 1429 968 1483; x_wconf 78' lang='grc' dir='ltr'>ἑαυτῶν</span> <span class='ocrx_word' id='word_1_96' title='bbox 1005 1430 1265 1502; x_wconf 76' lang='grc' dir='ltr'>τρέφεται</span> <span class='ocrx_word' id='word_1_97' title='bbox 1309 1431 1500 1500; x_wconf 85' lang='grc' dir='ltr'>φύσει·</span> <span class='ocrx_word' id='word_1_98' title='bbox 1528 1431 1604 1496; x_wconf 83' lang='grc' dir='ltr'>ὡς</span> 
     </span>
    </p>
   </div>
   <div class='ocr_carea' id='block_1_13' title="bbox 52 1520 1603 1596">
    <p class='ocr_par' dir='ltr' id='par_1_13' title="bbox 52 1520 1603 1596">
     <span class='ocr_line' id='line_1_13' title="bbox 52 1520 1603 1596; baseline -0.003 -16"><span class='ocrx_word' id='word_1_99' title='bbox 52 1526 254 1580; x_wconf 81' lang='grc' dir='ltr'>ἑκάστου</span> <span class='ocrx_word' id='word_1_100' title='bbox 280 1520 383 1574; x_wconf 87' lang='grc' dir='ltr'><strong>τῶν</strong></span> <span class='ocrx_word' id='word_1_101' title='bbox 408 1520 786 1590; x_wconf 80' lang='grc' dir='ltr'><strong>ὑποκειμένων</strong></span> <span class='ocrx_word' id='word_1_102' title='bbox 807 1523 908 1594; x_wconf 82' lang='grc' dir='ltr'>τὴν</span> <span class='ocrx_word' id='word_1_103' title='bbox 932 1523 1137 1595; x_wconf 78' lang='grc' dir='ltr'>τροφὴν</span> <span class='ocrx_word' id='word_1_104' title='bbox 1165 1523 1603 1596; x_wconf 73' lang='grc' dir='ltr'>προσϐαλοῦσαν,</span> 
     </span>
    </p>
   </div>
   <div class='ocr_carea' id='block_1_14' title="bbox 52 1611 1606 1684">
    <p class='ocr_par' dir='ltr' id='par_1_14' title="bbox 52 1611 1606 1684">
     <span class='ocr_line' id='line_1_14' title="bbox 52 1611 1606 1684; baseline -0.001 -15"><span class='ocrx_word' id='word_1_105' title='bbox 52 1619 167 1684; x_wconf 76' lang='grc' dir='ltr'>ὅπερ</span> <span class='ocrx_word' id='word_1_106' title='bbox 195 1613 256 1666; x_wconf 82' lang='grc' dir='ltr'>ἂν</span> <span class='ocrx_word' id='word_1_107' title='bbox 287 1611 532 1684; x_wconf 81' lang='grc' dir='ltr'>ὲπελάσῃ</span> <span class='ocrx_word' id='word_1_108' title='bbox 577 1613 701 1666; x_wconf 88' lang='grc' dir='ltr'>κατ’</span> <span class='ocrx_word' id='word_1_109' title='bbox 744 1615 922 1668; x_wconf 79' lang='grc' dir='ltr'>ἐκεῖνο</span> <span class='ocrx_word' id='word_1_110' title='bbox 977 1615 1354 1681; x_wconf 78' lang='grc' dir='ltr'>ἀλλοιοῦσθαι,</span> <span class='ocrx_word' id='word_1_111' title='bbox 1389 1617 1606 1670; x_wconf 80' lang='grc' dir='ltr'>οἰκείαν</span> 
     </span>
    </p>
   </div>
   <div class='ocr_carea' id='block_1_15' title="bbox 47 1703 1607 1779">
    <p class='ocr_par' dir='ltr' id='par_1_15' title="bbox 47 1703 1607 1779">
     <span class='ocr_line' id='line_1_15' title="bbox 47 1703 1607 1779; baseline -0.001 -16"><span class='ocrx_word' id='word_1_112' title='bbox 47 1710 124 1763; x_wconf 77' lang='grc' dir='ltr'><strong>καὶ</strong></span> <span class='ocrx_word' id='word_1_113' title='bbox 154 1703 393 1776; x_wconf 69' lang='grc' dir='ltr'>προσφυῆ</span> <span class='ocrx_word' id='word_1_114' title='bbox 430 1705 496 1773; x_wconf 79' lang='grc' dir='ltr'><strong>τῇ</strong></span> <span class='ocrx_word' id='word_1_115' title='bbox 534 1703 632 1757; x_wconf 75' lang='grc' dir='ltr'><strong>τοῦ</strong></span> <span class='ocrx_word' id='word_1_116' title='bbox 682 1705 883 1776; x_wconf 88' lang='grc' dir='ltr'>μέρους</span> <span class='ocrx_word' id='word_1_117' title='bbox 921 1706 1141 1776; x_wconf 79' lang='grc' dir='ltr'>ἰδιότητι</span> <span class='ocrx_word' id='word_1_118' title='bbox 1189 1709 1508 1779; x_wconf 77' lang='grc' dir='ltr'>γινομένην.</span> <span class='ocrx_word' id='word_1_119' title='bbox 1547 1709 1607 1762; x_wconf 85' lang='lat' dir='ltr'><strong>Et</strong></span> 
     </span>
    </p>
   </div>
   <div class='ocr_carea' id='block_1_16' title="bbox 46 1795 1610 1872">
    <p class='ocr_par' dir='ltr' id='par_1_16' title="bbox 46 1795 1610 1872">
     <span class='ocr_line' id='line_1_16' title="bbox 46 1795 1610 1872; baseline -0.002 -18"><span class='ocrx_word' id='word_1_120' title='bbox 46 1801 138 1870; x_wconf 74' lang='grc' dir='ltr'><strong>γὰρ</strong></span> <span class='ocrx_word' id='word_1_121' title='bbox 167 1798 297 1852; x_wconf 75' lang='grc' dir='ltr'>κατὰ</span> <span class='ocrx_word' id='word_1_122' title='bbox 340 1795 430 1848; x_wconf 75' lang='grc' dir='ltr'>τὸν</span> <span class='ocrx_word' id='word_1_123' title='bbox 467 1795 751 1867; x_wconf 66' lang='grc' dir='ltr'>ὀφθαλμόν</span> <span class='ocrx_word' id='word_1_124' title='bbox 786 1797 1015 1866; x_wconf 82' lang='grc' dir='ltr'>γένοιτο,</span> <span class='ocrx_word' id='word_1_125' title='bbox 1057 1797 1134 1870; x_wconf 80' lang='grc' dir='ltr'><strong>τῷ</strong></span> <span class='ocrx_word' id='word_1_126' title='bbox 1163 1799 1403 1871; x_wconf 85' lang='grc' dir='ltr'>ὁρατικῷ</span> <span class='ocrx_word' id='word_1_127' title='bbox 1452 1800 1610 1872; x_wconf 86' lang='grc' dir='ltr'>μέρει</span> 
     </span>
    </p>
   </div>
   <div class='ocr_carea' id='block_1_17' title="bbox 45 1886 1608 1963">
    <p class='ocr_par' dir='ltr' id='par_1_17' title="bbox 45 1886 1608 1963">
     <span class='ocr_line' id='line_1_17' title="bbox 45 1886 1608 1963; baseline -0.001 -16"><span class='ocrx_word' id='word_1_128' title='bbox 45 1889 440 1962; x_wconf 81' lang='grc' dir='ltr'>συγκατεκράθη</span> <span class='ocrx_word' id='word_1_129' title='bbox 464 1927 478 1951; x_wconf 88' lang='grc'><strong>,</strong></span> <span class='ocrx_word' id='word_1_130' title='bbox 517 1887 612 1941; x_wconf 83' lang='grc' dir='ltr'>τὸν</span> <span class='ocrx_word' id='word_1_131' title='bbox 641 1886 816 1960; x_wconf 82' lang='grc' dir='ltr'>ὑμένα</span> <span class='ocrx_word' id='word_1_132' title='bbox 850 1890 1166 1960; x_wconf 67' lang='grc' dir='ltr'>ὑπαλείφων</span> <span class='ocrx_word' id='word_1_133' title='bbox 1195 1891 1292 1944; x_wconf 84' lang='grc' dir='ltr'>τοῦ</span> <span class='ocrx_word' id='word_1_134' title='bbox 1327 1892 1574 1963; x_wconf 73' lang='grc' dir='ltr'>ὄμματος</span> <span class='ocrx_word' id='word_1_135' title='bbox 1594 1909 1608 1924; x_wconf 80' lang='grc' dir='ltr'><strong>ο</strong></span> 
     </span>
    </p>
   </div>
   <div class='ocr_carea' id='block_1_18' title="bbox 42 1977 1615 2053">
    <p class='ocr_par' dir='ltr' id='par_1_18' title="bbox 42 1977 1615 2053">
     <span class='ocr_line' id='line_1_18' title="bbox 42 1977 1615 2053; baseline 0 -19"><span class='ocrx_word' id='word_1_136' title='bbox 42 1983 245 2042; x_wconf 74' lang='grc' dir='ltr'>καὶτοῖς</span> <span class='ocrx_word' id='word_1_137' title='bbox 272 1979 628 2040; x_wconf 84' lang='grc' dir='ltr'>ἀκουστικοῖς</span> <span class='ocrx_word' id='word_1_138' title='bbox 666 1978 858 2048; x_wconf 83' lang='grc' dir='ltr'>μέρεσι</span> <span class='ocrx_word' id='word_1_139' title='bbox 887 1977 1202 2043; x_wconf 76' lang='grc' dir='ltr'>διενιξόινων</span> <span class='ocrx_word' id='word_1_140' title='bbox 1243 1998 1615 2053; x_wconf 81' lang='grc' dir='ltr'>συμπεριτορ·</span> 
     </span>
    </p>
   </div>
   <div class='ocr_carea' id='block_1_19' title="bbox 39 2067 1616 2144">
    <p class='ocr_par' dir='ltr' id='par_1_19' title="bbox 39 2067 1616 2144">
     <span class='ocr_line' id='line_1_19' title="bbox 39 2067 1616 2144; baseline 0 -17"><span class='ocrx_word' id='word_1_141' title='bbox 39 2073 202 2126; x_wconf 75' lang='grc' dir='ltr'>νοῦται</span> <span class='ocrx_word' id='word_1_142' title='bbox 231 2074 295 2141; x_wconf 82' lang='grc' dir='ltr'>τῇ</span> <span class='ocrx_word' id='word_1_143' title='bbox 329 2071 494 2140; x_wconf 80' lang='grc' dir='ltr'>ἀκοῇ,</span> <span class='ocrx_word' id='word_1_144' title='bbox 513 2068 613 2122; x_wconf 71' lang='grc' dir='ltr'>καὶ</span> <span class='ocrx_word' id='word_1_145' title='bbox 635 2070 704 2122; x_wconf 87' lang='grc' dir='ltr'>τὰ</span> <span class='ocrx_word' id='word_1_146' title='bbox 735 2069 883 2141; x_wconf 83' lang='grc' dir='ltr'>χείλη</span> <span class='ocrx_word' id='word_1_147' title='bbox 907 2069 1148 2136; x_wconf 74' lang='grc' dir='ltr'>νοτίζων,</span> <span class='ocrx_word' id='word_1_148' title='bbox 1180 2067 1291 2126; x_wconf 80' lang='grc' dir='ltr'>οἷον</span> <span class='ocrx_word' id='word_1_149' title='bbox 1309 2073 1464 2144; x_wconf 86' lang='grc' dir='ltr'>δέριά</span> <span class='ocrx_word' id='word_1_150' title='bbox 1493 2091 1616 2128; x_wconf 89' lang='grc' dir='ltr'>τινα</span> 
     </span>
    </p>
   </div>
   <div class='ocr_carea' id='block_1_20' title="bbox 36 2161 1616 2234">
    <p class='ocr_par' dir='ltr' id='par_1_20' title="bbox 36 2161 1616 2234">
     <span class='ocr_line' id='line_1_20' title="bbox 36 2161 1616 2234; baseline 0.001 -16"><span class='ocrx_word' id='word_1_151' title='bbox 36 2165 122 2218; x_wconf 83' lang='grc' dir='ltr'>οὐκ</span> <span class='ocrx_word' id='word_1_152' title='bbox 143 2165 202 2234; x_wconf 78' lang='grc' dir='ltr'><strong>ἐᾷ</strong></span> <span class='ocrx_word' id='word_1_153' title='bbox 239 2161 738 2232; x_wconf 80' lang='grc' dir='ltr'>καταφρυχθῆναι,</span> <span class='ocrx_word' id='word_1_154' title='bbox 777 2163 872 2216; x_wconf 77' lang='grc' dir='ltr'>καὶ</span> <span class='ocrx_word' id='word_1_155' title='bbox 920 2163 1174 2232; x_wconf 86' lang='grc' dir='ltr'>γενέσθαι</span> <span class='ocrx_word' id='word_1_156' title='bbox 1230 2164 1484 2234; x_wconf 75' lang='grc' dir='ltr'>ἐξίτηλαο</span> <span class='ocrx_word' id='word_1_157' title='bbox 1522 2166 1616 2219; x_wconf 74' lang='grc' dir='ltr'>καὶ</span> 
     </span>
    </p>
   </div>
   <div class='ocr_carea' id='block_1_21' title="bbox 35 2252 1616 2326">
    <p class='ocr_par' dir='ltr' id='par_1_21' title="bbox 35 2252 1616 2326">
     <span class='ocr_line' id='line_1_21' title="bbox 35 2252 1616 2326; baseline 0.001 -19"><span class='ocrx_word' id='word_1_158' title='bbox 35 2254 85 2307; x_wconf 82' lang='grc' dir='ltr'>ἐν</span> <span class='ocrx_word' id='word_1_159' title='bbox 104 2255 264 2324; x_wconf 80' lang='grc' dir='ltr'>ὀστέῳ</span> <span class='ocrx_word' id='word_1_160' title='bbox 300 2254 606 2322; x_wconf 81' lang='grc' dir='ltr'>πήγνυται,</span> <span class='ocrx_word' id='word_1_161' title='bbox 633 2253 727 2305; x_wconf 79' lang='grc' dir='ltr'>καὶ</span> <span class='ocrx_word' id='word_1_162' title='bbox 750 2255 807 2306; x_wconf 80' lang='grc' dir='ltr'>ὲν</span> <span class='ocrx_word' id='word_1_163' title='bbox 843 2252 1026 2324; x_wconf 83' lang='grc' dir='ltr'>μυελῷ</span> <span class='ocrx_word' id='word_1_164' title='bbox 1055 2253 1419 2308; x_wconf 86' lang='grc' dir='ltr'>ἀπαλύνεται·</span> <span class='ocrx_word' id='word_1_165' title='bbox 1451 2257 1509 2308; x_wconf 80' lang='grc' dir='ltr'>ἐν</span> <span class='ocrx_word' id='word_1_166' title='bbox 1539 2255 1616 2326; x_wconf 83' lang='grc' dir='ltr'>τῷ</span> 
     </span>
    </p>
   </div>
   <div class='ocr_carea' id='block_1_22' title="bbox 33 2341 1618 2416">
    <p class='ocr_par' dir='ltr' id='par_1_22' title="bbox 33 2341 1618 2416">
     <span class='ocr_line' id='line_1_22' title="bbox 33 2341 1618 2416; baseline 0.001 -18"><span class='ocrx_word' id='word_1_167' title='bbox 33 2346 188 2416; x_wconf 71' lang='grc' dir='ltr'>νεύρῳ</span> <span class='ocrx_word' id='word_1_168' title='bbox 207 2341 485 2405; x_wconf 78' lang='grc' dir='ltr'>τονοῦται,</span> <span class='ocrx_word' id='word_1_169' title='bbox 504 2342 605 2396; x_wconf 64' lang='grc' dir='ltr'><strong>καλ⁵</strong></span> <span class='ocrx_word' id='word_1_170' title='bbox 631 2345 698 2414; x_wconf 81' lang='grc' dir='ltr'><strong>τῇ</strong></span> <span class='ocrx_word' id='word_1_171' title='bbox 727 2344 1019 2416; x_wconf 74' lang='grc' dir='ltr'>ἐπιφανείᾳ</span> <span class='ocrx_word' id='word_1_172' title='bbox 1052 2347 1505 2404; x_wconf 84' lang='grc' dir='ltr'>συνεπιτείνεται.</span> <span class='ocrx_word' id='word_1_173' title='bbox 1525 2347 1618 2400; x_wconf 73' lang='grc' dir='ltr'>καὶ</span> 
     </span>
    </p>
   </div>
   <div class='ocr_carea' id='block_1_23' title="bbox 29 2433 1619 2509">
    <p class='ocr_par' dir='ltr' id='par_1_23' title="bbox 29 2433 1619 2509">
     <span class='ocr_line' id='line_1_23' title="bbox 29 2433 1619 2509; baseline -0.001 -20"><span class='ocrx_word' id='word_1_174' title='bbox 29 2438 100 2499; x_wconf 68' lang='grc' dir='ltr'><strong>εἰς</strong></span> <span class='ocrx_word' id='word_1_175' title='bbox 123 2435 280 2505; x_wconf 73' lang='grc' dir='ltr'>ὄνυχα</span> <span class='ocrx_word' id='word_1_176' title='bbox 307 2433 610 2495; x_wconf 79' lang='grc' dir='ltr'>διαϐαίνει,</span> <span class='ocrx_word' id='word_1_177' title='bbox 647 2435 741 2488; x_wconf 76' lang='grc' dir='ltr'>καὶ</span> <span class='ocrx_word' id='word_1_178' title='bbox 772 2436 852 2498; x_wconf 87' lang='grc' dir='ltr'><strong>εἰς</strong></span> <span class='ocrx_word' id='word_1_179' title='bbox 886 2434 1071 2506; x_wconf 80' lang='grc' dir='ltr'>τριχὸς</span> <span class='ocrx_word' id='word_1_180' title='bbox 1108 2436 1322 2504; x_wconf 85' lang='grc' dir='ltr'>γένεσιν</span> <span class='ocrx_word' id='word_1_181' title='bbox 1355 2437 1619 2509; x_wconf 85' lang='grc' dir='ltr'>λεπτουρ-</span> 
     </span>
    </p>
   </div>
   <div class='ocr_carea' id='block_1_24' title="bbox 27 2525 1619 2599">
    <p class='ocr_par' dir='ltr' id='par_1_24' title="bbox 27 2525 1619 2599">
     <span class='ocr_line' id='line_1_24' title="bbox 27 2525 1619 2599; baseline 0.001 -19"><span class='ocrx_word' id='word_1_182' title='bbox 27 2532 186 2598; x_wconf 78' lang='grc' dir='ltr'>γεῖται</span> <span class='ocrx_word' id='word_1_183' title='bbox 221 2530 338 2590; x_wconf 84' lang='grc' dir='ltr'>τοῖς</span> <span class='ocrx_word' id='word_1_184' title='bbox 372 2525 750 2598; x_wconf 82' lang='grc' dir='ltr'>καταλλήλοις</span> <span class='ocrx_word' id='word_1_185' title='bbox 783 2528 996 2598; x_wconf 85' lang='grc' dir='ltr'>ἀτμοῖς.</span> <span class='ocrx_word' id='word_1_186' title='bbox 1029 2529 1140 2580; x_wconf 70' lang='grc' dir='ltr'><strong>Καὶ</strong></span> <span class='ocrx_word' id='word_1_187' title='bbox 1164 2529 1212 2580; x_wconf 85' lang='grc' dir='ltr'><strong>εί</strong></span> <span class='ocrx_word' id='word_1_188' title='bbox 1251 2529 1351 2599; x_wconf 85' lang='grc' dir='ltr'>μὲν</span> <span class='ocrx_word' id='word_1_189' title='bbox 1381 2527 1468 2581; x_wconf 80' lang='grc' dir='ltr'><strong>διὰ</strong></span> <span class='ocrx_word' id='word_1_190' title='bbox 1489 2546 1619 2581; x_wconf 82' lang='grc' dir='ltr'>σκο-</span> 
     </span>
    </p>
   </div>
   <div class='ocr_carea' id='block_1_25' title="bbox 28 2618 1620 2691">
    <p class='ocr_par' dir='ltr' id='par_1_25' title="bbox 28 2618 1620 2691">
     <span class='ocr_line' id='line_1_25' title="bbox 28 2618 1620 2691; baseline 0.001 -18"><span class='ocrx_word' id='word_1_191' title='bbox 28 2621 142 2673; x_wconf 79' lang='grc' dir='ltr'>λιῶν</span> <span class='ocrx_word' id='word_1_192' title='bbox 193 2618 560 2689; x_wconf 78' lang='grc' dir='ltr'>ὲξατμίζεται</span> <span class='ocrx_word' id='word_1_193' title='bbox 613 2619 820 2691; x_wconf 84' lang='grc' dir='ltr'>πόρων,</span> <span class='ocrx_word' id='word_1_194' title='bbox 867 2619 1186 2690; x_wconf 72' lang='grc' dir='ltr'>οὑλοτέρους</span> <span class='ocrx_word' id='word_1_195' title='bbox 1234 2621 1321 2673; x_wconf 52' lang='grc' dir='ltr'>καὶ</span> <span class='ocrx_word' id='word_1_196' title='bbox 1371 2621 1620 2684; x_wconf 74' lang='grc' dir='ltr'>ἑλικτοὺς</span> 
     </span>
    </p>
   </div>
   <div class='ocr_carea' id='block_1_26' title="bbox 26 2709 1620 2782">
    <p class='ocr_par' dir='ltr' id='par_1_26' title="bbox 26 2709 1620 2782">
     <span class='ocr_line' id='line_1_26' title="bbox 26 2709 1620 2782; baseline 0 -18"><span class='ocrx_word' id='word_1_197' title='bbox 26 2711 260 2764; x_wconf 81' lang='grc' dir='ltr'>ἀποτελεῖ</span> <span class='ocrx_word' id='word_1_198' title='bbox 298 2712 432 2773; x_wconf 80' lang='grc' dir='ltr'>τοὺς</span> <span class='ocrx_word' id='word_1_199' title='bbox 473 2709 830 2782; x_wconf 73' lang='grc' dir='ltr'>βόστρυχαςο</span> <span class='ocrx_word' id='word_1_200' title='bbox 865 2712 914 2764; x_wconf 83' lang='grc' dir='ltr'>εἰ</span> <span class='ocrx_word' id='word_1_201' title='bbox 948 2711 1004 2764; x_wconf 83' lang='grc' dir='ltr'>δὲ</span> <span class='ocrx_word' id='word_1_202' title='bbox 1032 2711 1099 2764; x_wconf 86' lang='grc' dir='ltr'><strong>δι’</strong></span> <span class='ocrx_word' id='word_1_203' title='bbox 1122 2710 1326 2765; x_wconf 82' lang='grc' dir='ltr'>εύθέων</span> <span class='ocrx_word' id='word_1_204' title='bbox 1361 2713 1452 2765; x_wconf 72' lang='grc' dir='ltr'>καὶ</span> <span class='ocrx_word' id='word_1_205' title='bbox 1482 2713 1620 2764; x_wconf 84' lang='grc' dir='ltr'>ἀπα-</span> 
     </span>
    </p>
   </div>
   <div class='ocr_carea' id='block_1_27' title="bbox 23 2799 1619 2874">
    <p class='ocr_par' dir='ltr' id='par_1_27' title="bbox 23 2799 1619 2874">
     <span class='ocr_line' id='line_1_27' title="bbox 23 2799 1619 2874; baseline 0 -20"><span class='ocrx_word' id='word_1_206' title='bbox 23 2801 276 2873; x_wconf 74' lang='grc' dir='ltr'>λωτέρων,</span> <span class='ocrx_word' id='word_1_207' title='bbox 312 2799 535 2862; x_wconf 77' lang='grc' dir='ltr'>ἁπλοῦς</span> <span class='ocrx_word' id='word_1_208' title='bbox 577 2802 679 2854; x_wconf 71' lang='grc' dir='ltr'><strong>ιιιαῖ⁵</strong></span> <span class='ocrx_word' id='word_1_209' title='bbox 707 2803 949 2873; x_wconf 80' lang='grc' dir='ltr'>νήματος</span> <span class='ocrx_word' id='word_1_210' title='bbox 971 2802 1144 2873; x_wconf 77' lang='grc' dir='ltr'>δίκην,</span> <span class='ocrx_word' id='word_1_211' title='bbox 1166 2802 1254 2855; x_wconf 81' lang='grc' dir='ltr'><strong>διὰ</strong></span> <span class='ocrx_word' id='word_1_212' title='bbox 1284 2802 1394 2856; x_wconf 91' lang='grc' dir='ltr'><strong>τῶν</strong></span> <span class='ocrx_word' id='word_1_213' title='bbox 1429 2802 1619 2874; x_wconf 80' lang='grc' dir='ltr'>ἀτμῶν</span> 
     </span>
    </p>
   </div>
   <div class='ocr_carea' id='block_1_28' title="bbox 21 2891 1615 2966">
    <p class='ocr_par' dir='ltr' id='par_1_28' title="bbox 21 2891 1615 2966">
     <span class='ocr_line' id='line_1_28' title="bbox 21 2891 1615 2966; baseline 0.001 -19"><span class='ocrx_word' id='word_1_214' title='bbox 21 2893 388 2964; x_wconf 87' lang='grc' dir='ltr'>τριχευομένου</span> <span class='ocrx_word' id='word_1_215' title='bbox 430 2891 549 2946; x_wconf 81' lang='grc' dir='ltr'>τοῦ.</span> <span class='ocrx_word' id='word_1_216' title='bbox 575 2895 644 2946; x_wconf 78' lang='grc' dir='ltr'>ὲκ</span> <span class='ocrx_word' id='word_1_217' title='bbox 677 2893 787 2948; x_wconf 89' lang='grc' dir='ltr'><strong>τῶν</strong></span> <span class='ocrx_word' id='word_1_218' title='bbox 832 2895 1017 2949; x_wconf 90' lang='grc' dir='ltr'>σιτίων</span> <span class='ocrx_word' id='word_1_219' title='bbox 1055 2894 1383 2959; x_wconf 75' lang='grc' dir='ltr'>διιζάνοντος</span> <span class='ocrx_word' id='word_1_220' title='bbox 1421 2895 1615 2966; x_wconf 78' lang='grc' dir='ltr'><strong>ὑγροῦ·</strong></span> 
     </span>
    </p>
   </div>
   <div class='ocr_carea' id='block_1_29' title="bbox 23 2985 1620 3060">
    <p class='ocr_par' dir='ltr' id='par_1_29' title="bbox 23 2985 1620 3060">
     <span class='ocr_line' id='line_1_29' title="bbox 23 2985 1620 3060; baseline 0.001 -22"><span class='ocrx_word' id='word_1_221' title='bbox 23 2989 58 3038; x_wconf 77' lang='grc' dir='ltr'>εἰ</span> <span class='ocrx_word' id='word_1_222' title='bbox 88 2986 140 3038; x_wconf 78' lang='grc' dir='ltr'>δὲ</span> <span class='ocrx_word' id='word_1_223' title='bbox 175 2986 262 3039; x_wconf 81' lang='grc' dir='ltr'><strong>διὰ</strong></span> <span class='ocrx_word' id='word_1_224' title='bbox 313 2985 693 3058; x_wconf 86' lang='grc' dir='ltr'>θερμοτέρων</span> <span class='ocrx_word' id='word_1_225' title='bbox 740 2988 841 3059; x_wconf 84' lang='grc' dir='ltr'>τῆς</span> <span class='ocrx_word' id='word_1_226' title='bbox 891 2987 1118 3060; x_wconf 80' lang='grc' dir='ltr'>καρδίας</span> <span class='ocrx_word' id='word_1_227' title='bbox 1161 2986 1378 3040; x_wconf 73' lang='grc' dir='ltr'>καὶτοῦ</span> <span class='ocrx_word' id='word_1_228' title='bbox 1411 2987 1620 3058; x_wconf 78' lang='grc' dir='ltr'>ἥπατος</span> 
     </span>
    </p>
   </div>
   <div class='ocr_carea' id='block_1_30' title="bbox 16 3075 1624 3148">
    <p class='ocr_par' dir='ltr' id='par_1_30' title="bbox 16 3075 1624 3148">
     <span class='ocr_line' id='line_1_30' title="bbox 16 3075 1624 3148; baseline 0.001 -20"><span class='ocrx_word' id='word_1_229' title='bbox 16 3079 59 3129; x_wconf 72' lang='lat' dir='ltr'><strong>1i</strong></span> <span class='ocrx_word' id='word_1_230' title='bbox 80 3075 484 3146; x_wconf 78' lang='grc' dir='ltr'>ἀναθυμιάσεις</span> <span class='ocrx_word' id='word_1_231' title='bbox 523 3076 627 3130; x_wconf 74' lang='grc' dir='ltr'><strong>ἐπὶ</strong></span> <span class='ocrx_word' id='word_1_232' title='bbox 662 3076 760 3148; x_wconf 77' lang='grc' dir='ltr'>τὴν</span> <span class='ocrx_word' id='word_1_233' title='bbox 785 3077 994 3148; x_wconf 81' lang='grc' dir='ltr'>κράνην</span> <span class='ocrx_word' id='word_1_234' title='bbox 1025 3075 1426 3148; x_wconf 79' lang='grc' dir='ltr'>έξατμίζονται,</span> <span class='ocrx_word' id='word_1_235' title='bbox 1453 3077 1624 3145; x_wconf 84' lang='grc' dir='ltr'>φαλα-</span> 
     </span>
    </p>
   </div>
   <div class='ocr_carea' id='block_1_31' title="bbox 17 3165 1612 3240">
    <p class='ocr_par' dir='ltr' id='par_1_31' title="bbox 17 3165 1612 3240">
     <span class='ocr_line' id='line_1_31' title="bbox 17 3165 1612 3240; baseline 0.003 -23"><span class='ocrx_word' id='word_1_236' title='bbox 17 3165 163 3236; x_wconf 79' lang='grc' dir='ltr'>κροῦν</span> <span class='ocrx_word' id='word_1_237' title='bbox 194 3167 437 3236; x_wconf 78' lang='grc' dir='ltr'>πέφυκε,</span> <span class='ocrx_word' id='word_1_238' title='bbox 478 3167 585 3220; x_wconf 79' lang='grc' dir='ltr'><strong>τοῦ</strong></span> <span class='ocrx_word' id='word_1_239' title='bbox 617 3168 829 3240; x_wconf 75' lang='grc' dir='ltr'>ψυχροῦ</span> <span class='ocrx_word' id='word_1_240' title='bbox 860 3167 1231 3230; x_wconf 83' lang='grc' dir='ltr'>ἐπιλείποντος</span> <span class='ocrx_word' id='word_1_241' title='bbox 1253 3185 1266 3197; x_wconf 88' lang='grc'>·</span> <span class='ocrx_word' id='word_1_242' title='bbox 1294 3166 1388 3220; x_wconf 83' lang='grc' dir='ltr'>τοῦ</span> <span class='ocrx_word' id='word_1_243' title='bbox 1408 3168 1464 3221; x_wconf 85' lang='grc' dir='ltr'>δὲ</span> <span class='ocrx_word' id='word_1_244' title='bbox 1494 3166 1612 3240; x_wconf 78' lang='grc' dir='ltr'>θερο</span> 
     </span>
    </p>
   </div>
   <div class='ocr_carea' id='block_1_32' title="bbox 18 3261 1620 3337">
    <p class='ocr_par' dir='ltr' id='par_1_32' title="bbox 18 3261 1620 3337">
     <span class='ocr_line' id='line_1_32' title="bbox 18 3261 1620 3337; baseline 0.002 -23"><span class='ocrx_word' id='word_1_245' title='bbox 18 3261 100 3324; x_wconf 58' lang='grc' dir='ltr'>κοῦ</span> <span class='ocrx_word' id='word_1_246' title='bbox 129 3263 607 3336; x_wconf 80' lang='grc' dir='ltr'>ἐπικρατοῦντος,</span> <span class='ocrx_word' id='word_1_247' title='bbox 635 3265 1116 3337; x_wconf 78' lang='grc' dir='ltr'>καταφρύττεσθαι</span> <span class='ocrx_word' id='word_1_248' title='bbox 1158 3265 1252 3319; x_wconf 80' lang='grc' dir='ltr'>καὶ</span> <span class='ocrx_word' id='word_1_249' title='bbox 1287 3268 1620 3336; x_wconf 16' lang='grc' dir='ltr'>,τριχορυεῖεμ</span> 
     </span>
    </p>
   </div>
   <div class='ocr_carea' id='block_1_33' title="bbox 17 3355 1622 3430">
    <p class='ocr_par' dir='ltr' id='par_1_33' title="bbox 17 3355 1622 3430">
     <span class='ocr_line' id='line_1_33' title="bbox 17 3355 1622 3430; baseline 0.001 -23"><span class='ocrx_word' id='word_1_250' title='bbox 17 3355 146 3408; x_wconf 47' lang='grc' dir='ltr'>’ἁλλ’</span> <span class='ocrx_word' id='word_1_251' title='bbox 189 3356 370 3420; x_wconf 70' lang='grc' dir='ltr'>ὅντως</span> <span class='ocrx_word' id='word_1_252' title='bbox 427 3356 712 3429; x_wconf 72' lang='grc' dir='ltr'>εὔκαιρον</span> <span class='ocrx_word' id='word_1_253' title='bbox 763 3360 894 3429; x_wconf 69' lang='grc' dir='ltr'>ἡμῖν</span> <span class='ocrx_word' id='word_1_254' title='bbox 949 3358 1172 3430; x_wconf 77' lang='grc' dir='ltr'>χρῆμα,</span> <span class='ocrx_word' id='word_1_255' title='bbox 1220 3357 1392 3426; x_wconf 84' lang='grc' dir='ltr'>γλυκύ</span> <span class='ocrx_word' id='word_1_256' title='bbox 1427 3375 1486 3410; x_wconf 89' lang='grc' dir='ltr'><strong>τε</strong></span> <span class='ocrx_word' id='word_1_257' title='bbox 1529 3357 1622 3410; x_wconf 70' lang='grc' dir='ltr'>καὶ</span> 
     </span>
    </p>
   </div>
   <div class='ocr_carea' id='block_1_34' title="bbox 13 3445 1620 3516">
    <p class='ocr_par' dir='ltr' id='par_1_34' title="bbox 13 3445 1620 3516">
     <span class='ocr_line' id='line_1_34' title="bbox 13 3445 1620 3516; baseline 0.001 -20"><span class='ocrx_word' id='word_1_258' title='bbox 13 3445 327 3514; x_wconf 75' lang='grc' dir='ltr'>ίξιάγαστον</span> <span class='ocrx_word' id='word_1_259' title='bbox 370 3449 476 3502; x_wconf 84' lang='grc' dir='ltr'>καὶ</span> <span class='ocrx_word' id='word_1_260' title='bbox 521 3449 626 3501; x_wconf 73' lang='grc' dir='ltr'>τοῦ</span> <span class='ocrx_word' id='word_1_261' title='bbox 682 3449 882 3512; x_wconf 74' lang='grc' dir='ltr'>παντὸς</span> <span class='ocrx_word' id='word_1_262' title='bbox 919 3449 1294 3516; x_wconf 63' lang='grc' dir='ltr'>ἄξιονλόγου,</span> <span class='ocrx_word' id='word_1_263' title='bbox 1336 3445 1426 3501; x_wconf 78' lang='grc' dir='ltr'><strong>τὸν</strong></span> <span class='ocrx_word' id='word_1_264' title='bbox 1470 3447 1620 3515; x_wconf 78' lang='grc' dir='ltr'>σφῶν</span> 
     </span>
    </p>
   </div>
   <div class='ocr_carea' id='block_1_35' title="bbox 14 3539 1623 3612">
    <p class='ocr_par' dir='ltr' id='par_1_35' title="bbox 14 3539 1623 3612">
     <span class='ocr_line' id='line_1_35' title="bbox 14 3539 1623 3612; baseline 0.002 -22"><span class='ocrx_word' id='word_1_265' title='bbox 14 3539 260 3612; x_wconf 65' lang='grc' dir='ltr'>δεσπότην</span> <span class='ocrx_word' id='word_1_266' title='bbox 297 3543 400 3594; x_wconf 52' lang='grc' dir='ltr'><strong>καὶ⁸</strong></span> <span class='ocrx_word' id='word_1_267' title='bbox 445 3541 740 3612; x_wconf 80' lang='grc' dir='ltr'>πρύτανιν</span> <span class='ocrx_word' id='word_1_268' title='bbox 778 3542 1084 3612; x_wconf 82' lang='grc' dir='ltr'>γεραίρειν,</span> <span class='ocrx_word' id='word_1_269' title='bbox 1116 3542 1190 3612; x_wconf 78' lang='grc' dir='ltr'>τῷ</span> <span class='ocrx_word' id='word_1_270' title='bbox 1213 3539 1487 3612; x_wconf 81' lang='grc' dir='ltr'>Θεσπεσίῳ</span> <span class='ocrx_word' id='word_1_271' title='bbox 1521 3545 1623 3593; x_wconf 91' lang='grc' dir='ltr'><strong>Δα-</strong></span> 
     </span>
    </p>
   </div>
   <div class='ocr_carea' id='block_1_36' title="bbox 10 3635 1620 3708">
    <p class='ocr_par' dir='ltr' id='par_1_36' title="bbox 10 3635 1620 3708">
     <span class='ocr_line' id='line_1_36' title="bbox 10 3635 1620 3708; baseline -0.001 -22"><span class='ocrx_word' id='word_1_272' title='bbox 10 3637 76 3690; x_wconf 67' lang='grc' dir='ltr'>ῗιδ</span> <span class='ocrx_word' id='word_1_273' title='bbox 123 3635 532 3708; x_wconf 81' lang='grc' dir='ltr'>συμμελῳδεῖν</span> <span class='ocrx_word' id='word_1_274' title='bbox 559 3677 574 3700; x_wconf 89' lang='grc'><strong>,</strong></span> <span class='ocrx_word' id='word_1_275' title='bbox 623 3637 722 3702; x_wconf 88' lang='grc' dir='ltr'>Ὡς</span> <span class='ocrx_word' id='word_1_276' title='bbox 764 3637 1141 3708; x_wconf 55' lang='lat' dir='ltr'><strong>egeram}an</strong></span> <span class='ocrx_word' id='word_1_277' title='bbox 1197 3636 1269 3689; x_wconf 83' lang='grc' dir='ltr'>τὰ</span> <span class='ocrx_word' id='word_1_278' title='bbox 1314 3635 1459 3704; x_wconf 75' lang='grc' dir='ltr'>ἔργα</span> <span class='ocrx_word' id='word_1_279' title='bbox 1481 3652 1620 3700; x_wconf 78' lang='grc' dir='ltr'>σου,</span> 
     </span>
    </p>
   </div>
   <div class='ocr_carea' id='block_1_37' title="bbox 13 3728 1624 3800">
    <p class='ocr_par' dir='ltr' id='par_1_37' title="bbox 13 3728 1624 3800">
     <span class='ocr_line' id='line_1_37' title="bbox 13 3728 1624 3800; baseline -0.002 -19"><span class='ocrx_word' id='word_1_280' title='bbox 13 3731 177 3796; x_wconf 67' lang='grc' dir='ltr'>’ίύριεο</span> <span class='ocrx_word' id='word_1_281' title='bbox 212 3729 427 3783; x_wconf 80' lang='grc' dir='ltr'>πάντα</span> <span class='ocrx_word' id='word_1_282' title='bbox 477 3731 559 3784; x_wconf 80' lang='grc' dir='ltr'><strong>ὲν</strong></span> <span class='ocrx_word' id='word_1_283' title='bbox 589 3731 786 3800; x_wconf 65' lang='grc' dir='ltr'>σοφίᾳ</span> <span class='ocrx_word' id='word_1_284' title='bbox 812 3731 1129 3795; x_wconf 75' lang='grc' dir='ltr'>ἐποίησας.</span> <span class='ocrx_word' id='word_1_285' title='bbox 1165 3730 1260 3796; x_wconf 83' lang='grc' dir='ltr'>Τίς</span> <span class='ocrx_word' id='word_1_286' title='bbox 1292 3730 1401 3800; x_wconf 72' lang='grc' dir='ltr'>γὰρ</span> <span class='ocrx_word' id='word_1_287' title='bbox 1434 3728 1624 3792; x_wconf 66' lang='grc' dir='ltr'><strong>λαλή-</strong></span> 
     </span>
    </p>
   </div>
   <div class='ocr_carea' id='block_1_38' title="bbox 10 3817 1626 3892">
    <p class='ocr_par' dir='ltr' id='par_1_38' title="bbox 10 3817 1626 3892">
     <span class='ocr_line' id='line_1_38' title="bbox 10 3817 1626 3892; baseline -0.006 -13"><span class='ocrx_word' id='word_1_288' title='bbox 10 3841 77 3879; x_wconf 64' lang='grc' dir='ltr'>πει</span> <span class='ocrx_word' id='word_1_289' title='bbox 99 3826 205 3892; x_wconf 85' lang='grc' dir='ltr'>τὰς</span> <span class='ocrx_word' id='word_1_290' title='bbox 233 3824 649 3886; x_wconf 76' lang='grc' dir='ltr'>δυναστείας</span> <span class='ocrx_word' id='word_1_291' title='bbox 671 3821 779 3874; x_wconf 85' lang='grc' dir='ltr'>τοῦ</span> <span class='ocrx_word' id='word_1_292' title='bbox 810 3820 1031 3887; x_wconf 76' lang='grc' dir='ltr'>Κυρίου</span> <span class='ocrx_word' id='word_1_293' title='bbox 1057 3820 1094 3888; x_wconf 81' lang='grc' dir='ltr'><em>ἢ</em></span> <span class='ocrx_word' id='word_1_294' title='bbox 1117 3821 1208 3886; x_wconf 83' lang='grc' dir='ltr'><strong>τίς</strong></span> <span class='ocrx_word' id='word_1_295' title='bbox 1237 3817 1586 3886; x_wconf 58' lang='grc' dir='ltr'>διηγήσεται</span> <span class='ocrx_word' id='word_1_296' title='bbox 1607 3833 1626 3881; x_wconf 89' lang='grc'><em>;</em></span> 
     </span>
    </p>
   </div>
   <div class='ocr_carea' id='block_1_39' title="bbox 9 3910 1626 3988">
    <p class='ocr_par' dir='ltr' id='par_1_39' title="bbox 9 3910 1626 3988">
     <span class='ocr_line' id='line_1_39' title="bbox 9 3910 1626 3988; baseline -0.003 -20"><span class='ocrx_word' id='word_1_297' title='bbox 9 3917 78 3980; x_wconf 67' lang='lat' dir='ltr'><strong>fi;</strong></span> <span class='ocrx_word' id='word_1_298' title='bbox 123 3919 235 3988; x_wconf 67' lang='grc' dir='ltr'><strong>γὰρ</strong></span> <span class='ocrx_word' id='word_1_299' title='bbox 279 3919 557 3987; x_wconf 71' lang='grc' dir='ltr'>ἐφίξεται</span> <span class='ocrx_word' id='word_1_300' title='bbox 597 3913 765 3983; x_wconf 76' lang='grc' dir='ltr'>λόγος</span> <span class='ocrx_word' id='word_1_301' title='bbox 809 3911 1161 3983; x_wconf 79' lang='grc' dir='ltr'>παραστῆσαι</span> <span class='ocrx_word' id='word_1_302' title='bbox 1209 3910 1374 3975; x_wconf 87' lang='grc' dir='ltr'>;Πῶς</span> <span class='ocrx_word' id='word_1_303' title='bbox 1410 3911 1518 3982; x_wconf 83' lang='grc' dir='ltr'><strong>γὰρ</strong></span> <span class='ocrx_word' id='word_1_304' title='bbox 1566 3910 1626 3977; x_wconf 78' lang='grc' dir='ltr'>ἐξ</span> 
     </span>
    </p>
   </div>
   <div class='ocr_carea' id='block_1_40' title="bbox 13 4001 1629 4081">
    <p class='ocr_par' dir='ltr' id='par_1_40' title="bbox 13 4001 1629 4081">
     <span class='ocr_line' id='line_1_40' title="bbox 13 4001 1629 4081; baseline -0.004 -21"><span class='ocrx_word' id='word_1_305' title='bbox 13 4009 317 4081; x_wconf 84' lang='grc' dir='ltr'>τερουσίων</span> <span class='ocrx_word' id='word_1_306' title='bbox 382 4009 490 4061; x_wconf 73' lang='grc' dir='ltr'>καὶ</span> <span class='ocrx_word' id='word_1_307' title='bbox 547 4005 875 4075; x_wconf 78' lang='grc' dir='ltr'>διαφόρων,</span> <span class='ocrx_word' id='word_1_308' title='bbox 923 4003 1052 4074; x_wconf 81' lang='grc' dir='ltr'>μίαν</span> <span class='ocrx_word' id='word_1_309' title='bbox 1115 4003 1216 4072; x_wconf 79' lang='grc' dir='ltr'>τὴν</span> <span class='ocrx_word' id='word_1_310' title='bbox 1265 4001 1428 4072; x_wconf 79' lang='grc' dir='ltr'>φύσιν</span> <span class='ocrx_word' id='word_1_311' title='bbox 1472 4001 1629 4072; x_wconf 76' lang='grc' dir='ltr'>ἡμῶν</span> 
     </span>
    </p>
   </div>
   <div class='ocr_carea' id='block_1_41' title="bbox 10 4093 1630 4174">
    <p class='ocr_par' dir='ltr' id='par_1_41' title="bbox 10 4093 1630 4174">
     <span class='ocr_line' id='line_1_41' title="bbox 10 4093 1630 4174; baseline -0.004 -22"><span class='ocrx_word' id='word_1_312' title='bbox 10 4100 431 4174; x_wconf 78' lang='grc' dir='ltr'>δημιούργησε,</span> <span class='ocrx_word' id='word_1_313' title='bbox 481 4101 592 4153; x_wconf 72' lang='grc' dir='ltr'>καὶ</span> <span class='ocrx_word' id='word_1_314' title='bbox 619 4099 686 4151; x_wconf 78' lang='grc' dir='ltr'>οὐ</span> <span class='ocrx_word' id='word_1_315' title='bbox 711 4096 995 4166; x_wconf 62' lang='grc' dir='ltr'>διαςεύγει</span> <span class='ocrx_word' id='word_1_316' title='bbox 1020 4095 1246 4166; x_wconf 82' lang='grc' dir='ltr'>θάτερον</span> <span class='ocrx_word' id='word_1_317' title='bbox 1277 4093 1506 4165; x_wconf 79' lang='grc' dir='ltr'>θατέρου</span> <span class='ocrx_word' id='word_1_318' title='bbox 1531 4093 1630 4163; x_wconf 82' lang='grc' dir='ltr'>τὴν</span> 
     </span>
    </p>
   </div>
   <div class='ocr_carea' id='block_1_42' title="bbox 6 4187 1632 4262">
    <p class='ocr_par' dir='ltr' id='par_1_42' title="bbox 6 4187 1632 4262">
     <span class='ocr_line' id='line_1_42' title="bbox 6 4187 1632 4262; baseline -0.004 -16"><span class='ocrx_word' id='word_1_319' title='bbox 6 4195 270 4249; x_wconf 35' lang='grc' dir='ltr'>κοινωνίαν</span> <span class='ocrx_word' id='word_1_320' title='bbox 310 4195 414 4249; x_wconf 73' lang='grc' dir='ltr'>καὶ</span> <span class='ocrx_word' id='word_1_321' title='bbox 467 4193 717 4254; x_wconf 73' lang='grc' dir='ltr'>ἕνωσιν,</span> <span class='ocrx_word' id='word_1_322' title='bbox 754 4190 860 4262; x_wconf 81' lang='grc' dir='ltr'><strong>πρὸ</strong></span> <span class='ocrx_word' id='word_1_323' title='bbox 892 4189 1003 4242; x_wconf 89' lang='grc' dir='ltr'><strong>τῶν</strong></span> <span class='ocrx_word' id='word_1_324' title='bbox 1043 4189 1198 4261; x_wconf 80' lang='grc' dir='ltr'><strong>παρά</strong></span> <span class='ocrx_word' id='word_1_325' title='bbox 1243 4187 1336 4241; x_wconf 79' lang='grc' dir='ltr'>σοῦ</span> <span class='ocrx_word' id='word_1_326' title='bbox 1367 4189 1510 4259; x_wconf 84' lang='grc' dir='ltr'>ὅρων</span> <span class='ocrx_word' id='word_1_327' title='bbox 1533 4187 1632 4258; x_wconf 80' lang='grc' dir='ltr'>τῆς</span> 
     </span>
    </p>
   </div>
   <div class='ocr_carea' id='block_1_43' title="bbox 6 4279 1634 4358">
    <p class='ocr_par' dir='ltr' id='par_1_43' title="bbox 6 4279 1634 4358">
     <span class='ocr_line' id='line_1_43' title="bbox 6 4279 1634 4358; baseline -0.004 -19"><span class='ocrx_word' id='word_1_328' title='bbox 6 4289 205 4341; x_wconf 78' lang='grc' dir='ltr'>κάστου</span> <span class='ocrx_word' id='word_1_329' title='bbox 234 4288 397 4358; x_wconf 78' lang='grc' dir='ltr'>ζωῆς</span> <span class='ocrx_word' id='word_1_330' title='bbox 427 4304 443 4317; x_wconf 89' lang='grc'><strong>·</strong></span> <span class='ocrx_word' id='word_1_331' title='bbox 477 4284 615 4339; x_wconf 77' lang='grc' dir='ltr'>ἀλλ’</span> <span class='ocrx_word' id='word_1_332' title='bbox 663 4281 914 4352; x_wconf 77' lang='grc' dir='ltr'>ἀφθόνως</span> <span class='ocrx_word' id='word_1_333' title='bbox 946 4280 1234 4334; x_wconf 79' lang='grc' dir='ltr'>διικνεῖται</span> <span class='ocrx_word' id='word_1_334' title='bbox 1275 4282 1438 4352; x_wconf 87' lang='grc' dir='ltr'>μέχρι</span> <span class='ocrx_word' id='word_1_335' title='bbox 1465 4279 1634 4352; x_wconf 78' lang='grc' dir='ltr'>περά-</span> 
     </span>
    </p>
   </div>
   <div class='ocr_carea' id='block_1_44' title="bbox 5 4372 1634 4450">
    <p class='ocr_par' dir='ltr' id='par_1_44' title="bbox 5 4372 1634 4450">
     <span class='ocr_line' id='line_1_44' title="bbox 5 4372 1634 4450; baseline -0.004 -19"><span class='ocrx_word' id='word_1_336' title='bbox 5 4397 73 4431; x_wconf 86' lang='grc' dir='ltr'><strong>ων</strong></span> <span class='ocrx_word' id='word_1_337' title='bbox 101 4379 182 4450; x_wconf 79' lang='grc' dir='ltr'>τῷ</span> <span class='ocrx_word' id='word_1_338' title='bbox 203 4378 404 4450; x_wconf 69' lang='grc' dir='ltr'>θνητῷ</span> <span class='ocrx_word' id='word_1_339' title='bbox 439 4381 475 4448; x_wconf 81' lang='grc' dir='ltr'>ἡ</span> <span class='ocrx_word' id='word_1_340' title='bbox 516 4375 806 4437; x_wconf 72' lang='grc' dir='ltr'>ἀθάνατος</span> <span class='ocrx_word' id='word_1_341' title='bbox 830 4389 843 4403; x_wconf 79' lang='grc'><strong><em>⁸</em></strong></span> <span class='ocrx_word' id='word_1_342' title='bbox 864 4373 956 4426; x_wconf 68' lang='grc' dir='ltr'>καὶ</span> <span class='ocrx_word' id='word_1_343' title='bbox 987 4372 1148 4424; x_wconf 78' lang='grc' dir='ltr'>πάλιν</span> <span class='ocrx_word' id='word_1_344' title='bbox 1186 4372 1404 4444; x_wconf 73' lang='grc' dir='ltr'>μακρὰν</span> <span class='ocrx_word' id='word_1_345' title='bbox 1424 4373 1634 4444; x_wconf 86' lang='grc' dir='ltr'>χαίρειν</span> 
     </span>
    </p>
   </div>
   <div class='ocr_carea' id='block_1_45' title="bbox 6 4465 1628 4544">
    <p class='ocr_par' dir='ltr' id='par_1_45' title="bbox 6 4465 1628 4544">
     <span class='ocr_line' id='line_1_45' title="bbox 6 4465 1628 4544; baseline -0.003 -20"><span class='ocrx_word' id='word_1_346' title='bbox 6 4473 160 4543; x_wconf 65' lang='grc' dir='ltr'>φίησι</span> <span class='ocrx_word' id='word_1_347' title='bbox 211 4476 288 4544; x_wconf 78' lang='grc' dir='ltr'>τῇ</span> <span class='ocrx_word' id='word_1_348' title='bbox 345 4470 724 4540; x_wconf 70' lang='grc' dir='ltr'>συνημμένη</span> <span class='ocrx_word' id='word_1_349' title='bbox 757 4466 836 4538; x_wconf 78' lang='grc' dir='ltr'>τῷ</span> <span class='ocrx_word' id='word_1_350' title='bbox 891 4466 1144 4536; x_wconf 85' lang='grc' dir='ltr'>σώματι,</span> <span class='ocrx_word' id='word_1_351' title='bbox 1176 4465 1473 4538; x_wconf 78' lang='grc' dir='ltr'>πειθομένη</span> <span class='ocrx_word' id='word_1_352' title='bbox 1531 4466 1628 4536; x_wconf 77' lang='grc' dir='ltr'>τῆς</span> 
     </span>
    </p>
   </div>
   <div class='ocr_carea' id='block_1_46' title="bbox 6 4557 1636 4636">
    <p class='ocr_par' dir='ltr' id='par_1_46' title="bbox 6 4557 1636 4636">
     <span class='ocr_line' id='line_1_46' title="bbox 6 4557 1636 4636; baseline -0.002 -22"><span class='ocrx_word' id='word_1_353' title='bbox 6 4565 313 4630; x_wconf 79' lang='grc' dir='ltr'>,αστάσεως</span> <span class='ocrx_word' id='word_1_354' title='bbox 340 4564 430 4636; x_wconf 74' lang='grc' dir='ltr'>τῷ</span> <span class='ocrx_word' id='word_1_355' title='bbox 452 4561 906 4634; x_wconf 78' lang='grc' dir='ltr'>προστάγματι;</span> <span class='ocrx_word' id='word_1_356' title='bbox 937 4559 1031 4622; x_wconf 87' lang='grc' dir='ltr'>Τίς</span> <span class='ocrx_word' id='word_1_357' title='bbox 1051 4557 1106 4610; x_wconf 78' lang='grc' dir='ltr'>δὲ</span> <span class='ocrx_word' id='word_1_358' title='bbox 1128 4559 1200 4629; x_wconf 85' lang='grc' dir='ltr'>μὴ</span> <span class='ocrx_word' id='word_1_359' title='bbox 1233 4559 1636 4628; x_wconf 78' lang='grc' dir='ltr'>ἐκπλαγήσεται</span> 
     </span>
    </p>
   </div>
   <div class='ocr_carea' id='block_1_47' title="bbox 5 4649 1644 4731">
    <p class='ocr_par' dir='ltr' id='par_1_47' title="bbox 5 4649 1644 4731">
     <span class='ocr_line' id='line_1_47' title="bbox 5 4649 1644 4731; baseline -0.004 -21"><span class='ocrx_word' id='word_1_360' title='bbox 5 4675 24 4710; x_wconf 79' lang='grc' dir='ltr'><strong>ι</strong></span> <span class='ocrx_word' id='word_1_361' title='bbox 45 4659 170 4728; x_wconf 76' lang='grc' dir='ltr'>χοὸς</span> <span class='ocrx_word' id='word_1_362' title='bbox 192 4659 350 4731; x_wconf 80' lang='grc' dir='ltr'>ὀρῶν</span> <span class='ocrx_word' id='word_1_363' title='bbox 375 4653 662 4710; x_wconf 73' lang='grc' dir='ltr'>τοσαῦτα.</span> <span class='ocrx_word' id='word_1_364' title='bbox 689 4653 825 4722; x_wconf 80' lang='grc' dir='ltr'>μέλη</span> <span class='ocrx_word' id='word_1_365' title='bbox 849 4652 943 4704; x_wconf 77' lang='grc' dir='ltr'>καὶ</span> <span class='ocrx_word' id='word_1_366' title='bbox 967 4652 1104 4722; x_wconf 83' lang='grc' dir='ltr'>μέρη</span> <span class='ocrx_word' id='word_1_367' title='bbox 1125 4650 1218 4704; x_wconf 78' lang='grc' dir='ltr'>τοῦ</span> <span class='ocrx_word' id='word_1_368' title='bbox 1242 4649 1514 4721; x_wconf 84' lang='grc' dir='ltr'>σώματος,</span> <span class='ocrx_word' id='word_1_369' title='bbox 1533 4650 1644 4704; x_wconf 83' lang='grc' dir='ltr'>διά-</span> 
     </span>
    </p>
   </div>
   <div class='ocr_carea' id='block_1_48' title="bbox 5 4742 1639 4818">
    <p class='ocr_par' dir='ltr' id='par_1_48' title="bbox 5 4742 1639 4818">
     <span class='ocr_line' id='line_1_48' title="bbox 5 4742 1639 4818; baseline -0.004 -18"><span class='ocrx_word' id='word_1_370' title='bbox 5 4765 100 4818; x_wconf 75' lang='grc' dir='ltr'><strong>ορα</strong></span> <span class='ocrx_word' id='word_1_371' title='bbox 124 4748 274 4802; x_wconf 83' lang='grc' dir='ltr'><strong>ὁστᾶ</strong></span> <span class='ocrx_word' id='word_1_372' title='bbox 303 4747 435 4818; x_wconf 82' lang='grc'>(91)</span> <span class='ocrx_word' id='word_1_373' title='bbox 460 4742 832 4812; x_wconf 80' lang='grc' dir='ltr'>κατάλληλα,</span> <span class='ocrx_word' id='word_1_374' title='bbox 853 4744 1114 4812; x_wconf 74' lang='grc' dir='ltr'>στροφαῖς</span> <span class='ocrx_word' id='word_1_375' title='bbox 1141 4743 1231 4794; x_wconf 81' lang='grc' dir='ltr'>καὶ</span> <span class='ocrx_word' id='word_1_376' title='bbox 1254 4742 1470 4812; x_wconf 84' lang='grc' dir='ltr'>τόρναις</span> <span class='ocrx_word' id='word_1_377' title='bbox 1503 4759 1639 4813; x_wconf 83' lang='grc' dir='ltr'>συμ-</span> 
     </span>
    </p>
   </div>
   <div class='ocr_carea' id='block_1_49' title="bbox 5 4833 1637 4912">
    <p class='ocr_par' dir='ltr' id='par_1_49' title="bbox 5 4833 1637 4912">
     <span class='ocr_line' id='line_1_49' title="bbox 5 4833 1637 4912; baseline -0.002 -20"><span class='ocrx_word' id='word_1_378' title='bbox 5 4842 310 4912; x_wconf 75' lang='grc' dir='ltr'>τϐλημένα,</span> <span class='ocrx_word' id='word_1_379' title='bbox 343 4841 431 4903; x_wconf 82' lang='grc' dir='ltr'>ὡς</span> <span class='ocrx_word' id='word_1_380' title='bbox 461 4835 719 4909; x_wconf 81' lang='grc' dir='ltr'>σαρκῶν</span> <span class='ocrx_word' id='word_1_381' title='bbox 743 4835 1143 4906; x_wconf 84' lang='grc' dir='ltr'>ὑπερείσματα,</span> <span class='ocrx_word' id='word_1_382' title='bbox 1175 4834 1270 4887; x_wconf 59' lang='grc' dir='ltr'><strong>καὶ⁵</strong></span> <span class='ocrx_word' id='word_1_383' title='bbox 1301 4833 1435 4906; x_wconf 60' lang='grc' dir='ltr'>πρὸς</span> <span class='ocrx_word' id='word_1_384' title='bbox 1458 4837 1637 4888; x_wconf 72' lang='grc' dir='ltr'>πᾶσαν</span> 
     </span>
    </p>
   </div>
   <div class='ocr_carea' id='block_1_50' title="bbox 5 4927 1637 5006">
    <p class='ocr_par' dir='ltr' id='par_1_50' title="bbox 5 4927 1637 5006">
     <span class='ocr_line' id='line_1_50' title="bbox 5 4927 1637 5006; baseline -0.001 -23"><span class='ocrx_word' id='word_1_385' title='bbox 5 4931 157 4987; x_wconf 68' lang='grc' dir='ltr'>ἱκολα</span> <span class='ocrx_word' id='word_1_386' title='bbox 186 4935 456 5006; x_wconf 73' lang='grc' dir='ltr'>κίνησιν,</span> <span class='ocrx_word' id='word_1_387' title='bbox 498 4931 673 5001; x_wconf 58' lang='grc' dir='ltr'>ειπερ</span> <span class='ocrx_word' id='word_1_388' title='bbox 704 4927 779 4991; x_wconf 83' lang='grc' dir='ltr'>ὡς</span> <span class='ocrx_word' id='word_1_389' title='bbox 805 4927 909 4980; x_wconf 74' lang='grc' dir='ltr'>ὑπὸ</span> <span class='ocrx_word' id='word_1_390' title='bbox 959 4929 1089 4998; x_wconf 81' lang='grc' dir='ltr'>μιᾶς</span> <span class='ocrx_word' id='word_1_391' title='bbox 1139 4928 1409 4998; x_wconf 81' lang='grc' dir='ltr'>γραμμῆς</span> <span class='ocrx_word' id='word_1_392' title='bbox 1457 4929 1637 4994; x_wconf 79' lang='grc' dir='ltr'>πάσας</span> 
     </span>
    </p>
   </div>
   <div class='ocr_carea' id='block_1_51' title="bbox 5 5019 1634 5092">
    <p class='ocr_par' dir='ltr' id='par_1_51' title="bbox 5 5019 1634 5092">
     <span class='ocr_line' id='line_1_51' title="bbox 5 5019 1634 5092; baseline -0.002 -13"><span class='ocrx_word' id='word_1_393' title='bbox 5 5027 280 5090; x_wconf 75' lang='grc' dir='ltr'>τοσὼζειν</span> <span class='ocrx_word' id='word_1_394' title='bbox 307 5027 422 5089; x_wconf 77' lang='grc' dir='ltr'>τὰς</span> <span class='ocrx_word' id='word_1_395' title='bbox 443 5023 732 5090; x_wconf 77' lang='grc' dir='ltr'>ἀλογίας,</span> <span class='ocrx_word' id='word_1_396' title='bbox 753 5021 887 5091; x_wconf 84' lang='grc' dir='ltr'>μέλη</span> <span class='ocrx_word' id='word_1_397' title='bbox 917 5019 1134 5090; x_wconf 85' lang='grc' dir='ltr'>μέλεσιν</span> <span class='ocrx_word' id='word_1_398' title='bbox 1169 5021 1452 5092; x_wconf 73' lang='grc' dir='ltr'>ἰσόρῤοπα,</span> <span class='ocrx_word' id='word_1_399' title='bbox 1485 5021 1634 5088; x_wconf 79' lang='grc' dir='ltr'>δεξιά</span> 
     </span>
    </p>
   </div>
   <div class='ocr_carea' id='block_1_52' title="bbox 6 5111 1629 5190">
    <p class='ocr_par' dir='ltr' id='par_1_52' title="bbox 6 5111 1629 5190">
     <span class='ocr_line' id='line_1_52' title="bbox 6 5111 1629 5190; baseline 0 -22"><span class='ocrx_word' id='word_1_400' title='bbox 6 5119 71 5190; x_wconf 74' lang='grc' dir='ltr'>εὶρ</span> <span class='ocrx_word' id='word_1_401' title='bbox 103 5119 412 5190; x_wconf 80' lang='grc' dir='ltr'>ίσομὴκης</span> <span class='ocrx_word' id='word_1_402' title='bbox 448 5134 520 5169; x_wconf 85' lang='grc' dir='ltr'><strong>τε</strong></span> <span class='ocrx_word' id='word_1_403' title='bbox 579 5113 737 5184; x_wconf 80' lang='grc' dir='ltr'>λείᾳ,</span> <span class='ocrx_word' id='word_1_404' title='bbox 773 5113 867 5166; x_wconf 77' lang='grc' dir='ltr'>καὶ</span> <span class='ocrx_word' id='word_1_405' title='bbox 905 5111 1166 5176; x_wconf 77' lang='grc' dir='ltr'>δάκτυλος</span> <span class='ocrx_word' id='word_1_406' title='bbox 1218 5112 1468 5184; x_wconf 83' lang='grc' dir='ltr'>δακτύλῳ</span> <span class='ocrx_word' id='word_1_407' title='bbox 1493 5153 1506 5176; x_wconf 88' lang='grc'><strong>,</strong></span> <span class='ocrx_word' id='word_1_408' title='bbox 1536 5119 1629 5168; x_wconf 73' lang='grc' dir='ltr'>καὶ</span> 
     </span>
    </p>
   </div>
   <div class='ocr_carea' id='block_1_53' title="bbox 5 5202 1625 5282">
    <p class='ocr_par' dir='ltr' id='par_1_53' title="bbox 5 5202 1625 5282">
     <span class='ocr_line' id='line_1_53' title="bbox 5 5202 1625 5282; baseline -0.002 -21"><span class='ocrx_word' id='word_1_409' title='bbox 5 5212 150 5281; x_wconf 75' lang='grc' dir='ltr'>,ρσὸς</span> <span class='ocrx_word' id='word_1_410' title='bbox 175 5208 416 5282; x_wconf 80' lang='grc' dir='ltr'>ταρσῷ,</span> <span class='ocrx_word' id='word_1_411' title='bbox 438 5212 554 5261; x_wconf 74' lang='grc' dir='ltr'>καὶ</span> <span class='ocrx_word' id='word_1_412' title='bbox 598 5203 769 5275; x_wconf 79' lang='grc' dir='ltr'>βάσις</span> <span class='ocrx_word' id='word_1_413' title='bbox 799 5203 986 5272; x_wconf 78' lang='grc' dir='ltr'>βάσει,</span> <span class='ocrx_word' id='word_1_414' title='bbox 1006 5204 1098 5256; x_wconf 74' lang='grc' dir='ltr'>καὶ</span> <span class='ocrx_word' id='word_1_415' title='bbox 1127 5202 1196 5256; x_wconf 77' lang='grc' dir='ltr'>τὰ</span> <span class='ocrx_word' id='word_1_416' title='bbox 1219 5203 1342 5256; x_wconf 86' lang='grc' dir='ltr'>καθ’</span> <span class='ocrx_word' id='word_1_417' title='bbox 1374 5205 1625 5262; x_wconf 76' lang='grc' dir='ltr'>ἕκαστον.</span> 
     </span>
    </p>
   </div>
   <div class='ocr_carea' id='block_1_54' title="bbox 1421 387 1876 450">
    <p class='ocr_par' dir='ltr' id='par_1_54' title="bbox 1421 387 1876 450">
     <span class='ocr_line' id='line_1_54' title="bbox 1421 387 1876 450; baseline 0.002 -2"><span class='ocrx_word' id='word_1_418' title='bbox 1421 393 1532 449; x_wconf 81' lang='grc' dir='ltr'><strong>υῙΔ</strong></span> <span class='ocrx_word' id='word_1_419' title='bbox 1539 392 1668 450; x_wconf 85' lang='lat' dir='ltr'><strong>LOG</strong></span> <span class='ocrx_word' id='word_1_420' title='bbox 1677 387 1722 449; x_wconf 77' lang='grc' dir='ltr'><em>υ</em></span> <span class='ocrx_word' id='word_1_421' title='bbox 1734 393 1768 450; x_wconf 83' lang='lat'><strong>5</strong></span> <span class='ocrx_word' id='word_1_422' title='bbox 1795 388 1876 449; x_wconf 84' lang='grc'><strong>111.</strong></span> 
     </span>
    </p>
   </div>
   <div class='ocr_carea' id='block_1_55' title="bbox 3145 390 3285 446">
    <p class='ocr_par' dir='ltr' id='par_1_55' title="bbox 3145 390 3285 446">
     <span class='ocr_line' id='line_1_55' title="bbox 3145 390 3285 446; baseline -0.007 0"><span class='ocrx_word' id='word_1_423' title='bbox 3145 390 3285 446; x_wconf 70' lang='grc'><strong>1051»</strong></span> 
     </span>
    </p>
   </div>
   <div class='ocr_carea' id='block_1_56' title="bbox 1702 508 3281 580">
    <p class='ocr_par' dir='ltr' id='par_1_56' title="bbox 1702 508 3281 580">
     <span class='ocr_line' id='line_1_56' title="bbox 1702 508 3281 580; baseline 0.003 -14"><span class='ocrx_word' id='word_1_424' title='bbox 1702 511 2002 569; x_wconf 76' lang='lat' dir='ltr'><strong>terentibus</strong></span> <span class='ocrx_word' id='word_1_425' title='bbox 2026 509 2080 564; x_wconf 93' lang='lat' dir='ltr'><strong>in</strong></span> <span class='ocrx_word' id='word_1_426' title='bbox 2131 508 2489 580; x_wconf 71' lang='lat' dir='ltr'><strong>fragrantiam</strong></span> <span class='ocrx_word' id='word_1_427' title='bbox 2539 519 2928 579; x_wconf 75' lang='lat' dir='ltr'><strong>commutatur,</strong></span> <span class='ocrx_word' id='word_1_428' title='bbox 2997 509 3052 566; x_wconf 93' lang='lat' dir='ltr'><strong>in</strong></span> <span class='ocrx_word' id='word_1_429' title='bbox 3089 513 3192 568; x_wconf 84' lang='lat' dir='ltr'><strong>li&#39;cu</strong></span> <span class='ocrx_word' id='word_1_430' title='bbox 3221 525 3281 570; x_wconf 74' lang='lat' dir='ltr'><strong>et</strong></span> 
     </span>
    </p>
   </div>
   <div class='ocr_carea' id='block_1_57' title="bbox 1708 603 3280 676">
    <p class='ocr_par' dir='ltr' id='par_1_57' title="bbox 1708 603 3280 676">
     <span class='ocr_line' id='line_1_57' title="bbox 1708 603 3280 676; baseline 0.001 -18"><span class='ocrx_word' id='word_1_431' title='bbox 1708 621 1840 676; x_wconf 78' lang='lat' dir='ltr'><strong>pyro</strong></span> <span class='ocrx_word' id='word_1_432' title='bbox 1867 603 2156 667; x_wconf 91' lang='lat' dir='ltr'><strong>dulcescit,</strong></span> <span class='ocrx_word' id='word_1_433' title='bbox 2185 618 2281 672; x_wconf 91' lang='lat' dir='ltr'><strong>per</strong></span> <span class='ocrx_word' id='word_1_434' title='bbox 2313 603 2477 657; x_wconf 91' lang='lat' dir='ltr'><strong>vitem</strong></span> <span class='ocrx_word' id='word_1_435' title='bbox 2511 604 2564 658; x_wconf 92' lang='lat' dir='ltr'><strong>in</strong></span> <span class='ocrx_word' id='word_1_436' title='bbox 2589 605 2778 660; x_wconf 89' lang='lat' dir='ltr'><strong>vinum</strong></span> <span class='ocrx_word' id='word_1_437' title='bbox 2806 613 2860 658; x_wconf 92' lang='lat' dir='ltr'><strong>et</strong></span> <span class='ocrx_word' id='word_1_438' title='bbox 2907 607 3124 659; x_wconf 85' lang='lat' dir='ltr'><strong>betrum</strong></span> <span class='ocrx_word' id='word_1_439' title='bbox 3157 621 3280 660; x_wconf 89' lang='lat' dir='ltr'><strong>mu-</strong></span> 
     </span>
    </p>
   </div>
   <div class='ocr_carea' id='block_1_58' title="bbox 1707 695 3285 766">
    <p class='ocr_par' dir='ltr' id='par_1_58' title="bbox 1707 695 3285 766">
     <span class='ocr_line' id='line_1_58' title="bbox 1707 695 3285 766; baseline 0.001 -15"><span class='ocrx_word' id='word_1_440' title='bbox 1707 707 1871 758; x_wconf 90' lang='lat' dir='ltr'><strong>tatur,</strong></span> <span class='ocrx_word' id='word_1_441' title='bbox 1909 696 1962 750; x_wconf 91' lang='lat' dir='ltr'><strong>in</strong></span> <span class='ocrx_word' id='word_1_442' title='bbox 1996 711 2161 766; x_wconf 91' lang='lat' dir='ltr'><strong>pomo</strong></span> <span class='ocrx_word' id='word_1_443' title='bbox 2191 695 2451 760; x_wconf 86' lang='lat' dir='ltr'><strong>rubescit,</strong></span> <span class='ocrx_word' id='word_1_444' title='bbox 2473 697 2527 750; x_wconf 92' lang='lat' dir='ltr'><strong>in</strong></span> <span class='ocrx_word' id='word_1_445' title='bbox 2555 696 2667 751; x_wconf 88' lang='lat' dir='ltr'><strong>lilio</strong></span> <span class='ocrx_word' id='word_1_446' title='bbox 2691 697 2940 762; x_wconf 76' lang='lat' dir='ltr'><strong>albescit,</strong></span> <span class='ocrx_word' id='word_1_447' title='bbox 2972 698 3027 752; x_wconf 91' lang='lat' dir='ltr'><strong>in</strong></span> <span class='ocrx_word' id='word_1_448' title='bbox 3056 698 3197 752; x_wconf 90' lang='lat' dir='ltr'><strong>viola</strong></span> <span class='ocrx_word' id='word_1_449' title='bbox 3225 698 3285 753; x_wconf 80' lang='lat' dir='ltr'><strong>fit</strong></span> 
     </span>
    </p>
   </div>
   <div class='ocr_carea' id='block_1_59' title="bbox 1705 783 3280 858">
    <p class='ocr_par' dir='ltr' id='par_1_59' title="bbox 1705 783 3280 858">
     <span class='ocr_line' id='line_1_59' title="bbox 1705 783 3280 858; baseline 0.003 -18"><span class='ocrx_word' id='word_1_450' title='bbox 1705 787 1994 841; x_wconf 65' lang='lat' dir='ltr'><strong>caeruleus.</strong></span> <span class='ocrx_word' id='word_1_451' title='bbox 2048 783 2179 840; x_wconf 87' lang='lat' dir='ltr'><strong>Tale</strong></span> <span class='ocrx_word' id='word_1_452' title='bbox 2209 786 2468 855; x_wconf 80' lang='lat' dir='ltr'><strong>quiddam</strong></span> <span class='ocrx_word' id='word_1_453' title='bbox 2523 795 2580 842; x_wconf 92' lang='lat' dir='ltr'><strong>et</strong></span> <span class='ocrx_word' id='word_1_454' title='bbox 2619 787 2674 840; x_wconf 93' lang='lat' dir='ltr'><strong>in</strong></span> <span class='ocrx_word' id='word_1_455' title='bbox 2727 788 2972 842; x_wconf 86' lang='lat' dir='ltr'><strong>animato</strong></span> <span class='ocrx_word' id='word_1_456' title='bbox 3030 789 3280 858; x_wconf 88' lang='lat' dir='ltr'><strong>corporis</strong></span> 
     </span>
    </p>
   </div>
   <div class='ocr_carea' id='block_1_60' title="bbox 1706 877 3284 944">
    <p class='ocr_par' dir='ltr' id='par_1_60' title="bbox 1706 877 3284 944">
     <span class='ocr_line' id='line_1_60' title="bbox 1706 877 3284 944; baseline 0.003 -11"><span class='ocrx_word' id='word_1_457' title='bbox 1706 880 1870 934; x_wconf 84' lang='lat' dir='ltr'><strong>horto</strong></span> <span class='ocrx_word' id='word_1_458' title='bbox 1909 879 2232 933; x_wconf 73' lang='lat' dir='ltr'><strong>mirabiliter</strong></span> <span class='ocrx_word' id='word_1_459' title='bbox 2289 894 2318 932; x_wconf 87' lang='lat' dir='ltr'><strong>a</strong></span> <span class='ocrx_word' id='word_1_460' title='bbox 2362 886 2561 933; x_wconf 90' lang='lat' dir='ltr'><strong>natura</strong></span> <span class='ocrx_word' id='word_1_461' title='bbox 2605 877 2858 944; x_wconf 71' lang='lat' dir='ltr'><strong>edicitur,</strong></span> <span class='ocrx_word' id='word_1_462' title='bbox 2921 881 3034 936; x_wconf 91' lang='lat' dir='ltr'><strong>imo</strong></span> <span class='ocrx_word' id='word_1_463' title='bbox 3095 897 3284 937; x_wconf 86' lang='lat' dir='ltr'><strong>veroa</strong></span> 
     </span>
    </p>
   </div>
   <div class='ocr_carea' id='block_1_61' title="bbox 1708 966 3283 1040">
    <p class='ocr_par' dir='ltr' id='par_1_61' title="bbox 1708 966 3283 1040">
     <span class='ocr_line' id='line_1_61' title="bbox 1708 966 3283 1040; baseline 0.002 -17"><span class='ocrx_word' id='word_1_464' title='bbox 1708 979 1918 1024; x_wconf 79' lang='lat' dir='ltr'><strong>naturae</strong></span> <span class='ocrx_word' id='word_1_465' title='bbox 1937 968 2187 1022; x_wconf 88' lang='lat' dir='ltr'><strong>Domino.</strong></span> <span class='ocrx_word' id='word_1_466' title='bbox 2225 966 2361 1023; x_wconf 86' lang='lat' dir='ltr'><strong>Ossa</strong></span> <span class='ocrx_word' id='word_1_467' title='bbox 2405 977 2535 1023; x_wconf 90' lang='lat' dir='ltr'><strong>sunt</strong></span> <span class='ocrx_word' id='word_1_468' title='bbox 2560 968 2670 1030; x_wconf 84' lang='lat' dir='ltr'><strong>hic,</strong></span> <span class='ocrx_word' id='word_1_469' title='bbox 2707 970 3080 1040; x_wconf 81' lang='lat' dir='ltr'><strong>cartilagines,</strong></span> <span class='ocrx_word' id='word_1_470' title='bbox 3108 987 3283 1039; x_wconf 66' lang='lat' dir='ltr'><strong>vente,</strong></span> 
     </span>
    </p>
   </div>
   <div class='ocr_carea' id='block_1_62' title="bbox 1709 1058 3276 1129">
    <p class='ocr_par' dir='ltr' id='par_1_62' title="bbox 1709 1058 3276 1129">
     <span class='ocr_line' id='line_1_62' title="bbox 1709 1058 3276 1129; baseline 0.002 -16"><span class='ocrx_word' id='word_1_471' title='bbox 1709 1059 1946 1124; x_wconf 66' lang='lat' dir='ltr'><strong>arteriae,</strong></span> <span class='ocrx_word' id='word_1_472' title='bbox 2011 1058 2186 1121; x_wconf 86' lang='lat' dir='ltr'><strong>nervi,</strong></span> <span class='ocrx_word' id='word_1_473' title='bbox 2243 1058 2523 1129; x_wconf 76' lang='lat' dir='ltr'><strong>ligamina,</strong></span> <span class='ocrx_word' id='word_1_474' title='bbox 2577 1075 2799 1122; x_wconf 89' lang='lat' dir='ltr'><strong>carnes,</strong></span> <span class='ocrx_word' id='word_1_475' title='bbox 2839 1061 3006 1126; x_wconf 87' lang='lat' dir='ltr'><strong>cutis,</strong></span> <span class='ocrx_word' id='word_1_476' title='bbox 3060 1063 3276 1127; x_wconf 82' lang='lat' dir='ltr'><strong>arvina,</strong></span> 
     </span>
    </p>
   </div>
   <div class='ocr_carea' id='block_1_63' title="bbox 1709 1147 3288 1219">
    <p class='ocr_par' dir='ltr' id='par_1_63' title="bbox 1709 1147 3288 1219">
     <span class='ocr_line' id='line_1_63' title="bbox 1709 1147 3288 1219; baseline 0.001 -17"><span class='ocrx_word' id='word_1_477' title='bbox 1709 1150 1828 1219; x_wconf 85' lang='lat' dir='ltr'><strong>pili,</strong></span> <span class='ocrx_word' id='word_1_478' title='bbox 1863 1149 2120 1214; x_wconf 67' lang='lat' dir='ltr'><strong>tonsillae,</strong></span> <span class='ocrx_word' id='word_1_479' title='bbox 2143 1164 2375 1217; x_wconf 80' lang='lat' dir='ltr'><strong>ungues,</strong></span> <span class='ocrx_word' id='word_1_480' title='bbox 2401 1147 2570 1210; x_wconf 91' lang='lat' dir='ltr'><strong>oculi,</strong></span> <span class='ocrx_word' id='word_1_481' title='bbox 2595 1164 2777 1215; x_wconf 88' lang='lat' dir='ltr'><strong>nares,</strong></span> <span class='ocrx_word' id='word_1_482' title='bbox 2805 1163 2990 1214; x_wconf 82' lang='lat' dir='ltr'><strong>aures,</strong></span> <span class='ocrx_word' id='word_1_483' title='bbox 3024 1157 3288 1218; x_wconf 72' lang='lat' dir='ltr'><strong>etpraeter</strong></span> 
     </span>
    </p>
   </div>
   <div class='ocr_carea' id='block_1_64' title="bbox 1713 1238 3290 1310">
    <p class='ocr_par' dir='ltr' id='par_1_64' title="bbox 1713 1238 3290 1310">
     <span class='ocr_line' id='line_1_64' title="bbox 1713 1238 3290 1310; baseline -0.001 -14"><span class='ocrx_word' id='word_1_484' title='bbox 1713 1242 1826 1296; x_wconf 70' lang='lat' dir='ltr'><strong>haec</strong></span> <span class='ocrx_word' id='word_1_485' title='bbox 1855 1238 2069 1295; x_wconf 81' lang='lat' dir='ltr'><strong>inﬁnita</strong></span> <span class='ocrx_word' id='word_1_486' title='bbox 2098 1241 2348 1310; x_wconf 72' lang='lat' dir='ltr'><strong>quaedam</strong></span> <span class='ocrx_word' id='word_1_487' title='bbox 2387 1240 2518 1304; x_wconf 88' lang='lat' dir='ltr'><strong>alia,</strong></span> <span class='ocrx_word' id='word_1_488' title='bbox 2545 1239 2689 1294; x_wconf 89' lang='lat' dir='ltr'><strong>inter</strong></span> <span class='ocrx_word' id='word_1_489' title='bbox 2715 1256 2773 1295; x_wconf 91' lang='lat' dir='ltr'><strong>se</strong></span> <span class='ocrx_word' id='word_1_490' title='bbox 2795 1240 3037 1304; x_wconf 85' lang='lat' dir='ltr'><strong>diversa,</strong></span> <span class='ocrx_word' id='word_1_491' title='bbox 3065 1255 3190 1295; x_wconf 92' lang='lat' dir='ltr'><strong>cum</strong></span> <span class='ocrx_word' id='word_1_492' title='bbox 3217 1241 3290 1296; x_wconf 87' lang='lat' dir='ltr'><strong>sit</strong></span> 
     </span>
    </p>
   </div>
   <div class='ocr_carea' id='block_1_65' title="bbox 1713 1331 3292 1401">
    <p class='ocr_par' dir='ltr' id='par_1_65' title="bbox 1713 1331 3292 1401">
     <span class='ocr_line' id='line_1_65' title="bbox 1713 1331 3292 1401; baseline 0 -15"><span class='ocrx_word' id='word_1_493' title='bbox 1713 1331 1873 1386; x_wconf 89' lang='lat' dir='ltr'><strong>unica</strong></span> <span class='ocrx_word' id='word_1_494' title='bbox 1907 1331 2227 1386; x_wconf 90' lang='lat' dir='ltr'><strong>nutrimenti</strong></span> <span class='ocrx_word' id='word_1_495' title='bbox 2247 1332 2482 1400; x_wconf 82' lang='lat' dir='ltr'><strong>species,</strong></span> <span class='ocrx_word' id='word_1_496' title='bbox 2521 1347 2629 1401; x_wconf 89' lang='lat' dir='ltr'><strong>qua</strong></span> <span class='ocrx_word' id='word_1_497' title='bbox 2667 1335 2846 1388; x_wconf 66' lang='lat' dir='ltr'><strong>on‘nia</strong></span> <span class='ocrx_word' id='word_1_498' title='bbox 2901 1331 3292 1387; x_wconf 85' lang='lat' dir='ltr'><strong>convenienter</strong></span> 
     </span>
    </p>
   </div>
   <div class='ocr_carea' id='block_1_66' title="bbox 1713 1423 3293 1494">
    <p class='ocr_par' dir='ltr' id='par_1_66' title="bbox 1713 1423 3293 1494">
     <span class='ocr_line' id='line_1_66' title="bbox 1713 1423 3293 1494; baseline 0.001 -18"><span class='ocrx_word' id='word_1_499' title='bbox 1713 1439 1812 1494; x_wconf 93' lang='lat' dir='ltr'><strong>pro</strong></span> <span class='ocrx_word' id='word_1_500' title='bbox 1837 1438 1934 1477; x_wconf 89' lang='lat' dir='ltr'><strong>sua</strong></span> <span class='ocrx_word' id='word_1_501' title='bbox 1955 1433 2147 1477; x_wconf 83' lang='lat' dir='ltr'><strong>natura</strong></span> <span class='ocrx_word' id='word_1_502' title='bbox 2168 1424 2505 1488; x_wconf 91' lang='lat' dir='ltr'><strong>nutriuntur,</strong></span> <span class='ocrx_word' id='word_1_503' title='bbox 2531 1423 2600 1476; x_wconf 90' lang='lat' dir='ltr'><strong>ita</strong></span> <span class='ocrx_word' id='word_1_504' title='bbox 2626 1431 2684 1476; x_wconf 91' lang='lat' dir='ltr'><strong>ut</strong></span> <span class='ocrx_word' id='word_1_505' title='bbox 2705 1423 3002 1493; x_wconf 85' lang='lat' dir='ltr'><strong>unicuique</strong></span> <span class='ocrx_word' id='word_1_506' title='bbox 3016 1423 3293 1493; x_wconf 54' lang='lat' dir='ltr'><strong>subjecto.</strong></span> 
     </span>
    </p>
   </div>
   <div class='ocr_carea' id='block_1_67' title="bbox 1713 1514 3287 1586">
    <p class='ocr_par' dir='ltr' id='par_1_67' title="bbox 1713 1514 3287 1586">
     <span class='ocr_line' id='line_1_67' title="bbox 1713 1514 3287 1586; baseline -0.002 -15"><span class='ocrx_word' id='word_1_507' title='bbox 1713 1533 1833 1571; x_wconf 88' lang='lat' dir='ltr'><strong>rum</strong></span> <span class='ocrx_word' id='word_1_508' title='bbox 1860 1515 2124 1586; x_wconf 84' lang='lat' dir='ltr'><strong>applicata</strong></span> <span class='ocrx_word' id='word_1_509' title='bbox 2148 1516 2432 1577; x_wconf 83' lang='lat' dir='ltr'><strong>alimenta,</strong></span> <span class='ocrx_word' id='word_1_510' title='bbox 2461 1514 2514 1568; x_wconf 92' lang='lat' dir='ltr'><strong>in</strong></span> <span class='ocrx_word' id='word_1_511' title='bbox 2543 1515 2930 1583; x_wconf 82' lang='lat' dir='ltr'><strong>ejusnatnram</strong></span> <span class='ocrx_word' id='word_1_512' title='bbox 2979 1525 3287 1580; x_wconf 83' lang='lat' dir='ltr'><strong>mutentur,</strong></span> 
     </span>
    </p>
   </div>
   <div class='ocr_carea' id='block_1_68' title="bbox 1715 1607 3296 1680">
    <p class='ocr_par' dir='ltr' id='par_1_68' title="bbox 1715 1607 3296 1680">
     <span class='ocr_line' id='line_1_68' title="bbox 1715 1607 3296 1680; baseline -0.002 -15"><span class='ocrx_word' id='word_1_513' title='bbox 1715 1609 1780 1666; x_wconf 89' lang='lat' dir='ltr'><strong>ad</strong></span> <span class='ocrx_word' id='word_1_514' title='bbox 1796 1611 1938 1680; x_wconf 85' lang='lat' dir='ltr'><strong>quod</strong></span> <span class='ocrx_word' id='word_1_515' title='bbox 1958 1608 2302 1668; x_wconf 81' lang='lat' dir='ltr'><strong>deferuntur,</strong></span> <span class='ocrx_word' id='word_1_516' title='bbox 2324 1624 2389 1663; x_wconf 89' lang='lat' dir='ltr'><strong>ac</strong></span> <span class='ocrx_word' id='word_1_517' title='bbox 2412 1608 2686 1678; x_wconf 86' lang='lat' dir='ltr'><strong>propriam</strong></span> <span class='ocrx_word' id='word_1_518' title='bbox 2706 1609 2874 1676; x_wconf 85' lang='lat' dir='ltr'><strong>partis</strong></span> <span class='ocrx_word' id='word_1_519' title='bbox 2895 1607 3015 1676; x_wconf 89' lang='lat' dir='ltr'><strong>ejus</strong></span> <span class='ocrx_word' id='word_1_520' title='bbox 3048 1609 3296 1677; x_wconf 89' lang='lat' dir='ltr'><strong>proprie-</strong></span> 
     </span>
    </p>
   </div>
   <div class='ocr_carea' id='block_1_69' title="bbox 1717 1698 3298 1767">
    <p class='ocr_par' dir='ltr' id='par_1_69' title="bbox 1717 1698 3298 1767">
     <span class='ocr_line' id='line_1_69' title="bbox 1717 1698 3298 1767; baseline -0.003 -11"><span class='ocrx_word' id='word_1_521' title='bbox 1717 1709 1880 1756; x_wconf 82' lang='lat' dir='ltr'><strong>tatem</strong></span> <span class='ocrx_word' id='word_1_522' title='bbox 1907 1700 2160 1754; x_wconf 83' lang='lat' dir='ltr'><strong>induant.</strong></span> <span class='ocrx_word' id='word_1_523' title='bbox 2190 1698 2325 1752; x_wconf 79' lang='lat' dir='ltr'><strong>Nam</strong></span> <span class='ocrx_word' id='word_1_524' title='bbox 2351 1700 2393 1752; x_wconf 94' lang='lat' dir='ltr'><strong>si</strong></span> <span class='ocrx_word' id='word_1_525' title='bbox 2424 1699 2489 1752; x_wconf 88' lang='lat' dir='ltr'><strong>ad</strong></span> <span class='ocrx_word' id='word_1_526' title='bbox 2547 1698 2766 1753; x_wconf 84' lang='lat' dir='ltr'><strong>oculqu</strong></span> <span class='ocrx_word' id='word_1_527' title='bbox 2797 1698 3060 1752; x_wconf 87' lang='lat' dir='ltr'><strong>alimonia</strong></span> <span class='ocrx_word' id='word_1_528' title='bbox 3111 1714 3298 1767; x_wconf 86' lang='lat' dir='ltr'><strong>perve-</strong></span> 
     </span>
    </p>
   </div>
   <div class='ocr_carea' id='block_1_70' title="bbox 1719 1790 3291 1864">
    <p class='ocr_par' dir='ltr' id='par_1_70' title="bbox 1719 1790 3291 1864">
     <span class='ocr_line' id='line_1_70' title="bbox 1719 1790 3291 1864; baseline -0.004 -15"><span class='ocrx_word' id='word_1_529' title='bbox 1719 1795 1880 1860; x_wconf 88' lang='lat' dir='ltr'><strong>nerit,</strong></span> <span class='ocrx_word' id='word_1_530' title='bbox 1919 1793 2058 1864; x_wconf 87' lang='lat' dir='ltr'><strong>parti</strong></span> <span class='ocrx_word' id='word_1_531' title='bbox 2091 1793 2335 1848; x_wconf 84' lang='lat' dir='ltr'><strong>cernenti</strong></span> <span class='ocrx_word' id='word_1_532' title='bbox 2389 1791 2551 1846; x_wconf 87' lang='lat' dir='ltr'><strong>mista</strong></span> <span class='ocrx_word' id='word_1_533' title='bbox 2609 1793 2983 1846; x_wconf 86' lang='lat' dir='ltr'><strong>membranam</strong></span> <span class='ocrx_word' id='word_1_534' title='bbox 3031 1791 3178 1845; x_wconf 90' lang='lat' dir='ltr'><strong>oculi</strong></span> <span class='ocrx_word' id='word_1_535' title='bbox 3209 1790 3291 1844; x_wconf 87' lang='lat' dir='ltr'><strong>ri—</strong></span> 
     </span>
    </p>
   </div>
   <div class='ocr_carea' id='block_1_71' title="bbox 1715 1883 3290 1956">
    <p class='ocr_par' dir='ltr' id='par_1_71' title="bbox 1715 1883 3290 1956">
     <span class='ocr_line' id='line_1_71' title="bbox 1715 1883 3290 1956; baseline -0.002 -16"><span class='ocrx_word' id='word_1_536' title='bbox 1715 1896 1827 1956; x_wconf 65' lang='lat' dir='ltr'><strong>gat.</strong></span> <span class='ocrx_word' id='word_1_537' title='bbox 1849 1885 1911 1940; x_wconf 83' lang='lat' dir='ltr'><strong>Et</strong></span> <span class='ocrx_word' id='word_1_538' title='bbox 1934 1886 2157 1941; x_wconf 89' lang='lat' dir='ltr'><strong>auditus</strong></span> <span class='ocrx_word' id='word_1_539' title='bbox 2186 1885 2435 1955; x_wconf 88' lang='lat' dir='ltr'><strong>partibus</strong></span> <span class='ocrx_word' id='word_1_540' title='bbox 2459 1883 2726 1949; x_wconf 81' lang='lat' dir='ltr'><strong>insidens,</strong></span> <span class='ocrx_word' id='word_1_541' title='bbox 2754 1884 3186 1939; x_wconf 86' lang='lat' dir='ltr'><strong>circnmrotatur</strong></span> <span class='ocrx_word' id='word_1_542' title='bbox 3219 1884 3290 1938; x_wconf 79' lang='lat' dir='ltr'><strong>ad</strong></span> 
     </span>
    </p>
   </div>
   <div class='ocr_carea' id='block_1_72' title="bbox 1715 1976 3300 2047">
    <p class='ocr_par' dir='ltr' id='par_1_72' title="bbox 1715 1976 3300 2047">
     <span class='ocr_line' id='line_1_72' title="bbox 1715 1976 3300 2047; baseline -0.004 -13"><span class='ocrx_word' id='word_1_543' title='bbox 1715 1979 1988 2035; x_wconf 89' lang='lat' dir='ltr'><strong>auditum.</strong></span> <span class='ocrx_word' id='word_1_544' title='bbox 2050 1978 2116 2032; x_wconf 80' lang='lat' dir='ltr'><strong>Et</strong></span> <span class='ocrx_word' id='word_1_545' title='bbox 2178 1978 2330 2032; x_wconf 87' lang='lat' dir='ltr'><strong>labra</strong></span> <span class='ocrx_word' id='word_1_546' title='bbox 2394 1977 2739 2042; x_wconf 86' lang='lat' dir='ltr'><strong>humectans,</strong></span> <span class='ocrx_word' id='word_1_547' title='bbox 2797 1977 2960 2032; x_wconf 86' lang='lat' dir='ltr'><strong>veluti</strong></span> <span class='ocrx_word' id='word_1_548' title='bbox 3017 1976 3300 2047; x_wconf 85' lang='lat' dir='ltr'><strong>pelliculas</strong></span> 
     </span>
    </p>
   </div>
   <div class='ocr_carea' id='block_1_73' title="bbox 1715 2067 3302 2144">
    <p class='ocr_par' dir='ltr' id='par_1_73' title="bbox 1715 2067 3302 2144">
     <span class='ocr_line' id='line_1_73' title="bbox 1715 2067 3302 2144; baseline -0.003 -18"><span class='ocrx_word' id='word_1_549' title='bbox 1715 2073 2006 2144; x_wconf 89' lang='lat' dir='ltr'><strong>quasdam,</strong></span> <span class='ocrx_word' id='word_1_550' title='bbox 2033 2087 2139 2126; x_wconf 89' lang='lat' dir='ltr'><strong>non</strong></span> <span class='ocrx_word' id='word_1_551' title='bbox 2172 2071 2303 2126; x_wconf 89' lang='lat' dir='ltr'><strong>sinit</strong></span> <span class='ocrx_word' id='word_1_552' title='bbox 2328 2085 2392 2124; x_wconf 90' lang='lat' dir='ltr'><strong>ea</strong></span> <span class='ocrx_word' id='word_1_553' title='bbox 2423 2069 2620 2124; x_wconf 88' lang='lat' dir='ltr'><strong>siccari</strong></span> <span class='ocrx_word' id='word_1_554' title='bbox 2644 2079 2697 2124; x_wconf 90' lang='lat' dir='ltr'><strong>et</strong></span> <span class='ocrx_word' id='word_1_555' title='bbox 2726 2084 3064 2123; x_wconf 80' lang='lat' dir='ltr'><strong>exarescere.</strong></span> <span class='ocrx_word' id='word_1_556' title='bbox 3092 2067 3148 2122; x_wconf 91' lang='lat' dir='ltr'><strong>lu</strong></span> <span class='ocrx_word' id='word_1_557' title='bbox 3175 2083 3302 2122; x_wconf 84' lang='lat' dir='ltr'><strong>osse</strong></span> 
     </span>
    </p>
   </div>
   <div class='ocr_carea' id='block_1_74' title="bbox 1716 2161 3298 2231">
    <p class='ocr_par' dir='ltr' id='par_1_74' title="bbox 1716 2161 3298 2231">
     <span class='ocr_line' id='line_1_74' title="bbox 1716 2161 3298 2231; baseline -0.007 -7"><span class='ocrx_word' id='word_1_558' title='bbox 1716 2167 1976 2231; x_wconf 87' lang='lat' dir='ltr'><strong>durescit,</strong></span> <span class='ocrx_word' id='word_1_559' title='bbox 2004 2166 2056 2219; x_wconf 92' lang='lat' dir='ltr'><strong>in</strong></span> <span class='ocrx_word' id='word_1_560' title='bbox 2092 2165 2328 2219; x_wconf 87' lang='lat' dir='ltr'><strong>medulla</strong></span> <span class='ocrx_word' id='word_1_561' title='bbox 2357 2163 2649 2218; x_wconf 86' lang='lat' dir='ltr'><strong>mollescit.</strong></span> <span class='ocrx_word' id='word_1_562' title='bbox 2679 2161 2734 2215; x_wconf 91' lang='lat' dir='ltr'><strong>lu</strong></span> <span class='ocrx_word' id='word_1_563' title='bbox 2775 2177 2944 2216; x_wconf 90' lang='lat' dir='ltr'><strong>nervo</strong></span> <span class='ocrx_word' id='word_1_564' title='bbox 2980 2162 3298 2225; x_wconf 86' lang='lat' dir='ltr'><strong>roboratur,</strong></span> 
     </span>
    </p>
   </div>
   <div class='ocr_carea' id='block_1_75' title="bbox 1720 2251 3300 2329">
    <p class='ocr_par' dir='ltr' id='par_1_75' title="bbox 1720 2251 3300 2329">
     <span class='ocr_line' id='line_1_75' title="bbox 1720 2251 3300 2329; baseline -0.006 -15"><span class='ocrx_word' id='word_1_565' title='bbox 1720 2259 1772 2315; x_wconf 91' lang='lat' dir='ltr'><strong>in</strong></span> <span class='ocrx_word' id='word_1_566' title='bbox 1806 2259 2097 2329; x_wconf 79' lang='lat' dir='ltr'><strong>superﬁcie</strong></span> <span class='ocrx_word' id='word_1_567' title='bbox 2133 2273 2240 2310; x_wconf 88' lang='lat' dir='ltr'><strong>una</strong></span> <span class='ocrx_word' id='word_1_568' title='bbox 2271 2255 2603 2315; x_wconf 82' lang='lat' dir='ltr'><strong>extenditur,</strong></span> <span class='ocrx_word' id='word_1_569' title='bbox 2637 2254 2688 2307; x_wconf 93' lang='lat' dir='ltr'><strong>in</strong></span> <span class='ocrx_word' id='word_1_570' title='bbox 2721 2268 2957 2321; x_wconf 79' lang='lat' dir='ltr'><strong>unguem</strong></span> <span class='ocrx_word' id='word_1_571' title='bbox 2988 2251 3210 2314; x_wconf 87' lang='lat' dir='ltr'><strong>desinit,</strong></span> <span class='ocrx_word' id='word_1_572' title='bbox 3243 2251 3300 2305; x_wconf 91' lang='lat' dir='ltr'><strong>in</strong></span> 
     </span>
    </p>
   </div>
   <div class='ocr_carea' id='block_1_76' title="bbox 1716 2344 3305 2420">
    <p class='ocr_par' dir='ltr' id='par_1_76' title="bbox 1716 2344 3305 2420">
     <span class='ocr_line' id='line_1_76' title="bbox 1716 2344 3305 2420; baseline -0.004 -16"><span class='ocrx_word' id='word_1_573' title='bbox 1716 2350 1896 2420; x_wconf 84' lang='lat' dir='ltr'><strong>capilli</strong></span> <span class='ocrx_word' id='word_1_574' title='bbox 1927 2349 2280 2419; x_wconf 75' lang='lat' dir='ltr'><strong>generatione</strong></span> <span class='ocrx_word' id='word_1_575' title='bbox 2315 2363 2411 2416; x_wconf 92' lang='lat' dir='ltr'><strong>per</strong></span> <span class='ocrx_word' id='word_1_576' title='bbox 2455 2347 2714 2400; x_wconf 85' lang='lat' dir='ltr'><strong>humores</strong></span> <span class='ocrx_word' id='word_1_577' title='bbox 2748 2344 3132 2400; x_wconf 79' lang='lat' dir='ltr'><strong>convenientes</strong></span> <span class='ocrx_word' id='word_1_578' title='bbox 3162 2355 3305 2398; x_wconf 80' lang='lat' dir='ltr'><strong>atte-</strong></span> 
     </span>
    </p>
   </div>
   <div class='ocr_carea' id='block_1_77' title="bbox 1720 2435 3308 2508">
    <p class='ocr_par' dir='ltr' id='par_1_77' title="bbox 1720 2435 3308 2508">
     <span class='ocr_line' id='line_1_77' title="bbox 1720 2435 3308 2508; baseline -0.004 -14"><span class='ocrx_word' id='word_1_579' title='bbox 1720 2449 1940 2495; x_wconf 89' lang='lat' dir='ltr'><strong>nnatur.</strong></span> <span class='ocrx_word' id='word_1_580' title='bbox 1997 2439 2075 2493; x_wconf 80' lang='lat' dir='ltr'><strong>Ac</strong></span> <span class='ocrx_word' id='word_1_581' title='bbox 2118 2439 2162 2492; x_wconf 92' lang='lat' dir='ltr'><strong>si</strong></span> <span class='ocrx_word' id='word_1_582' title='bbox 2211 2437 2432 2508; x_wconf 85' lang='lat' dir='ltr'><strong>quidem</strong></span> <span class='ocrx_word' id='word_1_583' title='bbox 2493 2451 2590 2506; x_wconf 87' lang='lat' dir='ltr'><strong>per</strong></span> <span class='ocrx_word' id='word_1_584' title='bbox 2642 2443 2920 2490; x_wconf 81' lang='lat' dir='ltr'><strong>tortuosos</strong></span> <span class='ocrx_word' id='word_1_585' title='bbox 2972 2446 3183 2490; x_wconf 82' lang='lat' dir='ltr'><strong>meatus</strong></span> <span class='ocrx_word' id='word_1_586' title='bbox 3213 2435 3308 2488; x_wconf 84' lang='lat' dir='ltr'><strong>liat</strong></span> 
     </span>
    </p>
   </div>
   <div class='ocr_carea' id='block_1_78' title="bbox 1719 2528 3304 2602">
    <p class='ocr_par' dir='ltr' id='par_1_78' title="bbox 1719 2528 3304 2602">
     <span class='ocr_line' id='line_1_78' title="bbox 1719 2528 3304 2602; baseline -0.003 -15"><span class='ocrx_word' id='word_1_587' title='bbox 1719 2533 2053 2602; x_wconf 77' lang='lat' dir='ltr'><strong>evaporatio.</strong></span> <span class='ocrx_word' id='word_1_588' title='bbox 2091 2531 2386 2600; x_wconf 89' lang='lat' dir='ltr'><strong>crispiores</strong></span> <span class='ocrx_word' id='word_1_589' title='bbox 2421 2530 2840 2600; x_wconf 73' lang='lat' dir='ltr'><strong>implicatosque</strong></span> <span class='ocrx_word' id='word_1_590' title='bbox 2867 2528 3049 2582; x_wconf 87' lang='lat' dir='ltr'><strong>crines</strong></span> <span class='ocrx_word' id='word_1_591' title='bbox 3089 2528 3251 2582; x_wconf 83' lang='lat' dir='ltr'><strong>cﬂicit</strong></span> <span class='ocrx_word' id='word_1_592' title='bbox 3290 2545 3304 2582; x_wconf 89' lang='lat'><strong>:</strong></span> 
     </span>
    </p>
   </div>
   <div class='ocr_carea' id='block_1_79' title="bbox 1721 2620 3308 2694">
    <p class='ocr_par' dir='ltr' id='par_1_79' title="bbox 1721 2620 3308 2694">
     <span class='ocr_line' id='line_1_79' title="bbox 1721 2620 3308 2694; baseline -0.007 -13"><span class='ocrx_word' id='word_1_593' title='bbox 1721 2625 1766 2681; x_wconf 89' lang='lat' dir='ltr'><strong>si</strong></span> <span class='ocrx_word' id='word_1_594' title='bbox 1794 2641 1922 2679; x_wconf 82' lang='lat' dir='ltr'><strong>vero</strong></span> <span class='ocrx_word' id='word_1_595' title='bbox 1962 2641 2057 2694; x_wconf 90' lang='lat' dir='ltr'><strong>per</strong></span> <span class='ocrx_word' id='word_1_596' title='bbox 2101 2634 2278 2677; x_wconf 86' lang='lat' dir='ltr'><strong>rectos</strong></span> <span class='ocrx_word' id='word_1_597' title='bbox 2322 2631 2373 2677; x_wconf 90' lang='lat' dir='ltr'><strong>et</strong></span> <span class='ocrx_word' id='word_1_598' title='bbox 2425 2621 2748 2683; x_wconf 84' lang='lat' dir='ltr'><strong>teneriores,</strong></span> <span class='ocrx_word' id='word_1_599' title='bbox 2801 2620 3080 2690; x_wconf 84' lang='lat' dir='ltr'><strong>simplices</strong></span> <span class='ocrx_word' id='word_1_600' title='bbox 3127 2631 3181 2674; x_wconf 92' lang='lat' dir='ltr'><strong>et</strong></span> <span class='ocrx_word' id='word_1_601' title='bbox 3212 2636 3308 2671; x_wconf 70' lang='lat' dir='ltr'><strong>ex-</strong></span> 
     </span>
    </p>
   </div>
   <div class='ocr_carea' id='block_1_80' title="bbox 1721 2712 3308 2785">
    <p class='ocr_par' dir='ltr' id='par_1_80' title="bbox 1721 2712 3308 2785">
     <span class='ocr_line' id='line_1_80' title="bbox 1721 2712 3308 2785; baseline -0.003 -15"><span class='ocrx_word' id='word_1_602' title='bbox 1721 2725 1900 2771; x_wconf 85' lang='lat' dir='ltr'><strong>tentos</strong></span> <span class='ocrx_word' id='word_1_603' title='bbox 1963 2715 2136 2769; x_wconf 87' lang='lat' dir='ltr'><strong>instar</strong></span> <span class='ocrx_word' id='word_1_604' title='bbox 2181 2715 2276 2779; x_wconf 79' lang='lat' dir='ltr'><strong>ﬁli,</strong></span> <span class='ocrx_word' id='word_1_605' title='bbox 2335 2729 2430 2785; x_wconf 93' lang='lat' dir='ltr'><strong>per</strong></span> <span class='ocrx_word' id='word_1_606' title='bbox 2485 2713 2904 2780; x_wconf 76' lang='lat' dir='ltr'><strong>evaporationes</strong></span> <span class='ocrx_word' id='word_1_607' title='bbox 2972 2712 3026 2766; x_wconf 94' lang='lat' dir='ltr'><strong>in</strong></span> <span class='ocrx_word' id='word_1_608' title='bbox 3078 2712 3308 2781; x_wconf 85' lang='lat' dir='ltr'><strong>capillos</strong></span> 
     </span>
    </p>
   </div>
   <div class='ocr_carea' id='block_1_81' title="bbox 1721 2803 3308 2874">
    <p class='ocr_par' dir='ltr' id='par_1_81' title="bbox 1721 2803 3308 2874">
     <span class='ocr_line' id='line_1_81' title="bbox 1721 2803 3308 2874; baseline -0.005 -10"><span class='ocrx_word' id='word_1_609' title='bbox 1721 2817 2059 2864; x_wconf 90' lang='lat' dir='ltr'><strong>commutato</strong></span> <span class='ocrx_word' id='word_1_610' title='bbox 2116 2807 2210 2860; x_wconf 89' lang='lat' dir='ltr'><strong>illo</strong></span> <span class='ocrx_word' id='word_1_611' title='bbox 2256 2806 2512 2870; x_wconf 89' lang='lat' dir='ltr'><strong>bumore,</strong></span> <span class='ocrx_word' id='word_1_612' title='bbox 2564 2805 2658 2874; x_wconf 92' lang='lat' dir='ltr'><strong>qui</strong></span> <span class='ocrx_word' id='word_1_613' title='bbox 2706 2821 2772 2860; x_wconf 83' lang='lat' dir='ltr'><strong>ex</strong></span> <span class='ocrx_word' id='word_1_614' title='bbox 2819 2805 2958 2860; x_wconf 86' lang='lat' dir='ltr'><strong>cibis</strong></span> <span class='ocrx_word' id='word_1_615' title='bbox 2999 2805 3216 2860; x_wconf 88' lang='lat' dir='ltr'><strong>residet.</strong></span> <span class='ocrx_word' id='word_1_616' title='bbox 3249 2803 3308 2858; x_wconf 88' lang='lat' dir='ltr'><strong>Si</strong></span> 
     </span>
    </p>
   </div>
   <div class='ocr_carea' id='block_1_82' title="bbox 1721 2897 3312 2970">
    <p class='ocr_par' dir='ltr' id='par_1_82' title="bbox 1721 2897 3312 2970">
     <span class='ocr_line' id='line_1_82' title="bbox 1721 2897 3312 2970; baseline -0.005 -13"><span class='ocrx_word' id='word_1_617' title='bbox 1721 2917 1852 2957; x_wconf 82' lang='lat' dir='ltr'><strong>vero</strong></span> <span class='ocrx_word' id='word_1_618' title='bbox 1879 2917 1974 2970; x_wconf 88' lang='lat' dir='ltr'><strong>per</strong></span> <span class='ocrx_word' id='word_1_619' title='bbox 2011 2900 2299 2955; x_wconf 88' lang='lat' dir='ltr'><strong>calidiores</strong></span> <span class='ocrx_word' id='word_1_620' title='bbox 2337 2898 2520 2954; x_wconf 88' lang='lat' dir='ltr'><strong>cordis</strong></span> <span class='ocrx_word' id='word_1_621' title='bbox 2557 2906 2608 2952; x_wconf 89' lang='lat' dir='ltr'><strong>et</strong></span> <span class='ocrx_word' id='word_1_622' title='bbox 2655 2897 2920 2968; x_wconf 85' lang='lat' dir='ltr'><strong>jecinoris</strong></span> <span class='ocrx_word' id='word_1_623' title='bbox 2967 2906 3148 2967; x_wconf 86' lang='lat' dir='ltr'><strong>partes</strong></span> <span class='ocrx_word' id='word_1_624' title='bbox 3184 2913 3312 2950; x_wconf 60' lang='lat' dir='ltr'><strong>cva-o</strong></span> 
     </span>
    </p>
   </div>
   <div class='ocr_carea' id='block_1_83' title="bbox 1723 2989 3309 3066">
    <p class='ocr_par' dir='ltr' id='par_1_83' title="bbox 1723 2989 3309 3066">
     <span class='ocr_line' id='line_1_83' title="bbox 1723 2989 3309 3066; baseline -0.006 -16"><span class='ocrx_word' id='word_1_625' title='bbox 1723 2995 2041 3066; x_wconf 89' lang='lat' dir='ltr'><strong>porationes</strong></span> <span class='ocrx_word' id='word_1_626' title='bbox 2081 2994 2134 3048; x_wconf 92' lang='lat' dir='ltr'><strong>in</strong></span> <span class='ocrx_word' id='word_1_627' title='bbox 2170 3003 2334 3062; x_wconf 89' lang='lat' dir='ltr'><strong>caput</strong></span> <span class='ocrx_word' id='word_1_628' title='bbox 2378 2991 2656 3052; x_wconf 84' lang='lat' dir='ltr'><strong>exhalant,</strong></span> <span class='ocrx_word' id='word_1_629' title='bbox 2687 2989 2966 3045; x_wconf 79' lang='lat' dir='ltr'><strong>calvitium</strong></span> <span class='ocrx_word' id='word_1_630' title='bbox 3007 2989 3124 3043; x_wconf 82' lang='lat' dir='ltr'><strong>ﬁeri</strong></span> <span class='ocrx_word' id='word_1_631' title='bbox 3148 2989 3309 3055; x_wconf 88' lang='lat' dir='ltr'><strong>solet,</strong></span> 
     </span>
    </p>
   </div>
   <div class='ocr_carea' id='block_1_84' title="bbox 1725 3080 3309 3156">
    <p class='ocr_par' dir='ltr' id='par_1_84' title="bbox 1725 3080 3309 3156">
     <span class='ocr_line' id='line_1_84' title="bbox 1725 3080 3309 3156; baseline -0.008 -12"><span class='ocrx_word' id='word_1_632' title='bbox 1725 3089 1796 3144; x_wconf 89' lang='lat' dir='ltr'><strong>ob</strong></span> <span class='ocrx_word' id='word_1_633' title='bbox 1851 3086 2069 3156; x_wconf 81' lang='lat' dir='ltr'><strong>frigoris</strong></span> <span class='ocrx_word' id='word_1_634' title='bbox 2123 3083 2419 3140; x_wconf 76' lang='lat' dir='ltr'><strong>defectum.</strong></span> <span class='ocrx_word' id='word_1_635' title='bbox 2469 3083 2776 3152; x_wconf 87' lang='lat' dir='ltr'><strong>Superante</strong></span> <span class='ocrx_word' id='word_1_636' title='bbox 2823 3096 3063 3150; x_wconf 86' lang='lat' dir='ltr'><strong>namque</strong></span> <span class='ocrx_word' id='word_1_637' title='bbox 3105 3080 3309 3143; x_wconf 76' lang='lat' dir='ltr'><strong>calore,</strong></span> 
     </span>
    </p>
   </div>
   <div class='ocr_carea' id='block_1_85' title="bbox 1723 3173 3312 3234">
    <p class='ocr_par' dir='ltr' id='par_1_85' title="bbox 1723 3173 3312 3234">
     <span class='ocr_line' id='line_1_85' title="bbox 1723 3173 3312 3234; baseline -0.003 -1"><span class='ocrx_word' id='word_1_638' title='bbox 1723 3179 1992 3234; x_wconf 81' lang='lat' dir='ltr'><strong>exsiccari</strong></span> <span class='ocrx_word' id='word_1_639' title='bbox 2033 3187 2254 3234; x_wconf 83' lang='lat' dir='ltr'><strong>constat</strong></span> <span class='ocrx_word' id='word_1_640' title='bbox 2291 3192 2356 3232; x_wconf 90' lang='lat' dir='ltr'><strong>ac</strong></span> <span class='ocrx_word' id='word_1_641' title='bbox 2385 3177 2622 3232; x_wconf 82' lang='lat' dir='ltr'><strong>deﬂuere</strong></span> <span class='ocrx_word' id='word_1_642' title='bbox 2663 3174 2864 3230; x_wconf 85' lang='lat' dir='ltr'><strong>crines.</strong></span> <span class='ocrx_word' id='word_1_643' title='bbox 2899 3173 3192 3229; x_wconf 77' lang='lat' dir='ltr'><strong>Enimvero</strong></span> <span class='ocrx_word' id='word_1_644' title='bbox 3225 3189 3312 3228; x_wconf 83' lang='lat' dir='ltr'><strong>res</strong></span> 
     </span>
    </p>
   </div>
   <div class='ocr_carea' id='block_1_86' title="bbox 1725 3268 3312 3343">
    <p class='ocr_par' dir='ltr' id='par_1_86' title="bbox 1725 3268 3312 3343">
     <span class='ocr_line' id='line_1_86' title="bbox 1725 3268 3312 3343; baseline -0.004 -15"><span class='ocrx_word' id='word_1_645' title='bbox 1725 3283 2034 3343; x_wconf 88' lang='lat' dir='ltr'><strong>opportuna</strong></span> <span class='ocrx_word' id='word_1_646' title='bbox 2067 3281 2119 3326; x_wconf 88' lang='lat' dir='ltr'><strong>et</strong></span> <span class='ocrx_word' id='word_1_647' title='bbox 2146 3272 2353 3334; x_wconf 90' lang='lat' dir='ltr'><strong>suavis,</strong></span> <span class='ocrx_word' id='word_1_648' title='bbox 2379 3283 2432 3327; x_wconf 91' lang='lat' dir='ltr'><strong>et</strong></span> <span class='ocrx_word' id='word_1_649' title='bbox 2473 3271 2835 3326; x_wconf 74' lang='lat' dir='ltr'><strong>admiratione</strong></span> <span class='ocrx_word' id='word_1_650' title='bbox 2867 3269 3027 3335; x_wconf 76' lang='lat' dir='ltr'><strong>digna</strong></span> <span class='ocrx_word' id='word_1_651' title='bbox 3053 3268 3312 3338; x_wconf 87' lang='lat' dir='ltr'><strong>omnique</strong></span> 
     </span>
    </p>
   </div>
   <div class='ocr_carea' id='block_1_87' title="bbox 1725 3360 3309 3436">
    <p class='ocr_par' dir='ltr' id='par_1_87' title="bbox 1725 3360 3309 3436">
     <span class='ocr_line' id='line_1_87' title="bbox 1725 3360 3309 3436; baseline -0.003 -17"><span class='ocrx_word' id='word_1_652' title='bbox 1725 3364 2114 3436; x_wconf 66' lang='lat' dir='ltr'><strong>praedicatione</strong></span> <span class='ocrx_word' id='word_1_653' title='bbox 2144 3363 2332 3428; x_wconf 75' lang='lat' dir='ltr'><strong>fuerit,</strong></span> <span class='ocrx_word' id='word_1_654' title='bbox 2379 3373 2629 3419; x_wconf 90' lang='lat' dir='ltr'><strong>nostrum</strong></span> <span class='ocrx_word' id='word_1_655' title='bbox 2673 3362 2762 3418; x_wconf 92' lang='lat' dir='ltr'><strong>bic</strong></span> <span class='ocrx_word' id='word_1_656' title='bbox 2796 3377 2896 3417; x_wconf 91' lang='lat' dir='ltr'><strong>nos</strong></span> <span class='ocrx_word' id='word_1_657' title='bbox 2931 3360 3222 3415; x_wconf 90' lang='lat' dir='ltr'><strong>Dominum</strong></span> <span class='ocrx_word' id='word_1_658' title='bbox 3255 3370 3309 3414; x_wconf 89' lang='lat' dir='ltr'><strong>ct</strong></span> 
     </span>
    </p>
   </div>
   <div class='ocr_carea' id='block_1_88' title="bbox 1725 3452 3314 3528">
    <p class='ocr_par' dir='ltr' id='par_1_88' title="bbox 1725 3452 3314 3528">
     <span class='ocr_line' id='line_1_88' title="bbox 1725 3452 3314 3528; baseline -0.003 -16"><span class='ocrx_word' id='word_1_659' title='bbox 1725 3458 2148 3528; x_wconf 78' lang='lat' dir='ltr'><strong>gubernatorem</strong></span> <span class='ocrx_word' id='word_1_660' title='bbox 2181 3456 2478 3520; x_wconf 84' lang='lat' dir='ltr'><strong>celebrare,</strong></span> <span class='ocrx_word' id='word_1_661' title='bbox 2511 3470 2575 3509; x_wconf 89' lang='lat' dir='ltr'><strong>ac</strong></span> <span class='ocrx_word' id='word_1_662' title='bbox 2601 3470 2705 3509; x_wconf 88' lang='lat' dir='ltr'><strong>una</strong></span> <span class='ocrx_word' id='word_1_663' title='bbox 2741 3469 2864 3509; x_wconf 91' lang='lat' dir='ltr'><strong>cum</strong></span> <span class='ocrx_word' id='word_1_664' title='bbox 2898 3452 3100 3509; x_wconf 86' lang='lat' dir='ltr'><strong>Davide</strong></span> <span class='ocrx_word' id='word_1_665' title='bbox 3128 3453 3314 3508; x_wconf 89' lang='lat' dir='ltr'><strong>divino</strong></span> 
     </span>
    </p>
   </div>
   <div class='ocr_carea' id='block_1_89' title="bbox 1724 3547 3314 3616">
    <p class='ocr_par' dir='ltr' id='par_1_89' title="bbox 1724 3547 3314 3616">
     <span class='ocr_line' id='line_1_89' title="bbox 1724 3547 3314 3616; baseline -0.003 -14"><span class='ocrx_word' id='word_1_666' title='bbox 1724 3558 1847 3604; x_wconf 77' lang='lat' dir='ltr'><strong>vate</strong></span> <span class='ocrx_word' id='word_1_667' title='bbox 1896 3564 2096 3602; x_wconf 90' lang='lat' dir='ltr'><strong>canere</strong></span> <span class='ocrx_word' id='word_1_668' title='bbox 2138 3567 2152 3603; x_wconf 90' lang='lat'><strong>:</strong></span> <span class='ocrx_word' id='word_1_669' title='bbox 2213 3547 2387 3613; x_wconf 77' lang='lat' dir='ltr'><strong>Quam</strong></span> <span class='ocrx_word' id='word_1_670' title='bbox 2440 3548 2784 3616; x_wconf 81' lang='lat' dir='ltr'><strong>magniﬁcam</strong></span> <span class='ocrx_word' id='word_1_671' title='bbox 2829 3555 2952 3600; x_wconf 78' lang='lat' dir='ltr'><strong>sunt</strong></span> <span class='ocrx_word' id='word_1_672' title='bbox 2991 3561 3148 3615; x_wconf 78' lang='lat' dir='ltr'><strong>Opera</strong></span> <span class='ocrx_word' id='word_1_673' title='bbox 3198 3554 3314 3608; x_wconf 83' lang='lat' dir='ltr'><strong>tua,</strong></span> 
     </span>
    </p>
   </div>
   <div class='ocr_carea' id='block_1_90' title="bbox 1727 3637 3316 3708">
    <p class='ocr_par' dir='ltr' id='par_1_90' title="bbox 1727 3637 3316 3708">
     <span class='ocr_line' id='line_1_90' title="bbox 1727 3637 3316 3708; baseline -0.003 -13"><span class='ocrx_word' id='word_1_674' title='bbox 1727 3641 1984 3695; x_wconf 83' lang='lat' dir='ltr'><strong>Domine!</strong></span> <span class='ocrx_word' id='word_1_675' title='bbox 2012 3651 2202 3694; x_wconf 82' lang='lat' dir='ltr'><strong>cuncta</strong></span> <span class='ocrx_word' id='word_1_676' title='bbox 2242 3640 2510 3708; x_wconf 80' lang='lat' dir='ltr'><strong>sapienter</strong></span> <span class='ocrx_word' id='word_1_677' title='bbox 2554 3639 2728 3703; x_wconf 78' lang='lat' dir='ltr'><strong>fecisti</strong></span> <span class='ocrx_word' id='word_1_678' title='bbox 2762 3639 2828 3693; x_wconf 83' lang='grc'><strong>³⁸.</strong></span> <span class='ocrx_word' id='word_1_679' title='bbox 2867 3637 2998 3705; x_wconf 66' lang='lat' dir='ltr'><strong>Quis</strong></span> <span class='ocrx_word' id='word_1_680' title='bbox 3026 3637 3168 3691; x_wconf 89' lang='lat' dir='ltr'><strong>enim</strong></span> <span class='ocrx_word' id='word_1_681' title='bbox 3196 3653 3316 3705; x_wconf 81' lang='lat' dir='ltr'><strong>pos-</strong></span> 
     </span>
    </p>
   </div>
   <div class='ocr_carea' id='block_1_91' title="bbox 1726 3729 3317 3804">
    <p class='ocr_par' dir='ltr' id='par_1_91' title="bbox 1726 3729 3317 3804">
     <span class='ocr_line' id='line_1_91' title="bbox 1726 3729 3317 3804; baseline -0.003 -16"><span class='ocrx_word' id='word_1_682' title='bbox 1726 3735 1796 3788; x_wconf 80' lang='lat' dir='ltr'><strong>sit</strong></span> <span class='ocrx_word' id='word_1_683' title='bbox 1838 3734 2014 3804; x_wconf 85' lang='lat' dir='ltr'><strong>eloqui</strong></span> <span class='ocrx_word' id='word_1_684' title='bbox 2070 3735 2333 3803; x_wconf 78' lang='lat' dir='ltr'><strong>potentias</strong></span> <span class='ocrx_word' id='word_1_685' title='bbox 2373 3731 2609 3798; x_wconf 85' lang='lat' dir='ltr'><strong>Domini,</strong></span> <span class='ocrx_word' id='word_1_686' title='bbox 2653 3741 2746 3785; x_wconf 86' lang='lat' dir='ltr'><strong>aut</strong></span> <span class='ocrx_word' id='word_1_687' title='bbox 2777 3732 2893 3801; x_wconf 82' lang='lat' dir='ltr'><strong>quis</strong></span> <span class='ocrx_word' id='word_1_688' title='bbox 2931 3729 3199 3784; x_wconf 79' lang='lat' dir='ltr'><strong>enarrabit</strong></span> <span class='ocrx_word' id='word_1_689' title='bbox 3233 3729 3317 3783; x_wconf 68' lang='lat'><strong>&quot;1</strong></span> 
     </span>
    </p>
   </div>
   <div class='ocr_carea' id='block_1_92' title="bbox 1728 3823 3318 3896">
    <p class='ocr_par' dir='ltr' id='par_1_92' title="bbox 1728 3823 3318 3896">
     <span class='ocr_line' id='line_1_92' title="bbox 1728 3823 3318 3896; baseline -0.003 -17"><span class='ocrx_word' id='word_1_690' title='bbox 1728 3826 1862 3893; x_wconf 85' lang='lat' dir='ltr'><strong>Quis</strong></span> <span class='ocrx_word' id='word_1_691' title='bbox 1888 3837 2209 3896; x_wconf 87' lang='lat' dir='ltr'><strong>assequetur</strong></span> <span class='ocrx_word' id='word_1_692' title='bbox 2239 3841 2439 3884; x_wconf 72' lang='lat' dir='ltr'><strong>sermo,</strong></span> <span class='ocrx_word' id='word_1_693' title='bbox 2464 3834 2523 3880; x_wconf 93' lang='lat' dir='ltr'><strong>ut</strong></span> <span class='ocrx_word' id='word_1_694' title='bbox 2554 3826 2669 3880; x_wconf 63' lang='lat' dir='ltr'><strong>haec</strong></span> <span class='ocrx_word' id='word_1_695' title='bbox 2698 3824 3009 3894; x_wconf 81' lang='lat' dir='ltr'><strong>exprimat?</strong></span> <span class='ocrx_word' id='word_1_696' title='bbox 3034 3823 3318 3889; x_wconf 87' lang='lat' dir='ltr'><strong>Quomodo</strong></span> 
     </span>
    </p>
   </div>
   <div class='ocr_carea' id='block_1_93' title="bbox 1729 3915 3318 3990">
    <p class='ocr_par' dir='ltr' id='par_1_93' title="bbox 1729 3915 3318 3990">
     <span class='ocr_line' id='line_1_93' title="bbox 1729 3915 3318 3990; baseline -0.004 -17"><span class='ocrx_word' id='word_1_697' title='bbox 1729 3919 1873 3973; x_wconf 90' lang='lat' dir='ltr'><strong>enim</strong></span> <span class='ocrx_word' id='word_1_698' title='bbox 1901 3935 1964 3973; x_wconf 76' lang='lat' dir='ltr'><strong>ex</strong></span> <span class='ocrx_word' id='word_1_699' title='bbox 1990 3919 2058 3974; x_wconf 82' lang='lat' dir='ltr'><strong>iis</strong></span> <span class='ocrx_word' id='word_1_700' title='bbox 2093 3936 2215 3990; x_wconf 71' lang='lat' dir='ltr'><strong>qua:</strong></span> <span class='ocrx_word' id='word_1_701' title='bbox 2245 3919 2478 3973; x_wconf 68' lang='lat' dir='ltr'><strong>diversae</strong></span> <span class='ocrx_word' id='word_1_702' title='bbox 2508 3917 2832 3973; x_wconf 70' lang='lat' dir='ltr'><strong>substantiae</strong></span> <span class='ocrx_word' id='word_1_703' title='bbox 2856 3925 2983 3970; x_wconf 89' lang='lat' dir='ltr'><strong>sunt</strong></span> <span class='ocrx_word' id='word_1_704' title='bbox 3007 3926 3060 3969; x_wconf 92' lang='lat' dir='ltr'><strong>et</strong></span> <span class='ocrx_word' id='word_1_705' title='bbox 3086 3915 3228 3968; x_wconf 89' lang='lat' dir='ltr'><strong>inter</strong></span> <span class='ocrx_word' id='word_1_706' title='bbox 3258 3929 3318 3968; x_wconf 85' lang='lat' dir='ltr'><strong>se</strong></span> 
     </span>
    </p>
   </div>
   <div class='ocr_carea' id='block_1_94' title="bbox 1729 4005 3320 4074">
    <p class='ocr_par' dir='ltr' id='par_1_94' title="bbox 1729 4005 3320 4074">
     <span class='ocr_line' id='line_1_94' title="bbox 1729 4005 3320 4074; baseline -0.003 -10"><span class='ocrx_word' id='word_1_707' title='bbox 1729 4011 2010 4071; x_wconf 76' lang='lat' dir='ltr'><strong>ditl‘erunt,</strong></span> <span class='ocrx_word' id='word_1_708' title='bbox 2045 4027 2208 4064; x_wconf 89' lang='lat' dir='ltr'><strong>unam</strong></span> <span class='ocrx_word' id='word_1_709' title='bbox 2246 4020 2501 4064; x_wconf 89' lang='lat' dir='ltr'><strong>naturam</strong></span> <span class='ocrx_word' id='word_1_710' title='bbox 2548 4017 2794 4064; x_wconf 88' lang='lat' dir='ltr'><strong>nostram</strong></span> <span class='ocrx_word' id='word_1_711' title='bbox 2835 4005 3110 4071; x_wconf 89' lang='lat' dir='ltr'><strong>condidit;</strong></span> <span class='ocrx_word' id='word_1_712' title='bbox 3141 4019 3320 4074; x_wconf 84' lang='lat' dir='ltr'><strong>neque</strong></span> 
     </span>
    </p>
   </div>
   <div class='ocr_carea' id='block_1_95' title="bbox 1731 4093 3317 4172">
    <p class='ocr_par' dir='ltr' id='par_1_95' title="bbox 1731 4093 3317 4172">
     <span class='ocr_line' id='line_1_95' title="bbox 1731 4093 3317 4172; baseline -0.004 -18"><span class='ocrx_word' id='word_1_713' title='bbox 1731 4101 1932 4172; x_wconf 78' lang='lat' dir='ltr'><strong>refugit</strong></span> <span class='ocrx_word' id='word_1_714' title='bbox 1967 4101 2198 4155; x_wconf 87' lang='lat' dir='ltr'><strong>alterum</strong></span> <span class='ocrx_word' id='word_1_715' title='bbox 2225 4099 2293 4154; x_wconf 89' lang='lat' dir='ltr'><strong>ab</strong></span> <span class='ocrx_word' id='word_1_716' title='bbox 2320 4098 2546 4153; x_wconf 89' lang='lat' dir='ltr'><strong>alterius</strong></span> <span class='ocrx_word' id='word_1_717' title='bbox 2569 4095 2953 4152; x_wconf 88' lang='lat' dir='ltr'><strong>communione</strong></span> <span class='ocrx_word' id='word_1_718' title='bbox 2975 4094 3060 4149; x_wconf 86' lang='lat' dir='ltr'><strong>vel</strong></span> <span class='ocrx_word' id='word_1_719' title='bbox 3093 4093 3317 4159; x_wconf 92' lang='lat' dir='ltr'><strong>unione,</strong></span> 
     </span>
    </p>
   </div>
   <div class='ocr_carea' id='block_1_96' title="bbox 1733 4185 3318 4264">
    <p class='ocr_par' dir='ltr' id='par_1_96' title="bbox 1733 4185 3318 4264">
     <span class='ocr_line' id='line_1_96' title="bbox 1733 4185 3318 4264; baseline -0.005 -16"><span class='ocrx_word' id='word_1_720' title='bbox 1733 4202 1858 4248; x_wconf 87' lang='lat' dir='ltr'><strong>ante</strong></span> <span class='ocrx_word' id='word_1_721' title='bbox 1892 4195 2102 4264; x_wconf 89' lang='lat' dir='ltr'><strong>positos</strong></span> <span class='ocrx_word' id='word_1_722' title='bbox 2132 4209 2160 4246; x_wconf 89' lang='lat' dir='ltr'><strong>a</strong></span> <span class='ocrx_word' id='word_1_723' title='bbox 2196 4202 2246 4246; x_wconf 89' lang='lat' dir='ltr'><strong>te</strong></span> <span class='ocrx_word' id='word_1_724' title='bbox 2285 4193 2582 4261; x_wconf 83' lang='lat' dir='ltr'><strong>unicuique</strong></span> <span class='ocrx_word' id='word_1_725' title='bbox 2614 4191 2740 4244; x_wconf 68' lang='lat' dir='ltr'><strong>vita:</strong></span> <span class='ocrx_word' id='word_1_726' title='bbox 2786 4192 3070 4255; x_wconf 86' lang='lat' dir='ltr'><strong>terminos,</strong></span> <span class='ocrx_word' id='word_1_727' title='bbox 3116 4187 3209 4243; x_wconf 82' lang='lat' dir='ltr'><strong>sed</strong></span> <span class='ocrx_word' id='word_1_728' title='bbox 3250 4185 3318 4241; x_wconf 81' lang='lat' dir='ltr'><strong>ad</strong></span> 
     </span>
    </p>
   </div>
   <div class='ocr_carea' id='block_1_97' title="bbox 1735 4278 3316 4355">
    <p class='ocr_par' dir='ltr' id='par_1_97' title="bbox 1735 4278 3316 4355">
     <span class='ocr_line' id='line_1_97' title="bbox 1735 4278 3316 4355; baseline -0.004 -17"><span class='ocrx_word' id='word_1_729' title='bbox 1735 4287 1894 4340; x_wconf 81' lang='lat' dir='ltr'><strong>tinem</strong></span> <span class='ocrx_word' id='word_1_730' title='bbox 1923 4301 2094 4355; x_wconf 89' lang='lat' dir='ltr'><strong>usque</strong></span> <span class='ocrx_word' id='word_1_731' title='bbox 2133 4293 2325 4338; x_wconf 90' lang='lat' dir='ltr'><strong>natura</strong></span> <span class='ocrx_word' id='word_1_732' title='bbox 2357 4282 2683 4338; x_wconf 87' lang='lat' dir='ltr'><strong>immortalis</strong></span> <span class='ocrx_word' id='word_1_733' title='bbox 2718 4297 2842 4336; x_wconf 92' lang='lat' dir='ltr'><strong>cum</strong></span> <span class='ocrx_word' id='word_1_734' title='bbox 2887 4279 3104 4335; x_wconf 88' lang='lat' dir='ltr'><strong>mortali</strong></span> <span class='ocrx_word' id='word_1_735' title='bbox 3139 4278 3316 4349; x_wconf 81' lang='lat' dir='ltr'><strong>degit;</strong></span> 
     </span>
    </p>
   </div>
   <div class='ocr_carea' id='block_1_98' title="bbox 1735 4371 3318 4448">
    <p class='ocr_par' dir='ltr' id='par_1_98' title="bbox 1735 4371 3318 4448">
     <span class='ocr_line' id='line_1_98' title="bbox 1735 4371 3318 4448; baseline -0.004 -17"><span class='ocrx_word' id='word_1_736' title='bbox 1735 4393 2038 4448; x_wconf 87' lang='lat' dir='ltr'><strong>rursusque</strong></span> <span class='ocrx_word' id='word_1_737' title='bbox 2106 4377 2327 4447; x_wconf 81' lang='lat' dir='ltr'><strong>longum</strong></span> <span class='ocrx_word' id='word_1_738' title='bbox 2381 4375 2636 4429; x_wconf 88' lang='lat' dir='ltr'><strong>valedicit</strong></span> <span class='ocrx_word' id='word_1_739' title='bbox 2700 4375 3008 4443; x_wconf 73' lang='lat' dir='ltr'><strong>conjuncta:</strong></span> <span class='ocrx_word' id='word_1_740' title='bbox 3061 4371 3318 4441; x_wconf 90' lang='lat' dir='ltr'><strong>corpori,</strong></span> 
     </span>
    </p>
   </div>
   <div class='ocr_carea' id='block_1_99' title="bbox 1737 4464 3321 4538">
    <p class='ocr_par' dir='ltr' id='par_1_99' title="bbox 1737 4464 3321 4538">
     <span class='ocr_line' id='line_1_99' title="bbox 1737 4464 3321 4538; baseline -0.001 -21"><span class='ocrx_word' id='word_1_741' title='bbox 1737 4469 1994 4523; x_wconf 84' lang='lat' dir='ltr'><strong>nbcdiens</strong></span> <span class='ocrx_word' id='word_1_742' title='bbox 2036 4469 2264 4538; x_wconf 86' lang='lat' dir='ltr'><strong>imperio</strong></span> <span class='ocrx_word' id='word_1_743' title='bbox 2308 4465 2715 4538; x_wconf 86' lang='lat' dir='ltr'><strong>separationis?</strong></span> <span class='ocrx_word' id='word_1_744' title='bbox 2753 4466 2886 4533; x_wconf 88' lang='lat' dir='ltr'><strong>Quis</strong></span> <span class='ocrx_word' id='word_1_745' title='bbox 2923 4479 3052 4518; x_wconf 87' lang='lat' dir='ltr'><strong>vero</strong></span> <span class='ocrx_word' id='word_1_746' title='bbox 3083 4479 3191 4518; x_wconf 91' lang='lat' dir='ltr'><strong>non</strong></span> <span class='ocrx_word' id='word_1_747' title='bbox 3222 4464 3321 4517; x_wconf 85' lang='lat' dir='ltr'><strong>ob-</strong></span> 
     </span>
    </p>
   </div>
   <div class='ocr_carea' id='block_1_100' title="bbox 1739 4555 3323 4631">
    <p class='ocr_par' dir='ltr' id='par_1_100' title="bbox 1739 4555 3323 4631">
     <span class='ocr_line' id='line_1_100' title="bbox 1739 4555 3323 4631; baseline -0.005 -15"><span class='ocrx_word' id='word_1_748' title='bbox 1739 4569 2040 4631; x_wconf 73' lang='lat' dir='ltr'><strong>stupescat,</strong></span> <span class='ocrx_word' id='word_1_749' title='bbox 2073 4577 2136 4616; x_wconf 78' lang='lat' dir='ltr'><strong>ex</strong></span> <span class='ocrx_word' id='word_1_750' title='bbox 2170 4560 2394 4631; x_wconf 85' lang='lat' dir='ltr'><strong>pulvere</strong></span> <span class='ocrx_word' id='word_1_751' title='bbox 2423 4558 2566 4614; x_wconf 81' lang='lat' dir='ltr'><strong>facta</strong></span> <span class='ocrx_word' id='word_1_752' title='bbox 2601 4559 2789 4613; x_wconf 79' lang='lat' dir='ltr'><strong>videns</strong></span> <span class='ocrx_word' id='word_1_753' title='bbox 2823 4566 2899 4612; x_wconf 86' lang='lat' dir='ltr'><strong>tot</strong></span> <span class='ocrx_word' id='word_1_754' title='bbox 2931 4555 3174 4610; x_wconf 86' lang='lat' dir='ltr'><strong>membra</strong></span> <span class='ocrx_word' id='word_1_755' title='bbox 3197 4571 3323 4625; x_wconf 74' lang='lat' dir='ltr'><strong>par-</strong></span> 
     </span>
    </p>
   </div>
   <div class='ocr_carea' id='block_1_101' title="bbox 1743 4651 3324 4724">
    <p class='ocr_par' dir='ltr' id='par_1_101' title="bbox 1743 4651 3324 4724">
     <span class='ocr_line' id='line_1_101' title="bbox 1743 4651 3324 4724; baseline -0.004 -17"><span class='ocrx_word' id='word_1_756' title='bbox 1743 4662 1935 4724; x_wconf 87' lang='lat' dir='ltr'><strong>tesque</strong></span> <span class='ocrx_word' id='word_1_757' title='bbox 1961 4653 2231 4723; x_wconf 91' lang='lat' dir='ltr'><strong>corporis,</strong></span> <span class='ocrx_word' id='word_1_758' title='bbox 2274 4651 2652 4707; x_wconf 87' lang='lat' dir='ltr'><strong>convenientia</strong></span> <span class='ocrx_word' id='word_1_759' title='bbox 2690 4652 2829 4704; x_wconf 89' lang='lat' dir='ltr'><strong>inter</strong></span> <span class='ocrx_word' id='word_1_760' title='bbox 2871 4665 2928 4704; x_wconf 93' lang='lat' dir='ltr'><strong>se</strong></span> <span class='ocrx_word' id='word_1_761' title='bbox 2967 4663 3114 4713; x_wconf 87' lang='lat' dir='ltr'><strong>ossa,</strong></span> <span class='ocrx_word' id='word_1_762' title='bbox 3151 4655 3324 4700; x_wconf 86' lang='lat' dir='ltr'><strong>verte-</strong></span> 
     </span>
    </p>
   </div>
   <div class='ocr_carea' id='block_1_102' title="bbox 1742 4739 3323 4815">
    <p class='ocr_par' dir='ltr' id='par_1_102' title="bbox 1742 4739 3323 4815">
     <span class='ocr_line' id='line_1_102' title="bbox 1742 4739 3323 4815; baseline -0.006 -15"><span class='ocrx_word' id='word_1_763' title='bbox 1742 4745 1857 4801; x_wconf 84' lang='lat' dir='ltr'><strong>bris</strong></span> <span class='ocrx_word' id='word_1_764' title='bbox 1884 4758 1936 4800; x_wconf 79' lang='lat' dir='ltr'><strong>et</strong></span> <span class='ocrx_word' id='word_1_765' title='bbox 1961 4747 2346 4815; x_wconf 74' lang='lat' dir='ltr'><strong>iuncturarum</strong></span> <span class='ocrx_word' id='word_1_766' title='bbox 2384 4745 2556 4799; x_wconf 89' lang='lat' dir='ltr'><strong>tornis</strong></span> <span class='ocrx_word' id='word_1_767' title='bbox 2587 4745 2730 4798; x_wconf 87' lang='lat' dir='ltr'><strong>inter</strong></span> <span class='ocrx_word' id='word_1_768' title='bbox 2757 4759 2815 4796; x_wconf 92' lang='lat' dir='ltr'><strong>se</strong></span> <span class='ocrx_word' id='word_1_769' title='bbox 2855 4739 3172 4805; x_wconf 83' lang='lat' dir='ltr'><strong>commissa,</strong></span> <span class='ocrx_word' id='word_1_770' title='bbox 3201 4752 3323 4808; x_wconf 74' lang='lat' dir='ltr'><strong>quae</strong></span> 
     </span>
    </p>
   </div>
   <div class='ocr_carea' id='block_1_103' title="bbox 1739 4826 3324 4901">
    <p class='ocr_par' dir='ltr' id='par_1_103' title="bbox 1739 4826 3324 4901">
     <span class='ocr_line' id='line_1_103' title="bbox 1739 4826 3324 4901; baseline -0.004 -14"><span class='ocrx_word' id='word_1_771' title='bbox 1739 4837 1903 4891; x_wconf 77' lang='lat' dir='ltr'><strong>veluti</strong></span> <span class='ocrx_word' id='word_1_772' title='bbox 1958 4839 2204 4891; x_wconf 80' lang='lat' dir='ltr'><strong>carnium</strong></span> <span class='ocrx_word' id='word_1_773' title='bbox 2252 4835 2588 4890; x_wconf 90' lang='lat' dir='ltr'><strong>adminicula</strong></span> <span class='ocrx_word' id='word_1_774' title='bbox 2632 4834 2911 4901; x_wconf 80' lang='lat' dir='ltr'><strong>fulcraque</strong></span> <span class='ocrx_word' id='word_1_775' title='bbox 2959 4838 3106 4895; x_wconf 89' lang='lat' dir='ltr'><strong>sunt,</strong></span> <span class='ocrx_word' id='word_1_776' title='bbox 3160 4839 3214 4883; x_wconf 91' lang='lat' dir='ltr'><strong>et</strong></span> <span class='ocrx_word' id='word_1_777' title='bbox 3255 4826 3324 4880; x_wconf 87' lang='lat' dir='ltr'><strong>ad</strong></span> 
     </span>
    </p>
   </div>
   <div class='ocr_carea' id='block_1_104' title="bbox 1738 4919 3324 4994">
    <p class='ocr_par' dir='ltr' id='par_1_104' title="bbox 1738 4919 3324 4994">
     <span class='ocr_line' id='line_1_104' title="bbox 1738 4919 3324 4994; baseline -0.006 -13"><span class='ocrx_word' id='word_1_778' title='bbox 1738 4944 1954 4982; x_wconf 89' lang='lat' dir='ltr'><strong>omnem</strong></span> <span class='ocrx_word' id='word_1_779' title='bbox 1995 4929 2194 4981; x_wconf 86' lang='lat' dir='ltr'><strong>habilia</strong></span> <span class='ocrx_word' id='word_1_780' title='bbox 2243 4936 2474 4988; x_wconf 89' lang='lat' dir='ltr'><strong>motum,</strong></span> <span class='ocrx_word' id='word_1_781' title='bbox 2508 4927 2776 4994; x_wconf 83' lang='lat' dir='ltr'><strong>quasique</strong></span> <span class='ocrx_word' id='word_1_782' title='bbox 2821 4923 2888 4976; x_wconf 90' lang='lat' dir='ltr'><strong>ad</strong></span> <span class='ocrx_word' id='word_1_783' title='bbox 2919 4936 3081 4975; x_wconf 87' lang='lat' dir='ltr'><strong>unam</strong></span> <span class='ocrx_word' id='word_1_784' title='bbox 3121 4919 3224 4974; x_wconf 86' lang='lat' dir='ltr'><strong>sila</strong></span> <span class='ocrx_word' id='word_1_785' title='bbox 3256 4919 3324 4971; x_wconf 87' lang='lat' dir='ltr'><strong>li-</strong></span> 
     </span>
    </p>
   </div>
   <div class='ocr_carea' id='block_1_105' title="bbox 1738 5013 3327 5090">
    <p class='ocr_par' dir='ltr' id='par_1_105' title="bbox 1738 5013 3327 5090">
     <span class='ocr_line' id='line_1_105' title="bbox 1738 5013 3327 5090; baseline -0.007 -17"><span class='ocrx_word' id='word_1_786' title='bbox 1738 5037 1918 5086; x_wconf 70' lang='lat' dir='ltr'><strong>uvam,</strong></span> <span class='ocrx_word' id='word_1_787' title='bbox 1958 5030 2017 5075; x_wconf 88' lang='grc' dir='ltr'><strong>ιιι</strong></span> <span class='ocrx_word' id='word_1_788' title='bbox 2064 5035 2405 5090; x_wconf 69' lang='lat' dir='ltr'><strong>qztzrcunque</strong></span> <span class='ocrx_word' id='word_1_789' title='bbox 2447 5033 2638 5087; x_wconf 88' lang='lat' dir='ltr'><strong>parum</strong></span> <span class='ocrx_word' id='word_1_790' title='bbox 2691 5025 2816 5069; x_wconf 73' lang='lat' dir='ltr'><strong>sunt</strong></span> <span class='ocrx_word' id='word_1_791' title='bbox 2851 5013 3048 5067; x_wconf 88' lang='lat' dir='ltr'><strong>rationi</strong></span> <span class='ocrx_word' id='word_1_792' title='bbox 3094 5025 3327 5066; x_wconf 89' lang='lat' dir='ltr'><strong>consen-</strong></span> 
     </span>
    </p>
   </div>
   <div class='ocr_carea' id='block_1_106' title="bbox 1740 5107 3326 5178">
    <p class='ocr_par' dir='ltr' id='par_1_106' title="bbox 1740 5107 3326 5178">
     <span class='ocr_line' id='line_1_106' title="bbox 1740 5107 3326 5178; baseline -0.009 -10"><span class='ocrx_word' id='word_1_793' title='bbox 1740 5123 1928 5178; x_wconf 85' lang='lat' dir='ltr'><strong>tanea,</strong></span> <span class='ocrx_word' id='word_1_794' title='bbox 1960 5113 2303 5168; x_wconf 83' lang='lat' dir='ltr'><strong>removeam?</strong></span> <span class='ocrx_word' id='word_1_795' title='bbox 2343 5112 2482 5164; x_wconf 87' lang='lat' dir='ltr'><strong>Sunt</strong></span> <span class='ocrx_word' id='word_1_796' title='bbox 2531 5112 2657 5163; x_wconf 86' lang='lat' dir='ltr'><strong>item</strong></span> <span class='ocrx_word' id='word_1_797' title='bbox 2703 5107 2946 5161; x_wconf 85' lang='lat' dir='ltr'><strong>membra</strong></span> <span class='ocrx_word' id='word_1_798' title='bbox 2993 5120 3118 5159; x_wconf 91' lang='lat' dir='ltr'><strong>cum</strong></span> <span class='ocrx_word' id='word_1_799' title='bbox 3156 5117 3326 5158; x_wconf 83' lang='lat' dir='ltr'><strong>mem-</strong></span> 
     </span>
    </p>
   </div>
   <div class='ocr_carea' id='block_1_107' title="bbox 1738 5197 3324 5274">
    <p class='ocr_par' dir='ltr' id='par_1_107' title="bbox 1738 5197 3324 5274">
     <span class='ocr_line' id='line_1_107' title="bbox 1738 5197 3324 5274; baseline -0.009 -13"><span class='ocrx_word' id='word_1_800' title='bbox 1738 5207 1852 5261; x_wconf 91' lang='lat' dir='ltr'><strong>bris</strong></span> <span class='ocrx_word' id='word_1_801' title='bbox 1907 5208 2052 5260; x_wconf 89' lang='lat' dir='ltr'><strong>velnt</strong></span> <span class='ocrx_word' id='word_1_802' title='bbox 2102 5207 2154 5259; x_wconf 90' lang='lat' dir='ltr'><strong>in</strong></span> <span class='ocrx_word' id='word_1_803' title='bbox 2203 5203 2513 5274; x_wconf 82' lang='lat' dir='ltr'><strong>:equilibrio</strong></span> <span class='ocrx_word' id='word_1_804' title='bbox 2574 5200 2752 5270; x_wconf 87' lang='lat' dir='ltr'><strong>posita</strong></span> <span class='ocrx_word' id='word_1_805' title='bbox 2792 5217 2805 5252; x_wconf 90' lang='lat'><strong>:</strong></span> <span class='ocrx_word' id='word_1_806' title='bbox 2852 5197 3075 5251; x_wconf 82' lang='lat' dir='ltr'><strong>dextera</strong></span> <span class='ocrx_word' id='word_1_807' title='bbox 3129 5207 3324 5248; x_wconf 83' lang='lat' dir='ltr'><strong>manus</strong></span> 
     </span>
    </p>
   </div>
   <div class='ocr_carea' id='block_1_108' title="bbox 15 5291 3324 5374">
    <p class='ocr_par' dir='ltr' id='par_1_108' title="bbox 15 5291 3324 5374">
     <span class='ocr_line' id='line_1_108' title="bbox 15 5291 3324 5374; baseline -0.005 -19"><span class='ocrx_word' id='word_1_808' title='bbox 15 5304 58 5357; x_wconf 88' lang='lat' dir='ltr'><strong>ri</strong></span> <span class='ocrx_word' id='word_1_809' title='bbox 112 5302 514 5374; x_wconf 80' lang='lat' dir='ltr'><strong>longitudine</strong></span> <span class='ocrx_word' id='word_1_810' title='bbox 594 5313 736 5351; x_wconf 90' lang='lat' dir='ltr'><strong>cum</strong></span> <span class='ocrx_word' id='word_1_811' title='bbox 806 5295 961 5360; x_wconf 67' lang='lat' dir='ltr'><strong>laeva,</strong></span> <span class='ocrx_word' id='word_1_812' title='bbox 992 5296 1191 5364; x_wconf 84' lang='lat' dir='ltr'><strong>digitus</strong></span> <span class='ocrx_word' id='word_1_813' title='bbox 1248 5312 1373 5351; x_wconf 91' lang='lat' dir='ltr'><strong>cum</strong></span> <span class='ocrx_word' id='word_1_814' title='bbox 1429 5297 1617 5369; x_wconf 80' lang='lat' dir='ltr'><strong>digito,</strong></span> <span class='ocrx_word' id='word_1_815' title='bbox 1662 5299 1843 5370; x_wconf 86' lang='lat' dir='ltr'><strong>planta</strong></span> <span class='ocrx_word' id='word_1_816' title='bbox 1873 5317 1996 5356; x_wconf 90' lang='lat' dir='ltr'><strong>cum</strong></span> <span class='ocrx_word' id='word_1_817' title='bbox 2039 5299 2242 5370; x_wconf 83' lang='lat' dir='ltr'><strong>planta,</strong></span> <span class='ocrx_word' id='word_1_818' title='bbox 2282 5313 2377 5368; x_wconf 83' lang='lat' dir='ltr'><strong>pes</strong></span> <span class='ocrx_word' id='word_1_819' title='bbox 2414 5311 2538 5352; x_wconf 89' lang='lat' dir='ltr'><strong>cum</strong></span> <span class='ocrx_word' id='word_1_820' title='bbox 2574 5294 2728 5365; x_wconf 90' lang='lat' dir='ltr'><strong>pede,</strong></span> <span class='ocrx_word' id='word_1_821' title='bbox 2767 5291 3062 5360; x_wconf 78' lang='lat' dir='ltr'><strong>itidemque</strong></span> <span class='ocrx_word' id='word_1_822' title='bbox 3101 5302 3324 5356; x_wconf 88' lang='lat' dir='ltr'><strong>compa-</strong></span> 
     </span>
    </p>
   </div>
   <div class='ocr_carea' id='block_1_109' title="bbox 5 5388 715 5459">
    <p class='ocr_par' dir='ltr' id='par_1_109' title="bbox 5 5388 715 5459">
     <span class='ocr_line' id='line_1_109' title="bbox 5 5388 715 5459; baseline -0.013 -11"><span class='ocrx_word' id='word_1_823' title='bbox 5 5406 54 5450; x_wconf 86' lang='lat' dir='ltr'><strong>ta</strong></span> <span class='ocrx_word' id='word_1_824' title='bbox 91 5405 232 5451; x_wconf 89' lang='lat' dir='ltr'><strong>sunt</strong></span> <span class='ocrx_word' id='word_1_825' title='bbox 265 5396 390 5449; x_wconf 88' lang='lat' dir='ltr'><strong>alia</strong></span> <span class='ocrx_word' id='word_1_826' title='bbox 428 5388 715 5459; x_wconf 80' lang='lat' dir='ltr'><strong>singula.</strong></span> 
     </span>
    </p>
   </div>
   <div class='ocr_carea' id='block_1_110' title="bbox 19 5480 1636 5556">
    <p class='ocr_par' dir='ltr' id='par_1_110' title="bbox 19 5480 1636 5556">
     <span class='ocr_line' id='line_1_110' title="bbox 19 5480 1636 5556; baseline -0.002 -16"><span class='ocrx_word' id='word_1_827' title='bbox 19 5487 176 5540; x_wconf 81' lang='grc' dir='ltr'>Ἀλλ’</span> <span class='ocrx_word' id='word_1_828' title='bbox 211 5487 487 5548; x_wconf 78' lang='grc' dir='ltr'>εἰκότως</span> <span class='ocrx_word' id='word_1_829' title='bbox 521 5482 639 5535; x_wconf 72' lang='grc' dir='ltr'><strong>ἐπὶ</strong></span> <span class='ocrx_word' id='word_1_830' title='bbox 676 5481 777 5551; x_wconf 67' lang='grc' dir='ltr'>τὴν</span> <span class='ocrx_word' id='word_1_831' title='bbox 809 5480 1054 5553; x_wconf 76' lang='grc' dir='ltr'>κορυφὴν</span> <span class='ocrx_word' id='word_1_832' title='bbox 1079 5482 1178 5552; x_wconf 86' lang='grc' dir='ltr'>τῆς</span> <span class='ocrx_word' id='word_1_833' title='bbox 1204 5482 1351 5551; x_wconf 64' lang='grc' dir='ltr'>σφῶν</span> <span class='ocrx_word' id='word_1_834' title='bbox 1375 5483 1636 5556; x_wconf 76' lang='grc' dir='ltr'>δημιουρ-</span> 
     </span>
    </p>
   </div>
   <div class='ocr_carea' id='block_1_111' title="bbox 5 5571 1636 5654">
    <p class='ocr_par' dir='ltr' id='par_1_111' title="bbox 5 5571 1636 5654">
     <span class='ocr_line' id='line_1_111' title="bbox 5 5571 1636 5654; baseline -0.005 -18"><span class='ocrx_word' id='word_1_835' title='bbox 5 5598 59 5646; x_wconf 76' lang='grc' dir='ltr'><strong>ις</strong></span> <span class='ocrx_word' id='word_1_836' title='bbox 97 5582 185 5654; x_wconf 83' lang='grc' dir='ltr'>τῷ</span> <span class='ocrx_word' id='word_1_837' title='bbox 222 5581 397 5650; x_wconf 83' lang='grc' dir='ltr'>λόγῳ</span> <span class='ocrx_word' id='word_1_838' title='bbox 441 5571 928 5646; x_wconf 76' lang='grc' dir='ltr'>ἁναδράμωμεν,</span> <span class='ocrx_word' id='word_1_839' title='bbox 965 5573 1175 5627; x_wconf 82' lang='grc' dir='ltr'>ἐκεῖθεν</span> <span class='ocrx_word' id='word_1_840' title='bbox 1221 5575 1314 5628; x_wconf 71' lang='grc' dir='ltr'><strong>ἐπὶ</strong></span> <span class='ocrx_word' id='word_1_841' title='bbox 1351 5575 1451 5640; x_wconf 78' lang='grc' dir='ltr'><strong>τὰς</strong></span> <span class='ocrx_word' id='word_1_842' title='bbox 1502 5577 1636 5648; x_wconf 85' lang='grc' dir='ltr'>πρό-</span> 
     </span>
    </p>
   </div>
   <div class='ocr_carea' id='block_1_112' title="bbox 5 5664 1637 5738">
    <p class='ocr_par' dir='ltr' id='par_1_112' title="bbox 5 5664 1637 5738">
     <span class='ocr_line' id='line_1_112' title="bbox 5 5664 1637 5738; baseline -0.005 -11"><span class='ocrx_word' id='word_1_843' title='bbox 5 5673 107 5738; x_wconf 82' lang='grc' dir='ltr'><strong>δας</strong></span> <span class='ocrx_word' id='word_1_844' title='bbox 161 5673 272 5727; x_wconf 69' lang='grc' dir='ltr'>καὶ</span> <span class='ocrx_word' id='word_1_845' title='bbox 316 5672 398 5724; x_wconf 75' lang='grc' dir='ltr'><strong>τὰ</strong></span> <span class='ocrx_word' id='word_1_846' title='bbox 444 5666 688 5722; x_wconf 77' lang='grc' dir='ltr'>πέδιλα.</span> <span class='ocrx_word' id='word_1_847' title='bbox 737 5664 1029 5733; x_wconf 82' lang='grc' dir='ltr'>φοιτῶντες</span> <span class='ocrx_word' id='word_1_848' title='bbox 1055 5683 1068 5696; x_wconf 70' lang='grc' dir='ltr'><strong>ο</strong></span> <span class='ocrx_word' id='word_1_849' title='bbox 1108 5667 1308 5738; x_wconf 84' lang='grc' dir='ltr'>μᾶλλον</span> <span class='ocrx_word' id='word_1_850' title='bbox 1355 5668 1413 5722; x_wconf 83' lang='grc' dir='ltr'>δὲ</span> <span class='ocrx_word' id='word_1_851' title='bbox 1450 5668 1543 5722; x_wconf 78' lang='grc' dir='ltr'>καὶ</span> <span class='ocrx_word' id='word_1_852' title='bbox 1577 5665 1637 5732; x_wconf 77' lang='grc' dir='ltr'>ἐξ</span> 
     </span>
    </p>
   </div>
   <div class='ocr_carea' id='block_1_113' title="bbox 5 5745 1076 5820">
    <p class='ocr_par' dir='ltr' id='par_1_113' title="bbox 5 5745 1076 5820">
     <span class='ocr_line' id='line_1_113' title="bbox 5 5745 1076 5820; baseline 0.014 -31"><span class='ocrx_word' id='word_1_853' title='bbox 5 5758 49 5790; x_wconf 78' lang='grc' dir='ltr'><strong>ιο</strong></span> <span class='ocrx_word' id='word_1_854' title='bbox 91 5758 257 5813; x_wconf 54' lang='grc' dir='ltr'>ρεει.</span> <span class='ocrx_word' id='word_1_855' title='bbox 297 5771 444 5820; x_wconf 63' lang='lat' dir='ltr'><strong>cm,</strong></span> <span class='ocrx_word' id='word_1_856' title='bbox 482 5748 700 5820; x_wconf 16' lang='lat'><strong>24.7”</strong></span> <span class='ocrx_word' id='word_1_857' title='bbox 722 5745 868 5820; x_wconf 76' lang='lat' dir='ltr'><strong>Psal.</strong></span> <span class='ocrx_word' id='word_1_858' title='bbox 904 5763 990 5813; x_wconf 83' lang='lat' dir='ltr'><strong>CV,</strong></span> <span class='ocrx_word' id='word_1_859' title='bbox 1022 5750 1076 5805; x_wconf 71' lang='grc'>2.</span> 
     </span>
    </p>
   </div>
   <div class='ocr_carea' id='block_1_114' title="bbox 1812 5471 3325 5550">
    <p class='ocr_par' dir='ltr' id='par_1_114' title="bbox 1812 5471 3325 5550">
     <span class='ocr_line' id='line_1_114' title="bbox 1812 5471 3325 5550; baseline -0.01 -13"><span class='ocrx_word' id='word_1_860' title='bbox 1812 5481 1914 5536; x_wconf 87' lang='lat' dir='ltr'><strong>Sed</strong></span> <span class='ocrx_word' id='word_1_861' title='bbox 1965 5489 2049 5536; x_wconf 89' lang='lat' dir='ltr'><strong>est</strong></span> <span class='ocrx_word' id='word_1_862' title='bbox 2095 5494 2274 5550; x_wconf 74' lang='lat' dir='ltr'><strong>operat</strong></span> <span class='ocrx_word' id='word_1_863' title='bbox 2321 5477 2552 5548; x_wconf 89' lang='lat' dir='ltr'><strong>pretiutn</strong></span> <span class='ocrx_word' id='word_1_864' title='bbox 2600 5483 2659 5528; x_wconf 91' lang='lat' dir='ltr'><strong>ut</strong></span> <span class='ocrx_word' id='word_1_865' title='bbox 2698 5471 2765 5527; x_wconf 87' lang='lat' dir='ltr'><strong>ad</strong></span> <span class='ocrx_word' id='word_1_866' title='bbox 2815 5471 3070 5525; x_wconf 78' lang='lat' dir='ltr'><strong>verticem</strong></span> <span class='ocrx_word' id='word_1_867' title='bbox 3124 5475 3325 5522; x_wconf 70' lang='lat' dir='ltr'><strong>nostra:</strong></span> 
     </span>
    </p>
   </div>
   <div class='ocr_carea' id='block_1_115' title="bbox 1737 5559 3324 5629">
    <p class='ocr_par' dir='ltr' id='par_1_115' title="bbox 1737 5559 3324 5629">
     <span class='ocr_line' id='line_1_115' title="bbox 1737 5559 3324 5629; baseline -0.011 0"><span class='ocrx_word' id='word_1_868' title='bbox 1737 5573 2032 5629; x_wconf 87' lang='lat' dir='ltr'><strong>creationis</strong></span> <span class='ocrx_word' id='word_1_869' title='bbox 2071 5572 2322 5627; x_wconf 79' lang='lat' dir='ltr'><strong>oratione</strong></span> <span class='ocrx_word' id='word_1_870' title='bbox 2371 5581 2742 5629; x_wconf 89' lang='lat' dir='ltr'><strong>recurramus,</strong></span> <span class='ocrx_word' id='word_1_871' title='bbox 2792 5562 2922 5617; x_wconf 90' lang='lat' dir='ltr'><strong>inde</strong></span> <span class='ocrx_word' id='word_1_872' title='bbox 2962 5560 3028 5615; x_wconf 86' lang='lat' dir='ltr'><strong>ad</strong></span> <span class='ocrx_word' id='word_1_873' title='bbox 3075 5559 3237 5628; x_wconf 86' lang='lat' dir='ltr'><strong>pedes</strong></span> <span class='ocrx_word' id='word_1_874' title='bbox 3269 5566 3324 5611; x_wconf 91' lang='lat' dir='ltr'><strong>et</strong></span> 
     </span>
    </p>
   </div>
   <div class='ocr_carea' id='block_1_116' title="bbox 1740 5647 3316 5726">
    <p class='ocr_par' dir='ltr' id='par_1_116' title="bbox 1740 5647 3316 5726">
     <span class='ocr_line' id='line_1_116' title="bbox 1740 5647 3316 5726; baseline -0.014 -8"><span class='ocrx_word' id='word_1_875' title='bbox 1740 5664 1929 5719; x_wconf 87' lang='lat' dir='ltr'><strong>talaria</strong></span> <span class='ocrx_word' id='word_1_876' title='bbox 1960 5663 2329 5719; x_wconf 87' lang='lat' dir='ltr'><strong>devenientcs.</strong></span> <span class='ocrx_word' id='word_1_877' title='bbox 2353 5659 2497 5726; x_wconf 86' lang='lat' dir='ltr'><strong>Ouin</strong></span> <span class='ocrx_word' id='word_1_878' title='bbox 2516 5657 2585 5711; x_wconf 82' lang='lat' dir='ltr'><strong>ab</strong></span> <span class='ocrx_word' id='word_1_879' title='bbox 2612 5657 2728 5726; x_wconf 90' lang='lat' dir='ltr'><strong>ipsa</strong></span> <span class='ocrx_word' id='word_1_880' title='bbox 2752 5652 2888 5724; x_wconf 86' lang='lat' dir='ltr'><strong>jam,</strong></span> <span class='ocrx_word' id='word_1_881' title='bbox 2922 5650 2968 5705; x_wconf 80' lang='lat' dir='ltr'><strong>si</strong></span> <span class='ocrx_word' id='word_1_882' title='bbox 2995 5647 3110 5702; x_wconf 85' lang='lat' dir='ltr'><strong>lieri</strong></span> <span class='ocrx_word' id='word_1_883' title='bbox 3134 5653 3316 5716; x_wconf 70' lang='lat' dir='ltr'><strong>queat,</strong></span> 
     </span>
    </p>
   </div>
   <div class='ocr_carea' id='block_1_117' title="bbox 5 5791 3316 5896">
    <p class='ocr_par' dir='ltr' id='par_1_117' title="bbox 5 5791 3316 5896">
     <span class='ocr_line' id='line_1_117' title="bbox 5 5791 3316 5896; baseline -0.009 -13"><span class='ocrx_word' id='word_1_884' title='bbox 5 5791 117 5896; x_wconf 45' lang='lat'><strong>(91‘)</strong></span> <span class='ocrx_word' id='word_1_885' title='bbox 139 5791 747 5896; x_wconf 44' lang='grc' dir='ltr'><strong>δτὸσιῖἔ</strong></span> <span class='ocrx_word' id='word_1_886' title='bbox 767 5791 999 5875; x_wconf 54' lang='lat' dir='ltr'><strong>ii;ch</strong></span> <span class='ocrx_word' id='word_1_887' title='bbox 1026 5791 1151 5891; x_wconf 49' lang='lat' dir='ltr'><strong>7.1.x</strong></span> <span class='ocrx_word' id='word_1_888' title='bbox 1184 5827 1490 5890; x_wconf 86' lang='lat' dir='ltr'><strong>sequuntur</strong></span> <span class='ocrx_word' id='word_1_889' title='bbox 1517 5817 1890 5888; x_wconf 88' lang='lat' dir='ltr'><strong>dcsumpsisse</strong></span> <span class='ocrx_word' id='word_1_890' title='bbox 1922 5815 2219 5872; x_wconf 75' lang='lat' dir='ltr'><strong>Caesarium</strong></span> <span class='ocrx_word' id='word_1_891' title='bbox 2250 5829 2315 5870; x_wconf 82' lang='lat' dir='ltr'><strong>ex</strong></span> <span class='ocrx_word' id='word_1_892' title='bbox 2350 5811 2613 5883; x_wconf 82' lang='lat' dir='ltr'><strong>Recognit.</strong></span> <span class='ocrx_word' id='word_1_893' title='bbox 2645 5809 2737 5864; x_wconf 89' lang='lat' dir='ltr'><strong>lib.</strong></span> <span class='ocrx_word' id='word_1_894' title='bbox 2759 5823 2878 5876; x_wconf 81' lang='grc' dir='ltr'>νιιι,</span> <span class='ocrx_word' id='word_1_895' title='bbox 2915 5819 3035 5876; x_wconf 87' lang='lat' dir='ltr'><strong>cap.</strong></span> <span class='ocrx_word' id='word_1_896' title='bbox 3055 5803 3144 5868; x_wconf 60' lang='grc' dir='ltr'>το,</span> <span class='ocrx_word' id='word_1_897' title='bbox 3169 5791 3316 5854; x_wconf 69' lang='lat' dir='ltr'><strong>baud</strong></span> 
     </span>
    </p>
   </div>
   <div class='ocr_carea' id='block_1_118' title="bbox 6 5890 767 5958">
    <p class='ocr_par' dir='ltr' id='par_1_118' title="bbox 6 5890 767 5958">
     <span class='ocr_line' id='line_1_118' title="bbox 6 5890 767 5958; baseline -0.018 -1"><span class='ocrx_word' id='word_1_898' title='bbox 6 5890 153 5958; x_wconf 80' lang='lat' dir='ltr'><strong>bitat</strong></span> <span class='ocrx_word' id='word_1_899' title='bbox 210 5893 590 5956; x_wconf 76' lang='lat' dir='ltr'><strong>Cutclerius</strong></span> <span class='ocrx_word' id='word_1_900' title='bbox 636 5890 683 5944; x_wconf 91' lang='lat' dir='ltr'><strong>l.</strong></span> <span class='ocrx_word' id='word_1_901' title='bbox 719 5905 767 5944; x_wconf 90' lang='lat' dir='ltr'><strong>c.</strong></span> 
     </span>
    </p>
   </div>
  </div>
