3874 6512
571 414 711 475 1059

546 536 697 592 ‘dam
728 530 1058 602 mitigantes.
1110 521 1312 579 Eadem
1356 535 1481 576 cum
1543 520 1651 575 sint
1685 531 1945 590 tanquam
1975 533 2005 571 a
2056 532 2150 573 ca-

568 624 811 683 lentibus
839 630 1098 690 usurpata
1123 615 1411 671 oculorum
1441 612 1710 666 velamina
1744 611 2040 666 deﬂectunt
2066 610 2153 663 iu-

572 713 953 788 temperantiae
982 710 1334 779 lasciviaeque
1360 716 1614 768 mortem,
1648 705 1715 759 de
1750 718 1855 774 qua
1886 702 2153 758 Jeremias

574 812 716 866 inter
751 807 969 863 divinos
1002 814 1154 858 vates
1204 801 1371 855 multa
1417 798 1658 868 pericula
1694 809 1987 867 perpessus
2017 808 2152 848 con-

572 910 818 963 testans.
876 899 989 954 ait:
1030 893 1284 950 Ascendit
1316 909 1410 964 per
1446 892 1705 962 fenestras
1762 904 1904 943 mors
1928 889 1997 940 ".
2034 885 2152 940 Non

573 996 720 1050 enim
752 991 917 1046 mndo
943 1003 1146 1058 corpus
1179 984 1468 1050 intactum,
1498 983 1593 1036 sed
1620 990 1677 1035 et
1701 980 1987 1036 oculorum
2018 976 2155 1033 radii

577 1084 833 1141 servandi
860 1091 989 1137 sunt
1036 1077 1360 1146 incorrupti,
1397 1090 1575 1144 neque
1629 1073 1764 1143 ipsis
1825 1073 1939 1128 ullo
1991 1071 2156 1126 modo

575 1175 1031 1249 permittendum,
1061 1181 1122 1226 ut
1161 1171 1504 1241 impudenter
1535 1168 1768 1232 irruant,
1796 1174 1850 1220 et
1885 1166 1938 1219 in
1967 1164 2159 1220 alienae

574 1267 1004 1341 pulchritudinis
1038 1263 1254 1319 formas
1281 1263 1542 1326 involent,
1602 1274 1674 1314 ne
1720 1259 1791 1314 ab
1828 1268 2050 1328 aspectu
2088 1257 2159 1312 ad

576 1363 757 1432 ipsum
787 1370 971 1414 actum
1003 1372 1250 1412 ruamus.
1278 1352 1415 1409 Nam
1446 1354 1752 1408 secundum
1790 1350 2005 1407 Domini
2042 1365 2159 1403 sero

552 1468 838 1516 .monem,
872 1450 977 1518 Qui
1016 1449 1301 1518 inspexerit
1342 1445 1616 1500 mulierem
1663 1443 1733 1497 ad
1786 1444 2162 1513 concupiscen-

574 1544 705 1599 dum
728 1559 866 1603 eam,
897 1541 1018 1611 jam
1072 1538 1396 1592 adulterium
1433 1552 1555 1589 cum
1616 1536 1736 1606 ipsa
1791 1535 2054 1588 commisit
2103 1534 2160 1586 in

572 1638 734 1691 corde
764 1651 859 1690 suo
877 1634 944 1687 “.
973 1631 1323 1702 Quapropter
1352 1627 1596 1699 virgines
1623 1642 1749 1684 esse
1785 1625 1987 1682 debent
2023 1641 2158 1682 ocu-

574 1727 754 1797 lorum
784 1724 1022 1795 pupulas,
1053 1737 1178 1794 qua:
1209 1720 1352 1775 idem
1381 1733 1507 1775 cum
1551 1716 1858 1789 virginibus
1918 1713 2161 1773 nominis

578 1825 965 1874 ornamentum
996 1815 1206 1870 sortita:
1241 1821 1390 1868 sunt.
1422 1811 1812 1880 Saepenumero
1840 1808 1987 1865 enim
2036 1822 2161 1878 quae

576 1913 720 1967 intra
755 1908 1046 1981 palpebras
1081 1909 1235 1978 virgo
1265 1913 1384 1962 erat
1409 1903 1639 1976 pupilla,
1668 1917 1765 1972 per
1795 1901 2039 1972 ipsarum
2073 1900 2156 1956 di-

576 2003 891 2058 ductionem
934 2014 1244 2070 vagumque
1269 2005 1480 2052 motum
1512 2010 1678 2051 suum
1709 2001 1881 2051 nutus
1908 2001 1965 2049 et
2005 1993 2157 2065 cogi-

576 2094 714 2150 tatio
743 2092 1098 2150 scortationis
1124 2089 1265 2144 facta
1301 2097 1406 2146 est.

648 2185 916 2256 Exiguum
949 2182 1209 2253 quiddam
1245 2182 1390 2236 inter
1423 2177 1612 2234 omnia
1663 2176 1912 2233 membra
1969 2183 2159 2231 nostra
2252 2234 2257 2239 ,

582 2285 669 2333 est
697 2275 868 2330 auris.
905 2272 1011 2328 Sed
1049 2281 1106 2327 et
1134 2272 1268 2327 istas
1299 2278 1532 2326 exornat
1558 2268 1799 2324 vicinum
1826 2266 2159 2339 cymbalum,

576 2368 769 2437 eisque
791 2366 925 2423 solis
951 2365 1097 2420 inter
1130 2371 1316 2419 creata
1355 2372 1551 2418 caetera
1611 2358 1706 2415 Dei
1742 2360 1998 2432 mysteria
2037 2374 2160 2415 cre-

578 2461 807 2516 duntur.
837 2458 1042 2529 Estque
1068 2456 1222 2512 auris
1249 2466 1363 2512 tota
1394 2455 1450 2511 in
1498 2451 1795 2509 rotundum
1828 2453 2160 2521 sinuoseque

577 2559 820 2618 tornata,
853 2566 921 2606 ne
974 2551 1142 2606 citius
1194 2548 1534 2618 ingrediatur
1586 2561 1790 2612 sermo,
1850 2546 1944 2600 sed
1983 2545 2159 2614 spatio

574 2644 841 2716 longioris
890 2642 1156 2715 temporis
1212 2642 1566 2702 imminutus,
1633 2653 1732 2710 per
1768 2637 1944 2708 ipsam
1998 2651 2158 2692 exca-

574 2737 852 2793 vationem
897 2736 1188 2806 prohibeat
1242 2732 1542 2806 quominus
1576 2733 1644 2787 ad
1699 2731 1870 2786 imum
1930 2730 2154 2785 materia

576 2826 849 2886 mendacii
885 2836 1155 2898 penetret,
1179 2827 1274 2882 sed
1299 2841 1406 2881 una
1433 2840 1559 2881 cum
1590 2822 1988 2878 maledicentia:
2011 2833 2156 2878 ster-

574 2920 797 2978 coribus
851 2921 905 2974 in
945 2919 1197 2990 partibus
1258 2925 1580 2984 remaneat;
1620 2931 1748 2970 nam
1782 2915 2002 2971 virtutis
2034 2914 2156 2985 qui-

575 3013 701 3069 dem
729 3021 814 3067 est
838 3012 895 3066 in
922 3025 988 3066 eo
1010 3010 1105 3080 qui
1134 3009 1404 3079 loquitur,
1436 3022 1547 3063 non
1582 3008 1766 3064 dicere
1796 3007 1933 3062 l‘alsa
1959 3026 1973 3062 :
2006 3007 2059 3061 in
2090 3020 2156 3061 eo

575 3099 671 3171 qui
700 3099 879 3163 audit,
906 3099 1144 3169 probare
1167 3099 1447 3169 quomodo
1475 3098 1731 3170 quaelibet
1756 3098 1904 3154 dicta
1938 3097 2156 3153 videan-

579 3202 693 3257 tur,
721 3207 853 3247 num
887 3191 1019 3261 quid
1052 3189 1283 3246 allectus
1339 3190 1423 3245 vel
1462 3190 1626 3246 amici
1679 3191 1763 3246 vel
1797 3192 2154 3258 repugnantis

573 3284 867 3339 admistum
899 3284 992 3338 sit.
1047 3281 1183 3337 Nam
1219 3282 1357 3337 alter
1407 3282 1628 3350 quidem
1676 3298 1785 3337 non
1820 3284 1995 3339 cernit
2025 3299 2155 3338 acu-

576 3386 713 3442 tum,
742 3376 879 3430 alter
906 3384 1088 3429 autem
1123 3389 1348 3442 prorsus
1378 3389 1486 3428 non
1518 3375 1689 3429 videt.
1723 3374 1879 3440 Quod
1915 3375 1960 3430 si
1991 3374 2153 3429 alter-

576 3479 702 3523 utro
733 3469 927 3522 horum
960 3465 1272 3521 defectuum
1309 3467 1449 3522 ratio
1481 3478 1743 3538 corrupta
1786 3477 1913 3531 est,
1945 3467 2152 3538 judicio

573 3557 777 3613 mentis
810 3556 958 3626 quod
988 3556 1044 3610 in
1078 3557 1239 3612 nobis
1271 3566 1356 3613 est
1389 3557 1572 3628 puniri
1608 3567 1664 3613 et
1710 3572 1740 3612 a
1774 3559 2043 3629 pravitate
2067 3575 2152 3615 re-

575 3648 798 3720 purgari
833 3649 995 3703 debet
1037 3663 1134 3718 per
1162 3649 1471 3714 veritatem,
1516 3665 1641 3720 qua:
1703 3650 1927 3706 tortoris
1975 3649 2152 3706 ollicio

574 3743 855 3813 fungatur.
894 3741 1009 3798 Hoc
1040 3742 1185 3797 enim
1217 3743 1420 3799 docens
1441 3744 1511 3799 de
1543 3744 1730 3800 divino
1767 3752 1821 3800 et
1850 3742 2151 3801 fortissimo

575 3836 777 3891 athleta
806 3833 945 3891 Jobo
975 3835 1204 3890 historia
1236 3834 1447 3906 inquit:
1481 3835 1633 3891 Mens
1663 3837 1877 3908 quidem
1925 3846 1976 3893 et
2002 3840 2150 3893 auris

572 3929 727 3983 verba
751 3928 1015 3999 dijudicat
1042 3943 1063 3992 ;
1090 3936 1275 3997 guttur
1319 3941 1499 3984 autem
1527 3945 1675 3985 escas
1706 3939 1888 3999 gustat
1912 3929 1977 3985 ⁸³.
2014 3932 2149 3986 Cum

573 4023 680 4078 hoc
708 4031 888 4077 autem
933 4022 1286 4077 consentiens
1324 4020 1638 4077 divinorum
1710 4023 1801 4078 ille
1842 4022 2148 4079 carminum

573 4126 765 4172 auctor
801 4115 1031 4170 Davides
1062 4115 1242 4185 inquit
1268 4132 1281 4169 :
1312 4112 1453 4169 Eum
1476 4117 1567 4186 qui
1600 4115 1903 4170 clanculum
1933 4117 2151 4171 mentie-

572 4210 730 4263 batur
757 4207 820 4263 dc
863 4208 1105 4277 proximo
1137 4223 1232 4263 suo
1262 4246 1278 4273 ,
1329 4207 1681 4278 persequebar
1697 4208 1764 4263 “.
1799 4207 1918 4279 Ipse
1967 4218 2148 4264 autem

575 4298 948 4355 universitatis
978 4297 1209 4367 hujusce
1269 4296 1437 4365 Deus,
1509 4313 1796 4354 servorum
1852 4299 2150 4370 obsignans

570 4391 762 4453 verba,
783 4390 836 4443 in
859 4389 1151 4459 Evangelio
1174 4388 1382 4460 inquit:
1409 4387 1591 4444 Estote
1608 4389 1955 4445 nummularii
1975 4390 2146 4462 probi,

570 4482 924 4547 dijudicantes
955 4480 1143 4533 abono
1185 4480 1324 4541 quod
1376 4480 1738 4538 adulterinum
1785 4491 1885 4535 est.
1921 4479 2038 4535 Non
2090 4490 2152 4535 ut

570 4576 745 4631 inSIal‘
774 4572 1273 4628 nummulariorum
1304 4588 1504 4628 sonum
1539 4572 1874 4642 explorando
1905 4573 2144 4644 excipia-

571 4682 719 4731 mus,
761 4665 854 4720 scd
892 4672 952 4719 ut
988 4662 1355 4735 ponderantes
1401 4662 1759 4734 pronuntiata
1809 4663 2029 4719 illorum
2052 4666 2147 4737 qui

570 4759 983 4829 colloquuntur,
1013 4767 1067 4811 et
1098 4762 1330 4811 eventus
1362 4753 1659 4819 factorum,
1691 4755 1759 4810 ad
1800 4754 2005 4826 justam
2050 4774 2148 4829 po-

571 4854 682 4907 tius
714 4850 1150 4922 propendeamus
1189 4847 1477 4904 trutinam.
1511 4846 1743 4903 Aurium
1773 4850 1921 4903 enim
1953 4858 2009 4905 et
2038 4848 2145 4905 lino

571 4960 800 5017 gnarum
856 4957 1115 5014 magnum
1175 4941 1450 5012 quoddam
1500 4941 1806 5012 periculum
1841 4951 1964 4998 est:
2018 4958 2143 4998 cum

566 5037 824 5107 exiguum
857 5035 931 5091 sit
959 5033 1267 5089 membrum
1309 5032 1490 5102 lingua
1512 5072 1527 5095 ,
1560 5032 1827 5088 mendacii
1859 5044 1913 5089 et
1942 5039 2143 5092 verita-

565 5130 657 5187 tis.
718 5128 1024 5197 vel’potius
1059 5126 1253 5181 salutis
1303 5134 1359 5179 et
1409 5124 1732 5195 perditionis
1774 5135 1858 5180 est
1905 5125 2139 5192 ollicina,

564 5217 776 5289 Lingua
802 5234 915 5272 mea
949 5218 1190 5272 calamus
1248 5216 1438 5272 scribae
1488 5218 1734 5274 velociter
1772 5219 2048 5274 scribentis
2072 5218 2140 5285 “,

561 5321 617 5367 et
646 5330 661 5366 :
696 5309 905 5380 Lingua
940 5326 1053 5365 mea
1100 5309 1349 5380 loquetur
1372 5308 1669 5379 justitiam,
1718 5309 1897 5380 inquit
1927 5308 2144 5366 divino-

565 5417 687 5456 rum
718 5408 909 5454 auctor
938 5400 1246 5454 carminum
1276 5399 1355 5467 “;
1386 5409 1441 5456 et
1470 5400 1614 5455 idem
1648 5416 1844 5457 rursus
1870 5418 1885 5456 :
1913 5399 2138 5473 Linguis

546 5494 676 5549 ‘suis
709 5490 891 5547 dolose
917 5492 1143 5563 agebant
1166 5491 1211 5524 "
1238 5509 1256 5554 ;
1286 5500 1341 5547 et
1369 5511 1381 5547 :
1412 5490 1619 5564 Lingua
1648 5509 1827 5548 eorum
1865 5494 2004 5548 sicut
2030 5511 2141 5548 ser-

1669 400 1726 456 s.
1768 392 2071 456 cmstnn
2109 392 2440 453 GREGOBII
2478 392 2782 451 manus
2821 286 2953 403 ϐυ
2994 348 3079 457 (³(
3118 352 3185 414 (τ’
3214 363 3227 421 ι
3260 370 3314 420 V

3100 270 3114 305 Ρ

3696 399 3803 457 ιωι

2257 516 2433 587 ροῦσι,
2464 516 2559 569 τὸν
2590 514 2834 586 φλογμὸν
2859 511 2955 567 τοῦ
2989 513 3144 584 ἡλίου
3168 513 3655 587 διαῤῥιπιζόμενοι.
3685 517 3806 571 ηδ’

2251 605 2396 658 αὐτὰ
2421 599 2533 658 οἷον
2555 605 2612 658 θε
2622 604 2788 677 ρῶσιν
2814 603 3285 675 καταπετάσματα
3303 605 3485 658 αὐτῶν
3506 605 3806 676 ὑπάρχοντα,

2253 678 2879 767 ὲκκλίνουσινᾟτῆς
2912 694 3212 758 ἀκολασίας
3268 693 3529 750 θάνατον’
3566 697 3625 749 ἃν
3670 698 3805 769 Ἱερε-

2258 785 2388 858 μίας
2430 788 2461 839 ὁ
2497 786 2605 840 τῶν
2641 786 2939 857 προφητῶν
2990 784 3376 850 πολυκίνδυνος
3405 788 3806 859 μαρτυρόμενος,

2256 879 2442 948 φησὶν,
2461 878 2667 945 Ἀνέϐη
2702 878 2962 945 θάνατος
2990 879 3090 933 διὰ
3119 877 3239 932 τῶν
3260 879 3541 947 θυρίδων.
3572 881 3646 935 οὐ
3678 882 3808 951 μόνον

2255 971 2366 1042 γὰρ
2412 971 2477 1023 τὸ
2517 969 2679 1041 σῶμα
2721 972 3035 1041 ἀνέπαφον,
3062 971 3197 1025 ἀλλὰ
3254 973 3351 1026 καὶ
3383 972 3483 1035 τὰς
3526 972 3682 1043 βολὰς
3721 973 3807 1029 τῶν

2256 1061 2554 1134 ὀφθαλμῶν
2586 1062 2670 1119 δεῖ
2694 1062 3053 1134 παρθενεύειν
3097 1065 3193 1118 καὶ
3221 1064 3491 1136 μηδαμῶς
3524 1064 3810 1137 ἐπιτρέπειν

2257 1154 2452 1218 αὐταῖς
2483 1153 2719 1219 ἀναιδῶς
2767 1155 3017 1227 ὲφορμᾷν
3050 1156 3145 1209 καὶ
3178 1155 3560 1227 παρίπτασθαι
3601 1160 3706 1220 τοῖς
3737 1158 3812 1212 ἀλ-

2257 1245 2489 1318 λοτρίοις
2518 1244 2771 1301 κάλλεσιν
2793 1286 2810 1312 ,
2830 1264 2833 1269 ‘
2851 1247 2939 1301 ἶνα
2991 1246 3067 1318 μὴ
3096 1248 3204 1301 ἀπὸ
3253 1250 3354 1319 τῆς
3407 1247 3542 1312 θέας
3564 1289 3580 1310 .
3622 1251 3708 1303 ἐπὶ
3732 1249 3812 1322 την

2259 1337 2460 1409 πρᾶξιν
2510 1338 2863 1411 ὁρμήσωμεν.
2901 1338 3062 1393 Κατὰ
3114 1339 3223 1413 γὰρ
3260 1340 3359 1411 τὴν
3412 1341 3734 1412 θεηγορίαν.
3770 1345 3813 1397 Ὀ

2258 1430 2565 1500 ἐμϐλέψας
2587 1431 2821 1501 γυναικὶ
2849 1434 2999 1499 πρὸς
3019 1433 3085 1486 τὸ
3107 1432 3474 1503 ἐπιθυμῆσαι
3496 1434 3703 1503 αὐτὴν.
3718 1435 3813 1505 ἤδη

2259 1522 2618 1593 ἐμοίχευσεν
2667 1522 2863 1593 αὐτὴν
2888 1524 2959 1577 ἐν
2996 1523 3075 1596 τῇ
3124 1526 3339 1594 καρδίᾳ
3388 1525 3605 1580 αὐτοῦ.
3632 1528 3815 1599 Παρθε-

2262 1613 2440 1669 νεύειν
2470 1610 2563 1668 οὖν
2591 1612 2699 1687 χρὴ
2734 1615 2834 1679 τὰς
2867 1615 3035 1687 κόρας
3065 1615 3173 1670 τῶν
3203 1615 3521 1688 ὀφθαλμῶν,
3549 1618 3815 1690 ίσωνυμέαν

2262 1706 2372 1762 τῶν
2403 1706 2686 1778 παρθένων
2712 1708 3109 1779 τετιμημένας.
3139 1708 3410 1774 Πολλάκις
3436 1710 3548 1783 γὰρ
3576 1712 3611 1783 η
3638 1713 3817 1785 ἐμπαρ-

2267 1799 2562 1855 θενεύουσα
2603 1803 2717 1864 τοῖς
2749 1799 3040 1873 βλεφάροις
3076 1802 3213 1874 κόρη
3237 1843 3255 1869 ,
3283 1806 3351 1876 τῇ
3378 1804 3633 1878 διαστολῇ
3662 1806 3815 1861 αὐτῶν

2263 1893 2358 1946 καὶ
2398 1895 2599 1965 ἑαυτῆς
2635 1897 3010 1970 περιστροφῇ,
3050 1894 3239 1967 νεῦμα
3254 1898 3351 1951 καὶ
3386 1898 3567 1972 νόημα
3595 1901 3816 1971 πορνείας

2262 1984 2325 2040 τὸ
2353 1984 2613 2059 ἄντικρυς
2648 1987 2886 2056 ἐγένετο.

2331 2169 2571 2225 Κολοὸὸν
2601 2171 2667 2226 ὲκ
2717 2170 2935 2226 πάντων
2965 2172 3123 2244 ἡμῶν
3150 2172 3257 2227 τῶν
3299 2173 3481 2245 μελῶν
3523 2175 3589 2230 τὸ
3634 2171 3718 2242 οὖς
3744 2195 3815 2232 κε-

2261 2263 2576 2337 χάλκευται,
2608 2264 2742 2320 ἀλλὰ
2770 2266 2863 2319 καὶ
2892 2266 3024 2320 αὐτὸ
3050 2265 3337 2339 διακοσμεῖ
3368 2269 3430 2322 τὸ
3464 2270 3813 2342 περικείμενον

2262 2357 2561 2428 κὺμὸαλον,
2598 2358 2693 2411 καὶ
2727 2358 2889 2430 μόνον
2915 2360 3014 2431 τῆς
3041 2359 3405 2433 δημιουργίας
3437 2359 3710 2433 θαρρεῖται
3736 2362 3811 2416 τοῦ

2260 2448 2396 2503 Θεοῦ
2456 2451 2727 2522 μυστήρια
2752 2493 2768 2518 ,
2808 2449 3119 2516 ὲλικοειδῶς
3173 2453 3527 2525 ὲκτορνευθὲν
3584 2455 3651 2510 δι’
3691 2456 3810 2519 ὅλου,

2259 2540 2401 2597 ὥστε
2438 2542 2513 2616 μὴ
2546 2542 2740 2598 θᾶττον
2774 2544 3036 2599 είσδύνειν
3065 2544 3157 2598 τὸν
3187 2544 3344 2615 λόγον
3363 2586 3379 2606 .
3406 2547 3522 2600 ἀλλ’
3555 2551 3616 2604 ὲν
3641 2549 3810 2602 πλείονι

2258 2636 2437 2709 χρόνῳ
2467 2636 2860 2707 ἐλαττουμένου
2885 2642 2952 2711 τῇ
2982 2639 3170 2712 τορείᾳ
3196 2639 3290 2692 ἐπὶ
3311 2640 3375 2693 τὸ
3403 2641 3570 2712 βάθος
3592 2642 3683 2715 τὴν
3704 2643 3810 2715 ὓλην

2255 2729 2353 2783 τοῦ
2409 2727 2674 2799 ψεύδους,
2712 2727 2830 2801 ἅμα
2882 2730 2989 2785 τῶν
3044 2731 3145 2802 τῆς
3176 2734 3518 2805 κατηγορίας
3558 2735 3808 2793 σκυεὰλων

2257 2820 2725 2892 προσκαταλεῖψαι
2757 2824 2878 2886 ταῖς
2929 2822 3136 2893 δχθαις.
3181 2824 3410 2896 Ἀρετῆς
3455 2828 3567 2898 γὰρ
3603 2827 3691 2882 τοῦ
3729 2829 3807 2899 μιν

2257 2913 2558 2986 φράζοντος
2593 2915 2668 2987 μὴ
2699 2915 3055 2987 ψευδηγορεῖν
3076 2957 3091 2981 ,
3119 2915 3213 2970 τοῦ
3265 2916 3323 2973 δὲ
3359 2917 3647 2985 ἀκούοντος
3686 2919 3807 2977 δοκι-

2258 3003 2453 3076 μάζειν
2493 3003 2563 3059 τὰ
2611 3004 2906 3076 φάσματα,
2939 3005 2989 3057 εί
3040 3005 3209 3076 μηδὲν
3262 3009 3638 3079 προσπαθείας
3668 3009 3807 3074 πάθος

2254 3095 2611 3171 ἐγκέκραται.
2658 3097 2723 3149 Ἡ
2769 3097 2869 3168 μὲν
2914 3097 3023 3169 γὰρ
3069 3099 3169 3152 οὐκ
3204 3097 3463 3164 ὀξυωπεί,
3510 3103 3543 3172 ἠ
3592 3101 3650 3155 δὲ
3695 3102 3807 3165 ὅλως

2253 3189 2352 3258 οὐχ
2390 3190 2490 3261 ὁρᾷ
2514 3206 2528 3221 ο
2562 3191 2610 3243 εί
2641 3189 2685 3243 δ’
2719 3189 2988 3261 ὁποτέρας
3038 3188 3188 3263 λώϐῃ
3234 3192 3265 3244 ὁ
3312 3191 3472 3261 λόγος
3494 3193 3804 3267 διέφθαρται.

2257 3280 2337 3351 τῷ
2383 3283 2440 3334 ὲν
2471 3283 2604 3352 ἡμῖν
2636 3282 2905 3355 κριτηρίῳ
2944 3282 3046 3353 τῆς
3089 3283 3327 3348 διανοίας
3362 3289 3624 3358 τιμωρεῖν
3673 3287 3806 3341 αὐτὸν

2261 3373 2357 3427 καὶ
2381 3373 2633 3441 ἀποξέειν
2662 3375 2763 3444 τῆς
2802 3375 3022 3442 κακίας,
3055 3377 3216 3430 οἱονεὶ
3252 3376 3434 3449 δημίῳ
3477 3381 3544 3450 τῇ
3584 3379 3802 3449 ἀληθείᾳ.

2258 3470 2429 3525 Τοῦτο
2462 3472 2573 3540 γὰρ
2628 3467 2959 3523 παιδεύουσα
3004 3470 3037 3538 ἠ
3096 3468 3239 3522 κατὰ
3272 3470 3365 3522 τὸν
3413 3469 3690 3525 θεσπέσιον
3733 3471 3807 3522 καὶ

2254 3562 2632 3633 ἀνδρειότατον
2681 3556 2989 3629 ἀγωνιστὴν
3027 3558 3149 3611 Ἰὼϐ
3201 3559 3412 3629 ἱστορία
3444 3560 3604 3630 φησίν
3624 3577 3640 3590 ν
3670 3558 3806 3624 Νοῦς

2248 3655 2367 3726 μὲν
2392 3654 2491 3709 καὶ
2524 3648 2633 3720 οὖς
2660 3652 2904 3723 ῥήματα
2930 3651 3217 3720 διακρίνει
3241 3692 3258 3717 ,
3297 3652 3524 3723 λάρυγξ
3579 3651 3644 3706 δὲ
3688 3650 3806 3707 σῖτα

2253 3746 2843 3817 τεύεται.Συμφώνως
2878 3744 2935 3798 δὲ
2974 3743 3150 3816 τούτῳ
3195 3744 3379 3810 Δαόὶδ,
3440 3748 3470 3803 ὁ
3518 3744 3624 3800 τῶν
3670 3745 3805 3799 θείων

2258 3836 2519 3910 μελῳδὸς,
2537 3836 2692 3909 φησί’
2724 3835 2838 3891 Τὸν
2864 3835 3322 3896 καταλαλοῦντα
3343 3835 3531 3905 λάθρα
3552 3835 3652 3891 τοῦ
3673 3839 3803 3904 πληο

2255 3931 2396 3990 olor
2435 3928 2658 3994 αὑτοῦ,
2703 3926 2920 3983 τοῦτον
2949 3926 3291 3993 ἑξεδίωκον.
3346 3926 3406 3980 '0
3451 3926 3508 3980 δὲ
3546 3925 3651 3981 τῶν
3687 3926 3802 3979 ὄὶων

2254 4022 2387 4088 Θεδς
2423 4021 2534 4076 τῶν
2582 4020 2812 4075 οἰκετῶν
2867 4019 3287 4093 ὲπισφραγίξων
3338 4018 3408 4073 τὰ
3467 4020 3708 4091 ῥήματα,
3753 4017 3799 4074 ἐν

2253 4112 2607 4184 Εὑαγγελίοις
2639 4112 2809 4184 φησὶ,
2861 4113 3116 4167 Γίνεσθε
3166 4109 3498 4180 τραπεζῖται
3528 4112 3633 4181 (95)
3661 4109 3798 4164 δόκι-

2247 4220 2350 4273 μοι
2373 4242 2389 4268 ,
2435 4201 2850 4271 διακρίνοντες
2890 4201 2960 4256 ἐκ
3002 4199 3110 4254 τοῦ
3149 4199 3399 4271 δοκίμου
3428 4201 3497 4256 τὸ
3525 4200 3796 4269 κίϐδηλον.

2253 4293 2365 4364 Οὐχ
2419 4291 2505 4347 ἴνα
2545 4291 2702 4364 δίκην
2756 4292 2865 4346 τῶν
2912 4291 3249 4348 κολυϐιστῶν
3301 4296 3674 4365 κομπήσαντες
3717 4292 3798 4344 τὸν

2251 4381 2385 4457 ἦχον
2416 4383 2734 4457 δεξώμεθα,
2788 4383 2904 4438 ἀλλ’
2938 4383 3025 4437 ἴνα
3076 4384 3464 4458 σταθμίξοντες
3492 4388 3591 4452 τὰς
3617 4385 3798 4453 ἀποψῶ

2256 4496 2369 4544 σεις
2401 4479 2511 4533 τῶν
2542 4476 3081 4549 προσδιαλεγομένων
3104 4519 3121 4545 ,
3152 4478 3246 4532 καὶ
3297 4478 3396 4543 τὰς
3440 4480 3682 4543 ἐκϐάσεις
3704 4475 3797 4529 τῶν

2258 4569 2651 4643 πραττομένων
2689 4608 2706 4634 ,
2747 4571 2838 4626 ἐπὶ
2905 4568 3003 4641 τὴν
3060 4569 3275 4626 δικαίαν
3327 4572 3529 4642 μᾶλλον
3578 4570 3794 4643 ﬁt;va

2256 4664 2589 4733 πλάστιγγα.
2629 4662 2794 4719 Ὠτῶν
2848 4662 2959 4734 γὰρ
3020 4664 3115 4717 καὶ
3150 4662 3407 4731 γλωττῶν
3456 4663 3621 4728 πολύς
3664 4678 3731 4723 τις
3767 4659 3791 4710 t‘

2253 4755 2495 4820 κίνδυνος
2521 4794 2539 4820 ,
2594 4756 2768 4828 βραχὺ
2821 4754 3143 4830 ὑπάρχουσα
3206 4753 3408 4826 μέλος,
3459 4754 3674 4826 ψεύδους
3714 4750 3789 4805 καὶ

2253 4846 2511 4918 ἀληθείας
2530 4847 2603 4918 ,ἢ
2637 4846 2834 4918 μᾶλλον
2877 4845 3154 4917 σωτηρίας
3184 4846 3279 4899 καὶ
3317 4845 3592 4909 ἀπωλείας
3627 4841 3790 4912 τυγχά-

2252 4957 2420 4998 νουσα
2491 4941 2875 5013 ὲργαστήριον.
2943 4942 3015 4996 Ἠ
3073 4939 3331 5015 γλῶσσὰ
3384 4958 3505 5012 μου
3562 4941 3789 5010 κάλαμος

2251 5033 2637 5106 γραμματέως
2681 5033 3025 5104 ὀξυγράφου
3055 5073 3071 5099 ,
3108 5034 3244 5097 καὶ,
3293 5032 3358 5088 Ἠ
3403 5033 3646 5103 γλῶσσά
3691 5045 3787 5102 μου

2247 5128 2509 5196 λαλήσει
2543 5128 2960 5194 δικαιοσύνην,
2992 5128 3156 5200 φησὶν
3180 5128 3210 5181 ὁ
3241 5126 3349 5181 τῶν
3385 5127 3544 5182 θείων
3570 5122 3782 5199 μελφῦός.

2249 5222 2361 5277 Καὶ
2385 5219 2548 5275 πάλιν
2568 5222 2598 5276 ὁ
2626 5220 2789 5284 αὐτὸς
2804 5262 2821 5289 ,
2857 5219 2990 5289 Ταῖς
3011 5219 3322 5292 γλώσσαις
3336 5219 3540 5276 αὐτῶν
3560 5213 3775 5274 eam
3798 5219 3805 5279 ἒ

2248 5329 2392 5380 σαν,
2422 5313 2522 5369 καί
2552 5314 2592 5383 ἠ
2620 5309 2875 5382 γλῶσσα
2898 5311 3098 5368 αὐτῶν
3116 5311 3260 5377 ᾠσει
3289 5311 3508 5382 ὄφεως,
3533 5309 3618 5379 ως
3639 5304 3780 5363 ἀσιί-

2247 5407 2369 5463 δων
2407 5406 2528 5463 ὑπὸ
2547 5404 2632 5460 τὰ
2657 5404 2833 5476 χείλη
2859 5403 3076 5459 αὐτῶν.
3106 5402 3421 5476 Συμφὼνως
3451 5403 3509 5456 δὲ
3534 5402 3609 5473 τῷ
3646 5393 3780 5467 πατρὶ

2245 5502 2276 5554 ὁ
2330 5499 2438 5555 τῶν
2494 5499 2652 5554 θείων
2698 5499 2862 5569 σοφὸς
2915 5496 3167 5569 Σολομῶν
3217 5515 3388 5570 φησι,
3419 5496 3552 5567 Zur)
3584 5495 3681 5567 γὰρ
3704 5487 3778 5545 καὶ

634 5606 679 5682 ξ’
713 5604 826 5682 Jer.
858 5621 937 5669 ix,
964 5605 1054 5682 ει.
1131 5606 1176 5638 δ’
1208 5604 1464 5674 Mattlm,
1497 5608 1589 5665 28.
1630 5608 1676 5641 “
1712 5608 1816 5665 Job
1859 5625 1960 5678 sn,
1992 5611 2078 5666 ll.
2152 5612 2200 5646 “
2236 5612 2383 5674 Psal.
2419 5630 2474 5682 ο,
2515 5615 2572 5671 5.
2649 5613 2698 5647 ⁸⁸
2725 5610 2875 5671 Psal.
2911 5629 3061 5680 xuv,
3100 5612 3156 5669 2.
3234 5612 3283 5646 “
3326 5611 3473 5670 Psal.
3514 5625 3683 5667 xxxiv.
3707 5604 3776 5661 33.

566 5676 609 5711 ⁸⁷
635 5675 781 5732 Psal.
818 5691 940 5742 xm,
978 5676 1030 5733 3.

636 5792 748 5861 (93)
772 5792 1033 5857 Γίνεσθε
1066 5794 1297 5861 manet.
1330 5793 1406 5849 De
1436 5794 1543 5851 hoc
1570 5794 1773 5851 celebri
1807 5794 1980 5857 dicto.
2009 5813 2143 5854 nus-

561 5865 707 5935 piant
754 5862 810 5935 in
868 5866 1042 5935 sacris
1080 5865 1298 5935 Litteris
1349 5873 1640 5935 exstante,
1689 5868 1845 5935 plura
1900 5867 2020 5920 vide
2067 5870 2144 5924 sis

561 5930 707 6007 apud
742 5930 1072 5988 Coteterium
1115 5934 1181 5986 ad
1213 5930 1439 5990 Constil.
1470 5935 1651 6002 Apost.
1683 5930 1776 5988 lib.
1808 5949 1870 6000 tt,
1902 5949 2027 6008 cap.
2051 5937 2142 6004 36,

2250 5797 2345 5869 qui
2377 5805 2431 5853 et
2456 5794 2589 5869 illud
2612 5795 2766 5869 inter;
2790 5793 2895 5869 alia
2921 5793 3410 5869 φυηρ-οἰκεῖται,
3432 5793 3573 5848 hunc
3593 5782 3778 5869 {laeserit

2253 5860 2430 5945 locum
2453 5882 2517 5945 ea
2547 5865 2771 5945 Palladii
2799 5866 2875 5920 De
2906 5865 3016 5945 sita
3047 5863 3411 5945 Clirqsostotgi
3438 5860 3638 5945 λαμ-ι.
3660 5860 3776 5914 κη’

2252 5939 2427 6008 ptnris
2457 5935 2698 5991 Caesario
2728 5934 3071 5999 recentioris,
3109 5932 3278 5991 fuisse
3313 5934 3559 5991 elllctuiu.
