3806 6504
45 431 161 487 1161

39 549 271 605 θάνατος
307 538 375 591 ἐν
416 533 567 605 χειρὶ
604 534 892 604 γλώσσης
919 549 931 563 '
976 534 1178 587 ὡσανεὶ
1236 534 1357 587 ἀντὶ
1408 532 1591 604 χειρὸς

38 642 118 696 τὸν
137 636 306 703 λόγον,
331 629 450 683 ἀντὶ
473 631 753 697 φασγάνου
775 627 866 679 τὸν
887 626 1059 689 δόλον,
1086 625 1251 695 φονέα
1283 626 1586 695 impiatae,

36 728 116 783 καὶ
144 726 200 777 έν
232 721 326 791 μιᾷ
364 716 541 787 μερίδι
573 716 665 768 τὸν
690 716 1015 788 ἀνδροφόνον
1050 717 1142 770 καὶ
1179 716 1270 770 τὸν
1295 716 1464 769 δόλιον
1485 756 1499 779 ,
1529 717 1591 770 τὸ

32 821 171 873 Θεῖον
214 808 511 879 ἐψηφίσατο
537 847 551 869 ,
587 806 769 869 καθώς
803 824 934 877 φησι
967 806 1056 860 διὰ
1091 807 1184 860 τοῦ
1219 808 1454 877 μεγάλου
1486 810 1589 861 Δα-

32 909 123 969 ϐὶδ,
157 902 371 968 ’Ἄνδρα
399 897 659 968 αΙμάτων
688 900 786 954 καὶ
816 898 1023 953 δόλιον
1042 899 1454 964 βδελύσσεται
1470 900 1587 954 K1?-

26 1018 160 1071 Ρ¹οςο
208 996 263 1046 Ὀ
287 993 342 1046 δὲ
386 991 504 1062 θεῷ
534 991 817 1061 βδελυκτὸς
854 993 1069 1055 πάντως
1100 994 1194 1046 καὶ
1238 994 1545 1065 τιμωρητός
1572 1010 1585 1023 ·

29 1093 92 1154 ὼς
120 1089 146 1140 ὁ
176 1084 539 1155 παραρριφεὶς
574 1084 789 1155 σίδηρος
812 1085 917 1137 ὑπὸ
943 1085 1037 1137 τοῦ
1070 1085 1149 1137 ίοῦ
1176 1085 1586 1157 δαπανώμενος,

27 1182 108 1235 καὶ
137 1178 283 1242 ξύλον
322 1175 354 1245 ἦ
387 1174 549 1246 ἐσθὴς
584 1176 803 1247 ῥυπαρὰ
824 1177 1161 1246 τυγχάνοντα
1193 1179 1288 1231 καὶ
1330 1178 1589 1248 βδελυκτά

26 1272 92 1341 τῷ
120 1268 346 1336 δεσπότῃ
383 1265 487 1317 ὑπὸ
526 1266 617 1318 τοῦ
668 1268 990 1337 ἐγκειμένου
1022 1269 1244 1337 αἴσχους
1289 1268 1587 1337 καταφθεί-

26 1380 161 1435 ρεται
184 1379 195 1390 ·
220 1360 250 1429 ἦ
286 1358 478 1428 ὥσπερ
507 1354 652 1421 οἶκος
682 1361 747 1429 τῇ
772 1358 1158 1428 ἐγκαταλείψει
1189 1358 1280 1412 τοῦ
1320 1360 1589 1413 ἐνοικοῦν-

21 1475 99 1519 τος
147 1450 520 1523 ἑρημούμενος
571 1452 710 1504 κατά
755 1451 920 1522 μέρος
952 1451 1231 1523 φθείρεται
1256 1470 1270 1484 ο
1301 1453 1591 1524 παραπλη-

20 1548 136 1609 σίως
168 1561 259 1615 μοι
291 1543 443 1595 δοκεῖ
481 1544 573 1596 καὶ
626 1543 816 1614 βροτὸς
870 1543 989 1614 Θεῷ
1018 1543 1304 1612 βδελυκτὸς
1354 1548 1417 1617 τῇ
1467 1545 1588 1617 θείᾳ.

18 1636 319 1705 ἀποστροφῇ
377 1633 484 1685 ὑπὸ
531 1633 640 1685 τῶν
694 1634 1117 1705 ἐγκεκραμένων
1187 1635 1337 1706 αὐτῷ
1398 1635 1586 1690 κακῶν

14 1728 341 1796 κακούμενος
410 1725 812 1797 τιμωρεῖσθαι,
870 1728 970 1799 τῆς
1022 1727 1391 1797 ἀποφάσεως,
1451 1728 1583 1797 τῆς,

22 1820 325 1875 Ἀπέλθετε
359 1818 463 1870 ἀπ’
505 1817 672 1885 ἐμοῦ,
697 1821 749 1871 οἱ
780 1817 1195 1886 κατηραμένοι,
1234 1820 1322 1884 εις
1372 1818 1435 1871 τό
1466 1819 1585 1886 πῦρ

8 1911 66 1963 τὸ
96 1908 336 1962 αἰώνιον·
362 1947 376 1969 ,
417 1907 767 1978 καταλλὴλως
814 1908 920 1961 τῶν
965 1910 1367 1981 ἡμαρτημένων
1414 1911 1587 1979 ἐμπε-

10 2003 195 2073 σούσης
232 2003 344 2063 τοῖς
385 2000 796 2070 ἀκουσομένοις.
821 2002 955 2055 τότε
983 2004 1109 2064 τοὺς
1155 2002 1255 2071 μὲν
1282 2003 1444 2055 οἱονεὶ
1489 2002 1584 2056 ἆν-

8 2096 129 2168 θραξ
185 2096 242 2146 ἐν
280 2092 516 2165 ἀχύροις
562 2092 820 2162 ἐμπεσὼν
865 2094 1154 2165 διασμὴχει
1182 2095 1276 2148 καὶ
1308 2094 1584 2165 διαφλέγει

7 2187 256 2248 αἱωνίως,
294 2184 440 2254 μήτε
486 2183 783 2253 φθείρουσα
810 2225 823 2249 ,
862 2186 1000 2255 μήτε
1035 2184 1369 2257 φθειρομένη
1406 2187 1494 2240 διὰ
1525 2188 1584 2242 τὸ

8 2279 300 2347 ἀφθάρτους
328 2276 487 2344 ἡμᾶς
510 2277 573 2327 ἐκ
602 2275 791 2345 τάφων
836 2276 1190 2329 ἀνίστασθαι·
1227 2277 1350 2342 τοὺς
1386 2278 1483 2349 μὲν
1512 2279 1589 2333 δι-

7 2370 176 2431 καίους
213 2369 272 2419 ἐν
298 2366 464 2437 ἀδείᾳ
495 2368 589 2421 κα)⁸
643 2368 984 2433 ἀναπαύσει,
1027 2369 1120 2423 καὶ
1170 2369 1319 2442 πάσῃ
1369 2371 1587 2442 ἐξουσίᾳ.

8 2460 167 2512 αένειν
201 2458 531 2526 ἀφθάρτους
584 2458 1032 2524 διαιωνίζοντας,
1076 2462 1203 2525 τοὺς
1246 2462 1302 2515 δὲ
1343 2464 1589 2533 ἁμαρτή-

7 2568 181 2613 ςαντας
211 2550 464 2612 αἱωνίως
492 2550 958 2621 τιμωρουμένους,
993 2552 1066 2623 μὴ
1098 2552 1433 2624 φθείρεσθαι,
1452 2554 1587 2607 ἀλλά

7 2646 252 2715 περιεῖναι
280 2644 338 2694 ἐν
372 2645 499 2707 τοῖς
524 2644 929 2713 ἀφωρισμένοις
958 2645 1167 2711 τόποις,
1196 2646 1585 2717 ἀσχάλλοντας,

7 2733 408 2805 ιμηχανοῦντας
441 2775 455 2794 .
488 2733 919 2804 ἀδημονοῦντας.
955 2734 1255 2804 ἀλγοῦντας
1282 2778 1297 2802 ,
1328 2737 1590 2810 ὀλοφυρο-

8 2828 204 2892 ιένους,
232 2827 624 2899 τρυχομένους
645 2866 659 2890 ,
692 2826 1004 2891 κωκύοντας
1022 2870 1035 2892 ,
1066 2828 1448 2901 δακνομένους,
1486 2830 1589 2883 τιλ-

8 2919 238 2988 .ομένους
265 2957 281 2980 ,
322 2918 707 2981 ἀλαλάζοντας
731 2959 745 2984 ,
783 2918 1219 2989 ἀραττομένους,
1268 2920 1431 2992 μηδὲν
1474 2921 1589 2975 λοιο

7 3012 85 3065 τὸν
111 3009 578 3080 δυναμένους,τὸν
603 3008 701 3064 νῦν
751 3010 941 3080 καιρὸν
1000 3010 1097 3081 τῆς
1129 3013 1415 3082 μετανοίας
1447 3030 1588 3086 παρ-

8 3104 301 3173 ωσαμένους
329 3142 343 3165 ,
374 3105 495 3163 τοῖς
521 3100 795 3171 δεομένοις
825 3101 894 3153 τὰ
939 3102 1164 3167 ἑαυτῶν,
1200 3105 1408 3168 ἑαυτοῖς
1441 3104 1495 3157 δὲ
1523 3105 1589 3158 τὰ

8 3195 72 3247 ὀὗ
110 3193 248 3247 Θεοῦ
280 3193 585 3261 σπλάγχνα
615 3189 1065 3255 ἀποκλείσαντας.
1094 3193 1376 3258 Ἀνίλεως
1409 3196 1516 3263 γὰρ
1548 3195 1586 3263 ἠ

8 3290 174 3356 κρίσις
234 3286 321 3352 τῷ
369 3284 465 3356 μὴ
529 3284 851 3351 ποιήσαντι
906 3286 1113 3353 ἕλεος,
1166 3288 1330 3357 φησὶν
1379 3290 1411 3360 ἠ
1471 3288 1589 3343 θεία

10 3383 122 3450 εωνή
146 3396 159 3409 ·
191 3382 313 3443 τοῖς
360 3378 423 3430 δέ
462 3378 559 3431 καὶ
587 3378 776 3441 σκότος
800 3381 857 3431 ἐν
884 3379 1173 3452 ἐξωτέροις
1220 3380 1456 3435 ἐλαύνων
1500 3381 1591 3434 τό·

10 3490 89 3535 τοις
121 3475 155 3543 ή
212 3470 314 3525 τοῦ
370 3468 571 3542 κριτοῦ
602 3471 875 3539 ἀπόφασις
925 3472 1176 3540 γίνεται,
1213 3474 1337 3536 τοὺς
1382 3473 1588 3537 αἰτίους

10 3560 328 3629 ,αττιγοῦσα
366 3560 473 3613 καὶ
522 3559 882 3626 ἐξελαύνουσα
907 3578 919 3591 ’
960 3562 1034 3625 ὼς
1089 3564 1121 3632 ἡ
1159 3562 1279 3615 κατ’
1314 3563 1589 3631 Αἴγυπτον

9 3652 180 3722 ιτορία
217 3650 532 3704 παιδεύει·
596 3652 726 3720 μιᾶς
779 3651 876 3721 μὲν
936 3654 1228 3724 γινομένης
1284 3655 1382 3725 τῆς
1440 3656 1589 3719 θείας

10 3746 304 3812 ποφάσεως
333 3785 350 3808 ,
430 3744 789 3814 καταλλήλως
858 3745 914 3798 δὲ
968 3749 1031 3817 τῇ
1101 3748 1418 3819 προαιρέσει
1477 3748 1588 3803 τῶν

9 3837 279 3889 κονόντων
322 3836 797 3910 ἀρμοττομένηςσ
849 3840 1183 3907 Αἰγυπτίους
1243 3844 1340 3912 μὲν
1395 3846 1452 3897 ἐν
1510 3845 1588 3917 τῷ

10 3931 159 4000 αραὼ
197 3932 572 4001 τιμωροῦσα,
614 3932 956 4003 Ἰσραηλίτας
999 3934 1054 3987 δὲ
1084 3934 1161 4004 τῷ
1190 3938 1379 3989 Μωσεί
1402 3938 1589 3991 διασώ-

9 4040 143 4077 δυσα.
174 4023 311 4087 Τοῖς
354 4023 471 4095 μὲν
504 4023 612 4094 γάρ
648 4024 892 4092 φοινίξας
937 4025 1028 4078 τὸν
1069 4027 1260 4080 Νεῖλον
1304 4025 1443 4100 αἷμα
1490 4031 1591 4083 ἀπ-

10 4110 123 4175 ειξε
157 4113 309 4184 πρὸς
356 4113 653 4186 τιμωρίαν
702 4113 922 4183 δίψους,
972 4119 1084 4179 τοῖς
1132 4116 1189 4171 δὲ
1234 4115 1377 4189 ὕδωρ
1403 4120 1588 4174 άῖκτον

9 4201 116 4257 Ξσιν
141 4204 403 4275 ἐφύλαξε
430 4246 447 4270 ,
500 4208 614 4270 τοῖς
650 4206 746 4277 μὲν
774 4207 835 4259 τὸ
883 4208 1143 4279 ἡμερινὸν
1178 4211 1312 4279 φάος
1355 4213 1434 4275 εἰς
1465 4214 1590 4266 σκό-

10 4314 38 4359 ς
68 4296 423 4368 ψηλαφητὺν
457 4297 764 4369 μετέστησε
795 4338 808 4363 ,
835 4303 948 4364 τοῖς
976 4301 1032 4353 δέ
1077 4301 1168 4354 ἐπι⁵
1201 4305 1313 4365 τοῖς
1340 4304 1485 4375 ὅροις
1527 4305 1588 4358 τὸ

9 4389 63 4451 ὗς
96 4390 438 4459 διεφύλαξε·
477 4394 591 4454 τοῖς
623 4393 719 4462 μὲν
746 4392 804 4444 τὸ
845 4393 1160 4465 Ἐρυθραῖον
1188 4395 1421 4465 πέλαγος
1454 4396 1589 4471 πρὸς

9 4482 202 4535 ιῢασιν
253 4483 660 4553 διεχέρσωσε,
715 4487 828 4547 τοῖς
882 4484 938 4538 δὲ
995 4487 1127 4540 αὐτὸ
1181 4488 1585 4560 ἐπισυνάψασα,

11 4574 196 4642 (εσθαι
233 4574 636 4645 ὑποόρυχίους
666 4574 972 4646 φθαρέντας
996 4578 1273 4634 κατέλιπε.
1295 4580 1588 4651 Παραπλη-

12 4685 71 4730 υς
102 4667 202 4720 καὶ
255 4668 363 4720 ἐπὶ
406 4666 523 4736 τῆς
557 4664 910 4720 Βαϐυλωνίων
942 4670 1172 4740 καμίνου
1194 4711 1208 4734 ,
1267 4675 1396 4741 μιᾶς
1430 4675 1583 4743 ἐνερ-

12 4760 148 4831 ύσης
214 4760 621 4829 ἀποφάσεως,
675 4762 723 4813 oi
783 4760 883 4829 μὲν
928 4766 1077 4832 τρεῖς
1119 4764 1356 4837 Ἑϐραῖοι
1396 4767 1585 4831 παῖδες

12 4857 102 4907 uel.
134 4856 198 4907 ἐν
235 4854 402 4927 μέσῃ
426 4852 617 4922 δρόσῳ
642 4856 707 4924 τῇ
742 4853 900 4923 φλογὶ
933 4854 1239 4927 διέσκαιρον
1268 4858 1583 4928 ὑμνοῦντες,

11 4947 61 5000 δὲ
90 4950 161 5019 τῇ
192 4946 473 5017 ὑποϐολῇ
512 4945 611 5015 τῆς
642 4944 775 5017 ὕλης
801 4947 1197 5018 ὑποτρέφοντες
1225 4950 1319 5002 καὶ
1348 4952 1441 5003 ἐπὶ
1470 4969 1587 5005 τεσ-

11 5041 264 5111 ράκοντα
294 5039 483 5093 ἐννέα
524 5039 722 5108 πήχεις
758 5039 1120 5110 κορυφοῦντες
1142 5040 1238 5111 τὴν
1263 5043 1456 5111 φλόγα,
1490 5044 1584 5096 ὑπ’

11 5133 107 5203 τῆς
136 5133 363 5186 θᾶττον
408 5130 589 5201 μέχρι
620 5132 821 5194 κόνεως
846 5131 1310 5203 κατεφλέχθησαν*
1350 5136 1583 5203 Ὁμοίως

12 5227 110 5277 καὶ
146 5224 259 5295 τὴν
305 5222 539 5295 χέρσον
588 5222 746 5290 ίτμεν
794 5220 871 5292 τῷ
899 5220 1028 5293 θείῳ
1050 5223 1378 5297 πειθομένην
1410 5245 1584 5301 προσ-

12 5334 203 5387 Γματι,
244 5313 621 5383 διασχοῦσαν
655 5314 746 5367 τὸν
779 5314 956 5368 Δαθάν
1020 5318 1113 5370 καὶ
1156 5318 1417 5390 ’Δὸειρὼν
1448 5322 1585 5392 πρὸς

19 5412 211 5480 ωρίαν
269 5406 776 5470 ἐνυποδέξασθαι,
827 5410 952 5473 τοὺς
1006 5409 1050 5462 δ’
1082 5411 1359 5477 ἀναιτίους
1398 5415 1584 5487 φέρειν

11 5504 65 5555 ῖά
91 5504 279 5573 φύσιν
307 5505 376 5554 ἐν
402 5498 504 5570 τῷ
531 5500 679 5570 αὑτῷ
704 5502 873 5572 τόπῳ,
908 5504 966 5556 ἐν
997 5508 1062 5575 τῇ
1096 5505 1232 5577 αὐτῇ
1273 5508 1457 5580 ἡμέρᾳ
1489 5509 1580 5562 καὶ

11 5616 55 5668 μ.
100 5596 281 5651 Οὕτω
316 5595 385 5647 δὲ
435 5592 666 5646 καὶτὸν
714 5593 975 5667 δύστηνον
1024 5598 1182 5665 Καῒν,
1222 5604 1342 5666 ταῖς
1393 5604 1585 5669 ἀκοαῖς

11 5687 265 5741 τεσοῦσα
326 5688 368 5755 ἡ
430 5682 568 5736 θεία
599 5686 905 5754 ἀπόφασις,
967 5695 1290 5747 τιιιωοεῖται
1329 5696 1580 5765 λέγουσα,

13 5849 32 5877 ⁸
72 5847 239 5899 Psal.
276 5857 551 5918 cnxnx,
582 5842 634 5895 ι.
673 5916 686 5918 _
721 5845 763 5877 δ’
801 5847 957 5905 Ptov.
998 5869 1149 5918 Xt‘tll,
1196 5853 1289 5909 2|.

50 5920 151 5974 20.
247 5917 301 5949 ”
336 5916 503 5968 Dan.
550 5928 628 5979 tu,
664 5916 754 5970 ‘20.

1397 413 1747 471 Dl.-\I.OGUS
1793 415 1881 469 111.

1370 5857 1415 5888 ⁸⁰
1462 5858 1607 5913 ΡδδΙ.
1640 5877 1691 5925 v,
1716 5860 1769 5913 7.

3138 430 3159 483 1
3171 428 3274 485 063

1699 534 1888 602 pentis,
1939 550 2188 589 venenum
2218 539 2462 607 aspidum
2516 540 2608 597 sub
2651 542 2807 596 labiis
2859 542 3128 596 eorum”.
3176 546 3279 599 As-

1699 625 1932 679 sentitur
1961 634 2015 679 ct
2041 627 2180 695 patri
2213 628 2520 685 divinarum
2558 648 2739 687 rerum
2773 634 2980 704 peritus
3016 635 3276 690 Salomon

1699 716 1785 771 his
1826 718 2050 775 verbis:
2096 718 2217 773 Vita
2242 723 2380 775 enim
2412 732 2461 777 et
2489 740 2629 779 mors
2675 726 2727 779 in
2774 744 2933 781 manu
2973 729 3168 799 lingua:
3190 729 3274 783 "z

1697 811 1856 878 quasi
1874 826 1975 880 pro
2006 827 2168 865 manu
2194 828 2526 875 sermonem.
2556 832 2655 885 pro
2675 818 2855 887 gladio
2875 820 3083 883 dolum,
3105 820 3279 875 homi-

1698 902 1873 956 cidam
1900 905 1951 956 in
1979 904 2218 958 medium
2246 906 2516 975 producat
2550 907 2713 971 Deus,
2748 910 2801 962 in
2827 911 3017 965 eodem
3067 912 3187 966 loco
3211 925 3278 965 ac

1698 1010 1927 1050 numero
1954 996 2285 1051 homicidam
2340 998 2670 1053 ctdolosum
2719 1002 2890 1069 ponit,
2918 1002 3277 1070 quemadmo-

1696 1088 1825 1141 dum
1846 1089 2096 1156 etmagni
2124 1088 2344 1143 Davidis
2374 1106 2469 1144 ore
2501 1091 2678 1145 dixit:
2730 1091 2912 1144 Virum
2955 1094 3275 1161 sanguinum

1695 1189 1744 1235 et
1766 1180 2006 1235 dolosum
2024 1182 2417 1235 abominabitur
2441 1185 2699 1237 Dominus
2718 1185 2784 1238 ⁸ο.
2811 1182 2981 1249 Quem
2999 1200 3127 1239 vero
3147 1201 3268 1239 cen-

1697 1283 1778 1327 set
1804 1274 2229 1328 abominandum
2261 1274 2424 1340 Deus,
2455 1276 2500 1330 is
2542 1277 2701 1345 plane
2726 1277 2997 1345 supplicio
3037 1277 3276 1331 multan-

1694 1364 1798 1419 dus
1819 1375 1921 1419 est.
1942 1364 2413 1430 Quemadmodum
2438 1378 2492 1422 et
2518 1368 2722 1422 ferrum
2750 1370 3043 1437 abjectum,
3065 1385 3093 1423 a
3117 1370 3273 1423 rubi-

1695 1458 1819 1527 gine
1856 1473 2107 1524 exesum,
2140 1470 2194 1514 et
2218 1461 2424 1532 lignum
2450 1470 2545 1517 aut
2570 1464 2739 1518 vestis
2763 1479 2883 1534 qua:
2907 1464 3275 1520 abominanda

1694 1559 1821 1604 sunt
1854 1550 2080 1606 domino
2112 1568 2235 1619 suo,
2272 1570 2301 1608 a
2343 1555 2597 1609 sordibus
2648 1556 2851 1625 quibus
2895 1564 3129 1619 scatent,
3179 1557 3275 1610 ab-

1696 1652 2033 1705 sumuntur;
2072 1652 2187 1705 aut.
2230 1646 2691 1714 quemadmodum
2752 1647 2970 1711 domus,
3001 1648 3150 1717 quod
3190 1648 3274 1703 in-

1694 1733 1907 1803 quilino
1943 1733 2014 1787 sit
2048 1726 2309 1789 destituta
2348 1736 2717 1805 particulatim
2776 1736 3098 1791 destruitur.
3148 1736 3275 1791 Pari

1694 1820 1907 1875 ratione
1938 1822 2072 1875 mihi
2104 1823 2318 1877 videtur
2355 1834 2405 1878 et
2434 1826 2701 1892 mortalis,
2733 1827 2827 1896 qui
2874 1827 3272 1885 abominationi

1694 1924 1779 1966 est
1810 1911 1920 1967 Deo
1944 1929 2009 1967 ex
2041 1915 2329 1970 aversione
2352 1915 2536 1970 divina
2558 1917 2718 1971 malis
2747 1933 3042 1987 oppressus
3071 1918 3274 1987 quibus

1692 2003 2011 2073 inquinatus
2054 2014 2138 2060 est
2192 2006 2395 2075 puniri.
2431 2023 2552 2060 cum
2606 2008 2657 2061 in
2700 2024 2793 2063 eos
2850 2009 3119 2063 sententia
3161 2008 3272 2063 lata

1691 2092 1858 2148 fuerit
1878 2093 1965 2148 illa
1989 2094 2081 2163 qui
2109 2092 2378 2150 audient:
2410 2094 2675 2150 Discedite
2705 2115 2737 2151 a
2765 2114 2870 2159 me,
2898 2097 3190 2163 maledicti,
3214 2096 3272 2153 in

1693 2184 1864 2253 ignem
1887 2195 2138 2237 retentum
2154 2186 2222 2249 ⁸³,
2245 2186 2337 2256 qui
2353 2188 2674 2255 promeritis
2696 2204 2883 2243 eorum
2901 2205 3021 2259 quze
3043 2190 3269 2245 admise-

1693 2274 1799 2327 rint
1826 2285 2175 2343 peccatorum
2207 2277 2532 2346 plectemur.
2553 2277 2690 2332 Tum
2720 2296 2848 2333 vero
2883 2281 3019 2335 alios
3043 2281 3266 2352 quidem

1692 2375 1951 2436 tauquam
1978 2368 2030 2420 in
2056 2369 2240 2438 paleas
2258 2369 2505 2427 incidens
2522 2372 2688 2426 carbo
2708 2384 3000 2444 perpurgat
3016 2383 3066 2429 et
3085 2375 3270 2428 exurit

1691 2459 1745 2513 in
1774 2469 2118 2529 perpetuum,
2143 2478 2319 2531 neque
2355 2478 2716 2534 corrumpens
2736 2506 2750 2530 ,
2777 2482 2955 2536 neque
2982 2476 3265 2538 corrupta.

1688 2561 1976 2623 propterea
2003 2554 2147 2623 quod
2172 2571 2237 2608 ex
2268 2556 2539 2624 sepulcris
2571 2573 2669 2612 nos
2699 2559 3145 2630 inc0rruptibiles
3172 2576 3270 2616 ex-

1688 2660 1995 2715 surgemus.
2023 2642 2162 2698 Justi
2188 2656 2366 2699 autem
2393 2648 2444 2700 in
2473 2650 2766 2702 securitate
2789 2664 2851 2703 ac
2888 2651 3095 2719 requie,
3117 2649 3265 2705 oumi

1690 2737 1937 2790 libertate
1969 2734 2155 2788 donati
2181 2741 2501 2802 permanent
2536 2734 2587 2785 in
2621 2741 2937 2801 perpetuum
2987 2732 3272 2785 immorta—

1693 2830 1787 2883 les.
1835 2827 1937 2893 Qui
1983 2843 2113 2881 vero
2148 2843 2206 2881 se
2232 2826 2474 2897 peccatis
2517 2824 2955 2891 obstrinxerunt,
2981 2824 3111 2879 dum
3139 2839 3273 2895 sup-

1691 2918 1835 2973 liciis
1866 2918 2171 2988 puniuntur
2201 2917 2439 2982 aeternis,
2478 2933 2577 2973 nec
2600 2927 3030 2987 corrumpuntur
3052 2932 3152 2971 nec
3189 2916 3276 2971 in-

1692 3017 1928 3076 tereunt,
1960 3011 2052 3063 sed
2097 3009 2149 3062 in
2199 3008 2499 3079 designatis
2532 3007 2668 3063 locis
2700 3023 2865 3073 super
2919 3018 3095 3063 sortes
3140 3022 3271 3077 per-

1692 3110 1935 3167 manent,
1970 3110 2284 3165 manentes,
2314 3100 2368 3153 in
2423 3100 2711 3169 angustias
2766 3099 2993 3165 redacti,
3046 3099 3227 3156 tristes
3253 3139 3271 3166 ,

1691 3194 1960 3260 dolentes,
1985 3193 2370 3257 lamentantes,
2413 3192 2732 3256 excruciali,
2759 3191 3029 3263 lugentes.
3063 3192 3271 3260 aﬂlicti,

1691 3288 1988 3351 ululantes,
2016 3289 2219 3351 vexati,
2274 3286 2412 3339 nihil
2468 3286 2725 3355 deinceps
2786 3301 2948 3357 agere
2986 3286 3272 3351 valentes,

1690 3380 1787 3450 qui
1833 3394 2073 3448 praesens
2137 3379 2473 3449 pmuitentite
2510 3387 2724 3447 tempus
2777 3382 3125 3447 rejecerunt,
3176 3378 3273 3449 qui

1690 3471 2027 3541 pauperibus
2050 3469 2339 3525 facultates
2364 3486 2516 3533 suas,
2549 3470 2652 3525 sibi
2694 3485 2820 3523 vero
2870 3469 3065 3523 divinae
3109 3471 3275 3525 mise.

1691 3563 1947 3620 ricordiaa
1993 3564 2203 3617 viscera
2273 3563 2644 3616 occluserunt.
2675 3558 2951 3615 Iudicium
2990 3563 3129 3615 enim
3160 3564 3275 3616 sine

1691 3658 2057 3713 misericordia
2098 3656 2327 3735 illi,_qui
2357 3672 2459 3708 non
2497 3655 2680 3725 fecerit
2722 3655 3166 3721 misericordiam,
3197 3655 3277 3708 in-

1690 3753 1809 3822 quit
1850 3751 2034 3805 divina
2066 3764 2171 3803 vox
2199 3750 2245 3780 "
2278 3768 2290 3802 :
2332 3748 2470 3802 alios
2504 3756 2691 3801 autem
2721 3756 2774 3801 et
2822 3747 3060 3802 tenebrae
3090 3747 3145 3801 in
3177 3762 3271 3805 ex-

1690 3844 1988 3898 terioribus
2016 3851 2212 3897 vexant
2238 3841 2399 3906 locis,
2437 3856 2503 3895 ex
2535 3839 2807 3894 sententia
2854 3854 2978 3908 quae
3024 3853 3148 3893 reos
3176 3837 3275 3893 lla-

1691 3938 1853 4009 gellat
1882 3946 1937 3991 et
1962 3938 2223 4006 exagitat,
2267 3943 2427 4004 prout
2481 3933 2709 3987 historia
2738 3932 2805 3986 de
2860 3931 3134 4003 Aigyptiis
3171 3946 3278 3986 nos

1690 4029 1883 4085 edocet
1902 4028 1975 4093 ⁸³,
2006 4031 2135 4083 dum
2175 4042 2280 4081 uua
2313 4026 2532 4097 quidem
2567 4023 2739 4079 fertur
2771 4038 2801 4077 a
2834 4022 2944 4078 Deo
2975 4022 3271 4087 sententia,

1691 4123 1785 4179 sed
1816 4121 1882 4175 ad
1918 4120 2255 4190 propositum
2312 4127 2492 4172 tamen
2526 4133 2592 4173 ac
2641 4122 2897 4171 meritum
2949 4131 3139 4170 eorum
3173 4115 3272 4185 qui

1690 4214 1921 4269 audiunt
1964 4211 2434 4266 accommodatur.
2469 4207 2603 4262 Nam
2637 4206 2925 4278 E‘gyptios
2952 4207 3177 4277 quidem
3215 4206 3272 4262 in

1690 4309 1976 4364 Pharaone
2035 4304 2295 4376 castigat,
2386 4302 2661 4359 Israelitas
2688 4309 2869 4355 autem
2914 4300 3085 4372 Moysi
3134 4315 3273 4355 con-

1691 4406 1871 4452 servat
1900 4397 2225 4463 incolumes,
2258 4395 2526 4465 siquidem
2577 4394 2683 4448 illis
2723 4391 2903 4447 Nilum
2960 4392 3129 4447 rubro
3179 4406 3273 4447 c0-

1691 4493 1806 4547 lore
1844 4491 2127 4561 perfusum
2162 4491 2215 4544 in
2272 4488 2595 4559 sanguinem
2656 4486 2840 4548 vertit,
2875 4493 2936 4539 ut
2991 4485 3081 4539 siti
3110 4484 3273 4555 puni-

1692 4594 1905 4649 rentur,
1935 4582 2021 4637 his
2057 4598 2188 4637 vero
2218 4582 2485 4649 integram
2517 4594 2671 4649 aqua:
2699 4587 2950 4632 naturam
2978 4576 3272 4631 illibatam-

1689 4693 1795 4749 que
1823 4675 2097 4740 servavit;
2137 4674 2242 4728 illis
2276 4672 2494 4743 quidem
2534 4672 2708 4726 Iuccm
2751 4668 2991 4723 divinam
3022 4667 3075 4720 in
3108 4674 3269 4729 tene-

1689 4777 1817 4827 bras
1845 4769 2075 4823 mutavit
2108 4766 2431 4837 palpabiles,
2462 4765 2548 4818 his
2577 4778 2707 4818 vero
2736 4763 2878 4815 intra
2907 4759 3106 4815 limites
3136 4773 3269 4813 suos

1689 4866 1865 4921 lucem
1900 4862 2271 4925 conservavit;
2305 4860 2412 4914 illis
2442 4856 2779 4928 Erythraeam
2815 4868 2962 4908 mare
2995 4862 3050 4907 ut
3086 4863 3270 4907 trans-

1691 4960 1756 5012 iri
1793 4966 1997 5026 posset,
2038 4959 2092 5009 in
2134 4952 2505 5008 continentem
2539 4948 2828 5010 convertit,
2873 4946 2957 5000 his
2992 4960 3121 5000 vero
3148 4960 3270 4998 rur-

1690 5068 1784 5105 sus
1813 5050 2127 5104 coalescens
2186 5044 2317 5098 illud
2349 5042 2568 5113 objecit,
2608 5050 2665 5095 ut
2728 5042 2783 5094 in
2848 5038 2979 5092 illud
3035 5035 3269 5107 ingressi

1690 5142 1945 5197 fluctibus
1975 5138 2217 5193 immersi
2247 5136 2525 5206 perierint.
2559 5133 2682 5187 Pari
2716 5132 2928 5186 ratione
2961 5132 3013 5183 in
3046 5128 3270 5183 fornace

1689 5250 1906 5304 quoque
1937 5231 2259 5302 Babylonica
2282 5230 2327 5259 ⁸³
2346 5244 2469 5283 cum
2490 5243 2597 5281 una
2626 5226 2892 5281 sententia
2926 5230 3270 5294 operaretur,

1690 5338 1800 5381 tres
1826 5326 2045 5395 quidem
2074 5322 2283 5377 Hebraei
2318 5322 2472 5391 pueri
2525 5331 2785 5388 tanquam
2824 5319 2877 5371 in
2913 5317 3095 5372 medio
3145 5329 3272 5369 rore

1690 5420 1742 5473 in
1770 5417 1987 5471 flamma
2032 5415 2424 5485 tripudiabant,
2460 5424 2515 5468 et
2568 5414 2800 5484 hymnos
2853 5411 3163 5476 canebant;
3217 5417 3272 5462 at

1690 5515 1783 5581 qui
1812 5525 1931 5564 eam
1976 5509 2201 5563 materia
2268 5508 2465 5575 injecta
2498 5505 2778 5567 fovebant,
2806 5514 2859 5557 et
2895 5504 2962 5559 ad
3022 5502 3269 5557 altitudi-

1694 5620 1817 5658 nem
1878 5600 2238 5672 quadraginta
2303 5614 2496 5653 uovem
2554 5598 2865 5653 cubitorum
2923 5595 3270 5655 evehebant,

1696 5692 1989 5749 confestim
2029 5692 2096 5746 ab
2137 5692 2251 5760 ipsa
2283 5690 2555 5745 combusti
2596 5696 2761 5759 atque
2797 5687 2851 5740 in
2884 5686 3095 5741 cineres
3140 5693 3271 5739 sunt

1850 5860 1890 5890 "
1928 5856 2119 5911 Matth.
2163 5872 2290 5923 λιν,
2332 5854 2422 5908 ll.
2500 5855 2543 5887 ⁸²
2573 5851 2688 5909 Jac.
2734 5868 2793 5920 tt,
2828 5852 2912 5908 Β.
2990 5852 3034 5882 ⁸³
3096 5847 3269 5902 Exod.
