3806 6510
72 392 193 452 MSS

71 523 126 579 Ὦ
146 515 387 575 Γαλάται
410 512 671 579 ἀνόητοι,
698 513 791 577 τις
815 507 974 578 ὑμᾶς
996 506 1364 566 ἐϐάσκανεη
1386 501 1596 568 Καλῶς

64 610 318 682 ἐτρύχετο,
358 605 443 669 τίς
488 599 641 670 ὑμᾶς
669 602 925 668 ἐνέκαψε
963 598 1038 666 τῇ
1064 596 1313 663 ἀληθείᾳ
1339 594 1429 678 μὴ
1464 594 1593 647 πεί-

64 702 271 760 θεσθαι;
305 695 433 756 Τοὺς
465 690 759 754 τοιούτους,
793 689 976 753 καθὼς
1008 688 1278 759 προέφην,
1308 685 1458 738 δοκεῖ
1506 700 1596 753 μοι

60 791 207 865 μηδὲν
237 777 543 840 ἀπὼνασθαι
580 782 673 835 τοῦ
720 781 1093 852 βαπτίσματος
1144 781 1191 834 εί
1236 776 1331 832 καὶ
1375 777 1595 846 φήσοιεν

56 879 254 953 Χριστῷ
293 876 545 947 κρίνοντι,
585 874 781 942 Κύριε,
811 876 882 928 ἐν
907 873 988 938 τῷ
1017 872 1110 939 σῷ
1138 872 1381 940 ὀνόματι
1410 868 1595 922 δυνά-

50 990 166 1043 μεις
208 966 563 1033 ἐποιήσαμεν
605 966 705 1018 καὶ
734 965 1012 1035 δαιμόνια
1061 962 1445 1030 ἐξεϐάλομεν,
1496 957 1596 1012 και

55 1061 362 1120 νοσοῦντας
389 1056 873 1124 ἐθεραπεὺσαμεν
892 1072 907 1087 ·
936 1051 1019 1117 οἷς
1040 1053 1139 1125 τὴν
1172 1050 1474 1122 πληκτικὴν
1500 1050 1596 1103 καὶ

47 1151 273 1221 δριμεῖαν
302 1147 393 1199 καὶ
418 1144 680 1199 κωκυτῶν
703 1144 885 1214 πλήρη
916 1144 1115 1197 ἔδωκεν
1150 1142 1424 1211 ἀπόφασιν
1454 1142 1594 1211 Χρι-

51 1241 189 1303 στὸς,
214 1240 241 1291 ὁ
272 1234 349 1305 τῷ
400 1234 539 1287 ὲλέει
580 1234 745 1287 αὑτοῦ
792 1234 1000 1296 πάντας
1041 1234 1187 1305 ἡμᾶς
1227 1232 1442 1302 ἐκείνης
1489 1231 1595 1284 ὰπ-

42 1333 195 1399 ἀγων,
240 1326 343 1380 ὑπὸ
394 1324 500 1377 τῶν
553 1323 801 1396 ἀμώμων
851 1324 1023 1392 ἁγίων
1055 1322 1220 1378 αὐτοῦ
1252 1322 1394 1393 ὑπὲρ
1436 1321 1594 1393 ἡμῶν

43 1417 503 1489 ἐκλιπαρούμενος.
561 1416 813 1482 Ἀσθὸεῖς
838 1416 949 1484 γὰρ
974 1415 1046 1469 ἐν
1078 1415 1274 1482 κρίσει
1299 1416 1412 1468 οὐκ
1446 1413 1593 1467 ἀνα-

37 1512 370 1576 στήσονται,
418 1508 553 1576 φησὶ
585 1507 750 1563 Δαϐὶδ
770 1509 798 1561 ὁ
824 1507 933 1561 τῶν
960 1506 1119 1561 θείων
1156 1506 1413 1577 μελῳδός.
1447 1506 1594 1573 Συμ-

38 1604 211 1673 φὼνως
246 1600 303 1653 δὲ
352 1598 529 1669 τούτῳ
567 1599 597 1651 ὁ
640 1596 839 1666 ὑψηλὸς
881 1597 988 1650 τῶν
1025 1596 1319 1668 προφητῶν
1368 1595 1593 1658 Ἡσαΐας

34 1694 201 1764 φησὶν,
250 1688 500 1758 Ἆρθὴτω
541 1691 574 1743 ό
606 1689 852 1756 ἀσεϐὴς,
883 1689 985 1742 ἵνα
1007 1688 1093 1757 μὴ
1122 1688 1220 1755 wn
1258 1686 1373 1753 τὴν
1402 1685 1592 1751 δόξαν

32 1782 253 1849 Κυρίου.
320 1780 504 1848 ’Δπερ
567 1777 799 1848 βεϐαιῶν
848 1779 878 1829 ὁ
942 1776 1087 1849 ἱερὸς
1139 1775 1350 1839 Παῦλός
1390 1788 1583 1845 φησιν·

35 1876 191 1927 Ὅσοι
246 1870 359 1941 γὰρ
410 1869 648 1937 ἀνόμως
696 1868 983 1939 ἥμαρτον,
1031 1869 1267 1937 ἀνόμως
1321 1870 1417 1922 καὶ
1471 1867 1587 1924 άπ-

28 1963 317 2023 ολοῦνται,
352 1959 496 2014 ἀλλὰ
514 1960 613 2031 τὴν
644 1960 882 2029 παντελῆ
918 1959 1012 2013 τοῦ
1039 1959 1175 2013 Θεοῦ
1207 1959 1588 2029 ἐγκατάλειιμν

26 2054 191 2109 αὐτῶν
240 2054 334 2118 καὶ
380 2052 767 2123 ἀποστροφὴν,
820 2051 914 2105 καὶ
963 2051 1062 2122 τὴν
1130 2054 1209 2115 εἰς
1255 2052 1592 2122 ἀπεράντους

22 2146 208 2208 αἰῶνας
252 2144 557 2214 τιμωρίαν.
606 2142 783 2196 Ταύτδ
812 2143 868 2196 δὲ
901 2143 993 2197 καὶ
1024 2144 1076 2196 οἱ
1105 2142 1381 2213 προφῆται
1405 2142 1594 2219 δηλοῦ·

25 2255 117 2299 σιν,
174 2236 274 2288 οὐκ
327 2236 411 2296 είς
463 2235 647 2306 κρίσιν
706 2232 1152 2306 παραστήσεσθαι
1204 2234 1595 2306 ἀνισταμένους

18 2326 254 2389 ἀσεϐεῖς,
309 2324 432 2377 ἀλλ’
486 2327 569 2388 είς
617 2324 943 2394 κατάκρισιν
974 2322 1129 2389 αὖθις
1178 2325 1595 2397 ἁπαχθήσεσθαι

19 2418 127 2487 ἅμα
153 2418 230 2487 τῷ
267 2416 514 2487 ἡγεμόνι
553 2416 731 2471 αὐτῶν
753 2416 1004 2487 διαϐόλῳ.
1044 2417 1177 2473 Οὐδὲ
1204 2418 1312 2488 γὰρ
1344 2420 1392 2471 ot
1424 2418 1597 2489 τήμε-

17 2526 100 2579 ρον
136 2508 291 2577 νόμοι
324 2508 422 2560 τὸν
456 2507 725 2578 πρόδηλον
756 2509 942 2576 φονέα.
968 2509 1001 2578 ἢ
1034 2510 1221 2579 μοιχὸν
1252 2511 1351 2581 τῆς
1374 2512 1597 2582 εἱρκτῆς

16 2601 468 2669 ἑκφωνήσαντες,
524 2600 873 2671 μκρηγορῖᾳ
916 2600 1189 2671 κρίνουσιν
1232 2602 1291 2657 ὲν
1333 2602 1452 2672 ὄψει
1496 2603 1597 2674 τῆς

15 2693 239 2761 φρικτῆς
290 2690 666 2762 όμηγύρεως,
706 2690 921 2762 ἐκείνην
951 2692 1019 2744 δι’
1070 2693 1280 2747 ἐκείνου
1330 2694 1599 2764 σωφρονί-

13 2780 209 2843 ζοντες.
258 2779 419 2842 Ἐνὸς
471 2778 582 2850 γὰρ
617 2779 828 2850 μέλους,
848 2782 1210 2852 τεμνομένου,
1243 2782 1277 2853 ἢ
1308 2783 1598 2854 καιομένου

9 2872 64 2924 ἐν
93 2869 170 2941 τῷ
200 2868 456 2941 σώματι,
496 2870 556 2923 τὸ
589 2871 708 2925 ὅλον
736 2871 814 2942 τῷ
848 2873 1003 2944 μέρει
1026 2873 1477 2945 συγκραδαίνεται
1505 2878 1602 2931 καὶ

10 2964 289 3031 ωναλγείο
346 2964 454 3016 καὶ
501 2962 621 3027 ἑνὸς
657 2963 916 3028 πολλάκις
958 2966 1167 3020 οἰκέτου
1219 2967 1598 3038 αἰκιζομένου,

2 3060 145 3112 πᾶτα
173 3054 288 3108 τῶν
328 3054 577 3109 οἰκετῶν
623 3057 656 3126 ἡ
707 3056 919 3125 φάλαγξ
966 3059 1280 3128 πτήσσουσα
1318 3058 1603 3130 διόρθωσιν

3 3147 136 3200 κατὰ
160 3145 420 3200 διάνοιαν
458 3147 825 3217 ὑπισχνεῖται,
858 3150 952 3203 καὶ
993 3149 1071 3221 μὴ
1114 3149 1311 3219 ψαύειν
1342 3151 1447 3204 τῶν
1499 3153 1605 3205 ἀπ-

0 3240 398 3310 ηγορευμένων
421 3257 436 3272 ο
474 3240 547 3293 δι’
576 3234 651 3293 ὧν
681 3242 886 3306 ἐκεῖνος
931 3245 1043 3306 τοῖς
1074 3243 1339 3312 ἀλγεινοῖς
1378 3248 1603 3317 περιερ-

0 3331 157 3399 ρὡει
190 3332 462 3403 θεηλάτῳ
497 3332 635 3404 ὀργῇ
659 3333 752 3386 ἐπὶ
778 3333 877 3405 τὴν
905 3334 1061 3404 δίκην
1093 3334 1403 3407 ἑλκόμενος.
1434 3335 1604 3390 Τοῦτό

0 3438 80 3490 μοι
116 3423 228 3475 νόει
264 3423 694 3493 οἰκονομεῖσθαι
732 3425 885 3496 παρὰ
926 3424 1046 3497 Θεῷ
1074 3428 1132 3479 ὲν
1164 3428 1473 3500 μυριάνδρῳ
1502 3428 1603 3481 πό-

0 3520 102 3578 λει,
141 3518 282 3585 μιᾶς
338 3516 783 3588 τιμωρουμένης
810 3517 1015 3581 οἰκίας,
1053 3518 1162 3573 τῶν
1200 3520 1603 3591 ἡμαρτημένων

0 3609 81 3677 τὴν
108 3608 275 3680 δίκην
306 3607 574 3662 ἐνταῦθα
607 3608 935 3679 ὑπέχουσαν,
965 3610 1102 3683 πρὸς
1127 3612 1289 3681 νῆψιν
1333 3613 1427 3665 καὶ
1462 3612 1604 3685 διόρο

0 3702 146 3752 ίωσιν
200 3701 323 3753 τῶν
356 3701 584 3757 λοιπῶν
633 3704 994 3759 συναστεῖτῶν
1026 3704 1119 3757 καὶ
1152 3704 1343 3758 πασῶν
1368 3705 1601 3761 πόλεων.

0 3790 254 3845 Ἀσεϐῶν
321 3792 451 3862 γὰρ
505 3794 1026 3859 καταπιπτόντων,
1080 3792 1297 3849 δίκαιοι
1358 3796 1603 3865 ἔμφοϐοι

1 3884 252 3941 -ίνονται
277 3924 296 3951 ,
329 3885 528 3955 φησὶν
554 3884 584 3937 ὁ
609 3882 719 3939 τῶν
746 3883 908 3959 θείων
932 3885 1093 3954 σοφὸς
1115 3884 1390 3954 Σολομῶν.

28 4047 142 4100 Καὶ
175 4049 269 4102 ὃτι
305 4050 493 4102 οὐδὲν
531 4047 712 4118 ὀνήσει
752 4049 843 4103 ἐπὶ
884 4050 985 4121 τῆς
1028 4050 1282 4115 ἁκλινοῦς
1332 4052 1426 4107 καὶ
1471 4053 1594 4106 ἁδε-

0 4136 166 4189 iason»
214 4139 491 4210 κρίσεως
530 4138 595 4191 τὸ
642 4138 794 4207 ἅγιον
838 4138 1141 4211 βάπτισμα,
1190 4141 1317 4205 τοὺς
1361 4143 1594 4199 ἐνταῦθα

0 4230 85 4283 ub
122 4230 409 4301 πολιτείᾳ
448 4230 693 4301 κακίστη
743 4230 1203 4301 καθυϐρίζοντας,
1247 4235 1341 4287 καὶ
1362 4234 1592 4300 ἀναξίως

0 4325 50 4392 ἧς
100 4324 472 4394 ἐπωνυμίας
522 4320 760 4393 Χριστοῦ
793 4321 1109 4390 διάγοντας,
1150 4325 1214 4377 ὲκ
1245 4323 1340 4377 τοῦ
1387 4325 1592 4397 ὑψηλοῦ

0 4417 344 4480 ιποστόλου,
387 4414 748 4485 λευκοτὲρως
776 4414 883 4468 τῶν
920 4414 1193 4487 ῥηθέντων
1218 4417 1312 4471 νῦν
1342 4420 1590 4473 παιδευό-

0 4508 130 4572 εθα,
186 4507 542 4579 διαρῥήδην
603 4504 867 4574 βοῶντοςο
914 4506 1229 4575 Ἀθετήσας
1272 4524 1363 4575 τις
1406 4512 1594 4580 νόμον

0 4599 244 4665 ωσέως,
273 4599 396 4653 ἐπὶ
424 4596 623 4651 δυσὶν
647 4596 685 4664 ἢ
709 4595 867 4664 τρισί
890 4594 1153 4665 μάρτυσι
1177 4600 1354 4667 χωρὶς
1384 4603 1592 4669 οἰκτιρ-

0 4692 68 4743 ὺν
118 4689 582 4757 ἀποθνήσκει.
635 4690 813 4755 Πόσῳ
855 4684 1098 4755 μᾶλλον
1121 4691 1391 4757 χείρονος
1419 4692 1591 4756 ἀξιω-

0 4785 202 4839 ίσεται
238 4783 572 4854 τιμωρίας
600 4783 632 4835 ὁ
676 4780 785 4834 τὸν
841 4782 977 4837 my
1002 4780 1106 4836 τοῦ
1145 4783 1293 4838 Θεοῦ
1326 4801 1591 4838 καταπα-

5 4896 162 4943 σας,
198 4877 322 4933 καὶ
372 4874 458 4928 τὸ
492 4869 643 4943 αἷμα
682 4872 793 4940 τῆς
816 4873 1102 4942 διαθήκης
1129 4876 1332 4930 κοινὸν
1359 4875 1595 4943 ἡγησά-

0 4988 120 5036 νος
141 4986 166 5035 ;
232 4967 615 5027 Καταπατεί
644 4964 701 5018 δὲ
732 4965 824 5019 τοῦ
854 4965 990 5019 Θεοῦ
1018 4966 1188 5021 Παῖδα
1223 4967 1395 5034 Λόγον
1426 4968 1558 5021 Θεὸν
1576 5008 1592 5032 ,

0 5061 71 5115 τὰ
132 5058 424 5131 μυστικὰ
481 5056 656 5110 αὑτοῦ
707 5058 963 5129 κράματα
997 5056 1165 5120 ἀδεῶς
1203 5058 1359 5128 χερσὶ
1405 5058 1596 5112 πλεον-

0 5153 247 5216 τούσαις
287 5154 408 5206 καὶ
444 5148 600 5203 κατὰ
626 5146 717 5201 τοῦ
755 5148 923 5211 πέλας
951 5148 1334 5219 ὲπαιρομέναις
1368 5148 1595 5219 δεχόμε-

0 5264 50 5310 ἵν
111 5247 219 5298 [σα
282 5239 496 5309 κοινῷ
532 5240 682 5308 ἄρτῳ
711 5238 803 5291 καὶ
853 5238 980 5308 οἴνῳ
1005 5239 1283 5309 τιθέμενος
1314 5240 1350 5293 ἃ
1393 5241 1452 5294 ὲν
1484 5243 1597 5304 τοῖς

0 5340 153 5401 nos”;
179 5333 485 5395 διανοίας
512 5330 758 5400 δμμασιν
779 5330 1121 5402 ὲνθεωρείται
1150 5332 1302 5394 Θεός.
1330 5332 1459 5386 Ζῶν
1489 5333 1599 5402 γὰρ

0 5431 194 5497 ιόγος
216 5428 355 5483 τοῦ
385 5422 566 5483 Θεοῦ
590 5423 685 5475 καὶ
709 5420 960 5491 ἐνεργὴς
980 5423 1076 5475 καὶ
1100 5421 1423 5491 τομώτερος
1449 5424 1599 5492 ὑπὲρ

0 5535 146 5576 σαν
208 5519 587 5591 μάχαιραν
648 5513 970 5582 δίστομον,
1030 5514 1129 5568 καὶ
1188 5514 1601 5584 διϊκνούμενος

0 5632 93 5683 ιρι
134 5603 519 5681 μερισμοῦ
561 5602 765 5684 Ψυχῆς
817 5602 918 5656 καὶ
963 5600 1262 5671 σώματος,
1299 5602 1501 5672 ἁρμῶν
1531 5621 1595 5657 τε

1389 366 1735 426 οιΑιοουε
1770 367 1860 425 lll.
1937 399 1947 403 -

3122 373 3258 430 1068

1692 490 1861 544 totius
1890 488 2147 561 subjecta
2184 488 2283 544 soli
2307 489 2495 544 doctor
2530 486 2739 561 inquit:
2778 489 2825 546 Ο
2852 480 3008 546 stulti
3032 490 3257 556 Galatae,

1691 583 1806 650 quis
1832 598 1918 635 cos
1956 582 2235 654 fascinavit
2257 581 2340 636 ιιι
2372 580 2675 636 Currebatis
2709 583 2853 649 bene,
2889 583 3006 653 quis
3044 599 3130 637 vos
3159 583 3263 636 im-

1690 672 1907 741 pedivit,
1938 689 2001 726 ne
2037 673 2313 726 crederetis
2343 674 2553 726 veritati
2571 673 2655 727 ἐἳ
2684 673 2864 740 Tales,
2904 673 3260 745 quemadmo-

1693 765 1822 818 dum
1858 774 2015 819 antea
2061 764 2196 829 dixi,
2243 763 2373 818 mihi
2414 764 2665 819 videntur
2703 766 2837 820 nihil
2880 780 2944 819 ex
2993 766 3264 834 baptismo

1693 855 1946 910 utilitatis
1986 856 2246 919 habituri,
2304 855 2517 912 etiamsi
2574 854 2793 911 Christo
2846 855 3015 925 iudici
3064 857 3263 910 dicturi

1691 949 1799 1003 siut
1823 967 1836 1003 :
1864 948 2102 1012 Domine,
2126 966 2296 1004 nonne
2318 959 2407 1003 tuo
2443 950 2651 1004 nomine
2675 948 2916 1018 prodigia
2943 950 3180 1017 fecimus,
3213 957 3263 1002 et

1688 1038 1954 1093 demonia
1994 1038 2265 1107 ejecimus,
2306 1047 2358 1091 et
2397 1037 2637 1106 inﬁrmos
2678 1035 3027 1091 sanavimus.’
3063 1036 3263 1106 quibus

1691 1126 1849 1181 letale
1871 1138 1924 1180 et
1955 1127 2216 1193 terribile,
2256 1135 2312 1181 et
2342 1127 2522 1182 luctus
2551 1126 2771 1196 plenum
2806 1140 3128 1194 responsum
3148 1125 3262 1196 jam

1690 1216 2126 1281 deditChristus,
2159 1232 2189 1271 a
2224 1232 2335 1286 quo
2371 1232 2465 1288 per
2496 1215 2929 1273 misericordiam
2971 1230 3128 1270 suam
3164 1231 3265 1270 nos

1689 1324 1885 1365 omnes
1909 1309 2165 1376 vindicet,
2218 1324 2315 1380 per
2359 1310 2669 1380 inculpates
2724 1317 2946 1365 sanctos
2990 1323 3123 1367 suos
3167 1324 3266 1378 pro

1691 1400 1852 1455 nobis
1880 1409 2161 1456 exoratus.
2220 1400 2381 1469 [mpii
2411 1403 2548 1455 enim
2599 1402 2654 1455 in
2689 1400 2895 1470 judicio
2953 1417 3054 1454 non
3091 1415 3268 1455 resur-

1688 1501 1842 1561 gent,
1863 1491 2042 1562 inquit
2063 1491 2294 1547 Davides
2314 1491 2623 1546 divinorum
2650 1493 2957 1547 carminum
2980 1500 3172 1547 auctor
3195 1490 3263 1546 ⁸⁸.

1687 1582 1826 1638 Cum
1885 1583 1991 1639 hoc
2031 1591 2213 1638 autem
2260 1584 2612 1639 consentiens
2650 1584 2885 1640 eximius
2930 1585 3070 1640 inter
3117 1593 3267 1639 vates

1687 1672 1855 1728 lsaias
1904 1673 2078 1742 inquit
2104 1693 2119 1729 :
2144 1674 2438 1743 Auferatur
2472 1676 2688 1744 impius,
2725 1692 2788 1729 ne
2826 1677 2998 1730 videat
3039 1676 3267 1747 gloriam

1687 1765 1907 1822 Domini
1926 1768 1991 1821 ⁸⁷.
2024 1767 2158 1835 θυαε
2188 1768 2524 1824 conﬁrmans
2556 1768 2717 1825 divus
2746 1768 2971 1832 Paulus,
2990 1770 3107 1823 ait:
3137 1767 3269 1834 Qui-

1690 1875 1892 1928 cunque
1921 1860 2114 1930 absque
2151 1860 2261 1931 lege
2307 1871 2673 1929 peccauerunt,
2726 1862 2887 1916 etiam
2918 1863 3111 1930 absque
3159 1862 3267 1929 lege

1683 1950 1922 2017 peribunt
1942 1952 2009 2015 ⁸⁸,
2063 1951 2314 2007 videlicet
2361 1953 2579 2022 penitus
2622 1966 2719 2008 eos
2758 1952 3041 2017 desereute
3074 1953 3182 2007 Deo
3215 1961 3268 2004 et

1690 2048 1972 2093 aversante
2001 2039 2172 2109 ipsos,
2199 2049 2254 2094 et
2285 2040 2554 2110 supplicio
2590 2041 2753 2097 nullis
2775 2041 3102 2096 saeculorum
3161 2050 3269 2095 ter-

1690 2127 1854 2183 minis
1874 2129 2115 2185 tiniendo
2144 2130 2431 2187 adiciente.
2458 2131 2603 2186 Idem
2634 2140 2685 2187 et
2705 2130 2983 2201 prephette
3005 2132 3266 2196 indicant,

1693 2221 1759 2275 ad
1786 2220 2055 2290 judicium
2088 2237 2195 2276 non
2230 2222 2507 2278 sistendos
2536 2232 2884 2293 resurgentes
2923 2224 3148 2293 impios,
3173 2223 3267 2278 scd

1692 2312 1760 2366 ad
1814 2313 2333 2371 condemnationem
2393 2313 2541 2370 illico
2594 2314 2942 2371 abducendos
2988 2330 3097 2370 una
3143 2330 3267 2371 cum

1695 2403 1939 2473 principe
1974 2418 2077 2460 suo
2106 2404 2347 2461 diabolo.
2369 2409 2557 2476 Neque
2586 2408 2734 2463 enim
2766 2407 2929 2476 hujus
2955 2408 3118 2463 etiam
3144 2409 3271 2464 vitae

1694 2492 1840 2563 leges
1863 2492 2214 2551 manifestum
2239 2496 2572 2553 homicidam
2610 2497 2690 2552 vel
2730 2496 3063 2564 adulterum,
3115 2506 3270 2568 post-

1693 2598 1858 2652 quam
1907 2597 1974 2637 ex
2031 2598 2257 2640 carcere
2304 2586 2602 2642 arcessitus
2647 2596 2751 2651 est,
2801 2587 2963 2657 longa
3018 2591 3270 2643 oratione

1695 2673 1957 2729 damnant
2008 2674 2062 2728 in
2111 2684 2409 2744 conspectu
2465 2675 2834 2732 formidabilis
2869 2684 3065 2741 matus,
3104 2693 3267 2747 quem

1693 2767 1811 2837 eius
1850 2766 2095 2836 exemplo
2119 2767 2411 2837 castigant.
2435 2766 2571 2822 Cum
2592 2768 2737 2824 enim
2766 2783 2933 2823 unum
2963 2769 3267 2824 membrum

1696 2868 1997 2923 resecatur,
2028 2864 2125 2911 aut
2158 2858 2337 2912 uritur
2380 2857 2434 2911 in
2463 2873 2713 2928 corpore,
2748 2866 2921 2913 totum
2954 2873 3079 2913 cum
3114 2869 3270 2929 parte

1693 2947 2006 3003 concutitur
2032 2957 2086 3002 et
2108 2947 2378 3003 condolet.
2411 2946 2479 3001 Et
2506 2947 2800 3019 aliquoties
2827 2963 2938 3005 uno
2979 2965 3123 3004 caeso
3167 2949 3268 3003 lla-

1698 3042 1809 3113 gris
1842 3039 2070 3106 famulo,
2122 3049 2231 3094 tota
2267 3039 2599 3096 famulorum
2639 3040 2839 3095 cohors
2878 3040 3266 3108 extimescens,

1693 3133 2131 3190 emendationem
2162 3132 2262 3188 sibi
2282 3131 2571 3201 pollicetur
2592 3131 2644 3186 in
2670 3131 2875 3196 animo,
2897 3139 2952 3187 et
2974 3130 3119 3202 quod
3144 3141 3267 3187 tan-

1699 3238 1822 3294 gere
1866 3224 2003 3278 nolit
2052 3238 2141 3278 res
2196 3223 2540 3290 interdictas,
2582 3232 2805 3295 propter
2843 3239 2983 3294 quas
3022 3224 3111 3279 ille
3157 3235 3268 3280 tam

1699 3314 1946 3368 tristibus
1986 3314 2169 3385 ﬂagris
2215 3314 2453 3385 undique
2486 3315 2806 3372 conscissus
2847 3316 2942 3379 sit,
3004 3316 3269 3373 divinitus

1694 3406 1939 3462 immissa
1972 3408 2051 3462 ira
2081 3406 2148 3461 ad
2170 3405 2437 3475 judicium
2466 3414 2798 3477 pertractus.
2824 3407 2953 3463 Tale
2976 3409 3107 3479 quid
3125 3411 3269 3464 scias

1693 3500 1806 3569 geri
1841 3514 1872 3553 a
1920 3499 2029 3553 Deo
2061 3498 2116 3552 in
2150 3497 2409 3567 populosa
2455 3497 2697 3561 civitate,
2740 3513 2867 3553 cum
2922 3514 3029 3553 una
3060 3498 3271 3556 familia

1694 3590 1963 3659 supplicio
1993 3589 2252 3653 aﬂicitur,
2287 3603 2410 3659 quae
2427 3588 2752 3645 delictorum
2776 3604 2992 3659 pmnam
3028 3590 3151 3658 luit,
3194 3592 3267 3647 ad

1694 3682 2110 3753 castigationem
2145 3690 2198 3735 et
2238 3681 2643 3736 correctionem
2694 3690 3015 3737 ceterorum
3062 3684 3267 3738 civium

1692 3783 1747 3827 et
1770 3772 2051 3828 civitatum
2094 3771 2360 3826 omnium.
2416 3770 2605 3841 Impiis
2636 3773 2775 3827 enim
2819 3774 3147 3842 cadentibus,
3194 3779 3267 3830 ti-

1692 3880 1808 3916 mor
1844 3863 2104 3916 incutitur
2126 3860 2313 3930 justis,
2366 3861 2544 3932 inquit
2572 3862 2884 3919 divinarum
2916 3880 3098 3921 rerum
3124 3867 3270 3936 peri-

1694 3967 1782 4009 tus
1814 3954 1903 4011 ille
1941 3954 2219 4009 Salomon.

1763 4044 1919 4111 Quod
1951 4054 2136 4100 autem
2163 4045 2298 4100 nihil
2329 4044 2385 4101 in
2404 4045 2700 4115 inevitabili
2729 4054 2785 4100 et
2813 4045 3131 4117 incorrupto
3177 4048 3271 4104 illo

1687 4137 1894 4206 judicio
1948 4136 2297 4207 profuturum
2334 4138 2406 4192 sit
2450 4152 2671 4192 sacrum
2718 4136 2987 4207 baptisma
3037 4139 3126 4205 iis,
3174 4141 3271 4210 qui

1692 4226 1781 4279 hic
1814 4226 1944 4280 illud
1990 4242 2083 4296 per
2113 4226 2408 4296 pessimam
2440 4227 2655 4282 vivendi
2696 4228 2961 4283 rationem
2987 4238 3274 4287 contume-

1692 4318 1764 4371 lia
1790 4317 2109 4382 all‘ccerunt,
2144 4326 2200 4371 et
2246 4318 2468 4389 indigne
2514 4319 2842 4387 cognomine
2882 4319 3087 4375 Christi
3120 4323 3270 4378 vixe-

1694 4420 1844 4477 runt,
1892 4411 1961 4465 de
1987 4408 2192 4464 eximio
2235 4409 2501 4478 Aposmlo
2544 4410 2860 4475 dilucidius,
2908 4427 3073 4482 quam
3110 4416 3273 4472 exiis

1701 4521 1823 4576 quae
1880 4504 2022 4559 dicta
2071 4511 2202 4557 sunt
2247 4502 2529 4569 hactenus,
2578 4503 2864 4571 discimus,
2915 4506 3117 4563 diserte
3155 4509 3272 4564 cla-

1700 4602 1883 4650 mante
1916 4613 1930 4648 :
1977 4593 2080 4660 Qui
2110 4605 2419 4663 aspernatus
2450 4595 2612 4662 fuerit
2636 4595 2799 4665 legem
2827 4600 3013 4663 Mosis,
3035 4600 3271 4669 perduos

1700 4697 1864 4742 tresve
1911 4695 2064 4739 testes
2102 4687 2369 4739 convictus
2393 4684 2589 4754 absque
2625 4686 2737 4740 ulla
2772 4688 3140 4743 misericordia
3168 4708 3274 4744 mo-

1699 4780 1838 4831 ritur
1869 4792 1887 4830 :
1916 4775 2081 4829 multo
2122 4777 2288 4845 magis
2314 4776 2488 4845 pejore
2528 4777 2718 4846 dignus
2757 4777 3033 4835 habebitur
3070 4783 3274 4849 suppli-

1698 4871 1800 4933 cio,
1827 4870 1916 4938 qui
1952 4867 2153 4921 Filium
2173 4868 2267 4921 Dei
2298 4868 2682 4923 concuteauerit
2702 4879 2751 4922 et
2770 4873 3082 4940 sanguinem
3110 4883 3273 4927 testa-

1697 4961 1856 5015 menti
1884 4976 1976 5012 ceu
2010 4974 2113 5011 rem
2132 4958 2412 5027 profanam
2428 4958 2670 5012 habuerit
2685 4960 2749 5011 θ’.
2768 4958 3062 5019 Cunculcat
3089 4972 3270 5018 autem

1697 5052 1790 5107 Dei
1826 5050 2025 5105 Filium
2049 5059 2103 5104 et
2130 5048 2363 5104 Verbum
2397 5048 2513 5113 Dei,
2555 5051 2649 5119 qui
2681 5051 2907 5121 mystica
2933 5053 3055 5121 ejus
3076 5056 3275 5123 pocula

1698 5141 1964 5211 intrepide
1998 5140 2250 5194 manibus
2285 5141 2572 5210 rapacibus
2589 5150 2641 5196 et
2667 5143 2931 5199 adversus
2953 5145 3266 5212 proximum

1697 5232 1919 5287 elevatis
1948 5232 2137 5293 sumit,
2171 5230 2335 5285 veluti
2367 5245 2711 5285 communem
2746 5246 2942 5301 panem
2975 5242 3031 5289 et
3082 5234 3272 5291 vinum

1698 5334 1981 5395 reputans,
2026 5340 2148 5393 qua:
2180 5326 2235 5377 in
2265 5322 2516 5379 ﬁdelibus
2539 5323 2736 5377 utentis
2767 5326 2945 5381 oculis
2969 5332 3101 5383 sunt
3157 5328 3277 5399 ipse

1697 5417 1858 5475 Deus.
1902 5416 2057 5470 Vivus
2096 5416 2233 5470 enim
2285 5424 2360 5469 est
2408 5429 2578 5469 sermo
2614 5414 2733 5479 Dei,
2786 5428 2833 5470 et
2873 5418 3075 5485 editas,
3114 5429 3163 5473 et
3186 5436 3275 5487 pe.

1697 5509 1993 5563 netrantior
2019 5509 2199 5575 quovis
2220 5506 2400 5577 gladio
2428 5506 2669 5576 utrinque
2709 5506 2994 5575 incidente,
3009 5519 3059 5561 et
3073 5513 3275 5576 pertin-

1704 5617 1822 5670 gens
1856 5616 2016 5669 usque
2048 5600 2116 5651 ad
2151 5599 2460 5652 divisionem
2505 5598 2696 5651 anima:
2740 5610 2787 5654 et
2839 5604 3095 5669 corporis,
3141 5620 3276 5656 com-

25 5794 249 5847 Galut.
305 5803 416 5853 ιιι,
470 5785 539 5838 1.
613 5784 657 5814 ⁸⁸
691 5781 936 5850 Ga'at.v,
978 5786 1027 5839 7.
1067 5786 1112 5818 “
1151 5784 1300 5861 Psul.
1341 5802 1379 5854 ι,
1417 5788 1466 5842 5.
1512 5789 1556 5822 ⁸⁷

1744 5804 1891 5855 xxvi,
1924 5787 2009 5851 l0,
2053 5800 2163 5841 sec.
2198 5782 2362 5837 LXX.
2397 5781 2442 5813 “
2485 5779 2645 5837 Rom.
2689 5798 2753 5847 ιι,
2789 5784 2872 5839 12.
2955 5785 2998 5819 ⁸⁸
3025 5784 3186 5840 Hebr.
3218 5804 3273 5856 ι,

7 5867 114 5920 29.

284 5960 619 6041 ξιτ-κοί..
663 5952 781 6012 Gn.
820 5938 1177 6009 XXXVIII.

2920 5950 2995 6010 3b
