3874 6520
597 376 731 442 mn?

595 519 889 573 pngumque
922 513 970 557 et
1001 494 1377 566 medullarum,
1426 508 1474 554 et
1504 500 1764 555 discretor
1791 504 2174 572 cogitationum

595 606 646 647 et
688 598 873 649 mentis
905 593 1365 662 conceptarum",
1412 593 1875 661 quemadmodum
1925 594 2040 663 ipse
2080 609 2176 663 per

597 685 825 741 Paulum
884 687 1079 756 inquit.
1131 684 1267 738 Nam
1318 694 1515 738 neutro
1550 684 1713 737 modo
1762 684 1921 752 perit,
1961 682 2177 736 etiamsi

599 778 793 845 partim
836 777 1009 831 clavis
1060 774 1389 845 conﬁgatur,
1438 775 1638 844 partim
1690 774 1839 827 ﬂuat.
1904 772 2013 827 Nec
2048 774 2176 827 item

598 868 927 931 absumitur,
962 882 1085 921 cum
1121 866 1348 935 perinde
1380 874 1442 920 ut
1482 881 1576 919 aer
1606 866 1675 918 ab
1708 864 1967 921 omnibus
2012 864 2183 935 perci-

599 959 800 1028 piatur,
851 967 907 1013 et
960 958 1319 1013 nihilominus
1372 967 1589 1011 maneat
1639 956 1782 1011 Dens
1826 957 1991 1021 idem,
2033 957 2179 1010 haud

600 1051 945 1105 imminutus.
975 1047 1150 1103 Verba
1187 1057 1365 1104 autem
1400 1046 1834 1103 PauliDominus
1865 1049 2181 1119 obsignans,

600 1149 655 1195 et
676 1142 794 1210 pari
824 1154 950 1195 cum
985 1138 1281 1193 incredulis
1318 1138 1583 1207 supplicio
1617 1138 1932 1194 alliciendos
1988 1149 2182 1193 osten-

602 1237 759 1300 dens,
785 1235 879 1305 qui
915 1235 1135 1289 nomine
1181 1232 1402 1302 quidem
1438 1232 1757 1296 Christiani,
1810 1248 1867 1286 re
1892 1248 2023 1287 vero
2054 1232 2183 1287 mali

603 1339 751 1392 sunt,
782 1337 835 1382 et
862 1342 957 1398 per
998 1325 1371 1382 temulentiam
1420 1326 1702 1395 neglignnt
1739 1325 1969 1379 salutem
2003 1340 2181 1390 suam,

604 1418 781 1488 inquit
801 1418 854 1471 in
883 1414 1176 1486 Evangelio
1216 1433 1229 1469 :
1263 1414 1323 1468 Si
1355 1415 1545 1467 dixerit
1578 1416 1633 1467 in
1681 1415 1836 1468 corde
1883 1431 1979 1469 suo
2006 1430 2183 1468 servus

603 1507 693 1562 ille
728 1523 746 1560 :
780 1507 1073 1562 Cunctatur
1099 1506 1344 1560 dominus
1374 1522 1515 1559 meus
1546 1506 1739 1572 venire,
1773 1506 2038 1575 simulque
2081 1522 2186 1559 cae-

602 1602 736 1668 perit
765 1608 1030 1668 percutere
1062 1613 1359 1659 conservos,
1398 1605 1446 1650 et
1478 1597 1627 1651 edere
1657 1607 1812 1666 atque
1849 1597 2019 1650 bibere
2066 1613 2184 1650 cum

603 1689 860 1742 consertis
903 1688 1061 1741 ebriis
1092 1703 1110 1739 :
1142 1686 1305 1739 Amen
1346 1686 1464 1739 dico
1514 1686 1677 1751 vobis,
1725 1686 1887 1740 veniet
1927 1686 2176 1739 dominus

602 1782 735 1834 servi
775 1780 921 1835 illius
955 1780 1040 1832 die
1071 1794 1173 1847 quo
1207 1793 1308 1830 non
1339 1788 1628 1843 exspectat,
1654 1786 1702 1830 et
1725 1777 1856 1829 hora
1897 1794 2001 1847 qua
2032 1778 2184 1848 igno-

602 1880 710 1934 rat,
734 1878 783 1922 et
806 1868 1084 1921 dissecabit
1109 1882 1251 1930 eum,
1272 1875 1320 1919 et
1350 1875 1503 1933 ponet
1527 1875 1730 1933 partem
1756 1867 1923 1935 ipsius
1943 1883 2062 1919 cum
2093 1868 2180 1919 in-

601 1959 910 2013 credulis“.
952 1958 1221 2013 Dissecari
1254 1972 1473 2011 servum
1504 1972 1611 2009 non
1638 1958 1996 2026 corporaliter
2028 1957 2188 2010 intel-

603 2049 857 2118 ligamus,
899 2048 1046 2115 (nam
1087 2044 1398 2115 imperitum
1449 2042 1552 2097 hoc
1596 2042 1736 2096 foret
1772 2058 1837 2098 ac
1872 2043 2185 2113 ridiculum)

603 2140 697 2193 sed
727 2153 822 2208 per
860 2137 1240 2207 spoliationem
1273 2133 1638 2205 spiritualium
1671 2134 1940 2188 donorum
1994 2147 2047 2190 et
2092 2136 2186 2189 ba-

604 2229 900 2297 ptismatis,
947 2238 1001 2282 et
1026 2242 1155 2297 erga
1182 2225 1365 2296 ipsum
1395 2223 1679 2287 libertatis,
1720 2224 1982 2279 dissecari
2015 2238 2045 2278 a
2080 2224 2187 2278 Do-

604 2319 755 2371 mino
778 2317 1117 2371 damnandos
1151 2316 1531 2385 intelligamus.
1582 2312 1700 2367 Non
1745 2315 1889 2368 enim
1924 2313 2043 2368 ﬁeri
2092 2331 2184 2385 po-

606 2418 731 2473 test,
762 2418 821 2462 ut
861 2409 953 2477 qui
980 2406 1202 2462 Christo
1231 2407 1610 2471 adluerent,ac
1628 2405 1791 2459 veluti
1816 2406 2017 2461 milites
2038 2406 2185 2462 illius

604 2499 877 2570 obsignati
909 2498 1189 2568 signaculo
1222 2508 1351 2553 sunt
1382 2508 1436 2553 et
1466 2514 1600 2552 zona
1634 2498 1850 2552 militia:
1880 2498 2053 2567 ipsius
2076 2500 2187 2554 cin-

604 2596 702 2657 Cti,
736 2592 1053 2662 puniantur,
1111 2590 1215 2646 nisi
1248 2592 1400 2662 prius
1433 2590 1542 2645 illis
1568 2591 1784 2660 spoliati
1816 2591 1949 2645 sint.
1991 2590 2187 2657 Quem-

606 2684 897 2738 admodum
916 2692 970 2739 et
996 2693 1292 2753 prasentes
1324 2684 1484 2739 hodie
1512 2682 1659 2755 leges
1690 2685 1909 2750 docent,
1940 2700 2063 2740 reos
2080 2687 2185 2740 mi-

607 2778 728 2832 lites
771 2791 877 2831 non
917 2776 1067 2845 prius
1100 2775 1239 2831 aﬁlci
1280 2775 1479 2831 debere
1536 2776 1825 2846 supplicio,
1862 2793 2025 2847 quam
2078 2778 2185 2832 illis

605 2883 744 2923 zona
774 2868 846 2923 sit
878 2868 1129 2937 adempta
1161 2884 1174 2921 :
1202 2880 1313 2938 quo
1361 2867 1721 2937 signiﬁcatur,
1773 2868 2022 2939 symbolo
2047 2868 2187 2922 mili-

607 2964 697 3017 tia:
722 2961 865 3031 ipsis
892 2960 1097 3024 abiato,
1131 2973 1285 3014 more
1314 2960 1654 3029 privatorum
1704 2975 1735 3013 a
1781 2959 2038 3015 carniﬁce
2094 2975 2186 3029 pu-

609 3053 714 3108 niri
772 3066 953 3123 posse.
994 3051 1348 3107 Evidentiore
1404 3065 1530 3105 vero
1578 3051 1940 3106 similitudine
1998 3060 2180 3114 utens.

606 3145 736 3216 quid
760 3146 872 3201 haec
894 3144 1075 3199 divina
1097 3143 1354 3199 dissertio
1381 3142 1471 3208 sit,
1495 3143 1795 3197 ostendam.
1823 3141 1957 3197 Nam
1982 3145 2072 3214 qui
2099 3160 2186 3199 su-

610 3238 771 3291 blime
801 3236 998 3290 solium
1031 3233 1230 3290 Christi
1276 3233 1665 3288 administrant
1697 3235 2000 3303 pontiﬁces,
2044 3235 2091 3290 si
2127 3235 2181 3289 in

609 3328 792 3396 aliquo
818 3326 975 3396 lapsu
998 3324 1080 3381 'sit
1103 3332 1551 3379 consceratorum
1570 3324 1842 3394 quispiam
1868 3326 1920 3379 in
1942 3327 2181 3395 ipsorum

610 3428 910 3484 cmtu,non
951 3417 1104 3487 prius
1140 3416 1316 3486 ipsum
1356 3416 1531 3485 pomis
1561 3417 1877 3485 subjiciunt,
1913 3433 2075 3487 quam
2102 3419 2186 3472 di-

609 3512 753 3565 vinis
783 3525 813 3563 a
847 3508 1020 3565 sacris
1049 3523 1172 3562 eum
1202 3508 1556 3571 removerint,
1601 3517 1655 3560 et
1681 3508 1897 3562 illorum
1943 3511 2188 3578 privatus

611 3604 681 3659 sit
714 3602 996 3674 symbolis.
1025 3600 1103 3652 Eo
1133 3610 1294 3670 pacto
1318 3600 1609 3669 spoliatum
1661 3616 1759 3670 pro
1790 3616 1900 3655 uno
1930 3616 1996 3655 ex
2035 3602 2189 3656 laicis

613 3694 833 3748 habent.
866 3691 970 3746 Per
991 3704 1156 3761 quam
1188 3691 1591 3759 ademptionem
1625 3691 1902 3745 iudicatur
1928 3691 2188 3771 dissertio

615 3787 684 3840 de
708 3800 817 3856 qua
862 3785 1072 3840 dictum
1120 3792 1225 3846 est,
1256 3790 1310 3836 et
1356 3798 1451 3851 per
1478 3783 2020 3839 connumerationem
2070 3784 2188 3852 ejus

618 3892 742 3932 cum
770 3875 1034 3947 gregariis
1063 3882 1119 3929 et
1145 3873 1365 3934 vilibus,
1388 3873 1576 3943 portio
1614 3888 1739 3927 cum
1776 3874 2072 3929 incredulis
2102 3874 2190 3930 de-

612 3970 872 4024 claratur.
890 3966 945 4023 ld
966 3967 1111 4038 quod
1135 3976 1189 4021 et
1208 3964 1438 4019 Davides
1450 3964 1749 4018 carminum
1776 3966 1863 4019 ille
1878 3965 2187 4021 divinorum

613 4071 805 4116 auctor
828 4060 985 4129 longe
1006 4058 1345 4123 anteinnuit,
1373 4057 1446 4111 ita
1475 4058 1774 4112 testiﬁcans
1804 4076 1816 4111 :
1858 4056 1986 4111 Vota
2008 4060 2189 4128 facite,

612 4164 662 4210 et
693 4156 893 4209 reddite
924 4154 1146 4207 Domino
1181 4152 1289 4205 Deo
1322 4160 1526 4215 vestro;
1560 4167 1737 4203 omnes
1757 4151 1810 4203 in
1832 4151 2055 4203 circuitu
2075 4150 2190 4217 ejus

614 4243 753 4297 dona
766 4244 989 4312 afferant
1003 4242 1227 4296 εει·τίῡὶίί
1238 4250 1285 4295 et
1299 4242 1555 4310 auferenti
1568 4242 1785 4310 spiritus
1803 4253 2107 4311 magnamm
2122 4240 2187 4293 ".

686 4415 865 4470 Nolim
904 4429 1035 4469 vero
1074 4415 1366 4484 quisquam
1417 4413 1717 4468 arbitretur
1776 4414 1844 4468 de
1886 4416 2190 4470 animarum

616 4508 889 4563 ablatione
919 4520 1138 4560 carmen
1165 4506 1294 4560 illud
1324 4505 1695 4575 accipiendum
1727 4520 1869 4560 esse.
1892 4505 2011 4560 Non
2042 4509 2187 4562 enim

616 4596 1033 4670 gubernantium
1077 4595 1259 4660 modo,
1297 4596 1391 4650 sed
1426 4602 1485 4649 et
1522 4609 1711 4649 eorum
1746 4597 1837 4664 qui
1878 4596 2187 4665 gubernan-

616 4702 737 4756 tur,
767 4699 820 4744 ct
848 4688 1193 4743 dominorum
1222 4727 1237 4751 ,
1271 4696 1322 4740 et
1357 4701 1638 4742 servorum
1661 4724 1675 4748 ,
1716 4686 1873 4755 plane
1907 4687 2022 4756 ipse
2051 4688 2187 4743 indit

616 4790 667 4835 et
724 4778 907 4834 aufert
952 4777 1217 4831 animales
1263 4776 1509 4846 spiritus.
1555 4772 1822 4829 Nimirum
1866 4776 2067 4831 dicitur
2122 4778 2189 4833 de

616 4870 816 4936 anima,
841 4870 951 4925 imo
979 4869 1047 4925 de
1095 4868 1467 4938 spiritualibus
1521 4867 1710 4932 donis,
1777 4876 1831 4921 et
1875 4868 1944 4921 de
2011 4869 2191 4938 bapti-

617 4971 812 5017 smate.
846 4959 1123 5031 Magnates
1145 4974 1271 5014 vero
1291 4960 1420 5011 mihi
1450 4956 1700 5011 videntur
1736 4971 1858 5012 csse
1887 4972 1952 5011 ac
1981 4957 2187 5012 domini

618 5050 915 5105 inﬁdelium
966 5048 1172 5111 ﬁdeles,
1201 5063 1229 5101 a
1263 5047 1359 5101 Dei
1404 5044 1582 5099 Verbo
1618 5046 1761 5113 quod
1796 5057 1914 5099 erat
1948 5047 2001 5100 in
2040 5047 2189 5116 prin-

617 5142 802 5212 cipio,
858 5141 913 5195 id
956 5141 1257 5203 consecuti,
1317 5147 1375 5191 ut
1429 5138 1782 5191 dominentur
1836 5139 2001 5192 etiam
2057 5139 2189 5208 ipsis

618 5232 977 5288 daemonibus.
1010 5230 1153 5285 Nihil
1197 5232 1342 5285 enim
1382 5229 1471 5284 isti
1512 5228 1582 5282 ab
1624 5228 1729 5283 illis
1766 5229 2042 5283 habebunt
2084 5230 2191 5285 dis-

618 5323 901 5389 criminis,
958 5323 1147 5378 eodem
1206 5336 1477 5377 consensu
1547 5320 1899 5376 adversantes
1966 5321 2073 5377 Deo
2133 5332 2190 5378 et

618 5411 961 5469 Christianos
986 5420 1381 5482 oppugnantes.
1409 5411 1559 5477 Quos
1589 5421 1647 5464 ut
1680 5411 1909 5480 imperio
1942 5424 2190 5481 premant

619 5514 674 5559 et
697 5503 1036 5574 proculcent,
1066 5503 1285 5558 divinus
1324 5501 1411 5556 ille
1450 5502 1680 5557 Davides
1712 5502 1885 5557 multo
1912 5512 2038 5558 ante
2069 5522 2189 5575 pre-

1626 384 1683 439 S.
1725 384 2017 440 CAESARI]
2033 401 2039 407 -
2057 376 2383 440 GREGORII
2423 382 2722 438 FRATRIS
3641 391 3733 447 MS

2279 503 2376 555 καὶ
2416 501 2683 571 μυελῶν,
2738 500 2834 554 καί
2890 500 3238 568 διακριτικὸς
3293 502 3623 573 ἐνθυμήσεων
3672 514 3734 564 ιισί

2279 594 2566 647 ἐννοιῶνο
2619 591 2805 655 καθὼς
2852 591 3013 654 αὐτὸς
3039 593 3125 645 διὰ
3159 593 3361 645 Παύλου
3393 597 3550 665 φησίν.
3574 600 3736 654 Odisti-

2284 700 2377 754 ρου
2408 683 2516 753 γὰρ
2545 681 2875 753 ἐξεκρούσθη
2896 699 2911 713 ο
2942 682 3038 735 τοῦ
3083 685 3178 752 μὲν
3204 684 3584 755 καθηλουμένου,
3609 689 3678 741 τοῦ
3700 692 3736 743 δὲ

2283 775 2527 843 ῥέοντος,
2562 774 2669 828 οὐδ’
2715 770 2786 827 αὖ
2835 773 2997 826 πάλιν
3028 772 3353 839 δαπανᾶται,
3393 776 3518 828 κατὰ
3555 779 3623 829 τὸν
3647 780 3738 850 ἀέρι

2283 866 2389 917 ὑπὸ
2422 866 2638 919 πάντων
2667 864 3045 934 μετεχόμενος,
3075 866 3167 917 καὶ
3203 865 3369 933 μένων
3392 868 3419 917 ὁ
3447 867 3579 930 αὐτὸς
3598 869 3739 939 ἀμείω-

2282 973 2374 1019 τος
2399 956 2550 1019 Θεός.
2583 956 2663 1009 Τὰ
2693 956 2749 1009 δὲ
2790 954 3004 1009 Παύλου
3034 956 3441 1025 ὲπισφραγίζων,
3469 959 3548 1011 καὶ
3584 960 3652 1011 ἶσα
3670 961 3742 1014 τῶν

2284 1048 2530 1101 ἀπίστων
2556 1048 2769 1111 δεικνὺς
2794 1048 3210 1119 τιμωρήσασθαι
3233 1048 3352 1108 τοὺς
3372 1049 3535 1118 κλήσει
3558 1050 3633 1118 μὲν
3654 1050 3743 1121 Χρι-

2287 1141 2553 1203 στιανοὺς,
2591 1140 2737 1211 ἔργῳ
2772 1140 2827 1193 δὲ
2865 1140 3154 1209 πονηροὺς,
3178 1139 3272 1192 καὶ
3294 1141 3521 1210 παροινίᾳ
3544 1141 3623 1210 τῆς
3644 1146 3745 1209 σνγιῑιν

2285 1233 2632 1303 ἀμελούντων
2663 1233 2955 1304 σωτηρίας.
2994 1233 3081 1285 Ἑν
3111 1230 3445 1299 Εὐαγγελίοις
3469 1233 3618 1301 φησίν·
3650 1235 3745 1287 ἐὰν

2286 1324 2354 1376 δὲ
2383 1324 2525 1391 alim
2570 1324 2639 1376 ὲν
2680 1322 2871 1388 ἑαυτῷ
2918 1325 2952 1376 ὁ
2991 1321 3212 1387 δοῦλος
3238 1320 3481 1387 ἐκεῖνος,
3507 1325 3746 1389 Χρονίζειό

2287 1416 2491 1483 κύριός
2511 1432 2623 1482 μου
2657 1414 2761 1467 τοῦ
2791 1413 3008 1478 ἐλθεῖν,
3046 1413 3146 1467 καί
3172 1412 3397 1480 ἄρξεται
3429 1415 3631 1467 τύπτειν
3652 1416 3747 1479 τοὺς

2287 1503 2687 1570 συνδούλους,
2713 1504 2940 1558 ἐσθιειν
2969 1520 3031 1557 τε
3060 1504 3156 1558 καί
3186 1506 3374 1569 πίνειν
3396 1505 3526 1573 μετὰ
3542 1504 3634 1557 τῶν
3647 1523 3748 1558 συν.

2286 1595 2526 1648 δούλων
2565 1595 2939 1663 μεθυόντων
2983 1594 3147 1664 ἀμὴν
3182 1595 3334 1664 λέγω
3376 1595 3520 1664 ὑμῖν,
3551 1595 3652 1662 ἣξει
3678 1599 3749 1649 κύ-

2281 1704 2411 1756 ριος
2446 1686 2551 1741 τοῦ
2596 1686 2820 1740 δούλου
2863 1687 3123 1751 ἐκείνου,
3165 1687 3234 1739 ἐν
3260 1686 3436 1757 ἡμέρᾳ
3466 1682 3501 1758 ᾗ
3538 1690 3596 1742 οὑ
3617 1702 3748 1756 προσ·

2288 1777 2459 1843 δοκᾷ,
2484 1777 2585 1831 καὶ
2616 1778 2686 1830 ἐν
2714 1772 2833 1845 ὥρᾳ
2856 1771 2896 1848 ᾖ
2925 1779 2995 1830 οὺ
3025 1776 3319 1847 γινώσκει,
3348 1779 3437 1831 καί
3461 1778 3747 1847 διχοτομήσει

2288 1869 2497 1934 αὐτὸν,
2538 1868 2637 1922 καί
2672 1867 2843 1934 θήσει
2888 1868 2957 1921 τὸ
2974 1868 3162 1936 μέρος
3197 1868 3377 1923 αὑτοῦ
3399 1868 3637 1938 μετὰτῶν
3658 1872 3750 1923 dxt-

2290 1976 2478 2014 στων.
2530 1960 2943 2029 Διχοτομείσοαι
2994 1960 3086 2013 τὸν
3136 1960 3349 2031 οἰκέτην
3398 1962 3464 2031 μὴ
3511 1964 3749 2031 σωματικῶς

2286 2051 2569 2120 νοήσωμεν
2597 2049 2871 2120 (ἀμαθίας
2890 2050 2997 2121 γὰρ
3026 2049 3184 2103 τοῦτο
3212 2052 3300 2103 καὶ
3338 2052 3687 2123 γέλωτος),ἀλλὰ
3706 2058 3748 2121 τῇ

2285 2140 2569 2212 ἀφαιρέσει
2616 2140 2723 2193 τῶν
2771 2141 3156 2210 πνευματικῶν
3202 2143 3528 2212 χαρισμάτων
3571 2145 3644 2195 καὶ
3685 2142 3749 2195 τοῦ

2286 2232 2686 2303 βαπτίσματος,
2728 2234 2819 2285 καί
2850 2233 2949 2303 τῆς
2974 2233 3103 2301 πρὸς
3137 2235 3302 2287 αὐτὸν
3346 2236 3627 2306 παρρησίας,

2284 2324 2565 2394 τομείσθαι
2603 2323 2707 2377 ὑπὸ
2737 2322 2831 2376 τοῦ
2864 2324 3066 2393 Κυρίου
3098 2325 3228 2387 τοὺς
3258 2323 3632 2396 κριθησομένους
3650 2329 3747 2395 ἡμᾶς

2285 2415 2585 2485 νοήσωμεν.
2624 2415 2698 2467 Ού
2732 2414 2842 2485 γάρ
2872 2409 2982 2467 οἷόν
3012 2431 3071 2468 τε
3092 2416 3223 2478 τοὺς
3253 2415 3454 2487 Χριστῷ
3482 2417 3749 2485 συνθεμένους

2285 2507 2384 2559 καὶ
2447 2500 2559 2558 οἷον
2603 2506 2939 2577 στρατιώτας
2981 2508 3485 2579 κατασημανθέντας
3512 2512 3567 2577 τῇ
3607 2510 3749 2560 ἐκείνω

2286 2597 2561 2668 σφραγίδι,
2593 2599 2686 2651 καὶ
2698 2600 2764 2669 τῇ
2790 2597 2934 2671 ζώνῃ
2957 2600 3051 2670 τῆς
3076 2600 3243 2653 αὑτοῦ
3268 2602 3503 2672 στρατιᾶς
3526 2599 3751 2669 διειλημμέ-

2291 2703 2415 2751 νους
2458 2687 2838 2757 τιμωρεῖσθαι,
2891 2690 2967 2760 μὴ
3028 2690 3294 2762 πρότερον
3343 2692 3540 2743 ἐκείνων
3577 2692 3747 2759 ἀπορω-

2288 2780 2505 2849 γέντας,
2534 2780 2715 2844 καθὼς
2745 2780 2837 2834 καὶ
2862 2783 2911 2834 οἰ
2935 2784 3173 2854 τήμερον
3203 2785 3352 2854 νόμοι
3386 2782 3648 2838 παιδεύουσι
3669 2783 3751 2844 τοὺς

2287 2871 2491 2936 αἰτίους
2539 2872 2646 2925 τῶν
2691 2873 3038 2942 στρατιωτῶν
3067 2875 3141 2945 μὴ
3169 2876 3427 2948 πρότερον
3451 2876 3748 2946 τιμωρεῖσθαι,

2288 2965 2416 3034 πρὶν
2461 2964 2563 3033 τῆς
2615 2964 2792 3036 ζώνης
2838 2967 3243 3037 ἀπορραγῆναι,
3293 2967 3390 3038 τῆς
3431 2968 3649 3040 συμϐόλου
3687 2965 3751 3031 τῆς

2289 3056 2568 3126 στρατιᾶς,
2599 3055 2691 3108 καὶ
2723 3059 2789 3126 τῇ
2820 3058 3035 3128 ἐκείνης
3061 3059 3349 3130 ἀφαιρέσει
3388 3061 3467 3112 [sa
3491 3060 3579 3112 τῶν
3600 3056 3751 3110 ίδιωτιῖιι

2291 3145 2705 3210 καταξαίνεσθαι
2762 3147 2838 3219 τῷ
2901 3149 3097 3220 δημίῳ.
3146 3152 3521 3222 Ἐναργεστέρᾳ
3567 3148 3602 3202 δ’
3639 3148 3750 3200 εἰκόνι

2288 3239 2633 3309 χρησάμενος
2657 3242 2991 3310 παραστήσω
3011 3243 3107 3312 τὴν
3131 3242 3285 3296 θείαν
3304 3243 3594 3313 διχοτομίαν.
3617 3242 3661 3293 Ol
3682 3239 3751 3306 γὰρ

2287 3327 2378 3380 τὸν
2404 3328 2605 3397 ὑψηλὸν
2632 3329 2724 3382 τοῦ
2755 3331 2988 3400 Χριστοῦ
3030 3332 3309 3397 διέποντες
3339 3334 3508 3403 Θρόνον
3531 3333 3749 3403 ἀρχιερεῖς.

2288 3419 2381 3472 τοῦ
2411 3418 2596 3473 (nam
2628 3422 2687 3473 ὲν
2728 3421 2922 3492 όλίσΘῳ
2954 3423 3097 3486 τινὸς
3139 3426 3251 3477 τῶν
3285 3426 3561 3495 ἱερωμένων
3595 3422 3753 3489 γενομέ·

2289 3527 2381 3564 νου
2401 3552 2416 3575 ,
2445 3511 2505 3562 ού
2536 3513 2801 3583 πρότερον
2822 3514 2985 3567 αὑτὸν
3009 3518 3192 3581 εἰςτὰς
3214 3519 3362 3582 δίκας
3375 3516 3567 3581 διδόασι,
3582 3514 3674 3583 πρὶν
3688 3513 3752 3577 τῆς

2291 3598 2441 3663 θείας
2469 3601 2776 3672 ἀπορρῆξαι
2820 3604 3068 3674 τελετῆς,
3100 3608 3168 3659 τὰ
3199 3608 3409 3678 ἐκείνης
3447 3605 3751 3676 ἀφαιρούμενον

2294 3689 2535 3761 σύμϐολα
2554 3707 2567 3721 °
2603 3693 2695 3745 καὶ
2726 3692 2898 3757 οὕτως
2926 3695 3323 3766 καθαιρεθέντα
3366 3699 3452 3751 ἕνα
3496 3698 3586 3749 τῶν
3616 3692 3752 3746 inian

2292 3782 2561 3853 ἡγεῖσθαι.
2594 3785 2671 3836 Δι’
2692 3778 2767 3838 ὧν
2792 3786 2890 3855 τῆς
2917 3788 3264 3858 ἀφαιρέσεως
3293 3788 3523 3859 δηλοῦται
3551 3789 3577 3856 ὴ
3600 3785 3751 3856 ῥηθεῖσι

2290 3873 2596 3944 διχοτομία,
2626 3876 2719 3928 καὶ
2747 3879 2814 3946 τῇ
2850 3879 3238 3946 συγκαταλέξει
3267 3880 3357 3933 τοῦ
3378 3880 3595 3948 ἀγελαίου
3620 3873 3751 3946 inuti

2290 3968 2398 4021 τῶν
2439 3970 2681 4023 ἀπίστων
2722 3970 2898 4041 μερίς.
2956 3972 3130 4043 Ὅπερ
3159 3975 3255 4027 καὶ
3287 3973 3441 4027 Δαϐἰδ
3480 3975 3505 4025 ὁ
3538 3970 3623 4023 τῶν
3647 3967 3751 4019 Otium

2296 4056 2530 4127 μελῳδὸς
2582 4059 2940 4129 προηνίξατο,
2981 4059 3470 4133 διαμαρτυρόμενος
3502 4059 3653 4117 οὕτως,
3677 4054 3751 4105 Εὗ-

2293 4147 2499 4212 ξασθε,
2551 4148 2648 4201 καί
2680 4148 2935 4202 ἀπόδοτε
2978 4152 3173 4218 Κυρίῳ
3230 4152 3309 4217 τῷ
3360 4150 3472 4216 Θεῷ
3499 4146 3629 4218 ὑμῶν
3652 4144 3750 4214 (9⁴)’

2293 4238 2513 4304 πάντες
2536 4240 2592 4291 οἱ
2620 4240 2822 4306 κύκλῳ
2848 4240 3033 4294 αὑτοῦ
3054 4242 3297 4297 οἰσουσι
3322 4242 3469 4311 δῶρα
3494 4238 3561 4304 τῷ
3596 4231 3753 4306 φοϐερῷ

2292 4324 2390 4377 καί
2412 4325 2824 4395 ἀφαιρουμένῳ
2848 4329 3153 4396 πνεύματα
3179 4330 3492 4399 ἀρχόντων.

2362 4418 2568 4487 Μηδεὶς
2608 4418 2664 4471 δὲ
2708 4418 2903 4472 οἰέσθω
2935 4422 3062 4493 περὶ
3092 4420 3281 4491 ψυχῶν
3329 4420 3623 4490 ἀφαιρέσεως
3658 4414 3753 4481 ἔχειν

2292 4508 2391 4580 τὴν
2448 4507 2712 4577 μελῳδίαν
2757 4507 2896 4579 (ούκ
2930 4510 3204 4580 ἀρχόντων
3238 4511 3345 4581 γὰρ
3373 4511 3544 4581 μόνον,
3571 4504 3670 4559 ἀλλὰ
3693 4499 3753 4552 καὶ

2294 4600 2611 4672 ἀρχομένων
2643 4600 2737 4652 καὶ
2762 4601 3035 4653 δεσποτῶν
3064 4602 3157 4654 καὶ
3186 4603 3424 4665 οἰκετῶν,
3452 4601 3629 4660 πάντως
3647 4594 3753 4650 αὐτὴ

2294 4692 2530 4761 ἐντίθησι
2558 4691 2649 4743 καὶ
2677 4691 2987 4763 ἀφαιρεῖται
3016 4694 3087 4746 τὰ
3112 4694 3317 4764 ψυχικά
3342 4692 3640 4762 πνεύματα),
3665 4681 3751 4736 ἀλλὰ

2295 4780 2513 4843 πάντως
2543 4779 2670 4850 περὶ
2697 4779 2805 4833 τῶν
2829 4780 3091 4850 ψυχικῶν,
3119 4783 3315 4851 μᾶλλον
3350 4782 3441 4835 καὶ
3464 4770 3751 4845 πνευματικῶν

2293 4869 2646 4941 χαρισμάτων
2710 4867 2805 4921 καὶ
2852 4867 2946 4921 τοῦ
3004 4868 3394 4940 βαπτίσματος,
3453 4868 3683 4935 Ἄρχοντες
3715 4853 3750 4905 δέ

2299 4978 2387 5031 μοι
2414 4959 2628 5013 δοκοῦσι
2659 4959 2752 5011 καὶ
2781 4958 2959 5031 κύριοι
3001 4960 3107 5012 τῶν
3129 4961 3369 5013 ἀπίστων
3395 4961 3440 5013 οἰ
3467 4954 3630 5013 πιστοί,
3652 4943 3753 5012 παρὰ

2292 5051 2389 5103 τοῦ
2421 5052 2478 5103 ἑν
2508 5051 2649 5119 ἀρχῇ
2695 5049 2869 5117 Λόγου
2907 5049 3041 5102 Θεοῦ
3088 5050 3150 5102 τὸ
3176 5052 3361 5122 ἄρχειν
3388 5049 3496 5102 κατ’
3530 5042 3668 5099 αὐτῶν
3693 5035 3751 5087 καὶ

2293 5142 2563 5212 δαιμόνων
2590 5140 2723 5212 (95).
2755 5140 2922 5193 Ούδὲν
2954 5142 3060 5213 γὰρ
3102 5136 3248 5197 οὗτοι
3283 5142 3491 5195 ἐκείνων
3527 5134 3750 5189 διοίσουσιν.

2294 5229 2627 5301 ὁμογνώμωί
2653 5228 2771 5299 θεῷ
2805 5230 3170 5302 ἀντικείμενοι
3194 5232 3287 5285 καὶ
3328 5226 3625 5301 Χριστωνοίς
3646 5214 3751 5269 πολε-

2298 5323 2542 5394 μοῦντες.
2578 5318 2670 5385 Οἷς
2693 5322 2753 5374 τὸ
2783 5320 2971 5392 ἄρχειν
2997 5325 3093 5377 καὶ
3123 5328 3311 5378 πατεῖν
3335 5322 3513 5382 αὐτοὺς
3529 5320 3554 5371 ὁ
3574 5308 3753 5378 θεοφόρτῖ

2296 5415 2457 5469 Δαόὶδ
2506 5414 2975 5485 προεπευχόμενος
3020 5415 3160 5480 ἀξιοῖ
3208 5416 3268 5469 τὸ
3303 5416 3448 5469 θεῖον
3487 5400 3753 5467 cam-lia-

2296 5505 2619 5571 ταστήσεις
2647 5505 2867 5572 αὐτοὺς
2896 5505 3191 5575 ἄρχοντας
3214 5508 3308 5561 ἐπὶ
3345 5504 3531 5562 πᾶσαν
3555 5497 3645 5564 τὴν
3662 5485 3751 5559 τίετ’

694 5638 739 5668 "°
767 5636 929 5694 licbr.
958 5654 1035 5705 tv,
1066 5636 1150 5693 12.
1227 5637 1269 5669 ⁷⁸
1300 5635 1432 5691 Luc.
1466 5653 1561 5699 xu,
1586 5635 1677 5698 45,
1708 5635 1796 5689 ιϐ.
1874 5638 1919 5669 ⁷⁸
1951 5635 2098 5693 Psal.
2135 5658 2185 5695 ι.)

2288 5684 2297 5709 ,
2336 5640 2423 5703 ιε,
2472 5639 2559 5692 l5.

697 5770 807 5840 (94)
851 5768 935 5836 Τῷ
961 5775 1025 5826 Θ.
1446 5769 1622 5842 ἡμῶν.
1661 5768 1769 5825 Sed
1806 5768 1961 5843 Vulg.
1996 5784 2185 5841 vestro,

626 5839 747 5913 quae
776 5852 953 5898 tamen
986 5841 1167 5898 subdit
1197 5839 1428 5909 effertis.

2368 5772 2479 5841 (95)
2514 5772 2832 5841 Δαιμόνιον.
2880 5770 3039 5827 Deest
3063 5773 3150 5829 hic
3192 5770 3405 5829 verbum
3446 5762 3670 5831 δεξάμενοι
3691 5758 3749 5801 ³⁸⁸

2293 5843 2593 5914 εἰληφότες,
2624 5841 2705 5896 vel
2737 5842 2866 5912 quid
2898 5844 3095 5899 simile.
