3806 6532
80 412 204 472 ωδε

78 521 493 593 Μνησθήσομαι
523 522 630 576 τοῦ
675 520 965 592 ὀνόματός
995 530 1111 577 σου
1134 524 1204 577 ἐν
1245 523 1413 591 πάσῃ
1450 518 1627 591 γενεᾷ

78 620 162 675 καί
186 612 373 687 γενεᾷ.
417 615 760 680 Ἐπακούσας
786 615 842 668 δὲ
873 614 968 669 τοῦ
1014 615 1295 687 προφήτου
1321 616 1350 667 ὁ
1377 614 1510 678 Θεὸς
1532 614 1628 668 καὶ

75 712 263 777 Λόγος,
307 705 367 770 ἐξ
411 707 636 760 ἐκείνων
694 706 985 778 ἀνδρωθεὶς
1030 708 1125 760 καὶ
1167 706 1391 760 ἐκείνων
1437 706 1628 776 κόσμῳ

72 798 417 869 ὲπεφοίτησεο
484 797 583 849 καὶ
641 796 919 870 θεηγορῶν
971 798 1031 850 ὲν
1086 796 1437 866 Εὑαγγελίοις
1493 796 1627 869 φησὶ

71 892 200 964 πρὸς
234 888 402 959 ἡμᾶς,
435 887 737 957 Θαρσεῖτε,
764 888 879 957 ἐγὼ
901 889 1188 955 νενίκηκα
1218 890 1326 941 τὸν
1365 890 1622 957 κόσμον,

68 986 176 1050 καὶ,
222 980 386 1044 Ἰδοὺ,
412 980 649 1035 δέδωκα
678 980 820 1050 ὑμῖν
854 980 1146 1044 ἐξουσίαν
1178 980 1386 1034 πατεῖν
1417 980 1622 1034 ’ἐπάνω

70 1078 250 1145 ὄφεων
275 1072 375 1126 καὶ
391 1072 722 1141 σκορπίων,
756 1072 854 1127 καὶ
873 1071 969 1125 ἐπὶ
1001 1069 1207 1127 πᾶσαν
1234 1071 1350 1140 τὴν
1367 1072 1625 1142 δύναμιν

64 1165 164 1219 τοῦ
189 1162 434 1231 ἐχθροῦο
469 1162 594 1231 ἦτις
633 1162 868 1234 ὑπάρχει
920 1165 1070 1216 πᾶσα
1109 1164 1319 1235 αἵρεσις
1358 1163 1493 1234 (96).
1533 1162 1623 1217 Ἐν

66 1258 206 1327 πάσῃ
224 1254 281 1307 δὲ
302 1256 464 1325 γενεᾷ
498 1255 591 1307 καὶ⁵
618 1257 779 1327 γενεᾷ
798 1256 1209 1327 μνημονεύομεν
1237 1257 1330 1311 τοῦ
1350 1258 1623 1328 ὀνόματος

59 1345 288 1419 Χριστοῦ
309 1345 569 1416 ἄρχοντες
584 1346 692 1399 τῶν
717 1346 974 1401 ἐναντίων
1001 1350 1096 1402 καὶ
1125 1349 1306 1420 κύριοι
1363 1351 1454 1403 ὑπ’
1476 1351 1620 1403 ὲκεί-

60 1458 147 1495 νου
187 1437 556 1502 καταστάντες
594 1438 684 1492 διὰ
707 1438 802 1492 τοῦ
835 1439 1238 1511 βαπτίσματος,
1270 1442 1367 1495 καὶ
1416 1440 1510 1495 τοῦ
1563 1444 1621 1496 ὲν

57 1529 200 1601 αὑτῷ
213 1529 512 1600 δοθέντοςξὴ
522 1532 612 1600 μῖν
628 1529 782 1599 ἁγίου
804 1530 943 1583 Πνεύ
951 1532 1286 1601 ματος.”Απε
1292 1550 1324 1603 ρ
1350 1533 1619 1604 ὲναρέτως

58 1622 295 1694 βιοῦντες
342 1620 623 1692 γεραίρειν
667 1621 1088 1692 σπουδάσωμεν,
1122 1623 1325 1694 μηδένα
1370 1624 1620 1696 σπῖλονῆ

56 1712 242 1783 μῶμον
272 1710 459 1775 αὐτοῖς
507 1710 567 1777 ἐξ
611 1710 921 1783 ἀκαθάρτου
959 1712 1236 1778 πολιτείας
1266 1715 1623 1786 προσιρίὸον-

51 1821 168 1866 τες.
210 1802 432 1872 ,μήποτε
461 1800 663 1872 κρίνων
709 1802 917 1873 Ἰησοῦς
955 1802 1284 1876 διχοτομήσῃ
1311 1807 1481 1876 ἡμᾶς,
1528 1806 1626 1859 καὶ

53 1898 189 1967 μετά
220 1893 337 1946 τῶν
371 1894 690 1966 ἀρχομένων
725 1895 968 1949 ἀπίστων
1022 1897 1394 1974 συναπολέσῃ,
1437 1902 1518 1965 είς
1563 1899 1626 1955 τὸ

50 1990 157 2060 πῦρ
185 1989 249 2041 τὸ
290 1988 546 2055 αἰώνιον,
585 1989 902 2062 ἀπορρήξας
952 1990 1050 2045 τοῦ
1107 1994 1479 2064 πνευματικοῦ
1521 2013 1623 2067 χα-

48 2085 317 2156 ρίσματος
358 2082 451 2136 καὶ
488 2083 881 2155 βαπτίσματος.
908 2086 1020 2155 υὺχ
1052 2087 1128 2150 ῶς
1151 2097 1256 2139 τινι
1286 2088 1343 2141 δὲ
1383 2088 1490 2141 τῶν
1523 2106 1625 2160 μυ-

46 2176 283 2243 ὓολόγων
327 2174 504 2239 ἔδοξεν
534 2172 691 2247 (96'),
732 2176 901 2240 ἀκοὰς
932 2169 1030 2247 μὲν
1071 2176 1334 2247 θέλγοντι,
1360 2179 1539 2250 ψυχὰς
1569 2180 1626 2233 δὲ

44 2268 103 2319 οὐ
146 2266 433 2337 τρέφοντι,
478 2266 652 2338 πέρας
684 2267 795 2335 ἕξει
821 2270 854 2339 η
881 2268 989 2323 τῶν
1016 2270 1356 2341 ἁμαρτωλῶν
1383 2274 1624 2343 τιμωρία

44 2359 106 2411 ἐκ
135 2358 233 2411 τοῦ
263 2357 489 2412 αίώνιον
521 2359 679 2429 μόνον
703 2359 880 2430 ’φῆσαι
906 2359 998 2414 τὸν
1044 2361 1245 2434 Κύριον
1269 2362 1331 2415 τὸ
1365 2364 1625 2437 κολαστὴ-

42 2462 156 2520 ριον
186 2449 331 2521 πῦρ,
380 2450 476 2503 καὶ
504 2451 605 2504 οὐκ
635 2450 851 2508 αἰώνιον
882 2453 1113 2509 αίὼνων.
1147 2456 1261 2510 Οὐκ
1303 2457 1488 2529 ἐπειδὴ
1515 2459 1624 2531 γὰρ

38 2545 67 2595 6
93 2543 395 2613 προφήτης
416 2543 600 2613 φησὶν,
633 2546 738 2609 Εἰς
762 2543 882 2598 τῶν
900 2546 1104 2610 αἰῶνα,
1136 2548 1331 2616 Κύριε,
1363 2552 1396 2604 ὁ
1434 2551 1624 2620 Λόγος

39 2649 151 2685 σου
184 2632 464 2700 διαμένει
511 2632 581 2685 ὲν
630 2632 711 2698 τῷ
742 2635 1003 2703 οὐρανῷ,
1054 2637 1204 2709 παρὰ
1254 2638 1411 2693 τοῦτο
1463 2642 1624 2713 μέχρι

35 2724 176 2786 τινος
200 2722 299 2777 τὸν
324 2722 457 2775 Θεὸν
481 2723 574 2778 noti.
596 2724 765 2793 Λόγον
787 2726 844 2778 ὲν
863 2727 941 2797 τῷ
971 2728 1184 2799 οὐρανῷ
1213 2730 1478 2801 ὑπάρχειν
1499 2735 1623 2806 νοή-

38 2825 242 2879 σωμεν,
306 2810 451 2879 μετὰ
492 2809 549 2863 δὲ
589 2811 680 2864 τὸν
717 2811 890 2867 αἰῶνα
920 2815 1175 2886 ὲκφοιτᾷν
1208 2815 1317 2871 τῶν
1354 2820 1619 2891 οὐρανῶν.

32 2901 142 2953 Καὶ
196 2900 375 2955 πάλιν
409 2903 437 2954 6
477 2901 640 2965 αὑτός
694 2920 858 2975 φησι,
888 2907 997 2959 Καὶ
1030 2908 1069 2976 ἡ
1111 2902 1362 2976 ἀλήθεια
1403 2915 1622 2981 Κυρίου

26 2995 193 3063 μένει
227 2996 333 3060 εις
362 2992 470 3049 τὸν
496 2993 704 3051 αἰῶνα.
735 2992 859 3068 Ἆρ’
902 2993 1001 3052 οὖν
1048 3000 1186 3072 μετά
1216 3020 1337 3056 τινα
1367 3007 1624 3078 χρονικὴν

28 3087 269 3157 πάροδον
302 3086 411 3141 οὐκ
439 3087 591 3142 ἔσται
611 3087 861 3159 ἀληθινὸς
889 3093 918 3145 6
945 3092 1170 3165 Κύριος,
1196 3095 1337 3149 κατὰ
1359 3098 1457 3169 τὴν
1482 3111 1625 3165 παρ-

24 3180 201 3233 ανίαν
235 3177 346 3232 τοῦ
375 3179 475 3248 τῆς
512 3180 683 3250 ὀργῆς
726 3181 1046 3252 ὲπωνύμου;
1079 3184 1248 3249 Αὐτὸς
1276 3186 1322 3239 δ’
1357 3189 1415 3240 ὲν
1446 3189 1596 3260 Εὐαγ

20 3272 228 3340 γελίοις
273 3273 312 3326 6
346 3272 541 3343 κριτής
579 3288 713 3343 φησι
746 3274 857 3336 τοῖς
886 3273 1051 3338 θείοις
1074 3276 1238 3330 αὐτοῦ
1270 3279 1617 3345 ἀποστόλοις,

22 3363 129 3418 Καὶ
156 3364 283 3435 ἐγὼ
309 3364 446 3433 μεθ’
480 3360 647 3432 ὑμῶν
672 3365 810 3434 εἰμι,
844 3364 956 3431 ἓως
987 3365 1096 3435 τῆς
1125 3372 1483 3436 συντελείας
1514 3373 1623 3427 τοῦ

18 3454 270 3522 αἰῶνος.
328 3450 401 3507 *Α
413 3455 459 3524 ρ’
486 3449 577 3507 οὖν
610 3453 714 3517 ἕως
743 3455 933 3525 χρόνου
966 3458 1281 3513 συνέσεσθαι
1316 3462 1480 3516 αὑτὸν
1506 3468 1619 3530 τοῖς

19 3548 201 3615 ἁγίοις
250 3546 687 3618 ὑπονοήσωμεν,
724 3547 758 3618 ἢ
797 3546 995 3618 μᾶλλον
1032 3550 1218 3614 ἀϊδίως
1263 3554 1355 3607 καὶ
1381 3554 1620 3627 ἀπεράν-

12 3655 160 3704 τως;
196 3637 340 3702 Πῶς
373 3638 433 3691 δὲ
461 3638 562 3691 οὐκ
598 3638 833 3709 ἐσχάτης
866 3639 1099 3710 ὑπάρχει
1133 3644 1476 3714 φρενητείας,
1520 3648 1621 3700 πέ-

14 3750 119 3804 ρας
152 3731 261 3785 τοῦ
311 3730 517 3795 αἰῶνος
564 3730 934 3796 ὑποτίθεσθαι,
964 3733 1057 3786 καὶ
1090 3734 1280 3808 μέχρις
1307 3738 1515 3792 ἐκείνου
1541 3753 1653 3794 τιο·

12 3823 369 3897 μωρηθέντα
396 3822 488 3876 τὸν
513 3822 756 3876 διάϐολον
786 3822 901 3894 ἅμα
931 3824 1039 3878 τῶν
1067 3829 1622 3898 προσαπελασθέντων

12 3916 332 3989 μοχθηρῶν
378 3913 716 3988 ἀνθρώπων,
753 3915 1167 3989 ἐλευθεροῦσθαι
1205 3922 1314 3976 τῶν
1357 3924 1621 3994 ἀλγεινῶν

11 4008 220 4080 μηκέτι
276 4007 713 4078 κολαζομένονςς
750 4008 823 4061 Τὸ
848 4007 907 4073 ἐξ
947 4010 1225 4067 ἀντιθέτου
1263 4014 1371 4087 γὰρ
1405 4017 1621 4084 πάντως

11 4103 254 4164 δικαίοις
306 4100 687 4170 ωμόἡσεται,
723 4100 1055 4172 μέχριτινὺς
1092 4098 1284 4169 αἰῶνος
1335 4110 1622 4181 μακαρίως

11 4190 288 4256 Ξιὼσασι,
345 4190 445 4243 καὶ
484 4190 542 4242 ἐν
585 4188 739 4260 ἀδείᾳ
770 4189 930 4243 πάλιν
978 4189 1292 4264 Θνήσκεινῆ
1334 4213 1385 4248 τι
1416 4192 1622 4267 ὑπομέ-

11 4294 153 4347 νειν,
214 4279 642 4352 περαιουμένου
685 4279 780 4332 τοῦ
830 4280 953 4334 κατ’
980 4281 1177 4346 αὐτοὺς
1226 4284 1440 4350 αἰῶνος.
1482 4289 1623 4355 Τοὺς

11 4378 104 4431 ,ιὲν
126 4378 209 4446 τὰ
218 4394 255 4448 ρ
286 4377 378 4438 εἰς
403 4374 548 4445 ζωὴν
573 4372 809 4437 αἰώνιον,
832 4374 957 4438 τοὺς
978 4374 1034 4427 δὲ
1057 4376 1139 4439 είς
1161 4376 1381 4432 κόλασιν
1406 4382 1620 4438 αἰώνιον

11 4466 370 4539 τορεύεσθαι
412 4464 441 4516 6
483 4462 673 4534 κριτὴς
723 4462 1058 4533 ἀπεφήνατο.
1121 4464 1358 4537 Ἀνάγκη
1388 4464 1483 4522 οὖν
1518 4488 1618 4524 πε-

11 4558 374 4631 >αιουμένης
420 4554 641 4608 ἐκείνων
674 4554 773 4624 τῆς
811 4553 1086 4619 κολάσεως
1125 4559 1483 4626 περαιοῦσθαι
1521 4562 1620 4618 καὶ

12 4652 218 4705 ούτων
263 4649 382 4719 τὴν
412 4646 575 4716 ζωὴν,
610 4644 792 4709 καθὼς
822 4663 982 4715 φασιν
1006 4647 1055 4699 οί
1077 4646 1178 4717 τῆς
1200 4645 1369 4715 ὅντως
1396 4653 1618 4727 ἐστερη-

11 4743 161 4795 ιὲνοι
207 4738 418 4807 ζωῆς,
463 4736 575 4790 τῶν
620 4735 904 4807 ὲγκρατῶν
952 4735 1051 4799 τὰς
1075 4738 1261 4807 χεῖρας
1301 4740 1615 4809 ἐκλύοντες,

12 4835 60 4896 ἱς
96 4830 310 4902 πέρας
351 4825 631 4888 κολάσεως
668 4825 862 4888 αὐτοὺς
891 4824 1329 4895 μετεωρίζοντες.

1421 401 1770 460 DIALO'GUS
1797 402 1891 459 ‘lll.

3160 407 3180 460 ί
3192 409 3294 462 070

1728 520 1884 573 cibus
1929 536 1959 573 a
2006 520 2113 575 Deo
2172 520 2353 575 verbis
2400 521 2549 575 hisce
2598 517 2880 578 contendit
2930 538 2942 573 :
2999 518 3294 577 Constituet

1728 612 1869 680 ipsos
1894 612 2153 681 principes
2195 628 2351 681 super
2381 614 2677 667 universam
2707 624 2923 669 terram.
2964 611 3167 667 Memor
3205 630 3295 670 ero

1727 704 1953 757 nominis
1982 705 2059 757 tui
2095 703 2157 757 in
2196 704 2341 757 omni
2377 706 2711 774 generatione
2768 716 2818 760 et
2852 706 3188 776 generatione
3226 708 3293 761 ’⁸.

1725 788 1992 850 Exaudito
2023 805 2202 850 autem
2238 804 2378 861 vate,
2412 795 2554 851 Deus
2582 797 2818 853 Verbum
2855 798 3109 867 deinceps
3130 798 3295 855 homo

1726 887 1901 943 factus
1955 888 2061 943 vati
2116 888 2309 945 similis
2361 888 2413 941 in
2462 888 2725 942 mundum
2776 888 2950 955 venit,
2997 898 3051 944 et
3107 900 3293 945 sancte

1725 981 2025 1050 praedicans
2066 980 2119 1034 in
2159 978 2452 1051 Evangelia
2494 980 2670 1048 inquit
2709 979 2776 1033 ad
2823 995 2924 1033 nos
2964 998 2978 1034 :
3012 980 3291 1050 Con/idite,

1723 1086 1815 1139 ego
1852 1085 1966 1123 sum
1999 1070 2088 1139 qui
2136 1069 2238 1123 vici
2275 1068 2529 1121 mundum
2571 1067 2639 1122 ⁷⁸.
2678 1069 2849 1134 item,
2881 1069 3015 1123 Ecce
3052 1072 3171 1124 dedi
3202 1088 3292 1125 vo-

1725 1159 1803 1213 bis
1843 1166 2155 1227 potestate»:
2197 1157 2439 1211 calcandi
2472 1173 2627 1226 super
2671 1167 2934 1226 serpentes
2971 1169 3022 1212 et
3057 1163 3295 1229 scorpio-

1725 1264 1849 1315 nes,
1889 1258 1938 1301 et
1981 1265 2137 1318 super
2188 1264 2393 1303 omnem
2446 1258 2756 1317 potestatem
2800 1249 3007 1304 inimici
3052 1250 3130 1316 ";
3176 1268 3297 1321 quas

1724 1340 1942 1410 quidem
1973 1347 2058 1394 cst
2090 1340 2269 1393 omnis
2305 1339 2549 1394 haeresis.
2588 1337 2643 1392 In
2694 1340 2842 1394 omni
2875 1342 3221 1410 generatione
3243 1353 3298 1397 et

1724 1432 2073 1503 generatione
2105 1448 2377 1487 memores
2410 1447 2601 1487 sumus
2629 1432 2867 1487 nominis
2891 1432 3118 1499 Christi,
3154 1435 3299 1503 prin-

1724 1527 1873 1594 cipes
1921 1523 2357 1580 adversariorum
2403 1533 2457 1579 et
2487 1523 2699 1577 Domini
2742 1524 2813 1579 ab
2868 1524 2961 1578 illo
3010 1526 3294 1581 constituti

1723 1633 1820 1687 per
1853 1617 2221 1687 baptismum,
2257 1625 2312 1671 et
2354 1631 2448 1685 per
2489 1614 2753 1685 Spiritum
2797 1626 3045 1671 sanctum
3094 1619 3147 1672 in
3202 1619 3297 1673 ba-

1724 1710 1926 1779 ptismo
1967 1708 2125 1763 nobis
2159 1708 2346 1763 datum
2384 1727 2397 1761 :
2428 1724 2550 1778 qua:
2575 1708 2790 1779 quidem
2818 1710 2927 1764 duo
2946 1751 2961 1777 ,
2987 1710 3202 1767 virtutis
3227 1726 3295 1766 ex

1722 1801 2041 1871 praescripto
2064 1798 2316 1866 vivendo,
2344 1799 2617 1855 honorare
2637 1801 2972 1868 studeamus,
3000 1803 3146 1857 nulla
3177 1802 3297 1859 labe

1722 1892 1806 1947 vel
1852 1893 2066 1948 macula
2126 1907 2224 1963 per
2272 1891 2540 1961 impuram
2596 1892 2811 1947 vivendi
2864 1893 3131 1948 rationem
3177 1893 3295 1963 ipsa

1724 1993 2096 2056 aspergentes,
2119 1999 2187 2039 ne
2221 1986 2439 2055 quando
2457 1984 2712 2053 judicans
2732 2001 2834 2041 nos
2858 1984 3018 2041 Jesus
3039 1986 3294 2049 dissecet,

1727 2084 1780 2129 et
1836 2090 1961 2130 cum
2012 2075 2274 2145 subjectis
2326 2075 2620 2132 incredulis
2660 2078 2852 2148 perdat
2903 2086 3105 2134 aeterno
3161 2078 3294 2148 igni,

1727 2167 1909 2221 ablato
1943 2168 2211 2239 Spirituali
2259 2169 2404 2225 dono
2445 2179 2498 2225 et
2543 2170 2885 2240 baptismate.
2927 2168 3043 2225 Non
3080 2180 3138 2224 ut
3183 2170 3298 2223 cui-

1727 2259 1851 2313 dam
1881 2276 2020 2314 vano
2044 2261 2293 2330 nugatori
2322 2262 2555 2328 videtur,
2579 2277 2739 2318 aures
2769 2262 2984 2332 quidem
3016 2262 3294 2326 mulcenti,

1727 2349 1820 2405 sed
1856 2365 1961 2403 non
1991 2351 2254 2405 nutrienti
2280 2350 2675 2420 animas,quod
2708 2351 2870 2406 linem
2899 2351 3294 2407 sithabiturum

1728 2451 2071 2512 peccatorum
2103 2442 2463 2513 supplicium,
2493 2452 2777 2514 propterea
2806 2442 2951 2513 quod
2978 2441 3299 2511 simpliciter

1726 2542 1939 2589 tantum
1964 2543 2226 2589 aeternum
2260 2534 2461 2589 dixerit
2488 2532 2756 2589 Dominus
2796 2534 2977 2605 ignem
3012 2532 3295 2603 supplicii,

1726 2641 1833 2681 non
1878 2634 2141 2681 aeternum
2196 2627 2249 2680 in
2288 2627 2635 2683 aeternitates.
2671 2625 2789 2681 Non
2829 2627 2973 2681 enim
3015 2635 3295 2696 propterea

1724 2720 1869 2789 quod
1915 2719 2094 2789 inquit
2137 2728 2309 2786 vates,
2350 2719 2417 2773 In
2462 2730 2739 2783 teternum,
2781 2718 3024 2785 Domine,
3077 2717 3297 2771 Verbum

1726 2823 1874 2865 tuum
1904 2824 2170 2882 permanet
2191 2815 2244 2867 in
2274 2813 2401 2868 creto
2420 2814 2502 2868 7':
2540 2813 2660 2869 ideo
2678 2813 3035 2883 aliquousque
3051 2810 3219 2867 Deum
3243 2822 3298 2866 et

1725 2902 1961 2959 Verbum
1999 2904 2052 2958 in
2095 2904 2234 2959 cmlo
2272 2920 2394 2960 esse
2425 2905 2825 2975 intelligamus,
2868 2912 2994 2973 post
3033 2903 3294 2958 sarculum

1723 3006 1901 3051 autem
1932 2997 2085 3051 cmlis
2108 2995 2310 3067 egredi.
2339 2997 2401 3051 Et
2429 2996 2622 3052 iterum
2656 2997 2834 3066 inquit
2860 2996 2998 3051 idem
3035 3014 3050 3050 ε
3088 2995 3293 3049 Veritas

1726 3088 1939 3142 Domini
1972 3098 2147 3143 manet
2184 3089 2239 3142 in
2277 3098 2531 3143 wternum
2557 3089 2623 3144 ".
2666 3088 2806 3144 Num
2849 3089 3013 3159 igitur
3044 3098 3165 3159 post
3195 3089 3296 3141 ali-

1722 3197 1883 3252 quem
1933 3181 2194 3252 temporls
2240 3196 2585 3252 progressum
2625 3196 2730 3236 non
2771 3182 2875 3236 erit
2917 3197 3077 3236 verax
3109 3180 3294 3235 Domi-

1725 3290 1850 3337 nus,
1883 3274 2183 3329 secundum
2219 3273 2552 3329 dementiam
2580 3272 2700 3343 ejus
2720 3310 2734 3338 ,
2768 3273 2861 3343 qui
2892 3272 2961 3327 ab
2985 3271 3062 3327 ira
3091 3286 3294 3342 eOgno-

1725 3366 1964 3420 minatus
2010 3365 2133 3420 est?
2173 3363 2347 3419 Etiam
2401 3365 2516 3435 ipse
2561 3363 2616 3419 in
2660 3345 2958 3436 Evangelia
3010 3363 3186 3435 inquit
3224 3364 3292 3417 ad

1721 3465 1945 3513 sanctos
1996 3470 2128 3512 suos
2182 3456 2464 3527 apostolos
2509 3454 2816 3526 :Equidem
2865 3455 3124 3509 vobiscum
3175 3472 3289 3509 sum

1722 3560 1885 3617 usque
1924 3549 1992 3601 ad
2040 3548 2544 3602 consummationem
2593 3546 2777 3602 saeculi
2819 3547 2886 3601 "'.
2940 3547 3080 3602 Num
3128 3548 3294 3618 igitur

1722 3638 1789 3693 ad
1841 3648 2055 3709 tempus
2104 3638 2268 3693 modo
2327 3654 2451 3693 cum
2505 3639 2622 3694 suis
2678 3639 2881 3693 sanctis
2937 3639 3113 3709 ipsum
3176 3637 3293 3692 fore

1722 3732 2162 3803 suspicabimur?
2194 3747 2261 3786 an
2289 3732 2473 3802 potius
2511 3741 2769 3787 aeternum
2805 3738 2859 3786 et
2905 3731 3114 3802 absque
3146 3730 3292 3786 ﬁne?

1721 3824 2005 3892 Quomodo
2035 3839 2167 3880 vero
2200 3839 2305 3878 non
2331 3831 2417 3880 est
2438 3833 2695 3879 ettremae
2718 3823 2965 3888 insaniae,
2997 3822 3288 3877 terminum

1721 3914 2042 3970 reternitatis
2067 3912 2421 3977 constituere,
2447 3920 2500 3966 et
2524 3927 2590 3967 eo
2615 3926 2786 3981 usque
2808 3911 2985 3981 panis
3008 3909 3291 3965 excrucia-

1721 4016 1836 4061 tum
1889 4006 2164 4062 diabolum
2213 4016 2323 4059 una
2366 4018 2491 4060 cum
2549 4003 2824 4071 adiunctis
2862 4002 2965 4056 sibi
3006 4000 3290 4068 ﬂagitiosis

1722 4099 2037 4156 hominibus
2068 4100 2250 4154 dicere
2291 4096 2547 4165 deinceps
2594 4110 2623 4149 a
2664 4093 2997 4149 cruciatibus
3053 4093 3293 4147 liberan-

1720 4192 1884 4257 dum,
1927 4206 2028 4245 nec
2061 4188 2293 4259 amplius
2339 4185 2712 4258 puniendum?
2759 4182 3106 4238 Contrarium
3141 4197 3289 4236 enim

1720 4300 1948 4355 prorsus
1969 4283 2182 4339 eveniet
2217 4281 2406 4351 justis,
2447 4288 2733 4350 postquam
2769 4277 2835 4333 ad
2870 4276 3089 4346 aliquod
3116 4290 3292 4333 sazcn-

1720 4379 1832 4433 lum
1890 4377 2046 4431 beate
2097 4374 2357 4437 vixerint,
2415 4381 2475 4426 ut
2517 4372 2573 4425 in
2606 4369 2897 4427 securitate
2937 4381 3132 4423 rursus
3176 4380 3293 4419 mo—

1720 4470 1957 4531 riantur,
1990 4466 2077 4520 vel
2125 4464 2334 4534 aliquid
2371 4464 2668 4533 patiantur,
2706 4474 2900 4529 nempe
2938 4464 3161 4528 peracto
3190 4470 3292 4510 suo

1721 4542 1961 4623 saeculo;
2004 4572 2128 4611 nam
2162 4555 2263 4611 hos
2306 4557 2524 4625 quidem
2558 4554 2612 4608 in
2651 4553 2818 4607 vitam
2847 4557 3139 4613 aeternam,
3170 4547 3293 4601 illos

1718 4660 1899 4705 autem
1948 4649 2012 4703 ad
2042 4656 2304 4703 teternum
2340 4645 2665 4715 supplicium
2697 4643 2942 4697 abituros
2970 4638 3135 4710 judex
3161 4650 3290 4707 pro-

1715 4742 1952 4798 nuntiat.
1982 4738 2216 4795 Necesse
2247 4738 2408 4809 igitur
2429 4745 2511 4791 est
2532 4775 2547 4799 ,
2578 4742 2638 4789 ut
2668 4739 2890 4804 peracto
2911 4732 3125 4786 illorum
3158 4744 3291 4798 sup-

1713 4835 1896 4905 plicio,
1946 4831 2269 4887 terminetur
2310 4838 2364 4884 et
2408 4828 2603 4883 horum
2646 4826 2778 4888 vita,
2824 4820 3287 4894 quemadmodum

13 4929 193 4981 olunt
240 4922 519 4977 homines
553 4933 679 4972 vera
710 4917 818 4971 vita
865 4917 1090 4987 privati,
1119 4919 1212 4989 qui
1249 4937 1443 4977 manus
1475 4926 1783 4984 vinctorum
1813 4930 2062 4991 solvunt,
2095 4939 2161 4980 ac
2192 4923 2437 4978 futurum
2472 4918 2723 4989 supplicii
2754 4919 2913 4972 linem
2950 4916 3291 4986 praedicando

11 5024 220 5075 nimos
256 5030 471 5072 eorum
504 5013 818 5068 eﬂecerunt.

47 5113 218 5168 Πολὺ
269 5110 343 5163 δὲ
394 5105 503 5159 τῶν
548 5104 675 5175 περὶ
703 5104 803 5173 τῆς
848 5101 1093 5172 γλώττης
1125 5104 1502 5174 προκειμένων
1548 5110 1614 5178 τῇ

11 5210 135 5279 Sun
178 5201 300 5258 τοῦ
359 5199 523 5266 λόγον
566 5195 1063 5265 ἁποφοιτήσαντες,
1113 5196 1273 5249 πάλιν
1322 5197 1409 5249 ἐπ’
1445 5199 1613 5271 αὐτὴν

16 5297 502 5366 κυποδήσωμεν.
557 5289 730 5340 Ὠτων
760 5287 868 5356 γὰρ
925 5286 1018 5340 καὶ
1060 5286 1311 5355 γλωττῶν
1364 5289 1536 5359 μέγας
1582 5292 1612 5344 6

11 5391 279 5450 Ξνδυνος.
340 5383 441 5436 Διὸ
473 5384 564 5435 καὶ
604 5379 809 5451 ταύτην
847 5379 950 5432 ὑπὸ
985 5378 1077 5431 δύο
1106 5378 1329 5449 χειλέων
1355 5385 1611 5454 φρουρεῖ-

36 5507 92 5537 ⁷³
136 5502 322 5557 Psal.
383 5512 532 5558 xuv,
579 5495 667 5561 ΓΙ,
710 5495 796 5549 18.
872 5494 917 5525 ⁷⁸
958 5491 1113 5547 Joan.
1180 5508 1292 5559 xv1,
1326 5495 1409 5549 53.
1520 5495 1621 5549 "1

1724 5539 1727 5548 .
1765 5514 1818 5553 κ.
1855 5497 1937 5552 l9.

16 5575 249 5632 Matth.
306 5583 514 5630 xxvnt,
548 5565 638 5618 ‘20.

1798 5108 1995 5164 Verum
2049 5106 2118 5163 ab
2172 5105 2237 5160 iis
2291 5117 2412 5172 quae
2462 5099 2697 5155 orationi
2761 5109 2962 5153 nostra:
3016 5097 3292 5167 proposita

1722 5213 1897 5267 erant,
1941 5202 2144 5271 impetu
2193 5195 2352 5267 quasi
2404 5193 2639 5263 quodam
2687 5189 2960 5247 sermonis
3000 5203 3103 5244 nos
3145 5188 3293 5243 abri-

1721 5295 1902 5364 piente
1930 5288 2183 5362 digressi,
2218 5286 2285 5340 ad
2313 5283 2560 5339 eamdem
2590 5281 2755 5337 celeri
2780 5295 2945 5336 cursu
2979 5280 3287 5335 redeamus.

1718 5386 1946 5439 Anrium
1972 5381 2222 5437 videlicet
2244 5378 2665 5447 linguarumque
2694 5387 2951 5442 magnum
2984 5370 3289 5443 periculum

2046 5495 2094 5527 "
2135 5492 2280 5549 Psal.
2311 5505 2512 5555 cum,
2543 5487 2634 5543 89.
2750 5488 2793 5519 "
2835 5485 2978 5544 Psal.
3016 5501 3169 5551 cxvr,
3231 5487 3293 5551 2,

24 5693 165 5763 (96)
213 5689 519 5763 AZpeo’rc_.
584 5684 645 5736 In
709 5679 940 5763 vulgatis
993 5674 1602 5763 αἴνιεσιςηηιιφωεὲἱηο

1724 5677 1797 5763 ric
1852 5676 2367 5763 origenetn'carpit
2421 5676 3004 5763 :quem_paulo-post
3065 5673 3289 5757 manife-

11 5744 161 5821 566’
184 5744 511 5815 coritextdi
560 5744 853 5821 repugnat.
893 5744 1464 5821 Emendutiodebetur
1496 5744 1604 5799 Co-

11 5818 81 5895 ll,
123 5832 192 5887 Μ
199 5847 317 5885 ou.
353 5825 489 5879 εδει.
520 5818 778 5895 ϐγέῑοίη.
810 5820 877 5895 li.
908 5834 963 5895 ρ,
1000 5818 1124 5870 542.

17 5884 187 5980 (ὁδ’)
235 5884 366 5964 Ὠς
404 5912 515 5949 τινι
571 5891 689 5947 τῶν
727 5884 1080 5960 μυθολόγων
1124 5884 1354 5949 ἔδοξεν.
1400 5885 1605 5940 Auctor

1715 5747 1856 5819 stius
1902 5744 2125 5819 indicat
2159 5744 2443 5819 inqu—iens,
2476 5744 2572 5801 τοῦ
2602 5744 2701 5819 τῆς
2750 5744 3243 5819 ὀργῆς-ἐπωνρμου
3271 5765 3286 5799 :

1714 5819 1782 5873 ab
1810 5818 1979 5891 ὀργῆς
2004 5813 2275 5873 nimirum'
2293 5819 2573 5891 Ὠριγένης
2597 5813 2892 5873 deducens}
2919 5813 3071 5868 Eutr
3100 5813 3285 5869 PARIS.
