3874 6538
91 471 107 524 1
118 470 217 524 073

86 585 373 648 διάλεκτον,
408 582 636 654 ἰσχυρὰν
661 581 800 655 αὑτῇ
835 584 1197 656 παρεχόμενοι
1227 575 1361 657 πρὸς
1384 586 1473 640 τὸν
1500 588 1655 657 λόγον

86 680 177 747 τὴν
218 677 569 748 ἀντίρρησιν,
612 677 775 732 οἱονεὶ
814 678 1093 750 πλήκτρου
1139 679 1359 750 χορδαῖς
1396 681 1655 752 κιννύρης

88 768 558 839 προσκρουομένὴς
621 770 809 839 αὑτῆς.
873 770 1041 837 Ὁμοῦ
1094 770 1150 823 δέ
1200 773 1293 826 καὶ
1320 774 1526 844 τροφῆς
1557 775 1659 826 ὑπ-

87 861 268 929 ηρέται
306 860 650 927 πεφύκασιν,
677 862 726 915 οἱ
760 862 859 932 μὲν
898 860 1215 932 τέμνοντες,
1265 863 1315 916 oi
1362 863 1419 916 δὲ
1469 864 1659 917 λεπτύ-

90 969 281 1016 νσντες.
336 952 525 1023 Τομῆς
573 953 675 1023 μὲν
709 956 757 1007 oi
798 952 1129 1024 ἔμπροσθεν,
1163 953 1320 1024 μύλοι
1345 952 1402 1008 δὲ
1440 956 1488 1008 oi
1519 953 1660 1009 ἐνδό-

90 1057 260 1110 «pos,
315 1040 404 1094 διὰ
448 1042 509 1094 τὸ
545 1041 936 1097 ἀπολεπτύνειν
980 1044 1077 1097 καὶ
1110 1044 1341 1098 λεαίνειν
1392 1044 1461 1097 τὰ
1499 1050 1661 1116 προσ-

92 1132 326 1202 αγόμενα
350 1132 702 1204 καταλλήλως
740 1133 1083 1204 καλούμενοι.
1126 1135 1191 1188 Ἦ
1214 1133 1272 1189 δὲ
1302 1133 1389 1206 ῥὶς
1419 1134 1541 1198 ταῖς
1562 1153 1662 1190 πα-

96 1225 253 1294 ρειαῖς
316 1224 704 1293 μεσιτεύουσα,
754 1224 1040 1293 ἐφέλκεται
1094 1225 1192 1296 μέν
1231 1226 1324 1279 καὶ
1355 1226 1660 1281 ἀντιδίδωσι

94 1312 173 1364 τὸν
216 1312 391 1384 ἀέρα,
442 1312 831 1384 ἐξοχετεύουσα
885 1315 980 1369 καὶ
1027 1315 1121 1369 τὸν
1162 1317 1227 1369 ἐκ
1264 1317 1374 1370 τῶν
1417 1317 1659 1389 κρανίων

96 1403 290 1474 ίχῶρα,
344 1402 406 1457 τὸ
445 1404 648 1469 εὑῶδες
690 1405 1080 1478 ἐπισπωμένη,
1130 1407 1191 1461 τὸ
1220 1408 1264 1461 δ’
1291 1409 1536 1463 ἐναντίον
1564 1427 1659 1480 μυε

96 1493 389 1565 σαττομένη
410 1511 423 1525 ⁸
454 1495 647 1560 ίούλοις
674 1497 730 1551 δέ
754 1497 856 1562 τάς
886 1499 1120 1570 παρειὰς
1142 1499 1470 1565 σκιάζουσα,
1499 1501 1661 1571 ήνίκα

95 1582 183 1651 τὴν
226 1583 581 1655 μειρακοειδῆ
606 1584 701 1638 καὶ
735 1585 967 1640 ἄστατον
1004 1587 1223 1658 ἡλικίαν
1248 1592 1315 1660 τῇ
1344 1589 1664 1663 καθεστώσῃ

95 1673 443 1744 ἀμείψωμεν,
490 1675 561 1729 τά
604 1676 741 1748 πρὸς
784 1677 846 1731 τὸ
884 1677 985 1750 ζῇν
1032 1677 1525 1750 περισκοποῦντες
1577 1682 1666 1755 δη-

98 1762 311 1834 λοὺσης,
342 1758 519 1835 οἶμαι,
542 1759 643 1835 τῆς
666 1766 882 1835 φύσεως
906 1768 1068 1843 μέχρι
1090 1770 1213 1823 τότε
1244 1772 1407 1842 μόνον
1438 1772 1666 1841 αὐξάνε-

99 1852 233 1916 σθαι,
264 1854 499 1909 καὶτῶν
518 1856 697 1911 πόνων
730 1852 941 1913 ἐκεῖθεν
969 1860 1255 1918 ἅπτεσθαι.

1452 470 1799 531 DIALOGUS
1828 470 1917 530 Ill.

3182 461 3323 519 1074

1762 604 1981 659 magnus
2025 596 2122 653 est,
2159 586 2248 657 qui
2290 593 2458 656 potest
2501 585 2656 655 quasi
2703 584 2850 654 {uno
2889 580 3127 637 cohibere
3162 582 3325 637 etiam

1755 688 1922 731 totum
1945 692 2134 746 corpus
2152 676 2222 741 η,
2241 676 2418 745 inquit
2437 674 2681 731 scribens
2707 673 2779 729 ad
2796 672 3069 743 quoslibet
3090 670 3197 726 sub
3211 671 3329 726 sole

1752 769 1911 824 divus
1966 768 2057 823 ille
2093 766 2350 822 Jacobus.
2408 764 2609 821 Dentes
2665 764 2882 835 quidem
2930 777 3040 818 una
3074 774 3199 817 cum
3237 761 3330 815 illa

1753 868 2122 929 coeperantur
2156 859 2224 913 ad
2251 857 2535 923 sermonis
2573 855 2767 911 scitam
2807 852 3329 925 pronuntiationem,

1759 951 1972 1006 {lunam
2002 951 2077 1005 illi
2116 950 2417 1021 praebentes
2456 947 2523 1002 ad
2568 954 2877 1003 sermonem
2915 942 3334 1014 exprim¢ndum

1761 1042 2231 1114 repercussionem
2251 1079 2267 1105 ,
2299 1039 2468 1094 veluti
2496 1038 2543 1095 si
2569 1038 2841 1109 plectrum
2859 1036 3080 1091 chordis
3108 1035 3333 1091 citharae

1759 1133 2035 1188 allidatur.
2082 1129 2258 1185 Simul
2300 1139 2485 1185 autem
2529 1136 2585 1187 et
2617 1127 2727 1184 cibi
2771 1125 3007 1182 ministri
3039 1133 3199 1189 sunt;
3240 1124 3333 1178 alii

1764 1224 1984 1295 quidem
2014 1222 2347 1287 incidentes,
2373 1220 2465 1274 alii
2492 1232 2624 1275 vero
2650 1222 3016 1273 attenuantes.
3050 1214 3227 1284 Atque
3251 1214 3335 1269 in-

1764 1314 1993 1372 cisionis
2029 1312 2248 1384 quidem
2281 1312 2493 1382 priores
2523 1319 2687 1375 sunt,
2716 1309 2952 1365 molares
2977 1315 3160 1362 autem
3191 1304 3336 1360 intea-

1766 1407 1963 1471 riores,
1994 1404 2075 1460 sic
2098 1402 2357 1473 appellati
2392 1409 2519 1471 apto
2539 1400 2835 1463 vocabulo,
2866 1396 3014 1469 quod
3045 1402 3340 1453 extenuant

1765 1508 1820 1557 et
1854 1500 2233 1556 comminuant
2268 1499 2500 1568 ingesta.
2549 1490 2725 1551 Nasus
2772 1503 2955 1549 autem
3002 1492 3147 1547 inter
3172 1506 3339 1559 genas

1769 1594 2005 1649 medium
2031 1600 2242 1655 tenens,
2273 1589 2496 1644 attrahit
2518 1596 2574 1643 et
2600 1586 2786 1643 reddit
2817 1598 2966 1648 aera,
2992 1583 3243 1637 derivans
3272 1596 3341 1637 ex

1769 1683 1946 1753 capite
1986 1682 2276 1751 liquorem,
2308 1686 2365 1734 et
2400 1678 2605 1733 bonum
2652 1674 2873 1744 quidem
2915 1671 3139 1727 odorem
3174 1679 3342 1724 attra-

1771 1774 1942 1839 hens,
1983 1771 2323 1827 contrarium
2374 1778 2554 1824 autem
2611 1766 2888 1835 rujiciens.
2958 1761 3139 1817 Prima
3213 1775 3343 1814 vero

1770 1864 1938 1920 barba
1987 1876 2154 1934 genas
2194 1862 2346 1931 tegit,
2392 1859 2613 1930 quando
2652 1856 2916 1928 puerilem
2964 1863 3021 1909 et
3070 1853 3341 1908 inlirmam

96 1958 305 2045 etatem
343 1966 471 2045 cum
534 1953 788 2045 robusta
803 1964 1214 2024 permutamus,
1266 1957 1334 2013 ad
1371 1968 1434 2013 ea
1478 1974 1600 2030 quae
1637 1958 1705 2015 ad
1744 1960 1870 2014 vitae
1930 1956 2311 2013 necessitatem
2358 1954 2651 2027 pertinent,
2696 1952 2939 2007 animum
3005 1948 3346 2019 adiiciet-tes,

100 2042 357 2095 innuente
416 2042 502 2113 (ut
539 2042 800 2115 arbitror)
844 2051 1071 2114 natura,
1122 2059 1191 2102 eo
1244 2052 1454 2102 tantum
1504 2064 1679 2120 usque
1713 2049 1989 2105 hominem
2021 2059 2287 2111 crescere,
2316 2054 2372 2101 et
2393 2044 2521 2100 inde
2548 2043 2767 2099 labores
2793 2050 3097 2112 capessere.

160 2178 437 2253 Εὑκαιρον
463 2181 647 2237 τοίνυν
677 2182 1053 2256 συμμελῳδεϊν
1074 2184 1224 2257 ήμᾶς
1248 2183 1328 2256 τῷ
1358 2184 1543 2254 Δασὶδ,
1575 2185 1673 2253 Ὠς

100 2273 474 2342 ἐμεγαλύνθη
493 2274 566 2328 τὰ
586 2274 731 2345 ἔργα
755 2291 894 2337 σου,
928 2276 1102 2343 Κύριε
1119 2292 1133 2306 ·
1165 2276 1361 2330 πάντα
1389 2278 1459 2331 ἐν
1487 2279 1675 2348 σοφίᾳ

102 2365 396 2432 ἐποίησας
415 2382 429 2398 ι
471 2366 532 2419 ἐν
568 2364 713 2420 οὕτω
740 2366 970 2439 βραχείᾳ
996 2370 1063 2440 τῇ
1094 2368 1306 2441 κεφαλῇ
1332 2370 1514 2433 πάσας
1543 2371 1675 2441 ἡμῖν

104 2456 191 2516 τὰς
212 2453 557 2524 τιμιωτέρας
582 2453 867 2525 αἰσθήσεις
896 2456 1206 2527 ἐνθέμενος,
1241 2459 1454 2529 ὅρασιν,
1481 2460 1673 2531 ἀκοήν,

106 2545 311 2612 γεῦσιν.
366 2544 656 2617 ὄσφρησιν,
702 2547 873 2615 ἐγγὺς
896 2547 1141 2620 ἀλλήλων
1169 2545 1400 2621 ὁμόρους
1428 2551 1674 2622 δομίσας,

111 2635 413 2706 μηδετέρας
434 2635 614 2690 αὐτῶν
643 2636 1037 2702 ἐπισκοτούσας
1061 2641 1128 2708 τῇ
1161 2640 1411 2712 ἐνεργείᾳ
1440 2640 1538 2711 τῆς
1561 2641 1678 2709 γεί-

108 2744 270 2790 τονος.
313 2726 437 2780 Οὐδ’
472 2722 539 2780 αὖ
582 2726 743 2781 πάλιν
770 2727 905 2799 πρὸς
936 2731 1162 2794 ταύταις
1189 2732 1321 2801 ήμῖν
1353 2732 1679 2804 ὑπάρχουσι,

110 2817 240 2889 πλὴν
279 2817 384 2888 τῆς
439 2818 529 2872 διὰ
568 2818 679 2872 τῶν
711 2819 912 2891 χειρῶν
938 2822 1102 2893 ἁφῆς.
1134 2823 1210 2877 Εὑ
1234 2862 1251 2878 .
1285 2863 1300 2878 .
1329 2863 1344 2879 .
1377 2862 1391 2877 .
1428 2862 1444 2877 .
1481 2864 1495 2878 .
1531 2842 1623 2897 ρος
1652 2827 1683 2880 ὁ

111 2908 280 2983 αὑχὴν
318 2910 418 2965 καὶ
445 2910 780 2984 σύμμετρος,
814 2912 953 2966 ἀλλά
980 2913 1049 2966 δι’
1078 2915 1241 2967 αὑτὸν
1283 2916 1627 2988 οὑρανόπτης
1653 2916 1683 2969 ὀ

111 3003 433 3075 ἄνθρωπος·
467 3004 503 3076 ή
542 3002 707 3058 εἰκὼν
735 3006 764 3060 ὁ
797 3004 958 3077 ὀρθὸς
998 3006 1291 3077 πρόσωπος
1311 3024 1325 3038 ·
1356 3002 1468 3061 οἷον
1507 3008 1685 3080 στύλῳ

114 3096 320 3167 κεφαλῇ
354 3096 795 3168 ἐπερηρεισμὲνη
813 3113 829 3129 σ
859 3098 1069 3169 κεφαλὴ
1090 3099 1437 3170 καταλλήλως
1459 3103 1525 3172 τῇ
1558 3118 1685 3154 συν-

113 3184 304 3257 εργείᾳ
329 3184 426 3239 τοῦ
451 3185 678 3257 αὐχένος
705 3185 996 3258 κλινομένη
1026 3187 1120 3240 καὶ
1142 3188 1493 3244 ἀνανεύουσα.
1520 3191 1688 3243 Πέντε

112 3276 257 3348 δεξιᾷ
319 3277 485 3349 χειρὶ,
530 3276 777 3332 τοσοῦτοι
821 3277 879 3331 δὲ
928 3278 1025 3332 καὶ
1067 3281 1134 3350 τῇ
1178 3278 1308 3351 λαιᾷ
1352 3281 1689 3352 ὑπάρχοντες

114 3362 399 3417 δάκτυλοι·
443 3365 505 3419 ἐν
555 3364 739 3427 αὐτοῖς
784 3362 843 3417 δέ
884 3363 985 3436 τήν
1040 3366 1234 3437 χέρσον
1282 3367 1572 3439 τέμνομεν,
1623 3368 1693 3422 τὰ

116 3454 211 3525 ὅρη
251 3451 684 3524 μεταλλεύομεν,
707 3454 806 3516 τὰς
839 3454 1047 3525 κρήνας
1071 3455 1391 3527 ἀντλοῦμεν,
1416 3459 1692 3527 ποταμοὺς

122 3542 628 3615 μεταρυθμίζομεν.
678 3543 757 3595 Δι’
803 3543 982 3597 αὑτῶν
1026 3544 1311 3609 καλωδίοις
1370 3547 1466 3599 καὶ
1520 3544 1695 3611 ξύλοις

121 3633 567 3706 ποντοπορΟὖμεν
598 3633 698 3705 τὴν
735 3633 989 3697 ἄϐυσσον,
1022 3634 1371 3706 καταλλήλως
1404 3635 1496 3690 τοῦ
1532 3635 1696 3689 πνεύ-

124 3744 293 3795 ματος
316 3724 389 3777 τά
421 3724 563 3778 ίστία
594 3724 695 3794 τῆς
725 3725 854 3795 νηὸς
893 3725 1209 3796 ἀνέλκομεν,
1241 3726 1336 3779 καὶ
1364 3728 1490 3791 τοὺς
1508 3727 1698 3790 οἴακας

124 3811 402 3882 ἰθύνομεν,
456 3808 629 3881 θῆρας
662 3808 970 3880 ἀνημέρους
1012 3808 1334 3881 ζωγροῦμεν
1370 3812 1465 3865 καὶ
1513 3813 1701 3865 τιθασ-

126 3886 381 3973 σῗὺομεν.
412 3903 553 3971 κήτη
584 3901 955 3972 σαγηνεύομεν
990 3900 1197 3972 βουνοῖς
1223 3902 1318 3954 καὶ
1348 3902 1498 3973 ὄρεσι
1535 3903 1701 3972 μεγέ-

123 3994 205 4049 θει
247 3993 636 4065 παραπλήσια,
659 3994 753 4047 καὶ
781 3993 901 4062 ὄψει
931 3994 1174 4064 φοϐερά·
1206 3994 1297 4046 τὸν
1326 3994 1465 4063 ἀέρα
1492 3994 1704 4065 τρυγῶ-

128 4103 253 4157 μεν,
284 4089 401 4149 τοῖς
425 4085 693 4156 καλάμοις
716 4085 810 4139 τοῦ
846 4085 955 4151 ἰξοῦ
987 4085 1055 4139 τά
1084 4085 1308 4156 ἀερὸὁια
1342 4086 1702 4158 χειρούμενοι.

126 4179 199 4231 To
231 4178 294 4232 δέ
325 4176 437 4248 πῦρ
480 4176 653 4241 οὑτως
688 4177 787 4249 μὲν
828 4176 1053 4249 σφοδρὸν
1100 4177 1201 4247 τὴν
1242 4178 1441 4249 ὁρμήν,
1477 4177 1707 4249 φοϐερὸν

124 4272 182 4324 δέ
232 4271 338 4342 τὴν
368 4269 536 4343 ἁφήν,
568 4269 897 4340 λυμαντικόν
937 4286 995 4322 τε
1026 4270 1119 4322 καὶ
1159 4268 1330 4338 βίαιον
1358 4270 1456 4342 τὴν
1493 4270 1707 4342 κίνησιν

127 4363 204 4434 τῷ
262 4363 517 4435 ἡμετέρῳ
561 4360 747 4432 σκοπῷ
796 4361 1089 4432 ὑπουργεῖν
1150 4360 1465 4433 βιαζόμεθα,
1508 4364 1601 4415 καὶ
1642 4366 1707 4434 τῇ

128 4455 368 4509 ἑκάστου
395 4453 590 4525 γνώμῃ
620 4454 1189 4525 συμμεταϐάλλεσθαι.
1223 4454 1311 4507 Ἐν
1327 4454 1508 4518 αὑτοῖς
1532 4454 1589 4508 δὲ
1617 4457 1712 4508 καλ⁵

130 4550 319 4611 πόλεις
365 4547 673 4618 ἐγείρομεν,
722 4547 817 4599 καὶ
862 4547 1121 4614 ἐπάλξεσι
1158 4547 1252 4601 καὶ
1295 4547 1515 4619 τειχίοις
1566 4563 1714 4619 περι-

129 4640 426 4707 ϐάλλομεν,
459 4638 773 4706 σφενδόναις
802 4639 897 4690 καὶ
928 4637 1104 4702 τόξοις
1130 4639 1225 4692 καὶ
1247 4639 1453 4711 ἑτέροις
1477 4640 1715 4711 ἀμυντη-

134 4732 275 4800 ρίοις
295 4728 466 4792 αὑτὰς
484 4727 923 4792 καθοπλίζοντες.
956 4728 1141 4799 Βραχὺ
1169 4729 1267 4798 μὲν
1297 4730 1391 4782 καὶ
1418 4730 1711 4800 περιφερὲς

131 4820 230 4872 καὶ
275 4818 650 4890 ἀδιάρθρωτον
677 4819 737 4871 τὸ
777 4819 876 4889 τῆς
910 4817 1137 4888 καρδίας
1171 4820 1404 4889 ὑπάρχει
1446 4820 1675 4890 ὄργανον
1695 4836 1710 4852 ⁸

133 4914 193 4963 ἐν
232 4909 380 4980 αὑτῷ
407 4910 587 4963 δὲκαὶ
629 4909 709 4980 τῷ
750 4910 1058 4981 ἐγκεφάλῳ,
1102 4910 1232 4979 περὶ
1259 4910 1417 4974 Θεοῦ,
1468 4912 1715 4980 ἀγγέλων

135 5004 231 5056 καὶ
258 5002 639 5073 ἀρχαγγέλων,
670 5003 921 5074 οὐρανοῦ,
958 5003 1083 5074 γῆς,
1116 5001 1384 5072 θαλάττης
1414 5004 1509 5056 καὶ
1538 5005 1717 5071 πάσης

133 5094 274 5164 ὁμοῦ
334 5095 435 5165 τῆς
482 5096 712 5159 κτίσεως
758 5095 1155 5166 βουλευόμεθαο
1205 5096 1370 5149 οίονεὶ
1410 5096 1636 5166 ταμείου
1681 5097 1714 5167 ἢ

136 5186 405 5258 φρουρίω
430 5187 766 5258 ὑπάρχοντος
786 5188 886 5256 τῆς
912 5188 1147 5257 ζωτικῆς
1179 5188 1237 5240 ἐν
1259 5189 1390 5258 ήμϊν
1420 5188 1600 5250 αίτίας
1625 5189 1719 5241 καὶ

142 5275 335 5348 ῥώμης
349 5275 445 5331 τοῦ
467 5277 823 5349 περικαρδίου
851 5278 1181 5349 πνεύματος.
1225 5279 1377 5331 Ἐπεὶ
1400 5274 1492 5333 οὖν
1516 5280 1721 5350 κρήνην

139 5366 267 5421 τινὰ
298 5368 395 5422 καὶ
420 5368 595 5439 ἀρχὴν
624 5371 721 5438 τῆς
762 5370 1037 5440 ἡμετέρας
1086 5369 1232 5441 ζωῆς
1273 5371 1411 5442 μετὰ
1451 5371 1586 5425 Θεὸν
1620 5371 1722 5440 τὴν

144 5460 375 5531 καρδίαν
427 5463 561 5531 ἡμῖν
599 5462 774 5528 ἔδοξεν
828 5464 1116 5534 ὑπάρχειν,
1168 5464 1263 5534 ἀφ’
1311 5462 1379 5537 ἦς
1429 5463 1724 5528 αὑλοειδεῑς

143 5552 304 5622 πόροι
337 5551 653 5617 πολυειδῶς,
685 5554 872 5625 ἕτερος
910 5555 976 5608 δι’
1009 5556 1197 5624 ἐτέρου
1232 5556 1583 5627 διαφυόμενοι
1616 5557 1722 5627 ὅλῳ

144 5644 225 5715 τῷ
240 5645 476 5716 σώματι,
507 5646 567 5701 τὸ
585 5647 787 5718 θερμὸν
805 5650 897 5702 καλ⁵
926 5649 1173 5720 πυρῶδες
1188 5650 1460 5721 διαχέουσι
1484 5649 1617 5704 πνεῦ
1625 5665 1722 5722 μα’

145 5736 339 5807 ἐπειδὴ
368 5738 586 5801 πάντως
620 5738 714 5792 καὶ
739 5738 947 5809 τροφὴν
982 5738 1088 5792 ἔδει
1116 5739 1237 5794 τινὰ
1266 5739 1343 5812 τῷ
1374 5740 1562 5812 θερμῷ
1585 5758 1723 5811 συμ-

224 5921 266 5951 ⁶⁹
298 5918 416 5975 Jac.
456 5936 536 5982 Ill,
567 5920 618 5974 2.
695 5922 735 5952 ’δ’
772 5918 915 5974 Psul.
946 5934 1061 5983 cut,
1095 5919 1183 5974 24.

1851 2183 2254 2254 Tempestivum
2285 2180 2532 2252 proinde,
2564 2191 2624 2233 ut
2654 2194 2778 2234 cum
2813 2175 3017 2231 Davide
3043 2190 3305 2231 canamus
3330 2190 3347 2228 :

1778 2277 1951 2343 Quam
1981 2275 2131 2331 ualde
2166 2273 2449 2345 magniﬁca
2472 2283 2593 2327 sunt
2627 2288 2784 2342 opera
2817 2268 2945 2323 tua!
2978 2269 3156 2323 omnia
3185 2267 3239 2321 in
3265 2283 3354 2319 sa-

1776 2369 1976 2438 pientia
2002 2366 2235 2437 fecisti"
2266 2382 2279 2418 :
2311 2368 2365 2419 in
2398 2368 2575 2433 capite
2606 2376 2779 2433 usque
2809 2360 2945 2415 adeo
2970 2372 3136 2432 parvo
3166 2372 3355 2412 omnes

1778 2460 2183 2532 praastantiores
2212 2471 2408 2513 sensus
2441 2465 2664 2511 nostros
2703 2453 2999 2518 «:ollocans,
3032 2450 3229 2512 visum,
3260 2464 3357 2504 au-

1780 2553 1976 2619 ditum,
2019 2560 2262 2623 gustum,
2305 2546 2591 2609 olfactum,
2634 2561 2803 2616 prope
2848 2544 2988 2597 inter
3019 2557 3078 2598 se
3114 2540 3358 2596 contines

1781 2643 2081 2709 :ediﬁcans,
2119 2649 2287 2710 utque
2316 2647 2508 2693 neuter
2538 2637 2757 2691 illorum
2789 2634 3107 2705 operatione
3136 2647 3235 2687 sua
3273 2630 3358 2684 vi-

1783 2736 1907 2789 cino
1936 2733 2039 2788 sibi
2071 2732 2285 2787 olliciat.
2316 2728 2505 2800 Neque
2544 2728 2673 2783 item
2706 2737 2902 2798 praeter
2944 2725 3045 2780 bos
3076 2723 3167 2779 alii
3201 2722 3359 2777 nobis

1786 2837 1935 2891 sunt,
1985 2833 2181 2895 pmter
2223 2831 2433 2878 tactum
2480 2836 2700 2875 manus.
2753 2818 2924 2889 Agilis
2956 2817 3139 2872 cervix
3180 2824 3263 2870 est
3306 2823 3361 2869 et

1786 2916 2136 2989 proportione
2174 2921 2501 2984 cengruens,
2534 2918 2816 2980 perquam
2857 2918 2911 2963 et
2939 2907 3136 2963 ccelum
3170 2922 3361 2961 versus

1789 3017 2001 3080 spectat
2048 3007 2235 3073 homo,
2275 3005 2455 3072 imago
2503 3001 2594 3056 illa
2640 3011 2834 3055 erectae
2874 2992 3240 3061 faciei,vcldti
3270 3013 3364 3050 co-

1789 3100 1988 3155 lumnae
2026 3098 2291 3153 innitente
2320 3094 2516 3164 capite,
2553 3092 2698 3162 quod
2730 3089 3081 3147 conveniente
3126 3086 3361 3158 quadam

1793 3189 2004 3245 ratione
2055 3204 2152 3259 per
2195 3186 2638 3256 cooperationem
2688 3182 2919 3238 cervicis
2963 3194 3084 3235 sese
3136 3177 3219 3235 vel
3266 3176 3363 3232 de—

1793 3282 1982 3346 mittit,
2011 3280 2095 3335 vel
2146 3294 2363 3335 sursum
2408 3276 2569 3333 levat.
2615 3274 2867 3344 Quinque
2900 3272 3136 3327 dextera:
3176 3270 3365 3325 manui

1794 3371 2130 3440 totidemque
2176 3369 2410 3425 sinistra:
2438 3360 2591 3438 digiti
2640 3374 2787 3429 sunt,
2833 3362 3033 3433 quibus
3071 3369 3126 3415 et
3166 3369 3365 3415 terram

1798 3474 2069 3527 secamus,
2124 3474 2156 3514 e
2231 3457 2509 3512 montibus
2569 3453 2785 3509 metalla
2832 3449 3141 3514 eﬂ'odimus,
3192 3446 3369 3504 fontes

1798 3551 2105 3615 haurimus,
2155 3542 2381 3606 ﬁumina
2422 3546 2732 3619 dirigimus.
2782 3544 2884 3599 Per
2946 3543 3094 3614 ipsos
3148 3540 3371 3597 funibus

1798 3648 1854 3695 et
1900 3640 2063 3711 lignis
2107 3639 2426 3710 navigamus
2474 3638 2758 3709 abyssum,
2807 3652 2871 3690 ex
2923 3633 3174 3703 Opposito
3212 3626 3372 3686 ﬂatus

1799 3732 1917 3786 vcla
1950 3731 2106 3786 navis
2132 3730 2489 3786 subducimus
2517 3738 2572 3784 et
2605 3726 3035 3798 gubernaculum
3062 3724 3371 3795 dirigimus.

1802 3824 2097 3879 ludomitas
2129 3823 2272 3879 feras
2312 3821 2561 3892 capimus
2588 3820 2742 3875 vivas
2778 3828 2831 3874 et
2860 3818 3195 3880 cicuramus,
3224 3824 3375 3870 cetos

1804 3918 1952 3987 ipsos
1979 3916 2246 3986 capimus,
2268 3915 2436 3969 colles
2458 3921 2513 3967 et
2538 3920 2750 3966 montes
2774 3908 3144 3980 magnitudine
3164 3921 3377 3976 mquan-
3432 3971 3454 3982 ⁸

1805 4014 1908 4069 tes,
1951 4014 2003 4060 et
2047 4012 2267 4073 aspectu
2303 4002 2591 4057 terribiles.
2641 3999 2783 4054 Aera
2831 4013 2927 4067 per
2955 3997 3173 4051 eosdem
3218 3994 3377 4065 quasi

1806 4095 2229 4159 vindemiamus,
2262 4090 2491 4149 calamis
2515 4089 2651 4144 visci
2691 4088 2936 4142 viventes
2980 4087 3035 4140 in
3066 4100 3192 4140 aere
3225 4084 3379 4138 volu-

1807 4203 1926 4243 crcs
1950 4186 2247 4256 capientes.
2283 4181 2465 4255 Ignem
2503 4181 2665 4236 etiam
2709 4181 2845 4235 adeo
2876 4180 3245 4235 vehementem
3281 4177 3384 4231 im-

1808 4289 1958 4352 petu,
1993 4278 2294 4333 terribilem
2329 4282 2496 4338 tactu,
2526 4272 2971 4345 populabundum
3003 4280 3056 4325 et
3084 4268 3380 4325 violentum

1812 4378 2002 4432 motu,
2061 4374 2253 4421 nostro
2304 4365 2583 4437 proposito
2635 4360 2842 4419 servire
2888 4359 3160 4429 cogimus,
3212 4366 3267 4413 et
3316 4357 3384 4410 all

1813 4459 2248 4531 uniuscujusque
2296 4458 2630 4513 voluntatem
2690 4469 2751 4510 se
2800 4453 3235 4509 acoemmodare.
3282 4446 3386 4502 Per

1815 4555 1914 4609 hos
1945 4562 2000 4607 et
2039 4550 2292 4606 civitates
2320 4549 2677 4614 exstruimus,
2718 4552 2773 4601 et
2808 4541 3229 4615 propugnaculis
3268 4554 3389 4593 mu-

1817 4645 1998 4713 risque
2024 4641 2453 4702 communimus,
2484 4636 2668 4692 fundis
2708 4643 2763 4692 et
2802 4633 3039 4689 arcubus
3073 4641 3125 4685 et
3168 4629 3290 4684 aliis
3320 4630 3387 4682 ad

1817 4733 2212 4789 defendendum
2274 4730 2484 4786 idoneis
2544 4728 2714 4783 armis
2763 4724 3108 4779 instruimus.
3154 4718 3388 4774 Parvum

1820 4826 2063 4896 quidem,
2097 4834 2151 4879 et
2178 4822 2471 4877 rotundum
2505 4818 2851 4888 articuloque‘
2880 4824 3075 4871 carens
3101 4811 3282 4867 cordis
3309 4820 3393 4865 est

1820 4932 2105 4987 organum,
2126 4916 2179 4969 in
2216 4916 2335 4984 ipso
2371 4919 2551 4966 tamen
2585 4922 2637 4965 et
2662 4908 2909 4971 cerebro,
2936 4906 3002 4961 de
3024 4905 3154 4971 Deo,
3185 4901 3392 4971 angelis

1819 5019 1873 5063 et
1920 5005 2284 5077 archangelis,
2329 5004 2486 5067 cmlo,
2535 5011 2698 5069 terra,
2738 4999 2898 5066 mari,
2949 5007 3002 5053 et
3040 4997 3106 5052 de
3143 4994 3291 5051 omni
3336 4993 3389 5046 in

1822 5099 2140 5154 universum
2170 5103 2421 5151 creatura
2446 5094 2835 5157 deliberamus,
2864 5088 3030 5144 veluti
3057 5098 3278 5156 promus
3300 5094 3395 5139 aut

1821 5198 2009 5245 custos
2040 5188 2223 5244 vitalis
2245 5188 2299 5241 in
2326 5187 2486 5241 nobis
2507 5199 2687 5240 causa-
2718 5193 2773 5237 et
2804 5180 3016 5235 roboris
3046 5179 3118 5233 sit
3145 5176 3391 5247 spiritus,

1824 5283 1918 5354 qui
1947 5283 2094 5338 circa
2121 5297 2220 5337 cor
2239 5289 2341 5336 est.
2365 5279 2475 5335 Cor
2507 5277 2724 5348 quidem
2748 5283 2893 5330 certe
2923 5270 3125 5326 fontem
3155 5268 3391 5338 aliquem

1824 5383 1879 5430 et
1924 5373 2253 5443 principium
2301 5377 2503 5425 nostrae
2532 5368 2659 5422 vita:
2705 5373 2829 5435 post
2879 5358 3040 5418 Deum
3080 5375 3205 5415 esse
3242 5366 3396 5428 puta-

1828 5478 1984 5529 mus;
2018 5479 2049 5517 a
2080 5473 2190 5532 quo
2223 5468 2435 5515 meatus
2459 5456 2657 5515 ﬁstulis
2688 5452 3002 5511 consimiles
3024 5448 3397 5519 multipliciter

1826 5558 1966 5612 alius
1990 5572 2087 5625 per
2107 5555 2273 5609 alium
2302 5554 2520 5617 ductus,
2545 5551 2801 5605 universo
2828 5543 3046 5617 corpori
3076 5542 3311 5599 calidum
3343 5551 3395 5593 ct

1833 5651 2049 5719 igneum
2073 5648 2321 5718 spiritum
2350 5644 2679 5702 didundunt.
2706 5640 2845 5707 Quia
2884 5645 3064 5703 autem
3093 5635 3318 5690 omnino
3345 5642 3397 5685 ct

1834 5742 2224 5799 nutrimentum
2266 5739 2483 5812 aliquod
2528 5736 2768 5809 oportuit
2791 5732 2983 5788 adesse
3021 5727 3188 5787 calori
3235 5743 3265 5781 a
3305 5741 3398 5779 ua—
