3874 6544
598 442 737 497 1075

594 569 714 611 tura
754 558 885 621 (non
932 557 1079 613 enim
1128 572 1223 627 per
1277 560 1633 629 semetipsum
1666 573 1851 618 manet
1898 564 2037 635 ignis
2072 563 2162 635 qui

593 648 755 703 nobis
790 649 956 709 inest.
992 649 1095 704 nisi
1127 648 1368 705 vicissim
1402 653 1697 724 nutriatur)
1730 674 1745 713 :
1774 655 1895 711 ideo
1936 664 1991 711 et
2031 672 2160 711 san—

590 739 774 807 guinis
803 739 1018 804 ﬁstulae,
1046 742 1193 797 velut
1213 757 1280 797 ex
1319 743 1504 815 aliquo
1536 744 1685 802 fonte
1726 748 1795 802 ab
1821 748 2013 817 hepate
2044 763 2165 818 pro-

591 840 900 895 manantes,
928 832 1161 887 calidum
1193 833 1345 889 illum
1372 836 1621 906 spiritum
1645 852 1741 907 per
1767 846 1935 893 totum
1966 854 2167 909 corpus

589 923 943 987 comitantur,
980 940 1048 987 ue
1070 925 1300 981 alterum
1330 929 1502 984 altero
1537 928 1877 996 destitutum,
1912 940 2162 987 naturam

588 1013 721 1070 vitio
748 1015 1030 1072 accidente
1067 1030 1402 1089 corrumpat.

659 1190 932 1257 Quoniam
982 1210 1111 1250 vero
1154 1197 1333 1253 solum
1377 1201 1558 1255 omnis
1612 1200 1925 1272 indigentia:
1967 1218 2164 1273 expers

587 1295 672 1340 cet
710 1284 957 1341 divinum
1000 1288 1134 1345 illud
1183 1289 1415 1355 Numen,
1442 1304 1655 1365 egestas
1690 1305 1872 1351 autem
1900 1294 2164 1351 mortalis

587 1376 806 1434 aliunde
840 1381 1142 1451 assumptis
1189 1383 1394 1455 indiget
1434 1386 1506 1441 ad
1550 1386 1636 1442 sui
1679 1388 2159 1444 constitutionem:

587 1467 792 1525 idcirco
836 1484 960 1527 cum
1012 1474 1300 1542 sanguinis
1335 1474 1460 1531 l‘ons
1498 1476 1570 1531 sit
1602 1476 1791 1547 hepar,
1842 1477 2161 1534 nutrimeuti

586 1559 891 1619 subsidium
939 1561 988 1618 ei
1033 1566 1406 1621 necessarium
1454 1578 1560 1624 est.
1593 1568 1749 1635 Quod
1793 1570 1937 1626 enim
1969 1586 2063 1641 per
2110 1571 2161 1625 id

585 1652 745 1706 nobis
788 1652 1057 1723 ingestum
1090 1665 1195 1723 est,
1232 1660 1517 1727 sanguinis
1552 1676 1617 1715 ex
1659 1661 1852 1731 hepate
1879 1662 2164 1733 scaturigi-

588 1760 710 1799 nem
743 1747 936 1801 reddit.
970 1747 1443 1815 Quemadmodum
1473 1752 1533 1813 in
1577 1763 1761 1810 monte
1790 1756 1904 1821 nix,
1936 1757 2158 1826 proprio

586 1837 817 1894 humore
849 1838 1028 1897 fontes
1070 1842 1138 1897 ad
1178 1844 1382 1900 montis
1416 1846 1628 1901 radices
1680 1856 1860 1917 auget,
1900 1863 1995 1917 per
2025 1863 2156 1918 pro-

583 1928 813 1987 fundum
862 1934 1064 1987 sensim
1097 1936 1377 2005 proprium
1427 1937 1711 1993 humorem
1757 1939 1825 1993 ad
1867 1938 2159 1995 inferiores

581 2034 750 2075 venas
789 2021 1120 2091 deprimens.
1155 2024 1391 2096 Spiritus
1435 2038 1616 2084 autem
1649 2031 1800 2086 cordi
1851 2046 1945 2100 per
1971 2032 2158 2101 proxi-

581 2125 731 2164 mum
771 2110 1004 2169 infertur
1030 2116 1229 2185 viscus,
1255 2119 1402 2189 quod
1428 2121 1700 2191 pulmonis
1725 2122 1947 2192 quidem
1972 2122 2159 2179 viscus

580 2202 906 2271 appellatur,
942 2208 1085 2271 aeris
1121 2219 1303 2265 autem
1350 2214 1751 2284 receptaculum
1796 2225 1903 2281 est,
1943 2232 2037 2286 per
2076 2216 2160 2271 in-

580 2301 783 2348 sertam
825 2298 1083 2352 arteriam
1120 2302 1186 2355 ad
1211 2315 1274 2357 os
1309 2302 1701 2375 pertingentem
1728 2314 2014 2367 externum
2048 2307 2159 2379 Spi-

578 2384 744 2440 ritum
784 2389 1105 2458 respirando
1133 2394 1436 2450 attraltens.
1472 2397 1649 2474 Atque
1692 2397 1856 2471 hujus
1887 2399 1944 2453 in
1978 2401 2159 2456 medio

578 2492 675 2532 cor
698 2479 1026 2545 involutum.
1055 2499 1269 2557 semper
1296 2494 1564 2553 movetur,
1598 2489 1955 2546 consimiliter
1982 2500 2042 2546 ut
2073 2502 2158 2547 est

578 2570 723 2642 ignis
749 2582 965 2645 natura,
998 2577 1160 2645 quale
1186 2578 1315 2655 quid
1352 2579 1407 2633 in
1450 2580 1680 2636 olIicinis
1702 2583 1914 2639 aerariis
1946 2584 2152 2650 videas,

575 2676 643 2717 ex
676 2664 957 2734 adiacente
996 2669 1253 2738 pulmone
1292 2671 1541 2743 spiritum
1589 2671 1656 2727 ad
1689 2688 1748 2728 se
1773 2673 2017 2738 trahens,
2054 2675 2156 2729 im-

575 2754 845 2826 pletisque
879 2773 975 2828 per
1006 2759 1375 2819 diductiouem
1415 2762 1502 2816 sui
1532 2763 1883 2828 cavitatibus.
1914 2765 2151 2819 calorem

575 2864 737 2904 suum
775 2852 992 2911 arteriis
1041 2852 1237 2909 vicinis
1275 2854 1545 2927 praebens,
1582 2865 1843 2930 perpetuo
1879 2864 2030 2912 motu
2071 2857 2148 2911 el-

575 2939 694 3010 εισι,
722 2941 921 3012 partim
982 2943 1322 3003 extrinsecus
1366 2944 1571 3015 aliquid
1615 2961 1714 3016 per
1755 2947 1841 3002 sui
1883 2946 2154 3003 diductio-

577 3046 699 3087 uem
736 3031 791 3086 in
828 3030 1077 3108 proprias
1110 3032 1482 3089 concavitates
1517 3034 1819 3102 attrahens,
1857 3037 2054 3109 partim
2084 3053 2153 3093 ex

572 3138 634 3186 se
682 3138 778 3192 per
816 3124 1280 3193 compressionem
1336 3125 1390 3179 in
1440 3126 1670 3183 arterias
1719 3142 2041 3191 exeeruens,
2086 3142 2151 3183 ac

572 3214 721 3277 velut
750 3214 804 3269 in
835 3213 1057 3273 fornace
1082 3232 1177 3293 per
1206 3216 1444 3277 calorem
1476 3219 1780 3275 naturalem
1816 3218 2153 3292 colliquatioo

571 3321 696 3367 nem
722 3306 1016 3377 quamdam
1064 3317 1117 3361 et
1149 3308 1453 3364 coctionem
1498 3308 1758 3375 elﬁciens,
1798 3320 2055 3382 tanquam
2083 3328 2148 3368 ex

570 3398 755 3467 aliquo
796 3397 1008 3455 fusorio
1053 3415 1184 3455 vase
1213 3400 1279 3455 ad
1333 3409 1559 3457 caeteros
1600 3411 1814 3458 meatus
1865 3406 2145 3461 materiem

572 3490 923 3545 transfundit.
958 3490 1251 3563 Postquam
1284 3501 1467 3548 autem
1496 3508 1743 3549 crassum
1770 3510 1799 3549 a
1839 3497 1989 3551 tenui
2033 3497 2149 3554 dis-

568 3582 765 3648 crevit,
827 3582 1093 3655 quidquid
1138 3584 1379 3639 crassius
1410 3594 1496 3640 est
1531 3586 1586 3640 iu
1619 3586 1873 3641 intestina
1912 3590 2147 3659 repellit,

571 3676 756 3730 tenuia
788 3691 918 3731 vero
942 3685 998 3731 et
1034 3692 1063 3731 a
1095 3677 1350 3733 sordibus
1381 3687 1589 3733 secreta
1620 3680 1685 3733 ad
1723 3689 1909 3749 portas
1936 3680 2147 3751 hepatis

567 3765 761 3823 defert.
799 3765 1079 3823 Ebulliens
1107 3776 1289 3822 autem
1321 3770 1453 3824 illud
1482 3771 1686 3836 calore,
1731 3772 2016 3828 humidum
2063 3774 2147 3829 in-

569 3868 656 3920 tus
685 3858 927 3928 deponit,
961 3870 1015 3915 et
1039 3860 1181 3935 quod
1218 3861 1329 3931 igni
1366 3872 1657 3932 cognatum
1690 3873 1794 3929 est,
1836 3864 1889 3919 in
1919 3866 2142 3936 sangui-

567 3965 690 4005 nem
724 3951 895 4009 ruheo
923 3949 1184 4005 infectum
1216 3951 1399 4007 colore
1429 3962 1621 4010 mutat.
1659 3952 1787 4026 Quae
1821 3965 1997 4015 autem
2034 3958 2142 4011 vim

566 4043 800 4108 mediam
840 4044 1132 4114 quamdam
1180 4043 1406 4112 habent,
1458 4062 1525 4110 ea
1566 4062 1661 4117 per
1693 4048 1989 4118 quamdam
2042 4051 2145 4105 mi-

565 4144 774 4190 ειμι-ειη
832 4144 1365 4210 temperaturamque
1411 4139 1559 4194 unita
1609 4140 1846 4211 corpori,
1894 4140 2145 4197 nutriunt

563 4235 728 4298 atque
783 4240 1112 4291 conservant
1160 4245 1255 4302 per
1300 4231 1711 4300 evaporationes
1760 4232 2068 4298 cerebrum,
2110 4247 2143 4286 a

563 4334 675 4395 quo
711 4333 927 4372 rursum
958 4319 1149 4388 purius
1187 4334 1251 4381 ac
1297 4320 1553 4376 subtilius
1584 4329 1860 4381 attenuata
1904 4322 2145 4393 digesta-

562 4423 671 4476 que
702 4408 787 4462 illa
838 4409 1134 4473 exhalatio,
1167 4410 1393 4471 sublinit
1439 4411 1809 4471 continentem
1855 4412 2140 4467 cerebrum

566 4500 962 4562 membranam,
991 4516 1113 4576 qua:
1139 4516 1375 4572 superne
1399 4502 1467 4556 ad
1494 4501 1755 4557 inferiora
1786 4503 1960 4558 instar
1988 4502 2143 4558 ﬁstu-

563 4590 629 4647 izt-
658 4606 777 4647 sese
807 4606 1095 4662 spargens,
1130 4608 1226 4662 per
1251 4594 1577 4664 conjunctas
1612 4594 1804 4650 ordine
1840 4595 1944 4651 sibi
1970 4595 2141 4665 spinae

564 4684 865 4748 vertebras,
921 4684 1270 4755 semetipsam
1312 4694 1367 4747 et
1393 4694 1703 4741 contentam
1736 4684 1788 4739 in
1838 4700 1899 4741 se
1929 4685 2139 4740 medul-

565 4779 670 4833 lam
701 4781 1025 4851 perducens,
1060 4778 1112 4834 in
1143 4779 1377 4837 verenda
1413 4778 1632 4845 desinit,
1665 4788 1857 4849 estque
1884 4778 2141 4834 omnibus

563 4871 770 4924 ossium
802 4876 855 4923 et
884 4884 1209 4941 compagum
1238 4869 1619 4929 commissuris
1654 4868 2141 4938 musculorumque

565 4961 869 5033 principiis,
900 4961 1067 5016 veluti
1102 4961 1453 5039 gubernatrix
1492 4961 1764 5034 quaedam,
1800 4960 1993 5021 iudens
2026 4961 2133 5017 sin-

562 5054 707 5129 gulis
742 5063 949 5109 motum
979 5064 1144 5124 atque
1174 5053 1433 5124 quietem.

643 5188 749 5243 Sed
788 5189 853 5243 ad
890 5189 1229 5259 propositum
1281 5197 1633 5243 revertamur.
1664 5185 1935 5255 Quoniam
1972 5203 2135 5258 quam

564 5280 798 5337 maxime
852 5282 1185 5351 praecipuum
1237 5290 1293 5335 et
1340 5280 1707 5336 necessarium
1760 5282 1886 5337 vita:
1940 5291 2139 5337 nostra:

564 5372 869 5429 membrum
905 5387 1002 5427 cor
1025 5383 1130 5437 est,
1164 5373 1287 5428 ideo
1318 5388 1428 5442 prae
1452 5374 1710 5430 omnibus
1746 5373 1950 5429 nostris
1979 5389 2138 5444 orga-

564 5464 649 5518 nis
683 5477 807 5516 cum
855 5461 1048 5531 primis
1082 5461 1259 5532 ipsum
1310 5462 1665 5517 communivit
1697 5460 1912 5533 Opifex,
1972 5464 2137 5518 robu-

562 5554 825 5612 stioribus
853 5554 1280 5624 circumquaque
1311 5555 1712 5611 munitionibus
1760 5556 1879 5626 ipso
1922 5557 1975 5610 in
2017 5566 2137 5611 tuto

562 5650 849 5711 collocato,
878 5656 930 5701 et
956 5657 1112 5718 septo
1144 5648 1515 5714 circumdato;
1542 5657 1686 5704 retro
1714 5648 1934 5720 quidem
1970 5651 2136 5706 dorso

562 5754 615 5798 et
659 5743 1019 5797 humerorum
1069 5742 1327 5811 scapulis,
1381 5741 1451 5796 ab
1495 5749 1733 5811 utroque
1784 5755 1924 5796 vero
1968 5741 2135 5797 latere

562 5846 839 5894 costarum
879 5834 988 5890 situ
1016 5843 1071 5889 et
1099 5834 1404 5903 complexu,
1460 5848 1529 5888 ne
1570 5833 1807 5889 medium
1846 5832 2006 5890 facile
2033 5835 2132 5890 ali-

564 5928 690 6008 quid
748 5928 1005 6004 patiatur,
1056 5927 1251 5982 cll'ecit.
1306 5926 1388 5990 Ab
1438 5924 1705 5989 anteriore
1762 5935 1939 5987 autem
1979 5937 2131 6007 parte

1626 445 1687 501 S.
1729 446 2034 504 CESARII
2068 447 2399 504 CBEGORII
2433 448 2743 504 FRATRIS

3706 454 3819 508 $076

2269 565 2527 635 παρεῖναι
2559 564 2712 634 παρὰ
2753 563 2855 634 τῆς
2897 562 3113 634 φύσεως
3134 562 3215 632 (ού
3248 562 3355 632 γὰρ
3382 562 3592 629 πέφυκε
3620 563 3676 615 τὸ
3710 568 3818 634 παρ’

2265 656 2400 726 ἡμῖν
2434 654 2546 727 πῦρ
2579 656 2761 727 μένειν
2794 656 2888 724 ἀφ’
2919 654 3112 708 ἑαυτοῦ
3162 655 3239 725 μὴ
3269 654 3357 707 διὰ
3382 654 3477 707 τοῦ
3513 654 3818 724 καταλλήλοο

2264 744 2652 817 τρεφόμενον)·
2699 744 2780 799 διὸ
2823 745 2920 800 καὶ
2957 745 3049 799 τοῦ
3085 746 3319 814 αἵματος
3350 744 3554 814 ὀχετοὶ,
3598 745 3818 816 καθάπερ

2266 839 2332 891 ὲκ
2356 838 2567 908 κρήνης
2586 837 2733 901 τινὸς
2752 836 2847 890 τοῦ
2869 838 3077 907 ἥπατος
3100 836 3537 910 ἀφορμισθέντες
3564 835 3639 905 τῷ
3659 837 3817 907 θερμῷ

2267 925 2559 997 πνεύματι,
2584 925 2651 979 δι’
2677 925 2802 979 ὅλου
2828 925 2923 979 τοῦ
2948 924 3199 996 σώματος
3220 926 3735 997 συμπαροδεύουσιν,
3755 928 3816 990 ὡς

2264 1016 2331 1072 ἂν
2365 1017 2441 1088 μὴ
2476 1016 2718 1088 μονωθὲν
2746 1015 2841 1070 τοῦ
2882 1016 3070 1088 ἑτέρου
3093 1017 3156 1070 τὸ
3200 1017 3389 1087 ἕτερον
3426 1014 3711 1087 διαφθείρῃ
3734 1016 3817 1087 τὴν

2266 1107 2429 1176 φύσιν
2451 1106 2625 1170 πάθος
2658 1106 2974 1177 γενόμενον.

2348 1199 2567 1270 Ἐπειδὴ
2605 1199 2784 1253 τοίνυν
2812 1199 3109 1271 ἀπροσδεὲς
3146 1200 3207 1253 τὸ
3234 1199 3414 1262 Θεῖον,
3440 1199 3476 1269 ἠ
3515 1198 3574 1251 δὲ
3603 1198 3818 1267 πτωχεία

2266 1288 2473 1362 βροτῶν
2500 1289 2609 1344 τῶν
2630 1288 2826 1354 ἔξωθεν
2845 1290 3186 1344 ἐπεισάκτων
3201 1290 3372 1343 δεῖται
3400 1288 3541 1359 πρὸς
3562 1290 3817 1342 σύστασιν·

2265 1384 2313 1441 εί
2357 1382 2466 1453 γὰρ
2508 1381 2661 1453 πηγὴ
2692 1382 2788 1436 τοῦ
2817 1382 3050 1452 αἵματος
3092 1383 3328 1453 ὑπάρχει
3357 1382 3419 1434 τὸ
3470 1376 3645 1451 ἧπαρ,
3682 1382 3821 1451 ήτῆς

2263 1476 2471 1547 τροςρῆς
2486 1475 2718 1547 χορηγία
2732 1475 3013 1543 ἀναγκαία
3042 1475 3404 1546 καθέστηκεν.
3429 1474 3507 1527 Τὸ
3522 1474 3634 1546 γὰρ
3658 1476 3819 1528 ἐπεισ-

2264 1567 2528 1637 αγόμενον
2567 1568 2699 1637 ἡμῖν
2746 1566 2836 1619 διὰ
2882 1566 3111 1637 ταύτης,
3158 1566 3217 1619 τὸ
3254 1562 3393 1636 αἷμα
3435 1564 3623 1637 βρύειν
3655 1567 3715 1619 ὲκ
3742 1566 3817 1619 τού

2263 1658 2470 1728 ἥπατος
2511 1658 2713 1713 δίδωσι.
2748 1657 3016 1730 Καθάπερ
3039 1659 3076 1729 ἡ
3108 1659 3203 1712 ἐπὶ
3234 1657 3331 1711 τοῦ
3378 1658 3539 1727 δρους
3582 1656 3709 1727 χιὼν
3745 1658 3817 1711 au

2261 1748 2363 1819 τῆς
2409 1748 2585 1813 οἰκίας
2616 1749 2842 1819 ἰκμάδος
2882 1749 2983 1815 τάς
3023 1749 3131 1804 ὑπὸ
3167 1749 3266 1820 τὴν
3297 1748 3576 1820 ὑπωρείαν
3608 1749 3815 1813 αὔξουσα

2262 1842 2491 1911 κρήνας,
2534 1840 2623 1895 διά
2646 1840 2740 1895 τοῦ
2781 1841 2979 1912 βάθους
3008 1840 3069 1894 τὸ
3103 1842 3303 1895 οίκεῐον
3333 1840 3507 1911 ὑγρὸν
3544 1839 3815 1910 λεληθότως

2262 1932 2357 1986 ἐπὶ
2382 1934 2477 1997 τὰς
2502 1933 2652 1993 κάτω
2689 1933 2893 2004 φλέὸας
2937 1932 3321 1987 συνθλίὸουσα.
3361 1932 3436 1985 Τὸ
3471 1932 3529 1985 δὲ
3556 1932 3813 2003 ἐγκάρδιον

2266 2023 2482 2095 πνεῦμα
2503 2024 2593 2079 διὰ
2610 2024 2704 2078 τοῦ
2737 2024 2979 2095 γείτονος
3000 2025 3281 2093 εἰσάγεται
3309 2025 3643 2093 σπλάγχνου,
3673 2023 3810 2078 «vsti-

2267 2131 2426 2185 μονος
2457 2113 2554 2185 μὲν
2585 2114 3150 2185 προσαγορευομένου,
3182 2115 3394 2186 δοχείου
3422 2115 3480 2169 δὲ
3501 2116 3809 2187 ὑπάρχοντος

2257 2205 2351 2259 τοῦ
2385 2206 2565 2278 ἀέρος,
2606 2206 2695 2260 διὰ
2721 2208 2821 2279 τῆς
2850 2207 3181 2279 ἐγκειμένης
3208 2207 3481 2279 ἀρτηρίας
3525 2207 3625 2278 τῆς
3659 2208 3739 2259 ἐπὶ
3762 2207 3808 2258 τὸ

2259 2298 2432 2368 στόμα
2464 2297 2779 2369 διηκούσης,
2818 2297 2879 2350 τὸ
2908 2297 3105 2362 ἔξωθεν
3132 2296 3350 2369 πνεῦμα
3376 2300 3499 2360 ταῖς
3530 2298 3799 2359 ἀναπνοαῖς

2255 2389 2634 2461 ἐφελκόμενον.
2658 2385 2731 2459 ᾯ
2760 2390 2939 2461 μέσως
2964 2390 2998 2461 ὴ
3020 2390 3220 2460 καρδία
3254 2389 3626 2460 ἐνειλημμένη
3659 2388 3803 2442 ἀεικί-

2255 2498 2432 2552 νητος,
2470 2479 2865 2552 παραπλησίως
2894 2481 2997 2551 τῆς
3028 2479 3124 2533 τοῦ
3170 2480 3346 2551 πυρὸς
3371 2480 3611 2550 φύσεως,
3643 2473 3739 2532 οἷόν
3758 2496 3802 2531 τι

2254 2574 2460 2646 δράκῃς
2481 2576 2539 2629 ὲν
2572 2576 2685 2639 τοῖς
2712 2574 3009 2645 χαλκείοις,
3045 2575 3132 2643 ἐφ’
3162 2568 3245 2637 οἷς
3272 2573 3424 2626 ἕλκει
3459 2574 3518 2627 τὸ
3546 2573 3671 2643 πρὸς
3698 2574 3802 2625 ἑαυ-

2253 2664 2351 2735 τὴν
2379 2665 2443 2718 ὲκ
2470 2664 2565 2719 τοῦ
2606 2666 3014 2736 παρακειμένου
3046 2664 3360 2735 πνεύματος
3388 2664 3719 2735 πληρουμένη
3742 2666 3797 2733 τῇ

2252 2754 2501 2828 διαστολῇ
2550 2756 2649 2822 τὰς
2687 2756 3031 2828 κοιλότητας,
3086 2757 3178 2810 καὶ
3225 2756 3287 2809 τὸ
3342 2756 3589 2834 πυρῶδες
3632 2755 3799 2823 tnui:

2254 2849 2618 2920 ὲκπορίζουσα
2660 2852 2781 2912 ταῖς
2827 2848 3114 2919 ἐχομέναις
3151 2848 3477 2920 ἀρτηρίαις⁸
3513 2848 3798 2917 demutans;

2252 2940 2461 3001 ὲκπνεῖ,
2492 2941 2552 2994 τὸ
2590 2940 2691 3013 μὲν
2722 2940 2921 3006 ἔξωθεν
2956 2940 3381 3011 διαστελλομένη
3418 2942 3499 3003 είς
3536 2940 3631 3002 τὰς
3650 2939 3795 3000 οἰκίας

2252 3032 2570 3103 κοιλότητας
2599 3032 2767 3094 ἕλκει,
2794 3034 2854 3086 τὸ
2877 3032 2934 3087 δὲ
2961 3034 3091 3103 παρ’
3122 3032 3321 3103 ἑαυτῆς
3348 3033 3437 3086 διὰ
3455 3033 3551 3104 τῆς
3583 3032 3794 3102 mame

2253 3122 2389 3189 ξεως
2424 3128 2542 3189 ταῖς
2572 3125 2862 3198 ἀρτηρίαις
2896 3125 3142 3197 ἐκκρίνει
3166 3142 3181 3156 ·
3212 3123 3403 3197 ὥσπερ
3446 3125 3504 3178 δὲ
3534 3127 3590 3179 ὲν
3624 3140 3792 3195 χωνευ-

2250 3215 2423 3286 τηρίῳ
2472 3215 2562 3270 διά
2601 3217 2702 3288 τῆς
2749 3218 2983 3288 φυσικῆς
3030 3215 3364 3288 θερμότητος
3409 3218 3648 3288 σύντηξίν
3693 3234 3792 3273 τινα

2252 3304 2347 3358 καὶ
2377 3305 2543 3376 πέψιν
2563 3308 2663 3378 τῆς
2692 3306 2825 3379 ὖλης
2844 3309 3163 3379 ποιουμένη,
3194 3308 3356 3361 οἱονεὶ
3372 3310 3436 3362 ἐκ
3461 3310 3651 3379 χοάνης
3674 3310 3790 3369 τινος

2251 3397 2389 3469 πρὸς
2427 3400 2553 3463 τοὺς
2594 3399 2791 3470 ἑφεξῆς
2842 3402 3046 3472 πόρους
3086 3404 3332 3471 μεταχεῖ.
3364 3401 3438 3454 Τὸ
3466 3402 3608 3472 παχὺ
3638 3401 3686 3453 δὲ
3715 3398 3786 3452 τοῦ

2247 3491 2446 3546 λεπτοῦ
2477 3492 2805 3565 διακρίνασα
2838 3492 2936 3563 τὴν
2971 3492 3103 3564 ὓλην
3135 3496 3248 3557 τοῖς
3276 3494 3520 3565 ἐντέροις
3546 3494 3786 3553 ἀπώσατο,

2246 3585 2306 3637 τὸ
2334 3584 2526 3638 λεπτὸν
2563 3585 2656 3638 καὶ
2695 3585 2987 3657 εἱλικρινὲς
3021 3586 3115 3640 ἐπὶ
3142 3588 3240 3651 τὰς
3272 3587 3448 3651 πύλας
3478 3588 3572 3641 τοῦ
3612 3589 3785 3657 ἥπατος

2246 3675 2465 3729 ἔδωκεν.
2508 3675 2836 3741 Ἀναζέουσα
2862 3677 2919 3729 δὲ
2946 3677 3025 3748 τῷ
3055 3677 3245 3749 Θερμῷ
3282 3678 3345 3731 τὸ
3382 3678 3549 3749 ὑγρὸν
3578 3678 3785 3732 ἐναποτί-

2246 3766 2417 3827 Θεται.
2454 3767 2586 3820 αὐτὸ
2612 3767 2673 3821 τὸ
2698 3769 2958 3836 συγγενὲς
2986 3768 3078 3823 τού
3110 3770 3282 3847 πυρὸς
3301 3772 3381 3832 εἰς
3409 3764 3550 3840 αἷμα
3570 3770 3625 3822 τὸ
3650 3768 3781 3836 ὑγρὸν

2244 3858 2693 3928 καταφοινίξασα,
2719 3858 2789 3912 τὰ
2805 3857 2863 3912 δὲ
2895 3860 3024 3929 παρ’
3055 3860 3246 3931 ἑτέρας
3267 3859 3551 3929 δυνάμεως
3577 3860 3657 3913 διὰ
3670 3874 3781 3916 τινος

2247 3948 2445 4020 μίξεὼς
2470 3966 2528 4003 τε
2563 3951 2658 4005 καὶ
2693 3948 3049 4022 συγκράσεως
3080 3951 3347 4006 ἑνωθέντα
3384 3951 3465 4019 τῷ
3494 3952 3690 4023 σώματι
3713 3950 3777 4007 διὰ

2242 4039 2336 4094 τοῦ
2381 4041 2635 4112 αἵματος,
2694 4041 2991 4112 ὑποτρέφει
3025 4060 3087 4097 τε
3139 4044 3235 4097 καὶ
3263 4044 3544 4115 συνίστησι
3588 4042 3667 4096 διὰ
3697 4040 3776 4093 τῶν

2242 4130 2431 4203 ἀτμῶν
2462 4130 2554 4185 τὸν
2582 4132 2907 4201 ἐγκέφαλον,
2943 4134 3035 4203 ἀφ’
3064 4126 3125 4187 οὗ
3156 4134 3315 4197 πάλιν
3345 4135 3441 4188 ἐπὶ
3473 4136 3540 4198 τὸ
3565 4132 3775 4205 καθαρώ-

2242 4239 2399 4293 τερον
2441 4221 2880 4297 ἑκλεπτυνομένη
2926 4227 2965 4305 η
2995 4227 3091 4285 ἀπ’
3134 4226 3346 4281 ἐκείνου
3398 4228 3659 4291 ἀνάδρσις,
3706 4226 3774 4277 iu:-

2242 4315 2456 4385 αλείφει
2473 4315 2566 4369 τὸν
2591 4317 2936 4387 περιεκτικὸν
2956 4318 3051 4372 τού
3066 4319 3369 4389 ἐγκεφάλου
3390 4320 3583 4390 ὑμένα.
3601 4320 3653 4383 ὃς
3670 4320 3773 4373 ἀνω-

2242 4404 2332 4458 θεν
2362 4406 2454 4459 ἐπὶ
2482 4404 2543 4459 τὸ
2578 4406 2742 4477 βάθος
2771 4408 3061 4473 αύλοειδῶς
3082 4410 3304 4480 διήκων,
3332 4410 3422 4464 διὰ
3446 4411 3553 4464 τῶν
3584 4408 3770 4475 καϐεῇς

2243 4493 2551 4569 σφονδύλων
2573 4496 2765 4551 ἑαυτόν
2798 4514 2857 4549 τε
2898 4498 2994 4552 καὶ
3033 4498 3122 4551 τὸν
3166 4500 3487 4571 ἐγκείμενον
3522 4501 3696 4571 μυελὸν
3716 4498 3769 4548 δι-

2242 4586 2475 4655 εξάγων,
2512 4587 2599 4641 διὰ
2624 4588 2726 4658 τῆς
2756 4589 2961 4662 νύσσης
2997 4592 3363 4663 συναπολήγει
3406 4594 3501 4647 ἐπὶ
3526 4593 3590 4647 τά
3615 4592 3766 4651 αἰδοῖα,

2244 4680 2447 4744 πάσαις
2478 4680 2681 4735 ὀστέων
2725 4682 2820 4736 καὶ
2864 4682 3142 4755 ἁρμονιῶν
3178 4685 3498 4756 πμόολαῖς,
3536 4686 3625 4739 καὶ
3652 4682 3765 4755 μνῶν

2241 4772 2438 4846 ἀρχαῖς
2474 4768 2587 4836 οἷός
2622 4790 2706 4837 τις
2745 4772 2959 4845 ἡνίοχος
3015 4776 3205 4840 αὐταῖς
3247 4777 3486 4841 ἐνδιδοὺς
3535 4776 3627 4846 τῆς
3677 4770 3763 4829 καθ’

2242 4852 2470 4918 ἕκαστον
2503 4864 2771 4936 κινήσεώς
2797 4883 2856 4919 τε
2888 4867 2982 4921 καὶ
3010 4867 3269 4942 στάσεως.

2322 5196 2465 5250 Ἀλλ’
2492 5198 2585 5251 ἐπὶ
2616 5198 2677 5251 τὸ
2704 5200 3060 5269 προκείμενον
3092 5201 3263 5270 ὲπανῆ
3274 5200 3470 5271 ξωμεν.
3488 5202 3599 5255 Ὀτι
3624 5197 3674 5249 τὸ
3695 5212 3754 5245 r2-

2245 5287 2507 5358 ριώτατον
2551 5290 2644 5343 καὶ
2672 5291 2971 5358 ἀναγκαῖον
3007 5291 3165 5363 ἡμῶν
3211 5292 3314 5364 τῆς
3350 5292 3494 5363 ζωῆς
3535 5293 3567 5362 η
3606 5284 3751 5355 καρδίι

2241 5380 2476 5452 ὑπάρχει
2492 5397 2504 5410 ·
2545 5380 2624 5434 διὸ
2648 5382 2745 5435 καὶ
2774 5381 2925 5455 παρά
2943 5382 3301 5455 πάντανήμῶν
3316 5384 3385 5437 τά
3416 5384 3628 5454 ὄργανα.

2238 5475 2328 5526 λον
2371 5472 2541 5543 αὐτὴν
2579 5474 2606 5525 ὁ
2637 5473 2975 5547 Δημιουργδς
3014 5475 3463 5545 κατησφαλίσατο
3483 5476 3594 5535 ταῖς
3613 5472 3662 5522 ἐν
3681 5464 3747 5517 κύ·

2239 5566 2350 5635 κλῳ
2372 5564 2481 5616 τῶν
2516 5565 2885 5636 στερροτέρων
2907 5569 3189 5637 περιοχαῖς
3211 5565 3496 5638 ὀχυρώσας
3522 5560 3665 5629 αὐτὴν
3681 5552 3745 5607 καὶ

2237 5652 2609 5726 περιφράξας·
2646 5654 2876 5707 κατόπιν
2924 5655 3024 5726 μὲν
3046 5659 3112 5726 τῇ
3162 5656 3337 5727 νύσσῃ
3371 5656 3463 5707 καὶ
3488 5655 3595 5713 ταῖς
3635 5648 3742 5713 ὡμο-

2237 5748 2467 5809 πλάταις
2488 5762 2503 5776 ·
2535 5744 2657 5799 καθ’
2688 5744 2949 5817 ἑκάτερον
2976 5746 3033 5801 δὲ
3058 5747 3307 5816 πλάγιον,
3334 5749 3401 5817 τῇ
3423 5746 3521 5799 τῶν
3544 5734 3740 5805 πλευρῶν

2237 5842 2380 5895 Osse:
2412 5838 2772 5909 περιπτύξας.
2809 5838 3081 5903 δυσπαθὲς
3112 5841 3173 5893 τὸ
3214 5841 3379 5911 μέσον
3408 5832 3738 5906 ἀπειργάσατο.

2254 5933 2342 5995 Ἐν
2372 5930 2428 5985 δὲ
2468 5934 2577 5995 τοῖς
2610 5930 2918 6009 ἔμπροσθεν
2946 5932 3005 5987 τὸ
3043 5932 3262 6004 στέρνον
3297 5933 3390 5988 καὶ
3416 5930 3507 6001 τὴν
3537 5920 3738 5987 ﬂiam
