3874 6520
118 402 243 455 Ιοῖτ

112 509 203 578 τῆς
239 508 439 571 κλειδὸς
461 508 833 580 προεστήσατο
853 525 865 537 ·
896 508 1156 563 πάντοθεν
1180 508 1319 580 αὐτῇ
1344 510 1403 562 τὸ
1430 508 1672 577 ἀσφαλὲς

112 602 213 654 ἀπὸ
245 600 352 653 τῶν
381 599 580 664 ἔξωθεν
597 599 962 670 ’διοχλούντων
997 601 1262 669 φυλάξας.
1306 602 1471 665 ’ἰδίως
1496 602 1553 655 δὲ
1584 601 1678 655 καὶ

117 692 238 761 περὶ
278 689 372 742 τοῦ
407 690 711 762 πνεύμονος
741 691 957 761 φύσεως
987 692 1075 746 διὰ
1108 692 1356 765 βραχέων
1393 694 1676 762 φήσωμεν.

116 781 201 851 Τῷ
240 781 450 852 θώρακι
501 784 680 836 τοίνυν
726 775 877 847 οὗτος
948 784 1334 856 ἐνηρτημένος,
1387 783 1680 856 γομφώδης

116 870 345 940 ὑπάρχει
394 872 487 925 καὶ
517 873 760 942 μαλακὸς
809 875 902 927 καὶ
935 876 1068 930 πολὺ
1100 876 1289 947 ἀραιός
1321 892 1379 927 τε
1425 875 1518 927 καὶ
1547 875 1682 927 είδε-

116 962 275 1033 χθής·
329 963 509 1026 πάσας
543 964 599 1016 δὲ
630 963 728 1028 τάς
760 965 955 1019 ἐαυτοῦ
989 967 1325 1037 κυκλότητας
1359 982 1679 1019 συνανεστο-

119 1051 377 1121 μωμένας
411 1052 550 1123 ἔχων
585 1052 720 1126 πρὸς
741 1054 834 1108 τὸν
858 1055 1105 1125 πυθμένα
1125 1056 1225 1126 τῆς
1247 1056 1532 1128 ἀρτηρίας,
1562 1073 1685 1109 συν-

118 1145 378 1214 αγόμενος
414 1145 513 1215 μὲν
553 1147 647 1199 καὶ
688 1148 1022 1217 συμπέπτων
1057 1147 1118 1200 τὸ
1158 1147 1541 1217 ἐναπλειφθέν
1574 1151 1683 1212 τοῖς

121 1235 336 1297 κόλποις
364 1236 601 1305 πνεῦμα,
632 1238 844 1308 ἀνάγκη
874 1238 1143 1303 ἐκπιέζων
1173 1242 1406 1311 προεῖτο.
1445 1240 1688 1309 ’Υποχω-

123 1326 225 1397 ρῶν
268 1327 331 1379 δὲ
378 1331 474 1381 καὶ
519 1330 870 1400 ἀνοιγόμενος
900 1333 1201 1385 ἐπισπᾶται
1227 1335 1294 1403 τῇ
1331 1332 1423 1403 βίᾳ
1463 1332 1598 1403 πρὸς
1627 1334 1688 1387 τὺ

123 1416 437 1487 κινούμενον
485 1419 576 1471 διὰ
605 1420 704 1489 τῆς
735 1419 898 1490 ὁλκῆς
926 1420 1016 1473 τὸν
1049 1421 1208 1492 ἀέρα,
1244 1423 1337 1475 καὶ
1362 1425 1428 1493 τῇ
1479 1424 1691 1491 συνεχεί

124 1508 332 1576 κινήσει
364 1510 429 1577 τῇ
467 1507 663 1578 καρδίᾳ
695 1508 1162 1579 περιδονούμενος,
1204 1509 1265 1561 τὸ
1294 1507 1566 1577 φλογῶδες
1594 1508 1691 1561 αὐ·

123 1598 214 1667 τῆς
252 1599 353 1651 καὶ
376 1598 639 1669 διάπυρον
668 1598 746 1668 τῷ
773 1599 1019 1669 ριπισμῷ
1044 1591 1413 1670 διακρούεται.
1439 1593 1563 1652 Οἷον
1582 1599 1691 1669 γάρ

124 1690 244 1757 φλὸξ
283 1690 361 1761 μὴ
389 1690 717 1744 διαπνέουσα
745 1690 850 1743 ὐπὸ
880 1690 973 1743 τοῦ
1000 1690 1197 1744 οἰκείου
1230 1690 1436 1744 καπνοῦ
1470 1690 1690 1743 σϐέννυ-

124 1800 224 1843 ται,
259 1783 361 1835 καὶ
385 1782 447 1833 τὺ
476 1781 612 1845 ζῶον
645 1780 719 1851 μὴ
760 1781 1010 1833 διαπνέον
1038 1782 1115 1852 τῷ
1144 1782 1404 1852 πνεύμονι
1432 1781 1494 1834 τὸ
1537 1798 1693 1849 περι-

125 1873 345 1941 κάρδιον
373 1871 569 1925 ἐαυτοῦ
611 1871 739 1943 πῦρ.
781 1873 872 1925 Διὸ
916 1872 1359 1942 περιδονούμενος
1396 1876 1461 1942 τῇ
1495 1872 1694 1943 καρδίᾳ

124 1965 213 2019 καὶ
252 1962 516 2034 πραείαις
555 1962 752 2033 αὔραις
784 1963 1116 2024 κολακεύων,
1154 1963 1375 2025 εὐθαλὲς
1409 1964 1500 2016 καὶ
1524 1965 1696 2034 ἐρρω-

128 2059 287 2127 μένον
324 2058 388 2109 τὸ
415 2052 553 2120 ζῶον
584 2053 874 2106 δείκνυσιν.
920 2054 1008 2106 Ἐν
1039 2053 1175 2123 αὐτῇ
1209 2052 1317 2124 γὰρ
1348 2054 1443 2105 καὶ
1478 2052 1610 2123 μόνῃ
1636 2051 1697 2104 τὸ

126 2148 357 2211 ζωτικὸν
398 2150 567 2201 αἴτιον
597 2143 847 2215 ίδρύσθαι
882 2162 973 2215 μοι
1005 2145 1169 2199 δοκεῖ.
1214 2144 1286 2197 Τὸ
1316 2144 1371 2197 δὲ
1408 2140 1561 2216 ἧπαρ
1604 2142 1698 2195 καὶ

126 2241 253 2293 αὐτὸ
308 2239 509 2310 θερμὸν
552 2241 797 2310 ὑπάρχον
826 2237 963 2307 πρὸς
997 2236 1095 2307 τὴν
1136 2236 1246 2290 τῶν
1299 2236 1699 2307 ἐγκρινομένων

128 2331 292 2399 πέψιν
318 2347 379 2382 τε
403 2331 496 2382 καὶ
520 2329 887 2399 ἐξαιμάτωσιν
910 2325 987 2395 τῷ
1005 2325 1163 2397 δεξιῷ
1189 2326 1282 2397 ἐνή
1293 2343 1483 2396 ρτηται
1514 2324 1697 2396 μέρει·

125 2418 183 2475 οὐ
203 2420 672 2491 καταψυχθέντος,
704 2420 991 2480 ἀλλοίωσις
1020 2417 1119 2488 μὲν
1142 2416 1218 2487 τῷ
1247 2417 1523 2488 προσώπῳ
1548 2415 1702 2480 αὖθις

128 2515 454 2581 ἐπιγίνεται,
508 2513 761 2583 σπασμὸς
803 2513 859 2566 δέ
902 2515 998 2565 καὶ
1038 2509 1314 2579 ἀδυναμία
1344 2510 1488 2564 κατά
1515 2510 1699 2581 μέρος.

131 2606 214 2675 Τῷ
245 2606 308 2659 δὲ
334 2606 601 2676 εὐωνύμῳ
636 2606 665 2659 ὁ
690 2604 863 2673 σπλὴν
887 2603 1203 2673 ἐμπέφυκεν
1232 2601 1347 2671 ἅμα
1374 2618 1431 2653 τε
1459 2601 1704 2669 ὐφέλκων

133 2699 220 2751 καὶ
245 2696 546 2765 διακρίνων
573 2696 636 2748 τὸ
667 2694 866 2758 ὑλῶδες
902 2693 997 2747 τοῦ
1026 2694 1259 2763 αἵματος
1280 2708 1294 2724 ο
1334 2691 1704 2758 καταγλυκαι-

131 2790 359 2860 νόμενος
393 2788 450 2841 δὲ
499 2786 832 2858 κορυφοῦται
866 2787 982 2855 ἃμα
1010 2786 1105 2838 καὶ
1143 2784 1406 2856 πυροῦται
1439 2783 1706 2837 ἐκϐαίνων

131 2882 253 2943 τοὺς
280 2878 479 2933 ἐαυτοῦ
500 2880 679 2949 ὅρους,
706 2878 799 2931 καὶ
824 2875 1161 2946 διατειχίζων
1181 2876 1281 2940 τὰς
1300 2875 1515 2945 πέψεις,
1548 2874 1708 2928 πολύ-

133 2985 338 3037 σαρκον
385 2967 487 3037 μὲν
529 2967 818 3036 φαίνεσθαι
860 2967 1027 3027 ποιεῖ,
1063 2964 1269 3036 ὡχρίαν
1300 2965 1358 3017 δέ
1391 2965 1487 3016 καὶ
1526 2965 1710 3018 ἀδυνα-

133 3058 265 3128 μίαν
300 3056 449 3110 κατὰ
495 3057 660 3127 μέρος
694 3058 911 3124 ἐπάγει.
958 3054 1218 3125 Ἐντέρων
1261 3055 1317 3107 δέ
1360 3054 1572 3125 ἑλιγμοὶ
1616 3056 1711 3109 καὶ

135 3149 454 3219 συμπλοκαὶ
483 3150 613 3219 περὶ
657 3149 755 3220 τὴν
800 3147 1043 3219 γαστέρα
1065 3164 1078 3178 ·
1113 3147 1261 3209 ὅπως
1288 3149 1353 3217 τῇ
1402 3148 1588 3219 σκολιᾷ
1615 3164 1712 3200 πε-

135 3242 392 3309 ριαγωγῇ
444 3232 648 3311 χρόνῳ’
672 3238 1151 3312 παρακατέχεσθαι
1205 3238 1307 3310 τὴν
1340 3239 1546 3309 τροφὴν
1603 3241 1712 3302 τοῖς

136 3332 472 3401 σπλάγχνοις
495 3349 510 3365 ο
547 3333 622 3395 ὡς
654 3332 719 3385 ἂν
767 3332 841 3402 μὴ
879 3331 946 3384 δι’
998 3330 1269 3399 εὐθύτητα
1318 3329 1413 3383 τοῦ
1496 3334 1661 3407 πόρου
1700 3370 1715 3395 .

139 3422 344 3493 ῥᾳδίως
386 3423 481 3475 καὶ
524 3421 680 3486 αὐθις
724 3422 1118 3494 ἐκκρινομένης
1149 3421 1429 3493 ἀνακινοίη
1476 3423 1538 3475 τὸ
1582 3423 1718 3487 ζῶον

137 3516 279 3584 πρὸς
332 3513 548 3582 δρεξιν,
603 3514 874 3583 μηδέποτε
924 3515 1270 3583 ἀπαγόμενον
1312 3514 1410 3583 τῆς
1466 3514 1719 3585 τοιαύτης

138 3605 425 3675 ἀσχολίας,
462 3604 603 3659 κατά
633 3606 733 3674 τὴν
771 3605 878 3657 τῶν
919 3605 1129 3674 ἀλόγων
1176 3604 1357 3674 φύσιν.
1397 3606 1721 3675 Ὑμενὼδεις

135 3696 196 3747 δὲ
222 3695 411 3759 οἴκους
440 3698 509 3765 τῇ
581 3696 723 3766 φορᾷ
776 3695 884 3748 τῶν
919 3696 1118 3766 ὑγρῶν,
1149 3698 1177 3750 ό
1202 3694 1540 3769 Δημιουργὸς
1587 3699 1719 3751 ὐπε-

141 3788 449 3855 τεχνήσατο
473 3786 561 3839 διὰ
584 3786 691 3839 τῶν
721 3786 971 3856 ἀοράτων
1001 3789 1203 3855 πόρων,
1230 3788 1371 3841 κατά
1404 3789 1568 3861 μέρος
1596 3791 1719 3843 ἐπι-

143 3878 455 3948 σπωμένων
480 3878 539 3930 τὸ
568 3878 753 3947 ὐγρὺν,
792 3879 939 3942 ὅπως
968 3878 1043 3949 μὴ
1070 3882 1134 3949 τῇ
1175 3878 1349 3950 ἀθρόᾳ
1396 3880 1721 3944 ἐξυδατώσει

141 3972 239 4023 καὶ
278 3970 623 4041 ἀναξηρασίᾳ
670 3971 810 4041 δίψει
854 3971 1229 4041 ἐνεδρευθῆναι
1276 3971 1336 4024 τὸ
1384 3972 1542 4036 ζῶον,
1587 3974 1721 4028 ἀλλά

142 4061 291 4115 κατὰ
321 4062 488 4131 μέρος
515 4061 973 4132 ἐξοικονομεῖσθαι
1002 4062 1063 4114 τὸ
1087 4061 1322 4133 ἀρυσθέν
1346 4064 1506 4134 μέχρι
1528 4065 1720 4135 καιροῦ

142 4167 313 4213 τινος.
364 4150 537 4222 Σκέλη
588 4151 646 4204 δὲ
701 4153 833 4222 ἡμῖν
886 4150 1269 4221 διηρθρωμένα
1318 4156 1577 4223 στροφαῖς
1631 4154 1723 4207 καὶ

143 4244 374 4311 τόρμοις
415 4240 858 4311 συμϐεϐλημένα,
894 4241 1055 4293 οἱονεὶ
1087 4238 1268 4293 στύλοι
1300 4241 1618 4314 ἀχθοφόροι,
1663 4243 1723 4296 τὸ

144 4333 269 4386 ὅλον
315 4331 693 4401 ἐπερεισμένοι
744 4331 933 4401 σῶμα·
976 4331 1330 4399 ἐπικεφαλίδα
1371 4332 1469 4403 μὲν
1500 4333 1560 4385 τὸ
1591 4335 1720 4401 γόνυ

144 4426 387 4495 ἔχοντες,
445 4422 602 4492 βάσιν
657 4423 715 4475 δέ
772 4422 865 4476 τὸν
911 4423 1276 4494 ἀστράγαλον,
1339 4424 1574 4491 εὐσταλῆ
1630 4427 1723 4479 κα)⁸

141 4518 344 4585 ἱτοιμα
395 4515 530 4586 πρὸς
572 4516 751 4567 πᾶσαν
803 4515 1115 4586 ὑπάρχοντα
1144 4515 1379 4586 κίνησιν,
1414 4518 1722 4588 προσευχήν

144 4625 204 4659 τε
243 4606 339 4659 καὶ
371 4606 674 4668 ποτνίασιν,
703 4606 903 4677 δρόμον
926 4623 984 4659 τε
1011 4608 1104 4660 καὶ
1131 4607 1364 4678 ἅλματα.
1394 4609 1456 4661 Oi
1488 4609 1543 4662 δέ
1569 4609 1728 4672 πόδες

147 4700 284 4768 ἡμῖν
315 4695 608 4767 τυλώτεροι
639 4697 838 4759 παντὸς
869 4695 963 4748 τοῦ
1002 4698 1443 4768 ὐπερφερομένου
1476 4698 1727 4768 σώματος

148 4786 696 4855 κατεσκευάσθησαν,
739 4788 804 4856 τῇ
850 4785 1030 4857 χέρσῳ
1075 4786 1161 4839 διὰ
1200 4788 1401 4851 παντὸς
1436 4789 1727 4859 κρούεσθαι

153 4877 465 4947 μέλλοντες,
496 4878 660 4929 οἱονεὶ
685 4876 922 4944 ὀγκίνοις
954 4878 1088 4949 πρὸς
1113 4878 1361 4931 διάϐασιν
1386 4882 1498 4943 τοῖς
1526 4880 1726 4933 δακτύ-

149 4962 265 5026 λοις
297 4963 720 5034 συνεργούμενοι
741 4980 755 4995 ο
784 4962 877 5027 οὓς
903 4964 1149 5035 κρυμῷἦ
1180 4965 1325 5037 λώϐῃ
1355 4969 1460 5020 τινὶ
1488 4969 1727 5023 ἀποϐάλ-

151 5056 360 5117 λοντες,
396 5055 708 5125 μογιὸαδεῖς
738 5056 1019 5124 γινόμεθα.

1470 390 1814 452 DIALOGUS
1850 392 1936 451 lll.

3212 394 3229 446 I
3241 391 3347 445 ατε

1777 517 1966 577 pectus
2033 518 2086 564 et
2141 509 2308 566 clavis
2352 508 2661 579 juncturam
2728 506 3049 579 pra‘posnit,
3104 507 3347 575 nudique

1778 597 2021 652 adhibita
2049 599 2318 662 custodia,
2353 614 2461 669 qua
2489 600 2557 653 ab
2579 599 2818 654 externis
2850 598 3349 668 perturbationibus

1780 696 1954 745 tutum
1986 688 2323 745 redderetur.
2362 688 2719 745 Peculiariter
2743 697 2924 743 autem
2970 697 3024 743 et
3051 688 3119 743 de
3144 689 3351 757 pulmo-

1781 781 1867 855 nis
1895 791 2086 836 natura
2116 783 2304 851 paucis
2340 782 2696 838 disseramus.
2729 781 2826 835 Est
2866 782 2955 836 hic
2983 782 3192 850 pectori
3226 789 3352 849 apte

1781 874 2125 943 conjunctus,
2153 890 2419 931 recurvus
2463 885 2518 931 et
2545 875 2745 940 mollis,
2778 884 2834 929 et
2866 874 3156 929 admodum
3192 888 3351 926 rarus

1782 976 1835 1018 et
1861 965 2040 1035 specie
2075 981 2265 1035 parum
2298 967 2547 1037 elegans;
2600 980 2898 1035 omnesque
2924 965 3185 1020 circuitus
3225 979 3353 1018 suos

1785 1055 1949 1109 veluti
1986 1071 2083 1125 per
2115 1056 2254 1110 ostia
2286 1058 2533 1125 quaedam
2564 1064 2825 1111 exeuntes
2868 1054 3074 1111 habens
3105 1054 3170 1109 ad
3211 1064 3354 1108 arte-

1784 1144 1881 1198 ria:
1917 1143 2169 1211 fundum,
2203 1160 2403 1215 cogens
2435 1154 2489 1199 et
2521 1146 2900 1216 constringens
2926 1144 2979 1198 in
3010 1144 3209 1198 ﬁnibus
3239 1143 3355 1212 spi-

1788 1237 1948 1290 ritum
1976 1236 2250 1301 relictum,
2281 1251 2442 1306 quem
2476 1237 2788 1292 necessario
2809 1236 3178 1305 comprimens
3201 1235 3359 1288 emit-

1789 1329 1868 1382 tit.
1899 1328 2035 1382 Cum
2072 1345 2265 1383 rursus
2302 1337 2482 1383 autem
2516 1329 2752 1397 explicat
2794 1339 2965 1384 semet
3000 1344 3065 1383 ac
3094 1329 3353 1397 aperitur,

1787 1420 2050 1475 violenter
2084 1436 2207 1474 aera
2251 1421 2474 1474 attrahit
2504 1420 2571 1475 ad
2608 1420 2658 1474 id
2692 1421 2832 1488 quod
2883 1428 3146 1481 movetur,
3178 1428 3232 1472 et
3262 1434 3353 1472 as-

1791 1510 1949 1563 siduo
1993 1519 2142 1563 motu
2195 1510 2401 1564 circum
2442 1525 2536 1564 cor
2569 1509 2825 1578 agitatus,
2874 1508 3354 1563 inﬂammationem

1791 1610 1841 1655 et
1872 1600 2139 1656 fervorem
2172 1601 2292 1670 ejus
2334 1600 2688 1655 ventilatione
2731 1615 2830 1653 sua
2865 1600 3134 1668 propellit.
3164 1599 3361 1665 Quem-

1794 1694 2089 1748 admodum
2138 1696 2281 1748 cnim
2336 1694 2552 1747 ﬂamma
2603 1693 2962 1762 respiratione
3000 1706 3191 1744 carens
3239 1703 3363 1759 pro-

1796 1785 1914 1855 prio
1945 1785 2094 1840 l'ttmo
2127 1787 2513 1856 exstinguitur,
2559 1786 2631 1840 ita
2671 1795 2725 1839 et
2756 1783 2957 1838 animal
2990 1798 3094 1836 non
3129 1781 3361 1850 perﬂans

1798 1878 2057 1946 pulmone
2086 1877 2263 1947 ignem
2296 1878 2481 1933 cordis
2510 1878 2795 1932 emoritur.
2838 1874 3000 1944 Igitur
3029 1888 3153 1927 cum
3180 1871 3365 1940 pulmo

1800 1968 2004 2021 circum
2032 1982 2127 2019 cor
2160 1966 2420 2035 agitatur,
2450 1977 2503 2020 et
2533 1965 2743 2021 levibus
2771 1964 2921 2018 auris
2952 1964 3126 2031 ipsum
3158 1960 3365 2013 demul-

1800 2069 1906 2119 cet,
1952 2066 2201 2126 vegetum
2242 2066 2296 2111 et
2346 2058 2629 2112 robustum
2675 2056 2876 2110 animal
2920 2053 3097 2108 ellicit.
3152 2051 3206 2103 In
3250 2052 3365 2118 ipso

1800 2148 1966 2213 enim,
2017 2157 2072 2203 et
2116 2148 2335 2217 quidem
2386 2148 2505 2203 solo
2549 2148 2729 2202 vitalis
2764 2162 2931 2200 causa
2978 2144 3108 2198 mihi
3153 2142 3366 2195 videtur

1801 2241 1905 2296 sita
1931 2257 2071 2295 esse.
2102 2239 2266 2295 Jecur
2294 2250 2472 2294 autem
2499 2248 2552 2293 et
2583 2239 2757 2308 ipsum
2789 2237 3046 2300 calidum,
3081 2234 3145 2287 ad
3176 2247 3364 2286 eorum

1801 2347 1923 2402 qua:
1948 2332 2287 2403 ingeruntur,
2311 2330 2721 2386 concoctionem
2745 2338 2799 2384 et
2825 2326 3107 2396 sanguinis
3127 2324 3369 2379 eﬂ‘eetio—

1804 2439 1951 2487 nem,
2001 2424 2057 2477 in
2108 2423 2297 2477 dextra
2356 2423 2506 2477 cordi
2542 2421 2860 2491 adjunctum
2909 2427 2994 2475 est
3040 2429 3232 2489 parte:
3261 2430 3371 2484 quo

1805 2512 2032 2566 nimium
2066 2510 2404 2582 refrigerato,
2452 2512 2505 2564 in
2534 2510 2672 2565 facie
2701 2511 2759 2564 ﬂt
2786 2509 2933 2563 illico
2962 2508 3207 2579 quzedam
3253 2522 3374 2559 mu-

1806 2609 1936 2660 tatio
1964 2606 2252 2660 accedente
2285 2605 2545 2677 paulatim
2577 2619 2797 2678 spasmo
2820 2613 2874 2658 et
2908 2602 3201 2657 debilitate.
3235 2598 3375 2653 Sini-

1805 2710 1929 2752 stra:
1953 2713 2082 2752 vero
2116 2698 2254 2767 parti
2288 2697 2439 2767 splen
2478 2699 2638 2763 inest,
2672 2695 2990 2766 sanguinem
3027 2692 3370 2755 subtrahens,

1807 2800 1860 2845 et
1882 2790 2202 2845 discernens
2236 2789 2287 2843 id
2319 2789 2461 2855 quod
2495 2788 2737 2843 crassius
2765 2795 2848 2841 est
2874 2801 2903 2840 a
2938 2784 3237 2856 sanguine;
3279 2782 3373 2851 qui

1810 2882 1853 2934 si
1882 2880 2092 2935 dulcior
2122 2880 2234 2946 liat,
2269 2878 2487 2933 inﬂatur
2518 2886 2571 2933 et
2602 2876 2928 2940 incenditur,
2960 2874 3224 2931 terminos
3246 2887 3376 2927 suos

1812 2970 2217 3041 transgrediens
2244 2978 2297 3023 et
2330 2969 2623 3023 obStruens
2661 2975 2895 3029 meatus,
2929 2979 3221 3019 carnosum
3249 2962 3373 3033 qui-

1812 3062 1933 3117 dem
1977 3062 2252 3115 hominem
2299 3075 2560 3130 apparere
2604 3060 2753 3121 facit,
2788 3058 3044 3128 pallorem
3084 3066 3289 3117 tamen,
3324 3065 3378 3108 et

1812 3152 2070 3223 paulatim
2096 3151 2427 3205 debilitatem
2456 3164 2641 3205 secum
2666 3148 2837 3203 aﬂ‘ert.
2875 3147 3139 3201 Praeterea
3167 3146 3378 3200 intesti-

1816 3258 2010 3298 norum
2040 3241 2448 3297 convolntiones
2486 3250 2541 3295 et
2569 3256 2740 3295 nexus
2769 3240 2913 3294 circa
2954 3246 3198 3293 ventrem
3231 3245 3378 3298 sunt,

1818 3344 1877 3389 ut
1905 3342 2153 3389 tortuoso
2193 3334 2381 3395 ductu,
2418 3335 2681 3401 temporis
2709 3331 2894 3400 aliquo
2930 3329 3105 3399 spatio
3137 3327 3380 3382 detinea-

1818 3436 1908 3480 tur
1938 3426 1993 3479 in
2029 3425 2327 3479 visceribus
2361 3424 2537 3489 cibus,
2566 3438 2633 3477 ne
2670 3431 2891 3493 propter
2924 3430 3136 3475 meatus
3162 3418 3385 3473 rectitu.

1819 3518 1999 3572 dinem
2047 3516 2205 3572 facile
2254 3525 2304 3572 et
2354 3516 2499 3570 illico
2546 3525 2786 3585 egestus,
2834 3513 3033 3568 excitet
3078 3511 3281 3565 animal
3312 3512 3382 3566 ad

1821 3610 2139 3678 appetitum,
2174 3624 2203 3663 a
2262 3608 2354 3663 tali
2389 3608 2748 3677 occupatione
2795 3621 3072 3676 nunquam
3112 3603 3387 3658 abducen-

1821 3702 1950 3756 dum
1984 3702 2283 3755 secnndum
2321 3709 2569 3754 naturam
2599 3699 2902 3753 hrutorum.
2934 3695 3218 3750 Uomicilia
3259 3694 3387 3757 item

1820 3810 1885 3849 ex
1922 3794 2250 3847 membranis
2277 3792 2419 3848 facta
2445 3792 2509 3846 ad
2548 3791 2837 3846 humorum
2866 3789 3225 3861 gestationem
3261 3785 3389 3855 Opi-

1821 3883 1910 3939 l'ex
1963 3883 2234 3950 condidit,
2280 3899 2402 3952 qua:
2449 3899 2543 3952 per
2583 3882 2970 3938 subtilissimos
3022 3889 3076 3935 et
3109 3888 3389 3947 aspectum

1823 3976 2091 4046 fugientes
2120 3985 2332 4031 meatus
2361 3976 2619 4044 paulatim
2660 3974 2940 4029 attrahunt
2981 3975 3289 4036 humorem,
3325 3986 3392 4023 ne

1822 4067 2001 4123 subita
2038 4066 2404 4122 exundatione
2442 4074 2495 4120 et
2540 4064 2907 4119 exsiccatione
2941 4062 3060 4117 sitis
3104 4059 3390 4114 insidietur

1824 4158 2084 4223 animali,
2134 4158 2227 4212 sed
2278 4156 2738 4227 paulatimcerta
2796 4152 3202 4224 dispensatione
3246 4149 3391 4220 quod

1826 4250 2079 4303 haustum
2129 4258 2229 4313 est,
2269 4248 2334 4301 ad
2385 4245 2607 4315 aliquod
2652 4254 2864 4315 tempus
2912 4252 3177 4299 retentum
3220 4241 3393 4310 expel-

1826 4342 1987 4396 latur.
2020 4341 2100 4394 Ad
2134 4342 2247 4395 Incc
2274 4356 2434 4395 crura
2469 4339 2626 4394 nobis
2654 4346 2783 4394 sunt
2806 4336 3052 4392 articulis
3080 4335 3393 4396 commissa.

1824 4433 2089 4489 vertebris
2140 4442 2193 4487 et
2243 4432 2623 4501 juncturarum
2684 4430 3011 4485 caritatibus
3069 4428 3393 4498 conjuncta.

1832 4526 1989 4594 quasi
2017 4525 2282 4579 columna:
2311 4523 2376 4577 ad
2409 4522 2626 4577 ferenda
2658 4537 2847 4588 onera,
2891 4522 3091 4592 quibus
3133 4529 3245 4577 toto
3275 4534 3397 4579 cor-

1836 4631 1965 4686 pore
2008 4615 2313 4669 innitimur.
2366 4614 2543 4682 Atque
2588 4614 2672 4668 his
2721 4613 2992 4668 columnis
3024 4611 3243 4680 capituli
3276 4610 3398 4668 loco

1833 4716 1918 4763 est
1947 4722 2109 4776 genu,
2143 4706 2291 4759 basis
2326 4720 2452 4759 vero
2485 4705 2625 4759 talus
2654 4723 2667 4758 :
2701 4713 2934 4773 suntque
2960 4717 3119 4757 crura
3149 4700 3395 4769 expedita

1831 4807 1886 4854 et
1921 4807 2172 4866 prompta
2207 4797 2271 4849 ad
2308 4811 2523 4849 omnem
2566 4805 2797 4858 motum,
2837 4794 3206 4848 adorationem
3236 4802 3290 4846 et
3313 4807 3398 4846 ve-

1838 4890 2197 4951 nerationem,
2243 4903 2464 4942 cursum
2494 4896 2548 4939 et
2584 4887 2776 4942 saltus.
2825 4886 2998 4940 Etiam
3035 4886 3195 4954 pelles
3245 4884 3399 4939 nobis

1834 4980 2152 5035 callosiores
2185 4981 2333 5035 omni
2365 4980 2472 5033 alio
2521 4979 2947 5048 superimposito
2998 4991 3228 5046 corpore
3272 4975 3399 5028 facti

1830 5082 1978 5135 sunt,
2008 5071 2098 5141 qui
2126 5080 2323 5125 terram
2349 5086 2561 5139 semper
2599 5069 2864 5142 pnlsatnri
2892 5077 3093 5131 essent,
3125 5067 3189 5121 ad
3222 5067 3400 5121 inces-

154 5164 276 5201 δ¹¹¹¹¹
335 5164 365 5201 ³
415 5148 598 5217 digitis
638 5149 789 5202 "0"“
834 5149 989 5203 “"Cis
1020 5149 1216 5218 adimi,
1273 5166 1413 5220 quos
1455 5152 1655 5224 frigore
1696 5160 1780 5214 vel
1820 5163 1925 5231 alia
1966 5164 2180 5234 jactura
2224 5165 2552 5232 atnittrntcs,
2602 5164 2667 5218 ad
2704 5162 3056 5235 gradiendum
3108 5160 3247 5215 tardi
3284 5159 3400 5214 elli—

154 5241 353 5293 cimur.

223 5405 325 5468 Τίς
356 5404 414 5457 δὲ
453 5405 791 5475 παραστήσει
836 5404 992 5473 λόγος
1024 5404 1121 5475 τὴν
1152 5405 1301 5469 ἐντδς
1321 5409 1352 5477 ἡ
1363 5406 1480 5477 μῶν
1519 5410 1611 5466 τοῦ
1628 5415 1729 5480 Δη.

160 5496 422 5569 μωυργοῦ
468 5496 657 5565 σοφίαν
686 5498 781 5550 καὶ
813 5496 1072 5567 δύναμιν;
1103 5498 1202 5561 τάς
1223 5514 1282 5549 τε
1299 5501 1614 5570 συντρήσεις
1637 5501 1729 5552 καὶ

160 5587 454 5658 ὐμενὼδεις
483 5586 768 5658 σύριγγας,
808 5588 906 5651 τὰς
938 5590 1045 5641 τῶν
1088 5589 1211 5642 ίνῶν
1245 5590 1600 5660 περιπλοκὰς,
1634 5592 1729 5643 κα)⁸

159 5679 366 5749 νεύρων
392 5678 574 5742 τόνους
598 5681 690 5731 καὶ
712 5680 912 5732 ὀστέων
952 5681 1305 5752 στερρότητα,
1340 5682 1432 5733 καὶ
1464 5682 1611 5746 ὁδοὺς
1634 5684 1727 5736 καὶ

160 5768 377 5839 τρίϐους
398 5769 549 5831 τινὰς
569 5769 785 5838 ἀφανῶς
809 5770 1138 5841 διοικονομού
1148 5790 1243 5833 σας
1262 5771 1328 5827 τά
1347 5772 1725 5841 ἐγκρινόμενα,

164 5861 244 5915 ςιά
287 5862 419 5936 μιις
468 5863 769 5936 συμπνοίας
806 5862 894 5917 τοῦ
941 5863 1225 5937 σώματος,
1274 5864 1435 5937 ὁλκῆς
1482 5864 1725 5938 πνεύμα-

1908 5407 2170 5472 Quantam
2223 5409 2405 5457 autem
2446 5404 2712 5472 exprimet
2768 5403 2944 5456 oratio
2976 5401 3303 5457 declaratum
3346 5403 3398 5455 in

1839 5496 2102 5552 membris
2130 5494 2334 5550 nostris
2363 5494 2715 5548 interioribus
2742 5492 2965 5563 Opiﬁcis
2996 5493 3317 5563 sapientiam
3346 5502 3401 5547 et

1839 5587 2198 5661 potestatem?
2230 5593 2442 5639 meatus
2469 5592 2522 5637 et
2549 5584 2927 5639 membraneas
2970 5598 3254 5650 cavernas,
3306 5600 3397 5637 ve-
3476 5628 3479 5631 λ

1838 5695 2028 5734 narum
2058 5675 2480 5747 complexiones,
2510 5673 3171 5737 nervorumintensiones,
3191 5674 3399 5728 ossium

1837 5773 2176 5835 ﬁrmitatem,
2208 5768 2323 5821 vias
2366 5778 2528 5838 atque
2569 5768 2795 5823 semitas
2846 5765 3110 5836 quasdam
3165 5765 3394 5818 latenter

1836 5861 2228 5927 distribueutes
2285 5875 2405 5932 qua‘
2451 5860 2795 5929 ingeruntur,
2861 5856 3026 5928 idque
3078 5870 3173 5926 por
3225 5854 3395 5913 solam
