3874 6586
557 413 689 468 1079

551 527 710 596 quasi
735 525 1198 596 conspirationem
1233 526 1604 584 membrorum
1648 529 1822 583 totius
1847 528 2116 598 corporis,

554 618 681 680 item
706 615 1058 671 attractiones
1093 614 1341 684 spiritus,
1390 617 1754 686 aquaeductum
1805 617 2112 686 sanguinis,

553 707 892 762 domicilium
912 706 1133 768 caloris,
1161 707 1350 762 sedem
1371 706 1612 777 frigoris,
1655 709 1768 762 alia
1789 707 2024 776 denique
2049 706 2122 761 de

553 799 752 865 quibus
783 795 1056 851 medicina
1088 807 1456 852 commentata
1483 807 1846 868 est,qnorum
1877 798 2120 866 explica-

554 886 758 942 tionem
790 887 859 942 iis
885 886 1190 957 relinquam
1216 888 1311 958 qui
1350 888 1676 944 medicinam
1696 888 1941 944 studiose
1971 887 2120 942 didi-

559 984 771 1032 uerunt.

564 1067 752 1140 Sancti
775 1069 897 1135 viri,
946 1068 1186 1139 Gregorii
1241 1070 1475 1140 Nysseni
1527 1073 1674 1125 locus
1701 1086 1770 1125 ea:
1819 1071 1989 1140 capite
2019 1085 2125 1140 quo

633 1139 820 1201 tradit,
858 1155 1020 1192 unam
1056 1149 1105 1192 et
1151 1139 1388 1195 eamdem
1445 1142 1735 1196 exsistendi
1759 1139 1980 1196 causam
2010 1139 2123 1194 esse

634 1217 742 1260 tam
772 1209 964 1261 anima:
985 1225 1143 1277 quam
1175 1212 1406 1280 corporis
1437 1212 1572 1281 (97).

631 1296 1098 1364 Quemadmodum
1131 1298 1197 1354 de
1246 1301 1426 1355 tritico
1462 1301 1714 1364 dicimus,
1777 1314 1990 1355 omnem
2022 1314 2122 1369 po-

561 1394 754 1442 testate
808 1389 861 1442 in
893 1389 1044 1458 spica
1088 1387 1320 1443 formam
1372 1391 1492 1458 ejus
1522 1405 1666 1452 esse,
1694 1390 1942 1453 herbam,
1976 1390 2126 1444 cala-

564 1493 735 1540 mum,
764 1479 968 1536 medias
1004 1479 1309 1550 iuncturas,
1343 1479 1599 1546 fructum,
1630 1481 1863 1546 aristas,
1897 1489 1950 1534 et
1989 1480 2126 1535 nihil

567 1569 762 1624 horum
788 1571 1004 1624 ratione
1038 1582 1246 1626 naturm
1280 1572 1359 1626 vel
1409 1572 1562 1640 prius
1589 1587 1734 1637 esse,
1759 1573 1844 1627 vel
1871 1572 2129 1642 deinceps

564 1668 773 1715 natura:
805 1661 1034 1717 seminis
1070 1662 1351 1725 accedere,
1409 1661 1504 1716 sed
1562 1663 1757 1718 ordine
1789 1663 2026 1718 naturali
2059 1679 2124 1719 ea

562 1767 685 1822 qua;
701 1753 1105 1819 recensuimus,
1131 1754 1351 1825 prodire
1381 1771 1394 1807 :
1422 1753 1504 1809 sic
1529 1761 1584 1809 et
1630 1755 1926 1810 humanam
1957 1753 2126 1810 satio-

563 1857 686 1896 nem
713 1851 1084 1913 comparatam
1116 1859 1241 1900 esse
1266 1844 1521 1910 dicimus,
1550 1845 1624 1899 ita
1660 1845 1788 1899 utin
1818 1854 1973 1900 ortus
2005 1845 2125 1915 ejus

564 1933 832 2004 principio
874 1935 1036 1989 simul
1059 1936 1178 2006 ipsa
1204 1946 1412 1991 naturae
1437 1937 1520 1992 vis
1547 1945 1786 2001 seratur,
1825 1952 1944 2005 quae
1968 1937 2124 1992 deiu-

565 2037 694 2091 ceps
713 2024 1031 2094 explicetur,
1073 2035 1125 2079 ct
1158 2026 1378 2096 pateliat
1424 2040 1519 2096 per
1547 2026 1847 2081 naturalem
1899 2026 2120 2090 seriem,

566 2113 748 2182 primo
803 2116 1020 2186 quidem
1073 2114 1168 2171 Dei
1239 2117 1516 2172 voluntate
1565 2117 1920 2172 fundamento
1966 2118 2126 2186 quasi

559 2205 706 2271 jacto
737 2245 754 2269 ,
825 2206 1022 2261 deinde
1077 2207 1441 2275 generationis
1491 2207 1673 2262 causis
1718 2208 2124 2262 accedentibus.

564 2283 1035 2360 Quemadmodum
1067 2299 1210 2352 enim
1253 2300 1308 2353 in
1338 2314 1404 2354 eo
1437 2299 1582 2370 quod
1619 2299 1685 2354 ad
1712 2299 2126 2369 producendum

566 2385 842 2440 hominem
871 2388 924 2441 in
967 2386 1183 2442 oflicina
1231 2399 1440 2443 natura:
1492 2389 1819 2460 deponitur,
1885 2390 2130 2444 membra

568 2477 784 2548 singula
810 2480 1056 2547 corporis
1104 2480 1254 2536 cerni
1284 2490 1565 2551 nequeunt
1609 2491 1736 2536 ante
1781 2479 1983 2536 factam
2015 2480 2129 2537 for-

569 2570 892 2625 mationem:
929 2573 1001 2626 ita
1044 2587 1218 2643 neque
1249 2572 1447 2627 animae
1464 2573 1825 2644 pr0prietates
1857 2574 1911 2627 in
1941 2574 2128 2630 eodem

569 2661 922 2716 animadverti
972 2672 1221 2733 possunt,
1268 2663 1587 2734 priusquam
1631 2664 2048 2733 progrediantur
2076 2664 2129 2717 in

547 2741 776 2809 iactum.
823 2755 887 2809 Et
918 2757 1378 2825 quemadmodum
1427 2756 1744 2827 impositum
1781 2755 1913 2812 illud
1943 2773 2011 2812 ex
2043 2757 2130 2811 in-

571 2847 674 2902 sita
696 2847 802 2906 sibi
828 2847 879 2904 vi
906 2847 1271 2920 facultateque
1295 2849 1348 2902 in
1379 2849 1646 2904 articulos
1672 2856 1727 2902 et
1763 2849 1980 2903 viscera
2012 2845 2118 2901 for-

573 2945 776 3004 matur,
802 2940 883 2996 sic
929 2950 982 2995 et
1010 2941 1079 2996 de
1101 2941 1282 2995 anima
1307 2940 1648 3010 intelligitur.
1702 2935 1838 2994 Nam
1863 2939 1908 2995 si
1958 2937 2135 2994 forma

572 3029 830 3092 hominis,
863 3030 957 3101 qui
979 3033 1361 3102 producendus
1387 3041 1491 3094 est,
1523 3031 1574 3086 in
1622 3046 1688 3085 eo
1730 3038 1999 3100 potestate
2029 3039 2136 3097 est,

574 3121 702 3176 latet
740 3131 918 3177 autem
975 3132 1197 3194 propter
1227 3123 1616 3178 obscuritatem
1654 3123 1724 3176 ita
1781 3137 1964 3178 rerum
1999 3121 2138 3177 serie

573 3221 860 3282 poscente:
887 3214 1050 3269 etiam
1075 3215 1256 3269 anima
1296 3215 1348 3268 in
1368 3229 1434 3270 eo
1453 3222 1556 3279 est,
1583 3213 1709 3268 licet
1741 3228 1887 3268 nunc
1916 3213 2136 3283 quidem

575 3319 682 3359 non
719 3314 996 3375 appareat,
1031 3305 1312 3377 apparebit
1355 3315 1538 3363 autem
1570 3322 1677 3362 una
1707 3321 1830 3362 cum
1861 3304 2133 3374 corporali

575 3394 913 3450 incremento
948 3413 1296 3467 promovens.
1338 3396 1789 3467 Quandoquidem
1838 3404 2018 3451 autem
2055 3396 2138 3452 vis

574 3485 821 3552 quaedam
845 3501 911 3540 cx
937 3486 1177 3540 animato
1193 3487 1472 3541 etvivente
1485 3487 1549 3541 ad
1569 3485 1978 3556 conceptionem
2009 3498 2138 3555 ege-

576 3574 736 3637 ritur,
791 3591 899 3630 non
934 3576 1149 3645 putabis
1195 3576 1498 3630 inanimum
1530 3592 1652 3632 esse
1689 3575 1834 3646 quod
1868 3576 1920 3630 in
1973 3574 2138 3628 vitam

577 3663 777 3731 prodit;
807 3672 860 3717 et
891 3663 1349 3733 quemadmodum
1391 3663 1521 3718 illud
1571 3664 1714 3734 quod
1752 3664 1806 3717 in
1852 3678 1917 3718 eo
1946 3677 2141 3732 corpo-

578 3770 730 3809 reum
761 3763 866 3820 est,
897 3770 1004 3808 non
1022 3771 1240 3809 carnem
1275 3755 1533 3821 dicimus,
1563 3769 1666 3810 nec
1687 3769 1836 3822 ossa,
1859 3769 1959 3809 nec
1988 3754 2127 3824 pilos

576 3855 631 3901 ct
651 3854 867 3911 caetera,
905 3847 997 3903 sed
1029 3846 1079 3900 vi
1103 3855 1154 3902 et
1187 3855 1452 3917 potestate
1486 3847 1684 3902 borum
1715 3845 2142 3917 unumquodque

577 3949 731 3989 esse:
769 3935 842 3989 ita
870 3943 923 3990 et
955 3934 1020 3990 de
1053 3950 1118 3990 eo
1150 3935 1291 4006 quod
1331 3935 1398 3989 ad
1431 3936 1668 3990 animam
1715 3936 1971 4005 pertinet,
2005 3951 2142 3990 non-

578 4025 704 4080 dum
733 4027 838 4080 vim
872 4027 1213 4092 rationalem,
1246 4043 1355 4084 non
1385 4025 1608 4082 affectus
1642 4036 1945 4082 moventem
1969 4041 2144 4096 neque

579 4127 941 4188 appetentem,
971 4129 1025 4174 et
1052 4128 1246 4175 caetera
1276 4135 1398 4190 qua:
1426 4118 1493 4173 ad
1525 4121 1762 4176 animam
1795 4119 2064 4188 pertinent
2089 4118 2142 4172 in

579 4206 675 4262 illo
714 4208 948 4263 dicimus
979 4223 1118 4276 esse,
1154 4208 1248 4264 sed
1268 4223 1392 4262 cum
1433 4207 1680 4277 corporis
1712 4207 1932 4278 Opicio
1976 4207 2141 4262 etiam

583 4299 780 4352 animae
805 4298 1155 4367 Operationes
1183 4299 1394 4369 augeri.
1429 4296 1691 4353 Praecedit
1744 4307 1925 4352 autem
1957 4296 2011 4350 in
2047 4297 2149 4350 hac

580 4389 756 4460 prima
815 4389 933 4456 ejus
973 4397 1250 4443 structura
1283 4429 1299 4456 ,
1342 4403 1642 4458 augescens
1680 4387 2036 4457 nutriensque
2070 4386 2151 4442 fa-

581 4479 757 4533 cultas
811 4479 949 4535 sola.
1008 4476 1191 4548 Neque
1227 4480 1372 4534 enim
1420 4478 1541 4548 plus
1587 4478 1732 4547 capit
1792 4477 2149 4547 suscipientis

587 4571 874 4640 exiguitas.
912 4569 1114 4626 Deinde
1143 4571 1198 4625 in
1230 4585 1296 4625 eo
1341 4571 1431 4640 qui
1458 4569 1512 4623 in
1561 4569 1734 4623 lucem
1766 4569 1986 4639 prodiit,
2021 4584 2149 4623 scn-

587 4662 751 4717 tiendi
803 4663 1125 4717 benecium
1184 4663 1346 4732 viget,
1384 4670 1436 4716 et
1464 4662 1519 4716 in
1555 4660 1824 4714 adultiore
1871 4660 2151 4714 rationalis

582 4756 758 4810 elucet
784 4753 1039 4818 facultas,
1070 4768 1178 4808 non
1213 4760 1322 4808 tota
1349 4762 1525 4806 tamen
1565 4751 1873 4814 confestim,
1898 4750 1991 4805 sed
2025 4766 2149 4804 cum

582 4847 770 4917 organi
814 4847 1146 4914 pet-lectione
1198 4845 1420 4908 crescit,
1482 4852 1744 4914 quantum
1778 4842 2010 4912 subjecti
2071 4841 2154 4896 fa-

583 4940 759 4993 cultas
813 4938 934 5007 ejus
987 4945 1072 4992 est
1121 4951 1311 5006 capax.
1347 4934 1571 4990 Constat
1621 4935 1786 5004 igitur
1816 4933 2001 4988 anima
2046 4951 2150 4988 non

585 5045 791 5098 carere,
842 5030 986 5099 quod
1031 5043 1062 5083 a
1110 5029 1329 5083 vivente
1362 5029 1609 5082 avulsum
1645 5041 1875 5097 corpore
1925 5029 1991 5080 ad
2036 5027 2155 5080 ani-

586 5123 744 5178 malis
775 5131 1023 5176 naturam
1065 5119 1375 5190 impositum
1399 5129 1482 5175 est
1508 5119 1562 5173 in
1592 5118 1800 5174 otlicina
1827 5133 2054 5181 natura.

658 5215 950 5270 Sciendum
996 5223 1200 5278 autem,
1234 5212 1377 5283 quod
1413 5212 1460 5267 si
1505 5211 1726 5282 quidem
1773 5213 1877 5266 hoc
1908 5220 2066 5282 pacto
2094 5226 2152 5267 se

589 5323 676 5364 res
707 5307 1068 5368 babet,talem
1100 5320 1131 5359 e
1157 5305 1274 5359 viro
1317 5304 1607 5360 uxionem
1653 5313 1763 5357 tum
1805 5303 2024 5358 demum
2058 5303 2154 5357 e-

591 5402 660 5464 ri,
687 5413 811 5453 cum
837 5395 986 5451 Deus
1033 5397 1309 5451 hominem
1334 5397 1580 5465 generari
1628 5396 1885 5450 voluerit.
1918 5393 2012 5448 Sin
2053 5410 2155 5448 au-

591 5504 722 5554 tem,
759 5489 1022 5544 inutiliter
1064 5487 1306 5551 emuerc,
1329 5489 1547 5544 tametsi
1580 5497 1965 5542 extraneorum
1999 5486 2152 5555 quis-

590 5586 732 5653 piam
784 5581 891 5635 ltoc
929 5578 1180 5634 fortassis
1241 5579 1540 5634 absurdum
1587 5579 1745 5633 dicet.
1783 5576 1984 5632 Volunt
2011 5577 2156 5632 enim

662 5737 774 5815 (97)
822 5739 954 5810 Cap.
1004 5735 1073 5792 29
1122 5735 1243 5792 libri
1293 5737 1367 5792 De
1425 5738 1649 5792 hominis
1696 5735 1937 5806 cpi/icio,
1983 5733 2164 5805 quoad

840 5879 1081 5944 ,
1107 5895 1160 5932 .
1193 5893 1246 5934 .
1276 5878 1327 5936 .
1371 5879 1496 5934 Haec
1517 5877 1736 5934 Caesarii
1768 5891 1872 5931 non
1899 5884 2050 5940 sunt,
2087 5875 2165 5929 uti

1569 414 1628 466 S.
1671 412 1973 468 CAESAR.
2004 409 2334 469 GREGOMI
2369 411 2667 468 FRATRIS

3609 407 3710 461 1680

2224 546 2350 592 ,
2819 524 3078 595 ,
3535 519 3712 590 ,

2609 616 2836 689 ,
3411 611 3712 682 -

2787 705 3094 774 -
3263 702 3388 772 mp!
3592 702 3714 772 -

2220 800 2459 855 .

3049 1078 3326 1156 {Vrit/1011c.
3550 1072 3622 1156 dt:

2291 1223 2624 1292 .

2831 1396 2991 1463 .
3149 1398 3364 1468 ,
3507 1396 3721 1465 ,

2716 1491 2914 1556 ,
3110 1486 3360 1557 ,
3549 1485 3721 1556 ,

3499 1579 3724 1648 .

2229 1699 2363 1753 ,

3329 1851 3549 1922 ,

2902 1945 3145 2014 ,

3607 2050 3726 2102 -

3059 2127 3396 2190 ,
3681 2125 3723 2177 ri

2865 2221 3334 2291 ,
3383 2217 3516 2272 ,
3628 2215 3725 2284 ibi

3141 2308 3538 2379 .

3638 2398 3724 2450 -

2808 2495 3156 2566 .

2555 2677 2908 2746 ,
3493 2670 3721 2738 .

2945 2944 3171 2997 .
3214 2942 3276 2994 Ei

3139 3031 3441 3103 ,

2455 3127 2698 3199 ,
3481 3115 3719 3175 dumeta;

2247 3217 2458 3290 ,
3479 3207 3718 3278 .

3409 3295 3719 3371 .

3631 3386 3719 3438 mii-

2761 3484 3011 3555 ,

2597 3594 2778 3648 ,

2240 3667 2426 3731 ,
3283 3659 3453 3723 occsa,
3582 3651 3717 3723 ipim

2460 3759 2643 3822 ,
2686 3757 2917 3828 .

3083 3885 3098 3908 ,
3397 3837 3598 3905 ,

2243 3941 2492 4012 ,
3240 3977 3256 3999 ,

2935 4021 3095 4092 ,
3131 4027 3282 4080 .
3538 4015 3718 4104 stipata;

2246 4101 2581 4192 ,

2247 4215 2452 4269 .

3145 4300 3389 4369 .

2645 4371 2738 4445 eis
3092 4371 3400 4459 .
3577 4371 3715 4466 -

2678 4521 2694 4548 ,
3335 4473 3544 4532 ,
3573 4465 3715 4553 -

2526 4550 2567 4647 .

2253 4666 2483 4739 .
3447 4647 3710 4746 cumdie?

3243 4749 3471 4818 .

2363 4825 2461 4902 odit

2255 4957 2368 5005 ,

2390 5030 2622 5100 .

2331 5209 2462 5278 (9)
2714 5205 2790 5270 ,
3083 5203 3214 5274 ,

3095 5333 3110 5357 ,

2261 5365 2447 5447 mea;

3040 5453 3124 5537 et;
3320 5468 3444 5533 ,
3493 5453 3708 5550 mpii???

2506 5571 2640 5624 satu
3645 5541 3705 5590 ix-

2271 5749 2372 5790 nec
2407 5727 2809 5802 Nysseni,iscd_
3152 5723 3216 5778 ad
3245 5713 3527 5778 sententiam

2269 5795 2514 5877 quaedam
2540 5795 2862 5872 adjicientis.
2906 5795 3058 5851 Eon.
3091 5795 3266 5852 Putta.
