3874 6548
61 407 185 465 Ιθϐί

59 532 225 598 ρέοντι
253 569 270 593 ,
339 529 429 593 ὡς
480 532 746 604 ποιητικῷ
792 534 969 606 αἰτίῳ,
1005 536 1250 610 καθάπερ
1300 540 1421 593 τινὰ
1496 541 1630 611 ὓλην

59 616 448 687 παρεχόμενον
483 619 581 689 τὴν
605 620 713 673 τῶν
752 626 1105 693 καταμηνίων
1134 628 1322 681 παισὶν
1351 628 1641 697 ὑγρασίαν,

56 703 250 779 οἷάπερ
293 712 434 764 τινὰ
479 706 677 781 χαλκὸν
714 712 792 783 τῷ
836 714 1279 788 ἀνδριαντοποιῷ.
1326 719 1491 772 οὐδὲν
1536 719 1644 790 γὰρ

59 798 310 867 προΐεται
363 800 401 869 ἠ
458 800 594 870 γυνὴ
642 802 894 873 σπέρμα,
943 804 1057 857 ἀλλ’
1084 806 1354 877 ἄχρηστόν
1383 826 1435 861 τι
1482 809 1647 879 ὑγρὸν

59 886 417 958 συμϐεϐηκὸς
456 893 570 956 τοῖς
621 892 826 957 τόποις.
862 896 1033 949 Ἐστι
1082 896 1139 949 δὲ
1191 896 1253 951 τὸ
1297 897 1389 951 τοῦ
1420 898 1647 970 ἄρρενος

58 978 276 1049 σπέρμα
297 976 421 1033 οἷον
435 982 766 1053 δημιουργὸν
787 987 880 1038 καὶ
894 986 1071 1057 ἀρχὴν
1087 989 1348 1058 κινήσεως
1365 987 1646 1058 ἐμποιοῦν,

58 1072 239 1143 ὥσπερ
295 1074 400 1126 ἐπὶ
424 1075 524 1146 τῆς
561 1074 764 1139 πιτύας
813 1077 1029 1148 ὁρῶμεν
1055 1078 1154 1148 τῆς
1204 1078 1544 1150 συναγούσης
1586 1078 1648 1132 τὸ

63 1158 219 1226 γάλα.
286 1159 456 1214 οὕτω
496 1161 592 1214 καί⁵
628 1162 690 1215 τὸ
728 1162 948 1234 σπέρμα
986 1165 1153 1218 πεσὸν
1201 1168 1276 1229 εἰς
1337 1168 1439 1236 τὴν
1471 1168 1647 1240 ὑγρὰν

61 1250 311 1319 μίσγεται
359 1252 429 1305 τὸ
465 1252 843 1325 καθαρώτερον
870 1255 969 1323 τῆς
990 1254 1208 1325 θηλείας
1242 1256 1641 1329 περιττώματι.

61 1340 207 1393 Τδδὲ
256 1342 474 1396 συστὰν
520 1344 579 1397 ὲν
616 1345 688 1414 τῇ
737 1346 919 1415 μήτρᾳ
968 1344 1115 1415 λέγει
1166 1338 1260 1401 καὶ
1304 1348 1482 1420 ψυχῆς
1526 1366 1649 1421 μετ-

64 1433 223 1501 έχειν,
283 1432 352 1485 οὐ
404 1432 617 1497 τελείας
658 1433 731 1498 δὲ,
788 1434 921 1490 ἀλλὰ
963 1436 1064 1505 τῆς
1103 1436 1421 1509 θρεπτικῆς.
1459 1440 1647 1495 Καθά-

64 1538 159 1591 περ
211 1521 329 1594 γὰρ
380 1522 452 1576 τὰ
506 1523 651 1592 φυτὰ
708 1525 767 1577 ὲν
829 1527 895 1595 τῇ
957 1528 1053 1596 γῇ,
1097 1525 1242 1580 οὕτω
1287 1527 1388 1600 ζῇν
1438 1530 1533 1584 καὶ⁵
1571 1530 1647 1583 ’τὸ

62 1610 483 1684 εμδρυονιρίξη
516 1612 794 1683 χρώμενον
825 1613 905 1685 τῷ
943 1615 1173 1686 ὀμφάλιρ
1200 1618 1264 1672 ἐκ
1307 1620 1405 1688 τῆς
1433 1620 1648 1691 μήτρας

62 1703 151 1774 τὴν
174 1703 350 1775 ὁλκὴν
380 1704 486 1774 τῆς
533 1704 741 1776 τροφῆς
774 1706 1063 1761 ποιεῖσθαι.
1123 1708 1293 1773 Ἐξιὺν
1329 1710 1387 1764 δὲ
1430 1712 1523 1765 καὶ
1547 1711 1649 1783 τὴν

63 1792 387 1865 αἰσθητικὴν
444 1795 757 1861 ἐπικτᾶται,
809 1796 905 1849 καὶ
969 1792 1130 1864 αὔξον
1184 1798 1503 1863 συναύξεται
1548 1802 1645 1855 αὑ-

64 1884 132 1955 τῷ
198 1886 297 1938 καὶ
334 1887 371 1955 ἡ
430 1885 619 1955 λογικὴ
652 1887 746 1940 καὶ
796 1887 956 1959 νοερὰ
989 1889 1239 1960 ἐνέργεια
1294 1892 1393 1961 τῆς
1443 1891 1639 1963 ψυχῆς.

68 1975 214 2027 Ἐστι
244 1966 365 2045 γᾶρ
388 1976 448 2029 ὲν
477 1975 554 2045 τῷ
590 1976 865 2047 σπέρματι
890 1977 1068 2048 ψυχῆς
1100 1995 1152 2032 τι
1190 1980 1375 2050 μόριον
1404 1982 1464 2034 τὸ
1489 1980 1649 2051 λεγό-’

69 2084 216 2135 μενον
274 2066 516 2131 ζωτικὸν
566 2067 763 2138 θερμὸν
788 2107 804 2133 ,
854 2068 1148 2137 ἀναλογοῦν
1212 2074 1278 2141 τῇ
1349 2071 1641 2144 θερμότητι

65 2157 149 2210 τοῦ
191 2157 392 2228 ἡλίου·
444 2159 630 2230 ἐπειδὴ
670 2160 852 2232 ἐκείνη
882 2160 1115 2232 ζωτικὴν
1160 2160 1358 2233 ἔχουσα
1410 2164 1642 2237 δύναμιν

70 2250 337 2316 ζωογονεῖ.
366 2248 730 2305 Διατυποῦται
755 2250 810 2304 δὲ
841 2253 1056 2323 πρῶτον
1087 2254 1119 2323 ἡ
1146 2254 1362 2325 καρδία,
1388 2256 1508 2326 ἥτις
1548 2260 1641 2310 καὶ

70 2338 317 2409 τελευτὴν
366 2339 668 2410 φθείρεται.
732 2341 1003 2406 Ὡσαύτως
1056 2345 1150 2397 καὶ
1191 2344 1257 2399 τὰ
1311 2345 1472 2400 λοιπὰ
1498 2349 1642 2401 ἐντός

74 2429 183 2483 allia
234 2432 350 2504 πρὸ
411 2431 523 2484 τῶν
575 2433 730 2496 ἐκτὸς
767 2432 1111 2504 διαρθροῦται
1135 2475 1149 2498 ,
1189 2437 1285 2490 καὶ
1327 2438 1523 2507 μᾶλλον
1573 2440 1643 2493 τὰ

75 2520 172 2573 ἀνω
206 2520 304 2575 τοῦ
346 2521 713 2593 διαζώματος.
777 2524 1201 2595 Ἐσχηματισται
1249 2527 1307 2582 δὲ
1340 2530 1398 2581 ἐν
1422 2532 1487 2600 τῇ
1540 2531 1643 2602 μήο

74 2629 165 2683 τρᾳ
206 2615 241 2667 ό
268 2615 583 2686 ἄνθρωπος,
638 2616 732 2684 τὴν
792 2617 889 2689 μὲν
960 2620 1076 2687 ῥῖνα
1110 2619 1273 2689 μέσον
1323 2619 1433 2674 τῶν
1481 2621 1642 2690 γονά-

77 2720 170 2757 των
201 2705 370 2777 ἔχων,
406 2708 532 2769 τοὺς
571 2706 883 2778 ὀφθαλμοὺς
921 2708 1015 2763 ἐπὶ
1060 2713 1174 2773 τοῖς
1225 2711 1458 2779 γόνασιν.
1526 2713 1643 2766 Ἐν-

80 2800 270 2870 ισχύειν
309 2801 373 2855 δὲ
416 2802 480 2855 τὸ
514 2801 751 2873 ἐμόρνον
782 2801 1028 2873 ἄρχεται,
1076 2802 1166 2855 ὅτε
1202 2806 1236 2875 ἡ
1266 2805 1512 2875 ἀνακοπὴ
1534 2805 1644 2859 τῶν

80 2892 426 2964 καταμηνίων
455 2894 547 2946 ἐπὶ
584 2893 712 2956 τοὺς
752 2894 988 2963 μαστοὺς
1035 2895 1116 2957 εἰς
1148 2895 1286 2963 γάλα
1314 2896 1644 2966 μεταϐάλλε-

78 2998 173 3036 ται.
207 2985 491 3037 Ἰστανται
532 2984 731 3037 αὐτίκα
763 2987 884 3048 ταῖς
929 2984 1170 3053 γυναιξὶν
1206 2987 1263 3039 αἱ
1307 2986 1518 3040 ναυτίαι
1550 2988 1645 3040 καὶ⁵

80 3070 123 3121 ol
165 3070 385 3141 ἔμετοι·
420 3073 589 3143 ἄρρεν
624 3072 681 3125 δὲ
734 3072 982 3141 γίνεται,
1034 3074 1085 3126 εἰ
1135 3075 1483 3145 πεπεμμένον
1529 3077 1646 3129 ἐστὶ

82 3160 134 3211 τὸ
160 3160 252 3213 τοῦ
288 3161 521 3233 ἄρρενος
560 3160 798 3231 σπέρμα.
842 3161 1001 3216 Ὅθεν
1042 3163 1092 3214 οἱ
1132 3162 1239 3216 νέοι
1271 3165 1365 3217 καὶ
1401 3165 1450 3218 οἱ
1502 3181 1641 3237 πρε-

86 3247 323 3322 σῦύτεροι
375 3250 454 3313 ὡς
485 3250 711 3304 ἐπιπολὺ
756 3250 1037 3320 ϐηλύγονοι
1063 3268 1076 3283 ⁸
1107 3251 1197 3305 τὸν
1228 3252 1284 3306 δὲ
1312 3253 1648 3327 πλεονασμὸν

82 3337 218 3411 ῆτὴν
251 3339 431 3409 λείψιν
468 3340 713 3408 γίνεσθαι
752 3340 810 3394 ἐν
839 3358 951 3394 τισι
998 3346 1206 3415 μορίοις
1235 3346 1384 3416 παρὰ
1422 3345 1521 3419 τὴν
1545 3347 1657 3418 τῆς.

86 3428 204 3501 ὕλης
253 3430 500 3500 ἔλλειψιν
537 3431 570 3504 ἢ
619 3432 988 3503 πλεονασμόν·
1033 3434 1130 3505 τὴν
1178 3435 1232 3488 δὲ
1269 3436 1360 3490 τοῦ
1401 3439 1649 3509 σπέρμα-

86 3535 162 3583 τος
202 3522 455 3592 ἔκκρισιν
492 3520 556 3573 ὲκ
593 3521 701 3575 τῶν
726 3524 854 3594 περὶ
884 3523 983 3594 τὴν
1018 3525 1258 3597 κεφαλὴν
1288 3525 1533 3595 γίνεσθαι
1562 3530 1652 3584 τό·

88 3627 223 3677 πων,
255 3612 335 3675 ὡς
368 3612 528 3682 δῆλον
552 3616 618 3665 ὲκ
657 3612 751 3666 τοῦ
794 3613 1152 3668 κοιλαίνεσθαι
1191 3618 1312 3679 τοὺς
1341 3617 1651 3689 ὀφθαλμοὺς

86 3698 181 3752 τῶν
208 3701 438 3753 πλεῖστα
462 3701 915 3764 συνουσιαζόντων
936 3744 949 3758 .
992 3706 1334 3773 Συγκινεῖται
1354 3708 1413 3760 δὲ
1441 3712 1509 3780 τῇ
1536 3709 1648 3763 δια-

89 3791 193 3861 νοίᾳ
241 3795 275 3863 ἡ
311 3794 516 3862 μήτρα,
550 3793 624 3857 ὡς
653 3794 745 3846 καὶ
783 3794 844 3847 τὸ
885 3794 979 3847 τοῦ
1027 3795 1252 3867 ἄρρενος
1300 3797 1524 3851 αἰδοῖον·
1549 3816 1647 3853 πο-

88 3883 136 3934 τὲ
171 3883 228 3936 δὲ
259 3885 357 3938 καὶ
388 3885 787 3954 ἀπροαιρέτω;’
815 3885 1009 3955 δίδυμα
1037 3887 1095 3939 δὲ
1124 3887 1331 3954 γίνεται
1368 3890 1508 3942 κατὰ
1529 3892 1648 3959 σχί-

88 3987 160 4025 σιν
184 3974 279 4027 τοῦ
311 3975 623 4045 σπέρματος
653 3977 712 4029 ὲν
734 3979 796 4046 τῇ
828 3978 1043 4049 μήτρᾳο
1068 3980 1117 4030 εί
1147 3979 1244 4049 μὲν
1273 3981 1643 4050 πεπεμμένον,

89 4064 287 4134 ἄρρενα
328 4064 459 4130 δύο,
518 4066 570 4120 εί
629 4065 687 4120 δὲ
752 4066 861 4136 μὴ,
914 4067 1240 4122 τούναντίον.
1290 4068 1531 4123 Γίνονται
1588 4071 1648 4124 δὲ

89 4158 170 4208 καὶ
223 4156 346 4210 κατ’
405 4156 793 4228 ἐπισύλληψινσ
843 4156 963 4210 ὅθεν
1023 4159 1281 4223 πολλάκις
1334 4160 1429 4214 καὶ
1482 4161 1647 4231 ἄρσεν

90 4250 171 4301 καὶ
223 4248 358 4319 θῆλυ
434 4248 661 4317 γίνεται.
728 4249 1004 4320 Τρόφιμον
1057 4250 1113 4303 δὲ
1161 4252 1333 4319 γάλα,
1390 4252 1450 4306 τὸ
1501 4260 1647 4325 παχὺ

91 4342 169 4394 καὶ
203 4338 393 4414 κιρρόν
415 4357 428 4370 ·
458 4342 553 4396 καὶ
596 4343 751 4413 δῆλον
779 4345 843 4397 ὲκ
885 4342 994 4396 τῶν
1025 4345 1222 4415 τυρῶν.
1258 4346 1334 4398 Δι’
1367 4346 1508 4402 ἑπτὰ
1543 4362 1650 4421 μη-

91 4433 184 4487 νῶν
238 4435 377 4504 γυνὴ
428 4434 707 4500 πολλάκις,
746 4435 822 4499 ὡς
869 4437 1188 4491 ἐπιπολὺ-δὲ
1221 4438 1394 4503 ἐννέα,
1451 4440 1649 4496 πολλά-

90 4540 164 4588 κις
196 4526 254 4578 δὲ
298 4531 348 4587 ι’,
392 4525 770 4596 προσλαὸοῦσα
791 4566 806 4591 ,
840 4528 932 4580 καὶ
981 4529 1046 4581 ὲκ
1078 4527 1172 4582 τοῦ
1210 4536 1276 4583 ια’
1307 4530 1462 4600 μόλις
1493 4532 1643 4587 ποτέ.

94 4612 154 4668 Ἤ
176 4618 267 4689 ζῇ,
313 4617 346 4688 ἢ
390 4619 533 4685 τέξει
566 4619 656 4672 τὸν
688 4619 1014 4691 καλούμενον
1048 4622 1232 4692 μόλον,
1263 4624 1321 4687 ὃς
1363 4625 1479 4678 ἐστι
1511 4624 1647 4697 σὰρξ

92 4708 326 4780 σκληρὰ,
362 4708 394 4780 ἢ
454 4709 800 4765 κινδυνεύσει.
847 4712 981 4782 Περὶ
1006 4712 1089 4779 λτὰ
1137 4713 1507 4786 δεκατέσσαρα
1549 4716 1643 4787 ἔτη

94 4799 478 4865 μετασὰλλουσι
524 4800 624 4864 τὰς
672 4800 811 4865 ἕξεις
830 4803 878 4854 οἱ
921 4801 1147 4872 ἄρρενες
1187 4805 1280 4857 καὶ
1310 4806 1366 4858 αἱ
1406 4805 1644 4876 Θήλειαιο

92 4889 141 4953 ἐξ
168 4890 403 4943 εὐεκτῶν
451 4891 802 4945 κακοεύεκτοι
845 4891 1138 4962 γινόμενοι,
1172 4894 1265 4947 καὶ
1308 4894 1609 4949 τούναντίον
1632 4937 1648 4952 .

93 4981 215 5034 Τότε
251 4981 346 5035 καὶ
380 4984 500 5046 ταῖς
535 4982 777 5051 Θηλείαις
801 4982 871 5036 τὰ
898 4982 1039 5037 κατὰ
1068 4984 1242 5054 μῆνας
1265 4985 1511 5055 ἄρχεται,
1538 4990 1653 5051 τοῖς

93 5070 141 5123 δὲ
186 5074 383 5144 apem
422 5071 484 5124 τὸ
525 5074 786 5145 σπέρμα,
816 5074 910 5127 καὶ
957 5075 991 5144 ἡ
1043 5075 1197 5145 φωνὴ
1249 5074 1571 5146 βαρύνεται’
1602 5079 1652 5131 οἰ

97 5166 274 5230 μαστοὶ
290 5165 348 5218 δὲ
373 5165 467 5218 καὶ
484 5166 556 5218 τὰ
582 5166 754 5218 αἰδοῖα
778 5164 1027 5230 αὔξονται
1046 5183 1060 5196 ’
1093 5165 1353 5238 δύσχρους
1376 5168 1433 5222 δὲ
1454 5170 1491 5239 ὴ
1513 5170 1650 5242 γυνὴ

96 5254 180 5308 ἐὰν
212 5256 348 5327 θῆλυ
377 5257 578 5327 κυῆσαι
613 5257 802 5330 μέλλῃ.

1441 415 1549 470 nm
1559 416 1787 474 LOGUS
1823 416 1906 473 Ill.

3168 414 3192 468 l
3200 415 3305 470 081

1757 541 1834 595 illi
1861 540 2109 596 conferre
2142 537 2345 611 ahquid
2379 540 2634 597 feminam
2669 539 2735 595 ad
2787 538 2998 593 vitalem
3053 552 3308 608 procrea-

1745 632 1947 686 tionem
1972 633 2037 686 ad
2087 633 2138 687 id
2181 633 2325 702 quod
2374 648 2406 686 a
2430 635 2548 687 viro
2578 632 2911 697 excernitur,
2965 638 3222 699 tanquam
3256 631 3307 685 si

1750 737 1935 778 causae
1987 723 2237 779 edieienti
2267 723 2507 791 aliquam
2544 723 2831 775 materiam
2856 720 3112 789 praebeat,
3151 719 3304 774 vide-

1746 812 1872 867 licet
1896 823 2296 868 menstruorum
2337 814 2577 881 aliquam
2600 812 2897 865 humerum
2931 816 3160 879 partem,
3194 809 3308 864 *εις

1747 905 1827 960 uti
1880 906 2149 974 quoddam
2202 920 2276 960 aes
2333 903 2621 960 statuario.
2675 903 2893 957 Nullum
2944 902 3089 955 enim
3120 914 3303 956 semen

1750 996 1949 1051 emittit
1981 996 2195 1062 mulier,
2219 996 2311 1051 sed
2342 996 2590 1049 inutilem
2613 994 2900 1065 quemdam
2936 992 3218 1046 humorem
3249 991 3305 1045 in

1751 1086 1887 1142 locis
1937 1087 2295 1141 muliebribus
2341 1087 2714 1141 exsistentem.
2760 1083 2856 1137 Est
2911 1088 3092 1137 autem
3136 1081 3309 1136 maris

1749 1190 1934 1231 semen
1987 1175 2151 1244 quasi
2202 1174 2405 1245 opifex,
2434 1183 2489 1228 et
2529 1172 2854 1244 principium
2905 1180 3085 1226 motus
3125 1170 3307 1235 ellicit,

1748 1262 2206 1333 quemadmodum
2247 1263 2300 1316 in
2359 1263 2585 1329 coagulo
2607 1261 2869 1324 videmus,
2909 1259 3054 1329 quod
3088 1259 3175 1313 lac
3216 1273 3312 1314 co-

1750 1356 1849 1425 git.
1885 1354 1975 1409 Sic
2008 1354 2154 1408 enim
2187 1362 2241 1408 et
2274 1369 2463 1408 semen
2514 1353 2568 1406 in
2603 1360 2845 1406 ventrem
2904 1351 3169 1414 incidens,
3207 1349 3314 1404 mi-

1748 1456 1928 1501 scetur
1975 1461 2096 1501 cum
2123 1445 2413 1515 purissima
2466 1442 2680 1499 femina:
2706 1442 3098 1512 superﬂuitate.
3154 1441 3311 1507 Quod

1748 1540 1930 1586 autem
1959 1531 2014 1585 in
2046 1533 2273 1587 matrice
2298 1531 2533 1596 exsistit,
2558 1529 2725 1584 etiam
2759 1530 2953 1584 dicunt
2976 1531 3172 1584 anima:
3194 1544 3313 1599 par-

1747 1622 1917 1692 ticeps
1943 1636 2083 1690 esse,
2108 1636 2220 1677 non
2244 1622 2387 1676 illius
2415 1621 2630 1691 quidem
2654 1618 2921 1689 perfectae,
2951 1619 3051 1674 sed
3068 1620 3314 1673 nutrien-

1749 1713 1841 1769 tis.
1897 1712 2367 1780 Quemadmodum
2400 1711 2545 1767 enim
2580 1711 2793 1780 plantas
2848 1710 2900 1763 in
2936 1718 3101 1772 terra,
3136 1710 3209 1763 ita
3255 1714 3312 1763 et

1748 1806 1918 1860 fetum
1943 1805 2144 1867 vivere,
2177 1802 2363 1857 radice
2401 1809 2639 1856 utentem
2694 1798 2976 1861 umbilico,
3019 1808 3117 1868 per
3142 1809 3309 1867 quem

1747 1909 1812 1949 ex
1847 1894 2072 1948 matrice
2102 1892 2349 1946 attractio
2372 1890 2481 1946 cibi
2501 1889 2610 1945 ﬁat.
2639 1888 2697 1943 ln
2724 1889 2899 1943 lucem
2919 1896 3101 1941 autem
3124 1894 3310 1956 egres-

1710 2055 1715 2059 g
1746 2001 1863 2050 sus,
1890 1984 2052 2039 etiam
2114 1983 2439 2039 sentientem
2474 1981 2713 2035 animam
2771 1980 3150 2048 consequitur,
3184 1990 3306 2031 cre-

1747 2088 2016 2143 scensque
2046 2087 2170 2128 cum
2206 2086 2436 2142 corpore
2462 2079 2740 2127 crescente
2786 2068 3030 2139 augescit
3059 2076 3114 2123 et
3142 2068 3311 2121 ratio-

1748 2165 1889 2219 nalis
1919 2179 1987 2219 ac
2013 2162 2344 2218 intellectilis
2391 2162 2485 2217 illa
2517 2161 2748 2217 facultas
2795 2160 3010 2214 animm.
3043 2157 3139 2213 Est
3163 2158 3309 2213 enim

1748 2256 1801 2310 in
1824 2255 2030 2311 semine
2052 2254 2248 2310 anima:
2273 2253 2537 2323 particula
2573 2250 2843 2323 quaedam,
2873 2263 2996 2320 qua:
3013 2249 3191 2305 vitalis
3209 2263 3311 2303 ca-

1746 2347 1829 2401 lor
1850 2346 2072 2411 dicitur,
2107 2343 2406 2401 cenformis
2440 2343 2608 2399 calori
2640 2341 2805 2397 solis:
2861 2341 2911 2396 si
2957 2339 3178 2410 quidem
3217 2336 3307 2392 ille

1746 2438 1965 2493 vitalem
1993 2438 2103 2492 vim
2136 2436 2321 2501 habet,
2351 2443 2405 2490 et
2442 2434 2663 2489 vitalem
2686 2433 2857 2488 fetum
2891 2439 3135 2503 generat.
3170 2427 3308 2485 For-

1749 2536 1929 2584 matur
1955 2537 2143 2583 autem
2174 2529 2409 2597 primum
2447 2541 2565 2591 cor,
2593 2524 2738 2594 quod
2770 2531 2827 2579 et
2864 2531 3199 2595 postremum
3226 2520 3313 2573 in-

1748 2620 1892 2674 terit.
1929 2618 2190 2673 Similiter
2218 2626 2272 2673 et
2287 2616 2496 2686 reliqua
2525 2616 2739 2670 interna
2780 2623 2906 2669 ante
2934 2622 3156 2668 externa
3185 2612 3303 2666 dis-

1746 2716 2045 2779 ponuntur,
2072 2715 2128 2762 et
2180 2720 2303 2761 cum
2339 2705 2534 2774 primis
2564 2718 2630 2759 ea
2684 2716 2806 2773 qum
2832 2710 2961 2757 sunt
2991 2716 3160 2771 supra
3180 2701 3290 2755 cin-

1747 2810 1981 2855 cturam.
2014 2797 2305 2853 Fet-matus
2331 2805 2513 2851 autem
2547 2796 2604 2849 in
2641 2796 2867 2850 matrice
2896 2794 3084 2856 homo,
3108 2807 3306 2847 nasum

1748 2890 1968 2961 quidem
1999 2890 2240 2945 medium
2295 2889 2434 2943 inter
2479 2900 2655 2958 genua
2708 2887 2894 2950 habet,
2957 2886 3147 2941 oculos
3182 2897 3312 2938 vero

1750 2997 1915 3052 supra
1959 2996 2155 3052 genua.
2198 2979 2495 3036 Robustior
2529 2987 2711 3034 autem
2742 2978 2857 3033 fieri
2909 2977 3052 3032 fetus
3098 2976 3310 3045 incipit,

1750 3074 1967 3143 quando
1985 3072 2217 3127 inhibita
2244 3080 2523 3127 menstrua
2560 3070 2615 3125 in
2659 3070 2922 3125 uberibus
2972 3069 3026 3122 in
3066 3069 3149 3123 lac
3186 3082 3311 3120 mu-

1751 3173 1955 3220 tantur.
1975 3164 2095 3231 Quo
2118 3164 2347 3234 quidem
2370 3171 2618 3232 tempore
2640 3177 2764 3215 mox
2801 3163 2961 3214 linem
2994 3159 3047 3212 in
3073 3156 3313 3212 mulieri-

1750 3256 2070 3313 busbabent
2108 3269 2351 3321 nauseat,
2401 3263 2465 3309 et
2486 3254 2740 3308 vomitus.
2774 3251 3076 3307 Generatur
3127 3258 3308 3303 autem

1752 3361 1892 3413 mas,
1915 3348 1960 3403 si
1994 3354 2425 3416 percoctumest
2460 3345 2633 3399 maris
2661 3342 3043 3408 scmen,.tmde
3080 3340 3315 3410 juvenes

1751 3449 1806 3497 et
1830 3453 1991 3495 senes
2021 3439 2344 3508 plerumque
2383 3436 2623 3492 femellas
2656 3442 2966 3506 procreant.
3012 3431 3315 3487 Abundan-

1750 3530 1881 3585 tiam
1914 3537 2099 3584 autem
2122 3528 2207 3582 vel
2235 3526 2504 3582 defectum
2533 3527 2648 3581 fieri
2693 3526 2881 3579 volunt
2906 3522 3313 3593 inquibusdam

1748 3622 2018 3694 partibus,
2053 3629 2273 3690 propter
2301 3620 2549 3673 materiae
2583 3617 2851 3673 defectum
2885 3624 2981 3670 aut
3028 3614 3314 3669 abundan-

1749 3714 1903 3768 tiam.
1932 3712 2179 3767 Seminis
2202 3719 2385 3765 autcm
2413 3709 2749 3779 egestionem
2786 3722 2851 3762 ex
2884 3707 3022 3762 locis
3046 3706 3192 3761 circa
3217 3718 3314 3759 ca-

1750 3810 1849 3872 put
1877 3802 1995 3856 ﬁeri
2026 3802 2376 3855 manifestum
2432 3815 2499 3854 ex.
2530 3816 2595 3854 eo
2628 3807 2730 3863 est,
2765 3797 2910 3867 quod
2946 3811 3136 3852 eorum
3169 3794 3316 3849 oeuli

1749 3904 2036 3959 cavantur,
2074 3893 2418 3962 quimultum
2454 3898 2677 3947 coeunt.
2705 3887 2952 3943 Movetur
2985 3886 3151 3941 etiam
3181 3899 3314 3939 cum

1748 3998 1928 4040 mente
1961 3983 2402 4055 cngilationeque
2458 3982 2685 4045 matrix,
2746 3976 3207 4050 quemadmodum
3258 3987 3320 4031 et

1747 4084 2019 4130 verctrum
2053 4074 2174 4128 viri.
2220 4072 2531 4141 Aliquando
2555 4071 2679 4125 item
2728 4078 2921 4139 sponte
2969 4066 3181 4134 gemelli
3214 4081 3313 4137 ge-

1748 4177 2027 4232 nerantur,
2062 4180 2159 4237 per
2184 4165 2510 4223 divisionem
2542 4161 2772 4219 seminis
2828 4159 2883 4215 in
2939 4158 3206 4214 matrice:
3247 4174 3315 4214 ac

1747 4258 1793 4312 si
1826 4258 2050 4328 quidem
2082 4259 2135 4314 id
2165 4266 2479 4328 percoctum
2521 4253 2706 4318 fuerit,
2742 4253 2853 4307 duo
2903 4250 3168 4306 masculi:
3225 4250 3313 4305 sin

1747 4349 1950 4413 minus,
2022 4350 2317 4405 diversum.
2375 4345 2643 4402 Prmtcrea
2691 4358 2788 4415 per
2826 4340 3313 4413 superfetatioaem

1745 4449 2110 4510 generantur,
2163 4440 2307 4496 unde
2357 4437 2647 4508 aliquoties
2699 4444 2751 4491 et
2803 4434 3083 4490 masculus
3124 4442 3179 4488 et
3238 4430 3311 4487 l‘e—

1745 4532 1906 4587 mella
1979 4532 2143 4589 simul
2194 4540 2514 4587 nascuntur.
2592 4527 2896 4584 Plurimum
2956 4540 3087 4580 vero
3138 4524 3309 4577 nutrit

1749 4624 1832 4678 lac
1876 4623 2113 4691 spissum
2182 4631 2238 4677 et
2292 4622 2533 4689 lulvum,
2593 4629 2653 4674 ut
2718 4634 2785 4674 ex
2836 4616 3015 4673 caecis
3075 4621 3312 4669 constat.

1751 4713 1942 4769 Mulier
2000 4712 2170 4769 fetum
2216 4721 2394 4784 gestat
2439 4712 2507 4766 ad
2581 4726 2797 4767 menses
2830 4718 3036 4779 septem
3067 4708 3318 4775 aliquan-

1752 4807 1842 4871 do,
1910 4806 2230 4875 plerumque
2301 4804 2370 4859 ad
2436 4818 2629 4859 novem
2656 4839 2674 4865 ,
2718 4811 3093 4872 sapennmero
3125 4798 3190 4851 ad
3220 4797 3316 4852 de-

1751 4913 1867 4954 cem
1925 4906 2212 4967 postquam
2260 4897 2543 4966 concepit,
2600 4894 2687 4949 vix
2753 4903 2931 4947 autem
2987 4903 3110 4961 post
3151 4889 3319 4944 unde-

1754 4989 1977 5043 cimum.
2017 4987 2182 5044 Fetus
2213 4987 2266 5042 in
2292 4988 2467 5043 lucem
2496 4986 2672 5041 editus
2706 4994 2801 5039 aut
2821 4983 2972 5047 vivit,
3021 4991 3116 5037 aut
3148 4981 3321 5051 pariet

1758 5082 1955 5137 mulier
1976 5080 2123 5152 quod
2152 5081 2297 5135 mola
2324 5088 2574 5144 vocatur,
2592 5092 2714 5147 qua:
2754 5085 2836 5131 est
2883 5088 3013 5131 caro
3033 5074 3193 5138 dura,
3225 5081 3319 5126 aut

1758 5174 2173 5244 periclitabitur.
2206 5172 2361 5226 Circa
2391 5186 2593 5225 annum
2623 5167 2893 5222 decimum
2915 5173 3168 5234 quartum
3199 5177 3319 5216 mu-

1764 5276 1882 5323 tant
1913 5266 2162 5335 corporis
2184 5264 2403 5319 habitus
2430 5272 2539 5317 tam
2577 5276 2756 5315 mares
2778 5274 2940 5329 quam
2971 5255 3233 5320 femellw;
3265 5263 3331 5308 et-

96 5358 154 5399 cx
178 5348 310 5402 bene
342 5347 546 5404 allectis
584 5348 727 5402 male
750 5347 999 5417 dispositi
1043 5348 1196 5415 ﬁunt,
1223 5348 1307 5403 vel
1330 5365 1361 5405 e
1392 5351 1627 5409 diverso.
1692 5355 1845 5411 Tunc
1873 5365 1926 5411 et
1962 5355 2190 5411 femellis
2237 5363 2515 5410 menstrua
2572 5352 2856 5422 incipiunt,
2887 5349 3130 5405 maribus
3189 5358 3325 5401 vero

99 5449 293 5501 semen,
322 5448 376 5493 et
413 5452 514 5494 vox
555 5439 613 5494 tit
639 5438 876 5511 gravior.
912 5436 1090 5494 Ubera
1116 5439 1243 5496 item
1290 5447 1345 5495 et
1395 5442 1624 5497 verenda
1684 5456 1959 5501 crescunt.
2011 5442 2182 5499 Pallet
2246 5443 2485 5513 denique
2535 5441 2754 5505 mulier,
2791 5453 2913 5510 qua!
2936 5438 3203 5494 femellam
3233 5452 3322 5505 pa-

100 5529 257 5585 ritura
287 5537 390 5585 est.

318 5668 428 5722 Τοῦ
457 5670 641 5725 αὐτοῦ
674 5668 1005 5739 Γρηγορίω)
1036 5668 1144 5724 τοῦ
1181 5668 1456 5737 Νύσσης.

170 5781 232 5835 Ἦ
263 5781 323 5834 δὲ
350 5780 443 5834 τοῦ
483 5781 574 5835 νοῦ
606 5782 741 5854 πρὸς
779 5782 843 5836 τὸ
887 5782 1048 5853 σῶμα
1095 5780 1347 5836 κοινωνία
1376 5780 1653 5852 ᾶφραστόν

102 5891 151 5929 τε
177 5876 266 5930 καὶ
298 5873 664 5940 ἀκατανόητον
705 5873 804 5929 τὴν
838 5872 1128 5939 συνάφειαν
1165 5871 1311 5939 ἔχει·
1345 5868 1467 5925 οὔτε
1500 5872 1649 5936 ἐντὸς

2110 5657 2193 5712 Ex
2222 5659 2397 5712 eodem
2431 5655 2679 5728 Gregorio
2712 5655 2971 5728 Nysscno.

1829 5772 2024 5829 Mentis
2048 5782 2228 5829 autem
2264 5772 2331 5827 ad
2358 5788 2555 5842 corpus
2579 5772 2895 5827 communio
2921 5767 3239 5824 ineffabilem
3266 5774 3326 5823 ct

1757 5866 2355 5939 incomprehensibilem
2378 5865 2654 5924 intellectu
2674 5862 3110 5935 coniunctionem
3134 5858 3322 5924 habet.
