3874 6556
560 416 697 476 i093

559 553 679 604 qua:
704 549 878 604 neque
908 535 1053 591 intus
1074 545 1158 592 est
1181 536 1295 611 (98)
1324 541 1523 610 (neque
1548 542 1693 598 enim
1720 544 1981 599 miscetur
2004 558 2128 599 cor-

557 624 678 695 pori
707 624 852 694 quod
886 624 1265 693 incorporeum
1291 630 1396 696 est)
1439 646 1453 682 :
1487 644 1664 699 neque
1691 628 2024 685 circumfusa
2046 636 2131 684 est

559 721 708 784 (non
742 716 886 770 enim
920 715 1783 789 circumscribiturincorporeum
1819 736 1848 774 a
1878 720 2128 789 corpori-

559 802 745 878 bus):
779 804 874 859 sed
907 804 1069 859 modo
1105 806 1343 876 quodam
1385 808 1691 863 incredibili
1728 821 1782 864 et
1820 810 2127 877 intelligen-

558 897 687 949 tiam
724 903 965 951 nostram
1001 906 1298 967 superante
1320 913 1475 954 mens
1498 902 1939 970 appropinquans
1960 910 2015 955 et
2034 916 2129 970 ap-

559 986 755 1055 plicata
782 995 1021 1055 natura,
1055 997 1109 1044 et
1141 989 1195 1044 in
1231 989 1347 1060 ipsa
1366 1028 1384 1055 ,
1418 999 1475 1044 et
1501 994 1646 1046 circa
1676 992 1847 1061 ipsam
1876 992 2125 1057 exsistit,

557 1078 639 1131 sic
670 1088 847 1133 tamen
876 1088 936 1132 ut
968 1079 1228 1149 explicari
1261 1082 1345 1134 vel
1384 1080 1713 1151 cogitatione
1738 1083 2127 1153 comprehendi

557 1166 753 1221 modus
779 1177 1010 1237 nequeat
1028 1207 1043 1231 ,
1073 1169 1177 1225 nisi
1208 1169 1355 1239 quod
1382 1170 1436 1223 in
1464 1178 1607 1225 statu
1637 1186 1741 1227 suo
1766 1181 1912 1227 recte
1937 1172 2126 1227 aﬂ‘ecta

557 1264 788 1320 natura,
815 1258 978 1312 etiam
1009 1274 1164 1315 mens
1187 1259 1374 1315 ellicax
1402 1270 1527 1326 est;
1562 1262 1608 1316 si
1643 1277 1771 1317 vero
1803 1262 1993 1317 vitium
2028 1264 2129 1318 ali-

557 1346 702 1416 quod
730 1348 875 1403 circa
902 1349 1049 1404 illam
1076 1351 1384 1422 contingat,
1411 1354 1683 1409 claudicat
1706 1364 1931 1410 eatenus
1960 1355 2125 1410 etiam

559 1451 740 1495 motus
776 1441 1106 1501 intellectus.

625 1528 817 1600 Operae
854 1532 1087 1601 pretium
1128 1544 1213 1591 est
1251 1535 1428 1599 scire,
1468 1537 1629 1606 cujus
1654 1536 1732 1595 rei
1748 1536 2122 1609 gratiaeterra

557 1621 895 1676 nascentium
916 1624 1158 1693 germina
1192 1625 1244 1679 in
1275 1636 1397 1680 ortu
1425 1643 1609 1682 rerum
1637 1628 1975 1697 praecedant,
2002 1635 2126 1696 post

557 1726 679 1778 quae
716 1712 974 1781 producta
1016 1723 1143 1769 sunt
1190 1716 1490 1773 animantia
1553 1718 1749 1781 bruta,
1790 1726 1992 1787 etpost
2028 1719 2120 1773 illa

557 1798 774 1852 demum
808 1799 993 1856 homo.
1024 1800 1143 1857 Non
1173 1804 1351 1859 solum
1382 1805 1527 1875 quod
1562 1806 1729 1861 herba
1761 1808 1977 1876 quidem
2008 1807 2121 1863 ani-

557 1891 790 1947 malibus
826 1902 911 1949 est
946 1895 1093 1950 utilis
1115 1935 1130 1960 ,
1165 1905 1215 1953 et
1235 1906 1456 1970 propter
1473 1898 1748 1954 hominem
1783 1896 1997 1954 exsistit
2026 1913 2120 1967 pe-

557 1996 743 2037 corum
773 1984 956 2055 copia,
990 1994 1251 2057 tanquam
1287 1989 1362 2041 illi
1400 1988 1775 2044 ministratura
1799 2028 1813 2053 ,
1850 1994 1943 2044 sed
1972 1989 2120 2059 quod

557 2081 648 2135 hic
675 2090 794 2130 eam
830 2093 952 2146 qua:
994 2077 1063 2132 de
1109 2079 1290 2133 anima
1337 2086 1456 2145 est,
1509 2078 1910 2149 philosophiam
1966 2078 2125 2133 nobis

555 2167 733 2223 tradat
777 2168 973 2225 Moses.
994 2170 1260 2240 Explicari
1294 2180 1473 2226 autem
1504 2172 1748 2227 oratione
1781 2171 1906 2227 talis
1937 2187 2123 2226 rerum

556 2261 837 2316 distinctio
864 2269 1044 2331 potest
1072 2281 1086 2317 :
1120 2262 1229 2318 Res
1262 2265 1528 2319 universa:
1562 2264 1754 2333 partim
1788 2263 2125 2319 intellectiles

555 2360 716 2418 sunt,
744 2354 937 2421 partim
970 2369 1263 2423 corporeae.
1291 2352 1626 2408 Omittantur
1648 2362 1829 2408 autem
1861 2369 2007 2409 nunc
2033 2355 2118 2408 in-

557 2441 857 2498 tellectiles.
886 2443 1176 2514 Corporeaa
1201 2445 1401 2516 partim
1429 2443 1771 2500 ellicacitatis
1797 2444 1980 2500 vitalis
2004 2458 2123 2512 par-

556 2533 748 2603 ticipes
781 2544 944 2600 sunt,
973 2536 1168 2604 partim
1198 2546 1449 2606 expertes
1479 2536 1705 2592 omnino
1737 2539 1877 2592 vita.
1911 2537 2124 2593 Rursus

556 2624 721 2680 vitale
749 2640 946 2695 corpus
977 2628 1171 2696 partim
1202 2628 1423 2698 quidem
1456 2629 1691 2695 sensile,
1733 2629 1933 2698 partim
1981 2644 2112 2685 vero

556 2733 752 2774 sensus
789 2727 873 2773 est
907 2734 1121 2789 expers.
1162 2718 1376 2778 Rursus
1429 2720 1667 2786 sensile,
1709 2721 1856 2776 aliud
1902 2721 2122 2791 quidem

556 2809 855 2876 rationale,
903 2811 1050 2866 aliud
1096 2820 1278 2867 autem
1324 2812 1554 2868 rationis
1585 2821 1671 2868 est
1694 2828 1905 2884 expers.
1941 2814 1987 2868 A
2017 2814 2124 2868 rui-

555 2903 782 2957 noribus
820 2904 985 2974 igitur
1025 2904 1093 2959 ad
1134 2903 1189 2958 id
1226 2904 1372 2974 quod
1410 2903 1711 2973 perfectum
1752 2914 1870 2971 est,
1928 2914 2123 2960 natura

554 2994 920 3065 progreditur.
970 2994 1204 3066 ideoque
1251 3006 1377 3067 post
1428 2998 1730 3053 inanimam
1792 2999 2119 3063 materiam,

553 3083 710 3151 quasi
742 3083 947 3151 gradus
974 3087 1239 3154 quosdam
1282 3085 1472 3142 formae
1511 3088 1877 3143 animatorum
1900 3132 1916 3157 ,
1957 3096 2127 3144 natu-

554 3173 724 3227 ralem
761 3174 903 3229 hanc
936 3176 1107 3229 vitam
1135 3177 1411 3232 exstitisse
1439 3176 1574 3232 dicit
1605 3177 1903 3248 legislator,
1939 3177 1994 3233 in
2021 3193 2122 3234 na-

554 3264 811 3319 turalium
842 3266 1238 3336 germinatione
1269 3270 1736 3337 praeexsistentem
1755 3306 1771 3333 ,
1798 3278 1983 3339 utpote
2010 3270 2119 3323 vim

553 3358 886 3412 nutrientem
913 3366 967 3412 et
994 3368 1376 3430 augescentem
1394 3399 1410 3424 ,
1443 3360 1633 3431 sicque
1657 3361 1851 3417 deinde
1879 3360 2118 3430 subiicit,

551 3459 607 3502 et
638 3449 913 3504 sentiendi
963 3448 1317 3517 facultatem,
1349 3466 1473 3521 quae
1527 3453 1582 3507 in
1629 3452 1957 3507 animalibus
1997 3461 2121 3519 est,

553 3539 719 3592 etiam
751 3540 871 3608 ejus
907 3542 1227 3611 participem
1259 3558 1381 3612 qua:
1410 3550 1537 3599 ante
1573 3543 1746 3613 ipsam
1783 3544 1904 3598 fuit.
1940 3541 2124 3612 Siqui-

554 3631 678 3684 dem
708 3646 830 3700 qua:
856 3648 952 3701 per
973 3648 1194 3688 carnem
1220 3635 1445 3701 vivunt,
1467 3635 1632 3690 etiam
1660 3636 1871 3705 absque
1909 3635 2124 3689 intelle-

554 3722 665 3775 ctili
693 3731 884 3777 natura
909 3739 1030 3780 esse
1053 3734 1302 3794 possunt.
1335 3724 1620 3781 Rationale
1651 3735 1831 3781 autem
1861 3727 2126 3781 exsistere

556 3830 665 3867 non
714 3824 928 3885 potest,
987 3817 1092 3872 nisi
1144 3833 1267 3872 cum
1322 3818 1589 3874 sentiente
1631 3818 1983 3874 commistum
2031 3819 2122 3873 sit.

556 3905 683 3959 ideo
715 3914 1023 3975 postremus
1053 3907 1230 3964 factus
1276 3916 1363 3964 est
1414 3909 1601 3964 homo.
1654 3907 1735 3964 Ex
1782 3908 1933 3963 omni
1979 3910 2123 3963 enim

556 3995 734 4063 specie
757 3997 1063 4053 animarum
1089 4006 1452 4069 temperatum
1477 4007 1563 4054 est
1585 3999 1790 4054 animal
1821 3999 2085 4054 rationale
2110 4014 2125 4065 ;

556 4087 799 4141 nutritur
824 4090 968 4143 enim
1001 4091 1301 4146 secundum
1324 4090 1561 4161 speciem
1590 4092 1787 4146 anima:
1815 4106 1938 4162 qua:
1962 4100 2046 4145 est
2072 4090 2125 4144 in

555 4177 789 4244 plantis;
821 4183 1132 4251 augescenti
1165 4198 1297 4239 vero
1329 4183 1578 4239 facultati
1605 4185 1847 4240 sentiens
1870 4199 1901 4238 a
1931 4190 2127 4237 natura

557 4269 815 4339 adjuncta
841 4282 955 4341 est;
987 4273 1040 4327 in
1077 4274 1348 4330 sentiente
1393 4276 1613 4330 demum
1648 4274 1981 4331 intellectilis
2032 4289 2130 4327 na-

557 4369 694 4414 turae
735 4360 1028 4418 eﬂicacitas
1073 4365 1273 4421 elucet.
1320 4365 1476 4422 Unde
1506 4367 1672 4422 etiam
1702 4366 1921 4438 proprie
1960 4366 2130 4421 ratio-

558 4451 701 4508 nalis
734 4454 917 4507 anima
946 4464 1002 4509 et
1029 4456 1360 4513 intellectilis
1392 4459 1616 4525 dicitur,
1648 4475 1769 4529 quae
1811 4474 1909 4529 per
1945 4456 2128 4513 omnia

1615 423 1671 479 S.
1711 421 2015 480 CESARII
2062 418 2394 477 GREGORI‘I
2432 420 2733 476 FRATlllS

3660 417 3768 473 {084

2231 537 2364 595 οὖσα
2390 542 2470 614 (οὐ
2499 542 2608 613 γάρ
2634 543 2983 614 ἐγκρατεῖται
3005 539 3217 611 σώματι
3236 540 3297 593 τὸ
3315 538 3643 608 ἀσώματον),
3671 540 3769 592 οὔτε

2229 633 2387 696 ἐκτὸς
2420 633 2749 705 περιέχουσα
2780 634 2864 705 (οὐ
2894 634 3003 704 γάρ
3045 631 3357 703 περιέχεται
3402 628 3467 682 τὸ
3514 628 3770 698 ἀσώματοι.

2228 723 2334 777 ὑπὸ
2367 726 2675 795 σωμάτων),
2704 725 2840 778 ἀλλὰ
2872 724 3012 778 κατά
3044 740 3165 776 τινα
3190 722 3391 793 τρόπον
3430 720 3699 790 ἀμήχανόν
3722 738 3769 773 τε

2228 817 2321 870 καὶ
2350 816 2700 886 ἀνεπινόητον
2732 816 2966 885 ὲγγίζων
2991 815 3021 866 6
3046 815 3169 877 νοῦς
3188 816 3254 885 τῇ
3290 811 3450 882 φύσει
3494 814 3586 864 καὶ
3624 830 3770 882 προσ.

2226 906 2549 978 απτόμενος,
2587 906 2681 960 καὶ
2726 909 2784 959 ἑν
2830 908 2967 977 αὐτῇ
3008 906 3251 976 καὶπερὶ
3291 903 3462 973 αὐτὴν
3492 904 3771 974 θεωρεῖται,

2226 998 2342 1052 άλλ⁶
2392 1000 2467 1063 ὡς
2504 999 2605 1053 οὐκ
2656 998 2803 1052 ἐστιν
2849 1000 3045 1061 εἰπεῖν,
3096 996 3219 1050 οὐδὲ
3267 996 3479 1067 νοῆσαι,
3530 996 3664 1066 πλὴν
3704 999 3773 1049 δτι

2225 1092 2365 1146 κατὰ
2390 1092 2480 1144 τὸν
2502 1091 2630 1144 [διον
2656 1090 2826 1160 αὐτῆς
2847 1089 3034 1161 εἱρμὸν
3066 1087 3424 1158 εὐοδουμένης
3441 1086 3540 1156 τῆς
3559 1086 3771 1155 φύσεως,

2225 1181 2321 1235 καὶ
2364 1183 2394 1235 6
2434 1180 2559 1245 νοῦς
2589 1180 2818 1252 ἐνεργὴς
2863 1181 3101 1248 γίνεταιο
3137 1180 3185 1231 εί
3234 1177 3612 1248 πλημμέλημα
3667 1180 3775 1247 περὶ

2222 1273 2427 1344 ταύτην
2480 1272 2766 1342 συμπέσοι,
2801 1272 2988 1337 σχάζει
3023 1271 3145 1325 κατ’
3193 1271 3369 1323 ἐκεῖνο
3422 1270 3517 1322 καὶ
3555 1269 3650 1339 τῆς
3674 1269 3775 1323 δια-

2225 1364 2373 1428 νοίας
2400 1366 2433 1435 ἡ
2468 1363 2699 1435 κίνησις.

2295 1535 2505 1589 Εἰδὲναι
2534 1535 2639 1608 χρὴ
2670 1536 2812 1599 τίνος
2838 1534 2996 1607 χάριν
3020 1535 3113 1589 ἐπὶ
3141 1536 3246 1606 γῆς
3274 1537 3307 1604 ή
3344 1534 3547 1605 βλάστη
3575 1535 3680 1588 τῶν
3697 1536 3774 1587 ἐπὶ

2222 1630 2326 1699 γῆς
2374 1628 2658 1699 φυομένων
2705 1630 3046 1699 προηγεῖται,
3086 1627 3389 1696 ἐπιγίνεται
3417 1627 3477 1679 δὲ
3515 1626 3584 1679 τὰ
3622 1626 3773 1693 ἄλογα

2222 1717 2329 1770 τῶν
2351 1716 2522 1781 ζώων,
2548 1717 2639 1769 καὶ
2667 1715 2803 1786 μετὰ
2828 1714 3002 1769 ταῦτα
3028 1718 3057 1769 6
3078 1716 3378 1786 ἄνθρωπος.
3408 1717 3485 1768 Οὐ
3518 1716 3673 1785 μόνον
3704 1716 3773 1768 ὅτι

2222 1810 2257 1879 ἠ
2295 1808 2392 1879 μὲν
2425 1808 2533 1861 πόα
2561 1808 2826 1878 χρήσιμος
2853 1809 2965 1870 τοῖς
2998 1806 3179 1871 ζώοις,
3212 1808 3300 1861 διὰ
3345 1808 3403 1860 δὲ
3450 1807 3542 1859 τὸν
3582 1806 3773 1875 ἀνθρωο

2224 1917 2323 1953 πον
2351 1899 2418 1953 τά
2453 1898 2603 1970 βοτὰ,
2639 1900 2716 1963 ὡς
2754 1900 3045 1969 ὑπηρετεῖν
3082 1898 3375 1968 μέλλονταο
3416 1898 3533 1952 ἀλλ’
3584 1899 3661 1951 ὅτι
3691 1900 3772 1968 τὴν

2225 1992 2353 2062 περὶ
2372 1990 2551 2061 ψυχῆς
2584 1990 2896 2060 φιλοσοφίαν
2923 1990 2953 2041 6
2980 1990 3185 2061 Μωσῆς
3215 1991 3607 2061 παραδίδωσιν.
3636 1991 3771 2042 Ἐστι

2221 2083 2278 2136 δὲ
2321 2085 2355 2154 ἡ
2403 2083 2495 2137 τοῦ
2536 2083 2693 2151 λόγου
2736 2083 2997 2154 διαίρεσις
3044 2083 3300 2155 τοιαύτη’
3342 2084 3463 2137 Τῶν
3516 2083 3695 2145 ὅντων,
3722 2082 3771 2133 τὸ

2227 2173 2324 2242 μὲν
2376 2172 2581 2241 νοητὸν,
2620 2171 2678 2225 τὸ
2725 2171 2783 2224 δὲ
2834 2173 3144 2242 σωματικόν
3190 2174 3359 2225 ἐστιν.
3412 2172 3690 2225 Ἔστωσαν
3724 2171 3770 2223 δὲ

2223 2262 2318 2317 νῦν
2346 2264 2414 2317 τὰ
2449 2265 2576 2334 περὶ
2615 2263 2708 2317 τοῦ
2740 2264 2951 2335 νοητοῦ.
2983 2264 3089 2317 Τοῦ
3119 2264 3175 2316 δὲ
3220 2264 3558 2335 σωματικοῦ,
3608 2263 3662 2315 τὸ
3689 2263 3769 2331 μὲν

2227 2354 2439 2424 μετέχει
2490 2353 2725 2425 ζωτικῆς
2768 2354 3068 2425 ἐνεργείας,
3116 2355 3179 2407 τὸ
3224 2355 3281 2408 δὲ
3314 2355 3537 2424 ἀμοιρεῖ
3570 2353 3767 2405 καθόλου

2224 2444 2389 2515 ζωῆς.
2424 2444 2592 2499 Πάλιν
2625 2446 2718 2499 τοῦ
2747 2446 2980 2511 ζωτικοῦ
3014 2445 3284 2517 σώματος,
3308 2446 3370 2497 τὸ
3397 2445 3497 2516 μὲν
3521 2445 3766 2514 αἰσθητὸν.

2222 2534 2283 2589 τὸ
2308 2535 2364 2589 δὲ
2398 2535 2754 2605 ἀναίσθητον·
2799 2537 3012 2590 καὶτοῦ
3052 2536 3390 2607 αἰσθητικοῦ,
3429 2536 3491 2589 τὸ
3525 2536 3621 2605 μὲν
3649 2535 3769 2601 λογι-

2224 2625 2341 2688 κὸν,
2370 2625 2429 2680 τὸ
2461 2625 2519 2678 δὲ
2562 2625 2776 2694 ἄλογον.
2828 2626 2960 2679 Ἀπὸ
2985 2626 3091 2680 τῶν
3129 2626 3474 2697 μικροτέρων
3503 2627 3595 2679 ἐπὶ
3620 2626 3676 2677 τὸ
3698 2625 3767 2676 τέ-

2223 2718 2364 2770 λειον
2393 2718 2427 2787 ἡ
2461 2716 2619 2786 φύσις
2654 2719 2886 2771 ποιεῖται
2929 2718 3030 2789 τὴν
3073 2717 3277 2771 ἄνοδον.
3309 2716 3412 2769 Διὰ
3452 2717 3611 2769 τοῦτο
3651 2715 3767 2786 μετὰ

2223 2810 2319 2881 τὴν
2356 2809 2560 2879 ἄψυχον
2606 2808 2759 2881 ὓλην,
2793 2804 2905 2863 οἷον
2938 2808 3220 2881 ύπόόαθρά
3256 2826 3377 2862 τινα
3401 2810 3501 2879 τῆς
3523 2809 3627 2861 τῶν
3652 2806 3765 2875 6'66-

2224 2919 2334 2971 χων
2371 2900 2513 2962 ἰδέας
2540 2900 2637 2972 τὴν
2671 2900 2907 2970 φυσικὴν
2933 2898 3136 2972 ταύτην
3176 2900 3321 2970 ζωὴν
3350 2899 3607 2968 συστῆναι
3642 2897 3765 2965 λέγει

2223 2994 2252 3045 6
2278 2992 2593 3063 νομοθέτης,
2642 2994 2700 3045 ὲν
2738 2995 2804 3063 τῇ
2854 2993 2963 3045 τῶν
2997 2991 3176 3061 φυτῶν
3211 2991 3416 3063 βλάστῃ
3449 2990 3765 3061 προῦποστὶο

2226 3099 2347 3146 σαν,
2376 3081 2443 3151 ῆν
2470 3098 2528 3134 τε
2555 3080 2653 3152 τὴν
2687 3079 2985 3150 θρεπτικὴν
3016 3079 3108 3132 καὶ
3136 3079 3459 3149 αὐξητικὴν,
3492 3076 3587 3129 εἶθ’
3617 3074 3764 3137 οὕτως

2227 3173 2420 3243 ὲπάγει
2460 3174 2554 3226 καὶ
2583 3173 2683 3244 τὴν
2713 3173 2771 3225 ὲν
2802 3176 2914 3235 τοῖς
2956 3171 3115 3236 ζώοις
3159 3169 3499 3240 αἰσθητικὴν,
3544 3169 3765 3239 μετέχω-

2228 3282 2326 3318 σαν
2354 3265 2447 3318 καὶ
2469 3264 2570 3335 τῆς
2589 3263 2695 3335 πρὸ
2722 3264 2910 3334 αὐτῆς.
2947 3262 3163 3332 Ἐπειδὴ
3190 3262 3258 3315 τὰ
3288 3261 3376 3315 διὰ
3402 3260 3596 3332 σαρκὸς
3614 3259 3763 3323 ζῶντα

2224 3358 2317 3411 καὶ
2345 3357 2469 3430 δίχα
2506 3359 2605 3428 τῆς
2629 3360 2820 3429 νοερᾶς
2846 3358 3062 3427 φύσεως
3092 3356 3317 3410 δύναται
3350 3351 3518 3409 εἶναι’
3548 3353 3764 3407 1663:19-

2222 3451 2374 3518 γικὸν
2431 3451 2492 3503 οὐ
2524 3451 2765 3516 δύναται,
2801 3451 2849 3503 εἰ
2884 3450 2959 3520 μὴ
3000 3448 3078 3519 τῷ
3106 3447 3404 3519 αἰσθητικῷ
3440 3445 3759 3517 συγκραθείη.

2224 3544 2321 3597 Διὰ
2370 3542 2528 3596 τοῦτο
2573 3542 2879 3603 τελευταῖος
2909 3543 2937 3593 6
2978 3540 3297 3621 ἄνθρωπος..
3326 3540 3423 3593 Διὰ
3469 3541 3640 3608 πάσης
3674 3537 3761 3605 γὰρ

2227 3634 2370 3699 ἰδέας
2400 3633 2510 3686 τῶν
2551 3632 2857 3703 ὁμωνύμως
2885 3632 3191 3701 λεγομένων
3218 3630 3407 3701 ψυχῶν
3439 3630 3759 3698 άνακιρνᾶται

2225 3727 2285 3780 τὸ
2307 3725 2523 3794 λογικὸν
2550 3725 2709 3790 ζῶον.
2748 3723 3020 3794 Τρέφεται
3049 3724 3142 3776 καὶ
3183 3722 3324 3775 κατὰ
3363 3721 3424 3774 τὸ
3453 3720 3659 3789 φυτικὸν
3680 3716 3760 3783 τῆς

2223 3816 2399 3886 ψυχῆς
2443 3810 2598 3877 εῐδος.
2631 3816 2708 3885 Τῇ
2742 3813 2798 3867 δὲ
2848 3813 3114 3885 αὐξητικῇ
3162 3811 3389 3881 δυνάμει
3430 3812 3463 3880 ή
3508 3804 3759 3877 αἰσθητικὴ

2227 3907 2522 3979 προσφύει·
2542 3901 2738 3976 εἴτατῇ
2773 3904 3062 3974 αἱσθητικῇ
3089 3905 3121 3973 ἡ
3147 3903 3243 3973 τῆς
3263 3905 3453 3974 νοερᾶς
3488 3900 3660 3962 obuia;
3672 3898 3760 3951 διέ-

2224 3999 2436 4069 λαμψεν
2467 3998 2733 4067 ἐνέργεια.
2766 3994 2926 4048 Ὅθεν
2960 3994 3054 4047 καὶ
3088 3994 3291 4064 κυρίως
3318 3992 3507 4063 λογικὴ
3533 3989 3661 4060 ψυχὴ
3683 3987 3757 4039 καὶ

2227 4087 2389 4160 νοερὰ
2438 4087 2682 4153 λέγεται,
2734 4085 2767 4154 ἡ
2820 4082 2909 4136 διὰ
2947 4082 3163 4136 πάντων
3215 4082 3497 4151 διήκουσα.
3566 4079 3645 4130 Ἐν
3678 4075 3757 4145 μὲν

2227 4179 2335 4249 γὰρ
2364 4178 2444 4249 τῷ
2479 4174 2683 4245 λογικῷ
2724 4173 2817 4227 καὶ
2845 4173 2915 4226 τά
2943 4172 3105 4225 λοιπά
3140 4171 3493 4242 περιέλαῦεν,
3540 4169 3594 4220 ἐν
3618 4167 3667 4220 δὲ

2228 4266 2527 4339 αἰσθητικῷ
2561 4265 2655 4319 καὶ
2681 4263 2742 4317 τὺ
2778 4261 3002 4332 φυτικὸν
3028 4262 3243 4325 πάντως
3270 4261 3405 4320 ἐστὶ,
3437 4260 3501 4312 τὸ
3541 4259 3595 4312 δὲ
3634 4272 3755 4325 φυτι-

2230 4362 2324 4416 κὸν
2351 4359 2479 4429 περὶ
2502 4358 2563 4410 τὸ
2587 4357 2771 4410 ὑλικὸν
2801 4354 2881 4407 θε.
2914 4393 2928 4406 .
2966 4394 2979 4407 .
3013 4394 3027 4407 .
3060 4393 3075 4409 .
3110 4392 3126 4409 .
3161 4392 3176 4407 .
3208 4392 3222 4405 .
3257 4391 3272 4406 .
3305 4390 3322 4406 .
3358 4390 3373 4405 .
3402 4388 3419 4405 .
3453 4392 3468 4406 .
3522 4348 3647 4418 πλὴν
3683 4345 3755 4397 καὶ

2228 4451 2401 4506 ταῦτα
2448 4448 2537 4502 διὰ
2576 4448 2674 4518 τὴν
2710 4446 2946 4517 ζωτικὴν
2995 4445 3298 4515 ἐνέργειαν,
3347 4436 3754 4511 καταχρηστικῶς

558 4557 681 4597 sese
710 4541 865 4596 didit.
901 4541 1036 4597 Nam
1069 4544 1122 4597 in
1152 4544 1403 4600 rationali
1433 4545 1597 4600 etiam
1626 4547 1835 4617 reliqua
1869 4560 2121 4616 compre-

2227 4543 2390 4613 ψυχαὶ
2419 4539 2796 4610 ὀνομάζονται.

558 4634 777 4698 hendit,
821 4649 946 4689 cum
987 4634 1043 4689 in
1089 4635 1355 4691 sentiente
1398 4638 1699 4706 vegetativa
1750 4638 1854 4701 sit,
1877 4653 2000 4707 qua:
2033 4634 2329 4705 vegetativa
2360 4640 2572 4685 tantum
2606 4628 2659 4682 in
2687 4628 2850 4684 rebus
2876 4625 3081 4683 crassis
3109 4624 3345 4680 exsistit.
3376 4621 3573 4678 Verum
3604 4630 3650 4675 et
3673 4620 3752 4671 ista

558 4734 779 4797 propter
804 4727 1019 4781 vitalem
1043 4725 1336 4785 ellicaciam
1363 4729 1586 4786 abusive
1608 4731 1803 4785 animm
1827 4737 2113 4784 vocantur.

631 4817 924 4872 Sciendum
961 4820 1105 4889 quod
1138 4835 1260 4889 quae
1287 4819 1429 4876 facta
1459 4831 1587 4876 sunt
1614 4821 1682 4875 ad
1716 4820 1768 4875 id
1803 4820 2124 4890 simpliciter

570 4918 632 4965 ut
668 4910 947 4976 vivamus,
990 4919 1118 4966 sunt
1150 4912 1431 4967 cerebrum
1453 4955 1467 4979 ,
1501 4929 1596 4969 cor
1625 4921 1682 4968 et
1710 4912 1895 4983 pulmo
1915 4952 1929 4977 ,
1958 4914 2126 4981 hcpar

556 5011 613 5057 et
662 5015 871 5057 venter.
927 5001 1131 5058 Horum
1176 5004 1321 5058 enim
1370 5005 1556 5074 aliquo
1601 5005 1764 5069 laeso,
1816 5004 2128 5059 necessario

557 5094 793 5148 moritur
823 5095 1044 5149 animal.
1080 5093 1235 5150 Oculi
1270 5103 1449 5149 autem
1476 5137 1491 5161 ,
1522 5111 1716 5150 manus
1743 5103 1797 5150 et
1827 5094 1990 5164 pedes
2013 5135 2028 5161 ,
2060 5093 2127 5147 ad

560 5186 612 5238 id
639 5193 699 5239 ut
726 5185 860 5241 bene
886 5187 1132 5241 vivamus
1151 5226 1166 5251 ,
1201 5187 1342 5243 facta
1368 5196 1516 5243 sunt.
1545 5186 1640 5243 llis
1665 5188 1810 5242 enim
1844 5187 1987 5241 laesis
2008 5226 2022 5251 ,
2047 5184 2131 5239 vi-

560 5278 635 5333 vit
665 5278 883 5346 quidem
914 5279 1151 5344 animal,
1185 5296 1293 5336 non
1324 5291 1505 5335 autem
1542 5281 1699 5335 bene.
1737 5279 1858 5333 Alia
1890 5278 2128 5347 denique

560 5368 627 5421 ad
663 5370 1109 5438 propagationem
1147 5370 1482 5439 posteritatis
1515 5370 1809 5440 pertinent.

635 5456 953 5512 Postremus
993 5468 1114 5527 post
1143 5460 1475 5514 creationem
1506 5476 1535 5513 a
1572 5457 1680 5513 Deo
1714 5456 2011 5527 productus
2043 5462 2128 5509 est

561 5547 748 5605 homo.
790 5546 906 5602 Non
951 5549 1096 5619 quod
1144 5550 1288 5605 velut
1329 5551 1451 5605 vilis
1484 5550 1625 5605 inter
1661 5558 1938 5619 postrema
1973 5545 2124 5614 abje-

562 5650 684 5699 ctus
717 5638 821 5701 sit,
850 5640 942 5693 sed
974 5656 1070 5710 par
1092 5650 1209 5695 erat
1241 5642 1542 5714 principem
1580 5652 1707 5698 ante
1737 5640 1992 5697 subditos
2019 5651 2124 5691 non

2315 4812 2507 4865 Ἰστέον
2537 4813 2619 4864 ὃτι
2644 4810 2712 4864 τὰ
2744 4810 3006 4879 γεγονότα
3034 4808 3171 4881 πρὸς
3198 4809 3259 4860 τὸ
3286 4806 3471 4869 ἁπλῶς
3506 4806 3599 4875 ζῇν
3620 4802 3749 4873 ἡμᾶς.

2232 4904 2389 4967 εἰσὶν,
2436 4902 2757 4971 ἐγκέφαλος,
2804 4901 3003 4972 καρδία
3049 4902 3140 4953 καὶ
3184 4899 3461 4969 πνεύμων,
3502 4892 3641 4965 ἧπαρ
3681 4892 3752 4943 καὶ

2233 4996 2463 5066 γαστήρ.
2494 4993 2602 5047 Καί
2630 5008 2771 5055 τινος
2791 4990 2900 5061 γὰρ
2921 4990 3123 5044 τούτων
3165 4989 3449 5051 παθόντος,
3478 4986 3535 5049 ἐξ
3553 4984 3751 5050 ἀνάγκης

2232 5088 2293 5141 τὸ
2322 5087 2457 5153 ζῶον
2488 5085 2742 5155 τελευτᾷ·
2777 5083 3043 5153 ὀφθαλμοὶ
3070 5084 3126 5136 δὲ
3156 5082 3247 5135 καί
3276 5083 3457 5151 χεῖρες
3504 5078 3588 5129 καὶ
3631 5072 3750 5131 πόδες

2233 5177 2368 5248 πρὸς
2396 5176 2458 5230 τδ
2480 5170 2539 5227 εὖ
2579 5172 2680 5244 ζῇν
2708 5175 2855 5243 ἡμᾶς
2887 5173 3167 5240 γεγόνασι.
3206 5168 3425 5222 Τούτων
3454 5166 3559 5237 γὰρ
3589 5160 3750 5214 παθόνο

2228 5285 2355 5331 των,
2391 5266 2457 5336 ζῇ
2496 5265 2593 5334 μὲν
2630 5264 2691 5317 τὸ
2719 5262 2879 5328 ζῶον,
2925 5263 2985 5315 ού
3023 5260 3202 5323 καλῶς
3246 5260 3324 5313 δέ.
3369 5259 3533 5312 ’Δλλα
3569 5256 3617 5309 δὲ

2228 5356 2477 5427 διαδοχὴν
2504 5355 2613 5409 τῶν
2645 5354 3039 5425 ἐπιγινομένων
3072 5353 3200 5407 εἰσί.

2302 5448 2618 5511 Τελευταίος
2655 5440 2798 5519 μετὰ
2844 5445 2943 5516 τὴν
2977 5444 3155 5497 κτίσιν
3206 5444 3270 5497 ὲκ
3314 5442 3449 5494 Θεοῦ
3490 5431 3747 5508 παρήχθηό

2234 5537 2539 5610 ἄνθρωπος.
2571 5538 2682 5607 Ούχ
2722 5536 2798 5600 ὼς
2841 5535 3146 5604 ἀπόϐλητος
3192 5535 3248 5586 ὲν
3297 5531 3537 5602 ἐσχάτοις
3560 5524 3747 5592 ἀπορριο

2235 5627 2354 5699 φείς
2373 5645 2386 5658 ⁸
2427 5627 2540 5681 ἀλλ’
2588 5628 2733 5690 εῑκδς
2780 5622 2847 5697 ἦν
2891 5625 2980 5679 τὸν
3014 5625 3248 5695 ἄρχοντα
3283 5624 3389 5691 πρὸ
3423 5620 3526 5674 τῶν
3555 5610 3745 5686 ἀρχομέ-

633 5782 744 5867 (9§)
774 5783 861 5867 Et
896 5784 1056 5867 libro
1110 5786 1185 5842 De
1213 5788 1437 5845 homini;
1473 5791 1680 5860 ορερεξο
1730 5789 1956 5867 passim,
1996 5785 2089 5842 sed
2139 5773 2319 5838 omnia
2348 5773 2638 5831 commista
2673 5779 2725 5829 et
2769 5772 2889 5828 aliis
2930 5769 3116 5828 verbis
3166 5783 3440 5824 expressa.
3481 5762 3596 5819 Vide
3620 5772 3740 5825 ωριι

562 5856 652 5920 ἓυ.
688 5856 741 5921 8.
774 5855 861 5921 50,
895 5856 951 5921 2,
985 5857 1037 5923 '1,
1071 5868 1178 5921 etc.
