3874 6526
62 476 177 533 ιηεδ

62 606 146 645 νων
171 588 241 657 μὴ
276 577 645 649 ἀναφανῆναιο
682 568 816 642 μηδὲ
858 565 964 637 πρὸ
1006 562 1106 634 τὴν
1151 555 1474 613 πανδαισίαν
1518 551 1606 605 εῦρ

63 675 407 751 ιρεπισθῆναι,
442 661 832 731 εἰσοικισθῆναι
866 656 960 709 τὸν
992 650 1306 722 δαιτυμόνα.

118 729 418 838 ίΐιμιωτὲρα
444 759 503 812 δὲ
522 757 702 825 πάσης
732 729 1065 821 ιραινομένης
1082 744 1181 813 τῆς
1210 740 1438 799 κτίσεως
1462 735 1496 804 ἡ
1516 729 1609 784 τοῦ

62 823 320 931 ἀνθρωπου
343 823 523 921 ιρύσις.
563 846 628 898 Ἦ
660 823 773 914 μὲν
798 839 908 909 γὰρ
948 835 1123 895 κτίσις
1151 829 1257 884 ὑπὸ
1295 823 1430 878 Θεοῦ
1478 823 1613 875 ἀποο

64 908 367 1019 egissem.
392 908 527 1011 ὁμοῦ
566 934 646 1005 τῷ
676 908 1062 1005 προστάγματι
1096 919 1341 973 συστᾶσα
1362 931 1376 944 ·
1426 912 1518 965 ἐπὶ
1558 908 1615 962 δὲ

64 1007 145 1115 alii;
169 1041 257 1095 τοῦ
285 1007 573 1107 ἀ-νθρωπου
595 1024 960 1094 κατασκευῆς,
1001 1013 1246 1091 [βουλῆς]
1291 1007 1453 1081 βουλὴ
1484 1022 1617 1078 προ-

72 1097 82 1099 “
109 1097 142 1115 I'
394 1097 405 1107 ο

66 1139 272 1208 ηγεῖται,
304 1130 401 1183 καὶ
428 1126 606 1179 πάντα
633 1120 759 1191 περὶ
786 1113 950 1171 αὑτοῦ
974 1107 1453 1184 προδιασκοπεῖται
1474 1102 1503 1153 6
1532 1097 1619 1150 λό-

1091 1201 1113 1208 ’·
1171 1204 1185 1208 Α
1509 1190 1524 1208 \
1555 1207 1576 1208 κ
1591 1187 1615 1208 1.

180 1187 295 1277 εἷπε
330 1218 485 1290 γὰρό
511 1214 666 1277 Θεὸς.
696 1187 1049 1275 Ποιήσωμεν
1077 1201 1410 1269 ἄνθρωπον,
1438 1190 1533 1245 καὶ
1550 1187 1619 1240 τὰ

68 1279 174 1388 ἑξῆς
193 1315 257 1369 τὰ
444 1306 609 1362 αὑτοῦ
629 1323 643 1336 ο
672 1304 748 1367 ὼς
772 1300 878 1373 πρὸ
907 1298 1007 1366 τῆς
1046 1294 1311 1363 γενέσεως
1335 1286 1434 1355 τὴν
1467 1279 1620 1345 ἀξίαν

236 1376 446 1458 λαδείν.
495 1399 587 1452 Διὸ
634 1398 729 1450 καὶ
777 1393 907 1463 ῦλην
954 1391 1052 1459 τῆς
1098 1382 1263 1440 αὐτοῦ
1314 1376 1624 1437 συστάσεως

71 1497 418 1572 προητοίμασε
459 1491 553 1544 καὶ
591 1487 727 1559 πρὸς
755 1486 905 1539 ποῖον
945 1478 1253 1552 ἀρχέτυπον
1308 1471 1408 1542 τὴν
1439 1465 1623 1537 ὁμοιό-

213 1555 342 1649 ἒξει,
374 1555 704 1649 διενοήσατο.
737 1576 851 1646 Τὴν
888 1567 1235 1642 ἀνθρωπίνην
1265 1558 1357 1617 οὖν
1395 1558 1555 1629 φύσιν
1597 1555 1626 1608 6

75 1651 431 1749 ἀριπότεχνος
464 1672 616 1734 Θεὸς,
656 1664 767 1723 οἷόν
793 1685 846 1719 τι
874 1664 1103 1738 ὄργανον
1137 1659 1218 1719 είς
1259 1651 1576 1724 βασιλείας..
1608 1684 1623 1699 .

75 1742 377 1840 ἐπιτήδειον,
409 1762 830 1834 ἐδημιούργησε,
856 1758 969 1818 τοῖς
1005 1769 1066 1806 τε
1100 1749 1241 1804 κατὰ
1280 1742 1459 1815 ψυχὴν
1499 1754 1628 1810 προο

74 1865 343 1934 τερήμασι,
395 1859 490 1912 καὶ
536 1854 684 1925 αὑτῴ
711 1852 788 1923 τῷ
815 1848 910 1903 τοῦ
952 1845 1202 1915 σώματος
1249 1839 1506 1910 σχήματι.
1562 1831 1628 1883 ’Ιί

78 1926 308 2023 μὲν-’γὰρ
363 1948 512 2019 ψυχὴ
564 1947 626 1999 τὸ
680 1940 955 2015 βασιλικὸν
1002 1934 1290 1996 δείκνυσιν,
1340 1926 1631 1984 ἀδέσποτος

75 2042 206 2107 ὦσα,
257 2044 357 2095 καί⁵
398 2038 761 2105 αὑτεξοῦσιος,
812 2033 887 2095 ὡς
927 2028 1088 2084 εἰκὼν
1125 2022 1260 2079 Θεοῦ
1302 2014 1633 2075 κοινωνοῦσα

76 2137 139 2205 τῷ
160 2104 475 2205 ἀρχετύπῳ,
506 2104 627 2183 ἀντί
666 2121 958 2197 βασιλικῶν
1007 2116 1227 2189 ἀμφίων
1257 2113 1356 2183 τὴν
1381 2104 1631 2177 λαμπρό-

78 2199 205 2299 tqu-
227 2199 552 2296 gvSaEuhévq
580 2221 687 2274 τῶν
723 2213 952 2288 ἀρετῶν,
989 2208 1085 2267 καὶ
1112 2208 1210 2276 τῆς
1244 2199 1515 2268 ἰδιωτικῆς
1543 2212 1636 2248 τα-

80 2323 375 2390 πεινότητος
407 2315 481 2387 μὴ
517 2312 837 2384 μετέχουσα.

138 2498 245 2552 Μία
268 2496 329 2549 δὲ
356 2494 587 2561 δύναμις
607 2480 966 2555 ἀντιληπτικὴ
988 2477 1097 2533 τῶν
1119 2471 1457 2545 πραγμάτων
1480 2464 1641 2527 αὐτὸς

84 2587 187 2657 ότῷ
209 2585 305 2640 ἀνθ
314 2555 824 2655 ρώπῳνὲγκείμενος
845 2570 989 2634 νοῦς·
1020 2568 1049 2619 6
1079 2566 1145 2619 δι’
1175 2562 1408 2616 ἑκάστου
1426 2555 1537 2612 τῶν
1562 2555 1645 2607 αἰ-

88 2677 384 2749 σθητηρίων
414 2670 644 2736 διεξιὼν,
689 2667 783 2721 καὶ
820 2662 927 2716 τῶν
953 2660 1121 2713 όντων
1150 2648 1631 2722 ὲπιδρασσόμενος,

85 2770 176 2827 ςῖόν
200 2788 281 2834 τις
309 2764 605 2840 χαρακτὴρ
628 2761 725 2829 τῆς
743 2755 838 2811 τοῦ
864 2750 999 2808 Θεοῦ
1030 2751 1159 2823 μιᾶς
1181 2746 1388 2808 οὐσίας,
1408 2742 1517 2795 τῶν
1537 2755 1649 2792 ποι-

89 2865 231 2917 κῡων
277 2857 606 2929 ποιημάτων
658 2844 1027 2922 ἐνεργητικὸς.
1086 2833 1651 2907 Ἐπιστομιζέσθωσαν

90 2959 130 3009 οἱ
154 2925 689 3023 λέγοντες-ἀνόμοιον
717 2941 794 3013 τῷ
823 2938 999 3009 Πατρί
1026 2936 1118 2989 τὸν
1140 2932 1289 2993 Υίδν,
1324 2929 1358 2999 ἢ
1400 2926 1460 2980 τὸ
1498 2925 1652 2992 ἆγιον

94 3014 302 3117 Πνεῦμα
336 3014 481 3096 κατὰ
498 3014 599 3110 την
619 3034 803 3090 οὐσίαν
822 3050 837 3063 ο
858 3034 886 3086 6
912 3030 1040 3101 γὰρ,
1068 3023 1442 3091 Ποιήσωμεν,
1462 3014 1653 3077 εἰπὼν,

94 3139 174 3195 καὶ
198 3106 285 3190 δὶά
313 3136 417 3204 τῆς
447 3106 814 3201 πληθυπικῆς
846 3120 1097 3193 σημείας,
1137 3116 1235 3187 τὴν
1264 3112 1425 3189 ἁγίαν
1453 3106 1659 3180 Τριάδα

92 3229 348 3301 δηλώσης,
374 3188 481 3279 οὐκ
522 3188 587 3276 έν
617 3222 716 3297 τῆς
745 3188 951 3277 εἰκόνος
997 3206 1296 3283 μοναδικῶς
1324 3188 1661 3275 ἐμνημόνευ-

95 3286 194 3386 οεν,
425 3286 692 3385 ἀνομοίως
726 3304 838 3381 εἶχε
878 3303 1014 3378 πρὸς
1051 3300 1111 3355 τὸ
1153 3295 1495 3370 ἀρχέτυπον·
1534 3286 1661 3343 656-

95 3384 239 3465 γατον
286 3384 400 3477 γὰρ
442 3384 572 3475 μίαν
616 3400 799 3454 εἰκόνα
840 3394 1115 3465 διαφόροις
1160 3384 1488 3458 ὁμοιωθῆναι
1533 3395 1666 3451 μορ-

96 3506 244 3573 φαίς·
300 3473 516 3568 εἰνγαρ
567 3494 810 3563 διάφοροι
856 3484 996 3560 ἦσαν
1034 3484 1090 3538 αἰ
1133 3481 1342 3552 φύσεις,
1378 3473 1668 3547 διαφόρους

98 3594 181 3646 καὶ
207 3592 311 3654 τὰς
335 3589 550 3648 εἰκόνας
579 3582 963 3652 ἀνεστήσαντο.

161 3650 375 3759 Γυμνδς
418 3679 477 3733 δὲ
515 3676 620 3731 τῶν
651 3678 715 3729 ὲδκ
739 3650 839 3744 τῆς
880 3668 1093 3739 φύσεως
1125 3650 1303 3717 ὅπλων
1332 3658 1428 3712 καὶ
1459 3669 1669 3726 προκα-

101 3746 394 3844 λυμμόιτων
437 3772 466 3831 ό
514 3765 820 3837 ἄνθρωπος,
863 3760 925 3814 οὐ
969 3757 1162 3829 κέρασι
1201 3746 1669 3818 καθωπλισμένος,

101 3835 439 3934 οὑκ-ὀνύχων
476 3835 701 3929 ἀκμαίς,
732 3854 831 3908 οὐκ
862 3848 1096 3913 ὀδοῦσιν,
1123 3847 1159 3923 ἦ
1198 3844 1405 3914 κέντρῳ
1443 3838 1605 3902 ἰώδει,
1637 3835 1671 3907 ἢ

101 3957 297 4031 τριχῶν
330 3928 632 4024 ᾖπεριόολῇ,
679 3948 712 4018 ἢ
757 3942 1055 4016 πτερωτὸς,
1106 3940 1167 3993 οὐ
1212 3936 1511 4007 ταχύπους,
1552 3928 1672 3987 οὐδὲ

104 4021 462 4118 πολῦσαρκοςσ
494 4043 590 4097 καὶ
612 4041 783 4095 ταῦτα
807 4037 1013 4108 μέλλων
1034 4034 1242 4104 ἄρχειν,
1264 4026 1483 4089 οἰκείοις
1516 4021 1675 4076 αὑτὸν

104 4140 282 4202 ὅπλοις
313 4112 656 4206 -πεφράχθαι
709 4129 909 4200 ἐχρῆνο
969 4123 1106 4178 ἀλλὰ
1158 4119 1413 4180 εἰκότως’
1471 4115 1520 4167 εἰ
1568 4112 1676 4182 γὰρ

105 4231 271 4293 οὕτως
318 4204 746 4299 εἶχεξθηριώδης
774 4236 857 4283 τις
884 4217 951 4273 ἂν
982 4212 1048 4288 ἦν
1079 4212 1171 4268 καὶ
1208 4209 1553 4279 δυσάντητος,
1585 4204 1679 4259 καὶ

105 4324 199 4393 την
226 4296 591 4375 κατὰηᾶλλων
645 4311 894 4383 παρεῖδεν
951 4305 1158 4378 ἀρχὴν,
1205 4302 1306 4373 τῆς
1365 4296 1681 4369 συνεργείας

109 4386 333 4468 ἐκείνων
378 4410 453 4481 μὴ
480 4406 753 4476 δεόμενος.
782 4401 898 4455 Νῦν
925 4400 981 4453 δὲ
1020 4398 1082 4451 τὸ
1108 4394 1298 4449 δοκοῦν
1340 4388 1552 4451 ὲπιδεὲς
1582 4386 1681 4457 τῆς

110 4506 345 4584 φύσεως,
380 4478 617 4570 ’ἀφορμὴ
664 4494 800 4566 πρὸς
842 4491 905 4544 τὸ
946 4490 1167 4561 κρατεῖν
1203 4483 1311 4539 τῶν
1355 4478 1681 4551 ὑποχειρίων

111 4571 249 4649 ίστί.
278 4591 379 4646 Διὰ
397 4589 553 4647 τοῦτο
574 4587 701 4657 παρ’
723 4581 886 4637 αὑτοῦ
915 4582 943 4633 ὁ
966 4579 1090 4657 βοῦς
1114 4578 1218 4632 ὑπὸ
1245 4575 1408 4645 ζυγὸν
1432 4571 1681 4651 εἰσήχθη,

111 4690 140 4741 6
168 4686 335 4747 ἵππος
364 4644 739 4754 ὲπεδαμάσθη,
770 4677 808 4753 ἠ
836 4644 1123 4731 ἐπιστασία
1153 4669 1259 4722 τῶν
1285 4666 1569 4741 προϐάτων
1600 4663 1690 4723 διὰ

112 4779 209 4841 τὰς
252 4776 313 4840 ἐξ
338 4772 515 4828 αὐτῶν
562 4765 946 4847 προσαγωγὰς,
989 4763 1059 4817 τὰ
1104 4760 1380 4835 ἀχθοφόρα
1412 4757 1526 4826 ζῶα
1558 4754 1692 4809 ὑπέ-

118 4868 356 4933 ζευκται.
419 4862 477 4915 '0
520 4844 665 4913 κύων
702 4856 793 4910 διὰ
840 4854 938 4924 τῆς
974 4850 1083 4905 τῶν
1121 4849 1347 4903 ὀδόντων
1384 4846 1574 4916 λαϐῆς,
1630 4844 1691 4897 τὸ

118 4949 584 5024 καταγωνίζεσθαί
631 4965 747 5001 τινα
792 4945 1030 5016 παρέσχε
1064 4941 1171 4995 τῶν
1205 4940 1389 5005 ζώων·
1444 4940 1690 5008 κεράτων

119 5048 211 5099 καί
263 5042 470 5112 ὀνύχων
539 5036 881 5109 ἰσχυρότερος
936 5033 1276 5102 ἐπινενόηται
1345 5029 1374 5080 6
1450 5027 1687 5099 σίδηρος.

130 5131 494 5215 ’Υπηρετοῦσι
524 5129 581 5182 δὲ
615 5128 709 5181 καὶ
740 5126 807 5179 τὰ
829 5126 1008 5196 ὄρνεα,
1048 5123 1142 5177 καὶ
1173 5123 1234 5183 τὸ
1267 5120 1451 5180 πτίλον
1479 5119 1688 5172 αὐτῶν·

122 5226 212 5278 καί
242 5230 307 5278 ἐκ
324 5222 607 5293 δερμάτων
636 5218 745 5272 τῶν
776 5216 929 5282 ζώων
960 5216 1022 5268 τὸ
1063 5213 1348 5285 εὖτριπτον
1381 5211 1487 5266 τῶν
1522 5208 1696 5263 ποδῶν

124 5318 277 5387 ἡμῶν
303 5311 618 5385 διετηρήθη.

195 5597 269 5649 Τὸ
304 5595 365 5648 δὲ
406 5593 585 5665 ὄρθιον
612 5592 795 5662 σχῆμα
822 5589 917 5643 τοῦ
959 5586 1267 5659 ἀνθρώπου,
1306 5583 1399 5637 καὶ
1438 5585 1494 5637 αἱ
1524 5584 1702 5653 χεῖρες

131 5687 221 5756 τῆς
247 5686 406 5751 ἀξίας
435 5682 738 5736 δεικνύουσι
767 5680 863 5751 τὴν
891 5677 1170 5748 διαφορὰν,
1200 5674 1307 5728 τῶν
1335 5674 1507 5727 ἄλλων
1548 5671 1701 5736 ζώων

133 5772 585 5833 ἐποκυπτόντων,
654 5769 820 5830 πόδας
880 5766 1110 5837 ἐχόντων
1178 5762 1316 5816 κατὰ
1387 5759 1690 5832 ἔμπροσθεν

207 5959 252 5999 δ’
298 5958 435 6019 Gen.
485 5973 522 6021 ι,
554 5958 652 6021 26,

1400 428 1744 491 DlALOC-US
1814 425 1901 481 ιη.

1705 543 1924 617 prodire
1943 578 1958 602 ,
1996 547 2173 602 neque
2197 538 2488 597 antequam
2517 514 2831 590 omnigenis
2856 511 3121 569 refertum
3149 517 3282 572 epu-

1709 637 1778 692 lis
1801 629 2110 687 convivium
2140 626 2514 693 appararetur,
2539 609 2815 668 introduci
2840 602 3277 661 eonvivatorem.

3139 385 3279 443 £086

1781 720 2075 780 Pretiosior
2115 725 2296 770 autem
2333 717 2418 765 est
2448 707 2686 761 humana
2717 709 2914 755 natura
2944 690 3093 748 omni
3125 700 3283 743 crea—

1713 828 1833 872 tura
1855 828 1976 885 quae
1996 808 2176 865 oculis
2198 801 2465 867 cernitur.
2486 795 2621 851 Nam
2645 800 2839 848 caetera
2863 784 3080 857 quidem
3103 786 3285 835 creata

1715 925 1744 963 τι
1777 908 1884 961 Deo
1911 902 2066 975 quasi
2088 916 2155 955 ex
2186 906 2430 964 tempore
2454 888 2595 943 facta
2620 893 2782 946 sunt,
2806 877 2969 935 simul
2988 888 3114 929 cum
3138 883 3289 924 man—

1716 1002 1843 1057 dato
1871 996 2111 1065 exhibita
2139 1010 2156 1045 :
2186 990 2240 1044 in
2273 960 2518 1041 hominis
2547 986 2728 1033 autem
2760 980 3033 1028 structura
3063 960 3287 1018 consul-

1719 1092 1852 1149 tatio
1890 1084 2174 1160 praecedit,
2224 1076 2519 1143 omniaque
2564 1069 2633 1123 de
2677 1080 2743 1120 eo
2790 1060 2942 1132 prius
2983 1052 3293 1111 considerat

1720 1184 1896 1240 ratio:
1935 1177 2069 1234 dixit
2093 1172 2241 1228 enim
2273 1168 2451 1223 Deus:
2484 1160 2775 1215 Faciamus
2808 1151 3068 1206 hominem
3103 1159 3310 1199 secum.

1721 1276 1845 1327 dum
1865 1268 2147 1338 imaginem
2175 1263 2242 1326 ⁸⁸,
2270 1267 2324 1314 et
2349 1270 2471 1325 quae
2493 1253 2560 1305 de
2584 1266 2648 1304 eo
2670 1251 2976 1315 sequuntur
2999 1256 3014 1305 ;
3044 1245 3106 1292 ut
3132 1234 3295 1290 etiam

1721 1373 1848 1420 ante
1874 1369 2054 1416 ortum
2087 1367 2247 1411 suum
2278 1350 2443 1403 homo
2468 1340 2787 1411 dignitatem
2820 1348 2976 1390 suam
3006 1326 3294 1384 obtineret.

1726 1456 1846 1510 Ideo
1879 1460 1934 1507 et
1970 1446 2254 1505 materiem
2292 1440 2360 1495 de
2393 1450 2500 1506 qua
2539 1431 2895 1490 conderetur,
2951 1416 3298 1492 praeparavit.

1724 1560 1779 1601 et
1815 1545 1882 1599 ad
1920 1540 2083 1612 quale
2119 1532 2396 1602 exemplar
2435 1522 2855 1584 similitudinem
2887 1514 3179 1569 habiturus
3208 1523 3300 1563 es-

1727 1646 1844 1701 set,
1876 1628 2178 1704 perpendit.
2214 1600 2521 1678 Humanam
2555 1614 2725 1685 igitur
2757 1619 3011 1663 naturam
3058 1600 3303 1671 optimus

1730 1725 1927 1783 artifex
1962 1722 2105 1776 Deus
2132 1717 2282 1773 velut
2313 1723 2580 1783 organum
2626 1702 2695 1758 ad
2740 1698 2893 1769 regni
2943 1692 3302 1751 administra-

1733 1820 1936 1874 tionem
1970 1814 2224 1867 idoneum
2254 1781 2571 1865 fabricavit,
2605 1804 2661 1853 et
2694 1793 2891 1850 anima:
2928 1781 3223 1857 privilegiis
3251 1787 3307 1832 et

1735 1911 1910 1967 forma
1950 1903 2197 1973 corporis
2233 1895 2484 1953 dotiavil.
2523 1887 2806 1959 Siquidem
2848 1881 3032 1937 anima
3067 1871 3305 1944 regalem

1736 1967 2077 2071 maiestatem
2111 1989 2379 2051 ostendit,
2417 1981 2622 2038 nullius
2658 1974 2901 2031 dominio
2934 1967 3178 2036 subjecta
3201 2000 3217 2027 ,
3255 1971 3310 2014 et

1736 2092 1971 2167 prOpria:
1990 2082 2309 2159 potestatis,
2336 2087 2599 2146 tanquam
2628 2072 2808 2139 imago
2841 2063 2966 2128 Dei,
2996 2053 3309 2114 communia

1736 2146 1861 2243 Em};
1891 2146 2185 2251 archetypo
2210 2172 2458 2244 quaedam
2492 2166 2730 2227 habens,
2758 2173 2857 2229 pro
2888 2151 3164 2224 regalibus
3193 2146 3314 2216 pal-

1736 2280 1827 2334 liis
1860 2274 2053 2331 induta
2081 2236 2378 2339 splendore
2408 2261 2679 2315 virtutum
2698 2294 2713 2319 ,
2747 2260 2802 2307 et
2830 2262 2955 2305 cum
2988 2242 3200 2314 plebeia
3226 2236 3313 2292 vi-

1740 2373 1893 2427 litate
1929 2364 2065 2421 nihil
2097 2358 2453 2432 participans.

1813 2461 1984 2516 Porro
2020 2469 2126 2511 una
2157 2446 2461 2522 perceptrix
2499 2454 2688 2498 rerum
2721 2433 2961 2489 facultas
2996 2421 3204 2480 homini
3237 2426 3322 2474 est

1745 2554 1911 2610 insita
1937 2589 1953 2614 ,
1988 2544 2250 2602 nimirum
2286 2552 2443 2593 mens
2466 2574 2482 2601 ,
2511 2546 2634 2603 quae
2665 2544 2761 2599 per
2791 2520 3035 2593 singulas
3062 2525 3323 2572 sensuum

1747 2647 1904 2703 sedes
1950 2642 2268 2697 discurrens
2315 2639 2370 2686 ct
2410 2642 2497 2682 res
2535 2636 2727 2679 omnes
2766 2610 3219 2688 apprehendens,
3261 2618 3326 2657 ac

1750 2738 1899 2793 velut
1950 2726 2263 2798 exemplum
2305 2728 2359 2776 et
2402 2718 2584 2783 imago
2620 2710 2798 2766 unica
2834 2700 3153 2760 substantia:
3188 2694 3330 2750 divi-

1757 2846 1839 2885 na:
1857 2866 1871 2892 ,
1894 2824 2173 2879 variarum
2201 2814 2580 2887 operationum
2604 2802 2845 2860 effectrix
2873 2806 2977 2853 est.
3005 2794 3215 2849 Sileant
3232 2786 3329 2857 qui

1755 2922 1956 2977 dicunt
1987 2885 2308 2982 inmqualem
2341 2903 2490 2958 Patri
2525 2898 2723 2953 Filium
2745 2934 2761 2958 ,
2790 2890 2876 2946 vel
2910 2885 3174 2957 Spiritum
3202 2895 3333 2936 san-

1757 3023 1905 3070 ctum
1942 3003 2246 3064 secundum
2274 2991 2639 3054 substantiam
2668 3005 2684 3042 :
2718 2999 2841 3039 nam
2882 2979 2976 3051 qui
3007 2975 3184 3037 dixit,
3217 2969 3329 3024 Fa—

1760 3108 1987 3166 ciamus,
2006 3098 2170 3166 idque
2198 3089 2395 3161 plurali
2423 3080 2850 3155 significatione,
2878 3078 3124 3128 sanctam
3145 3062 3334 3118 Trini-

1761 3204 1929 3252 tatem
1956 3151 2244 3245 manifeste
2269 3151 2505 3237 ostendit
2529 3192 2545 3241 ;
2574 3183 2749 3240 neque
2779 3162 3034 3234 imaginis
3061 3151 3335 3226 singulari

1767 3297 1997 3342 numero
2038 3275 2368 3332 mentionem
2402 3266 2651 3327 fecisset,
2682 3259 2729 3314 si
2760 3256 2827 3311 ad
2856 3252 3210 3321 archetypum
3257 3244 3341 3296 in-

1766 3375 1993 3451 aequalis
2016 3370 2250 3426 fuisset:
2283 3360 2474 3433 nequit
2502 3356 2648 3413 enim
2674 3349 2792 3407 ﬁeri
2824 3358 2882 3400 ut
2910 3346 3091 3413 imago
3120 3353 3228 3393 una
3254 3335 3341 3390 di-

1766 3471 1941 3529 versis
1979 3461 2173 3521 formis
2202 3454 2572 3526 respondeat;
2610 3462 2735 3502 nam
2771 3443 2819 3523 si
2847 3441 3078 3495 diversae
3110 3432 3346 3487 fuissent

1768 3572 2001 3626 natura},
2023 3555 2275 3611 diversas,
2289 3547 2455 3602 etiam
2482 3539 2747 3609 imagines
2770 3520 3164 3589 condidissent.

1838 3652 2032 3709 Nudus
2070 3654 2253 3701 autem
2275 3682 2291 3708 ,
2324 3646 2380 3694 et
2412 3651 2443 3691 a
2478 3642 2685 3689 natura:
2720 3623 2891 3682 armis
2926 3635 2990 3676 ac
3028 3612 3353 3673 munitioni-

1772 3748 1876 3805 bus
1914 3740 2207 3797 destitutus
2245 3740 2329 3788 est
2366 3730 2565 3792 homo,
2612 3737 2725 3781 non
2759 3714 3023 3773 cornibus
3061 3717 3311 3764 armatus
3334 3744 3351 3768 ,

1777 3855 1886 3895 uon
1927 3832 2191 3904 unguium
2227 3824 2345 3883 acie
2369 3863 2385 3889 ,
2420 3836 2529 3876 non
2561 3814 2818 3875 dentibus
2846 3818 2941 3863 aut
2976 3805 3163 3862 aculeo
3195 3816 3355 3857 vene-

1777 3941 1908 3988 nato
1931 3967 1946 3992 ,
1982 3923 2134 3983 nullo
2173 3919 2409 3990 pilorum
2442 3910 2815 3983 operimento,
2848 3918 2956 3961 non
2993 3897 3170 3953 alatus
3194 3933 3211 3960 ,
3244 3906 3353 3946 non

1777 4021 2004 4092 pedibus
2047 4014 2213 4075 celer,
2254 4019 2432 4078 neque
2462 3980 2770 4056 carnosus:
2807 4000 2864 4048 at
2895 4004 3028 4045 vero
3066 3987 3219 4039 illum
3252 3980 3349 4050 qui

1779 4116 2149 4183 imperaturus
2201 4077 2360 4163 erat,
2405 4091 2648 4167 propriis
2687 4089 2857 4143 armis
2906 4077 3194 4152 oportebat
3236 4086 3360 4128 esse

2588 4182 2597 4183 ί
2810 4176 2843 4183 ’⁵
3086 4169 3097 4183 ³
3157 4167 3242 4183 ιλ.
3300 4161 3355 4183 οε

1780 4208 2108 4262 instructum
2135 4212 2154 4263 ;
2182 4204 2372 4247 verum
2408 4200 2519 4246 non
2553 4182 2652 4237 abs
2682 4194 2742 4235 re
2775 4176 2935 4233 aliter
2966 4186 3055 4233 res
3086 4167 3267 4223 habet.
3300 4161 3360 4216 Si

1780 4300 1926 4357 enim
1960 4293 2040 4349 sic
2072 4288 2419 4355 comparatus
2460 4276 2636 4337 foret,
2677 4270 2888 4328 ferinus
2925 4261 3126 4334 aliquis
3163 4266 3218 4313 et
3256 4270 3356 4308 oc-

1782 4402 1950 4447 cursu
1982 4377 2241 4438 terribilis
2273 4377 2456 4434 esset,
2493 4367 2842 4432 aliorumque
2868 4355 3167 4427 negligeret
3193 4349 3359 4417 impe-

1782 4482 1931 4539 rium
1952 4517 1968 4542 ,
2002 4473 2220 4527 illorum
2251 4462 2519 4534 adiutrice
2554 4468 2716 4526 opera
2756 4465 2864 4505 non
2896 4446 3167 4515 indigens.
3209 4437 3365 4492 Nunc

1796 4580 1977 4628 autem
2015 4565 2066 4619 id
2099 4558 2244 4632 quod
2280 4555 2495 4610 videtur
2533 4549 2723 4603 deesse
2757 4551 3001 4601 naturae,
3040 4531 3258 4590 occasio
3285 4537 3370 4583 est

1797 4621 2285 4727 advcapessendum
2311 4647 2369 4699 in
2388 4639 2636 4710 subjecta
2664 4632 2977 4704 imperium.
3008 4624 3132 4681 ldeo
3159 4623 3227 4676 ab
3254 4621 3372 4688 ipso

1797 4755 1897 4809 bos
1930 4752 2058 4817 iugo
2090 4742 2351 4799 subactus
2371 4744 2482 4797 est,
2508 4743 2683 4799 equus
2714 4722 2990 4785 domitus,
3023 4715 3210 4769 ovium
3243 4724 3373 4764 cura

1798 4842 1979 4899 habita
1993 4805 2228 4910 “propter
2261 4833 2555 4899 proventus
2588 4816 2683 4889 qui
2713 4830 2778 4870 ex
2810 4811 2944 4882 ipsis
2977 4805 3374 4879 percipiuntur,

1798 4931 2054 4991 animalia
2084 4922 2320 4993 denique
2360 4911 2671 4984 hajulandis
2707 4903 2973 4961 oneribus
3013 4898 3209 4952 idonea
3244 4892 3377 4963 jugo

1798 5029 2019 5084 subacta
2049 5027 2195 5075 sunt.
2233 5011 2399 5068 Canis
2439 5007 2505 5061 ad
2547 5001 2798 5075 quaedam
2840 4991 3104 5050 animalia
3135 4985 3378 5041 dentium

1801 5109 2235 5195 apprehensione
2282 5098 2577 5156 obtinenda
2625 5093 2787 5147 datus
2829 5093 2955 5141 est:
3024 5078 3283 5136 cornibus
3326 5084 3381 5128 et

2423 5189 2433 5195 ·
2458 5187 2471 5195 ·
2497 5187 2509 5195 ·
2813 5180 2846 5195 ·-
2894 5187 3003 5195 -ρ--μ
3044 5179 3119 5195 ιρι
3155 5169 3354 5195 ιιι-.-.ηπ

1806 5169 2077 5280 unguibus
2106 5195 2305 5253 fortius
2342 5187 2603 5260 quiddam
2634 5180 3007 5249 exc0gitatum
3039 5179 3124 5227 est
3153 5169 3379 5224 ferrum.

1808 5258 1949 5280 nr
2361 5258 2375 5260 _

1804 5294 2113 5354 lnserviunt
2139 5290 2268 5343 item
2300 5296 2429 5337 aves
2457 5288 2512 5333 et
2543 5288 2734 5346 penna:
2766 5272 3011 5347 ipsarum
3041 5280 3058 5331 ;
3091 5270 3148 5318 et
3178 5276 3245 5313 ex
3274 5258 3384 5313 ani-

1807 5389 2031 5446 malium
2068 5379 2299 5453 pellibus
2338 5379 2570 5428 consuto
2604 5366 2789 5421 calceo
2823 5360 3021 5432 pedum
3055 5361 3377 5410 nostrorum

1810 5476 2083 5537 teneritati
2115 5467 2443 5528 consulitur.

1880 5573 2046 5627 Recta
2086 5567 2249 5622 etiam
2286 5555 2524 5615 hominis
2554 5552 2755 5616 facies,
2786 5557 2841 5605 ct
2870 5558 3070 5601 manus
3096 5532 3382 5609 dignitatis

1811 5661 2184 5739 praestantiam
2251 5649 2549 5709 ostendunt
2610 5662 2723 5717 prae
2782 5640 2991 5699 czetcris
3055 5628 3389 5690 animalibus

2767 5735 2778 5739 _
2890 5733 2902 5739 _
2963 5731 2974 5739 ,
3080 5737 3085 5739 _
3160 5724 3191 5739 _,
3276 5719 3389 5739 γι,

1800 5763 2053 5823 deorsum
2087 5742 2463 5825 spectantibus
2486 5782 2499 5807 ,
2530 5754 2650 5811 quae
2682 5735 2846 5809 pedes
2890 5731 3091 5791 habent
3124 5752 3137 5779 ι
3158 5724 3288 5785 tiam
3319 5719 3395 5784 ad
