3874 6562
614 434 753 491 1087

610 557 885 609 anteriora
915 553 1156 610 membra
1176 594 1191 621 ,
1223 564 1508 627 propterea
1536 554 1680 624 quod
1714 555 1889 609 fulcro
1917 554 2007 607 illa
2040 553 2182 607 indi-

610 650 817 709 gerent.
853 642 1227 711 Cooperantur
1265 651 1445 696 autem
1490 654 1682 698 manus
1722 641 1789 695 ad
1828 654 2043 695 omnem
2087 654 2181 693 ne-

612 730 923 783 Cessitatem
962 739 1071 784 tam
1104 730 1247 785 bello
1280 746 1441 800 quam
1472 740 1607 800 pace
1628 771 1643 795 ,
1670 740 1725 785 et
1754 730 1809 784 in
1840 745 1942 783 usu
1973 740 2182 784 sermo-

613 815 699 867 t-is
726 826 780 869 et
811 816 863 868 in
897 816 1201 871 scribendis
1236 817 1453 872 litteris.
1488 817 1826 886 A-daptamus
1846 817 1993 871 enim
2017 830 2181 871 voces

612 906 775 960 etiam
809 922 906 977 per
932 908 1172 977 ipsarum
1208 908 1436 980 ﬁguram
1462 949 1478 973 ,
1516 909 1591 963 ita
1621 916 1683 961 ut
1710 908 1992 978 proprium
2022 907 2181 978 quid-

614 998 739 1053 dam
770 1001 1051 1055 rationalis
1088 1010 1297 1055 natura:
1334 1015 1531 1054 manus
1565 1000 1695 1053 sint.
1731 997 1886 1065 Quod
1927 998 1976 1054 si
2012 998 2181 1052 mani-

615 1091 717 1145 bus
744 1091 912 1145 homo
935 1101 1176 1157 careret,
1207 1093 1277 1146 ad
1299 1091 1708 1146 similitudinem
1736 1089 2146 1160 quadrupedum
2164 1128 2181 1153 ,

616 1184 683 1238 ad
719 1183 771 1237 id
810 1183 996 1253 utique
1026 1192 1341 1254 cumparata
1398 1183 1565 1239 iacies
1612 1193 1760 1239 esset
1806 1190 2027 1252 propter
2074 1182 2181 1237 cibi

615 1274 1032 1338 necessitatem,
1085 1283 1146 1329 ut
1197 1275 1263 1329 ad
1315 1276 1497 1331 cibum
1550 1275 1956 1340 extenderetur,
2017 1273 2180 1330 simul

615 1364 785 1418 exiles
810 1363 986 1419 forent
1016 1380 1212 1429 nares;
1241 1366 1382 1421 unde
1404 1367 1711 1422 necessario
1734 1375 2178 1438 consequeretur,

614 1464 677 1509 ut
708 1457 1044 1527 peregrinam
1073 1473 1290 1528 quoque
1322 1473 1508 1513 vocem
1541 1459 1782 1514 haberet.

688 1544 1017 1617 Organicum
1048 1557 1228 1603 autem
1260 1548 1326 1603 ad
1360 1550 1595 1606 rationis
1622 1565 1785 1606 usum
1817 1559 2065 1619 paratum
2100 1557 2184 1605 est

618 1654 838 1710 corpus.
880 1640 1333 1711 Quandoquidem
1366 1642 1511 1696 enim
1558 1642 1888 1697 intellectiiis
1929 1642 2179 1712 quaedam

616 1739 671 1783 et
695 1731 1017 1799 incorporea
1053 1747 1139 1787 res
1168 1748 1323 1787 mens
1374 1741 1494 1799 est,
1531 1733 1621 1787 tali
1657 1748 1795 1802 opus
1844 1733 2035 1788 habuit
2065 1733 2183 1802 opi-

618 1820 741 1875 iivio
762 1859 776 1883 .
814 1830 874 1874 ut
905 1836 998 1890 per
1029 1822 1267 1892 aliquam
1297 1823 1642 1879 artiﬁciosam
1677 1824 1945 1878 rationem
1978 1834 2186 1878 motum

614 1914 781 1961 suum
816 1909 1225 1977 manilestaret,
1278 1912 1452 1967 instar
1504 1913 1693 1983 plectri
1743 1914 1960 1968 vocales
2005 1922 2187 1983 partes

616 2006 867 2069 tangens.
901 1998 1107 2069 Duplex
1140 2014 1321 2056 autem
1363 2012 1447 2058 est
1483 2004 1647 2073 hujus
1687 2004 1878 2075 organi
1925 2003 2185 2068 euectus,

616 2089 757 2143 alius
784 2090 1002 2159 quidem
1036 2092 1155 2146 soni
1180 2133 1194 2158 ,
1228 2094 1369 2149 alius
1402 2110 1530 2151 vero
1559 2095 1800 2149 auditus.
1843 2094 1908 2150 Et
1938 2095 2027 2149 ille
2056 2096 2185 2165 quin

617 2180 739 2235 dem
777 2196 989 2252 semper
1018 2184 1224 2253 aliquid
1257 2186 1490 2251 emittit,
1519 2186 1743 2241 auditus
1776 2194 1958 2241 autem
1987 2202 2181 2256 perpe-

616 2278 714 2325 tuo
743 2274 951 2342 recipit.
993 2273 1197 2344 Estque
1222 2275 1445 2345 dignum
1479 2276 1837 2331 admiratione
1858 2310 1881 2340 ,›
1909 2278 2183 2347 quomodo

616 2361 869 2417 confusio
894 2364 1040 2418 nulla
1066 2366 1157 2419 ﬁat
1181 2381 1275 2434 per
1295 2381 1392 2421 eos
1418 2367 1510 2436 qui
1536 2382 1635 2437 per
1659 2367 1836 2437 ipsum
1863 2368 2184 2439 ingeruntur

616 2468 898 2510 sermones
933 2464 987 2510 et
1023 2457 1399 2529 cogitationes.
1440 2460 1497 2514 Id
1532 2461 1678 2530 quod
1708 2463 1873 2515 etiam
1906 2462 1961 2515 in
1990 2463 2182 2519 oculo-

614 2560 736 2599 rum
776 2546 1094 2605 ellicacitate
1141 2551 1318 2607 locum
1369 2553 1552 2609 habet.
1594 2551 1733 2608 Nam
1768 2568 1866 2624 per
1898 2554 1997 2609 hos
2029 2571 2183 2611 mens

613 2653 678 2692 ea
707 2654 826 2708 qua:
852 2652 980 2695 sunt
1008 2650 1160 2697 extra
1188 2659 1390 2714 corpus
1415 2646 1772 2715 apprehendit
1798 2665 1813 2702 :
1844 2649 2188 2719 unumquod-

615 2729 746 2784 libet
793 2740 973 2787 autem
1024 2749 1213 2790 eorum
1264 2752 1385 2805 quae
1434 2739 1581 2794 intro
1620 2740 1983 2809 recipiuntur,
2027 2758 2183 2799 mens

611 2824 965 2887 examinans,
1008 2828 1462 2886 convenientibus
1500 2831 1830 2901 cognitionis
1858 2833 1997 2889 locis
2026 2849 2185 2905 repo-

614 2914 725 2978 nit,
763 2917 1055 2987 aliquoties
1090 2934 1156 2973 ex
1190 2917 1424 2977 diversis
1459 2936 1721 2979 sensuum
1763 2926 1987 2982 sedibus
2019 2942 2183 2981 unam

614 3007 979 3075 cognitionem
1023 3011 1312 3075 excitans,
1365 3024 1669 3085 rursusque
1714 3030 1783 3071 ex
1832 3032 1943 3073 uuo
2000 3018 2186 3089 aliquo

615 3112 779 3153 sensu
812 3100 959 3154 varia
992 3102 1296 3172 percipiens
1325 3122 1339 3171 ;
1368 3120 1494 3158 nam
1527 3105 1575 3161 si
1607 3108 1734 3176 quis
1774 3108 2050 3165 audiverit
2086 3125 2185 3165 no-

614 3204 739 3243 men
766 3192 940 3247 mellis
959 3231 975 3257 ,
1001 3192 1164 3262 idque
1190 3195 1423 3260 viderit,
1448 3197 1805 3269 olfeceritque
1866 3209 1923 3256 et
1947 3202 2186 3272 tetigerit

615 3290 779 3350 atque
802 3284 1129 3351 gustaverit,
1152 3300 1266 3339 rem
1294 3299 1459 3340 unam
1485 3302 1583 3358 per
1608 3290 1895 3347 universas
1921 3307 2182 3349 sensuum

617 3372 901 3430 facultates
931 3376 1203 3445 cognovit.
1241 3374 1437 3432 Varias
1474 3394 1603 3435 vero
1633 3392 1801 3438 voces
1830 3398 1927 3454 per
1959 3386 2181 3441 unicum

622 3464 865 3518 auditum
900 3468 1164 3535 percipit,
1198 3475 1254 3521 et
1288 3483 1384 3537 per
1412 3469 1587 3524 visum
1622 3471 1821 3529 diversi
1852 3476 2069 3544 generis
2098 3491 2184 3531 res

616 3555 963 3622 considerat,
991 3558 1243 3615 videlicet
1273 3561 1459 3616 album
1488 3570 1543 3616 et
1569 3563 1820 3631 nigrum,
1856 3572 1917 3620 et
1943 3564 2178 3623 fuscum.

684 3685 843 3741 Aliud
874 3702 1001 3742 vero
1041 3688 1297 3758 quiddam
1327 3705 1489 3758 quam
1523 3700 1720 3747 sensus
1767 3710 1920 3749 mens
1954 3705 2078 3751 est:
2135 3697 2183 3753 si

618 3778 761 3831 enim
795 3777 934 3832 idem
970 3787 1134 3843 esset,
1172 3795 1296 3834 cum
1336 3792 1446 3835 uno
1475 3781 1659 3852 aliquo
1690 3785 1930 3854 ipsorum
1959 3786 2184 3842 haberet

618 3868 1015 3938 cognationem,
1057 3886 1182 3925 cum
1217 3872 1445 3942 simplex
1473 3873 1578 3939 sit;
1610 3891 1755 3931 nunc
1779 3886 1958 3932 autem
1999 3878 2053 3933 in
2088 3895 2181 3934 va-

616 3958 728 4012 rios
765 3974 959 4015 sensus
994 3976 1181 4031 sparsa
1214 3970 1318 4027 est,
1352 3973 1403 4018 et
1432 3980 1528 4034 per
1554 3981 1724 4021 unum
1752 3966 2049 4038 quemlibet
2078 3971 2184 4026 elli-

616 4049 815 4102 cacitcr
848 4049 977 4119 agit,
1021 4051 1073 4106 in
1100 4052 1305 4107 unitate
1338 4054 1552 4109 varium
1588 4056 1848 4126 quiddam
1888 4061 2179 4127 exsistens,

614 4149 669 4193 et
705 4140 760 4194 in
790 4143 1051 4199 varietate
1074 4160 1267 4199 unum.
1302 4144 1428 4201 Ideo
1458 4149 1821 4219 cognitionem
1854 4151 2041 4223 eﬂugit
2062 4154 2181 4223 ejus

616 4240 831 4297 natura,
869 4242 924 4289 et
968 4249 1029 4289 ea
1067 4236 1183 4306 ipsa
1224 4253 1282 4291 rc
1307 4239 1451 4307 quod
1498 4242 1755 4313 cognosci
1802 4254 2053 4313 nequeat,
2098 4244 2183 4301 in-

614 4325 1157 4389 comprehensibilem
1192 4328 1340 4383 illam
1374 4340 1623 4386 naturam
1656 4333 1776 4402 ejus
1807 4344 2178 4404 repraesentat,

615 4413 709 4484 qui
736 4430 853 4467 eam
888 4417 1184 4470 secundum
1216 4417 1506 4486 imaginem
1544 4422 1818 4490 prepriam
1854 4419 2001 4476 fecit.

687 4503 752 4559 Et
780 4507 1217 4576 quandoquidem
1255 4508 1402 4562 velut
1448 4510 1871 4565 instrumentum
1904 4512 2177 4582 quoddam

615 4597 888 4652 musicum
938 4613 1138 4668 corpus
1184 4597 1384 4653 factum
1417 4608 1532 4666 est;
1580 4602 2038 4671 quemadmodum
2088 4620 2180 4661 ca-

614 4689 776 4744 nendi
805 4689 1011 4759 peritus
1054 4689 1243 4745 vitiato
1277 4691 1643 4748 instrumento
1680 4709 1833 4749 suam
1868 4705 2037 4750 artem
2084 4698 2178 4752 de-

613 4796 918 4842 monstrare
956 4787 1176 4857 nequit:
1210 4788 1285 4843 ita
1322 4798 1376 4845 et
1410 4807 1567 4847 meus
1604 4808 1700 4862 per
1742 4792 2055 4848 universum
2090 4812 2180 4851 or-

613 4892 812 4947 ganum
845 4879 1122 4948 vagando,
1157 4895 1253 4949 per
1278 4895 1678 4938 consentaneas
1709 4884 1810 4939 sibi
1837 4884 2180 4944 emcacitates

613 4970 1067 5040 unumquodlibet
1114 4974 1484 5029 membrorum
1516 4977 1809 5046 attingens,
1856 4977 1909 5031 in
1954 4978 2020 5033 iis
2054 4979 2179 5047 qui-

611 5063 732 5115 dem
764 5062 857 5131 qui
884 5062 1203 5117 naturaliter
1234 5064 1410 5119 aﬂ'ecti
1436 5076 1583 5128 sunt,
1616 5067 1897 5135 proprium
1930 5067 2178 5123 eiii-ctum

612 5151 796 5217 habet,
834 5152 887 5206 in
930 5152 1171 5233 inﬁrmis
1193 5162 1375 5208 autem
1418 5154 1665 5210 ineliicax
1707 5165 1830 5211 est:
1882 5172 1991 5211 non
2036 5158 2178 5213 enim

612 5252 817 5312 partem
845 5244 1064 5313 quidem
1105 5244 1347 5316 attingit,
1376 5256 1581 5317 partem
1618 5262 1747 5302 vero
1777 5248 2000 5305 deserit.

682 5354 1149 5421 Quemadmodum
1178 5358 1305 5414 item
1330 5375 1486 5414 mens
1515 5372 1742 5417 ornatur
1773 5364 2179 5435 pulchritudine

614 5446 774 5516 primi
796 5447 1126 5517 exemplaris
1152 5450 1342 5515 divini,
1366 5452 1531 5506 veluti
1550 5452 1665 5521 ejus
1682 5454 1999 5511 charactere
2027 5457 2178 5512 exal-

612 5547 759 5592 tata:
789 5537 872 5592 sic
910 5547 964 5593 et
995 5548 1190 5596 natura
1229 5557 1260 5596 a
1304 5554 1486 5598 mente
1521 5545 1900 5601 administrata
1927 5556 2175 5612 ornatur,

611 5628 1028 5700 contineturque
1062 5648 1254 5688 rursus
1281 5636 1349 5688 ab
1377 5635 1478 5690 hac
1506 5637 1782 5693 crassities
1818 5648 2017 5693 nostra:
2040 5639 2173 5694 sub-

612 5721 845 5786 stantiae,
864 5721 1007 5777 circa
1028 5739 1191 5793 quam
1215 5726 1459 5782 cernitur
1484 5737 1699 5784 natura.
1726 5728 1797 5785 Ut
1816 5741 1995 5786 autem
2021 5746 2176 5787 mens

610 5816 851 5869 virorum
886 5815 1226 5872 deformitate
1255 5818 1547 5874 obscurata
1592 5819 1829 5875 divinam
1871 5821 2176 5890 pulchritu-

618 5906 797 5964 ditem
830 5922 935 5963 non
972 5907 1226 5975 admittit,
1260 5909 1364 5964 nisi
1400 5920 1687 5982 repurgata
1715 5912 1917 5969 fuerit:
1947 5914 2018 5970 ita
2042 5930 2174 5987 quo-

1689 433 1748 489 S.
1789 429 2084 487 CAESAR“
2123 428 2453 486 GREGORII
2494 426 2796 483 FRATRIS

3656 428 3749 483 μοι

2285 551 2457 617 κῶλα,
2502 550 2590 603 διὰ
2635 549 2691 601 δέ
2731 547 2795 600 τὸ
2833 543 3039 598 δεῖσθαι
3082 541 3177 594 τοῦ
3222 540 3575 610 ὑπερείδοντος.
3613 546 3751 618 Συνερ.

2287 640 2443 707 γοῦσι
2475 638 2533 692 δέ
2573 639 2631 692 ai
2660 639 2842 707 χεῖρες
2872 633 3012 687 κατὰ
3044 632 3222 685 πᾶσαν
3264 630 3437 701 χρείαν
3472 632 3551 683 ἐπὶ
3585 634 3752 705 πόλεμον

2285 731 2380 785 καλ⁵
2429 730 2675 799 εἰρήνην,
2722 725 2817 780 καὶ
2858 726 2925 795 τῇ
2968 722 3059 776 τοῦ
3106 722 3266 791 λόγου
3310 721 3473 791 χρείᾳ,
3504 724 3583 775 καὶ
3608 726 3651 777 ἐν
3675 730 3751 789 τοῖς

2286 822 2630 893 γράμμασιν.
2676 816 3077 889 Ἐναρμόζομεν
3120 814 3230 885 γὰρ
3272 813 3366 875 τὰς
3394 812 3553 880 φωνὰς
3589 814 3662 867 καὶ
3694 816 3751 870 διά

2284 910 2377 963 τοῦ
2407 908 2753 981 χαρακτῆρος
2793 904 2995 967 αὐτῶν,
3025 904 3166 957 ὥστε
3211 901 3304 955 καὶ
3339 901 3460 955 ἴδιον
3487 902 3568 970 τῆς
3596 902 3752 974 λογικῆς

2287 1001 2501 1071 φύσεως
2531 1000 2588 1054 αἱ
2621 998 2803 1070 χεῖρές
2832 998 2988 1051 εἰσιν,
3022 995 3086 1048 Ei
3124 994 3182 1047 δὲ
3212 993 3422 1063 ημοίρει
3446 993 3538 1045 τῶν
3563 996 3754 1063 χειρῶνό

2286 1092 2589 1163 ἄνθρωπος,
2643 1089 2764 1144 καθ’
2814 1089 3110 1159 ὁμοιότητα
3156 1084 3264 1137 τῶν
3316 1083 3613 1154 τετραπόδων
3646 1101 3754 1139 ttat:-

2288 1181 2558 1250 σκευάσθη
2582 1181 2648 1235 ἂν
2671 1181 2731 1233 τὸ
2757 1181 3046 1251 πρόσωπον
3066 1176 3155 1230 διὰ
3181 1176 3279 1243 τὴν
3306 1175 3399 1244 τῆς
3414 1178 3589 1245 τροφῆς
3605 1176 3752 1245 χρείαν,

2285 1273 2360 1337 ὡς
2394 1274 2655 1343 προμήκη
2684 1272 2787 1342 τὴν
2828 1269 3038 1341 μορφὴν
3081 1264 3243 1330 εἶναι,
3282 1265 3374 1319 καὶ
3411 1265 3522 1328 τοὺς
3553 1268 3755 1337 μυκτῆρας

2285 1362 2749 1419 ἀπολεπτύνεσθαι
2770 1378 2783 1392 ο
2818 1362 2895 1425 ὡς
2922 1360 3235 1428 ἐπάναγκες
3263 1353 3395 1410 εἶναι
3419 1357 3506 1409 καὶ
3526 1355 3608 1428 τὴν
3630 1358 3755 1427 φωνὴν

2286 1456 2572 1510 ἀλλόκοτον
2608 1454 2701 1525 ἔχε
2708 1471 2776 1508 ιν.

2369 1545 2690 1617 Ὀργανικδν
2732 1543 2792 1597 δὲ
2840 1541 3254 1612 κατεσκευάσθη
3286 1540 3346 1593 τὸ
3387 1538 3528 1609 σῶμα
3559 1537 3665 1608 πρὸς
3690 1536 3755 1606 τὴν

2284 1635 2379 1689 τοῦ
2408 1635 2566 1705 λόγου
2600 1635 2808 1707 χρείαν.
2850 1634 3002 1688 Ἐπεί⁸
3042 1635 3232 1705 νοερόν
3258 1650 3310 1686 τι
3340 1631 3530 1703 χρῆμα,
3561 1628 3636 1684 καὶ
3655 1629 3754 1683 ἀσώ-

2289 1727 2455 1796 ματόν
2505 1727 2651 1781 ἐστιν
2697 1729 2727 1780 6
2775 1726 2934 1791 νοῦς,
2987 1726 3089 1797 τῆς
3142 1724 3388 1795 τοιαύτης
3432 1723 3593 1795 ἐδεήθη
3634 1741 3754 1776 κατα-

2287 1816 2507 1886 σκευῆς,
2558 1816 2653 1869 ἵνα
2695 1815 2787 1869 διά
2855 1832 3000 1879 τινος
3026 1816 3270 1878 ἐπινοίας
3317 1813 3608 1885 τὴνκίνησιν
3640 1813 3753 1865 αὑτοῦ

2285 1909 2545 1977 φανεροῐ,
2596 1906 2876 1979 πλήκτρου
2920 1907 3077 1977 δίκην
3130 1906 3239 1960 τῶν
3280 1904 3564 1975 φωνητικῶν
3610 1904 3751 1974 μορίων

2283 1996 2607 2066 ἁπτόμενος.
2639 1997 2811 2067 Διπλῆ
2841 1997 2898 2050 δέ
2938 1999 3068 2068 περὶ
3100 1996 3162 2049 τὸ
3188 1997 3409 2068 ὄργανον
3435 1996 3466 2065 η
3494 1993 3749 2065 ἐνέργεια-ἠ

2292 2085 2390 2156 μὲν
2414 2085 2703 2158 ὴχαστικὴ,
2743 2088 2777 2157 ἡ
2806 2087 2864 2140 δὲ
2899 2087 3236 2158 ἀκουστική·
3282 2088 3314 2157 ή
3349 2086 3437 2157 μὲν
3486 2084 3556 2139 ἀεί
3590 2101 3632 2137 τι
3660 2102 3748 2154 προ-

2292 2176 2448 2240 ίεται,
2478 2178 2512 2248 ἡ
2533 2176 2589 2230 δέ
2615 2177 2752 2249 ἀκοὴ
2791 2178 3052 2249 δεχομένη
3074 2178 3358 2248 διηνεκῶς,
3391 2178 3476 2231 καλ⁵
3502 2176 3647 2246 θαῦμα
3675 2177 3750 2237 mit;

2287 2264 2547 2338 σύγχυσις
2574 2268 2635 2321 ού
2663 2268 2871 2336 γίνεται
2912 2268 3004 2322 ἐπὶ
3045 2271 3163 2332 τοῖς
3195 2268 3261 2322 δι’
3292 2268 3450 2338 αὐτῆς
3475 2266 3749 2337 εἰσαγομένοις

2283 2356 2464 2426 λόγοις
2493 2374 2552 2411 τε
2584 2359 2677 2412 καὶ
2710 2360 2963 2429 νοήμασι.
2994 2359 3169 2413 Τοῦτο
3196 2360 3291 2413 καὶ
3316 2359 3402 2413 ἐπὶ
3424 2359 3509 2427 τῆς
3532 2359 3619 2411 τῶν
3632 2358 3748 2426 ὄψεων

2283 2446 2559 2517 ἐνεργείας
2602 2447 2830 2516 γίνεται.
2876 2447 2987 2501 Καὶ
3033 2448 3126 2501 διὰ
3169 2448 3369 2502 τούτων
3400 2447 3542 2519 γάρὸ
3568 2446 3659 2509 v05;
3678 2446 3746 2498 τῶν

2283 2534 2386 2600 ἔξω
2404 2534 2498 2588 τοῦ
2532 2534 2781 2606 σώματος
2801 2536 3187 2607 ἐπιδρασσεται
3206 2553 3220 2567 ·
3247 2537 3464 2590 ἕκαστον
3488 2535 3536 2588 δέ
3567 2534 3649 2586 τῶν
3670 2536 3746 2586 είς-

2282 2624 2564 2696 αγομένων
2611 2628 2640 2680 6
2689 2626 2812 2689 νοῦς
2860 2625 3129 2697 ἐξετάζων
3174 2628 3287 2689 τοῖς
3345 2622 3642 2696 καταλλήλας
3684 2623 3745 2692 τῆς

2282 2714 2536 2784 γνώσεως
2562 2715 2748 2778 τόποις
2779 2702 3183 2774 ἐναποτίθεται,
3220 2714 3463 2775 πολλάκις
3484 2716 3539 2766 ἐκ
3559 2713 3745 2780 διαφόρων

2282 2807 2650 2879 αἰσθητηρίων
2694 2806 2824 2878 μίαν
2852 2806 3054 2877 γνῶσιν
3099 2808 3452 2878 συνεγείρων·
3489 2802 3619 2859 πάλιν
3646 2802 3678 2857 δ’
3704 2804 3745 2855 ἐι

2285 2902 2416 2971 μιᾶς
2444 2899 2553 2953 τῶν
2582 2898 2886 2971 αἰσθήσεων
2932 2899 3155 2953 ποικίλα
3188 2898 3608 2968 καταλαμϐάνων·
3639 2893 3745 2948 ἁκού-

2284 3007 2384 3054 σας
2406 2990 2515 3061 γάρ
2537 3008 2622 3053 τις
2639 2990 2735 3044 τοῦ
2759 2990 3021 3061 ὀνόματος
3039 2991 3136 3043 τοῦ
3163 2991 3393 3061 μέλιτος,
3420 2989 3503 3042 καὶ
3528 2986 3623 3041 ἰδὼν
3643 2983 3744 3057 αὐτὸ,

2285 3080 2380 3133 καὶ
2411 3080 2757 3153 ὀσφρανθεὶς,
2801 3081 2896 3134 καὶ
2930 3080 3231 3150 ἁψάμενος,
3274 3082 3362 3134 καὶ
3401 3079 3680 3149 γευσάμενος.
3707 3074 3743 3125 ἓν

2283 3172 2516 3243 πρᾶγμα
2554 3174 2620 3225 δι’
2646 3170 2782 3225 ὅλων
2826 3169 2932 3224 τῶν
2969 3171 3336 3243 αἰσθητηρίων
3362 3168 3601 3240 ἐγνώρισε.
3622 3164 3743 3219 Ποικί-

2282 3262 2378 3326 λας
2411 3263 2467 3316 δέ
2495 3262 2678 3332 φωνὰς
2716 3263 2803 3317 διὰ
2844 3260 2977 3335 μιᾶς
3003 3264 3109 3334 τῆς
3154 3263 3321 3335 ἀκοῆς
3356 3263 3569 3330 ἐπέγνω*
3601 3256 3742 3312 mihi

2281 3355 2381 3426 τῆς
2415 3355 2659 3425 ὁράσεως
2698 3354 3028 3427 ἑτερογενῶν
3079 3354 3312 3428 θεωρίας
3346 3347 3597 3416 κατέλαϐε,
3610 3344 3740 3401 λευκοῦ

2282 3460 2344 3495 τε
2373 3442 2469 3497 καὶ
2505 3444 2756 3516 μέλανος,
2785 3445 2879 3499 καὶ
2912 3444 3096 3515 φαιοῦ.

2357 3688 2519 3743 Ἀλλο
2549 3688 2606 3743 δὲ
2644 3688 2797 3760 παρὰ
2832 3689 2931 3754 τὰς
2964 3689 3251 3761 αἰσθήσεις
3281 3680 3739 3750 ἐστινὸνοῧςΊῐτίρ

2281 3780 2481 3834 ταύτὸν
2510 3776 2578 3851 ἦν
2633 3782 2701 3851 τῇ
2749 3780 3017 3853 αἰσθήσει,
3064 3782 3203 3853 πρὸς
3244 3780 3366 3852 μίαν
3408 3776 3557 3831 αὐτῶν
3589 3773 3667 3843 ἔχοι
3698 3769 3740 3821 ἄν

2282 3873 2610 3941 οἰκειότητα,
2641 3871 2847 3936 ἁπλοῦς
2888 3870 2998 3927 ῶνο
3041 3871 3138 3926 νῦν
3176 3872 3233 3926 δέ
3274 3872 3349 3935 είς
3387 3870 3476 3939 τὴν
3511 3861 3739 3932 αίσθητικὴν

2284 3960 2647 4032 πολυμερειαν
2689 3960 3155 4031 διασπειρόμενος,
3205 3962 3297 4014 καὶ
3333 3959 3396 4012 δι’
3424 3954 3614 4022 ἑκάστης
3642 3952 3738 4015 ἐνερι

2282 4053 2417 4121 γῶν,
2445 4055 2502 4105 ἐν
2536 4054 2786 4126 μονότητι
2812 4053 2872 4106 τὸ
2899 4052 3162 4117 ποικίλον,
3205 4054 3263 4105 ἐν
3289 4044 3576 4138 ποικιλίᾳῌτδ
3602 4042 3665 4138 ἐν·
3687 4036 3737 4138 διξ

2283 4145 2376 4198 καὶ
2418 4144 2696 4213 διαφεύγει
2742 4142 2843 4216 τὴν
2865 4144 3065 4213 γνῶσιν
3109 4145 3142 4214 ἡ
3191 4142 3349 4213 φύσις
3387 4136 3558 4194 αὑτοῦ·
3589 4131 3656 4186 καὶ
3687 4131 3737 4193 τῷ

2281 4235 2401 4290 κατ’
2421 4234 2585 4290 αὑτὸν
2609 4233 2894 4305 ἀγνώστῳ,
2914 4235 3011 4305 τὴν
3032 4236 3411 4303 ἀκατάληπτον
3426 4222 3644 4301 φύσιντοῦ
3657 4218 3735 4272 κατ’

2281 4328 2461 4381 είκόνα
2488 4328 2694 4382 οίκείαν
2720 4328 3044 4398 ποιήσαντος
3072 4328 3237 4381 αὺτὸν
3270 4322 3537 4395 παριστῶν.

2364 4516 2519 4575 Ἐπεὶ
2557 4512 2615 4575 δέ
2646 4518 2723 4585 ὥς
2771 4538 2824 4574 τι
2848 4520 3106 4591 μουσικὸν
3132 4520 3355 4591 ὄργανον
3385 4514 3441 4570 τδ
3478 4508 3602 4583 σῶμα
3630 4505 3731 4571 δεδη-

2282 4610 2641 4684 μιούργηταιο
2685 4610 2761 4676 ὡς
2807 4613 3061 4666 ἀδυνατεῖ
3101 4613 3131 4665 6
3178 4607 3421 4682 μελῳδεῖν
3453 4600 3730 4670 ἐπιστάμενοςν

2278 4701 2445 4769 δεῖξαι
2488 4702 2586 4775 τὴν
2621 4702 2816 4773 τέχνην
2844 4703 2923 4764 είς
2956 4702 3054 4773 τὴν
3103 4699 3196 4755 τοῦ
3234 4701 3448 4773 ὀργάνου
3490 4686 3729 4787 ἀχρηστίας

2278 4794 2421 4848 οὕτω
2460 4795 2557 4848 καὶ
2600 4795 2629 4848 ὁ
2660 4793 2785 4857 νοῦς
2827 4793 3030 4864 διήκων
3073 4792 3142 4847 δι’
3186 4792 3304 4847 ὅλου
3334 4790 3420 4843 τοῦ
3449 4784 3629 4857 ὀργάνου
3655 4784 3729 4832 τοῖς

2278 4888 2554 4957 νοητικαῖς
2590 4885 2913 4958 ἐνεργείαις,
2941 4884 3172 4938 ἑκάστου
3194 4882 3301 4936 τῶν
3333 4878 3493 4952 μελῶν
3514 4865 3728 4958 προσαπτᾷ

2282 4995 2461 5048 μενος.
2496 4978 2588 5031 ἐπὶ
2634 4956 2742 5030 τῶν
2783 4977 2883 5047 μὲν
2925 4977 3068 5030 κατὰ
3100 4975 3258 5045 φύσιν
3293 4968 3595 5039 διακειμένων
3617 4958 3657 5011 τδ
3679 4956 3723 5007 οἱ·

2281 5069 2424 5121 κεῖον
2455 5068 2779 5138 ἐνήργησεν,
2820 5067 2912 5119 ἐπὶ
2936 5064 2994 5119 δὲ
3025 5066 3132 5118 τῶν
3170 5061 3507 5118 ἀσθενούντων
3528 5049 3726 5123 ἡπράκτψ

2281 5177 2370 5213 σεν
2389 5176 2403 5191 ο
2448 5159 2510 5213 οὐ
2553 5159 2660 5231 γὰρ
2689 5159 2887 5231 μέρους
2918 5156 3167 5224 ἅπτεται,
3201 5156 3389 5228 μέρους
3418 5151 3469 5205 δὲ
3502 5144 3722 5217 ἀφίσταται.

2352 5376 2559 5446 ’Ὠσπερ
2585 5375 2642 5429 δέ
2681 5375 3107 5445 κατακοσμεῖται
3156 5376 3184 5428 6
3213 5372 3333 5436 νοῦς
3363 5372 3423 5440 τῇ
3448 5361 3719 5450 ὁμοιώσει

2278 5462 2630 5534 πρωτοτύπου
2674 5462 2817 5516 θείου
2865 5463 3125 5529 κάλλους,
3170 5459 3278 5515 οἶόν
3322 5478 3370 5513 τι
3409 5456 3649 5517 κάτοπτρον

2279 5532 2659 5623 ἐμφαινομένῳ
2700 5554 3007 5624 χαρακτῆρι
3044 5552 3427 5625 μορφούμενον·
3468 5544 3581 5597 οὕτω
3609 5532 3713 5597 καὶὴ

2277 5642 2437 5712 φύσις
2466 5643 2569 5697 ὑπὸ
2601 5642 2694 5697 τοῦ
2733 5644 2852 5708 νοὸς
2888 5643 3308 5715 οἱκονομουμὲνη
3346 5637 3605 5706 κοσμεῖται·
3635 5638 3714 5676 συν-

2276 5733 2457 5803 έχεται
2486 5732 2541 5785 δὲ
2566 5732 2727 5787 πάλιν
2749 5734 2841 5786 ὑπ’
2870 5734 3039 5803 αὐτῆς
3059 5734 3117 5786 τὸ
3138 5731 3312 5785 ὑλικὸν
3334 5729 3421 5798 τῆς
3443 5717 3712 5811 excordem?

2278 5822 2403 5893 περ)⁵
2432 5822 2498 5893 ἢν
2526 5823 2806 5895 Θεωρεῖται
2835 5826 2867 5894 ἡ
2892 5824 3069 5892 φύσις.
3102 5824 3302 5891 Ὥσπερ
3320 5820 3370 5872 δὲ
3392 5820 3417 5870 6
3437 5813 3538 5873 νοῦς
3562 5804 3639 5860 ὖπθ

2276 5915 2549 5986 ἀμορφίας
2575 5915 2683 5970 τῶν
2713 5914 2895 5971 παθῶν
2928 5915 3204 5987 ζοφωθεὶς,
3244 5913 3442 5972 deum
3467 5904 3625 5975 γίνεται
3650 5904 3709 5941 του
