3886 6404
425 323 530 378 199
1257 319 1602 378 APPENDIX
1628 323 1719 377 AD
1764 325 1820 380 S.
1861 323 2184 382 GBEGORII
2225 325 2476 383 THEOL.
2516 323 2846 382 CARMINA.

428 438 523 501 Ὠς
564 438 728 501 αὐτὸς
759 432 921 501 εἶπας
966 435 1226 500 πολλάκις
1254 437 1393 506 πρὸς
1428 439 1556 501 σοὺς
1586 437 1805 506 φίλους·

421 531 498 586 Τὸ
538 533 646 585 πᾶν
673 531 778 602 γὰρ
811 529 984 592 οὕτως
1027 529 1427 600 ἀσφαλέστερόν
1461 532 1510 584 τ’
1549 533 1694 601 ἐμοὶ,

419 623 494 676 Σύ
521 625 568 676 τ’
602 623 765 688 αὐτὸς
793 621 870 674 ὣν
907 620 1085 684 ὄλϐιος
1121 620 1299 674 ὀλϐίου
1332 621 1542 692 Πατρὸς

419 710 712 776 Γνωσθεὶς,
752 709 1102 781 ἀνυμνησθῇς
1135 727 1200 779 γε
1240 712 1387 782 πάσῃ
1414 715 1479 782 τῇ
1523 712 1716 769 κτίσει.

421 803 526 858 785
565 804 657 874 Μὴ
691 803 822 870 γοῦν
848 801 1014 867 διάξω
1043 802 1248 874 λυπρὸν
1277 805 1334 866 ὲς
1383 804 1592 876 μακρὸν
1622 804 1733 875 βίον

423 895 618 966 Ὄχλος
645 895 689 948 δ’
715 895 1025 968 ἀλαστόρων
1047 913 1111 965 γε
1143 895 1280 949 τίσει
1311 895 1409 967 τὴν
1436 898 1613 967 δίκην,

420 986 524 1040 Τὸν
559 986 834 1057 Δεσπότην
865 988 1081 1051 κτείνας
1112 1004 1176 1056 γε
1205 987 1309 1058 γῆς
1337 1005 1397 1040 τε
1430 989 1525 1042 καὶ
1559 989 1748 1046 πόλου.

420 1075 579 1132 Οὗτοι
607 1078 734 1150 γὰρ,
763 1079 840 1142 ὼς
873 1079 1126 1152 ἔδρασαν,
1160 1079 1362 1151 εὕρωσι
1402 1079 1567 1145 κακὰ,

425 1172 495 1222 ’Ἀ
528 1173 667 1222 τοῖσι
701 1169 1020 1224 δυσσεϐοῦσι
1061 1171 1270 1240 γίνεται
1316 1171 1546 1241 βροτοῖς.

421 1263 523 1318 790
567 1263 704 1316 Ἀλλ’
738 1265 800 1316 οὐ
829 1264 938 1336 γὰρ
965 1265 1144 1318 αὐτῶν
1175 1263 1412 1336 φροντίδ’
1443 1263 1519 1327 ὼς
1543 1263 1748 1317 τέκνων
1776 1263 1905 1334 ἔχω,

419 1357 509 1427 Μή
542 1373 658 1418 πως
686 1355 929 1410 πάθωσιν
961 1358 1011 1410 οἱ
1040 1357 1410 1428 προσήκοντες
1441 1355 1645 1426 σφίσιν,

423 1448 680 1520 Πατρῷον
707 1447 1075 1520 ὲκφράσοντες
1101 1448 1276 1518 ἀσεδῆ
1301 1448 1477 1518 φόνον.

936 1605 1028 1677 Sic
1055 1613 1108 1660 et
1141 1614 1199 1662 tu
1227 1607 1344 1677 ipse
1373 1606 1483 1661 tuis
1508 1607 1722 1663 dilectis
1753 1605 2088 1677 prmdixisti;

937 1675 1031 1730 Sic
1055 1677 1201 1731 enim
1232 1675 1416 1730 omnia
1448 1677 1580 1730 mihi
1612 1675 1773 1732 erunt
1807 1677 2030 1739 tutiora.

935 1745 1002 1799 Et
1032 1754 1085 1800 te
1111 1746 1289 1815 ipsum
1321 1747 1540 1801 beatum
1579 1747 1720 1801 beati
1749 1745 1930 1802 Patris
1956 1747 2154 1802 Filium

3573 322 3736 379 Ξθφ

2031 461 2080 515 Α
2121 441 2262 495 Ἀλλ’
2294 441 2479 505 αὐτὸς,
2506 435 2553 493 ὦ
2587 439 2895 509 σπλάγχνον
2923 437 3096 507 φίλον,
3124 438 3296 506 γλυκὺ
3330 438 3487 507 φάος,

2111 534 2409 605 Κάτειργε,
2450 533 2822 594 κατάπαυσον,
2864 529 3073 602 ἐξειργε
3101 531 3263 598 φόνου

2111 621 2213 677 795
2263 621 2710 690 Ἐγκατάλειμμα
2737 619 3048 690 σπέρματος
3079 617 3428 688 πεφιλμένου.

2177 719 2385 784 Χριστ.
2415 715 2580 781 Αἰνῶ,
2610 715 2793 784 γύναι,
2830 713 2966 780 τάδ’,
3005 714 3106 766 οὐκ
3135 713 3317 766 ἐκεῖνα
3358 711 3684 784 μέμφομαι

2106 808 2323 862 Πολλῶν
2354 808 2399 862 δ’
2431 809 2586 880 ἕκητι
2617 808 2776 880 τήνδε
2807 825 2889 862 σοι
2924 805 3106 861 δοῦναι.
3139 807 3297 878 χάριν

2117 900 2257 970 Ἐγὼ
2287 899 2566 971 πρόθυμός
2598 900 2736 970 εἰμι,
2767 899 2902 953 κούκ
2931 897 2998 951 ἂν
3033 897 3291 970 ὲκπέσῃς.

2104 992 2452 1063 Συλλήψομαι
2479 992 2589 1063 γὰρ
2633 991 2787 1044 τοῦδέ
2818 1007 2900 1044 σοι
2943 990 3174 1061 πάμπαν
3205 985 3433 1055 σκοποῦ,

2103 1081 2208 1137 800
2248 1081 2394 1151 Αὐτή
2425 1098 2483 1134 τε
2518 1080 2704 1151 γνοίης
2741 1080 2944 1152 ζημίας
2983 1079 3367 1151 ἀντιστροφὴν,

2115 1172 2517 1241 ’Λπαλλαγεῖσα
2547 1172 2706 1243 τῆσδε
2734 1173 2834 1243 τῆς
2864 1172 3119 1242 ἀθυμίας.

2107 1264 2306 1320 Θεοτό.
2349 1265 2531 1335 Ὤμοι,
2559 1264 2752 1334 φρενὸς
2782 1264 2881 1336 σῆς
2905 1263 3159 1333 εὐγενοῦς
3185 1280 3244 1316 τε
3275 1261 3562 1333 κὰγαθῆςι

2104 1350 2177 1408 Ὦ
2208 1355 2428 1420 Τέκνον,
2460 1355 2548 1428 οἵᾳ
2571 1357 2831 1428 συμφορᾷ
2855 1355 3186 1426 συνεζύγηςε

2106 1445 2182 1499 Τὸ
2217 1445 2264 1498 δ’
2295 1443 2514 1515 εὐγενές
2546 1462 2640 1499 σου
2667 1445 2776 1501 τῶν
2802 1445 3018 1518 φρενῶν
3045 1445 3184 1501 σῶον
3213 1443 3385 1518 μένει.

933 1817 1219 1889 agnitum,
1247 1817 1709 1889 omnisucreatura
1745 1817 1962 1889 hymnis
1996 1822 2380 1889 prosequetur.

937 1884 1040 1958 235
1064 1884 1180 1939 Non
1209 1886 1377 1956 igitur
1397 1886 1492 1941 diu
1515 1887 1684 1941 vitam
1714 1884 2035 1943 in'mterore
2059 1887 2411 1958 protraham;

936 1955 1042 2011 Sed
1084 1955 1276 2026 poenas
1307 1958 1553 2012 exsolvet
1583 1958 1940 2013 scelestorum
1977 1955 2158 2019 turba,

933 2027 1066 2092 Qua:
1093 2035 1254 2082 terra:
1279 2027 1511 2096 cmlique
1547 2027 1834 2083 Dominum
1868 2029 2162 2084 interfecit.

934 2096 1001 2170 l_li
1029 2099 1197 2162 enim,
1231 2105 1292 2170 ut
1315 2105 1720 2170 perpetrarunt,
1754 2100 2106 2170 experientur
2133 2097 2296 2158 mala.

933 2168 1354 2239 Quremortales
1384 2168 1682 2239 sacrilegos
1717 2168 1960 2225 manent.

934 2239 1040 2293 790
1071 2238 1293 2292 Illorum
1323 2239 1489 2302 enim,
1520 2238 1875 2303 ut’ﬁliorum,
1905 2254 2095 2299 curam
2133 2239 2327 2303 habeo,

931 2307 1247 2380 Neialiquid
1274 2309 1553 2378 patiantur
1579 2325 1767 2364 eorum
1793 2312 2012 2379 cognati
2039 2311 2312 2380 (posteri),

934 2379 1039 2444 Qui
1068 2379 1290 2449 impiam
1324 2387 1541 2449 patrum
1569 2380 1770 2434 eadem
1804 2379 2078 2436 nuntient.

936 2449 1046 2504 Sed
1072 2456 1153 2514 tu,
1183 2449 1395 2503 viscera
1430 2450 1652 2513 dilecta,
1683 2451 2014 2506 suavissima
2046 2451 2160 2513 lux,

933 2518 1212 2587 Reprime,
1241 2518 1392 2582 seda,
1423 2534 1558 2574 nece
1583 2520 1785 2585 exime,

932 2589 1045 2660 795
1063 2588 1361 2660 Quidquid
1379 2589 1677 2660 praedilecti
1705 2590 1931 2646 seminis
1959 2591 2232 2660 reliquum
2262 2600 2366 2646 est.

1009 2657 1204 2716 Christ.

1287 2659 1420 2733 robo
1457 2659 1594 2733 haec,
1629 2661 1848 2724 mulier,
1879 2676 2057 2733 neque
2083 2659 2180 2716 illa
2213 2661 2478 2733 improbo.

932 2729 1163 2801 Propter
1195 2729 1420 2796 multos,
1458 2729 1554 2785 tibi
1579 2731 1723 2786 hanc
1751 2729 1986 2801 gratiam
2012 2730 2146 2786 dare

934 2799 1170 2855 Paratus
1193 2815 1340 2863 sum,
1370 2815 1404 2855 0
1432 2801 1649 2865 mulier,
1678 2799 1782 2856 nec
1809 2811 1937 2857 voto
1968 2801 2350 2866 frustraberis,

933 2871 1014 2927 Te
1041 2871 1187 2942 enim
1220 2884 1447 2942 prorsus
1480 2871 1750 2942 adjuvaho
1775 2873 1922 2928 circa
1947 2873 2096 2928 hunc
2121 2888 2372 2942 scopum,

933 2941 1041 2999 800
1071 2941 1188 3011 Ipsa
1213 2941 1432 3011 quoque
1459 2941 1659 2997 damna
1689 2943 1744 2997 in
1776 2945 2113 2998 contrarium
2135 2941 2296 3000 versa
2323 2943 2568 3009 noveris,

935 3009 1400 3139 ὖ256-1255
1429 3011 1606 3069 Haece
1630 3014 1854 3068 tristitia
1883 3015 2057 3070 libera

987 3086 1088 3139 ein.
1123 3083 1240 3139 lleu
1269 3085 1282 3136 ι
1321 3093 1558 3139 mentem
1591 3093 1739 3138 tuam
1782 3086 1928 3139 niam
1959 3094 2014 3139 et
2043 3084 2057 3138 1

987 3083 1240 3156 αλκ-Πρω
1269 3085 1282 3136 ι
1321 3083 1558 3156 mentem
1591 3093 1739 3156 tuam
1782 3086 1928 3156 piam
1954 3094 2017 3156 et
2043 3084 2278 3140 bonam!

938 3102 1033 3139 uer
1074 3123 1088 3137 .
1123 3102 1240 3139 neu
1269 3102 1282 3136 ι
1321 3102 1558 3139 mentem
1591 3102 1739 3138 tuam
1782 3102 1928 3156 piam
1959 3102 2014 3140 et
2047 3102 2136 3139 nor

938 3152 986 3224 Ο
1016 3102 1138 3218 [‘Pili,
1175 3154 1233 3208 in
1259 3169 1423 3224 quam
1457 3154 1822 3210 calamitatem
1857 3154 2136 3210 incidisti!

941 3223 1050 3282 Sed
1070 3223 1373 3297 genereéus
1399 3225 1617 3282 animus
1644 3226 1738 3284 ille
1765 3233 1894 3282 tuus
1919 3235 2103 3283 manet
2134 3227 2364 3298 integer.

495 3388 602 3459 788
631 3387 888 3457 Εὕρωσι.
921 3385 1054 3459 Reg.
1088 3389 1162 3447 Π.
1186 3405 1312 3459 sup.
1334 3389 1433 3444 lin.
1466 3386 1727 3459 ίεῦροσαν.

494 3457 602 3514 790
645 3460 808 3514 Ἀλλ’
842 3461 914 3514 οὐ
939 3457 1070 3527 τάξ),
1102 3474 1207 3517 etc.
1242 3457 1516 3516 Particula
1543 3457 1795 3527 negativa
1822 3458 1884 3512 οὐ
1913 3457 2006 3527 hic

423 3532 601 3586 otiosa
631 3539 687 3585 et
729 3529 798 3584 ad
827 3525 1082 3584 ornatum
1118 3532 1388 3586 duntaxat
1420 3525 1639 3599 posita,’
1665 3529 1814 3598 quod
1861 3525 2010 3598 apud

424 3602 646 3657 Grzecos
671 3615 778 3654 non
808 3607 893 3654 est
923 3599 1261 3670 infrequens.
1293 3599 1664 3667 Combe/irim,
1689 3599 1790 3669 qui
1815 3599 1966 3670 addit
1991 3615 2006 3653 :

431 3689 453 3722 ‹
489 3671 780 3726 Crederem
836 3685 966 3724 vero
1017 3668 1274 3727 libentius
1323 3678 1604 3724 auctorem
1647 3668 1920 3734 uestrum,
1953 3668 2011 3723 in

429 3741 598 3796 haece
646 3740 910 3810 tragmdia
943 3741 1146 3810 passim
1189 3740 1462 3811 Euripidis
1509 3739 1857 3811 plagiarium,
1894 3753 2009 3794 non

427 3812 562 3867 satis
585 3809 1038 3881 aniiiiadvertiSSe
1063 3813 1176 3867 haec
1194 3809 1428 3867 a'Medea
1454 3809 1621 3881 sensu
1642 3809 1862 3865 diverso
1879 3824 2009 3881 pro-

426 3882 534 3936 lata
561 3881 750 3936 fuisse.
787 3901 805 3934 ι
836 3879 973 3937 Vide
991 3881 1136 3937 “Med.
1156 3897 1301 3938 vers.
1335 3882 1494 3945 1501,
1521 3880 1680 3946 1⁸504,
1712 3879 2003 3944 ίὸοὸξθιιι.

426 3951 568 4006 Male
605 3950 764 4008 Roili.
820 3951 1047 4007 Mariam
1088 3953 1232 4007 mala
1273 3953 1492 4018 omnia,
1527 3949 1785 4008 Maenadis
1819 3950 2007 4005 furore

427 4025 821 4094 iniprecaiitem
873 4023 1146 4094 traducit,
1188 4039 1310 4094 quae
1363 4039 1395 4080 e
1449 4034 1668 4094 contra_
1689 4021 2003 4078 tenerrimis

426 4093 734 4148 visceribus
759 4094 971 4148 veniam
994 4109 1121 4149 mox
1137 4092 1220 4149 ita
1234 4095 1560 4164 deprecatur
1584 4112 1598 4148 :
1625 4092 1705 4147 Tu
1716 4110 1863 4164 ergo,
1883 4107 2010 4146 sua-

426 4164 646 4217 vissima
675 4165 786 4225 lux.
809 4165 1053 4234 reprime,
1078 4165 1224 4227 seda,
1243 4163 1364 4219 nece
1379 4166 1567 4234 exime1
1596 4163 1850 4234 quidquid
1871 4177 2010 4234 prm-

427 4234 608 4288 dilecti
642 4231 1262 4290 seminis'reiiauumest.
1283 4234 1359 4288 Ita
1382 4235 1495 4290 fere
1508 4231 1653 4287 Med.
1683 4231 1828 4289 vers.
1848 4231 2009 4286 1258.

427 4335 500 4347 -—
518 4304 609 4359 Sic
629 4304 991 4358 Benedictini.

431 4453 580 4498 tatur
615 4463 627 4498 :
664 4440 868 4497 [larunt
895 4440 1104 4514 quidem
1134 4453 1189 4495 ut
1225 4444 1462 4512 ﬁliorum
1485 4459 1668 4495 curam
1692 4458 1794 4514 non
1823 4440 2013 4514 habeo,

431 4515 523 4569 sed
554 4531 680 4568 cura
713 4513 1002 4586 ne‘aliqaid
1035 4515 1316 4586 patiantur
1349 4529 1533 4566 eorum
1556 4513 1775 4582 posteri,
1801 4513 1890 4586 qui
1911 4513 2016 4563 im-

429 4587 575 4654 piam
617 4594 830 4652 patrum
885 4582 1599 4653 caedem-nuntient,uempe
1647 4597 1769 4638 eam
1805 4582 2012 4652 impro-

430 4655 634 4711 bando.
663 4655 922 4710 Canum.

1062 4306 1132 4358 ihi
1154 4315 1332 4358 autem
1352 4305 1544 4361 melior
1565 4318 1761 4358 sensus
1801 4302 2016 4357 videre-

429 4381 540 4438 tur,
557 4375 665 4428 vim
681 4375 958 4443 particula:
980 4375 1241 4445 negativae
1263 4373 1615 4436 reservando,
1631 4373 1706 4425 ita
1725 4383 1785 4426 ut
1802 4373 1882 4445 sic
1895 4385 2016 4445 ver-

2185 3391 2288 3448 796
2322 3390 2500 3459 Αινῶ,

2109 3477 2255 3518 vers.
2297 3463 2422 3519 908.

2183 3534 2288 3590 800
2315 3533 2478 3600 Αὐτή
2518 3549 2585 3587 τε

2109 3604 2242 3659 editi
2282 3605 2445 3659 αὐτόν
2483 3621 2566 3660 τε.

2108 3691 2253 3732 vers.
2288 3675 2448 3730 1225.

2180 3747 2286 3802 802
2317 3749 2505 3816 Ὤμοι,
2539 3745 2782 3817 φρενός,
2832 3753 2940 3817 etc.
2972 3742 3065 3800 Sic
3099 3741 3319 3812 Hippol.
3344 3756 3492 3797 vers.
3539 3740 3706 3806 1454,

2109 3816 2357 3876 Theseus
2391 3815 2563 3872 tilium
2597 3832 2757 3874 suum
2799 3815 3141 3871 admiratur:

2532 3391 2730 3462 γύναι,
2758 3399 2867 3446 etc.
2906 3387 2984 3444 Ita
3011 3385 3145 3446 Jaso
3171 3385 3370 3443 Medea:
3403 3390 3703 3458 respondet

2701 3531 2856 3600 οίης,
2883 3541 2992 3588 etc.
3034 3531 3126 3586 Sic
3165 3528 3316 3599 Reg.
3347 3527 3414 3584 11.
3468 3544 3530 3582 ιι.
3567 3529 3703 3583 Male

2661 3605 2710 3659 ic
2733 3614 2788 3658 et
2833 3603 3076 3661 Medeam
3121 3604 3352 3656 nuntius
3401 3600 3706 3670 alloquitur

2254 3956 2436 4028 l:_ﬂp.0t,
2467 3954 2664 4028 φρενὸς
2686 3955 2786 4025 σῆς
2810 3949 3069 4028 εὐσεὸοὗς
3093 3968 3157 4028 τε
3195 3948 3446 4028 κάγαθῆς
3469 3947 3483 4000 !

2253 4021 2394 4092 Heu,
2425 4021 2648 4081 meittem
2674 4021 2821 4079 tuam
2857 4023 3004 4092 piam
3031 4030 3081 4076 et
3112 4021 3348 4076 bonum!

2181 4157 2287 4214 803
2308 4153 2382 4212 Ὠ
2411 4156 2649 4218 Τέκνον.
2675 4162 2782 4212 etc.
2807 4154 2952 4210 Ibid.
2969 4169 3115 4210 vers.
3149 4153 3288 4208 1589
3307 4161 3360 4209 ct
3384 4150 3522 4207 1590
3557 4151 3705 4207 hunc

2111 4227 2408 4299 alloquitur
2436 4226 2606 4281 Diana
2635 4247 2650 4281 :

2252 4363 2583 4448 Ζιζέλῆμον,
2607 4363 2696 4434 οἵᾳ
2725 4363 2980 4444 συημφορᾷ
3011 4361 3344 4448 συνξζργηςῐ

2253 4436 2372 4490 Τὸδ’
2398 4433 2618 4504 εὐγενές
2646 4433 2707 4487 σε
2736 4433 2846 4486 τῶν
2872 4433 3086 4505 φρενῶν
3103 4433 3380 4486 διώλεσεν.

2259 4549 2305 4631 ρ
2337 4549 2545 4618 infelix,
2576 4548 2633 4602 in
2661 4564 2819 4631 quam
2846 4547 3217 4631 calamitatem
3247 4545 3482 4631 incidisti
3505 4546 3526 4598 !

2260 4616 2553 4692 Generosa:
2594 4616 2807 4673 animus
2839 4619 2929 4673 ille
2953 4629 3073 4673 tuus
3113 4628 3162 4673 te
3188 4616 3436 4688 perdidit.

1732 4761 2070 4826 METRICA
2103 4756 2403 4820 VERSIO.

435 4888 663 4944 Mortem
690 4887 1008 4959 triumphali
1037 4894 1400 4959 prementem,
1420 4884 1551 4940 olim
1585 4894 1646 4942 ut
1671 4886 1783 4944 tuis

435 4959 628 5014 Dixisti
659 4958 1083 5028 amicis’szepius
1111 4975 1125 5011 :
1161 4958 1235 5011 ita
1263 4958 1433 5011 tutior

436 5030 565 5083 Mihi
591 5029 838 5091 videbor,
878 5039 1045 5096 tuque
1069 5029 1359 5099 gloriosior

433 5099 653 5161 Factus,
688 5100 831 5153 beati
860 5099 1033 5154 Filius
1063 5097 1191 5154 felix
1218 5097 1396 5154 Patris

434 5169 476 5240 :1"
482 5171 675 5223 andem
707 5171 1057 5240 approbatus,
1091 5171 1335 5224 omnium
1375 5169 1684 5225 laudaberis

433 5239 493 5310 Et
528 5254 680 5310 voce,
709 5239 763 5293 et
786 5239 914 5306 ore,
950 5257 1081 5294 cura
1105 5249 1302 5295 sancta
1336 5243 1589 5310 posteris.

433 5309 512 5380 Ne
542 5309 718 5364 tristis
753 5325 884 5380 ergo
906 5326 1073 5380 pensa
1101 5311 1226 5366 vitae
1255 5309 1469 5380 longius

435 5379 549 5450 Ego
576 5379 921 5450 protraliani.’
945 5381 1016 5435 At
1045 5379 1565 5437 crudeliuinmanus
1593 5379 1872 5434 hominum

435 5449 695 5522 Cruenta,
726 5450 1014 5506 Dominum
1047 5468 1167 5522 qua:
1201 5452 1307 5522 poli
1338 5463 1391 5507 et
1421 5462 1576 5507 terrae
1606 5451 1727 5506 neci

439 5519 684 5586 Demisit,
714 5537 780 5576 ex
811 5527 1006 5576 merito
1037 5519 1140 5578 suo
1171 5519 1312 5577 mala
1348 5525 1550 5578 sentiat

439 5589 580 5664 Qlim
616 5592 728 5656 illa,
749 5593 899 5661 justa
933 5594 1090 5648 lance
1121 5609 1242 5662 quae
1274 5594 1743 5664 impiosmanent.

439 5657 574 5734 Eam
603 5676 710 5716 non
738 5657 839 5734 ego
864 5664 986 5719 illos
1021 5673 1082 5718 ut
1107 5657 1255 5720 satos
1280 5657 1409 5734 mihi
1444 5663 1643 5716 liberos

441 5727 687 5809 hiatcrno
719 5727 904 5809 amore
929 5751 1084 5798 curo,
1123 5732 1400 5809 ne_cladcs
1421 5740 1633 5809 premat

442 5797 546 5865 Ωιιὶ
572 5805 773 5872 posteri
805 5803 997 5860 horum
1027 5797 1155 5863 sunt
1186 5803 1378 5867 futuri,
1403 5797 1495 5875 qui
1532 5802 1751 5872 impiam

2045 4889 2096 4951 Β
2122 4881 2334 4938 Caedem
2361 4876 3137 4951 suorumnuntientpatrum,
3171 4883 3228 4931 et
3257 4873 3458 4951 scelus.

2124 4952 2233 5008 Sed
2261 4953 2398 5022 ipse,
2425 4965 2460 5005 ο
2479 4945 3004 5022 animaeparsmeaa
3043 4947 3200 5022 longe
3227 4945 3456 5016 optima,

2121 5017 2297 5078 Eﬂice'
2310 5017 2564 5076 fruantur
2593 5017 2723 5074 luce,
2743 5034 2812 5072 ne
2841 5018 2961 5072 laeta
2987 5017 3207 5072 aetheris

2120 5093 2325 5149 Purum
2355 5091 2636 5158 micantis,
2665 5105 2769 5152 nec
2801 5097 2987 5159 patere
3019 5087 3451 5159 quid-reliquum

2124 5163 2363 5220 Seminis
2391 5162 2554 5216 amati
2590 5175 2622 5214 a
2648 5158 2817 5216 caede?
2822 5159 3176 5228 tranquillum
3204 5158 3366 5212 trahi.

2195 5234 2320 5289 Chr.
2339 5232 2604 5294 Admitto,
2621 5231 2848 5292 mulier,
2864 5225 3001 5290 haec,
3021 5245 3123 5284 nec
3143 5229 3233 5282 illa
3249 5229 3412 5282 etiam
3428 5225 3698 5298 improbo.

2124 5305 2192 5359 Et
2219 5304 2447 5374 gratiam
2484 5303 2644 5374 istam
2668 5310 2728 5354 ut
2751 5301 2956 5374 largiar
2979 5299 3440 5369 tibipromptius,

2124 5371 2257 5442 Quae
2277 5389 2424 5428 vana
2453 5389 2564 5428 non
2593 5371 2685 5434 sit,
2721 5373 2972 5442 plurima:
3003 5385 3184 5424 causa:
3213 5377 3468 5442 movent:

2127 5438 2285 5500 Hunc
2316 5445 2384 5498 ad
2413 5457 2642 5514 scopum
2671 5438 2759 5514 me
2788 5442 3036 5514 dirigens
3068 5438 3450 5514 prorsus,_tibi

2124 5515 2407 5582 Nusquam
2441 5509 2626 5578 abero,
2658 5513 2844 5567 damni
2866 5509 3085 5566 videris
3101 5526 3192 5565 me
3221 5509 3494 5564 vindicem

2127 5588 2285 5648 lllati,
2321 5585 2390 5639 ab
2418 5585 2568 5638 omni
2596 5584 2766 5637 libera
2793 5591 2850 5638 et
2875 5597 3008 5637 cura
3037 5589 3092 5636 et
3121 5591 3290 5636 metu.

2125 5642 2284 5722 Deip.
2304 5654 2480 5725 Papae!
2506 5655 2764 5725 inclytam
2783 5661 3018 5725 mentem
3043 5660 3215 5725 tuam,
3233 5651 3420 5725 altam,
3439 5642 3694 5725 aobileml

2123 5726 2169 5782 Ο
2195 5721 2349 5791 Nate,
2375 5721 2538 5796 quam
2571 5721 2634 5778 te'
2657 5739 2806 5796 nunc
2836 5723 3021 5793 gravis
3047 5722 3207 5796 dolor
3235 5721 3460 5792 premit!

2125 5798 2331 5852 Invicta
2354 5793 2553 5851 mentis
2584 5793 2680 5850 sed
2702 5803 2884 5849 manet
2907 5794 3241 5849 constantia.
