3886 6410
472 348 567 403 291

473 463 671 530 ἐκητι
694 458 927 520 πολλῶν,
949 449 1024 508 ὢν
1057 453 1400 523 ἀπηλλάγην,
1430 452 1633 504 κακῶν.

475 549 780 605 Κάντεῦοεν
813 546 941 608 ἴσως
965 543 1344 612 εὐκλεέστερον
1369 541 1508 610 δόμα

474 642 612 696 1915
641 639 812 702 Αὐτὸς
845 635 1104 706 παράσχῃ
1155 633 1364 702 νεκρὸς,
1398 633 1457 682 οὺ
1485 631 1673 699 νεκρλις
1704 629 1746 682 δ’
1778 629 1897 697 ἐμοί
1921 645 1934 657 ο

474 733 660 786 Εὗδειν
687 732 832 782 δοκεῖ
858 729 935 787 δὲ.
973 727 1064 779 καὶ
1098 726 1277 794 μένειν
1315 724 1369 792 μ’
1397 723 1475 774 ἑτι
1504 721 1730 789 κνέφας.

475 823 732 892 Εὖδωμεν
764 816 877 883 οὖν,
904 817 1166 886 εὖδωμεν,
1199 815 1260 866 οὐ
1293 814 1508 883 μακρὰν
1533 813 1658 874 ἓως,

479 916 582 967 Ἦν
617 913 714 965 εἴθ’
748 911 909 979 ἴδοιμι
934 907 1116 976 τάχιόν
1147 923 1232 973 γε,
1266 903 1570 967 Παντάναξ.

487 1005 650 1074 Ἀτάρ
683 1003 818 1074 πρὸς
853 999 1048 1070 ὄρθρον
1083 995 1230 1048 ἀπίω
1262 993 1628 1064 ταχυδρόμοςο

475 1094 614 1148 1950
640 1095 798 1155 Ἴσως
829 1088 1123 1155 κάδελιραῖς
1159 1084 1578 1155 συντρεχούσαις
1606 1081 1834 1150 ἐντύχω,

472 1185 538 1237 Ai
573 1182 896 1254 προσμένειν
924 1179 1148 1240 εἴλοντο,
1173 1177 1266 1229 καὶ
1301 1175 1519 1244 βλέπειν
1545 1175 1746 1242 τάφονν

473 1279 650 1332 Πᾶσαι
679 1275 788 1344 γάρ
820 1271 1106 1341 ἠπείγοντο
1134 1267 1435 1338 συμφώνως
1465 1265 1610 1334 ἐμοὶ,

485 1367 788 1436 Ἐννυχίσαι
817 1363 912 1416 νῦν
941 1361 1077 1432 πρὸς
1102 1360 1164 1412 τὸ
1197 1359 1419 1430 μυρίσαι
1445 1356 1625 1409 νέκυν.

555 1458 704 1524 Ὴμι.
759 1452 962 1516 Ἀπιθ’,
1016 1449 1170 1504 ἄπιοι
1223 1448 1318 1501 νῦν
1369 1445 1659 1517 δραμοῦσ’,
1715 1443 1790 1506 ὼς
1841 1443 1898 1495 τί
1947 1442 2050 1512 μά-

1829 1532 1972 1604 lens.

474 1637 612 1694 1955
647 1635 920 1707 Ἀνδρῶαν
950 1631 1277 1703 εἰσφέρουσα
1311 1629 1410 1698 τὴν
1437 1627 1767 1698 τολμηρίανο

1247 335 1589 391 ΑΡΡΕΝΟΙΧ
1627 334 1716 388 Al)
1752 333 1808 387 S.
1851 327 2175 387 GREGORII
2216 327 2463 382 TIIEOL.
2495 327 2824 382 CARMINA.

2075 455 2118 510 Α
2151 447 2370 513 νΑμμες
2397 443 2440 496 δ’
2476 443 2822 514 ὲφεψόμεσθα
2852 445 2947 497 σὺν
2979 445 3168 510 αὐταῖς
3195 447 3403 517 κόραις,

3639 332 3738 387 εον

2157 535 2346 586 Ἀλλαι
2372 551 2430 586 τε
2457 534 2647 586 πολλαὶ
2678 535 2967 598 Γαλιλαίας
2993 536 3348 608 θρεμμάτων.

2154 627 2338 689 Ιιάσας
2360 625 2468 696 γὰρ
2492 622 2646 695 οἶμαι
2674 627 2999 696 συνδραμεῖν
3027 645 3110 681 σοι
3144 629 3283 699 πρὸς
3311 629 3506 696 τάφον,

2164 717 2310 768 Ἰδεῖν
2342 716 2608 778 ποθούσας
2630 715 2809 786 τέρμα
2838 717 2946 769 τῶν
2983 717 3352 788 ἡλπισμὲνων.
3419 759 3443 788 ,

2158 806 2293 862 1960
2318 807 2527 877 Μικρὸν
2561 807 2604 859 δ’
2635 809 3078 880 ὰφυπνὼσωμεν,
3116 809 3227 878 ὴὼς
3262 811 3362 863 οὐκ
3394 809 3526 863 ἄπο.

2155 899 2346 968 Marb”.
2374 899 2627 970 Σφοδρῶς
2657 905 2838 954 πονεῖν
2869 919 2933 971 με
2967 903 3126 972 χρῆν,
3155 903 3424 956 πονοῦσαν
3447 903 3497 955 δ’
3527 902 3676 966 ἄξιον

2160 991 2364 1044 Μισθὸν
2389 990 2708 1061 προαθρεῖν·
2737 993 2900 1045 παντὶ
2930 994 3040 1063 γάρ
3079 993 3439 1065 προκείμενον

2155 1077 2355 1133 τΑθλον
2386 1081 2520 1150 πρὸς
2550 1081 2711 1150 ἔργον
2735 1082 2834 1152 τὴν
2864 1083 3023 1153 χάριν
3052 1084 3226 1136 τίκτει
3255 1083 3476 1154 διπλὴν,

2160 1173 2262 1223 Ἦν
2293 1171 2464 1223 πολλὰ
2495 1173 2624 1241 πρὶν
2652 1173 2869 1242 εἴληφα,
2915 1176 3010 1228 καὶ
3037 1175 3196 1228 πάλιν
3228 1174 3395 1228 λάϐω.

2158 1262 2296 1315 1965
2329 1263 2526 1315 Θεοτό.
2562 1263 2703 1328 Ναὶ,
2738 1266 2858 1328 ναὶ,
2906 1265 3112 1318 δίκαιον
3157 1265 3342 1328 τοῦτο,
3387 1266 3530 1319 κούκ
3571 1265 3740 1328 am»;

3393 1354 3674 1426 [σκοπεξ.

2158 1441 2230 1494 Σύ
2264 1441 2310 1494 τ’
2340 1437 2400 1495 εὖ
2436 1444 2746 1514 παραινεῖς,
2779 1445 2874 1496 καὶ
2913 1445 2977 1498 σὺ
3010 1445 3237 1514 καιρίως
3265 1445 3469 1514 λέγεις.

2157 1533 2351 1601 Λέγεις
2381 1533 2437 1586 δὲ
2465 1535 2656 1604 μισθὸν
2680 1536 2774 1589 καὶ
2796 1537 2976 1609 χάριν,
3000 1537 3132 1606 ὅσην
3161 1537 3324 1607 ἔχεις,

2158 1625 2269 1696 Πρὸ
2306 1625 2414 1678 τῶν
2443 1626 2618 1679 πόνων
2648 1625 2905 1691 λαὸοῠσα,
2931 1629 3025 1680 καὶ
3055 1627 3214 1682 πάλιν
3245 1628 3429 1692 λάϐοις
3449 1643 3468 1659 ο

977 1813 1060 1868 0b
1090 1813 1280 1877 multa,
1305 1811 1502 1882 quibus
1532 1809 1756 1882 liberata
1786 1824 1905 1882 sum
1936 1809 2222 1882 daemonia.

977 1888 1156 1952 Atque
1194 1880 1334 1935 ltiuc‘
1350 1881 1585 1952 fortasse
1609 1880 1814 1952 donum
1849 1880 2118 1950 insignius

979 1949 1117 2006 1915
1157 1952 1273 2020 Ipse
1304 1951 1432 2004 mihi
1464 1950 1721 2020 praabebit
1747 1949 2016 2020 mortuus,
2050 1949 2300 2020 quamvis
2330 1963 2455 2002 eum
2489 1963 2598 2004 non
2634 1957 2816 2018 putem
2849 1956 3158 2020 mortuum;

979 2021 1083 2076 Sed
1114 2019 1243 2074 mihi
1266 2021 1476 2074 videtur
1501 2019 1904 2090 dormiendum,
1937 2019 2481 2088 exspectantiumque
2516 2021 2695 2073 adhuc
2725 2019 3130 2090 crepusculum.

978 2092 1322 2145 Dormianms
1354 2091 1538 2158 igitur,
1564 2089 1921 2151 dormiamus,
1957 2090 2115 2158 longe
2151 2103 2255 2158 uon
2289 2089 2444 2143 abest
2478 2103 2700 2152 aurora,

976 2161 1174 2225 Quam.
1197 2176 1230 2213 0
1258 2177 1348 2213 rex
1376 2157 1639 2222 omnium,
1670 2160 1874 2211 utinam
1902 2157 2071 2212 ocius
2090 2157 2332 2211 videam!

978 2229 1179 2283 Verum
1214 2231 1303 2282 ubi
1335 2229 1612 2288 diluxerit,
1645 2236 1998 2296 properanter
2026 2228 2146 2282 ibo:

980 2300 1120 2354 1950
1157 2297 1361 2353 Forsan
1395 2299 1449 2352 in
1479 2312 1696 2352 sorores
1730 2298 1857 2350 illuc
1885 2307 2234 2353 occurrentes
2267 2298 2523 2362 incidam,

977 2369 1108 2435 Qua:
1137 2383 1434 2430 remanere,
1467 2377 1520 2422 et
1547 2367 1812 2420 tunmlmn
1845 2366 2114 2436 inspicere
2136 2365 2522 2433 decreverunt;

978 2443 1181 2492 Omnes
1203 2438 1346 2492 enim
1379 2438 1561 2490 animo
1595 2436 1725 2489 milii
1758 2435 2018 2488 concordi
2056 2437 2348 2491 studebant

974 2507 1166 2561 Totam
1204 2519 1417 2560 noctem
1448 2506 1730 2560 traducere
1759 2507 1813 2558 in
1840 2506 2091 2574 ungendo
2126 2517 2366 2562 mortuo.

1084 2576 1430 2647 20-1321
1469 2575 1630 2629 Seini.
1671 2575 1794 2636 Abi,
1827 2577 1912 2628 abi
1948 2591 2091 2630 nunc
2125 2577 2291 2632 celeri
2322 2591 2511 2638 cursu,
2550 2583 2606 2627 ut
2641 2575 2768 2645 quid
2801 2575 3036 2638 ediscas,

979 2577 1430 2673 ιξ2αιθ2ι
1469 2577 1630 2658 Segni.
1671 2577 1794 2636 Abi,
1827 2577 1912 2628 abi
1944 2591 2091 2658 pune

974 2648 1114 2701 19οό
1151 2647 1195 2701 0
1225 2655 1281 2700 ιιι
1313 2662 1434 2715 qua:
1459 2647 1639 2700 vmles
1663 2652 1844 2714 gestas
1871 2659 2102 2700 animos.

976 2716 1386 2786 Subsequemur
1413 2723 1723 2786 aute_m_nos
1751 2729 1876 2767 cum
1911 2716 2060 2770 hisce
2089 2715 2306 2785 puellis,

977 2783 1216 2853 Alizeque
1245 2785 1428 2854 plures
1454 2800 1484 2838 e
1516 2783 1733 2837 Galilaea
1762 2791 1916 2854 ortae.

976 2853 1417 2908 Existimo’euim
1447 2862 1672 2908 cunctas
1707 2853 1772 2906 ad
1805 2853 2069 2906 tumulum
2101 2861 2280 2908 tecum
2314 2867 2688 2908 concursuras
2715 2867 2858 2914 esse.

978 2925 1304 2994 Expeteutes
1334 2925 1448 2990 spei
1479 2930 1682 2977 nostra:
1703 2923 1907 2994 exitum
1940 2938 2186 2994 cernere.

977 2992 1633 3063 196070b‘dormiscamus
1661 2993 1940 3063 paululum
1975 3011 1987 3046 :
2021 2992 2161 3046 haud
2192 2993 2382 3063 procul
2409 3005 2628 3044 aurora.

976 3060 1561 3133 Magd._Vehementer
1586 3059 1676 3116 me
1695 3062 1941 3116 laborare
1971 3059 2205 3130 oportet,
2236 3075 2287 3117 et
2317 3062 2654 3132 laborantem
2687 3059 2841 3114 decet

977 3131 1279 3187 Mercedem
1312 3133 1512 3186 intueri
1542 3150 1556 3186 :
1587 3133 1812 3186 cuilibet
1840 3133 1982 3186 enim
2013 3135 2352 3199 propositqu

976 3200 1139 3272 Qperi
1173 3202 1454 3271 prmmium
1481 3201 1751 3272 geminant
1784 3202 1926 3271 parit
1957 3203 2212 3272 gratiam,

977 3269 1147 3341 Quam
1174 3269 1316 3340 Saepe
1344 3269 1505 3325 antea
1535 3269 1857 3341 percepi,'et
1888 3269 2084 3325 iterum
2115 3271 2441 3340 percipiam.

981 3340 1118 3412 _1_965
1153 3339 1306 3412 Deip.
1339 3341 1482 3412 Sane
1509 3339 1563 3394 et
1593 3341 1644 3394 id
1672 3339 1885 3410 aequum
1912 3350 2019 3402 est,
2053 3339 2152 3412 nec
2183 3341 2343 3412 aliter
2376 3339 2604 3402 videbis,

977 3408 1058 3489 '_l‘u
1086 3425 1213 3489 vero
1249 3408 1384 3489 bene
1409 3411 1689 3489 admones,
1717 3408 1772 3463 et
1800 3419 2104 3489 opportune
2135 3410 2391 3489 loqueris.

976 3477 1243 3547 Loqueris
1266 3479 1334 3532 de
1368 3479 1637 3540 mercede,
1671 3487 1724 3532 et
1753 3477 1949 3547 gratia,
1981 3477 2239 3547 quantam
2270 3479 2575 3540 obtinuisti,

980 3548 1154 3601 Etiam
1183 3548 1500 3618 priusquam
1535 3549 1833 3611 laborares,
1861 3559 1915 3602 et
1946 3564 2110 3617 quam
2141 3551 2336 3604 iterum
2365 3550 2632 3620 accipies:

555 3745 917 3814 1945Ἕκητι
953 3747 1220 3816 πολλῶν,
1256 3740 1364 3808 ὧν,
1408 3757 1512 3801 etc.
1561 3746 1792 3816 Septem,
1839 3762 2054 3816 nempe,

481 3817 891 3940 ῧωνέιιῖξὶαταιιω
931 3815 1173 3871 Christus
1202 3832 1266 3871 ex
1310 3833 1373 3870 ea
1417 3815 1714 3885 expulerat,
1741 3815 1909 3870 Marc.
1942 3815 2054 3882 iw,

521 3926 535 3940 .
614 3905 666 3940 (ι
698 3925 711 3940 .
736 3905 799 3940 ω.

483 3891 535 3942 9.
571 3887 711 3940 Edit.
736 3880 799 3942 ὧ.

554 3905 692 4012 119ίί11
698 3905 1003 4026 ⁸ιιέρεοοδρῶς-
1050 3955 1277 4019 πονεῖν,
1311 3965 1413 4011 etc.
1439 3955 1514 4010 Ita
1561 3956 1670 4010 fere
1715 3954 1868 4010 Rhea.
1906 3971 2052 4011 vers.

483 4025 607 4090 161,
637 4025 779 4090 θια,
806 4026 975 4080 Dolon
1008 4025 1290 4082 [lectorem
1323 4028 1620 4096 alloquitur
1646 4043 1660 4080 :

484 4096 692 4167 Obnoﬁv
713 4099 902 4167 πονεῖν
919 4113 984 4167 με
1023 4097 1150 4167 χρὴ,
1183 4096 1448 4151 πονοῦντα
1469 4097 1514 4148 δ’
1536 4097 1685 4160 ἄξιον

482 4165 690 4237 ᾈᾷισβὸν
714 4165 972 4237 φέρεσθαι
995 4183 1008 4197 ο
1027 4165 1204 4237 παντὶ
1229 4167 1337 4236 γὰρ
1371 4167 1763 4237 προσκείμενον

482 4234 689 4307 Κέρδος
716 4234 851 4306 πρὶς
887 4236 1056 4306 ἔργῳ,
1085 4236 1181 4306 τὴν
1208 4234 1366 4305 χάριν
1398 4234 1571 4288 ’ἐίκτει
1599 4234 1813 4306 διπλήν.

2165 3747 2292 3802 Ideo
2327 3765 2406 3802 me
2433 3749 2676 3802 laborare
2703 3749 2960 3813 convenit,
2996 3750 3086 3803 sed
3127 3748 3456 3804 laborantem
3487 3751 3628 3806 decet

2166 3817 2459 3872 Mercedem
2490 3819 2737 3886 auferre;
2768 3819 3007 3872 additum
3035 3821 3172 3874 enim
3204 3821 3348 3872 omni

2169 3887 2393 3958 Negotia
2422 3890 2660 3952 lucrum,
2690 3890 3007 3953 voluptatem
3044 3891 3185 3958 parit
3215 3889 3502 3956 duplicem.

2237 3958 2375 4011 1965
2397 3958 2528 4022 Ναὶ,
2561 3959 2680 4024 ναὶ,
2715 3959 2967 4025 δίκαιον,
3011 3957 3284 4013 etc.Jbid.
3319 3975 3471 4014 vers.
3508 3959 3609 4014 164
3642 3971 3722 4011 ro—

2165 4029 2398 4118 spottdet
2427 4027 2627 4118 llector
2659 4045 2672 4078 :

2162 4096 2290 4159 Ναὶ,
2312 4097 2420 4159 ναὶ,
2451 4097 2632 4150 δίκαια
2661 4097 2856 4160 ταῦτα,
2883 4097 3017 4150 κούκ
3038 4097 3211 4160 ἄλλως
3238 4096 3396 4164 λέγω.

2167 4165 2305 4220 Sane
2335 4177 2384 4220 et
2419 4167 2528 4221 Ιηιό
2555 4184 2706 4237 α’ᾳιια
2730 4178 2875 4232 sunt,
2907 4183 2999 4221 nec
3031 4168 3187 4221 aliter
3215 4177 3468 4222 contrave
3491 4167 3625 4222 dico.

1782 4433 2114 4494 METRICA
2140 4434 2407 4494 VERSIL
2434 4487 2440 4493 .

481 4615 649 4672 Istum
675 4615 938 4678 laborem,
972 4613 1114 4668 haud
1147 4615 1428 4669 immemor
1447 4629 1635 4669 eorum
1667 4616 1909 4668 omnium

480 4686 879 4747 Periculorum,
905 4684 1102 4752 quibus
1132 4686 1179 4739 is
1205 4685 1333 4738 olim
1367 4685 1592 4738 liberam

481 4755 566 4810 Me
600 4756 747 4820 fecit,
779 4764 940 4824 atque
962 4754 1087 4808 hinc
1113 4755 1248 4808 forte
1279 4763 1332 4808 et
1359 4753 1498 4807 idem
1525 4761 1769 4807 mortuus

479 4825 565 4879 Me
589 4826 818 4878 clariore
845 4839 1068 4878 munere
1094 4824 1435 4879 exornaverit
1457 4839 1471 4888 ;

480 4895 622 4961 Quin
651 4902 924 4947 mortuum
955 4895 1106 4963 illum
1132 4910 1238 4947 non
1270 4901 1414 4963 puto.
1449 4891 1646 4947 Verum
1680 4891 1808 4946 milii

478 4963 670 5018 Adhuc
697 4965 911 5018 videtur
942 4962 1342 5024 dormiendum,
1375 4973 1427 5015 et
1455 4964 1733 5032 paululum

479 5031 580 5102 llic
611 5033 1006 5086 immorandum
1036 5035 1192 5102 plena
1222 5034 1347 5086 dum
1381 5031 1538 5088 nocte
1561 5033 1761 5085 omnia.

477 5101 596 5156 Jam
625 5103 976 5163 dormiamus,
1009 5101 1365 5161 dormiamus,
1399 5117 1504 5156 non
1535 5103 1689 5156 abest

475 5175 689 5240 Aurora
721 5173 895 5240 longe,
926 5186 1110 5238 quam,
1143 5187 1175 5240 o
1203 5171 1443 5224 omnium
1475 5187 1590 5233 rex,
1623 5173 1774 5225 ocius

478 5239 696 5295 Utinam
731 5239 831 5310 ego
852 5240 1092 5310 videam!
1122 5239 1318 5294 Verum
1354 5241 1444 5294 ubi
1472 5241 1730 5296 diluxerit

473 5309 836 5380 Properanter
860 5310 981 5376 ibo;
1008 5309 1236 5363 forsitan
1260 5311 1420 5365 etiam
1449 5311 1686 5364 incidam

472 5379 704 5435 Cursum
743 5381 795 5433 in
825 5394 1097 5443 sororum,
1125 5381 1324 5449 quibus
1352 5380 1405 5432 id
1429 5381 1664 5434 cilicium
1698 5379 1798 5432 fuit

473 5450 650 5519 Prius,
679 5460 738 5503 ut
766 5457 1047 5502 manerent
1067 5459 1121 5502 et
1149 5451 1459 5519 scpulcrum
1489 5458 1794 5503 cernerent.

471 5517 580 5575 Illa:
600 5521 744 5575 enim
777 5519 831 5572 in
859 5519 910 5570 id
944 5533 1132 5572 oumes
1161 5517 1340 5573 urente
1366 5519 1620 5572 concordi
1660 5519 1788 5571 mihi

471 5587 704 5658 Iantum
731 5590 1040 5649 studebant,
1069 5603 1266 5657 corpus
1293 5597 1350 5642 ut
1384 5597 1632 5658 sanctum
1662 5596 1943 5658 ungerent,

474 5654 801 5725 l‘joctemque
824 5667 991 5712 totam
1022 5658 1102 5711 sic
1128 5654 1287 5711 simul
1315 5657 1682 5725 traducerent.

476 5721 636 5777 Sami.
667 5721 786 5789 Abi,
816 5744 848 5780 ο
880 5727 1086 5780 virilem
1119 5743 1240 5798 qua:
1270 5727 1465 5780 mulier
1492 5724 1775 5778 audaciam

2086 4625 2125 4678 Β
2153 4615 2385 4686 IEquas,
2419 4616 2505 4670 abi
2531 4617 2643 4685 jam
2679 4631 2929 4686 propere,
2958 4623 3018 4669 ut
3051 4614 3256 4686 aliquid
3290 4616 3522 4670 rescias.

2155 4688 2264 4742 Nos
2290 4701 2690 4757 consequemur
2713 4703 2834 4740 cum
2872 4687 3173 4757 puellarum
3206 4686 3307 4739 hoc
3335 4701 3520 4757 grege,

2151 4757 2392 4825 Aliaeque
2415 4755 2630 4810 Galileea
2656 4767 2786 4810 sata:
2818 4772 2978 4825 quam
3010 4756 3274 4824 plurimae.

2154 4825 2284 4877 Nam
2308 4823 2498 4885 credo,
2523 4826 2748 4880 comites
2769 4823 3034 4894 quotquot
3060 4827 3163 4878 illa:
3191 4831 3337 4886 sunt,
3370 4823 3454 4876 tui

2151 4894 2360 4966 Qursus
2393 4895 2606 4949 futuras
2635 4896 2699 4948 ad
2732 4896 3085 4966 sepulcrum:
3113 4899 3188 4948 ita
3218 4900 3482 4966 expetunt

2155 4963 2349 5034 )fidere
2378 4966 2500 5034 quis
2530 4966 2600 5019 sit
2635 4966 2810 5019 insita;
2830 4965 2943 5033 spei
2974 4965 3174 5019 exitus.

2153 5031 2308 5103 Ifinuc
2339 5031 2640 5088 ex'citemur
2671 5031 2971 5103 paululum,
3007 5049 3204 5088 aurora
3237 5031 3378 5086 haud
3410 5031 3610 5103 procul.

2153 5100 2334 5174 μικρά.
2367 5103 2577 5174 Labore
2609 5100 2738 5156 mihi
2769 5119 2907 5174 opus
2935 5112 3184 5164 strenuo,
3221 5119 3330 5172 quo
3367 5102 3639 5170 pra-mium

2149 5171 2376 5243 ilignum
2410 5173 2616 5226 laboris
2643 5181 2768 5227 ante
2797 5171 3023 5227 caeteros
3049 5188 3244 5243 queam

2147 5239 2344 5312 Yiilere
2382 5262 2394 5296 :
2426 5258 2663 5311 namque
2684 5243 2910 5296 cuilibet
2943 5239 3089 5312 quod
3119 5242 3344 5311 ponitur

2144 5309 2430 5383 Praemium
2456 5312 2522 5365 ad
2545 5309 2702 5381 opus,
2730 5309 3001 5381 genuinam
3028 5309 3168 5381 par—it
3192 5314 3293 5368 sibi
3321 5313 3569 5383 gratiam,

2145 5379 2319 5451 Quam
2351 5396 2492 5451 swpe
2522 5379 2751 5451 percepi
2785 5391 2931 5446 ante,
2967 5379 3238 5451 quamque
3270 5379 3448 5436 denuo

2144 5449 2467 5520 Perc‘ipiaui.
2503 5450 2652 5519 Deip.
2689 5449 2753 5504 Et
2783 5449 2997 5521 acquum
3025 5459 3109 5506 est
3145 5451 3197 5504 id
3227 5466 3464 5521 quoque,
3493 5460 3587 5501 nec
3619 5457 3706 5495 unv

3274 5520 3293 5594 [
3302 5520 3463 5591 quam
3495 5529 3641 5571 secus

2145 5586 2386 5657 Yidebis.
2419 5598 2473 5643 et
2503 5589 2667 5657 probe
2705 5604 2895 5644 mones
2925 5598 2976 5644 et
3007 5586 3316 5644 commode.

2144 5655 2240 5730 Vis
2268 5668 2447 5713 autem
2474 5655 2548 5720 id,
2577 5667 2635 5711 ut
2658 5659 2803 5727 quod
2835 5660 3040 5726 praemii
3063 5670 3232 5730 atque
3257 5660 3445 5730 gratia:

2144 5729 2350 5795 Adepta
2381 5743 2439 5782 es
2472 5737 2596 5782 ante
2619 5736 2743 5781 tuos
2776 5729 3009 5792 labores,
3043 5729 3224 5783 denuo
