3886 6404
520 454 624 511 307

519 571 630 625 hat
655 568 789 640 τῷδε
817 567 984 638 μηδὲν
1019 563 1278 634 μυστικδν
1301 562 1456 633 Θέμις
1487 562 1686 629 λέγειν.

521 663 664 734 "pb;
694 660 937 731 δυσμενῆ
976 659 1084 729 γὰρ
1123 658 1380 729 μυστικὸν
1407 656 1490 719 τίς
1523 653 1783 724 ὲκφέρει;

525 753 662 808 2165
693 754 851 805 Δοκεῖ
875 751 932 804 δὲ
959 749 1110 819 καλῷ
1133 748 1394 819 δυσμενὲς
1433 744 1765 807 τούναντίον,

533 848 623 910 Ὠς
651 846 836 916 ἡμέρᾳ
872 843 969 908 νὺξ
995 883 1008 904 ,
1041 843 1137 895 καὶ
1165 841 1351 902 σκότος
1377 839 1538 893 πάλιν
1565 837 1712 905 φάει.

533 941 619 1002 Ὠς
650 939 950 992 ἀντίκειται
982 934 1175 1004 ψεῦδος
1220 932 1412 1003 ἀληθεῖ
1437 931 1602 1000 λόγῳ.

533 1031 675 1086 Ἀλλ’
708 1031 958 1100 ἀπίωμεν
990 1028 1183 1082 θᾶττον
1213 1027 1271 1088 ὲς
1304 1023 1684 1096 μυστηπὸλους
1707 1061 1722 1084 ,

522 1121 852 1189 Εὑαγγέλιον
885 1120 1072 1190 χάρμα
1110 1116 1364 1189 δηλοῦσαι
1416 1115 1608 1183 φίλοις.

521 1213 660 1268 2170
701 1210 837 1263 Ἀλλ’
865 1209 944 1263 di!
973 1209 1069 1262 τίν’
1103 1207 1254 1276 ἁθρῶ
1283 1205 1478 1268 νυκτὸς
1515 1203 1695 1274 ἥκοντ’
1735 1201 1964 1264 ὲνθάδες

595 1305 752 1373 Ἀγγθ.
792 1301 1060 1354 Δέσποινα
1081 1341 1094 1362 ,
1135 1300 1312 1370 μῆτερ
1357 1298 1584 1360 Παιδὸς,
1615 1289 1726 1348 οἷον
1751 1292 1966 1346 οὐδέπω

524 1395 725 1466 Ἀλλην
753 1390 966 1461 γυναῖκ’
1003 1390 1194 1444 ἔκλυον
1227 1389 1473 1441 ἐκτεκεῖν
1514 1402 1663 1438 ποτε.

521 1486 720 1542 Θεοτό.
746 1483 868 1537 Τῶν
899 1483 1224 1554 συμφρόνων
1261 1482 1344 1544 τίς
1377 1477 1538 1540 αὐτὸς
1567 1472 1650 1544 εἷς
1693 1476 1815 1528 κατ’
1837 1473 2105 1544 εὐφρόνην

533 1579 856 1652 ’Λμὸλῶπες
889 1578 1057 1647 αὐγαὶ
1080 1617 1095 1640 ,
1121 1577 1217 1630 κοῦ
1257 1594 1314 1630 σε
1350 1575 1604 1646 γινώσκω
1633 1572 1828 1645 τορῶς.

523 1673 661 1728 2175
683 1673 843 1741 Ἀττ.
879 1669 1081 1732 Εὕνους
1112 1668 1196 1722 ἀεί
1225 1685 1329 1730 σοι,
1362 1665 1459 1719 καὶ⁵
1491 1663 1753 1733 σφαγέντι
1786 1678 1867 1714 σοι
1896 1659 2103 1730 Τέκνῳ,

535 1764 566 1816 1‘
569 1763 644 1816 ὦν
668 1759 990 1833 θαυμασίων
1016 1757 1266 1827 κάγαθῆς
1292 1755 1488 1828 φρενὸς
1521 1755 1695 1826 χάριν.

1037 1991 1104 2044 Ει
1137 1991 1264 2044 huic
1295 1987 1429 2043 nihil
1462 1986 1646 2041 arcani
1672 1985 1757 2042 fas
1779 1995 1863 2041 est
1888 1985 2061 2056 loqui.

1037 2062 1238 2128 Ecquis
1262 2060 1408 2113 enim
1439 2058 1581 2113 hosti
1612 2057 1826 2128 deteget
1854 2057 2156 2128 arcanum?

1336 443 1675 500 APPENDIX
1714 441 1804 496 AD
1835 439 1892 495 S.
1933 435 2261 494 GREGOBII
2299 434 2549 490 THEOL.
2589 433 2918 489 CARMINA.

2132 562 2176 614 Α
2207 552 2404 608 Θεοτό.
2435 549 2573 604 Νέον
2597 549 2651 603 τί
2676 549 2724 603 δ’
2746 547 3068 617 ἀγγελλεῇςς
3104 545 3189 614 τίς
3221 546 3452 617 τάχιστα
3493 546 3743 616 φράσον.

3695 430 3835 489 303

2212 647 2368 713 "An.
2401 643 2698 705 Δέσποινα,
2725 643 2882 711 χαῖρε
2904 657 2920 671 ο
2946 638 3108 692 τοῦτό
3135 655 3218 692 σοι
3247 639 3462 709 πρῶτον
3486 638 3662 706 λέγω,

2209 736 2498 806 Πάγχαρτε
2533 736 2720 804 χαῖρε·
2752 731 2907 784 τοῦδε
2947 731 3058 801 γὰρ
3087 730 3371 802 προοίμιον
3396 748 3408 760 ·

2206 831 2348 886 2180
2375 828 2606 882 Κάλλιον
2632 827 2806 890 οὐδεὶς
2842 822 3322 898 οἶδε-προσφωνεῖν
3355 821 3591 895 βροτῶν,

2221 923 2361 976 Ἀλλ’
2390 922 2542 975 οὐδὲν
2570 917 2738 994 ἧσσόν
2770 936 2850 973 σοι
2879 919 3059 990 φέρω,
3089 916 3310 979 κεδνοὺς
3331 915 3550 984 λόγουςο

2211 1018 2341 1070 Οἴαν
2373 1016 2479 1087 γὰρ
2512 1013 2773 1083 ἀγγελίαν
2797 1015 2918 1083 ἥκω
2951 1029 3027 1065 σοι
3065 1012 3268 1082 φέρων.

2212 1109 2410 1163 Θεοτό.
2443 1106 2570 1160 Υἱδν
2599 1105 2817 1176 φανέντ’
2842 1105 2986 1168 ἇῖδος
3019 1102 3270 1172 ἀγγελεῖς
3306 1100 3463 1163 νέον;

2214 1203 2372 1270 Ἀγγο.
2407 1201 2619 1268 Ἐγνως
2637 1240 2652 1263 ,
2678 1199 2822 1269 λόγῳ
2849 1215 2916 1266 με
2940 1198 3023 1261 δὶς
3059 1197 3214 1250 τόσον
3243 1195 3297 1266 μ’
3322 1193 3631 1261 ἐκούφισας
3647 1207 3664 1222 ⁶

2208 1293 2352 1348 2185
2380 1291 2603 1355 Ἤλυθε,
2631 1291 2727 1344 καὶ
2760 1290 3045 1361 πάρεστιν,
3075 1287 3150 1351 ὡς
3171 1289 3316 1357 αἱρεῖ
3344 1286 3507 1355 φάτις

2212 1384 2329 1438 Κᾶν
2358 1387 2428 1455 γῇ
2467 1384 2558 1436 τὸν
2594 1383 2728 1454 ᾅδην
2761 1382 3018 1451 ἐκφυγὼν
3055 1379 3368 1452 πορεύεται.

2215 1475 2433 1528 Τοιαῦτ⁹
2469 1473 2580 1543 ἐγὼ
2605 1474 2715 1546 γὰρ
2739 1473 2993 1542 ἀγγελεῖν
3021 1471 3275 1544 ἐλήλυθα.

2217 1567 2414 1624 Θεοτό.
2461 1567 2680 1638 Ἀμμες
2710 1565 2808 1636 μὲν
2838 1565 2989 1636 ἴδμεν
3017 1563 3208 1617 τοῦτο·
3249 1566 3313 1616 σὺ
3340 1561 3384 1614 δ’
3414 1555 3568 1622 οἶδας
3603 1557 3811 1623 πόδας

2219 1660 2363 1728 Ἀγ’,
2397 1659 2542 1718 εἰπὲ,
2577 1658 2691 1722 πῶς
2719 1659 2867 1728 φής;
2904 1657 3020 1721 πῶς
3054 1655 3267 1724 λέγεις;
3299 1648 3446 1717 οἶδας
3484 1651 3546 1704 δὲ
3578 1650 3750 1716 πῶς;

2215 1752 2357 1806 2190
2394 1751 2460 1804 Τί
2483 1754 2531 1804 τ’
2554 1752 2637 1822 ἄρ’
2665 1750 2894 1821 ἐναργὲς
2927 1729 3066 1804 τοῦδ’
3098 1751 3246 1819 ἐρεῖς
3278 1746 3628 1816 τεκμήριον;

1035 2133 1098 2210 «ιι
1110 2127 1178 2185 65
1217 2131 1381 2210 Bono
1395 2137 1576 2210 autem
1610 2129 1870 2210 inimicus
1884 2127 2114 2210 _videt_ur
2127 2141 2403 2210 pugnare,

1042 2202 1111 2256 Ut
1144 2218 1249 2256 nox
1279 2201 1406 2263 diei,
1436 2207 1491 2253 et
1522 2199 1720 2253 iterum
1755 2198 1998 2253 tenebrae
2031 2199 2164 2252 luci.

1039 2273 1131 2325 Sic
1171 2273 1464 2342 apponitur
1491 2270 1997 2342 mendaciumvero
2031 2271 2296 2324 sermoni.

1030 2339 1524 2421 ΧθτιιιιιόεΙιςτὶιςι·
1553 2339 1618 2394 ad
1648 2339 1927 2421 apostolos
1955 2355 2169 2421 eamus,

1036 2412 1104 2469 Ut
1133 2413 1329 2465 amicis
1361 2412 1487 2465 boni
1518 2410 1697 2464 nuntii
1737 2410 1996 2480 gaudium
2027 2410 2362 2465 deferamus.

1029 2485 1175 2538 2-170
1217 2482 1519 2551 Sedquem
1545 2481 1653 2536 huc
1683 2490 2255 2551 noctuproperautem
2293 2481 2490 2535 video?

1109 2553 1280 2606 Nunt.
1323 2550 1576 2612 Domina,
1612 2563 1787 2606 mater
1818 2550 1962 2615 Filii,
1985 2550 2212 2620 qualem
2249 2565 2530 2622 nunquam

1034 2625 1232 2677 Audivi
1271 2623 1436 2675 ullam
1468 2623 1753 2677 mulierem
1785 2623 2086 2691 peperisse.

1036 2695 1192 2759 Deip.
1231 2692 1368 2759 Quis
1397 2692 1697 2746 amicorum
1731 2709 1791 2747 es
1817 2692 1913 2745 tu?
1935 2708 2032 2761 per
2060 2700 2276 2748 noctem

1036 2765 1288 2834 Caligant
1325 2762 1611 2834 oculorum
1645 2763 1805 2825 radii,
1846 2778 2023 2833 neque
2051 2772 2105 2818 te
2139 2765 2299 2834 plane
2331 2777 2592 2830 agnosco.

1035 2831 1180 2890 2175
1223 2833 1395 2904 Nunt.
1441 2833 1572 2886 Sum
1608 2834 1820 2904 amicus
1857 2831 2074 2904 semper
2101 2831 2222 2896 tibi,
2254 2843 2307 2888 et
2331 2834 2515 2888 occiso
2550 2842 2647 2887 tuo
2679 2831 2838 2897 Filio,

1047 2905 1130 2959 Oh
1165 2903 1434 2974 miracula
1463 2919 1582 2974 qua;
1604 2903 1796 2974 edidit,
1827 2911 1883 2957 et
1911 2903 2178 2973 optimum
2211 2905 2386 2974 ipsius
2409 2905 2676 2958 animum.

1093 2973 1502 3045 332-1333
1546 2973 1696 3039 Deip.
1737 2972 2183 3044 Novine’aliquid
2211 2972 2548 3030 annuntias?
2572 2974 2745 3045 quid?
2770 2973 2884 3027 cito
2912 2972 3159 3041 loquere.

1047 3045 1218 3098 Nunt.
1263 3045 1443 3106 Salve,
1476 3045 1738 3110 Domina;
1762 3045 1868 3115 hoc
1887 3045 1984 3099 tibi
2015 3047 2251 3115 primum
2279 3045 2424 3109 dico,

1042 3116 1232 3171 Gaude
1250 3117 1493 3186 gestiens
1519 3134 1534 3181 ;
1566 3117 1838 3170 sermonis
1861 3113 1965 3170 hoc
1996 3113 2319 3186 proemium
2352 3124 2474 3170 est:

1040 3186 1186 3241 2-180
1218 3185 1411 3240 Nullus
1447 3186 1611 3241 homo
1632 3187 1782 3240 novit
1805 3185 2029 3256 dignius
2048 3187 2400 3256 compellare,

1044 3257 1152 3311 Sed
1194 3257 1329 3310 nihil
1364 3259 1545 3312 minus
1578 3258 1672 3312 tibi
1705 3257 1891 3311 adiero.
1931 3259 2272 3312 venerandos
2296 3272 2596 3311 sermones.

1043 3328 1358 3383 Consouum
1395 3331 1539 3382 enim
1575 3329 1702 3382 huic
1731 3328 1998 3396 prommio
2022 3327 2118 3381 tibi
2151 3329 2403 3383 nuntium
2430 3336 2607 3396 portu.

1043 3398 1197 3464 Deip.
1233 3396 1597 3454 Nuntiabisne
1625 3399 1757 3452 mihi
1792 3396 1990 3451 Filium
2023 3414 2087 3451 ex
2117 3398 2312 3454 inferis
2345 3400 2508 3452 modo
2535 3397 2858 3452 reducem?’

1046 3467 1218 3538 Nunt.
1246 3466 1434 3538 Nosti,
1467 3469 1571 3521 hoc
1605 3483 1862 3522 sermone
1889 3483 1977 3522 me
1999 3468 2166 3538 duplo
2194 3469 2452 3524 leviorem
2474 3467 2756 3523 reddidisti
2785 3486 2800 3521 ι

1041 3537 1186 3608 2185
1229 3537 1504 3608 Surrexit,
1541 3549 1595 3592 et
1621 3539 1797 3600 adest,
1837 3546 1896 3591 ut
1933 3537 2122 3592 rumor
2155 3541 2348 3608 serpit,

1043 3607 1111 3678 ξι
1144 3608 1352 3663 inferos
1379 3607 1594 3678 fugiens
1623 3624 1790 3678 super
1816 3617 2018 3662 terram
2045 3607 2314 3678 graditur.

1043 3676 1196 3732 Talia
1227 3679 1375 3733 enim
1407 3676 1506 3733 tibi
1528 3676 1781 3733 nuntiare
1815 3680 1994 3733 venio.

1047 3747 1198 3816 Deip.
1241 3748 1352 3804 Nos
1376 3749 1629 3817 equidem
1667 3748 1719 3802 id
1757 3749 1999 3815 scimus;
2033 3748 2128 3804 sed
2161 3749 2307 3804 unde
2334 3757 2393 3802 tu
2428 3750 2614 3803 nosti?

1042 3821 1176 3889 Age.
1203 3819 1311 3881 dic,
1343 3820 1622 3888 quomodo
1644 3820 1727 3874 ais
1746 3820 1769 3879 2
1787 3820 2064 3888 quomodo
2095 3820 2270 3874 dicis?
2297 3821 2574 3889 quomodo
2604 3820 2787 3877 nosti?

1041 3889 1184 3946 2190
1221 3889 1396 3956 Quale
1422 3891 1648 3946 evidens
1677 3891 1907 3961 hujusce
1932 3890 2011 3946 rei
2036 3891 2199 3946 aﬂers
2225 3889 2529 3945 indicium?

599 4115 744 4186 2174
786 4112 1253 4186 ᾍμὸλῷπεςβιο.
1284 4113 1388 4186 δίο,
1414 4114 1551 4186 Reg.
1583 4114 1726 4170 Med.
1753 4114 1900 4169 Edit.
1937 4115 2116 4170 αὑλῶ-

531 4202 654 4250 πες.
683 4185 756 4239 Ita
788 4184 900 4240 fere
935 4183 1268 4256 Rhenvers.
1297 4185 1420 4248 736,
1442 4183 1581 4256 etin,
1613 4187 1820 4241 chorus
1865 4189 2114 4256 aurigam

532 4257 701 4312 Rhesi
742 4257 1046 4324 interrogat
1079 4254 1275 4324 iisdem
1303 4255 1508 4312 verbis.

603 4326 744 4381 2180
781 4323 1068 4379 Κάλλιον.
1113 4324 1186 4378 Ita
1227 4323 1360 4394 Reg.
1405 4340 1569 4394 quam
1611 4340 1776 4378 unam
1810 4341 1997 4381 veram
2039 4327 2117 4382 le-

533 4398 774 4452 ctionem
805 4401 991 4451 censet
1023 4393 1408 4459 Combeﬁsius,
1444 4411 1553 4464 qua
1581 4396 1849 4459 admissa,
1890 4413 1995 4452 vox
2024 4398 2115 4451 illa

535 4467 597 4519 σέ
625 4466 858 4520 delenda
885 4464 1025 4530 erit;
1053 4464 1300 4534 alioquin
1333 4466 1545 4536 syllaba
1572 4479 1682 4519 una
1712 4467 1930 4537 longior
1965 4477 2114 4524 esset

535 4551 749 4591 versus.

2287 4113 2429 4168 2182
2461 4116 2630 4178 Olar,
2660 4129 2760 4183 pro
2782 4113 3014 4182 ὁμοίαν.
3045 4112 3274 4169 Videtur
3303 4112 3549 4170 alludere
3581 4113 3651 4169 ad
3684 4115 3818 4171 illud

2217 4183 2374 4239 Isaia:
2424 4201 2574 4249 val,
2632 4201 2777 4240 vers.
2808 4187 2878 4237 2:
2923 4185 3008 4237 Ad
3043 4202 3194 4255 quem
3231 4187 3537 4254 respiciam,
3583 4188 3699 4241 nisi
3756 4187 3821 4239 ad

2216 4257 2614 4325 pauperculum.
2639 4267 2687 4309 et
2736 4257 3021 4309 contritum
3048 4257 3238 4325 spiritu
3266 4266 3316 4310 et
3363 4266 3682 4312 trementem
3717 4273 3821 4312 ser-

2217 4342 2394 4380 mones
2433 4328 2619 4382 meos?
2666 4325 2867 4380 Verum
2906 4327 3161 4381 intricata
3195 4327 3423 4381 nimium
3478 4335 3535 4383 et
3575 4333 3818 4384 obscura

2217 4407 2304 4451 est
2337 4398 2552 4460 littera;
2589 4412 2765 4467 neque
2789 4397 2924 4467 satis
2952 4398 3226 4467 expressit
3256 4395 3422 4452 Roill.

2293 4467 2436 4521 2184
2481 4465 2687 4521 Tdoor.
2712 4465 2846 4537 Reg.
2882 4465 3235 4523 Μεάξτόσου.

2295 4537 2439 4592 2185
2475 4538 2654 4606 Αἱρεῖ.
2693 4537 2826 4608 Reg.
2863 4537 3007 4594 Med.
3043 4538 3177 4608 ἔρει.

1826 4720 2161 4780 METRICA
2206 4720 2504 4780 YERSIO.

533 4882 750 4937 Arcana
785 4881 870 4937 fas
891 4890 977 4937 est
1007 4895 1165 4937 sacra
1198 4891 1401 4937 temere
1429 4880 1684 4952 prodere.

532 4952 670 5024 Nam
702 4955 827 5021 quis
857 4968 960 5007 suo
986 4955 1127 5008 hosti
1158 4952 1402 5023 proferet
1430 4953 1578 5024 quod
1607 4952 1855 5018 abditum
1876 4953 1999 5010 est?

534 5022 776 5095 ﬂonesta
805 5033 1050 5093 pugnant
1077 5022 1329 5095 turpibus
1357 5022 1596 5095 semper,
1631 5024 1750 5080 dies

536 5092 610 5146 Ut
634 5092 812 5157 nocti,
835 5092 900 5147 et
920 5097 1036 5162 ipsa
1065 5092 1454 5159 lux'tenebris,
1481 5092 1703 5150 vanitas

535 5162 604 5217 Et
637 5164 871 5217 veritati.
900 5163 1102 5218 Verum
1127 5181 1316 5220 eamus
1344 5169 1501 5220 ocius

535 5234 617 5288 Ad
658 5236 958 5302 apostolos,
1005 5236 1140 5304 ipsis
1175 5236 1365 5291 amicis
1411 5235 1605 5290 nuntio

484 5369 493 5376 ,
538 5304 611 5360 Ut
657 5305 969 5374 ingeramus
1000 5307 1254 5376 gaudium
1299 5307 1598 5362 laetissimo.

534 5379 626 5448 ᾼι,
659 5385 734 5437 at,
767 5377 890 5448 quis
912 5377 1001 5430 hic
1030 5387 1114 5432 est
1149 5387 1307 5448 nocte
1344 5394 1507 5448 quem
1535 5391 1702 5433 cerno
1729 5376 1956 5448 gradum

535 5445 704 5501 Recta
731 5448 835 5499 huc
858 5446 1159 5502 ferentem“!
1188 5445 1438 5505 NuntIO
1476 5445 1937 5507 Dominafmater
1963 5445 2113 5513 Filii,

535 5517 763 5584 Qualem
801 5517 908 5569 ulla
939 5533 1218 5586 nunquam
1249 5520 1444 5573 mulier
1479 5520 1640 5573 enixa
1668 5525 1755 5571 est
1785 5533 2003 5586 parens.

536 5589 690 5656 Deip.
723 5586 878 5643 Tune
904 5590 1104 5660 aliquis
1139 5605 1205 5644 ex
1231 5602 1421 5646 nostro
1441 5602 1602 5660 grege
1633 5604 1693 5643 es
1725 5587 2115 5730 nocteilaml;u-

1915 5673 2041 5712 ans.

1915 5673 2041 5712 aus:

538 5723 676 5798 Nam
715 5729 862 5784 visus
893 5729 1144 5786 inﬁrmus
1174 5731 1328 5795 mihi,
1355 5744 1458 5784 nec
1484 5737 1537 5782 te
1566 5729 1771 5798 optime

540 5795 806 5867 agnosco.
859 5798 1032 5854 Nunt.
1065 5801 1290 5854 Amicus
1315 5810 1368 5855 et
1395 5799 1513 5860 tibi,
1544 5795 1721 5852 et'tuo
1753 5797 1914 5852 modo

541 5863 644 5990 3m
673 5881 848 5922 caesus
880 5877 964 5924 est
995 5868 1155 5929 Nato,
1186 5871 1296 5922 inte
1334 5885 1448 5922 ram
1481 5874 1644 5936 atque
1674 5867 1952 5922 innoxiam

593 5937 625 5990 b
655 5937 840 5990 vitam.
867 5945 921 5990 et
946 5938 1037 5990 illa
1059 5953 1180 5990 uitae
1203 5886 1373 5990 ediﬁit
1407 5939 1689 5990 miracula.

593 5937 625 5990 b
655 5937 840 6001 vitam.
867 5945 921 5992 et
946 5938 1037 5992 illa
1059 5953 1180 6008 qtm
1203 5937 1373 5994 edidit
1407 5939 1689 5994 miracula.

2151 4891 2194 4944 Β
2225 4880 2376 4950 Deip.
2431 4879 2638 4951 Ecquid
2685 4881 2813 4936 novi
2863 4881 3072 4938 allers?
3108 4882 3280 4953 quid?
3331 4881 3555 4953 loquere
3593 4888 3817 4942 celerri-

2232 5021 2404 5077 Nunt.
2447 5021 2564 5078 Hoc
2587 5022 2712 5077 died
2746 5025 2983 5092 primum
3009 5037 3156 5077 nunc
3185 5022 3315 5090 tibi;
3344 5023 3462 5078 lzeta
3486 4956 3725 5082 eum}

2225 5093 2270 5146 Ο
2297 5093 2543 5154 Domina,
2569 5093 2744 5164 gaude
2775 5097 3036 5164 gestiens,
3066 5095 3392 5163 procemium

2228 5165 2512 5220 Sermonis
2543 5165 2646 5217 hoc
2676 5173 2761 5218 est
2789 5183 2802 5218 :
2831 5179 2992 5219 nemo
3020 5173 3074 5219 te
3103 5165 3419 5219 mortalium

2225 5234 2526 5304 Compellat
2558 5236 2666 5289 alio
2694 5233 2945 5304 dignius,
2976 5250 3100 5289 nam
3134 5237 3361 5289 nuntius

2223 5306 2453 5367 Adsum,
2499 5306 2765 5374 stupenda
2798 5307 3044 5374 miraque
3078 5306 3260 5360 omnia
3299 5305 3554 5360 aﬂ'erens.

2225 5374 2378 5446 Deip.
2415 5374 2620 5445 Nempe
2660 5378 2916 5430 reducem
2953 5375 3148 5430 Natum
3191 5377 3346 5446 nigra
3377 5389 3442 5446 ex
3477 5376 3620 5433 Ditis
3651 5383 3810 5437 domo

2226 5445 2355 5500 Mihi
2385 5446 2709 5500 nuntiabis?
2743 5446 2918 5500 Nunt.
2957 5447 3132 5509 Nosti,
3166 5457 3217 5501 et
3249 5445 3352 5501 hoc
3378 5445 3652 5506 levaveris

2226 5515 2494 5572 Sermone
2537 5518 2812 5570 nuntium.
2841 5515 2994 5572 Tuus
3026 5517 3199 5576 venit.
3234 5527 3362 5572 tuus

2225 5585 2295 5642 Ut
2328 5588 2470 5639 fama
2502 5596 2786 5646 constans.
2823 5586 2997 5643 Filius
3029 5597 3262 5656 przesto;
3294 5587 3452 5644 inferi

2225 5657 2401 5728 §pecu
2438 5657 2650 5720 relicta,
2687 5658 2801 5728 figit
2835 5659 2888 5711 in
2923 5661 3087 5714 terris
3117 5659 3308 5726 pedem
3337 5677 3350 5713 :

2220 5727 2350 5798 Haec
2393 5728 2509 5798 ipsa
2546 5727 2768 5798 propter
2807 5729 2966 5784 venio
2999 5737 3210 5784 tantum
3246 5730 3495 5784 nuntius.

2219 5797 2375 5869 Deip.
2407 5797 2519 5852 Nos
2542 5797 2750 5854 scimus
2776 5800 2881 5853 hoc
2896 5800 3116 5869 quidem
3139 5817 3154 5852 :
3174 5800 3267 5854 sed
3293 5800 3434 5854 unde
3456 5812 3513 5854 tu
3536 5801 3588 5856 id
3617 5799 3802 5858 tenes?

2219 5868 2464 5938 Agedum
2494 5869 2735 5936 loquere,
2773 5868 3110 5938 quidllicis?
3139 5876 3233 5922 aut
3258 5884 3497 5938 quonam
3536 5875 3703 5929 modo

2219 5938 2274 5993 1d
2305 5940 2451 5995 scis?
2478 5939 2611 6010 quid
2642 5939 2808 6012 hujus
2841 5941 2910 5996 ad
2943 5941 3103 5996 [idem
3145 5951 3353 5996 certam
3375 5941 3574 5998 dabis?
