4002 6464
351 396 452 452 ιιδ

354 532 457 575 νει,
498 513 641 582 μήτε
678 512 825 565 αἰδοῖ
856 512 944 565 τὸν
978 514 1149 583 ’Λρεα
1193 512 1684 585 κατευλαϐηθῆναι,
1721 515 1825 569 κᾶν
1858 517 1938 569 ὅτι

353 602 475 667 θεὸς
499 594 662 666 οὗτος
710 603 808 656 καὶ
843 601 1182 672 ἀνδροφόνος.
1218 602 1648 673 11ροσεγγίσαντι
1679 605 1735 659 δὲ
1767 605 1941 677 τούτῳ

356 694 451 748 καὶ
486 693 771 764 Διομήδην
823 692 1029 746 ἀνελεῖν
1084 693 1551 765 προθυμουμένῳ,
1596 694 1659 749 τὸ
1709 696 1861 768 βέλος
1907 700 1941 770 ἡ

357 785 576 849 Παλλὰς
627 787 871 856 ἐπέσχε,
912 785 1066 838 κενὸν
1114 785 1528 857 ἀποστρέψασα.
1578 788 1850 861 Διομήδης
1886 789 1944 843 δὲ

360 876 501 931 κατά
532 876 631 930 τοῦ
675 878 893 948 Ἀρεως
927 876 1159 945 ἐνέγκας
1186 876 1246 929 τὸ
1278 876 1425 947 δόρυ,
1466 878 1671 950 ἔτρωσε
1711 880 1812 950 τῆς
1847 880 1944 933 λα-

360 970 516 1037 γόνος
555 969 687 1022 ἔνθα
725 967 990 1032 ζὼννυται
1030 969 1172 1023 κατὰ
1197 967 1259 1022 τὸ
1294 968 1540 1040 ἔσχατον.
1595 970 1651 1023 Ὀ
1680 970 1735 1023 δὲ
1777 971 1941 1042 μέγα,

362 1062 546 1132 φησὶν,
579 1063 787 1133 ἤχησεν
815 1060 945 1113 ὡσεὶ
974 1059 1217 1131 χιλιάδας
1260 1063 1416 1114 ἐννέα
1509 1061 1641 1114 δέκα
1673 1062 1943 1131 φωνῆσαι,

361 1153 573 1215 πάντας
621 1152 679 1204 δέ
725 1151 886 1221 φόϐος
934 1152 1190 1221 συνέσχεν
1224 1152 1420 1223 ’Ἄρεος
1464 1151 1900 1222 ἀνακεκραγότος
1928 1167 1943 1182 ο

359 1244 689 1317 ταχυτάτοις
727 1244 936 1314 ἅρμασι
965 1243 1021 1296 δὲ
1051 1243 1227 1312 νεφῶν
1254 1246 1335 1306 εἰς
1370 1242 1655 1314 Ὄλυμπον
1686 1242 1944 1308 ἀνελθὼν,

359 1338 438 1409 τῷ
484 1339 660 1410 πατρὶ
693 1338 778 1391 Διὶ
819 1336 888 1390 τὰ
932 1336 1077 1390 κατὰ
1118 1338 1219 1407 τῆς
1263 1338 1496 1410 Ἀθηνᾶς
1532 1338 1837 1407 διελέγετο,
1871 1339 1949 1401 ὡς

362 1426 716 1501 ὑπερήφανον
745 1429 839 1483 καὶ
865 1427 1073 1498 θρασὺν
1102 1428 1274 1501 ἄνδρα
1302 1432 1414 1494 τοῖς
1446 1429 1737 1493 ἀθανάτοις
1777 1429 1948 1501 μάχε-

364 1520 487 1574 σθαι
526 1519 669 1582 Θεοῖς
698 1517 1084 1589 παροτρύνειο,
1114 1521 1210 1573 καὶ
1243 1520 1353 1590 γὰρ
1380 1519 1616 1591 ἔτρωσε,
1650 1521 1804 1591 φησὶ,
1855 1520 1951 1572 καὶ

379 1609 702 1682 Ἀφροδίτην
723 1610 803 1681 τῷ
1041 1610 1141 1680 τῆς
1167 1611 1370 1683 χειρὸς,
1388 1612 1463 1674 ὡς
1483 1612 1540 1666 δὲ
1559 1612 1719 1683 κάμέ·
1752 1611 1949 1683 μικροῦ

362 1701 474 1772 γὰρ
502 1700 537 1772 ἢ
573 1702 695 1764 ταῖς
724 1701 925 1762 δειναῖς
962 1699 1335 1771 ἐνηριθμήθην
1368 1699 1554 1765 τάξεσι
1593 1699 1701 1753 τῶν
1742 1694 1952 1770 νεκρῶν

362 1791 750 1861 διαφωνήσας,
799 1791 831 1861 ἢ
878 1790 985 1856 ζῶν
1016 1790 1250 1861 ἀσθενὴς
1298 1791 1527 1862 ἐκείμην
1573 1792 1687 1855 τοῖς
1739 1791 1947 1861 μέλεσι.

364 1881 581 1945 Ζεὺςδέ
626 1880 885 1952 βλοσυρὸν
928 1882 1086 1950 Ἀρεῖ
1125 1880 1539 1951 προσεσχηκώς,
1587 1880 1825 1951 μέμψεις
1852 1883 1952 1935 ἐπ-

364 1975 595 2045 ήγαγεν,
618 1973 942 2045 ἀνδροφόνον
967 1973 1128 2026 αὑτὸν
1160 1972 1255 2027 καὶ
1289 1973 1651 2042 φιλοπόλεμον
1692 1973 1947 2038 καλέσας,

364 2064 455 2118 τόν
481 2081 544 2117 τε
570 2063 742 2134 θυμὸν
772 2063 986 2117 ἐοικότα
1016 2064 1109 2117 καὶ
1148 2063 1246 2134 τὴν
1273 2063 1590 2135 θρασύτητα
1617 2067 1684 2137 τῇ
1717 2065 1949 2136 τεκούσῃ
2014 2057 2021 2065 ’

364 2155 533 2208 αὐτὸν
582 2155 769 2226 ’Ἢρᾳ,
808 2154 1135 2227 παλίμϐολόν
1189 2170 1247 2208 τε
1301 2154 1396 2208 καὶ
1445 2156 1575 2225 μιᾶς
1617 2155 1953 2226 ἀσπιδιώτην

369 2245 569 2316 μοίρας
615 2245 981 2309 ἀποκαλέσας.
1031 2244 1332 2318 Γρηγόριος
1371 2246 1553 2301 τοίνυν
1602 2248 1631 2300 6
1670 2247 1950 2316 Θεολόγος,

365 2334 444 2399 ὠς
474 2336 628 2389 οὐδὲν
656 2337 895 2404 Χριστοῦ
929 2338 1325 2410 προτιμότερον
1367 2338 1583 2410 ἡγεῖται
1631 2338 1953 2410 βουλόμενος

368 2427 674 2495 ἀποδεῖξαι,
706 2429 911 2483 τούτων
937 2431 1002 2483 ἐκ
1036 2432 1352 2501 μεταφορᾶς
1383 2430 1679 2502 μέμνηται.
1713 2432 1788 2485 Ού
1822 2430 1950 2501 γὰρ,

368 2520 527 2590 φησὶ,
566 2522 697 2590 μιᾶς
729 2520 924 2593 μοίρας
949 2524 1051 2593 τῆς
1083 2522 1157 2593 μὴ
1189 2522 1324 2592 πρὸς
1346 2521 1479 2575 Θεὸν
1510 2520 1799 2594 ἀφορώσης
1826 2521 1957 2594 θρα-

371 2612 469 2674 σὺς
503 2612 824 2683 ὑπέρμαχος
860 2613 1058 2681 γέγονα
1083 2628 1095 2641 ⁸
1128 2611 1305 2666 ταῦτά
1337 2629 1427 2681 μοι
1456 2612 1647 2680 φίλως,
1679 2611 1864 2682 φησὶν,
1892 2612 1954 2665 οὐ

370 2701 666 2774 φρονοῦσιν
706 2704 755 2756 oi
794 2703 1013 2773 κριταὶ,
1049 2701 1327 2773 ἁμαρτίαν
1357 2700 1415 2753 δὲ
1442 2700 1747 2768 λογίζονται
1787 2698 1849 2751 τὸ
1880 2698 1956 2770 μὴ

372 2794 495 2847 κατ’
552 2793 777 2864 ἰσότητα
820 2793 1040 2852 πάντων
1088 2794 1376 2864 ἁμαρτεῖν,
1425 2792 1522 2845 καὶ
1575 2794 1689 2855 τοῖς
1745 2792 1958 2861 καιροῖς

373 2885 672 2956 ἐπίρῤοπον
699 2883 844 2955 ἔχειν
875 2902 942 2955 με
964 2887 1062 2954 τὴν
1092 2885 1292 2955 ψυχήν.
1584 2915 1611 2931 ι.
1630 2940 1641 2947 α

372 2976 442 3032 25
528 2976 716 3031 Ἀλλὰ
745 2975 815 3029 τὰ
838 2976 956 3045 μὲν
980 2974 1173 3042 λήθης
1192 2975 1394 3030 κεύθοι
1411 2974 1628 3039 βυθός.
1731 2999 1738 3005 ’

440 3071 628 3134 Μῦθος
657 3070 751 3124 καὶ
770 3062 924 3134 οὗτός
952 3071 1066 3123 ἐστι
1093 3069 1194 3139 τῆς
1221 3069 1389 3142 λήθης
1419 3071 1447 3122 6
1488 3069 1648 3139 βυθὸς
1667 3070 1798 3139 παρ’
1830 3067 1957 3121 Ἔλ-

374 3160 975 3235 λησιπρεσὸευόμενος.
1004 3163 1068 3214 υἱ
1090 3162 1186 3232 μὲν
1211 3161 1318 3230 γὰρ
1334 3161 1503 3231 λήθης
1526 3161 1750 3215 καλοῦσι
1778 3162 1954 3231 βυθὸν,

374 3251 425 3303 οι
453 3248 513 3303 δὲ
545 3250 726 3320 σιγῆς,
759 3249 835 3313 ὡς
867 3250 1133 3319 Μαρκίων
1160 3250 1255 3304 καὶ
1282 3251 1475 3320 Μάνης
1495 3266 1508 3280 ·
1538 3251 1867 3328 Πυθαγόρας
1898 3250 1955 3304 δὲ

377 3341 472 3395 καὶ
503 3340 755 3406 Πλάτων,
798 3335 879 3404 οἷς
920 3340 1288 3412 ἠκολούθησεν
1334 3342 1639 3413 Ὠριγένης,
1673 3343 1958 3414 προῦπάρ·

1393 389 1481 449 AD
1522 394 1834 452 CARMINA
1875 396 1932 453 S.
1974 394 2300 456 GREGORil
2338 397 2584 456 THEOL.

3515 408 3618 468 ιιι

2043 518 2366 588 κρειττόνων
2387 521 2469 584 είς
2492 519 2555 574 τὸ
2580 523 2760 592 χεῖρον
2784 525 3173 597 κατενεχθῆναι
3200 544 3212 559 ο
3240 526 3302 582 τὸ
3324 530 3432 602 γὰρ
3460 532 3621 605 σῶμα

2041 610 2238 680 δεσμὸν
2284 608 2423 665 εἶναι
2462 611 2679 682 λέγουσι
2709 615 2804 669 καὶ
2842 622 3087 693 φυλακὴν
3112 623 3211 694 τῆς
3246 622 3448 694 ψυχῆς.
3490 626 3622 679 ’Ότι

2042 702 2192 771 γοῦν,
2225 706 2407 774 φησιν,
2431 702 2485 758 αἱ
2509 705 2680 777 ψυχαὶ
2704 708 2841 780 πρὸς
2867 710 3026 782 σῶμα
3052 714 3426 778 καθικνοῦντο,
3455 712 3626 789 λήθης

2046 792 2335 847 πεπώκασι
2362 792 2534 866 πόμα,
2569 797 2635 850 ἵν’
2658 799 2795 870 ὅπερ
2828 800 3127 872 πάσχουσιν
3150 805 3416 875 ἀγνοῶσιν
3438 822 3452 834 ⁶
3476 803 3622 861 οὗτοι

2043 882 2100 935 δὲ
2129 884 2222 937 καὶ
2262 884 2687 954 μεταγγίζεσθαι
2719 888 2921 955 ταύτας
2962 892 3215 964 ληροῦσιν
3259 896 3324 948 ἐκ
3356 899 3624 966 σωμάτων

2045 974 2127 1036 εἰς
2159 972 2417 1044 σώματα,
2440 974 2517 1039 ὡς
2544 978 2673 1047 περὶ
2693 979 2883 1033 τούτου
2920 981 3255 1055 πλατύτερον
3283 986 3340 1037 ἐν
3382 982 3459 1055 τῷ
3490 986 3630 1055 Περὶ

2046 1062 2257 1132 ψυχῆς
2295 1067 2650 1137 παρακατιὼν
2690 1069 2962 1138 λελέξεται
3013 1074 3176 1144 λόγῳ.
3230 1077 3398 1147 Φησὶν
3444 1073 3536 1130 οῦν
3602 1078 3633 1131 6

2049 1152 2192 1217 θεῖος
2224 1155 2554 1228 Γρηγόριος,
2585 1160 2666 1212 ὅτι
2693 1160 2762 1213 Εἴ
2784 1161 2868 1227 τίς
2906 1181 3037 1218 ποτε
3080 1165 3254 1237 λήθης
3290 1166 3451 1236 βυθός
3478 1168 3626 1234 ἐστι,

2047 1243 2147 1306 τὰς
2171 1244 2311 1316 ἐμάς
2353 1249 2641 1323 συμφορὰς
2669 1255 3133 1325 κατακρυπτέτω·
3169 1258 3361 1312 πολλαὶ
3391 1259 3500 1331 γὰρ
3538 1261 3635 1314 καὶ

2049 1336 2201 1406 παρά
2224 1337 2336 1391 τῶν
2376 1340 2498 1411 Θεῷ
2525 1341 2811 1414 λατρεύειν
2842 1345 3125 1417 οίομένων,
3160 1349 3354 1421 μέχρις
3388 1353 3420 1421 ὴ
3449 1351 3634 1406 τελευ-
3672 1368 3679 1375 ’

2049 1428 2181 1483 ταία
2216 1430 2435 1487 πάντων
2463 1433 2648 1508 ἡμέρα
2673 1435 2771 1500 τὰς
2796 1436 3083 1506 προθέσεις
3107 1439 3512 1512 ἀπογυμνώσει.

2698 1546 2919 1601 ΛΟΓΟΣ
2949 1549 3048 1604 ΙΔ’.

2353 1634 2495 1703 Περὶ
2517 1635 2758 1704 φύσεως
2789 1637 3170 1706 ἀνθρωπίνης
3198 1637 3218 1709 (
3228 1638 3301 1707 l).

2055 1744 2121 1816 57
2154 1745 2249 1808 Ἐξ
2279 1745 2365 1816 ἔτι
2382 1745 2500 1816 ,τοῦ
2520 1745 2619 1798 ὅτε
2642 1763 2746 1814 μοι
2772 1745 2999 1815 πικρὴν
3025 1747 3396 1816 ἐπομόρξατο
3415 1745 3638 1813 ποινὴν

2194 1815 2430 1896 Γεῦσίε
2454 1816 2857 1896 τἰούνζομένη,
2885 1815 3230 1896 καὶφθόνος
3269 1817 3633 1880 ἀντιπάλου,

2053 1886 2117 1940 6|
2158 1922 2174 1938 .
2214 1923 2229 1939 .
2268 1925 2281 1939 .
2319 1925 2333 1939 .
2374 1886 2523 1953 val.
2548 1887 2810 1954 ψύχοντι
2836 1886 2902 1940 τὸ
2925 1886 3142 1957 θαῦμα.

2125 1977 2322 2030 Κεῖται
2354 1977 2413 2028 ὲν
2434 1974 2511 2046 τῷ
2541 1982 2589 2029 α’
2615 1975 2781 2046 λόγῳ.

2127 2067 2345 2138 Ταύτην
2391 2068 2491 2120 οὑκ
2543 2067 2610 2120 ἄν
2653 2085 2737 2130 τις
2780 2067 2999 2121 ἐκλάὸοι
3047 2066 3146 2139 τὴν
3187 2066 3425 2140 ἱστορίαν
3464 2065 3635 2131 εἶναι,

2053 2157 2151 2226 τὴν
2181 2157 2324 2210 κατά
2359 2155 2451 2210 τὸν
2497 2155 2793 2220 Τάνταλον,
2829 2155 2977 2227 ἢτὸν
3018 2157 3325 2229 Ἡρακλέα·
3357 2161 3386 2213 6
3411 2159 3509 2230 μὲν
3533 2161 3640 2229 γὰρ

2055 2248 2347 2314 Τάνταλος,
2370 2246 2596 2320 ἀνυδρίᾳ
2624 2247 2977 2319 ξηραίνεσθαι
3001 2247 3217 2316 λέγεται
3238 2251 3296 2303 ἐν
3319 2250 3509 2318 μέσοις
3528 2255 3642 2311 τοῖς

2057 2339 2273 2393 ὕδασιν⁹
2320 2342 2348 2393 ὁ
2392 2338 2451 2393 δὲ
2503 2339 2780 2410 Ἡρακλῆς
2825 2339 3078 2393 τοσοῦτον
3124 2336 3523 2413 φλεχθήσεσθαι
3561 2340 3643 2411 τῷ

2055 2430 2250 2500 αἵματι
2288 2428 2382 2483 τοῦ
2415 2429 2651 2496 Νέσσου,
2700 2431 2776 2494 ὡς
2817 2430 3000 2484 καὶτὸ
3043 2431 3309 2501 ποτάμιον
3344 2432 3525 2502 ῥεῦμα
3563 2434 3643 2495 εἰς

2057 2521 2232 2590 φλόγα
2260 2522 2624 2591 μεταγαγεῖν
2670 2525 2878 2575 κεῖνται
2918 2520 2976 2575 δὲ
3016 2521 3372 2592 παρακατιὼν
3410 2524 3469 2576 αἱ
3496 2524 3642 2576 ἱστο-

2058 2613 2194 2685 ρίαι.
2238 2612 2343 2666 Σὺν
2390 2611 2619 2683 ἀληθεία
2663 2612 2839 2667 τοίνυν
2875 2614 3010 2685 πυρὶ
3046 2612 3273 2684 ψύχοντι
3305 2614 3368 2667 τὸ
3416 2613 3643 2684 θαῦμα,

2058 2703 2189 2773 περὶ
2212 2702 2312 2772 τῆς
2336 2702 2527 2773 δρόσον
2567 2702 2902 2774 πηγασάσης
2932 2705 3045 2767 τοῖς
3075 2703 3385 2776 παιδαρίοις
3417 2704 3647 2775 καμίνου

2056 2792 2157 2862 τὴν
2192 2792 2431 2863 ἱστορίαν
2458 2792 2828 2862 ὑποληπτέονο
2871 2796 3050 2847 κεῖται
3081 2794 3141 2847 δὲ
3173 2796 3232 2849 ἐν
3262 2795 3341 2867 τῷ
3361 2801 3409 2850 α’
3440 2793 3607 2866 λόγῳ.

2061 2882 2122 2935 7|
2163 2880 2359 2935 Είκών
2386 2884 2500 2951 ειμι
2524 2883 2702 2948 θεοῖο,
2732 2884 2831 2938 καὶ
2853 2884 3105 2954 αἴσχεος
3136 2886 3266 2952 υἱὸς
3289 2887 3572 2956 ἐτύχθην.

2129 2975 2317 3027 Πᾶσαν
2345 2975 2374 3027 6
2398 2974 2529 3036 Θεὸς
2551 2973 2651 3046 τὴν
2669 2974 2844 3029 κτίσιν
2859 2975 3288 3049 δημιουργήσας,
3309 2978 3534 3049 ὕστερον
3559 2978 3652 3032 τὸν

2056 3064 2348 3135 ἄνθρωπον
2385 3066 2611 3136 ἐποίησε
2652 3067 2771 3119 κατ’
2796 3067 2979 3119 εἰκόνα
3022 3068 3157 3121 ίδίαν
3184 3068 3279 3121 καὶ
3306 3069 3426 3122 καθ’
3450 3070 3652 3139 ὁμοίω-

2060 3173 2143 3210 σιν
2165 3173 2178 3185 ·
2209 3157 2518 3229 γέγραπται
2541 3158 2680 3229 γάρ’
2716 3157 2830 3212 Καὶ
2853 3154 3024 3212 εἶπεν
3049 3162 3082 3212 ὀ
3104 3159 3241 3225 Sed;
3267 3173 3280 3187 ’
3305 3160 3655 3230 Ποιήσωμεν

2057 3245 2374 3316 ἄνθρωπον
2393 3247 2736 3302 κατέίκόνα
2754 3248 3050 3316 ’ἡμετέραν
3065 3250 3163 3303 καὶ
3187 3250 3317 3303 καθ’
3337 3251 3650 3319 ὁμοίωσιν,

2058 3338 2157 3391 καὶ
2198 3337 2416 3410 ἀρχέτω
2458 3337 2558 3409 τῆς
2601 3338 2865 3402 κτίσεως·
2901 3338 2999 3391 καὶ
3045 3339 3299 3409 ἐποίησεν
3332 3343 3360 3393 ό
3389 3340 3522 3405 Θεὸς
3561 3341 3656 3394 τὸν

377 3449 493 3503 χειν
522 3433 740 3502 λέγουσι
782 3433 880 3497 τὰς
907 3432 1084 3505 ψυχὰς
1114 3433 1239 3487 τῶν
1271 3435 1561 3505 σωμάτων,
1608 3435 1716 3488 ἀπὸ
1752 3435 1809 3488 δὲ
1849 3434 1957 3487 τῶν
2070 3430 2378 3499 ἄνθρωπον,
2397 3430 2527 3503 χοῦν
2547 3430 2728 3487 λαϐὼν
2754 3430 2862 3486 ἀπὸ
2876 3430 2978 3501 τῆς
2997 3430 3126 3502 γῆς,
3144 3433 3253 3486 Καὶ
3268 3433 3659 3502 ἐνεφύσησεν

378 3592 565 3649 emisit
607 3591 822 3645 hastam
868 3588 1034 3655 Mars,
1063 3606 1168 3660 qua
1216 3590 1509 3645 Diomeden
1544 3588 1904 3660 interficeret;
1938 3588 2106 3645 telum
2143 3597 2329 3660 autem
2366 3589 2662 3645 summovit
2686 3587 2959 3660 Minerva,
2994 3597 3052 3643 ut
3089 3589 3366 3645 incassum
3399 3589 3657 3648 ferretur.

379 3660 876 3730 Vicissimdeinde
922 3658 1123 3716 direxit
1167 3661 1457 3716 Diomedes
1506 3661 1719 3714 hastam
1770 3659 1823 3714 in
1858 3659 2122 3723 Martem,
2158 3668 2212 3712 et
2246 3658 2553 3714 vulneravit
2604 3659 2849 3713 intimum
2901 3669 3142 3714 venirent
3192 3661 3283 3730 ubi
3339 3660 3661 3730 cingebatur

377 3729 587 3789 balteo.
636 3729 738 3797 Qui
787 3736 989 3787 autem.
1026 3732 1125 3794 ait,
1181 3732 1476 3786 clamorem
1523 3730 1696 3784 edidit
1725 3736 1989 3799 quantum
2019 3731 2207 3784 novies
2257 3730 2342 3783 vel
2381 3731 2565 3784 decies
2594 3731 2762 3789 mille,
2805 3736 2879 3788 ct.
2925 3730 3199 3783 clamante
3231 3729 3422 3799 Marte,
3444 3729 3661 3784 tremor

378 3802 673 3871 occupavit
699 3816 931 3871 omnes.
954 3799 1327 3869 Rapidissimo
1374 3809 1504 3856 tunc
1548 3798 1869 3854 nebularum
1903 3815 2071 3871 curru
2106 3800 2173 3871 in
2210 3799 2411 3871 coelum
2459 3800 2665 3871 elatus,
2717 3799 3012 3871 Minervam
3046 3800 3188 3871 apud
3232 3798 3417 3853 Jovem
3450 3808 3658 3871 patrem

380 3867 625 3936 incusat,
653 3870 800 3939 quod
832 3867 1098 3924 audacem
1127 3881 1182 3926 et
1224 3871 1596 3940 impudentem
1628 3871 1805 3923 virum
1855 3869 1923 3924 ad
1947 3867 2314 3940 debellandos
2344 3868 2486 3940 Deos
2532 3869 2870 3940 atlhortetur.
2912 3887 2931 3940 ι
2966 3867 3100 3940 Nam
3139 3867 3425 3940 Venerem.
3460 3869 3658 3937 inquit.

380 3943 623 4012 primum
655 3937 905 3995 cominus
937 3941 1245 3996 vulneravit
1289 3937 1473 4012 manu,
1508 3947 1697 4012 postea
1728 3940 1791 4012 in
1822 3955 1909 3993 me
1945 3939 2120 4012 ipsum
2154 3940 2334 4012 irruit.
2378 3937 2577 3991 Parum
2614 3937 2787 4012 abfuit
2832 3939 2961 4007 quin
2994 3938 3282 4012 horrendis
3315 3944 3660 4012 mortuorum

380 4006 673 4068 ordinibus
704 4025 1119 4073 aunumerarer,
1157 4018 1252 4065 aut
1286 4011 1476 4065 vivens
1505 4006 1748 4065 membra
1780 4006 2035 4077 languida
2066 4008 2150 4060 vix
2185 4009 2532 4062 sustinerem.
2569 4027 2588 4058 ι
2615 4006 2823 4074 Jupiter
2849 4006 3037 4061 autem
3082 4006 3305 4061 Martem
3337 4008 3510 4061 torvis
3530 4023 3665 4062 ocu—

383 4082 452 4137 lis
483 4082 719 4135 iutuitus
750 4080 1270 4148 reprehensionibus
1294 4095 1418 4135 eum
1447 4078 1765 4148 increpavit.
1802 4077 2133 4131 homicidam
2168 4092 2290 4129 eum
2323 4087 2375 4129 et
2397 4077 2573 4148 credis
2606 4077 2873 4132 fautorem
2903 4088 3131 4148 vocans.
3164 4077 3447 4148 ferocitate
3474 4083 3528 4130 et
3566 4092 3665 4131 au-

382 4152 544 4207 dacia
574 4150 735 4204 aratri
760 4144 961 4204 Iunoni
990 4151 1246 4215 similem,
1271 4151 1517 4205 dolosum
1543 4144 1784 4204 et'unius
1815 4148 1989 4217 partis
2015 4155 2362 4217 sectatorem.
2386 4144 2706 4217 Theologus
2739 4162 2869 4216 ergo
2895 4145 3192 4217 Gregorius
3227 4146 3392 4217 refert
3422 4146 3537 4201 have
3567 4162 3665 4216 per

386 4222 789 4296 metaphoram,
824 4227 884 4296 ut
908 4221 1161 4273 ostendat
1183 4235 1240 4296 se
1262 4220 1397 4274 nihil
1429 4220 1654 4296 llbrlsto
1672 4216 1845 4288 pluris
1876 4216 2073 4296 facere
2096 4216 2218 4296 Non
2239 4231 2361 4296 ego,
2381 4216 2579 4284 inquit,
2599 4216 2786 4296 _uniu_s_
2812 4218 2986 4296 partis
3014 4216 3192 4296 audax
3221 4216 3422 4296 faulor.
3447 4233 3567 4286 qua:
3594 4219 3662 4271 ad

388 4285 557 4345 Deuni
600 4305 714 4343 non
747 4290 1106 4355 conduceret;
1138 4300 1193 4343 at
1226 4290 1340 4344 hinc
1378 4291 1509 4344 mihi
1539 4285 1755 4358 judices
1796 4287 1989 4342 acerbe
2034 4286 2385 4358 exprobrant,
2424 4294 2648 4358 peccato
2689 4285 2829 4358 mihi
2872 4292 3149 4341 vertentes
3186 4285 3333 4356 quod
3373 4285 3484 4341 non
3534 4302 3662 4356 pec-

383 4364 527 4417 catis
559 4359 680 4415 suis
711 4360 1074 4429 consentiam,
1103 4370 1156 4414 et
1182 4362 1325 4429 quod
1353 4355 1687 4415 anima'niea
1716 4358 2008 4429 aequalium
2051 4355 2374 4429 libidinibus
2396 4371 2517 4429 non
2551 4355 2852 4429 indulgeat.

456 4429 765 4500 Finxerunt
789 4428 962 4484 Graeci
989 4424 1261 4500 abyssum
1279 4430 1396 4484 dari
1425 4429 1646 4491 oblivii;
1679 4424 1841 4500 quem
1871 4427 2089 4500 quidem
2129 4427 2522 4500 aliigurgitem
2561 4425 2774 4500 oblivii,
2810 4424 2900 4478 alii
2930 4425 3203 4500 gurgitem
3237 4425 3445 4500 silentii
3473 4427 3663 4495 appel-

382 4499 522 4565 lant,
556 4511 615 4554 ut
643 4498 880 4553 Marcion
914 4509 966 4554 et
994 4495 1197 4555 Manes.
1236 4498 1568 4569 Pythagoras
1601 4509 1653 4553 et
1679 4495 2119 4566 Platon,’quibus
2150 4495 2412 4569 Origenes
2440 4497 2692 4557 assentit,
2725 4508 2981 4569 asserunt
3013 4495 3226 4551 animas
3248 4498 3510 4569 exsistere
3539 4503 3666 4569 ante

384 4577 725 4640 corpora,“
755 4584 786 4622 a
829 4569 1148 4623 melioribus
1178 4571 1243 4624 ad
1272 4567 1458 4638 pejora
1502 4569 1894 4640 deterrimam
1937 4582 2143 4636 corpus
2189 4567 2381 4620 dicunt
2425 4581 2551 4640 esse
2592 4567 2810 4640 vincula
2841 4576 3210 4640 et_carc_erem
3260 4568 3475 4640 animae.
3526 4567 3667 4640 Ante

386 4635 577 4711 igitur,
611 4639 787 4711 aiunt,
813 4654 981 4708 quam
1010 4640 1205 4711 anima:
1247 4635 1314 4692 ad
1336 4635 1593 4711 'corpora
1640 4638 1975 4711 dilabantur,
2014 4635 2204 4705 potant
2241 4651 2415 4711 aquas
2446 4636 2657 4711 oblivil.
2689 4643 2748 4711 u_t
2778 4635 2922 4704 quod
2962 4635 3250 4711 patiuntur
3273 4637 3563 4711 ignorent.
3601 4635 3665 4688 lli

384 4705 555 4779 igitur
582 4709 750 4764 stulte
779 4705 976 4779 putant
1003 4710 1216 4763 animas
1243 4725 1273 4764 e
1296 4705 1623 4779 corporibus
1651 4707 1735 4779 ad,
1747 4708 1860 4779 alia
1877 4719 2110 4776 corpora
2136 4710 2395 4779 transire.
2424 4707 2500 4779 uti
2526 4705 2703 4779 iusius
2726 4706 2780 4758 in
2812 4720 3069 4759 sermone
3100 4706 3174 4760 De
3198 4705 3378 4779 anima
3410 4705 3665 4779 relatum.

385 4775 528 4833 Dicit
566 4794 696 4849 ergo
734 4775 893 4835 divus
938 4777 1277 4849 Gregorius:
1313 4777 1369 4833 Si
1394 4775 1527 4849 —qua
1576 4776 1763 4831 oblivii
1813 4775 2044 4849 abyssus
2071 4777 2326 4849 exsistit,
2358 4775 2700 4849 calamitates
2748 4790 2898 4849 meas
2932 4782 3112 4849 tegat;
3160 4777 3329 4849 multa
3375 4776 3521 4830 enim
3572 4792 3668 4844 pa-

385 4850 601 4903 tiuntur
634 4844 747 4902 'vel
800 4849 834 4901 ii
885 4865 981 4919 qu.
1032 4844 1142 4904 Deo
1188 4851 1397 4905 servire
1438 4844 1776 4910 creduntur,
1828 4844 2003 4901 donec
2050 4844 2244 4898 ultima
2291 4846 2538 4898 omnium
2583 4846 2796 4900 dierum
2847 4844 3072 4899 intimos
3120 4845 3430 4900 animorum
3470 4860 3669 4900 sensus

387 4921 611 4976 revolet.

1454 5002 1742 5060 CARMEN
1795 5002 1936 5062 XIV.
1985 5002 2063 5057 De
2107 5011 2304 5057 natura
2337 5004 2593 5056 humana.

459 5100 580 5156 Noli
615 5101 856 5172 cogitare
882 5100 1030 5171 quod
1060 5101 1150 5155 hic
1175 5097 1387 5155 Tantali
1423 5109 1517 5154 aut
1546 5099 1799 5172 Herculis
1839 5098 2278 5172 sor§_innuatur.
2314 5096 2524 5150 Dicitur
2556 5096 2701 5172 enim
2733 5093 3002 5172 Tantalus
3036 5098 3118 5152 vel
3153 5097 3330 5172 medio
3357 5097 3673 5172 inlllumine

386 5173 478 5230 siti
510 5166 745 5237 arsisse;
784 5166 1044 5227 Hercules
1084 5177 1264 5225 autem
1307 5178 1529 5240 propter
1558 5171 1880 5238 sanguinem
1932 5167 2089 5224 Nessi
2130 5176 2341 5221 tantum
2377 5167 2702 5236 concepisse
2733 5167 2935 5236 ignem,
2970 5174 3031 5220 ut
3086 5168 3168 5221 vel
3218 5166 3463 5223 ﬂuminis
3496 5170 3673 5224 undas

385 5241 720 5298 incenderet.
754 5240 1011 5312 Reperies
1031 5257 1158 5296 vero
1195 5240 1471 5297 historias.
1519 5309 1562 5312 __
1982 5309 1991 5312 _
2136 5306 2170 5312 __
2237 5306 2249 5312 _
2329 5305 2348 5312 _
2673 5262 2679 5267 '

389 5381 402 5393 _
458 5313 710 5394 Attamen
751 5304 885 5394 illiid
925 5312 1152 5381 frigidus
1199 5313 1334 5383 ignis
1391 5309 1662 5381 significat
1692 5323 1871 5363 rorem
1903 5309 1996 5380 qui
2029 5306 2207 5362 media
2237 5306 2292 5360 in
2325 5305 2545 5360 fornace
2573 5317 2773 5374 pueros
2811 5304 3172 5376 refrigeravit.
3206 5305 3459 5362 Refertur
3488 5315 3672 5362 autem

386 5396 448 5436 in
522 5396 663 5437 rimo
694 5396 959 5437 carmine.

461 5399 712 5507 [yet-recta
756 5453 1057 5510 creatione.
1099 5449 1242 5505 Deus
1272 5449 1451 5505 effecit
1491 5449 1712 5505 demum
1743 5447 1954 5501 homine

2057 5446 2121 5501 ad
2151 5445 2443 5515 imaginem
2483 5452 2535 5498 et
2570 5440 2991 5515 similitudinem
3022 5459 3201 5499 suam.
3233 5444 3299 5498 Et
3332 5445 3470 5515 dixit
3501 5444 3671 5498 Deus:

389 5519 657 5590 faciamus
699 5520 963 5575 hominem
999 5521 1067 5574 ad
1100 5521 1381 5589 imaginem
1415 5529 1653 5574 nostram
1677 5530 1727 5572 et
1776 5517 2181 5590 similitudinem
2220 5513 2289 5578 ¹,“
2325 5524 2386 5590 et_
2413 5516 2610 5590 habent
2641 5514 3006 5590 principatum
3046 5517 3370 5590 creationis.‘
3402 5513 3469 5566 Et
3515 5515 3673 5590 ﬁnxit

389 5582 536 5646 Deus
566 5593 848 5655 hominem,
880 5591 1144 5659 pulvrrem
1173 5582 1380 5646 sunteas
1412 5591 1477 5645 dc
1510 5601 1674 5653 terra,
1711 5598 1759 5643 et
1789 5587 2068 5658 insuﬁlavit
2104 5588 2155 5640 in
2176 5601 2293 5639 eum
2348 5585 2534 5653 ﬂatum
2561 5584 2702 5648 vitm,
2736 5590 2784 5636 et
2826 5582 2999 5650 [actus
3038 5594 3116 5638 est
3151 5583 3305 5639 homo
3354 5586 3409 5638 in
3439 5583 3675 5638 animam

501 5718 521 5749 ¹
559 5716 694 5772 Gen.
728 5732 768 5779 ι,
805 5716 877 5771 26
915 5732 1032 5786 sqq.

475 5862 556 5935 (1)
593 5863 687 5918 Ed.
712 5879 839 5917 nov.
872 5876 927 5931 ρ.
967 5860 1087 5913 675.
2030 5916 2035 5921 η

714 5953 993 6011 ΡΑσι-ιιοι..
1032 5948 1148 6008 GR.
1185 5948 1300 6009 XX
1317 5943 1540 6008 XVIII.

3268 5931 3350 6022 μ
