4002 6410
511 376 624 434 δ55

505 489 828 560 Πνεύματος
853 486 909 540 δὲ
942 485 1097 554 ἀγίου
1145 485 1238 538 καὶ
1268 481 1488 554 Μαρίας
1521 482 1618 552 τῆς
1655 481 1953 552 Παρθένου.
2004 479 2094 543 Ἐξ

502 579 666 654 ἡμῶν
705 578 764 633 δὲ
808 579 1063 646 λέγεται*
1114 578 1209 630 καὶ
1253 575 1363 646 γὰρ
1397 571 1682 643 ἄνθρωπος
1720 573 1753 641 ὴ
1793 570 2092 641 Παρθένος,

503 670 640 726 Θεὸν
670 668 1096 741 σεσαρκωμένον
1112 665 1388 738 ἀμιάντως
1412 661 1666 724 τεκοῦσα,
1696 660 1792 714 καὶ
1809 660 2094 722 συνουσίας

507 761 666 824 ἒκτδς
701 761 916 831 ἀνδρός.

769 849 948 904 Δαϐίδ
976 848 1172 921 γένος.
1198 847 1335 900 ἀλλ’
1389 844 1677 914 Ἀδάμοιο.

577 943 670 1013 Τῷ
719 942 884 994 Δαϐἰδ
923 943 951 993 ό
993 939 1126 1000 Θεὸς
1175 935 1679 1008 ἐπηγγείλατο,τὸν
1732 934 1972 1006 Χριστὸν
2029 934 2098 985 ὲκ

509 1033 726 1106 καρποῦ
761 1033 865 1101 τῆς
905 1031 1106 1098 ὀσφύος
1136 1027 1304 1080 αὐτοῦ
1344 1028 1680 1098 ἀναστήσειν
1707 1027 1848 1080 κατά
1884 1027 2094 1097 σάρκα·

511 1124 676 1179 Δαῦὶδ
700 1124 757 1177 δὲ
781 1121 1035 1191 βασιλεὺς
1075 1119 1291 1190 Ἰσραὴλ
1319 1119 1434 1180 υίὸς
1476 1119 1696 1181 Ἰεσσαὶ,
1726 1116 2099 1187 Βηθλεεμίτης

511 1215 684 1286 φυλῆς
718 1213 903 1266 Ἰούδα.
935 1211 1156 1280 Πρῶτος
1179 1206 1272 1263 οὖν
1308 1208 1504 1262 Ἰακώϐ
1533 1226 1733 1280 φησιν’
1757 1212 1879 1262 Οὐχ
1903 1209 2099 1262 ἐκλεί-

509 1311 612 1376 ψει
655 1307 856 1373 ἄρχων
903 1303 972 1367 ἐξ
1019 1302 1227 1360 Ἰούδα,
1279 1300 1422 1354 οὐδὲ
1478 1301 1810 1369 ἡγούμενος
1859 1301 1925 1352 ἐκ
1981 1299 2100 1352 τῶν

508 1395 712 1468 μηρῶν
741 1394 950 1456 αὐτοῦ,
967 1395 1078 1459 ἕως
1099 1394 1176 1447 ἂν
1199 1393 1348 1459 ἔλθη
1370 1385 1418 1458 ᾧ
1437 1392 1766 1456 ἀπόκειται,
1793 1392 1892 1444 καὶ
1920 1388 2099 1456 οὗτος

507 1488 847 1557 προσδοκία
872 1486 1085 1540 ἐθνῶν.
1126 1486 1256 1549 Υἱὸς
1291 1483 1384 1540 οὖν
1427 1487 1592 1540 Δαϐἰδ
1623 1488 1651 1540 6
1685 1486 1921 1558 Χριστὸς
1959 1485 2099 1539 κατὰ

395 1608 420 1623 κ
511 1582 714 1653 σάρκα,
756 1583 784 1634 6
815 1581 1059 1649 πλάστης
1098 1578 1292 1650 Ἀδὰμ,
1350 1579 1524 1648 ’Λδὰμ
1561 1579 1617 1631 δὲ
1647 1578 1864 1648 πρῶτος
1890 1577 2101 1648 ἀνθρω-

512 1693 614 1738 πος
639 1673 868 1742 ἐκτίσθη
898 1673 1017 1726 κατ’
1047 1673 1233 1725 εἰκόνα
1264 1671 1399 1725 Θεοῦ
1433 1673 1527 1727 καὶ
1564 1673 1847 1742 ὁμοίωσιν.

511 1765 584 1820 65
619 1765 730 1818 Καὶ
775 1763 972 1832 φάτνῃ
1010 1763 1127 1830 μὲν
1156 1763 1390 1816 ἔδεκτο.

581 1855 688 1910 Τοῦ
717 1855 986 1926 δόγματος
1018 1855 1148 1925 παρ’
1189 1856 1504 1923 Αὐγούστου
1537 1853 1812 1924 Καίσαρος
1849 1854 2106 1925 ἐξεληλυ-

513 1947 690 2014 θότος,
720 1949 821 2018 τὴν
851 1949 1180 2019 οἰκουμένην
1211 1949 1340 2004 ὃλην
1368 1946 1819 2018 ἀπογράψασθαι,
1855 1949 1947 2000 καὶ
1965 1948 2102 2001 πάν-

510 2058 620 2094 των
659 2043 739 2102 εἰς
771 2042 871 2110 τὴν
915 2041 1052 2094 ἰδίαν
1087 2041 1322 2110 πατρίδα
1356 2040 1855 2111 κατεπειγομένων,
1905 2039 2103 2111 Ἰωσὴφ

512 2134 628 2197 υἱὸς
663 2131 738 2186 ὣν
763 2133 929 2185 Δαϐὶδ
957 2132 1065 2186 ἀπὸ
1092 2131 1351 2203 Ναζαρὲθ
1383 2136 1463 2197 εἰς
1488 2134 1739 2205 Βηθλεὲμ
1767 2133 2002 2204 ἀνῆλθεν
2024 2136 2105 2197 εἰς

512 2223 669 2276 πόλιν
719 2222 902 2286 Δαὸἰδ,
938 2223 1365 2292 ἀπογράψασθαι
1397 2226 1494 2277 σὺν
1527 2225 1762 2296 Μαριὰμ
1789 2228 1854 2296 τῇ
1891 2242 2105 2296 μεμνη-

517 2314 790 2385 στευμένῃ
843 2313 995 2384 αὐτῷ
1037 2313 1176 2387 οὔσῃ
1225 2313 1445 2387 ὲγκύῳ·
1499 2317 1594 2370 καὶ
1650 2317 2001 2387 ἐπλήσθησαν
2047 2317 2107 2372 αἱ

513 2405 722 2477 ἡμέραι
758 2405 852 2458 τοῦ
889 2408 1070 2459 τεκεῖν
1111 2407 1304 2478 αὐτὴν,
1336 2408 1432 2460 καὶ
1480 2408 1636 2462 ἔτεκε
1666 2407 1758 2462 τὸν
1788 2409 1904 2462 υἱὸν
1934 2407 2108 2480 αὐτῆς

511 2495 603 2550 τὸν
635 2497 1002 2566 πρωτότοκον,
1033 2497 1128 2551 καὶ
1157 2499 1587 2570 ἐσπαργάνωσεν
1637 2500 1823 2562 αὐτὸν,
1866 2500 1960 2552 καὶ
2012 2501 2107 2552 ἀν-

506 2587 723 2640 έκλινεν
755 2588 920 2640 αὐτὸν
951 2591 1008 2640 ὲν
1028 2590 1094 2659 τῇ
1119 2588 1316 2662 φάτνῃ,
1341 2589 1475 2642 διότι
1505 2591 1605 2644 οὐκ
1634 2586 1702 2662 ἦν
1728 2591 1915 2654 αὐτοῖς
1939 2591 2106 2656 τόπος

513 2679 573 2730 ὲν
596 2677 672 2748 τῷ
701 2677 908 2730 καταλύ
917 2695 1070 2748 ματι.

1289 2771 1515 2840 Μάγοις
1544 2771 1612 2824 δέ
1638 2789 1702 2826 τε
1741 2774 2108 2843 ἡγεμόνευεν

514 2857 590 2914 66
643 2856 880 2926 Ἆστὴρ,
919 2857 1245 2929 δωροφόροι
1291 2860 1342 2912 δ’
1387 2861 1478 2930 ἄρ’
1509 2860 1678 2928 ἔϐαν,
1728 2863 1828 2916 καὶ
1868 2863 2108 2932 γούνατ’

1684 2953 2014 3026 [ἔκαμψαν.

585 3042 825 3112 Χριστοῦ
855 3041 1230 3114 γεννηθέντος,
1265 3043 1432 3114 μάγοι
1459 3045 1828 3116 παρεγένοντο
1845 3046 1953 3098 ἀπὸ
1979 3046 2112 3099 ἀνα-

489 3135 685 3190 ’τολῶν
720 3135 826 3188 ὑπὸ
852 3135 1084 3207 ἀστέρος
1112 3136 1496 3208 ὁδηγούμενοι,
1524 3139 1622 3192 καὶ
1662 3138 1900 3210 Χριστὸν
1933 3157 2109 3208 προσ-

514 3227 870 3296 κυνήσαντες,
903 3225 1052 3298 δῶρα
1096 3227 1372 3298 παρέσχον
1407 3228 1556 3300 αὐτῷ
1595 3230 1798 3301 χρυσὸν
1831 3229 1927 3282 καὶ
1957 3228 2113 3282 λίϐα-

515 3335 608 3372 νον
635 3319 728 3371 καὶ
755 3317 1024 3388 σμύρναν.

516 3405 582 3459 61
635 3406 730 3471 Ὠς
753 3405 979 3473 ,βροτὸς
1016 3403 1152 3478 ἦλθ’
1187 3411 1278 3465 ἐπ’
1309 3411 1531 3482 ἀγῶνα,
1567 3411 1904 3480 ὐπέρσχεθε
1940 3409 1992 3462 δ’
2022 3411 2104 3476 ὡς

1645 3502 2016 3574 [ἀδάμαστος

1619 363 1891 419 COSMAS
1928 360 2640 418 IIIEROSOLYMITANITS
3663 352 3754 404 υςιὶ

2207 481 2274 532 68
2318 476 2660 546 Πειραστὴν
2690 470 2996 544 τρισσοῖσί
3035 469 3470 536 παλαίσμασιν.

2271 569 2433 640 Τρισὶ
2481 567 2808 640 προσϐολαῖς
2851 567 2880 616 6
2925 562 3173 624 διάϐολος
3220 560 3455 630 Χριστὸν
3503 560 3755 632 πειράζειο

2203 661 2468 714 Πεινῶντι
2500 660 2681 723 λίθους
2714 660 2794 721 εἰς
2825 659 2988 727 ἀρτον
3039 653 3401 724 προϐάλλεται
3425 669 3437 683 ·
3477 654 3571 716 τὰς
3620 654 3758 724 βασι-

2201 752 2352 814 λείας
2381 751 2481 821 τῆς
2517 751 2620 820 γῆς
2654 747 2803 818 αὐτῷ
2829 747 3092 810 δείκνυσι,
3121 743 3294 797 ταῦτα
3324 742 3578 814 παρέξειν
3623 743 3671 794 εί
3703 759 3759 807 γε

2204 843 2388 897 πεσὼν
2445 843 2857 914 προσκυνήσοι,
2909 837 3422 907 διαϐεϐαιούμενοςο
3483 837 3560 898 εἰς
3607 835 3662 888 δὲ
3708 836 3759 888 τὸ

2202 936 2500 1008 πτερύγιον
2547 933 2770 1003 ἀγαγὼν
2817 931 2912 985 τοῦ
2966 929 3136 1001 ἰεροῦ,
3185 929 3368 1000 βαλεῖν
3416 928 3563 981 κάτω
3602 927 3749 993 φησὶν

2204 1029 2366 1100 εἴπερ
2403 1028 2533 1091 Υἱὸς
2581 1027 2668 1096 εἴη
2701 1025 2798 1078 τοῦ
2855 1023 3027 1077 Θεοῦο
3082 1023 3302 1076 πάντων
3347 1020 3402 1074 δὲ
3453 1016 3760 1090 διαμαρτὼν,

2201 1122 2412 1190 οίχεται
2446 1117 2926 1190 κατῃσχυμμένος.
2961 1117 3156 1169 Κεῖται
3177 1115 3234 1167 έν
3257 1112 3336 1166 τῶ
3364 1114 3418 1166 γ·
3441 1112 3579 1180 λόγῳ
3617 1113 3648 1181 ἡ
3687 1110 3761 1174 ἐξ·

2205 1217 2422 1285 ήγησις.

3195 1293 3379 1364 Εἶδσρ
3411 1293 3656 1359 ὑπέστη,

2203 1396 2270 1452 69
2312 1397 2504 1464 Θρέψε
2555 1395 2624 1447 δὲ
2655 1393 2953 1463 χιλιάδας.

2274 1486 2494 1556 Τροφῆς
2523 1485 2619 1553 μὲν
2637 1484 2710 1546 ὡς
2732 1484 2828 1537 ἄνθ
2839 1499 3019 1555 ρωπος
3035 1481 3295 1552 μετέσχεν
3312 1481 3340 1531 ό
3356 1476 3563 1547 Σωτὴρ.
3589 1473 3692 1528 ἀλλ’
3712 1473 3764 1537 ἐξ

2204 1576 2386 1648 ἄρτων
2410 1578 2573 1628 πέντε
2605 1575 2851 1646 χιλιάδας
2876 1573 3152 1644 ὲκόρεσεν.
3179 1573 3372 1624 Κεῖται
3389 1568 3537 1639 ἐντῷ
3555 1574 3602 1636 γ’
3617 1567 3762 1636 λόγῳ.

2717 1665 2915 1733 ’Ύδωρ
2942 1664 2992 1718 τ’
3039 1666 3127 1730 εἰς
3161 1659 3332 1716 οἶνον
3375 1662 3638 1730 ἄμειψεν.

2276 1758 2513 1829 Χριστὸς
2553 1758 2611 1810 ὲν
2655 1758 2816 1828 Κανᾷ
2857 1757 3158 1827 γενόμενος’
3194 1754 3293 1824 τῆς
3342 1751 3642 1817 Γαλιλαίας,
3695 1751 3763 1811 εἰς

2206 1851 2388 1922 γάμον
2427 1847 2621 1912 ἐλθὼν,
2649 1849 2744 1903 καὶ
2771 1849 3056 1919 λείψαντος
3083 1847 3252 1908 οἴνου,
3277 1844 3436 1897 τοῦτο
3460 1844 3555 1913 τῆς
3579 1841 3764 1912 μητρὸς

2205 1939 2355 2010 αὑτῷ
2408 1938 2861 2006 διασαφησάσης,
2916 1939 3029 1998 τοῖς
3075 1932 3398 2004 παρεστῶσι
3463 1932 3558 1995 τὰς
3601 1929 3766 2000 ὑδρίας

2207 2031 2397 2095 ὓδατος
2426 2029 2716 2101 πληρῶσαι
2750 2028 3084 2102 προστάξας,
3117 2024 3262 2080 οἶνον
3295 2025 3355 2090 ἐξ
3387 2025 3572 2088 ὓδατος
3597 2024 3768 2093 κιρνᾷν

2209 2123 2394 2193 ἱλαρὸν
2427 2125 2542 2184 τοῖς
2571 2121 2861 2192 δαιτυμόσι
2891 2119 2986 2174 καὶ
3026 2119 3171 2191 μάλα
3194 2119 3329 2190 ἡδὺν
3362 2117 3764 2188 παρεσκεύασεν.

2209 2214 2276 2267 70
2315 2214 2628 2275 Λούσατο,
2676 2213 2814 2266 ἀλλ’
2867 2211 3162 2281 ἐκάθηρεν
3214 2206 3768 2331 ἀμαρτάἶῖἕιὲηθάλνΐ

3543 2295 3594 2331 οι
3647 2295 3681 2331 n

2207 2353 2270 2409 71
2313 2353 2614 2421 Πνεύματι
2652 2352 2983 2420 βρονταίης
3021 2350 3231 2421 φωνῆς
3266 2352 3406 2417 ὕπο,
3442 2277 3769 2489 ύίξςῖήὲῃάρ.

3587 2435 3705 2486 κου.

3587 2435 3705 2486 κου.

2278 2515 2513 2586 Χριστος
2566 2515 2624 2566 ὲν
2681 2513 2924 2585 Ἰορδάνῃ
2978 2511 3302 2582 βαπτισθεὶς
3344 2512 3449 2565 ὑπὸ
3519 2508 3769 2566 Ἰωάννου,

2208 2606 2362 2676 παρὰ
2391 2606 2490 2676 μὲν
2524 2607 2740 2677 Πατρὸς
2772 2605 2844 2667 ὼ,
2875 2605 3003 2667 Υἱὸς
3033 2604 3323 2674 ἀγαπητὸς
3361 2601 3768 2674 μεμαρτύρηται.
3833 2603 3841 2613 ’

2210 2699 2436 2768 Πνεῦμα
2465 2698 2521 2751 δὲ
2547 2698 2606 2751 τὸ
2639 2699 2905 2766 πανάγιον
2937 2696 3236 2767 σωματικῷ
3266 2696 3396 2750 εῖδει
3424 2691 3674 2766 κατῆλθεν
3695 2689 3770 2744 ἐπ’

2211 2791 2378 2845 αὐτὸν
2405 2790 2538 2844 ὡσεὶ
2571 2790 2891 2861 περιστερά.
2924 2790 3118 2843 Κεῖται
3143 2791 3199 2842 έν
3227 2789 3308 2860 τῷ
3339 2788 3382 2860 β’
3406 2788 3564 2857 λόγῳ.

2213 2883 2280 2937 72
2323 2883 2421 2949 Ὧς
2440 2854 2663 2951 ,Bpordg1
2695 2854 2890 2935 ὕπνον
2910 2880 3138 2949 ἔδεκτο,
3170 2854 3387 2948 xui-dic
3414 2854 3558 3004 Θροὲ
3576 2854 3769 2931 εὔνασε

3482 2963 3524 3002 π
3559 2963 3708 3002 ντον.

3482 2963 3524 3002 π
3527 2963 3594 3002 ον
3600 2963 3708 3001 τον.

2277 3043 2512 3116 Χριστὸς
2567 3043 2846 3097 καθεύδων
2883 3044 2940 3096 ὲν
2979 3043 3058 3115 τῷ
3099 3043 3294 3115 πλοίῳ,
3345 3043 3607 3102 κλύδωνος
3659 3036 3768 3096 τοὺς

2212 3135 2462 3208 μαθητὰς
2521 3136 2986 3207 ὲκταράττοντος,
3033 3137 3281 3200 ἀναστὰς
3327 3134 3620 3204 ἐπετίμησε
3677 3128 3770 3187 τοῖς

2209 3226 2438 3297 ἀνέμοις
2456 3242 2468 3254 ’
2504 3229 2537 3298 ἠ
2568 3227 2624 3280 δὲ
2651 3227 2895 3281 θάλασσα
2919 3227 3173 3298 γαληνῶς
3208 3228 3506 3300 ὑφήπλωσε
3531 3223 3606 3295 τῷ
3631 3234 3763 3293 προσ·

2209 3321 2458 3390 τάγματι
2489 3319 2559 3373 τὰ
2585 3318 2703 3372 νῦν.

3426 3450 3492 3500 ος
3537 3427 3628 3500 καί
3656 3423 3773 3495 γού-

2215 3434 2280 3488 73
2320 3434 2525 3488 Γοῦνα
2582 3433 2793 3503 κάμεν,
2855 3432 3137 3504 παρέτοις
3194 3431 3268 3486 δὲ

3325 3506 3448 3558 ναῖ’
3472 3498 3714 3568 ἔπηξεν.

519 3685 628 3746 his,
664 3691 827 3750 atque
851 3684 992 3738 hanc
1028 3700 1138 3739 non
1174 3699 1239 3739 ex
1275 3684 1462 3754 aliquo
1492 3684 1724 3746 semine,
1771 3683 1865 3738 sed
1898 3697 1962 3735 ex
2001 3681 2208 3751 Spiritu
2249 3692 2445 3738 sancto
2477 3691 2532 3739 et
2566 3682 2737 3738 Maria
2773 3682 3015 3754 Virgine.
3069 3681 3146 3736 Ex
3185 3683 3352 3738 nobis
3393 3696 3522 3738 vero
3554 3676 3772 3734 dicitur:

522 3755 687 3810 homo
726 3755 914 3825 Virgo,
934 3754 1102 3809 Deum
1129 3756 1476 3809 incarnatum
1507 3755 1710 3808 munda
1735 3755 1979 3822 pariens,
2009 3754 2291 3823 incognito
2319 3756 2461 3808 viro.

591 3846 758 3902 David
807 3847 950 3903 Deus
993 3849 1242 3918 promisit
1277 3849 1346 3903 de
1386 3847 1570 3904 fructu
1618 3849 1828 3904 ventris
1873 3848 1995 3916 ejus
2022 3865 2082 3905 se
2113 3849 2398 3906 Christum
2431 3849 2735 3905 secundum
2761 3863 2982 3904 carnem
3027 3849 3429 3904 suscitaturum
3454 3861 3599 3909 esse;
3630 3836 3773 3918 υἶίτίά

518 3926 701 3972 autem
726 3927 844 3972 erat
873 3935 965 3973 rex
993 3913 1195 3984 'Israel,
1223 3919 1365 3974 ﬁlius
1399 3918 1577 3982 Jesse,
1619 3937 1685 3973 ex
1724 3913 2034 3981 Bethleem,
2062 3935 2126 3974 ex
2159 3921 2308 3975 tribu
2342 3919 2506 3974 Juda.
2553 3920 2695 3974 Dicit
2734 3930 2914 3974 autem
2943 3920 3156 3988 primus
3189 3919 3362 3975 Jacoh
3396 3939 3409 3972 :
3443 3919 3560 3971 Non
3597 3913 3778 3988 auferr-

520 3993 605 4062 tur
632 3999 895 4062 sceptrum
928 3989 995 4062 de
1029 3990 1192 4062 Iuda,
1235 4000 1283 4044 et
1314 3991 1425 4044 dua:
1447 3991 1511 4062 de
1535 3991 1734 4058 femore
1779 3991 1923 4062 ejus,
1951 3993 2118 4044 donec
2148 3992 2320 4045 veniat
2350 3991 2460 4062 κοιιὶ
2490 3991 2778 4062 mittendus
2816 3999 2916 4062 est,
2946 3987 3017 4042 iet
3048 3991 3158 4058 ipse
3197 3993 3300 4044 erit
3335 3987 3640 4062 exspectatio
3664 3996 3778 4062 ρεη-

519 4060 651 4110 tium
676 4054 726 4112 ⁸.
745 4058 916 4113 Filius
969 4059 1135 4114 David
1159 4070 1246 4117 est
1271 4077 1403 4129 ergo
1439 4054 1696 4117 Christus
1719 4054 2024 4116 secundum
2059 4076 2308 4126 carnem,
2340 4054 2516 4116 factor
2534 4061 2748 4126 Adami,
2787 4060 3031 4114 Adamus
3061 4054 3242 4115 autem
3277 4054 3457 4116 factus
3475 4065 3555 4113 est
3574 4054 3635 4109 ad
3663 4054 3778 4104 ima«

515 4129 698 4199 ginem
737 4137 791 4182 et
830 4131 1247 4185 similitudinem
1273 4131 1390 4186 Dei.

598 4242 618 4276 ι
666 4223 808 4296 Exiit
839 4227 1078 4280 edictum
1105 4241 1135 4279 a
1169 4226 1389 4296 Czesare
1415 4227 1684 4296 Augusto,
1714 4236 1775 4281 ut
1801 4226 2213 4282 describeretur
2238 4228 2536 4281 universus
2559 4225 2734 4288 orbis,
2763 4233 2817 4279 et
2842 4225 3208 4296 ibantiomnes
3237 4226 3293 4278 in
3326 4238 3479 4281 suam
3508 4220 3772 4296 civitate-In.

515 4293 718 4366 Ioseph
760 4303 964 4357 autem,
1004 4295 1149 4366 ﬁlius
1181 4295 1372 4359 David,
1409 4282 1758 4366 asc‘éndit'de
1802 4296 2075 4350 Nazareth
2106 4298 2159 4350 in
2188 4296 2508 4366 Bethlehem
2539 4282 2818 4350 civitatem
2851 4293 3042 4355 David.
3077 4305 3137 4348 ut
3158 4295 3507 4366 proﬁteretur
3534 4304 3648 4345 cum
3669 4282 3776 4366 lla-

518 4365 601 4416 ria
624 4364 954 4438 desponsata
994 4365 1098 4438 sibi
1153 4382 1325 4438 uxore
1358 4375 1692 4438 praegnante.
1740 4365 1951 4438 impleti
2002 4376 2139 4438 sunt
2174 4374 2353 4420 autem
2392 4365 2510 4438 dies
2538 4373 2597 4419 ut
2621 4375 2855 4434 pareret.
2887 4371 2941 4420 et
2981 4368 3191 4438 peperit
3218 4365 3386 4438 ﬁlium
3412 4377 3580 4438 suum
3609 4364 3776 4438 primo-

519 4424 784 4502 genitum,
822 4443 876 4488 et
912 4435 1110 4504 pannis
1142 4451 1265 4488 eum
1306 4424 1534 4490 involvit
1564 4446 1618 4491 et
1650 4424 1936 4491 reclinavit
1966 4452 2092 4492 eum
2130 4437 2185 4490 in
2222 4436 2520 4506 praesepio;
2558 4424 2685 4505 quia
2719 4424 3085 4491 nouerat-eis
3116 4436 3272 4490 locus
3307 4437 3360 4489 in
3395 4424 3681 4487 diversorio
3707 4424 3771 4476 ’.ι

591 4527 728 4600 Cum
758 4528 1012 4584 Christus
1039 4541 1201 4584 natus
1235 4529 1452 4593 fuisset,
1491 4530 1659 4600 magi,
1707 4531 1868 4587 stella
1901 4531 2046 4586 duce
2098 4537 2370 4586 venerunt
2421 4529 2488 4584 ab
2525 4529 2768 4595 Oriente,
2799 4528 3192 4599 Christumque
3245 4528 3534 4584 adorantes
3584 4517 3774 4574 obtuk-

522 4605 653 4652 runt
683 4597 732 4652 ei
759 4612 975 4661 aurum,
1003 4600 1132 4654 thus
1163 4609 1216 4654 et
1241 4600 1543 4670 myrrham.

595 4689 702 4742 Ter
737 4687 992 4744 diabolus
1021 4690 1513 4764 teutatChristum
1555 4705 1570 4746 :
1603 4691 1653 4744 ei
1683 4691 1886 4764 jejuno
1922 4691 2132 4764 lapides
2194 4694 2250 4747 in
2287 4706 2481 4759 panem
2529 4689 2933 4764 convertendos
2978 4689 3291 4764 proponit_;__
3329 4701 3494 4757 regna
3536 4671 3774 4764 ιοτνξξξξιί

522 4759 1040 4832 ἀειῐιοηειτιὶῑηψιαξ
1065 4759 1220 4832 seilli
1253 4775 1390 4832 esse
1408 4757 1697 4822 daturum,
1721 4757 1766 4814 si
1790 4757 1996 4817 cadens
2038 4757 2373 4825 adoraverit,
2411 4761 2721 4832 promittit;
2753 4757 3002 4815 statuens
3029 4757 3584 4832 autemillumsupcr
3611 4757 3774 4832 ῃηιητξ-

522 4829 706 4902 culum
737 4821 953 4898 templi,
979 4838 1038 4884 ut
1067 4831 1248 4902 mittat
1271 4845 1331 4884 se
1363 4830 1618 4902 deorsum
1647 4821 1723 4884 illi
1751 4833 1970 4899 suadet,
1995 4833 2040 4886 si
2073 4834 2244 4888 Filius
2266 4821 2370 4888 Dei
2389 4821 2492 4888 est.
2519 4829 2658 4885 Cum
2688 4821 2822 4886 nihil
2846 4831 3194 4902 profecisset,
3218 4821 3776 4901 ignominiosedisces-

524 4899 617 4953 sit.
654 4898 713 4953 In
748 4903 910 4954 tertio
936 4901 1182 4954 carmine
1215 4901 1490 4970 expositio
1521 4901 1743 4971 legitur.

592 4993 746 5049 Cibis
768 5002 949 5049 autem
985 5002 1046 5048 ut
1078 4994 1245 5048 homo
1278 4995 1539 5063 vescitur,
1573 4997 1666 5051 sed
1691 5011 1754 5050 ex
1783 4997 2022 5065 panibus
2057 4996 2304 5066 quinque
2331 4997 2500 5050 millia
2523 4997 2711 5053 satiat.
2739 4995 2970 5064 Legitur
3001 4995 3056 5048 iu
3085 4994 3246 5048 tertio
3268 4994 3413 5048 loco.

593 5109 1015 5181 Cum_Christus
1061 5121 1208 5165 esset
1255 5111 1309 5164 in
1353 5110 1500 5165 Cana
1544 5112 1781 5167 Galilaeze
1806 5121 1974 5181 atque
1999 5112 2068 5167 ad
2095 5113 2319 5180 nuptias
2351 5121 2604 5170 vocatus.
2651 5111 2956 5167 deﬁciente
2985 5111 3146 5178 vino,
3181 5113 3286 5166 hoc
3328 5111 3378 5165 ei
3412 5115 3582 5163 mater
3607 5109 3776 5181 notum

523 5179 674 5254 fecit.
707 5177 858 5254 Tunc
892 5187 1138 5237 astantes
1162 5181 1330 5251 jussit
1352 5181 1580 5253 implere
1602 5183 1828 5252 hydrias
1856 5177 2024 5252 aqua,
2053 5177 2351 5254 vinumque
2373 5201 2441 5238 ex
2471 5186 2612 5254 aqua
2637 5183 2844 5237 factum
2891 5184 3093 5252 apponi
3121 5182 3372 5237 convivis
3399 5186 3704 5252 generosum
3726 5179 3778 5218 ac

522 5250 936 5307 suavissimum.

592 5361 847 5435 Christus
878 5379 908 5417 a
941 5364 1151 5420 Joanne
1181 5367 1237 5420 in
1277 5365 1516 5422 Iordane
1551 5366 1861 5434 baptizatus
1902 5381 1932 5421 a
1959 5367 2120 5423 Patre
2149 5346 2361 5435 accepit
2389 5366 2772 5424 testimonium
2820 5366 2964 5435 quod
2991 5375 3140 5423 esset
3173 5364 3349 5420 Filius
3387 5362 3506 5435 ejus
3541 5355 3768 5435 dilectus:

522 5431 760 5508 Spiritus
790 5449 924 5490 vero
971 5438 1355 5492 sanctissimus
1403 5431 1672 5506 corporali
1730 5438 1915 5506 specie
1951 5438 2097 5494 sicut
2155 5431 2412 5492 columba
2462 5436 2753 5492 descendit
2785 5431 2851 5490 iu'
2893 5440 3096 5508 ipsum.
3153 5439 3211 5490 In
3261 5432 3506 5490 secundo
3556 5431 3772 5481 carmine

521 5504 742 5574 legitur.

589 5597 844 5654 Christus
882 5597 936 5653 in
975 5598 1244 5671 navicula
1273 5599 1572 5662 dormiens,
1630 5607 1957 5671 tempestate
2003 5599 2338 5657 tremefactis
2375 5599 2690 5671 discrpulis,
2736 5599 2974 5657 surrexit
3017 5607 3074 5654 et
3121 5599 3408 5667 imperant
3445 5589 3632 5652 ventis,
3673 5590 3772 5636 sla'

521 5663 729 5733 timque
758 5683 908 5724 mare
938 5669 1199 5725 obediens
1233 5669 1405 5725 iratos
1445 5671 1642 5724 ﬂuctus
1682 5663 1922 5725 sedavit.

594 5839 606 5866 '
653 5840 787 5896 Gen.
820 5859 967 5912 χιιι,
1001 5847 1088 5902 10.
1201 5852 1220 5881 ³
1245 5848 1374 5904 Luc.
1416 5850 1511 5916 ",7
1535 5866 1654 5920 sqq.
