3980 6422
339 296 439 353 681
1371 304 1443 360 IN
1477 305 1791 361 CARMINA
1839 301 2117 358 ARCANA
2157 300 2214 357 S.
2268 301 2613 358 GREGORII.
3493 300 3603 357 682

349 456 3579 491 mm

1161 637 1292 790 Ν
1300 634 1923 792 ΙΟΕΤλίΕ
2003 633 2788 795 DAVIDIS

1732 902 2261 965 PARAPHRASIS

723 1078 1360 1176 CABMINUM
1399 1074 2133 1172 ABCANORUM
2190 1081 2286 1171 S.
2348 1081 2925 1181 GBEGORII
2974 1086 3237 1179 NAZ.

1007 1288 1181 1333 (Ξυιυι
1273 1285 1541 1332 Ειικεετι
1634 1286 1895 1330 DRONKE
1968 1286 2005 1328 Ε
2076 1288 2301 1332 CODICE
2396 1289 2579 1333 CUSAl‘

1362 1285 1541 1332 NESTI
1634 1286 1895 1330 DRONKE
1968 1286 2005 1328 Ε
2076 1288 2301 1332 CODICE
2396 1289 2639 1335 CUSANO
2730 1290 2934 1338 ΕῡιτΑ.

1706 1429 1981 1495 (Gottingae
2002 1430 2141 1492 1810,
2166 1432 2255 1496 ιο.)

1657 1769 2340 1863 PRZEFATIO.

420 2202 659 2260 Causam
686 2194 843 2268 hujus
873 2193 999 2251 libri
1030 2188 1311 2247 emittendi
1337 2185 1483 2243 dedit
1517 2183 1650 2239 mihi
1678 2182 1846 2240 codex
1874 2183 2204 2268 bibliotheca:
2233 2180 2481 2246 Cusante,
2513 2183 2626 2253 qui,
2660 2199 2781 2238 cum
2816 2183 3021 2241 Nicette
3048 2186 3263 2245 Davidis
3289 2207 3613 2251 commenta-

350 2296 492 2351 rium
521 2297 575 2349 in
610 2291 790 2348 omnia
822 2287 882 2346 S.
907 2284 1149 2358 Gregorii
1202 2282 1543 2339 Nazianzeni
1584 2281 1844 2347 carmina,
1884 2294 2001 2349 qua:
2046 2277 2139 2332 ille
2179 2278 2284 2332 sibi
2330 2277 2731 2347 interpretanda
2777 2278 2985 2353 delegit,
3025 2290 3195 2337 totum
3225 2287 3509 2355 contineat,
3536 2293 3612 2348 ita

351 2396 693 2455 comparatus
719 2392 818 2450 est,
847 2391 907 2438 ut
932 2379 1343 2436 controversiam
1365 2378 1430 2432 de
1451 2377 1709 2446 scriptore
1738 2376 1957 2444 ejusque
1987 2388 2141 2442 opere
2160 2372 2408 2428 dirimere
2437 2386 2590 2441 posse
2622 2372 2886 2429 videatur.
2922 2373 3128 2431 Etenim
3164 2379 3216 2432 in
3250 2397 3441 2452 magno
3476 2388 3611 2439 scri-

352 2491 566 2551 ptorum
601 2491 822 2533 numero
873 2473 964 2545 qui
993 2487 1181 2526 nomen
1213 2466 1420 2523 Nicetes
1450 2465 1628 2537 ferunt
1662 2464 1736 2536 (ιν.
1765 2462 2074 2533 catalogum
2114 2477 2300 2517 eorum
2338 2463 2394 2517 in
2439 2461 2684 2517 Fabricii
2718 2462 2856 2519 Bibl.
2882 2463 2976 2520 Gr.
3013 2466 3115 2522 vol.
3160 2467 3287 2537 VII,
3317 2486 3371 2540 p.
3402 2473 3504 2528 747
3527 2476 3610 2530 ed.

356 2571 629 2644 Harles.),
675 2569 781 2625 duo
811 2578 935 2622 sunt
976 2566 1066 2639 qui
1100 2563 1562 2632 interpretationes
1593 2561 1647 2615 in
1683 2557 1942 2620 nqnnulla
1985 2556 2228 2629 Gregorii
2257 2555 2597 2613 Nazianzeni
2627 2573 2788 2628 opera
2834 2560 3181 2629 scripserunt,
3221 2567 3359 2621 alter
3398 2568 3616 2625 Nicetas

359 2667 559 2733 David,
590 2663 731 2719 alter
764 2661 814 2716 Ν
824 2663 987 2715 iectas
1018 2658 1321 2731 cognomine
1353 2654 1552 2712 Serron
1595 2655 1703 2709 sive
1742 2652 2123 2709 Serrariensis.
2158 2651 2239 2706 De
2274 2650 2465 2707 Niceta
2500 2651 2724 2718 Davide,
2758 2654 2850 2721 qui
2866 2654 3533 2726 philosophus,historicus
3567 2677 3617 2719 et

354 2766 532 2820 rhetor
579 2757 900 2831 appellatur,
938 2755 1043 2826 egit
1074 2751 1346 2807 Martinus
1391 2749 1635 2805 Hankius
1668 2749 1723 2803 in
1770 2747 1904 2804 libro
1948 2747 2023 2805 De
2073 2747 2504 2821 Byzantinarum
2562 2762 2748 2803 rerum
2793 2750 3259 2819 scriptoribus,c.
3296 2754 3389 2819 16,
3430 2772 3483 2825 p.
3512 2758 3619 2813 258

354 2872 495 2926 sqq.,
538 2870 572 2906 a
603 2867 707 2923 quo
737 2865 836 2903 sua
872 2844 1026 2900 habet
1059 2842 1344 2899 Fabricius
1367 2845 1406 2897 l.
1432 2842 1496 2898 l..
1539 2840 1830 2911 Episcopus
1854 2840 1959 2911 fuit
1978 2839 2504 2912 Dadgbrte(a),qua:
2532 2839 2658 2895 urbs
2687 2841 2793 2895 sita
2834 2851 2947 2895 erat
2982 2842 3035 2897 in
3070 2841 3460 2918 Paphlagonia,
3485 2852 3624 2906 unde

355 2942 707 3014 Dadybrenus
728 2939 808 2994 vel
829 2936 1101 3008 Paphlago
1135 2936 1553 3007 cognominatur.
1597 2933 1740 2989 Vixit
1774 2932 1971 2989 swculo
2010 2950 2172 3002 nono,
2211 2933 2301 2989 sed
2332 2948 2433 3003 quo
2471 2947 2616 2987 anno
2649 2941 2806 2987 natus
2840 2943 2933 2987 aut
2975 2944 3213 2992 mortuus
3259 2941 3353 3006 sit,
3404 2942 3622 3012 ignora-

356 3049 496 3088 mus.
532 3031 649 3085 Hoc
674 3036 890 3084 constat
915 3041 1035 3082 esun
1066 3034 1287 3080 mortem
1313 3024 1512 3080 abiisse
1552 3032 1671 3093 post
1701 3039 1899 3078 annum
1928 3022 2071 3089 880;
2112 3039 2239 3078 nam
2266 3022 2619 3090 irruptionem
2667 3022 2780 3077 illis
2813 3026 3134 3095 temporibus
3161 3047 3193 3084 a
3237 3030 3523 3089 Saracenis
3566 3037 3624 3091 in

356 3127 601 3185 Siciliam
638 3126 842 3196 {actam
868 3130 1029 3193 atque
1076 3122 1398 3177 eversionem
1431 3118 1830 3190 Syracusarum
1873 3119 1983 3188 ipse
2028 3127 2220 3173 narrat
2263 3118 2320 3172 in
2359 3116 2483 3172 Vita
2517 3114 2719 3187 Ignatii
2759 3119 3083 3186 patriarcha:
3128 3124 3384 3192 Cplitani.
3418 3125 3625 3185 Prwter

369 3222 524 3277 Vitas
556 3219 662 3277 SS.
698 3217 983 3289 Hyacinthi
1003 3225 1053 3272 et
1080 3215 1354 3271 Eustathii
1380 3214 1558 3270 editas
1596 3230 1631 3268 a
1662 3212 1732 3269 F.
1761 3213 2047 3284 Combeﬁs.
2075 3214 2127 3268 el
2152 3222 2344 3284 praeter
2376 3211 2554 3266 Vitam
2586 3210 2650 3269 S.
2684 3211 2889 3282 Ignatii
2921 3225 3063 3285 patr.
3114 3217 3233 3287 Cpl.
3277 3223 3411 3276 actis
3448 3225 3623 3280 conci-

358 3315 419 3371 lii
449 3315 689 3386 Cplitani
718 3314 898 3384 quarti
935 3311 1075 3383 quod
1102 3310 1302 3367 dicitur
1345 3310 1721 3366 meumnicum
1763 3317 2011 3363 octavum
2046 3308 2305 3363 insertam
2334 3309 2547 3378 scripsit
2580 3309 3067 3381 interpretationem
3098 3313 3203 3368 sive
3244 3317 3624 3387 metaphrasim

357 3406 467 3463 τῶν
489 3406 820 3479 ἀπορῥήτων
850 3402 1003 3458 ἐπῶν
1028 3399 1270 3473 Gregorii
1298 3398 1660 3454 Nazianzeni.
1694 3399 1918 3454 Nicetas
1949 3415 2070 3455 vero
2097 3398 2474 3465 Serrariensis,
2496 3400 2587 3470 qui
2617 3415 2682 3454 est
2704 3401 2942 3469 episcopo
2973 3401 3257 3458 Serrarnm
3284 3407 3342 3461 in
3370 3406 3628 3468 Macedo-

360 3500 451 3554 uia
465 3500 640 3569 prima
662 3496 998 3566 metropolita
1015 3492 1290 3549 Heraclea:
1312 3492 1473 3548 Ponti
1492 3493 1549 3547 in
1573 3491 1803 3547 Thracia
1817 3490 1994 3562 [actus
2018 3491 2214 3547 steculo
2238 3491 2515 3546 undecimo
2536 3491 2606 3546 ad
2626 3492 2786 3562 ﬁnem
2818 3505 3058 3566 vergente
3076 3495 3261 3565 ﬂoruit
3288 3498 3358 3569 (v.
3383 3498 3629 3558 Fabricii

364 3593 505 3649 Bibl.
537 3592 633 3650 Gr.
677 3591 849 3657 VIII,
880 3591 1013 3656 451,
1036 3597 1087 3645 et
1111 3589 1366 3644 (ἔκαιετὶ
1396 3587 1741 3644 Meletemata
1772 3602 1804 3643 e
1833 3587 2130 3659 disciplina
2162 3588 2361 3660 antiq.,
2390 3605 2432 3654 ι,
2465 3588 2579 3660 14),
2613 3593 3051 3646 commentarium
3079 3596 3289 3665 scripsit
3320 3597 3374 3651 in
3401 3599 3628 3657 sedecim

361 3691 627 3742 orationes
672 3683 909 3755 ejusdem
943 3681 1186 3752 theologi.
1240 3679 1345 3737 Sed
1391 3695 1513 3733 cum
1557 3680 1737 3735 eodem
1784 3678 2115 3747 appellentur
2160 3681 2389 3747 nomine,
2419 3679 2622 3749 factum
2670 3690 2773 3746 est,
2822 3691 2883 3735 ut
2929 3684 3090 3738 etiam
3140 3687 3490 3756 metaphrasis
3529 3694 3628 3746 illa

359 3795 477 3851 qua:
518 3787 599 3835 est
630 3776 854 3832 Davidis
895 3774 1213 3829 tribueretur
1242 3771 1570 3828 Serrariensi
1601 3770 1673 3842 (υ.
1718 3769 1931 3827 Creuzet

2063 3771 2102 3827 l.
2147 3787 2201 3834 ρ.
2241 3772 2332 3833 59.
2370 3789 2424 3826 n.
2470 3774 2523 3837 1,
2572 3783 2623 3828 et
2675 3771 3126 3830 SchtellJIistor.
3161 3778 3266 3831 litt.
3310 3778 3487 3836 Grazc.
3539 3785 3623 3839 ed.

361 3889 528 3943 germ.
564 3886 679 3925 cur.
723 3867 1027 3925 Schwarzio
1061 3876 1113 3921 et
1145 3864 1400 3929 Pindero,
1444 3861 1567 3929 III,
1606 3862 1730 3929 176,
1759 3879 1815 3917 n.
1848 3861 1941 3933 l);
1975 3862 2115 3932 quod
2149 3880 2254 3918 non
2300 3865 2598 3929 miramur;
2626 3880 2751 3918 nam
2802 3881 2966 3935 neque
2995 3867 3158 3936 primi
3198 3867 3426 3927 editores
3466 3889 3628 3946 neque

363 3973 545 4034 postea
567 3960 849 4033 quisquam
868 3956 1007 4027 quod
1031 3957 1193 4011 sciam
1215 3954 1518 4026 diligentius
1541 3952 1677 4007 hanc
1700 3968 1811 4007 rem
1828 3952 2178 4023 investigavit.
2214 3952 2474 4009 Fortasse
2493 3954 2591 4009 hoc
2612 3955 2833 4026 ζήτημα
2850 3957 2971 4026 jam
3002 3960 3362 4026 persolverunt
3384 3970 3628 4024 monachi

370 4056 575 4111 ordinis
622 4053 681 4108 S.
720 4051 1015 4117 Benedicti,
1046 4049 1322 4105 novissimi
1360 4063 1579 4118 operum
1620 4045 1866 4117 Gregorii
1902 4045 2241 4103 Nazianzeni
2265 4048 2527 4114 editores;
2564 4051 2655 4104 sed
2682 4049 2912 4106 editione
2946 4067 3129 4107 eorum
3151 4055 3447 4129 interrupta
3483 4071 3624 4120 totus

364 4159 660 4222 apparatus
688 4149 743 4203 in
772 4145 1060 4203 secundam
1084 4154 1136 4199 et
1165 4144 1381 4198 tertiam
1410 4151 1618 4212 partem
1640 4142 1771 4196 latet
1806 4143 1861 4198 in
1890 4143 2106 4198 scriniis
2135 4146 2312 4199 nescio
2342 4145 2497 4214 cujus
2525 4145 2850 4201 bibliotheca:
2870 4147 2966 4221 (b).

436 4240 686 4294 Primum
713 4237 809 4296 sub
837 4235 1044 4292 Nicetae
1074 4234 1299 4290 Davidis
1333 4234 1546 4290 nomine
1580 4231 1777 4303 prodiit
1809 4234 2040 4303 exegesis
2065 4235 2120 4289 in
2160 4232 2497 4290 Tetrasticha
2535 4244 2586 4291 et
2618 4241 2944 4296 monosticha
2981 4240 3211 4301 Venetiis
3236 4249 3378 4317 apud
3420 4249 3623 4310 Franc.

367 4336 634 4392 Zanetum
664 4352 717 4390 a.
752 4333 930 4402 1565;
962 4332 1102 4388 hanc
1139 4347 1259 4387 vero
1300 4330 1791 4400 interpretationem
1825 4346 1933 4384 non
1974 4345 2088 4385 esse
2112 4329 2317 4386 Nicette
2350 4331 2496 4401 infra
2530 4331 2745 4388 docebo.
2776 4333 2911 4389 Tum
2938 4335 3172 4394 Iacobus
3213 4340 3411 4400 Billius
3452 4349 3627 4402 archi-

366 4429 639 4485 mandrita
665 4424 1019 4482 Michaelinus
1048 4433 1254 4495 partem
1292 4423 1662 4479 commentarii
1705 4440 1734 4477 e
1761 4422 1940 4477 codice
1981 4423 2274 4478 cardinalis
2315 4422 2503 4479 Sirleti
2539 4423 2724 4480 Latine
2768 4427 2938 4483 edidit
2983 4430 3216 4488 Parisiis
3250 4452 3301 4489 a.
3331 4437 3500 4507 i575;
3535 4441 3626 4495 sed

367 4534 639 4580 auctorem
669 4521 826 4578 modo
856 4521 1055 4593 Cyrum
1078 4518 1478 4591 Dadybrensem
1513 4518 1671 4572 modo
1712 4516 1912 4588 Cyrum
1958 4516 2208 4573 Nicetam
2248 4518 2644 4590 Dadybrensem
2683 4524 2943 4591 nominat,
2964 4525 3103 4595 quod
3143 4527 3284 4583 male
3316 4529 3468 4598 fecit;
3503 4549 3625 4587 nam
3686 4576 3698 4597 _.

368 4621 540 4693 κῦρος
590 4636 695 4674 non
731 4627 814 4674 est
844 4634 1030 4673 nomen
1055 4616 1333 4687 proprium
1362 4615 1452 4670 sed
1478 4614 1696 4668 honoris
1722 4613 1910 4681 titulus
1940 4629 2037 4682 pro
2063 4615 2282 4688 κύριος;
2314 4633 2359 4671 v.
2402 4616 2613 4673 Barthii
2639 4619 2868 4676 Advers.
2890 4635 2945 4689 p.
2972 4620 3136 4685 .1593,
3162 4638 3312 4691 quem
3345 4633 3524 4680 testem
3545 4629 3626 4681 ci-

370 4717 497 4771 tavit
531 4713 819 4769 Fabricius
855 4712 1025 4778 VIII,
1054 4712 1183 4780 451,
1212 4720 1264 4767 et
1306 4711 1568 4766 Villoison
1588 4708 1812 4765 Notices
1839 4708 1939 4764 des
1972 4724 2255 4767 manuscr.
2288 4711 2357 4767 de
2386 4712 2437 4767 la
2467 4712 2608 4770 Bibl.
2648 4714 2884 4779 nation.,
2934 4714 3056 4781 VII,
3085 4714 3213 4780 422,
3233 4715 3480 4775 Jacobsio
3506 4719 3628 4775 lau-

366 4807 526 4862 datus
544 4808 600 4863 in
631 4806 805 4861 indice
830 4803 1174 4875 Antbologiaz
1200 4802 1482 4875 palatium,
1511 4809 1561 4855 et
1596 4799 1847 4867 Creuseri
1868 4798 2047 4855 Melet.
2080 4799 2133 4866 Ι,
2165 4801 2253 4856 ii.
2286 4801 2561 4859 Praeterea
2590 4804 2746 4859 illum
2770 4805 3025 4871 codicem,
3046 4823 3113 4862 ex
3133 4823 3236 4878 quo
3259 4809 3456 4864 Billius
3478 4828 3626 4866 com-

367 4902 686 4957 mentarium
712 4902 769 4955 in
809 4898 1139 4954 Tetrasticha
1171 4897 1339 4952 edidit
1367 4904 1418 4951 et
1438 4895 1529 4966 qui
1554 4894 1792 4950 diversus
1832 4910 1946 4950 esse
1969 4894 2177 4950 videtur
2201 4913 2234 4951 a
2257 4894 2575 4966 Sirletiano,
2618 4900 2996 4973 interpolatum
3020 4903 3186 4972 fuisse
3217 4905 3441 4976 conjicio
3463 4924 3530 4963 ea:
3557 4908 3623 4964 iis

364 5010 486 5065 qua:
509 4993 751 5064 leguntur
777 4991 846 5046 ad
877 4989 1213 5047 Tetrasticha
1240 4987 1296 5054 8,
1329 4987 1417 5054 11,
1449 4987 1543 5052 57,
1569 4986 1658 5041 47.

439 5090 583 5145 Dum
612 5088 811 5144 Billius
841 5089 896 5143 in
921 5086 1100 5142 Gallia
1128 5101 1319 5142 novam
1347 5083 1589 5155 Gregorii
1615 5082 1956 5139 Nazianzeni
1979 5099 2195 5154 operum
2223 5083 2508 5142 editionem
2526 5089 2776 5163 adornat,
2798 5094 3036 5149 eumdem
3059 5095 3292 5151 laborem
3326 5099 3378 5152 in
3406 5099 3627 5155 Germa-

370 5181 463 5235 nia
487 5180 715 5249 suscepit
742 5177 979 5235 Joannes
1005 5176 1407 5241 Leuvenclaius,
1439 5184 1597 5245 atque
1629 5175 1676 5229 is
1691 5176 1810 5244 jam
1835 5184 1958 5231 ante
1979 5176 2204 5232 Billium
2232 5187 2456 5234 verterat
2485 5185 2921 5237 commentarium
2947 5187 3002 5240 in
3025 5191 3312 5244 sententias
3339 5194 3628 5262 τετραστε-

374 5290 520 5345 κους,
562 5290 738 5329 verum
770 5287 900 5327 casu
939 5272 1117 5343 aliquo
1163 5271 1416 5325 amiserat
1452 5268 1941 5337 interpretationem
1978 5285 2141 5339 neque
2184 5271 2286 5339 ipsi
2319 5271 2389 5326 ad
2428 5289 2619 5328 manus
2657 5274 2760 5343 fuit
2790 5278 3062 5347 exemplar
3103 5278 3368 5345 ercum,
3424 5281 3489 5335 de
3523 5301 3625 5354 quo

375 5376 508 5417 nova
536 5362 744 5417 institui
767 5370 964 5432 posset,
994 5372 1055 5416 ut
1083 5364 1196 5433 ipse
1231 5360 1432 5426 fatetur
1469 5360 1524 5415 in
1554 5358 1808 5429 prooemio
1836 5367 1965 5416 tom.
1994 5357 2094 5415 III
2124 5362 2374 5418 editionis
2402 5362 2631 5432 Latinas,
2665 5381 2784 5435 qua:
2818 5366 3015 5435 prodiit
3056 5368 3289 5426 Basitea:
3327 5387 3394 5425 ex
3421 5373 3626 5440 o/Iicina

442 5532 1962 5612 (a)_E§cidiu‘m_urbis_narrmurdeicetmCboniatm
2011 5534 2259 5593 Historia
2296 5537 2506 5609 imperii
2540 5538 2715 5595 Διεξεὶὶ
2740 5537 3016 5608 Comneni,
3060 5537 3232 5594 Isaaci
3279 5538 3468 5612 Angcli
3514 5537 3624 5595 fra-

366 5600 665 5678 tris,'_l,__7,
691 5623 746 5678 p.
775 5608 881 5664 62L
905 5607 995 5678 9d.
1029 5607 1185 5663 Imm.
1212 5608 1464 5666 Bekkeri.

369 5673 876 5803 ώσῂυιὲιέἓίιιιο
901 5675 1151 5733 Nicetam
1178 5694 1281 5749 pro
1310 5692 1423 5737 uno
1443 5684 1499 5737 et
1517 5677 1713 5740 eodem
1749 5675 2062 5738 habuerunt
2079 5676 2421 5740 Benedictini
2461 5677 2722 5738 editores.
2761 5675 2898 5737 Vide
2928 5675 3293 5753 prmcedentis
3323 5673 3616 5735 voluminis

701 5835 973 5901 ΡΑτιιοι..
1005 5839 1121 5902 Gn.
1160 5835 1477 5900 XXXVIII.

3236 5836 3314 5929 22

3616 5929 3660 5947 ..π
