3980 6410
389 297 495 351 685
1731 297 2028 355 NICETAS
2101 297 2310 354 DAVID
3531 297 3643 354 685

397 418 731 488 llcrvagiana
767 432 858 485 per
895 414 1176 470 Eusebium
1210 416 1546 486 Episcopium
1586 431 1636 467 a.
1669 413 1797 466 1571
1835 432 1846 466 :
1881 413 1971 467 sed
1995 413 2134 483 quod
2174 414 2250 466 rei
2275 422 2433 483 caput
2466 422 2566 479 est,
2605 414 2914 484 scriptorem
2948 423 3085 469 recte
3125 418 3367 472 nominat
3396 415 3639 479 Mutum

384 513 661 569 Davidem.
694 513 817 566 Non
855 512 1024 566 multo
1063 523 1179 580 post
1208 528 1274 566 ea:
1305 513 1438 564 libro
1486 509 1842 576 manuscripto
1873 507 2198 562 bibliotheca:
2229 509 2554 579 Augustana:
2584 506 2827 564 ercam
2877 510 3254 579 paraphrasim
3300 514 3358 567 in
3396 530 3490 568 sex
3521 533 3640 571 car-

383 610 527 664 mina
590 611 806 666 Arcana
869 608 974 662 sive
1040 607 1094 661 in
1153 622 1330 664 versus
1380 608 1489 666 482
1542 605 1690 678 (sunt
1758 619 1877 657 vero
1917 619 2136 658 numero
2179 603 2309 673 485')
2351 603 2519 658 edidit
2569 603 2703 659 Dav.
2757 605 3082 660 llwschelius
3127 605 3373 678 Lugduni
3410 607 3643 666 Batavo-

383 719 501 754 rum
537 717 590 754 a.
623 701 785 767 1591,
814 717 931 770 qua:
961 700 1124 754 editio
1171 698 1390 767 repetita
1428 705 1508 751 est
1547 695 1612 750 ab
1640 693 1803 750 Joan.
1848 693 2250 750 Hornschuchio
2280 693 2478 765 Lipsice
2511 712 2563 749 a.
2594 695 2768 756 i645:
2798 714 2928 767 quos
2957 697 3116 750 libros
3162 714 3281 751 cum
3307 700 3482 754 videre
3506 719 3643 755 non-

388 793 517 846 dum
558 792 688 844 mihi
721 791 1023 861 contigerit,
1049 791 1179 843 nihil
1219 789 1282 842 de
1309 787 1631 855 metaphrasi
1659 803 1817 856 quam
1847 787 2115 841 continent
2141 796 2374 841 statuere
2395 803 2628 856 possum.
2667 788 2832 857 Atque
2853 805 2914 842 ea.
2944 789 3038 842 illo
3072 799 3300 860 tempore
3331 809 3410 846 res
3439 794 3642 849 intacta

378 889 601 951 mansit,
633 885 798 940 donec
824 887 892 939 ad
929 885 1272 954 qmestionem
1303 880 1692 935 dissolvendam
1723 895 1803 934 me
1832 879 2046 949 impulit
2075 878 2166 934 ille
2199 879 2362 934 codex
2394 894 2546 951 quem
2573 882 2687 950 jam
2715 882 3075 950 descripturus
3101 900 3240 938 sum.

446 981 528 1032 Ad
563 979 706 1047 ripas
737 976 979 1031 Mosella:
1018 974 1435 1041 amoenissimas,
1457 987 1616 1040 prope
1645 973 1814 1026 vicum
1851 970 2008 1034 Caes,
2038 969 2226 1025 domus
2263 979 2342 1025 est
2379 970 2586 1026 alendis
2617 971 2826 1026 senibus
2856 972 3174 1043 presbyteris
3215 991 3248 1027 a
3275 975 3497 1031 Nicolao
3527 977 3640 1033 Cu-

371 1091 506 1131 sano
532 1074 626 1128 illo
656 1071 931 1127 cardinale
975 1069 1289 1126 doctissimo
1321 1077 1614 1132 exstructa,
1651 1067 1706 1120 in
1743 1066 1895 1135 cujus
1927 1063 2242 1119 bibliotheca
2275 1065 2411 1120 bona
2453 1081 2580 1135 pars
2613 1065 2893 1131 librorum,
2941 1081 3072 1138 quos
3106 1066 3365 1125 Nicotaus
3403 1087 3497 1125 aut
3531 1075 3642 1142 ipse

372 1169 653 1235 scripserat
685 1171 776 1217 aut
817 1163 871 1216 in
904 1160 1180 1215 itineribus
1211 1159 1516 1229 collegerat,
1553 1157 1727 1211 adhuc
1758 1165 2084 1221 asservatur,
2115 1173 2414 1227 quanquam
2460 1174 2598 1228 sa’pe
2634 1167 2712 1212 est
2743 1157 2997 1228 spoliata.
3046 1157 3314 1215 Numerus
3337 1164 3544 1232 quidem
3573 1167 3642 1218 li-

373 1262 590 1316 brorum
628 1261 850 1329 exiguus
883 1265 981 1322 est,
1012 1255 1102 1311 sed
1143 1256 1484 1324 reperiuntur
1513 1254 1650 1307 inter
1675 1269 1762 1307 eos
1797 1253 1958 1306 etiam
1994 1251 2117 1305 boui
2144 1260 2195 1306 et
2222 1250 2369 1323 digni
2398 1253 2487 1323 qui
2514 1253 2868 1317 innotescunt,
2905 1252 3027 1306 licet
3065 1269 3168 1307 non
3193 1254 3347 1319 tales,
3377 1257 3558 1326 quales
3587 1277 3642 1314 se

371 1357 446 1410 ibi
475 1363 810 1423 reperturum
841 1367 955 1404 esse
979 1356 1284 1418 speraverat
1327 1346 1492 1402 Andr.
1521 1345 1664 1402 Cuil.
1703 1345 2014 1411 Cramerus,
2039 1346 2192 1416 cujus
2226 1344 2324 1399 hac
2353 1346 2416 1400 de
2441 1361 2496 1400 re
2527 1345 2704 1414 lepida
2724 1353 2898 1399 exstat
2926 1348 3165 1400 narratio
3201 1347 3257 1400 in
3281 1348 3442 1416 ipsius
3466 1349 3638 1407 Chroo

374 1445 516 1499 uicis
545 1442 888 1506 domesticis,
924 1456 978 1509 p.
1017 1439 1121 1492 145
1150 1455 1264 1510 sqq.
1305 1436 1381 1491 De
1413 1437 1564 1491 libris
1601 1437 1740 1491 enim
1771 1437 1860 1508 qui
1885 1435 1955 1489 ad
1967 1435 2061 1505 jus
2094 1443 2332 1506 spectant
2359 1433 2577 1488 meliora
2607 1435 2779 1488 edocti
2807 1451 2989 1489 sumus
3024 1435 3089 1487 ab
3121 1434 3374 1491 Eduardo
3413 1437 3642 1512 Bécking

365 1542 478 1609 jcto
525 1537 696 1592 Bonn.
730 1554 778 1591 v.
818 1535 899 1600 d.,
934 1551 981 1589 v.
1029 1533 1179 1588 Frid.
1211 1531 1341 1587 Car.
1370 1549 1403 1585 a
1434 1530 1665 1601 Savigny
1707 1531 1898 1584 librum
1942 1529 2275 1586 Geschichte
2300 1529 2396 1584 des
2423 1529 2734 1584 rﬁmischen
2763 1527 2991 1596 Rcchts,
3031 1539 3155 1595 etc.,
3189 1528 3308 1594 111,
3338 1531 3390 1595 8,
3416 1533 3499 1586 ed.
3532 1551 3639 1588 sec.

373 1632 520 1687 Inter
547 1629 758 1686 Grcccos
801 1639 975 1682 autem
1005 1627 1172 1680 libros
1211 1625 1621 1691 manuscriptos,
1653 1639 1878 1693 quorum
1902 1624 2055 1692 copia
2084 1622 2211 1676 mihi
2239 1637 2402 1690 nuper
2435 1620 2583 1690 facta
2623 1631 2700 1675 est
2743 1637 2835 1690 per
2868 1619 3207 1684 Hartinium,
3240 1640 3287 1678 υ.
3320 1641 3452 1691 rev.,
3488 1627 3638 1680 illius

371 1731 560 1783 domus
593 1725 923 1794 prtefectum,
959 1721 1060 1791 fuit
1090 1722 1250 1774 etiam
1281 1718 1465 1782 codex,
1497 1719 1587 1786 qui
1613 1727 1778 1772 totam
1815 1716 2020 1771 Nicetw
2050 1713 2274 1770 Davidis
2295 1715 2677 1784 metaphrasim
2706 1715 2938 1768 continet
2960 1715 3013 1768 in
3042 1717 3225 1770 omnia
3251 1716 3492 1789 Gregorii
3517 1719 3636 1776 Na-

374 1820 614 1873 zianzeni
645 1815 908 1881 carmina,
953 1828 1072 1884 qua:
1118 1811 1209 1866 ille
1235 1811 1610 1880 interpretatus
1653 1818 1752 1868 est.
1782 1807 2218 1862 Membranaceus
2247 1815 2326 1862 est
2365 1818 2518 1877 atque
2563 1822 2629 1860 ea:
2654 1806 2801 1876 [aliis
2838 1807 2941 1862 158
2971 1807 3158 1876 forma:
3187 1810 3468 1880 quadratis
3508 1827 3637 1867 con-

374 1924 520 1980 stat;
555 1914 786 1982 scriptus
823 1919 900 1964 est
932 1907 988 1962 ni
1027 1905 1196 1974 fallor
1231 1903 1426 1961 sceculo
1461 1919 1515 1958 ιι
1546 1904 1627 1958 vel
1650 1918 1727 1958 xu
1765 1903 2163 1974 calligraphice,
2195 1917 2298 1956 non
2341 1899 2740 1972 tachygraphice
2770 1900 2910 1970 quod
2940 1911 3149 1967 vocant,
3181 1919 3388 1958 summa
3429 1906 3641 1962 littera-

374 2025 494 2064 rum
522 2005 786 2076 elegantia
820 2016 1132 2072 summaque
1168 1999 1465 2069 diligentia.
1499 1996 1664 2070 Siglis
1694 1998 1858 2052 nullis
1890 2014 2016 2052 usus
2045 2006 2122 2051 est
2172 1995 2465 2059 librarius;
2497 2011 2674 2062 pauca
2703 2004 2909 2049 tantum
2943 1998 3200 2051 vocabula
3229 2015 3322 2067 per
3369 1999 3642 2056 abbrevia-

375 2110 550 2158 turam
575 2099 772 2169 scripta
808 2105 930 2150 sunt
955 2104 1012 2148 ut
1047 2092 1278 2166 Ἰησοῦς,
1304 2091 1562 2164 Χριστός,
1592 2092 1733 2156 θεός,
1765 2092 1946 2164 πνεῢμ

2066 2092 2216 2163 τατήρ
2266 2091 2470 2163 μήτηρ,
2489 2090 2794 2162 ἄνθρωπος,
2830 2091 3073 2163 σωτηρία
3098 2102 3148 2147 et
3183 2093 3248 2147 ab
3272 2094 3351 2148 his
3376 2095 3638 2152 derivata.

374 2194 696 2247 Accentuum
737 2189 876 2244 ratio
911 2186 1094 2243 cadens
1132 2187 1240 2255 fere
1270 2194 1348 2240 est
1385 2201 1502 2255 quae
1532 2185 1686 2240 hodie
1723 2185 2076 2251 observatur;
2104 2184 2244 2255 quod
2277 2182 2344 2237 ad
2385 2183 2603 2257 spiritus
2648 2185 2858 2249 attinet,
2903 2184 3009 2239 duo
3053 2185 3148 2240 rho
3188 2185 3430 2257 deinceps
3463 2190 3644 2257 posita

374 2298 642 2353 numquam
666 2283 790 2336 illos
815 2280 917 2335 sibi
944 2251 1229 2347 inscriptos
1263 2251 1478 2344 habent,
1503 2288 1559 2332 ut
1587 2289 1637 2333 et
1669 2278 1725 2332 in
1755 2278 1881 2333 aliis
1909 2251 2178 2333 codicibus
2199 2285 2249 2332 et
2279 2251 2421 2331 nunc
2439 2251 2734 2341 scribitur;
2757 2293 2806 2332 v.
2840 2277 2994 2332 Bast.
3017 2277 3329 2336 Comment.
3354 2251 3640 2353 palaeogr.,

375 2378 502 2434 733.
542 2375 666 2431 Iota
691 2375 830 2448 quod
871 2373 1226 2444 subscriptum
1254 2372 1480 2432 dicimus
1516 2389 1784 2444 nunquam
1815 2373 1958 2441 infra
1980 2372 2200 2437 lineam,
2234 2389 2358 2426 raro
2386 2371 2442 2425 in
2471 2371 2585 2440 ipso
2613 2387 2764 2426 versu
2791 2373 3028 2441 ponitur,
3052 2375 3358 2446 plerumque
3383 2379 3639 2432 omissum

374 2478 473 2534 est,
519 2468 609 2522 sed
639 2476 763 2522 sunt
809 2465 964 2521 verba
1001 2481 1116 2536 qua:
1157 2481 1295 2519 nunc
1323 2473 1504 2519 carent
1535 2467 1646 2518 iota
1682 2463 1997 2532 subscripto,
2031 2473 2081 2518 et
2116 2465 2170 2518 in
2215 2463 2392 2518 codice
2417 2461 2552 2516 illud
2581 2461 2793 2526 habent,
2831 2473 2889 2517 ut
2933 2463 3092 2540 ζῶιον
3119 2482 3214 2534 pro
3249 2466 3406 2532 ζῶον,
3432 2468 3496 2524 de
3534 2484 3642 2540 qua

375 2558 640 2614 scribendi
679 2558 886 2612 ratione
923 2574 970 2612 v.
1009 2555 1162 2610 Bast.
1190 2555 1228 2609 l.
1260 2555 1297 2608 l.
1330 2554 1455 2611 719.
1496 2553 1787 2609 Particulo:
1823 2554 2068 2625 quaedam
2109 2555 2415 2625 compositas
2457 2569 2549 2624 per
2576 2564 2754 2624 partes
2789 2554 3116 2622 scribuntur,
3157 2575 3204 2613 v.
3237 2575 3285 2614 c.
3322 2559 3398 2613 ὅτ’
3428 2560 3516 2627 ἄν,
3550 2560 3640 2616 ἐπ’

374 2649 462 2720 ἦν,
498 2651 669 2705 ὲπειδ’
702 2650 770 2704 ἄν
801 2667 814 2680 ·
849 2659 1033 2704 contra
1066 2648 1374 2719 pra'positio
1399 2647 1544 2701 κατά
1570 2663 1690 2701 cum
1727 2647 2044 2717 quibusdam
2089 2648 2437 2704 substantivis
2481 2663 2617 2717 sa'pe
2654 2649 2709 2703 in
2741 2663 2902 2702 mium
2941 2651 3251 2708 vocabulum
3277 2656 3641 2729 conjungitur,

374 2764 421 2803 υ.
448 2762 496 2800 c.
530 2744 860 2814 καταφύσιν.
889 2743 1132 2798 Itacismi
1163 2743 1382 2813 vestigia
1410 2757 1588 2811 pauca
1617 2744 1974 2812 reperiuntur.

444 2836 658 2890 Folium
689 2835 917 2904 primum
946 2835 1128 2903 incipit
1153 2834 1326 2888 colore
1355 2833 1516 2887 rubro
1541 2850 1560 2888 :
1588 2834 1802 2904 Νικήτα
1827 2834 1920 2888 τοῦ
1945 2836 2016 2890 κα

2073 2835 2165 2890 δᾱδ
2192 2819 2380 2890 δούλου
2416 2833 2467 2889 εὖ
2499 2835 2568 2906 χῦ
2602 2835 2696 2891 τοῦ
2723 2837 3010 2909 φιλοσόφου
3035 2839 3294 2912 ἐξήγησις
3326 2843 3436 2899 τῶν
3464 2847 3645 2919 ἀπορ-

377 2933 554 3003 ρήτων
585 2928 680 2983 τοῦ
713 2928 949 3000 μεγάλου
988 2928 1290 3001 Γρηγορίου
1323 2927 1416 2982 τοῦ
1451 2927 1713 2997 Θεολὸγου
1746 2930 1894 2983 ἐπῶν
1927 2930 2083 2999 λόγος
2125 2939 2194 2985 αι.
2228 2930 2538 3004 Προοίμιον.
2575 2930 2642 2987 Οί
2674 2932 2773 3004 μὲν
2807 2934 2938 3006 παρ’
2965 2935 3186 3007 Ἕλλησι
3223 2938 3651 3009 φιλοσοφώτατοι

373 3017 514 3074 εἶναι
541 3013 791 3085 δόξαντες
818 3021 910 3074 καὶ
942 3020 1257 3090 λογιώτατοι
1292 3020 1435 3090 ἡνίκ’
1476 3019 1542 3074 ἂν
1585 3023 1702 3084 ταῖς
1743 3021 1882 3094 ὑπὲρ
1919 3021 1982 3075 τὸ
2027 3022 2488 3094 βλεπόμενον-καὶ
2529 3024 2628 3095 τὴν
2676 3025 2928 3098 αἴσθησιν
2966 3028 3238 3099 θεωρίαις,
3270 3031 3388 3084 κτλ.
3422 3031 3556 3104 Pag.
3592 3035 3647 3098 Α»,

374 3111 514 3180 Περί
541 3111 761 3182 ἀρχῶν.
797 3113 859 3164 (ti
892 3110 994 3183 τῆς
1019 3111 1288 3182 κοσμικῆς
1323 3110 1514 3180 σοφίας
1545 3111 1644 3183 τὴν
1681 3113 1988 3183 ἀκροτάτην
2023 3112 2346 3166 καταλαϐεῖν
2394 3115 2734 3186 κατοιόμενοι
2768 3115 3054 3188 περιωπὴν
3093 3116 3270 3172 πάντα
3299 3119 3370 3174 τὰ
3397 3119 3526 3175 ὄντα
3556 3123 3650 3176 καὶ

372 3207 444 3262 τὰ
467 3207 726 3278 γινόμενα
757 3207 836 3271 είς
866 3210 1013 3280 τρεῖς
1053 3207 1153 3269 τὰς
1184 3209 1526 3278 κυριωτάτας
1560 3192 1663 3262 κοιλ.¹
1682 3208 1993 3280 πρωτίστας
2021 3208 2198 3273 αἰτίας
2231 3209 2325 3263 καὶ
2360 3209 2536 3281 ἀρχὰς
2566 3209 2925 3280 ἀναφέροντες
2959 3211 3414 3284 ὲκκορυφοῦνταιο
3444 3213 3647 3279 ταύτας

372 3303 430 3357 δὲ
461 3302 586 3355 νοῦν
631 3299 726 3356 καὶ
769 3299 902 3368 ὓλην
945 3299 1040 3352 καὶ
1098 3295 1234 3363 εἶδος
1288 3298 1579 3362 καλοῦντες
1624 3299 1924 3370 συνάρχους
1966 3298 2060 3352 καὶ
2115 3299 2418 3363 συναιτίους
2445 3298 2553 3352 τῶν
2588 3300 2806 3352 πάντων
2844 3301 3202 3363 ὑποτίθενται,
3234 3303 3354 3357 κτλ.
3383 3303 3521 3373 Pag.
3555 3304 3646 3370 16,

385 3393 672 3464 Ἐξήγησις
707 3391 815 3444 τῶν
854 3391 1180 3461 ἀπορρήτων
1213 3387 1306 3442 τοῦ
1355 3390 1591 3462 μεγάλου
1635 3389 1936 3462 Γρηγορίου
1986 3389 2080 3444 τοῦ
2123 3389 2386 3459 Θεολόγου
2421 3390 2600 3444 ὲπῶνο
2642 3391 2816 3460 Λόγος
2851 3391 2894 3462 β’
2927 3393 3068 3462 Περὶ
3121 3394 3278 3448 Υἱοῦ.
3324 3394 3650 3466 Ἐκθέμενος

375 3487 504 3560 περὶ
528 3487 711 3558 ἀρχῶν
737 3485 770 3556 ἢ
794 3486 990 3557 ἀρχῆς,
1010 3477 1211 3538 ’ταύτὸν
1240 3486 1296 3539 δὲ
1326 3488 1520 3552 εἰπεῖν,
1549 3487 1677 3557 περὶ
1705 3485 1805 3556 τῆς
1829 3485 2112 3557 τριαδικῆς
2143 3486 2441 3558 μοναρχίας
2471 3488 2499 3542 6
2524 3485 2823 3558 θαυμάσιος
2851 3467 3522 3560 ὲπιτομώταταδιαλασὼν
3551 3489 3650 3544 καὶ

374 3587 501 3650 τοὺς
532 3587 628 3656 μὲν
653 3585 872 3658 ἐριστὰς
913 3587 993 3649 είς
1033 3584 1412 3656 διαλογισμοὺς
1451 3587 1796 3641 παντάπασιν
1827 3587 2005 3657 ἀφείς,
2042 3588 2162 3642 κτλ.
2199 3587 2332 3658 Pag.
2365 3590 2455 3653 '60,
2481 3589 2652 3658 Λόγος
2685 3594 2734 3657 γ’
2759 3586 2900 3657 Περὶ
2932 3587 3039 3642 τοῦ
3078 3587 3253 3656 ἁγίου
3282 3586 3645 3654 Πνεύματος.

375 3681 715 3752 θεολογήσας
751 3683 778 3734 ὁ
804 3678 1226 3750 θεοληπτότατος
1259 3680 1388 3751 περὶ
1417 3681 1629 3751 Πατρδς
1659 3681 1754 3735 καὶ
1785 3681 1914 3735 Υίοῦ
1947 3682 2048 3736 ὅσα
2081 3681 2210 3752 ἐξῆν
2247 3682 2396 3754 αὐτῷ
2437 3684 2662 3739 διειπεῖν
2702 3684 2762 3735 ὲν
2795 3682 3058 3754 ἀφράστῳ
3085 3682 3376 3753 γοργότητι
3401 3681 3493 3734 καὶ
3522 3698 3651 3736 συν·

375 3773 542 3846 τομίᾳ
567 3774 654 3827 διὰ
685 3771 793 3826 τῶν
819 3771 1310 3843 προπεποιημένων
1337 3773 1588 3844 ἡρωϊκῶν
1616 3773 1763 3828 ἐπῶν
1797 3773 1892 3828 νῦν
1920 3774 1984 3846 δὴ
2021 3774 2323 3845 ἑπομένως,
2371 3775 2488 3828 κτλ.
2533 3774 2669 3846 Pag.
2693 3775 2784 3843 45,
2812 3775 2951 3843 Περι
2984 3775 3216 3843 κόσμου
3241 3773 3396 3842 λόγος
3421 3773 3485 3828 δ’.
3514 3772 3647 3845 Pag.

376 3863 464 3918 61.
509 3862 649 3931 Περὶ
676 3861 966 3931 προνοίας
1003 3859 1158 3928 λόγος
1181 3860 1243 3915 ε’.
1274 3860 1408 3933 Pag.
1439 3861 1529 3926 78,
1561 3862 1702 3931 Περὶ
1730 3862 1847 3917 τῶν
1876 3863 2135 3934 λογικῶν
2158 3863 2382 3919 οὐσιῶν
2408 3864 2566 3934 λόγος
2599 3865 2674 3930 ς’.

451 3973 627 4046 Igitur
672 3989 738 4027 es:
785 3975 881 4027 hoc
931 3969 1108 4026 codice
1146 3971 1376 4040 primum
1411 3972 1776 4044 intelligimus,
1810 3982 1936 4044 quot
1979 3975 2220 4028 carmina
2250 3973 2468 4030 Nicetas
2498 3976 2876 4038 interpretatus
2921 3976 3114 4046 fuerit;
3140 3985 3264 4031 sunt
3307 3985 3482 4032 autem
3511 3993 3650 4046 pra:—

379 4085 458 4130 ter
512 4071 820 4127 tetrasticha
864 4086 1080 4125 numero
1117 4080 1220 4130 xv;
1252 4063 1438 4118 deinde
1476 4080 1748 4120 numerum
1797 4066 2118 4130 carminum,
2151 4079 2270 4135 qua
2307 4064 2600 4136 ἀπόρρητα
2637 4065 3004 4132 nominaverit,
3066 4067 3340 4136 aliquanto
3393 4068 3650 4137 majorem

379 4186 492 4226 esse
535 4184 693 4240 quam
735 4166 886 4221 Billii
923 4179 1217 4220 numerum.
1264 4159 1322 4216 Is
1347 4161 1486 4215 enim
1531 4170 1645 4214 octo
1675 4169 1884 4215 tantum
1907 4162 2151 4215 carmina
2184 4161 2260 4215 ita
2292 4161 2564 4230 inscripsit
2595 4177 2756 4232 neque
2783 4160 3072 4232 quidquam
3107 4158 3170 4213 de
3211 4157 3310 4213 hac
3340 4175 3395 4213 re
3423 4159 3652 4224 monuit,

378 4277 682 4335 quanquam
717 4269 884 4316 totum
915 4257 1118 4313 Niceta:
1159 4256 1595 4313 commentarium
1635 4257 1693 4311 in
1731 4258 1976 4312 manibus
2001 4258 2248 4312 habuisse
2285 4259 2491 4312 videtur
2543 4258 2649 4335 sive
2678 4257 2733 4312 in
2759 4275 2864 4312 uno
2900 4255 3097 4323 codice,
3127 4255 3422 4311 cardinalis
3471 4254 3656 4311 Sirleti

379 4325 610 4409 codicem
639 4352 778 4417 dico,
826 4353 932 4413 sive
968 4352 1022 4405 in
1057 4349 1307 4418 pluribus
1337 4356 1621 4416 repertum,
1672 4363 1798 4402 nam
1827 4349 1884 4402 in
1907 4349 2249 4403 annotatione
2278 4351 2491 4419 respicit
2533 4325 2604 4404 ad
2632 4348 3071 4404 commentarium
3104 4363 3209 4401 non
3255 4346 3426 4401 solum
3457 4347 3511 4400 in
3538 4354 3654 4399 octo

379 4445 479 4500 illa
507 4444 770 4506 carmina,
821 4442 911 4496 sed
935 4442 1096 4494 etiam
1127 4440 1182 4493 in
1226 4446 1420 4504 septem
1449 4437 1655 4505 reliqua
1708 4445 1864 4506 atque
1890 4437 2327 4491 commentarium
2383 4440 2436 4492 in
2485 4437 2821 4494 Tetrasticha
2867 4447 3036 4493 totum
3091 4437 3268 4492 vertit.
3301 4435 3485 4506 Ipsum
3532 4451 3653 4490 vero

388 4534 437 4588 Ν
447 4537 635 4589 icetam
676 4535 787 4588 hcce
810 4534 1053 4586 carmina
1075 4532 1366 4604 ἀπόρρητα
1395 4530 1708 4601 appellasse,
1727 4531 1911 4585 docere
1931 4530 2060 4584 mihi
2086 4532 2326 4586 videntur
2347 4549 2463 4604 quae
2492 4535 2556 4589 de
2581 4551 2678 4589 suo
2700 4535 2970 4604 proposito
2990 4533 3172 4588 scribit
3193 4533 3248 4585 in
3275 4529 3527 4601 procemio
3552 4527 3650 4598 fol.

384 4627 421 4682 2
449 4643 496 4681 v.
525 4625 639 4678 cod.
677 4639 694 4676 :
726 4621 801 4675 Δι’
835 4621 863 4674 ὃ
893 4622 984 4674 καὶ
1007 4623 1168 4692 ἡμεῖς
1195 4623 1245 4675 οἱ
1285 4623 1502 4676 πάντων
1524 4620 1740 4692 ἔσχατοι
1769 4621 1864 4675 καὶ
1891 4621 2205 4694 μικρότεροι
2235 4623 2373 4694 πρὸς
2415 4623 2507 4677 τὸν
2551 4625 2692 4697 ὑπὲρ
2729 4624 2940 4690 πάντας
2969 4625 3097 4690 τοὺς
3125 4622 3523 4695 πρεσϐυτέρους
3559 4619 3656 4676 καὶ

385 4711 738 4774 ῑιδασκόιλους
767 4711 1127 4782 τετιμημένοι
1156 4713 1286 4782 ἡμῖν
1313 4710 1613 4783 Γρηγόριον
1651 4710 1742 4764 τὸν
1773 4711 2032 4780 Θεολόγον
2068 4713 2162 4766 τὸν
2201 4711 2327 4766 νοῦν
2365 4713 2737 4786 ἐπερείδοντες
2775 4715 2851 4779 ὡς
2881 4716 2978 4784 τῆς
3008 4713 3280 4787 ἡμετέρας
3305 4712 3660 4784 καθηγεμόνα

384 4805 562 4878 ψυχῆς
589 4805 680 4858 καὶ
699 4804 776 4868 ὡς
805 4802 1203 4876 περισσοτέρως
1236 4806 1302 4857 ἐκ
1327 4805 1433 4858 τῶν
1473 4803 1634 4860 αὑτοῦ
1665 4800 1949 4874 ϐεολογιῶν
1975 4805 2414 4877 οἰκοδομούμενοι
2448 4807 2691 4878 ὀλίγους
2721 4807 2891 4875 τινὰς
2915 4809 2986 4864 ἐκ
3019 4807 3138 4862 τῶν
3173 4807 3361 4862 αὑτοῦ
3384 4803 3656 4874 δυσερρά-

386 4918 548 4957 στων
573 4900 670 4955 καὶ
701 4897 1131 4968 δυσθεωρήτων
1157 4899 1353 4970 λόγων
1384 4900 1516 4970 ἦτοι
1554 4899 1938 4970 θεοφρόστων
1966 4899 2130 4955 ἐπῶν
2159 4901 2234 4956 τὰ
2267 4903 2710 4971 ἀπορρητότερα
2745 4903 2842 4957 καί
2885 4902 3008 4970 τοῖς
3034 4900 3290 4968 πολλοῖς
3326 4899 3660 4954 ἀνεπίοπτα

387 5002 474 5066 είς
502 4998 797 5066 ἐξήγησιν
826 4995 1245 5065 προυθήκαμεν
1282 4997 1535 5065 ἑαυτοῖς.
1567 4997 1697 5056 Cum
1735 4997 1812 5052 his
1847 5013 1958 5051 com

2083 5015 2100 5051 ι
2128 5013 2244 5067 qua:
2268 5013 2393 5067 pag.
2432 4996 2535 5053 152
2565 4999 2692 5070 (col.
2721 4999 2848 5069 743)
2876 4997 3034 5068 hujus
3075 4998 3198 5052 libri
3234 4997 3498 5067 leguntur.
3537 4992 3655 5048 Cat-

289 5101 292 5106 '
392 5101 560 5148 terum
593 5110 656 5148 ne
687 5094 783 5148 illa
808 5091 1017 5165 quidem
1045 5095 1308 5163 carmina,
1359 5109 1476 5165 qua:
1505 5095 1700 5150 Billius
1735 5094 2044 5176 cognomine
2078 5092 2190 5146 τῶν
2219 5092 2553 5164 ἀπορρήτων
2581 5093 2877 5164 insignivit,
2913 5097 2970 5147 in
2999 5089 3241 5146 omnibus
3279 5086 3549 5143 codicibus
3580 5085 3659 5140 ita

392 5204 505 5245 csse
549 5188 807 5258 inscripta
857 5196 1077 5243 testatus
1109 5199 1187 5243 est
1217 5189 1444 5245 Carolus
1493 5189 1688 5245 Bened.
1719 5189 1883 5250 Hace,
1912 5188 2002 5257 qui
2045 5187 2126 5240 vir
2165 5185 2506 5242 clarissimus
2557 5197 2608 5241 et
2661 5187 3002 5241 doctissimus
3042 5200 3076 5237 a
3119 5198 3202 5236 me
3261 5190 3502 5250 rogatus,
3541 5192 3660 5232 cum

350 5317 355 5323 .
390 5295 555 5335 essem
576 5294 775 5332 memor
800 5295 980 5334 eorum
1014 5295 1129 5350 qua:
1161 5278 1260 5349 legi
1287 5279 1339 5332 in
1367 5277 1682 5348 prcefatione
1714 5273 1783 5329 ad
1822 5273 2046 5328 Leonem
2094 5273 2394 5329 Diaconum
2420 5291 2545 5346 pag.
2579 5289 2709 5330 xxxx
2741 5275 2826 5330 ed.
2856 5275 3179 5344 Bonn.,qua
3208 5281 3288 5326 est
3331 5269 3662 5324 humanitate

393 5378 449 5430 in
469 5392 638 5430 meum
673 5391 827 5431 usum
855 5377 1078 5430 contulit
1097 5391 1274 5432 omnes
1304 5375 1627 5430 bibliotheca
1651 5371 1824 5442 Regia:
1860 5371 2176 5427 Parisiensis
2213 5372 2442 5428 codices.
2483 5371 2668 5444 Neque
2706 5374 2859 5428 illam
2885 5368 3278 5438 inscriptionem
3309 5362 3466 5417 habet
3498 5359 3662 5453 codef

392 5468 688 5522 carminum
731 5465 972 5537 Gregorii
1009 5467 1332 5522 Bodleianus
1352 5506 1367 5531 ,
1407 5481 1560 5535 quem
1600 5462 1938 5531 Gaisfordius
1962 5462 2247 5534 descripsit
2281 5465 2336 5518 in
2357 5463 2619 5533 Cataloge
2641 5464 2759 5520 sive
2792 5462 2998 5521 Notitia
3029 5458 3534 5527 manuscriptorum
3562 5459 3656 5523 qui

392 5564 462 5619 ab
489 5562 550 5620 E.
583 5561 647 5618 1).
667 5563 865 5620 Clarke
894 5565 1198 5634 comparati
1234 5564 1288 5617 in
1319 5561 1652 5618 bibliotheca
1687 5559 1978 5614 Bodteiana
2011 5567 2368 5618 ssservantur
2392 5575 2448 5630 ρ.
2485 5573 2525 5629 l,
2559 5575 2613 5630 p.
2637 5558 2710 5615 23
2758 5577 2871 5632 sqq.
2913 5555 3021 5615 Sed
3051 5563 3314 5623 utcunque
3340 5558 3442 5615 est,
3470 5551 3662 5616 prater

392 5659 502 5711 hare
539 5659 778 5712 carmina
807 5675 860 5713 se
891 5657 1004 5712 alia
1041 5657 1192 5712 nulla
1228 5659 1628 5722 interpretatum
1662 5674 1772 5712 esse
1801 5658 1910 5728 ipse
1938 5655 2159 5716 Nicetas
2189 5660 2440 5730 afﬁrmat;
2462 5660 2516 5715 in
2545 5656 2924 5715 commentario
2953 5657 3023 5714 ad
3064 5647 3418 5716 Tetrastichb,
3451 5664 3503 5703 υ.
3529 5659 3658 5718 pag.

391 5739 490 5797 131
525 5747 648 5816 (σοι.
671 5746 822 5820 757).
872 5747 956 5803 Ex
981 5749 1088 5804 illis
1120 5745 1288 5802 verbis
1331 5744 1652 5815 jamdudum
1681 5747 1963 5804 verisimile
1989 5749 2117 5805 mihi
2171 5747 2974 5826 videbaturjuterpretationem
3029 5741 3478 5806 monostichorum
3507 5747 3664 5810 atque
