3980 6396
290 335 392 396 685
1328 340 1397 398 IN
1427 341 1738 400 CARMINA
1772 341 2051 400 ARCANA
2091 344 2150 403 S.
2195 344 2543 404 GREGORII.
3485 364 3588 417 686

286 464 737 535 epigrammatum
774 462 828 515 in
878 459 1088 514 laudent
1140 459 1333 514 Basilii
1366 460 1570 530 Magni,
1597 478 1715 533 qua‘
1747 460 1950 516 Niceta:
1982 462 2180 519 Davidi
2219 465 2272 520 in
2299 463 2529 521 editione
2574 465 2768 524 Veneta
2809 467 3083 536 tribuitur,
3121 473 3290 540 ipsius
3315 490 3445 543 opus
3471 495 3583 534 esse

288 576 394 614 non
455 571 646 625 posse;
680 566 730 611 et
784 554 1031 610 Nicetam
1063 572 1242 610 revera
1283 572 1444 626 neque
1472 555 1632 625 hujus
1664 564 1933 610 auctorem
1971 574 2086 612 esse
2113 576 2276 629 neque
2307 561 2758 629 interpretationis
2813 562 3290 633 Tetrastichorum,
3330 584 3450 638 qua:
3484 574 3582 627 sub

287 655 461 722 ipsius
490 652 704 707 nomine
749 652 806 706 in
832 649 1014 706 eodem
1054 644 1190 701 libro
1228 647 1391 700 etiam
1423 663 1562 700 nunc
1600 647 1998 716 circumfertur,
2040 649 2288 719 (utraque
2332 658 2508 706 autem
2550 649 2789 720 ejusdem
2833 653 3112 721 scriptoris
3149 655 3274 726 est),
3313 668 3495 725 postca
3519 677 3586 715 ea:

287 748 406 812 ipso
440 745 574 800 libro
614 743 803 808 didici,
830 757 983 812 quem
1015 737 1329 794 bibliotheca
1383 736 1741 807 Cottingensis
1791 739 2141 796 intercedente
2194 739 2264 797 E.
2294 739 2360 795 L.
2396 758 2429 796 a
2459 740 2684 796 Leutsch
2712 759 2762 797 υ.
2821 741 2877 798 d.
2926 745 3056 797 mihi
3100 749 3450 816 suppeditavit
3481 751 3584 822 (α),

287 837 508 892 Scilicet
553 836 677 892 illos
721 830 1131 889 commentarios
1162 830 1389 899 confecit
1418 829 1684 896 Zonaras,
1709 840 1769 886 ut
1808 834 1918 902 ipse
1941 834 2145 902 fatetur
2178 835 2235 890 in
2262 836 2512 903 protentio
2543 835 2640 904 fol.
2665 836 2722 899 5,
2757 836 2836 890 ita
2868 845 3044 893 tamen
3078 849 3137 893 ut
3171 839 3381 898 Nicette
3419 846 3589 899 inter

281 932 641 1000 pretationem
673 928 910 996 longiore
937 924 1212 979 verborum
1226 922 1722 991 circumscriptione
1750 935 1901 979 utens
1939 925 2104 979 etiam
2132 925 2264 979 locis
2297 941 2362 979 ex
2391 942 2546 981 sacra
2587 925 2871 994 Scriptura
2899 930 3153 988 adhibitis
3187 952 3326 1005 sirpe
3355 953 3573 1010 augeret

281 1035 450 1092 atque
498 1020 875 1089 ampliﬁcaret,
913 1019 1041 1088 quin
1069 1025 1206 1072 totas
1235 1015 1439 1071 Nicetae
1461 1015 1708 1085 periodos
1741 1031 1854 1071 suae
1897 1015 2224 1084 paraphrasi
2259 1016 2537 1072 intexeret.
2597 1015 2878 1072 Interdum
2950 1023 3072 1079 duo:
3121 1026 3585 1102 interpretatione;

279 1126 528 1180 exstant,
565 1132 793 1187 quarum
825 1114 996 1168 altera
1029 1113 1284 1180 inscripta
1317 1111 1554 1174 «ἄλλως»
1587 1126 1714 1179 pars
1744 1118 1822 1164 est
1855 1109 2308 1179 interpretationis
2340 1110 2588 1179 Nicetce;
2623 1128 3004 1182 nonnunquam
3049 1122 3230 1176 varias
3252 1140 3456 1195 quoque
3504 1127 3584 1181 le-

279 1210 493 1262 ctiones
523 1206 768 1261 Zonaras
796 1205 997 1260 notavit
1025 1213 1182 1274 atque
1228 1203 1444 1256 omnino
1468 1201 1644 1270 potius
1674 1199 2014 1271 grammatici
2043 1209 2222 1268 partes
2273 1202 2386 1272 agit
2426 1217 2586 1270 quam
2628 1203 2961 1273 interpretis;
2999 1201 3214 1280 singula
3251 1217 3392 1268 enim
3428 1217 3586 1271 verba

282 1303 627 1372 explicantur
654 1299 846 1354 iisdem
877 1299 985 1369 fere
1026 1297 1196 1353 verbis
1225 1311 1346 1368 qua!
1367 1297 1614 1367 leguntur
1647 1295 1703 1348 in
1729 1295 1896 1363 ipsius
1945 1304 2102 1365 atque
2129 1296 2366 1350 aliorum
2410 1297 2615 1352 lexicis.
2648 1296 2715 1351 In
2764 1298 3138 1354 dissertatione
3170 1317 3331 1370 supra
3359 1304 3585 1360 laudata

278 1393 506 1450 exhibui
540 1391 674 1446 tales
717 1391 880 1457 locos,
911 1391 1001 1462 qui
1027 1405 1133 1444 non
1163 1390 1275 1443 sine
1300 1389 1480 1459 fructu
1506 1387 1741 1456 conferri
1773 1385 1978 1455 possint
1998 1385 2065 1440 ab
2105 1387 2172 1441 iis
2233 1387 2424 1457 quibus
2459 1387 2634 1442 lexica
2674 1387 2862 1443 erca
2895 1406 3040 1446 cura:
3071 1402 3218 1450 sunt.
3253 1392 3372 1448 Hoc
3405 1406 3584 1451 autem

285 1487 601 1558 opusculum
634 1485 876 1540 Zonaras
923 1501 1080 1539 senex
1104 1483 1402 1552 composuit
1445 1497 1539 1551 per
1591 1482 1784 1547 otium,
1832 1497 1935 1552 quo
1977 1481 2256 1550 fruebatur
2305 1487 2592 1538 monachus
2621 1493 2671 1537 et
2722 1501 2824 1555 quo
2865 1497 2994 1536 usus
3019 1493 3096 1536 est
3138 1483 3209 1537 ad
3251 1487 3388 1540 alios
3419 1487 3583 1543 libros

285 1577 614 1640 scribendos,
649 1575 715 1630 de
740 1574 929 1646 quibus
957 1573 1076 1628 vide
1127 1573 1426 1627 Tittmanni
1480 1573 1854 1643 prolegomena
1885 1570 1953 1624 ad
1985 1569 2214 1627 Zonaras
2259 1570 2524 1637 Lexiron,
2571 1589 2628 1642 p.
2659 1590 2785 1629 va.
2817 1573 2920 1628 Sed
2975 1573 3129 1627 redeo
3149 1575 3220 1629 ad
3247 1575 3452 1633 A'iceta:
3473 1578 3584 1633 Da-

286 1669 434 1722 ridis
463 1666 926 1720 commentarium.

361 1758 494 1811 Cum
537 1757 608 1811 ad
655 1755 1080 1824 patefaciendam
1124 1751 1368 1824 Gregorii
1421 1762 1644 1808 mentem
1699 1770 1839 1824 sa'pe
1885 1753 2191 1809 abstrusam
2245 1769 2361 1808 vere
2401 1756 2595 1824 prosit,
2644 1753 2840 1810 Bittius
2893 1765 3072 1810 autem
3113 1758 3336 1829 singulis
3373 1769 3584 1815 tantum

287 1849 423 1903 locis
459 1865 520 1903 eo
554 1849 608 1902 in
640 1863 931 1901 sermonem
967 1845 1221 1900 Latinum
1278 1860 1526 1898 converso
1554 1860 1681 1897 usus
1719 1845 1790 1898 sit
1835 1853 2055 1914 excepta
2099 1845 2536 1915 interpretatione
2572 1844 3030 1900 Telrastichorum
3096 1863 3258 1916 quam
3315 1849 3581 1920 integram

286 1945 449 1999 vertit
499 1959 520 1997 :
557 1941 814 2013 equidem,
844 1950 894 1996 et
933 1943 1060 2012 quia
1094 1940 1302 1995 Nicetae
1349 1941 1523 1994 oratio
1558 1948 1638 1995 est
1667 1940 1802 1994 satis
1833 1939 2046 2011 elegans
2087 1951 2137 1997 et
2166 1942 2446 2008 munda,et
2481 1958 2545 1996 ne
2571 1941 2698 2012 quid
2716 1943 2884 2014 justas
2934 1945 3232 1997 carminum
3269 1947 3582 2014 interpreta-

286 2043 434 2095 tioni
461 2039 792 2106 detrahatur,
814 2056 845 2094 e
874 2039 1054 2093 codice
1079 2037 1294 2093 Cusano
1329 2034 1577 2092 ercum
1609 2038 2055 2092 commentarium
2084 2039 2222 2109 typis
2247 2037 2650 2092 describendum
2677 2039 2862 2092 curavi
2887 2039 3086 2093 omissa
3114 2039 3213 2093 illa
3236 2051 3388 2108 parte
3418 2057 3577 2110 quam

288 2135 432 2192 Dav.
481 2136 804 2192 llwschelius
839 2135 1026 2189 edidit.
1067 2137 1286 2188 Textum
1315 2133 1515 2188 codicis
1558 2132 1680 2188 dedi
1701 2133 1999 2204 integrum;
2019 2152 2145 2190 nam
2173 2145 2299 2190 sunt
2328 2136 2434 2191 loci
2457 2137 2548 2207 qui
2577 2135 2942 2193 emendatione
2982 2143 3188 2206 egeant,
3222 2137 3313 2190 sed
3343 2138 3458 2194 sine
3487 2153 3580 2207 ope

283 2227 514 2282 alterius
563 2226 687 2280 libri
719 2227 914 2296 corrigi
949 2243 1053 2280 non
1087 2226 1313 2296 possint.
1344 2227 1592 2279 Attamen
1617 2240 1711 2280 sex
1746 2225 1846 2279 illa
1897 2227 2158 2292 carmina,
2181 2228 2370 2298 quippe
2416 2243 2536 2298 qua:
2579 2227 2878 2283 cohazreant
2906 2241 3025 2279 cum
3071 2230 3299 2293 cazteris,
3331 2229 3400 2281 ad
3431 2245 3576 2283 eum-

285 2321 409 2377 dem
436 2323 665 2375 codicem
689 2322 950 2375 recensita
980 2323 1093 2374 sine
1121 2321 1500 2375 commentario
1519 2328 1639 2390 post
1669 2317 1876 2375 Nicetce
1904 2320 2106 2376 librant
2137 2325 2292 2391 posui
2323 2323 2423 2394 (b).

363 2414 462 2468 His
485 2412 670 2466 addidi
723 2412 914 2467 selecta
943 2412 1192 2483 quredam
1224 2414 1486 2478 carmina,
1521 2429 1638 2484 qua:
1678 2417 2017 2483 reperiuntur
2038 2414 2093 2469 in
2133 2413 2313 2496 codice
2362 2413 2608 2470 Gudiano
2643 2413 2828 2470 Grazco
2855 2417 2944 2472 97.
2977 2417 3135 2474 Hunc
3161 2419 3301 2474 enim
3325 2418 3576 2483 codicem,

286 2508 358 2562 de
388 2525 491 2578 quo
541 2525 589 2561 v.
621 2508 721 2563 Fr.
755 2507 858 2563 Ad.
888 2506 1072 2562 Eberti
1101 2507 1298 2562 librum
1321 2507 1385 2562 de
1407 2507 1736 2563 bibliotheca:
1774 2505 2048 2578 Guelferb.
2079 2508 2238 2562 codd.
2265 2507 2360 2564 Gr.
2393 2525 2448 2579 p.
2473 2508 2538 2562 85
2567 2507 3017 2565 Schaenemannus
3045 2526 3093 2562 υ.
3117 2507 3174 2564 d.
3211 2509 3361 2564 illius
3388 2509 3577 2563 biblio-

288 2604 454 2658 theca:
489 2603 772 2671 prwfectus
798 2601 869 2656 ad
902 2619 982 2657 me
1008 2604 1175 2668 misit,
1235 2620 1354 2658 cum
1387 2605 1443 2658 in
1472 2619 1532 2658 eo
1561 2612 1697 2658 esset
1732 2597 1895 2658 u'num
1930 2621 2169 2674 carmen,
2203 2607 2342 2676 quod
2396 2603 2618 2659 Nicetes
2660 2605 2800 2659 inter
2829 2620 3031 2657 arcana
3064 2603 3293 2656 relatum
3322 2604 3578 2672 interpre-

287 2702 436 2749 tatus
467 2705 566 2748 est.
601 2694 720 2748 Ilac
756 2711 875 2748 vero
908 2695 1194 2750 'oxasione
1220 2693 1354 2748 data
1387 2695 1548 2749 etiam
1577 2695 1786 2766 reliqua
1817 2696 2064 2750 carmina
2103 2678 2330 2752 contuli.
2361 2695 2700 2766 Periphrasis
2731 2711 2892 2767 quam
2914 2693 3050 2748 idem
3083 2692 3250 2749 codex
3272 2694 3468 2764 pra’bet
3500 2696 3580 2748 ita

293 2795 371 2841 est
409 2787 679 2849 instituta,
711 2796 770 2840 ut
795 2787 993 2858 singuli
1013 2804 1192 2844 versus
1252 2790 1585 2856 explicentur
1621 2788 1792 2844 verbis
1828 2791 2158 2860 synonymis.

363 2881 589 2952 Reliqua
621 2881 864 2938 subsidia
922 2884 1111 2954 quibus
1155 2901 1286 2940 usus
1331 2903 1449 2940 sum
1475 2886 1530 2940 in
1567 2895 1711 2940 textu
1740 2887 2039 2944 carminum
2083 2885 2451 2944 constituendo
2479 2885 2590 2942 huic
2641 2893 2786 2940 sunt.
2848 2880 3028 2938 Editio
3061 2878 3214 2944 Aldi,
3254 2879 3344 2950 qui
3370 2879 3576 2948 primus

297 2976 590 3030 maximam
627 2976 929 3030 carminum
976 2987 1180 3044 partem
1205 2981 1371 3034 edidit
1392 2997 1447 3035 a.
1488 2979 1663 3045 £504._
1687 2979 1741 3033 Ν
1748 2983 1894 3037 ἰοειιε
1915 2982 2266 3052 paraphrasis
2294 2981 2438 3053 (Gn)
2482 2956 2635 3040 edita
2672 2977 2904 3038 Venetiis
2935 2992 2990 3031 a.
3030 2974 3192 3040 1565,
3218 2975 3283 3032 de
3309 2992 3412 3046 quo
3439 2975 3578 3030 libro

296 3066 410 3119 vide
433 3078 621 3134 supra.
689 3065 1137 3120 Tetrastichorum
1179 3068 1348 3122 editio
1398 3086 1531 3125 cura
1589 3067 1826 3126 Erhardi
1880 3070 2175 3130 Hedenecci
2246 3071 2482 3128 Basilea:
2539 3090 2602 3128 a.
2649 3070 2822 3134 £577;
2856 3067 3096 3150 odenique
3139 3063 3379 3136 Gregorii
3429 3065 3576 3124 Naz.

293 3170 457 3224 opera
491 3169 613 3210 cum
651 3169 844 3212 com.
869 3155 1062 3213 Jacobi
1093 3158 1269 3225 Billii,
1302 3158 1560 3228 Coloniae,
1597 3160 1896 3231 sumptibus
1940 3160 2287 3217 Weidmanni
2324 3161 2486 3220 1690.
2521 3162 2721 3219 Billius
2750 3175 3054 3230 quanquam
3074 3158 3250 3226 plures
3281 3157 3464 3212 habuit
3489 3174 3578 3212 co-

299 3245 463 3310 dices,
497 3243 801 3318 plerumque
859 3256 1032 3304 tamen
1061 3250 1297 3321 sequitur
1323 3249 1520 3306 Aldum
1550 3251 1628 3304 ita
1660 3258 1718 3306 ut
1749 3267 2127 3322 nonnunquam
2165 3268 2371 3308 errores
2394 3269 2525 3322 quos
2553 3252 2925 3308 emendaverat
2966 3251 3132 3306 Aldus
3172 3261 3458 3320 repeteret;
3490 3262 3577 3307 at-

294 3350 399 3402 que
431 3334 486 3388 in
517 3335 612 3390 illa
641 3336 864 3395 editione
895 3338 1207 3395 Coloniensi
1236 3339 1342 3394 sive
1358 3338 1618 3408 Lipsiensi
1650 3341 1962 3411 typographi
1991 3359 2024 3396 a
2062 3358 2183 3398 vera
2207 3344 2476 3412 scriptura
2517 3357 2656 3412 sirpe
2683 3342 2854 3400 denuo
2896 3342 3290 3398 aberraverunt.

370 3423 490 3482 Scr.
520 3424 921 3496 Con/tuentibus
958 3429 1037 3486 id.
1087 3428 1205 3488 Jul.
1231 3447 1282 3484 α.
1316 3428 1472 3485 1840.

367 3630 445 3708 (ᾳ)
478 3629 790 3708 Eibrumin
827 3631 915 3708 his
943 3632 1261 3708 regionibus
1286 3633 1634 3708 rarissimum
1663 3634 1934 3705 descripsi
1951 3635 2021 3708 _in
2045 3634 2436 3708 dissertatione
2461 3636 2528 3692 de
2558 3635 2750 3692 Niceta
2792 3635 2996 3692 Davide
3026 3644 3081 3691 et
3111 3637 3325 3692 Zonara
3353 3652 3476 3708 pag.
3518 3641 3574 3694 9.

366 3700 446 3771 (ὁ)
479 3700 797 3777 limgnobis
826 3700 1072 3777 Gregorii
1111 3704 1310 3777 integri
1337 3705 1643 3777 editoribus
1669 3713 1833 3762 erant
1853 3700 2181 3777 omittenda.
2214 3704 2294 3777 Ex
2325 3706 2410 3763 his
2435 3709 2602 3763 etiam
2631 3709 2883 3764 versibus
2902 3722 3041 3777 quos
3073 3708 3177 3762 sibi
3209 3700 3568 3777 explicandas

292 3773 537 3844 assumit
568 3771 814 3844 Nicetes,
851 3771 1071 3844 nonnisi
1101 3771 1339 3844 primum
1372 3773 1724 3840 retinuimus,
1759 3789 1886 3827 cum
1917 3775 2160 3844 reliquos
2189 3775 2256 3828 ad
2285 3791 2505 3831 manum
2539 3777 2735 3832 habeat
2762 3771 2960 3833 Lector
2994 3777 3048 3830 in
3084 3771 3568 3832 nostra'cditione.

295 3789 537 3826 assum".
570 3789 814 3836 mcetas,
851 3789 1071 3829 noums:
1139 3789 1339 3830 rtnmm
1372 3789 1724 3840 reunmmus,
1759 3789 1886 3827 cum
1917 3789 2160 3844 reliquos
2189 3789 2256 3828 aa
2285 3791 2505 3831 manum
2539 3789 2735 3832 habeat
2762 3789 2960 3833 Lector
2994 3793 3048 3830 Ill
3084 3789 3273 3831 nostra
3307 3789 3568 3832 cautione.

295 3837 568 3897 Praeterea
599 3841 821 3917 Ernesti
846 3841 1066 3917 Dron_k_e
1101 3789 1163 3917 ζ,
1204 3844 1268 3899 D.
1299 3845 1684 3917 adnotationes
1721 3858 1844 3913 qua:
1895 3852 2107 3917 tantum
2138 3844 2206 3898 ad
2235 3843 2379 3917 Billii
2427 3845 2721 3901 editionem
2769 3847 3248 3917 spectant,‘cujusi
3271 3846 3402 3917 vitia
3441 3862 3574 3899 cura

293 3924 408 3980 qua
432 3927 548 3984 _par
580 3923 701 3968 erat
730 3913 791 3984 in
817 3927 957 3968 nova
986 3912 1235 3984 Maurina
1262 3915 1589 3973 recensione
1610 3912 1751 3968 sunt
1776 3913 2090 3981 emendata,
2124 3927 2254 3968 eum
2289 3914 2404 3984 jam
2435 3930 2630 3984 parum
2662 3924 2757 3971 aut
2781 3912 2917 3971 nihil
2950 3912 3209 3971 utilitatis
3237 3915 3494 3980 habeant,
3516 3925 3574 3968 ut

293 3981 602 4050 plurimum
631 3983 966 4041 omittimus.
991 3983 1151 4041 Ευιτ.

308 4211 646 4240 h—

1078 4365 1850 4547 umanm
1961 4429 2730 4545 nnvnus

783 4718 1336 4783 PARAPHRASIS
1363 4720 1795 4785 CARMINUM
1831 4719 2332 4782 ARCANORUM
2362 4721 2426 4781 S.
2467 4721 2852 4783 GREGORII
2884 4722 3062 4784 NAZ.

299 5099 526 5166 Ναήτα
563 5098 674 5154 τοῦ
711 5098 812 5153 καὶ
847 5097 1047 5170 Λουτδῄ
1071 5097 1296 5153 δούλου
1316 5168 1335 5170 _
1356 5096 1558 5170 Ἰησοῦ
1583 5096 1871 5170 ,Χριστοῦέ

1996 5093 2193 5150 Niceta:
2255 5093 2346 5164 qui
2367 5103 2418 5170 et
2447 5093 2640 5160 David,
2662 5098 2798 5153 servi
2832 5098 2962 5170 Iesu
2992 5099 3216 5163 Christi,
3251 5099 3568 5170 philosophi,

370 5165 477 5246 to?!
503 5171 875 5246 φιαφσόφοιμ
907 5168 1234 5246 Ἐεήτησις
1250 5168 1385 5246 ,τῶν
1405 5165 1760 5246 meum
1774 5165 1883 5246 ῖοῦ

2058 5165 2469 5246 commentarius
2523 5182 2844 5246 arcanorum
2910 5169 2978 5246 S;
3042 5165 3281 5240 Gregorii
3324 5165 3571 5241 Theologi

368 5235 542 5318 ἀτίοᾶ)
584 5235 916 5309 Γρηπὲορίου
942 5235 1050 5292 τοῦ
1064 5235 1371 5308 ’Θεολόγου
1399 5235 1581 5290 ἐπῶν.
1611 5235 1748 5304 Περί
1767 5239 1885 5304 ψυ-

369 5326 490 5377 χης
518 5308 595 5379 (1)
618 5311 805 5379 λόγος
841 5308 907 5370 ξ.

1432 5235 1581 5290 πῶν.
1611 5235 1885 5304 Περίψυ-
2058 5236 2378 5290 carminum.
2419 5235 2496 5291 De
2533 5236 2711 5292 anima
2737 5254 2910 5294 sermo
2947 5238 3001 5296 7.

381 5400 695 5472 Ἐπομένως
733 5400 873 5472 μετὰ
922 5399 1022 5471 τὴν
1062 5399 1170 5453 τῶν
1211 5399 1480 5469 οὐρανίων
1510 5397 1605 5452 καὶ
1649 5396 1885 5467 λογικῶν

2054 5397 2470 5469 Consequenter
2497 5397 2802 5453 caelestium
2835 5407 2887 5455 ct
2912 5400 3318 5455 rationabilium
3345 5409 3567 5460 natura-

293 5493 514 5565 φύσεων
553 5495 651 5548 καὶ
695 5493 1008 5564 ἀσωμάτων
1035 5493 1290 5563 θεωρίαν,
1321 5491 1426 5562 ὀδῷ
1455 5489 1766 5562 προϐαίνων
1789 5489 1865 5540 ἑτέ

1994 5503 2108 5544 rum
2131 5497 2185 5544 et
2212 5489 2666 5560 incorporearum
2703 5498 2831 5559 post
2888 5492 3406 5561 contemplationem
3465 5492 3566 5544 iter

289 5586 392 5657 τὴν
419 5585 818 5657 ταπεινοτέραν
842 5584 939 5637 καὶ
973 5582 1374 5654 προσυλοτέραν
1405 5582 1506 5652 τῆς
1533 5581 1861 5654 ἀνθρωπίνηε

1991 5594 2240 5651 pergens,
2277 5580 2343 5634 ad
2367 5580 2925 5649 contemptibiliorem
2953 5588 3006 5634 et
3038 5581 3277 5635 materiae
3337 5577 3563 5631 vicinio-

289 5677 472 5751 ψυχῆς
505 5678 718 5759 οὐρίαν,
749 5677 848 5749 τὴν
881 5674 1119 5746 θεωρίαν
1145 5674 1240 5727 uati.
1267 5674 1563 5741 Θεολογίαν,
1585 5676 1614 5727 ὁ
1633 5672 1861 5743 θεολόγος

1990 5683 2103 5724 rem
2168 5669 2422 5724 humanae
2471 5669 2667 5724 animae
2730 5669 3118 5732 substantiam,
3152 5666 3562 5738 contemplatio-

364 5833 629 5906 (1),Περὶ
655 5828 885 5901 Ψυχῆς.
932 5827 1075 5884 Edit.
1115 5825 1257 5883 Billii
1288 5823 1506 5894 Colon.,
1541 5822 1606 5893 ll,
1643 5839 1700 5896 p.
1747 5821 1886 5890 l70;
1927 5820 2059 5878 edit.
2102 5821 2420 5888 Leuvcncl.,
2452 5837 2506 5894 p.
2538 5822 2672 5880 lOI'I
2707 5820 2829 5892 (Ed.
2860 5835 2985 5878 nov.
3020 5835 3074 5894 p.
3107 5814 3256 5894 2M).
3368 5826 3371 5829 ‘
