3980 6410
417 379 523 435 687

1801 356 2099 417 NICETAS
2135 354 2341 413 DAVID

3586 329 3699 386 688

414 513 541 556 nem
558 502 615 551 et
631 490 957 563 theologiam
999 488 1313 560 Theologus
1363 484 1647 542 transtulit
1686 483 1915 555 spiritus
1940 489 1997 537 et

2144 479 2371 550 ετέθηκε
2399 474 2525 540 νοῦς
2559 473 2656 528 καὶ
2688 471 2789 536 τὰς
2819 468 2927 524 ἀπὸ
2958 460 3068 520 τῶν
3096 459 3207 530 ῑξω
3240 461 3510 536 πρότερον
3540 448 3700 523 δόξας

417 586 684 659 expositis
717 584 956 654 primum
988 595 1178 636 eorum
1209 578 1304 649 qui
1358 576 1497 632 l'oris
1535 584 1665 632 sunt
1724 574 2009 629 sententiis

420 686 478 733 et
509 676 663 746 quasi
687 686 862 744 nugas
891 684 1016 726 esse
1046 668 1348 735 convictis;
1380 667 1460 723 sic
1490 680 1675 721 veram
1707 663 2010 721 secundum

421 769 726 826 Ecclesiam
788 773 845 822 et
887 762 1206 834 Scripturas
1260 776 1399 833 pure
1455 761 1606 816 dedit
1675 758 2008 814 doctrinam.

421 866 598 923 Porro
625 859 971 933 simplicibus
1000 856 1294 912 admodum
1315 865 1377 911 et
1409 869 1439 909 a
1473 853 1585 909 Deo
1606 866 1736 909 vere
1770 850 2010 922 inspira-

422 958 499 1014 tis
534 952 845 1011 ratiociniis
870 950 922 1005 in
955 947 1114 1004 initio
1145 947 1426 1003 disserens
1453 944 1533 1000 sic
1551 942 1683 998 dicit
1714 958 1728 995 :

425 1050 453 1105 I
500 1048 692 1102 Anima
706 1044 873 1112 flatus
899 1050 976 1095 est
999 1039 1113 1104 Dei,
1132 1039 1541 1112 Amistionemque
1573 1033 1799 1090 caelestis

421 1120 461 1176 2
496 1110 727 1173 Pertulit
755 1130 872 1168 cum
900 1110 1163 1175 terrestri,
1188 1117 1298 1164 etc.

497 1208 653 1264 Sicut
690 1207 746 1261 in
781 1204 904 1260 aliis
939 1201 1216 1257 allirmans
1251 1197 1539 1268 theologus
1566 1196 1713 1268 quod
1753 1194 1823 1252 de
1850 1205 2014 1250 mate-

433 1300 517 1358 ria
548 1297 767 1372 quidem
805 1310 1007 1366 corpus
1036 1292 1333 1362 sumpserit
1373 1289 1541 1355 Deus,
1560 1290 1635 1344 de
1666 1288 1848 1357 scipso
1886 1301 2016 1341 vero

436 1389 806 1464 spiraculum,
832 1387 1178 1460 _pronuntiat
1202 1384 1528 1440 Creatorem
1562 1380 1876 1437 condidisse
1917 1380 2017 1435 he-

428 1486 629 1539 mincm
660 1481 914 1543 mixtum,
949 1478 1031 1533 sic
1058 1486 1113 1533 et
1140 1490 1288 1532 nunc
1328 1475 1386 1529 in
1423 1471 1807 1543 superioribus
1842 1469 2017 1526 versi-

435 1576 540 1631 bus
578 1572 810 1627 allirmat
842 1568 1080 1623 animam
1110 1565 1513 1622 emanationem
1541 1577 1668 1619 esse
1700 1562 1792 1617 Dei
1820 1568 1874 1618 et
1903 1561 2019 1632 spi-

426 1665 700 1728 raculum,
742 1676 906 1734 quam
945 1660 1070 1716 ideo
1096 1658 1292 1728 probat
1325 1655 1603 1713 caelestem
1640 1654 1882 1726 quidem,
1920 1653 2016 1710 sed

428 1758 726 1829 patientem
768 1751 856 1807 vel
897 1749 1263 1805 sustinentem
1280 1745 1573 1802 terrestris
1591 1744 1840 1814 corporis
1866 1758 2018 1799 com-

430 1847 750 1903 mixtionem
776 1848 872 1896 aut
892 1837 1359 1910 coniunctionem,
1389 1843 1444 1892 et
1463 1836 1607 1892 sicut
1644 1835 1828 1891 iumen
1853 1834 2024 1905 quod-

431 1940 559 1993 dam
588 1933 896 2002 intelligens
955 1928 1228 1983 occultam
1265 1940 1389 1981 esse
1425 1933 1481 1980 et
1518 1924 1727 1980 unitam
1759 1925 1915 1980 carni
1947 1924 2023 1979 si-

430 2032 526 2079 cut
560 2025 615 2080 in
645 2037 881 2080 caverna
916 2020 1207 2076 inclusam.
1268 2015 1375 2073 Sed
1412 2014 1771 2072 nihilominus
1823 2016 2022 2072 divinas

429 2132 559 2171 eum
605 2116 677 2173 sit
712 2123 941 2179 natura),
979 2109 1307 2168 immortalis
1333 2118 1386 2164 et
1411 2107 1847 2178 incorruptibilis
1890 2123 2018 2166 vere

428 2214 534 2264 est.
564 2205 685 2262 Non
706 2206 875 2272 enim,
906 2203 1105 2274 inquit,
1130 2201 1357 2272 dignum
1380 2210 1500 2255 erat
1536 2199 1715 2270 magni
1747 2197 1841 2255 Dei
1882 2214 2012 2256 cum

432 2299 719 2369 sitimago,
735 2301 908 2370 ipsam
928 2311 1036 2352 una
1057 2309 1184 2350 cum
1206 2293 1499 2364 reptilibus
1520 2292 2023 2349 irrationabilihus—

431 2408 540 2464 que
567 2389 758 2448 bestiis
792 2391 935 2445 mori
961 2397 1015 2445 et
1046 2387 1191 2444 foede
1216 2385 1468 2452 dissolvi,
1489 2385 1704 2441 etiamsi
1734 2394 2024 2456 peccatum

434 2486 585 2540 illam
621 2494 778 2554 cogat
807 2481 873 2536 ad
906 2488 1136 2536 mortem
1161 2486 1214 2534 et
1234 2478 1663 2549 corruptionem.

437 2711 469 2762 7
544 2706 725 2777 Neque
747 2706 882 2777 ignis
910 2703 1101 2775 fervidi
1130 2712 1325 2757 natura
1348 2709 1449 2767 est,
1515 2709 1623 2756 etc.

515 2818 972 2888 Philosophorum
1012 2815 1105 2884 qui
1161 2814 1423 2868 dicuntur
1477 2810 1765 2880 exoterici,
1820 2811 1911 2868 alii
1956 2813 2035 2884 ig-

440 2927 565 2967 nem
614 2908 980 2967 substantiam
1012 2904 1413 2960 contenderunt
1444 2904 1661 2969 animae,
1706 2903 1799 2957 alii
1829 2911 2034 2970 aerem,

452 3006 543 3060 alii
583 3001 869 3073 sanguinis
918 2999 1121 3054 fontem
1168 3012 1264 3068 per
1298 3011 1521 3051 carnem
1585 3003 1755 3049 totam
1812 3011 2040 3052 curren-

449 3105 566 3152 tem
603 3111 616 3148 :
655 3094 795 3172 nihil
832 3100 1012 3147 autem
1062 3089 1257 3143 horum
1302 3103 1489 3143 verum
1523 3101 1648 3142 esse
1677 3087 1856 3143 visum
1909 3096 2032 3143 est:

446 3184 727 3258 quomodo
750 3182 901 3239 enim
934 3187 1082 3237 esset
1118 3180 1211 3250 qui
1243 3179 1472 3233 devorat
1504 3176 1649 3250 ignis
1688 3177 1872 3231 anima
1914 3192 2038 3233 cor-
2082 3204 2085 3211 ·

446 3279 600 3350 poris
641 3277 789 3350 quod
848 3275 1147 3331 devoratur
1210 3272 1281 3328 ab
1322 3271 1465 3342 ipso,
1511 3271 1605 3342 qui
1660 3271 1938 3327 consumit
1985 3278 2041 3327 et

341 3406 345 3411 -
442 3369 710 3433 destruit,
749 3367 932 3421 anima
969 3365 1092 3435 ejus
1121 3363 1269 3433 quod
1297 3363 1368 3418 ab
1396 3363 1516 3433 ipso
1546 3361 1889 3419 destruitur?
1933 3360 2043 3418 Sed

444 3474 610 3516 nemo
676 3457 824 3513 dicet
885 3470 1066 3511 aerem
1114 3469 1238 3509 esse
1277 3453 1515 3510 hominis
1552 3454 1793 3508 animam
1830 3469 2046 3525 semper

451 3549 787 3620 respiratum
823 3553 879 3601 et
908 3544 1210 3615 aspiratum
1244 3548 1300 3596 et
1330 3557 1608 3614 nunquam
1634 3542 2043 3613 quiescentem;

458 3636 756 3710 sanguinis
798 3649 930 3691 vero
975 3633 1180 3688 fontem
1209 3631 1264 3686 in
1293 3646 1457 3686 omne
1491 3642 1806 3686 currentem
1852 3645 2048 3702 corpo-

458 3732 539 3789 ris
583 3727 891 3784 membrum
933 3724 1174 3779 animam
1212 3722 1494 3790 arbitrari,
1547 3729 1809 3794 tanquam
1852 3722 2051 3777 absuro

461 3822 753 3880 dissimum
815 3825 870 3874 et
893 3815 1169 3887 stupidum
1199 3813 1447 3870 refutare
1476 3813 1723 3885 negliglt.
1759 3832 1778 3866 ι
1808 3813 1916 3869 Sed
1937 3829 2049 3869 non

449 3912 740 3970 harmonia
770 3930 789 3963 ι
817 3915 873 3966 et
906 3922 1029 3980 quae
1060 3913 1388 3977 sequuntur.
1429 3935 1495 3944 —
1523 3902 1627 3960 Sed
1653 3920 1763 3959 non
1790 3904 1930 3976 ipsa,
1967 3905 2054 3959 in-

449 4006 591 4079 quit,
621 4008 705 4061 est
726 4001 1015 4059 harmonia
1053 3999 1447 4076 elementorum
1477 4012 1508 4055 e
1530 3997 1732 4070 quibus
1763 4012 2054 4069 coagmen-

457 4109 637 4156 tatum
659 4105 743 4154 est
763 4111 990 4167 corpus,
1016 4094 1232 4161 anima;
1262 4106 1373 4148 non
1405 4091 1551 4147 enim
1568 4090 1875 4147 substantia
1904 4105 2054 4161 quae-

452 4189 583 4246 dam
635 4197 722 4245 est
784 4186 1096 4259 producens
1166 4198 1266 4255 per
1320 4197 1381 4239 se
1434 4181 1608 4253 ipsam
1658 4181 2053 4239 elementorum

454 4293 800 4352 compages,
861 4276 1118 4335 accidens
1178 4282 1234 4331 et
1311 4274 1549 4345 qualitas
1614 4272 1924 4328 subsistens
1997 4272 2053 4326 in

454 4373 564 4428 hoc
633 4384 769 4425 casu
834 4377 985 4425 esset
1036 4368 1251 4432 anima;
1312 4366 1472 4420 aliter
1532 4379 1548 4417 :
1618 4378 1727 4418 non
1799 4378 1907 4419 una
1971 4370 2058 4419 est

455 4463 708 4519 carnium
748 4470 801 4516 et
836 4457 1218 4515 similitudinis
1274 4455 1607 4511 immortalis
1653 4461 1872 4509 natura.
1911 4453 2055 4520 Quid

455 4555 604 4613 enim
641 4553 710 4609 de
759 4551 920 4606 rebus
980 4548 1183 4619 saepius
1229 4546 1424 4603 divisis
1470 4547 1541 4602 ab
1593 4536 1827 4601 invicem
1876 4546 2056 4616 quoad

460 4643 866 4704 substantiam?
906 4640 972 4695 Et
994 4639 1127 4711 quid
1152 4637 1257 4693 erit
1294 4636 1529 4707 amplius
1553 4635 1713 4692 bonis
1732 4634 1867 4691 viris
1889 4651 2055 4704 supra

458 4749 667 4798 sortem
697 4734 995 4807 insignium
1029 4733 1086 4787 in
1125 4730 1352 4796 malitia,
1396 4729 1444 4785 si
1472 4744 1580 4783 una
1615 4728 1891 4784 exsistens
1912 4744 2060 4785 com-

459 4845 651 4904 pages,
686 4828 897 4887 scilicet
929 4825 1137 4888 anima,
1170 4822 1287 4879 sive
1310 4820 1550 4892 optimos
1606 4819 1725 4876 sive
1784 4821 2058 4891 pessimos

458 4920 707 4994 perﬁcit!
734 4917 943 4975 Deinde
973 4930 1158 4972 nonne
1184 4911 1662 4968 irrationabilibus
1695 4910 2056 4968 rationabiles

459 5013 765 5072 secundum
790 5016 1045 5064 naturam
1076 5014 1264 5062 essent
1287 5002 1539 5059 similes?
1573 5000 1874 5057 Harmonia
1905 5004 2053 5058 enim

458 5105 604 5161 sicut
643 5104 699 5159 in
731 5100 1041 5166 hominum,
1071 5099 1147 5154 ita
1168 5104 1225 5154 et
1261 5096 1318 5152 in
1347 5094 1656 5151 belluarum
1726 5094 2054 5164 corporibus

459 5193 716 5253 similiter
741 5190 1122 5262 conspicitur;
1156 5195 1214 5244 et
1241 5188 1400 5259 juxta
1425 5185 1653 5241 verbum
1680 5182 1815 5238 illud
1860 5185 2056 5242 melio-

2110 550 2335 643 προθεὶς
2368 567 2501 641 περὶ
2539 565 2733 635 αὐτῆς,
2766 562 2860 616 καὶ
2897 560 2973 623 ῶς
3014 552 3396 625 είκαιομυθίας
3431 552 3510 623 (‘2)
3559 550 3702 604 άπε‹

2110 642 2328 733 λέγξας,
2357 660 2500 714 οὕτω
2523 659 2621 730 τὴν
2653 652 2916 726 ἀληθινὴν
2941 643 3418 720 ὲκκλησιαστικῶς
3450 642 3546 698 καὶ
3572 656 3704 714 γρι-

2112 731 2290 822 φικῶς
2333 747 2643 820 ἀνεκάθηρε
2692 744 2888 811 δόξαν
2943 736 3278 810 ἰσχνοτάτοις
3324 733 3384 786 δὲ
3434 731 3530 785 καὶ
3579 731 3702 785 θεοο

2112 821 2406 905 πνεύστοις
2447 834 2919 913 θεορῤημοσύναις
2952 832 3028 903 (5)
3070 832 3129 883 ὲν
3169 825 3408 899 πρώτοις
3448 821 3704 894 φυσιολο-

2113 935 2229 1006 γῶν
2262 932 2405 989 οὕτω
2432 932 2583 1001 λέγει
2600 945 2617 961 ·

2114 1029 2142 1083 1
2224 1025 2403 1094 Ψυχὴ
2431 1023 2484 1076 δ’
2513 1020 2686 1094 ἐστὶν
2715 1018 2874 1087 dium
2896 1014 3045 1094 βεοῦ
3074 1010 3174 1067 καὶ
3201 1010 3371 1081 μίξιν
3393 1007 3616 1074 ἀνέτλη

2116 1098 2155 1152 2
2226 1086 2486 1164 Οὐρἶςικίη
2512 1086 2801 1162 χθονίοιΟ,
2830 1086 2952 1141 κτλ.

2189 1189 2402 1257 ’Ὥσπερ
2428 1188 2488 1239 ὲν
2505 1177 2999 1252 ἄλλοιςιθεηγορῶν
3019 1178 3047 1231 ό
3073 1173 3410 1244 θεοφὰντωρ,
3437 1168 3589 1241 παρὰ
3607 1169 3707 1238 τῆς

2117 1281 2251 1352 ῦλης
2281 1278 2378 1351 μὲν
2407 1276 2471 1331 τὸ
2524 1273 2684 1345 σῶμα
2728 1270 2917 1327 λαϐεῖν
2946 1268 3037 1323 τὸν
3069 1265 3227 1329 Θεὸν,
3258 1266 3391 1335 παρ’
3420 1261 3614 1315 ἑαυτοῦ
3645 1260 3707 1313 δὲ

2116 1351 2285 1443 πνοὴν
2301 1368 2614 1439 ἐνθέμενον,
2642 1363 2835 1437 μικτὸν
2855 1355 3101 1422 θεσπίζει
3125 1355 3216 1410 τὸν
3238 1354 3526 1425 ἄνθρωπον
3545 1351 3708 1422 δημι-

2115 1461 2381 1534 ουργῆσαι
2401 1472 2414 1490 ·
2460 1456 2602 1512 οὕτω
2634 1455 2730 1508 καὶ
2762 1452 2856 1508 νῦν
2882 1449 2973 1505 διὰ
3009 1447 3116 1503 τῶν
3142 1443 3521 1518 προκειμένων
3557 1441 3706 1495 ὲπῶν

2119 1528 2375 1626 θεῆγορεῖ
2400 1551 2499 1623 τὴν
2529 1547 2705 1620 ψυχὴν
2737 1546 2892 1618 άημα
2925 1537 3068 1597 εἶναι
3105 1538 3243 1593 Θεοῦ
3273 1536 3372 1590 καὶ
3399 1535 3570 1606 πνοὴν
3603 1528 3707 1603 (δι’

2116 1646 2147 1699 ὃ
2174 1646 2267 1701 καὶ
2291 1643 2548 1717 οὐρανίαν
2573 1634 3061 1709 ἀποφαινόμενος),
3093 1630 3395 1701 ἀνατλῆναι
3428 1629 3484 1683 δὲ
3509 1629 3544 1701 ἦ
3574 1629 3710 1680 ἁνα-

2121 1734 2349 1809 σχέσθαι
2372 1735 2474 1805 τὴν
2503 1730 2598 1787 τοῦ
2629 1729 2844 1803 χθονίου
2877 1725 3129 1797 σώματος
3154 1721 3301 1795 μίξιν
3324 1722 3358 1792 ἢ
3385 1720 3711 1791 σύγκρασιν,

2127 1826 2225 1882 καὶ
2252 1826 2444 1896 ὥσπερ
2474 1841 2528 1877 τι
2564 1821 2642 1894 (4)
2677 1819 2793 1890 φῶς
2826 1817 3011 1889 νοερὸν
3042 1810 3133 1870 οἷα
3165 1812 3416 1885 σπηλαίῳ
3443 1813 3511 1881 τῇ
3545 1810 3715 1880 σαρκὶ

2130 1915 2506 1989 ωγκρυὸἧναι
2546 1913 2642 1968 καὶ
2683 1908 3047 1979 συνενωθῆναι
3067 1921 3081 1936 ·
3128 1903 3245 1960 ἀλλ’
3271 1906 3422 1974 ἆμως
3454 1900 3573 1955 θεία
3609 1899 3715 1971 τὴν

2129 2012 2294 2082 φύσιν
2320 2007 2478 2077 οὖσα,
2508 2009 2605 2063 καὶ
2631 2006 2899 2081 ἀθάνατος
2926 2001 3026 2057 καὶ
3051 1999 3325 2070 ἄφθαρτος
3347 1996 3516 2058 ὅντως
3540 1994 3713 2048 ἐστίν.

2127 2081 2239 2159 Καὶ
2285 2102 2396 2174 γάρ
2442 2100 2548 2154 οὐδ’
2599 2094 2690 2170 ἦν,
2725 2094 2913 2167 φησὶν,
2964 2091 3114 2156 ἄξιον
3158 2087 3253 2142 τοῦ
3298 2085 3537 2158 μεγάλου
3578 2081 3719 2135 Θεοῦ

2126 2199 2331 2270 ταύτην
2374 2196 2560 2251 εἰκόνα
2594 2193 2995 2264 τυγχάνουσαν,
3036 2190 3148 2251 τοῖς
3177 2185 3428 2256 ἑρπετοῖς
3461 2180 3557 2234 καὶ
3587 2179 3717 2233 ἀλό⁹

2128 2309 2246 2362 γοις
2276 2290 2479 2363 ὁμοίως
2508 2289 2765 2360 κτήνεσιν
2796 2281 3200 2352 καταθνήσκειν
3234 2293 3295 2330 τε
3328 2275 3422 2329 καὶ
3457 2272 3721 2342 ἀκόσμως

2130 2385 2471 2448 διαλύεσθαι,
2502 2384 2552 2437 εί
2579 2382 2676 2436 καὶ
2703 2382 2739 2452 ὴ
2771 2375 3017 2448 ἁμαρτία
3057 2372 3261 2443 ταύτην
3286 2368 3600 2434 ἐκϐιάζεται
3628 2365 3726 2418 θα-

2137 2478 2279 2550 νάτῳ
2301 2477 2623 2547 ὑπαγαγεῖν
2652 2472 2750 2528 καὶ
2776 2467 3067 2540 διαφθορᾷ.

2131 2710 2162 2763 7
2240 2709 2389 2764 Οὔτε
2416 2705 2607 2776 πυρὸς
2633 2694 2916 2776 μαλεροῖο
2940 2697 3016 2769 (5)
3041 2693 3212 2751 πέλει
3241 2696 3429 2765 φύσις
3447 2734 3462 2760 ,
3495 2692 3615 2747 κτλ.

2205 2820 2325 2875 Τῶν
2353 2815 2694 2889 ἐξωτερικῶν
2715 2806 3023 2882 φιλοσόφων
3050 2806 3360 2879 λεγομένων
3384 2805 3433 2857 οἱ
3471 2802 3571 2876 μὲν
3604 2800 3722 2871 πῦρ

2134 2914 2235 2985 τὴν
2266 2911 2455 2966 οὐσίαν
2505 2908 2772 2979 ὑπάρχειν
2805 2902 3157 2972 ἀπεφήναντο
3192 2898 3293 2970 τῆς
3336 2895 3548 2967 ψυχῆς,
3584 2896 3632 2947 οί
3670 2893 3729 2946 δὲ

2137 3006 2299 3080 ἀέρα,
2329 3002 2479 3059 ἄλλοι
2502 2999 2561 3054 δὲ
2591 2999 2824 3070 αἵματος
2864 2992 3023 3065 χύσιν
3052 2990 3235 3045 πᾶσαν
3266 2990 3368 3060 τὴν
3398 2986 3576 3059 σάρκα
3604 2986 3726 3039 δια-

2142 3073 2444 3170 τρόχουσαν
2459 3109 2474 3124 ο
2509 3090 2659 3145 οὐδὲν
2680 3088 2736 3142 δὲ
2758 3085 2965 3140 τούτων
2987 3081 3164 3137 ἔοικεν
3191 3079 3390 3152 ἀληθὲς
3410 3073 3549 3133 εἶναι
3568 3096 3584 3110 ·
3610 3073 3731 3137 πῶς

2145 3167 2257 3262 γάρ
2300 3187 2366 3243 ἂν
2396 3185 2492 3238 καὶ
2525 3181 2614 3252 εἴη
2652 3179 2716 3233 τὸ
2761 3177 2963 3231 δάπτον
3003 3172 3100 3227 τοῦ
3133 3170 3500 3242 δαπτομένου,
3531 3167 3592 3221 τὸ
3629 3182 3731 3237 μα-

2145 3255 2400 3357 ραντικδν
2442 3275 2537 3331 καὶ
2577 3268 2908 3344 λυμαντικὺν
2951 3266 3066 3337 πῦρ
3105 3263 3199 3317 τοῦ
3250 3259 3609 3334 φθειρομένου
3637 3255 3731 3310 ὑπ’

2145 3349 2311 3428 αὐτοῦ
2352 3366 2606 3438 σώματος
2643 3362 2822 3434 eum;
2870 3359 3010 3413 Ἀλλ’
3050 3357 3159 3411 οὐδ’
3182 3356 3250 3411 ἂν
3289 3355 3382 3407 τὸν
3424 3352 3564 3422 άέρα
3595 3349 3730 3420 φαίη

2144 3481 2229 3526 τις
2256 3458 2548 3531 ἀνθρώπου
2576 3454 2776 3525 ψυχὴν,
2821 3450 2909 3506 ἀεὶ
2953 3445 3365 3517 ἁποπνεόμενόν
3394 3460 3454 3497 τε
3497 3439 3592 3495 καὶ
3621 3442 3734 3493 εἰσ-

2147 3554 2443 3625 πνεόμενον
2476 3548 2575 3603 καὶ
2596 3544 2910 3619 ἠρεμοῦντα
2972 3539 3260 3614 μηδέποτε·
3293 3538 3523 3605 αἵματος
3548 3532 3606 3586 δὲ
3636 3531 3734 3603 χύ-

2150 3663 2235 3699 σιν
2268 3622 2363 3697 επὶ
2406 3640 2517 3695 πᾶν
2559 3635 2949 3707 διατρέχουσαν
3000 3628 3159 3702 μέλος
3203 3626 3297 3680 τοῦ
3330 3623 3585 3697 σώματος
3634 3622 3735 3692 τὴν

2146 3736 2324 3809 ψυχὴν
2348 3734 2616 3796 ὑπονοεῖν,
2643 3729 2719 3793 ὼς
2746 3725 3090 3795 ἀλογώτατον
3108 3721 3170 3776 ὃν
3192 3720 3288 3774 καὶ
3306 3714 3578 3790 κτηνῶδες
3601 3731 3738 3786 παρ-

2322 3822 2562 3894 ἑλέγξαι.
2604 3840 2623 3874 ι
2657 3818 2799 3874 Ἀλλ’
2828 3816 2938 3871 οὐδ’
2970 3811 3206 3887 ἁρμονίη
3236 3829 3257 3864 ι
3298 3828 3355 3865 κ.
3390 3827 3442 3862 τ.
3475 3809 3558 3874 ἐξ.
3597 3806 3736 3860 Ἀλλ’

2149 3895 2259 3971 οῦδ⁹
2289 3914 2358 3970 ἂν
2390 3913 2553 3981 αὐτὴ,
2588 3911 2777 3982 φησιν,
2823 3910 2859 3980 ἡ
2896 3904 3007 3960 τῶν
3050 3902 3328 3973 στοιχείων
3372 3898 3630 3972 ἁρμονία,
3677 3895 3738 3963 ἐξ

2151 4005 2227 4064 ὧν
2254 4007 2318 4061 τὸ
2346 4006 2507 4077 σῶμα
2553 4001 2919 4072 καθεστήκει,
2962 3997 3144 4070 ψυχή’
3198 3995 3258 4050 οὗ
3310 3992 3418 4064 γάρ
3461 3989 3616 4045 οὐσία
3658 3987 3740 4052 τίς

2154 4104 2303 4156 ἐστιν
2331 4094 2626 4168 ὑφεστῶσα
2652 4092 2776 4148 καθ’
2800 4091 2974 4162 αὐτὴν
3003 4093 3039 4163 ὴ
3072 4090 3181 4144 τῶν
3212 4084 3489 4157 στοιχείων
3518 4082 3738 4153 κρᾶσις,

2155 4187 2502 4263 ωμὸεὸηκδς
2525 4186 2581 4240 δὲ
2599 4184 2696 4239 καὶ
2721 4182 2946 4253 ποιότης
2971 4176 3127 4244 οῦσα,
3151 4177 3347 4233 οὔκουν
3372 4176 3439 4231 ἃν
3459 4174 3546 4245 εἴη
3570 4173 3740 4244 ψυχή’

2153 4282 2329 4344 ἄλλως
2374 4297 2436 4334 τε
2489 4278 2551 4332 οὐ
2611 4276 2712 4350 μία
2773 4273 2994 4347 σαρκῶν
3047 4274 3165 4326 ἐστι
3214 4269 3377 4340 φύσις
3427 4267 3524 4321 καὶ
3568 4264 3743 4326 εἴδους

2154 4367 2449 4424 ἀθανάτου.
2466 4364 2596 4431 Πῶς
2622 4363 2733 4436 γὰρ
2776 4362 2848 4417 τὰ
2875 4358 3116 4432 πλείστῳ
3142 4359 3264 4413 κατ’
3290 4356 3480 4411 οὐσίαν
3503 4352 3745 4424 ἀλλήλων

2156 4456 2424 4513 διεστῶτα
2459 4473 2476 4525 ;
2531 4456 2587 4511 τί
2648 4455 2723 4529 δὲ,
2760 4453 2944 4531 πλεῖον
2988 4451 3142 4505 ἔσται
3205 4451 3319 4512 τοῖς
3367 4446 3591 4516 ἀγαθοῖς
3632 4444 3744 4499 τῶν

2155 4548 2578 4622 ἐπισημοτάτων
2619 4546 2679 4602 ὲν
2712 4545 2903 4618 κακίᾳ,
2926 4538 3002 4599 ὧν
3032 4542 3130 4615 μία
3158 4536 3297 4594 οὖσα
3322 4540 3543 4612 κρᾶσις,
3576 4537 3747 4607 ἡγουν

2160 4641 2330 4713 ψυχὴ,
2382 4641 2418 4712 ἢ
2458 4638 2740 4712 κρείττους
2782 4637 2816 4708 ἢ
2869 4636 3089 4709 χείρους
3121 4632 3486 4697 ἁπετὲλεσεν;
3535 4628 3652 4693 πῶς
3698 4628 3748 4682 δ’

2159 4735 2281 4805 οὐχ).
2313 4734 2408 4789 καὶ
2447 4733 2561 4796 τοῖς
2597 4730 2812 4800 ἀλόγοις
2854 4729 2906 4782 oi
2951 4725 3162 4795 λογικοὶ
3197 4722 3341 4778 κατὰ
3370 4721 3532 4792 φύσιν
3563 4716 3674 4774 εἷεν
3699 4722 3750 4774 oi.

2159 4824 2351 4890 αὐτοίς
2391 4824 2425 4895 ἡ
2472 4820 2710 4894 ἁρμονία
2751 4819 2882 4890 γάρ,
2929 4815 3119 4887 ῶσπερ
3150 4815 3263 4878 τοῖς
3310 4809 3615 4885 ἀνθρώπων
3643 4808 3751 4863 σώ-

2156 4931 2348 4988 μασιν,
2377 4913 2522 4967 οὓτω
2560 4911 2657 4965 καὶ
2683 4911 2799 4974 τοῖς
2828 4908 2938 4962 τῶν
2966 4904 3178 4975 ἀλόγων
3212 4903 3416 4973 ὁμοίως
3443 4900 3698 4973 ἐνορᾶται
3729 4913 3745 4928 ⁸

2153 5003 2298 5059 κατά
2323 5004 2381 5057 δὲ
2407 5002 2595 5057 τοῦτον
2621 5002 2715 5057 τὸν
2747 5000 2907 5070 λόγον
2927 4999 3023 5052 καὶ
3050 4996 3252 5059 πάντες
3275 4994 3342 5048 ἂν
3367 4991 3478 5047 εἷεν
3504 4989 3746 5063 βελτίους

2156 5098 2206 5152 oi
2229 5096 2481 5167 κράσεως
2512 5095 2611 5150 καὶ
2645 5094 2914 5167 ἁρμονίας
2939 5092 3211 5164 σωμάτων
3240 5084 3624 5159 εὐμοιροῦντες
3652 5081 3749 5135 εῦ-

2160 5183 2466 5255 φυεστὲρας
2499 5183 2596 5237 καὶ
2636 5182 2941 5254 ἀμείνονος.
2984 5181 3050 5234 Οἱ
3092 5177 3192 5250 μὲν
3227 5172 3322 5230 οῦν
3358 5171 3586 5227 τοιαῦτα
3619 5167 3751 5255 περὶ

469 5298 562 5340 res
596 5291 786 5340 essent
814 5297 1007 5339 omnes
1042 5280 1138 5352 qui
1164 5277 1692 5350 coagmentationem
1720 5283 1776 5333 et
1804 5280 2037 5349 corpori:

2158 5244 2338 5349 ιίιυχῆς
2366 5244 2778 5346 ’ἐκενολόγησαν
2802 5291 2817 5305 ·
2875 5244 3027 5327 ἁλλοι
3071 5244 3131 5325 έὲ
3170 5268 3243 5323 τὰ
3271 5267 3420 5339 ζωῆς
3460 5266 3629 5329 αἴτια,
3671 5254 3749 5316 ὧν

461 5372 807 5430 harmoniam
849 5372 1033 5429 sortiti
1066 5377 1256 5428 essent
1284 5369 1457 5442 magis
1476 5368 1753 5439 egregiam
1781 5375 1835 5423 et
1864 5369 2058 5425 melio-

460 5474 598 5525 rem.
636 5467 734 5524 lsti
758 5464 975 5539 quidem
1004 5465 1133 5521 talia
1168 5478 1309 5520 vane
1341 5461 1410 5518 de
1458 5461 1641 5516 anima
1697 5460 2051 5518 sermocinati

532 5733 613 5803 (ﬁ)
643 5730 1089 5803 Εικαιομυθιας.
1139 5725 1330 5803 ηιμ-,αθ
1351 5725 1482 5803 hoc
1520 5720 1787 5778 vocabulo
1816 5720 2041 5781 ilasium

465 5793 731 5857 αιίίεοη.
770 5793 928 5856 Diue.
969 5793 1055 5863 Iv,
1078 5813 1134 5867 p.
1164 5796 1270 5867 445
1302 5794 1397 5867 ed.
1432 5793 1606 5848 Bonn.

470 5871 617 5996 ea
1971 5862 2040 5922 νο

2160 5368 2411 5423 ἀπόντων
2439 5369 2475 5439 ἠ
2500 5366 2647 5440 ψυχὴ
2688 5366 2750 5421 τὸ
2778 5365 2942 5436 σῶμα
2971 5362 3293 5420 καταλείπει
3324 5359 3518 5432 νεκρὸν
3538 5396 3554 5423 ,
3597 5353 3748 5409 ταῦτ’

2162 5455 2302 5515 εἶναι
2324 5457 2503 5530 ψυχὴν
2523 5456 2814 5530 ἀνθρώπου
2845 5457 3191 5529 διωρίσαντο.
3239 5473 3261 5508 ι
3280 5454 3464 5529 {toth
3488 5452 3535 5506 δ’
3559 5445 3755 5506 οὕποτὲ

2172 5725 2327 5808 “(‘L
2341 5724 2568 5808 Ὥσπερ
2598 5741 2690 5808 τι..
2723 5722 2820 5808 sic
2846 5723 3058 5808 ngex.
3092 5723 3180 5808 ἶ..
3193 5720 3423 5808 Godgir.
3460 5713 3755 5808 get-manui

2150 5789 2248 5867 lib;
2274 5789 2353 5850 De
2374 5789 2713 5867 emend._rat.
2743 5794 2843 5854 Gr.
2873 5795 2997 5867 Gr”
3026 5811 3082 5867 p.
3111 5794 3206 5863 70,
3230 5801 3287 5852 et
3302 5793 3435 5852 Car.
3456 5789 3750 5861 Goettling.

2149 5866 2462 5937 Degccent.
2494 5867 2532 5921 l.
2572 5864 2693 5933 Gn,
2722 5881 2780 5937 p.
2815 5867 2888 5937 εδ
2917 5866 3007 5937 ed.
3027 5864 3156 5923 'sec.
3234 5932 3259 5937 _
3280 5932 3331 5937 ﬂ
3599 5872 3619 5889 ι

2233 5935 2310 6008 (5)
2345 5934 2472 6004 Πῦρ
2492 5932 2782 6010 μαλερῶν.
2815 5935 2886 5997 γ,
2916 5935 3076 6007 Ilias,
3111 5946 3191 6007 ix,
3229 5932 3359 5991 242.
