3980 6400
337 392 445 450 889

339 522 445 573 σοι,
477 525 496 558 ι
525 504 613 560 καὶ
651 503 893 578 ἑξῆςΕί,
912 499 986 561 ὧν
1006 506 1273 575 ἀπόντων,
1297 506 1585 580 ἄνθρωπος
1616 508 1925 577 σϐέννυται,

338 594 497 651 τοῦτό
523 596 673 652 ἐστιν
696 597 846 667 αὐτῷ
871 596 1040 668 ψυχὴ,
1069 597 1189 670 ῶρα
1219 588 1302 652 σοι
1333 594 1432 667 τὴν
1464 600 1764 671 ἡμερήσιον
1800 618 1928 672 τρο-

341 686 447 758 φὴν
491 687 673 760 ψυχὴν
724 689 954 743 σεαυτοῦ
1008 689 1342 744 ἀποκαλεῖνο
1401 689 1594 761 θνητὸν
1637 691 1747 764 γάρ
1775 692 1925 758 ὄντα,

338 783 544 855 τροφῆς
591 785 724 858 ἄτερ
769 785 1051 857 ἀμήχανον
1101 788 1418 843 παντάπασι
1470 787 1572 859 ζῇν
1601 802 1614 815 ·
1662 786 1778 839 ἔστι
1818 785 1928 857 γὰρ

342 877 501 930 παντὶ
525 875 649 948 ζώῳ
674 878 1047 952 συντηρητικὴ
1077 878 1306 950 δύναμις
1339 882 1374 951 ἡ
1408 879 1708 951 ἡμερήσιος
1737 876 1925 948 ἐδωδὴ.

343 982 538 1039 panem
582 984 821 1024 annnam
872 981 1022 1025 tuam
1065 985 1266 1027 vocare
1313 986 1327 1024 ζ

1371 389 1438 445 IN
1469 388 1781 446 CARMl-NA
1807 386 2090 448 ARCANA
2125 388 2184 467 Si
2223 386 2579 447 GREGORII.

3487 384 3621 443 '690
3646 400 3664 420 °

2031 517 2194 576 sunt;
2219 508 2313 565 alii
2341 521 2495 573 vero,
2516 503 2952 577 principiavvitce,
2980 502 3185 575 quibus
3215 500 3621 564 deﬁcientibus.

2037 601 2220 657 anima
2249 613 2451 670 corpus
2483 596 2753 668 delinquit
2782 594 3216 661 mortuum,haec
3237 607 3360 650 esse
3377 591 3624 648 hominis

2036 694 2276 749 animam
2333 693 2763 747 allirmaverunt.
2822 708 2841 740 ι
2890 686 3027 744 Esca
3087 700 3220 742 vero
3277 698 3624 755 nequaquam

2002 836 2005 843 .
2036 786 2133 842 tibi
2180 805 2197 839 ι
2232 791 2286 841 et
2317 800 2437 855 seq.
2460 814 2533 825 —
2567 783 2625 839 Si
2650 783 2853 853 quibus
2882 779 3268 836 deﬁcientibus
3302 778 3465 832 homo
3525 791 3626 832 ex-

2034 877 2231 948 spirat,
2265 878 2371 932 ista
2405 883 2535 933 sunt
2571 875 2677 945 ipsi
2718 873 2921 935 anima,
2958 871 3095 926 hora
3125 870 3223 925 tibi
3246 867 3625 940 quotidianum

1379 970 1631 1027 mortalis
1676 969 1823 1025 enim
1866 982 1995 1022 cum
2041 969 2140 1032 sis,
2173 967 2383 1039 absque
2413 967 2677 1023 alimento
2712 963 3053 1037 impossibile
3090 962 3315 1018 omnino
3345 958 3445 1014 tibi
3475 958 3625 1015 vive-

338 1074 431 1117 re:
463 1075 589 1115 nam
611 1060 763 1116 omni
791 1060 1016 1117 animali
1058 1063 1443 1123 conservatrix
1476 1071 1569 1135 est
1589 1072 1768 1118 vrrtus
1800 1060 2158 1132 quotidianus
2195 1061 2401 1119 victus.

341 1170 414 1224 22
452 1166 599 1225 Οἶδα
620 1169 690 1224 δὲ
719 1170 817 1225 καὶ
848 1172 1039 1242 λόγον
1068 1170 1287 1237 ἄλλον,
1319 1171 1439 1227 κτλ.

314 1316 315 1323 η
414 1277 567 1349 Οἶδα,
611 1283 765 1352 φησι,
813 1284 910 1336 καὶ⁴
951 1283 1141 1355 ἕτερον
1174 1282 1357 1355 δόγμα
1378 1282 1630 1350 παλαιὸν,
1676 1282 1773 1338 καὶ
1815 1284 1930 1346 τοῖς
1966 1304 1967 1307 η
1997 1282 2013 1296 ’

346 1375 512 1431 πάλαι
539 1376 682 1447 μέγα
709 1375 997 1448 φρονοῦσιν
1021 1376 1115 1437 ἐπὶ
1145 1376 1315 1448 σοφία
1332 1376 1766 1449 λτιριιρδούμενον⁸
1791 1375 1929 1447 ὅπερ

345 1468 445 1523 οὐκ
468 1467 535 1523 ἂν
555 1467 1040 1539 καταδιδαξαίμην,
1065 1469 1274 1521 εἰκαῖον
1296 1467 1381 1539 (6)
1397 1468 1490 1521 καὶ
1512 1466 1726 1538 ὕπόψυχ
1735 1485 1824 1539 ρον
1844 1468 1924 1521 ὃν.

345 1560 485 1613 Φασὶ
530 1558 640 1631 γὰρ
683 1558 1061 1631 προϋπάρχειν
1096 1558 1325 1612 καθόλου
1365 1560 1472 1614 τῶν
1501 1560 1804 1633 ἀνθρώπων
1831 1562 1929 1633 τὴν

347 1651 545 1722 ψυχὴν,
570 1652 666 1706 καὶ
687 1650 894 1723 ταύτην
916 1649 1102 1721 κοινὴν
1127 1646 1287 1717 εἶναι,
1309 1651 1453 1706 καθά
1474 1652 1583 1707 τῶν
1605 1652 1934 1724 σωματικῶν

352 1739 634 1811 στοιχείων
657 1740 888 1794 ἕκαστον
913 1741 1082 1794 πᾶσιν
1109 1740 1418 1810 ἀνθρώποις
1438 1741 1580 1795 κατὰ
1600 1742 1699 1803 τὴν
1720 1743 1935 1812 γένεσιν

350 1829 837 1901 ἑπιμεριζομένην,
870 1830 937 1884 δι’
967 1830 1088 1884 ὅλου
1119 1830 1178 1884 δὲ
1205 1831 1300 1885 τοῦ
1331 1832 1471 1905 ὑπὲρ
1500 1833 1745 1905 κεφαλῆς
1773 1835 1935 1906 ἀέρος

354 1921 717 1993 πλανωμένην
760 1922 857 1976 καὶ
892 1923 991 1992 τῆς
1021 1923 1160 1994 πρὸς
1188 1922 1258 1977 τὰ
1297 1922 1527 1995 σώματα
1564 1925 1761 1991 δέσεως
1787 1927 1935 1999 ἐφιε-

355 2012 547 2083 μένην.
588 2014 651 2067 Et
678 2014 735 2067 δὲ
760 2013 919 2068 τοῦτο
947 2013 1150 2085 δοθείη,
1177 2016 1359 2070 πᾶσαν
1391 2011 1532 2072 εἶναι
1560 2017 1742 2090 ψυχὴν
1759 2020 1936 2091 ὁμοιό-

352 2119 564 2173 τροπον,
596 2104 672 2166 ὡς
703 2104 778 2176 μὴ
797 2104 896 2175 τὴν
925 2105 1024 2177 μὲν
1053 2103 1268 2174 βελτίω,
1292 2107 1392 2178 τὴν
1417 2107 1475 2161 δὲ
1502 2108 1692 2180 χείρω,
1719 2110 1815 2165 καὶ
1834 2110 1935 2182 τὴν

354 2196 454 2267 μὲν
492 2196 706 2251 εὐθεῖαν
744 2197 1231 2269 ἀνωμολογῆσθαι,
1271 2200 1372 2272 τὴν
1409 2200 1466 2254 δὲ
1503 2200 1802 2273 δύστροπον
1840 2204 1937 2258 καὶ

350 2288 590 2354 σκολιὰν,
607 2289 684 2354 ὡς
700 2290 861 2363 ἀέρος
880 2291 936 2344 δὲ
959 2292 1121 2361 φύσιν
1140 2294 1501 2364 εἰσπνευστήν
1516 2310 1575 2347 τε
1590 2294 1686 2347 καὶ
1704 2296 1937 2349 ἐκπνευ-

351 2381 482 2454 στὴν
507 2383 647 2436 πᾶσι
680 2382 890 2455 βροτοῖς
919 2385 1252 2441 καθεστάναι
1280 2387 1380 2458 τὴν
1411 2387 1603 2458 αὐτὴν,
1637 2387 1837 2453 πάντες
1877 2389 1937 2443 δὲ

348 2475 569 2529 ἔσονται
583 2477 738 2543 πᾶσι,
764 2478 861 2531 καὶ
885 2476 966 2531 ἔτι
996 2478 1197 2544 ζῶντες
1224 2481 1283 2534 ὲν
1306 2478 1542 2551 σώματι,
1566 2480 1669 2536 καί
1683 2497 1745 2550 γε
1769 2498 1937 2553 μετα-

350 2568 622 2633 πνέοντες,
653 2569 833 2622 εῖτουν
860 2569 1235 2636 ἀποδιοῦντες,
1259 2570 1462 2636 πάντες
1484 2573 1544 2625 ἐν
1567 2573 1701 2627 πᾶσι
1723 2573 1935 2627 κεῖσθαι

350 2658 834 2731 ὑπονοηθήσονται,
864 2659 942 2731 τῷ
976 2660 1103 2732 μίαν
1130 2659 1338 2715 οἴεσθαι
1365 2660 1474 2714 τῶν
1497 2661 1634 2716 ὅλων
1667 2662 1935 2735 ὑπάρχειν

350 2750 526 2822 ψυχήν
545 2768 559 2781 ·
583 2753 618 2821 ἡ
639 2752 781 2824 αὑτὴ
803 2752 880 2815 δὲ,
907 2752 1064 2823 φησὶ,
1088 2751 1184 2805 καὶ
1203 2751 1298 2806 τοῦ
1324 2751 1487 2823 ἀέρος
1512 2753 1752 2824 ὑπάρχει
1780 2754 1937 2825 ῥύσις

350 2841 524 2896 ἄλλοτ’
546 2844 605 2895 ὲν
625 2842 808 2907 ἄλλοις
832 2842 1195 2915 διαχυνομένη
1220 2841 1427 2905 τόποις.
1462 2842 1527 2895 Εἰ
1552 2842 1608 2896 δὲ
1633 2841 1831 2911 λέγοις,
1860 2841 1937 2904 ὡς

351 2934 445 3004 οὐχ
476 2934 647 2999 οὕτως
680 2936 721 3006 ἡι
745 2933 892 3006 ψυχὴ
923 2936 1099 3004 χεῖται
1126 2935 1316 3005 ὥσπερ
1345 2936 1376 2987 ό
1401 2933 1531 3006 ἀὴρ,
1561 2934 1619 2987 ὲν
1647 2934 1728 2987 ἐνὶ
1749 2933 1806 2987 δὲ
1840 2933 1938 2987 καὶ

351 3024 428 3096 τῷ
458 3024 609 3096 αὐτῷ
637 3023 802 3098 χώρῳ
842 3024 1106 3095 διαμένει,
1145 3023 1490 3095 πυνθάνομαί
1538 3040 1598 3076 σε
1642 3022 1848 3090 λοιπὸν,
1884 3023 1939 3076 τί

359 3117 456 3188 μὲν
478 3118 609 3187 παρ’
637 3117 806 3188 ἑαυτῇ
840 3115 1079 3187 μένουσα
1106 3114 1392 3186 κατέσχεν,
1422 3114 1479 3166 τί
1503 3114 1562 3168 δὲ
1596 3113 1658 3167 τὸ
1689 3116 1802 3178 τοῖς
1831 3130 1938 3186 μη-

359 3205 555 3278 τρῲοις
584 3205 909 3278 σπλάγχνοις
942 3207 1380 3277 ζωογονούμενον
1405 3206 1441 3277 ἦ
1474 3205 1935 3278 κυοφορούμενον.

359 3299 425 3352 Et
460 3297 570 3370 γάρ
611 3297 767 3363 ἐκτός
802 3315 870 3370 με
910 3295 1077 3353 οὖσαν
1114 3297 1528 3369 ἀπολελυμένην
1559 3297 1655 3351 τοῦ
1686 3297 1938 3369 σώματος

358 3392 454 3443 καὶ
490 3388 783 3462 ἐλευθέραν
820 3392 1013 3462 φήσειε
1050 3390 1213 3460 τυχὸν
1238 3391 1272 3459 ὴ
1303 3389 1473 3461 ψυχὴ,
1501 3391 1534 3461 ὴ
1566 3390 1750 3461 μήτηρ
1788 3390 1941 3462 μερί⁴

356 3498 494 3536 σασα
529 3481 877 3553 προέσπασεν
911 3482 943 3553 ἢ
980 3482 1389 3553 προεσπάσατο,
1422 3482 1477 3535 τί
1510 3482 1612 3552 μὲν
1643 3482 1769 3553 ἔσχε
1814 3482 1938 3538 καθ’

353 3575 513 3629 ἑαυτὸ
546 3575 730 3647 μένον,
760 3574 814 3627 τί
844 3575 901 3629 δὲ
931 3576 992 3628 τὸ
1019 3576 1077 3629 ἐν
1106 3573 1328 3639 κόλποις
1355 3576 1527 3646 αὐτῆς
1567 3574 1696 3642 ζῶν,
1734 3576 1828 3630 καὶ
1858 3578 1940 3641 είς

351 3666 445 3721 τὸν
476 3665 751 3722 ἐπώδυνον
793 3667 906 3738 βίον
939 3669 1034 3723 καὶ
1072 3668 1410 3741 πολύμοχθον
1441 3671 1760 3742 ἐρχόμενον.
1792 3673 1856 3725 Et
1881 3672 1941 3727 δέ

352 3773 420 3828 γε
444 3759 511 3813 σὺ
538 3758 747 3830 ταύτην
776 3759 873 3813 καὶ
905 3760 1144 3814 πλεόνων
1176 3760 1383 3815 τέκνων
1413 3765 1626 3833 μητέρα
1656 3762 1936 3833 ὑποθείης,

354 3850 657 3922 τετίμηκας
705 3851 899 3922 ἄτιμον
937 3851 1126 3924 τιμὴν,
1162 3852 1403 3905 πλεόνων
1431 3852 1619 3922 ψυχῶν
1660 3855 1782 3916 ταῖς
1811 3852 1939 3905 δυσ-

354 3943 593 4015 χερείαις
631 3943 727 3996 τοῦ
769 3942 886 4015 βίου
920 3946 1016 3999 καὶ
1042 3944 1439 4016 ταλαιπωρίαις
1461 3944 1808 4011 δακνομένων
1844 3946 1940 4001 καὶ

357 4034 733 4107 κολαζομένων
761 4036 941 4092 αἰτίαν
965 4035 1168 4109 ταύτην
1202 4036 1545 4101 ἀποδεικνύς.

353 4167 426 4226 '52
463 4170 546 4225 Οὐ
588 4169 857 4226 πινυτῶν
896 4169 1000 4227 ὅδε
1031 4171 1246 4243 μῦθος,
1287 4171 1789 4316 ἐτώσια[ἓτῗίγνιιι
1813 4173 1940 4297 >,ἐϐί-

1610 4261 1713 4310 cur,
1745 4261 1810 4297 κτ
1848 4285 1863 4297 .

1610 4261 1713 4310 ων,
1745 4261 1863 4297 κτλ.

427 4367 596 4439 Οὗτος
631 4375 752 4446 μὲν,
785 4375 972 4446 φησὶν,
1007 4378 1037 4431 ό
1068 4378 1226 4448 λόγος
1264 4381 1293 4432 ό
1341 4379 1471 4450 μίαν
1518 4381 1629 4442 τοῖς
1672 4379 1816 4443 ὅλοις
1845 4381 1940 4436 ἀν-

355 4464 596 4537 θρώποις
642 4467 1123 4539 ὲπιμεριζόμενος,
1154 4469 1233 4533 ὡς
1262 4468 1497 4541 εἴρηται,
1537 4468 1736 4542 ψυχὴν,
1770 4472 1942 4543 ἀφρο-

355 4557 522 4628 σύνης
552 4559 647 4613 κα)⁹
677 4559 865 4624 ἀνοίας
896 4561 1121 4631 μεστός·
1163 4560 1364 4616 ἐτώσια
1396 4561 1453 4615 δὲ
1481 4562 1576 4615 καὶ
1610 4562 1818 4633 μάταια
1846 4564 1941 4617 καὶ

356 4648 694 4721 παιδαριώδη
745 4653 975 4719 παίγνια
1023 4651 1222 4722 βίϐλων
1269 4654 1661 4708 ἀνατάττονται
1695 4656 1792 4711 καὶ
1826 4657 1940 4711 ὅσοι

356 4739 534 4792 πολλὰ
563 4738 792 4811 σώματα
819 4743 960 4797 κατά
980 4744 1108 4807 τοὺς
1133 4743 1282 4814 βίους
1302 4744 1413 4799 τῶν
1441 4744 1686 4800 παλαιῶν
1707 4746 1940 4818 ἀνδρῶν,

356 4829 583 4898 ἀγαθῶν
614 4849 674 4885 τε
696 4833 791 4887 καὶ
817 4834 1025 4898 κακῶν,
1055 4835 1089 4906 ἢ
1120 4836 1187 4889 δι’
1217 4836 1546 4907 ἀντάμειψιν
1580 4837 1781 4909 ἀρετῆς
1814 4838 1847 4909 ἢ
1876 4840 1943 4892 δι’

357 4921 636 4993 ἁμαρτίας
704 4926 893 4998 ποινὴν
967 4927 1098 4998 μίαν
1161 4928 1258 4981 καὶ
1324 4927 1422 5000 τὴν
1473 4928 1642 5000 αὐτὴν
1694 4930 1947 5002 ἀμείϐειν

357 5014 618 5082 ἐδόξασαν
643 5016 848 5089 ψυχήν.
894 5018 1165 5091 Καθάπερ
1194 5017 1303 5091 γὰρ
1335 5019 1509 5092 ἄνδρα
1544 5020 1668 5075 τινὰ
1708 5023 1947 5093 ἱματίοις

359 5108 821 5178 περιστέλλοντες,
846 5111 943 5165 καὶ
968 5106 1125 5175 αὖθις
1145 5110 1405 5181 ἀκόσμως
1430 5113 1827 5183 μετενδύοντες,
1853 5117 1948 5170 καὶ

360 5197 469 5250 ἀπὸ
494 5198 655 5254 ἄλλου
698 5201 949 5274 σώματος
987 5204 1067 5268 είς
1114 5202 1264 5267 ἄλλο,
1300 5203 1401 5257 οὐκ
1432 5205 1720 5277 ἀνθρώπου
1760 5208 1938 5278 μόνον,

362 5286 496 5341 ἀλλά
521 5291 615 5346 καὶ
636 5290 780 5357 ζώου
804 5294 1003 5361 ἀλόγου
1036 5295 1134 5348 καὶ
1160 5292 1329 5363 φυτοῦ
1359 5294 1522 5349 πάλιν
1557 5296 1720 5368 σῶμα
1749 5315 1947 5368 μεταγ-

361 5378 602 5447 γίζοντες
648 5384 749 5456 τὴν
798 5384 979 5457 ψυχὴν
997 5426 1011 5451 ,
1062 5386 1158 5440 καὶ
1198 5385 1343 5441 οὕτω
1393 5387 1802 5457 κενολογοῢντες
1851 5391 1946 5445 καὶ

360 5472 566 5542 μάταια
593 5474 889 5548 ληροῦντες
916 5479 979 5532 οὐ
1016 5477 1292 5534 συνιοῦσιν
1311 5497 1325 5511 ·
1374 5483 1469 5537 καὶ¹
1495 5482 1686 5555 ῶσπερ
1724 5485 1814 5538 τὸν
1845 5503 1947 5539 πα-

355 5561 507 5616 λαιὸν
546 5565 757 5618 ἐκεῖνον
806 5566 994 5633 Ἰξίονα
1040 5568 1089 5620 οἱ
1138 5567 1299 5638 μῦθοι
1339 5570 1668 5627 πλάττουσιν
1699 5575 1781 5639 είς
1826 5575 1948 5630 θεὸν

354 5657 758 5728 ἡμαρτηκότα,
793 5658 973 5731 τροχῷ
1007 5657 1372 5729 ὲνειρόμενον,
1414 5663 1757 5738 καὶηάενάως
1788 5664 1864 5737 (7)
1892 5667 1949 5719 ἐν

431 5835 512 5908 (6)
553 5834 690 5894 Cod.
720 5841 966 5898 εἰκαῖον.

2033 1171 2125 1227 22.
2147 1170 2288 1228 Navi
2312 1184 2363 1228 et
2389 1173 2555 1227 aliam
2585 1172 2920 1240 sententiam,
2945 1180 3053 1227 etc.

2102 1284 2261 1352 Novi,
2285 1285 2384 1351 ait,
2435 1293 2489 1340 et
2534 1285 2698 1341 aliam
2732 1284 3062 1341 sententiam
3085 1289 3347 1347 veterem,
3387 1289 3443 1338 et
3489 1282 3620 1338 olim

2033 1377 2480 1449 superbientibus
2514 1377 2569 1431 in
2601 1376 2871 1446 sapientia
2915 1374 3149 1431 usitatas
3198 1374 3453 1445 ineptias,
3479 1389 3619 1443 quas

2030 1479 2181 1526 certe
2219 1484 2330 1524 non
2379 1469 2658 1532 docerem,
2703 1468 2905 1539 quippe
2935 1466 3080 1536 quod
3120 1473 3206 1522 est
3254 1465 3628 1520 inconsidera-

2031 1569 2170 1625 tum,
2233 1559 2549 1629 nulliusque
2616 1558 2796 1628 pretii.
2854 1557 3025 1612 Aiunt
3051 1557 3198 1613 enim
3229 1570 3453 1627 prorsus
3482 1570 3626 1626 prae-

2036 1651 2305 1707 exsi‘stere
2335 1650 2574 1705 animam
2605 1649 2910 1718 hominum,
2962 1649 3248 1721 ipsamque
3276 1663 3624 1704 communem

2037 1743 2430 1799 elementorum
2456 1756 2844 1813 corporeorum
2889 1742 3123 1814 singulis
3160 1756 3303 1805 esse,
3359 1740 3622 1797 omnibus

2037 1832 2353 1889 hominibus
2373 1833 2430 1888 in
2450 1832 2538 1889 die
2555 1831 2855 1892 nativitatis
2875 1832 3129 1901 divisam,
3152 1838 3340 1903 utpote
3378 1846 3500 1901 quae
3529 1844 3625 1901 per

2038 1938 2164 1980 aera
2191 1923 2396 1995 ubique
2429 1938 2595 1994 supra
2624 1932 2788 1995 caput
2822 1921 3018 1979 diti‘usa
3072 1929 3127 1978 et
3171 1923 3472 1993 junctionis
3501 1936 3627 1977 cum

2037 2016 2364 2087 corporibus
2400 2017 2581 2071 avida.
2616 2015 2774 2083 Quod
2800 2016 2848 2072 si
2874 2015 3056 2082 detur,
3095 2029 3313 2070 omnem
3343 2029 3465 2071 esse
3493 2014 3620 2068 ani-

2038 2121 2179 2162 mam
2222 2122 2436 2164 morum
2493 2107 2834 2174 earumdem,
2886 2106 3114 2178 proinde
3152 2120 3261 2161 non
3308 2106 3451 2160 hanc
3511 2120 3626 2159 me-

2039 2198 2251 2266 liorem,
2285 2208 2340 2255 et
2376 2200 2524 2254 illam
2554 2200 2820 2271 pejorem,
2850 2214 2952 2255 nec
3008 2199 3151 2253 banc
3188 2204 3418 2264 rectam,
3471 2195 3623 2250 illam

2038 2305 2166 2345 vere
2190 2304 2461 2346 morosam
2485 2296 2539 2346 et
2581 2304 2894 2361 perversam
2916 2289 2971 2344 in
3006 2287 3262 2343 confesso
3297 2301 3439 2351 esse,
3477 2285 3625 2342 sicut

2038 2382 2183 2440 aeris
2210 2390 2408 2437 natura
2431 2380 2501 2436 ad
2530 2381 2882 2455 aspil‘andum
2936 2390 2992 2438 et
3026 2377 3409 2451 respirandum
3449 2376 3630 2432 omni-

2037 2473 2142 2530 bus
2171 2474 2497 2530 mortalibus
2525 2479 2748 2530 constat
2796 2473 3009 2537 eadem,
3057 2486 3251 2528 omnes
3303 2478 3468 2526 erunt
3506 2482 3629 2523 om-

2037 2564 2190 2621 nium
2232 2573 2287 2622 et
2333 2566 2515 2622 adhuc
2544 2567 2796 2621 viventes
2817 2565 2872 2619 in
2898 2579 3132 2635 corpore
3161 2562 3617 2633 etcxspirantes;

2038 2668 2132 2715 aut
2158 2657 2483 2716 decedentes
2512 2674 2706 2715 omnes
2730 2659 2787 2714 in
2816 2658 3073 2713 omnibus
3097 2657 3287 2726 jacere
3341 2653 3631 2710 existima-

2038 2752 2245 2808 buntur
2269 2767 2339 2809 ex
2352 2752 2622 2809 sententia
2648 2751 2923 2807 credentis
2952 2750 3333 2806 universorum
3367 2747 3633 2802 exsistere

2040 2849 2281 2903 animam
2316 2865 2330 2902 :
2368 2846 2700 2912 eadem,ait,
2763 2852 2817 2901 et
2864 2844 3008 2898 aeris
3032 2842 3251 2898 exsistit
3279 2838 3444 2896 ﬂuxio
3484 2852 3633 2893 nunc

2042 2941 2097 2996 in
2122 2940 2232 3006 bis,
2261 2954 2409 2995 nunc
2438 2938 2494 2993 in
2528 2938 2650 2994 istis
2675 2935 2872 2993 diﬂ'usa
2896 2936 3057 2992 locis.
3084 2935 3142 2989 Si
3165 2941 3349 2989 autem
3379 2931 3621 2987 dixeris:

2038 3032 2159 3087 Non
2188 3030 2516 3086 diﬂ‘unditur
2548 3029 2732 3084 anima
2762 3027 2907 3083 sicut
2939 3042 3054 3092 aer,
3098 3026 3155 3080 in
3210 3041 3321 3080 uno
3349 3031 3403 3078 et
3438 3022 3632 3078 eodem

2039 3126 2161 3181 loco
2194 3129 2466 3191 remanet,
2528 3130 2583 3177 te
2618 3118 2968 3192 interrogabo
3000 3119 3068 3173 de
3107 3126 3304 3173 caetero
3338 3135 3350 3170 :
3393 3115 3537 3182 Quid
3575 3116 3625 3171 si

2038 3217 2183 3290 apud
2215 3233 2275 3273 se
2302 3217 2477 3288 ipsam
2506 3229 2736 3270 manens
2764 3209 3185 3284 perstat?anid
3232 3224 3264 3265 e
3314 3219 3509 3265 contra
3563 3206 3633 3262 de

2039 3319 2309 3381 concepto
2338 3307 2602 3363 maternis
2634 3306 2688 3361 in
2706 3302 3199 3373 visceribus,‘qpid
3229 3300 3296 3360 de
3321 3300 3636 3371 praegnata?

2048 3399 2105 3456 Si
2147 3415 2237 3456 me
2272 3399 2508 3456 solutam
2543 3412 2779 3469 corpore
2818 3403 2874 3452 et
2926 3395 3178 3459 liberam,
3222 3391 3407 3448 dicere
3430 3392 3633 3461 poterit

2045 3492 2249 3556 anima,
2279 3497 2458 3545 mater
2479 3487 2733 3545 dividens
2762 3486 2994 3560 projecit
3025 3493 3119 3540 aut
3150 3483 3421 3555 projicere
3442 3489 3635 3538 coacta

2043 3589 2148 3645 est,
2172 3580 2304 3652 quid
2337 3579 2567 3635 retinnit
2612 3577 2669 3633 in
2702 3593 2763 3633 se
2795 3592 3048 3641 manens,
3077 3574 3209 3646 quid
3248 3588 3376 3629 vero
3408 3572 3551 3644 quod
3578 3571 3634 3625 in

2044 3675 2170 3729 sinu
2199 3671 2320 3742 ejus
2348 3671 2541 3726 vivens
2565 3679 2728 3740 atque
2756 3667 2812 3724 in
2834 3668 3150 3724 dolorosam
3178 3665 3343 3719 vitam
3365 3671 3419 3718 et
3438 3676 3636 3716 aerum-

2044 3778 2236 3821 nosam
2270 3762 2576 3819 accedens?
2613 3762 3014 3843 Supponasque
3042 3759 3215 3829 ipsam
3246 3765 3301 3812 et
3332 3767 3639 3811 numerosae

2044 3864 2277 3911 matrem
2320 3854 2513 3926 prolis,
2581 3868 2682 3925 pro
2729 3853 2937 3907 honore
2986 3848 3343 3921 ignominiam
3396 3844 3632 3910 dedisti,

2045 3947 2140 4019 qui
2169 3948 2465 4003 multarum
2494 3948 2801 4002 animarum
2832 3945 3096 4002 aerumnis
3141 3945 3265 3998 vitae
3304 3952 3357 3998 et
3396 3939 3637 3997 miseriis

2046 4055 2437 4113 oppressarum
2474 4048 2529 4096 et
2560 4046 2833 4094 tactarum
2892 4052 3119 4095 causam
3176 4037 3326 4091 illam
3365 4034 3633 4094 ostendis.

2047 4180 2120 4236 52
2160 4178 2309 4234 Vana
2361 4175 2620 4233 librorum
2680 4174 2913 4229 ludibria
2969 4190 3032 4227 ac
3093 4172 3364 4226 hominum
3424 4169 3639 4225 minime

2746 4244 3089 4317 [sapientium
3112 4252 3191 4298 est
3236 4242 3434 4311 opinio,
3464 4249 3570 4296 etc.

2121 4391 2249 4456 Iste,
2312 4389 2512 4458 inqmt,
2577 4398 2743 4439 unam
2798 4378 3074 4436 universis
3128 4374 3446 4432 hominibus
3485 4374 3640 4429 attri-

2046 4480 2246 4546 buens,
2314 4484 2374 4533 ut
2411 4477 2619 4534 dictum
2646 4480 2750 4534 est,
2778 4472 3011 4527 divisam
3043 4468 3313 4532 animam,
3344 4479 3526 4522 sermo
3556 4464 3641 4519 in-

2052 4573 2206 4630 sania
2257 4580 2422 4642 atque
2460 4566 2664 4638 ineptia
2684 4564 3020 4621 redundans.
3052 4560 3220 4618 Vanis
3269 4567 3323 4614 et
3371 4557 3541 4613 fatuis
3587 4563 3643 4613 et

2051 4663 2358 4734 puerilibus
2413 4658 2732 4730 crepundiis
2761 4656 2934 4713 libros
2994 4658 3442 4725 composuerunt,
3475 4655 3640 4720 quot-

2041 4762 2177 4826 quot
2198 4752 2367 4808 multa
2393 4765 2627 4823 corpora
2662 4764 2760 4821 per
2786 4756 3037 4804 veterum
3066 4746 3211 4822 vitas
3244 4744 3513 4807 virorum,
3544 4741 3643 4796 bo-

2045 4860 2242 4902 norum
2273 4851 2328 4900 et
2368 4843 2662 4905 malorum,
2713 4841 2830 4898 sive
2862 4841 2933 4895 ob
2976 4837 3198 4893 virtutis
3241 4834 3642 4891 remuneratio-

2044 4950 2167 5000 nes,
2202 4932 2319 4988 sive
2356 4931 2428 4985 ob
2459 4930 2677 5001 peccati
2703 4945 2918 5000 poenas,
2949 4943 3116 4983 unam
3145 4935 3200 4982 et
3231 4922 3481 4981 eamdem
3514 4939 3643 4980 suc-

2048 5021 2524 5080 oss'sivebabitare
2552 5022 2760 5091 opinati
2784 5029 2911 5078 sunt
2934 5021 3195 5075 animam.
3229 5015 3477 5088 Namque
3494 5014 3639 5071 sicut

2047 5116 2141 5186 qui
2185 5114 2362 5168 virum
2397 5112 2696 5183 quemdam
2741 5112 2989 5168 vestibus
3026 5110 3310 5181 opcrirent
3350 5116 3405 5164 et
3438 5110 3638 5165 iterum

2052 5207 2361 5263 inordinate
2382 5214 2664 5272 exuerent,
2697 5204 2901 5259 ab'alio
2927 5218 3157 5274 corpore
3173 5204 3409 5258 animam
3437 5204 3639 5258 iterum

2052 5302 2107 5355 in
2139 5296 2290 5354 aliud
2313 5296 2765 5354 transfundentes
2793 5309 3016 5365 corpus,
3057 5309 3170 5349 non
3205 5302 3421 5350 tantum
3457 5296 3639 5351 homi-

2053 5391 2163 5457 nis,
2195 5391 2290 5447 sed
2316 5391 2481 5446 etiam
2513 5387 2766 5443 animalis
2814 5387 3213 5443 irrationabilis
3242 5396 3296 5443 et
3327 5389 3544 5459 plantae,
3584 5394 3642 5442 et

2055 5484 2136 5540 sic
2161 5498 2301 5537 vana
2324 5483 2631 5553 loquentes,
2664 5492 2718 5535 et
2749 5479 2915 5535 stulta
2953 5478 3253 5535 delirantes
3276 5494 3383 5533 non
3438 5478 3637 5532 intelli-

2059 5582 2217 5647 gunt.
2257 5573 2322 5626 Et
2351 5574 2496 5629 sicut
2525 5573 2819 5641 antiquum
2868 5571 3038 5626 istum
3097 5571 3287 5625 lxiona
3315 5569 3514 5624 fabulae
3542 5570 3629 5626 deo

2058 5668 2293 5739 pingunt
2332 5666 2388 5718 in
2442 5665 2612 5722 Deum
2661 5677 2787 5719 cum
2853 5662 3236 5731 peccavisset,
3322 5662 3389 5714 ad
3461 5668 3638 5719 rotam

2125 5844 2204 5915 (7')
2280 5842 2541 5913 Ἁενὰως.
2596 5843 2718 5901 Non
2765 5844 2949 5902 omnia
2992 5859 3130 5920 vera
3195 5850 3321 5901 sunt
3376 5860 3497 5917 qua:
3570 5845 3637 5900 dc
