3980 6400
400 386 500 445 tibi

398 510 683 583 alligatum
723 521 780 569 et
813 512 1022 584 jugiter
1078 514 1136 568 in
1179 511 1392 581 circulo
1455 511 1706 567 volutum
1764 513 1976 584 puniri;

400 603 553 660 sicut
595 605 763 661 etiam
822 604 1119 661 Tantalum
1162 606 1277 663 alio
1323 604 1494 660 modo
1549 604 1782 676 impium
1827 604 1990 662 aliter

402 697 470 753 ad
510 697 760 754 numinis
801 698 1064 768 placitum
1106 713 1301 769 prunas
1340 696 1587 762 dantem,
1645 696 1733 754 sic
1774 704 1833 753 et
1897 696 1991 752 isti

401 788 665 844 miseram
694 788 934 843 animam
966 800 1115 843 nunc
1167 788 1238 843 ab
1289 787 1515 844 homine
1568 786 1626 842 in
1676 787 1991 851 hominem,

403 892 552 932 nunc
583 886 639 933 et
671 879 729 934 in
763 877 958 935 bellum
991 885 1089 934 aut
1126 877 1284 934 cauis
1305 887 1400 933 aut
1421 877 1700 949 serpentis
1726 883 1823 932 aut
1850 876 1989 943 avis,

402 968 607 1029 deinde
649 971 708 1026 in
752 971 923 1041 piscis
958 978 1056 1025 aut
1093 967 1309 1025 arboris
1350 984 1556 1041 corpus
1608 967 1991 1032 imminentes,

406 1048 709 1119 secundum
735 1062 984 1133 ipsorum
1006 1062 1359 1118 arbitrariam
1380 1069 1435 1118 et
1456 1065 1591 1133 jugo
1616 1059 1996 1130 impatientem

336 1217 353 1235 ο
407 1162 646 1209 mentem
704 1169 929 1210 rursum
983 1154 1040 1209 in
1094 1153 1375 1210 hominem
1428 1152 1830 1224 redintegrant.
1882 1149 1997 1205 Nec

405 1244 575 1299 semel
614 1244 863 1301 eamdem
894 1244 952 1300 in
995 1245 1213 1315 singula
1248 1244 1520 1300 dictorum
1555 1241 1877 1297 animalium
1913 1240 1997 1295 in-

404 1338 612 1391 ducunt
660 1337 935 1405 animam,
987 1337 1083 1392 sed
1125 1336 1425 1402 multoties,
1479 1334 1725 1407 quandiu
1770 1343 1999 1389 metem.

405 1427 697 1498 psychosis
721 1429 881 1501 jubet
917 1429 1094 1487 orbis.
1114 1428 1415 1499 Quousque
1437 1425 1744 1485 delirabitis
1769 1436 1825 1483 et
1857 1440 1999 1481 vana

406 1518 752 1593 loquemini?
797 1519 1101 1592 Quousque
1121 1517 1449 1591 judicabitis
1477 1526 1532 1577 et
1560 1514 2000 1574 condemnabitis

407 1610 675 1677 animam,
723 1611 779 1666 in
821 1606 1033 1669 bestias
1072 1619 1127 1667 et
1173 1611 1404 1667 arbores
1440 1616 1497 1666 et
1542 1624 1674 1666 aves
1714 1617 1771 1665 et
1817 1606 2000 1680 pisces

406 1698 691 1772 cjicientes
728 1701 888 1759 eam?
933 1700 1047 1775 Ego
1083 1718 1235 1772 vero,
1285 1704 1378 1758 ait
1394 1702 1511 1759 veri
1540 1703 1754 1760 amicus
1794 1717 1998 1771 sermo,

408 1808 695 1865 nunquam
731 1790 844 1850 vidi
888 1793 1128 1850 belluam
1174 1790 1477 1864 sapientem
1523 1793 1689 1851 verba
1718 1793 2001 1866 proferen-

409 1892 543 1949 tem,
601 1901 706 1942 nec
746 1883 999 1942 arborem
1056 1884 1375 1956 loquentem
1436 1880 1661 1954 audivi;
1718 1885 1997 1958 garrulam

411 1970 689 2029 cornicem
742 1972 1179 2030 corniculantem
1203 1970 1318 2030 vidi
1353 1990 1465 2030 non
1496 1976 1999 2048 philosophantem,

411 2080 739 2137 semperque
796 2065 983 2139 pisces
1036 2078 1219 2125 mutos
1270 2075 1689 2125 transnatantes
1749 2067 2002 2125 videmus

410 2154 637 2210 undam.

411 2246 482 2304 μ
516 2246 670 2312 Quod
682 2238 685 2241 ’
708 2249 755 2302 si
782 2260 1048 2320 postrema
1086 2260 1165 2307 est
1190 2250 1383 2306 animm
1417 2262 1592 2322 puella,
1624 2258 1734 2308 etc.

483 2334 758 2396 Absurdis
790 2341 859 2397 de
897 2340 1080 2397 anima
1120 2340 1286 2398 dictis
1318 2341 1365 2398 si
1398 2338 1639 2397 addatur
1672 2341 1853 2398 adhuc
1882 2356 2002 2414 pa:-

412 2442 543 2483 uam
579 2428 649 2484 ad
685 2439 993 2487 extremum
1039 2430 1206 2505 impie
1254 2431 1503 2490 viventes
1548 2449 1810 2501 manere,
1858 2434 2005 2491 sicut

415 2522 510 2578 isti
542 2521 757 2591 dicunt,
789 2525 986 2583 insana
1027 2524 1226 2583 horum
1255 2522 1573 2599 injustaque
1628 2536 1759 2584 sunt
1787 2527 2004 2598 vitupe-

414 2613 558 2670 ratio
590 2626 646 2671 et
677 2613 985 2687 judicium;
1018 2618 1221 2674 etenim
1245 2618 1302 2673 iu
1328 2619 1712 2690 incorporeum
1745 2616 2002 2674 animad-

415 2711 665 2759 vertatur
695 2706 961 2775 animam,
1013 2709 1217 2764 mirum
1258 2706 1507 2780 proiecto
1539 2711 1860 2782 :quomodo
1881 2725 2006 2781 qua

416 2809 543 2850 cum
577 2810 812 2868 corpore
835 2796 1002 2871 impie
1028 2797 1141 2871 egit
1174 2799 1323 2854 nuda
1351 2815 1546 2871 poenas
1578 2798 1730 2864 luet?
1787 2801 1845 2858 Si
1878 2817 2008 2858 vero

416 2902 547 2942 cum
566 2902 759 2954 carne,
776 2903 900 2946 cum
933 2905 1065 2962 qua,
1093 2890 1355 2957 hominis,
1379 2890 1594 2957 bellum,
1619 2891 1868 2963 pecudis,
1892 2908 2011 2950 ser-

418 2978 600 3048 pentis
646 2986 743 3035 aut
788 2981 907 3038 avis
950 2989 1046 3037 aut
1086 2982 1279 3055 piscis,
1327 2993 1425 3039 aut
1469 2982 1688 3042 arboris
1739 2994 1835 3041 aut
1872 2982 2009 3059 ligni

418 3069 671 3126 tradetur
704 3071 831 3143 igne
850 3073 1164 3143 punienda?
1194 3064 1413 3131 Insania
1434 3074 1447 3130 i
1470 3076 1533 3129 Et
1553 3075 1701 3133 aliud
1730 3076 1864 3132 citat
1895 3093 2011 3132 ma-

418 3161 571 3216 xime
604 3160 921 3218 mirandum
950 3162 1006 3218 in
1031 3163 1204 3221 dictis
1242 3183 1256 3221 :
1303 3182 1504 3239 nempe
1530 3164 1676 3238 quod
1720 3176 1802 3223 tot
1847 3168 2012 3242 ligata

420 3248 553 3332 fatis
582 3251 720 3309 dicit
748 3252 934 3309 anima
973 3272 986 3310 :
1020 3254 1091 3313 ab
1124 3255 1411 3314 hominum
1444 3259 1774 3332 corporibus
1806 3261 1863 3317 iu
1900 3263 2009 3317 alia

417 3328 667 3388 virorum
698 3348 797 3390 seu
825 3335 1143 3401 mulierum,
1175 3345 1228 3392 ει
1256 3350 1455 3396 ιίιτειις
1486 3355 1518 3394 3
1545 3328 1857 3399 'mulierum
1883 3359 2007 3403 cor-

418 3424 649 3496 poribus
685 3425 742 3483 in
781 3429 911 3494 alia,
937 3437 993 3485 et
1029 3428 1162 3485 inde
1188 3429 1247 3486 in
1276 3431 1556 3489 variorum
1600 3434 1920 3491 animalium
1956 3442 2010 3492 et

423 3519 742 3590 plantarum
767 3534 856 3577 me
877 3518 1066 3593 ligasti
1084 3534 1339 3593 corpora,
1358 3525 1433 3580 ita
1451 3534 1511 3580 ut
1528 3524 1701 3581 multa
1719 3542 1807 3583 me
1828 3528 2007 3584 scieno

443 3618 552 3664 tem
578 3617 632 3666 et
647 3611 700 3665 in
718 3613 1057 3682 experientia
1074 3616 1435 3672 constitutam
1453 3616 1818 3674 mutationum
1834 3622 1890 3675 et
1912 3633 2006 3682 ca-

430 3709 687 3756 tenarum
724 3701 868 3758 serie
909 3703 1182 3773 involvas,
1225 3707 1421 3776 miror,
1465 3708 1664 3779 inquit,
1712 3708 2005 3767 vehemen-

424 3796 537 3846 ter.
591 3789 887 3858 Quomodo
940 3806 974 3849 e
1021 3806 1144 3851 mea
1190 3796 1396 3852 excidit
1446 3796 1709 3856 memoria
1752 3799 1888 3858 illud
1918 3819 2015 3862 so-

426 3885 563 3950 lum,
606 3882 829 3941 scilicet
863 3898 1034 3942 nosse
1082 3898 1113 3942 e
1171 3898 1279 3958 qua
1329 3886 1472 3958 pelle
1528 3899 1625 3946 aut
1680 3906 1914 3965 corpore
1956 3892 2013 3953 in

426 3974 485 4031 id
513 3976 571 4032 in
608 3989 719 4048 quo
752 3992 903 4035 nunc
943 3979 1106 4050 jaceo
1141 3978 1379 4037 deveni?
1433 3981 1491 4037 In
1525 3983 1727 4055 quibus
1773 3988 2012 4058 primum

427 4076 648 4125 mortua
680 4084 826 4139 sum,
857 4079 914 4129 et
936 4085 1060 4143 qum
1086 4074 1212 4128 tiam
1250 4078 1378 4145 post
1409 4074 1526 4132 haec
1553 4077 1770 4135 discere
1790 4088 2011 4153 empto.

428 4157 642 4215 Etenim
678 4168 740 4217 ut
766 4161 984 4219 videtur
1007 4170 1063 4220 et
1086 4164 1340 4233 iocosius
1355 4165 1558 4233 dicam.
1605 4181 1762 4227 meus
1798 4171 2016 4229 viuetor

427 4258 484 4306 ct
520 4250 820 4309 fabricator
862 4254 920 4309 in
953 4255 1247 4313 animabus
1292 4257 1446 4315 dives
1484 4273 1598 4314 non
1634 4268 1723 4316 est
1766 4261 1917 4317 sicut
1956 4262 2016 4319 in

430 4340 634 4407 saccis,
679 4341 807 4398 ideo
843 4351 1068 4415 propter
1095 4360 1390 4414 corporum
1432 4347 1722 4418 penuriam
1756 4349 2010 4408 diverso-

430 4446 553 4485 rum
585 4431 645 4486 in.
683 4430 886 4503 ﬁguras
916 4432 1240 4492 animalium
1264 4437 1651 4494 transfundet
1707 4438 2009 4498 Deliriuml

428 4519 584 4578 Eheu
608 4523 624 4577 ι
658 4521 946 4580 Aberratio
969 4525 1154 4596 longa,
1188 4528 1467 4599 propriam
1493 4528 1661 4583 vitam
1685 4544 1794 4585 non
1818 4546 2019 4604 cogno-

432 4614 618 4670 scere!
668 4612 815 4670 Sane
854 4613 1200 4675 iucredibilis
1244 4618 1365 4674 hac
1412 4617 1708 4675 oblivionis
1755 4622 2015 4694 abyssus,

432 4716 562 4762 cum
587 4701 657 4763 de
680 4704 858 4778 prima
896 4707 955 4764 in
997 4709 1207 4766 mundo
1251 4709 1591 4769 habitatione
1625 4727 1790 4785 quam
1826 4715 2023 4773 habuit

431 4796 648 4855 nullum
676 4800 958 4855 memoria;
998 4800 1290 4874 vestigium
1328 4803 1675 4875 relinquatur
1719 4806 1776 4861 in
1811 4808 2017 4866 anima.

437 4910 457 4943 ι
487 4887 749 4947 Nostrum
794 4888 1071 4965 intelligas
1105 4912 1125 4945 ›
1161 4903 1215 4950 et
1249 4908 1366 4966 seq.
1398 4893 1675 4956 Refutatis
1714 4903 2019 4971 pseudosa-

432 4982 698 5052 pientium
732 4979 978 5055 ineptiis,
1010 4984 1193 5057 inquit
1225 4986 1408 5044 divine
1462 4989 1705 5062 sapiens,
1740 4994 2022 5052 excellens

436 5071 503 5126 de
531 5072 714 5126 anima
744 5070 1070 5144 aggrediens
1100 5074 1519 5143 documentum,
1552 5088 1807 5135 nostrum
1836 5091 1891 5137 et
1928 5098 2021 5137 ve-

436 5176 560 5217 rum
603 5163 660 5217 in
706 5178 870 5221 aures
927 5172 1054 5222 tuas
1107 5167 1335 5239 excipe,
1379 5178 1438 5248 et
1487 5185 1721 5241 parvum
1769 5173 2017 5243 leporem

435 5252 872 5325 suavitatemque
901 5255 1228 5314 miscehoiu
1264 5259 1522 5329 presenti
1558 5262 1824 5319 carmine.
1861 5263 1928 5318 Et
1950 5265 2019 5322 de

431 5442 490 5485 ν.
509 5428 726 5507 άέναος,
741 5431 1202 5507 ᾁένναος,ριεενο›ς
1215 5451 1388 5507 [ηψπ
1404 5445 1802 5494 commentatus
1819 5447 1904 5496 est
1920 5438 2019 5494 Fix

434 5515 490 5555 v.
518 5501 583 5578 ρ..
600 5503 665 5578 in
703 5502 945 5578 editione
993 5500 1170 5578 Paris.
1218 5500 1478 5578 Thesauri
1509 5507 1720 5578 Steph.,
1759 5508 1894 5578 fasc.
1933 5524 2019 5577 Ill,

436 5586 492 5640 p.
523 5569 648 5643 746,
684 5572 780 5643 sed
831 5573 944 5629 sola
990 5573 1168 5643 forma
1207 5576 1404 5640 ἀέναος
1438 5589 1567 5631 vera
1606 5569 1718 5635 est.
1769 5577 1836 5633 ν.
1885 5569 2022 5635 Her;

440 5642 621 5695 ruauui
673 5640 869 5726 Opusc.
921 5640 1035 5698 vol.
1067 5642 1159 5709 νι,
1283 5645 1389 5700 287
1423 5647 1594 5714 prima
1633 5648 1842 5719 syllaba
1888 5664 2020 5719 pro-

440 5706 600 5763 ducta
627 5728 679 5765 v.
719 5712 929 5767 Smtzu.
986 5714 1056 5767 de
1087 5731 1142 5767 ν.
1215 5714 1346 5767 lom.
1384 5731 1438 5767 ι).
1484 5712 1572 5767 75.
1599 5728 1653 5767 et
1696 5720 1768 5767 ita
1807 5735 2020 5767 senmer

437 5706 679 5789 ductav.
719 5706 929 5789 Spitzu.
986 5714 1056 5770 de
1087 5706 1346 5789 v._'_llom.
1484 5712 1572 5780 75,
1599 5706 1769 5789 et'ita
1807 5706 2022 5789 semper

441 5778 701 5835 scribitur
730 5778 785 5836 in
822 5792 1011 5840 nostro
1050 5783 1240 5840 codice
1279 5778 1493 5855 quoiics
1536 5778 1695 5844 redit.
1747 5778 2022 5846 Locis'ab

1746 391 2047 453 NICETAS
2104 395 2318 454 DAYID

3569 383 3676 442 692

2088 516 2275 588 κύκλῳ
2307 512 2838 587 περιστροὸούμενον
2866 508 3192 575 κολάζεσθαι
3211 524 3226 541 ο
3263 508 3454 580 ὥσπερ
3485 501 3552 580 δὴ
3580 509 3677 564 καὶ

2092 610 2187 664 τὸν
2225 609 2501 664 Τάνταλον
2538 606 2697 662 ἄλλον
2726 603 3037 676 ⁴ἠσεϐηκότα
3078 602 3284 674 τρόπον
3304 642 3319 668 ,
3362 598 3539 666 ἄλλως
3579 602 3677 672 τὴν

2093 701 2356 773 θεήλατον
2383 697 2624 754 τιννύναι
2650 696 2809 768 δίκην
2827 713 2843 728 ·
2873 693 3019 749 οὕτω
3044 693 3141 749 καὶ
3168 686 3315 747 οὗτοι
3359 692 3459 765 τὴν
3486 691 3680 748 ἀθλίαν

2092 792 2273 864 ψυχὴν
2301 790 2361 859 ὲξ
2392 786 2684 863 ανθρώπου
2716 787 2835 841 ἔστι
2865 787 2967 855 μὲν
2996 787 3086 839 ὅτε
3111 784 3194 849 είς
3222 784 3531 857 ἄνθρωπον,
3561 782 3679 837 ἐστι

2091 886 2139 940 δ’
2163 887 2254 939 ὅτε
2282 885 2377 938 καὶ
2407 883 2489 946 εἰς
2530 881 2672 953 θῆρα
2700 880 2795 935 καὶ
2823 878 2965 933 κύνα
3005 878 3100 932 καὶ
3129 876 3255 948 ὅφιν
3280 876 3376 931 καὶ
3403 877 3483 938 εἰς
3504 875 3673 947 ὄρνιν,

2094 979 2286 1033 ἔπειτα
2303 977 2402 1032 καὶ
2423 974 2575 1046 ἰχθὺν
2595 974 2691 1028 καὶ
2715 971 2923 1043 θάμνον
2947 967 3514 1040 μετενσωματοῦντες,
3535 966 3679 1022 κατὰ

2093 1072 2189 1127 τὸν
2229 1070 2526 1139 αὐτόνομον
2579 1063 2761 1121 αὐτῶν
2795 1063 2891 1118 καὶ
2940 1060 3312 1134 κακοδαίμονα
3340 1058 3488 1125 νοῦν,
3522 1055 3680 1123 αὖθις

2096 1164 2178 1229 είς
2211 1161 2497 1234 ἄνθρωπον
2538 1157 2839 1230 μετάγουσι
2866 1171 2881 1186 ο
2927 1154 3024 1209 καὶ
3056 1152 3157 1225 ούχ
3202 1151 3355 1218 ἅπαξ
3379 1154 3479 1224 τὴν
3507 1150 3679 1221 αὐτὴν

2096 1257 2180 1319 είς
2205 1254 2435 1308 ἕκαστον
2451 1250 2563 1306 τῶν
2588 1246 2896 1322 εἰρημένων
2922 1244 3099 1313 ζώων,
3119 1241 3263 1299 ἀλλὰ
3284 1241 3379 1297 καὶ
3398 1240 3679 1307 πολλάκξ,

2100 1343 2507 1415 ὲπεισκρίνουσι
2533 1338 2736 1411 ψυχὴν,
2773 1333 2994 1392 ἐπειδὰν
3021 1336 3050 1388 ὁ
3077 1337 3179 1406 τῆς
3207 1330 3682 1404 μετεμψυχώσεως

2101 1430 2300 1507 κελεύῃ
2332 1431 2550 1496 κύκλος.
2584 1429 2768 1501 Μέχρι
2806 1425 2954 1491 τίνος
2981 1424 3253 1497 ληρήσετε
3298 1423 3393 1478 καὶ
3435 1419 3684 1493 βαττολο-

2100 1528 2337 1600 γήσετε;
2382 1525 2547 1598 μέχρι
2574 1522 2719 1587 τίνος
2751 1520 3145 1575 καταδικάσετε
3173 1517 3269 1571 καὶ
3300 1516 3684 1586 κατακρινεῖτε

2101 1622 2200 1695 τὴν
2226 1619 2428 1694 ψυχὴν,
2474 1619 2556 1683 είς
2605 1616 2781 1690 θῆρας
2825 1614 2922 1668 καὶ
2968 1612 3212 1683 θάμνους
3248 1610 3344 1665 καὶ⁹
3385 1609 3562 1681 ὄρνεις
3589 1608 3687 1662 καὶ

2105 1713 2258 1786 ἰχθῦς
2288 1709 2691 1782 μεταφέροντες
2728 1706 2937 1778 abripi;
2988 1702 3132 1774 Ἐγὼ
3159 1702 3238 1769 δὲ,
3269 1700 3433 1773 φησὶν
3461 1702 3490 1754 ὁ
3522 1699 3685 1771 φιλα-

2102 1805 2274 1877 λήθης
2310 1803 2491 1873 λόγος,
2536 1798 2824 1855 οὐπώποτε
2866 1792 3006 1850 εἶδον
3046 1793 3213 1867 θηρὸς
3246 1792 3414 1862 σοφοῦ
3445 1790 3684 1862 φθεγγο-

2107 1897 2274 1969 μένου
2293 1894 2473 1963 λόγον,
2496 1891 2559 1946 ού
2580 1891 2786 1963 θάμνου
2805 1887 3074 1959 λαλούσης
3098 1886 3386 1957 ὲπακήκοα
3400 1901 3417 1914 ι
3438 1881 3687 1954 κορώνην

2101 1988 2162 2043 δὲ
2185 1985 2612 2058 λακερύζουσαν,
2639 1980 2957 2054 κρώζουσαν
2985 1975 3146 2044 εἶδον,
3174 1978 3236 2032 ού
3264 1973 3681 2047 φιλοσοφοῦσαν’

2102 2080 2194 2136 ἀεὶ
2217 2078 2274 2133 δὲ
2297 2077 2539 2140 καὶτοὺς
2561 2073 2713 2147 ἰχθῦς
2740 2071 2992 2145 ἀφώνους
3018 2073 3119 2144 τὴν
3141 2069 3314 2142 ὑγρὰν
3336 2067 3687 2131 διαπλέοντας

2102 2171 2343 2244 ὁρῶμεν.

2103 2264 2172 2319 ιι
2207 2264 2273 2316 El
2299 2256 2368 2315 δὲ
2396 2259 2498 2315 καὶ
2525 2259 2782 2326 daturin
2809 2255 3020 2327 ψυχῆς
3043 2256 3225 2322 τίσις,
3259 2253 3380 2309 κτλ.

2173 2356 2239 2411 Ei
2271 2354 2410 2426 πρὸς
2442 2353 2555 2418 τοῖς
2588 2350 2904 2424 εἰρημένοις
2946 2348 3077 2419 περὶ
3113 2346 3295 2429 ψυχῆς
3338 2344 3563 2407 ἀτόποις
3604 2340 3690 2396 ἔτι

2104 2449 2198 2502 καὶ
2221 2446 2443 2509 κόλασις
2468 2442 2698 2513 ὕστερον
2722 2442 2836 2504 τοῖς
2865 2436 3078 2501 ἀσεϐῶς
3107 2433 3447 2507 βιοτεύσασιν
3474 2431 3693 2485 ἀπόκει-

2103 2558 2215 2607 ται,
2243 2537 2319 2602 ὡς
2351 2533 2551 2590 ἐκεῖνοί
2600 2549 2788 2603 φασιν,
2826 2531 3057 2602 μάταιος
3088 2527 3293 2581 τούτων
3325 2526 3421 2580 καὶ
3452 2524 3636 2589 ἄδικος
3660 2525 3692 2579 6

2106 2629 2337 2702 ὲλεγμδς
2376 2628 2472 2682 καὶ
2500 2626 2535 2698 ἡ
2567 2624 2892 2696 κατάκρισις
2912 2639 2927 2653 ·
2971 2622 3024 2675 εἰ
3061 2620 3161 2692 μὲν
3188 2618 3300 2690 γὰρ
3338 2617 3413 2682 ὡς
3443 2617 3691 2688 ἀσάρκου

2107 2721 2446 2793 καταδράμοι
2493 2718 2596 2788 τῆς
2647 2715 2828 2788 ψυχῆς
2852 2755 2869 2779 ,
2921 2712 3235 2784 θαυμαστὸν
3278 2710 3343 2764 ἂν
3376 2709 3462 2781 εἴη
3491 2708 3651 2763 τοῦτο
3674 2724 3690 2739 ·

2108 2812 2227 2880 πῶς
2282 2810 2420 2883 μετὰ
2471 2807 2723 2879 σώματος
2767 2805 2909 2878 αὑτὴ
2941 2804 3285 2876 ἁσεῦήσασα,
3318 2801 3499 2871 γυμνὴ
3534 2798 3696 2863 δίκας

2108 2902 2488 2966 ἁποτίννυσιν;
2535 2900 2585 2953 ei
2628 2897 2687 2951 δὲ
2728 2894 2868 2968 μετὰ
2914 2891 3150 2966 σαρκὸς,
3200 2892 3299 2963 τῆς
3344 2890 3542 2955 using;
3588 2889 3693 2958 τῆς

2111 2994 2497 3067 ἁνθρωπίνηςς
2551 2991 2650 3063 τῆς
2682 2986 3026 3060 θηριώδουςὶ
3076 2980 3179 3056 τῆς
3206 2981 3546 3054 κτηνώδους;
3591 2981 3694 3051 τῆς

2111 3085 2376 3157 ὀφιώδους
2411 3084 2447 3155 ἢ
2486 3083 2588 3155 τῆς
2617 3079 2915 3153 ὀρνεὼδους
2950 3073 3359 3163 καλκίχθυῖκῆκ
3397 3074 3433 3146 ἢ
3466 3074 3565 3145 τῆς
3600 3072 3698 3163 θα-

2116 3177 2360 3250 μνὼδους
2402 3176 2498 3230 καὶ
2544 3170 2812 3239 ξυλώδους
2862 3162 3297 3241 παραδοθήσεται
3336 3162 3697 3237 τιμωρεῖσθαι

2114 3270 2194 3342 τῷ
2224 3266 2397 3342 πυρί;
2441 3267 2542 3337 τῆς
2574 3263 2961 3337 ματαιότητος.
3005 3261 3118 3315 Καὶ
3145 3259 3275 3316 ἄλλο
3313 3258 3372 3312 δέ
3414 3274 3551 3330 φησι
3598 3255 3700 3328 pi-

2115 3377 2302 3432 γιστον
2352 3358 2540 3429 θαῦμα
2594 3357 2731 3429 πρὸς
2783 3357 2893 3420 τοῖς
2940 3353 3270 3427 εἰρημένοις.
3328 3350 3452 3403 Ὅτι
3507 3347 3616 3420 γὰρ
3663 3347 3698 3416 ὴ

2116 3453 2408 3518 πολύδετος
2448 3446 2596 3522 ψυχὴ
2616 3488 2632 3514 ,
2672 3448 2845 3518 λέγει,
2890 3446 2953 3514 ἐξ
2990 3443 3245 3519 ἀνδρῴων
3292 3441 3562 3513 σωμάτων
3615 3441 3700 3502 εἰς

2114 3542 2334 3616 avsan
2361 3543 2396 3615 ἢ
2418 3543 2515 3597 καλ⁸
2538 3542 2850 3613 γυναικεῖα,
2881 3539 2976 3595 καὶ
2997 3533 3096 3591 αὗθ
3106 3553 3153 3600 ις
3183 3536 3247 3588 ὲκ
3272 3531 3596 3602 γυναικείων
3617 3530 3699 3591 εἰς

2118 3637 2378 3708 ἑκάτερα,
2413 3634 2509 3689 καὶ
2546 3636 2613 3689 ὲκ
2638 3632 2845 3688 τούτων
2874 3632 2954 3694 είς
2983 3627 3254 3699 διαφόρων
3285 3622 3440 3690 ζώων
3477 3622 3575 3676 καὶ
3603 3636 3702 3689 τυ-

2117 3728 2227 3783 τῶν
2254 3727 2552 3799 συνέδησας
2586 3723 2820 3797 σώματα
2842 3761 2858 3789 ,
2907 3721 3049 3775 ὥστε
3088 3717 3297 3773 πολλῶν
3345 3733 3413 3789 με
3451 3714 3703 3785 γνώστην

2121 3820 2464 3893 πραγμάτων
2497 3818 2595 3873 καὶ
2638 3816 2978 3888 ἐπιστήμονα
3006 3812 3346 3882 καταστῆσαι
3382 3811 3505 3872 ταῖς
3540 3824 3705 3880 μετα-

2121 3912 2304 3974 ϐολαῖς
2335 3911 2433 3965 καὶ
2459 3910 2572 3969 τοῖς
2598 3908 2838 3978 δεσμοῖς,
2868 3904 3106 3975 ἄγαμαι,
3136 3901 3293 3973 φησὶ,
3331 3899 3559 3969 σφόδρα,
3586 3897 3705 3960 πῶς

2118 4003 2280 4059 τοῦτο
2302 4002 2462 4075 μόνον
2482 4001 2581 4066 τὰς
2603 4000 2746 4072 ἐμὰς
2766 3996 3137 4071 παρεληλύθει
3166 3995 3389 4066 φρένας,
3422 3993 3485 4047 τὸ
3505 3992 3705 4046 εἰδέναι

2122 4093 2183 4160 ἐξ
2214 4091 2407 4156 ὁποίας
2435 4091 2616 4163 δορᾶς,
2647 4090 2767 4160 ἦτοι
2799 4088 3073 4158 σώματος,
3103 4087 3182 4149 εἰς
3211 4084 3351 4150 τόδε,
3377 4083 3406 4136 ὃ
3433 4082 3529 4137 νῦν
3558 4081 3709 4151 περί·

2122 4198 2315 4255 κειμαι
2340 4221 2357 4249 ,
2405 4164 2709 4255 μετῆλθον⁹
2762 4182 2823 4235 ἐν
2853 4180 3045 4242 πόσοις
3089 4177 3147 4231 δὲ
3185 4175 3452 4249 πρότερον
3485 4190 3709 4246 προετε-

2123 4276 2365 4348 θνήκειν,
2402 4274 2500 4328 καὶ
2543 4272 2627 4336 τίς
2675 4269 2741 4325 ἂν
2783 4269 3046 4342 γενοίμην
3095 4266 3235 4340 μετὰ
3281 4266 3476 4331 ταῦτα,
3515 4264 3708 4335 μαθεῖν

2124 4367 2342 4437 ἐδίψων.
2382 4366 2473 4431 Ὠς
2497 4365 2606 4439 γὰρ
2634 4365 2833 4432 ἔοικεν,
2862 4363 2930 4418 ἵν’
2950 4363 3092 4417 εῐπω
3119 4362 3214 4417 καὶ
3239 4359 3485 4429 γελοίως,
3516 4359 3545 4411 ὁ
3576 4354 3711 4427 ἐμὸς

2122 4455 2286 4528 δέτης
2307 4457 2403 4511 καὶ
2431 4458 2696 4529 πλάστης,
2723 4456 2822 4527 οὐχ
2853 4454 3043 4528 ὥσπερ
3077 4455 3191 4516 τοῖς
3215 4451 3489 4513 θυλάκοις,
3531 4447 3711 4510 οὕτως

2112 4548 2379 4603 ’ἐπλούτει
2404 4550 2500 4603 καὶ
2529 4550 2749 4619 ψυχαῖς,
2773 4548 2842 4602 δι’
2876 4547 2906 4600 ὃ
2943 4546 3054 4600 τῶν
3084 4543 3355 4616 σωμάτων
3388 4539 3587 4595 σπάνει
3626 4539 3710 4602 εἰς

2125 4641 2433 4696 ἀλλοκότων
2457 4640 2615 4705 ζώων
2647 4639 3051 4712 μεταγγίζομαι
3078 4635 3291 4710 μορφάς
3310 4651 3324 4665 ο
3354 4635 3454 4706 τῆς
3487 4630 3709 4705 μανίας.

2126 4730 2275 4808 Ἆρα
2311 4732 2472 4788 τοῦτο
2534 4735 2743 4806 μικρᾶς
2776 4730 2988 4803 πλάνης
3014 4770 3031 4799 ,
3082 4730 3146 4784 τὺ
3194 4728 3295 4800 τὴν
3337 4727 3477 4782 ἰδίαν
3522 4727 3715 4799 βίωσιν

2124 4825 2377 4894 ἀγνοεῖν;
2418 4825 2591 4889 ὅντως
2629 4823 2993 4896 ὕπερϐολικῆς
3026 4821 3187 4877 τοῦτο
3228 4820 3400 4893 λήθης
3435 4819 3616 4891 βυθὸς,
3652 4819 3717 4872 τὸ

2124 4924 2231 4995 τῆς
2269 4922 2544 4996 προτέρας
2572 4924 2633 4978 ὲν
2661 4922 2852 4994 κόσμῳ
2883 4920 3179 4983 πολιτείας,
3206 4914 3276 4991 ἧς
3308 4917 3715 4981 ἐπολιτεύσατο,

2131 5016 2269 5089 μηδὲ
2294 5016 2357 5069 τδ
2380 5016 2545 5086 τυχὸν
2568 5014 2714 5086 ἴχνος
2739 5014 2961 5086 μνήμης
2986 5010 3435 5081 ἑναπολελεῖφθαι
3456 5012 3526 5081 τῇ
3546 5008 3715 5079 ψυχῇ.

2134 5128 2153 5161 ι
2196 5108 2494 5179 Ἠμέτερον
2536 5107 2584 5162 δ’
2611 5108 2770 5171 dicte,
2808 5124 2828 5158 ι
2876 5122 2933 5159 κ.
2964 5104 3042 5171 ἐξ.
3090 5102 3505 5174 Ἀπορραπίσας
3530 5105 3560 5155 ὁ
3603 5101 3720 5154 θεύ-

2129 5214 2291 5267 σοφος
2332 5197 2433 5262 τὰς
2482 5198 2592 5253 τῶν
2634 5197 2984 5268 ψευδοσόφων
3028 5194 3357 5267 φληναφίας·
3417 5190 3720 5257 Ἐντεῦθεν,

2126 5289 2282 5361 φησὶ,
2313 5289 2414 5360 τὴν
2441 5290 2571 5361 περὶ
2597 5288 2777 5361 ψυχῆς
2804 5289 3034 5364 ἀρίστην
3056 5287 3279 5359 διδαχὴν
3299 5287 3400 5357 τὴν
3420 5285 3602 5358 ἀληθῆ
3630 5290 3724 5341 καὶ

2127 5446 2249 5502 aliis
2271 5446 2510 5502 laudatis
2535 5446 2673 5501 adde
2702 5444 3018 5501 Manethon.
3051 5443 3258 5513 Apatel.
3281 5459 3318 5503 I.
3345 5443 3472 5502 207.
3503 5442 3719 5496 Authol.

2128 5516 2311 5571 Palat.
2337 5516 2448 5580 1,1,
2479 5516 2568 5581 i9,
2598 5517 2649 5570 l.
2679 5514 2875 5571 Forma
2907 5522 3192 5570 contracta
3221 5514 3418 5575 ἀείνως
3448 5528 3720 5582 nusquam

2129 5588 2435 5635 reperitur:
2474 5585 2705 5635 formam
2763 5585 2994 5635 ἀένναοε
3025 5587 3190 5635 etiam
3260 5599 3363 5635 (tuo
3396 5590 3526 5635 nuto
3553 5582 3721 5635 libl'av

2129 5588 2436 5667 reperitur;
2474 5585 2705 5668 fortnam
2763 5585 2994 5666 ἀένναος
3025 5587 3190 5641 etiam
3260 5599 3363 5706 oio
3396 5590 3526 5651 puto
3553 5583 3721 5636 libra-

2128 5656 2716 5730 rns_deberi;i_egt_tur
2742 5664 2908 5730 etiam
2934 5653 3306 5730 AapudXenop
3348 5661 3529 5730 putem
3572 5649 3723 5730 l._1)e

2131 5724 2315 5789 redit.,
2367 5741 2441 5784 ιν.
2482 5720 2596 5789 l7,'
2622 5726 2742 5781 loco
2787 5740 2819 5778 a
2856 5720 3194 5782 Schneidero
3237 5720 3482 5788 laudato,
3531 5720 3627 5779 scd
3663 5720 3717 5775 iu

2139 5795 2406 5851 Thesauro
2435 5795 2625 5867 Steph.
2655 5795 3046 5866 praetermisso.
