3980 6400
417 408 528 465 695

427 521 707 596 ἡμετέραν
733 523 1044 594 ἀναλαϐὼν,
1078 531 1197 594 ταῖς
1234 531 1356 596 σαῖς
1381 533 1644 590 ἐναπόθου
1678 537 1890 605 ἀκοαῖς,
1927 556 2021 611 μι-

424 616 569 686 κράν
595 615 657 669 δέ
685 617 880 689 τέρψιν
911 620 1006 674 καὶ
1044 619 1282 693 ἠδύτητα
1307 625 1372 696 τῇ
1404 624 1655 698 παρούσῃ
1685 631 2026 702 προσαναμί-

1416 419 1488 475 IN
1521 420 1837 479 CARMINA
1866 423 2154 482 ARCANA

2218 426 2277 482 3.
2351 423 2709 486 GREGORII.
3614 426 3719 484 694

2131 541 2316 597 anima
2364 543 2630 615 hymnum
2669 545 2766 597 aut
2816 539 3152 614 theologiam
3195 555 3307 596 non
3355 537 3713 610 iniucundam

2134 631 2203 689 iis
2237 634 2331 704 qui
2355 633 2654 704 prudenter
2683 630 2995 702 intelligere
3029 632 3242 695 volunt,
3277 643 3638 700 exponemus.

417 704 582 776 ξομεν
603 705 716 781 ᾤδῇ
739 726 752 740 ⁸
787 711 884 764 καὶ
911 713 1012 782 τὴν
1045 713 1174 788 περὶ
1228 713 1410 786 ψυχῆς
1444 717 1772 790 ὑμνολογίαν
1826 721 1860 793 ἢ
1915 722 2198 794 θεολογίαν
2257 726 2359 780 οὐκ
2391 725 2532 796 ἀηδῆ
2561 729 2674 789 τοῖς
2713 722 2951 787 συνετῶς
2983 724 3201 777 ἐπαΐειν
3235 721 3478 776 ἐθέλουσι
3531 737 3713 792 παρα-

415 801 484 873 θη
494 799 726 870 σύμεθα.
1827 833 1839 844 .

417 980 490 1038 55
516 975 629 1038 Ἦν
661 993 829 1046 ποτε,
857 974 938 1052 ἦν
961 978 1062 1036 ὅτε
1098 981 1334 1054 κόσμον
1377 984 1647 1122 ἐπήξιῖτῗ
1690 990 1804 1076 »τοῦ
1831 991 2013 1114 dog-oc

1171 1083 1174 1086 ~
1586 1076 1623 1112 a
1647 1073 1788 1122 πυς,
1822 1078 1888 1114 κτ
1927 1099 1942 1114 .

1171 1083 1174 1086 ~
1554 1073 1576 1132 ι
1586 1073 1788 1130 αιπυς,
1822 1073 1942 1114 κτλ.

495 1185 739 1241 Ἀνωθεν
779 1187 871 1241 τὸν
907 1187 1036 1258 περὶ
1065 1185 1247 1260 ψυχῆς
1277 1189 1436 1260 λόγον
1470 1191 1566 1245 ἀπ’
1598 1193 1773 1264 ἀρχῆς
1801 1195 1899 1264 τῆς
1925 1193 2020 1248 τοῦ

421 1279 630 1350 κόσμου
669 1279 940 1349 γενέσεως
979 1281 1009 1333 6
1062 1280 1206 1346 θεῖος
1229 1283 1634 1355 ἀναλαϐόμενος
1673 1286 2019 1358 ἱεροφάντης,

417 1364 489 1440 ἦν
516 1386 681 1434 ποτε,
728 1364 803 1441 ἦν
839 1372 951 1436 ὅτε,
984 1372 1180 1442 φησὶν,
1215 1374 1245 1425 ὁ
1284 1373 1508 1444 ὕψιστος
1541 1375 1634 1430 τοῦ
1681 1376 1899 1448 πρώτου
1925 1377 2017 1430 νοῦ

422 1461 607 1531 λόγος,
635 1461 715 1533 τῷ
743 1462 994 1534 πατρικῷ
1031 1462 1334 1536 βουλήματι
1362 1467 1456 1520 τὸν
1502 1467 1623 1522 ὅλον
1671 1469 1884 1522 τουτονὶ
1926 1469 2017 1522 κό-

423 1570 560 1625 σμον
600 1555 910 1628 ὑπέστησεν
936 1558 1001 1611 ἐκ
1028 1558 1103 1630 μὴ
1134 1558 1304 1614 ὄντων
1328 1561 1410 1624 εἰς
1432 1560 1493 1614 τὸ
1521 1557 1680 1615 εἶναι’
1701 1558 1855 1617 εἶπεν
1884 1562 2014 1634 γὰρ,

423 1649 518 1704 καὶ
546 1651 646 1704 ὅσα
677 1651 772 1705 καὶ
800 1647 891 1705 οἷα
934 1652 1207 1723 ἠθέλησεν
1238 1655 1516 1727 παρήχθη.
1557 1657 1645 1722 Ὠς
1685 1653 1778 1712 οῦν
1801 1658 2018 1713 ἅπαντα

423 1743 660 1815 πρῶτον,
681 1743 932 1816 οὐρανὸς,
959 1745 1052 1814 γῆ,
1081 1744 1327 1800 θάλασσα
1361 1747 1457 1800 καὶ
1480 1747 1550 1802 τὰ
1579 1751 1636 1802 ὲν
1671 1749 1853 1813 αὐτοῖς
1883 1749 2017 1802 into-

424 1837 626 1892 στάντα
652 1838 733 1901 είς
769 1837 866 1890 ἕνα
898 1837 1107 1911 κόσμον
1131 1840 1506 1910 συνεκέκριτο,
1543 1841 1792 1913 ἐζητεῖτο
1818 1841 1873 1896 δὲ
1907 1839 2020 1896 οἷόν

421 1947 508 1994 τις
543 1930 747 2001 κόσμος
783 1929 1065 2004 δεύτερος,
1113 1933 1214 2004 τῆς
1261 1950 1324 1986 τε
1362 1933 1570 2005 μητρὸς
1610 1934 1720 1988 τῶν
1762 1934 2018 1990 ἁπάντων

429 2021 623 2089 σοφίας
668 2022 1018 2093 ἐπιστήμων,
1065 2025 1161 2076 καὶ
1204 2023 1314 2078 τῶν
1355 2025 1572 2095 ὁρατῶν
1617 2024 1712 2078 καὶ
1758 2026 2020 2094 ἐπιγείων

429 2112 683 2166 ἁπάντων
717 2112 839 2166 κατ’
873 2115 1058 2167 εἰκόνα
1083 2115 1179 2168 τοῦ
1208 2115 1429 2170 κτίστου
1462 2116 1705 2188 θεοειδὴς
1729 2116 2014 2187 βασιλεύς·

421 2205 493 2259 δι’
518 2205 547 2258 ὃ
571 2205 719 2274 λέγει
745 2244 759 2269 ,
806 2225 826 2257 ι
873 2206 1014 2277 Ἤδη
1055 2207 1154 2278 μὲν
1185 2208 1440 2280 καθαροὶ,
1464 2227 1482 2258 ο
1537 2210 1632 2263 καὶ
1661 2208 1730 2262 τὰ
1761 2209 1889 2280 ἑξῆς
1912 2252 1926 2265 .
1952 2211 2018 2263 Οί

426 2298 525 2369 μὲν
551 2298 782 2368 καθαροὶ
812 2299 906 2352 καὶ
941 2298 1201 2354 ἀθάνατοι
1228 2299 1338 2353 τῶν
1368 2299 1590 2371 ἀγαθῶν
1621 2301 1870 2371 ἀγγέλων
1900 2301 2019 2355 διά-

425 2407 614 2459 κοσμοι
635 2430 651 2455 ,
694 2390 790 2444 τὸν
817 2391 1070 2463 οὐράνιον
1101 2392 1452 2463 διαλαχόντες
1485 2393 1698 2464 χῶρον,
1757 2393 1849 2465 τὴν
1879 2395 2020 2466 ἐμὴν

420 2482 578 2548 δόξαν
615 2483 906 2547 διαιωνίως
956 2483 1251 2554 μέλποντες
1291 2485 1581 2556 ὑμνοῦσινο
1635 2487 1706 2556 γῆ
1757 2485 1816 2539 δὲ
1865 2487 2021 2540 καὶὸ

421 2575 750 2646 φαινόμενος
797 2575 918 2639 ὅλος
957 2576 1141 2629 οὑτοσὶ
1175 2578 1380 2646 κόσμος
1429 2578 1544 2641 τοῖς
1588 2577 1805 2646 ἀλόγοις
1852 2577 2022 2643 ζώοις

423 2665 516 2718 καὶ
541 2667 663 2728 ταῖς
689 2667 948 2733 φυσικαῖς
975 2665 1164 2736 χάρισι
1198 2666 1306 2718 τῶν
1332 2667 1547 2736 ὁρατῶν
1581 2667 1843 2738 ἡδόμενος
1875 2668 2017 2722 καθ-

421 2753 739 2826 ωραῒζεται,
781 2753 841 2820 ἐξ
875 2755 1079 2825 ἀμφοῖν
1112 2754 1169 2808 δὲ
1200 2758 1313 2808 τοῖν
1348 2759 1550 2824 γενοῖν,
1587 2757 1874 2811 ἀθανάτων
1914 2775 2019 2828 φη-

426 2847 487 2916 μὶ
513 2847 608 2899 καὶ
634 2845 850 2917 θνητῶν
871 2886 885 2911 ,
941 2847 1062 2918 ἦτοι
1103 2847 1342 2916 λογικῶν
1385 2849 1480 2901 καὶ
1513 2848 1747 2917 ἀλόγων,
1782 2851 2022 2921 νοήμονα

428 2937 658 3009 μέτοχον
700 2939 908 3009 κόσμου
951 2938 1048 2992 τοῦ
1092 2939 1285 3010 νοητοῦ
1315 2942 1410 2993 καὶ
1443 2941 1706 3012 αἰσθητοῦ
1737 2943 1903 3014 ἤρεσέ
1930 2961 2019 3014 μοι

425 3029 708 3100 συμπῆξαι
725 3047 740 3061 ο
771 3029 962 3083 τοῦτον
993 3030 1052 3084 δὲ
1079 3025 1219 3085 εἶναι
1241 3032 1529 3104 ἄνθρωπον
1555 3033 1720 3103 μέσον
1746 3033 2019 3105 οὐρανίων

431 3121 694 3190 μεγέθους
734 3122 829 3176 καὶ
869 3122 1097 3194 χθονίων
1127 3125 1551 3195 ταπεινότητος,
1598 3127 1665 3196 τῇ
1695 3125 1885 3197 ὁράσει
1917 3126 2019 3195 μὲν

427 3212 543 3273 τοῖς
567 3213 802 3281 ὁρατοῖς,
823 3213 900 3284 τῷ
929 3212 1014 3268 νοῒ
1048 3214 1106 3268 δέ
1134 3215 1246 3278 τοῖς
1273 3217 1484 3286 νοητοῖς
1509 3215 1891 3283 ἐπιϐάλλοντα,
1923 3215 2019 3269 καὶ

430 3302 552 3364 ταῖς
583 3304 795 3374 νοεραῒς
827 3302 1082 3376 θεωρίαις
1123 3305 1656 3377 μυπαγωγοὺμενον
1688 3306 1785 3360 καὶ
1819 3307 2019 3377 τερπό-

430 3407 608 3461 μενον,
631 3393 858 3462 ἄγγελον
890 3394 1070 3460 ἀλλον,
1102 3397 1211 3450 ἀπὸ
1227 3397 1332 3468 γῆς
1381 3398 1548 3469 ἤρεσε
1585 3397 2015 3466 κατασκευάσαι,

423 3483 534 3538 τῶν
560 3485 713 3554 ἐμῶν
751 3488 1075 3560 ποιημάτων
1118 3506 1180 3542 τε
1227 3489 1322 3542 καὶ
1366 3488 1753 3562 βουλευμάτων
1801 3487 2016 3562 μύστην

425 3574 522 3627 καὶ
553 3575 838 3650 δοξαστήν.

2133 989 2206 1049 55
2235 987 2498 1043 Mundam
2531 987 2662 1044 olim
2725 987 2968 1044 condidit
2995 1001 3222 1043 summa
3255 985 3446 1040 mentis
3490 985 3720 1042 sublimo

3163 1062 3166 1065 ’
3306 1056 3568 1123 [vei-bum,
3599 1065 3710 1114 etc.

2192 1200 2238 1256 A
2273 1197 2546 1270 principio
2569 1211 2881 1254 sermonem
2913 1194 2982 1252 de
3009 1196 3220 1262 anima,
3259 1195 3330 1250 ah
3356 1195 3518 1250 initio
3550 1209 3716 1266 gene-

2123 1290 2358 1346 rationis
2388 1288 2580 1344 mundi
2623 1287 2846 1345 divinus
2882 1295 3140 1359 repetens
3177 1301 3464 1342 sacrorqu
3511 1286 3717 1342 revela-

2124 1389 2216 1437 tor
2249 1397 2264 1436 :
2294 1379 2425 1437 Erat
2445 1381 2502 1436 in
2525 1380 2820 1452 principio.
2843 1379 3043 1450 inquit,
3066 1385 3336 1435 eratcum
3377 1379 3713 1434 altissimum

2125 1475 2314 1545 primae
2358 1472 2737 1544 intelligentia:
2788 1469 3026 1527 Verbum
3075 1469 3144 1525 ad
3187 1476 3477 1541 paternam
3518 1467 3713 1522 volun-

2123 1573 2290 1620 tatem
2338 1565 2658 1621 universum
2713 1563 2864 1618 hunc
2912 1561 3180 1616 mundum
3229 1560 3358 1616 fecit
3419 1560 3489 1616 de
3540 1558 3714 1613 nihilo

2125 1671 2486 1730 prorumpere
2513 1655 2571 1711 in
2598 1655 3018 1722 exsistentiam;
3063 1653 3204 1709 dixit
3243 1652 3470 1720 enim,et
3501 1658 3636 1722 quot
3659 1659 3714 1706 et

2124 1757 2331 1820 quanta
2392 1747 2566 1822 voluit
2631 1753 3029 1818 apparuerunt.
3131 1743 3235 1800 Ubi
3284 1743 3523 1814 primum
3581 1757 3714 1812 ergo

2122 1841 2331 1910 omnia,
2367 1840 2591 1908 cmlum,
2627 1847 2797 1906 terra,
2823 1854 2976 1895 mare
3008 1846 3064 1895 et
3093 1837 3146 1893 in
3177 1837 3266 1894 his
3293 1835 3618 1892 exsistentia
3657 1835 3712 1889 in

2125 1949 2295 1990 unum
2343 1934 2610 1990 mundum
2648 1931 2814 1988 simul
2853 1931 3031 1987 divisa
3076 1937 3229 1994 sunt,
3266 1929 3549 2000 quaerebat
3581 1942 3716 1998 quo-

2122 2025 2417 2082 dammodo
2444 2026 2570 2096 quis
2604 2024 2844 2079 mundus
2875 2023 3014 2078 alter
3038 2021 3096 2076 in
3130 2027 3307 2075 matre
3338 2019 3588 2074 omnium
3623 2033 3710 2074 sa-

2121 2119 2329 2190 pientia
2354 2119 2589 2190 peritus,
2615 2125 2673 2174 et
2705 2115 3008 2172 visibilium
3027 2121 3082 2171 et
3101 2112 3444 2169 terrestrium
3466 2111 3712 2166 omnium

2121 2223 2218 2263 rex
2249 2215 2400 2264 esset
2437 2207 2493 2266 in
2543 2205 2905 2262 similitudine
2941 2204 3035 2260 Dei
3079 2203 3376 2266 exsistens,
3419 2202 3475 2257 in
3518 2201 3714 2256 simili-

2124 2302 2311 2358 tudine
2337 2300 2643 2356 Creatoris.
2691 2298 2820 2355 ldeo
2861 2298 3041 2354 dicit:
3077 2317 3095 2349 ι
3149 2295 3384 2367 Jamjam
3430 2296 3552 2367 puri
3590 2314 3610 2348 ι
3658 2303 3714 2350 et

2123 2407 2240 2462 seq.
2275 2389 2343 2444 Et
2376 2390 2599 2462 quidem
2638 2390 2763 2460 puri
2807 2403 2872 2443 ac
2917 2387 3264 2444 immortales
3293 2386 3570 2441 bonorum
3617 2401 3716 2440 an~

2123 2484 2373 2555 gelorum
2411 2481 2565 2536 chori
2611 2479 2890 2536 caelestem
2935 2477 3119 2533 sortiti
3151 2478 3332 2532 locum
3376 2492 3552 2532 meam
3593 2476 3714 2547 glo-

2124 2575 2260 2629 riam
2281 2581 2600 2628 constanter
2622 2569 3012 2627 concelebrant
3039 2587 3053 2623 :
3079 2575 3226 2624 terra
3253 2583 3380 2624 vero
3402 2575 3456 2622 et
3483 2567 3717 2622 visibilis

2122 2665 2418 2720 universus
2454 2663 2609 2718 hicce
2629 2661 2868 2717 mundus
2905 2675 3124 2715 amceno
3153 2659 3221 2715 de
3259 2659 3577 2729 spectaculo
3600 2657 3717 2713 ani-

2123 2757 2394 2812 mantium
2445 2753 2906 2810 irrationabilium
2947 2759 3001 2808 et
3041 2760 3397 2807 venustatum
3455 2751 3716 2822 physica-

2123 2863 2246 2904 rum
2288 2847 2490 2919 gaudet
2531 2854 2585 2901 et
2621 2846 2890 2918 superbit.
2932 2843 3011 2899 Ex
3040 2843 3260 2900 duobus
3289 2854 3470 2899 autem
3498 2843 3713 2914 generi-

2121 2941 2250 3006 bus,
2277 2938 2667 2994 immortalium
2711 2939 2923 2994 scilicet
2953 2945 3009 2994 et
3045 2936 3388 3002 mortalium,
3422 2935 3716 2990 irrationa-

2122 3027 2318 3083 bilium
2368 3034 2425 3081 et
2493 3026 2939 3090 rationabilium,
3001 3024 3328 3094 prudentem
3387 3023 3712 3093 participem

2124 3115 2316 3172 mundi
2347 3117 2464 3172 sive
2501 3114 2808 3186 spiritualis
2840 3116 2958 3170 sive
3002 3113 3262 3169 sensibus
3295 3113 3580 3184 corporeis
3617 3111 3716 3166 ob-

2125 3209 2279 3265 noxii
2300 3209 2505 3278 tingere
2532 3207 2663 3260 mihi
2691 3207 2867 3276 placet
2896 3225 2908 3260 :
2935 3205 3153 3260 scilicet
3174 3205 3452 3260 hominem
3477 3203 3716 3259 medium

2125 3299 2592 3370 magniﬁcentiam
2621 3298 2767 3354 inter
2797 3297 3106 3355 caelestium
3146 3307 3198 3352 et
3233 3297 3585 3354 terrestrium
3624 3295 3720 3350 ab-

2118 3392 2438 3463 jectionem,
2490 3391 2645 3446 vultu
2685 3389 2909 3461 quidem
2954 3389 3289 3454 visibilibus,
3349 3389 3546 3458 spiritu
3595 3401 3722 3442 vero

2124 3483 2505 3556 spiritualibus
2535 3483 2884 3564 adiunctum,
2915 3482 3099 3553 ipsum
3129 3494 3351 3553 quoque
3378 3481 3723 3536 intellectua-

2124 3580 2269 3636 libus
2293 3579 2854 3650 contemplationihus
2879 3579 3159 3634 initiatum
3182 3586 3235 3635 et
3259 3579 3722 3650 eomplaeentem,

428 3668 678 3738 angelum
722 3671 957 3725 alterum
986 3670 1083 3743 qui
1127 3685 1296 3742 super
1331 3679 1538 3728 terram
1569 3673 1833 3746 gaudium
1869 3672 2170 3730 arbitretur
2202 3671 2318 3726 ﬁeri
2358 3685 2587 3741 operum
2616 3670 3076 3742 voluntatumque
3096 3684 3344 3726 mearum
3361 3667 3710 3726 sacerdotem

430 3773 486 3819 et
516 3762 952 3819 celebratorcm.

432 3921 498 3978 70
539 3922 641 3989 Ὥς
670 3919 764 3992 ἄρ’
797 3920 938 3992 ἔφη,
976 3922 1098 3977 κτλ.

499 4075 685 4134 Ταῦτα
717 4076 818 4147 μὲν
849 4077 880 4130 ὁ
928 4076 1261 4148 δημιουργὸς
1287 4077 1488 4147 Λόγος,
1523 4077 1586 4134 οὐ
1619 4075 1799 4144 λόγοις
1827 4092 2018 4129 ταπει-

429 4170 537 4232 νοῖς
565 4167 740 4232 οὕτως
785 4168 891 4238 ἔφη
935 4169 1028 4222 καὶ
1079 4171 1387 4240 μεριστοῖς,
1433 4169 1669 4240 νοήμασι
1707 4167 1765 4221 δὲ
1795 4166 2017 4229 ἐνιαίοις

436 4261 525 4313 καὶ
552 4261 937 4332 θεοπρεπέσιν,
959 4260 1096 4332 ὁμοῦ
1125 4279 1186 4314 τε
1221 4261 1373 4315 ταῦθ’
1408 4261 1549 4316 οὕτω
1576 4261 1710 4333 δρᾷν
1742 4259 2016 4330 ἐνενόησε,

431 4353 525 4408 καὶ
559 4354 720 4426 ἔργον
766 4354 1013 4427 παρέστη
1055 4355 1116 4406 τὸ
1155 4354 1421 4426 ἐννόημα·
1489 4355 1583 4408 καὶ
1615 4352 1767 4425 παρά
1795 4353 1893 4424 μὲν
1919 4351 2020 4423 τῆς

430 4447 623 4500 νεωστὶ⁵
647 4446 949 4517 γενομένης
993 4445 1127 4518 ὕλης
1156 4449 1268 4512 τοῖς
1297 4446 1588 4510 ἀθανάτοις
1629 4444 1794 4498 αὐτοῦ
1823 4444 2021 4499 δακτύ-

428 4537 538 4604 λοις
577 4537 771 4610 μερίδα
806 4537 964 4608 χοὸς,
1015 4537 1092 4601 ὼς
1121 4537 1284 4601 αὐτὸς
1316 4533 1480 4605 οἶδεν,
1526 4537 1867 4607 ἀνειληφὼς,
1920 4537 2022 4609 τὴν

429 4624 568 4695 ἐμὴν
594 4624 923 4678 διεπλάσατο
952 4623 1186 4696 μορφὴν,
1210 4625 1268 4678 ἐν
1294 4627 1431 4697 αὐτῇ
1458 4625 1514 4679 δὲ
1538 4627 1733 4698 μοῖραν
1758 4627 1860 4696 τῆς
1886 4627 2021 4692 ἰδίας

429 4716 757 4786 ἀποῤῥήτως
809 4715 1036 4786 ἐνέθηκε
1092 4716 1239 4787 ζωῆς
1285 4717 1475 4787 (τοῦτο
1515 4717 1624 4792 γὰρ
1673 4719 1768 4786 τὸ,
1809 4721 2020 4789 μοιρή-

428 4811 614 4876 cato)
639 4824 652 4836 '
701 4808 992 4862 ἐνέπνευσε
1021 4808 1130 4879 γὰρ
1166 4809 1415 4881 πνεῦμα,
1453 4809 1482 4862 ὃ
1509 4811 1574 4881 δὴ
1623 4811 1898 4884 ἀπόρροιά
1932 4814 2017 4876 τίς

428 4898 548 4950 ἐστι
576 4898 673 4970 τῆς
701 4899 993 4971 ἀσωμάτου
1023 4901 1277 4972 θεότητος
1309 4902 1402 4954 καὶ
1429 4901 1684 4957 ἀθεάτου.
1712 4904 1815 4958 Ἕκ
1838 4921 1897 4957 τε
1923 4899 2016 4960 οὖν

426 4988 522 5041 τοῦ
545 4989 669 5060 χοὸς
688 4990 789 5062 τῆς
812 4993 1014 5072 σαρκὸς
1037 4993 1160 5063 ἐμοὶ
1185 4993 1671 5065 σχηματισθείσης,
1695 4995 1787 5049 καὶ
1805 4995 1907 5065 τῆς
1921 4995 2019 5066 ψυ-

427 5081 528 5152 χῆς
550 5081 609 5135 δέ
649 5100 740 5153 μοι
766 5083 853 5137 διὰ
877 5085 977 5156 τῆς
1007 5084 1450 5156 παντοκράτορος
1484 5087 1800 5158 κτισθείσης
1822 5088 2014 5158 πνοῆς,

426 5173 505 5236 είς
535 5174 841 5245 ἄνθρωπον,
881 5179 1036 5248 φησὶ,
1071 5178 1169 5231 ἕνα
1197 5176 1534 5248 συνεπάγην,
1568 5177 1732 5232 εἰκὼν
1756 5178 1851 5232 τοῦ
1883 5179 2017 5234 ἀθα-

430 5264 587 5318 νάτου
614 5267 906 5338 γενόμενος
918 5269 1078 5334 Θεοῦ,
1095 5270 1173 5340 τῷ
1201 5268 1534 5341 αὐτεξουσίῳ
1561 5269 1636 5340 νῷ
1653 5271 1746 5324 καὶ
1766 5271 1980 5344 ἀρχικῷ
1997 5288 2012 5302 °

427 5355 634 5421 τούτοις
677 5359 788 5430 γὰρ
821 5362 855 5430 ἡ
895 5361 1033 5431 πρὸς
1064 5361 1157 5415 τὸν
1204 5363 1457 5433 Πλάστην
1505 5362 1763 5433 ὁμοίωσις
1796 5365 2013 5435 ὁρᾶται,

426 5449 520 5503 καὶ
553 5449 582 5502 ὀ
610 5453 669 5505 ἐν
699 5452 978 5524 ἀνθρώπῳ
1001 5454 1128 5518 νοῦς
1155 5455 1483 5526 ἀμφοτέρων
1513 5456 1613 5524 τῆς
1635 5473 1695 5509 τε
1721 5456 1900 5526 ψυχῆς
1927 5456 2017 5528 βα-

423 5542 625 5597 σιλεύει
654 5546 751 5599 καὶ⁸
783 5546 877 5600 τοῦ
909 5545 1185 5618 σώματος,
1231 5549 1298 5602 δι’
1329 5548 1358 5602 ὃ
1402 5548 1499 5602 καὶ
1523 5550 1884 5621 αὐτοκράτωρ
1908 5551 2018 5604 τῶν

422 5635 481 5688 ἐν
505 5637 639 5706 ἡμῖν
661 5638 1027 5709 ἀνηγόρευται
1052 5639 1239 5694 παθῶν
1258 5657 1271 5671 ο
1300 5640 1549 5695 ἐντεῦθεν
1574 5641 1668 5696 καί
1692 5641 1828 5713 πρὸς
1851 5643 2019 5713 ἄμφω

422 5730 550 5792 τοὺς
565 5729 714 5798 βίους
736 5730 921 5801 γήϊνον
937 5732 1032 5786 καὶ
1048 5733 1300 5802 οὐράνιον
1321 5733 1568 5802 φυσικῶς
1587 5735 1906 5806 ὲπιῤῥέπειν
1926 5753 2016 5805 μοι

421 5817 588 5884 δοκῶ,
608 5821 701 5876 τὸν
720 5821 820 5890 μὲν
839 5821 928 5874 διὰ
950 5822 1012 5877 τὸ
1042 5823 1218 5892 σῶμα,
1235 5823 1329 5876 τὸν
1348 5823 1406 5875 δέ
1424 5823 1515 5877 διά
1540 5825 1602 5878 τὸ
1617 5825 1834 5896 πνεῦμα
1858 5825 2017 5897 στέρ-

421 5931 558 5988 γων,
592 5917 688 5972 καὶ
711 5915 848 5988 πρὸς
885 5918 1121 5992 ἑκάτερα
1158 5921 1276 5983 ταῖς
1305 5916 1619 5992 ἐπιθυμίαις
1651 5920 2018 5994 διελκόμενος.

2129 3942 2197 3999 70
2229 3941 2320 3998 Sic
2342 3941 2502 4010 dixit,
2536 3954 2646 3998 etc.

2194 4075 2321 4133 Haec
2341 4077 2483 4132 dixit
2515 4077 2706 4133 mundi
2736 4076 3041 4134 fabricator
3073 4075 3314 4132 Verbum
3346 4090 3460 4130 non
3493 4074 3722 4131 vocibus

2125 4169 2328 4226 vilibus
2368 4177 2424 4224 et
2465 4168 2693 4236 divisis,
2753 4169 2855 4227 sed
2892 4169 3229 4240 cogitatione
3291 4168 3455 4222 unica
3500 4166 3723 4238 Deoque

2126 4259 2498 4331 digna,simul
2529 4266 2698 4329 atque
2726 4260 2808 4316 sic
2841 4259 3024 4315 facere
3054 4259 3337 4331 cogitavit,
3371 4269 3426 4314 et
3463 4274 3604 4330 opus
3629 4273 3722 4315 co-

2125 4352 2296 4423 gitata
2337 4351 2730 4421 manifestavit,
2751 4360 2808 4410 et
2843 4351 2913 4408 de
2947 4367 3140 4408 recens
3169 4351 3314 4405 facta
3359 4351 3589 4406 materia
3621 4350 3722 4404 im-

2129 4445 2456 4501 mortalibus
2493 4445 2700 4516 digitis,
2746 4452 2961 4516 partem
2989 4454 3174 4509 terrae,
3210 4443 3354 4500 sicut
3384 4444 3504 4514 ipse
3544 4444 3717 4510 novit,

2129 4552 2378 4604 sumens,
2411 4551 2588 4592 meam
2613 4536 2910 4606 plasmavit
2946 4536 3181 4592 formam
3204 4535 3261 4590 in
3284 4551 3460 4607 eaque
3486 4536 3722 4607 propriae

2129 4632 2254 4686 vitae
2307 4636 2520 4700 partem
2571 4644 2775 4686 arcane
2828 4628 3049 4699 posuit;
3097 4628 3202 4683 hoc
3243 4629 3392 4684 enim
3435 4646 3448 4682 :
3488 4631 3719 4698 partitus

2132 4730 2245 4786 est;
2277 4737 2517 4792 namque
2539 4721 2831 4792 inspiravit
2859 4720 3136 4792 Spiritum,
3167 4720 3264 4791 qui
3290 4720 3424 4776 inde
3449 4720 3722 4776 emanatio

2122 4813 2372 4882 quaedam
2401 4821 2485 4868 est
2511 4813 2854 4884 incorporea!
2902 4813 3309 4883 invisibilisque
3357 4811 3604 4867 deitatis.
3643 4812 3722 4868 De

2124 4912 2272 4958 terra
2314 4919 2449 4974 ergo
2495 4919 2665 4960 carne
2705 4919 2826 4960 mea
2875 4905 3051 4960 edicta
3104 4913 3160 4960 et
3219 4905 3403 4960 anima
3444 4904 3578 4958 mihi
3624 4919 3722 4974 per

2124 4995 2560 5065 omnipotentem
2599 4995 2858 5066 spiritum
2882 4996 3201 5061 constituta,
3224 4996 3392 5052 homo
3429 5011 3592 5060 unus,
3636 4994 3722 5049 in-

2123 5088 2263 5159 quit,
2305 5087 2648 5157 compositus
2669 5103 2793 5145 sum
2828 5129 2844 5156 ,
2891 5089 3074 5160 imago
3126 5087 3460 5145 immortalis
3501 5087 3597 5144 Dei
3638 5086 3721 5142 fa-

2124 5184 2268 5244 ctus,
2304 5174 2478 5232 libera
2497 5184 2552 5233 et
2597 5177 2962 5234 dominatrice
3009 5179 3393 5250 intelligentia.
3416 5177 3542 5234 istis
3572 5178 3720 5234 enim

2127 5271 2433 5328 similitudo
2457 5286 2585 5326 cum
2605 5271 2868 5327 Creatore
2885 5272 3228 5342 conspicitur
3245 5271 3394 5343 quod
3420 5275 3478 5326 in
3497 5271 3720 5324 homine

2124 5363 2481 5436 intelligentia
2511 5363 2568 5419 in
2588 5364 2778 5419 ambos
2800 5370 3011 5434 regnet,
3032 5379 3228 5434 nempe
3253 5364 3493 5419 animam
3517 5370 3570 5418 et
3591 5376 3718 5417 cor-

2125 5472 2230 5526 pus
2257 5476 2270 5512 :
2294 5456 2480 5527 itaque
2502 5457 2569 5511 de
2600 5456 2780 5525 seipsa
2812 5454 3108 5511 dominans
3143 5456 3446 5512 innostros
3484 5453 3716 5508 aﬂ‘ectus

2125 5549 2502 5605 denuntiatur.
2521 5546 2654 5603 Inde
2675 5546 2745 5602 ad
2771 5555 3064 5617 utramque
3083 5547 3253 5602 vitam
3279 5559 3443 5617 quam
3480 5545 3710 5599 sortitus

2124 5655 2272 5706 sum,
2327 5646 2650 5695 terrestrem
2685 5645 2740 5694 et
2773 5637 3052 5694 cmlestem
3088 5653 3299 5708 pronus
3329 5635 3460 5690 mihi
3494 5635 3703 5702 videor,

2125 5747 2274 5788 nunc
2324 5729 2600 5801 corporis,
2641 5746 2790 5787 nunc
2821 5729 3052 5802 spiritus
3089 5729 3255 5786 vitam
3298 5728 3488 5786 fovens
3529 5737 3583 5787 et
3643 5731 3718 5787 ad

2123 5826 2442 5883 alterutram
2469 5825 2747 5898 voluptate
2771 5830 3000 5883 tractus.
