3980 6400
343 391 449 447 695

345 519 418 576 78
453 519 603 575 Talis
643 519 749 588 fuit
781 520 1116 590 primogeniti
1139 522 1369 580 hominis
1394 525 1665 597 colligatio
1686 567 1702 593 ,
1729 535 1836 582 etc.

418 613 478 666 In
524 611 796 682 principio
822 614 981 684 primi
1017 616 1189 684 patris
1229 617 1634 689 coagmentatio
1664 633 1763 674 seu
1787 618 1934 688 plas-

350 703 519 757 matio
545 710 600 758 ct
625 704 892 759 animatio
908 705 1065 776 juxta
1089 705 1294 763 dictum
1313 709 1518 767 eﬁectae
1539 718 1670 765 sunt
1689 710 1932 777 modum;

348 801 403 848 et
434 793 505 848 ab
541 794 755 865 origine
792 794 896 851 ista
929 811 1109 866 usque
1153 795 1224 850 ad
1256 796 1440 862 ﬁnem,
1471 812 1605 854 caro
1642 813 1710 854 ex
1747 813 1934 862 carne,

349 883 534 937 anima
561 898 625 939 ex
655 884 837 938 anima
877 883 1077 949 oritur,
1115 899 1320 955 corpus
1349 884 1568 955 quidem
1607 901 1638 941 e
1671 899 1936 956 corporea

349 974 644 1030 visibiliter
658 976 1007 1031 emanatione
1022 975 1106 1040 ﬁt,
1133 977 1316 1031 anima
1334 992 1464 1032 vero
1479 976 1642 1032 modo
1659 977 1939 1048 incognito

349 1075 404 1122 ct
429 1067 692 1123 invisibili
720 1069 771 1123 in
795 1069 1048 1140 corporis
1075 1070 1392 1141 ﬁgmentum
1417 1071 1632 1126 incidit.
1653 1070 1940 1137 Quomodo

353 1159 457 1214 hoc
485 1160 567 1214 vel
592 1159 768 1214 illud?
809 1159 962 1216 Sicut
995 1162 1148 1218 solus
1181 1163 1334 1218 novit
1364 1164 1459 1236 qui
1500 1164 1738 1235 primum
1773 1164 1942 1220 aﬁixit

353 1248 586 1322 ﬁguram
622 1259 785 1308 terrae
828 1260 886 1309 et
925 1254 1178 1323 spiritum
1215 1254 1369 1311 dedit
1395 1255 1575 1310 carni.
1611 1255 1730 1310 Nisi
1759 1267 1940 1312 tamen

353 1343 502 1412 quis,
533 1343 735 1414 inquit,
775 1346 1129 1401 sermonibus
1170 1347 1528 1403 consentiens
1565 1347 1727 1413 meis,
1766 1346 1942 1401 conﬁ-

354 1434 546 1491 denter
593 1436 740 1492 hunc
776 1435 942 1491 addat
982 1453 1317 1503 sermonem,
1360 1439 1548 1494 multis
1579 1439 1660 1495 sic
1698 1439 1944 1495 docenti-

355 1525 458 1578 bus
483 1524 819 1595 obsequens,
853 1525 1100 1581 scilicet:
1128 1526 1270 1597 Ergo
1287 1537 1340 1582 et
1371 1541 1573 1596 corpus
1594 1526 1739 1596 quod
1769 1527 1945 1597 primo

357 1614 688 1682 plasmatum
711 1612 779 1669 de
809 1623 954 1669 terra
995 1621 1103 1679 est,
1139 1629 1237 1684 per
1268 1630 1460 1670 omnes
1481 1629 1548 1670 ex
1576 1615 1768 1669 ordine
1800 1629 1946 1667 mor-

357 1706 495 1763 tales
523 1705 827 1761 immistum
860 1713 1124 1776 tanquam
1154 1707 1394 1760 humana
1427 1705 1484 1759 ﬁt
1514 1705 1762 1770 ﬁuxio,et
1801 1707 1946 1760 sicut

357 1812 426 1852 ex
453 1798 560 1852 ista
587 1796 768 1868 primo
793 1797 1063 1868 plasmata
1091 1798 1278 1853 radice
1309 1812 1376 1852 ex
1409 1797 1519 1852 alio
1551 1797 1719 1851 alium
1746 1795 1948 1852 habere

1720 405 2018 464 manus
2047 404 2257 462 omo
3518 389 3620 448 696

2038 523 2110 578 '18
2142 523 2280 579 Ἤδε
2305 521 2422 592 μὲν
2455 523 2803 592 ἀρχεῖόνοιο
2828 518 3058 588 ,ϐροτοῦ
3086 516 3279 584 δέσις,
3314 516 3432 572 κτλ.

2113 617 2180 670 Ἦ
2212 615 2312 686 μὲν
2341 617 2400 669 ἐν
2432 616 2631 686 ἀρχαῖς
2651 612 2744 666 τοῦ
2769 613 3114 684 προπάτορος
3137 611 3304 674 δέσις,
3330 609 3450 680 ἦτοι
3485 606 3625 665 πλά-

2038 725 2122 772 σις
2149 709 2244 762 καὶ
2275 707 2595 779 ἐμπνευσις,
2642 706 2734 760 τὸν
2777 705 3068 777 εἰρημένον
3103 703 3463 773 διεσκευάσθη
3503 701 3628 774 τρό-

2039 815 2140 852 πον
2164 815 2176 827 ⁶
2197 797 2269 864 -ὲξ
2294 797 2511 868 ἐκείνης
2538 797 2595 850 δὲ
2618 797 2719 866 τῆς
2751 795 2930 866 ἀρχῆς
2975 796 3103 866 ἄχρι
3135 794 3323 858 τέλους
3357 792 3492 865 σὰρξ
3528 792 3628 862 μὲν

2039 892 2104 945 ὲκ
2138 890 2360 960 σαρκὸς,
2383 889 2529 961 ψυχὴ
2546 890 2602 943 δὲ
2633 889 2937 960 βλαστοῦσα
2959 890 3024 941 ὲκ
3050 887 3231 958 ψυχῆς
3249 887 3348 959 (8),
3375 887 3436 940 τὸ
3469 885 3628 957 σῶμα

2042 982 2142 1052 μὲν
2192 982 2257 1033 ἐκ
2281 979 2384 1050 τῆς
2418 980 2738 1050 σωματικῆς
2779 979 2990 1051 ῥύσεως
3035 977 3272 1049 ὁρατῶς,
3309 978 3343 1048 ἡ
3385 975 3532 1046 ψυχὴ
3572 975 3628 1028 δὲ

2041 1071 2338 1141 ἀγνώστως
2384 1071 2481 1124 καὶ
2511 1071 2762 1142 ἀοράτως
2808 1073 2874 1141 τῇ
2908 1069 3005 1123 τοῦ
3049 1068 3302 1140 σώματος
3345 1066 3631 1121 διαπλάσει

2043 1163 2420 1216 συνεισπίπτει
2437 1178 2452 1192 ο
2485 1162 2602 1225 πῶς
2625 1161 2785 1214 τοῦτο
2810 1161 2845 1233 ἢ
2880 1160 2997 1226 πῶς
3029 1162 3236 1226 ὲκεῖνο;
3263 1159 3341 1222 ὡς
3367 1159 3526 1229 μόνος
3552 1153 3630 1212 οἷ-

2041 1255 2128 1308 δεν
2149 1256 2177 1308 ὁ
2203 1253 2420 1326 πρῶτον
2442 1253 2716 1324 συνδήσας
2740 1253 2841 1324 τὴν
2859 1253 3045 1306 είκόνα
3065 1251 3144 1322 τῷ
3173 1251 3260 1322 χοῖ
3291 1253 3383 1304 καὶ
3413 1251 3634 1322 πνεῦμα

2045 1341 2380 1414 συνδεδηκὼς
2422 1345 2488 1414 τῇ
2542 1343 2746 1414 σαρκίδ
2805 1345 2855 1395 εί
2889 1344 2964 1414 μή
2996 1360 3100 1406 τις,
3138 1343 3295 1413 φησὶ,
3338 1345 3451 1406 τοῖς
3484 1345 3632 1412 ἐμοῖς

2045 1431 2363 1506 συνηγορῶν
2395 1432 2574 1502 λόγοις
2608 1433 2702 1487 καὶ
2734 1432 2924 1489 τοῦτον
2971 1433 3289 1505 θαρραλέως
3337 1433 3638 1504 προσθήσει

2043 1524 2137 1578 τὸν
2187 1525 2377 1592 λόγον,
2424 1523 2646 1588 πολλοῖς
2675 1523 2819 1578 οὕτω
2847 1523 3267 1594 δογματίζουσιν
3315 1525 3638 1595 ἑσπόμενος,

2045 1617 2122 1681 ὼς
2147 1616 2257 1689 ἄρα
2287 1618 2385 1671 καὶ
2410 1616 2472 1671 τὸ
2515 1615 2698 1687 σῶμα,
2739 1615 2802 1668 τὸ
2847 1615 3064 1686 πρῶτον
3111 1615 3351 1669 πλασθὲν
3380 1617 3489 1670 ἀπὸ
3513 1619 3637 1688 γῆς,

2049 1710 2190 1781 προς
2213 1710 2342 1772 τοὺς
2367 1709 2606 1779 καθεξῆς
2649 1707 2876 1780 βροτοὺς
2921 1709 3133 1772 πάντας
3173 1709 3639 1780 συγκιρνώμενον,

2049 1802 2238 1872 ῶσπερ
2268 1802 2541 1874 ἀνδρομέα
2569 1803 2783 1872 γίνεται
2811 1801 2993 1872 ῥύσις,
3010 1801 3104 1854 καὶ
3125 1799 3200 1863 ὡς
3229 1801 3337 1854 ἀπὸ
3364 1802 3464 1872 τῆς
3491 1819 3643 1873 πρω-

360 1887 640 1944 hominem
679 1903 747 1944 ex
777 1887 1004 1943 homine
1023 1903 1132 1944 non
1165 1895 1370 1946 cessat.
1415 1887 1680 1944 Similiter
1700 1895 1756 1944 et
1787 1901 1818 1941 a
1840 1886 1950 1943 Deo

2076 1895 2355 1950 τοπλάστου
2411 1895 2570 1967 ῥίζης
2619 1894 2836 1966 ἐκείνης
2864 1893 3052 1949 ἄλλοτε
3095 1893 3254 1947 ἄλλον
3283 1894 3481 1964 ἔχουσα
3515 1893 3644 1965 βρο-

361 1979 626 2050 inspirata
651 1981 832 2033 anima
861 1978 916 2034 in
949 1994 1182 2050 corpora
1225 1979 1505 2037 hominum
1531 1986 1739 2044 creata,
1778 1995 1954 2049 nuper

2076 1986 2144 2039 ῖὸν
2183 1987 2248 2040 ὲκ
2296 1985 2491 2058 βροτοῦ
2538 1985 2642 2039 οὐκ
2685 1985 2972 2057 ἀπολήγει.
3021 1985 3323 2054 Ἀναλόγως
3369 1985 3426 2038 δὲ
3469 1987 3645 2056 τούτῳ

362 2069 507 2126 facta
535 2077 590 2126 et
614 2071 731 2141 ipsa
767 2069 962 2127 incidit
987 2079 1042 2126 et
1065 2071 1335 2142 ingeritur
1355 2079 1410 2126 et
1430 2077 1690 2140 tanquam
1715 2086 1746 2126 e
1770 2070 1954 2125 radice

2076 2077 2146 2130 ιαὶ
2171 2079 2204 2148 ἡ
2241 2076 2393 2149 παρά
2431 2077 2568 2132 Θεοῦ
2599 2077 2925 2132 πνευσοεῖσα
2947 2078 3117 2150 ψυχὴ,
3146 2080 3267 2141 τοῖς
3298 2076 3406 2130 τῶν
3431 2076 3646 2150 ἀνθρὼ-

362 2161 552 2231 ρτίηιω
592 2162 893 2218 creationis
932 2161 1100 2232 hujus
1147 2163 1202 2216 in
1237 2161 1434 2218 multas
1469 2171 1522 2216 et
1564 2176 1735 2218 novas
1769 2161 1952 2216 multi-

2076 2185 2174 2222 των
2211 2168 2427 2240 σώμασι
2483 2170 2905 2240 πλαττομένοις,
2962 2165 3053 2224 οἷα
3097 2169 3521 2240 ἀρτιγέννητος,
3555 2168 3648 2223 καὶ

366 2255 602 2324 plicatur
621 2265 677 2310 et
711 2255 766 2309 in
803 2255 1062 2310 mortalia
1097 2262 1151 2310 et
1187 2253 1389 2310 similis
1419 2262 1682 2324 aspectus
1721 2267 1954 2322 corpora

2076 2260 2198 2330 ιύτὴ
2248 2261 2627 2315 συνεισπίπτει
2676 2262 2772 2316 καὶ
2818 2261 3164 2327 συνεξανθεῖ,
3217 2260 3313 2314 καὶ
3363 2259 3551 2330 ὥσπερ
3585 2261 3650 2313 ὲκ

367 2346 634 2402 dividitur
665 2348 968 2404 secundum
1010 2348 1346 2402 voluntatem
1375 2355 1430 2402 et
1458 2345 1762 2402 efﬁcaciam
1791 2345 1958 2402 bene-

2076 2351 2378 2423 ςπέρματος
2407 2351 2505 2424 τῆς
2538 2351 2839 2424 ἀρχεγόνου
2881 2351 3064 2422 ψυχῆς
3093 2351 3312 2421 ἐκείνης
3347 2350 3426 2413 είς
3453 2349 3653 2413 πολλᾶς

365 2439 600 2496 dicentis
630 2451 686 2497 et
717 2441 964 2513 jubentis
1010 2448 1071 2496 ut
1113 2450 1390 2508 crescant,
1435 2449 1490 2495 et
1524 2439 1962 2511 multiplicentur

2076 2444 2153 2496 cat
2197 2443 2460 2514 ἀπείρους
2507 2443 2834 2515 πληθύεται,
2890 2444 2985 2497 καὶ
3037 2443 3094 2495 ὲν
3137 2444 3252 2506 τοῖς
3300 2441 3513 2513 θνητοῖς
3557 2442 3654 2494 καὶ

366 2542 421 2588 et
445 2535 693 2605 repleant
724 2535 1038 2591 universam
1065 2532 1259 2590 faciem
1292 2541 1473 2590 terrae.

2076 2534 2329 2606 ἱμοειδέσι
2393 2537 2611 2608 σώμασι
2666 2535 3136 2607 καταμερίζεται,
3194 2533 3338 2588 κατὰ
3407 2532 3655 2604 βούλημα

368 2629 461 2682 καὶ
487 2629 670 2692 σθένος
716 2628 813 2682 τοῦ
853 2629 1200 2699 εὐλογοῦντος
1229 2629 1324 2685 καὶ
1362 2630 1788 2701 προστάττοντος
1834 2627 2088 2694 αὐξάνειν
2125 2648 2187 2685 τε
2224 2632 2319 2686 καὶ
2347 2632 2606 2705 πληθύειν
2637 2631 2732 2688 καὶ
2774 2631 3016 2704 πληροῦν
3061 2630 3204 2686 ἅπαν
3259 2630 3323 2684 τὸ
3363 2629 3661 2700 πρόσωπον

369 2721 468 2793 τῆς
502 2723 626 2793 γῆς.

372 2813 434 2868 91
522 2813 817 2884 Propterea
908 2815 1266 2885 principatum
1347 2814 1704 2870 intellectilem
1801 2825 1960 2870 nacta

1684 2907 1822 2978 μοι,
1854 2916 1960 2963 etc.

2068 2810 2130 2866 9|
2159 2813 2446 2867 Τοῦνεκεν
2471 2812 2731 2882 ἠγεσίην
2753 2808 2973 2880 νοερὴν
2995 2807 3190 2877 λάχεν
3211 2808 3310 2879 (9),
3339 2806 3459 2861 κτλ.

2152 2904 2372 2976 Ἐπειδὴ
2403 2904 2482 2976 τῷ
2523 2906 2646 2958 κατ’
2690 2902 2867 2976 ἀρχὰς
2913 2901 3060 2974 χειρὶ
3088 2900 3227 2954 Θεοῦ
3275 2901 3660 2970 πλαστονρτη-

444 2999 580 3053 Cum
615 3014 646 3054 e
676 2999 944 3069 plasmata
981 2999 1035 3054 in
1065 2998 1338 3070 principio
1370 3015 1400 3054 a
1435 3013 1600 3053 manu
1633 2997 1724 3054 Dei
1764 3008 1964 3055 cuncta

375 3109 438 3152 cx
481 3093 674 3148 ordine
706 3092 988 3147 hominum
1024 3105 1281 3161 corpora,
1311 3090 1588 3146 communi
1629 3088 1877 3161 germine
1912 3095 1968 3143 et

375 3190 572 3238 natura
602 3182 871 3254 originem
907 3182 1134 3245 ducant,
1167 3196 1292 3235 cum
1337 3196 1405 3236 ex
1448 3179 1705 3250 primitus
1741 3180 1886 3234 facta
1913 3185 1968 3234 et

374 3274 563 3344 genita
663 3273 827 3346 primi
887 3272 1134 3344 parentis
1182 3273 1365 3328 anima
1420 3287 1518 3342 per
1561 3273 1868 3344 analogiam
1914 3279 1972 3326 et

376 3381 571 3423 omnes
613 3365 927 3420 mortalium
952 3364 1151 3420 animae
1176 3364 1448 3436 originem
1477 3365 1683 3421 ducant
1708 3363 1868 3419 modo
1895 3364 1971 3420 si-

381 3457 522 3519 mili,
559 3462 964 3526 consequenter
986 3462 1041 3511 et
1068 3455 1462 3528 intelligentem
1489 3457 1690 3513 mentis
1714 3463 1973 3527 praestan-

380 3548 511 3600 tiam
545 3546 856 3602 sortiuntur
885 3555 1120 3602 cunctae.
1152 3545 1456 3618 Postquam
1495 3547 1862 3618 objectionem
1893 3549 1974 3603 vi-

381 3637 460 3693 dit
495 3638 600 3694 sub
649 3639 735 3694 his
773 3639 1245 3710 propositionibus
1289 3645 1552 3695 retectam
1594 3638 1812 3695 divinus
1839 3639 1977 3695 scri-

384 3740 527 3800 ptor,
562 3744 758 3799 nempe
791 3729 857 3785 de
889 3730 1132 3787 motibus
1160 3730 1638 3786 irrationabilibus
1678 3737 1734 3786 et
1777 3732 1976 3802 ineptis

385 3820 700 3874 iactentium
731 3827 786 3874 et
818 3819 1133 3885 infantium,
1169 3821 1386 3876 victrici
1417 3819 1582 3876 modo
1615 3820 1757 3877 hanc
1789 3822 1980 3894 expla-

383 3919 478 3966 nat
503 3912 754 3984 exemplo
779 3913 964 3968 allato.
991 3913 1128 3968 Nam
1162 3914 1310 3970 sicut
1341 3913 1395 3968 in
1423 3913 1752 3971 minusculis
1777 3914 1976 3972 ﬁstulis

379 4015 439 4063 et
471 4005 822 4075 perangustis
857 4006 1100 4062 validum
1150 4005 1346 4064 flamen
1385 4022 1680 4064 remanens
1719 4008 1974 4080 exiguam

383 4106 440 4153 et
472 4098 656 4154 minus
688 4113 844 4169 aequo
877 4099 1094 4168 plenam
1130 4099 1512 4171 discrepanter
1547 4099 1748 4156 emittit
1777 4115 1974 4155 sonum

385 4201 814 4260 quantacunque
859 4192 1056 4262 peritia
1093 4198 1318 4262 praestet
1351 4191 1577 4248 tibicen.
1613 4191 1849 4259 Quando
1877 4207 1978 4248 auo

387 4291 494 4336 tcm
526 4282 649 4336 latas
676 4283 871 4337 ﬁstula:
900 4290 956 4337 et
990 4283 1314 4338 harmonice
1336 4281 1528 4338 foratae
1563 4283 1621 4337 in
1651 4299 1849 4340 manus
1889 4300 1982 4354 pe-

386 4373 480 4428 riti
512 4372 616 4427 viri
649 4372 966 4439 traduntur,
989 4384 1122 4429 tunc
1147 4373 1445 4444 perfectam
1481 4381 1536 4428 et
1562 4388 1823 4428 canoram
1849 4375 1982 4429 dant

389 4477 602 4518 vocem.
658 4463 752 4519 Sic
782 4471 838 4519 et
861 4463 1106 4521 hominis
1127 4465 1309 4519 anima
1345 4464 1402 4517 in
1436 4461 1786 4520 infautilibus
1813 4465 1983 4520 imbe-

391 4553 535 4607 cillis
575 4553 836 4610 membris
879 4553 1161 4610 intellectu
1193 4555 1401 4624 deficit,
1437 4557 1536 4614 sed
1575 4554 1816 4625 perfecta
1854 4555 1987 4611 ﬁant

392 4650 447 4697 et
478 4642 599 4712 ipsa
635 4642 944 4698 illustratur
983 4643 1202 4714 energia
1243 4645 1405 4716 plene
1445 4647 1658 4719 pollens
1691 4655 1747 4702 et
1792 4645 1988 4703 innato

395 4733 725 4804 proprioque
750 4733 990 4805 ingenio.

396 4825 464 4880 97
510 4826 802 4898 Postquam
852 4838 1030 4883 autem
1070 4845 1226 4884 suum
1276 4829 1517 4884 condidit
1573 4829 1837 4885 hominem
1885 4831 1986 4884 im-

1336 4923 1607 4995 [mortalis
1642 4921 1839 4989 Filius,
1872 4932 1980 4980 etc.

471 5014 676 5069 Deinde
719 5013 968 5068 divinam
1004 5011 1268 5079 Verbum,
1309 5015 1634 5070 immortalis
1659 5015 1984 5087 Unigenitus

382 5105 581 5161 'Patris
612 5120 738 5160 cum
785 5105 852 5159 ad
887 5105 1180 5177 imaginem
1224 5121 1380 5161 suam
1424 5107 1701 5162 hominem
1751 5107 1984 5175 creavit,

402 5204 628 5268 propter
662 5195 793 5268 quid
826 5197 1074 5252 creavit?
1121 5195 1192 5252 Ut
1229 5197 1472 5264 haberet,
1509 5198 1708 5268 inquit,
1744 5197 1893 5252 hunc
1931 5198 1986 5253 in

403 5289 721 5345 novissimis
764 5287 960 5346 diebus
1004 5289 1192 5360 gloria:
1227 5289 1460 5360 propriae
1503 5287 1710 5344 fontem
1752 5303 1891 5342 nova
1933 5297 1990 5344 et

402 5382 625 5438 sublimi
671 5381 1098 5438 adiuventione:
1155 5382 1418 5437 nimirum
1458 5389 1676 5437 creator
1704 5379 1762 5434 ﬁt
1801 5381 1987 5446 homo,

470 5520 549 5591 (8)
591 5518 751 5588 Σὰρξ
769 5519 954 5589 μὲν...
987 5519 1055 5573 ἐκ
1077 5516 1828 5591 ymzﬁgerpunxitBillius,
1859 5515 1987 5584 quia

402 5585 646 5662 pugnent
672 5585 814 5662 cum
852 5591 1038 5662 verbis
1069 5585 1315 5662 Gregorii
1358 5585 1505 5662 ψυχὴ
1547 5586 1592 5638 δ’
1635 5585 1987 5662 ἐπιμίσγεται

404 5657 625 5727 dictum,
664 5661 866 5730 quibus
893 5661 1075 5717 verbis
1102 5657 1371 5730 signiﬁcat
1391 5659 1628 5711 animam
1662 5657 1878 5725 corpori
1906 5657 1988 5710 di-

403 5731 608 5783 vinitus
648 5731 884 5790 infundi.

478 5798 554 5862 (9)
583 5798 794 5853 Laudat
815 5801 962 5854 hunc
988 5801 1168 5854 locum
1197 5796 1362 5850 Micb.
1400 5795 1598 5865 Glycas
1631 5795 1824 5848 Annal.
1865 5811 1914 5864 p.
1949 5813 1986 5857 ι.

411 5879 461 5934 ί)-
498 5865 618 5935 159,
655 5868 739 5935 13,
760 5869 846 5926 ed.
875 5870 1088 5927 Bonu.:
1135 5866 1405 5937 Καθάπερ
1445 5865 1552 5938 γὰρ
1577 5865 1831 5938 μουσικὸς
1871 5866 1991 5939 ἄριμ-

2074 2995 2220 3050 θέντι
2247 2997 2427 3052 πάντα
2459 2997 2694 3068 καθεξῆς
2715 2996 2784 3050 τὰ
2811 2994 2920 3050 τῶν
2941 2993 3247 3064 ἀνθρώπων
3274 2992 3501 3064 σώματα
3519 3008 3658 3060 συμ-

2073 3091 2186 3160 φυᾶ
2223 3090 2319 3144 καὶ
2339 3090 2623 3160 ὁμοούσια,
2653 3091 2719 3160 τῇ
2756 3085 3148 3160 πρωτοκτίστῳ
3177 3085 3234 3138 δὲ
3266 3085 3302 3156 ἢ
3332 3083 3661 3155 πρωτογόνῳ

2073 3183 2168 3237 τοῦ
2201 3184 2548 3256 προπάτορος
2574 3183 2746 3254 ψυχῇ,
2776 3179 3055 3248 ἀναλόγως
3079 3177 3174 3232 καὶ
3201 3179 3372 3231 πᾶσαι
3403 3177 3510 3229 τῶν
3540 3174 3662 3245 βρο-

2073 3274 2185 3328 τῶν
2220 3275 2434 3329 ἐκεῖθεν
2464 3275 2823 3346 βλαστάνουσι
2854 3272 2978 3327 καθ’
3011 3270 3306 3342 ὁμοιότητα
3326 3285 3340 3298 ο
3386 3266 3476 3320 διὰ
3504 3265 3663 3320 τοῦτο

2076 3367 2172 3420 καὶ
2201 3366 2298 3438 τὴν
2315 3367 2508 3438 νοερὰν
2539 3367 2633 3421 τοῦ
2661 3366 2780 3430 νοὸς
2806 3363 3102 3437 ⁴ἠγεμονίαν
3129 3362 3335 3416 ἅπασαι
3365 3358 3663 3428 διαλαγχά-

2076 3474 2280 3512 νουσιν.
2327 3459 2544 3530 Ἐπειδὴ
2580 3458 2637 3511 δὲ
2662 3457 2936 3512 ἀντίθεσιν
2957 3453 3064 3510 εἶδε
3094 3453 3230 3524 τῷδε
3255 3451 3332 3520 τῷ
3364 3449 3506 3518 λόγῳ
3529 3450 3662 3502 ἀνα-

2079 3551 2393 3606 κύπτουσαν
2416 3552 2445 3603 ό
2481 3551 2764 3622 θεηγόρος,
2791 3550 2890 3622 τὴν
2918 3547 3139 3618 ἀνόητον
3178 3543 3272 3598 καὶ
3299 3541 3491 3610 ἄλογον
3515 3540 3660 3608 λέγω

2079 3644 2294 3715 κίνησιν
2322 3643 2430 3697 τῶν
2463 3644 2674 3714 νηπίων
2699 3644 2794 3697 καὶ
2831 3640 3069 3714 βρεφῶν,
3104 3635 3508 3711 παραδείγματι
3541 3632 3665 3685 ταύ-

2077 3754 2178 3806 την
2205 3735 2448 3800 πιθανῶς
2473 3737 2610 3804 ἄγαν
2637 3734 2938 3790 ὲπιλύεται.
2969 3734 3056 3796 Ὠς
3082 3731 3194 3800 γὰρ
3226 3731 3284 3783 ὲν
3318 3726 3668 3799 μικροτάτοις

2080 3831 2264 3894 αὐλοῖς
2295 3829 2391 3884 καὶ
2437 3827 2785 3898 στενοπόροις
2815 3825 3036 3896 πνεῦμα
3071 3823 3214 3895 μέγα
3257 3818 3666 3888 ὲναπολειφθὲν,

2085 3923 2278 3994 στενήν
2315 3939 2375 3976 τε
2401 3921 2497 3976 καὶ
2524 3920 2792 3992 ἔκτροπον
2809 3959 2824 3984 ,
2884 3918 2913 3970 ὃ
2941 3919 3056 3970 ἐστι
3085 3915 3349 3985 δύσηχον,
3378 3909 3669 3964 ἀναϐάλλει

2083 4017 2184 4088 τὴν
2211 4014 2375 4088 {nam
2407 4016 2457 4068 εἰ
2487 4013 2582 4068 καὶ
2615 4012 2756 4065 πάνυ
2788 4013 2816 4064 ὁ
2844 4007 3080 4079 αὑλητὴς
3110 4007 3430 4077 ἐπιστήμων
3462 4003 3538 4055 ὣν
3575 4000 3668 4054 τύ-

2084 4125 2196 4180 χοι·
2228 4107 2392 4178 ήνίκα
2415 4107 2460 4160 δ’
2483 4107 2549 4160 ἂν
2585 4104 2808 4166 πλατεῖς
2839 4103 2886 4155 οἱ
2909 4101 3062 4155 αὐλοὶ
3092 4100 3187 4154 καὶ
3224 4095 3550 4168 συμμέτρως
3579 4092 3672 4145 εὑ-

2088 4203 2319 4275 ρύποροι
2357 4201 2438 4264 είς
2474 4201 2666 4272 χεῖρας
2715 4195 2909 4268 ἀνδρὸς
2952 4193 3200 4265 τεχνίτου
3247 4187 3670 4261 περιενεχθεῖεν,

2084 4295 2207 4348 τότε
2241 4292 2306 4363 δὴ
2338 4291 2551 4344 τελείαν
2579 4288 2676 4342 καὶ
2701 4285 2976 4358 εὔρυθμον
3009 4284 3205 4354 ἀφιᾶσι
3247 4281 3345 4353 τὴν
3392 4278 3669 4348 φθογγήνο

2085 4383 2230 4436 οὕτω
2260 4381 2357 4434 καὶ
2395 4383 2429 4453 ἡ
2467 4379 2562 4434 τοῦ
2591 4377 2882 4451 ἀνθρώπου
2911 4374 3100 4447 ψυχὴ,
3150 4374 3210 4426 ἐν
3245 4369 3542 4442 νηπιώδεσι
3573 4367 3673 4438 μὲν

2086 4473 2390 4529 ἁσθενοῦσα
2427 4472 2649 4544 μέλεσιν
2692 4469 3000 4538 ἀνοηταίνει
3021 4507 3036 4532 ,
3065 4462 3465 4534 τελειουμένοις
3496 4460 3553 4514 δὲ
3583 4459 3675 4512 καὶ

2086 4565 2228 4638 αὐτὴ
2257 4563 2472 4626 τελείας
2514 4563 2614 4627 τὰς
2642 4560 2925 4633 ἐνεργείας
2979 4559 3076 4614 καὶ
3122 4555 3303 4612 πάντα
3351 4555 3444 4609 τὸν
3478 4553 3676 4607 οἰκεῖον

2090 4655 2505 4729 συναναλάμπει
2530 4655 2810 4726 σύμφυτον
2838 4650 2983 4707 νοῦν.

2091 4854 2162 4911 97
2207 4849 2406 4919 Αὐτὰρ
2463 4845 2674 4913 ἐπειδὴ
2735 4843 2950 4909 τεῦξεν
3014 4840 3118 4895 ἑὸν
3154 4836 3682 4979 ,ϐροῖῧέςῗὶᾕξὲτος

2177 5010 2400 5082 Ἐπειδὴ
2443 5013 2472 5064 ὁ
2526 5009 2671 5071 θεῖος
2703 5006 2911 5074 Λόγος,
2967 5003 2997 5056 ὁ
3034 5000 3304 5062 ἀθάνατος
3329 4995 3430 5068 τοῦ
3469 4995 3685 5067 Πατρὸς

2092 5104 2427 5174 Μονογενὴς,
2453 5103 2572 5156 κατ’
2599 5099 2783 5155 εἰκόνα
2807 5097 2940 5150 ἰδίαν
2968 5095 3060 5148 τὸν
3087 5091 3375 5163 ἄνθρωπον
3395 5089 3486 5157 ὲδη
3497 5085 3684 5158 μιούρ-

2090 5217 2262 5272 γησε,
2303 5195 2452 5259 τίνος
2481 5193 2702 5258 ἓνεκενς
2767 5190 2857 5252 Ὠς
2892 5187 2990 5251 ἂν,
3035 5185 3220 5254 φησὶν,
3242 5181 3357 5253 ἔχοι
3392 5179 3582 5234 τοῦτον
3623 5179 3684 5278 ἓν

2092 5292 2329 5364 ἡμέραις
2360 5288 2619 5357 ἐσχάταις
2643 5282 2801 5350 δόξης
2836 5279 2974 5344 ἰδίας
2995 5275 3254 5347 ἀφορμὴν
3282 5275 3687 5364 καινοπρεποῡς

2094 5361 2189 5436 καὶ
2208 5361 2698 5451 μεγαλοπρεποῦς,
2750 5374 2842 5426 ὅτε
2868 5371 2934 5441 δὴ
2961 5367 3054 5422 τοῦ
3092 5367 3380 5428 κτίσαντος
3409 5361 3688 5432 ἀνθρωπι-

2094 5531 2219 5578 στος
2255 5517 2313 5568 ὲν
2359 5514 2456 5583 μὲν
2508 5510 2725 5583 μικροῖς
2755 5503 3162 5583 αὐλοῖς-στενόν
3199 5519 3261 5554 τε
3295 5499 3391 5583 καὶ
3417 5497 3689 5583 ἕκτροπον

2097 5565 2871 5676 μέλοςῖάτέήχηεξενὲ’ήνίῖκῆρὲ
2913 5565 3254 5676 ερὺρὲέπόρους

2362 5634 2526 5704 αἰῗτοῦ
2547 5634 2756 5720 τέχνην,
2774 5645 2903 5722 ὃλην
2927 5634 3210 5722 ὑπέδειξεν
3229 5634 3245 5672 έ
3295 5634 3439 5722 οῦτῶ
3468 5634 3694 5722 καὶὶψυς

2094 5725 2184 5794 χὴ,
2213 5710 2342 5785 ὡξὸ
2371 5710 2942 5794 θεολόγοςΤρηγόρὶος
2969 5717 3027 5768 ἐν
3058 5716 3169 5776 τοῖς
3194 5710 3491 5782 ἐμμέτροις
3518 5710 3690 5760 αὐτοῦ

2093 5786 2346 5860 διέξεισιν
2373 5786 2550 5858 ἔπεσι,
2586 5807 2639 5843 κ.
2670 5786 2718 5842 τ.
2757 5786 2835 5851 ἐξ.
