3980 6406
359 417 467 475 697

361 542 588 610 ,θέντος
616 544 712 597 καὶ
737 541 859 596 νέου
876 541 1047 611 ’Λδὰμ
1070 538 1464 610 γεγενημένου,
1492 541 1523 593 6
1547 540 1963 613 παλαιδςἌδάμ

361 635 455 693 διὰ.
483 636 726 700 πίστεως
755 634 877 688 ὅλον
901 632 964 686 τὸ
995 633 1183 702 γήϊνον
1208 631 1469 701 ἀμείψας,
1492 632 1586 685 καὶ
1610 631 1692 703 τῷ
1725 633 1966 704 οὐρανίῳ

362 727 484 799 Θεῷ
518 724 975 797 προσκολληθεὶς,
1002 722 1137 786 Θεὸς
1158 720 1310 792 αὐτῷ
1348 722 1660 777 συνοδεύσει
1689 722 1831 795 πρὸς
1870 721 1964 776 τὸν

363 819 616 893 οὖρανὸν.
655 816 877 887 Ταύτην
923 814 1128 887 μεταξὺ
1163 812 1259 866 τοῦ
1311 813 1471 883 λόγου
1522 816 1623 886 τὴν
1656 816 1838 870 αἰτίαν
1865 817 1966 887 τῆς

367 911 623 975 πλάσεως
672 906 1106 978 ὑπαινιξάμενος
1149 906 1383 973 ἐπάγειο
1435 925 1453 958 ι
1487 906 1625 960 Οὔτε
1671 925 1799 979 μιν,
1851 907 1965 962 οὔτ’

367 1004 604 1073 ἀνέηκεν
649 1000 958 1073 ἐλεύθερον,
984 1017 1004 1052 ι
1042 1000 1139 1054 καὶ
1182 999 1346 1071 ἐξῆς⁶
1397 998 1425 1052 6
1480 999 1539 1052 δὲ
1570 999 1758 1068 λέγει,
1809 999 1965 1054 τοῦτό

370 1100 527 1152 ἐστιν
557 1112 573 1128 ο
629 1093 718 1156 Ὠς
746 1090 872 1145 οὔτε
905 1090 1254 1146 παντάπασιν
1286 1089 1575 1163 ἐλεύθερον
1620 1093 1836 1163 ἀφῆκεν
1871 1092 1965 1146 τὸν

367 1187 658 1257 ἄνθρωπον
693 1183 789 1237 καὶ
822 1181 1217 1237 αὐτοδέσποτον
1261 1180 1404 1251 (πῶς
1449 1180 1561 1254 γὰρ
1586 1183 1682 1236 καὶ
1714 1179 1784 1255 ἦν
1815 1182 1964 1248 ἄξιον

366 1275 474 1342 ἔξω
500 1275 600 1344 τῆς
650 1270 1093 1342 παντοκράτορος
1137 1269 1353 1323 κεῖσθαι
1394 1270 1717 1335 δεσποτείας
1740 1278 1801 1341 ;),
1837 1271 1964 1325 οὔτε

364 1366 426 1424 δὲ
446 1365 727 1428 παντελῶς
751 1363 940 1418 τοῦτον
963 1363 1165 1435 τρόπον
1187 1361 1398 1432 ἀλόγων
1423 1364 1677 1436 ἀνάγκης
1699 1363 1964 1430 ὑπέζευξε

367 1458 556 1530 ζυγοῖς
576 1476 593 1491 ’
626 1457 720 1513 τὸν
752 1455 985 1527 φυσικὸν
1007 1456 1065 1510 δὲ
1091 1455 1257 1527 νόμον
1278 1458 1377 1511 καὶ
1402 1457 1616 1526 ἀγαθάς
1648 1457 1861 1522 ἐννοίας
1892 1461 1959 1531 τῇ

370 1549 537 1605 αὐτοῦ
587 1548 790 1620 καρδία
830 1546 1288 1618 ἐγγραψάμενος,
1346 1548 1406 1601 ἐν
1453 1550 1569 1613 τοῖς
1616 1548 1962 1620 μεσαιτάτοις

366 1641 461 1696 τοῦ
489 1637 778 1704 ἀειθαλοῦς
823 1638 1155 1711 παραδείσου
1190 1638 1602 1708 άμφιτάλαντον
1637 1639 1823 1712 τίθησι
1853 1657 1960 1708 χω-

368 1728 543 1800 ρίοις,
570 1728 665 1783 καὶ
697 1727 1027 1800 ἀμφιῤῥεπῆ
1085 1727 1185 1799 μὲν
1220 1728 1296 1792 ὡς
1321 1727 1678 1800 αὐτοκίνητον
1704 1730 1800 1783 καὶ
1828 1730 1962 1782 αὐτ-

364 1818 628 1887 εξούσιον,
646 1820 855 1891 γυμνὸν
883 1820 941 1874 δὲ
966 1820 1041 1884 ὼς
1063 1819 1272 1874 ἀπλοῦν
1298 1821 1393 1874 καὶ
1416 1821 1712 1893 ἁπόνηρον,
1739 1820 1962 1891 διπλόης

366 1931 431 1968 τε
458 1913 639 1985 πάσης
668 1911 955 1985 ἐλεύθερον
984 1912 1081 1966 καὶ
1121 1913 1467 1985 ὑποκρίσεως
1489 1928 1505 1942 ·
1543 1914 1638 1968 καὶ
1675 1915 1784 1986 γὰρ
1814 1912 1964 1985 ἐμοι-

367 2022 436 2076 γε
465 2008 625 2077 κριτῇ
675 2006 708 2077 ἡ
748 2004 1114 2075 θεόφθεγκτος
1146 2006 1463 2078 ἀπεφήνατο
1501 2007 1653 2079 φωνή
1674 2021 1689 2038 ’
1721 2007 1751 2060 6
1781 2006 1962 2078 παρά-

368 2094 548 2158 δεισος
589 2086 745 2158 οὗτος
796 2094 1025 2166 οὐρανία
1076 2093 1407 2166 χρηματίζει
1463 2095 1802 2160 κατάστασις
1869 2095 1964 2149 καὶ

366 2182 549 2237 δίαιτα
577 2182 747 2253 ἁγίων
785 2183 944 2248 νοῶν,
974 2179 1036 2238 οὗ
1087 2184 1152 2256 δὴ
1188 2184 1280 2238 τὸν
1309 2184 1598 2257 ἄνθρωπον
1623 2189 1683 2240 ἐν
1716 2187 1913 2259 ἀρχαῖς
1934 2187 1964 2240 6

365 2275 851 2348 πλάσας,γεωργδν
878 2276 1098 2331 ἐννοιῶν
1122 2275 1284 2330 θείων
1315 2278 1411 2331 καὶ
1435 2277 1610 2346 λόγων
1632 2278 1962 2351 δραστήριον

368 2366 628 2439 ἐθήκατο.

370 2480 469 2535 107
506 2480 653 2535 Οἴου
685 2497 797 2550 μιν
819 2480 1074 2552 ἀπέεργε
1107 2481 1496 2551 τελειοτέροιο
1524 2483 1900 2553 pumicum)“

445 2570 595 2634 Ἐνδς
627 2569 798 2641 φυτοῦ
835 2573 998 2644 μόνου
1041 2573 1141 2645 τὴν
1191 2573 1381 2642 γεῦσιν
1428 2573 1707 2628 ἐκώλυσεν
1750 2577 1779 2628 ὁ
1814 2573 1960 2628 Πλα-

369 2658 649 2731 στουργός.
689 2660 752 2713 Εἰ
784 2662 883 2732 μέν
911 2679 963 2714 τι
997 2663 1091 2716 καὶ
1120 2661 1278 2727 ξύλου
1314 2658 1451 2727 εἶδός
1481 2679 1534 2716 τι
1559 2658 1629 2734 ῆν
1655 2664 1777 2716 ἐκεῖ
1801 2661 1862 2716 τὸ
1885 2661 1964 2734 τῷ

368 2749 776 2823 πρωτοπλάστῳ
799 2752 1274 2824 ἀπηγορευμένον,
1319 2755 1435 2817 τοῖς
1460 2752 1709 2807 εἰποῦσιν
1734 2754 1797 2806 οὐ
1831 2752 1962 2806 διοί-

369 2860 574 2915 σομαιο
639 2843 874 2915 θεωρίας
930 2844 987 2898 δὲ
1034 2844 1339 2917 μετάληψιν
1382 2844 1693 2915 κρείττονος
1737 2844 1771 2911 ἢ
1820 2843 1965 2898 κατά

365 2937 467 3009 τὴν
499 2936 612 3002 ἕξιν
654 2936 829 3008 Ἀδὰμ
864 2937 925 2990 τὸ
968 2936 1133 3006 φυτὸν
1163 2938 1343 2991 ἐκεῖνο
1376 2939 1518 2991 νοεῖν
1546 2939 1639 2991 καὶ
1669 2937 1811 2991 πάνυ
1840 2954 1964 2991 συν-

370 3029 607 3100 θήσομαι
637 3027 717 3100 τῷ
742 3028 1070 3100 διδασκάλῳ.
1119 3028 1271 3100 Αὕτη
1303 3028 1433 3100 γὰρ,
1468 3031 1627 3100 φησὶ,
1655 3029 1874 3084 τελείαν
1905 3031 1965 3083 ἐν

372 3119 542 3190 ἑαυτῇ
570 3119 846 3189 διάκρισιν
873 3116 969 3171 τοῦ
1014 3116 1223 3188 ἀγαθοῦ
1267 3135 1328 3170 τε
1357 3119 1471 3189 ἔχει
1506 3118 1603 3172 καὶ
1635 3117 1729 3172 τοῦ
1765 3117 1960 3185 κακοῦ,

377 3209 518 3263 κατά
540 3209 630 3263 τὸν
670 3209 836 3281 αὐτῆς
881 3208 1411 3281 μεταλαμϐανομένη
1438 3208 1633 3281 καιρόν
1657 3225 1673 3241 ο
1724 3209 1792 3262 δι’
1833 3208 1862 3261 ὃ
1901 3209 1962 3262 ού

377 3304 490 3363 τοῖς
519 3301 655 3374 πρὸς
684 3303 815 3357 Θεὸν
842 3302 1048 3357 ὁδεύειν
1087 3302 1446 3374 ἀρχομένοις,
1474 3303 1593 3374 ἦτοι
1621 3301 1840 3372 νηπίοις
1867 3300 1962 3355 καὶ

374 3391 621 3447 ἀτελέσιν
651 3395 710 3446 ἐν
746 3392 991 3465 Χριστῷ,
1012 3393 1316 3465 λυσιτελὴς,
1343 3393 1480 3447 ἀλλά
1501 3395 1613 3456 τοῖς
1637 3394 1735 3464 τὴν
1766 3392 1963 3464 νοεράν

374 3485 767 3555 προκεκοφόσιν
801 3484 1042 3556 ἡλικίαν,
1083 3484 1178 3538 καὶ
1213 3486 1295 3548 είς
1340 3483 1540 3556 μέτρον
1581 3485 1963 3557 πνευματικῆς

371 3576 689 3640 ἀναϐάσεως
716 3575 775 3628 ἐν
804 3574 1009 3650 θεωρίᾳ
1048 3575 1144 3629 καὶ¹
1177 3573 1377 3647 πράξει
1419 3573 1659 3647 Χριστοῦ
1689 3591 1965 3649 κατηντη-

370 3669 544 3733 κόσιν,
579 3667 834 3722 τοσοῦτον
874 3667 1182 3739 βαρύνουσα
1207 3666 1334 3731 τοὺς
1365 3667 1600 3732 ἀτελεῖς,
1636 3669 1763 3722 ὅσον
1788 3668 1885 3722 καὶ
1929 3669 1964 3740 ἠ

373 3762 572 3835 στερεά
606 3762 782 3833 τροφὴ
824 3763 955 3826 τοὺς
1008 3760 1279 3830 γάλακτος
1331 3759 1411 3814 ἔτι
1453 3761 1758 3832 δεομένους.
1822 3760 1965 3815 Ἀλλ’

376 3851 559 3922 ἐπειδὴ
586 3850 682 3904 τοῦ
713 3850 976 3922 φθονεροῦ
1011 3851 1267 3922 δαίμονος
1299 3849 1623 3913 ἐπιϐουλαῖς
1655 3849 1749 3903 καὶ
1778 3866 1968 3919 γυναι-

374 3945 467 4009 κὸς
495 3943 728 4014 παραινέ
739 3960 888 3996 σεσιν
912 3943 1188 4015 ἡττηθεὶς,
1215 3943 1316 4010 τῆς
1339 3942 1720 4014 ἀπειρημένης
1752 3942 1966 4014 ἐκείνης

375 4034 617 4105 γεύσεως
663 4034 772 4106 πρὸ
811 4033 962 4107 ὧρας
1009 4035 1105 4088 καὶ
1136 4035 1289 4105 παρὰ
1319 4032 1419 4105 τὴν
1448 4032 1669 4104 ἐντολὴν
1707 4031 1963 4102 μετέσχε,

373 4128 499 4191 τοὺς
527 4126 883 4199 δερματίνους
914 4125 1012 4198 μὲν
1043 4123 1299 4197 χιτῶνας,
1334 4126 1456 4196 ἢτοι
1480 4125 1580 4192 τὴν
1612 4124 1839 4195 βαρεῖαν
1869 4121 1967 4176 καὶ

378 4218 577 4291 θνητὴν
626 4218 830 4292 σάρκα,
877 4218 998 4273 ἀντὶ
1033 4218 1129 4272 τοῦ
1154 4217 1596 4287 ,διαφανεστάτου
1645 4215 1739 4270 καὶ
1775 4215 1969 4269 λεπτο-

377 4312 541 4367 τάτου
577 4295 829 4384 σώματος
854 4311 1186 4383 νεκροφόρος
1220 4310 1539 4382 ἀμφιάσατο
1572 4306 1831 4379 γεγονώς.
1874 4306 1967 4378 Τῷ

375 4405 566 4477 θνητὸν
589 4405 647 4458 δὲ
676 4404 865 4458 τοῦτον
905 4403 1180 4474 γενέσθαι,
1216 4402 1573 4458 διακέκοπται
1604 4401 1703 4473 μὲν
1727 4400 1760 4471 ἡ
1784 4400 1968 4471 ἁμαρ-

372 4496 465 4550 τία
489 4494 568 4567 τῷ
593 4495 836 4567 θανάτῳ,
856 4494 932 4560 ὡς
953 4495 1028 4567 μὴ
1047 4494 1375 4560 διαιωνίζειν
1390 4493 1452 4547 τὸ
1481 4493 1674 4559 κακὸν,
1701 4491 1970 4546 καὶτοῦτο

373 4586 432 4641 δὲ
461 4587 624 4656 ἔργον
651 4588 989 4658 ἀγαθὸτητος
1018 4587 1151 4641 Θεοῦ
1169 4603 1182 4617 ·
1213 4586 1377 4652 αὐτὸς
1406 4586 1466 4641 δέ

388 4702 482 4755 li'l
531 4696 719 4756 '11.!08
771 4700 892 4772 μὲν
949 4700 1176 4767 ἄλσεος
1223 4698 1399 4772 ἐκτὸς
1446 4699 1554 4772 ἐπὶ
1591 4698 1802 4772 χρόνοι,
1844 4695 1968 4772 ,τῆς

642 4842 645 4843 ν
772 4764 790 4772 ⁷
1151 4764 1162 4767 ⁷
1376 4764 1750 4843 [γένος’ὂῖεν,
1776 4765 1895 4820 κτλ.

454 4879 626 4935 Τοῦτο
658 4883 756 4955 τῆς
781 4882 1098 4956 παραϐολῆς
1119 4883 1182 4937 το
1211 4882 1424 4954 κέρδος,
1458 4881 1554 4936 καὶ
1589 4879 1794 4951 ταύτην
1824 4880 1853 4933 6
1877 4878 1971 4932 άν-

380 4973 601 5046 θρωπος
641 4975 894 5029 ἀπώνατο
929 4975 1033 5046 τῆς
1081 4974 1448 5046 παραϐάσεως
1495 4971 1825 5042 ἀντάμειψιν
1851 5011 1871 5037 ,
1910 4973 1974 5025 τὸ

378 5069 487 5137 ἔξω
506 5071 695 5123 πεσεῖν
708 5070 801 5124 τοῦ
825 5068 1179 5140 παραδείσου,
1198 5068 1294 5120 καὶ
1321 5068 1402 5129 εἰς
1420 5066 1547 5136 γῆν,
1565 5065 1626 5129 ἐξ
1641 5059 1710 5138 ἧς
1736 5064 1970 5137 ἐλήφθη,

381 5163 713 5234 στραφῆναι,
734 5165 829 5217 καὶ
850 5163 995 5235 ζωὴν
1023 5161 1297 5216 ἐπώδυνον
1323 5160 1416 5213 καὶ
1443 5157 1783 5230 πολύμοχθον
1805 5174 1973 5218 κατα-

381 5255 637 5327 κριθῆναι
658 5269 676 5287 °
705 5255 783 5325 τῷ
814 5255 1046 5326 ἐριτίμῳ
1071 5254 1130 5307 δέ
1160 5255 1262 5324 τῆς
1291 5250 1436 5323 ζωῆς
1464 5249 1604 5320 ξύλῳ
1626 5249 1708 5321 τῷ
1738 5252 1795 5305 ἐν
1819 5248 1973 5322 μέσῳ

378 5346 477 5401 τοῦ
510 5347 843 5419 παραδείσου
872 5344 1167 5417 νοουμένῳ,
1220 5345 1247 5399 ὃ
1289 5344 1354 5416 δὴ
1393 5344 1557 5416 τυχὸν
1602 5344 1637 5414 ἡ
1668 5343 1969 5414 ἀκραιφνε-

383 5440 559 5509 στάτη
593 5438 731 5492 Θεοῦ
761 5438 969 5510 θεωρία
996 5439 1092 5491 καὶ
1145 5438 1423 5508 ἀκροτάτη
1469 5435 1565 5489 τοῦ
1592 5433 1979 5505 ἀκαταλήπτου

382 5531 585 5601 γνῶσίς
615 5532 770 5595 ἐστι,
814 5529 989 5599 τούτῳ
1031 5529 1095 5600 δὴ
1119 5528 1197 5600 τῷ
1231 5527 1383 5600 φυτῷ
1428 5527 1520 5582 τὸν
1547 5525 1770 5598 πύρινον
1808 5525 1976 5580 αὐτοῦ

385 5624 572 5693 ζῆλον,
596 5623 656 5677 ὃν
678 5623 777 5678 καὶ
802 5622 1063 5691 φλογίνην
1095 5622 1366 5692 ῥομφαίαν
1391 5622 1425 5692 ἡ
1460 5619 1582 5674 θεία
1608 5618 1756 5687 λέγει
1783 5616 1974 5690 Γραφὴ

385 5716 483 5770 καὶ
508 5715 826 5787 Χερουϐεὶμ
850 5714 962 5784 (ιο)
990 5712 1371 5784 κατονομάζει,
1391 5711 1686 5786 ἀγγελικάς
1716 5709 1974 5781 δυνάμεις

460 5896 574 5968 (Ιθ)
598 5893 946 5965 Χερουϐείμ.
989 5891 1080 5946 Sic
1110 5889 1301 5947 codex.

1306 416 1372 471 ΙΝ
1412 416 1724 474 CARMINA
1766 421 2046 479 ARCANA
2090 420 2149 478 S.
2190 418 2551 478 GREGORII.

3558 419 3667 477 G98

2065 542 2125 597 lit
2152 556 2330 601 novus
2360 542 2575 608 Adam;
2624 540 2756 596 hinc
2782 548 2941 597 vetus
2966 542 3139 596 Adam
3167 555 3269 612 per
3301 538 3465 596 fidem
3494 556 3664 600 omne

2070 643 2350 689 terrenum
2395 634 2650 689 immutat
2699 640 2754 689 et
2793 632 2938 689 Deus
2987 633 3365 704 agglutinatus
3402 632 3518 689 Deo
3546 647 3664 689 cm-

2068 711 2212 790 lesii,
2260 741 2390 781 cum
2432 726 2553 795 ipso
2601 739 2838 796 pergens
2883 724 2989 779 iter
3031 725 3297 780 ascendet
3345 725 3399 779 in
3433 726 3658 781 caelum.

2068 816 2222 872 lianc
2264 818 2323 873 in
2372 817 2663 872 tractando
2699 831 2925 871 causam
2969 816 3355 886 plasmationis
3410 817 3662 875 revolans

2066 908 2282 978 pergit:
2318 924 2337 958 ι
2375 906 2485 963 Nec
2520 922 2647 962 eum
2672 906 2910 962 libenter
2939 906 3069 960 sivit
3100 905 3362 971 liberum,
3393 924 3414 956 ι
3447 914 3503 962 et
3539 922 3658 977 seq.

2066 997 2122 1053 ιι]
2148 1007 2252 1064 est,
2308 998 2454 1055 sicut
2482 1013 2594 1053 non
2627 997 2945 1053 omnimodo
2987 996 3222 1052 liberum
3259 997 3517 1067 permisit
3563 998 3663 1053 bo-

2067 1090 2269 1146 minem
2294 1099 2350 1148 et
2372 1094 2457 1149 sui
2488 1094 2656 1164 juris,
2683 1123 2758 1136 —
2781 1095 3059 1167 quomodo
3093 1096 3239 1151 enim
3268 1095 3494 1166 dignum
3519 1094 3660 1151 fuis-

2066 1189 2151 1236 set
2176 1182 2457 1241 hominem
2485 1186 2880 1244 dominationis
2903 1186 3310 1257 Omnipotentis
3336 1192 3661 1256 exemptum

2064 1281 2215 1329 stare
2231 1274 2463 1333 i—‘nec
2489 1276 2715 1334 omnino
2738 1276 2893 1333 illum
2916 1276 3049 1349 iugo
3067 1275 3418 1333 necessitatis
3434 1273 3663 1330 irratio-

2065 1363 2329 1420 nabilium
2359 1381 2517 1423 more
2541 1368 2810 1436 revinxit;
2840 1366 2939 1424 sed
2982 1366 3102 1438 lege
3128 1366 3370 1421 naturali
3401 1375 3458 1421 et
3491 1366 3664 1421 rectis

2063 1456 2492 1527 cogitationibus
2528 1459 2588 1514 in
2615 1458 2783 1514 corde
2818 1458 2993 1528 ipsius
3017 1457 3331 1528 inscriptis,
3368 1456 3424 1510 in
3464 1455 3662 1510 mediis

2065 1550 2305 1620 paradisi
2334 1550 2629 1607 viridantis
2656 1551 2749 1605 'ad
2793 1558 3030 1619 utraque
3068 1556 3255 1621 aptum
3293 1547 3451 1619 ponit
3480 1547 3664 1616 regio-

2062 1642 2251 1708 nibus,
2281 1642 2349 1697 ad
2378 1650 2613 1714 utraque
2644 1642 2824 1713 quasi
2873 1641 3169 1712 proclivem
3192 1679 3207 1704 ,
3239 1643 3333 1712 qui
3368 1636 3661 1692 affectuum

2063 1741 2213 1790 esset
2242 1749 2492 1805 compos,
2539 1734 2804 1805 suiipsius
2847 1733 3087 1794 arbitrii,
3130 1730 3283 1802 ponit
3324 1737 3379 1785 et
3426 1727 3660 1791 nudum,

2065 1826 2155 1896 qui
2199 1826 2426 1896 simplex
2453 1831 2509 1880 et
2543 1825 2754 1896 absque
2785 1824 3019 1889 malitia,
3050 1823 3191 1878 liber
3219 1829 3369 1878 esset
3411 1820 3482 1874 ab
3510 1817 3662 1874 omni

2065 1915 2398 1986 duplicitate
2430 1921 2488 1969 et
2530 1914 2834 1986 hypocrisi.
2893 1912 3023 1970 Mihi
3066 1912 3213 1968 enim
3260 1910 3436 1981 judici
3481 1923 3584 1964 vox
3630 1923 3664 1962 a

2065 2006 2177 2062 Deo
2216 2013 2369 2062 certe
2398 2006 2647 2062 insonuit
2682 2025 2695 2061 :
2730 2005 3033 2062 Paradisus
3068 2004 3173 2060 iste
3215 2003 3440 2058 cmleste
3477 2000 3663 2056 firma-

2064 2105 2311 2153 mentum
2367 2104 2634 2163 vocatur,
2713 2105 2768 2153 et
2811 2104 3134 2153 sanctorum
3174 2092 3468 2163 spirituum
3513 2091 3663 2155 vita,

2063 2191 2224 2260 cujus
2250 2190 2304 2245 in
2340 2188 2615 2261 principio
2649 2188 2932 2245 hominem
2959 2187 3194 2243 Greater
3223 2186 3492 2241 cultorem
3523 2198 3660 2239 cono

2063 2280 2267 2343 stituit,
2326 2279 2695 2351 cogitationes
2730 2292 3130 2359 sermonesque
3166 2276 3387 2332 divinos
3426 2288 3665 2345 operose

2061 2374 2474 2430 observantem.

2064 2483 2168 2540 107
2206 2482 2326 2538 Una
2358 2485 2407 2539 ei
2432 2482 2713 2538 interdixit
2744 2480 3057 2554 perfection
3087 2478 3297 2545 arbore,
3338 2486 3448 2534 etc.

2134 2573 2313 2630 Unius
2348 2581 2563 2630 tantum
2601 2573 2817 2629 fructus
2847 2579 3070 2644 gustum
3105 2569 3283 2627 vetuit
3324 2568 3661 2625 Plasmator.

2064 2663 2220 2730 Quod
2254 2663 2421 2721 fuerit
2449 2663 2656 2735 aliquid
2698 2663 2993 2734 pulchrum
3038 2661 3095 2716 in
3136 2661 3286 2731 ligno
3329 2660 3430 2714 hoc
3470 2666 3662 2729 proto-

2065 2757 2282 2828 parenti
2319 2756 2661 2829 prohibitum
2689 2755 2878 2812 dicant
2900 2754 3015 2821 alii,
3044 2768 3155 2808 non
3187 2759 3383 2808 contra
3414 2750 3664 2814 iuvehar,

2064 2849 2161 2905 sed
2192 2849 2662 2907 considerationis
2704 2848 3023 2920 allegoriam
3071 2845 3319 2901 melioris
3358 2858 3523 2914 quam
3576 2858 3666 2897 se-

2065 2941 2311 2998 cundum
2338 2956 2501 2998 usum
2536 2941 2709 2997 Adam
2734 2940 2889 2995 illum
2923 2938 3228 3009 intelligere
3255 2936 3516 2999 fructum,
3544 2950 3668 3005 pro—

2067 3033 2213 3092 fecto
2245 3034 2590 3090 consentiam
2627 3032 2935 3103 magistro:
2968 3030 3102 3097 Quae
3141 3029 3420 3100 allegoria,
3457 3028 3660 3099 inquit,

2065 3125 2372 3196 perfectum
2400 3125 2455 3177 in
2483 3138 2545 3178 se
2577 3122 2697 3193 ipsa
2731 3121 3004 3190 judicium
3037 3119 3107 3174 de
3141 3120 3285 3174 bono
3311 3125 3365 3173 et
3394 3119 3541 3173 malo
3565 3118 3664 3172 ha-

2067 3216 2184 3280 bet,
2219 3225 2443 3286 accepta
2485 3216 2540 3269 in
2574 3213 2750 3283 ipsius
2786 3222 3035 3281 tempore
3070 3216 3405 3280 opportuno.
3452 3208 3666 3263 Idcirco

2064 3304 2330 3360 accedere
2356 3302 2425 3357 ad
2457 3301 2627 3358 Deum
2660 3300 3080 3369 incipientibus,
3116 3297 3422 3354 infantibus
3451 3297 3665 3351 scilicet

2062 3403 2119 3453 et
2146 3393 2485 3466 imperfectis
2514 3392 2570 3447 in
2596 3391 2819 3446 Christo
2847 3404 2958 3445 non
2983 3382 3228 3460 expedit,
3272 3388 3368 3443 sed
3399 3397 3560 3443 aetate
3585 3386 3666 3441 in-

2067 3486 2330 3558 telligenti
2372 3484 2652 3556 provectis
2684 3490 2740 3538 et
2777 3481 2845 3538 iis
2880 3482 2976 3553 qui
3018 3481 3089 3536 ad
3136 3481 3392 3536 altiorem
3429 3479 3663 3549 spiritus

2065 3591 2381 3633 mensuram
2405 3577 2460 3631 in
2480 3575 2925 3632 consideratione
2950 3580 3006 3628 et
3030 3573 3290 3644 operibus
3311 3569 3517 3626 Christi
3547 3584 3666 3640 per-

2067 3677 2359 3729 venerunt.
2405 3668 2534 3725 Haec
2581 3683 2710 3725 vero
2766 3674 2978 3721 tantum
3027 3679 3264 3736 gravans
3307 3660 3664 3732 imperfectos

2069 3773 2338 3834 quantum
2373 3761 2535 3818 solidi
2566 3760 2675 3815 cibi
2714 3774 2812 3815 eos
2843 3758 2940 3828 qui
2985 3758 3127 3812 lacte
3168 3754 3351 3809 adhuc
3393 3751 3661 3821 indigent.

2070 3852 2177 3909 Sed
2212 3862 2501 3924 postquam
2527 3848 2700 3905 invidi
2725 3848 3082 3905 suasionibus
3102 3844 3311 3901 diaboli
3334 3849 3390 3898 et
3411 3841 3665 3897 mulieris

2068 3942 2486 3998 invitationibus
2519 3942 2722 4005 victus,
2751 3939 2981 3995 vetitum
3016 3937 3256 3993 fructum
3283 3942 3413 3989 ante
3445 3941 3666 4003 tempus

2068 4043 2125 4091 et
2158 4043 2356 4105 praeter
2391 4031 2712 4086 mandatum
2740 4031 3000 4101 gustavit,
3027 4028 3274 4100 pelliceis
3301 4026 3508 4082 tunicis
3534 4041 3663 4096 gra-

2068 4143 2187 4183 vem
2225 4133 2281 4182 et
2319 4124 2609 4179 mortalem
2651 4137 2876 4177 carnem
2922 4136 3045 4192 qua:
3074 4120 3353 4175 suecessit
3389 4116 3569 4172 nitido
3609 4123 3665 4187 et

2069 4216 2283 4289 fulgido
2308 4214 2532 4284 corpori
2563 4212 2743 4268 letifer
2764 4213 3006 4279 vestivit,
3036 4213 3154 4282 ipse
3180 4210 3285 4265 sub
3313 4209 3401 4263 his
3422 4208 3491 4262 ad
3516 4222 3666 4263 mor-

2071 4321 2179 4366 tem
2199 4309 2543 4379 designatus.
2567 4305 2864 4378 Frangitur
2884 4315 3066 4362 autem
3094 4311 3379 4374 peccatum
3405 4315 3501 4372 per
3525 4314 3667 4355 mor-

2070 4412 2180 4457 tem
2223 4401 2296 4456 ita
2327 4409 2387 4454 ut
2415 4415 2525 4454 non
2553 4399 2626 4456 sit
2649 4405 2917 4453 ueternum
2940 4396 3176 4462 malum,
3206 4401 3432 4449 auctore
3457 4392 3665 4462 optimo

2074 4492 2187 4550 Deo
2214 4512 2230 4550 :
2264 4491 2441 4548 Homo
2472 4508 2599 4548 vero
2629 4490 2748 4562 ipse

2079 4699 2178 4754 H7
2222 4696 2439 4769 Ejeelus
2484 4713 2513 4752 e
2538 4696 2797 4767 paradiso
2828 4695 2965 4751 venit
2990 4693 3045 4749 in
3083 4703 3282 4748 terram
3299 4709 3350 4769 ,ε
3373 4708 3479 4761 qua
3521 4700 3668 4746 ortus

3299 4761 3461 4834 [ει-αι,
3488 4770 3597 4817 etc.

2149 4882 2253 4937 llic
2307 4882 2413 4937 fuit
2461 4880 2756 4937 divisionis
2806 4879 3064 4947 fructus,
3135 4877 3272 4933 illud
3327 4877 3674 4951 comparavit

2078 4974 2245 5030 homo
2278 4972 2726 5043 transgressione
2750 4988 2851 5027 sua
2878 4971 3027 5042 quod
3072 4967 3342 5026 exciderit
3385 4967 3454 5022 de
3509 4981 3673 5039 para-

2076 5066 2279 5124 disoin
2315 5072 2521 5120 terram
2550 5078 2582 5120 e
2626 5058 2735 5134 qua
2781 5071 3036 5134 sumptus
3084 5069 3170 5118 est
3208 5076 3560 5126 reversurus,
3603 5058 3674 5113 ad

2077 5161 2248 5215 vitam
2279 5154 2564 5212 doloribus
2601 5154 2981 5225 aerumnisque
3022 5149 3284 5210 refertam
3338 5136 3673 5215 damnatus,
3711 5170 3720 5226 ξ

2080 5251 2239 5323 quin,
2287 5248 2437 5304 circa
2484 5246 2947 5318 pretiosissimum
2982 5245 3109 5299 vitae
3151 5247 3356 5317 lignum
3404 5243 3461 5297 in
3492 5239 3676 5296 medio

2081 5336 2719 5415 paradisointellectum
2766 5335 2914 5408 quod
2955 5351 3082 5392 esse
3142 5341 3326 5405 potest
3373 5332 3671 5405 purissima

2082 5436 2175 5492 Dei
2217 5429 2615 5502 contemplatio
2668 5438 2724 5486 et
2769 5427 3027 5485 sublimis
3092 5420 3672 5497 incomprehensibilis

2080 5527 2176 5582 Dei
2210 5523 2480 5597 cognitio,
2518 5521 2671 5578 circa
2700 5521 2809 5576 hoc
2835 5519 3071 5588 lignum,
3117 5518 3340 5588 igneum
3365 5514 3541 5585 ipsius
3579 5526 3669 5566 ιο·
3706 5510 3716 5570 ὲ

2077 5619 2210 5683 lum,
2234 5631 2395 5687 quem
2421 5614 2734 5671 ﬂauumeum
2756 5611 2997 5683 gladium
3020 5609 3207 5665 divina
3223 5607 3356 5662 dicit
3377 5605 3665 5674 Scriptura

2081 5718 2135 5766 et
2162 5707 2456 5768 Cherubim
2487 5712 2663 5775 vocat,
2699 5703 2973 5776 angelicas
3005 5688 3242 5759 virtutes
3276 5696 3404 5753 dico
3453 5705 3508 5754 et
3551 5709 3666 5752 cu:-
