3980 6404
357 394 462 450 699

357 513 528 570 lestes
550 528 675 584 qua:
708 512 966 584 indignos
1003 513 1252 570 dividant
1284 520 1340 570 et
1384 519 1630 576 arceant,
1668 511 1946 583 disposuit

355 607 531 673 Deus,
569 622 639 662 ne
665 606 794 676 quis
824 622 1208 678 prmproperus
1229 605 1403 660 Adam
1437 613 1492 660 et
1516 605 1735 674 spiritui
1760 612 1943 674 aptam

357 699 552 753 horam
585 697 948 767 praeveniens,
977 713 1046 752 ne
1092 699 1219 768 quis
1263 695 1533 768 profanus
1591 703 1686 749 aut
1739 695 1943 761 malus,

355 803 473 842 non
495 785 728 856 abjectis
755 797 917 841 antea
957 787 1251 857 saporibus
1295 800 1458 856 pcena
1505 785 1687 855 dignis
1730 785 1947 839 arboris

362 878 823 948 concupiscentiae
872 878 1160 944 carnalis,
1205 879 1331 931 vita:
1383 877 1589 947 lignum
1648 875 1947 946 appropin-

363 983 536 1038 quare
563 967 783 1024 audeat.
820 987 839 1020 ι
873 966 1060 1038 Itaque
1110 983 1140 1022 a
1183 967 1626 1029 vehementibus,
1678 985 1698 1018 ι
1734 975 1789 1022 et
1827 981 1946 1035 seq.

363 1059 521 1116 Unde
557 1059 616 1114 lit
673 1068 735 1114 ut
783 1059 1113 1114 hiemalibus
1146 1058 1671 1128 vehementibusque
1713 1057 1947 1113 furenti-

361 1151 466 1208 bus
507 1150 765 1221 procellis
813 1151 870 1204 in
904 1150 1044 1204 mari
1086 1150 1353 1220 navigans
1379 1148 1543 1205 homo
1589 1157 1646 1205 et
1692 1149 1762 1206 ab
1808 1157 1946 1205 aestu

362 1251 629 1312 exsputus
663 1242 716 1296 in
749 1242 920 1296 altum
951 1241 1285 1312 volutusque
1315 1251 1462 1297 retro
1508 1239 1780 1296 dedecore
1808 1257 1838 1294 a
1861 1242 1945 1297 via

361 1335 701 1401 deducatur;
743 1332 944 1389 deinde
979 1333 1286 1390 lenioribus
1335 1333 1515 1390 ventis
1565 1334 1681 1388 vela
1729 1333 1948 1404 scapha:

361 1427 689 1496 permittens
751 1436 848 1481 aut
915 1427 1219 1496 rcmigibus
1271 1435 1434 1484 utens
1489 1427 1948 1483 convenientibus

357 1517 539 1570 multo
601 1517 792 1572 labore
842 1517 1081 1586 spatium
1125 1517 1419 1588 denavigat
1463 1533 1648 1575 suum.
1696 1517 1762 1572 Et
1821 1535 1945 1585 nos,

358 1609 556 1678 inquit,
588 1609 778 1666 eodem
816 1610 1014 1675 modo,
1042 1624 1073 1663 a
1112 1609 1222 1666 Deo
1252 1612 1578 1682 elongamur
1616 1627 1715 1682 per
1759 1612 1949 1670 inobe-

358 1699 628 1755 dientiam
683 1699 789 1754 sub
856 1702 1153 1770 spirituum
1211 1702 1485 1756 malorum
1541 1703 1841 1772 impetibus
1891 1713 1948 1760 et

360 1797 588 1861 peccato
621 1791 1016 1844 contundimur
1041 1799 1096 1846 et
1132 1800 1344 1858 morte;
1398 1791 1496 1847 sed
1522 1807 1742 1847 rursum
1787 1792 1947 1848 Chri-

367 1885 483 1938 stus
510 1878 674 1936 Jesus
699 1880 906 1951 dirigit,
939 1881 1098 1951 cujus
1121 1881 1279 1939 bonis
1308 1883 1520 1954 angelis
1550 1884 1946 1941 auxiliantibus

359 1977 414 2022 et
445 1969 836 2038 adjuvantibus
876 1969 944 2024 ad
992 1970 1335 2027 destinatum
1390 1983 1809 2045 persequentes,
1857 1977 1949 2031 vix

359 2057 542 2116 adhuc
569 2068 627 2116 et
659 2059 940 2131 adjunctis
985 2079 1097 2118 non
1139 2065 1352 2136 ignavis
1394 2066 1688 2121 conatibus
1741 2067 1951 2123 nostris

359 2167 459 2223 pro
484 2153 708 2223 pietate,
744 2153 889 2208 viam
921 2153 990 2209 ad
1023 2153 1117 2210 Dei
1169 2155 1492 2227 paradisum
1531 2172 1759 2213 sursum
1809 2158 1950 2212 diri-

359 2242 562 2312 gimus.
613 2241 743 2298 Haec
780 2243 882 2298 fuit
937 2259 968 2298 a
1000 2245 1179 2315 primo
1227 2256 1455 2316 parente
1499 2246 1946 2318 superseminata

359 2333 418 2387 in
447 2349 621 2404 genus
649 2334 952 2390 humanum
981 2351 1104 2406 qua:
1132 2337 1461 2407 germinavit
1505 2338 1703 2408 culpa;
1736 2354 1846 2393 non
1883 2340 1941 2393 in

359 2424 635 2497 principio
681 2428 983 2496 exsistens,
1043 2445 1166 2501 qua:
1236 2445 1304 2485 ex
1347 2430 1544 2486 ordine
1596 2431 1655 2485 in
1705 2438 1943 2502 segetem

358 2513 730 2573 abundantem
783 2517 1030 2575 letiferos
1081 2519 1234 2576 dedit
1295 2521 1538 2588 fructus,
1581 2521 1790 2592 quibus
1841 2537 1946 2578 nos

357 2606 520 2674 plene
551 2608 877 2677 puriﬁcans,
901 2624 936 2663 o
965 2609 1202 2678 .Christe
1244 2608 1411 2677 Deus,
1436 2626 1536 2682 per
1578 2619 1727 2666 tuam
1775 2613 1946 2668 bene-

356 2697 678 2767 dictionem,
704 2701 923 2771 justitia
957 2709 1052 2756 tua
1081 2710 1135 2757 et
1167 2717 1300 2772 pace
1324 2711 1378 2758 et
1411 2703 1591 2774 gratia
1623 2705 1774 2774 reple
1807 2721 1937 2771 nos,

357 2790 454 2858 qui
483 2793 638 2848 solus
663 2793 990 2848 benedictus
1031 2809 1093 2849 es
1138 2801 1193 2849 et
1235 2795 1577 2864 glorilleatus
1617 2795 1674 2852 in
1716 2798 1940 2854 saecula.

356 2885 552 2938 Amen.

356 3063 781 3144 Commentarius
805 3085 1148 3144 “arguerunt
1181 3069 1387 3144 Magni
1409 3071 1654 3141 Gregorii
1691 3071 1941 3144 Theologi

423 3139 760 3220 carminum;
793 3137 858 3193 de
887 3139 1241 3196 Testamentis
1271 3137 1772 3212 ἑιΜιιηίῙὲδιαιὶυηε
1790 3137 1941 3199 Chri-

425 3218 519 3274 8η,
544 3225 717 3262 sermo
748 3219 986 3264 octavus.

423 3295 654 3353 Peracto
710 3301 1019 3372 dogniatico
1053 3301 1122 3359 de
1161 3304 1345 3358 anima
1393 3320 1651 3360 sermone
1703 3306 1940 3376 septimo

353 3391 685 3447 excellenter
715 3408 745 3446 a
800 3391 912 3448 Deo
961 3395 1160 3450 ductus
1213 3395 1514 3467 Gregorius
1558 3399 1685 3452 inde
1713 3399 1780 3454 ad
1831 3399 1942 3453 dno

355 3488 706 3547 testamenta,
741 3490 896 3538 vetus
951 3493 1008 3540 et
1069 3501 1292 3553 novum,
1341 3495 1438 3541 aut
1501 3489 1569 3543 ad
1619 3491 1792 3560 legem
1844 3483 1941 3545 Dei

355 3572 578 3628 transit.
666 3573 878 3634 Etenim
945 3577 1002 3631 in
1067 3575 1356 3647 Scriptura
1412 3579 1496 3634 lex
1556 3595 1653 3649 per
1701 3578 1941 3652 Moysem

354 3665 612 3736 primitus
640 3667 787 3735 data,
816 3677 980 3740 atque
1010 3671 1188 3740 gratia
1211 3679 1267 3728 et
1292 3673 1498 3729 veritas
1534 3673 1816 3745 Evangelii
1856 3690 1944 3729 sc-

352 3756 537 3810 cundo
569 3773 664 3826 per
711 3755 900 3814 Iesum
953 3760 1237 3816 Christum
1296 3761 1462 3828 facta,
1506 3779 1614 3818 una
1677 3764 1765 3819 lex
1813 3772 1945 3820 sunt

354 3845 581 3914 Spiritus
615 3848 742 3902 vita:
773 3848 866 3918 qui
910 3849 964 3903 in
1006 3847 1138 3906 Jesu
1200 3851 1426 3908 Christo
1459 3869 1567 3910 me
1615 3855 1870 3911 liberavit
1913 3873 1942 3910 a

355 3937 473 4007 lege
508 3940 718 4006 peccati
751 3949 807 3996 et
829 3943 1046 3998 mortis.
1078 3942 1195 3999 Duo
1236 3952 1566 4002 testamenta
1615 3947 1768 4004 dicta
1813 3957 1945 4004 sunt

353 4046 418 4088 eo
442 4034 587 4102 quod
624 4033 842 4090 duobus
869 4038 1237 4108 temporibus,
1275 4039 1406 4094 olim
1437 4048 1493 4096 et
1521 4057 1691 4109 nunc,
1719 4053 1774 4098 et
1799 4043 1943 4114 apud

353 4131 493 4180 duos
520 4124 712 4192 Israel,
765 4137 1003 4183 Veterem
1050 4139 1105 4184 et
1155 4145 1357 4184 novum
1427 4132 1639 4201 prolata
1707 4135 1780 4188 sit
1833 4133 1940 4188 lex.

352 4217 489 4272 Aliis
523 4219 745 4288 quldem
776 4221 1020 4290 potentia
1046 4221 1168 4292 ejus
1206 4222 1261 4276 in
1314 4223 1596 4292 parabolis
1641 4232 1697 4280 et
1752 4223 1944 4294 ﬁguris

355 4309 686 4366 adumbrata
741 4320 848 4379 est,
905 4319 1096 4382 utpote
1147 4314 1242 4384 qui
1297 4314 1556 4370 tardioris
1610 4315 1838 4385 spiritus
1889 4323 1945 4370 et

352 4400 691 4470 imperfecti;
728 4417 872 4456 novo
910 4418 1041 4469 vero
1097 4404 1298 4472 populo
1346 4405 1557 4459 clarius
1609 4413 1664 4460 et
1721 4405 1833 4460 Deo
1866 4405 1945 4460 di-

352 4492 540 4561 gnius,
570 4492 731 4560 quasi
766 4500 914 4548 esset
943 4494 1248 4550 eruditiore
1286 4495 1451 4550 oculo
1515 4503 1569 4551 et
1594 4496 1936 4566 perfectiori,

351 4583 717 4652 evangelizati
743 4593 874 4638 sunt
924 4585 979 4639 in
1011 4585 1234 4641 Christo
1279 4585 1410 4640 Jcsu
1464 4587 1621 4657 regni
1669 4589 1938 4644 ccelorum

353 4676 697 4747 splendores.
739 4677 1032 4735 Videamus
1065 4696 1134 4734 ne
1162 4680 1290 4735 vilis
1319 4679 1393 4735 sit
1413 4695 1619 4745 sermo,
1651 4690 1707 4737 et
1747 4682 1933 4738 heroi-

359 4784 556 4824 corum
607 4769 918 4824 carminum
970 4782 1135 4841 atque
1178 4772 1464 4843 elegantiae
1511 4772 1716 4829 Graeca:
1766 4775 1937 4832 ardua

349 4861 603 4930 plurimis
645 4861 906 4934 ingeniis,
949 4879 1048 4934 pro
1079 4879 1241 4934 posse
1279 4873 1492 4931 nostro,
1528 4867 1818 4939 theologia:
1851 4869 1937 4925 di-

355 4953 465 5008 vini
499 4955 926 5012 sermocinantis
960 4972 1127 5028 quam
1155 4956 1446 5013 minimum
1498 4958 1738 5030 impares
1811 4961 1939 5018 illu-

353 5051 616 5102 streanus.

352 5221 377 5277 1
425 5221 529 5277 Eia
577 5240 672 5295 age
705 5234 754 5280 et
791 5227 1066 5298 utrimque
1090 5225 1219 5295 legis
1254 5228 1513 5284 rationem
1534 5231 1792 5300 expende,
1824 5241 1930 5288 etc.

425 5387 560 5458 Age,
601 5385 758 5456 quasi
792 5402 914 5441 cum
951 5387 1126 5444 altero
1150 5387 1474 5458 colloquens
1503 5389 1688 5454 divus,
1722 5403 1934 5444 sermo-

350 5496 477 5536 nem
505 5477 574 5534 de
595 5478 802 5550 duplici
846 5480 964 5550 lege
1019 5483 1300 5551 perquire,
1350 5483 1533 5552 inquit
1576 5483 1695 5550 ipse
1737 5480 1935 5535 animae

351 5585 469 5626 suae
511 5592 525 5628 :
565 5569 767 5643 duplex
793 5572 942 5626 enim
979 5579 1249 5637 estvctus
1287 5581 1343 5630 ct
1378 5588 1541 5638 nova,
1584 5567 1933 5624 manifestata

425 5709 540 5777 (ll)
577 5711 858 5782 Έττίσει.
921 5711 980 5766 ln
1024 5712 1216 5767 codice
1264 5713 1528 5782 scriptum
1569 5721 1654 5782 est
1691 5711 1924 5779 ἐγγίσει,

355 5785 586 5851 ρυῃςειο·
623 5780 817 5834 litterae
854 5800 870 5833 t
924 5780 1395 5850 superimposito,
1452 5781 1596 5848 quod
1658 5782 1930 5851 signiﬁcat

359 5843 753 5903 dubitationem
778 5860 872 5904 aut
890 5843 1321 5922 corruptionem.
1365 5851 1430 5907 ν.
1450 5843 1618 5905 Bastii
1637 5843 1928 5907 Conantem.

1698 397 2000 454 NICETAS
2072 395 2284 452 ωηο

3527 401 3672 460 τοο

2052 511 2196 581 φημὶ
2224 509 2290 581 δὴ
2324 508 2418 562 καὶ
2452 507 2710 580 οὐρανίας
2730 549 2744 572 ,
2792 510 2919 574 τοὺς
2954 509 3208 576 ἀναξίους
3237 510 3665 580 ἀποκλειούσης

2050 601 2144 653 καὶ
2170 598 2694 663 ἀποδιαστελλούσας
2721 599 2966 666 διέταξεν
3011 603 3041 654 6
3084 601 3236 665 Θεὸς,
3266 603 3416 667 ὅπως
3443 606 3659 676 μηδεὶς

2050 689 2318 762 προώριος
2347 691 2517 761 Ἀδὰμ
2540 692 2634 745 καὶ
2658 691 2755 762 τὴν
2779 693 3158 763 πνευματικὴν
3188 694 3406 765 ἡλικίαν
3433 697 3654 769 ἄωρος,

2053 783 2238 854 μηδεὶς
2264 781 2488 852 βέϐηλος
2521 784 2616 843 καὶ
2645 783 2834 848 κακὸς,
2861 783 2992 854 πρὶν
3017 784 3050 856 ἢ
3071 785 3167 838 τοῦ
3191 785 3288 856 τῆς
3318 788 3656 858 σαρκώδους

2049 875 2347 946 ἐπιθυμίας
2377 874 2547 944 φυτοῦ
2581 875 2679 946 τὴν
2712 875 3070 947 κολαστήριον
3093 876 3282 945 γεῦσιν
3310 882 3525 948 φυγεῖν,

2049 972 2147 1041 τῆς
2181 969 2326 1039 ζωῆς
2361 968 2570 1038 ἐγγίσει
2599 969 2711 1038 (ll)
2753 970 2926 1040 φυτῷ.
2972 987 2992 1021 ι
3052 970 3140 1034 Ὧς
3163 970 3210 1023 δ’
3239 971 3331 1025 ὕπ’
3357 973 3579 1044 ἀήταις,
3621 994 3650 1027 ι

2049 1077 2104 1112 κ.
2136 1076 2188 1112 τ.
2220 1059 2519 1130 ἐξ.Ὦσπερ
2551 1059 2656 1112 ὑπὸ
2679 1062 3008 1131 χειμερινοῖς
3031 1061 3125 1114 καὶ
3151 1061 3348 1132 βιαίοις
3387 1064 3652 1135 πνεύμα-

2052 1169 2136 1205 σιν
2171 1151 2461 1222 ἄνθρωπος
2500 1151 2687 1206 πλέων
2713 1151 2811 1223 τὴν
2841 1152 3139 1216 θάλασσαν,
3184 1155 3280 1208 καὶ
3323 1155 3426 1226 τῆς
3461 1158 3542 1220 είς
3575 1156 3656 1210 τὸ

2051 1243 2241 1314 πρόσω
2287 1243 2459 1312 φορᾶς
2490 1241 2863 1313 ἐκκρουσθεὶς,
2897 1243 2992 1296 καὶ
3021 1242 3423 1310 κολυδωνισθεὶς,
3453 1249 3536 1312 είς
3568 1247 3660 1301 τὰ

2049 1334 2224 1388 ὀπίσω
2264 1334 2586 1406 παλίνορσος
2621 1337 2737 1405 μετ’
2766 1335 3028 1408 αἰσχύνης
3061 1337 3410 1410 ἀπεστράφη,
3444 1339 3652 1394 ἔπειτα

2051 1427 2213 1482 πάλιν
2245 1427 2279 1498 ἢ
2320 1427 2650 1500 πραϋτέροις
2686 1427 2964 1499 πνεύμασι
3000 1429 3071 1483 τὰ
3110 1431 3257 1484 ἱστία
3300 1432 3396 1487 τοῦ
3446 1433 3660 1487 πλοίου..

2049 1520 2241 1584 διῖεὶς,
2278 1519 2553 1590 ῆὲρέταις
2604 1521 2952 1592 χρησάμενος
2986 1522 3264 1594 δοκίμοις,
3310 1525 3410 1578 σὺν
3455 1525 3665 1596 πολλῷ

2050 1609 2198 1679 πόνῳ
2225 1608 2316 1661 τὸν
2343 1610 2542 1661 οἰκεῖον
2568 1607 2862 1680 ὲξεπέρανε
2893 1611 3058 1666 πλοῦν
3074 1628 3090 1642 ·
3110 1611 3320 1676 τοῦτον,
3354 1615 3510 1684 φησι,
3539 1617 3654 1669 καὶ

2050 1702 2212 1772 ἡμεῖς
2240 1698 2332 1752 τὸν
2353 1698 2556 1770 τρόπον
2581 1699 2675 1752 τοῦ
2695 1699 2832 1753 Θεοῦ
2864 1701 2968 1772 μὲν
2994 1703 3320 1768 ἐκπεσόντες
3349 1704 3438 1758 διὰ
3461 1723 3653 1778 παρα-

2051 1792 2283 1854 ϐάσεως,
2299 1790 2626 1860 πνευμάτων
2641 1791 2698 1844 δὲ
2717 1793 2968 1863 πονηρῶν
2988 1794 3263 1849 ὲπιθέσεσι
3280 1799 3344 1867 τῇ
3369 1813 3429 1849 τε
3454 1799 3648 1869 ἀμαρ-

2052 1884 2144 1955 τίᾳ
2171 1882 2622 1955 κατατριϐόμενοι
2655 1883 2751 1937 καὶ
2773 1883 2851 1955 τῷ
2880 1883 3114 1956 θανάτῳ,
3141 1881 3298 1950 αὖθις
3319 1887 3374 1941 δὲ
3396 1888 3650 1959 Χριστοῦ

2065 1972 2244 2045 Ἰησοῦ
2279 1973 2636 2043 κυὸερνήτου,
2679 1972 2789 2028 τῶν
2817 1972 3037 2042 ἀγαθῶν
3065 1974 3124 2027 δὲ
3163 1975 3354 2028 τούτου
3384 1976 3649 2045 ἀγγέλων

2050 2065 2432 2136 εὐστοχοῦντες
2482 2064 2692 2135 βοηθῶν
2756 2065 2851 2119 καὶ
2915 2065 3226 2135 συνεργῶν,
3289 2066 3442 2138 μόλις
3494 2067 3650 2122 οὕτω

2053 2161 2150 2212 σὺν
2177 2159 2278 2212 οὐκ
2303 2156 2550 2226 ἀγεννέσι
2578 2158 2692 2220 τοῖς
2726 2157 3016 2228 ἡμετέροις
3048 2157 3190 2230 ὑπὲρ
3219 2159 3504 2222 εὐσεϐείας
3535 2161 3637 2213 πό-

2050 2265 2164 2312 νοις
2188 2247 2280 2301 τὺν
2309 2246 2446 2318 πρὸς
2483 2244 2596 2300 ἄνω
2635 2245 2730 2300 τοῦ
2783 2246 2920 2299 Θεοῦ
2955 2247 3285 2318 παράδεισον
3311 2249 3644 2303 κατευθυνό»

2053 2341 2194 2411 μεθα
2222 2339 2408 2395 πλοῦν.
2443 2339 2678 2411 Τοιαύτη
2713 2340 2810 2412 μὲν
2839 2341 2948 2394 ἀπὸ
2973 2341 3068 2395 τοῦ
3099 2343 3526 2413 πρωτοπλάστου
3554 2343 3649 2413 τῷ.

2048 2432 2372 2502 ἀνθρωπίνῳ
2412 2430 2559 2498 γένει
2601 2431 2896 2501 νεόσπορος
2922 2433 2956 2502 ἡ
2989 2431 3236 2502 ἁμαρτία
3280 2436 3499 2501 φυεῖσα,
3530 2434 3635 2487 οὐκ

2047 2524 2301 2596 ἀνάρχως
2325 2518 2484 2589 οὖσα,
2505 2521 2595 2576 διὰ
2618 2521 2727 2575 τῶν
2750 2521 3006 2592 καθεξῆς,
3030 2525 3110 2586 εἰς
3140 2523 3340 2594 στάχυν
3369 2523 3638 2596 πολύχουν

2046 2616 2140 2670 τὸν
2170 2615 2519 2687 ὀλεθροτόκον
2550 2613 2722 2683 αὐτῆς
2751 2613 2990 2668 ἀνέδωκε
3023 2616 3253 2685 καρπὸν,
3278 2610 3339 2669 οῦ
3364 2616 3460 2668 καὶ
3488 2618 3641 2686 ἡμᾶς

2047 2709 2395 2763 παντάπασιν
2442 2705 2973 2778 ἀνακαθηράμενος,
3029 2707 3232 2778 Χριστὲ
3263 2709 3292 2761 6
3327 2707 3489 2774 Θεὸς,
3536 2709 3636 2778 τῆς

2047 2800 2146 2871 σῆς
2171 2799 2438 2868 εὐλογίας,
2471 2797 2573 2867 τῆς
2629 2797 2730 2869 σῆς
2769 2796 3112 2870 δικαιοσύνης
3146 2800 3242 2853 καὶ
3281 2802 3506 2872 εἰρήνης
3543 2800 3637 2853 καὶ

2044 2889 2409 2962 χρηστότητος
2453 2889 2762 2961 πλήρωσον,
2813 2889 2896 2942 ὅτι
2935 2890 3097 2960 μόνος
3138 2891 3428 2964 εὐλογητὸς
3471 2888 3521 2947 εἶ
3545 2892 3640 2945 καὶ

2043 2979 2429 3051 δεδοξασμένος
2459 2981 2536 3044 εἰς
2566 2979 2693 3043 τοὺς
2721 2979 2944 3043 αἰῶνας.
2995 2980 3191 3052 Ἀμήν.

2057 3072 2384 3147 Ἑξῄγησις
2416 3072 2534 3147 τῶν
2565 3071 2920 3147 ιἰξτορρἠτω)ρ
2971 3072 3076 3126 τοῦ
3104 3073 3375 3147 μεγάλου
3423 3078 3640 3147 Γρηγο.

2106 3141 2245 3212 ρίου
2283 3142 2388 3215 τοῦ
2435 3144 2741 3215 Θεολόγου
2780 3141 2976 3215 ἐπῶν·
3014 3141 3148 3212 περὶ
3186 3141 3493 3215 Διαθηκῶί·
3533 3141 3631 3203 καί

2111 3213 2460 3282 ἐπιφανείας
2486 3213 2767 3280 Χριστοῦ,
2792 3213 2972 3281 ,λόγος
3001 3219 3053 3281 η’
3085 3214 3223 3287 (l2).

2113 3304 2446 3368 Συντελέσας
2473 3303 2600 3367 τοὺς
2635 3303 3000 3375 δογματικοὺς
3043 3305 3175 3377 περὶ
3217 3306 3398 3378 ψυχῆς
3445 3308 3637 3376 λόγους

2045 3399 2110 3463 ζ’,
2138 3399 2168 3450 6
2199 3393 2680 3468 Θεωρητικώτατος
2715 3394 3012 3468 Γρηγὸριος
3037 3437 3052 3460 ,
3088 3395 3336 3450 ἐντεῦθεν
3370 3399 3494 3468 περὶ
3528 3399 3641 3451 τῶν

2041 3490 2136 3543 δύο
2173 3486 2480 3558 Διαθηκῶν,
2518 3485 2766 3550 Παλαιᾶς
2817 3503 2877 3540 τε
2927 3487 3020 3541 καὶ
3066 3487 3291 3556 Καινῆς,
3341 3489 3456 3559 ἤτοι
3501 3491 3630 3560 περὶ

2045 3579 2210 3650 νόμου
2242 3578 2378 3632 Θεοῦ
2399 3617 2414 3642 ,
2475 3578 2855 3650 διαλαμϐάνει.
2886 3579 2956 3632 Ὅ
3001 3595 3061 3631 τε
3106 3577 3213 3649 γὰρ
3249 3581 3308 3631 ὲν
3340 3581 3628 3652 γράμματι

2042 3672 2207 3744 νόμος
2238 3671 2326 3726 διὰ
2352 3671 2628 3736 Μωῦσέως
2661 3671 2877 3744 πρῶτον
2930 3671 3228 3743 δεδομένος,
3285 3673 3319 3743 ἢ
3363 3691 3422 3726 τε
3475 3675 3635 3745 χάρις

2045 3762 2140 3814 καὶ
2173 3763 2206 3833 ὴ
2237 3761 2466 3832 ἀλήθεια
2503 3760 2595 3814 τοῦ
2639 3760 2970 3829 Εὐαγγελίου
3003 3761 3065 3814 τὸ
3104 3761 3356 3832 δεύτερον
3403 3762 3491 3816 διὰ
3533 3765 3636 3834 Ἰη·

2046 3854 2140 3908 σοῦ
2187 3853 2422 3926 Χριστοῦ
2471 3853 2832 3924 γεγενημένη,
2868 3846 2949 3916 εἷς
2977 3853 3140 3923 νόμος
3181 3853 3298 3906 ἐστὶ
3341 3854 3436 3907 τοῦ
3472 3855 3640 3909 Πνεῦ-

2048 3963 2213 4017 ματος
2251 3947 2350 4015 τῆς
2383 3945 2550 4016 ζωῆς,
2595 3945 2654 4009 ὃς
2707 3947 2764 3998 ὲν
2799 3943 3016 4016 Χριστῷ
3063 3944 3240 4018 Ἰησοῦ
3306 3945 3638 4017 ὲλευθέρωσέ

2047 4053 2116 4107 με
2157 4035 2264 4088 ἀπὸ
2305 4033 2398 4088 τοῦ
2449 4035 2615 4106 νόμου
2653 4035 2754 4105 τῆς
2800 4035 3078 4106 ἁμαρτίας
3117 4036 3209 4089 καὶ
3244 4035 3338 4089 τοῦ
3375 4037 3639 4092 θανάτων

2043 4126 2136 4180 δύο
2167 4126 2224 4179 δὲ
2255 4125 2520 4196 Διαθῆκαι
2554 4125 2801 4196 εἴρηνται
2839 4125 2919 4194 τῷ
2965 4126 3024 4178 ἐν
3075 4125 3224 4180 δυοῖν
3253 4127 3485 4198 χρόνοις,
3535 4127 3641 4180 πά-

2044 4216 2132 4272 λαι
2178 4219 2271 4272 καὶ
2296 4218 2412 4283 νῦν,
2461 4217 2554 4271 καὶ
2597 4218 2742 4271 δυοῖν
2800 4217 3017 4290 Ἰσραὴλ
3054 4218 3132 4290 τῷ
3173 4219 3389 4290 παλαιῷ
3421 4237 3642 4290 νενομο-

2046 4309 2304 4380 θετῆσθαι
2334 4311 2429 4362 καὶ
2458 4309 2535 4381 τῷ
2567 4308 2760 4381 καινῷ,
2793 4309 2888 4364 καὶ
2919 4309 2996 4381 τῷ
3029 4313 3130 4381 μὲν
3161 4312 3260 4383 τὴν
3294 4311 3459 4367 αὑτοῦ
3482 4312 3639 4366 δύνα-

2050 4418 2141 4472 μιν
2169 4402 2243 4465 ὼς
2270 4403 2329 4456 ἐν
2356 4403 2692 4474 παραϐολαῖς
2721 4405 2815 4457 καὶ
2847 4408 3028 4468 σκιαῖς
3061 4405 3419 4460 ύποτυπῶσαι
3463 4423 3638 4477 παχυ-

2045 4487 2192 4560 τέρῳ
2215 4489 2306 4542 τὸν
2330 4490 2455 4544 νοῦν
2485 4493 2601 4544 ὄντι
2635 4491 2730 4544 καὶ
2755 4492 2953 4559 ἀτελεῖ,
2989 4493 3068 4563 τῷ
3107 4494 3278 4566 καινῷ
3305 4495 3359 4548 δὲ
3403 4495 3516 4565 λαῷ
3546 4498 3568 4548 ὲ
3579 4513 3642 4565 μ-

2047 4581 2378 4652 φανέοτερον
2410 4582 2502 4636 καὶ
2529 4582 2993 4656 θεοπρεπέα-τερον
3021 4585 3096 4649 ὡς
3120 4585 3514 4658 ὀξυωπεστέρῳ
3549 4587 3643 4639 καὶ

2046 4675 2363 4746 τελειοτέρῳ
2391 4674 2490 4739 τὰς
2517 4675 2620 4746 τῆς
2648 4677 2926 4748 βασιλείας
2965 4679 3073 4732 τῶν
3112 4678 3381 4751 οὐρανίων
3413 4681 3644 4747 εύαγγευ

2045 4768 2296 4824 λίσασθαι
2329 4769 2388 4823 ὲν
2429 4769 2650 4840 Χριστῷ
2689 4771 2866 4842 Ἰησοῦ
2896 4771 3286 4844 μαρμαρυγὰς.
3319 4773 3549 4842 ’Ὶδωμεν
3584 4771 3643 4824 δὲ

2047 4866 2142 4918 καὶ
2176 4864 2275 4936 τὴν
2307 4861 2642 4934 ἰσχνο).ογίαν
2679 4863 2780 4932 τῆς
2819 4865 3093 4936 φράσεως,
3130 4863 3357 4931 καὶτῶν
3389 4863 3644 4935 ἡρωϊκῶν

2049 4953 2264 5026 μέτρων
2311 4951 2407 5005 καὶ
2453 4950 2652 5015 λέξεων
2694 4952 3023 5024 Ἑλληνικῶν
3074 4952 3136 5006 τὺ
3183 4951 3486 5020 δύσληπτον
3533 4951 3644 5013 τοῖς

2049 5045 2262 5107 πολλοῖς
2309 5043 2384 5106 ὡς
2424 5038 2527 5095 οἶοί
2567 5041 2632 5096 τέ
2675 5043 2843 5114 ἐσμεν
2888 5043 3267 5113 ὁμαλίσαντες,
3295 5044 3362 5114 τῇ
3398 5041 3645 5112 θεολογίᾳ

2044 5136 2138 5191 τοῦ
2167 5134 2532 5205 βεοφάντορος
2561 5134 3070 5206 καταλαμπώμεθα.

2049 5230 2070 5283 l
2109 5227 2271 5296 Aeﬁp’
2313 5225 2423 5296 ἆγε
2463 5225 2562 5280 καὶ
2599 5225 2839 5280 δισσοῐο
2888 5227 3079 5296 νόμου
3109 5226 3298 5293 λόγον
3327 5224 3640 5369 ἐξερξξίνε,

2114 5390 2250 5457 ’Ἄγε
2278 5387 2361 5459 δὴ,
2393 5388 2579 5458 φησὶν,
2623 5386 2698 5448 ῶς
2739 5385 2876 5455 πρὸς
2921 5387 3108 5458 ἕτερον
3141 5387 3170 5439 6
3211 5385 3484 5449 θειότατος
3511 5387 3645 5439 (17:0-

2040 5480 2366 5550 τεινόμενος,
2396 5477 2488 5530 τὸν
2522 5477 2652 5548 περ)⁸
2679 5477 2771 5529 τοῦ
2803 5478 2992 5531 διπλοῦ
3021 5481 3189 5548 νόμου
3240 5476 3396 5546 λόγον
3430 5475 3649 5546 ἐξερεύο

2040 5589 2128 5635 να,
2157 5575 2224 5643 τῇ
2263 5567 2454 5624 ἑαυτοῦ
2489 5568 2797 5637 διαλέγεται
2839 5569 2986 5640 ψυχῇ
3008 5585 3022 5599 ·
3070 5567 3290 5630 διπλοῦς
3319 5566 3430 5639 γὰρ
3466 5562 3641 5630 οὗτος,

2034 5715 2313 5787 ραιφοθνε,
2342 5726 2395 5780 p.
2417 5709 2756 5787 855_._!taqne
2783 5710 2947 5787 etiam
2991 5709 3158 5787 scribi
3181 5715 3375 5787 potest
3412 5707 3631 5787 ξγγίσῃ,

2110 5777 2226 5852 (125
2271 5777 2475 5852 Arcan.
2520 5777 2683 5845 νιιι,“
2715 5797 2766 5850 p.
2827 5781 3056 5852 li7_5_cd.
3097 5777 3292 5837 Colon.
3344 5777 3457 5850 [cd.
3494 5777 3638 5836 nov;

2038 5850 2210 5908 carm.
2241 5853 2274 5910 9
2303 5851 2399 5908 lib.
2433 5867 2473 5918 ι,
2511 5860 2644 5908 sect.
2682 5852 2729 5918 l,
2759 5866 2814 5921 p.
2837 5850 2954 5924 ΞΜ
