3980 6406
456 397 554 457 ιιι

448 519 526 585 ὡς
567 519 798 584 παλαιὸς
846 520 942 574 καὶ
977 519 1098 585 νέος
1148 520 1427 592 ἐκφανεὶς,
1478 523 1573 576 καὶ
1629 524 2057 595 σκιαγωφὴσας

455 610 557 682 μὲν
584 609 751 665 αύτοῦ
780 609 882 681 τὴν
924 609 1154 680 δύναμιν
1181 610 1241 665 ὲν
1271 610 1503 683 Μωῡσῇ,
1536 611 1968 682 τηλαυγέστερον
1995 610 2053 663 δὲ

452 701 554 776 τὴν
597 699 766 756 αὑτοῦ
795 701 956 768 δόξαν
1003 700 1094 756 διὰ
1141 701 1320 774 Ἰησοῦ
1375 701 1732 772 ἀνακαλύψας
1779 703 2049 775 Χριστοῦ·

456 793 552 850 καὶ
579 794 767 864 ἐπειδὴ
799 795 921 847 κατ’
946 793 1120 865 ἀρχὰς
1158 794 1401 865 Ἑϐραῖοι
1427 795 1496 848 δι’
1537 794 1790 867 Ἀϐραὰμ
1818 797 1913 850 καὶ
1943 795 2053 849 τῶν

451 884 710 955 πατέρων
753 885 847 938 τὸν
895 884 1247 956 παμϐασιλέα
1288 887 1496 957 πρῶτοι
1539 888 1858 956 ἐπέγνωσαν
1895 887 2052 954 Θεὸν,

455 975 684 1040 εἰκότως
731 974 828 1030 καὶ
879 975 1087 1048 πρῶτοι
1124 975 1218 1031 τόν
1243 978 1409 1050 νόμον
1452 977 1806 1048 ὑπεδέχοντο·
1842 980 2054 1051 καιροῖς

451 1066 509 1121 δὲ
537 1066 688 1132 ἰδίοις
714 1066 805 1120 διὰ
846 1067 944 1121 τοῦ
991 1067 1330 1137 Μονογενοῦς
1365 1069 1445 1134 εἰς
1478 1069 1550 1123 τὰ
1586 1070 1732 1141 ἄκρα
1763 1069 2053 1139 εὐαγγελίσ-

452 1160 606 1226 ζεται
636 1160 740 1231 τῆς
765 1160 888 1231 γῆς.
923 1159 1047 1216 Ὅτι
1084 1160 1142 1214 δὲ
1185 1155 1266 1221 εἷς
1297 1155 1452 1223 οὗτός
1480 1162 1628 1215 ἐστιν
1666 1163 1695 1216 6
1726 1160 1908 1232 νόμος,
1941 1159 2053 1215 ὥσ-

457 1268 566 1325 περ
593 1253 690 1306 καὶ
712 1254 741 1306 6
770 1250 1094 1323 νομοθέτης,
1116 1250 1182 1305 ἐν
1206 1270 1267 1305 τε
1296 1254 1362 1324 τῇ
1390 1252 1605 1325 Παλαιᾷ
1630 1253 1724 1307 καὶ
1752 1253 1820 1324 τῇ
1847 1252 2049 1324 Καινῇ,

452 1345 603 1410 ἀξιον
631 1343 852 1409 εἰδέναι,
879 1343 955 1408 ὠς
982 1343 1083 1397 οὐκ
1120 1344 1553 1415 ἐναντιουμένοις
1587 1344 1851 1414 δόγμασιν
1884 1343 1917 1415 ἢ
1951 1359 2053 1397 πα-

455 1435 786 1506 λιμϐούλοις,
839 1436 933 1489 καὶ
989 1433 1164 1489 ἄλλοτ’
1200 1435 1388 1497 ἄλλαις
1436 1434 1804 1499 διδασκαλίαις
1843 1436 1873 1489 6
1920 1433 2055 1498 θεὸς

452 1521 563 1576 τῶν
611 1518 868 1592 γνώσεων
912 1521 1005 1574 τὸν
1057 1522 1345 1593 ἄνθρωπον
1390 1522 1514 1591 ἄγει
1552 1523 1689 1595 πρὸς
1732 1524 2052 1593 ἐπίγνωσιν,

455 1611 647 1685 ὥσπερ
690 1631 775 1675 τις
823 1613 1118 1679 ἀσύνθετος
1167 1614 1261 1667 καὶ
1310 1614 1678 1687 παλίμϐουλος
1705 1616 1847 1686 ἀνὴρ
1879 1615 2054 1688 ἐαυτῷ

458 1704 790 1776 μαχόμενος,
857 1705 893 1776 ἦ
949 1704 1041 1758 ἐπὶ
1095 1707 1208 1768 τοῖς
1272 1705 1559 1778 προτέροις
1608 1706 1746 1762 ἄλλα
1791 1725 2055 1780 προσεπι-

455 1796 591 1850 νοῶν
613 1812 627 1825 '
666 1795 848 1865 ἄπαγε
899 1795 999 1867 τὴν
1046 1793 1384 1867 χαμαίζηλον
1418 1797 1685 1869 ὑπόληψιν
1711 1799 1821 1852 ἀπὸ
1853 1798 1949 1852 τοῦ
1984 1800 2055 1854 τὰ

457 1888 637 1970 πάντα
672 1888 779 1960 πρὸ
806 1891 906 1960 τῆς
938 1888 1118 1944 αὐτῶν
1151 1889 1419 1959 γενέσεως
1448 1891 1770 1964 ὡρισμένως
1789 1892 1883 1946 καὶ
1910 1893 2055 1946 ἀπα·

461 1981 772 2052 ραποιήτως
821 1980 1269 2051 ὲξεπισταμένου.
1330 1981 1501 2036 Τοῦτο
1552 1982 1663 2054 γὰρ
1701 1984 1799 2038 καὶ
1841 1982 2055 2055 ἀνθρὼ-

463 2068 585 2132 ποις
616 2072 788 2123 ποιεῖν
819 2068 853 2140 ἢ
883 2069 1115 2139 πάσχειν
1146 2071 1532 2128 ἐπονείδιστον.

458 2162 492 2218 8
544 2161 695 2216 Ἀλλ’
717 2161 805 2215 ὅδ’
835 2162 978 2233 ἐμὸς
1005 2164 1210 2232 λόγος,
1235 2180 1291 2218 κ.
1326 2182 1377 2218 τ.
1404 2165 1484 2230 ἐξ.

528 2253 685 2308 Τοῦτ’
718 2254 894 2309 ἔστιν’
921 2247 1092 2319 υῦτος
1124 2256 1153 2308 6
1189 2255 1323 2325 ἐμὸς
1355 2255 1512 2324 λόγος
1537 2256 1633 2310 καὶ
1658 2255 1798 2329 αὕτη
1836 2257 1987 2312 ἐστὶν
2020 2259 2053 2329 ἡ

457 2347 587 2418 παρ’
636 2345 772 2417 ἐμοῦ
815 2346 944 2419 περὶ
988 2346 1090 2417 τῆς
1121 2347 1199 2410 εἰς
1229 2346 1320 2401 τὸν
1362 2347 1648 2419 ἄνθρωπον
1706 2348 1803 2402 τοῦ
1852 2348 2055 2419 φιλαν-

457 2436 679 2511 θρώπου
714 2436 1037 2508 κηδεμονίας
1069 2439 1162 2492 καὶ
1196 2438 1448 2510 βοηθείας
1477 2440 1792 2495 διδασκαλία
1820 2441 1916 2495 καὶ
1947 2441 2055 2495 διά-

458 2545 637 2599 κρισις
662 2530 757 2581 καὶ
795 2530 824 2581 6
863 2527 958 2580 τοῦ
985 2528 1145 2598 λόγου
1189 2529 1411 2594 σκοπὸς,
1446 2531 1529 2585 ὅτι
1567 2529 1627 2596 ἐξ
1669 2530 1845 2601 ἀρχῆς
1884 2533 1914 2585 6
1957 2531 2054 2586 τοῦ

457 2620 781 2693 γράμματος
821 2621 1050 2693 εἰσήχθη
1092 2620 1276 2692 νόμος,
1307 2621 1406 2687 τὰς
1450 2622 1892 2693 εἰδωλολατρείας
1921 2640 2055 2677 κατ-

456 2714 667 2784 αργῶν,
697 2714 791 2766 καὶ
815 2714 1006 2784 ὅτιπερ
1037 2714 1096 2765 ὲν
1116 2712 1292 2784 τούτῳ
1329 2713 1452 2784 μηδ’
1481 2712 1648 2766 αὑτοῦ
1676 2713 1771 2766 τοῦ
1798 2714 2053 2782 παλαιοῦ,

456 2804 673 2875 Ἰσραὴλ
715 2805 850 2875 πρὸς
896 2803 988 2857 τὸν
1027 2803 1326 2876 νομοθέτην
1366 2804 1529 2858 αὑτὸν
1564 2804 1860 2860 ἀνανεῦσαι
1891 2805 2053 2859 δυνα-

456 2898 644 2967 μένου,
673 2896 835 2961 αύτὸς
862 2899 1068 2963 ἐκεῖνος
1095 2897 1490 2970 ἀνδρούμενος.
1524 2899 1733 2952 καὶτὸν
1765 2899 1859 2953 τοῦ
1891 2898 2058 2953 πνεύ-

459 3006 628 3062 ματος
657 2990 822 3061 νόμον
855 2983 945 3043 οἷα
986 2988 1138 3060 ῥόδον
1177 2991 1237 3045 ὲν
1290 2991 1490 3045 κάλυκι
1522 2990 1602 3061 τῷ
1630 2992 1921 3063 γράμματι
1958 3008 2049 3045 κε-

458 3081 772 3151 κρυμμένον
805 3076 1160 3149 ἐξεκάλυψεν,
1190 3080 1284 3133 καί⁹
1309 3080 1400 3134 τὸν
1430 3080 1799 3150 πνευματικὸν
1838 3080 2056 3153 Ἰσραὴλ

460 3171 557 3225 τοῦ
604 3171 866 3242 σαρκικοῦ
918 3174 997 3244 τῇ
1052 3171 1343 3245 θεανδρικῇ
1399 3171 1633 3243 ἐνδημίᾳ
1690 3171 2051 3243 διημείψατο·

462 3257 618 3326 οὗτος
649 3257 763 3327 οὖν,
798 3261 980 3334 φησὶν,
1009 3262 1039 3316 6
1065 3258 1198 3333 ὲμδς
1222 3262 1317 3316 ἀπ’
1350 3263 1525 3335 ἀρχῆς
1547 3263 1679 3335 ἄχρι
1702 3263 1890 3327 τέλους
1921 3265 2050 3335 περί

463 3354 561 3425 τῆς
578 3352 883 3422 οἰκονομίας
905 3350 999 3405 τοῦ
1025 3351 1171 3405 θείου
1195 3350 1370 3421 Λόγου
1393 3351 1572 3422 λόγος,
1598 3352 1658 3407 ὃν
1682 3353 1777 3407 ἐπὶ
1801 3352 1862 3407 τὸ
1888 3354 2049 3426 ἀκρι-

457 3444 716 3501 ϐέστατον
747 3444 859 3508 τοῖς
890 3442 1045 3497 ἔπεσι
1072 3442 1282 3508 τούτοις
1313 3445 1648 3516 πειράσομαι
1676 3446 2033 3518 διασαφῆσαι.

458 3561 494 3619 9
526 3561 846 3631 Λυσσιξεις
889 3560 989 3616 ὅτε
1031 3559 1266 3631 πρῶτον
1297 3559 1473 3632 Ἀδὰμ
1509 3561 1711 3627 ,βάλεν
1751 3561 1823 3617 ἐκ
1856 3574 2051 3632 παρα-

1414 3630 1670 3704 [δείσου,
1707 3649 1764 3689 κ.
1803 3650 1853 3687 τ.
1898 3630 1980 3699 ἐξ.

527 3727 660 3781 Ὅτε
695 3726 789 3780 ἀπ’
816 3723 997 3799 ἀρχῆς
1026 3723 1306 3797 λυσσώδης
1334 3724 1430 3779 καὶ
1463 3724 1908 3797 ἀνθρωποκτόνος
1929 3727 2053 3796 ὄφις

457 3820 546 3877 διὰ
572 3820 672 3891 τῆς
709 3816 1086 3892 ἀπειρημένης
1118 3816 1214 3871 τοῦ
1259 3815 1619 3888 ὀλεθροφόρου
1646 3816 1887 3886 γεύσεως
1914 3834 2052 3890 καρ-

459 3911 562 3967 ποῦ
599 3912 692 3966 τὺν
735 3910 951 3982 πρῶτον
995 3909 1285 3981 ἄνθρωπον
1333 3909 1620 3981 ἀπατήσας
1667 3907 1910 3981 ἐξώθησε
1956 3909 2050 3963 τοῦ

462 4002 814 4076 παραδείσου,
864 4000 1135 4074 καθάπερ,
1177 4002 1362 4074 φησὶν,
1408 4002 1502 4055 ἐπὶ
1558 4000 1830 4072 πολεμίων
1872 4018 2052 4073 παρα-

459 4093 684 4161 τάξεως,
714 4092 807 4148 τοῦ
834 4095 1164 4165 στρατηγεῖν
1198 4092 1535 4163 τεταγμένου
1561 4092 1933 4158 πεπτωκότος,
1959 4092 2052 4148 τὸν

460 4190 891 4262 ἀνηγεμόνευτον
924 4185 1144 4242 τύπτων
1183 4186 1414 4256 στρατὸν
1438 4186 1468 4238 6
1493 4184 1760 4256 δυσμενὴς
1795 4186 1889 4238 καὶ
1925 4202 2052 4238 κον-

459 4286 568 4347 τοῖς
601 4283 693 4336 καί
719 4280 896 4351 βέλεσι
924 4278 1019 4333 καὶ
1039 4278 1203 4331 πᾶσιν
1231 4276 1434 4341 ὅπλοις,
1463 4271 1888 4346 κατευμεγεθεῖν
1907 4275 2053 4344 ἀγω-

459 4375 666 4440 νίζεται
691 4372 804 4428 τῶν
829 4370 1178 4444 ἡττωμένων,
1208 4370 1300 4423 τὸν
1331 4370 1514 4441 ὅμοιον
1551 4368 1750 4439 τρόπον
1773 4368 1868 4422 xui.
1892 4368 2054 4433 αὐτὸς

460 4467 490 4521 6
536 4465 803 4529 Σατανᾶς,
850 4460 942 4516 τὸν
994 4462 1211 4535 πρῶτον
1256 4461 1430 4532 Ἀδὰμ
1482 4461 1909 4532 τροπωσέῳενος
1961 4460 2054 4515 καὶ

461 4556 882 4627 ὑπαγαγόμενος
925 4557 992 4627 τῇ
1034 4554 1278 4627 ἁμαρτίᾳ
1318 4555 1414 4607 καλ⁵
1458 4554 1594 4608 πᾶσι
1637 4555 1751 4617 τοῖς
1779 4552 1837 4621 ἐξ
1884 4553 2053 4607 αὐτοῦ

462 4649 606 4703 κατά
632 4648 813 4710 πάσας
836 4645 1227 4718 βεῦλαστηκόσι
1254 4644 1470 4715 γενεὰς,
1506 4649 1722 4717 μηχανῇ
1758 4647 1909 4720 πάσῃ
1941 4663 2060 4701 συν-

465 4739 830 4812 εργαζόμενος
856 4739 955 4810 τὴν
983 4738 1278 4811 ἁμαρτίαν,
1302 4737 1381 4810 τῷ
1417 4737 1519 4809 ἴσῳ
1564 4738 1851 4809 προστίμῳ
1887 4754 2058 4792 κατα-

465 4827 675 4893 δικάζει
701 4827 794 4881 τοῦ
835 4827 1069 4881 θανάτου
1089 4842 1103 4856 ”
1150 4826 1316 4880 αὑτοῦ
1353 4825 1463 4899 γὰρ
1514 4825 1609 4879 τοῦ
1647 4826 1904 4896 Ὑψίστου
1936 4830 2058 4892 ταῖς

464 4917 781 4983 ὲπικλόποις
805 4917 968 4972 αὐτοῦ
1010 4917 1105 4972 καὶ
1141 4917 1551 4989 κακομηχάνοις
1582 4918 1902 4989 ἀπορρήξας
1933 4918 2058 4989 βους

463 5011 599 5077 λαῖς,
641 5010 854 5082 πρῶτον
892 5010 993 5082 μὲν
1028 5010 1156 5073 τοὺς
1185 5007 1349 5062 αὑτοῦ
1372 5006 1685 5079 διέστρεφεν
1723 5008 2054 5079 ὀφθαλμοὺς,

462 5105 599 5178 πρὸς
627 5103 698 5157 τὰ
726 5103 897 5177 κάλλη
934 5103 1030 5157 τοῦ
1061 5100 1293 5171 ούρανοῦ
1321 5101 1416 5156 καὶ
1447 5100 1547 5166 τὰς
1602 5102 1906 5172 φανοτάτας
1939 5102 2054 5174 (15)

464 5195 569 5249 τῶν
595 5196 815 5267 ἄστρων
856 5195 1090 5266 ἀγλαΐας
1139 5193 1472 5258 ἀτενίζοντα,
1502 5192 1713 5257 τούτοις
1745 5193 1808 5247 τὺ
1845 5194 2056 5265 ὀφειλό-

473 5306 626 5358 μενον
648 5288 727 5360 τῷ
758 5289 971 5363 Κτίστῃ
999 5289 1432 5361 προσαναφέρειν
1459 5287 1623 5352 σέϐας
1641 5304 1655 5317 ·
1684 5287 1876 5342 ἔπειτα
1916 5288 2053 5360 πρὸς

470 5381 562 5446 τὰς
580 5382 692 5437 τῶν
718 5381 1096 5437 ἀποθανόντων
1131 5381 1346 5454 μορφὰς
1382 5380 1708 5435 ἀποϐλέπειν
1743 5382 1840 5436 καὶ
1881 5382 1950 5437 τὰ
1976 5384 2057 5437 εἷ·-

466 5469 626 5541 δωλα,
675 5474 712 5528 ἃ
750 5475 1028 5545 συγγενῶν
1073 5474 1237 5539 πόθος
1282 5474 1468 5547 χρυσῷ
1516 5474 1550 5546 ἢ
1602 5473 1828 5547 ἀργύρῳ
1853 5477 1886 5548 ἥ
1914 5493 2056 5530 τισιν

465 5558 620 5628 ὕλαις
661 5564 850 5629 ἄλλαις
898 5564 1183 5635 εὐκόσμως
1218 5563 1591 5636 διεμόρφωσεν
1613 5582 1629 5596 υ
1674 5564 1842 5635 μῦθος
1873 5565 1931 5620 δὲ
1960 5567 2052 5622 καὶ

461 5651 641 5723 λόγος,
671 5655 873 5728 ψευδὴς
901 5657 1021 5727 μὲν,
1063 5656 1446 5725 ἀνεξέλεγκτος
1479 5657 1537 5712 δὲ
1571 5657 1664 5711 καὶ
1702 5658 1791 5712 ἀεὶ
1812 5660 1926 5722 τοῖς
1953 5658 2052 5711 ἐπ-

461 5748 777 5819 ερχομένοις
802 5748 981 5804 ἐτεσιν
1003 5751 1123 5814 ταῖς
1144 5749 1516 5825 ψευδοεπείαις
1545 5751 1683 5805 ἐπαυ
1693 5749 1929 5823 ξάμενος,
1958 5752 2053 5808 καὶ

534 5924 584 5997 (1
594 5922 648 5998 ’5)
681 5925 827 5983 Edit.
859 5934 1200 6001 φανωτάτας.

1453 399 1521 456 ΙΝ
1559 401 1873 459 CARMINA
1910 398 2195 460 AllCANA
2267 404 2325 461 S.
2377 402 2736 464 .GREGORII.

3641 413 3749 473 702

2158 529 2214 579 et
2242 523 2583 582 adumbrans
2618 525 2924 597 potentiam
2950 540 3109 584 suam
3132 525 3485 585 ministrante
3532 526 3741 600 Moyse.

2158 616 2436 675 illustrius
2470 634 2606 674 vero
2637 618 2873 691 gloriam
2922 634 3082 677 suam
3109 621 3368 677 rerelans
3412 635 3512 691 per
3554 617 3745 677 Jcsum

2157 706 2463 765 Christum.
2497 707 2564 765 Et
2597 718 2893 783 postquam
2949 711 3008 766 in
3064 710 3350 782 principio
3379 709 3596 766 Hebrmi
3646 726 3746 781 per

2158 799 2438 855 Abraham
2469 808 2525 857 et
2552 799 2748 859 Patres
2793 803 3042 858 omnium
3085 818 3272 875 regem
3320 805 3482 875 primi
3530 803 3745 859 didice-

2157 900 2290 945 runt
2316 889 2512 960 Deum,
2544 891 2801 949 similiter
2821 902 2879 951 et
2923 894 3092 966 primi
3145 896 3320 965 legem
3373 903 3743 964 acceperunt;

2158 986 2408 1048 tempore
2439 994 2572 1036 vero
2602 989 2915 1051 opportuno
2946 999 3046 1054 per
3065 983 3424 1054 Unigenitum
3465 981 3746 1052 evangeli-

2157 1080 2319 1126 zatur
2345 1086 2524 1144 usque
2550 1073 2617 1128 ad
2667 1073 3032 1129 novissimum
3078 1081 3264 1128 terrm.
3305 1072 3467 1140 Quod
3512 1073 3586 1127 sit
3635 1086 3745 1127 una

2156 1166 2275 1222 haec
2308 1167 2395 1223 lex
2427 1168 2574 1223 sicut
2602 1183 2746 1224 unus
2766 1176 2822 1224 et
2841 1167 3130 1240 legislator
3151 1168 3209 1223 in
3239 1165 3422 1225 Veteri
3440 1176 3496 1223 et
3519 1168 3577 1223 in
3592 1164 3746 1223 Novo

2158 1258 2537 1325 Testamento,
2567 1260 2715 1315 scire
2753 1260 2979 1332 dignum
3009 1267 3117 1326 est,
3145 1260 3293 1315 unde
3329 1274 3441 1314 non
3481 1274 3578 1329 per
3610 1259 3740 1328 dog-

2155 1359 2305 1405 mata
2336 1350 2481 1406 inter
2524 1366 2585 1407 se
2625 1351 2994 1422 repugnantia
3038 1359 3136 1406 aut
3179 1351 3480 1418 variantia,
3517 1366 3619 1406 nec
3647 1366 3747 1421 per

2155 1443 2266 1498 alia
2295 1450 2350 1499 et
2378 1443 2485 1497 alia
2517 1441 2772 1499 instituta
2808 1443 2963 1499 ducit
2987 1442 3134 1501 Deus
3168 1443 3448 1499 hominem
3490 1442 3559 1497 ad
3586 1443 3746 1514 agni-

2155 1536 2754 1604 tionem.veritatum,
2823 1537 2934 1592 viri
2988 1536 3168 1593 instar
3213 1535 3378 1606 cujus
3423 1534 3745 1590 intellectus

2155 1627 2380 1684 mobilis
2418 1642 2522 1685 nec
2569 1636 2776 1683 cuneta
2822 1628 3222 1699 complectens,
3275 1627 3488 1698 quique
3535 1634 3746 1696 pugnat

2155 1733 2344 1774 secum
2409 1726 2508 1773 aut
2570 1719 2852 1789 prioribus
2923 1720 3034 1773 alia
3068 1718 3486 1789 .supercogitat.
3543 1715 3744 1771 Procul

2157 1819 2385 1882 reptans
2408 1828 2567 1868 mens
2590 1814 2647 1867 in
2673 1820 2845 1877 terra,
2879 1812 2950 1866 ab
2984 1811 3080 1866 illo
3114 1811 3211 1882 qui
3251 1810 3493 1869 scienter
3525 1817 3581 1866 et
3617 1819 3747 1865 ante

2155 1901 2538 1958 exsistentiam
2573 1901 2759 1955 omnia
2793 1901 3018 1971 prasilxe
3045 1909 3101 1957 et
3148 1902 3265 1956 ullo
3300 1901 3513 1970 absque
3555 1915 3746 1957 errore

2158 1994 2446 2066 perspicit.
2482 1991 2641 2048 Talia
2667 1991 2855 2049 facere
2871 2003 2929 2049 et
2962 1992 3076 2063 pati
3106 1991 3353 2048 hominis
3378 1999 3489 2057 est,
3523 1989 3746 2061 ipsique

2157 2085 2482 2157 ignominia.
3436 2098 3437 2101 ‘
3776 2088 3779 2092 ’

2154 2182 2188 2236 8
2223 2177 2328 2235 Sed
2376 2192 2523 2232 metu
2581 2175 2667 2230 hic
2725 2190 2922 2241 unua,
2976 2181 3034 2229 et
3083 2188 3201 2244 seq.

2229 2270 2443 2325 Sensus
2461 2274 2548 2324 est
2570 2285 2585 2322 :
2608 2265 2765 2322 Meus
2787 2265 2880 2321 hic
2909 2278 3117 2327 sermo,
3138 2272 3193 2319 et
3211 2276 3242 2315 a
3263 2276 3349 2315 me
3376 2260 3551 2315 hocce
3573 2258 3745 2313 docu-

2156 2370 2399 2417 mentum
2415 2360 2749 2430 etjudicium
2764 2358 2834 2414 de
2849 2357 2970 2413 zelo
2983 2364 3039 2412 et
3057 2354 3266 2410 auxilio
3280 2353 3567 2407 hominum
3586 2365 3744 2405 ama-

2156 2455 2293 2511 toris
2319 2462 2376 2509 et
2409 2451 2686 2509 sermonis
2717 2450 2842 2504 linis
2859 2447 3152 2504 enuntiare
3177 2447 3322 2517 quod
3345 2444 3416 2499 ab
3445 2444 3604 2500 initio
3634 2443 3744 2497 lata

2156 2548 2229 2604 sit
2275 2543 2579 2616 Scriptura:
2595 2544 2682 2599 lex
2712 2541 2783 2595 ad
2808 2537 3102 2595 delendam
3123 2534 3572 2599 idololatriam,et
3593 2530 3745 2602 quod

2156 2639 2263 2696 sub
2294 2639 2412 2708 lege
2434 2636 2587 2691 nullo
2615 2633 2762 2705 apud
2793 2640 3039 2689 veterem
3067 2628 3238 2686 Israel
3271 2625 3340 2681 ad
3375 2625 3744 2696 legislatorem

2155 2745 2316 2787 suum
2341 2729 2557 2799 erigere
2586 2742 2647 2782 se
2677 2722 3060 2792 valente,ipse
3118 2720 3287 2774 homo
3330 2716 3512 2771 factus
3555 2722 3611 2769 et
3663 2715 3744 2768 le-

2156 2835 2278 2891 gem
2335 2815 2568 2888 spiritus
2604 2811 2869 2884 patefecit
2916 2811 2973 2865 in
3020 2808 3315 2878 Scriptura
3362 2804 3739 2861 obnubilatam

2156 2910 2304 2967 sicut
2332 2920 2516 2961 rosam
2547 2904 2604 2958 in
2636 2901 2815 2958 calice
2860 2900 3137 2963 clausam,
3168 2906 3224 2954 et
3265 2895 3606 2951 habitatione
3646 2908 3746 2948 sua

2156 3004 2213 3057 in
2247 2998 2410 3055 nobis
2439 2997 2608 3053 homo
2635 2994 2804 3063 Deus,
2843 2991 3014 3048 lsrael
3067 2989 3352 3045 carnalem
3402 2986 3641 3041 mutavit
3689 2985 3746 3039 in

2156 3091 2525 3166 spiritualem.
2578 3087 2721 3158 Ergo
2769 3086 2841 3152 is,
2900 3083 3103 3154 inquit,
3162 3082 3234 3138 ab
3270 3080 3434 3136 initio
3461 3078 3533 3135 ad
3582 3078 3747 3135 linem

2157 3198 2341 3241 sermo
2372 3194 2530 3237 meus
2554 3178 2624 3234 de
2652 3177 3044 3245 incarnatione
3064 3172 3238 3228 divini
3282 3169 3470 3235 Verbi,
3519 3168 3736 3240 ipsum-

2151 3290 2261 3347 que
2288 3286 2457 3344 quam
2491 3267 2913 3326 accuratissime
2934 3262 3286 3322 carminibus
3315 3259 3441 3317 istis
3466 3257 3751 3315 delineare

2152 3365 2357 3439 aggred
2370 3364 2478 3419 iar.

2150 3570 2185 3626 9
2226 3566 2520 3638 Postquam
2549 3561 2771 3621 rabidus
2806 3557 2979 3615 hostis
3031 3555 3267 3638 primum
3294 3549 3747 3638 hominemreiecit

3176 3625 3233 3698 [ε
3258 3624 3536 3694 paradiso,
3562 3629 3674 3677 etc.

2227 3733 2368 3789 Cum
2399 3728 2472 3784 ab
2500 3725 2659 3782 initio
2689 3720 3057 3780 habensiram
3095 3731 3350 3789 magnam
3384 3722 3441 3771 et
3470 3711 3747 3768 homicida

2151 3836 2385 3892 serpens
2411 3832 2511 3888 per
2530 3816 2758 3873 vetitam
2774 3812 2976 3877 letiferi
2996 3808 3366 3883 gustationem
3388 3803 3605 3859 [ructus
3633 3801 3748 3872 pri-

2153 3926 2305 3967 mum
2349 3907 2660 3979 decepisset
2707 3904 2984 3960 hominem
3013 3900 3476 3967 exturbassctque
3524 3907 3557 3947 a
3582 3906 3750 3964 para--

2152 4004 2298 4069 diso,
2324 3997 2794 4073 quemadmodum
2845 4003 3069 4050 mortuo
3119 3993 3178 4048 in
3228 4004 3414 4063 pugna
3461 3987 3603 4044 duce
3648 3985 3745 4056 qui
3815 3985 3818 3989 ’

2152 4094 2497 4167 imperabat,
2555 4089 2823 4162 proelians
2885 4086 3065 4143 hostis
3135 4084 3193 4139 in
3255 4081 3558 4139 exercitum
3598 4078 3749 4167 duce

2153 4165 2350 4242 orbum
2385 4221 2401 4249 ,
2460 4179 2683 4244 contis,
2726 4176 2931 4246 iaculis
2988 4182 3044 4229 ct
3088 4171 3428 4243 quibuslibet
3470 4166 3643 4222 armis
3686 4165 3746 4220 in

2158 4266 2330 4350 victos
2360 4281 2625 4347 praestare
2651 4276 2853 4335 certat,
2888 4266 3056 4325 simili
3093 4266 3300 4336 impetu
3332 4270 3393 4318 et
3433 4261 3552 4333 ipse
3585 4257 3749 4314 Sata-

2155 4383 2257 4425 nas
2289 4367 2538 4439 l‘ugatnm
2602 4362 2846 4433 primum
2897 4357 3072 4413 Adam
3140 4369 3270 4410 cum
3322 4350 3637 4409 induxisset
3685 4349 3745 4405 in

2159 4465 2449 4533 peccatum
2476 4460 2535 4509 et
2567 4452 2625 4508 in
2652 4449 2839 4507 omnia
2873 4462 2998 4519 quas
3038 4446 3109 4502 ab
3152 4459 3219 4502 eo
3259 4443 3541 4509 oriuntur,
3590 4439 3745 4495 omni

2161 4566 2330 4624 opera
2354 4547 2460 4620 ipsi
2499 4545 2810 4617 adiutorem
2834 4557 2894 4598 se
2915 4541 3123 4613 praebet
3154 4537 3504 4602 delictorum,
3529 4540 3585 4589 et
3610 4547 3746 4588 con-

2159 4647 2297 4705 socii
2342 4644 2401 4699 in
2434 4648 2663 4712 peccato
2690 4636 2750 4693 lit
2775 4642 3067 4691 accusator
3089 4631 3157 4686 ad
3182 4637 3437 4685 mortem.
3478 4625 3614 4682 Nam
3653 4640 3746 4682 as-
3844 4696 3852 4705 .

2159 4739 2297 4795 tutis
2317 4743 2375 4791 et
2407 4731 2641 4789 nefariis
2675 4728 2928 4786 consiliis
2949 4725 3020 4779 ab
3049 4722 3340 4779 Altissimo
3382 4718 3544 4775 divisi
3597 4716 3746 4773 illius

2157 4828 2351 4884 oculos
2378 4823 2559 4894 primo
2588 4818 2865 4878 convertit
2892 4817 2963 4873 ad
2983 4815 3109 4872 caeli
3134 4810 3640 4885 pulchritudinem,
3671 4814 3747 4863 at-

2158 4933 2267 4993 que
2286 4918 2345 4972 in
2371 4914 2808 4985 fulgentissimas
2833 4919 3110 4966 astrorum
3131 4906 3417 4962 claritates
3470 4903 3745 4993 intentum

2160 4992 2327 5070 astris
2354 5007 2572 5065 deferre
2601 5006 2841 5062 debitam
2873 5001 3123 5059 Creatori
3174 4995 3544 5055 reverentiam
3586 4992 3741 5050 fecit.

2160 5106 2287 5163 Mox
2318 5101 2386 5158 ad
2411 5097 2874 5170 contemplandos
2904 5092 3259 5151 morientium
3308 5088 3531 5160 impulit
3554 5088 3744 5143 vultus

2160 5209 2214 5257 et
2240 5195 2511 5266 imagines
2544 5206 2667 5263 quae
2699 5205 2835 5245 auro
2864 5196 2961 5244 aut
2989 5193 3217 5259 argento
3272 5191 3367 5239 aut
3405 5180 3534 5237 aliis
3571 5186 3746 5235 mate-

2164 5293 2263 5347 riis
2289 5290 2570 5361 eleganter
2586 5282 2795 5340 elﬁnxit
2820 5279 3132 5352 parentium
3155 5277 3518 5334 desiderium.
3540 5272 3775 5362 Deinde.

2164 5386 2539 5439 commentum
2568 5384 2623 5433 et
2646 5387 2852 5436 sermo,
2908 5369 3145 5427 mendax
3183 5368 3430 5440 quidem,
3483 5365 3581 5422 sed
3634 5377 3744 5416 non

2165 5474 2508 5547 improbatus
2565 5477 2622 5525 et
2697 5480 2915 5536 semper
2977 5463 3140 5519 annis
3224 5453 3746 5528 supervenientibus

2165 5562 2492 5625 commentis
2517 5565 2714 5615 auctus
2741 5564 2796 5612 et
2825 5556 2880 5611 in
2905 5554 3211 5610 amicorum
3238 5548 3591 5607 sermonibus
3624 5557 3739 5597 non

2161 5652 2323 5708 malis
2376 5653 2687 5710 illustratus
2717 5648 2877 5717 quasi
2913 5646 3020 5700 [ide
3048 5644 3269 5715 dignus,
3300 5639 3556 5694 insanam
3587 5637 3746 5692 addi-

2164 5746 2243 5802 dit
2277 5744 2679 5802 adorationem.
2715 5740 2807 5798 Sic
2840 5741 2910 5799 ab
2933 5738 3092 5796 initio
3124 5728 3446 5793 idololatria
3477 5730 3535 5789 in
3569 5728 3742 5787 vitam
