3980 6406
304 371 407 427 705
1656 368 1959 428 NICE’IAS
1998 368 2218 428 οΑγιῡι

300 484 582 539 ισιηίηιιηι
608 483 848 555 pessime
876 484 1092 541 invecta
1121 493 1229 543 est.
1247 482 1361 542 Nec
1388 485 1566 541 solum
1591 483 1786 542 alienis
1831 483 1886 538 in

298 578 557 650 gentibus
591 578 758 634 dictis
806 577 987 634 modis
1017 577 1306 649 corruptio
1355 577 1625 642 manavit,
1668 575 1780 648 imo
1825 582 1883 630 et

299 666 652 723 Hebraeorum
707 666 982 736 populus,
1035 674 1264 724 sanctus
1332 672 1560 736 propter
1605 663 1887 719 Abraham

3488 368 3584 428 704

1992 489 2051 541 ἐν
2076 488 2188 552 τοῖς
2218 485 2328 539 τῶν
2366 484 2537 554 φίλων
2570 483 2642 539 οὐ.
2673 480 2862 538 κακοῖς
2890 481 3075 547 πιστὸς
3105 480 3583 554 ἀποδεικνύμενος,

1990 578 2273 647 ἀλόγιστον
2304 575 2571 648 περιῆψεν
2603 574 2716 648 (11)
2749 574 2850 644 τὴν
2883 572 3255 645 προσκύνησιν
3276 590 3290 604 ’
3312 571 3488 638 οὕτως
3510 573 3589 627 εἰ-

1990 667 2349 740 δωλολατρεία
2385 667 2466 737 τῷ
2516 667 2621 721 τῶν
2664 664 2968 738 ἀνθρώπων
3008 664 3105 719 ἀπ’
3137 664 3313 736 ἀρχῆς
3356 680 3590 737 παρεισ·

304 768 618 829 rcputatus,
653 759 877 829 periens
904 768 1001 813 aut
1035 774 1202 815 sensu
1236 774 1432 814 carens
1457 773 1569 813 non
1597 755 1750 813 stetit
1783 754 1887 811 ob.-

298 861 616 922 temperans
659 852 864 907 divinis
895 852 1178 923 prophetis
1208 851 1637 907 lamentantibus
1682 858 1738 906 et
1774 850 1886 904 ira-

300 952 422 998 tum
464 944 520 998 in
571 942 720 1012 ipsos
759 943 1105 1014 plaeantibus
1136 942 1358 998 Deum:
1405 942 1475 997 de
1520 942 1723 1013 quibus
1773 956 1885 996 non

302 1034 475 1089 semel
508 1046 671 1091 antea
700 1036 772 1090 ob
801 1035 1169 1090 idololatriam
1206 1034 1392 1106 populi
1427 1033 1649 1089 fuerunt
1683 1034 1776 1105 qui
1805 1034 1877 1091 si-

307 1134 403 1183 cut
431 1125 651 1200 lloyses
676 1135 733 1184 et
759 1126 910 1185 Elias
939 1127 1102 1185 morti
1135 1126 1407 1184 dederunt
1431 1135 1772 1199 peccatores.

1991 757 2205 829 εφθάρη
2237 756 2356 828 βίῳ.
2396 755 2510 809 Καὶ
2555 755 2614 809 οὐ
2665 754 2825 827 μόνον
2856 754 2906 807 οἰ
2949 754 3016 807 ἐκ
3046 751 3156 808 τῶν
3196 752 3372 807 ἀλλων
3419 750 3592 806 ἐθνῶν

1991 852 2106 914 τοῖς
2156 847 2469 920 εἰρημένοις
2511 847 2736 919 τρόποις
2778 844 3217 918 κατεφθείροντο,
3258 845 3361 916 ἤδη
3403 844 3460 898 δὲ
3497 843 3593 898 καὶ

2005 940 2270 1013 Ἑϐραίων
2292 941 2437 1012 ἱερὸν
2468 939 2619 1004 ἔθνος
2641 938 2730 993 διὰ
2763 938 2856 992 τὸν
2888 937 3138 1011 ’Λϐραάμ
3162 935 3416 1008 νομισθὲν
3443 935 3592 990 ὀλοὸν

1992 1026 2028 1097 ἢ
2073 1024 2417 1089 ἀπολωλεκὸς
2461 1023 2659 1094 βουλήν
2698 1024 2846 1075 ἐστιν
2892 1023 3006 1093 (15)
3039 1022 3139 1093 ούχ
3177 1022 3400 1075 ὑπεῖκον
3429 1020 3595 1086 θείοις

1995 1116 2305 1188 προφήταις
2330 1113 2679 1186 ὀδυρομένοις
2711 1113 2806 1167 καὶ
2830 1113 3265 1185 ὲξιλασκομένοις
3294 1112 3394 1185 τὴν
3428 1111 3595 1183 ὀργὴν

1995 1206 2088 1260 τοῦ
2115 1205 2251 1260 Θεοῦ
2284 1204 2426 1278 ὑπὲρ
2451 1205 2653 1269 αὐτῶν,
2688 1203 2739 1259 οἳ
2783 1204 3046 1269 πολλάκις
3083 1203 3348 1277 πρότερον
3379 1201 3469 1257 διὰ
3496 1204 3595 1269 τὰς

1997 1298 2439 1372 εἰδωλολατρείας
2474 1298 2673 1365 αὐτῶν,
2696 1298 2772 1364 ὡς
2803 1298 3043 1371 Μωῦσῆς
3094 1295 3190 1353 καὶ
3219 1296 3427 1364 Ἠλίας,
3466 1312 3615 1353 atat”

1999 1393 2219 1448 εκτὲννυ
2227 1411 2323 1448 σαν
2345 1392 2455 1465 (16)
2482 1393 2707 1458 αὺτούς.

2002 1511 2076 1565 22
2096 1509 2254 1565 Οὑὄέ
2284 1510 2404 1581 μὲν
2429 1510 2502 1565 οὐ
2525 1507 2834 1579 ,βασιλῆες
2863 1507 3167 1578 ἐτάρϐουν,
3195 1508 3315 1564 κτλ.
3376 1530 3383 1537 ’

379 1620 503 1677 Non
526 1621 727 1692 vulgus
759 1628 975 1675 tantum
1012 1621 1068 1675 in
1092 1619 1284 1689 Israel,
1319 1635 1431 1677 non
1459 1622 1713 1693 popellus
1730 1629 1787 1678 et
1814 1622 1901 1676 in-

2073 1629 2150 1682 Ού
2172 1629 2232 1682 τὸ
2252 1628 2470 1699 χυδαῖον
2490 1625 2587 1681 τοῦ
2631 1624 2846 1699 Ἰσραὴλ
2871 1624 3077 1696 πλῆθος
3102 1624 3264 1696 μόνον
3303 1626 3399 1680 καὶ
3417 1625 3482 1699 δη
3491 1626 3603 1697 μῶ-

310 1710 572 1767 conditus
610 1712 852 1782 quisque
888 1709 1056 1765 dictis
1102 1711 1486 1781 impietatibus
1524 1713 1900 1767 commacula-

2018 1720 2093 1784 Ξες
2137 1720 2232 1774 καὶ
2275 1718 2568 1775 ἀσύνθετον
2600 1721 2722 1782 ταῖς
2755 1716 3077 1790 εἰρημέναις
3103 1716 3428 1790 ἐσεδηλοῦτο
3474 1718 3604 1772 ἀθε-

311 1811 407 1861 tus
446 1810 555 1868 est,
593 1802 690 1858 sed
725 1817 903 1873 neque
933 1801 1039 1873 ipsi
1071 1818 1250 1875 reges,
1277 1802 1481 1874 inquit,
1523 1811 1579 1859 et
1620 1804 1905 1875 principes

2018 1812 2170 1878 σίαις,
2197 1812 2319 1866 ἀλλ’
2339 1811 2448 1865 οὐδ’
2472 1810 2647 1872 αὐτοὶ,
2677 1810 2863 1882 φησὶν,
2889 1810 2938 1863 οἰ
2966 1808 3203 1881 βασιλεῖς
3228 1809 3322 1863 καὶ
3345 1808 3608 1881 ἄρχοντες

310 1909 445 1967 erga
477 1893 646 1950 Deum
669 1901 888 1965 patrum
907 1909 1132 1951 suorum
1147 1894 1237 1965 pie
1252 1910 1314 1951 se
1347 1894 1613 1965 gerebant
1637 1912 1652 1950 :
1684 1896 1904 1951 illorum

2018 1903 2099 1956 τὸν
2128 1902 2261 1955 Θεὸν
2283 1901 2393 1956 τῶν
2426 1900 2681 1972 πατέρων
2704 1897 3072 1971 ηὐλαϐοῦντοο
3102 1900 3196 1954 καὶ
3236 1898 3441 1952 τούτων
3471 1898 3533 1952 δὲ
3554 1900 3605 1953 οἰ

313 2002 514 2058 nempe
539 1987 761 2057 plurimi
780 2001 949 2058 quam
965 1986 1191 2059 pessimi
1207 2001 1310 2043 nec
1331 1987 1473 2043 lucis
1487 2002 1589 2042 nec
1613 1987 1909 2044 viridario-

2018 1992 2227 2057 πλείους
2279 1993 2358 2047 ὅτι
2406 1992 2643 2063 μάλιστα
2674 1990 2836 2044 κακοὶ
2875 1989 2999 2044 οὔτε
3052 1990 3124 2043 τὰ
3164 1989 3303 2060 ἄλση
3339 1988 3437 2042 καὶ
3479 1990 3607 2053 τοὺς

313 2093 440 2133 rum
478 2077 757 2134 umbrosis
782 2094 887 2134 nec
913 2077 1184 2133 montium
1206 2077 1595 2134 cacuminibus
1611 2092 1712 2134 nec
1731 2078 1910 2150 regio-

2018 2084 2337 2155 συνηρεφεϊς
2384 2081 2584 2145 τόπους
2634 2082 2695 2134 ἐν
2746 2079 3132 2153 παραδεισίοις,
3188 2078 3310 2133 οὔτε
3352 2078 3452 2142 τάς
3496 2079 3610 2131 τῶν

308 1507 383 1564 22
419 1505 503 1564 Nc
523 1507 790 1580 principes
810 1507 1023 1578 quidem
1049 1505 1218 1562 Deum
1249 1507 1530 1575 timebant,
1554 1516 1663 1567 etC.

316 2184 447 2224 num
465 2169 701 2225 arumnis
725 2168 1750 2242 renuntiaverunt.lpsiiconvenientes,
1766 2172 1910 2227 alta-

315 2262 401 2315 ria
435 2260 789 2321 dmmonihus
827 2276 858 2315 a
885 2277 945 2318 se
991 2262 1241 2319 adoratis
1287 2263 1598 2333 erigebant,
1653 2262 1912 2334 ﬁliosque

314 2359 372 2406 et
408 2350 551 2408 tilias
583 2367 716 2409 suas
749 2353 1132 2410 immolabant.
1165 2353 1265 2411 llis
1318 2355 1687 2411 contaminati
1723 2359 1910 2426 magni

316 2440 412 2498 Dei
452 2443 889 2509 indignationem
925 2447 982 2501 in
1013 2446 1235 2518 seipsos
1262 2446 1628 2503 incendebant
1656 2454 1714 2503 et
1742 2446 1909 2504 iram.

320 2534 538 2592 Idcirco
560 2536 801 2595 diversis
856 2540 1145 2597 servitutis
1185 2547 1242 2597 et
1280 2541 1636 2598 abductionis
1671 2540 1912 2598 infortu-

315 2628 426 2684 niis
453 2629 639 2685 traditi
669 2637 725 2686 et
751 2631 961 2702 pluries
996 2633 1203 2703 captivi
1232 2632 1386 2690 ducti
1409 2642 1467 2690 et
1506 2633 1673 2703 eiecti
1710 2634 1910 2690 iterum

318 2727 484 2789 atque
516 2719 715 2776 iterum
747 2723 1200 2779 exterminationi
1230 2725 1502 2781 absolutae
1558 2725 1628 2781 ab
1660 2724 1912 2795 ipsorum

325 2810 561 2866 urbibus
594 2810 856 2881 ejectioni
878 2813 1049 2869 dediti
1078 2823 1212 2872 sunt
1263 2816 1567 2873 multorum
1600 2818 1918 2875 calamitate

321 2901 556 2956 dierum.
600 2901 747 2973 Ergo
799 2915 958 2961 vetus
997 2904 1168 2961 {srael
1207 2915 1264 2963 et
1299 2915 1576 2978 quotquot
1607 2908 1916 2964 secundum

318 3006 546 3046 carnem
587 2993 1014 3064 praetermittent
1061 2994 1274 3050 dictum
1311 2998 1571 3055 reducem
1619 3001 1691 3056 ad
1743 3000 1917 3057 Deum

319 3086 636 3153 tramitem,
699 3085 919 3142 scilicet
965 3084 1178 3143 Christi
1207 3096 1483 3159 mortem,
1526 3091 1917 3150 incredulitate

317 3191 419 3232 suo
451 3176 613 3233 fracti
640 3185 773 3233 sunt
795 3187 849 3235 et
879 3194 912 3235 ε
943 3180 1033 3235 via
1061 3180 1365 3237 deturbati.

386 3332 460 3389 26
501 3332 752 3402 Ipsorum
781 3333 894 3390 loco
922 3336 1118 3391 intravi
1150 3353 1267 3408 ego,
1299 3346 1356 3393 et
1377 3352 1497 3411 seq.

393 3423 494 3480 llis
513 3426 880 3490 carminibus,
913 3427 1193 3499 theologia
1229 3430 1285 3484 in
1312 3430 1665 3501 Apostolicas
1702 3444 1918 3491 mentes

323 3532 425 3572 nos
445 3515 686 3572 inducit:
704 3532 942 3588 namque
963 3519 1113 3575 sicut
1139 3519 1323 3590 primo
1346 3523 1592 3591 gentium
1615 3525 1920 3582 increduli-

324 3614 437 3662 tate
476 3606 922 3663 misericordiam
958 3609 1131 3665 Israel
1166 3620 1504 3670 consecutus
1533 3622 1619 3671 est
1650 3615 1830 3671 ﬁdens
1863 3620 1920 3671 in

326 3699 521 3767 Deum,
545 3700 627 3757 sic
656 3715 858 3758 rursus
889 3700 1180 3760 incredula
1214 3703 1387 3761 Israel
1416 3713 1610 3777 gentes
1631 3708 1921 3766 credentes

324 3790 691 3848 salvabuntnr
722 3792 780 3849 in
818 3794 1077 3862 Christo;
1109 3812 1235 3853 cum
1264 3809 1447 3854 autem
1480 3799 1777 3857 intraverit
1804 3802 1921 3872 ple-

323 3884 522 3940 nitudo
542 3886 811 3957 gentium,
835 3893 951 3943 tum
990 3904 1188 3947 rursus
1218 3891 1400 3959 omnis
1420 3889 1590 3948 Israel
1611 3892 1792 3948 zelum
1820 3893 1919 3949 ha-

324 3974 463 4032 bens
483 3978 672 4033 credet
701 3987 755 4034 et
776 3980 966 4037 salvus
1000 3981 1128 4049 liet;
1160 3982 1242 4040 sic
1260 3984 1417 4040 enim
1448 3983 1588 4040 alter
1616 4001 1719 4057 pro
1745 3987 1923 4044 altero

326 4066 534 4124 bonum
560 4070 739 4125 zelum
761 4071 1028 4131 habentes
1053 4076 1219 4132 ambo
1249 4076 1437 4147 populi
1468 4090 1536 4132 ac
1553 4077 1845 4136 credentes
1863 4078 1922 4134 in

326 4161 598 4230 sapientia
619 4162 715 4218 Dei
739 4164 794 4218 in
816 4165 1007 4222 eadem
1032 4166 1416 4224 misericordia
1430 4167 1499 4223 ad
1520 4168 1683 4224 linem
1701 4171 1926 4226 conclu-

324 4251 547 4308 dentur.
572 4252 715 4309 Dicit
736 4270 869 4328 ergo
888 4258 1157 4330 magister
1175 4274 1207 4313 a
1227 4258 1371 4315 l'acie
1393 4260 1667 4331 gentium,
1690 4275 1925 4331 quomo-

324 4342 397 4397 do
417 4342 596 4399 fracto
615 4343 809 4413 Israel,
848 4354 1115 4417 tanquam
1140 4361 1294 4403 ramo
1321 4355 1548 4418 propter
1568 4348 1927 4419 incredulita-

325 4443 461 4496 tem.
499 4433 647 4488 viam
677 4434 801 4490 ﬁdei
829 4451 931 4506 ego
961 4436 1251 4506 ingressus
1280 4437 1410 4504 sim,
1441 4451 1566 4507 qua:
1595 4436 1686 4491 via
1719 4440 1815 4509 est:
1839 4454 1928 4493 ze-

327 4524 441 4579 lum
472 4540 703 4596 gressus
732 4534 788 4581 et
823 4536 983 4582 actus
1015 4536 1200 4585 rectos
1221 4528 1493 4600 dirigens,
1542 4526 1647 4583 ﬁde
1690 4528 1924 4584 salutari

327 4618 435 4672 iter
454 4617 701 4686 pandens
725 4619 796 4675 ad
819 4619 1098 4676 Christum
1118 4622 1173 4676 in
1202 4636 1369 4693 quem
1395 4620 1619 4676 tandem
1641 4621 1930 4679 credentes

328 4716 698 4776 revertentur,
760 4726 1003 4783 eumque
1050 4713 1214 4784 juxta
1260 4712 1651 4785 primordiales
1687 4714 1929 4785 prophe-

330 4801 440 4855 tias
474 4802 779 4872 requirent,
805 4811 1100 4875 postquam
1142 4803 1422 4862 fructibus
1471 4806 1669 4876 repleti
1722 4805 1930 4863 fuerint

330 4889 737 4951 incredulitatis
767 4904 822 4951 et
846 4893 1110 4952 ferventis
1133 4911 1245 4966 pra:
1272 4896 1392 4952 zelo
1415 4905 1471 4953 et
1500 4896 1709 4955 invidia
1744 4898 1930 4955 insec-

328 4982 561 5039 tationis
589 4983 873 5053 Gentium,
920 4987 1126 5058 quibus
1176 4987 1413 5044 mutatio
1455 4990 1687 5062 contigit
1731 4990 1928 5059 ejectis

328 5070 440 5127 illis
471 5084 697 5147 propter
726 5080 1171 5140 incredulitatem
1203 5096 1442 5155 quorum
1473 5082 1597 5139 loco
1621 5098 1719 5155 per
1741 5082 1900 5139 ﬁdem

330 5167 387 5223 hi
410 5167 786 5228 intraverunt.

2011 2173 2184 2246 ὀρέων
2207 2173 2453 2245 κορυφὰς
2474 2172 2570 2227 καὶ
2595 2171 2704 2228 τῶν
2726 2172 2960 2244 χωρίων.
2969 2171 3337 2244 τερπνότητας
3358 2171 3607 2241 κατελιμ-

2013 2265 2258 2320 πάνοσαν
2298 2265 2445 2337 (17)⁶
2476 2264 2526 2319 οἲ
2557 2264 2622 2337 δὴ
2653 2264 2943 2330 συνιόντες,
2983 2263 3079 2318 καὶ
3105 2262 3467 2334 θυσιαστήρια
3496 2266 3609 2328 τοῖς

2013 2357 2108 2411 ὑπ’
2152 2356 2333 2411 αὐτῶν
2366 2355 2679 2428 σεϐομένοις
2715 2356 2971 2428 δαίμοσιν
3010 2354 3302 2428 ίδριῖοντες,
3347 2353 3500 2420 υἱούς
3547 2372 3611 2409 τε

2014 2451 2195 2504 αὐτῶν
2219 2448 2513 2503 ὲπεθύοντο
2537 2448 2631 2502 καὶ
2669 2447 2991 2520 θυγατέρας,
3024 2449 3083 2501 ὲν
3109 2440 3189 2510 οἷς
3219 2447 3375 2501 αὐτοὶ
3404 2447 3612 2518 μιαινό·

2019 2559 2169 2614 μενοι
2199 2540 2299 2613 τὴν
2321 2540 2417 2594 τοῦ
2456 2539 2696 2611 μεγάλου
2724 2538 2860 2594 Θεοῦ
2883 2539 3256 2609 ἀγανάκτησιν
3285 2540 3370 2608 ἐφ’
3390 2540 3612 2604 ἑαυτοὺς

2016 2631 2366 2698 ἐξεκαλοῦντο
2396 2632 2489 2685 καὶ
2516 2632 2618 2702 τὴν
2636 2632 2843 2703 ὀργήν·
2873 2631 2969 2684 καὶ
3006 2629 3095 2685 διὰ
3133 2629 3308 2685 ταῦτα
3336 2630 3615 2702 διαφόροις

2019 2724 2396 2795 αἰχμαλωσίας
2422 2723 2516 2777 καὶ
2543 2722 2850 2794 ἀπαγωγῆς
2876 2721 3102 2794 τρόποις
3132 2722 3487 2794 ὲκδιδόμενοι,
3518 2721 3622 2777 καὶη

2019 2818 2279 2881 ποικίλως
2342 2816 2825 2888 προνομευόμενοι,
2878 2817 2974 2870 καὶ
3036 2817 3322 2888 ἀςριέμενοι
3387 2815 3614 2886 ὕστερον

2021 2908 2366 2979 πανωλεθρίᾳ
2390 2908 2483 2964 καὶ
2502 2911 2567 2979 τῇ
2594 2905 3056 2981 συντετελεσμένῃ
3076 2910 3177 2979 τῆς
3208 2906 3409 2970 πόλεως
3432 2906 3611 2959 αὐτῶν

2021 2998 2321 3072 ἐρημώσει,
2349 2998 2682 3071 πολυημέρῳ
2705 2998 3083 3070 παρεδόθησαν
3113 3001 3385 3071 συμφορᾷ.
3422 3001 3482 3054 '0
3513 2998 3625 3071 μὲν¹

1958 3170 1961 3171 ν
2021 3088 2114 3147 οὖν
2141 3091 2373 3155 παλαιὸς
2405 3089 2624 3161 Ἰσραὴλ
2654 3090 2746 3143 καὶ
2783 3078 2943 3143 κατά
2966 3090 3166 3159 σάρκα,
3210 3090 3301 3143 τὸν
3329 3087 3616 3161 εἰρημένον

2017 3184 2221 3255 τρόπον
2267 3175 2609 3245 ἀθετοῦντες,
2648 3182 2716 3253 τῇ
2758 3180 2988 3254 ἀπιστίᾳ
3017 3181 3129 3253 (18)
3155 3180 3393 3254 Χριστοῦ
3436 3181 3496 3236 τὸ
3531 3196 3620 3235 τε·

2016 3273 2264 3332 λευταῖον
2289 3272 2695 3345 ἐξεκλάσθησαν
2724 3289 2782 3327 τε
2810 3272 2905 3327 καὶ
2934 3271 3378 3345 ὲξετινάχθησαν.

2023 3388 2095 3443 26
2721 3387 2774 3440 '0
2804 3385 2858 3441 δ’
2881 3385 3286 3456 ιίντεισῆλθον
3306 3386 3520 3457 ἔγωγε,

2017 3503 2086 3557 27
2127 3502 2480 3572 ’Arpamtdr
2512 3502 2714 3570 {tum
2740 3502 3093 3574 ποδηγεσίῃ,
3128 3519 3181 3555 κ.
3209 3518 3260 3555 τ.
3300 3500 3380 3567 ἐξ.

2090 3595 2190 3669 Διά
2224 3596 2335 3649 τῶν
2371 3594 2520 3648 ἐπῶν
2564 3595 2622 3649 δὲ
2662 3596 2868 3652 τούτων
2901 3596 2935 3666 ἡ
2963 3594 3207 3663 θεολογία
3249 3594 3328 3657 εἰς
3355 3592 3452 3665 τὴν
3477 3592 3612 3647 ἀπο-

2021 3688 2271 3759 στολικὴν
2314 3690 2462 3761 ἡμᾶς
2511 3689 2719 3743 ἔννοιαν
2756 3688 3019 3760 προάγει·
3057 3687 3151 3742 ttat
3185 3685 3292 3759 γὰρ
3325 3685 3518 3758 ὥσπερ
3550 3687 3618 3758 τῇ

2020 3781 2129 3835 τῶν
2171 3779 2343 3835 ἐθνῶν
2392 3779 2617 3853 ἀπιθείᾳ
2664 3780 2928 3852 πρότερον
2967 3781 2997 3832 ό
3034 3778 3253 3851 Ἰσραὴλ
3281 3778 3491 3849 ἠλεεῖτο
3530 3796 3621 3832 πι-

2023 3871 2229 3926 στεύων
2257 3872 2338 3944 τῷ
2366 3872 2507 3943 Θεῷ,
2533 3871 2676 3926 οὕτω
2720 3874 2882 3928 πάλιν
2914 3874 2979 3945 τῇ
3012 3871 3107 3926 τοῦ
3150 3871 3366 3944 Ἰσραὴλ
3394 3871 3623 3943 ἀπιστίᾳ

2021 3966 2091 4019 τὰ
2137 3964 2265 4037 ἔθνη
2311 3966 2684 4020 πιστεύσαντα
2716 3965 2948 4029 σώζεται
2990 3967 3049 4018 ἐν
3076 3964 3154 4035 τῷ
3197 3963 3446 4037 Χριστῷ’
3496 3964 3625 4017 ὅταν

2021 4057 2080 4112 δὲ
2118 4058 2179 4112 τὸ
2220 4057 2495 4130 πλήρωμα
2539 4058 2653 4127 (19)
2709 4056 2819 4111 τῶν
2862 4056 3031 4112 ἐθνῶν
3054 4056 3291 4130 εἰσέλθῃ,
3313 4056 3435 4109 τότε
3462 4054 3624 4109 πάλιν

2024 4150 2135 4212 πᾶς
2195 4149 2417 4223 Ἰσραὴλ
2469 4149 2722 4221 ζηλώσας
2780 4148 3064 4203 πιστεύσει
3127 4150 3222 4204 καὶ
3285 4148 3620 4219 σωθήσεται·

2024 4240 2169 4297 οὕτω
2198 4242 2308 4314 γὰρ
2336 4242 2602 4314 ἀλλήλους
2638 4243 2689 4296 οἱ
2730 4241 2824 4297 δύο
2852 4243 2971 4296 λαοὶ
3005 4241 3184 4306 καλῶς
3212 4239 3500 4313 ζηλοῦντες
3530 4240 3626 4296 καὶ

2026 4333 2372 4397 πιστεύοντες
2421 4334 2479 4387 ἐν
2531 4336 2598 4405 τῇ
2647 4334 2740 4388 τοῦ
2788 4334 2925 4389 Θεοῦ
2972 4335 3156 4405 σοφίᾳ,
3201 4336 3281 4396 εἰς
3324 4333 3413 4386 τὸν
3457 4332 3623 4387 αὐτοῦ

2003 4430 2176 4483 .ελεον
2209 4430 2303 4483 ἐπὶ
2345 4431 2491 4485 τέλει
2532 4432 3075 4505 συγκλεισθήσονται.
3130 4431 3300 4503 Φησὶν
3343 4424 3436 4482 οὖν
3481 4429 3510 4481 ὁ
3550 4426 3626 4481 δι-

2028 4521 2295 4587 δάσκαλος
2334 4523 2398 4576 ὲκ
2435 4522 2728 4596 προσώπου
2772 4524 2881 4579 τῶν
2922 4522 3113 4585 ἐθνῶν,
3148 4521 3224 4585 ώς
3269 4517 3363 4572 τοῦ
3414 4513 3623 4588 Ἰσραὴλ

2027 4616 2425 4683 ὲκκλασθὲντος
2464 4619 2532 4672 δι’
2570 4619 2824 4673 ἀπίθειαν
2858 4617 3034 4688 ἔγωγε
3073 4616 3174 4686 τὴν
3223 4613 3342 4668 ὁδὸν
3387 4613 3486 4683 τῆς
3534 4607 3622 4663 πί-

2029 4724 2199 4771 στεως
2224 4708 2668 4780 ἀντεισελήλυθα,
2697 4709 2821 4780 ἥτις
2861 4707 3046 4770 αὐτοῖς
3080 4706 3197 4759 ἐστι
3249 4702 3412 4773 ζήλου
3454 4699 3623 4769 ποδη-

2026 4797 2142 4868 γία,
2199 4798 2293 4853 ιια1⁵
2343 4798 2703 4872 χειραγωγία,
2756 4798 2893 4869 πρὸς
2947 4797 3047 4867 τὴν
3118 4795 3385 4865 σωτήριον
3446 4789 3627 4843 πίστιν

2022 4889 2345 4946 ὁδοποιοῦσα
2400 4889 2496 4944 τοῦ
2545 4889 2818 4962 Χριστοῦ·
2870 4882 2916 4958 ᾧ
2963 4888 3057 4943 καὶ
3107 4885 3498 4946 πιστεύσαντες
3530 4879 3630 4951 ὀψέ

2027 5004 2159 5041 ποτε
2184 4988 2321 5056 πρὸς
2350 4986 2511 5042 αὐτὸν
2536 4987 3064 5058 ὲπιστραφήσονται,
3084 4982 3176 5037 καὶ
3203 4979 3345 5035 κατά
3374 4979 3443 5032 τὰ
3465 4977 3628 5046 θεαρ-

2027 5077 2162 5149 χικὲ
2217 5077 2344 5147 (‘20)
2389 5077 2545 5146 λόγια
2599 5076 3050 5149 ὲπιζητήσουσιν,
3107 5073 3252 5144 ἡνίκ’
3284 5071 3351 5126 ἂν
3372 5069 3482 5123 τῶν
3528 5064 3629 5135 τῆς
3681 5076 3702 5107 ί

2027 5166 2282 5230 ἀπιθείας
2311 5166 2540 5237 καρπῶν
2570 5168 2667 5221 καὶ
2696 5167 2804 5222 τῶν
2846 5168 2955 5221 ἀπὸ
2987 5165 3082 5220 τοῦ
3112 5163 3275 5237 ζήλου
3308 5161 3404 5217 καὶ
3431 5157 3627 5230 φθόνου

329 5264 424 5319 τοῦ
455 5265 591 5336 πρὸς
618 5265 687 5320 τά
725 5265 850 5339 ἔθνη
896 5264 1195 5339 πυρώσεων
1231 5267 1324 5321 καὶ
1358 5265 1656 5321 κακώσεων
1678 5261 2122 5335 ἀναπλησοῶσιν,
2157 5254 2233 5316 ὧν
2282 5259 2377 5314 καὶ
2417 5261 2843 5334 διημείφθησαν,
2903 5260 3063 5316 αὐτοὶ
3125 5258 3225 5330 μὲν
3272 5251 3628 5324 ἐκϐληθέντες

330 5358 398 5412 δι’
428 5357 711 5427 ἀπιστίαν,
745 5360 795 5412 οἱ
828 5360 887 5415 δὲ
922 5360 1012 5415 διὰ
1042 5362 1225 5416 πίστιν
1253 5359 1660 5431 εἰσεληλυθότες
1685 5357 1805 5414 ἀντ’
1837 5354 2037 5411 αὐτῶν.

403 5537 521 5613 (ιέ)
552 5538 691 5613 (30d-
724 5540 1008 5613 περιῆψεν

405 5609 519 5680 (15)
549 5609 693 5679 Ἤδη
733 5609 1161 5682 δὲ”...’βουλιὶν
1193 5615 1385 5671 ἐστιν.
1430 5613 1577 5672 llaec
1619 5614 1786 5670 verba
1821 5611 1928 5669 sibi

336 5694 529 5757 parum
558 5681 809 5757 arridere
840 5684 1074 5757 aﬂirmat
1106 5681 1339 5753 Dillius.
1368 5714 1437 5727 ——
1462 5686 1600 5742 Cod.
1636 5685 1817 5757 ἱερῶν.

406 5748 430 5883 (
439 5750 522 5803 161
549 5750 686 5805 Cod.
715 5748 1161 5808 msex'rs'wooav.
1194 5810 1211 5817 κ

434 5816 521 5881 17)
544 5816 690 5872 Edit.
721 5824 1211 5883 κατελιμπάνωσαν

434 5816 521 5891 l1)
544 5816 693 5891 ﬁdit.
721 5816 1231 5891 κατελιμπάνωσαν.

414 5885 528 5958 (18)
558 5886 635 5956 Τῇ
663 5885 932 5961 ἀπιστίᾷ,
962 5908 1015 5945 κ.
1036 5909 1083 5947 τ.
1107 5893 1157 5949 λ.
1180 5893 1240 5949 ν.
1269 5893 1441 5966 Epist.
1464 5896 1531 5953 ad
1554 5894 1713 5951 [ὶοιιι.
1735 5910 1813 5963 ιι,
1830 5895 1920 5952 20.

2106 5545 2434 5618 (19)”οταν
2476 5541 2544 5595 δὲ
2583 5540 2650 5594 τὸ
2701 5538 3009 5610 πλήρωμα.
3054 5554 3109 5589 κ.
3152 5553 3200 5589 τ.
3251 5533 3299 5585 λ.
3337 5528 3401 5584 ν.
3444 5529 3520 5584 ib.
3552 5544 3627 5590 χι,

2029 5618 2218 5757 ἓὸξῖῗί)
2248 5684 2563 5757 Θεαρχικιί.
2591 5683 2724 5740 Cod.
2758 5680 3010 5757 θεάρχια.
3147 5667 3627 5757 ΤΙιεδαιιν.λξ1ε[ιίι.

2031 5739 2123 5834 ed:
2144 5739 2328 5834 Daris.
2355 5739 2491 5834 ν.
2526 5739 2838 5834 agmine,
2863 5739 2975 5805 'u'b'i
3030 5748 3175 5803 alius
3209 5746 3369 5801 locus
3411 5739 3615 5796 Nectar:

2032 5827 2402 5901 Paphlagonis
2433 5826 2756 5898 corrigitur.
