3980 6408
410 332 525 396 703

1346 339 1419 397 IN
1453 339 1764 396 CARBIINA
1796 337 2081 399 ARCANA
2121 342 2180 397 S.
2211 338 2567 401 GBEGORII.

3601 357 3704 413 706

420 459 483 514 5i
539 455 718 513 Ἀλλὰ
740 454 812 508 τὰ
843 454 962 525 μὲν
987 455 1301 524 μετόπισθ’
1372 459 1390 510 ί
1426 456 1479 509 δ’
1511 457 1591 536 ᾡς
1623 456 1812 525 νόμον
1843 451 1990 536 εἶχον

2117 456 2180 511 5|
2249 455 2437 513 Verum
2474 460 2587 516 luet:
2635 469 2837 529 postea.
2894 461 3046 536 Cum
3073 466 3238 536 igitur
3299 467 3509 525 Hebraei
3551 470 3709 527 vilem

1516 524 1771 597 [ἆτιμον,
1814 524 1933 581 κτλέ

490 618 574 673 Τὰ
604 618 704 690 μὲν
752 618 1038 690 εἰρημένα,
1078 617 1245 688 φησὶν
1272 617 1302 670 ὁ
1333 616 1433 688 τῆς
1475 615 1763 687 θεοσοφίας
1794 616 2007 688 λύχνος,

3038 534 3367 607 [habuissent
3388 543 3571 611 legem,
3594 554 3700 597 etc.

2183 616 2317 685 Qum
2347 632 2605 678 enarrata
2634 631 2784 691 sunt,
2815 620 2891 681 ait
2914 627 3203 697 sapientiae
3236 628 3331 685 Dei
3370 630 3616 698 lucerna,
3636 632 3707 686 si-

418 713 454 785 ἥ
487 729 548 766 τε
589 712 702 765 τῶν
744 711 920 764 ἐθνῶν
944 710 1208 765 ἁπάντων
1238 710 1442 773 είσοδος
1473 711 1555 774 είς
1601 709 1860 782 Χριστὸν,
1886 711 1923 781 ἦ
1947 726 1990 762 τι

2109 725 2176 765 ve
2214 715 2546 782 populorum
2599 718 2845 774 omnium
2888 721 3156 777 transitus
3181 722 3247 777 ad
3287 721 3590 789 Christum,
3624 726 3702 779 si-

416 803 513 857 τοῦ
558 802 1004 874 καταλείμματος
1045 801 1261 873 Ἰσραὴλ
1303 800 1392 855 διὰ
1424 800 1589 872 ζήλου
1622 802 1718 855 καὶ
1753 803 1990 873 ἐπιστρο

2108 815 2175 856 ve
2208 804 2566 875 reliquiarum
2591 806 2759 864 Israel
2793 810 3028 866 salvatio
3058 827 3157 883 per
3181 813 3357 869 zelum
3393 823 3450 871 et
3483 831 3706 873 conver-

380 965 397 1000 ⁸
416 896 527 968 φῆς
561 896 702 969 πρὸς
735 895 868 950 Θεὸν
893 896 1158 967 σωτηρία,
1182 894 1357 949 ταῦτα
1380 896 1478 967 μὲν
1503 896 1563 949 ἐν
1592 895 1841 966 ὑπέροις
1869 896 2005 949 ἀπο-

2107 892 2317 950 siunem
2355 897 2420 951 ad
2455 898 2648 966 Deum,
2684 900 2892 958 ultimis
2921 905 3261 975 temporibus
3291 907 3700 963 revelabuntnr.

419 987 828 1058 καλυφθήσεται
858 989 1068 1059 καιροῖς
1087 1003 1101 1017 ⁸
1131 985 1276 1040 κατά
1317 986 1501 1057 μέντοι
1527 986 1620 1040 τὸν
1658 987 1872 1058 πρῶτον
1902 988 1990 1058 τῆς

2104 984 2357 1043 Attamen
2389 989 2584 1060 primis
2626 993 3091 1052 manifestationis
3135 996 3410 1053 iucarnati
3452 998 3705 1055 Salvato-

414 1078 737 1148 ἐπιφανείας
782 1077 878 1131 τοῦ
931 1078 1185 1150 Σωτῆρος
1246 1076 1765 1149 ἐνανθρωπήσαντος
1809 1078 1990 1150 καιρὸν

2104 1077 2184 1134 ris
2214 1082 2578 1152 temporibus,
2612 1099 2738 1140 cum
2769 1086 2898 1141 hinc
2938 1096 3130 1159 gentes
3160 1087 3290 1145 odio
3332 1090 3489 1147 valde
3517 1096 3712 1148 essent

413 1172 523 1226 τῶν
552 1169 724 1226 ἐθνῶν
755 1171 852 1241 μὲν
872 1172 994 1233 ταῖς
1016 1169 1278 1240 ἀθέσμοις
1305 1168 1774 1241 είδωλολατρείαις
1796 1169 2000 1239 σφόδρα

414 1263 661 1335 σφοδρῶς
694 1262 1124 1333 ἐϐδελυγμένων,
1161 1260 1271 1315 τῶν
1295 1261 1357 1328 ἐξ
1401 1261 1619 1333 Ἰσραὴλ
1654 1262 1711 1316 δὲ
1755 1265 1877 1325 ταῖς
1901 1260 1997 1315 τοῦ

411 1356 579 1427 νὰμου
609 1353 883 1418 ποικίλαις
919 1352 1301 1425 παραϐάσεσιν
1331 1350 1671 1424 ἀτιμούντων
1712 1353 1804 1406 τὸν
1840 1352 1994 1418 Θεὸν,

408 1448 531 1504 τότε
563 1447 627 1521 δὴ
656 1448 798 1513 τότε,
820 1447 910 1501 ἵνα
935 1447 970 1517 ή
1012 1444 1288 1517 ὑπερϐολὴ
1314 1445 1414 1517 τῆς
1441 1444 1674 1516 ἀπείρου
1695 1444 1996 1516 χρηστότη-

407 1557 500 1603 τος
522 1539 798 1608 ἀναφανῇ,
831 1535 1090 1606 τοιαύτης
1126 1537 1160 1605 ὴ
1192 1534 1509 1607 ἀνθρωπίνη
1547 1534 1710 1605 φύσις
1735 1533 1994 1607 διειλήχει

408 1631 605 1702 τιμῆςο
650 1628 872 1700 εὐδοκία
909 1627 1009 1700 μὲν
1031 1626 1126 1681 τοῦ
1157 1626 1427 1680 ἀθανάτου
1454 1626 1688 1698 ΙΙατρὸς,
1718 1626 1812 1679 τοῦ
1835 1626 1991 1696 ἀγίου

406 1722 462 1777 δὲ
498 1720 760 1795 συνεργίᾳ
791 1720 1108 1791 Πνεύματος
1136 1718 1164 1771 ὁ
1192 1719 1486 1791 μονογενὴς
1514 1718 1607 1772 τοῦ
1631 1717 1768 1772 Θεοῦ
1793 1718 1989 1787 Λόγος,

407 1812 531 1868 ὅσον
583 1813 685 1883 τῆς
738 1811 926 1882 θεῖκῆς
970 1810 1168 1883 μοίρας
1225 1809 1427 1875 κτίζων
1463 1809 1555 1863 τὸν
1601 1810 1888 1882 ἄνθρωπον
1935 1808 1996 1874 ἐξ

408 1905 587 1977 ἀρχῆς
617 1904 695 1975 τῷ
724 1902 889 1959 αὐτοῦ
925 1902 1140 1973 σώματι
1168 1902 1454 1968 κατέθετο,
1487 1902 1645 1958 τοῦτο
1669 1904 1792 1967 ταῖς
1826 1901 1995 1973 ψυχο.

411 1997 631 2069 φθόροις
667 1997 964 2069 ἁμαρτίαις
1009 1994 1419 2067 λελυμασμένον
1455 1994 1620 2066 ὁρῶν,
1650 2011 1994 2067 κατατυραν-

410 2090 601 2144 νοῦντα
657 2090 713 2144 δέ
761 2089 873 2144 τῶν
922 2088 1142 2143 πάντων
1187 2087 1395 2159 βροτῶν
1444 2087 1538 2142 τὸν
1583 2087 1855 2159 δράκοντα
1900 2089 1992 2145 τὸν

406 2183 716 2254 ἀποστάτην
744 2183 888 2245 ίδὼν,
920 2180 1308 2252 καὶ.ὴ).εηκὼς,
1333 2180 1518 2235 οὐκέτι
1551 2181 1732 2246 ἄλλοις
1764 2183 1862 2252 τὴν
1891 2182 1992 2254 ἁρ-

406 2275 644 2347 (ιωστίαν
691 2275 895 2344 ταύτην
932 2273 1122 2343 ἐφίησι
1172 2271 1421 2345 βοηθεῖνο
1456 2273 1518 2327 ού
1573 2272 1677 2345 γὰρ
1716 2272 1989 2344 αὔταρκες

402 2369 484 2432 εἰς
518 2365 770 2438 μεγάλων
810 2363 998 2418 παθῶν
1033 2362 1330 2435 θεραπείαν
1364 2363 1502 2434 ἴαμα
1541 2364 1766 2437 μικρόν’
1808 2365 1883 2429 ὡς
1922 2365 1988 2419 ἂν

401 2455 457 2509 δὲ
495 2453 858 2525 κληρονομίαν
892 2452 1026 2506 ίδίαν
1057 2450 1237 2522 ἐαυτῷ
1268 2450 1331 2517 ἐξ
1372 2452 1678 2524 ἀνθρώπων
1706 2453 1736 2506 ὁ
1778 2456 1843 2507 ἐκ
1876 2456 1988 2508 Πα-

400 2542 526 2616 τρὸς
552 2544 680 2608 Υἱὸς
709 2544 944 2614 ἀμήτωρ
972 2543 1369 2615 ἀναστήσηται,
1406 2543 1501 2597 καὶ
1523 2544 1621 2615 τὴν
1653 2545 1836 2599 εἰκόνα
1858 2547 1985 2599 ἐαυ·

400 2636 494 2690 τοῦ
528 2637 626 2706 τῆς
650 2637 984 2708 τυραννικῆς
1012 2632 1467 2705 ἀπολυτρώσηται
1500 2636 1758 2707 κατοχῆς,
1784 2636 1986 2691 ἐκένω-

401 2745 494 2789 σεν
520 2726 717 2781 ἐαυτὸν
753 2725 879 2790 re;
916 2723 1202 2796 ἀνθρώπου
1244 2725 1370 2796 δίχα
1408 2725 1610 2797 πατρὸς,
1648 2726 1989 2797 γεννώμενος

398 2819 531 2889 ἡμῖν
565 2817 956 2889 καινοπρεπῶς
998 2819 1096 2889 μὲν
1136 2821 1231 2873 καὶ⁵
1262 2820 1450 2886 ξένως,
1479 2822 1561 2875 ὅτι
1605 2821 1739 2893 ἄτερ
1768 2822 1985 2895 ἀνδρὸς,

400 2913 460 2965 οὐ
486 2908 655 2975 ξένως
681 2910 739 2963 δέ
767 2910 1141 2980 παντάπασιν,
1168 2912 1251 2966 ὅτι
1278 2912 1339 2978 ἐξ
1365 2912 1524 2984 ἐμοῦ,
1547 2907 1702 2978 οὗτος
1729 2914 1820 2970 διὰ
1848 2933 1988 2987 παρ-

401 2999 620 3070 θενικῆς
640 3000 744 3053 καί
769 2999 930 3070 ἁγίας
964 2998 1326 3073 βροτούμενος
1358 3002 1588 3074 μητρὸς,
1614 3003 1735 3069 ὅλος
1752 3004 1874 3058 ὅλον
1895 3006 1987 3060 τὸν

401 3089 468 3146 δῖ
503 3092 791 3163 ὀιμοιρτίας⁸
826 3092 1066 3146 πεσόντα
1110 3093 1482 3164 προσείληφεν
1525 3093 1718 3165 Ἀδὰμ,
1764 3096 1831 3149 ἵν’
1878 3097 1986 3169 ὅλῳ

408 3186 827 3257 περιποιήσηται
855 3184 958 3258 τὴν
987 3185 1282 3258 σωτηρίαν.
1317 3186 1425 3239 Τοῦ
1459 3186 1524 3258 δὴ
1567 3186 1729 3258 χάριν
1775 3188 1987 3260 ἀνθρω-

410 3277 586 3340 πίνοις
619 3276 713 3329 καὶ
763 3276 860 3329 οὐκ
896 3277 1262 3348 ἀνθρωπίνοις
1308 3277 1495 3349 νόμοις
1544 3278 1605 3343 ἐξ
1661 3279 1843 3348 ἁγνῶν
1893 3280 1989 3334 καὶ

408 3365 751 3438 παρθενικῶν
779 3366 1101 3438 σπλάγχνων
1132 3363 1202 3439 (ὣ
1236 3365 1423 3439 θαῦμα
1461 3369 1690 3423 ἄπιστον
1741 3368 1989 3442 βεϐήλοις

403 3458 614 3530 βροτοῖς
635 3460 673 3529 ί)
696 3461 725 3513 ὁ
750 3458 1022 3531 ἄμϐροτος
1057 3457 1352 3530 βροτωθεὶς
1397 3459 1637 3532 προῆλθε
1677 3460 1810 3524 Θεὸς
1849 3460 1986 3533 ὁμοῦ

398 3550 496 3603 καὶ
525 3549 836 3621 ἄνθρωπος,
860 3548 955 3602 δύο
980 3548 1172 3620 φύσεις
1204 3550 1285 3613 είς
1314 3549 1372 3604 ἓν
1399 3550 1692 3621 πρόσωπον
1715 3550 1985 3621 συνάγων,

398 3641 498 3712 τὴν
529 3642 627 3713 μὲν
652 3642 1041 3714 κρυπτομένην
1073 3641 1167 3696 καὶ
1200 3642 1452 3709 ἀθέατον,
1480 3643 1579 3715 τὴν
1610 3643 1655 3696 δ’
1678 3644 1988 3714 ἀναφανδὸν

400 3734 709 3805 ἀνθρώποις
734 3735 1021 3807 ὁρωμένην
1043 3752 1057 3766 ·
1087 3728 1163 3791 ὧν
1188 3736 1222 3807 ἡ
1258 3735 1357 3807 μὲν
1387 3734 1521 3799 Θεὸς
1544 3731 1613 3807 ἦν
1633 3733 1713 3806 τῷ
1734 3737 1989 3806 ἀνάρχως

401 3828 658 3896 γεννῶντι
706 3828 1076 3901 ὸμοούσιος,ή
1116 3827 1174 3881 δὲ
1206 3828 1494 3900 ἅνθρωπος
1537 3827 1782 3882 ἔκτισται
1821 3830 1889 3900 τῇ
1930 3829 1989 3882 ἐν

400 3919 575 3991 χρόνῳ
599 3919 834 3992 τεκούσῃ
864 3920 960 3975 καὶ
986 3921 1118 3991 ἡμῖν
1152 3920 1419 3993 ὁμοφυής.

402 4102 463 4158 5i
509 4102 617 4175 (21)
652 4099 755 4170 Εἷς
786 4104 931 4172 Θεὸς
954 4103 1399 4175 ἀμφοτέρωθεν,
1414 4104 1544 4159 ἐπεὶ
1565 4104 1797 4176 θεότητι
1820 4123 1989 4176 κερα-

399 4243 473 4300 52
498 4223 619 4300 ¹Καὶ
667 4244 890 4313 ,ϐροτὸς
939 4245 1009 4300 ἐκ
1063 4244 1341 4314 θεότητος
1377 4244 1534 4310 ἅναξ
1586 4244 1688 4298 καί
1726 4175 1990 4315 Ὲὲἕξὸς

1486 4315 1770 4389 [undam],
1795 4317 1915 4373 κτλ.

471 4408 567 4473 Εἷς
592 4412 724 4475 θεὸς
770 4409 1224 4483 ὁμολογουμένως
1247 4411 1313 4465 ἐκ
1348 4410 1495 4465 δυοῖν
1522 4411 1739 4481 φύσεων
1775 4412 1985 4485 ὑπέστη

399 4505 429 4557 ὁ
453 4504 687 4577 Χριστός
705 4522 719 4535 ο
739 4505 774 4575 ἡ
803 4502 913 4575 γάρ
935 4504 994 4555 ἐν
1018 4502 1167 4575 αὑτῷ
1207 4502 1428 4575 βροτεία
1454 4503 1639 4574 φύσις,
1671 4507 1737 4576 τῇ
1769 4503 1988 4577 θεότητι

401 4596 520 4651 καθ’
538 4597 837 4650 ὑπόστασιν
865 4596 1250 4667 συνενουμένη,
1272 4595 1367 4649 καὶ
1388 4596 1422 4666 ή
1448 4595 1643 4667 θεότης
1668 4596 1990 4669 παραδόξως

399 4689 466 4758 τῇ
501 4686 881 4758 ἀνθρωπότητι
911 4687 1342 4759 συγκιρναμένη,
1362 4687 1392 4739 ὁ
1418 4685 1581 4750 αὐτὸς
1616 4685 1871 4756 βασιλεὺς
1896 4687 1990 4740 καὶ

401 4777 536 4840 Θεὸς
566 4777 661 4831 καὶ
708 4776 866 4841 ἄλλος
897 4776 1017 4843 νέος
1062 4777 1234 4848 Ἀδὰμ
1274 4774 1366 4831 τὸν
1415 4776 1645 4832 παλαιὸν
1693 4777 1989 4849 ἐξιώμενος

401 4867 739 4935 πιστεύεται,
766 4869 842 4934 ὡς
861 4869 967 4922 ὑπὸ
989 4868 1455 4940 παραπετάσματι
1480 4867 1538 4921 δέ
1556 4866 1635 4939 τῷ
1661 4869 1988 4941 ἀνθρωπίνῳ

400 4960 749 5035 προϐλήματι
778 4961 1112 5027 κεκάλυπτο,
1139 4959 1356 5031 πρῶτον
1392 4959 1493 5031 μὲν
1518 4959 1599 5014 ὅτι
1632 4961 1708 5033 μὴ
1739 4961 1988 5033 καθαρὰν

316 5100 321 5107 .
397 5053 563 5108 αὑτοῦ
585 5053 684 5127 τὴν
710 5053 940 5126 θεότητα
965 5055 1154 5124 φέρειν
1179 5047 1291 5107 οἷόν
1312 5069 1396 5120 ’τει
1423 5052 1559 5125 μηδὲ
1582 5053 1830 5126 χωρητὸν
1850 5049 1989 5109 εἶναι

400 5144 588 5199 τοῦτον
618 5147 731 5209 τοῖς
759 5144 1033 5217 ἐμπαθέσι
1063 5146 1247 5216 γυμνῇ
1271 5144 1638 5215 προσεγγίσαι
1659 5147 1725 5217 τῇ
1752 5144 1988 5219 θεότητι·

403 5236 588 5291 ἔπειτα
626 5237 702 5300 ὡς
727 5236 794 5291 ἂν
820 5237 913 5291 τὸν
937 5236 1243 5309 ἀρχέκακον
1266 5235 1387 5305 ὅφιν
1412 5234 1826 5307 φρονιμώτατον
1848 5233 1990 5293 εἶναι

404 5326 507 5380 τῶν
542 5328 796 5383 ἁπάντων
826 5328 1033 5401 θηρίων
1065 5327 1275 5400 νοητῶν
1308 5326 1679 5399 κατοιόμενον,
1705 5328 1785 5401 τῷ
1811 5347 1991 5400 φαινο-

407 5417 551 5490 μένῳ
579 5420 864 5487 δελεάσας,
899 5423 965 5492 τῇ
1012 5420 1191 5492 οἰκείᾳ
1236 5419 1450 5493 θεότητι
1487 5418 1561 5485 ὡς
1606 5421 1664 5475 ἐν
1709 5421 1990 5494 ἀγκίστρῳ

403 5513 721 5585 περιπείρῃ,
752 5513 848 5566 καὶ
875 5511 951 5577 ώς
992 5511 1164 5583 Ἀδὰμ
1194 5511 1294 5583 μὲν
1327 5510 1475 5582 αὐτῷ
1505 5509 1989 5583 προσπηδήσαντα,

398 5603 476 5670 ῶς
512 5605 634 5678 Θεῷ
663 5604 720 5659 δὲ
763 5604 1213 5677 ἀντιϐολήσαντα,
1252 5605 1443 5659 τοῦτον
1478 5605 1851 5677 κατανικήσας
1898 5607 1994 5661 καὶ

402 5695 575 5768 ῥάξας
598 5697 787 5770 ἐκτίλῃ
802 5695 904 5767 τῆς
921 5695 1120 5769 ἀρχῆς.
1147 5715 1166 5747 ι
1189 5694 1281 5767 Τῷ
1309 5696 1436 5767 πέρι
1459 5696 1682 5766 κάρτος,
1709 5714 1727 5747 ι
1750 5714 1805 5753 κ.
1828 5713 1879 5750 τ.
1909 5696 1991 5764 ἐξ.

2101 1184 2231 1240 μιαν
2258 1171 2450 1229 illicita
2479 1175 2814 1244 idololatria,
2841 1178 2968 1235 inde
3002 1195 3131 1236 vero
3168 1180 3334 1238 Israel
3363 1183 3532 1240 variis
3566 1183 3706 1254 legis

2100 1266 2638 1335 transgressionibus
2675 1268 2846 1324 Deum
2887 1270 3270 1339 inhonorarct,
3318 1282 3447 1329 tunc
3497 1282 3557 1329 ut
3585 1274 3705 1329 the-

2098 1371 2299 1414 saurus
2328 1358 2611 1416 immensae
2635 1361 2899 1419 bonitatis
2934 1365 3324 1432 illustraretur,
3354 1375 3565 1424 tantum
3600 1369 3702 1423 hu-

2096 1462 2260 1503 mana
2326 1458 2522 1506 natura
2582 1454 2777 1509 sortita
2825 1463 2911 1511 est
2962 1456 3273 1513 honorem:
3322 1458 3479 1528 juxta
3508 1460 3703 1513 aeterni

2095 1535 2275 1595 Patris
2331 1540 2757 1612 beneplaeitnm,
2818 1552 3151 1614 cooperante
3221 1543 3428 1617 Spiritu
3480 1555 3698 1611 sancto,

2095 1627 2356 1695 Verbum,
2394 1631 2712 1703 unigenitus
2747 1632 2840 1689 Dei
2874 1634 3065 1701 Filius,
3111 1652 3276 1707 quam
3316 1636 3515 1694 divina:
3541 1637 3700 1693 intcl~

2092 1720 2330 1793 ligentiac
2360 1724 2655 1780 scintillam
2701 1726 2771 1781 ab
2801 1726 2958 1781 initio
2999 1742 3198 1784 creans
3225 1729 3500 1785 hominem
3537 1732 3592 1785 in
3627 1732 3702 1801 ip-

2095 1814 2213 1869 sius
2241 1829 2474 1885 corpore
2515 1816 2902 1880 constituerat,
2950 1833 3071 1873 eam
3113 1820 3365 1876 letalibus
3411 1822 3700 1879 erroribus

2097 1913 2417 1961 evacuatam
2456 1920 2711 1972 cernens,
2742 1907 2938 1963 videns
2968 1917 3021 1964 et
3054 1909 3342 1980 tyrannice
3382 1911 3702 1981 opprimen-

2097 2006 2208 2054 tem
2242 2012 2435 2054 omnes
2476 2007 2744 2072 quotquot
2790 2001 2983 2057 vivunt
3029 2001 3324 2058 draconem
3357 1989 3692 2075 apostatam,

2094 2090 2472 2149 misericordia
2516 2101 2701 2150 motus
2726 2094 2862 2150 alios
2894 2109 3006 2150 non
3056 2094 3188 2150 sinit
3223 2096 3279 2151 in
3332 2104 3484 2151 tanta
3537 2099 3696 2153 auxi-

2090 2183 2212 2240 liari
2258 2185 2577 2242 inﬁrmitate
2607 2186 2889 2243 destitutis
2921 2205 2936 2242 :
2969 2203 3079 2242 non
3115 2188 3473 2244 sullicitenim
3497 2190 3565 2244 ad
3589 2205 3700 2244 ma-

2091 2289 2321 2344 gnorum
2351 2276 2620 2332 malorum
2646 2291 2835 2332 curam
2875 2277 2993 2333 leve
3021 2278 3325 2350 remedium
3356 2297 3372 2346 ;
3406 2278 3694 2340 nimirum.

2090 2372 2151 2418 ut
2181 2379 2249 2420 ex
2293 2364 2610 2423 hominibus
2629 2368 2923 2423 suscitaret
2956 2368 3058 2423 sibi
3105 2376 3295 2440 gentos
3323 2368 3505 2425 hmred
3530 2375 3698 2426 t..te:n

2091 2470 2270 2512 suam.
2321 2456 2495 2514 Filius
2537 2456 2721 2515 Patris
2750 2458 2871 2515 sine
2903 2466 3102 2524 matre,
3125 2468 3184 2514 ut
3218 2459 3509 2530 imaginem
3541 2476 3697 2515 suam

2088 2547 2382 2605 redimeret
2404 2565 2435 2604 a
2456 2550 2740 2622 tyrannica
2770 2554 3144 2621 possessione,
3160 2551 3462 2607 exinanivit
3496 2559 3698 2609 semet-

2090 2638 2271 2710 ipsum
2325 2639 2499 2698 Filius
2540 2642 2778 2698 hominis
2801 2643 2923 2698 sine
2956 2652 3113 2714 patre
3147 2652 3311 2699 natus
3365 2644 3545 2706 noLis,
3597 2658 3698 2698 no-

2090 2746 2217 2785 vum
2249 2742 2415 2803 super
2436 2739 2663 2799 terram,
2709 2734 3014 2805 alienigena
3036 2737 3165 2807 quia
3190 2736 3313 2792 sine
3342 2738 3481 2801 viro,
3512 2747 3698 2792 etnon

2090 2824 2422 2896 alienigena,
2450 2826 2577 2897 quia
2620 2835 2816 2882 natura
2847 2827 2981 2883 mihi
3028 2829 3251 2897 similis,
3277 2830 3397 2900 ipse
3441 2846 3537 2901 per
3572 2827 3697 2886 Vir-

2089 2915 2271 2987 ginem
2338 2926 2585 2973 sanctam
2626 2925 2856 2974 matrem
2898 2920 3074 2977 factus
3116 2922 3391 2988 mortalis,
3426 2931 3573 2978 totus
3616 2930 3700 2977 too

2091 3018 2204 3063 tum
2232 3007 2405 3063 Adam
2447 3023 2545 3078 per
2575 3020 2860 3079 peccatum
2896 3010 3112 3080 lapsum
3143 3013 3468 3082 assumpsit,
3512 3013 3585 3066 ita
3640 3020 3699 3067 ut

2093 3101 2244 3156 omni
2275 3100 2481 3154 homini
2519 3100 2751 3156 salutem
2787 3103 3118 3171 acquireret.
3154 3101 3518 3167 Quamobrem
3535 3103 3697 3174 juxta

2094 3194 2241 3265 leges
2276 3193 2502 3248 humani
2541 3194 2780 3264 generis,
2815 3202 2870 3249 et
2899 3193 3139 3249 humano
3166 3194 3354 3265 generi
3404 3196 3634 3261 alienas,
3666 3210 3701 3249 ο

2090 3286 2215 3341 sinu
2247 3297 2401 3341 casto
2440 3294 2495 3340 et
2526 3285 2803 3354 virginali,
2865 3300 2900 3341 ο
2933 3285 3135 3342 mirum
3176 3303 3342 3359 supra
3393 3288 3551 3344 [idem
3597 3303 3698 3359 pm

2090 3375 2334 3447 profanis
2418 3376 2783 3432 mortalibus!
2881 3386 3126 3436 :eternus
3178 3381 3432 3436 mortalis
3517 3381 3696 3439 lactus

2091 3483 2349 3538 egressus
2376 3474 2464 3524 est
2495 3467 2638 3524 Deus
2677 3468 2841 3524 simul
2876 3476 2931 3525 et
2971 3470 3157 3537 homo,
3182 3471 3322 3527 duas
3363 3483 3592 3529 naturas
3641 3476 3699 3530 in

2092 3575 2259 3615 unam
2296 3574 2588 3631 personam
2632 3560 2935 3628 adducens,
2970 3578 3203 3635 quarum
3226 3567 3397 3621 altera
3431 3569 3610 3621 velata
3642 3575 3697 3621 ct

2093 3649 2410 3717 invisibilis,
2442 3651 2615 3705 altera
2642 3653 2820 3723 palam
2863 3663 3191 3711 cerneretur
3246 3656 3315 3710 ab
3357 3655 3696 3719 hominibus,

2090 3742 2181 3796 illa
2217 3741 2364 3799 Deus
2406 3750 2554 3799 esset
2588 3744 2823 3813 genitori
2855 3750 2984 3799 ante
3008 3759 3171 3799 omne
3200 3745 3532 3815 principiqu
3557 3761 3693 3799 con-

2090 3833 2495 3899 substantialis,
2529 3834 2646 3890 haec
2682 3834 2845 3890 homo
2876 3849 2973 3904 per
3000 3836 3340 3890 creationem
3372 3842 3540 3899 esset,
3571 3850 3696 3891 eam

2091 3932 2343 3978 naturam
2370 3940 2496 3979 cum
2527 3931 2703 3979 matre
2748 3939 2870 3995 quae
2906 3924 3148 3980 divinam
3176 3926 3385 3995 prolem
3417 3928 3603 3998 genuit
3638 3928 3695 3982 in

2089 4024 2334 4086 tempore
2372 4015 2771 4084 nobiscumque
2811 4015 3070 4073 sortiens.

2089 4108 2155 4164 51
2196 4105 2344 4163 Unus
2368 4105 2509 4162 Deus
2531 4107 2798 4177 utrinque,
2838 4108 3096 4179 siquidem
3130 4110 3318 4166 deitati
3338 4113 3551 4168 mixtus.

2090 4247 2162 4303 52
2202 4244 2269 4301 Et
2290 4244 2445 4300 homo
2474 4259 2568 4314 per
2599 4243 2848 4300 deitatem
2877 4261 2970 4300 rea:
2999 4254 3049 4300 et
3071 4243 3318 4302 Christus
3339 4247 3561 4317 exstitit,
3585 4258 3690 4305 etc.

2164 4407 2321 4465 Unus
2349 4407 2517 4473 Deus,
2542 4406 2753 4464 duabus
2777 4414 3042 4463 constans
3072 4407 3309 4480 naturis
3341 4407 3411 4463 ab
3453 4407 3694 4463 homini-

2091 4502 2196 4559 bus
2223 4500 2554 4573 praedicatur
2603 4499 2884 4557 Christus.
2939 4499 3187 4572 Namque
3226 4501 3282 4556 in
3332 4502 3453 4572 ipso
3499 4510 3695 4558 natura

2094 4595 2345 4651 mortalis
2409 4592 2680 4649 divinitati
2744 4592 3045 4650 secundum
3091 4594 3429 4665 hypostasim
3461 4596 3612 4651 unita
3638 4603 3696 4650 et

2095 4687 2356 4743 divinitas
2382 4685 2709 4742 mirabiliter
2724 4684 3052 4742 humanitati
3076 4685 3394 4757 conjuncta,
3414 4701 3544 4743 ecce
3577 4703 3696 4752 rex,

2094 4776 2264 4843 Deus,
2300 4792 2476 4833 novus
2503 4777 2674 4832 Adam
2728 4778 2887 4842 alter,
2925 4776 3155 4831 alterum
3193 4785 3427 4833 veterem
3491 4793 3699 4835 sanans

2095 4870 2360 4925 creditur.
2402 4867 2495 4923 Sic
2531 4869 2634 4924 sub
2660 4868 2934 4925 velamine
3000 4868 3241 4924 hominis
3279 4869 3451 4924 forma
3493 4883 3700 4941 mystc-

2096 4961 2180 5017 rio
2234 4961 2395 5030 plena
2433 4959 2656 5024 latebat,
2689 4961 2867 5031 primo
2896 4960 3140 5030 quidem,
3168 4961 3297 5030 quia
3326 4976 3517 5031 puram
3576 4961 3698 5031 ejus

2096 5051 2436 5111 divinitatem
2498 5050 2640 5106 ferre
2708 5051 2888 5117 nefas,
2935 5066 3113 5123 neque
3155 5066 3281 5107 cum
3318 5050 3699 5110 atl‘ectionibus

2096 5144 2308 5202 nostris
2356 5143 2679 5214 simpliciter
2725 5143 3075 5199 manifestata
3107 5143 3370 5202 divinitas
3405 5149 3699 5219 appropiu-

2098 5238 2254 5311 quari
2291 5244 2489 5309 potest.
2520 5234 2729 5291 Deinde
2758 5242 2820 5289 ut
2848 5249 3126 5290 summum
3172 5236 3229 5291 in
3250 5237 3459 5292 malitia
3474 5254 3698 5310 serpen-

2099 5341 2230 5399 tem,
2278 5330 2372 5402 qui
2421 5329 2718 5400 putabatur
2744 5327 3138 5386 callidissimus
3162 5332 3406 5386 omnium
3445 5332 3697 5388 animan-

2099 5424 2233 5480 tium
2267 5421 2622 5493 intelligentia
2653 5419 3029 5492 praeditorum,
3068 5422 3251 5492 specie
3277 5423 3527 5479 delusum
3564 5440 3695 5492 pro-

2099 5515 2221 5587 prio
2290 5515 2515 5569 numine
2573 5512 2732 5584 quasi
2760 5512 3321 5585 hamotransﬂgeret.
3361 5523 3417 5567 et
3443 5510 3694 5570 eumdem

2100 5609 2398 5664 irruentem
2437 5605 2494 5662 in
2524 5604 2806 5662 Christum
2845 5612 3106 5674 tanquam
3142 5605 3196 5660 in
3239 5605 3532 5673 Adamum,
3574 5614 3701 5661 tana

2101 5714 2266 5771 quam
2309 5697 2422 5757 Deo
2461 5709 2645 5760 autem
2676 5713 2804 5759 cum
2861 5697 3338 5756 obsecrationibus
3381 5696 3696 5755 obviantem

475 5856 592 5926 (et)
626 5854 799 5917 Iidem
828 5873 1025 5921 versus
1069 5862 1395 5932 repetuntur
1433 5871 1606 5916 carm.
1637 5859 1674 5914 2
1706 5857 1809 5934 [l],
1845 5873 1988 5919 vers.
2033 5860 2158 5934 155,
2193 5860 2314 5918 154.
