3980 6410
269 306 368 361 707

276 424 482 480 victum
517 431 574 479 et
613 419 849 478 fractum
887 423 1144 481 evelleret
1165 439 1236 481 ex
1274 423 1524 495 imperio.
1563 421 1746 478 «Forti
1786 439 1877 478 ar-

265 526 413 572 mato
441 533 462 568 ι
497 523 555 571 et
597 530 718 586 seq.
747 515 888 570 Ante
907 517 1158 572 eumdem
1197 517 1345 571 enim
1388 515 1663 571 hominem
1696 515 1868 569 Deum

263 607 548 664 Christum
575 607 756 664 victus
793 606 966 664 draco
1006 609 1282 680 pessimus
1328 610 1680 679 praevalidam
1711 625 1870 684 suam

267 703 539 757 malitiam
573 709 740 772 atque
784 703 1134 774 tyrannidem
1157 704 1295 758 vidit
1346 703 1579 757 fractam
1609 712 1666 758 et
1713 718 1872 760 com-

269 793 562 860 min’utam,
602 794 748 850 sicut
787 794 960 849 maris
995 792 1197 848 ﬂuctus
1237 801 1434 848 contra
1487 807 1740 865 asperam
1778 809 1873 848 ru—

268 903 394 961 pem
421 887 776 944 immobiliter
792 894 1031 943 stantem
1053 887 1445 943 inconcussam
1480 894 1707 943 ruentes
1741 901 1870 942 vor-

270 980 437 1035 ticosi
471 979 806 1051 franguntur
831 991 886 1033 et
911 979 1216 1034 eliduntur.

270 1071 356 1142 60;
390 1056 527 1127 Cum
577 1071 777 1142 prodiit
813 1070 1084 1139 Christus,
1117 1081 1263 1127 terra
1291 1079 1340 1126 et
1367 1071 1560 1128 calum
1587 1070 1661 1126 ad
1690 1078 1874 1154 ortum

1749 1157 1842 1196 cm

271 1211 336 1268 6|
380 1211 747 1277 Morabantur,
775 1220 886 1268 etc.
1749 1157 1874 1212 ’μ’

345 1307 613 1362 Altissimi
641 1305 732 1360 Dei
759 1306 1102 1376 unigenitum
1128 1303 1371 1361 Verbum
1405 1304 1553 1360 dicto
1594 1303 1756 1360 modo
1790 1301 1874 1357 fa-

273 1406 425 1454 ctum
464 1406 549 1454 est
581 1398 767 1462 homo,
803 1408 858 1453 et
892 1414 1070 1455 novus
1104 1397 1279 1452 Adam
1301 1413 1366 1453 ex
1404 1404 1559 1452 casta
1589 1403 1644 1452 et
1693 1395 1874 1449 virum

273 1491 554 1548 nesciente
585 1490 810 1563 Virgine
848 1502 1034 1557 natus,
1074 1489 1216 1546 Deus
1263 1498 1316 1546 et
1347 1491 1533 1556 homo,
1567 1489 1636 1544 de
1665 1503 1725 1543 se
1755 1489 1878 1558 ipso

273 1583 450 1640 ﬂuens
493 1592 548 1640 et
596 1583 875 1639 exsistens
935 1582 1322 1638 manifestatus
1365 1591 1451 1638 est
1499 1581 1696 1647 nobis;
1734 1580 1880 1636 Deus

273 1674 554 1744 perlectus
576 1685 632 1728 et
660 1672 941 1745 perfectus
969 1673 1134 1727 homo
1181 1673 1355 1742 prima
1388 1671 1506 1726 lucc
1561 1669 1876 1726 leSIimonia

273 1767 389 1821 Deo
427 1766 591 1838 digna
623 1765 823 1821 dabat:
865 1764 1128 1819 nimirum
1172 1764 1264 1819 ubi
1308 1765 1544 1835 primum
1603 1778 1703 1833 per
1733 1762 1879 1816 nati-

273 1854 504 1908 vitatem
548 1852 826 1923 apparuit,
857 1853 1042 1908 statim
1069 1851 1193 1906 coeli
1220 1857 1274 1906 et
1319 1859 1469 1905 terra
1521 1858 1875 1905 contremue-

272 1948 444 1997 runt:
477 1942 602 1996 cmli
646 1941 854 1995 militiae
900 1940 1144 1996 ccelestis
1187 1940 1597 1995 multitudinem
1635 1939 1690 1994 in
1759 1938 1877 2010 glo-

273 2032 410 2088 riam
434 2041 492 2088 et
537 2032 756 2087 laudem
795 2038 927 2087 nato
952 2032 1260 2097 miserunt;
1290 2039 1436 2086 terra
1467 2045 1599 2087 vero
1630 2045 1876 2086 commo—

273 2133 329 2178 ta
359 2133 445 2180 est
461 2131 720 2195 surgente
754 2124 915 2179 stella
934 2131 988 2178 et
1011 2122 1197 2196 Magos
1211 2122 1510 2179 Persarum
1539 2138 1699 2194 reges
1732 2123 1876 2177 dona

277 2212 517 2272 ferentes
551 2215 605 2269 in
625 2212 870 2269 Judazam
895 2213 1133 2269 ducente
1157 2221 1210 2268 et
1237 2214 1292 2268 in
1315 2213 1617 2279 Bethleem,
1638 2212 1876 2268 Parvulo

275 2309 371 2377 qui
411 2314 579 2362 natus
612 2314 716 2361 est’
734 2321 828 2361 rex
861 2306 1126 2361 honorem
1162 2312 1216 2362 et
1240 2305 1626 2361 adorationem
1656 2305 1878 2360 habitu-

275 2414 392 2455 ros.
437 2399 540 2454 llic
567 2414 702 2472 ergo
737 2413 893 2461 novae
920 2405 976 2455 et
1005 2398 1264 2455 secundae
1287 2397 1492 2456 Christi
1522 2398 1630 2454 mei
1653 2413 1880 2469 genera-

277 2491 444 2548 tionis
472 2505 678 2558 sermo,
712 2490 848 2546 adeo
887 2505 1082 2562 purus,
1116 2490 1348 2546 illustris
1382 2489 1602 2562 Deoque
1653 2489 1876 2560 dignus.

279 2580 428 2636 Nihil
472 2582 529 2637 in
556 2581 664 2637 hoc
698 2581 982 2636 invenitur
1014 2579 1390 2636 verecundum
1419 2587 1513 2635 aut
1556 2579 1878 2636 indecorum

279 2679 373 2727 aut
413 2672 562 2743 quod
590 2672 872 2728 sanctitati
905 2671 1028 2742 ejus
1050 2686 1162 2726 non
1194 2671 1409 2726 deceat.
1470 2669 1707 2725 Peccato
1761 2670 1881 2726 solo

279 2763 557 2818 adhaareat
604 2761 845 2818 dedecus
878 2769 932 2817 ct
959 2760 1281 2832 turpitudo;
1325 2759 1423 2816 sed
1483 2776 1608 2816 cum
1637 2758 1880 2815 Verbum

282 2854 381 2910 Dei
417 2854 653 2910 mortale
688 2853 894 2909 factum
920 2861 1033 2920 est,
1084 2868 1198 2909 non
1231 2853 1455 2907 humani
1492 2853 1748 2924 corporis
1799 2854 1883 2908 in—

279 2945 465 3003 ﬂuxus
513 2943 643 3012 fuit,
703 2946 843 3001 bene
879 2960 1012 3001 vero
1070 2944 1413 3002 sanctiﬁcata
1477 2961 1574 3018 per
1614 2943 1882 3018 Spiritum

280 3051 451 3094 carne
483 3035 678 3092 matris
724 3044 933 3092 sancta:
973 3041 1028 3092 et
1053 3036 1285 3108 virginis
1340 3051 1542 3108 corpus
1571 3037 1757 3092 anima
1789 3051 1882 3090 ra-

281 3127 474 3183 tionali
515 3137 571 3184 et
618 3127 951 3199 intelligenti
994 3127 1284 3200 praeditum
1317 3128 1424 3184 sibi
1463 3127 1798 3183 cirumdedit
1826 3134 1882 3182 ct

280 3221 408 3276 inde
436 3223 713 3292 processit
740 3239 752 3274 :
784 3236 950 3292 porro
998 3221 1104 3293 ipsi
1136 3220 1270 3292 quid
1298 3221 1489 3294 probri
1524 3229 1621 3276 aut
1657 3220 1885 3277 dedeco-

282 3311 362 3364 ris
400 3318 548 3366 esset
572 3311 900 3382 _secundum
939 3328 1162 3370 carnem
1197 3315 1352 3371 nasci
1377 3315 1511 3386 lege,
1537 3322 1751 3370 natura:
1780 3328 1882 3369 cu-

290 3403 392 3474 jus
425 3402 543 3472 ipse
585 3412 804 3459 creator
839 3412 986 3470 erat,
1028 3413 1082 3461 et
1131 3406 1442 3477 piaculares
1471 3422 1573 3479 pro
1613 3422 1702 3463 mc
1747 3408 1883 3462 tole-

283 3508 411 3548 rare
430 3507 623 3564 pcenas
653 3494 812 3563 juxta
843 3496 1015 3567 legem
1046 3498 1207 3568 cujus
1230 3509 1346 3553 erat
1402 3499 1520 3570 ipse
1567 3499 1884 3570 legislalor?

285 3585 502 3642 Etenim
553 3585 1019 3658 quemadmodum
1049 3589 1237 3644 omnia
1288 3600 1500 3646 naturae
1541 3591 1743 3646 honori
1787 3591 1883 3646 ha-

285 3677 454 3744 bens,
510 3687 766 3733 naturam
829 3686 1079 3736 nostram
1125 3681 1335 3751 absque
1375 3690 1605 3754 peccato
1666 3697 1882 3740 assum-

287 3779 494 3842 pserat,
519 3771 592 3826 ita
610 3780 666 3826 et
695 3778 902 3827 statuta
920 3772 1107 3846 inlege
1135 3774 1320 3830 omnia
1347 3775 1580 3846 accepit,
1602 3775 1718 3831 sive
1745 3791 1883 3847 qua-

287 3863 332 3919 si
380 3864 708 3936 pzedagogus
760 3864 880 3936 ipse
933 3863 1405 3920 sanctiﬁcatorum
1451 3880 1484 3920 a
1531 3865 1718 3938 seipso
1770 3865 1883 3922 sol-

285 3972 418 4013 vens
458 3957 663 4023 debita,
694 3957 810 4013 sive
843 3956 1207 4028 expiatoriam
1261 3959 1437 4030 legem
1468 3957 1793 4028 adimplens,
1827 3967 1882 4016 et

289 4049 411 4104 ideo
453 4063 580 4103 cum
623 4049 710 4104 lex
766 4049 838 4104 ob
869 4048 1246 4106 inﬁrmitatem
1291 4051 1522 4110 cedebat
1556 4051 1879 4126 perlectioni

287 4142 476 4214 gratiae
502 4157 668 4214 quam
698 4141 880 4197 attulit
904 4141 1262 4214 Evangelium
1299 4159 1558 4216 suprema
1621 4145 1712 4218 pia
1769 4146 1881 4204 sol-

289 4249 444 4300 vens,
473 4243 533 4290 ut
555 4235 798 4306 loquitur
819 4232 1042 4290 divinus
1071 4234 1332 4307 scriptor.

291 4409 365 4465 72
468 4409 754 4479 Pastquam
834 4411 1013 4480 magni
1095 4411 1313 4465 luminis
1391 4413 1737 4482 praefulgentis
1796 4412 1880 4465 lu-

1460 4481 1670 4553 [centa,
1698 4490 1808 4536 etc.

361 4591 503 4646 Ante
535 4590 752 4661 fulgens
777 4590 913 4646 solis
931 4591 1288 4656 lumen,ante
1311 4590 1478 4648 Verbi
1503 4609 1715 4662 vocem,
1747 4597 1886 4652 ami-

289 4697 392 4744 cus
413 4681 604 4753 sponsi
637 4696 985 4752 praacurrens
1025 4681 1328 4738 secundum
1368 4685 1711 4742 nativitatem
1741 4704 1882 4759 prae-

291 4772 540 4829 cucurrit
585 4779 640 4827 et
689 4771 1006 4842 evangelica
1057 4772 1444 4844 praedicatione
1471 4785 1525 4832 et
1584 4781 1736 4850 regni
1773 4795 1886 4838 coe—

291 4867 467 4922 lorum
511 4862 949 4929 annuntiatione,
983 4880 1088 4919 vox
1114 4864 1408 4923 clamantis
1430 4868 1486 4923 in
1504 4869 1725 4927 deserto
1750 4889 1883 4945 pro-

286 4971 357 5026 pe
395 4970 520 5010 esse
537 4953 709 5010 Deum
742 4962 798 5010 et
821 4954 1104 5012 Christum
1136 4972 1340 5029 meum,
1361 4990 1368 4998 -
1393 4961 1461 5016 ad
1517 4978 1680 5021 aures
1711 4981 1886 5038 popu-

287 5046 470 5101 lorum
500 5047 970 5125 concurrentium,
997 5057 1050 5103 et
1079 5049 1214 5106 istos
1246 5051 1530 5124 baptizans
1561 5057 1614 5111 in
1643 5055 1886 5117 Iordane

287 5136 359 5191 ad
387 5139 696 5210 parandum
746 5141 1036 5197 adventum
1079 5143 1202 5215 ejus
1248 5147 1582 5216 puriﬁcarit,
1643 5159 1698 5206 et
1762 5151 1886 5223 Ipse

288 5229 478 5289 statim
506 5244 640 5286 voce
666 5235 1029 5302 praecursoris
1069 5238 1355 5295 nuntiatus
1404 5249 1459 5295 et
1505 5242 1882 5300 testimonium

287 5321 568 5390 accipiens
598 5322 818 5377 obviam
846 5327 994 5381 venit
1025 5326 1285 5400 Baptista:
1305 5339 1359 5386 et
1390 5333 1459 5387 ab
1489 5334 1885 5405 eobaptizatus

288 5420 400 5476 est,
443 5411 626 5483 majus
693 5429 858 5485 quam
924 5418 1167 5478 Joannes
1239 5436 1268 5476 a
1308 5420 1519 5493 Spiritu
1581 5425 1765 5482 Patris
1805 5437 1888 5485 te-

285 5504 614 5561 stimonium
651 5507 863 5563 habuit.
893 5508 1016 5580 Ipse
1055 5513 1266 5572 medius
1291 5515 1433 5570 viam
1466 5518 1714 5573 cucurrit
1745 5520 1887 5580 duos

285 5605 431 5654 Inter
458 5601 716 5670 populos,
768 5602 923 5656 illum
959 5605 1050 5674 qui
1090 5621 1258 5678 prope
1301 5625 1364 5664 ex
1403 5608 1591 5674 Israel.
1641 5620 1696 5666 ct
1718 5612 1886 5670 istum

286 5685 382 5753 qui
423 5701 452 5738 a
476 5686 637 5759 longe
663 5699 783 5746 erat
811 5707 878 5747 ex
906 5695 1188 5764 gentibus.
1255 5696 1583 5754 Communis
1626 5701 1773 5755 enim
1830 5713 1888 5759 et

289 5775 573 5844 angularia
597 5778 973 5864 lanigeleclus
1012 5792 1066 5841 et
1106 5786 1382 5856 pretiosus
1426 5786 1586 5847 lesus
1620 5790 1876 5853 Christus

1635 305 1936 365 NICETAS
1967 303 2180 363 DAVID

3465 306 3572 365 708

1984 425 2122 496 Περὶ
2149 424 2312 480 αὑτὸν
2341 426 2447 498 γὰρ
2476 426 2567 481 τὸν
2595 426 2945 501 θεόινθρωπον
2965 429 3199 501 Χριστὸν
3221 430 3282 486 τὸ
3303 431 3402 500 τῆς
3435 428 3568 486 tata;

1975 517 2174 581 κακίας
2207 518 2406 586 κράτος
2430 518 2525 571 καὶ
2553 518 2650 591 τὴν
2694 521 2984 591 τυραννίδα
3011 522 3040 574 ό
3081 520 3339 593 πανώλης
3370 521 3566 589 ἔμελλε

1971 608 2190 678 δράκων
2213 608 2469 674 ἑαλωκὼς
2491 611 2742 678 κατάξειν
2761 629 2821 665 τε
2844 614 2939 668 καὶ
2961 614 3352 685 καταρῤἀξειν,
3375 613 3569 684 ῶσπερ

1971 700 2039 772 δὴ
2081 701 2177 753 καὶ
2220 700 2464 756 θάλασσα
2502 702 2632 773 περ)⁵
2663 705 2923 775 τραχεῖαν
2957 705 3164 776 πέτραν
3197 706 3292 760 καὶ¹
3340 705 3569 777 ἰσχυρὰν

1975 792 2073 846 καὶ
2116 792 2394 846 ἀνένδοτον
2421 793 2482 846 τὸ
2513 793 2683 866 αὐτῆς
2708 795 2879 868 -κῦμα
2914 794 3340 869 προσρήσσουσα
3373 798 3568 869 περιά-

1972 898 2168 952 γνυται
2194 885 2292 938 καὶ
2323 883 2496 939 καταθ
2505 885 2751 958 ραύεται.

1974 1062 2049 1120 60
2099 1063 2196 1130 Ὠς
2217 1061 2439 1133 ἐφάνη,
2470 1059 2607 1134 quia
2622 1061 2694 1116 δὲ
2719 1061 2818 1116 καὶ
2849 1063 3108 1132 οὐρανὸς
3127 1063 3278 1134 ἀμφί
3309 1061 3567 1135 γενέθλη

1977 1195 2040 1251 61
2085 1194 2306 1258 Σεὶετο,
2339 1193 2462 1250 κτλ.

2060 1287 2122 1340 '0
2150 1286 2247 1356 μὲν
2278 1283 2374 1337 τοῦ
2401 1283 2625 1351 ὑψίστου
2669 1280 2804 1338 Θεοῦ
2839 1286 3133 1359 μονογενὴς
3167 1287 3338 1356 Λόγος
3365 1285 3456 1341 τὸν
3485 1289 3570 1345 ci-

1981 1379 2216 1453 ρημένον
2239 1377 2536 1449 ἀνδρωθεὶς
2560 1377 2780 1450 τρόπον,
2817 1379 2911 1432 καὶ
2939 1380 3056 1444 νέος
3097 1379 3265 1452 Ἀδὰμ
3295 1381 3354 1445 ἐξ
3397 1381 3568 1452 ἁγνῆς

1979 1473 2076 1526 καὶ
2107 1470 2458 1541 ἀνυμφεύτου
2495 1469 2665 1542 κόρης
2687 1468 2950 1538 γεγονὼς,
2979 1469 3114 1534 Θεὸς
3139 1473 3235 1526 καὶ
3260 1471 3566 1544 ἄνθρωπος,

1980 1563 2298 1635 αὑτοπαγὴς
2325 1561 2358 1633 ἢ
2403 1561 2815 1625 αὺθυπόστατος
2858 1561 3127 1632 ὲπέφανεν
3167 1564 3292 1634 ἡμῖν
3313 1564 3433 1616 ’ὅτι
3464 1564 3508 1617 δ’
3539 1565 3568 1617 ό

1982 1653 2144 1718 αὐτὸς
2196 1655 2292 1708 καὶ
2334 1653 2470 1717 Θεὸς
2514 1651 2721 1715 τέλειος
2767 1651 2861 1706 καὶ
2903 1653 3107 1718 τέλειος
3151 1653 3435 1726 ἄνθρωπος
3474 1651 3566 1727 ἦν,

1983 1749 2178 1820 πρῶτα
2204 1749 2482 1820 τεκμήρια
2512 1745 2685 1801 ταῦτα
2716 1745 3084 1811 ἀξιοθεὼτατα
3109 1747 3432 1820 παρέσχετο.
3457 1747 3569 1801 Kal.

1980 1837 2090 1906 γὰρ
2117 1833 2234 1906 ἅμα
2277 1833 2495 1905 πρῶτον
2524 1833 2612 1887 διὰ
2654 1835 2962 1904 γεννήσεως
2992 1834 3251 1904 ὲπέφανε,
3283 1837 3377 1890 καὶ
3415 1837 3446 1890 ό
3475 1836 3568 1890 οὔ-

1982 1926 2141 2000 ρανὺς
2168 1925 2333 1988 εὐθὺς
2360 1923 2651 1996 ἀνεσείσθη
2687 1922 2782 1977 καὶ
2804 1925 2837 1994 ή
2863 1925 2962 1994 γῆ*
2989 1926 3218 1996 οὐρανὸς
3244 1926 3340 1998 μὲν
3364 1927 3568 1997 πλῆθος

1981 2019 2244 2088 στρατιᾶς
2273 2015 2535 2089 οὐρανίας
2576 2019 2656 2081 είς
2687 2015 2996 2085 δοξολογίαν
3039 2020 3135 2071 καὶ
3163 2018 3367 2073 αἴνεσιν
3401 2017 3571 2090 προῦ-

1982 2126 2170 2180 πεμπε
2215 2108 2294 2179 τῷ
2329 2107 2676 2180 γεννωμένῳ,
2716 2110 2750 2179 ή
2786 2109 2857 2179 γῆ
2896 2108 2952 2161 δὲ
2989 2110 3296 2175 σεσάλευτω
3341 2110 3572 2182 ἀστέρος

1979 2201 2040 2266 ἐξ
2069 2199 2338 2270 ἀνατολῆς
2365 2200 2713 2270 ἀνασχόντος,
2747 2202 2838 2254 καὶ
2867 2202 3060 2272 μάγοις
3085 2201 3193 2254 τῶν
3223 2201 3448 2272 Περσῶν
3479 2202 3572 2272 βα-

1981 2292 2190 2348 σιλεῦσι
2220 2291 2550 2364 δωροφόροις
2573 2292 2655 2356 είς
2681 2292 2780 2364 τὴν
2819 2292 3080 2347 Ἰουδαίαν
3113 2295 3218 2364 γῆν
3252 2293 3567 2369 καθηγησα-

1984 2385 2146 2457 μένου
2171 2384 2268 2438 καὶ
2304 2382 2403 2455 τὴν
2446 2383 2697 2456 Βηθλεὲμ
2721 2387 2801 2448 είς
2832 2385 2932 2458 τὴν
2971 2383 3066 2439 τοῦ
3104 2388 3383 2456 νεογενοῦς
3417 2386 3571 2456 βασι-

1981 2477 2119 2543 λέως
2163 2477 2539 2550 προσκύνησιν
2590 2477 2685 2531 καὶ
2712 2479 2898 2550 τιμήν.
2940 2477 3001 2531 ὐ
3033 2478 3132 2550 μὲν
3171 2476 3264 2532 οὖν
3302 2480 3400 2550 τῆς
3442 2480 3570 2542 νέας

1982 2566 2078 2621 καὶ
2105 2566 2366 2637 δευτέρας
2392 2565 2487 2620 τοῦ
2519 2566 2654 2638 ἐμοῦ
2685 2567 2922 2640 Χριστοῦ
2951 2569 3256 2641 γεννήσεως
3288 2569 3444 2639 λόγος
3474 2562 3568 2622 οῦ-

1981 2675 2074 2722 τος
2100 2655 2197 2710 καὶ
2220 2656 2362 2710 οὕτω
2388 2656 2629 2729 καθαρὸς
2655 2657 2750 2713 καὶ
2768 2656 2910 2712 οὕτω
2942 2659 3192 2730 λαμπρὸς
3219 2661 3314 2715 καὶ
3347 2661 3570 2732 θεοπρε-

1984 2752 2122 2823 πήςο
2153 2751 2400 2821 ἄσχημον
2432 2748 2490 2802 δὲ
2534 2748 2569 2820 ἢ
2616 2749 2866 2822 ἀπρεπὲς
2898 2750 2992 2804 καὶ
3031 2750 3131 2821 τῆς
3179 2752 3570 2822 ἀγιοπρεπείας

1984 2839 2153 2922 αὐτοῦ
2187 2840 2404 2905 ἀνάξιον
2446 2839 2633 2894 οὐδέν·
2669 2841 2805 2912 μόνη
2830 2841 2939 2913 γὰρ
2980 2843 3336 2914 ἀσχημοσύνη
3369 2845 3462 2897 καὶ
3488 2845 3573 2896 αί-

1987 2935 2224 3007 σχρότης
2245 2937 2279 3006 ή
2314 2934 2559 3006 ἁμαρτία
2586 2934 2826 3007 ὑπάρχει
2854 2933 3088 3006 δηλαδή·
3119 2934 3196 3006 τῷ
3219 2936 3378 3007 Λόγῳ
3395 2937 3452 2990 δὲ
3476 2934 3569 2988 τοῦ
3601 2972 3606 2975 ‹

1985 3025 2123 3081 Θεοῦ
2146 3027 2248 3083 οὐκ
2271 3026 2590 3098 ἀνθρωπίνῃ
2613 3025 2865 3097 σώματος
2889 3025 3040 3096 ῥύσει
3075 3026 3420 3100 βροτουμένῳ
3441 3017 3467 3058 ·’
3483 3028 3574 3082 αὐ-

1987 3119 2078 3184 τὸς
2114 3118 2225 3190 γὰρ
2256 3119 2463 3181 ἐκεῖνος
2490 3119 2554 3171 ὲκ
2585 3118 2788 3189 σαρκὸς
2817 3118 3150 3190 ήγνισμένης
3178 3119 3257 3191 τῷ
3291 3121 3575 3192 Πνεῦματι

1989 3210 2085 3265 καὶ
2108 3209 2345 3282 μητέρος
2377 3207 2538 3278 ἁγίας
2559 3208 2653 3262 καὶ
2683 3209 3016 3282 παρθενικῆς
3035 3209 3212 3282 ἐαυτῷ
3243 3211 3402 3283 σῶμα
3424 3213 3574 3286 ψυχῇ

1987 3302 2180 3373 λογικῇ
2207 3301 2302 3355 καὶ
2321 3301 2484 3372 νοερᾷ
2508 3298 2789 3372 χρώμενον
2813 3299 3252 3372 περιπηξόψενος
3277 3302 3574 3374 προῆλθενσ

1990 3395 2170 3466 τούτῳ
2204 3393 2258 3463 γ’
2285 3388 2377 3448 οῦν
2407 3395 2560 3456 ποῖος
2591 3393 2780 3465 μῶμος
2805 3393 2838 3464 ἢ
2871 3389 3056 3465 αῖσχος
3082 3393 3219 3449 κατὰ
3245 3395 3418 3464 σάρκα
3444 3413 3575 3463 γεν-

1989 3486 2216 3558 νωμένῳ
2238 3486 2389 3558 νόμῳ
2415 3484 2516 3556 τῆς
2555 3485 2792 3556 φύσεως,
2821 3480 2888 3558 ἧς
2914 3485 3075 3549 αὐτὸς
3113 3485 3438 3554 δημιουργὸς
3471 3482 3564 3556 ἧν,

1989 3578 2084 3632 καὶ
2118 3576 2434 3649 καθαρσίων
2484 3577 2626 3649 ὑπὲρ
2665 3577 2800 3648 ἐμοῦ
2848 3577 3152 3649 ἀνεχομένη)
3200 3574 3340 3629 κατὰ
3374 3577 3567 3648 νόμον,

1988 3662 2050 3723 οὗ
2079 3667 2378 3740 νομοθέτης
2405 3668 2566 3732 αὐτὸς
2590 3663 2688 3739 ἧν;
2721 3669 2833 3724 Καὶ
2859 3669 2969 3742 γὰρ
3007 3667 3189 3739 ὥσπερ
3223 3667 3292 3722 τὰ
3328 3667 3428 3739 τῆς
3459 3668 3570 3738 φύ-

1991 3779 2130 3826 σεως
2156 3761 2335 3815 πάντα
2371 3760 2569 3833 τιμῶν,
2605 3761 2703 3836 τὴν
2734 3765 2768 3835 ή
2777 3762 2893 3834 μῶν
2919 3761 3078 3834 φύσιν
3099 3762 3265 3833 χωρίς
3293 3761 3573 3833 ἁμαρτίας

1989 3853 2355 3908 καταδέδεκτο
2377 3869 2392 3885 ο
2423 3853 2566 3907 οὕτω
2595 3853 2690 3910 καὶ
2727 3854 2798 3908 τὰ
2842 3854 3285 3927 προστεταγμένα
3309 3852 3388 3924 τῷ
3420 3853 3576 3925 νόμῳ

1988 3945 2168 4000 πάντα
2198 3943 2544 4010 κατεδέξατο,
2581 3945 2614 4016 ἢ
2645 3945 2722 4009 ὡς
2761 3943 3092 4015 παιδαγωγῷ
3124 3943 3236 3998 ὄντι
3279 3943 3386 3996 τῶν
3412 3945 3581 4014 ήγιαο

1989 4036 2202 4107 σμένων
2239 4035 2330 4090 ὑπ’
2354 4034 2503 4106 αὐτῷ
2524 4035 2593 4089 τὰ
2620 4035 2926 4108 θρεπτήρια
2963 4034 3403 4104 ἁποτιννύμενος,
3427 4033 3462 4104 ἢ
3497 4033 3579 4097 ὡς

1988 4129 2363 4201 ὑποχωροῦντι
2412 4126 2503 4182 διὰ
2543 4128 2644 4198 τὴν
2692 4128 2942 4182 ἀτέλειαν
2971 4129 3052 4203 ’τῇ
3081 4126 3180 4198 τῆς
3219 4126 3441 4196 χάριτος
3477 4124 3576 4178 τοῦ

1987 4217 2323 4288 Εὐαγγελίου
2351 4217 2651 4288 τελειότητι
2681 4219 2749 4275 τὰ
2787 4217 3240 4292 προπεμπτήρια,
3278 4215 3354 4279 ὥς
3404 4232 3578 4286 φησιν

1988 4308 2016 4360 ὁ
2042 4307 2419 4373 θεόπνευστος,
2447 4308 2862 4378 ἀφοσιούμενος.

1991 4415 2059 4469 72
2093 4415 2292 4484 Αὐτὰρ
2340 4415 2471 4470 ἐπεὶ
2516 4415 2805 4490 μεγάλοιο
2856 4416 3050 4488 φάους
3090 4415 3404 4559 spartanae!
3440 4417 3574 4539 i145-

3199 4505 3336 4556 χνῳ,
3370 4502 3437 4538 κτ
3476 4524 3493 4539 .

3199 4505 3336 4556 χνῳ,
3370 4502 3493 4539 κτλ.

2069 4599 2224 4653 Ἐπεὶ
2253 4599 2332 4664 δὲ,
2359 4600 2525 4671 φησὶν
2560 4601 2588 4655 ό
2622 4599 3096 4672 θεολογικώτατος,
3135 4599 3210 4672 τῷ
3233 4599 3572 4672 φαεινοτάτῳ

1985 4692 2165 4765 λύχνῳ
2200 4691 2296 4746 τοῦ
2319 4691 2494 4764 ἡλίου,
2542 4695 2609 4765 τῇ
2637 4696 2788 4766 φωνῇ
2839 4695 2932 4748 τοῦ
2964 4694 3160 4761 Λόγου,
3185 4693 3262 4763 τῷ
3301 4692 3440 4762 φίλῳ
3472 4692 3574 4746 τοῦ

1984 4790 2242 4863 νυμφίου,
2265 4787 2623 4861 προτρέχοντι
2645 4787 2788 4842 κατὰ
2803 4787 2902 4857 τὴν
2925 4787 3193 4859 γέννησιν,
3218 4784 3577 4858 προτρέχοντι

1987 4882 2129 4940 κατὰ
2167 4882 2267 4953 τὴν
2301 4878 2663 4950 εὐαγγελικὴν
2687 4878 2910 4950 διδαχὴν
2938 4877 3032 4931 καὶ
3064 4878 3162 4949 τῆς
3195 4879 3303 4931 τῶν
3329 4876 3580 4946 οὐρανῶν

1987 4973 2267 5047 βασιλείας
2301 4971 2658 5044 ἁνακήρυξιν,
2687 4971 2788 5024 καὶ
2817 4972 2876 5024 ὲν
2906 4970 3098 5042 ἐρήμῳ
3146 4969 3284 5040 μέσῃ
3316 4968 3408 5022 τὸν
3441 4968 3578 5038 ἐμὸν

1985 5069 2119 5123 Θεὸν
2149 5065 2243 5118 καὶ
2275 5064 2511 5134 Χριστὸν
2540 5062 2782 5132 ἐγγίζειν
2817 5061 3008 5132 βοῶντι
3039 5061 3176 5132 πρὸς
3203 5060 3330 5123 τοὺς
3360 5061 3447 5112 ἐπ’
3470 5061 3577 5113 αὐ-

1983 5161 2076 5214 τὸν
2105 5156 2495 5230 συντρέχοντας
2518 5154 2704 5218 λαοὺς,
2725 5154 2821 5218 οὓς
2841 5155 2935 5208 καὶ
2958 5151 3235 5225 βαπτίζων
3257 5153 3315 5204 ἐν
3334 5150 3413 5222 τῷ
3449 5152 3580 5223 Ἰορ-

1984 5254 2120 5325 δάνῃ
2169 5251 2306 5322 πρὸς
2349 5249 2449 5320 τὴν
2495 5247 2763 5318 ὑποδοχὴν
2803 5247 3011 5300 ἐκείνου
3059 5244 3450 5316 προεκάθαιρε,
3480 5248 3580 5300 καὶ

1984 5342 2149 5404 αὐτὸς
2173 5339 2376 5402 εὐθέως
2390 5337 2580 5392 λοιπὸν
2602 5340 2631 5391 ὁ
2652 5337 3054 5410 κηρυττόμενος
3073 5336 3167 5389 καὶ
3191 5335 3581 5406 μαρτυρούμε-

1987 5449 2078 5496 νος
2104 5431 2184 5502 τῷ
2217 5430 2535 5501 βαπτίζοντι
2562 5429 2869 5499 παραστὰς,
2899 5429 2992 5482 καὶ
3015 5428 3329 5500 βαπτισθεὶς
3357 5429 3448 5481 ὑπ’
3479 5430 3577 5484 αὐ·

1942 5543 1948 5551 ·
1987 5523 2104 5589 τοῦ,
2142 5522 2313 5593 μείζω
2365 5521 2420 5574 δὲ
2453 5520 2555 5588 τῆς
2596 5519 2844 5574 Ἰωάννου
2883 5521 2980 5593 τὴν
3023 5520 3293 5591 πατρόθεν
3343 5519 3450 5572 ὑπὸ
3481 5522 3580 5575 τοῦ

1988 5615 2310 5684 Πνεύματος
2331 5613 2788 5684 καταδεδεγμένος
2815 5613 3138 5685 μαρτυρίαν,
3161 5614 3324 5676 αὐτὸς
3345 5614 3446 5684 μὲν
3466 5615 3580 5668 τῶν

1988 5708 2084 5762 δύο
2103 5706 2265 5777 μέσος
2286 5707 2620 5778 πεπόρευται
2641 5706 2808 5772 λαῶν,
2827 5706 2921 5760 τοῦ
2937 5724 2997 5760 τε
3018 5705 3246 5778 πλησίον
3270 5705 3329 5773 ἐξ
3358 5706 3580 5782 Ἰσραὴλ

1988 5800 2085 5857 καὶ
2107 5795 2204 5882 τοῦ
2235 5797 2518 5872 πόρρωθεν
2540 5799 2766 5869 ήκοντος
2794 5799 2858 5852 ἐκ
2887 5797 2995 5854 τῶν
3023 5798 3214 5853 ἐθνῶν.
3243 5796 3437 5863 Κοινδς
3462 5794 3576 5866 γὰρ
