3980 6446
372 302 479 365 ⁴ἲο9

317 479 323 483 _
380 429 475 482 xui
525 421 920 495 ἀκρογωνιαῖος
964 417 1108 483 λίθος
1161 419 1415 484 ἐκλεκτὸς
1458 421 1553 474 καὶ
1602 419 1820 492 ἔντιμος
1855 420 1962 492 Ἰη-

382 516 508 580 σοῦς
536 516 566 567 ὁ
593 511 830 585 Χριστὸς
859 513 917 564 ὲν
949 513 1014 582 τῇ
1050 510 1187 564 Σιὼν
1217 509 1402 581 ἐτέθη,
1430 512 1517 581 ἐφ’
1555 511 1747 565 ἑαυτὸν
1775 511 1966 567 ἐκατέ-

379 624 505 682 ρους
535 606 616 668 είς
655 604 714 656 ἓν
748 602 979 657 συνδέων
1006 603 1133 666 τοὺς
1175 602 1373 666 λαούς·
1414 602 1603 672 ὥσπερ
1644 604 1703 657 δὲ
1747 603 1966 676 πνεῦμα

372 695 441 771 ἦν
479 699 508 751 ό
536 696 701 758 αὐτὸς
732 694 828 748 xui
849 694 1005 765 σάρξ,
1031 694 1173 746 οὕτω
1205 695 1299 747 xui
1319 692 1587 764 κάθαρσιν
1616 697 1729 759 τοῖς
1753 694 1964 766 ἀνθρώ-

375 807 500 853 ποις
540 787 842 859 παρέχεται
884 784 1091 856 διττὴν,
1119 786 1218 856 τήν
1246 801 1307 838 τε
1344 783 1438 837 τοῦ
1478 783 1680 849 ζῶντος
1710 784 1964 857 Πνεῦμα-

371 899 487 945 τσς.
522 872 567 948 ᾧ
589 877 767 932 καὶτὸ
797 876 940 948 ὕδωρ
967 875 1061 930 τοῦ
1095 875 1470 948 βαπτίσματος
1510 876 1753 932 κάτωθεν
1788 875 1961 948 παρέ-

374 989 558 1036 πεται,
577 967 681 1039 τήν
703 986 764 1023 τε
791 965 884 1033 τοῦ
909 967 1141 1038 αἵματος
1156 965 1392 1039 Χριστοῦ
1415 967 1508 1020 τοῦ
1532 966 1788 1037 χυθέντος
1817 967 1959 1040 ὑπὲρ

378 1063 532 1134 ήμῶν
558 1064 617 1116 ὲν
641 1060 720 1132 τῷ
738 1058 956 1132 σταυρῷ
982 1074 996 1088 ·
1013 1058 1170 1112 τοῦτό
1198 1059 1316 1112 ἐστι
1342 1059 1402 1113 τὺ
1423 1052 1613 1131 αίμαή
1642 1059 1742 1129 τῆς
1765 1059 1960 1132 διαθή-

374 1174 479 1227 κης
508 1155 611 1225 τῆς
634 1152 829 1224 καινῆς
852 1151 1108 1223 σφραγὶς,
1134 1150 1164 1205 ὃ
1186 1150 1251 1224 δὴ
1280 1151 1465 1224 ρύσιόν
1497 1170 1556 1205 τε
1587 1152 1679 1207 καὶ
1708 1151 1960 1224 λυτήριον

1414 299 1481 357 ΙΝ
1512 302 1829 360 CARMINA
1860 302 2143 363 ARCANA
2183 302 2626 364 S.‘GREGOR|I.

3549 310 3658 370 710

2066 424 2120 477 in
2153 418 2285 477 Sion
2301 422 2513 494 positus
2543 421 2713 490 est,in
2737 420 2920 493 seipse
2947 431 3249 496 utrumque
3278 426 3530 483 adunans
3560 442 3659 499 po-

2074 514 2312 585 pulum;
2374 526 2430 571 et
2467 520 2614 572 sicut
2652 521 2771 571 erat
2826 515 2946 586 ipse
2997 514 3238 586 Spiritus
3281 527 3337 573 et
3385 534 3540 586 caro,
3576 521 3660 577 sic

2074 605 2391 661 hominibus
2407 607 2681 678 duplicem
2704 606 3141 676 puriﬁcationem
3175 609 3403 678 praebet,
3427 611 3657 667 alteram

2070 697 2301 766 spiritus
2351 698 2477 753 vita:
2520 714 2683 769 quem
2722 699 2976 770 sequitur
3014 715 3046 754 a
3108 709 3256 755 terra
3313 701 3660 772 baptismatis

2067 801 2233 857 aqua,
2274 788 2503 844 alteram
2538 790 2827 861 sanguinis
2850 790 3058 846 Christi
3080 807 3249 862 super
3271 809 3374 849 nos
3408 795 3465 849 in
3493 807 3659 851 cruce

2066 877 2225 935 οσυεί
2261 879 2397 936 :bic
2419 883 2670 952 sanguis,
2706 883 2833 938 novi
2866 884 3176 941 testamenti
3218 882 3419 951 imitus,
3469 886 3661 957 piacu-

2068 970 2182 1024 lum
2208 977 2263 1026 et
2293 970 2599 1043 redemptio
2624 972 2977 1043 originalium
3004 974 3344 1030 macularum
3368 977 3532 1046 primi
3562 991 3662 1048 pa.

2068 1061 2172 1116 tris
2226 1061 2333 1118 hoc
2394 1063 2635 1134 pretium
2700 1063 2954 1119 funditur
3007 1064 3416 1136 puriﬁcationis
3483 1068 3659 1125 totius

2067 1152 2281 1208 mundi.

373 1248 484 1304 τῶν
502 1246 596 1303 τοῦ
629 1243 974 1317 προπάτορός
1017 1244 1167 1297 ἐστιν
1203 1245 1517 1316 ἀρχεγόνων
1545 1244 1760 1312 παθῶν,
1803 1244 1961 1300 τοῦτο
1997 1245 2093 1300 xui
2108 1245 2303 1319 λύτρον
2324 1246 2467 1317 ὑπὲρ
2482 1245 2606 1300 ὅλου
2641 1246 2966 1320 καθάρσεως
2995 1247 3220 1318 κέχυται
3243 1247 3337 1302 τοῦ
3359 1249 3588 1323 κόσμου.

372 1379 447 1435 ss
481 1379 549 1431 Et
574 1376 695 1447 μὲν
720 1374 799 1444 δὴ
822 1374 910 1445 μὴ
944 1374 1196 1443 τρεπτὸς
1233 1374 1348 1443 εην
1384 1375 1626 1447 βροτὸς,
1654 1376 1791 1431 ἀλλ’
1815 1375 1959 1431 ἀδά-

1457 1446 1730 1517 υιαστος,
1760 1447 1881 1503 κτλ.

444 1563 513 1618 Et
539 1558 756 1633 ἀληθῶς
779 1559 887 1631 ἄρα
910 1557 974 1612 οὖ
997 1558 1231 1630 τρεπτὸς
1256 1558 1394 1614 ἀλλὰ
1417 1559 1687 1632 ἄτρεπτος
1707 1561 1803 1615 xui
1828 1562 1960 1632 ἀμε-

376 1652 635 1724 τακλινὴς
665 1649 759 1705 ἐπὶ
794 1649 856 1704 τὸ
885 1652 1065 1721 χεῖρον
1094 1649 1269 1720 ἔγωγε
1300 1650 1716 1722 πέπλασμαι,ὲκ
1741 1651 1958 1724 προσώ-

378 1763 481 1800 που
506 1745 606 1817 τῆς
641 1742 1061 1816 ἀνθρωπότητος
1117 1744 1151 1814 ή
1186 1742 1508 1816 θεορρήμων
1537 1744 1759 1813 γλῶσσά
1799 1762 1954 1815 φησι,

378 1837 544 1909 μόνος
564 1836 633 1891 ἂν
659 1835 887 1908 ἐδεόμην
910 1834 1012 1905 τῆς
1034 1828 1413 1903 σωτηριώδους
1429 1833 1524 1888 τοῦ
1557 1834 1691 1889 Θεοῦ
1715 1837 1956 1906 ἐντολῆς.

380 1930 415 2001 ἢ
440 1947 509 1984 πε
517 1927 883 2000 ριφρουροῦσα
898 1926 992 1981 xui
1009 1917 1257 1991 σώζουσα
1272 1928 1352 1991 είς
1372 1927 1513 1997 μέγα
1533 1926 1600 1982 ἀν
1623 1946 1691 2000 με
1719 1931 1960 2003 προῆγεν

306 2043 316 2051 ·
380 2020 598 2091 ὗψοῦσα
624 2018 779 2087 δόξης
817 2035 878 2071 τε
924 2017 1018 2072 xui
1054 2018 1254 2090 τιμῆς·
1291 2017 1387 2072 νῦν
1418 2018 1475 2072 δὲ
1505 2021 1691 2094 ἐπειδὴ
1744 2022 1843 2094 οὐχ
1883 2022 1961 2087 ὡς

383 2108 518 2163 Θεὸν
551 2107 900 2180 ἀμετάθετον,
942 2107 1058 2162 ἀλλ’
1085 2107 1162 2172 ὡς
1211 2106 1350 2172 ζῶον
1399 2108 1616 2165 ἔκτισεν
1658 2113 1960 2183 εὐμετάϐο-

382 2201 493 2265 λον,
516 2200 804 2273 ἀμφιρεπῆ
830 2217 892 2253 τε
912 2195 1094 2254 κλιτόν
1114 2216 1194 2263 τε,
1225 2200 1313 2254 ἐπ’
1330 2200 1534 2272 ἀρετήν
1558 2218 1618 2255 τε
1643 2203 1738 2256 xui.
1761 2199 1960 2260 κακίαν

379 2294 581 2364 ὁμοίως
609 2293 798 2366 ῥέπειν
832 2291 925 2346 καὶ
959 2290 1354 2357 ὲπικλίνεσθαι,
1382 2293 1691 2365 ὁποτέρωσε
1732 2295 1957 2363 νεύσειε,

376 2382 694 2453 δυνάμενον,
720 2381 810 2436 διά
836 2380 996 2436 τοῦτο
1014 2383 1109 2437 xui
1137 2382 1348 2436 πλείοσι
1380 2382 1717 2456 βοηθήμασιν
1739 2384 1817 2449 ὡς
1846 2387 1962 2455 φιλ-

377 2473 581 2543 άγαθος
619 2474 1009 2546 ὑποστηρίζει·
1041 2474 1150 2528 τῶν
1199 2473 1561 2548 βοηθημάτων
1589 2477 1645 2530 δὲ
1675 2477 1733 2532 ἓν
1762 2479 1857 2533 xui
1899 2479 1961 2532 τὸ

380 2567 669 2620 κάλλιστον
712 2567 748 2637 ή
801 2566 892 2620 διὰ
940 2565 1166 2638 λουτροῦ
1224 2567 1319 2621 xui
1369 2567 1746 2640 βαπτίσματος
1799 2571 1960 2643 χάρις

378 2656 548 2713 ἐστίν.
568 2657 680 2711 Καὶ
704 2658 808 2729 γάρ
832 2656 891 2711 ὃν
912 2656 1115 2727 τρόπον
1138 2657 1406 2730 Ἐϐραίων
1426 2643 1616 2724 παίδές
1635 2678 1766 2715 ποτε
1784 2663 1959 2733 ἀμνοῦ

380 2749 576 2819 ἀλόγου
608 2747 689 2819 τῷ
713 2749 906 2820 αἵματι
927 2748 1026 2812 τὰς
1051 2749 1160 2803 τῶν
1189 2749 1375 2804 οἰκιῶν
1411 2749 1725 2822 ἀλείφοντες
1756 2753 1816 2807 ὲν
1845 2771 1962 2809 συν·

379 2839 621 2911 τάγματι
637 2838 846 2910 Κυρίου
873 2838 1056 2909 φλιάς,
1085 2841 1174 2894 ὅτε
1193 2842 1301 2896 πᾶν
1331 2841 1676 2913 πρωτογενὲς
1705 2844 1764 2896 ὲν
1794 2844 1964 2913 Αίγύ-

382 2951 503 3006 amp
528 2933 637 2987 ἀπὸ
667 2931 956 3004 ἀνθρώπου
984 2932 1089 2995 ἕως
1120 2934 1351 3005 κτήνους
1379 2935 1439 2988 έν
1479 2937 1579 3008 μιᾷ
1603 2935 1964 3012 ἐξανῃροῦντο

380 3025 560 3093 νυκτὶ,
577 3026 698 3079 τότε
720 3020 867 3080 οὗτοι
897 3023 977 3096 τῷ
998 3025 1212 3097 τυπικῷ
1233 3025 1494 3098 χρίσματι
1516 3026 1709 3100 ἐκείνῳ
1728 3028 1826 3100 τὴν
1856 3029 1965 3084 ἀπὸ

381 3119 480 3175 τοῦ
518 3119 837 3191 ὀλοθρευτοῦ
861 3119 1042 3191 λύμην
1073 3119 1439 3192 διεδίδρασκον
1463 3137 1476 3152 ·
1505 3119 1649 3175 οὕτω
1669 3122 1839 3193 κάμοὶ
1867 3120 1962 3176 τοῦ

386 3208 566 3281 ἀμνοῦ
591 3209 685 3263 τοῦ
713 3209 846 3263 Θεοῦ
873 3209 965 3264 τοῦ
994 3209 1096 3282 τὴν
1140 3211 1412 3284 ἁμαρτίαν
1445 3211 1694 3283 αἴροντος
1732 3212 1828 3267 τοῦ
1866 3213 1961 3266 x6-

393 3315 533 3370 σμου
566 3298 630 3351 τὸ
650 3298 864 3369 πνεῦμα
888 3298 979 3353 xui
1002 3301 1064 3353 τὸ
1082 3293 1223 3371 αἷμα
1254 3298 1514 3370 Χριστοῦ,
1546 3301 1784 3373 σφραγὶς
1809 3302 1964 3375 θεόρ-

387 3393 554 3462 ῥυτος
573 3390 663 3443 xui
688 3389 824 3462 ίαμα
853 3389 1192 3455 ἀλεξίκακον,
1226 3391 1305 3463 τῷ
1329 3409 1391 3447 τε
1416 3392 1493 3465 νῷ
1524 3393 1620 3447 καὶ
1644 3393 1722 3466 τῷ
1752 3392 1963 3466 σώματι

380 3480 462 3546 ὡς
505 3480 657 3534 οίκου
705 3480 884 3551 φλιαῖς
926 3481 1118 3554 νοητοῦ
1163 3483 1458 3557 χριομένῳ,
1492 3484 1819 3557 χρηματίζει
1871 3487 1967 3540 xui

383 3574 652 3629 παντοίων
713 3574 1082 3647 ἀποτρόπαιον
1130 3575 1511 3631 ἀποδείκνυται
1573 3577 1781 3632 κακῶν.
1840 3578 1965 3642 Τοῖς

388 3666 486 3738 μὲν
541 3661 629 3721 οῦν
687 3666 764 3732 ὡς
823 3666 1038 3721 ἀτελέσι
1096 3666 1188 3721 xui
1250 3668 1465 3738 νηπίοις
1516 3667 1578 3722 τὸ
1627 3668 1874 3734 τυπικῶς
1928 3668 1965 3742 ἢ

387 3756 632 3822 σκιωδῶς
692 3760 812 3813 ἐκεῖ
867 3759 1316 3831 παρειλημμένον
1359 3759 1570 3832 χρίσμα
1613 3761 1852 3833 τυπικήν
1904 3777 1965 3814 τε

388 3849 485 3903 xui
535 3848 871 3923 πρόσκαιρον
920 3849 1097 3904 είτουν
1154 3852 1476 3923 σωματικὴν
1529 3852 1801 3925 σωτηρίαν
1850 3854 1966 3916 τοῖς

387 3939 697 4012 χριομένοις
728 3939 1079 3994 ὑπετείνατο·
1133 3941 1385 3997 ἐνταυθοῖ
1430 3943 1487 3998 δὲ
1533 3944 1566 4015 ή
1613 3944 1703 3998 διά
1739 3943 1964 4017 λουτροῦ

386 4031 808 4102 παλιγγενεσίας
839 4032 1092 4105 διδομένη
1133 4035 1294 4106 χάρις
1322 4034 1415 4089 τοῦ
1445 4034 1761 4107 Πνεύματος
1786 4036 1882 4092 xui
1905 4035 1968 4091 τὸ

387 4122 482 4178 τοῦ
512 4123 810 4193 φωτοδότου
841 4118 981 4195 αἷμα
1025 4124 1201 4197 Ἰησοῦ
1235 4126 1435 4197 ἀρίστη
1475 4125 1683 4194 γίνεται
1731 4126 1968 4197 σφραγὶς

388 4215 486 4270 xui
510 4215 781 4287 ἀσφάλεια
813 4216 1049 4288 μυστικὴ
1079 4217 1198 4282 νοὸς
1224 4220 1321 4273 xui
1361 4218 1540 4291 ψυχῆς
1569 4219 1664 4274 xui
1690 4216 1966 4291 σώματος,

387 4296 501 4362 οἷόν
529 4326 613 4374 τις
641 4308 900 4382 ἀρραϐὼν
934 4308 1082 4381 ζωῆς
1113 4310 1333 4365 αἰωνίου
1361 4313 1458 4366 xui
1497 4310 1842 4367 ἀκαταλύτου
1872 4311 1970 4383 Bu-

389 4388 628 4479 σιλείας,
674 4402 790 4466 τοῖς
837 4400 1012 4466 ἀξίοις
1058 4401 1426 4474 λαμϐάνουσιν
1471 4402 1870 4477 βραϐευομένη*
1908 4406 1969 4461 ἐν

387 4491 537 4564 αὐτῷ
561 4494 671 4565 γάρ
694 4492 773 4566 τῷ
796 4492 892 4548 τοῦ
929 4494 1103 4566 ἀμνοῦ
1126 4494 1219 4549 τοῦ
1248 4493 1382 4549 Θεοῦ
1411 4496 1697 4568 χρίσματι,
1734 4494 1831 4551 τοῦ
1863 4495 1958 4568 βά-

387 4580 516 4647 θους
541 4583 641 4654 τῆς
677 4581 856 4653 λύπης
895 4583 991 4636 xui
1031 4582 1135 4654 τῆς
1179 4582 1562 4653 ἀπογνώσεως,
1615 4584 1713 4639 xui
1754 4584 1818 4656 δὴ
1870 4586 1968 4640 καὶ

385 4673 482 4728 τοῦ
524 4677 625 4746 τῆς
655 4673 931 4747 ἁμαρτίας
961 4674 1162 4748 βάρους
1208 4674 1351 4729 κατὰ
1385 4674 1581 4748 μικρὸν
1608 4675 1967 4745 ἀνακουφιζό-

388 4780 565 4837 μενοι,
601 4765 697 4818 xui
721 4765 814 4819 τὸν
843 4764 1047 4837 αὐχένα
1074 4766 1445 4831 ἀνατείνοντες
1461 4766 1561 4837 τῆς
1586 4765 1788 4837 ψυχῆς,
1826 4767 1970 4839 πρὸς

383 4860 487 4930 τὴν
519 4857 766 4929 οὐράνιον
799 4858 943 4931 ζωὴν
974 4858 1075 4923 τὰς
1118 4861 1344 4932 πορείας
1383 4858 1827 4931 κατευθυνόμεθα
1871 4858 1967 4914 τοῦ
2000 4858 2003 4861 ’

383 4948 502 5005 νοῦ.
539 4948 653 5002 Καὶ
681 4947 787 5021 γὰρ
815 4949 1004 5020 ὥσπερ
1047 4949 1349 5021 ὁδοιπόρος,
1384 4948 1690 5020 ἐπιτηδείου
1733 4946 1972 5002 καταλύ-

388 5056 560 5109 ματος
615 5038 998 5111 εὐμοιρηκὼς,
1050 5038 1146 5093 xui
1190 5038 1301 5092 τῶν
1362 5037 1547 5092 κόπων
1598 5037 1969 5103 ἀναπνεύσας,

388 5127 556 5200 νεαρᾷ
587 5125 865 5198 προθυμίᾳ
893 5127 988 5180 xui
1031 5125 1405 5197 συντονωτέρᾳ
1440 5125 1577 5198 πρὸς
1614 5125 1675 5179 τὸ
1717 5125 1846 5197 ἑξῆς
1874 5125 1975 5199 τῆς

393 5218 613 5289 πορείας
656 5217 1013 5283 διανίσταται,
1052 5216 1197 5272 οὕτω
1243 5218 1338 5272 xui
1386 5218 1416 5270 ό
1457 5216 1557 5289 τῆς
1606 5217 1829 5289 χάριτος
1875 5216 1972 5273 τοῦ

394 5308 548 5376 ἁγίου
596 5308 913 5381 Πνεύματος
942 5310 1038 5364 xui
1081 5310 1313 5381 αἵματος
1356 5308 1416 5364 ὲν
1463 5307 1713 5381 αἰσθήσει
1744 5309 1974 5382 καρδίας

391 5398 488 5454 καὶ
538 5400 715 5455 πίστει
764 5399 959 5472 βεϐαίᾳ
997 5400 1407 5472 κατηξιωμένος
1433 5397 1528 5454 τοῦ
1567 5398 1828 5472 Χριστοῦ,
1860 5398 1971 5453 τῶν

386 5508 445 5547 τε
492 5491 804 5548 λυπούντων
850 5493 1126 5559 ἁπάντων,
1160 5492 1271 5547 τῶν
1300 5510 1362 5546 τε
1390 5491 1730 5565 βαρυνόντων
1760 5491 1972 5563 νοητῶς

384 5584 418 5656 ἠ
447 5586 538 5640 xui
565 5585 867 5659 όρωμένως
899 5586 959 5640 τὸ
984 5585 1148 5657 ἄχθος
1171 5585 1268 5641 xui
1301 5587 1402 5656 τῆς
1430 5583 1662 5657 ἀκηδίὰς
1692 5584 1784 5640 τὸν
1808 5584 1976 5654 ὄγκον

383 5676 902 5747 ἀποσκευαζόμενος
923 5678 1020 5732 xui
1048 5676 1464 5749 ἀνανεούμενος,
1492 5677 1767 5743 εὐσταλῶς
1793 5695 1852 5732 τε
1882 5679 1976 5732 xui

384 5770 788 5843 πεπονημένως
838 5769 976 5843 πρὸς
1017 5769 1120 5835 τὰς
1156 5768 1449 5842 ἀγαπητάς
1493 5768 1588 5825 τοῦ
1627 5769 1747 5850 τῶν,
1776 5771 1974 5842 φώτων

2064 1376 2136 1432 82
2185 1375 2452 1450 Equidem
2507 1379 2557 1434 si
2604 1395 2709 1434 non
2750 1393 2920 1434 essem
2984 1379 3155 1451 homo
3184 1381 3516 1451 inconstans,
3566 1387 3659 1441 sed

3141 1450 3510 1521 inmutabilis,
3546 1466 3653 1511 etc.

2137 1558 2420 1631 Siquidem
2447 1578 2578 1619 vere
2598 1564 2883 1621 versatilis
2914 1564 3010 1621 sed
3028 1574 3083 1622 et
3109 1581 3221 1621 non
3246 1568 3521 1625 versatilis
3553 1585 3658 1625 nec

2063 1667 2291 1710 cessans
2334 1654 2403 1709 ad
2426 1656 2634 1726 'pejora
2669 1671 2878 1727 pronus
2915 1672 3044 1714 esse
3082 1658 3389 1730 plasmatus
3437 1675 3560 1716 sum
3596 1671 3659 1717 ut

2065 1742 2250 1809 homo,
2275 1743 2459 1813 lingua
2490 1744 2727 1815 theologi
2759 1744 3043 1815 praedicat,
3075 1746 3247 1802 solius
3267 1749 3490 1820 egeham
3517 1766 3658 1821 prato

2062 1832 2206 1903 ccpti
2235 1833 2304 1887 de
2336 1832 2447 1888 Deo
2481 1834 2750 1889 crttciiixo
2786 1854 2800 1890 :
2831 1836 2977 1907 quod
3013 1837 3416 1911 circumtegens
3447 1851 3500 1896 et
3534 1843 3660 1899 sal-

2061 1938 2196 1978 vans
2226 1938 2314 1978 me
2344 1924 2549 1978 cxaltat
2585 1935 2639 1979 et
2671 1924 2825 1980 ducit
2852 1925 2919 1979 ad
2955 1926 3144 1997 gloria:
3157 1938 3213 1983 et
3247 1928 3475 1990 honoris
3504 1949 3658 1988 sum-

2062 2026 2233 2067 mum.
2276 2012 2385 2068 Sed
2426 2029 2575 2069 nunc
2627 2013 2719 2084 qui
2772 2030 2860 2069 me
2888 2016 3099 2071 creavit
3142 2032 3251 2073 non
3293 2019 3437 2076 sicut
3485 2021 3657 2077 Deum

2060 2103 2479 2170 immutabilem,
2500 2104 2646 2161 bene
2664 2122 2793 2162 vero
2817 2106 2962 2163 sicut
2981 2109 3218 2163 animam
3235 2109 3510 2167 viventem
3536 2129 3656 2168 mu-

2063 2193 2253 2248 talioni
2285 2195 2605 2261 obnoxium,
2655 2204 2947 2268 utramque
2966 2197 3033 2252 ad
3083 2206 3295 2269 partem
3320 2216 3654 2273 propensum

2060 2291 2115 2339 et
2155 2284 2475 2340 inclinatum
2501 2302 2516 2352 ;
2543 2295 2598 2342 et
2629 2287 2880 2344 similiter
2911 2289 3289 2348 inclinationis
3308 2301 3363 2347 et
3385 2296 3654 2352 trahentis

2061 2378 2356 2448 voluptatis
2390 2379 2458 2434 ad
2501 2379 2763 2436 virtutem
2807 2396 2963 2452 teque
2998 2397 3063 2437 ac
3094 2383 3161 2437 ad
3200 2385 3463 2441 malitiam
3510 2405 3653 2459 quo-

2061 2482 2275 2538 cunque
2301 2484 2425 2525 sors
2452 2477 2617 2535 esset,
2655 2485 2936 2543 capacem,
2975 2471 3186 2527 idcirco
3213 2473 3473 2531 virtutum
3503 2492 3655 2533 ama-

2062 2564 2148 2612 tor
2167 2559 2417 2628 pluribus
2449 2548 2672 2615 auxiliis
2692 2557 3025 2616 conﬁrmat:
3052 2576 3288 2632 quorum
3324 2565 3655 2621 auxiliorum

2063 2666 2231 2707 unum
2256 2653 2663 2724 pulchritudine
2699 2662 2921 2724 praestat
2953 2654 3139 2711 Gratia
3169 2672 3266 2727 per
3294 2657 3570 2715 lavacrum
3601 2668 3659 2717 et

2062 2744 2357 2815 baptisma.
2393 2744 2458 2799 Et
2477 2744 2941 2816 quemadmodum
2970 2748 3126 2817 pueri
3145 2748 3500 2807 Hebraeorum
3524 2754 3657 2808 olim

2062 2838 2187 2910 agni
2211 2839 2421 2892 ratione
2454 2837 2695 2908 expertis
2726 2839 2993 2910 sanguine
3031 2839 3322 2896 domorum
3369 2855 3555 2912 postes
3586 2846 3658 2900 lio

2065 2930 2283 2987 nientes
2301 2930 2368 2985 ad
2384 2930 2596 2986 Domini
2614 2931 2944 3001 iussionem,
2962 2933 3183 3003 quando
3206 2949 3370 2991 omne
3386 2938 3659 3009 primoge-

2065 3024 2241 3077 nitum
2278 3023 2332 3077 in
2355 3021 2595 3094 Egypto
2625 3024 2696 3078 ab
2747 3024 2966 3079 homine
2993 3034 3174 3095 usque
3222 3025 3294 3081 ad
3332 3043 3505 3098 pecus
3544 3045 3657 3084 una

2070 3121 2232 3168 nocte
2267 3113 2672 3169 exterminatus
2703 3120 2812 3178 est,
2858 3122 2993 3169 tunc
3026 3114 3133 3185 ipsi
3173 3116 3275 3170 hac
3300 3117 3558 3173 linitionc
3583 3119 3655 3175 ii-

2071 3201 2322 3274 gurativa
2349 3201 2562 3273 plagam
2605 3201 2919 3274 effugerunt
2963 3205 3431 3272 exterminatoris;
3481 3208 3563 3265 sic
3600 3217 3658 3264 et

2063 3292 2197 3347 mihi
2225 3292 2366 3362 Agni
2410 3290 2503 3348 Dei
2537 3292 2630 3363 qui
2689 3295 2830 3349 tollit
2873 3303 3165 3365 peccatum
3190 3298 3384 3352 mundi
3414 3297 3653 3369 spiritus

2063 3391 2118 3440 et
2148 3383 2373 3457 sanguis
2411 3381 2640 3450 Christi,
2692 3381 3040 3455 signaculum
3086 3400 3119 3443 a
3147 3387 3265 3443 Deo
3312 3388 3562 3445 oblatum
3602 3400 3660 3446 et

2067 3477 2367 3532 remedium
2422 3475 2565 3533 mala
2597 3475 2906 3547 corrigens,
2936 3491 3102 3550 super
3142 3480 3560 3553 intelligentiam
3604 3492 3661 3538 et

2065 3583 2266 3640 corpus
2293 3569 2452 3641 quasi
2485 3562 2684 3625 domus
2713 3571 3020 3642 spirituaiis
3048 3581 3239 3643 postes
3257 3574 3658 3641 linitur,valde

2066 3661 2444 3732 proﬁciens,et
2481 3662 2539 3715 iit
2565 3662 2737 3718 tutela
2764 3671 2959 3719 contra
2987 3664 3300 3722 omnimoda
3323 3667 3464 3721 mala
3499 3686 3513 3722 :
3537 3667 3654 3723 illis

2066 3766 2197 3824 ergo
2239 3753 2790 3824 utpoteimpert‘ectis
2820 3764 2875 3811 et
2890 3756 3199 3813 infantibus
3235 3756 3512 3828 ﬁguratim
3555 3768 3655 3817 aut

2066 3857 2163 3913 per
2204 3843 2455 3898 umbram
2488 3843 2578 3898 hic
2610 3843 2817 3900 tradita
2866 3846 3071 3910 linitio,
3104 3846 3397 3917 ﬁguratam
3432 3856 3488 3904 et
3535 3864 3659 3905 mo-

2067 3942 2412 3991 mentaneam
2436 3943 2491 3991 et
2524 3934 2650 3993 ideo
2679 3950 3002 4006 corpoream
3048 3937 3410 3994 salvationem
3481 3940 3658 3996 linitis

2069 4025 2364 4083 tribuebat.
2409 4025 2567 4098 Apud
2599 4042 2704 4084 nos
2734 4041 2866 4085 vero
2899 4042 2997 4098 per
3034 4027 3319 4084 lavacrum
3352 4045 3648 4101 regenera-

2068 4115 2234 4171 tionis
2264 4114 2390 4170 data
2426 4115 2664 4186 Spiritus
2692 4116 2871 4191 gratia
2895 4127 2951 4175 et
2984 4117 3379 4177 illuminaturis
3422 4123 3650 4194 sanguis

2067 4204 2198 4261 Jesu
2225 4204 2284 4262 ﬁt
2308 4205 2572 4276 optimum
2600 4206 2944 4279 signaculum
2971 4216 3026 4265 et
3056 4210 3228 4265 tutela
3255 4210 3489 4282 mystica
3532 4212 3647 4282 spi-

2069 4300 2234 4366 ritus,
2295 4297 2495 4354 animaa
2545 4306 2601 4355 et
2643 4301 2919 4369 corporis,
2968 4300 3170 4371 pignus
3213 4301 3491 4372 quoddam
3528 4302 3657 4358 vitte

2071 4399 2293 4447 aeternae
2320 4398 2377 4448 et
2394 4389 2549 4463 regni
2587 4391 2736 4462 quod
2768 4393 2924 4449 nulla
2953 4392 3258 4450 amictione
3298 4392 3517 4466 ﬁneque
3560 4394 3657 4451 de-

2071 4483 2305 4551 solatur,
2352 4482 2535 4555 dignis
2571 4481 2894 4540 decernitur
2952 4485 3049 4557 qui
3091 4486 3384 4558 recipiant.
3437 4486 3654 4545 Etenim

2073 4572 2170 4629 ubi
2208 4572 2452 4644 primum
2482 4588 2654 4644 super
2696 4589 2801 4631 nos
2844 4582 3032 4630 manat
3056 4576 3177 4646 ipse
3216 4576 3358 4647 Agni
3403 4575 3499 4634 Dei
3529 4592 3659 4633 san-

2071 4665 2217 4735 guis,
2250 4665 2321 4723 de
2342 4666 2638 4736 profundis
2661 4666 2892 4739 angoris
2923 4676 2977 4723 et
2999 4668 3407 4740 desperationis
3429 4678 3484 4726 et
3521 4684 3659 4742 prae-

2072 4758 2261 4815 sertim
2287 4758 2356 4815 de
2381 4758 2592 4831 peccati
2610 4775 2779 4817 onere
2804 4761 3081 4832 erigentes
3118 4777 3245 4828 nos,
3300 4764 3655 4834 gubernacu-

2072 4849 2187 4905 lum
2221 4851 2571 4907 sustollimus
2600 4852 2800 4908 animae
2842 4861 3011 4925 atque
3053 4853 3123 4909 ad
3165 4854 3446 4911 ctelestem
3487 4855 3655 4910 vitam

2068 4941 2299 5012 spiritus
2333 4956 2558 5012 gressus
2580 4940 2887 5015 dirigimus.
2912 4944 3169 5001 Proiecto
3192 4945 3338 5001 sicut
3360 4945 3543 5002 viator
3565 4946 3652 5001 di-

2072 5031 2384 5093 versorium
2402 5040 2600 5090 nactus
2630 5044 3004 5106 opportunum
3026 5051 3057 5091 a
3078 5036 3408 5095 lassitudine
3428 5038 3658 5109 acquie-

2083 5127 2211 5192 scit,
2234 5140 2475 5198 moxque
2510 5140 2656 5183 novo
2675 5127 3120 5185 ardorealacrior
3141 5128 3211 5184 ad
3244 5130 3351 5186 iter
3371 5131 3656 5198 residuum

2085 5226 2369 5288 assurget;
2399 5219 2481 5275 sic
2515 5225 2571 5275 et
2602 5220 2781 5291 gratia
2806 5222 2982 5276 sancti
3013 5220 3255 5292 Spiritus
3298 5228 3352 5278 et
3388 5223 3659 5294 sanguine

2082 5310 2295 5367 Christi
2322 5311 2580 5384 dignatus
2598 5310 2696 5381 qui
2725 5310 2897 5367 corde
2921 5312 3180 5383 intelligit
3225 5322 3282 5369 et
3316 5312 3424 5370 ﬁde
3460 5313 3655 5367 llrmus

2079 5409 2166 5459 est
2184 5410 2469 5459 recreatus
2492 5409 2547 5455 et
2567 5408 2866 5458 renovatus
2905 5402 2976 5457 ab
3004 5402 3367 5474 oppressione
3411 5402 3660 5472 affligen-

2077 5494 2215 5551 tium
2245 5494 2491 5551 omnium
2521 5500 2579 5550 et
2605 5493 2951 5551 onerantium
2991 5494 3110 5551 sive
3137 5494 3503 5566 spiritualiter
3539 5493 3657 5549 sive

2076 5585 2396 5651 visibiiiter,
2448 5598 2665 5641 necnon
2708 5598 2740 5638 a
2783 5592 2995 5642 tumore
3022 5586 3259 5651 ‘acedite,
3299 5584 3555 5641 alacriter
3599 5591 3657 5640 et

2077 5674 2355 5730 laboriose
2382 5672 2528 5729 sicut
2553 5687 2751 5731 cervus
2776 5671 3055 5732 desiderat
3069 5673 3141 5731 ad
3153 5675 3391 5731 dilectas
3412 5671 3659 5730 mansio-

2078 5782 2180 5826 nes
2209 5764 2353 5839 apud
2372 5764 2590 5825 Patrem
2611 5766 2908 5824 luminum.
2959 5767 3028 5828 Et
3077 5779 3146 5824 ne
3178 5762 3306 5838 quis
3345 5774 3655 5827 murmuret
