3980 6442
382 448 491 506 τη
552 513 590 548 .

381 566 415 619 ὁ
440 564 698 625 τελισκόμ
711 578 827 625 ενος
870 560 1129 616 κολλᾶται
1165 559 1307 631 Θεῷ,
1343 561 1437 615 καὶ
1464 560 1523 613 ἓν
1562 560 1805 631 πνεῦμα,
1836 561 1976 615 κατὰ

382 654 478 711 τὸν
517 657 864 715 Ἀπόστο).ον,
894 652 1042 723 αύτῷ
1076 652 1319 721 γίνεται;
1353 652 1491 707 Καθ’
1533 654 1659 707 ὅσον
1683 652 1975 725 τοιγαροῦν

386 750 594 823 ὑψηλόν
628 766 686 803 τε
721 748 816 802 καὶ
858 746 1046 819 νοερὸν
1072 746 1166 799 καλ⁸
1191 745 1289 816 τῆς
1314 744 1539 817 πρώτης
1576 746 1976 817 μακαριότητος

385 841 649 914 πρόξενον
693 840 756 892 τὸ
794 838 986 910 χρῆμα
1034 837 1392 891 πεπίστευται
1437 836 1538 908 τῆς
1586 837 1810 909 ἀρετῆς,
1832 837 1976 892 κατὰ

381 933 643 990 ⁴τοσοῦτον
691 931 784 985 καὶ
822 929 992 984 πολλά
1043 928 1154 1000 ἔχει
1199 928 1269 982 τὰ
1312 928 1450 1001 πρὸς
1491 928 1590 1000 τὴν
1635 929 1975 1001 κατόρθωσιν

380 1027 589 1099 ταύτης
614 1026 820 1094 ἀνάντη
849 1024 943 1085 καὶ
963 1023 1220 1093 δυσχερῆ.
1251 1022 1370 1075 Ἵνα
1396 1022 1507 1094 γὰρ
1532 1022 1624 1076 τὸν
1644 1022 1740 1076 τοῦ
1767 1023 1972 1095 δυσμε-

381 1119 510 1183 νοῦς
539 1117 735 1187 φθόνον
781 1115 940 1188 παρῶ
975 1117 1295 1169 ἐπισκοπεῖν
1340 1116 1427 1169 ἀεὶ
1454 1115 1551 1185 τὴν
1596 1116 1852 1186 πρόθεσιν
1877 1115 1972 1170 τοῦ

382 1210 522 1282 πρὸς
555 1208 729 1278 αὐτὴν
746 1207 987 1269 ἀνιόντος
1010 1205 1380 1278 πειρωμένου,
1408 1207 1545 1278 αὑτὴ
1580 1208 1613 1278 ἡ
1642 1207 1761 1262 κατ’
1786 1207 1974 1279 αἴσθη-

384 1317 472 1354 σιν
503 1298 641 1372 ζωὴ,
669 1300 698 1353 ὃ
738 1316 798 1352 τε
831 1299 1110 1370 σύμφυτος
1142 1299 1243 1368 τῆς
1269 1299 1448 1371 ψυχῆς
1469 1299 1639 1372 θυμὸς
1666 1304 1763 1354 καί¹
1791 1303 1824 1372 ή
1852 1302 1974 1354 ἑπι-

383 1393 592 1465 θυμία,
643 1393 693 1445 εἰ
741 1391 818 1463 μὴ
866 1389 1225 1461 πνευματικῷ
1271 1392 1421 1462 νόμῳ
1473 1390 1832 1446 παιδευθέντα
1877 1394 1974 1447 καὶ

378 1485 672 1557 ταχθέντα.
711 1483 988 1553 καταπιθῆ
1022 1485 1115 1536 καὶ
1139 1484 1329 1553 εύήνια
1353 1484 1564 1553 γένοιτο
1590 1485 1671 1556 τῷ
1701 1485 1969 1558 λογισμῷ,

379 1576 568 1640 οὔπως
596 1576 663 1631 ἂν
703 1577 731 1629 ὁ
765 1575 958 1646 ἐχθρὸς
984 1575 1389 1646 ἀποστραφείη,
1416 1576 1528 1629 οὐδ’
1562 1575 1860 1648 εἰλικρινὴς
1880 1578 1973 1631 ἀνο

383 1664 591 1737 θρώπῳ
635 1662 1011 1736 κατορθωθείη
1060 1665 1265 1736 ἀρετή’
1305 1664 1372 1718 δι’
1412 1664 1442 1718 ὃ
1485 1665 1577 1720 καὶ
1619 1668 1649 1719 ό
1698 1666 1777 1737 τῷ
1808 1666 1972 1739 ἔρωτι

383 1759 557 1829 αὐτῆς
600 1758 829 1827 κάτοχος
879 1756 1184 1827 φιλοσόφως
1214 1759 1296 1821 εἰς
1331 1757 1522 1812 ἑαυτὸν
1562 1759 1655 1812 τὸν
1685 1758 1843 1827 λόγον
1874 1777 1973 1831 με-

383 1850 830 1921 τασχηματίζων,
883 1849 995 1919 Τὴν
1039 1849 1263 1920 ἀρετὴν,
1323 1851 1480 1922 φησὶ,
1534 1851 1684 1905 ποθῶ
1731 1852 1851 1921 μὲν,
1876 1853 1973 1906 καὶ

385 1941 491 1995 οὐκ
521 1942 853 2012 ἀρνήσομαι·
898 1939 1057 1993 τοῦτο
1082 1941 1191 2013 γὰρ
1228 1942 1324 1995 καὶ
1364 1943 1566 2008 πάντες
1594 1946 1643 1997 οί
1680 1944 1773 1999 τοῦ
1805 1945 1973 2010 ὅντως

390 2034 623 2103 ἐρασταὶ
656 2030 820 2086 καλοῦ
839 2049 854 2063 ·
886 2031 1024 2085 ἀλλὰ
1053 2032 1212 2086 τοῦτό
1244 2051 1312 2104 με
1338 2035 1439 2089 οὐκ
1467 2036 1694 2102 ἐδίδαξε,
1731 2038 1817 2102 τίς
1841 2056 1972 2093 ποτε

394 2123 554 2196 αῦτη,
589 2125 681 2178 καὶ
720 2123 841 2178 ὅθεν
889 2124 955 2179 ἄν
1005 2143 1097 2196 μοι
1144 2126 1494 2198 προπεθείη,
1533 2131 1728 2202 κομιδῇ
1771 2132 1970 2203 ταύτης

388 2215 564 2286 ἔχοντι
612 2216 711 2287 τὴν
760 2216 974 2289 ὄρεξιν·
1027 2215 1111 2282 οἷς
1152 2220 1247 2272 καὶ
1295 2219 1535 2292 ἀνιῶμαι
1585 2226 1652 2295 τῇ
1691 2225 1972 2294 ἀτελότητι

384 2307 586 2378 ταύτης
638 2307 1002 2379 ἀλγυνόμενος
1025 2326 1037 2339 ·
1106 2312 1216 2375 πᾶς
1269 2311 1379 2384 γὰρ
1443 2313 1607 2378 πόθος
1666 2317 1972 2382 ἀτέλεστος,

382 2397 543 2471 ὀδύνη
573 2399 652 2470 τῷ
690 2402 1016 2474 κεκτημένῳ
1052 2401 1240 2457 τοῦτον
1289 2406 1641 2477 χρηματίζει.

667 2492 741 2547 El
766 2493 887 2562 μὲν
914 2493 990 2563 δὴ
1017 2496 1299 2565 καθαρὸς,
1333 2515 1389 2554 κ.
1418 2516 1466 2553 τ.
1500 2500 1548 2552 ἑ.

466 2581 529 2637 Ἡ
557 2585 657 2654 μὲν
673 2585 881 2656 ἀληθὴς
924 2585 1093 2658 ἀρετὴ
1135 2589 1232 2642 καὶ
1288 2588 1367 2661 τῷ
1412 2588 1525 2645 ὄντι
1588 2590 1839 2664 καθαρά,
1896 2596 1977 2667 τῷ

390 2675 566 2746 πάσης
604 2676 808 2739 κακίας
852 2677 945 2730 καὶ
985 2679 1256 2749 ρυπαρίας
1305 2681 1507 2752 σαρκὸς
1538 2683 1631 2735 καὶ
1664 2684 1977 2756 πνεύματος

388 2769 622 2840 πάμπαν
649 2767 1021 2840 ἀπηλλάχθαι,
1056 2769 1212 2825 ῦδατι
1251 2773 1541 2845 προσέοικε
1580 2775 1994 2849 καθαρωτάτῳη

386 2862 481 2915 καὶ
510 2860 743 2934 ῥεύματι
764 2862 974 2934 κρήνης
1002 2860 1345 2935 ἐξαλλομὲνῳ
1370 2864 1574 2936 ζώσης,
1615 2865 1675 2933 ἐξ
1720 2867 1978 2939 οὐδεμιᾶς

386 2954 685 3025 χειμερίων
743 2953 975 3015 ὑδάτων,
1020 2953 1140 3024 ἤτοι
1187 2957 1537 3028 χειμάρρων,
1588 2960 1871 3031 ἐπιμιξίας
1917 2962 1980 3015 τὸ

386 3045 481 3100 τοῦ
520 3046 759 3116 νάματος
801 3044 1112 3115 θολουμένῳ
1140 3047 1522 3104 διειδέστατον.
1562 3050 1733 3123 Εἴπερ
1775 3049 1867 3106 οὖν
1894 3071 1980 3118 τις

389 3134 542 3188 οὕτω
574 3134 811 3207 καθαρός
858 3137 1027 3200 ἐστιν,
1068 3136 1143 3200 ὡς
1193 3138 1368 3209 ἀμιγῆ
1414 3140 1596 3209 πάσης
1641 3142 1841 3206 κακίας
1885 3146 1983 3197 καὶ¹

396 3225 669 3297 ἁμαρτίας
716 3226 970 3297 ἀμίαντον
1004 3228 1104 3300 τὴν
1156 3230 1326 3283 αὑτοῦ
1379 3233 1624 3303 τηρήσας
1661 3233 1841 3306 ψυχὴν
1886 3239 1982 3289 καὶ

397 3318 492 3372 τὸν
550 3318 706 3383 νοῦν,
759 3319 1025 3376 ἀθόλωτον
1079 3324 1280 3395 δὲ’τὴν
1330 3326 1507 3399 σάρκα
1560 3328 1656 3379 καὶ
1710 3330 1978 3399 app-mw,

394 3409 548 3481 ζητῶ
586 3410 671 3475 τίς
712 3410 780 3465 ἂν
824 3407 974 3477 οὗτος
1015 3416 1138 3487 atq;
1194 3419 1243 3469 εί
1286 3417 1395 3487 γὰρ
1428 3421 1603 3488 ἄστρα
1649 3420 1710 3473 ού
1766 3421 1984 3492 καθαρὰ

388 3503 634 3558 ἐναντίον
658 3505 843 3572 αὐτοῦ,
873 3506 1016 3561 κατὰ
1038 3508 1099 3561 τὸ
1125 3507 1327 3578 λόγιον,
1355 3510 1420 3564 ἔα
1443 3511 1500 3563 δὲ
1528 3512 1578 3564 oi
1601 3513 1984 3577 κατοικοῦντες

385 3595 572 3661 οἰκίας
603 3597 938 3671 πηλίναςθῆ
984 3600 1094 3672 γὰρ
1142 3603 1209 3655 ἐκ
1258 3602 1487 3674 καρδίας
1539 3604 1675 3669 ἰδίας
1722 3605 1985 3677 βόρϐορον

388 3688 605 3742 ἀτόπων
624 3690 887 3762 ἀναφέρει
914 3692 1201 3765 ἄνθρωπος
1222 3694 1498 3767 λογισμῶν
1516 3713 1529 3726 ’
1552 3696 1690 3769 αὕτη
1711 3697 1809 3768 μία
1835 3698 1985 3752 αἰτία

389 3779 492 3851 τῆς
515 3782 748 3846 κακίας·
786 3783 981 3840 ἔπειτα
1005 3786 1184 3859 σάρκα
1226 3788 1453 3861 βαρεῖαν
1486 3791 1581 3844 καὶ
1618 3790 1815 3861 ἰλυώδη
1849 3792 1985 3862 πρὸς

390 3872 455 3924 τὸ
499 3873 702 3941 γεῶδες
737 3874 1033 3947 βρίθουσαν
1071 3880 1331 3953 φρόνημα
1376 3881 1840 3953 συνεφελκόμενος
1886 3887 1986 3955 ῥυ·-

390 3964 682 4019 παίνεταυ
713 3970 852 4041 πρὸς
880 3971 937 4025 δὲ
972 3972 1068 4026 καὶ
1108 3972 1188 4043 τῷ
1233 3974 1453 4045 ἄρχοντι
1505 3975 1599 4028 τοῦ
1650 3975 1877 4039 σκότους
1906 3975 1987 4047 τῷ

392 4060 491 4129 τῆς
520 4059 797 4131 ἡμετέρας
826 4062 1007 4135 ἐχθρῷ
1037 4066 1313 4138 σωτηρίας
1350 4066 1551 4133 ἔξωθεν
1582 4068 1988 4139 παροτρυνόμε-

395 4165 508 4213 νος,
544 4151 641 4204 καὶ
675 4155 815 4223 πρὸς
865 4157 1142 4229 ἁμαρτίαν
1182 4159 1593 4230 ὑφαπτόμενος,
1639 4158 1757 4222 πῶς
1794 4160 1860 4214 ἂν
1903 4161 1990 4213 δυ-

399 4240 596 4312 ναίμην
620 4243 902 4316 ἀκραιφνῆ
941 4246 1224 4318 προΐσχειν
1253 4250 1352 4320 τὴν
1380 4250 1583 4321 ἀρετήν
1606 4263 1622 4313 ;

622 4337 857 4404 Ἐπειδὴ
890 4333 1005 4393 οὖν
1027 4341 1212 4408 ῥύσις
1236 4342 1354 4408 εἰμί
1382 4341 1661 4410 arare-30a.

473 4421 547 4481 Ἦ
562 4426 859 4500 οὺχῶσπερ
874 4430 1014 4498 γάλα
1026 4450 1093 4503 με
1123 4432 1383 4503 ἧμελξας,
1414 4436 1580 4505 φησὶν
1621 4437 1651 4488 ὁ
1700 4434 1839 4499 Ἰὼϐ,
1866 4433 1985 4487 ἐτύ-

396 4530 579 4587 ρωσας
615 4518 673 4570 δέ
710 4536 778 4590 με
819 4519 909 4574 ἴσα
939 4522 1124 4594 τυρῷ,
1173 4524 1263 4579 διὰ
1298 4525 1415 4596 βίου
1445 4543 1504 4578 τε
1535 4527 1750 4597 ρἐντος
1783 4526 1876 4580 καὶ
1906 4526 1989 4579 εύ-

396 4606 699 4676 μεταϐόλου
745 4609 1086 4685 διεκτρὲχω;
1130 4616 1232 4670 οὐκ
1277 4611 1341 4688 ἦν
1420 4618 1594 4680 ἐοικὸς
1655 4619 1809 4689 (25),
1867 4620 1989 4689 ἧτοι

391 4700 707 4772 προσφυὲς,
746 4703 1048 4777 ἄρρευστόν
1101 4725 1168 4778 με
1191 4708 1311 4779 Θεῷ
1361 4709 1473 4780 βίον
1515 4713 1609 4765 καὶ
1637 4710 1989 4767 παντάπασιν

390 4793 784 4868 ἀνϐμᾶρτητον
808 4798 988 4870 βιοῦν.
1570 4846 1593 4859 ,

385 4883 462 4937 ΕΖ
489 4882 545 4936 δ’
577 4886 1008 4959 ᾀρτύρεος
1040 4891 1237 4957 πάντη
1273 4895 1435 4959 νόος,
1473 4894 1613 4948 ἀλλ’
1652 4894 1988 4961 ἐπίμικτος.

466 4976 532 5033 Et
561 4977 621 5033 δὲ
657 4979 835 5047 τοῦτον,
866 4985 1055 5054 φησὶν,
1085 4985 1305 5054 ἀληθὲς,
1336 4986 1427 5041 καὶ
1459 4989 1488 5039 ὁ
1519 4985 1797 5058 τροπικῶς
1827 5002 1993 5058 προσ-

393 5071 689 5142 ιιρημένος
723 5073 881 5143 ῥοῦς,
910 5077 1029 5148 ἤτοι
1074 5076 1215 5147 βίος,
1250 5079 1350 5130 οὐκ
1384 5077 1652 5150 ἀργύρεος
1684 5079 1806 5132 οὐδὲ
1837 5078 1986 5132 δόκι-

398 5178 497 5229 μος
536 5165 823 5232 παντελῶς
851 5170 945 5222 καί
976 5170 1237 5243 καθαρὸς,
1278 5169 1529 5243 ἐπιμιξίᾳ
1555 5171 1615 5226 δὲ
1643 5172 1744 5244 τῆς
1786 5172 1987 5234 κακίας

1375 442 1442 496 lN
1476 440 1785 497 CARMINA
1820 441 2101 498 ARCANA
2129 441 2186 496 S.
2214 439 2569 498 GREGOR".

3551 454 3658 511 7M

2081 560 2193 616 Deo
2222 577 2460 631 quocum
2496 576 2638 617 unus
2672 560 2901 632 spiritus
2929 562 3086 630 juxta
3133 565 3455 635 Apostolmn
3493 569 3661 626 cilici-

2077 650 2201 704 tnr?
2241 649 2522 729 Quantum
2567 666 2699 723 ergo
2748 653 3169 722 supereminens
3191 662 3245 710 et
3269 658 3574 729 spiritualis
3605 671 3663 717 et

2076 742 2268 812 prima:
2288 727 2652 798 beatitudinis
2688 745 3114 815 promissionem
3158 727 3368 805 habens
3417 761 3663 821 quaestus

2074 832 2302 889 virtutis
2337 835 2604 899 creditur,
2653 842 2765 889 tam
2797 836 2970 891 multa
2998 837 3067 891 ad
3105 838 3227 907 ejus
3255 842 3662 899 assecutionem

2076 925 2251 980 ardua
2282 926 2579 981 admodum
2637 937 2694 983 et
2741 928 2982 983 dillicilia
3034 931 3258 1000 prabet.
3312 931 3563 1005 Namque
3605 944 3667 989 ut

2074 1017 2388 1074 Adversarii
2440 1020 2851 1089 praetermittam
2891 1021 3150 1076 invidiam
3205 1023 3540 1095 pedetentim
3581 1026 3669 1080 in-

2074 1108 2228 1176 sequi
2262 1108 2609 1180 pmpositum
2642 1110 2956 1167 anhelantis
2983 1112 3050 1166 ad
3080 1112 3337 1169 virtutem
3373 1115 3664 1180 conantis,

2075 1201 2193 1272 ipsa
2252 1200 2361 1255 vita
2399 1186 2507 1272 qu'a
2551 1203 2810 1259 sensibus
2854 1203 3192 1275 indulgetur.
3234 1215 3289 1262 et
3322 1206 3512 1262 innata
3547 1210 3668 1264 ani-

2074 1309 2178 1349 mae
2211 1291 2389 1349 fervor
2417 1305 2475 1352 et
2514 1296 2996 1366 concupiscentia.
3054 1299 3165 1353 nisi
3190 1314 3219 1352 a
3269 1300 3388 1370 lege
3430 1300 3667 1372 Spiritus

2074 1387 2290 1441 erudita
2319 1394 2374 1442 et
2419 1388 2636 1451 edocta,
2693 1389 2992 1446 suadibilia
3053 1399 3110 1446 et
3153 1392 3410 1447 docibilia
3465 1394 3667 1449 rationi

2077 1477 2229 1542 ﬁant,
2248 1481 2399 1535 nullo
2419 1480 2583 1536 modo
2613 1479 2801 1538 Hostis
2825 1481 3126 1554 fugabitur,
3158 1485 3470 1541 nullatenus
3492 1486 3670 1542 electa

2076 1571 2252 1626 virtus
2273 1572 2553 1627 hominem
2582 1573 2913 1629 moderabit.
2952 1574 3080 1630 ldeo
3116 1576 3291 1646 ipsius
3325 1592 3515 1633 amore
3543 1577 3668 1647 phi—

2079 1664 2365 1734 losophice
2413 1662 2676 1735 ﬂagrans,
2719 1681 2865 1721 novo
2911 1666 3107 1723 ordine
3147 1669 3390 1739 seipsum
3433 1670 3669 1741 alloqui-

2078 1763 2238 1808 tur...
2265 1755 2556 1822 Virtutem,
2608 1757 2811 1827 inquit,
2854 1758 3018 1828 cupio
3053 1774 3156 1814 nec
3195 1760 3500 1815 aversabor
3533 1780 3547 1815 :
3586 1762 3672 1817 sic

2080 1847 2229 1899 enim
2270 1846 2456 1901 cuncti
2488 1847 2673 1917 reipsa
2719 1847 2848 1902 boni
2896 1857 3204 1912 amatores;
3250 1849 3345 1905 sed
3387 1866 3498 1906 non
3545 1868 3673 1906 eru-

2080 1937 2231 1994 ditus
2275 1954 2396 1994 sum
2441 1954 2566 2010 qua:
2611 1940 2682 1993 sit
2714 1946 2770 1994 et
2804 1938 2950 1994 unde
2985 1939 3119 1993 mihi
3167 1940 3333 2010 hujus
3376 1943 3673 1998 vehemens

2081 2031 2417 2087 desiderium
2449 2031 2671 2087 habenti
2714 2031 3027 2101 adjiciatur.
3075 2031 3172 2088 llis
3218 2034 3381 2091 doleo
3428 2050 3673 2092 maerens

2080 2124 2150 2180 de
2179 2125 2400 2180 virtutis
2426 2125 2842 2194 itnperl‘ectione
2868 2143 2882 2191 ;
2914 2126 3115 2181 etenim
3150 2126 3485 2182 desiderium
3509 2143 3674 2185 omne

2080 2233 2192 2287 quo
2224 2231 2334 2271 non
2365 2218 2546 2287 potior
2578 2218 2785 2272 doloris
2814 2218 3088 2272 rationem
3146 2218 3316 2274 habet
3355 2221 3411 2275 in
3450 2221 3672 2277 deside-

2082 2311 2248 2365 ranti.
2281 2329 2300 2361 ι
2327 2309 2384 2365 Si
2408 2321 2589 2366 autem
2621 2326 2817 2381 purus,
2844 2319 2935 2365 iet
2960 2325 3076 2381 seq.
3106 2310 3248 2368 Vera
3269 2314 3446 2369 virtus
3467 2323 3522 2369 et
3544 2328 3677 2371 vere

2083 2419 2221 2474 pura
2253 2404 2324 2458 ab
2356 2403 2508 2458 omni
2536 2403 2744 2457 malitia
2775 2413 2829 2458 et
2853 2401 3102 2459 foeditate
3124 2406 3310 2461 carnis
3330 2414 3388 2460 et
3417 2404 3672 2476 spiritus,

2083 2497 2453 2567 :eqniparatur
2485 2495 2800 2567 purissimis
2853 2497 3017 2553 undis
3052 2505 3109 2551 et
3154 2498 3483 2553 salientibus
3520 2514 3677 2570 aqua:

2085 2592 2222 2644 vivae
2251 2588 2465 2652 rivulis,
2491 2603 2728 2658 quorum
2755 2589 2904 2642 nulla
2919 2604 3187 2658 aquarum
3211 2590 3471 2645 imbrium
3492 2592 3677 2647 mistio

2087 2698 2156 2737 ne
2211 2679 2557 2750 superﬁciem
2609 2680 2831 2750 quidem
2883 2681 3080 2735 inlicit.
3146 2681 3230 2736 Sit
3282 2697 3419 2751 ergo
3474 2683 3680 2754 aliquis

2087 2774 2224 2829 adeo
2253 2788 2426 2843 purus
2449 2772 2544 2842 qui
2576 2787 2785 2826 meram
2820 2772 2890 2826 ab
2919 2774 3070 2827 omni
3106 2773 3313 2828 malitia
3355 2784 3410 2829 et
3450 2784 3680 2845 peccato

2087 2869 2390 2924 servaverit
2434 2865 2678 2919 animam
2738 2873 2904 2935 atque
2958 2874 3220 2933 mentem,
3266 2867 3362 2937 qui
3415 2868 3680 2923 mundam

2087 2958 2416 3015 custodierit
2476 2971 2702 3013 carnem
2757 2965 2814 3011 et
2894 2958 3333 3023 immaculatam,
3388 2959 3515 3029 quis
3573 2961 3683 3014 erit

2089 3055 2234 3111 iste?
2277 3052 2502 3124 quando
2548 3060 2700 3107 astra
2744 3067 2855 3107 non
2898 3059 3029 3107 sunt
3080 3052 3285 3106 munda
3317 3067 3346 3105 a
3383 3051 3525 3107 faeie
3556 3051 3679 3118 Dei,
3769 3045 3776 3063 '

2083 3149 2241 3218 juxta
2267 3147 2513 3201 divinum
2544 3145 2772 3209 librum,
2807 3143 2940 3214 quid
2968 3143 3037 3197 de
3062 3143 3445 3200 habitantibus
3481 3145 3680 3201 domos

2089 3238 2303 3294 luteas?
2346 3235 2474 3291 Sive
2498 3250 2567 3290 ex
2595 3236 2760 3290 corde
2801 3250 2904 3291 suo
2946 3237 3467 3306 intempestivorum
3514 3239 3682 3294 ratio-

2083 3331 2357 3385 ciniorum
2406 3327 2571 3382 homo
2605 3323 2851 3396 proferat
2886 3339 3130 3390 omnum,
3159 3327 3274 3381 hinc
3308 3342 3420 3381 una
3458 3329 3682 3385 malitiae

2085 3434 2251 3477 causa
2275 3437 2291 3487 ;
2325 3419 2598 3490 siquidem
2622 3431 2792 3472 carne
2820 3417 2974 3488 gravi
3002 3424 3060 3471 et
3094 3418 3273 3472 lutosa
3288 3418 3356 3471 ad
3380 3425 3673 3500 terrestres

2086 3519 2377 3567 attractata
2403 3510 2765 3581 cogitationes
2788 3506 3068 3578 impulsus
3090 3509 3418 3580 maculatur.
3447 3507 3685 3566 Praeter-

2086 3618 2152 3658 ea
2206 3602 2276 3657 ab
2318 3608 2476 3657 extra
2506 3615 2538 3654 a
2587 3600 2840 3670 principe
2877 3600 3233 3655 tenebrarum
3275 3609 3479 3656 nostra}
3513 3603 3683 3658 saluti

2088 3696 2309 3751 infenso
2334 3694 2656 3751 stimulatus
2701 3703 2757 3748 et
2791 3692 2860 3746 ad
2907 3700 3193 3763 peccatum
3238 3694 3499 3751 incensus
3537 3711 3681 3765 quu-

2089 3788 2252 3843 modo
2281 3801 2478 3859 puram
2514 3786 2774 3841 virtutem
2799 3787 3045 3857 praebere
3074 3787 3332 3856 possem?
3376 3807 3394 3839 ι
3420 3787 3556 3842 Cum
3576 3790 3682 3843 sim

2087 3878 2210 3933 l'ons
2226 3878 2598 3946 obrigescens.
2626 3893 2644 3927 ι
2671 3875 2815 3939 Sive,
2840 3876 3031 3930 Nonne
3050 3877 3294 3931 sicutlac
3317 3878 3679 3942 mulsistime,

2089 3971 2269 4041 inquit
2296 3968 2420 4035 Job,
2450 3976 2505 4023 et
2537 3968 2683 4023 sicut
2729 3981 2952 4022 caseum
2981 3982 3067 4021 me
3096 3968 3442 4038 coagulasti?
3500 3968 3681 4023 Vitam

2088 4069 2466 4117 transeuntem
2491 4066 2548 4115 et
2577 4059 2866 4113 mutationi
2896 4059 3191 4113 obnoxiam
3223 4075 3412 4125 curro,
3454 4078 3564 4116 non
3587 4063 3685 4118 de-

2087 4156 2247 4210 cebat
2275 4168 2408 4209 sane
2439 4167 2506 4207 ex
2540 4161 2737 4205 natura
2768 4150 3168 4207 immutabilem
3206 4165 3294 4206 me
3332 4153 3477 4208 sicut
3508 4152 3679 4209 Deum

2087 4246 2257 4299 vitam
2291 4251 2347 4298 et
2371 4241 2685 4297 omnimode
2711 4239 3128 4309 impeccabilem
3162 4239 3387 4295 dueere.
3428 4259 3447 4291 ‹
3479 4241 3535 4294 Si
3569 4256 3680 4295 non

2090 4350 2175 4393 est
2209 4337 2434 4391 omnino
2461 4334 2670 4389 nitidus
2713 4332 2975 4403 spiritus,
3005 4331 3101 4386 sed
3142 4340 3198 4387 et
3244 4331 3618 4400 intermistus;
3659 4355 3678 4386 ι

2094 4429 2151 4483 Si
2188 4428 2240 4482 id
2276 4440 2462 4481 verum
2492 4434 2598 4486 est,
2635 4423 2835 4493 inquit,
2868 4423 2913 4477 si
2942 4422 3232 4493 allegorice
3271 4438 3438 4494 supra
3483 4425 3684 4480 allatus

2096 4523 2285 4583 vivus,
2335 4519 2547 4574 scilicet
2596 4518 2707 4571 vita
2754 4530 2857 4569 nec
2908 4515 3082 4568 nitida
3136 4529 3236 4570 nec
3288 4515 3515 4572 omnino
3560 4532 3683 4588 pro-

2097 4617 2225 4670 bata
2256 4621 2312 4668 et
2347 4628 2506 4682 pura,
2539 4610 2636 4666 sed
2672 4608 2876 4662 malitia
2908 4608 3174 4662 miscetur
3215 4615 3272 4663 et
3319 4608 3581 4674 inﬁcitur,
3631 4618 3687 4664 et

2100 4704 2412 4785 inordinate
2459 4702 2722 4764 foedatur,
2763 4698 2897 4754 illud
2945 4700 3227 4770 quomodo
3272 4709 3423 4756 esset
3465 4702 3643 4756 virtus
3663 4706 3685 4754 ’ξ

2094 4795 2340 4867 Agedum
2376 4794 2466 4848 dic
2516 4792 2675 4855 mihi,
2725 4791 2907 4861 inquit
2947 4792 3192 4861 sapiens,
3250 4794 3534 4863 justumne
3602 4805 3689 4850 est

2096 4886 2435 4944 istiusmodi
2465 4886 2714 4940 habitum
2744 4900 2939 4940 vocare
2996 4887 3298 4941 virtutem?
3341 4886 3556 4943 Etenim
3603 4890 3687 4944 sic

2095 4998 2198 5053 ego
2231 4981 2432 5051 spiritu
2476 4993 2592 5033 rem
2634 4980 2882 5044 volvens,
2924 4995 3119 5051 puram
3172 4989 3228 5036 et
3271 4979 3685 5037 immaculatam

2094 5076 2266 5129 vitam
2308 5073 2363 5126 in
2391 5072 2617 5127 homine
2635 5071 2823 5127 videre
2847 5073 2943 5143 qui
2989 5088 3228 5144 nequeo,
3254 5073 3403 5133 unde
3421 5074 3685 5130 virtutem

2096 5169 2438 5225 nominarem
2466 5180 2589 5236 quae
2609 5164 2819 5219 malitia
2857 5166 3121 5223 miscetur
3145 5166 3170 5220 ?

399 5254 718 5329 θολούμενος
783 5261 1069 5332 μολύνεται
1121 5267 1217 5319 καὶ
1264 5264 1523 5334 ἀκόσμως
1582 5264 2031 5335 καταχραίνεται,
2085 5259 2203 5321 πῶς
2251 5259 2317 5314 ἂν
2367 5257 2454 5329 εἴη
2505 5256 2664 5311 τοῦτο
2710 5259 2913 5330 ἀρετὴς
2950 5260 3164 5331 Φράσον
3196 5259 3410 5331 δή.μοι,
3454 5260 3620 5330 φησὶν
3658 5259 3689 5311 ὁ

403 5355 731 5421 σοφώτατος,
783 5359 833 5412 εί
869 5359 1019 5424 ἄξιον
1054 5359 1154 5432 τὴν
1191 5360 1334 5415 οὕτω
1363 5360 1715 5432 διακειμένην
1746 5360 1859 5427 ἕξιν
1898 5359 2084 5414 καλεῖν
2120 5358 2323 5431 ἀρετήν
2342 5373 2356 5386 ·
2385 5355 2481 5409 καὶ
2518 5353 2627 5425 γὰρ
2659 5352 2813 5422 κάγὼ
2847 5346 2949 5406 ὦδε
2980 5356 3142 5409 κὰκεί
3163 5353 3272 5408 τοῦ.
3291 5354 3384 5408 νοῦ
3416 5353 3686 5425 περιελίσ-

399 5460 533 5505 σων.
567 5449 811 5521 καθαράν
842 5453 903 5505 τέ
939 5470 1061 5506 τινα
1094 5454 1190 5508 καὶ
1232 5454 1707 5527 ἀκραιφνεστάτην
1748 5453 1936 5524 βίωσιν
1986 5454 2043 5505 ὲν
2083 5449 2354 5521 ἀνθρώπῳ
2397 5448 2472 5519 μὴ
2522 5445 2820 5516 δυνάμενος
2868 5448 3016 5509 ἰδεῖν,
3074 5446 3286 5518 ἀπορῶ,
3316 5447 3455 5509 πῶς
3488 5447 3687 5515 ἀρετ-ην

390 5540 499 5610 τὴν
533 5540 822 5614 ἐπίμικτον
858 5546 995 5618 πρὸς
1026 5549 1222 5602 κακίαν
1251 5549 1601 5621 ὀνομάσαιμι.

388 5650 464 5708 16
520 5655 735 5725 Ψυχρὴ
790 5658 908 5726 μὲν
958 5661 1166 5728 χιόνος
1216 5663 1402 5729 φύσις
1440 5662 1689 5804 ξπλᾶῗῖ
1720 5658 1990 5741 ἀργυφέη

1466 5749 1527 5786 τε
1682 5772 1695 5797 ,
1724 5748 1779 5785 κ.
1798 5749 1847 5784 τ.
1869 5750 1916 5782 Α.

1466 5749 1527 5786 τε
1559 5748 1695 5797 (κο),
1724 5748 1779 5785 κ.
1798 5749 1847 5784 τ.
1869 5750 1916 5782 Α.

467 5813 626 5885 Οἶδα,
659 5824 828 5895 φησὶν
872 5828 900 5879 ό
950 5826 1094 5891 θεῖος
1134 5826 1243 5880 τῶν
1282 5827 1463 5899 ἐργῶν
1514 5827 1652 5881 Θεοῦ
1698 5826 1994 5898 ἐξηγητὴς,

622 5957 763 6013 Cod.
800 5958 993 6024 ἐοικώς
1025 5969 1081 6015 et
1116 5960 1287 6031 μεθῶ.

688 6074 964 6135 Parnm"
1004 6078 1096 6136 Gn
1163 6075 1485 6138 XXXVIII.

2173 5656 2242 5710 16
2262 5653 2487 5725 Frigida
2517 5655 2727 5724 quidem
2754 5665 2832 5709 est
2860 5656 2994 5709 nivis
3014 5641 3213 5737 natura
3233 5664 3283 5708 et
3304 5650 3562 5714 candida,
3574 5661 3685 5709 etc.

2181 5819 2295 5886 Sic,
2345 5822 2424 5876 ait
2473 5821 2635 5876 divus
2680 5837 2908 5891 operum
2955 5820 3047 5876 Dei
3090 5819 3386 5889 interpres,
3435 5816 3689 5891 frigidam

2173 5959 2289 6031 (9.6}
2328 5958 2518 6017 Billius
2548 5962 2793 6036 ἀργυρέη
2831 5980 2913 6016 τε.
2944 5916 3047 6018 ἐρα
3076 5916 3330 6033 ἀργυφέη
3360 5960 3687 6017 vocabulum
3762 5982 3767 5985 ι

3060 6063 3064 6067 ’
3294 6072 3369 6135 ‘23
