3980 6408
463 404 568 460 715

459 526 601 584 nivis
634 533 886 581 naturam
909 535 963 580 et
998 525 1198 586 albam.
1236 523 1378 593 ignis
1417 538 1545 577 vero
1586 523 1951 576 rubicundam
1995 532 2048 576 et

459 621 766 680 ardentem,
809 631 1044 686 quorum
1074 616 1344 686 Oppositze
1386 614 1682 683 qualitates
1703 614 1784 668 sic
1821 613 2048 666 omnino

459 712 626 765 mistu
680 708 1070 778 impossibiles,
1121 714 1180 759 ut
1227 707 1322 776 qui
1365 713 1661 759 conaretur
1707 706 1887 774 ignem
1924 704 2049 758 nive

459 801 809 870 refrigerare,
835 806 928 852 aut
953 799 1134 850 nivem
1161 796 1287 866 igne
1316 795 1637 860 calefacere,
1657 797 1771 849 hac
1798 795 1950 864 prius
1965 794 2051 848 de-

461 901 703 948 strueret
734 907 896 962 quam
921 890 1188 945 misceret
1221 908 1234 944 :
1268 890 1544 959 quomodo
1561 898 1744 943 autem
1771 891 1824 942 in
1845 891 2047 958 optima

463 984 749 1056 turpitudo
782 982 1132 1054 penetravit?
1183 981 1468 1052 quomodo
1498 996 1664 1049 super
1700 981 1900 1034 virtute
1930 995 2050 1034 cre-

461 1077 540 1129 vit
573 1071 820 1128 malitia?
847 1070 1124 1143 quomodo
1158 1071 1214 1125 in
1247 1071 1544 1141 imaginem
1576 1069 1759 1139 magni
1804 1069 1895 1124 Dei
1940 1085 2050 1122 ma-

463 1171 550 1226 lus
584 1170 713 1225 boni
753 1169 996 1223 imitator
1033 1180 1198 1221 error
1231 1165 1540 1220 infunditur
1572 1171 1630 1220 et
1666 1163 1901 1218 dedecus
1943 1165 2046 1217 im~

453 1263 662 1317 miscet
707 1267 872 1330 atque
915 1257 1267 1313 foeditatem?
1313 1255 1454 1310 Vere
1499 1272 1593 1326 per
1643 1255 1897 1310 virtutem
1948 1270 2048 1324 ego

459 1353 604 1408 Deus
629 1367 754 1407 esse
781 1349 967 1420 cupio,
991 1357 1046 1402 et
1069 1363 1197 1417 pars
1215 1354 1309 1400 tua
1332 1354 1386 1401 et
1421 1345 1716 1399 haereditas
1734 1357 1847 1403 tua,
1881 1341 2044 1397 Deus.

460 1444 649 1500 Multis
692 1445 757 1498 de
788 1442 892 1496 hoc
932 1439 1342 1495 disserentibus
1395 1454 1580 1508 quaero
1619 1444 1674 1492 et
1724 1435 1924 1489 audio:
1954 1437 2048 1489 Al-

442 1537 653 1606 .phaeus
695 1535 786 1587 ille
818 1549 883 1586 ex
920 1530 1158 1584 Arcadia
1218 1531 1272 1582 in
1329 1527 1574 1583 Siciliam
1615 1535 1796 1580 manat
1846 1526 2045 1580 flumen

458 1646 555 1700 per
590 1642 808 1684 amaros
839 1624 1010 1680 maris
1035 1623 1234 1677 fluctus
1275 1631 1626 1676 transmeans
1652 1621 1838 1674 dulces
1875 1634 2046 1688 aquas

443 1737 612 1782 suas,
644 1719 850 1789 quibus
895 1715 951 1770 in
982 1715 1218 1768 transitu
1269 1713 1350 1768 sal
1392 1714 1561 1766 maris
1592 1727 1702 1765 non
1750 1712 2042 1775 miscetur;

457 1821 514 1867 et
545 1813 650 1865 hoc
680 1808 990 1863 mirandum
1023 1806 1200 1873 valde,
1233 1805 1431 1875 inquit,
1455 1814 1507 1858 et
1531 1804 2044 1873 stupendum,quod

441 1919 569 1958 .non
589 1903 871 1956 alteratam
889 1915 989 1953 nec
1013 1908 1329 1968 corruptam
1360 1897 1703 1952 dulcedinem
1723 1913 1877 1950 suam
1893 1897 2050 1966 traji-

443 1998 588 2051 ‘ciat.
631 1993 805 2048 Porro
839 1992 985 2062 quod
1031 1993 1171 2046 salis
1219 2006 1384 2060 sapor
1424 1992 1490 2045 ad
1534 1991 1718 2044 dulcia
1753 2006 2044 2059 aquarum,

439 2088 600 2159 quod
639 2087 752 2142 aeri
782 2085 1043 2140 nebula-a
1071 2091 1217 2138 terra
1251 2100 1310 2138 se
1337 2083 1614 2146 attollens,
1645 2081 1792 2152 quod
1819 2091 1903 2136 est
1923 2097 2048 2136 cor-

455 2182 682 2252 poribus
716 2179 966 2240 morbus,
999 2176 1103 2230 hoc
1137 2176 1326 2229 virtuti
1361 2191 1469 2229 nox
1494 2175 1748 2246 peccati;
1794 2173 2040 2228 dedecus

443 2287 652 2340 aiempe
698 2279 752 2324 et
805 2268 1105 2338 ignominia
1151 2275 1256 2321 est.
1309 2266 1466 2338 Saepe
1502 2283 1698 2321 manus
1749 2267 2040 2321 tendebam

453 2379 676 2419 sursum
708 2363 985 2433 supplices
1010 2361 1065 2414 in
1103 2361 1353 2416 oratione
1389 2362 1470 2415 vel
1503 2361 1673 2415 animi
1715 2372 1895 2415 motus
1929 2361 2046 2414 ela.

454 2465 540 2510 tos
565 2455 633 2509 ad
667 2456 871 2510 coelum
902 2463 956 2508 et
984 2453 1052 2508 ad
1083 2453 1448 2518 Altissimum,
1476 2465 1531 2508 et
1559 2454 1921 2507 humanarum
1953 2467 2039 2507 re-

449 2564 577 2602 rum
606 2547 870 2617 cogitalio
895 2546 1298 2616 superveniens
1337 2545 1572 2599 retraxit
1614 2551 1668 2596 et
1714 2543 1870 2596 humi
1917 2558 2045 2614 pro-

451 2638 605 2706 iecit.
639 2636 812 2690 Aliter
856 2650 1082 2690 rursum
1129 2635 1316 2688 divina
1349 2633 1546 2688 videns
1592 2632 1908 2686 Divinitatis
1953 2647 2047 2686 su-

443 2729 836 2799 .perfulgentis,
889 2742 1083 2796 puram
1143 2725 1446 2780 scintillam
1491 2723 2046 2790 mihi,dixit,illumi-

458 2830 683 2876 nantem
716 2820 919 2874 nubem
961 2833 1086 2888 quae
1123 2817 1349 2872 aliunde
1390 2815 1734 2886 supervenit,
1775 2823 1829 2868 et
1873 2814 2051 2885 pessi-

443 2930 561 2969 rma;
591 2913 830 2967 tenebrae
859 2909 1236 2981 splendentem
1274 2910 1450 2963 lucem
1489 2907 1802 2976 rejecerunt
1836 2914 1890 2961 et
1915 2922 2049 2961 con-

453 3005 739 3075 templalio
771 3003 898 3058 boni
932 3019 998 3056 ex
1029 3001 1208 3056 oculis
1230 3000 1566 3071 aufugit,sic
1591 3015 1659 3053 ex
1691 2997 1925 3054 adverso
1953 3013 2047 3052 ve-

441 3101 693 3154 nientem
751 3097 936 3152 subito
969 3094 1198 3149 avolans
1246 3108 1334 3147 me
1376 3092 1612 3146 deficere
1633 3089 1761 3145 fecit
1797 3099 1852 3145 et
1892 3104 2040 3143 com—

453 3192 639 3262 primi.
674 3205 796 3244 nam
837 3190 940 3242 hoc
971 3184 1251 3256 significat
1275 3181 1505 3248 ὲδάῖξεν,
1527 3183 1844 3252 discerpsit.
1871 3202 1890 3233 ‹
1913 3181 2045 3249 Qum

453 3282 796 3345 aemulatio,»
820 3294 940 3348 quae
973 3291 1146 3331 causa
1191 3274 1358 3343 hujus
1400 3274 1680 3328 contrarii
1721 3285 1952 3330 eventus
1989 3282 2044 3328 et

453 3374 731 3426 discessus
761 3369 924 3422 boni?
966 3386 985 3417 ι
1013 3368 1110 3421 νει
1148 3365 1448 3420 desiderari
1485 3379 1702 3434 semper
1728 3363 1928 3424 mihi,»
1989 3371 2046 3418 et

455 3480 572 3532 seq.
609 3463 960 3531 Interrogans
995 3474 1116 3529 quae
1147 3473 1315 3512 causa
1347 3458 1629 3512 discessus
1659 3456 1790 3510 boni
1829 3463 1884 3510 et
1915 3454 2044 3510 (1ἱαὶ-

455 3557 681 3613 cultatis
707 3552 1034 3623 assequendi
1062 3552 1233 3622 ipsius
1257 3551 1533 3605 notionem
1564 3549 1797 3619 primum
1824 3547 2045 3617 quidem

455 3649 665 3704 induxit
701 3647 848 3718 quod
873 3647 943 3701 ob
975 3660 1285 3716 supremam
1316 3641 1872 3697 utilitatemDivinum
1897 3656 2042 3696 sem-

459 3757 556 3812 per
590 3739 894 3795 desiderari
925 3737 1223 3800 desiderat,
1247 3737 1440 3791 sitiens
1485 3733 1632 3788 sitim
1663 3747 1964 3803 provocare
1991 3741 2046 3787 et

453 3843 640 3905 potum
678 3833 926 3903 praebens
976 3832 1060 3885 his
1093 3831 1187 3901 qui
1223 3829 1291 3883 ad
1335 3826 1634 3882 bibendum
1679 3835 1932 3881 currunt.
1977 3824 2045 3879 Et

453 3923 592 3976 illud
618 3920 763 3991 ὲμοί,
811 3920 1100 3981 mihi,loco
1132 3917 1300 3982 illius,
1344 3915 1650 3971 secundum
1686 3930 1861 3971 meam
1909 3931 2042 3970 sen-

454 4015 679 4070 tentiam
729 4013 968 4084 explicat
1002 4009 1168 4068 :Haac
1219 4019 1325 4078 est,
1378 4011 1577 4082 inquit,
1631 4010 1715 4065 lex
1762 4009 2040 4065 hominis:

453 4107 916 4179 quemadmodum
943 4113 1096 4178 pater
1127 4120 1344 4176 semper
1383 4104 1539 4176 diligi
1593 4111 1648 4160 et
1678 4105 1953 4159 amantius
2013 4118 2043 4156 a

447 4201 582 4256 ﬁliis
602 4199 720 4255 suis
749 4200 956 4269 requiri
980 4199 1257 4254 desiderat
1285 4205 1340 4251 et
1372 4206 1617 4267 exoptat,
1665 4197 1749 4251 sic
1781 4207 1835 4250 et
1857 4195 2044 4251 excel-

453 4294 657 4348 lentius
700 4293 982 4348 hominum
1011 4300 1224 4344 amator
1247 4289 1395 4345 Deus
1421 4307 1436 4355 ;
1481 4290 1617 4358 quin
1645 4295 1700 4343 et
1725 4289 1839 4357 jam
1881 4288 2044 4344 nobis

446 4386 630 4455 magis
663 4382 884 4454 expedit
911 4393 966 4436 et
997 4383 1194 4437 melius
1210 4381 1288 4446 fit,
1313 4381 1357 4435 si
1384 4395 1485 4434 nec
1506 4380 1610 4434 sub
1639 4380 1894 4434 manibus
1917 4396 2044 4434 suc-

453 4477 674 4540 cedens,
736 4490 839 4530 nec
893 4473 1075 4528 facilis
1125 4473 1198 4526 sit
1252 4471 1827 4539 incomprehensibilis
1877 4473 2041 4526 visio.

449 4568 590 4621 Nam
623 4568 702 4621 sic
731 4565 799 4619 ab
829 4563 1067 4617 alumnis
1109 4578 1224 4616 non
1249 4562 1414 4632 digne
1444 4576 1544 4614 nec
1593 4575 1690 4630 per
1728 4562 1930 4616 multas
1986 4563 2044 4617 in

454 4665 676 4718 virtutis
697 4659 1046 4716 assecutione
1077 4656 1437 4726 .fatigationes
1467 4656 1636 4711 nimis
1676 4654 1912 4714 faciliter
1960 4659 2048 4714 in-

453 4760 702 4825 structis,
737 4766 995 4826 tanquam
1019 4755 1088 4808 ab
1114 4753 1353 4820 indignis
1377 4752 1558 4824 gratia
1579 4759 1890 4825 contempta
1917 4770 2050 4810 avo-

451 4859 609 4913 lahil.

1834 399 2130 456 NICETAS
2168 397 2371 454 DAVID

3629 404 3732 462 756

2151 524 2367 592 ψυχράν
2399 539 2456 575 τε
2503 517 2668 575 οὖσαν
2713 522 2813 591 τὴν
2841 522 2938 592 τῆς
2973 522 3147 590 χιόνος
3178 521 3333 590 φύσιν
3377 525 3472 575 καὶ
3515 525 3726 597 λευκὴν,

2153 615 2350 686 ξανθὴν
2384 615 2442 668 δὲ
2469 615 2566 686 τὴν
2591 615 2685 668 τοῦ
2715 615 2886 685 πυρὸς
2923 616 3015 666 καὶ
3049 615 3276 685 θερμὴν,
3323 618 3414 668 καὶ
3446 619 3545 682 τὰς
3579 633 3726 673 εναν..

2152 709 2272 771 τίας
2309 711 2367 761 ὲν
2401 707 2609 771 τούτοις
2643 709 2934 776 ποιότητας
2981 708 3123 760 οὕτω
3168 709 3445 772 παντελῶς
3495 711 3724 781 ἀμιγεῖς,

2151 799 2227 861 ὼς
2260 799 2422 862 εἴτις
2469 799 2716 869 βιάσαιτο
2767 799 3040 870 ψυχράναι
3087 801 3184 870 μὲν
3235 801 3292 852 τὸ
3335 802 3450 871 πῦρ
3477 806 3542 873 τῇ
3572 806 3724 874 χιόνι,

2152 891 2421 964 θερμάναι
2452 892 2508 945 δὲ
2555 892 2654 963 τὴν
2702 893 2854 962 χιόνα
2887 892 2965 962 τῷ
3008 893 3161 963 πυρὶ,
3198 893 3427 964 λυθῆναι
3471 900 3731 967 πρότερον

2149 984 2366 1054 ταῦταῆ
2397 984 2657 1054 μιγῆναιο
2690 985 2806 1046 πῶς
2833 985 2889 1036 δὲ
2918 983 2996 1053 τῷ
3029 985 3289 1038 κάλλειτὸ
3323 983 3515 1056 αἶσχος
3545 989 3728 1041 ἐπεισ-

2150 1074 2346 1145 ῆλθενς
2396 1075 2514 1138 πῶς
2557 1077 2622 1145 τῇ
2653 1075 2819 1145 ἀρετῇ
2854 1076 2887 1144 ἡ
2921 1075 3087 1127 κακία
3133 1073 3378 1144 ὲπεφύης
3424 1075 3544 1138 πῶς
3580 1078 3635 1130 δὲ
3663 1079 3725 1148 τῇ

2149 1166 2242 1218 τοῦ
2305 1167 2541 1235 μεγάλου
2611 1165 2746 1218 Θεοῦ
2814 1166 2981 1218 εἰκόνι
3038 1167 3070 1236 ή
3125 1166 3430 1236 κακόζηλος
3485 1169 3726 1239 ἁμαρτὰς

2150 1259 2587 1312 ὲπεισπίπτουσα
2607 1259 2792 1327 ἀτιμοῖ
2820 1259 2913 1312 καὶ
2945 1259 3310 1328 καταισχύνει,
3339 1262 3502 1332 εἴπερ
3524 1261 3726 1332 ἀληθῶς

2149 1350 2216 1402 δι’
2249 1349 2450 1418 ἀρετῆς
2479 1349 2653 1418 ἔγωγε
2681 1348 2812 1412 Θεὸς
2843 1350 2935 1402 καὶ
2968 1350 3056 1414 σὸς
3083 1351 3286 1420 κλῆρος
3319 1351 3554 1421 εὔχομαι
3595 1350 3722 1407 εἶναι

2149 1443 2243 1493 καὶ
2282 1440 2648 1512 κληρονομία;
2703 1441 3048 1511 Πυνθάνομαι
3097 1443 3306 1495 πολλῶν
3350 1443 3721 1514 ἐξηγουμένων

2149 1530 2383 1592 ἀκούων,
2412 1532 2487 1592 ὡς
2516 1531 2623 1602 ἄρα
2663 1531 2905 1599 Ἀλφειὸς
2945 1533 3151 1595 ἐκεῖνος
3175 1535 3203 1585 ό
3232 1532 3291 1597 ἐξ
3329 1535 3619 1603 Ἀρκαδίας
3638 1536 3721 1587 ἐπὶ

2147 1622 2248 1690 τὴν
2277 1620 2525 1674 Σικελίαν
2557 1621 2694 1690 ῥέων
2723 1621 2966 1690 ποταμὸς
2997 1621 3088 1672 ἐπὶ
3126 1621 3260 1674 πολὺ
3287 1623 3387 1692 τῆς
3418 1626 3617 1693 πικρᾶς
3637 1623 3721 1676 θα-

2149 1711 2354 1782 λάσσης
2406 1712 2465 1764 τὸ
2508 1711 2678 1779 γλυκὺ
2725 1710 2904 1782 ῥεῦμα
2947 1709 3041 1763 τοῦ
3089 1712 3329 1780 νάματος
3381 1713 3720 1782 ἀνεπίμικτον

2150 1808 2248 1875 τῆς
2291 1805 2582 1868 θαλαττίας
2611 1805 2790 1875 ἅλμης
2820 1805 3124 1858 διεκϐάλλει
3144 1823 3157 1836 ο
3189 1807 3283 1858 καὶ
3325 1806 3489 1858 τοῦτο
3532 1806 3716 1877 θαῦμα,

2150 1900 2303 1970 φησι,
2336 1898 2478 1968 μέγα
2513 1898 2606 1950 καὶ
2638 1895 2922 1966 ἔκπληξις,
2951 1898 3108 1968 εῐπερ
3136 1897 3420 1967 ἀλὼϐητον
3447 1897 3609 1951 αὐτοῦ
3635 1899 3719 1968 τὴν

2147 1991 2458 2062 γλυκύτητα
2488 1991 2580 2044 καὶ
2609 1990 2933 2061 ἀνύϐριστον
2961 1991 3224 2060 διεκπερᾷ
3245 2007 3258 2020 ⁹
3288 1991 3366 2054 ὡς
3397 1991 3504 2062 γὰρ
3533 1994 3565 2061 ἡ
3592 1992 3715 2063 ἅλμη

2147 2085 2297 2154 λώϐη
2343 2086 2460 2136 ἐστὶ
2513 2085 2612 2154 τῆς
2661 2083 2756 2136 τοῦ
2805 2083 2995 2146 ὓδατος
3043 2083 3407 2154 γλυκύτητος,
3453 2083 3594 2137 οὕτω
3641 2084 3717 2136 τοῦ

2147 2177 2308 2242 ἀέρος
2359 2175 2458 2246 μὲν
2498 2177 2532 2246 ὴ
2579 2173 2824 2228 κάτωθεν
2857 2174 2964 2227 ἀπὸ
3002 2174 3106 2244 γῆς
3141 2175 3366 2227 ἀνιοῦσα
3411 2175 3596 2245 ἀχλὺς,
3630 2175 3712 2226 τῶν

2150 2267 2419 2337 σωμάτων
2472 2266 2528 2319 δὲ
2564 2267 2596 2336 ὴ
2639 2265 2812 2328 νόσος,
2863 2265 2962 2333 τῆς
3003 2265 3204 2336 ἀρετῆς
3243 2265 3299 2318 δὲ
3329 2267 3504 2337 αὐτῆς
3555 2269 3586 2335 ή
3637 2267 3712 2333 τῆς

2149 2358 2461 2430 ἁμαρτάδος
2509 2359 2605 2425 νὺξ
2661 2359 2852 2429 ἀτιμία
2907 2358 3001 2411 καὶ
3060 2357 3218 2429 ὕϐρις
3273 2359 3449 2412 ἐστίν.
3505 2359 3715 2413 Πολλάκι

2146 2451 2344 2522 ταρσὸν
2384 2452 2545 2525 ἀειρα
2590 2452 2726 2523 πρὸς
2775 2451 2968 2523 αἰθέρα
3001 2451 3034 2522 ἢ
3063 2451 3161 2520 τῆς
3205 2451 3391 2522 χειρὸς
3423 2451 3716 2515 ὲκπετάζων

2145 2545 2204 2595 ὲν
2225 2546 2292 2615 τῇ
2325 2547 2603 2616 προσευχῇ
2650 2545 2683 2615 ἢ
2731 2544 2798 2599 τὰ
2840 2545 2934 2597 τοῦ
2964 2543 3056 2598 νοῦ
3091 2545 3365 2613 κινήματα
3410 2545 3543 2615 πρὸς
3573 2545 3715 2614 οὐρα-

2145 2634 2235 2687 νὸν
2282 2635 2519 2705 ὑψοῦντα
2566 2636 2660 2689 καὶ
2705 2636 2796 2690 τὸν
2829 2635 3124 2706 Ἴᾫιστον,
3170 2636 3396 2707 φροντὶς
3445 2652 3715 2707 παρεμπε-

2112 2790 2127 2807 ο
2148 2727 2315 2782 σοῦσα
2342 2727 2450 2783 τῶν
2489 2728 2866 2800 ἀνθρωπίνων,
2900 2728 3257 2782 καθείλκυσεν
3303 2730 3401 2782 καὶ
3442 2729 3712 2782 κατέϐαλεν

2147 2820 2340 2892 χαμαί.
2393 2821 2616 2874 ’Δλλοτε
2663 2821 2825 2876 πάλιν
2873 2823 2902 2875 ό
2947 2820 3382 2884 θεοπτικὼτατος
3431 2823 3529 2892 τῆς
3561 2823 3710 2892 ὑπερο

2147 2914 2318 2984 φαοῦς
2364 2913 2617 2986 θεότητος
2660 2915 2904 2987 καθαράν
2963 2933 3074 2986 μοι,
3124 2915 3260 2984 ἔφη,
3307 2917 3710 2984 καταυγασάσης

2145 3005 2486 3076 λαμπηδόνα,
2522 3008 2682 3076 νέφος
2718 3006 3093 3078 ὲπεισφρῆσάν
3126 3006 3289 3060 ποθεν
3335 3008 3434 3062 καὶ
3477 3009 3710 3069 κάκιστος

2151 3096 2312 3166 ζόφος
2339 3096 2555 3166 διέκοψε
2589 3097 2689 3168 τὴν
2733 3096 2999 3168 ἔλλαμψιν
3022 3112 3038 3126 ⁸
3077 3098 3172 3150 καὶ
3200 3100 3233 3168 ἡ
3272 3097 3372 3168 μὲν
3406 3098 3497 3150 τοῦ
3522 3094 3706 3165 ἀγαθοῦ

2149 3191 2350 3262 θεωρία
2387 3191 2446 3258 ἐξ
2488 3191 2781 3261 ὀφθαλμῶν
2825 3191 3090 3261 ἀπῆλθεν,
3123 3185 3224 3245 ὧδε
3274 3192 3383 3263 (27)
3439 3190 3706 3262 προσιόντα

2147 3283 2330 3354 διέδρα
2359 3284 2514 3351 ἄφνω
2544 3283 2838 3337 ἀποπτᾶσα
2867 3283 3167 3337 ἀπέκναισέ
3198 3301 3285 3354 με,
3309 3281 3584 3350 κατέθλιψέ
3609 3297 3700 3349 με’

2145 3374 2306 3428 τοῦτο
2333 3377 2440 3448 γὰρ
2470 3375 2551 3438 τὸ,
2587 3375 2814 3442 έδάῖξεν.

2866 3466 2966 3534 Τίς
2996 3471 3029 3522 ό
3061 3469 3317 3537 φθόνοω

2221 3538 2370 3608 Τίςὴ
2406 3536 2555 3590 αἰτία
2585 3536 2684 3606 τῆς
2712 3535 2805 3590 τοῦ
2835 3529 3000 3592 καλοῦ
3035 3529 3276 3602 cii-cauerat;
3306 3534 3394 3587 xui
3415 3529 3685 3598 ἀπολισθή-

2151 3624 2292 3660 σεωθ
2314 3625 2325 3636 ο

2266 3641 2290 3671 ἡ.
2313 3651 2328 3674 ν
2645 3681 2715 3734 Ἢ
2745 3678 3063 3734 ποθέεσθαι

2219 3749 2362 3804 Αίὲν
2392 3751 2546 3820 ἐμοί,
2578 3768 2634 3808 κ.
2667 3769 2719 3806 τ.
2755 3750 2834 3815 ἐξ.

2220 3843 2532 3914 Πυθόμενος
2576 3843 2660 3908 τίς
2700 3845 2734 3915 ἠ
2773 3843 2920 3896 αἰτία
2947 3843 3046 3912 τῆς
3076 3841 3170 3896 τοῦ
3204 3838 3407 3908 ἀγαθοῦ
3444 3829 3707 3902 ἀποφυγῇ

2147 3937 2242 3990 καὶ
2279 3936 2374 3990 τοῦ
2417 3936 2721 4008 δύσληπτον
2756 3935 2854 4007 τὴν
2899 3934 3068 3989 αὑτοῦ
3118 3933 3446 3988 καθεστάναι
3475 3925 3708 3998 θεωρίαν,

2147 4029 2364 4101 πρῶτον
2401 4031 2500 4102 μὲν
2531 4031 2812 4100 ἐπήγαγεν
2841 4029 2919 4092 ὡς
2962 4026 3231 4099 ὑπερϐολῇ
3284 4023 3636 4096 χρηστότητος
3662 4015 3714 4067 τὸ

2147 4120 2325 4184 Θεῖον,
2355 4121 2443 4174 ἀεὶ
2488 4120 2770 4173 ποθεῖσθαι
2817 4120 2992 4182 ποθεῖ,
3045 4115 3214 4186 διψῶν
3250 4115 3310 4168 τὸ
3347 4111 3598 4182 auratae“
3630 4108 3716 4160 καὶ

2150 4213 2370 4277 ποτίζον
2429 4215 2556 4278 τοὺς
2609 4216 2752 4266 πιεῖν
2803 4213 3238 4283 προστρέχοντας
3264 4226 3277 4239 ο
3334 4209 3395 4261 τὸ
3439 4206 3526 4266 δὲ,
3578 4201 3717 4273 ἐμοὶ.

2149 4305 2270 4356 ἀντὶ
2296 4301 2413 4366 τοῦ,
2447 4303 2589 4357 κατὰ
2611 4304 2708 4374 τὴν
2733 4305 2869 4374 ἐμὴν
2893 4301 3094 4373 κρίσιν,
3131 4300 3302 4371 δηλοῖ·
3318 4297 3485 4350 Τοῦτο
3497 4295 3571 4353 δὲ,
3587 4292 3726 4362 φησὶ,

2152 4394 2248 4448 καὶ
2293 4393 2581 4465 ἀνθρώπου
2610 4394 2772 4465 νόμος
2799 4393 2946 4446 ἐστίν
2968 4409 2981 4424 ·
3016 4393 3092 4454 ὡς
3130 4392 3238 4460 γὰρ
3274 4388 3457 4460 πατὴρ
3488 4386 3573 4439 ἀεὶ
3600 4385 3727 4449 ἀγα⁴

2153 4485 2359 4540 πᾶσθαι
2389 4487 2486 4540 καὶ
2517 4486 2796 4558 ζητεῖσθαι
2827 4486 2964 4558 πρὸς
2991 4483 3100 4537 τῶν
3125 4482 3290 4536 αὑτοῦ
3315 4481 3557 4549 ἐκγόνων
3589 4473 3730 4528 ποθεῖ

2155 4579 2252 4632 καὶ
2297 4578 2542 4644 ἀπαιτεῖ,
2571 4577 2714 4632 οὕτω
2762 4579 2857 4631 καὶ⁸
2893 4577 2921 4630 ὁ
2962 4575 3329 4648 διαφερόντως
3363 4570 3730 4640 φιλάνθρωπος

2157 4671 2322 4735 Θεός·
2375 4672 2506 4725 αὐτὸ
2553 4671 2610 4725 δὲ
2657 4670 2816 4724 τοῦτο
2867 4670 2961 4723 καὶ
2994 4669 3124 4739 ἡμῖν
3176 4665 3617 4732 λυσιτελέστερον
3649 4657 3732 4710 καὶ

2158 4767 2405 4836 κρεῖττον
2447 4759 2606 4828 εἶναι,
2639 4765 2713 4834 μὴ
2747 4763 3054 4834 προχείρως
3086 4759 3219 4830 μηδὲ
3253 4760 3426 4830 ῥᾷστα
3466 4751 3734 4809 καταθεωο

2164 4858 2274 4928 ρεῖν
2294 4856 2384 4910 τὸν
2413 4855 2793 4926 ἀκατάληπτον
2815 4873 2827 4885 ·
2862 4853 3005 4907 οὕτω
3037 4853 3146 4923 γὰρ
3176 4849 3284 4905 τῶν
3317 4849 3392 4920 μὴ
3411 4847 3580 4914 ἀξίως
3611 4839 3733 4915 μηδὲ

439 4953 540 5006 ςδιὰ
598 4949 808 5005 πολλῶν
863 4946 971 5000 τῶν
1022 4945 1164 5017 ὑπὲρ
1221 4947 1420 5018 ἀρετῆς
1479 4948 1657 5002 πόνων
1707 4949 2366 5024 προπεπαιδευ[ο]μένων,
2413 4953 2542 5024 ῥᾷον
2591 4952 2668 5015 ὡς
2713 4951 2948 5015 ἀναξίων
2989 4951 3022 5020 ὴ
3069 4949 3229 5019 χάρις
3271 4939 3731 5014 καταφρονηθεῖσα

451 5046 847 5115 ἀποστήσεται.

451 5157 523 5211 55
613 5155 730 5210 Hoc
782 5170 1007 5224 namque
1032 5152 1221 5227 stabile
1244 5164 1344 5217 est,
1377 5156 1432 5208 in
1460 5172 1561 5227 quo
1593 5173 1738 5210 mem
1766 5157 1994 5209 multum

1040 5225 1317 5287 laboravit,
1346 5235 1454 5282 etc.

519 5335 682 5391 Dicto
709 5335 857 5406 quod
904 5335 1026 5390 viro
1066 5336 1261 5391 melius
1309 5337 1410 5398 sit,
1463 5337 1509 5390 si
1539 5336 1712 5390 multo
1756 5335 1941 5389 labore
1975 5335 2043 5389 ad

452 5429 581 5484 boni
611 5427 1326 5494 considerationem,multo
1350 5428 1542 5482 labore
1576 5427 1642 5480 ad
1664 5426 2046 5482 conservatio-

453 5537 575 5580 nem
630 5522 904 5588 deveniat,
947 5537 1171 5576 causam
1228 5523 1414 5577 statim
1469 5521 1744 5590 cxposuit,
1796 5519 2037 5574 dicens:

458 5778 542 5822 est
597 5769 982 5831 Homericum;
1026 5783 1168 5836 swpe
1215 5765 1546 5836 autem_h:ec
1595 5765 1760 5818 verba
1798 5762 2038 5836 confun-

459 5847 682 5900 duntur,
718 5855 769 5890 v.
799 5837 1020 5899 Jacobs,
1054 5832 1119 5890 ad
1149 5834 1361 5890 Anthol.
1398 5832 1586 5888 Palat.
1616 5837 1669 5896 5,
1703 5836 1845 5895 6νο9;
1879 5833 2037 5887 Wer-

462 5903 608 5959 nick.
647 5907 714 5960 ad
749 5905 1050 5975 Tryphiod.
1082 5906 1168 5969 75,
1205 5904 1300 5976 qui
1346 5903 1516 5958 alium
1565 5904 1744 5960 locum
1778 5903 2031 5974 Gregorii

2157 5159 2227 5212 55
2269 5156 2449 5210 Τοῦτο
2478 5153 2590 5224 γὰρ
2619 5152 2881 5223 ἐμπεδῶν
2913 5152 3105 5214 ἐστιν,
3135 5148 3165 5201 ὃ
3192 5147 3340 5214 νοῦς
3372 5146 3542 5215 κάμε,
3563 5140 3736 5198 κ.τ.λ.

2225 5333 2411 5387 Εἰπὼν
2443 5334 2525 5386 ὅτι
2561 5332 2774 5403 βέλτιόν
2813 5334 2959 5385 ἑστιν
2988 5329 3143 5400 ἀνδρὶ
3173 5328 3325 5397 κόπῳ
3364 5326 3460 5395 μὲν
3484 5324 3586 5394 τὴν
3610 5320 3739 5373 θεω-

2155 5427 2276 5498 ρίαν
2310 5425 2495 5478 λαϐεῐν
2541 5425 2635 5477 τοῦ
2675 5423 2904 5492 ἀγαθοῦ,
2947 5422 3100 5492 κόπῳ
3136 5420 3193 5472 δὲ
3226 5418 3479 5488 φυλάξαι,
3517 5417 3616 5484 τὴν
3660 5412 3740 5462 αἱ·

2150 5518 2270 5572 τίαν
2303 5521 2582 5590 ἐπήγαγεν
2605 5517 2789 5580 εὐθὺς,
2812 5515 2969 5569 τοῦτο
3001 5516 3196 5583 λέγων,
3216 5514 3491 5590 Ἔμπεδόν
3505 5514 3642 5574 ἐστι,
3659 5503 3739 5576 βέ-

2155 5757 2484 5813 Nazianzeni
2524 5754 2854 5815 emendavit.
2913 5763 2969 5810 et
3012 5751 3312 5809 Wellauer.
3368 5749 3436 5804 ad
3485 5744 3739 5817 Apollon.

2147 5829 2326 5884 Rhod.
2360 5842 2443 5891 Ill,
2478 5827 2617 5893 835;
2653 5842 2725 5893 Iv,
2756 5825 2884 5880 474.

2217 5900 2328 5972 (a7)
2364 5897 2500 5953 Cod.
2547 5897 2675 5953 ώδέ.
