3980 6406
400 381 506 437 ’117

401 505 557 557 ϐαιον
600 499 697 553 καὶ
733 497 938 571 ἀραρὸς
980 495 1074 551 καὶ
1116 497 1341 566 μόνιμον
1389 493 1451 549 τὸ
1502 495 1639 564 μετὰ
1681 494 1842 547 πόνου
1890 494 1979 547 καὶ

400 594 575 649 κόπου
613 588 957 661 προσκτηθὲν
988 586 1064 657 τῷ
1103 586 1179 656 νῷ
1228 587 1321 638 καὶ
1367 584 1656 654 φυλαχθὲν,
1685 583 1875 655 ὥσπερ
1918 583 1980 635 τὸ

401 682 709 755 προχείρως
741 679 945 749 ληφθὲν
972 677 1445 748 εὐκαταφρόνητον
1471 676 1616 731 ἅπαν
1644 679 1739 730 καὶ
1778 676 1978 728 εὖαπό-

395 777 600 847 ϐλητον
627 771 971 827 καθίσταται.

885 866 1162 921 ιΠολλάκι
1188 865 1240 917 δ’
1273 861 1418 919 αὖτε

522 939 798 1003 Ἐσθλοῦ,
834 957 887 993 κ.
918 955 967 991 τ.
1007 934 1079 1001 ἐξ.

472 1036 734 1109 (28)Φασ“ι
748 1035 838 1087 τὸν
856 1034 1065 1092 λέοντα.
1081 1034 1139 1085 ὲν
1155 1031 1273 1103 ὥρᾳ
1297 1030 1574 1100 βαδίζοντα
1589 1032 1869 1103 χειμῶνος,
1890 1032 1981 1085 καὶ

402 1129 506 1191 τὰς
544 1126 653 1181 τῶν
697 1126 975 1197 θηρευτῶν
1025 1124 1298 1187 ἐπιθέσεις
1330 1125 1687 1195 διαφεύγοντα
1714 1167 1728 1191 ,
1755 1129 1838 1200 τῷ
1884 1127 1979 1180 ούο

405 1221 545 1294 ραίῳ
581 1220 650 1273 τὰ
693 1220 811 1289 ῐχνη
846 1217 955 1270 τῶν
985 1218 1200 1269 οἰκείων
1251 1216 1425 1270 ποδῶν
1478 1218 1865 1272 ὲπικαλύπτειν
1910 1221 1977 1290 τῇ

405 1312 542 1383 χιόνι
576 1328 589 1341 ·
620 1309 834 1364 τοιοῦτὸ
862 1327 915 1361 τι
947 1308 1224 1361 κάνταῦθα
1264 1308 1353 1361 τὸν
1397 1308 1640 1362 διάϐολον
1671 1309 1802 1380 δρᾷν
1834 1310 1861 1361 ό
1896 1308 1978 1361 δι-

402 1403 668 1467 δάσκαλός
689 1418 878 1472 φησιν,
903 1403 986 1454 ὅτι
1019 1401 1281 1463 πολλάκις
1312 1400 1517 1468 ἀγαθοῦ
1545 1402 1638 1455 καὶ
1663 1399 1833 1455 κακοῦ
1863 1402 1983 1456 διά-

404 1510 588 1565 κρισιν
642 1494 699 1546 ἐν
753 1489 961 1561 διανοίᾳ
1014 1490 1204 1562 ἀνδρὸς
1254 1490 1509 1553 εὐσεϐοῦς
1557 1493 1924 1561 ὑποφανεῖσαν
1954 1494 1982 1545 ό

416 1583 644 1655 Ἐχθρὸς
675 1581 1032 1652 πανουργίαις
1062 1582 1183 1651 ἴχνη
1216 1580 1420 1651 βάλλων
1447 1583 1533 1633 ἐπ’
1573 1582 1777 1652 ίχνεσιν
1802 1581 1983 1653 ἠμαύ-

409 1690 572 1745 ρωσε,
620 1673 715 1726 καὶ
760 1670 1039 1741 λοχισμοῖς
1092 1671 1367 1743 σαρκίνοις
1399 1671 1523 1735 τοὺς
1576 1674 1983 1744 πνευματικοὺς

407 1765 713 1836 κακουργίᾳ
742 1764 1323 1834 παρακαλυπτόμενος,
1364 1764 1455 1817 τὸν
1487 1763 1580 1817 τοῦ
1616 1764 1821 1832 ἀγαθοῦ
1846 1764 1980 1819 θεω-

408 1856 504 1927 ρὸν
543 1854 827 1925 ἁποπλανᾷ
859 1870 873 1883 θ
894 1855 987 1906 καλ⁸
1017 1855 1049 1924 ἡ
1082 1853 1181 1924 μὲν
1207 1853 1341 1925 σὰρξ
1375 1855 1496 1924 ἐμοὶ
1528 1854 1669 1908 κατὰ
1688 1856 1787 1926 τὴν
1812 1857 1984 1927 αὑτῆς

410 1945 575 2016 φύσιν
600 1946 669 1998 τὰ
686 1946 782 2015 τῆς
803 1943 1004 2015 σαρκὸς
1026 1944 1300 2015 ἐπιθυμεῖ,
1325 1945 1358 2015 ἡ
1386 1945 1570 2014 ἐντολὴ
1595 1945 1653 1998 δὲ
1681 1962 1980 2017 πνευματι-

411 2038 487 2109 κὴ
527 2033 655 2092 οὖσα
680 2037 747 2091 τὰ
785 2036 877 2090 τοῦ
914 2036 1219 2107 πνεύματος
1257 2036 1619 2106 ὑπαγορεύει,
1642 2038 1736 2091 καὶ
1776 2038 1837 2091 τὸ
1883 2039 1978 2092 τοῦ

411 2127 545 2181 Θεοῦ
576 2127 780 2198 θέλημα
829 2125 1260 2198 παρακελεύεται
1300 2142 1314 2155 ·
1341 2125 1467 2180 ἄλλο
1493 2125 1538 2178 δ’
1571 2127 1600 2178 ό
1628 2125 1820 2195 φθόνος
1850 2128 1983 2182 ὑπο-

406 2220 613 2274 τίθεται
634 2220 727 2275 τοῦ
754 2219 1018 2291 Πονηροῦ,
1035 2218 1161 2274 ἄλλο
1188 2218 1231 2271 δ’
1249 2217 1329 2270 ἔτι
1357 2218 1492 2289 πρὸς
1519 2221 1631 2282 τοῖς
1670 2219 1982 2289 εἰρημένοις

400 2312 551 2383 τρισὶ
583 2312 769 2382 νόμοις
802 2314 830 2365 ό
858 2310 989 2364 αἰὼν
1019 2311 1112 2366 καὶ
1134 2312 1167 2379 ἡ
1199 2307 1466 2380 πρόληψις
1494 2308 1587 2362 τοῦ
1635 2309 1979 2382 ἀνθρωπίνου

402 2403 699 2457 ὑποϐάλλει
737 2403 1020 2473 λογισμοῦ.
1061 2420 1081 2453 ι
1120 2402 1299 2473 Ἐρδω
1339 2400 1384 2453 δ’
1428 2404 1458 2457 ὅ
1499 2401 1744 2470 στυγέωο
1791 2422 1809 2453 ι
1841 2401 1984 2457 καθά

401 2514 569 2567 φησιν
598 2497 627 2549 ό
664 2494 985 2557 Ἀπόστολος
1002 2511 1014 2523 ·
1035 2496 1116 2547 Οὐ
1143 2495 1251 2563 γὰρ
1271 2493 1302 2547 ὃ
1321 2494 1473 2547 θέλω
1504 2494 1680 2547 τοῦτο
1707 2493 1980 2562 πράσσω,

402 2589 538 2644 ἀλλ’
576 2587 608 2642 ὃ
636 2587 799 2657 μισῶ
835 2585 1009 2640 τοῦτο
1047 2584 1344 2653 πολλάκις
1376 2586 1476 2639 καὶ
1500 2586 1648 2640 ποιῶ
1677 2604 1691 2617 ⁸
1715 2587 1808 2640 καὶ
1839 2587 1868 2640 ὃ
1908 2584 1984 2650 ῶς

403 2682 662 2752 ἀθέμιτον
711 2679 744 2751 ἢ
795 2678 976 2732 ἄδικον
1030 2676 1322 2745 ἀποστυγῶ
1350 2718 1365 2741 ,
1406 2681 1473 2750 τῇ
1527 2678 1803 2750 φιληδονίᾳ
1840 2679 1873 2750 ἢ
1904 2679 1983 2749 τῷ

404 2772 584 2844 φθόνῳ
616 2770 711 2824 τοῦ
742 2768 986 2840 Πονηροῦ
1017 2770 1422 2841 κατεργάζομαι
1458 2769 1853 2840 κλεπτόμενος,
1891 2772 1985 2824 καὶ

403 2864 728 2936 ἐνηδύνομαι
756 2865 868 2925 τοῖς
893 2864 1083 2925 κακοῖς
1112 2862 1205 2915 καὶ
1226 2861 1368 2929 γελῶ
1395 2860 1486 2914 τὸν
1513 2861 1645 2931 ἐμὸν
1675 2862 1840 2933 μόρον
1870 2866 1987 2925 τοῖς

406 2958 594 3029 μέλεσι
634 2959 745 3018 τοῖς
784 2956 939 3025 ἐμοῖς
972 2954 1317 3025 ἐνιδρυμένον
1337 2993 1352 3017 ,
1384 2952 1527 3022 γελῶ
1558 2953 1769 3021 γέλωτα
1810 2955 1984 3024 κακῆς

406 3048 839 3120 πεπληρωμένον
881 3047 1054 3118 χαρᾶς
1083 3046 1177 3098 καὶ
1217 3041 1328 3099 οἷον
1360 3048 1394 3117 ἡ
1427 3046 1697 3117 παροιμία
1717 3046 1864 3115 λέγει
1892 3046 1984 3099 τὸν

414 3143 694 3213 σαρδάνιον
728 3157 743 3172 ·
778 3142 891 3194 ἐστι
921 3139 1027 3211 γὰρ
1073 3139 1168 3192 καὶ
1201 3138 1429 3201 θάνατος
1459 3138 1590 3208 ἡδὺς
1637 3139 1671 3210 ὴ
1717 3139 1982 3209 ἁμαρτία.

417 3238 480 3290 Οἱ
498 3235 624 3305 γοῦν
650 3239 747 3307 τῆς
776 3235 963 3304 στενῆς
990 3232 1110 3287 ὁδοῦ
1133 3233 1227 3286 καὶ
1249 3231 1385 3304 πρὸς
1422 3231 1594 3302 βραχὺ
1618 3231 1982 3302 τεθλιμμένης

413 3326 753 3389 ἐκκλίνοντες
791 3325 849 3378 τὸ
888 3325 1065 3396 ἀηδὲς,
1107 3324 1206 3394 τὴν
1244 3323 1505 3376 πλατεῖαν
1539 3322 1596 3375 δὲ
1624 3321 1716 3375 καὶ
1745 3321 1985 3393 εὐρύχω-

410 3436 507 3491 ρον
557 3408 895 3487 ἀνθελόμενοι
942 3415 1042 3485 τῆς
1071 3414 1283 3485 ἡδονῆς,
1313 3415 1412 3484 τῆς
1456 3411 1625 3476 ὅντως
1659 3412 1758 3483 μὲν
1808 3412 1954 3483 ζωῆς

406 3508 791 3580 ὡλισθηκὸτες,
827 3508 963 3579 πρὸς
992 3507 1090 3578 τὴν
1118 3505 1391 3559 ἀπώλειαν
1422 3503 1479 3557 δὲ
1514 3503 1721 3559 ἑαυτῶν
1753 3504 1985 3575 αὑτομο-

406 3602 645 3665 λοῦντες,
692 3599 1032 3671 κακόχαρτον
1053 3598 1264 3668 γέλωτα
1291 3596 1511 3667 γελῶσι,
1544 3597 1637 3650 καὶ
1672 3595 1751 3667 τῷ
1775 3597 1987 3651 ἑαυτῶν

407 3693 621 3765 θανάτῳ
665 3692 1052 3765 ἐφηδυνόμενοι
1084 3688 1518 3761 ἀναισθητοῦσιν.
1558 3707 1575 3739 ι
1608 3687 1723 3741 Νῦν
1772 3688 1987 3758 χθαμα-

406 3786 549 3852 λδς,ι
568 3804 621 3841 κ.
654 3804 705 3839 τ.
738 3785 813 3852 ἐξ.
845 3783 943 3837 Διὰ
974 3783 1181 3837 τούτων
1199 3782 1256 3836 δὲ
1280 3781 1611 3852 σαφέστερον
1632 3780 1741 3834 τῶν
1760 3781 1988 3850 ὑποκρι-

405 3878 515 3932 τῶν
540 3878 602 3930 τὸ
632 3876 887 3930 ἀϐέϐαιον
913 3874 1283 3945 ἐπιμέμφεται
1321 3873 1414 3926 καὶ
1448 3868 1988 3935 ἀκατάστατον,Νῦν,

407 3964 601 4034 λέγων,
627 3964 902 4036 χθαμαλός
949 3980 1033 4026 τις
1073 3961 1437 4033 ὑποκρίνομαι
1466 3962 1560 4015 καὶ
1598 3959 1870 4026 ταπεινὸς,
1895 3958 1992 4012 νῦν

1420 370 1485 425 IN
1510 368 1817 424 CARMINA
1849 367 2133 424 ARCANA
2175 367 2233 425 ε.
2273 368 2619 427 GREGORII.

3550 365 3653 422 718

2065 494 2308 553 Firmum
2325 501 2430 557 est,
2452 493 2647 549 stabile
2675 495 2832 547 decet
2861 498 2915 546 et
2943 500 3210 562 perstans.
3241 490 3384 560 quod
3423 505 3547 545 cum
3576 491 3654 541 la-

2078 583 2209 637 bore
2239 590 2293 636 et
2317 582 2630 653 fatigatione
2653 580 2895 652 possedit
2921 582 3151 651 spiritus
3185 589 3239 636 et
3266 578 3482 639 tutavit,
3521 576 3652 631 dum

2077 686 2239 727 omne
2289 675 2435 741 quod
2504 671 2739 727 faciliter
2789 669 3183 739 consequimur
3244 664 3654 735 contemptibile

2076 764 2377 818 a-stimatur
2419 772 2473 818 et
2494 761 2918 833 dedignandum.
2967 778 2986 811 ι
3018 758 3171 829 Saepe
3207 758 3404 811 iterum
3438 756 3590 820 boni,
3627 775 3646 806 ο

2079 863 2133 909 ct
2157 872 2271 926 seq.
2295 854 2532 908 Narrant
2560 856 2770 910 leonem
2803 853 2983 908 hieme
3022 852 3391 905 ambulantem
3414 857 3469 903 et
3494 863 3655 903 vena-

2080 955 2258 1001 torum
2283 948 2659 1017 aggressiones
2698 946 3002 1016 fugientem
3037 943 3213 998 cauda
3244 942 3446 1013 pedum
3480 941 3654 995 vesti-

2078 1039 2167 1108 gia
2196 1053 2419 1093 suorum
2448 1039 2570 1093 nive
2604 1038 2991 1108 supervestire,
3034 1036 3215 1091 simile
3242 1033 3445 1104 aliquid
3485 1043 3540 1087 et
3579 1034 3655 1086 ibi

2081 1145 2243 1199 agere
2269 1129 2544 1184 diabolum
2569 1129 2703 1184 dicit
2735 1129 3034 1199 magister;
3093 1142 3237 1195 saepe
3266 1126 3393 1181 boni
3433 1135 3489 1181 et
3526 1126 3655 1180 mali

2079 1221 2557 1276 distinctionemin
2583 1220 2654 1290 pii
2685 1219 2787 1273 viri
2818 1229 2998 1272 mente
3030 1219 3235 1271 claram
3274 1215 3536 1272 Inimicus
3558 1216 3659 1269 fal-

2083 1310 2235 1366 laciis
2259 1312 2484 1381 vestigia
2518 1311 2762 1381 vestigiis
2785 1310 3043 1379 operiens
3063 1306 3374 1363 obscuravil
3405 1313 3460 1361 et
3490 1307 3664 1359 ratio-

2080 1402 2241 1457 ciniis
2262 1401 2575 1457 carnalibus
2593 1399 3190 1472 spiritualiavmalitiose
3209 1398 3551 1467 conperiens,
3567 1411 3660 1450 σου

2081 1494 2376 1563 gnitionem
2404 1493 2531 1548 boni
2556 1493 2884 1559 conturbat;
2923 1490 3211 1561 etquidem
3235 1504 3363 1543 caro
3386 1489 3441 1543 in
3465 1503 3553 1543 me
3579 1504 3662 1543 se-

2082 1583 2324 1638 cundum
2357 1584 2533 1655 ipsius
2564 1591 2818 1638 naturam
2848 1598 2971 1653 quae
3014 1590 3144 1638 sunt
3172 1581 3356 1636 carnis
3392 1582 3659 1651 concupi-

2084 1676 2219 1741 scit;
2249 1683 2577 1745 przeceptum
2608 1682 2789 1729 autem
2818 1674 3017 1744 quippe
3046 1672 3193 1743 quod
3223 1671 3506 1743 spirituale
3537 1686 3661 1741 quae

2084 1766 2387 1835 spiritualia
2410 1768 2730 1835 suntjubct,
2752 1777 2807 1822 et
2834 1766 2900 1820 ad
2921 1765 3255 1820 voluntatem
3279 1764 3371 1821 Dei
3400 1765 3660 1836 impellit;

2084 1857 2229 1913 aliud
2250 1858 2451 1912 invidia
2486 1859 2677 1913 suadet
2712 1858 2840 1912 mali
2889 1866 2945 1912 et
2982 1858 3125 1911 ultra
3153 1865 3266 1913 tres
3297 1857 3473 1913 dictas
3517 1858 3663 1929 leges

2082 1950 2385 2013 aeternitas,
2428 1958 2483 2005 et
2513 1950 2890 2019 przejudicium
2943 1949 3170 2003 humani
3227 1950 3499 2003 ratiocinii
3530 1966 3662 2019 sup-

2083 2041 2257 2110 ponit.
2306 2058 2324 2091 ι
2354 2040 2509 2107 Quod
2544 2041 2658 2104 odi,
2700 2039 2869 2105 facio,
2896 2059 2915 2091 ι
2954 2047 3118 2109 prout
3165 2041 3299 2095 dicit
3324 2041 3658 2111 Apostolus;

2100 2133 2247 2188 «Non
2261 2135 2562 2207 enimquod
2579 2132 2870 2198 volo.illud
2904 2130 3063 2195 facio,
3094 2132 3187 2187 sed
3212 2133 3357 2202 quod
3388 2134 3499 2199 odi,
3526 2134 3662 2187 illud

2084 2239 2229 2293 saepe
2260 2223 2523 2288 facio,»et
2556 2223 2703 2294 quod
2722 2232 2983 2292 tanquam
3020 2223 3288 2293 injustum
3321 2233 3378 2280 et
3411 2224 3660 2295 iniquum

2083 2311 2348 2375 detestor,
2381 2312 2661 2381 voluptate
2705 2319 2800 2368 aut
2840 2312 3046 2367 invidia
3083 2311 3211 2367 Mali
3234 2313 3499 2384 deceptus
3520 2314 3663 2370 facio

2084 2412 2138 2458 et
2174 2404 2229 2459 in
2262 2403 2420 2459 malis
2450 2403 2713 2481 delector,
2745 2410 2802 2456 et
2830 2403 2981 2458 rideo
3011 2403 3079 2458 de
3117 2413 3293 2458 morte
3333 2420 3452 2459 mea
3488 2421 3662 2460 mem-

2086 2497 2198 2552 bris
2233 2497 2370 2551 meis
2400 2495 2591 2555 insita,
2631 2494 2785 2549 rideo
2832 2495 3006 2551 risum
3055 2497 3308 2565 pessimae
3346 2496 3663 2552 redundan~

2086 2597 2193 2644 tem
2219 2589 2443 2654 laetitiae,
2479 2588 2697 2658 qualem
2727 2589 3080 2659 proverbium
3118 2588 3252 2643 dicit
3296 2588 3616 2644 sardonium
3645 2608 3661 2656 ;

2088 2696 2212 2735 nam
2241 2688 2529 2752 peccatum
2564 2695 2713 2734 mors
2746 2687 2831 2734 est
2858 2679 3109 2749 quaedam
3136 2679 3404 2749 jucunda.
3430 2679 3494 2735 Hi
3534 2697 3665 2751 ergo

2085 2772 2179 2843 qui
2215 2774 2285 2828 ab
2312 2780 2558 2844 angustae
2604 2772 2707 2827 via:
2737 2779 2792 2826 et
2842 2773 3246 2843 aliQuantisper
3296 2782 3464 2828 arcta
3519 2774 3666 2843 inju-

2086 2862 2267 2919 cundo
2293 2880 2355 2920 se
2388 2864 2699 2931 retrahunt,
2733 2866 3039 2935 spatiosam
3081 2866 3381 2935 voluptatis
3413 2875 3467 2921 et
3495 2865 3664 2921 latam

2086 2958 2231 3012 viam
2260 2966 2681 3027 anteponentes,
2737 2955 2917 3028 reipsa
2947 2972 2977 3011 a
3012 2957 3123 3011 vita
3156 2958 3418 3013 cadentes
3455 2957 3523 3013 de
3569 2974 3665 3014 sua

2093 3054 2337 3121 ipsorum
2365 3049 2609 3120 pernicie
2636 3048 2940 3118 transfugae
2982 3048 3220 3105 infelicis
3260 3050 3443 3121 gaudii
3493 3051 3665 3106 risum

2090 3139 2272 3194 rident
2300 3145 2355 3192 et
2386 3138 2438 3191 in
2464 3138 2683 3208 propria
2717 3146 2892 3191 morte
2936 3151 3038 3192 sua
3071 3139 3325 3192 lzetautur
3366 3155 3529 3196 sensu
3575 3155 3668 3195 ca-

2090 3238 2295 3287 rentes.
2331 3248 2351 3282 ι
2385 3229 2522 3284 Tum
2557 3230 2708 3283 humi
2752 3228 3026 3298 abjectus,
3067 3250 3086 3283 ι
3115 3238 3168 3285 et
3192 3245 3310 3301 scq.
3335 3231 3433 3286 His
3485 3235 3668 3288 verbis

2094 3323 2354 3386 lucidius,
2386 3323 2543 3393 quasi
2575 3321 2948 3377 comoedorum
3010 3322 3265 3378 instabile
3303 3334 3359 3379 et
3387 3325 3671 3381 inordina-

2095 3424 2206 3468 tum
2234 3413 2444 3484 arguit;
2468 3412 2628 3473 Tum,
2659 3412 2756 3476 ait,
2799 3412 2951 3467 humi
2992 3413 3238 3482 abjectus
3268 3424 3322 3471 et
3348 3417 3498 3482 vilis,
3554 3424 3671 3472 tum

2092 3508 2292 3561 iterum
2323 3512 2543 3561 erectus
2576 3513 2630 3560 et
2670 3505 2876 3570 celsus,
2916 3507 3079 3563 hodie
3105 3509 3475 3578 arrogantiam
3499 3520 3553 3566 et
3582 3526 3673 3567 ar-

2093 3604 2351 3669 rogantes
2380 3607 2739 3652 contemnens
2761 3605 2816 3652 et
2844 3595 3175 3668 deprimens,
3202 3614 3327 3655 cras
3356 3600 3472 3669 ipse
3510 3616 3668 3655 arro-

2092 3703 2226 3759 gans
2242 3695 2296 3742 et
2330 3687 2661 3751 venditator,
2676 3695 2731 3742 et
2760 3688 2902 3742 alius
2936 3689 3060 3743 aliis
3106 3689 3160 3742 in
3206 3692 3543 3760 temporibus
3573 3708 3671 3764 ap-

2095 3788 2315 3843 parens,
2350 3773 2676 3843 polyporum
2708 3780 2959 3826 naturam
2992 3772 3197 3833 imitor,
3234 3775 3329 3842 qui
3357 3774 3424 3827 ad
3456 3783 3668 3844 petram

2096 3864 2186 3917 cui
2225 3862 2507 3918 adhaerent
2543 3864 2784 3918 colorem
2824 3864 3309 3921 accommodantes
3348 3868 3673 3936 perquiren-

2100 3965 2207 4012 tem
2239 3955 2545 4024 decipiunt.

406 4057 465 4112 δὲ
512 4058 673 4114 πάλιν
709 4057 985 4130 μετέωρος
1020 4057 1113 4111 καὶ
1140 4055 1371 4128 ὑψηλὸς,
1406 4056 1646 4128 σήμερον
1677 4055 1778 4125 τὴν
1828 4053 1985 4125 ὓϐριν
2022 4052 2118 4106 καὶ
2153 4052 2279 4113 τοὺς
2300 4048 2560 4121 ὑϐριστὰς
2597 4048 2809 4121 ἀτιμῶν
2840 4048 2933 4101 καὶ
2965 4048 3255 4121 διασύρων,
3298 4050 3483 4123 αῦριον
3510 4053 3675 4118 αὐτὸς

409 4151 668 4223 ὑϐριστὴς
695 4150 1041 4221 δεικνύμενος
1074 4151 1166 4205 καὶ
1190 4145 1423 4212 ἀλαζὼν,
1455 4150 1550 4202 καὶ
1585 4147 1744 4211 ἄλλος
1771 4148 1828 4201 ἐν
1859 4146 2038 4209 ἄλλοις
2075 4142 2350 4215 ὁρώμενος
2386 4145 2598 4212 καιροῖς
2628 4140 2770 4195 κατὰ
2795 4142 2895 4212 τὴν
2925 4142 3035 4195 τῶν
3062 4143 3376 4199 πολυπόδων
3412 4145 3671 4217 ἰδιότητα,

411 4242 460 4295 o2
487 4244 619 4316 πρὸς
648 4244 748 4315 τὴν
779 4245 1191 4317 παρακειμένην
1222 4242 1406 4305 αὐτοῖς
1445 4241 1650 4313 πέτραν
1681 4240 1778 4311 τὴν
1809 4238 1997 4311 χροιὰν
2031 4235 2453 4309 μεταϐάλλοντες
2470 4235 2531 4288 τὸ
2557 4233 2788 4306 θηρεῦον
2815 4233 3214 4304 διαφεύγουσιν.

410 4370 482 4426 45
510 4370 750 4440 Δὰκρυα
796 4371 977 4442 θερμὰ
1026 4371 1212 4442 χέων·
1263 4371 1302 4437 ἡ
1359 4370 1421 4442 δῖ
1457 4371 1530 4423 οὐ
1575 4368 1953 4442 συνέρευσεν

1368 4438 1675 4513 [ἀμαρτάς,
1702 4456 1754 4492 κ.
1782 4456 1831 4491 τ.
1862 4438 1911 4491 λ.

481 4572 602 4626 Ἔτι
641 4572 736 4625 καὶ
774 4572 862 4627 διὰ
903 4570 1012 4625 τῶν
1048 4571 1425 4643 προκειμένων
1480 4570 1687 4623 τούτων
1746 4567 1895 4622 ἐπῶν
1927 4568 1990 4621 τὸ

408 4665 743 4736 παλίμϐολον
769 4665 863 4719 καὶ
911 4665 1195 4737 ἀνίδρυτον
1220 4663 1486 4733 διελέγχει
1509 4662 1618 4715 τῶν
1653 4660 1988 4730 ὑποκριτῶν.

409 4759 524 4812 Καὶ
567 4759 675 4828 γάρ
718 4775 848 4811 ποτε
894 4757 991 4828 μὲν
1037 4756 1270 4827 δάκρυον
1321 4754 1474 4826 ἔχεον
1514 4752 1576 4818 ἐξ
1606 4751 1920 4822 ὀφθαλμῶν,
1954 4752 1989 4820 ἡ

407 4850 732 4920 ἀμαρτὰςδὲ
757 4848 908 4920 αὑτῷ
921 4850 980 4903 οὑ
1005 4848 1446 4920 πνεξέρρευσεν,
1464 4845 1653 4908 ἄλλαις
1680 4844 1739 4897 δὲ
1772 4843 1993 4914 ἀμπλα-

405 4945 561 5008 κίαις
584 4944 816 5014 συνεχῶς
845 4940 1265 5012 ὲνεργουμέναις
1284 4940 1417 4995 ἄλλα
1448 4938 1663 5008 δάκρυα
1681 4935 1829 4989 ἔνδον
1863 4951 1991 4987 συν.

403 5034 618 5106 αγείρω
655 5052 669 5065 ·
695 5036 793 5106 τῆς
830 5034 938 5104 γὰρ
968 5031 1234 5100 συνήθους
1287 5027 1610 5100 προλήψεως
1648 5027 1757 5080 τῶν
1805 5026 1991 5080 κακῶν

403 5127 506 5179 οὑκ
535 5127 924 5197 ἀφιστάμενος,
951 5124 1072 5195 είκῆ
1100 5123 1169 5176 τὰ
1212 5122 1481 5192 φάρμακα
1515 5118 1616 5186 τῆς
1647 5118 1842 5179 ἰάσεως
1868 5116 1992 5168 ἐκέ-

406 5236 556 5272 νωσα
586 5235 602 5250 ⁸
629 5219 823 5273 πάλινο
856 5220 935 5288 Τῇ
969 5216 1135 5289 σαρκὶ
1180 5216 1277 5286 μὲν
1308 5210 1664 5284 παρθενεύειν
1703 5227 1793 5279 μοι
1828 5207 1988 5271 δοκῶ,

412 5310 683 5376 γυναικῶν
717 5311 999 5371 συνουσίας
1038 5307 1392 5378 ἀπεχόμενος,
1416 5303 1475 5355 οὐ
1511 5300 1658 5371 μάλα
1694 5300 1772 5365 δὲ,
1803 5300 1989 5370 φησὶν,

414 5396 548 5467 οἶδα,
579 5406 630 5458 εί
658 5405 753 5457 καὶ
779 5404 916 5473 αὑτῇ
947 5404 1014 5472 τῇ
1050 5399 1289 5469 διανοίᾳθ
1326 5396 1519 5449 πςὶιλιν⁸
1551 5392 1721 5454 Δίδὼς
1754 5389 1991 5461 ὑποδρα-

412 5496 586 5566 μοῦσα
616 5497 859 5559 εὐλαϐῶς
886 5495 1032 5549 ἐστιν
1058 5495 1146 5546 ὅτε
1194 5491 1350 5562 μύειν
1380 5488 1633 5544 ἀνέπεισε
1656 5484 1753 5555 τὴν
1777 5484 1989 5554 ὅρασιν,

406 5588 530 5654 νοῦς
562 5589 620 5643 δὲ
660 5589 937 5643 ἀνανεύων
979 5586 1116 5657 μετὰ
1159 5583 1352 5655 μικρὸν
1390 5580 1678 5636 ἁνένευσεν
1717 5574 1949 5637 ἀναιδῶς
1972 5590 1986 5603 ·

401 5684 503 5739 καὶ
537 5681 674 5752 πρὸς
702 5682 801 5751 τὴν
824 5681 932 5733 τῶν
970 5676 1264 5748 ἀλλοτρίων
1299 5675 1396 5746 μὲν
1426 5669 1753 5744 ἁμαρτάδων
1785 5665 1989 5737 ἀκρόα-

476 5821 593 5890 ("ﬁt
632 5824 675 5874 A
700 5836 809 5891 quo
840 5818 1107 5887 scriptore
1141 5815 1253 5869 haec
1279 5812 1476 5868 tradita
1508 5812 1618 5867 sint
1653 5807 1857 5865 nescio.

2093 4366 2162 4421 45
2188 4362 2393 4418 Calida:
2442 4363 2616 4432 ﬂuunt
2662 4378 2728 4415 ea:
2774 4363 2942 4417 oculis
2991 4366 3274 4433 lacrymaz,
3315 4381 3431 4506 [non
3492 4382 3677 4433 pecca-

3341 4446 3601 4499 tum,elr.

3341 4446 3470 4499 tum,
3495 4447 3601 4491 ειν.

2163 4561 2244 4616 Ad
2282 4562 2387 4617 hoc
2425 4569 2480 4616 et
2522 4576 2618 4632 per
2654 4576 2818 4632 supra
2848 4561 3028 4631 posita
3064 4560 3313 4615 carmina
3334 4562 3455 4639 ‘ista
3501 4564 3677 4618 iusta-

2092 4654 2204 4710 bile
2231 4664 2288 4710 et
2326 4654 2656 4709 inconstans
2681 4652 2866 4723 arguit
2910 4651 3191 4706 hominum
3222 4653 3488 4710 comoedis
3520 4656 3680 4711 simi—

2092 4745 2229 4798 lium
2260 4757 2275 4794 :
2311 4758 2437 4799 nam
2478 4743 2777 4814 aliquando
2804 4745 3075 4814 lacrymas
3114 4743 3407 4800 fundebam
3452 4761 3515 4801 ex
3547 4761 3681 4802 ocu-

2094 4838 2189 4903 lis,
2240 4851 2345 4891 nec
2393 4852 2503 4891 una
2554 4852 2683 4891 cum
2730 4837 2851 4892 istis
2898 4847 3183 4906 peccatum
3231 4836 3604 4903 auferebatur,
3646 4854 3680 4895 ο

2092 4935 2286 4982 contra
2314 4925 2439 4981 aliis
2464 4926 2732 4980 continuo
2759 4927 3076 4983 commissis
3118 4926 3294 4997 culpis
3324 4928 3554 4982 aliarum
3599 4930 3680 4983 la-

2092 5030 2407 5087 crymarum
2452 5014 2601 5071 intus
2627 5030 2823 5071 causas
2852 5032 3160 5072 coacervo:
3204 5018 3298 5089 qui
3330 5019 3493 5074 solita
3539 5034 3682 5090 pra:-

2091 5107 2405 5178 sumptione
2447 5107 2718 5162 malorum
2766 5122 2874 5162 non
2933 5109 3385 5181 abstinens,quaa
3433 5113 3677 5167 remedia

2091 5199 2365 5254 sanationi
2402 5214 2526 5254 esse
2556 5198 2850 5263 debebant,
2881 5200 3090 5256 nullius
3138 5216 3264 5256 esse
3295 5201 3397 5258 feci
3423 5203 3673 5259 effectus.

2092 5290 2527 5349 lterumziiarne
2567 5287 2803 5356 virginis
2852 5288 3030 5343 instar
3052 5290 3241 5344 vivere
3281 5289 3417 5344 mihi
3462 5292 3668 5352 videor,

2089 5384 2380 5438 continens
2432 5381 2689 5436 mulieres
2737 5397 2849 5434 non
2892 5395 3189 5451 cognosco,
3235 5383 3329 5451 qui
3376 5397 3485 5437 non
3540 5382 3661 5437 ideo

2091 5475 2266 5545 magis
2290 5474 2436 5540 novi,
2471 5472 2669 5541 inquit,
2704 5472 2748 5527 si
2779 5480 2834 5527 et
2859 5473 2979 5542 ipso
3004 5473 3169 5529 corde
3194 5474 3277 5529 sic
3305 5473 3526 5543 gloriari
3562 5489 3650 5528 me
3752 5496 3753 5499 η

2088 5569 2199 5623 rito
2223 5566 2453 5636 possim.
2484 5564 2683 5620 lterum
2711 5582 2726 5619 :
2754 5563 3019 5620 Modestis
3049 5564 3137 5634 pie
3164 5580 3459 5622 accurrens
3480 5565 3661 5621 locum

2093 5662 2255 5717 habet
2295 5658 2598 5728 suadetque
2645 5658 2836 5713 oculos
2873 5656 3112 5728 dejicere
3149 5667 3204 5713 et
3256 5663 3379 5728 post
3419 5657 3678 5728 pusillum
