3980 6396
396 369 505 423 ’519

399 488 619 544 animus
644 502 812 558 supra
836 488 1067 557 erigitur
1095 494 1149 542 et
1185 487 1533 558 impudenter
1565 487 1619 541 in
1650 486 1820 540 altnm
1846 485 1987 555 aspi-

398 581 499 634 cit.
554 580 620 636 Et
664 581 901 634 aliorum
949 577 1246 633 auditurus
1294 580 1486 648 culpas
1524 579 1716 633 solerti
1760 576 1988 642 auditu,

402 671 693 727 emissitiis
743 672 923 726 oculis
965 685 1091 725 cum
1118 670 1246 732 sim,
1270 670 1338 723 ad
1380 685 1626 725 mearum
1672 668 1994 725 considera-

404 766 607 818 tionem
637 762 926 818 immemor
953 779 1075 818 sum
1103 771 1159 817 et
1187 764 1537 819 tenebrosus.
1577 761 1643 815 Et
1684 761 1867 816 adhuc
1899 762 1994 816 ite-

370 870 528 925 ,rum
570 873 585 910 :
625 854 879 910 Caelestis
921 855 975 908 in
1027 854 1377 911 sermonibus
1414 864 1470 909 et
1525 854 1827 925 grandibus
1870 870 1993 909 ver-

371 930 512 1011 }bis,
544 960 725 1003 mente
752 957 807 1004 et
831 950 1263 1019 cogitationibus
1302 957 1460 1020 repto
1487 957 1761 1004 terrenus.
1802 968 1821 1000 ‹
1857 945 1990 1002 Sum

401 1040 627 1097 sedatus
646 1049 701 1096 et
718 1056 981 1107 serenus;
1008 1060 1029 1094 ι
1058 1056 1291 1096 serenus
1311 1057 1414 1111 ego
1435 1042 1657 1112 quando
1676 1038 1993 1095 moderatus

403 1139 458 1186 et
480 1133 668 1188 suavis
702 1132 1021 1188 hominibus
1050 1147 1311 1202 appareo,
1345 1132 1510 1185 ﬂante
1542 1140 1722 1185 autem
1764 1130 1850 1183 vel
1897 1143 1994 1199 pa—

404 1237 527 1277 rum
559 1236 729 1293 parva
767 1223 835 1278 de
872 1238 1043 1279 causa
1093 1224 1199 1286 ira,
1231 1224 1376 1279 sicut
1424 1238 1575 1278 mare
1618 1221 1879 1277 ﬂuctibus
1910 1224 1995 1275 in-

400 1312 652 1376 ﬂatus,et
688 1313 1012 1384 aﬂligentem
1045 1321 1260 1370 tumore
1297 1315 1586 1369 autetiam
1622 1314 1880 1369 manilius
1910 1312 1995 1367 al-

402 1416 563 1462 terna
592 1407 715 1463 vice
753 1406 992 1479 aﬂligere
1029 1416 1322 1478 opto,-nec
1352 1407 1506 1478 prius
1537 1407 1772 1462 sedabor
1813 1423 1843 1460 n
1880 1422 1996 1460 mo-

408 1501 557 1556 tibus
587 1500 724 1571 quin
765 1500 847 1555 ira
879 1499 1070 1554 sedata
1101 1500 1173 1555 sit
1211 1509 1267 1555 et
1306 1501 1629 1564 cessaverit,
1664 1499 1887 1571 quando
1916 1506 1997 1555 tu-

404 1607 558 1646 more
586 1607 708 1661 qna:
739 1590 1009 1645 aestuabat
1041 1598 1448 1657 consummato,
1484 1591 1619 1644 nihil
1655 1591 1855 1644 mirum
1882 1591 1991 1645 erit

400 1684 451 1737 si
480 1683 862 1754 exstinguatur
888 1681 1269 1735 inﬂammatio.

404 1775 473 1829 56
508 1774 658 1845 Smpe
685 1776 847 1828 etiam
872 1783 1010 1828 recte
1026 1783 1326 1845 currentem
1348 1789 1468 1826 cum
1490 1788 1581 1841 spe
1613 1774 1812 1842 optima

402 1846 472 1900 57
504 1845 571 1899 Et
598 1843 712 1913 iam
740 1845 887 1898 ultra
918 1843 1148 1897 mediam
1185 1844 1559 1915 vulgaremque
1588 1845 1833 1927 virtutem
1866 1858 1991 1927 per-

396 1986 470 2041 58
489 1984 680 2041 Subito
709 1986 1034 2056 praecipitem
1053 1984 1121 2037 ad
1145 1985 1254 2039 ima
1274 1984 1464 2054 dejccit
1480 1912 1989 2054 μεειὲίέέιέίὲϐηῗίὲἕὲ

473 2143 649 2215 Saepe,
704 2144 884 2215 inquit
931 2143 1152 2199 divinus
1184 2142 1480 2214 interpres,
1537 2158 1664 2198 cum
1714 2141 1859 2197 bona
1894 2156 1993 2213 spe

395 2247 550 2293 recta
575 2244 892 2290 currentem
918 2242 973 2288 et
999 2234 1066 2288 ad
1103 2233 1273 2288 Deum
1306 2232 1447 2288 bene
1476 2234 1827 2289 accedentem
1851 2240 1906 2286 et
1934 2231 1991 2286 in

398 2327 580 2382 media
636 2326 842 2379 virtute
890 2323 1231 2388 tendentem,
1272 2321 1387 2392 jam
1437 2322 1753 2393 proximum
1808 2322 1990 2392 perfe-

392 2417 570 2474 ctioni
634 2416 815 2470 virum
855 2415 1040 2469 subito
1078 2414 1462 2469 subintroiens
1502 2412 1711 2466 malitia
1742 2422 1991 2466 retroce-

397 2511 728 2580 dentemque
754 2516 1009 2563 evertens
1039 2505 1108 2561 ad
1150 2505 1370 2562 infimos
1409 2505 1627 2560 virtutis
1666 2505 1870 2577 gradus
1900 2519 1990 2558 re-

390 2601 529 2671 iecit
567 2609 620 2654 ct
666 2601 731 2652 ad
767 2598 1108 2651 novit-iurum
1165 2603 1404 2662 statum;
1460 2610 1700 2665 namque
1745 2596 1888 2650 sicut
1934 2592 1989 2647 hi

400 2695 495 2763 qui
531 2698 722 2745 contra
759 2704 943 2743 arente
984 2689 1156 2753 maris
1188 2702 1417 2742 acervos
1461 2688 1787 2750 ascendunt,
1825 2686 1990 2742 simul

403 2803 470 2841 ac
512 2785 808 2841 mobilibus
858 2782 1043 2837 arenis
1089 2789 1145 2836 et
1194 2791 1345 2835 retro
1399 2778 1739 2850 fugientibus
1797 2779 1990 2850 pedem

400 2879 719 2942 admovent,
752 2875 985 2946 vestigio
1027 2874 1242 2928 incerto
1283 2871 1544 2936 titubant,
1587 2878 1753 2941 atque
1803 2870 1848 2926 si
1890 2886 1983 2925 re-

396 2978 623 3049 ptareIet
643 2983 906 3040 superare
920 2966 1103 3023 conati
1128 2966 1259 3031 sint,
1274 2964 1411 3020 nihil
1432 2963 1692 3035 amplius,
1717 2964 1822 3020 nisi
1839 2964 1989 3035 quod

392 3068 453 3122 in
476 3080 676 3120 vanum
707 3063 927 3118 labores
944 3069 999 3117 et
1019 3059 1373 3131 iatigationes
1405 3066 1768 3125 consumunt,
1801 3057 1989 3129 profe-

398 3168 593 3215 cerunt
626 3175 642 3213 :
674 3156 783 3219 ita,
815 3153 1019 3225 inquit,
1051 3162 1107 3208 et
1145 3168 1248 3209 nos
1294 3150 1364 3207 ad
1401 3151 1612 3206 lethum
1652 3165 1991 3222 persequens

395 3246 677 3310 Inimicus,
699 3245 792 3300 ubi
826 3244 1065 3315 primum
1101 3252 1292 3299 contra
1324 3242 1579 3298 sabulum
1606 3242 1992 3299 inconstantiae

390 3335 795 3407 cogitationum
832 3334 1071 3388 infertur
1099 3348 1254 3388 mens
1287 3340 1479 3387 nostra
1512 3340 1566 3387 et
1587 3333 1655 3387 ad
1680 3331 1809 3387 boni
1836 3347 1992 3388 asse-

399 3427 678 3483 cutiouem
728 3423 1054 3481 desiderans
1092 3424 1314 3480 advolat
1343 3434 1398 3479 et
1437 3425 1726 3495 accingere
1770 3440 1831 3481 se
1871 3431 1992 3479 ten-

398 3527 480 3573 tat
506 3518 563 3572 in
596 3516 820 3572 virtutis
842 3515 953 3582 via,
986 3516 1195 3570 nullam
1227 3530 1351 3570 esse
1387 3514 1854 3584 progressionem,
1888 3529 1989 3566 va-

395 3628 527 3667 num
568 3626 692 3667 esse
739 3608 992 3666 ardorem
1042 3608 1308 3664 ostendit.
1360 3607 1518 3663 Unde
1564 3607 1790 3677 inquit:
1848 3605 1990 3661 Hinc

397 3704 658 3769 ascendo,
696 3703 918 3774 pietatis
955 3701 1185 3773 gradum
1234 3716 1404 3755 unum
1458 3698 1692 3755 feliciter
1721 3715 1991 3754 consecu-

397 3807 510 3852 tum
542 3795 714 3852 fuisse
749 3795 1055 3857 conﬂdens,
1092 3793 1219 3849 inde
1251 3808 1379 3849 vero
1404 3794 1605 3848 iterum
1633 3793 1990 3849 retrocedens

394 3880 767 3959 :nagis‘quant
807 3887 985 3958 pridie
1015 3902 1046 3941 a
1074 3886 1416 3956 perfectione
1453 3885 1664 3953 cecidi;
1699 3901 1872 3957 quare
1904 3901 1989 3939 re-

396 3979 607 4049 liquum
643 3989 731 4033 est
757 3986 818 4033 ut
839 3992 1054 4050 gemam
1087 3977 1475 4049 desperatione
1507 3984 1564 4032 et
1609 3977 1873 4049 maestitia
1907 3984 1990 4031 ta-

395 4084 520 4129 ctus
552 4084 605 4128 et
641 4070 895 4137 aﬂlictus,
929 4085 1126 4142 meque
1152 4069 1430 4126 miserans
1457 4067 1732 4125 infelicem
1763 4078 1818 4123 et
1843 4070 1990 4123 cala-

396 4167 574 4222 mitati
599 4165 1055 4221 succumbentem
1089 4163 1293 4229 dicam,
1311 4163 1406 4234 qui
1431 4176 1649 4233 semper
1676 4163 1734 4217 in
1765 4162 1989 4218 virtutis

394 4262 501 4318 viis
526 4274 755 4315 currere
772 4255 1013 4324 conﬁdo,
1049 4271 1153 4311 nec
1191 4270 1435 4326 unquam
1477 4256 1547 4310 ad
1574 4256 1749 4325 ipsius
1781 4263 1982 4311 metam

395 4352 678 4425 pervenio,
730 4363 946 4419 semper
1007 4358 1155 4402 metu
1208 4348 1621 4417 circumseptus
1662 4361 1866 4418 magno
1916 4362 1988 4402 ne

393 4446 602 4500 bonum
638 4458 749 4497 non
776 4442 1078 4511 attingam;
1120 4455 1217 4510 per
1245 4449 1479 4496 conatus
1502 4447 1558 4495 et
1590 4441 1784 4512 longos
1829 4440 1987 4494 labo-

395 4553 486 4593 res
514 4537 607 4592 vix
653 4534 897 4605 quidem,
940 4534 1036 4588 sed
1067 4531 1286 4588 tandem
1316 4533 1655 4588 destinatum
1687 4541 1984 4588 assecutu-

397 4643 522 4685 rum
551 4643 637 4683 me
674 4625 883 4697 putavi,
924 4624 1018 4695 qui
1057 4623 1317 4680 facillime
1353 4636 1599 4696 preceps
1632 4624 1689 4679 in
1723 4625 1986 4680 malitiam

392 4718 597 4776 cecidi.
630 4716 836 4773 lterum
871 4731 1018 4786 saepe
1040 4714 1404 4787 prolongatur
1439 4714 1576 4771 mihi
1606 4715 1719 4772 vita
1762 4716 1985 4773 virtutis

400 4812 654 4877 amatrix,
681 4809 883 4881 inquit,
911 4807 1244 4863 solutionem
1284 4822 1316 4862 a
1344 4807 1459 4865 vita
1507 4809 1634 4864 nolo
1666 4808 1988 4865 conversio-

394 4904 490 4961 nis
540 4918 654 4974 spe,
700 4900 1046 4958 sanationem
1088 4899 1317 4970 cupiens
1365 4901 1601 4972 peccati,
1646 4910 1702 4958 et
1737 4903 1981 4973 permul-

400 5008 486 5051 tos
541 4997 715 5068 longae
758 4995 886 5050 vitae
931 4993 1076 5057 dies,
1125 5008 1237 5049 non
1284 4994 1471 5051 minus
1530 4996 1739 5061 malitia
1784 5010 1986 5067 super-

399 5086 654 5151 abundo,
690 5087 893 5142 nedum
937 5085 1360 5141 conversionem
1399 5087 1862 5158 sanationemque
1898 5088 1984 5144 in—

397 5176 619 5234 veniam
674 5190 705 5228 a
757 5174 924 5230 malo.
978 5173 1131 5229 Talis
1189 5184 1276 5230 est
1322 5175 1605 5231 hominum
1663 5178 1842 5233 virtus
1892 5177 1985 5233 cui

401 5267 705 5324 secundum
752 5269 1038 5339 proprium
1084 5282 1309 5324 sensum
1360 5275 1414 5324 et
1449 5268 1695 5325 studium
1730 5284 1792 5325 se
1818 5286 1983 5326 exer-

403 5372 529 5420 cent
565 5370 621 5419 et
676 5379 785 5417 non
835 5363 892 5419 in
947 5361 1303 5431 adjutoriol.
1351 5363 1583 5420 Christi.
1647 5383 1666 5416 ι
1711 5362 1835 5419 Ideo
1885 5381 1984 5436 ge-

398 5454 522 5510 neri
553 5459 766 5515 nostro,
806 5471 828 5505 ι
881 5462 934 5508 et
983 5468 1102 5522 seq.
1146 5452 1310 5511 Cum,
1350 5453 1552 5523 inquit,
1585 5453 1667 5509 sic
1709 5453 1983 5510 instabilis

396 5554 459 5603 et
492 5543 851 5599 fundamento
888 5557 1105 5605 carens,
1147 5542 1231 5598 sic
1262 5542 1500 5600 infectus
1537 5552 1593 5599 et
1624 5543 1982 5616 imperfecws

474 5723 587 5794 (29)
627 5722 747 5795 Bill.
778 5739 847 5795 ex
889 5724 1011 5779 cod.
1047 5722 1231 5778 Sirleti
1271 5721 1429 5776 aﬂ‘ert
1454 5722 1879 5795 ὲπιδεδασμένου
1926 5736 1979 5780 et

398 5792 531 5866 cum
568 5792 731 5846 verba
766 5792 1249 5866 Graeca‘porrupta
1288 5807 1411 5848 esse
1457 5792 1755 5859 existimet,
1791 5795 1979 5866 legen-
2001 5806 2017 5817 ‘

403 5862 534 5917 dum
561 5870 749 5918 censet
769 5863 1225 5937 ἀποσοιεδάσαιμι.

1786 365 1831 419 Ν
1839 364 1896 420 IC
1906 364 2082 420 ETAS
2126 363 2337 422 DAVID

3579 362 3692 420 ’ἴω

2097 503 2179 540 σιν
2215 483 2458 557 ὀξυφαὴς
2493 484 2715 555 γίνομαι
2765 484 2866 538 καὶ
2915 482 3211 554 όξυήκοος,
3243 478 3383 552 πρὸς
3424 482 3524 551 τὴν
3558 479 3694 536 ἐπί-

2097 578 2289 647 σκεψιν
2320 576 2379 630 δὲ
2412 575 2523 630 τῶν
2580 574 2726 628 ἰδίων
2778 573 3027 644 ἀφεγγὴς
3071 571 3166 624 καὶ
3197 570 3554 641 ὲπιλήσμωψ
3587 571 3694 625 καὶ

2092 664 2162 724 αὖ
2218 669 2381 724 πάλιν
2418 685 2433 700 θ
2467 667 2732 739 Οὐράνιος
2773 665 2875 737 μὲν
2929 667 2989 719 ὲν
3043 664 3223 732 λόγοις
3277 662 3373 716 καὶ
3413 662 3694 734 μεγαλορο

2096 762 2471 835 ρημοσύναις,
2522 761 2581 813 ἐν
2632 759 2796 831 φρεσί
2842 758 2901 811 δὲ
2956 758 3052 811 καὶ
3106 757 3347 827 νοήμασι
3393 754 3697 825 χαμερπὴς

2094 858 2191 911 καὶ
2241 856 2566 929 ἐπιχθόνιος.
2603 874 2623 906 ι
2658 854 2791 925 Εἰμὶ
2841 850 3145 923 γαληνιὸων
3176 867 3236 905 τε
3283 851 3380 904 καὶ
3424 847 3619 912 εὔδιος.
3665 867 3690 899 ι

2092 949 2358 1021 Γαλήνιος
2406 948 2554 1001 ἐστιν
2601 947 2691 1001 ὅτε
2742 946 2837 1001 καὶ
2897 944 3147 1015 ἐπιεικὴς
3207 942 3301 998 καὶ
3347 940 3530 1013 πραῢς
3575 944 3695 1006 τοῖς

2094 1038 2403 1114 ἀνθρώποις
2447 1036 2831 1109 καθορώμενος
2873 1053 2889 1069 ’
2935 1040 2984 1092 εἰ
3030 1036 3088 1090 δέ
3143 1053 3275 1090 ποτε
3326 1034 3546 1105 πνεῦμα
3596 1035 3700 1105 ὀρ·-

2095 1130 2201 1201 γῆς
2250 1131 2346 1185 καί⁵
2412 1128 2611 1201 μικρὸν
2659 1132 2724 1183 ἑκ
2786 1130 2990 1200 μικρᾶς
3051 1128 3232 1191 αἰτίας
3294 1124 3696 1188 ἀντιπνεύσει,

2095 1216 2295 1294 οἷάπερ
2327 1220 2573 1277 Θάλασσα
2610 1220 2821 1293 κύμασι
2845 1219 3207 1292 φυσιούμενος
3239 1220 3334 1274 καὶ
3368 1219 3561 1290 ὕϐρεσι
3594 1219 3698 1273 τὸν

2097 1312 2377 1368 λυποῦντα
2410 1313 2443 1385 ἢ
2488 1314 2584 1367 καὶ
2638 1314 2827 1387 χερσὶν
2860 1312 3172 1367 ἀντιλυπεῖν
3229 1312 3556 1384 ὀρεγόμενος
3578 1353 3592 1377 ,
3622 1311 3694 1364 οὐ

2098 1406 2230 1477 πρὶν
2275 1406 2643 1478 κατεστόρεσα
2689 1406 2751 1460 τὸ
2792 1405 3022 1477 φύσημα
3071 1406 3201 1478 πρὶν
3232 1404 3266 1476 ἢ
3300 1404 3560 1476 νηνεμίαν
3593 1405 3699 1458 καὶ

2098 1496 2443 1551 κατάπαυσιν
2461 1496 2742 1566 γεγονέναι
2772 1495 2868 1550 τοῦ
2898 1495 3097 1567 θυμοῦ,
3138 1496 3299 1568 ἡνίκα
3330 1496 3395 1567 δὴ
3427 1496 3526 1568 τὴν
3556 1498 3695 1550 ἀτα-

2099 1589 2218 1657 ξίαν
2245 1589 2694 1661 ἐπιδεδειγμένον
2726 1590 2836 1663 (ΕἰΩ)
2864 1589 2960 1642 τοῦ
3004 1588 3341 1659 θυμοειδοῦς,
3370 1589 3522 1643 οὐδὲν
3550 1588 3690 1643 θαυ-

2104 1673 2306 1743 μαστὸν
2334 1673 2435 1743 τὴν
2458 1672 2622 1727 αὐτοῦ
2653 1673 2844 1742 ἔξαψιν
2870 1672 3186 1743 σϐεσθῆναι.

2099 1764 2168 1820 56
2203 1763 2475 1821 Haud)“
2515 1766 2570 1819 δ’
2594 1765 2994 1836 εὐδρομέοντα
3038 1764 3160 1820 σὺν
3191 1763 3536 1836 ἐλπωρῇσιν
3556 1765 3687 1831 dpl-

2096 1905 2165 1975 57
2206 1905 2360 1973 Ἤδη
2394 1906 2495 1960 καὶ
2535 1903 2810 1975 μεσότης
2851 1905 3071 1975 ἀρετῆς
3098 1851 3616 1974 ὑπερεκτεέῖἔέτῖί

2095 1974 2164 2030 58
2214 1974 2545 2045 Ἐξαπίνηῤ
2560 1974 2942 2045 παλίνορσον
2978 1974 3098 2031 ὑπὸ
3121 1976 3536 2118 προίπόδεσσιν
3555 1975 3699 2097 i017-

3253 2062 3378 2111 xsr,
3412 2065 3464 2099 κ.
3491 2064 3541 2099 τ.
3602 2085 3617 2098 .

3253 2062 3378 2111 κεν,
3412 2065 3464 2099 κ.
3491 2064 3541 2099 τ.
3568 2062 3617 2098 Α.

2167 2137 2457 2203 Πολλάκις,
2482 2138 2650 2210 φησὶν
2679 2140 2708 2192 ό
2737 2136 2894 2210 θεόλη
2906 2155 3061 2202 πτος,
3087 2139 3184 2193 σὺν
3224 2137 3455 2208 ἀγαθαῖς
3475 2138 3697 2191 ἐλπίσιν

2093 2228 2263 2301 ἀνδρα
2309 2227 2772 2300 εὐθυδρομοῦντα,
2806 2230 2904 2281 καὶ
2957 2229 3094 2299 πρὸς
3126 2229 3260 2282 Θεὸν
3312 2228 3696 2299 εὐοδούμενον,

2095 2319 2190 2374 καί⁵
2225 2321 2284 2372 ὲν
2321 2320 2579 2391 μεσότητι
2604 2319 2704 2390 τῆς
2745 2318 2950 2390 ἀρετῆς
2983 2319 3381 2389 ἐκτεινόμενον,
3410 2318 3506 2372 καὶ
3535 2319 3695 2386 ἐγγί-

2094 2410 2256 2477 ζοντα
2287 2411 2424 2484 πρὸς
2456 2411 2519 2465 τὸ
2570 2412 2800 2474 τέλειον,
2832 2410 3167 2477 ἐξαπιναίως
3213 2409 3692 2482 παρεισφθαρεῖσα

2093 2506 2263 2559 κακία
2286 2544 2302 2569 ,
2335 2506 2429 2558 καὶ
2475 2503 2879 2575 ὀπισθόρμητον
2941 2505 3104 2558 αὐτὸν
3155 2503 3507 2574 ἀνατρέψασα
3532 2542 3548 2564 ,
3583 2503 3693 2557 ὑπὸ

2092 2599 2218 2661 τοὺς
2242 2596 2519 2670 πρόποδας
2542 2598 2642 2668 τῆς
2668 2596 2873 2669 ἀρετῆς
2915 2597 3012 2650 καὶ
3040 2597 3141 2668 τὴν
3169 2596 3275 2649 τῶν
3316 2595 3690 2667 εἰσαγομένων

2093 2689 2425 2743 κατάστασιν
2449 2689 2706 2762 ἐθήκατο.
2731 2690 2842 2743 Καὶ
2864 2689 2973 2763 γὰρ
2999 2689 3191 2761 ὥσπερ
3217 2690 3265 2742 οἰ
3287 2688 3431 2743 κατὰ
3461 2688 3685 2761 ψάμμου

2094 2781 2389 2845 θαλασσίας
2441 2781 2610 2834 τόπον
2664 2782 2868 2853 ἀνάντη
2928 2781 3390 2852 προσϐαίνοντες,
3439 2781 3556 2853 ἅμα
3610 2781 3687 2852 τῷ

2095 2872 2471 2946 προσπελάσαι
2522 2873 2602 2944 τῷ
2647 2873 2792 2938 ποδὶ,
2846 2873 3207 2945 διαρρεούσης
3258 2874 3433 2945 αὐτῆς
3467 2875 3561 2928 καὶ
3610 2877 3690 2937 εἰς

2093 2964 2334 3018 τούπίσω
2376 2966 2706 3037 φερομένης,
2743 2965 3039 3019 ἀστατούσι
3070 2965 3169 3037 μὲν
3207 2963 3511 3029 τούτοιςτά
3545 2966 3686 3038 ἴχνη,

2093 3055 2494 3128 ἀναῤῥιχᾶσθαι
2524 3056 2637 3129 ('50)
2659 3057 2716 3110 δὲ
2750 3058 2842 3111 καὶ
2881 3056 3199 3129 προϐαίνειν
3240 3057 3572 3130 πειρώμενοι
3602 3061 3689 3113 ού-

2091 3149 2181 3204 δὲν
2203 3150 2364 3205 πλέον
2388 3150 2483 3204 τοῦ
2515 3151 2719 3216 κόπους
2746 3152 2959 3214 ἑαυτοῖς
2988 3151 3249 3223 παρέχειν
3278 3152 3519 3218 εἰκαίους
3535 3151 3687 3206 ἀπώ-

2092 3259 2284 3297 ναντοο
2316 3243 2487 3306 οὕτω,
2519 3243 2684 3314 φησὶ,
2722 3245 2818 3297 καὶ
2849 3245 2878 3298 ὁ
2907 3242 3152 3315 ὀλέθριος
3186 3243 3349 3315 ἡμῶν
3386 3245 3683 3316 Δυσμενὴς,

2091 3334 2167 3398 ὼς
2194 3334 2338 3388 κατά
2380 3333 2610 3406 ψάμμου
2643 3336 2750 3409 τῆς
2797 3336 2907 3389 τῶν
2950 3336 3233 3407 λογισμῶν
3282 3338 3551 3398 ἀστασίας
3582 3337 3682 3401 τῆς

2093 3426 2249 3497 ἡμῶν
2276 3426 2517 3491 διανοίας
2549 3427 2880 3498 φερομένης,
2917 3428 3013 3482 καὶ
3053 3432 3118 3500 τῇ
3155 3426 3415 3499 ἐπιθυμίᾳ
3444 3427 3538 3480 τοῦ
3578 3445 3677 3480 κα-

2092 3519 2189 3573 λοῦ
2218 3520 2625 3592 πτερουμένης,
2679 3520 2774 3573 καὶ
2805 3521 3011 3574 ἀνιέναι
3037 3520 3377 3591 πειρωμένης
3404 3518 3494 3571 τὸν
3516 3513 3671 3587 οἶμον

2090 3611 2194 3682 τῆς
2215 3612 2443 3684 ἀρετῆς,
2471 3613 2784 3686 ἀπρόκοπον
2817 3614 3162 3669 ἀποδείκνυσι
3187 3613 3284 3685 τὴν
3324 3610 3634 3682 προθυμίαν
3654 3627 3668 3641 ⁸

2090 3705 2158 3759 δι’
2206 3705 2260 3771 ὃ,
2304 3705 2459 3778 φησί,
2510 3705 2585 3777 πὴ
2624 3705 2724 3777 μὲν
2788 3705 3115 3779 ἀνέρχομαι,
3173 3704 3337 3777 μέρος
3399 3702 3679 3768 εὐσεϐείας

2091 3798 2340 3871 οἰόμενος
2386 3798 2713 3871 κατορθοῦν,
2764 3799 2841 3872 πὴ
2888 3800 2946 3854 δὲ
2994 3797 3231 3870 ἔμπαλιν
3279 3798 3680 3870 ὀπισθόρμητος

2090 3892 2480 3956 ἀπολισθαίνω,
2517 3891 2717 3963 μᾶλλον
2764 3892 2798 3964 ἢ
2834 3890 3027 3964 πρώην
3076 3888 3170 3944 τοῦ
3215 3890 3426 3944 τελείου
3481 3890 3684 3944 ἀποπε-

2092 3983 2326 4048 πτωκὼς
2342 4000 2357 4017 ·
2396 3983 2463 4037 δι’
2487 3984 2515 4036 ὃ
2542 3986 2636 4038 καὶ
2660 3983 2913 4055 ἀσχάλλω
2950 3983 3139 4039 λοιπὸν
3176 3982 3271 4036 καὶ
3300 3981 3570 4054 ἀδημονίᾳ
3593 3981 3686 4035 καὶ

2090 4076 2402 4147 ἀπογνώσει
2436 4075 2839 4147 ψηλαφώμενος
2872 4077 2969 4131 καὶ
2991 4073 3456 4146 κατοδυνώμενος,
3489 4075 3689 4129 δυσθά-

2090 4188 2250 4226 νατον
2271 4172 2511 4243 ἐμαυτὸν
2541 4171 2634 4224 καὶ
2665 4170 2849 4225 ἄθλιον
2879 4168 3258 4240 οἰκτιζόμενος
3294 4165 3578 4231 ἀωκαλῶ,
3608 4166 3686 4230 ὡς

2094 4263 2183 4319 ἀεὶ
2209 4266 2309 4333 μὲν
2357 4264 2565 4319 ὁδεύειν
2593 4265 2769 4320 δοκῶν
2807 4265 2900 4319 τὸν
2917 4264 3117 4338 δρόμον
3147 4263 3250 4334 τῆς
3287 4263 3514 4335 ἀρετῆς,
3536 4262 3687 4317 οὐδέ·-

2095 4374 2184 4412 πω
2226 4359 2285 4412 δὲ
2324 4358 2387 4412 τὸ
2416 4359 2571 4423 τέλος
2613 4358 2786 4431 αὐτῆς
2817 4357 3133 4429 πεφθακὼς,
3161 4359 3248 4414 ἀεὶ
3290 4358 3443 4429 φόϐῳ
3466 4356 3687 4429 μεγάλῳ

2093 4449 2194 4520 τῆς
2227 4449 2321 4502 τοῦ
2373 4448 2582 4519 ἀγαθοῦ
2625 4449 2884 4514 ἀτευξίας
2939 4450 3483 4522 περιστοιχιζόμενος
3511 4463 3524 4476 ·
3564 4446 3688 4516 βίαν

2098 4541 2198 4611 μὲν
2220 4541 2317 4595 καὶ
2348 4541 2531 4605 πόνοις
2560 4543 2794 4614 μακροῖς
2817 4543 2972 4614 μόλις
2997 4560 3052 4596 τι
3074 4540 3377 4614 κατορθοῦν
3405 4541 3686 4612 νενόμικα,

2094 4635 2269 4705 ῥᾷστα
2295 4634 2352 4687 δὲ
2373 4635 2451 4698 ὡς
2487 4634 2874 4706 καταπρανοῦς
2902 4635 3041 4707 πρὸς
3068 4634 3274 4690 κακίαν
3297 4632 3686 4699 ἀπωλίσθησα·

2092 4725 2255 4779 πάλιν
2291 4724 2593 4796 μηκύνεταί
2646 4743 2735 4797 μοι
2781 4726 3102 4790 πολλάκις,δ
3140 4724 3434 4796 φιλάρετός
3495 4724 3691 4794 φησιν,

2091 4817 2203 4887 ἐγὼ
2227 4817 2284 4870 δὲ
2311 4818 2410 4890 τὴν
2438 4818 2593 4871 λύσιν
2619 4818 2719 4888 τῆς
2740 4816 2887 4890 ζωῆς
2907 4820 2968 4872 οὐ
2990 4818 3130 4872 θέλω
3161 4817 3338 4871 ἐλπίδι
3368 4814 3686 4887 μετανοίας,

2089 4912 2155 4965 τὸ
2185 4913 2284 4982 τῆς
2312 4911 2584 4983 ἁμαρτίας
2617 4910 2752 4982 ἴαμα
2775 4910 2978 4971 ποθῶν,
2996 4912 3119 4974 ταῖς
3135 4910 3361 4973 πολλαῖς
3374 4909 3433 4963 δὲ
3452 4909 3552 4977 τῆς
3577 4925 3684 4978 μα-

2092 5003 2444 5073 κροϐιότητος
2468 5004 2703 5075 ἡμέραις
2723 5002 2822 5074 τὴν
2851 5003 3050 5056 κακίαν
3066 5001 3236 5055 »οὐδὲν
3255 4997 3419 5074 ἦττον
3451 5001 3683 5054 πλεονά-

2092 5094 2222 5159 ζων,
2265 5095 2391 5148 οὔτε
2426 5095 2717 5165 μετάνοιαν
2743 5136 2757 5157 ,
2792 5093 2906 5149 οὔτ’
2944 5090 3038 5149 οὖν
3092 5093 3395 5166 θεραπείαν
3445 5094 3688 5164 εὑρίσκω

2090 5184 2186 5238 τοῦ
2224 5185 2397 5240 κακοῦ
2439 5203 2453 5220 ·
2501 5188 2596 5241 καί
2651 5191 2685 5259 ἡ
2720 5188 2820 5259 μὲν
2849 5187 2963 5240 τῶν
3008 5185 3316 5258 ἀνθρώπων
3361 5181 3586 5258 ἀρετὴῆ
3620 5201 3688 5254 γε

2090 5275 2232 5331 κατά
2265 5276 2362 5348 τὴν
2399 5276 2537 5331 ἰδίαν
2574 5278 2754 5331 αὐτῶν
2788 5277 3057 5349 ὑπόληψιν
3086 5277 3182 5332 καὶ
3220 5275 3456 5346 σπουδὴν
3494 5277 3689 5345 ἐπιτη-

2091 5368 2380 5441 δευομένη,
2407 5370 2502 5424 καὶ
2529 5371 2632 5423 οὐκ
2666 5373 2723 5424 ὲν
2749 5369 2979 5440 δυνάμει
3019 5367 3468 5441 Ἰησοῦ,τοιαύτη.

2356 5461 2649 5516 Τοῦνεκεν
2680 5460 2936 5532 ἡμετέρῃ
2986 5461 3185 5533 γενεῇ,
3212 5481 3273 5520 κ.
3299 5480 3347 5518 τ.
3381 5464 3429 5516 ὲ.

2175 5552 2415 5625 Ἐπειδὴ,
2469 5555 2633 5626 φησὶν
2652 5594 2668 5619 ,
2700 5552 2874 5619 οὕτως
2924 5554 3182 5620 ἀϐέϐαιος
3233 5555 3329 5610 καὶ
3374 5553 3683 5625 ἀνίδρυτος,

2091 5726 2292 5854 ιιέδξζ
2328 5729 2916 5802 Ἀναρῤικᾶσθαι.5ἰο
2935 5731 3109 5789 codex
3135 5728 3394 5798 Bekketz;
3411 5747 3460 5786 ν,
3481 5727 3683 5785 Ama,
