3980 6480
3453 447 3558 501 79.9.

292 472 389 531 τε]
1319 464 1383 520 IN
1409 452 1721 520 cautum
1758 461 2043 520 ARCANA
2080 459 2144 517 s.
2178 451 2533 516 cchoun.

278 591 457 652 οὓτως
484 588 747 669 ἀνήνυτος
785 588 881 639 καὶ
906 584 1193 647 ἀτέλεστος
1221 585 1249 636 6
1276 582 1418 654 ὑπὲρ
1453 583 1655 655 ἀρετῆς
1691 583 1871 647 πόνος,

1983 602 2142 657 labor
2180 601 2249 657 ad
2285 597 2680 671 acquirendam
2722 597 2982 651 virtutem
3021 594 3229 662 absque
3271 589 3366 646 Dei
3406 589 3565 658 δειδυ-

279 685 375 738 καὶ
404 683 572 743 κόπους
598 679 735 733 Θεοῦ
764 678 1047 749 δυνάμεως
1072 677 1193 748 δίχα
1218 677 1331 739 τοῖς
1352 675 1661 747 ἀνθρώποις
1687 678 1871 746 ἐπιτη-

1982 692 2129 750 torio
2155 691 2225 746 ab
2262 690 2583 746 hominibus
2611 695 2958 751 exerceatur,
2990 684 3116 740 ideo
3140 691 3333 738 nostro
3374 682 3563 752 generi

274 775 590 845 δευόμενος,
608 773 796 826 τούτου
812 787 876 839 γε
892 768 1132 840 δῆχάριν
1152 771 1216 840 τῇ
1241 768 1364 822 καθ’
1382 769 1527 839 ἡμᾶς
1545 764 1871 838 ταλαιπώρῳ

1982 786 2051 842 ad
2081 787 2133 841 id
2165 800 2345 856 usque
2383 785 2590 840 misero
2617 781 2750 837 illud
2784 781 2981 852 dogma
3008 780 3065 834 iu
3091 778 3273 832 animo
3299 774 3564 846 deligatur

276 869 447 939 γενεᾷ
476 865 652 939 ταύτῃ
691 863 852 917 τοῦτο
897 862 957 917 τὸ
988 862 1167 935 δόγμα
1206 860 1738 933 προδιωμολογήσθω
1782 861 1871 914 καὶ

1979 885 2036 933 et
2077 887 2203 933 ante
2232 877 2340 932 alia
2376 877 2746 947 imprimatur.

276 958 711 1035 προῦποκείσθῳ
736 955 816 1027 τῷ
838 955 934 1027 νῷ.

274 1054 352 1111 68
392 1052 598 1124 Πρώτη
623 1050 742 1121 μὲν
774 1049 1017 1120 Τριάδος
1051 1047 1283 1118 καθαρὴ
1313 1049 1520 1119 φύσις,
1552 1066 1607 1103 κ.
1630 1048 1746 1103 τ.λ.

352 1146 526 1201 Τοῦτο
573 1144 751 1214 δόγμα
803 1142 902 1213 τῆς
953 1142 1417 1212 θεολογικωτάτης
1460 1141 1538 1212 τῷ
1583 1141 1695 1195 ὄντι
1724 1138 1871 1206 ἄξιον

275 1237 501 1311 φρενὸς,
537 1232 762 1304 πρώτην
787 1231 1037 1303 καθαρὰν
1067 1232 1228 1302 φύσιν
1279 1233 1373 1287 καὶ
1401 1232 1603 1303 ἀρετῆς
1647 1231 1870 1302 ἀπάσης

273 1323 526 1395 πηγαίαν
554 1321 729 1393 ἀρχὴν
763 1321 985 1384 είδέναι,
1015 1321 1114 1392 τὴν
1141 1322 1571 1393 τρισυπόστατον
1599 1319 1865 1390 θεότηταο

275 1411 448 1475 εὐθὺς
480 1410 538 1464 δὲ
575 1412 691 1482 μετ’
716 1409 886 1481 αὐτὴν
935 1410 1034 1481 τὴν
1087 1410 1385 1483 ἀγγελικὴν
1423 1413 1518 1465 καὶ
1562 1411 1819 1482 οὐρανίαν
1850 1428 1866 1442 ·

272 1501 441 1575 τρίτη
470 1500 527 1554 δὲ
562 1499 669 1571 ἄρα
698 1500 860 1570 φύσις
907 1499 1133 1571 μέτοχος
1156 1499 1249 1553 τοῦ
1284 1499 1452 1554 καλοῦ
1486 1499 1705 1571 καὶτῆς
1734 1500 1868 1571 ἁρε-

275 1596 384 1665 τῆς
414 1596 445 1648 ό
486 1593 790 1665 ἄνθρωπος,
836 1592 895 1656 ὃς
931 1593 1333 1664 άμφιτάλαντος
1373 1592 1467 1647 καὶ
1510 1591 1868 1664 ἀμφιρῤεπὴς

280 1684 510 1756 ἐκτίσθη
547 1685 669 1739 κατ’
724 1684 930 1756 ἀρχάς·
968 1685 1171 1755 μεταξὺ
1229 1684 1329 1755 τῆς
1381 1702 1441 1738 τε
1494 1685 1615 1738 κατ’
1665 1683 1867 1758 ἀρετὴν

284 1778 434 1848 ζωῆς
464 1778 556 1830 καὶ
590 1775 683 1830 τοῦ
720 1775 862 1829 κατὰ
890 1776 989 1847 τὴν
1023 1776 1297 1847 ἁμαρτίαν
1331 1776 1562 1830 Θανάτου
1597 1773 1865 1846 έστηκὼς,

285 1869 384 1923 καὶ
434 1867 846 1940 μεγαλοπρεπὲς
888 1867 986 1938 μὲν
1033 1867 1185 1932 τέλος
1218 1867 1359 1938 ἔχων
1386 1867 1481 1921 τοῦ
1523 1869 1645 1922 κατ’
1664 1868 1867 1939 ἀρετὴν

289 1960 438 2033 βίου,
479 1958 541 2010 τὸ
584 1958 696 2011 υἱὸν
741 1958 993 2028 γενέσθαι
1030 1958 1164 2013 Θεοῦ
1205 1959 1429 2032 δηλαδὴ,
1469 1959 1765 2031 ἐπίμοχθον
1808 1960 1866 2014 δὲ

286 2054 387 2107 καὶ
425 2051 679 2104 ἐπίπονον
728 2051 921 2123 κομιδῇ
955 2051 1098 2121 (51),
1127 2051 1286 2123 εἴπερ
1315 2052 1419 2105 κᾶν
1441 2052 1534 2106 ἐπὶ
1563 2052 1737 2123 βραχὺ
1770 2052 1868 2117 τὰς

300 2147 393 2215 τῆς
436 2145 631 2208 κακίας
670 2143 838 2207 πύλας
886 2144 1265 2216 παρανοίξειεν
1296 2160 1309 2174 ·
1345 2145 1501 2199 τοῦτο
1551 2148 1660 2218 γὰρ
1708 2142 1872 2200 ἆθλον

288 2237 390 2306 τῆς
404 2237 542 2306 ἐμῆς
574 2236 809 2300 διανοίας
843 2237 1113 2308 ὲναρέτως
1146 2236 1368 2309 βιούσης
1397 2239 1425 2292 ὀ
1448 2238 1712 2308 "remo;
1730 2256 1872 2310 παρ-

284 2328 488 2398 ἐχεται.

521 2418 731 2487 Κεῖνος
766 2419 819 2473 δ’
862 2420 1033 2474 ἐστίν
1069 2420 1336 2490 ἄριστος,
1380 2440 1436 2476 κ.
1466 2438 1517 2475 τ.
1555 2421 1640 2488 ἐξ.

352 2502 523 2571 Οὗτος
550 2506 961 2580 άριστος,οῦτος
990 2513 1229 2583 ἐργάτης
1259 2512 1461 2576 τέλειος
1482 2513 1778 2584 άρετῆς,δς
1813 2517 1870 2567 ὲν

288 2600 437 2671 μέσῳ
474 2603 670 2671 γενεᾶς
723 2601 941 2665 σκολιᾶς
991 2604 1083 2657 καὶ
1114 2605 1291 2676 κακῆς
1345 2605 1543 2675 μέτριά
1583 2622 1703 2659 τινα
1748 2606 1869 2679 ἴχνη

289 2694 483 2757 κακίας
509 2695 805 2762 ἐπιφαίνει,
833 2692 1017 2766 θερμῷ
1051 2696 1108 2748 δὲ
1136 2696 1229 2749 τοῦ
1269 2696 1525 2766 Ὑψίστου
1545 2696 1706 2769 ἔρωτι
1737 2698 1872 2769 πρὸς

288 2784 510 2855 οὐρανὸν
537 2783 835 2848 ἀνανεύων,
858 2786 1264 2857 συντεταμένως
1291 2788 1497 2860 τρέχει,
1530 2788 1673 2842 κατὰ
1698 2792 1870 2842 νώτου

283 2877 344 2931 δὲ
374 2878 470 2950 τὴν
503 2878 699 2932 κακίαν
748 2877 956 2932 διώκων
994 2878 1218 2945 ἐξωθεῖ,
1252 2880 1441 2954 ὥσπερ
1482 2899 1566 2947 τις
1606 2884 1871 2954 ποτάμιος

285 2968 414 3043 ῥοῦς
451 2969 607 3025 ἄλλον
630 2970 754 3023 τινὰ
795 2970 926 3041 ῥοῦν
956 2972 1161 3043 τραχύν
1193 2990 1252 3026 τε
1306 2974 1402 3027 καὶ
1433 2974 1624 3045 ἄγριον
1655 2975 1750 3028 κα)⁸
1779 2977 1871 3029 θο-

283 3060 442 3132 λερὸν
482 3060 1062 3132 ἀποδιοπομπούμενυς
1092 3063 1187 3116 καὶ
1230 3063 1676 3135 ἀποτρεπόμενος
1698 3081 1713 3096 ο
1743 3066 1792 3119 εί
1815 3064 1873 3119 δέ

284 3167 420 3207 ποτε
447 3153 541 3204 καὶ
568 3151 973 3223 παραμίγνυταί
993 3170 1041 3208 τι
1068 3155 1288 3220 κακίας,
1317 3155 1506 3227 ὥσπερ
1537 3157 1617 3228 τῷ
1647 3157 1873 3229 καθαρῷ

295 3243 530 3310 ῥεύματι
576 3242 670 3295 τοῦ
711 3242 898 3306 ὓδατος
936 3246 1000 3297 ἐκ
1037 3245 1133 3299 τοῦ
1173 3245 1393 3318 θολεροῦ
1420 3248 1481 3300 τὸ
1518 3248 1613 3301 τοῦ
1646 3249 1873 3314 διειδοῦς

295 3333 684 3405 ὑπερϐάλλοντι
719 3335 975 3406 νάματος,
1007 3336 1066 3390 τὸ
1099 3336 1317 3401 ίλυῶδες
1347 3338 1736 3405 ἀποκλύζεται,
1774 3340 1869 3394 καὶ⁵

289 3426 393 3480 οὐκ
425 3427 674 3498 ἐπίδηλον
724 3428 820 3499 τὴν
868 3430 963 3499 τῆς
1012 3428 1192 3500 ψυχῆς
1224 3429 1509 3499 ὑποφαίνει
1546 3431 1818 3503 ῥυπαρίαν
1849 3448 1864 3462 ·

284 3515 427 3587 αῦτη
492 3516 593 3587 μὲν
650 3516 743 3571 τοῦ
797 3518 1052 3572 συνθέτου
1101 3519 1390 3592 ἀνθρώπου
1442 3522 1612 3594 ἁρετὴ
1654 3522 1838 3577 τελεία

279 3606 785 3677 νενοήσθω-τούτου
800 3608 856 3664 δὲ
875 3612 933 3666 τὸ
966 3612 1128 3665 πλέον
1171 3615 1228 3666 ὲν
1262 3615 1373 3675 τοῖς
1413 3613 1686 3685 οὐρανίοις
1728 3615 1871 3681 νόοις

282 3698 654 3753 πιστευέσθω·
683 3702 731 3753 εί
759 3700 816 3755 δέ
848 3719 931 3764 τις
968 3702 1202 3756 ἐνταῦθα
1237 3706 1356 3775 μετ’
1382 3703 1686 3775 ἀνθρώπων
1720 3705 1869 3776 βιοὺς

285 3790 415 3844 Θεὸν
468 3792 597 3846 ἰδεῖν
636 3794 948 3867 κατηξιώθη
971 3835 984 3853 .
1016 3796 1093 3860 ὡς
1133 3798 1378 3868 Μωῦσῆς
1409 3800 1504 3853 καὶ
1543 3801 1789 3866 Ἡσαΐας,
1830 3801 1864 3871 ἢ

287 3887 463 3958 σάρκα
495 3886 719 3960 βαρεῖαν
760 3889 1075 3957 κουφισθεὶς
1109 3891 1188 3954 είς
1236 3892 1465 3963 οὐρανὸν
1494 3891 1868 3963 ἀναδεδραμη-

1977 1056 2048 1113 68
2078 1055 2268 1111 Prima
2300 1056 2511 1126 quidem
2548 1053 2831 1110 Trinitatis
2866 1068 3001 1121 pura
3040 1059 3261 1113 natura,
3295 1057 3404 1103 etc.

2046 1145 2250 1216 Reipsa
2297 1146 2589 1215 theologici
2649 1142 2853 1214 ingenii
2905 1141 3132 1211 dignum
3187 1138 3320 1193 illud
3365 1137 3563 1208 dogma

1973 1251 2159 1301 nosse,
2188 1250 2384 1306 nempe
2412 1236 2646 1305 primam
2672 1247 2862 1304 puram
2888 1241 3142 1286 naturam
3172 1238 3226 1285 et
3251 1229 3433 1285 omnis
3453 1230 3564 1283 vir-

1973 1328 2109 1385 tutis
2158 1329 2488 1400 principium
2535 1333 2592 1381 et
2638 1326 2841 1381 fontem
2890 1339 3017 1379 esse
3058 1322 3262 1407 trinum
3309 1322 3565 1392 personis

1972 1420 2167 1488 Deum;
2184 1437 2346 1491 quem
2366 1419 2678 1475 immediate
2689 1417 2939 1488 sequitur
2952 1415 3198 1486 angelica
3217 1422 3271 1468 et
3293 1412 3562 1480 cmlestis;

1974 1512 2136 1568 tertia
2158 1521 2362 1568 natura
2384 1511 2518 1567 boni
2541 1520 2597 1565 et
2616 1509 2839 1565 virtutis
2862 1508 3140 1579 particeps
3179 1506 3342 1561 homo
3371 1505 3464 1575 qui
3493 1504 3566 1560 ab

1971 1603 2130 1658 initio
2162 1604 2229 1658 ad
2260 1604 2373 1659 duo
2402 1616 2710 1673 suspensus
2737 1608 2793 1653 et
2813 1615 3022 1671 pronus
3053 1605 3272 1653 creatus
3298 1605 3384 1654 est
3408 1616 3421 1652 :
3453 1612 3573 1650 me-

1972 1692 2099 1749 dius
2130 1693 2276 1748 inter
2290 1693 2513 1748 virtutis
2532 1693 2700 1746 vitam
2717 1698 2772 1746 et
2802 1688 3011 1760 peccati
3034 1697 3292 1753 mortem,
3325 1697 3380 1744 et
3399 1686 3567 1743 subli-

1973 1799 2115 1838 mem
2149 1782 2445 1838 terminum
2480 1782 2694 1837 habens
2718 1779 2847 1834 vita:
2870 1779 3076 1833 virtute
3104 1778 3358 1849 insignis,
3390 1776 3563 1831 lilium

1974 1871 2069 1929 Dei
2112 1875 2334 1929 realiter
2375 1873 2521 1938 fieri,
2568 1886 2943 1927 aerumnosum
2992 1884 3122 1926 vero
3165 1879 3221 1925 et
3270 1871 3564 1924 molestum

1970 1964 2131 2021 valde
2156 1966 2201 2021 si
2234 1966 2317 2021 vel
2344 1965 2632 2020 minimum
2672 1963 2899 2018 malitiae
2928 1971 3117 2033 portas
3158 1960 3388 2032 aperiat.
3426 1959 3562 2016 Illud

1972 2060 2117 2114 enim
2144 2058 2419 2128 bravium,
2443 2058 2799 2129 intelligentia
2830 2071 2958 2111 cum
2987 2056 3187 2115 virtute
3217 2056 3435 2110 vivente
3473 2069 3562 2108 me

1973 2150 2044 2206 ab
2073 2151 2359 2207 Altissimo
2401 2158 2606 2206 manet.
2667 2167 2684 2201 I
2715 2146 2823 2204 Iste
2864 2155 2949 2203 est
2998 2147 3261 2217 Optimus.
3297 2167 3317 2199 ι
3351 2154 3406 2202 et
3442 2160 3558 2217 seq.

1972 2242 2226 2315 Optimus
2274 2245 2383 2307 ille,
2434 2244 2526 2300 ille
2553 2245 2776 2299 virtutis
2802 2243 3076 2313 perfectus
3127 2242 3328 2304 cultor,
3380 2241 3474 2309 qui
3506 2241 3562 2294 in

1971 2343 2171 2390 natura
2204 2349 2465 2405 perversa
2489 2342 2545 2389 et
2574 2335 2717 2388 mala
2760 2335 2906 2390 levia
2937 2334 3189 2405 quaedam
3230 2332 3451 2387 ntalitia:
3471 2347 3564 2387 ve-

1972 2426 2133 2496 stigia
2162 2424 2434 2492 praebens,
2467 2423 2681 2479 fervido
2725 2423 2996 2479 Altissimi
3041 2437 3232 2477 amore
3260 2421 3327 2477 ad
3358 2423 3563 2476 coelum

1972 2516 2169 2581 tendit,
2198 2514 2574 2570 indesinenter
2599 2514 2768 2579 volat,
2795 2522 2920 2584 post
2943 2522 3156 2584 tergum
3187 2522 3367 2567 autem
3400 2512 3561 2566 mali-

1971 2606 2107 2661 tiam
2146 2606 2328 2675 rejicit
2363 2614 2418 2660 et
2468 2604 2656 2675 fugat;
2684 2605 3148 2676 quemadmodum
3182 2619 3413 2658 currens
3458 2600 3562 2656 ﬂu—

1972 2713 2097 2752 men
2148 2699 2318 2752 alium
2370 2705 2674 2753 torrentem
2734 2697 3017 2768 fragosum
3055 2704 3112 2752 et
3162 2698 3562 2750 tumultuosum

1972 2790 2230 2860 propellit
2263 2799 2319 2845 et
2348 2790 2530 2859 rejicit
2555 2807 2570 2854 ;
2600 2797 2656 2845 et
2686 2790 2733 2845 si
2772 2789 2904 2861 quid
2926 2788 3057 2843 mali
3080 2785 3562 2849 intermisceretur,

1972 2880 2122 2936 velut
2151 2898 2274 2936 cum
2304 2897 2503 2952 purum
2540 2881 2743 2938 fiumen
2780 2897 2877 2953 per
2899 2880 3106 2939 turbidi
3129 2880 3360 2934 alterius
3389 2894 3563 2957 aquas

1973 2974 2177 3043 trajicit
2205 2973 2460 3044 limpitlas
2499 2976 2584 3029 sui
2611 2975 2786 3046 ipsius
2817 2975 3015 3037 undas,
3055 2982 3186 3027 tunc
3214 2972 3359 3041 quod
3392 2971 3563 3025 limo-

1972 3082 2093 3122 sum
2125 3073 2245 3121 erat
2274 3074 2639 3137 expurgatur,
2666 3074 2721 3120 et
2769 3067 2971 3120 revelat
3017 3066 3169 3135 prius
3197 3064 3414 3134 ignotas
3444 3064 3565 3117 ani-

1978 3171 2081 3210 mae
2129 3156 2344 3212 sordes.
2383 3155 2638 3211 Hominis
2697 3154 2990 3225 compositi
3046 3156 3161 3210 haec
3210 3154 3384 3209 virtus
3433 3169 3562 3224 per-

1975 3250 2120 3301 tecta
2147 3248 2515 3318 intelligatur;
2552 3249 2669 3315 ipse
2700 3256 2881 3301 autem
2914 3247 3089 3316 magis
3136 3247 3191 3300 in
3237 3247 3557 3301 cmlestibus

1976 3340 2265 3411 spiritibus
2288 3340 2543 3395 confidat.
2573 3339 2631 3395 Si
2663 3341 2789 3409 quis
2826 3350 3007 3393 autem
3043 3338 3133 3394 hic
3164 3353 3292 3393 cum
3317 3338 3559 3393 homini-

1975 3436 2081 3490 bus
2121 3435 2315 3490 vivens
2370 3435 2537 3491 Deum
2583 3435 2773 3490 videre
2830 3434 3095 3506 dignatus
3143 3433 3349 3501 fuerit,
3409 3436 3561 3493 velut

1976 3525 2195 3601 Moyses
2228 3537 2284 3583 et
2308 3526 2478 3582 Isaias
2501 3568 2517 3594 ,
2549 3529 2665 3582 sive
2692 3527 2745 3580 in
2779 3541 2947 3581 carne
2984 3527 3136 3599 gravi
3170 3527 3344 3584 levior
3382 3529 3560 3586 factus

1978 3621 2034 3676 in
2068 3621 2269 3676 malum
2321 3621 2389 3675 ad
2436 3617 2605 3674 Deum
2639 3620 2815 3675 instar
2845 3619 3033 3675 Enocli
3073 3629 3129 3676 et
3158 3618 3286 3675 Elia:
3310 3624 3564 3679 avolave-

1977 3715 2071 3780 rit,
2113 3714 2285 3785 gloria
2321 3720 2378 3767 et
2411 3714 2589 3768 honor
2621 3711 2731 3768 Deo
2761 3712 2901 3779 soli,
2934 3712 3189 3770 homines
3225 3724 3405 3769 autem
3444 3733 3565 3772 mo-

1981 3807 2161 3861 destia
2190 3807 2245 3859 in
2272 3805 2475 3859 virtute
2494 3813 2550 3859 et
2578 3805 2815 3859 elatione
2849 3804 3087 3859 maxime
3118 3806 3340 3876 expedit
3373 3822 3563 3877 super-

1977 3896 2195 3959 vestiri,
2223 3895 2387 3965 idque
2425 3895 2671 3949 salutare
2697 3903 2939 3950 constat.

284 3999 370 4034 κει
397 3981 530 4052 πρὸς
572 3981 733 4045 Θεὸν,
760 3982 836 4046 ὡς
879 3981 1049 4054 Ἑνώχ
1076 4000 1137 4035 τε
1164 3983 1325 4046 αὐτὸς
1353 3983 1447 4036 καὶ
1479 3983 1663 4047 Ἠλίας
1695 3985 1827 4057 (52),
1863 3984 2020 4039 τοῦτο
2051 3981 2180 4047 δόξα
2203 3979 2342 4033 Θεοῦ
2372 3979 2467 4032 καὶ
2487 3980 2622 4049 τιμὴ
2647 3977 2878 4049 δηλαδή·
2901 3976 3100 4049 μέτρον
3129 3976 3187 4031 δὲ
3207 3978 3320 4041 τοῖς
3354 3972 3562 4047 ἀνθρώ-

284 4091 410 4135 ποις
439 4077 538 4145 τῆς
574 4074 771 4146 ἀρετῆς
805 4076 898 4129 καὶ
941 4076 1041 4146 τῆς
1075 4076 1334 4146 ὑψώσεως
1364 4077 1806 4131 λυσιτελέστατον
1842 4074 2231 4148 ἐπιϐεϐλῆσθαι
2256 4074 2352 4128 καὶ
2379 4072 2742 4145 σωτηριῶδες.

286 4188 358 4241 85
372 4186 616 4258 Ειδᾶγε
628 4202 715 4240 τοι
726 4185 828 4258 καὶ
841 4187 1056 4240 τοῦτον
1065 4187 1181 4256 ἐγὼ
1192 4189 1380 4258 λόγον
1398 4188 1469 4241 ἐν
1486 4187 1663 4257 φρεσὶ
1680 4187 1868 4254 θήσω,

289 4258 361 4314 86
379 4256 505 4324 Πῶς
541 4274 648 4311 κεν
677 4256 787 4326 τῆς
813 4258 1081 4328 μεγάλης
1108 4256 1330 4326 ἀρετῆς
1363 4258 1471 4401 ἐπὶ
1495 4258 1717 4312 τέλσον
1744 4259 1873 4380 ἔκη-

1472 4347 1561 4395 αι,
1593 4346 1646 4382 κ.
1670 4345 1722 4383 τ.
1784 4369 1799 4383 .

1472 4347 1561 4395 αι,
1593 4346 1646 4382 κ.
1670 4345 1722 4383 τ.
1751 4345 1799 4383 Α.

360 4434 481 4493 Εἶεν
507 4439 570 4510 δὴ
613 4435 707 4492 οῦν
744 4439 839 4493 καί¹
896 4438 1084 4492 τοῦτον
1138 4438 1251 4509 ἐγὼ
1290 4439 1382 4493 τὸν
1420 4439 1575 4509 λόγον
1611 4442 1732 4504 ταῖς
1756 4441 1877 4503 σαῖς

286 4530 669 4601 παραθήσομαι
703 4531 916 4601 φρεσὶν,
955 4533 988 4603 ὴ
1025 4530 1274 4601 θεολόγος
1304 4530 1552 4596 σαλπίζει
1582 4534 1755 4603 φωνή.
1779 4532 1876 4595 Τίς

282 4620 345 4675 δὲ
370 4624 398 4675 6
425 4620 609 4690 λόγος,
636 4621 760 4684 Πῶς
788 4619 854 4676 ἂν
888 4625 966 4687 είς
997 4623 1310 4695 τελειότητα
1333 4625 1435 4697 τῆς
1475 4624 1716 4696 μεγάλης
1744 4624 1874 4694 ἀφί-

283 4733 404 4770 κοιο
459 4718 682 4788 ἀρετῆς,
719 4718 842 4789 ἥτις
885 4719 1018 4790 μόνη
1054 4719 1270 4790 καθαρὰ
1302 4718 1463 4774 θυσία
1491 4719 1570 4788 τῷ
1601 4720 1745 4791 μόνῳ
1777 4720 1877 4788 τὴν

277 4807 450 4876 φύσιν
505 4808 740 4878 ὑπάρχει
788 4807 1038 4880 καθαρῷ.
1084 4810 1200 4862 Οὐκ
1231 4804 1384 4880 οἶμαι
1433 4808 1511 4873 δὲ,
1553 4808 1879 4877 φησὶ,κατὰ

273 4899 379 4951 τὸν
411 4899 654 4969 παρόντα
679 4898 789 4969 βίον
809 4899 902 4953 τοῦ
925 4901 1229 4972 ἀκροτάτου
1243 4899 1680 4972 καταδράξασθαι
1691 4900 1880 4962 τέλους

278 4990 458 5062 αὐτῆς
477 5006 491 5019 ·
526 4989 691 5054 πολὺς
715 4992 824 5063 γὰρ
845 4994 874 5045 6
891 4991 1119 5055 καπνὸς,
1154 4993 1321 5055 πολὺς
1352 4994 1381 5044 6
1408 4991 1569 5059 ζόφος
1600 4991 1628 5043 6
1647 4990 1755 5043 ἀπὸ
1779 4989 1879 5060 τῆς

279 5083 375 5136 τοῦ
405 5081 656 5153 σώματος
696 5083 895 5154 ἀχλύος
946 5085 1057 5145 τοῖς
1090 5081 1332 5153 ὄμμασιν
1366 5081 1758 5151 ὲπικεχυμένος
1783 5078 1879 5132 τοῦ

287 5172 379 5226 νοῦ
402 5191 422 5247 ἰ
445 5175 728 5247 ἀγαπητὸν
766 5176 825 5229 δέ
857 5192 945 5246 μοι
977 5174 1106 5246 ἄρα,
1137 5175 1187 5227 εί
1217 5175 1309 5226 καὶ
1338 5174 1476 5245 μετὰ
1499 5174 1596 5247 τὴν
1619 5174 1877 5230 λύσιντοῦ

292 5265 744 5338 ἐπιπροσθοῦντος
785 5268 978 5337 νέφους
1010 5267 1457 5338 άποσμηξαμένῳ
1497 5269 1567 5321 τὰ
1595 5269 1880 5342 δακρυὼδη

292 5359 437 5413 κακὰ
454 5362 629 5415 πάντα
665 5361 815 5425 ἐντὸς
840 5360 934 5414 τοῦ
966 5360 1103 5414 Θεοῦ
1137 5361 1354 5431 καὶτῆς
1392 5360 1716 5433 εἰλικρινοῦς
1746 5365 1878 5435 ἀρε-

292 5448 397 5518 τῆς
414 5452 841 5525 καταληφθῆναι.
861 5452 1024 5506 Ἀλλὰ
1041 5453 1122 5514 τίς
1139 5454 1172 5525 ἡ
1194 5453 1341 5507 αίτία
1364 5454 1463 5524 τῆς
1487 5454 1879 5526 κατορθώσεως

284 5541 496 5613 αὐτῆς
530 5543 649 5598 οὔτε
676 5545 783 5616 γὰρ
817 5545 981 5616 μόνου
1027 5544 1122 5597 τοῦ
1171 5545 1305 5598 Θεοῦ
1344 5546 1502 5600 τοῦτο
1525 5545 1696 5618 δῶρον
1712 5547 1894 5618 ὑπάρ-

279 5650 395 5708 χει.
443 5635 543 5707 τὴν
601 5636 798 5707 ἑαυτοῦ
846 5635 1203 5706 σεμνύνοντος
1252 5637 1438 5690 εἰκόνα
1465 5654 1478 5668 ο
1510 5642 1644 5693 πᾶσι
1673 5644 1782 5713 γάρ
1813 5641 1880 5695 ἂν

277 5725 431 5780 κατὰ
464 5726 629 5795 φύσιν
659 5726 966 5799 ἀνθρώποις
993 5727 1223 5806 ςπροσῆν,
1251 5727 1325 5792 ὡς
1346 5729 1407 5781 τὸ
1444 5729 1659 5799 λογικὸν
1699 5735 1792 5788 καὶ
1820 5734 1881 5787 τὸ

276 5816 504 5889 θνητόν,
531 5818 628 5871 καὶ
672 5817 838 5871 λύοιτ’
873 5817 938 5871 ἂν
974 5816 1150 5880 οὕτως
1192 5817 1254 5870 τὸ
1284 5818 1572 5884 αὖτοθελὲς
1615 5823 1706 5876 καὶ
1758 5825 1879 5878 αὐτ-

357 5932 468 6003 (51)
511 5931 650 5989 Cod.
690 5930 912 6003 κομιδή,
942 5936 997 5985 ct
1040 5928 1118 5985 sic
1150 5926 1291 5983 infra
1328 5945 1558 5997 semper.

1975 4189 2045 4245 85
2065 4190 2103 4242 Α
2116 4203 2176 4258 ge
2191 4201 2308 4258 vero
2324 4194 2374 4239 et
2390 4184 2529 4258 [tunc
2545 4200 2640 4251 ego
2672 4198 2963 4258 sermonem
2980 4192 3085 4258 tum
3101 4190 3237 4233 ment
3245 4178 3266 4232 ἕ
3277 4194 3556 4258 apponam.

1976 4260 2045 4315 86
2069 4251 2344 4325 Quomodo
2361 4254 2430 4308 ad
2454 4269 2674 4308 summa:
2697 4253 2907 4307 virtutis
2930 4251 3134 4305 culmen
3150 4252 3419 4322 pervenias
3436 4265 3572 4316 ,etc.

2050 4438 2292 4512 Agedum
2325 4446 2381 4493 et
2413 4437 2558 4492 hunc
2587 4450 2893 4492 sermonem
2915 4433 3188 4489 mentibus
3223 4432 3332 4487 tuis
3361 4446 3575 4502 propo--

1981 4545 2132 4594 nam,
2172 4528 2432 4585 buccinat
2462 4524 2769 4596 theologica
2804 4538 2950 4578 vox:
2987 4526 3114 4593 quis
3147 4524 3370 4578 sermo?
3417 4523 3564 4588 Quo—

1982 4621 2148 4677 modo
2194 4620 2261 4675 ad
2302 4617 2696 4690 perfectionem
2734 4629 2944 4685 magna:
2991 4615 3278 4686 pervenies
3324 4613 3562 4674 virtutis.

1980 4729 2102 4783 quae
2133 4712 2250 4769 sola
2287 4712 2495 4766 oblatio
2532 4710 2756 4773 munda,
2808 4709 2909 4765 soli
2940 4723 3080 4779 puro
3110 4724 3176 4763 ex
3224 4717 3420 4762 natura
3465 4722 3565 4762 sua

1981 4816 2114 4862 stat.
2178 4804 2300 4859 Non
2347 4804 2623 4867 arbitror,
2672 4802 2886 4872 inquit,
2942 4816 3029 4856 me
3080 4799 3568 4871 comprehendisse

1980 4899 2157 4972 ipsius
2203 4912 2516 4962 summum,
2563 4895 2810 4967 quandiu
2860 4896 2916 4950 in
2958 4897 3213 4965 prazsenti
3254 4909 3374 4949 sum
3409 4896 3560 4957 vita;

1980 4990 2351 5048 nam'multus
2381 4989 2586 5051 fumus,
2619 4990 2858 5044 tenebrae
2879 4990 3086 5053 multae,
3112 5002 3236 5059 quae
3258 5003 3290 5042 e
3313 4987 3570 5057 corporis

1980 5084 2201 5141 nebulis
2231 5082 2605 5138 extenduntur
2642 5081 2837 5136 oculos
2887 5081 3090 5136 mentis
3136 5079 3568 5148 circumsepien-

1980 5185 2097 5246 tes;
2135 5178 2342 5232 bonum
2374 5176 2420 5231 si
2468 5182 2758 5246 postquam
2787 5173 3073 5229 evanuerit
3120 5172 3320 5228 nebula
3366 5170 3569 5242 offusa,

1982 5269 2237 5341 lugendis
2276 5283 2308 5322 a
2338 5269 2498 5323 malis
2527 5266 2786 5321 omnibus
2829 5265 3085 5336 expedito
3114 5266 3247 5319 mihi
3280 5265 3565 5333 contingat

1981 5363 2038 5417 in
2065 5360 2236 5417 Deum
2266 5369 2316 5417 et
2347 5361 2403 5416 in
2439 5359 2728 5431 probatam
2760 5359 3024 5413 virtutem
3058 5356 3267 5412 induci.
3304 5355 3410 5411 Sed
3445 5370 3570 5427 quae

1981 5455 2051 5511 ad
2077 5455 2337 5510 virtutem
2373 5449 2696 5507 directionis
2722 5448 2929 5505 causa?
2956 5463 3064 5502 non
3099 5448 3245 5502 enim
3275 5449 3446 5503 solius
3471 5447 3565 5502 Dei

1981 5548 2188 5603 donum
2221 5555 2306 5602 est
2333 5542 2840 5617 ipsius'imaginem
2870 5542 3271 5612 glorilicantis:
3308 5539 3567 5595 omnibus

1984 5637 2287 5693 secundum
2323 5645 2578 5690 naturam
2620 5634 2934 5690 hominibus
2971 5633 3179 5698 aderat,
3211 5632 3359 5687 sicut
3387 5638 3442 5686 et
3477 5646 3567 5685 ra-

1985 5732 2151 5785 tionis
2192 5729 2424 5783 facultas
2465 5735 2522 5782 et
2576 5729 2740 5782 morti
2775 5725 3134 5791 obnoxietas;
3187 5721 3569 5778 destrueretur

1985 5819 2090 5873 hoc
2109 5817 2276 5871 verbo
2298 5815 2665 5872 voluntarium
2694 5824 2746 5873 et
2779 5813 3009 5871 liberum
3035 5808 3361 5872 arbitrium;
3390 5826 3569 5881 neque

2058 5931 2171 6003 (5‘2)
2200 5931 2336 5989 Cod.
2388 5928 2595 5983 Ἡλίου.
