3980 6420
406 359 517 419 725

409 478 781 560 συμϐάλλεται
807 479 885 552 τῷ
922 482 1310 556 ἀγωνιζομένῳ
1329 484 1505 541 ὀὑτω
1515 488 1625 559 γὰρ
1647 490 1848 554 παντὸς
1860 492 2002 562 φαύ-

405 573 502 628 λου
558 572 885 643 πράγματος
930 568 1223 644 ἀφέξεται·
1269 577 1390 632 λίαν
1419 579 1477 633 δὲ
1533 580 1875 653 βλεμεαίνειν
1909 586 2004 639 καὶ

405 671 546 738 πρὸς
594 665 694 736 τὴν
745 664 840 719 τοῦ
869 666 1002 720 Θεοῦ
1035 668 1269 740 θεωρίαν
1301 671 1614 739 ἁνευλαϐῶς
1649 677 2001 748 ἐξεστηκὼαι

404 759 504 813 οὑκ
533 758 793 828 ἀσφαλές.
829 759 941 812 Καὶ
982 759 1089 833 γάρ
1125 761 1285 826 τοῦτο
1326 764 1588 833 ὑψοῦντος
1631 770 1823 822 ἑαυτόν
1853 772 2001 825 ἐστιν

404 854 482 919 ὡς
515 853 806 922 ἡγγικότος
834 853 954 925 Θεῷ
978 870 991 884 ·
1020 854 1082 920 ἐξ
1130 849 1191 911 οὗ
1242 858 1338 912 καὶ
1382 861 1463 923 είς
1492 861 1735 933 αἱρέσεις
1763 864 2000 928 ἀτόπους

403 945 507 998 οὑκ
537 944 709 1013 ὀλίγοι
739 944 1144 1016 ἐξετράπησαν,
1176 948 1260 1002 ὅτι
1304 950 1725 1025 ὑψηλοφροσύνη
1772 956 1999 1028 πτώμα-

403 1054 498 1101 τος
528 1036 711 1091 αἰτίαο
746 1037 938 1110 ὥσπερ
969 1044 1066 1093 καὶ
1116 1041 1273 1105 ἐλπὶς
1318 1045 1457 1113 μετὰ
1496 1050 1999 1123 ταπεινοφροσύνης

403 1128 598 1200 ἀνυψοῖ
620 1146 632 1159 ·
668 1130 755 1182 ἀεὶ
785 1129 841 1182 δὲ
864 1133 989 1195 ταῖς
1015 1132 1284 1202 μεγάλαις
1315 1136 1719 1208 ὑπερηφανίαις
1745 1143 1999 1197 ἀντιτάσ-

408 1239 553 1275 σεται
587 1221 683 1275 καὶ
707 1221 986 1294 ὀργίζεται
1010 1226 1037 1278 ὀ
1070 1224 1294 1298 Κύριος.

545 1314 787 1384 Μιέρπτε
818 1315 884 1369 τὸ
901 1316 1039 1383 μὲν,
1066 1334 1121 1373 κ.
1154 1335 1204 1371 τ.
1244 1319 1325 1386 ἐξ.

481 1406 545 1458 Ὃ
571 1406 628 1458 δὲ
650 1406 738 1460 διὰ
766 1406 975 1461 τούτων
997 1408 1168 1479 δηλοῖ,
1191 1410 1338 1465 τοῦτ’
1359 1409 1499 1468 εἶναι
1526 1416 1812 1488 πείθομαι·
1833 1420 1996 1475 Ἀλλο

406 1495 506 1565 μὲν
530 1495 637 1549 τῶν
658 1495 819 1550 θείων
840 1501 1199 1570 χαρισμάτων
1226 1505 1320 1558 τοῦ
1340 1507 1478 1560 Πνεύ
1487 1526 1655 1578 ματος
1676 1513 1862 1583 κράτει
1879 1515 1991 1585 (54)

402 1588 560 1658 χερσὶ
609 1592 828 1661 νοηταῖς
869 1593 1391 1666 περιδρασσόμενος,
1423 1600 1550 1654 ἄλλο
1579 1601 1636 1655 δὲ
1676 1605 1992 1676 προσδοκῶν

400 1681 469 1750 τῇ
500 1679 673 1733 ἐλπίδι
730 1682 999 1753 ταμιεύου
1020 1701 1034 1715 ·
1086 1685 1166 1755 τῷ
1193 1689 1470 1760 ἀνεφίκτῳ
1500 1692 1558 1746 δὲ
1604 1695 1698 1747 καὶ
1721 1696 1863 1767 ὑπὲρ
1890 1698 1990 1767 τὴν

403 1768 501 1840 σὴν
523 1770 679 1834 ἀξίαν
711 1770 983 1843 ὑποχώρει
1014 1774 1442 1847 εὐλαϐούμενος·
1461 1780 1621 1835 τοῦτο
1648 1783 1758 1855 γάρ
1774 1784 1990 1857 σώφρο-

401 1878 492 1924 νος
539 1859 639 1913 νοῦ
684 1863 778 1916 καὶ
819 1867 1154 1936 φρονήσεως,
1201 1869 1301 1939 τῆς
1347 1871 1484 1936 ιδίας
1519 1872 1758 1943 βιώσεως
1810 1877 1990 1944 ἐξεπί-

407 1948 637 2003 στασθαι
687 1953 755 2005 τὰ
815 1954 1010 2025 μέτρα.
1059 1958 1171 2010 Καὶ
1219 1959 1327 2031 γάρ
1382 1962 1714 2025 ἴσονκακόν
1753 1967 1989 2023 ἐστικαὶ

406 2041 610 2111 ὁμοίως
666 2044 1001 2102 ἐπικίνδυνον
1057 2049 1383 2117 ἀπελπίζειν
1411 2070 1472 2108 τε
1503 2053 1570 2108 τὰ
1615 2056 1796 2125 ἁγαθά
1825 2060 1986 2126 (ἀπό-

408 2149 605 2199 γνωσις
638 2136 795 2190 τοῦτο
820 2139 977 2211 γὰρ),
1011 2142 1106 2195 καὶ
1134 2142 1357 2215 θαρῥεῖν
1381 2148 1680 2218 περισσῶς,
1720 2150 1796 2214 ὡς
1824 2152 1988 2206 εὐπε-

402 2225 492 2288 τὲς
518 2225 737 2297 ἄριστον
801 2226 942 2286 εἶναι
989 2234 1087 2287 καὶ
1142 2235 1350 2291 τέλειον
1382 2238 1576 2311 (θρασὺ
1607 2242 1737 2314 γάρ)
1764 2260 1777 2273 ·
1809 2246 1988 2316 ἀμφο-

398 2316 570 2388 τέρως
618 2319 674 2374 δὲ
742 2321 836 2375 τοῦ
894 2324 1062 2379 καλοῦ
1099 2326 1504 2401 διαμαρτάνων,
1551 2333 1645 2387 τοῦ
1684 2335 1857 2390 κακοῦ
1886 2339 1986 2409 τὴν

398 2410 602 2482 ἴδρυσιν
636 2412 970 2483 βεϐαιώσαις
995 2420 1246 2491 σεαυτῷ.,

534 2504 667 2558 ΑίεΙ
685 2520 787 2559 σοι
809 2505 876 2560 τὸ
903 2507 1230 2579 βέλεμνον,
1267 2530 1322 2567 κ.
1345 2532 1395 2567 τ.
1430 2514 1509 2580 ἐξ.

472 2595 534 2650 '0
593 2596 828 2669 δόκιμος
872 2600 1098 2672 τοξότης
1129 2606 1270 2659 κατὰ
1319 2608 1520 2662 σκοπὸν
1564 2610 1650 2663 ἀεὶ
1685 2609 1897 2680 βάλλειν
1923 2614 1985 2667 τὸ

400 2684 547 2777 βέλος
571 2690 937 2757 ἀγωνίζεται·
975 2693 1237 2761 ὡσαύτως
1264 2700 1357 2752 καὶ
1388 2699 1464 2771 τῷ
1494 2702 1770 2775 ἀγωνιστῇ
1806 2722 1982 2777 11:906--

397 2776 519 2846 ήκει
571 2780 850 2852 εὐστόχως
906 2785 994 2838 ἀεὶ
1035 2788 1130 2839 τὸν
1168 2788 1366 2860 εὐσεϐῆ
1398 2790 1656 2863 λογισμὸν
1683 2797 1751 2866 τῇ
1785 2776 1983 2867 πράξει

395 2870 745 2926 κατευθύνειν
792 2875 894 2945 τῆς
933 2878 1158 2949 ἀρετῆς,
1207 2880 1284 2944 ὡς
1325 2881 1454 2953 μήθ’
1484 2883 1848 2955 ὑπερϐάλλειν
1878 2889 1983 2959 τῆς

395 2965 770 3037 σωτηριὼδους
829 2969 1052 3040 ἐντολῆς
1085 2972 1382 3040 (κενόδοξον
1417 2975 1571 3048 γὰρ).
1614 2979 1741 3049 μήτ’
1773 2976 1868 3034 οὖν
1891 2986 1980 3039 ἐλ-

393 3053 566 3121 λιπῶς
590 3058 917 3130 ἐργάζεσθαι
958 3064 1172 3118 δοκεῖν
1206 3065 1449 3137 ῥᾴθυμον
1497 3068 1628 3140 γάρ.
1670 3071 1977 3145 Ὑπερϐολὴ

396 3146 510 3217 γὰρ
531 3152 627 3203 καὶ
656 3149 890 3224 ῑλλειψις
917 3156 1121 3210 ἐπίπαν
1143 3157 1417 3223 ἀπευκτὰ,
1441 3161 1578 3233 πρὸς
1597 3163 1979 3237 ἀσυμμετρίαν

1432 367 1500 422 IN
1538 368 1845 427 CARMINA
1892 374 2175 431 ARCANA
2218 376 2276 432 S.
2310 376 2664 434 GREGORII.

3579 383 3687 442 7‘26

2108 508 2209 564 pro
2239 494 2541 557 militante;
2578 494 2662 549 sic
2694 494 2841 549 enim
2887 495 2956 549 ab
2991 496 3142 549 omni
3173 497 3594 569 opereindigno
3628 517 3688 557 se

2105 588 2424 643 abstinebit.
2454 587 2685 643 Multum
2709 587 2899 644 extolli
2926 596 2979 642 et
3001 589 3065 641 in'
3079 587 3173 642 Dei
3204 590 3455 644 notitiam
3478 592 3689 662 absque

2104 682 2411 736 reverentia
2445 688 2734 751 penetrare
2760 722 2774 746 ,
2822 696 2931 734 non
2980 688 3190 745 totum;
3229 690 3316 736 est
3356 683 3517 736 enim
3551 684 3686 738 illud

2103 773 2476 844 superbientis
2504 774 2560 828 in
2595 774 2910 828 accedendo
2943 773 3008 827 ad
3046 772 3252 840 Deum;
3302 774 3429 829 inde
3473 777 3530 830 in
3575 776 3690 831 has-

2102 880 2253 921 reses
2285 866 2512 921 insanas
2554 881 2665 921 non
2698 866 2855 937 pauci
2881 874 3229 932 erraverunt,
3259 868 3390 937 quia
3430 869 3689 937 superbia

2100 973 2266 1014 casus
2294 974 2487 1024 causa,
2523 960 2668 1016 sicut
2700 968 2755 1014 et
2791 975 2918 1030 spes
2946 976 3070 1015 cum
3109 961 3421 1017 humilitate
3446 963 3685 1017 exaltat:

2101 1067 2320 1121 semper
2364 1060 2417 1109 et
2458 1053 2655 1107 audaci
2689 1053 2959 1123 superbia:
3002 1054 3303 1125 apponitur
3332 1063 3396 1107 et'
3424 1057 3691 1113 irascitur

2100 1145 2387 1199 Dominus.
2428 1165 2447 1197 ‹
2484 1144 2601 1200 Hoc
2634 1162 2790 1217 cape,
2818 1165 2838 1198 ι
2878 1152 2933 1201 et
2955 1163 3072 1214 seq.
3114 1146 3270 1213 Quod
3304 1148 3390 1203 his
3423 1147 3686 1211 ostendit,

2098 1238 2179 1292 sie
2217 1238 2414 1307 Opinor
2450 1234 2639 1292 :Aliud
2673 1239 2985 1293 divinorum
3013 1236 3257 1308 S‘piritus
3287 1240 3697 1293 charismatum

2096 1346 2234 1400 cape
2273 1331 2527 1385 manibus
2562 1330 3032 1385 intellectualibus
3055 1332 3353 1401 arripiens,
3394 1332 3540 1384 aliud
3588 1348 3687 1395 ex-

2096 1430 2353 1492 spectans
2397 1423 2452 1477 in
2500 1437 2654 1491 spem
2688 1422 2784 1476 tibi
2819 1437 3017 1491 ponas,
3046 1422 3229 1491 quoad
3275 1422 3685 1479 inaccessibilia

2095 1527 2150 1569 et
2182 1515 2436 1569 meritum
2467 1524 2619 1569 tuum
2653 1515 2991 1584 superantia,
3025 1516 3113 1584 pie
3133 1515 3379 1570 sentiens
3405 1515 3521 1570 hate
3549 1515 3686 1571 mis-

2096 1623 2155 1663 sa
2190 1607 2307 1673 fac;
2362 1606 2632 1676 sapientis
2665 1608 2811 1661 enim
2860 1613 2947 1661 est
3008 1607 3210 1661 mentis
3263 1615 3319 1662 et
3379 1605 3696 1678 prudentia:-

2101 1698 2407 1769 appretiate
2436 1712 2602 1753 nosse
2631 1697 2869 1768 propria:
2895 1698 3022 1752 vitae
3050 1696 3380 1753 mediocrem
3408 1697 3685 1768 pondera-

2093 1793 2326 1848 tionem.
2352 1790 2565 1846 Etenim
2589 1791 2770 1846 simile
2793 1791 3000 1845 malum
3023 1798 3078 1845 et
3099 1790 3403 1860 periculum
3426 1805 3525 1861 par
3542 1791 3693 1845 inest

2088 1886 2142 1939 in
2166 1884 2512 1955 desperando
2531 1884 2599 1939 de
2626 1884 2811 1948 bonis,
2846 1885 3050 1954 quippe
3084 1882 3232 1952 quod
3258 1897 3459 1952 exspes
3497 1889 3606 1944 est,
3631 1891 3686 1936 et

2087 1978 2143 2031 in
2178 1977 2444 2031 audacter
2469 1974 2815 2040 confidendo,
2844 1974 3003 2044 quasi
3040 1973 3209 2029 facile
3235 1982 3385 2030 esset
3414 1974 3684 2044 optimum

2089 2070 2206 2125 ﬁeri
2235 2078 2288 2125 et
2317 2067 2649 2140 perfectum,
2684 2066 2830 2139 quod
2873 2067 3226 2122 temerarium
3266 2073 3384 2122 est:
3420 2067 3684 2137 utrinque

2088 2163 2248 2231 longe
2280 2175 2307 2214 a
2347 2161 2494 2215 bono
2531 2167 2809 2215 errantem
2856 2160 2911 2213 in
2954 2165 3007 2214 te
3040 2157 3408 2213 invalesceret
3447 2158 3676 2219 malum.

2094 2273 2111 2306 ι
2147 2252 2375 2323 Semper
2400 2251 2498 2306 tihi
2533 2251 2755 2321 sagitta,
2791 2269 2808 2300 ι
2837 2257 2891 2305 et
2921 2266 3037 2321 seq.
3067 2249 3342 2304 Probatus
3360 2249 3682 2318 sagittarius

2088 2343 2143 2396 in
2174 2342 2391 2411 signum
2411 2332 2628 2409 semper
2660 2339 2919 2408 sagittam
2942 2339 3195 2393 emittere
3221 2344 3459 2392 conatur
3485 2355 3498 2391 :
3527 2337 3684 2391 simi-

2088 2431 2217 2488 liter
2247 2430 2381 2485 etin
2410 2428 2796 2500 spiritualibus
2831 2429 3123 2484 militantis
3145 2427 3316 2482 refert
3344 2440 3622 2496 nunquam
3650 2441 3682 2479 a

2092 2523 2377 2594 proposito
2408 2521 2775 2576 declinantem
2808 2534 3025 2590 semper
3056 2521 3177 2590 pias
3208 2516 3573 2587 cogitationes
3612 2514 3689 2569 ad

2088 2614 2313 2670 virtutis
2340 2613 2555 2684 praxim
2582 2612 2870 2678 reducere,
2904 2612 2978 2666 ita
3016 2620 3075 2666 ut
3106 2619 3380 2682 praecepta
3411 2608 3679 2664 salutaria

2086 2722 2199 2761 non
2241 2707 2480 2762 elatione
2514 2704 2776 2766 excedas,
2814 2718 3012 2758 vanam
3073 2702 3222 2757 enim
3282 2701 3515 2771 gloriam
3551 2698 3681 2754 atl‘e-

2085 2806 2291 2863 ctares,
2319 2810 2499 2865 neque
2520 2793 2775 2849 acediose
2806 2792 3022 2862 operari
3049 2793 3274 2863 probes,
3298 2794 3515 2862 pigrum
3532 2789 3688 2844 enim

2084 2899 2234 2945 esset
2269 2904 2282 2939 :
2328 2886 2723 2956 exsuperantia
2764 2892 2820 2939 et
2866 2884 3054 2939 acedia
3100 2885 3327 2938 omnino
3367 2884 3589 2937 vitanda
3623 2883 3681 2936 in

2090 2976 2568 3033 immoderantiam
2597 2976 2820 3040 abeunt,
2845 2974 3118 3045 siquidem
3145 2976 3228 3030 vel
3262 2990 3428 3045 supra
3459 2975 3687 3043 signum

2089 3071 2285 3142 sagitta
2327 3070 2411 3124 vel
2452 3068 2595 3123 infra
2624 3068 2808 3133 cadat,
2844 3068 3051 3137 pariter
3082 3076 3232 3123 errat
3273 3067 3600 3138 sagittarius
3648 3082 3680 3120 a

2087 3163 2271 3217 debito
2307 3162 2458 3215 loco:
2484 3161 2557 3214 ita
2580 3171 2666 3215 est
2691 3159 2759 3213 dc
2790 3159 3263 3220 consideratione.
3289 3160 3361 3212 ita
3394 3159 3462 3213 de
3491 3158 3670 3228 praxi.

400 3239 819 3298 διεκπίπτοντα·
865 3245 1049 3321 ὥσπερ
1103 3252 1196 3304 καὶ
1242 3252 1306 3305 τὸ
1350 3253 1523 3324 βέλος,
1572 3255 1727 3326 ἢτὸν
1768 3258 1970 3313 σκοπὸν
2000 3257 2318 3327 ὑπερτεῖνον
2344 3253 2456 3321 (55)
2482 3253 2576 3307 τοῦ
2624 3252 2958 3318 τοξεύοντος,
2996 3250 3029 3322 ἢ
3066 3250 3217 3316 ἐντὸς
3256 3251 3422 3304 αὑτοῦ
3456 3251 3676 3316 πίπτον,

401 3333 601 3403 ὁμοίως
631 3335 724 3389 τοῦ
742 3335 948 3402 δέοντος
969 3339 1328 3413 διαμαρτάνει
1346 3360 1360 3374 ’
1391 3342 1533 3399 οὕτω
1552 3346 1694 3401 κατά
1715 3346 1971 3421 θεωρίαν,
1997 3347 2140 3402 οὑτω
2172 3345 2315 3400 κατά
2343 3344 2563 3418 πρᾶξιν.

401 3424 504 3479 126
531 3425 643 3480 Ἦν
655 3434 1284 3507 μεγαλοφρονέῃςβθ),
1301 3437 1721 3581 ωμῖῗῖὲόθεν
1745 3441 1811 3507 ἐς
1832 3441 1982 3524 ,βίον

1458 3530 1477 3563 7
1573 3527 1658 3577 ες,
1695 3528 1749 3564 κ.
1782 3529 1833 3565 τ.
1857 3529 1905 3567 Α.

1458 3527 1658 3577 ηνιυες,
1695 3528 1749 3564 κ.
1782 3529 1833 3565 τ.
1857 3529 1905 3567 Α.

474 3594 691 3667 Ἐπειδὴ
716 3594 858 3665 μέγα
880 3613 934 3649 τι
962 3596 1146 3667 κτῆμα
1175 3598 1271 3650 καὶ
1311 3600 1490 3670 τίμιον
1520 3604 1549 3656 ό
1576 3602 1865 3674 ἄνθρωπος
1893 3603 1982 3658 διά

389 3685 490 3759 τὴν
513 3688 697 3742 εἰκόνα
716 3688 813 3743 καὶ
839 3689 938 3760 τὴν
959 3689 1180 3761 ἀρετὴν,
1232 3690 1458 3760 μάταιον
1489 3694 1545 3746 δὲ
1593 3696 1685 3748 καὶ
1708 3696 1862 3749 οὐδὲν
1892 3696 1980 3750 διὰ

392 3781 453 3832 τὸ
481 3780 644 3850 σῶμα
702 3780 795 3833 καὶ
827 3780 928 3852 τὴν
957 3782 1153 3836 κακίαν
1200 3788 1578 3856 μαρτυρεῖται,
1611 3787 1726 3854 ἐὰν,
1759 3791 1925 3860 φησὶν
1952 3792 1981 3844 ό

393 3870 602 3935 κλεινὸς
632 3872 788 3943 ἡμῶν
814 3874 950 3941 μετά
983 3874 1073 3927 τὸν
1101 3876 1335 3946 Χριστὸν
1370 3877 1707 3950 καθηγητὴς,
1738 3881 1839 3952 τῆς
1858 3883 1980 3953 γηΐ-

392 3980 491 4034 νης
523 3964 737 4032 φύσεως
797 3964 1188 4037 ἐπιλαθόμενος
1230 3970 1326 4021 καὶ
1360 3971 1613 4042 ῥευστῆς,
1640 3973 1980 4046 μεγαλοφρο-

392 4057 562 4128 νήσῃς
597 4056 687 4109 διά
744 4058 842 4128 τὴν
890 4058 1095 4122 εἰκόνα,
1131 4061 1242 4129 ἐγώ
1274 4079 1333 4115 σε
1373 4062 1474 4133 τῆς
1519 4064 1623 4134 γῆς
1651 4066 1974 4138 ὑπομνήσω,

395 4148 513 4202 ὅθεν
542 4148 816 4218 παρῆλθες
846 4152 901 4214 ἐς
934 4152 1026 4204 τὸν
1053 4152 1187 4223 βίον,
1220 4155 1316 4206 καὶ
1337 4154 1389 4207 τί
1423 4155 1523 4226 μὲν
1562 4156 1667 4226 πρὸ
1698 4157 1793 4210 τοῦ
1823 4158 1977 4228 γενέ-

399 4237 540 4304 σθαι,
568 4240 648 4293 ὅτι
679 4239 854 4302 οὐδὲν,
893 4240 946 4293 τί
996 4240 1053 4293 δὲ
1109 4236 1255 4312 ἦσθα
1287 4244 1402 4307 τοῖς
1435 4242 1708 4314 μητρῴοις
1757 4245 1979 4316 χωρίοις

398 4328 479 4382 ἔτι
515 4331 918 4403 ὲγγεννώμενος
939 4348 953 4361 '
992 4333 1149 4401 ῥύσις
1196 4333 1307 4407 γὰρ
1340 4336 1461 4388 κατ’
1488 4335 1668 4404 ὀλίγον
1694 4336 1774 4399 εἰς
1799 4336 1979 4409 σάρκα

393 4427 735 4497 πηγνυμένη.
779 4429 1109 4499 ’Υπομνήσω
1140 4430 1236 4484 καὶ
1272 4430 1325 4483 τί
1357 4430 1455 4502 ἔσῃ
1497 4432 1636 4503 μετά
1656 4432 1855 4488 ταῦτα·
1885 4435 1978 4488 κό-

392 4532 475 4577 νις
501 4515 611 4586 γὰρ
632 4516 847 4582 πάντως
874 4519 969 4572 καὶ
995 4517 1278 4590 σκώληκος
1301 4519 1539 4590 δαπάνη,
1565 4519 1673 4573 τῶν
1695 4520 1977 4575 ταλαιπω-

392 4609 635 4679 ροτάτων
672 4611 730 4665 ὲν
757 4614 971 4682 νεκροῖς
1004 4610 1165 4666 πλέον
1191 4611 1329 4683 ἔχων
1363 4612 1534 4667 οὐδέν.
1564 4612 1688 4666 Ἐὰν
1711 4613 1787 4677 δὲ,
1817 4615 1974 4686 φησὶ,

386 4702 452 4755 τὸ
481 4700 614 4771 ὕψος
660 4703 817 4770 ἀφεὶς
869 4705 1188 4777 περιαθρεῖν
1233 4706 1389 4779 (ὅπερ
1428 4707 1549 4777 οὐχὶ
1579 4706 1690 4768 σὺν,
1713 4706 1849 4760 ἀλλὰ
1874 4706 1970 4761 τοῦ

389 4793 642 4847 Πλάστου
682 4795 799 4848 ἐστὶ
831 4796 926 4849 τοῦ
976 4795 1129 4868 σοῦ),
1164 4797 1240 4860 ὡς
1284 4800 1470 4869 γήϊνος
1514 4795 1774 4867 πεφυκὼς
1817 4796 1971 4862 ἐξευ-

386 4885 624 4949 τελίςεις
646 4888 837 4941 σαυτὸν
870 4889 964 4941 καὶ
1017 4890 1318 4952 ταπεινοῖς,
1352 4888 1464 4957 ἐγώ
1505 4906 1565 4942 σε
1619 4888 1835 4961 ποίημα
1880 4890 1977 4945 ἀν-

384 4978 676 5049 αγορεύσω
729 4980 895 5034 Θεοῦ·
952 4980 1162 5034 ἐκεῖθεν
1212 4980 1450 5052 ὲπάγης,
1475 4982 1725 5053 οὐράνιος
1780 4982 1870 5037 διὰ
1913 4983 1976 5038 τὸ

388 5070 630 5141 πνεῦμα,
678 5071 890 5142 χθόνιος
931 5071 988 5124 δὲ
1019 5070 1107 5124 διά
1146 5070 1243 5141 τὴν
1271 5072 1481 5143 σάρκα*
1523 5071 1645 5137 θεὸς
1683 5074 1784 5128 οὑκ
1815 5073 1972 5129 ἀκτι-

394 5180 538 5226 στος,
568 5162 705 5216 ἀλλά
733 5163 986 5227 κτιστόςν
1023 5161 1188 5234 ἔργον
1221 5162 1552 5234 ἀείμνηστον
1588 5164 1683 5217 καὶ
1713 5163 1973 5235 ἀνεπίλη-

398 5268 535 5314 στον,
566 5257 679 5319 τοῖς
711 5253 805 5308 τοῦ
831 5253 1068 5327 Χριστοῦ
1106 5253 1333 5308 πάθεσιν
1360 5253 1851 5326 ἀφθαρτιζόμενον,
1877 5256 1973 5310 καὶ

394 5342 475 5404 είς
499 5342 651 5410 δόξαν
680 5343 898 5398 αἰώνιον
924 5341 1207 5397 καταντῶν
1237 5342 1331 5395 καὶ
1356 5340 1521 5413 ζωήν.

537 5434 795 5489 Τοῦνεκα
817 5434 903 5504 μὴ
929 5434 1230 5503 σάρκεσσι
1255 5433 1567 5504 χαρίζεο,κ.
1596 5451 1648 5488 τ.
1676 5432 1753 5501 ἐξ.

460 5524 714 5581 Τοιοῦτον
736 5544 964 5599 γεγεννη
975 5527 1417 5599 μένον,οὑράνιον
1446 5526 1563 5598 ἅμα
1586 5527 1680 5581 καὶ
1708 5525 1968 5595 ἐπίγειον,

377 5620 445 5673 οὑ
480 5618 743 5693 βούλομαί
777 5638 857 5685 σε,
894 5615 940 5674 ὧ
980 5619 1257 5691 ἄνθρωπε,
1298 5621 1479 5675 πάντα
1529 5618 1850 5692 χαρίζεσθαι
1902 5621 1970 5691 τῇ

382 5714 554 5789 σαρκί
577 5731 591 5745 ο
620 5713 684 5767 τὸ
715 5713 899 5769 πλεῖον
937 5714 992 5767 δὲ
1043 5713 1228 5784 νέμειν
1263 5713 1339 5777 ὡς
1387 5712 1657 5786 κρείττονι
1687 5711 1766 5784 τῷ
1814 5712 1974 5766 πνεύ-

460 5825 572 5895 (δυ
595 5823 730 5895 Cod.
767 5827 987 5895 κραταῖ.

458 5891 577 5967 (35)
605 5893 740 5952 Cod.
770 5891 1125 5971 ὑπερτείνων.

2087 3439 2191 3493 126
2219 3436 2281 3494 Si
2330 3438 2674 3509 superbieris,
2742 3438 2799 3491 in
2854 3436 3169 3509 memoriam
3206 3451 3400 3509 revoca!
3436 3436 3576 3489 unde
3617 3436 3672 3490 in

3008 3504 3197 3578 [vitam
3225 3507 3430 3561 veneris
3449 3547 3462 3569 ,
3496 3518 3605 3561 etc.

2153 3602 2289 3659 Cum
2332 3616 2529 3672 magna
2577 3600 2651 3656 sit
2676 3599 2953 3673 possessio
2989 3606 3047 3652 et
3069 3598 3253 3668 magni
3300 3598 3461 3669 pretii
3509 3599 3677 3653 homo

2082 3694 2263 3768 quoad
2285 3695 2577 3766 imaginem
2607 3693 2701 3749 Dei
2729 3699 2779 3749 et
2804 3694 3089 3758 virtutem,
3113 3692 3295 3761 quoad
3320 3706 3523 3761 corpus
3542 3707 3677 3747 vero

2081 3800 2137 3843 et
2175 3787 2444 3841 malitiam
2497 3786 2756 3840 insanum
2804 3784 3053 3853 nihilque
3098 3797 3222 3837 esse
3260 3783 3558 3853 probetur.
3605 3784 3692 3838 ob.

2081 3877 2376 3947 imaginem
2423 3874 2519 3929 Dei
2555 3875 2599 3929 si
2639 3874 2954 3944 superhias,
2997 3873 3178 3942 inquit
3208 3873 3446 3927 illustris
3484 3881 3687 3928 noster:

2080 3968 2137 4023 in
2179 3966 2407 4022 Christo
2446 3967 2845 4030 coneionator,
2893 3973 3127 4019 terrena:
3189 3976 3406 4020 naturae
3460 3965 3664 4021 imme-

2079 4073 2288 4114 morem
2304 4066 2359 4114 et
2378 4057 2599 4113 caduca:
2621 4064 2673 4112 te
2695 4056 2975 4111 recordari
2994 4055 3217 4123 faciam;
3248 4065 3453 4112 terram
3475 4057 3544 4113 de
3563 4074 3673 4128 qua

2077 4150 2307 4206 veniens
2338 4151 2392 4205 in
2424 4149 2592 4206 vitam
2627 4159 2881 4219 sumptus
2910 4164 2993 4212 es,
3025 4155 3080 4203 et
3114 4148 3245 4217 quid
3282 4157 3409 4205 ante
3437 4164 3671 4221 genera-

2079 4242 2285 4297 tionem
2331 4240 2515 4306 fuisti,
2569 4240 2675 4295 nisi
2716 4239 2986 4304 nihilum,
3034 4237 3169 4310 quid
3216 4239 3383 4295 etiam
3437 4256 3563 4296 eras
3611 4241 3667 4294 in

2080 4341 2255 4389 matre
2291 4341 2615 4403 conceptus,
2653 4332 2759 4386 vile
2785 4329 3064 4401 quoddam
3097 4331 3152 4384 in
3193 4345 3419 4385 carnem
3459 4346 3668 4401 coagu-

2079 4424 2274 4479 latum.
2323 4421 2620 4477 Reeordari
2667 4420 2868 4475 faciam
2914 4429 2970 4476 et
3021 4419 3155 4491 quid
3207 4421 3319 4476 eris
3357 4429 3485 4492 post
3529 4422 3677 4484 haec,

2079 4518 2260 4589 pulvis
2288 4523 2343 4571 et
2371 4517 2637 4573 vermium
2665 4528 2815 4581 esca,
2839 4513 2978 4569 nihil
3005 4512 3244 4584 amplius
3272 4514 3483 4570 habens
3503 4531 3671 4585 quam

2080 4620 2423 4666 mortuorum
2451 4611 2765 4666 miserrimi.
2796 4607 2855 4663 Si
2890 4608 3510 4679 praestantiam,inquit,
3536 4625 3672 4665 con-

2077 4702 2323 4758 siderare
2368 4701 2652 4765 desinens,
2701 4715 2823 4772 quae
2865 4707 2960 4754 tua
3006 4714 3118 4755 non
3155 4709 3261 4767 est,
3310 4702 3406 4756 sed
3441 4702 3668 4756 Creato-

2080 4792 2158 4847 ris
2179 4791 2258 4845 tui
2287 4806 2376 4846 res
2395 4799 2501 4856 est,
2528 4799 2582 4846 te
2611 4798 2891 4847 terrenum
2920 4796 3231 4845 exstantem
3255 4798 3583 4847 contemnas
3614 4799 3669 4847 et

2078 4882 2393 4954 despicias,
2443 4897 2546 4954 ego
2593 4891 2648 4938 te
2700 4881 2797 4937 Dei
2841 4897 2982 4954 opus
3025 4881 3370 4953 praedicabo:
3428 4882 3668 4961 ahipso

2074 4978 2366 5043 oriundus,
2399 4979 2642 5034 caelestis
2669 4994 2730 5034 es
2758 4979 2955 5050 spiritu
2975 5018 2992 5043 ,
3027 4993 3199 5034 carne
3231 4992 3360 5032 vero
3389 4986 3679 5041 terrenus,

2076 5072 2213 5126 deus
2287 5085 2395 5124 non
2461 5071 2741 5126 increatus
2794 5072 2893 5128 sed
2936 5056 3207 5135 creatus,
3256 5085 3399 5141 Opus
3449 5087 3669 5142 seraper

2081 5162 2476 5231 memorabile,
2523 5163 2785 5233 nulloque
2836 5163 3001 5219 modo
3039 5162 3499 5228 oblitterandum,
3539 5179 3665 5234 pas-

2081 5256 2298 5310 sionum
2335 5253 2543 5310 Christi
2586 5255 2762 5325 gratia
2811 5268 2841 5307 a
2877 5255 3235 5324 corruptione
3279 5254 3570 5310 liberatum
3610 5267 3667 5308 et

2079 5347 2146 5401 ad
2193 5346 2425 5418 gloriam
2473 5353 2733 5401 aeternam
2776 5344 3039 5400 incedens
3071 5356 3125 5401 et
3167 5350 3357 5400 vitam.
3415 5364 3434 5397 ι
3475 5344 3669 5416 Itaque

2080 5454 2148 5495 ne
2181 5441 2334 5495 carni
2382 5439 2687 5508 indulgeas,
2727 5453 2749 5485 ι
2788 5447 2840 5492 et
2873 5454 2990 5508 seq.
3027 5436 3214 5493 Talem
3236 5445 3514 5500 creatum.
3549 5453 3664 5493 cus—

2077 5535 2269 5590 lestem
2326 5531 2493 5589 simul
2546 5539 2601 5586 et
2657 5538 2972 5591 terrenum,
3016 5544 3112 5600 per
3168 5531 3353 5584 omnia
3405 5530 3572 5594 nolo,
3622 5546 3665 5584 ο

2079 5629 2265 5695 homo,
2296 5626 2579 5696 indulgeas
2603 5623 2754 5679 carni
2788 5641 2803 5678 :
2841 5623 3105 5692 majorem
3132 5638 3261 5678 vero
3292 5631 3502 5692 partem
3528 5638 3658 5676 coni.

2079 5721 2242 5779 cedas
2289 5718 2508 5789 spiritui
2556 5725 2743 5787 utpote
2790 5714 3025 5780 meliori,
3073 5730 3174 5769 nec
3218 5712 3499 5784 superflua
3545 5715 3657 5769 vita

2154 5836 2265 5909 (56)
2299 5834 2433 5893 Cod.
2474 5831 2948 5906 μεγαλοφρονέεις.
2970 5834 3058 5872 ’-
3095 5831 3215 5888 Dill.
3251 5833 3514 5905 μνήσωσ.
