4082 6416
344 369 450 427 727

342 482 562 556 diligas,
597 495 769 537 vanos
796 480 854 536 in
879 487 1029 537 terra
1055 478 1349 534 thesauros
1370 473 1788 536 thesaurizans;
1820 471 1934 526 imo

344 576 609 647 templum
645 574 878 644 spiritus
908 570 1363 627 meditationibus
1407 567 1643 622 mundes
1686 566 1936 620 cunctis-

345 682 452 739 que
497 665 799 729 virtutibus
827 664 1123 719 meliorare
1152 661 1398 718 studeas.

458 846 558 903 156
589 845 865 915 Templum
897 846 1034 898 enim
1064 840 1243 911 main
1265 838 1365 893 Dei
1391 846 1468 892 est
1500 838 1690 901 homo,
1727 843 1835 891 etc.

420 942 622 996 [licens
645 939 792 1010 quod
824 937 1089 1006 templum
1125 948 1331 988 ornare
1357 939 1611 1003 Oporteat
1639 939 1696 986 et
1724 944 1941 1000 semper

348 1034 670 1096 meliorare,
695 1030 826 1102 quid
857 1029 1121 1099 templum
1153 1026 1247 1081 Dei
1278 1034 1386 1093 est,
1418 1025 1566 1096 quod
1604 1023 1733 1079 fecit
1760 1022 1939 1076 Domi-

356 1127 498 1182 nus?
525 1125 652 1181 Cito
677 1122 886 1195 profert
915 1122 1198 1176 hominem
1226 1135 1374 1182 esse,
1396 1118 1492 1187 qui
1523 1132 1555 1170 a
1582 1126 1732 1170 terra
1771 1122 1944 1167 terre-

353 1221 555 1291 nisque
584 1215 1014 1287 cogitationibus
1043 1213 1319 1282 incipiens
1347 1210 1417 1265 ad
1448 1209 1620 1263 Deum
1652 1215 1708 1261 et
1741 1207 1943 1261 C(Bllltll

354 1312 589 1378 moveri,
632 1326 727 1381 per
758 1309 1015 1381 spiritum
1059 1321 1283 1362 sursum
1324 1303 1632 1360 extollitur.
1669 1300 1784 1355 Hoc
1818 1314 1942 1371 ego,

354 1406 434 1459 ait
492 1403 548 1459 S.
593 1402 927 1473 Theologus,
971 1399 1123 1454 omni
1176 1413 1346 1469 opere
1388 1404 1443 1452 et
1484 1408 1741 1451 sermone
1778 1393 1944 1456 bono,

356 1497 513 1551 suavi
542 1496 714 1551 odore
734 1493 987 1565 fragrans
1019 1501 1080 1546 ut
1117 1505 1325 1555 serves,
1361 1498 1416 1544 et
1438 1487 1550 1543 Deo
1573 1494 1790 1558 gratum
1821 1499 1950 1556 pro-

355 1589 658 1659 batumque
698 1586 985 1643 custodias
1008 1585 1063 1638 in
1083 1590 1372 1647 :etcrnum,
1402 1578 1652 1647 suadeo;
1679 1586 1733 1633 te
1761 1578 1951 1631 hortor

357 1682 429 1738 ad
454 1697 673 1752 semper
700 1681 756 1736 in
780 1689 964 1734 mente
984 1675 1298 1732 habendum
1319 1674 1603 1729 Christum
1634 1679 1947 1740 regentem:

357 1774 440 1831 sis
469 1787 690 1844 semper
713 1787 825 1826 non
859 1769 1047 1841 specie
1073 1767 1169 1825 sed
1200 1781 1261 1822 re
1288 1772 1344 1821 et
1372 1763 1600 1819 veritate
1620 1776 1816 1833 purus,
1853 1772 1957 1815 nec

360 1867 560 1923 oculos
595 1865 666 1920 ab
702 1864 953 1919 externis
971 1859 1235 1931 judicans
1272 1867 1326 1913 te
1354 1856 1522 1911 talem
1560 1853 1877 1921 arbitretur;
1904 1859 1961 1908 et

367 1972 508 2013 cave
548 1971 619 2011 ne
663 1955 811 2010 sicut
849 1954 1021 2008 minio
1064 1949 1458 2019 coloribusque
1492 1946 1757 2003 distincta
1803 1944 1961 1999 navis

365 2059 464 2104 aut
492 2048 617 2104 aliis
650 2045 1038 2103 venustatibus
1070 2042 1385 2115 insignibus
1425 2040 1703 2106 decorata,
1728 2052 1851 2109 quae
1881 2036 1963 2092 sic

364 2140 636 2195 tumentia
665 2139 840 2193 maria
866 2144 1202 2203 transmeat;
1234 2149 1329 2198 ne,
1360 2134 1608 2204 inquam,
1641 2138 1696 2186 et
1724 2140 1783 2185 tu
1810 2130 1965 2185 colo-

362 2234 524 2289 ribus
562 2232 787 2287 virtutis
827 2231 902 2285 ita
938 2229 1175 2300 teipsum
1217 2225 1475 2282 inliciens
1540 2233 1597 2281 et
1657 2223 1961 2278 videntium

365 2327 735 2383 admiratione
783 2324 1091 2379 honoratus
1134 2330 1190 2377 et
1236 2319 1536 2381 laudatus,
1582 2319 1639 2371 in
1680 2313 1964 2387 hypocrisi

364 2420 536 2474 vitam
561 2432 897 2473 consumens
922 2416 1135 2470 lateas:
1171 2413 1370 2469 bonam
1395 2411 1748 2480 validamque
1779 2406 1961 2461 navim

367 2511 610 2577 fabrica,
652 2525 817 2581 quam
859 2507 1220 2563 fortissimam
1274 2505 1683 2575 pollentemque
1725 2498 1965 2570 Spiritus

372 2605 596 2676 legibus
629 2611 793 2672 atque
832 2599 1036 2655 Christi
1070 2595 1197 2651 Jesu
1237 2595 1396 2650 navis
1430 2592 1781 2647 fabricatoris
1828 2604 1966 2659 pra:-

371 2698 550 2768 ceptis
599 2702 655 2750 et
700 2692 1059 2764 dogmatibus
1106 2688 1432 2758 compingas
1478 2684 1638 2756 quasi
1694 2682 1889 2749 clavis,
1911 2688 1964 2734 et

374 2789 568 2860 rapide
598 2796 764 2857 atque
804 2786 978 2840 multo
1007 2790 1213 2837 conatu
1239 2787 1575 2833 tentatorum
1595 2774 1837 2830 evadcns
1864 2772 1967 2827 ilu-

374 2891 502 2937 etus
543 2879 612 2934 ad
654 2892 883 2934 serenos
917 2883 1115 2947 portus
1156 2883 1213 2928 et
1251 2871 1425 2941 patris
1467 2868 1777 2925 tutissimas
1806 2882 1964 2920 man-

375 2974 562 3031 siones
586 2971 863 3043 appellere
892 2968 1098 3040 possis.

449 3155 556 3213 “5
596 3153 830 3221 Quilibet
861 3150 1040 3207 tendat
1073 3150 1360 3220 proﬁcere,
1394 3154 1504 3202 etc.

446 3250 640 3321 Quoad
670 3248 1042 3320 praestantiam
1078 3251 1174 3298 aut
1209 3242 1448 3312 primum
1483 3237 1751 3310 gradum,
1779 3233 1966 3291 nullus

380 3363 410 3402 a
445 3360 534 3400 me
572 3342 768 3398 edetur
810 3353 1029 3403 sermo,
1085 3336 1161 3389 ait
1203 3332 1533 3388 humilitatis
1579 3328 1638 3384 S.
1682 3343 1965 3384 commen—

383 3444 567 3501 tator,
595 3433 776 3505 quivis
811 3441 939 3485 ante
982 3443 1071 3483 me
1106 3432 1447 3496 praecurrat,
1481 3438 1512 3477 a
1541 3421 1759 3492 Deoque
1793 3420 1967 3491 pluris

381 3529 691 3585 aestimetur
713 3524 862 3579 sicut
889 3521 994 3591 ipsi
1024 3518 1429 3588 beneplacitum
1457 3513 1750 3577 videbitur,
1784 3526 1967 3567 meum

384 3636 496 3676 non
523 3625 609 3675 est
641 3617 852 3687 primos
887 3611 1094 3682 gradus
1138 3608 1400 3678 diligere;
1436 3612 1653 3659 tantum
1689 3603 1800 3660 Deo
1838 3603 1963 3658 sub-

381 3715 512 3786 jecti
540 3720 717 3768 estote
740 3721 935 3761 munes
962 3705 1019 3758 in
1044 3701 1276 3765 mundo,
1296 3699 1456 3771 siqui
1488 3698 1788 3768 sapientes,
1811 3696 1857 3751 si
1876 3695 1970 3766 qui

388 3814 665 3880 potentes,
692 3803 738 3857 si
771 3802 864 3871 qui
891 3798 1091 3855 divites
1119 3806 1175 3852 et
1199 3808 1502 3867 pauperes:
1531 3790 1678 3862 quod
1713 3790 1974 3845 omnibus

386 3902 661 3971 reliquum
684 3906 788 3960 est,
821 3910 852 3948 a
886 3902 1032 3948 terra
1055 3898 1111 3946 et
1137 3906 1171 3944 ο
1190 3880 1456 3944 cordibus
1483 3885 1767 3940 hominum
1790 3898 1977 3936 ascan-

387 3994 583 4048 dentes
622 3986 1012 4059 cogitationes,
1055 3982 1286 4037 sincerae
1319 3987 1376 4034 et
1408 3979 1647 4033 immota:
1681 3982 1848 4046 petrae
1883 3981 1978 4027 aut

391 4088 746 4139 firmamento
791 4077 1081 4139 veritatis,
1133 4072 1361 4128 Christo
1411 4070 1775 4126 adhaereant:
1837 4082 1976 4138 pra:-

390 4177 582 4236 sertim
616 4174 750 4228 illud
781 4172 917 4226 mihi
941 4169 1083 4224 dixit
1111 4165 1497 4224 aestimandum
1526 4161 1687 4218 Valde
1720 4177 1735 4213 ι
1762 4176 1979 4231 nempe,

391 4270 604 4328 sedenti
639 4269 698 4322 in
740 4275 904 4322 trono
942 4264 1185 4335 glorioso
1220 4270 1275 4316 et
1318 4275 1349 4314 a
1393 4269 1542 4315 terra
1579 4256 1648 4311 ad
1686 4257 1886 4311 etulqu
1925 4256 1982 4309 in

393 4362 685 4420 sacrificiis
726 4358 960 4430 populos
1006 4362 1197 4411 sancte
1248 4352 1519 4423 crigenti,
1566 4357 1838 4419 quantum
1886 4345 1983 4417 tali

393 4458 596 4512 durum
640 4462 696 4509 et
734 4451 982 4522 periculo
1025 4448 1247 4518 plenum
1290 4453 1380 4501 est
1423 4441 1736 4507 tenebrosis
1777 4439 1988 4508 cogita-

395 4544 648 4601 tionibus
677 4550 773 4596 aut
796 4539 1059 4619 operibus
1077 4538 1359 4593 Christum
1389 4535 1747 4595 inhonorare,
1774 4537 1987 4584 tantum

396 4641 573 4696 decus
634 4645 898 4705 tantaque
943 4632 1076 4687 mihi
1122 4631 1229 4685 erit
1266 4627 1466 4700 gloria,
1517 4622 1989 4694 irreprehensibili

400 4734 470 4788 ad
502 4733 673 4787 Deum
703 4726 1008 4784 accedenti.
1047 4743 1069 4778 ι
1102 4723 1237 4778 Nam
1264 4734 1549 4777 mensuras
1573 4716 1691 4782 Dei,
1735 4737 1754 4770 ι
1786 4723 1843 4771 et
1872 4730 1989 4788 seq.

402 4824 559 4892 Quod
594 4823 764 4888 dicit,
795 4822 908 4874 tale
945 4817 1080 4872 mihi
1115 4814 1336 4869 videtur
1365 4829 1383 4865 :
1422 4810 1690 4866 nimirum
1716 4808 1862 4880 quod
1902 4822 1992 4863 se-

403 4918 648 4973 cundum
696 4925 1014 4970 mensuram
1071 4906 1390 4963 donationis
1446 4904 1655 4960 Christi
1701 4918 1866 4973 quam
1923 4902 1993 4956 ab

403 5009 565 5066 initio
593 5005 953 5061 credentibus
1001 4998 1309 5063 distribuit,
1349 5005 1402 5052 et
1450 4997 1589 5066 ipsis
1634 4994 1745 5048 vita
1795 4994 1995 5049 subse-

406 5111 628 5173 quetur.
677 5099 742 5153 Et
774 5100 896 5153 vice
927 5110 1132 5151 versa:
1174 5091 1478 5148 secundum
1516 5089 1641 5145 vita:
1679 5102 1995 5143 mensuram

410 5195 656 5264 ipsorum
688 5197 741 5244 et
774 5189 1026 5242 laborum
1053 5185 1336 5241 mercedes
1358 5199 1388 5238 a
1420 5182 1530 5237 Deo
1573 5186 1890 5243 occurrent;
1915 5176 1997 5232 sic

411 5283 631 5353 sapiens
650 5287 706 5336 et
728 5280 885 5350 juxta
914 5280 1057 5333 hanc
1086 5278 1258 5347 legem
1290 5290 1542 5331 securam
1564 5284 1619 5329 et
1637 5273 1776 5327 bene
1809 5271 1999 5340 dispo-

414 5374 578 5431 sitam
612 5372 667 5426 in
704 5371 1003 5426 virtutibus
1032 5370 1242 5424 ducens
1273 5369 1440 5420 vitam
1470 5367 1526 5419 in
1559 5377 1793 5432 corpore
1822 5361 2000 5430 degis;

413 5482 525 5523 non
550 5467 730 5521 solum
754 5466 858 5520 hoc
887 5466 982 5519 tibi
1022 5464 1249 5527 bonum,
1279 5461 1376 5517 sed
1406 5469 1462 5514 et
1504 5458 1788 5525 deinceps,
1822 5464 2006 5508 trans-

416 5567 540 5614 acta
571 5560 861 5615 tenebrosa
908 5558 1020 5612 vita
1061 5567 1160 5611 tua
1185 5564 1241 5612 et
1264 5553 1482 5608 mortali
1515 5568 1636 5621 quin
1689 5548 1856 5604 hodie
1882 5546 2005 5602 ﬂuit

417 5659 656 5713 transitu
684 5654 890 5715 soluto,
918 5664 1044 5706 cum
1068 5650 1280 5721 optimo
1295 5653 1581 5719 apparatu,
1608 5641 2006 5699 comitantibus

499 5807 607 5875 [37)
636 5805 798 5875 βοά..
827 5802 1134 5875 ἡρμοσμέν.
1173 5798 1267 5850 καὶ
1302 5793 1787 5865 συμπεπηγμέναι.

523 5870 617 5946 '53)
646 5873 804 5935 (30¢,
842 5870 1291 5942 πρεπωδέστατον.

1690 357 1987 415 NICETAS
2061 355 2270 412 DAVID

3516 329 3627 388 πε

2040 486 2191 541 ματι,
2224 468 2321 521 καὶ
2348 464 2514 536 μὴτά
2540 460 2779 534 περισσά
2800 457 2899 512 τοῦ
2933 455 3048 527 βίου
3078 453 3274 523 φιλεῖν,
3293 448 3392 503 καὶ
3418 447 3629 517 θησαυ-

2038 532 2208 631 ρίζειν
2256 532 2519 628 ματαίους
2571 532 2664 606 ἐπὶ
2720 551 2825 622 γῆς
2878 545 3209 618 θησαυροὺς,
3264 540 3357 594 τόν
3403 538 3524 592 ναὸν
3566 532 3635 590 δὲ

2035 654 2159 713 ταῖς
2197 649 2461 718 ἀσκήσεσι
2510 644 2791 715 καθαίρειν
2833 640 2926 695 καὶ
2966 638 3170 699 πάσαις
3211 630 3455 705 βελτιοῦν
3501 632 3630 700 ἀρε-

2004 763 2011 769 ·
2040 745 2177 806 ταῖς.

2041 858 2145 914 156
2161 858 2323 925 Νηός
2349 856 2458 927 γὰρ
2470 854 2759 924 μεγάλοιο
2795 847 2944 903 Θεοῦ
2962 846 3208 915 βροτός,
3229 860 3282 895 κ.
3312 858 3361 894 τ.
3382 841 3435 895 λ.

2112 947 2301 1003 Εἰπὼν
2341 948 2424 1002 ὅτι
2467 946 2575 1017 χρὴ
2618 943 2846 1012 κοσμεῖν
2896 939 2989 991 τὸν
3021 936 3147 990 ναὸν
3180 936 3275 989 καὶ
3307 933 3395 987 ἀεὶ
3437 930 3635 1001 βελτίω

2043 1045 2238 1109 ποιεῖν,
2267 1042 2351 1106 τίς
2381 1039 2518 1095 ὁτοῦ
2548 1036 2687 1090 Θεοῦ
2714 1032 2840 1097 ναὸς
2868 1023 3023 1093 οὗτός
3049 1031 3219 1093 ἐστιν,
3247 1025 3307 1078 ὃν
3327 1024 3639 1099 πεποίηκεν

2043 1138 2071 1190 ό
2111 1136 2335 1205 Κύριος,
2367 1133 2532 1197 εὐθὺς
2556 1129 2753 1198 ἐπάγει
2791 1126 2885 1179 τὸν
2922 1122 3206 1193 ἄνθρωπον
3248 1115 3403 1180 εἶναι,
3442 1116 3501 1179 ὃς
3523 1113 3635 1169 ἀπὸ

2043 1230 2148 1298 γῆς
2179 1204 2275 1278 καὶ
2329 1223 2424 1277 τοῦ
2477 1222 2666 1292 γηῖνου
2697 1218 3041 1289 φρονήματος
3068 1213 3167 1282 τῆς
3221 1209 3354 1298 πρὸς
3377 1208 3511 1261 Θεὸν
3538 1204 3637 1298 καὶ

2044 1290 2137 1371 τὸν
2159 1312 2388 1387 οὐρανὸν
2413 1290 2719 1383 ἀρξάμενος
2756 1307 3046 1377 κινήσεως.
3079 1300 3170 1353 διὰ
3204 1294 3515 1365 πνεύματος
3548 1290 3635 1344 αί-

2052 1423 2204 1479 ρεται
2230 1385 2420 1475 Ὅψοῦ.
2451 1401 2655 1456 Τοῦτον
2713 1397 2842 1468 ἐγὼ,
2895 1395 3059 1466 φησὶν
3095 1394 3124 1445 ό
3173 1390 3319 1461 ἱερὸς
3360 1385 3630 1453 θεολόγος,

2050 1476 2218 1553 πᾶσιν
2240 1497 2425 1569 ἔργοις
2473 1493 2569 1548 καὶ
2607 1491 2788 1560 λόγοις
2834 1487 3058 1556 ἀγαθοῖς
3088 1482 3263 1550 εὐώδη
3301 1480 3506 1550 τηρεῖν,
3537 1476 3632 1528 καὶ

2050 1591 2169 1662 Θεῷ
2214 1591 2507 1661 εὐάρεστον
2576 1587 2671 1639 καὶ
2745 1583 2969 1652 δόκιμον
3044 1575 3365 1647 φυλάσσειν,
3421 1572 3500 1632 εἰς
3549 1569 3639 1621 ἀεὶ

2052 1659 2334 1754 παραινῶλ
2365 1679 2452 1734 ἀεί
2491 1695 2552 1731 τε
2605 1673 2744 1730 κατά
2767 1672 2894 1727 νοῦν
2925 1670 3117 1740 ἔχοντα
3151 1665 3242 1718 τὸν
3290 1660 3524 1734 Χριστὸν
3554 1659 3643 1754 ὲν-

2060 1747 2366 1846 ιδρυμένον,
2397 1771 2492 1824 καὶ
2507 1769 2596 1823 ἀεὶ
2621 1766 2782 1835 ἁγνὸν
2806 1765 2954 1824 ὄντα,
2983 1761 3044 1813 οὐ
3074 1756 3356 1812 δοκοῦντα.
3387 1747 3645 1820 ἀληθινόν

2058 1842 2219 1939 τεντῷ
2237 1866 2371 1926 δντι,
2402 1863 2516 1918 ἀλλ’
2538 1862 2637 1915 οὐκ
2657 1860 2835 1930 οἰήσει
2854 1855 2985 1927 ψιλῇ
3022 1849 3378 1921 νομιζόμενον
3401 1842 3646 1898 τοιοῦτον

2060 1936 2223 2024 εἶναι,
2287 1956 2399 2027 ἐγὼ
2452 1952 2930 2027 παρακελεύομαι’
2978 1946 3075 2001 καὶ
3122 1944 3197 2016 μὴ
3233 1942 3423 2011 ὥσπερ
3460 1936 3643 1990 πλοῖον

2065 2053 2237 2126 μίλτῳ
2257 2051 2349 2105 καὶ
2372 2048 2626 2122 χρώμασι
2648 2041 3070 2113 διανθιζόμενον,
3084 2038 3119 2108 ἦ
3139 2052 3250 2089 τισι
3268 2033 3445 2093 ἄλλοις
3467 2043 3652 2100 παραν-

2063 2119 2259 2217 σήμοις
2286 2119 2540 2196 κάλλεσιν
2568 2138 2902 2207 ἀστράπτον,
2929 2135 3043 2195 τοῖς
3072 2131 3171 2201 τῆς
3213 2126 3489 2194 Θαλάσσης
3539 2119 3652 2175 νώ-

2061 2212 2175 2300 τοις
2200 2234 2446 2288 ἐπιπλεῖ·
2476 2231 2550 2303 μὴ
2598 2231 2692 2283 καὶ
2716 2230 2780 2282 σὺ
2828 2224 3115 2298 χρώμασιν
3152 2220 3295 2275 οὕτω
3313 2217 3412 2287 τῆς
3444 2212 3655 2286 ἀρετῆς

2064 2327 2359 2383 ποικίλλων
2375 2325 2586 2388 ἑαυτὸν,
2606 2323 2701 2375 καὶ¹
2719 2319 2823 2374 ὑπὸ
2836 2317 2944 2372 τῶν
2966 2314 3218 2388 ὁρώντων
3235 2306 3654 2381 θαυμαζόμενος

2065 2418 2157 2473 καὶ
2189 2414 2602 2486 ἐπαινούμενος,
2637 2413 2695 2464 ὲν
2731 2406 3021 2479 ὑποκρίσει
3077 2399 3338 2472 διαλάθῃς
3395 2395 3654 2467 ἐκπερῶν

2062 2511 2157 2564 τὸν
2200 2508 2314 2579 βίον
2339 2523 2353 2537 ο
2405 2502 2574 2577 μιμοῦ
2613 2502 2670 2555 δὲ
2718 2498 2852 2555 ναῦν
2882 2495 3100 2566 ἀγαθην
3122 2492 3215 2547 καὶ⁸
3239 2490 3489 2562 ἰσχυρὰν,
3515 2503 3655 2559 κρα-

2063 2576 2269 2663 τίστοις
2298 2576 2799 2666 καὶστερῤοτάτοις
2829 2588 2924 2642 τοῦ
2965 2585 3281 2656 Πνεῦματος
3313 2581 3503 2650 νόμοις
3548 2576 3644 2631 καὶ

2066 2689 2303 2762 Χριστοῦ
2339 2686 2513 2759 Ἰησοῦ
2537 2686 2614 2751 ὡς
2643 2682 2930 2756 ναυπηγοῦ
2963 2677 3300 2749 δικαιώμασι
3332 2675 3427 2727 καὶ
3461 2671 3659 2741 δόγμαο

2068 2804 2152 2841 σιν
2168 2781 2257 2840 οἷα
2271 2785 2505 2854 γόμφοις
2526 2779 2883 2853 ἡρμοσμένην
2902 2776 3014 2844 (57)
3036 2774 3130 2828 καὶ
3153 2789 3217 2825 συ
3227 2765 3648 2841 μπεπηγμένην,

2066 2879 2234 2944 ὀξέως
2267 2895 2325 2931 τε
2355 2877 2449 2931 καὶ⁵
2475 2876 2707 2936 εὐτόνως
2730 2872 2800 2925 τά
2837 2870 2947 2922 τῶν
2973 2863 3342 2937 πειραζόντων
3361 2855 3653 2913 διεκδύνων

2068 2970 2309 3039 κύματα,
2338 2966 2474 3036 πρὸς
2493 2965 2619 3024 τοὺς
2641 2960 2931 3034 γαληνίους
2958 2958 3159 3029 ὅρμους
3189 2954 3282 3008 καὶ
3310 2949 3656 3021 ἁκυμάντους

2071 3062 2164 3115 τοῦ
2196 3059 2411 3131 Πατρός
2437 3055 2775 3116 καταπαυοις
2812 3053 3000 3125 μονάς.

2180 3154 2282 3209 145
2307 3150 2432 3218 Πᾶς
2451 3151 2568 3221 μὲν
2596 3150 2675 3201 loc
2700 3146 3080 3217 προπάροιθε,
3107 3134 3163 3194 κ.
3194 3156 3248 3193 τ.
3275 3138 3309 3192 λ

2142 3247 2279 3318 Περὶ
2332 3245 2717 3317 προτιμήσεως
2762 3240 2797 3310 ἢ
2844 3239 2976 3310 περὶ
3030 3234 3432 3306 πρωτοκλισίας
3490 3228 3670 3290 οὐδείς

2077 3357 2167 3411 μοι
2197 3338 2422 3407 λόγος,ὁ
2445 3336 2543 3405 τῆς
2586 3328 3088 3402 ταπεινοφροσύνης
3137 3327 3421 3395 ὑποφήτης
3464 3320 3615 3388 λέγει
3645 3335 3661 3349 ·

2075 3409 2183 3493 πᾶς
2215 3425 2520 3499 ἔμπροσθέν
2572 3441 2675 3494 μου
2720 3420 3070 3493 προτρεχέτω
3103 3418 3197 3472 καὶ
3240 3409 3664 3484 προτετιμήσθω

2075 3521 2153 3592 τῷ
2197 3497 2345 3589 Θεῷ,
2384 3518 2461 3580 ὼς
2509 3515 2575 3569 ἂν
2610 3513 2926 3583 παρασταίη
2968 3508 3214 3580 ἀρεστόν.
3257 3503 3331 3556 Οὐ
3365 3500 3473 3570 γὰρ
3504 3497 3657 3567 φιλοο

2078 3590 2380 3686 πρωτεύειν
2413 3609 2602 3682 ἔμοιγε
2637 3625 2653 3639 ·
2689 3607 2848 3677 μόνον
2878 3604 2932 3657 δὲ
2967 3602 3062 3656 τοῦ
3096 3597 3225 3653 Θεοῦ
3277 3596 3514 3655 ἅπαντες
3567 3590 3656 3657 ἐξ·

2080 3705 2312 3778 έχοισθε⁹
2338 3705 2538 3766 πάντες
2569 3702 2682 3755 ὅσοι
2699 3699 2839 3752 κατά
2854 3697 3058 3768 κόσμον
3090 3693 3262 3763 σοφοὶ,
3284 3692 3398 3743 ὅσοι
3422 3682 3662 3747 δυνατοὶ,

2079 3802 2196 3855 ὅσοι
2228 3798 2473 3854 πλούσιοι
2507 3797 2603 3850 καὶ
2632 3792 2838 3866 πτωχοί
2858 3809 2872 3823 ’
2901 3792 2971 3844 τά
3001 3789 3220 3843 πάντων
3253 3780 3594 3855 πρυμνήσια,
3615 3775 3668 3828 oi

2082 3891 2193 3947 ἀπὸ
2223 3890 2325 3959 γῆς
2357 3889 2450 3943 καὶ
2477 3886 2579 3958 τῆς
2615 3884 2793 3939 αὐτῶν
2836 3881 3065 3953 καρδίας
3108 3874 3490 3934 ἀναϐαίνοντες
3522 3868 3673 3936 λογι⁴

2086 3983 2216 4055 σμοὶ
2236 4023 2252 4042 ,
2280 3981 2374 4035 τοῦ
2402 3979 2673 4050 ἀψεὺστου
2698 3976 2793 4031 καὶ
2819 3974 3120 4028 ἀσαλεύτου
3147 3969 3389 4040 ἕρματος
3420 3963 3453 4035 ἢ
3484 3959 3671 4032 στηρί-

2084 4052 2295 4148 γματος
2327 4073 2424 4145 τῆς
2456 4071 2714 4143 ἀληθείας
2739 4058 3336 4139 ὲξήιρθωσανΧριστοῦ·
3357 4056 3592 4129 μάλιστα
3614 4052 3672 4105 δὲ

2087 4146 2309 4218 πάντων
2339 4161 2463 4233 ἐμοὶ¹
2493 4160 2652 4214 τοῦτο
2684 4158 2789 4232 ἔφη
2830 4154 3284 4227 πρεπωδέστατον
3316 4149 3429 4220 (58)
3471 4146 3668 4209 ποιεῖν,

2087 4256 2163 4321 ὡς
2191 4255 2461 4328 ὑψιθρόνῳ
2482 4253 2804 4323 τυγχάνοντι
2840 4252 2937 4304 καὶ
2988 4252 3046 4303 ἐν
3077 4245 3289 4308 θυσίαις
3338 4240 3483 4296 λαῶν
3510 4238 3673 4311 ἱερῶν

2090 4346 2378 4418 ἡγουμένῳ
2411 4342 2546 4414 πρὸς
2570 4343 2662 4397 τὸν
2693 4340 2920 4414 οὐρανὸν
2948 4339 3057 4393 ἀπὸ
3092 4338 3190 4408 τῆς
3213 4335 3340 4408 γῆς·
3360 4327 3406 4402 ᾧ
3435 4329 3676 4398 τοσούτῳ

2093 4438 2231 4510 βαρὺ
2244 4437 2338 4491 καὶ
2352 4434 2670 4498 κινδυνῶδες
2686 4432 3099 4502 ἐσκοτισμέναις
3118 4427 3347 4489 ἐννοίαις
3361 4424 3392 4495 ἢ
3413 4420 3676 4493 πράξεσιν

2093 4528 2383 4601 ἀτιμάζειν
2411 4528 2504 4580 τὸν
2547 4527 2785 4599 Χριστὸν
2804 4567 2819 4592 ,
2850 4526 2959 4595 ὅσῳ
2990 4540 3078 4596 μοι
3108 4521 3264 4583 κλέος
3288 4516 3492 4587 ἀγαθὸν
3526 4514 3679 4567 ἔσται

2095 4623 2192 4680 καὶ
2219 4622 2367 4688 δόξα,
2401 4620 2621 4675 ἐπειδὰν
2649 4620 2964 4690 ἀμωμήτως
2997 4616 3201 4685 ὲγγίσω
3227 4609 3304 4681 τῷ
3324 4606 3465 4680 Θεῷ.

2204 4715 2319 4770 Καὶ
2345 4714 2456 4786 γὰρ
2477 4712 2555 4781 δὴ
2581 4710 2852 4783 μέτροισι
2886 4712 3057 4769 Θεοῦ,
3086 4723 3141 4759 κ.
3165 4721 3217 4760 τ.
3246 4701 3324 4767 ἐξ.

2176 4813 2244 4863 Ὃ
2270 4808 2328 4863 δὲ
2354 4806 2536 4876 λέγει,
2573 4804 2817 4858 τοιοῦτον
2851 4797 2995 4855 εἶναί
3028 4814 3118 4870 μοι
3146 4797 3314 4854 δοκεῖ.
3349 4793 3430 4846 ὅτι
3456 4787 3597 4844 κατὰ
3618 4789 3688 4842 τὸ

2101 4902 2297 4976 μέτρον
2322 4900 2422 4972 τῆς
2443 4898 2651 4971 δωρεᾶς
2673 4895 2767 4950 τοῦ
2790 4891 3025 4967 Χριστοῦ
3047 4890 3149 4961 τῆς
3174 4892 3232 4943 ἐν
3261 4880 3402 4959 ἀρχῇ
3450 4884 3577 4976 (39)Δ
3597 4881 3688 4934 δε-

2099 4971 2422 5068 δωρημένης
2439 4995 2552 5055 τοῖς
2583 4986 2897 5044 πιστεύουσι
2933 4985 3028 5040 καὶ
3053 4981 3224 5052 όβίος
3247 4979 3431 5039 αὐτοῖς
3461 4971 3688 5027 ἀκολου-

2102 5064 2191 5142 θεῖ
2208 5105 2221 5118 ·
2236 5064 2339 5141 *καὶ
2357 5081 2423 5139 αὖ
2447 5084 2609 5139 πάλιν
2628 5099 2641 5112 ·
2658 5081 2818 5136 Κατά
2837 5078 2907 5133 τά
2938 5079 3117 5149 μέτρα
3140 5071 3233 5127 τοῦ
3265 5072 3381 5142 βίου
3407 5064 3693 5132 ἀναλόγως

2101 5183 2287 5244 αὐτοῖς
2317 5179 2411 5234 καὶ
2430 5177 2499 5231 τὰ
2522 5175 2661 5247 γέρα
2681 5174 2792 5228 τῶν
2819 5172 2999 5227 πόνων
3029 5166 3332 5236 ἀπαντήσει
3364 5160 3501 5230 πρὸς
3526 5153 3689 5208 Θεοῦ.

2104 5272 2260 5328 Οὕτω
2274 5272 2330 5324 δὲ
2350 5268 2567 5342 φρονῶν
2595 5266 2688 5320 καὶ
2726 5264 2868 5318 κατὰ
2893 5260 3039 5315 τόνδε
3056 5259 3146 5311 τὸν
3174 5256 3346 5310 τύπον
3381 5253 3438 5304 ἐν
3472 5247 3694 5342 ἀρεταῖς

2102 5363 2416 5427 διαϐιὼσας,
2459 5358 2673 5429 ἀσφαλῆ
2723 5355 2817 5411 καὶ
2863 5355 3156 5425 εὐάρεστον
3199 5344 3546 5416 διαπερανεῖς
3593 5336 3695 5409 τὴν

2103 5460 2162 5512 ἐν
2190 5455 2401 5524 σώματι
2432 5452 2576 5523 ζωήν
2601 5466 2615 5481 ·
2651 5448 2713 5502 οὐ
2752 5448 2911 5519 μόνον
2943 5445 3031 5509 δὲ,
3069 5440 3205 5498 ἀλλά
3233 5439 3328 5493 καὶ
3357 5433 3653 5508 μετέπειτα
3674 5466 3690 5489 ,

2102 5546 2197 5603 τοῦ
2230 5521 2491 5607 σκιὼδους
2523 5521 2642 5615 βίου
2676 5558 2769 5595 σου
2805 5538 2963 5594 τοῦδε
2989 5535 3085 5590 καὶ¹
3117 5526 3362 5604 φθαρτοῦ
3406 5528 3464 5579 ὲν
3511 5521 3700 5615 ἡμέρᾳ

2102 5639 2283 5707 ἐξόδου
2322 5614 2587 5709 λυομένου
2608 5676 2624 5702 ,
2662 5633 2759 5687 σὺν
2793 5631 2994 5704 ἀρίστη
3017 5627 3211 5701 πομπῇ
3238 5621 3336 5677 καὶ
3367 5615 3559 5691 ὁδηγιςι
3592 5614 3667 5678 ἀγ
3687 5639 3698 5649 ·

2184 5793 2295 5864 (39)
2332 5790 2490 5857 Cod.,
2511 5789 2733 5865 ὲναρχη.
