4082 6410
366 345 482 404 ⁸129

367 459 545 532 γέλων
573 458 710 513 Θεοῦ
752 460 1024 531 κρείττονι
1069 461 1151 525 είς
1190 460 1292 523 τὰς
1320 460 1430 516 τῶν
1465 465 1754 537 μακαρίων
1786 482 1955 518 κατα-

366 553 587 617 παύσας
624 551 865 621 σκηνὰς,
898 557 992 611 τὸν
1038 553 1249 609 ἑστῶτα
1278 554 1371 608 καὶ
1400 554 1592 610 ἄλυτον
1637 559 1733 611 σὺν
1773 558 1956 622 αὐτοῖς

366 645 657 706 διαιωνίως
679 644 738 695 ἐν
766 642 1069 715 Πνεύματι,
1094 647 1152 697 ἐν
1179 643 1400 717 Χριστῷ
1443 646 1615 717 Ἰησοῦ
1645 647 1955 714 διαϐιώσεις

370 740 485 807 βίον
512 751 525 764 ·
550 729 594 803 ᾧ
616 739 649 805 ή
680 734 808 800 δόξα
836 736 920 799 είς
949 737 1077 800 τοὺς
1103 736 1303 799 αίῶνας
1331 738 1441 791 τῶν
1470 738 1699 793 αἰώνων.
1757 743 1951 814 Ἀμήν.

367 828 505 901 Περὶ
539 829 743 899 ἀρετῆς
770 827 1117 899 ἀνθρωπίνης
1144 828 1300 897 λόγος
1332 829 1394 887 θ’.

379 942 715 1012 Ἐεήγιησις
744 944 832 1007 εὶς
866 941 937 995 τὰ
964 942 1271 1010 ἁπόρῤητα
1295 941 1408 1012 ,τοῦ
1435 942 1699 1012 μεγάλου
1730 946 1953 1011 Γρηγο-

433 1011 577 1087 plan
589 1013 696 1087 τοῦ
715 1014 1012 1087 Θεολόγοι)
1026 1016 1181 1080 Ἔπη
1196 1015 1269 1068 τὰ
1280 1011 1799 1087 διὰᾼήρωελεγειων
1815 1014 1950 1087 (40).

445 1084 584 1152 Περὶ
615 1082 857 1151 φύσεως
881 1084 1278 1148 ἀνθρωπίνης.
1306 1085 1494 1153 Λόγος
1525 1090 1576 1136 ι’.

440 1195 813 1265 Φιλοσοφήσας
842 1196 871 1247 ό
900 1193 1302 1263 θεοσοφώτατος
1328 1196 1455 1266 περὶ
1483 1196 1583 1266 τῆς
1604 1195 1954 1269 ἀνθρωπίνης

371 1289 594 1360 ἀρετῆς.
625 1289 729 1342 ὅσα
769 1289 803 1359 ή
854 1285 963 1341 τῶν
1017 1287 1152 1340 ὅλων
1202 1291 1434 1358 τεχνῖτις
1491 1288 1603 1358 (Il-1)
1651 1290 1956 1360 ὑπέρσοφος

372 1381 685 1452 ἐδωρήσατο
752 1380 947 1449 σοφία,
1004 1378 1092 1432 διὰ
1154 1379 1260 1432 τῶν
1326 1381 1700 1451 προκειμένων
1750 1381 1954 1434 τούτων

375 1474 528 1528 ἐπῶν
560 1473 690 1545 περὶ
720 1472 892 1543 αὐτῆς
922 1473 1021 1543 τῆς
1043 1471 1149 1524 τῶν
1173 1471 1474 1545 ἀνθρώπων
1501 1472 1713 1541 φύσεως
1734 1473 1958 1544 διαλαμ-

373 1567 550 1630 ϐάνει,
580 1564 643 1618 τὸ
674 1563 915 1636 φθαρτόν
942 1581 1002 1616 τε
1027 1564 1200 1634 αὐτῆς
1231 1565 1325 1616 καὶ
1350 1562 1639 1635 οὐδαμινὸν
1670 1565 1763 1618 καὶ
1791 1567 1956 1637 εὐμε-

374 1657 600 1711 τάϐολον
628 1655 1151 1727 διακωμῳδούμενος
1181 1654 1323 1708 οὓτω
1341 1656 1490 1725 λέγει
1507 1674 1519 1686 ·

377 1748 404 1801 1
444 1747 650 1810 Χθιζύν
675 1747 787 1821 (42)
815 1748 981 1817 ἐμοῖς
1010 1746 1259 1815 ἀχέεσσι
1287 1751 1667 1816 τετρυμένος,
1693 1769 1746 1805 κ.
1777 1768 1824 1805 τ.
1847 1752 1896 1805 λ.

447 1841 592 1903 xei;
622 1841 717 1894 καὶ
748 1838 971 1911 πρώην,
1006 1840 1169 1909 φησὶν
1204 1842 1232 1892 ὁ
1270 1840 1561 1911 θεόληπτος
1596 1845 1951 1917 ἱεροφάντης,

382 1933 537 1995 ίδίοις
561 1932 740 2002 ψυχῆς
769 1933 1005 2000 ἄλγεσιν,
1074 1933 1251 1994 ἁνίαις
1294 1949 1354 1984 τε
1399 1934 1492 1987 καὶ
1533 1935 1746 2001 ὀδύναις
1783 1956 1953 1992 κατα-

382 2020 738 2092 τρυχόμενος,
790 2021 1001 2074 πάντων
1059 2023 1436 2092 ἀπομονωθεὶς
1488 2025 1581 2078 ἐπί
1631 2043 1683 2079 τι
1735 2028 1952 2099 σκιερὸν

383 2114 545 2176 ἄλσος
573 2112 834 2183 ἐκείμην,
875 2113 1203 2184 δακνόμενος
1238 2115 1336 2186 τὴν
1373 2114 1624 2186 αἴσθησιν
1663 2119 1758 2171 καὶ
1783 2136 1952 2173 κατα-

377 2202 678 2272 τηκόμενος
700 2216 717 2233 ·
740 2203 965 2274 καὶγὰρ
993 2221 1082 2273 μοι
1115 2203 1273 2256 τοῦτο
1305 2204 1455 2273 φίλον
1483 2207 1571 2259 ἀεὶ
1598 2206 1786 2280 ὥσπερ
1814 2210 1951 2281 φάρ-

376 2311 554 2365 μακον
577 2294 840 2365 ίατήριον,
876 2297 933 2348 ἐν
957 2296 1251 2368 αὐστηροῖς
1277 2298 1504 2352 πάθεσιν
1529 2299 1848 2373 όδυνωμένῳ
1892 2306 1956 2359 τὸ

377 2387 499 2442 καθ’
532 2387 761 2459 ἡσυχίαν
798 2386 1021 2458 ἐμαυτῷ
1069 2390 1409 2461 προσλαλεῖν.
1450 2388 1623 2464 Λῦραι
1661 2393 1718 2447 δὲ
1758 2394 1955 2449 λεπταὶ

372 2479 557 2552 ⁴ιιρέμα
584 2478 947 2551 περιηχοῦσαι
968 2480 1061 2533 τὸν
1096 2480 1234 2551 ἀέρα
1259 2521 1273 2545 ,
1305 2481 1420 2552 ἃμα
1457 2486 1567 2545 τοῖς
1600 2482 1815 2553 ᾠδικοῖς
1857 2484 1953 2555 ὅρ-

377 2590 513 2628 νισιν
548 2569 706 2644 ᾆσμα
748 2566 1033 2626 κελαδοῦσι
1081 2575 1239 2627 καλὸν
1286 2577 1381 2629 καὶ
1416 2576 1647 2647 τερπνὸν
1693 2578 1801 2631 ἀπὸ
1845 2578 1961 2633 τῶν

382 2662 720 2736 ἀκρεμόνων,
761 2662 965 2734 καίπερ
989 2665 1268 2718 ἐκπνέοντί
1308 2684 1399 2733 μοι
1422 2668 1522 2737 τὴν
1553 2667 1752 2738 ψυχὴν³
1783 2669 1953 2738 ὅμως,

380 2754 545 2810 ὕπνον
589 2755 809 2825 ἥδιστον
856 2756 1171 2825 ἐχαρίζοντο
1224 2760 1318 2812 καὶ
1368 2758 1627 2829 μαλακόν.
1681 2759 1830 2814 Ἐκεῖ
1868 2760 1955 2832 δὴ.

378 2846 547 2919 φησὶ,
580 2848 674 2902 καὶ
704 2848 754 2901 οί
781 2847 1028 2917 τέττιγες
1052 2850 1099 2901 οἱ
1132 2847 1225 2901 τοῦ
1258 2850 1405 2920 ἡλίου
1444 2852 1585 2921 φίλοι
1610 2892 1624 2916 ,
1651 2854 1700 2905 οῖ
1730 2852 1958 2925 λιγυρὰν

376 2940 475 2995 καὶ
496 2939 674 3007 ὀξεῖαν
699 2940 807 2995 ἀπὸ
837 2940 933 2994 τοῦ
967 2943 1195 3013 στήθους
1233 2946 1541 3016 μελίζοντες
1567 2945 1665 3016 τὴν
1692 2944 1956 3017 φθογγὴν,

378 3030 712 3104 ἐπηχοῦντες
749 3033 868 3086 ὅλον
900 3034 1172 3106 ἐπλήρουν
1209 3038 1269 3091 τὸ
1312 3037 1475 3102 ἄλσος
1508 3039 1682 3092 ἐκεῖνο
1713 3038 1813 3107 τῆς
1843 3056 1956 3109 φω-

378 3122 754 3195 νῆςοψυχρδν
803 3123 861 3179 δὲ
912 3125 1055 3198 ὕδωρ
1097 3128 1281 3199 ἡρέμα
1324 3129 1392 3183 δι’
1440 3129 1561 3183 ὅλου
1618 3128 1711 3182 τοῦ
1763 3130 1960 3193 ἄλσους

386 3213 700 3285 παραρρέον
759 3216 854 3270 καὶ
890 3217 1016 3281 τοὺς
1037 3218 1205 3289 ἐμοὺς
1234 3220 1503 3285 ἐπέκλυζε
1533 3220 1698 3285 πόδας
1726 3236 1740 3251 ⁸
1758 3220 1882 3291 ἐμοὶ⁵
1902 3219 1960 3272 δέ

384 3305 536 3375 ὅμως
554 3305 935 3377 ἀπαράκλητος
955 3309 1248 3380 ἐτύγχανεν
1280 3313 1312 3380 ἡ
1347 3312 1512 3384 ψυχή.
1550 3313 1660 3365 Καὶ
1689 3312 1798 3383 γὰρ
1826 3329 1959 3383 κρα-

380 3398 552 3462 ταιῶς
577 3401 641 3470 τῇ
672 3398 812 3472 λύπῃ
842 3402 1167 3473 συνειχόμην
1190 3443 1204 3465 ,
1252 3404 1405 3456 οὐδὲν
1445 3398 1605 3475 ἦττον
1630 3404 1663 3475 ἢ
1704 3405 1835 3475 πρὶν
1867 3419 1961 3471 γε-

379 3490 566 3543 νέσθαι
600 3492 753 3544 ἐκεῖ·
776 3493 884 3546 τῶν
905 3494 1322 3563 κατεπᾳδόντων
1361 3496 1458 3566 μὲν
1481 3497 1590 3568 γὰρ
1622 3497 1717 3550 καὶ
1747 3495 1961 3565 θέλγειν

377 3579 684 3634 δοκούντων
710 3581 883 3647 οὐδεὶς
914 3583 1039 3653 ἐμοὶ
1076 3583 1252 3652 λόγος.
1304 3586 1450 3651 Νοῦς
1480 3586 1590 3658 γὰρ
1630 3585 1919 3659 ἀνθρώπου
1944 3624 1960 3650 ,

380 3669 596 3734 πολλοῖς
617 3672 738 3725 ικαὶ
791 3673 1010 3745 δριμέσι
1053 3676 1237 3740 πόνοις
1276 3677 1809 3749 καταϐαρυνόμενος,
1863 3677 1962 3732 οὐκ

382 3759 552 3816 ἐθέλει
575 3761 763 3816 λοιπὸν
793 3764 1228 3836 παρακαλεῖσθαι
1258 3768 1379 3820 οὐδὲ
1418 3767 1663 3839 τέρψεως
1689 3768 1965 3841 ἀνθρωπί-

381 3869 478 3923 νης
514 3852 697 3924 ἔχεται
731 3855 1009 3927 οὐδεμιᾶς.
1056 3858 1183 3922 Τοῖς
1218 3859 1313 3913 τοῦ
1354 3858 1445 3912 νοῦ
1482 3861 1539 3912 δὲ
1568 3863 1831 3931 κινήμασι
1869 3862 1964 3916 καὶ

379 3945 498 4008 ταῖς
516 3944 625 4023 τῶν
649 3947 904 4002 ἐναντίων
925 3947 1200 4019 λογισμῶν
1218 3951 1410 4016 πάλαις
1437 3952 1497 4004 ἐν
1515 3950 1715 4024 καρδία
1736 3969 1964 4023 συστρε-

390 4035 624 4107 φόμενος
646 4041 742 4093 καὶ
766 4040 1041 4111 περιδινού
1049 4058 1208 4111 μενος
1230 4043 1517 4097 ἐσκόπουν.

388 4124 455 4180 17
565 4128 665 4195 Τίς
698 4130 992 4199 Tardum;
1021 4132 1113 4198 τίς
1142 4131 1315 4202 δἐὶμὶ
1334 4148 1351 4195 ;
1386 4134 1444 4186 τί
1503 4132 1853 4202 δ’ἕόνσομαις
1891 4135 1965 4188 οὺ

1301 4222 1489 4295 [σάφα
1517 4221 1669 4290 οῖδα,
1697 4242 1750 4279 κ.
1771 4242 1821 4279 τ.
1844 4225 1894 4278 λ.

457 4313 550 4376 Τίς
576 4351 591 4375 ,
629 4313 793 4384 φησὶν
818 4354 834 4378 ,
863 4314 1132 4386 ἐγενόμην
1154 4354 1170 4378 ,
1211 4318 1276 4369 ἐκ
1313 4315 1388 4387 μὴ
1415 4315 1567 4379 ὄντος
1601 4318 1682 4379 εἰς
1729 4316 1790 4370 τὸ
1826 4312 1968 4371 εἶναι

392 4399 596 4470 ἐλθών;
626 4403 711 4469 τίς
735 4405 792 4460 δὲ
830 4407 925 4460 νῦν
954 4410 1069 4479 εἰμι
1090 4448 1105 4472 ,
1145 4409 1267 4461 ἐπεὶ
1299 4408 1626 4480 γεγενῆσθαί
1661 4428 1839 4481 φημι;
1875 4409 1969 4464 καὶ

387 4489 446 4544 τί
493 4492 635 4562 μετὰ
679 4495 853 4549 ταῦτα
904 4497 1130 4567 μάταιος
1175 4499 1516 4570 γενήσομαι;
1569 4499 1665 4553 καὶ⁹
1710 4502 1820 4571 γὰρ
1855 4499 1968 4553 οὔτ’

388 4583 552 4648 αὐτὸς
583 4581 700 4641 οῖδα
723 4588 927 4656 σαφῶς,
952 4589 1034 4653 τίς
1066 4591 1099 4661 ἡ
1134 4593 1256 4644 κατ’
1282 4591 1457 4663 ἀρχὰς
1478 4590 1681 4654 εἴσοδος
1712 4592 1849 4663 πρὸς
1877 4591 1970 4646 τὸν

391 4675 528 4747 βίον,
557 4678 591 4750 ῆ
619 4680 703 4743 τίς
727 4680 1137 4753 προ[σ]κόπτων
1165 4682 1317 4737 ἐνθεν
1351 4683 1478 4754 ἄχρι
1503 4681 1597 4736 τοῦ
1624 4682 1831 4747 τέλους.
1861 4683 1971 4734 Λυ-

391 4767 510 4832 θεὶς
541 4769 729 4825 ἔπειτα
762 4772 845 4836 τίς
873 4775 1215 4846 γενήσομαι,
1249 4776 1455 4845 φράσον
1497 4790 1514 4808 ο
1560 4774 1652 4827 καὶ
1695 4774 1804 4844 γὰρ
1856 4772 1969 4827 οὔτ’

391 4860 560 4923 αὐτὸς
611 4863 854 4932 ἀκριϐῶς
898 4865 1241 4936 ἐπίσταμαι,
1294 4864 1411 4918 ἀλλ’
1453 4864 1563 4917 οὐδ’
1615 4866 1853 4927 ἐκεῖνος,
1909 4862 1970 4927 ὃς

390 4951 597 5021 μᾶλλον
632 4954 765 5024 ἐμοῦ
814 4955 1122 5026 σοφώτερος
1158 4955 1374 5027 εὔχεται
1398 4951 1560 5010 εἶναι·
1591 4954 1670 5026 τῷ
1698 4956 1966 5026 ἐπιπροσ-

388 5043 571 5097 θοῦντι
600 5045 658 5098 δὲ
690 5045 903 5118 σώματι
939 5049 1034 5101 καὶ
1065 5050 1131 5120 τῇ
1189 5048 1383 5119 ἀγνοίᾳ
1411 5044 1499 5101 οἷα
1528 5047 1680 5115 νέφει
1706 5047 1863 5119 βαθεῖ
1878 5047 1972 5101 τὸν

391 5135 514 5190 νοῦν
544 5139 958 5210 κεκαλυμμένος
977 5179 992 5205 ,
1036 5132 1140 5194 ὦδε
1173 5139 1334 5193 κάκεῖ
1365 5137 1787 5210 περιπλανῶμαι
1810 5178 1826 5204 ,
1869 5156 1972 5210 μαο

469 5337 577 5413 (ιο)
609 5340 796 5413 carm.
823 5341 976 5409 XIII,
1013 5359 1067 5413 p.
1094 5343 1162 5397 86
1188 5383 1204 5409 ,
1242 5343 1330 5397 ed.
1372 5341 1567 5413 colon.

395 5398 696 5484 Leit'vencl.
728 5412 913 5466 Carm.
955 5398 1102 5469 nunc
1157 5398 1299 5480 XIV,
1335 5428 1387 5484 p.
1416 5412 1541 5466 469.

614 5483 774 5553 i_'.ou.,
808 5486 1102 5553 τεχνηίτις.

468 5550 582 5623 (42)
606 5547 1002 5623 ᾹΒίΙΙηχθιζόςς
1037 5547 1329 5623 utrumque
1355 5551 1731 5623 Homericum.
1758 5582 1832 5593 —
1849 5547 1981 5617 Οίος

386 5618 816 5694 ᾲπξμᾶλλων-ε”
847 5625 919 5676 ita
965 5618 1129 5694 etiam
1180 5618 1396 5678 locutus
1432 5631 1518 5678 est
1566 5622 1753 5694 Apoll.
1798 5623 1976 5678 Rhod.

391 5689 438 5763 ᾗ,
467 5688 570 5763 60,
616 5702 671 5746 et
700 5691 828 5763 rTry

1628 5354 1681 5412 p.
1717 5340 1852 5407 945,
1886 5340 1977 5397 ed.

836 5695 1020 5766 phiod.
1054 5693 1181 5757 22$,
1232 5703 1310 5766 ct‘
1333 5695 1568 5766 fortasse
1609 5693 1707 5766 alii
1760 5710 1980 5766 quoque

392 5761 676 5818 imitantes
694 5759 1229 5825 illud-Homericum,
1259 5759 1369 5828 οἷος
1387 5763 1566 5818 ἄνευθ’
1586 5759 1791 5826 ἄλλων,
1813 5764 1836 5818 1
1845 5759 1954 5817 (ind
1963 5802 1977 5817 .

389 5842 536 5902 xm,
590 5833 681 5901 59,
751 5835 806 5889 in
853 5837 1042 5892 eadem
1086 5833 1321 5891 formula
1393 5851 1444 5890 ν.
1496 5829 1605 5898 οἷος
1645 5851 1744 5907 pro
1786 5835 1978 5910 μοῦνος

1391 349 1457 404 ΙΝ
1490 350 1799 408 CARMINA
1834 353 2119 411 ARCANA
2154 355 2211 410 S.
2253 354 2602 412 GRLGORII.

2065 466 2277 537 angelis
2323 464 2415 521 Dei
2459 467 2659 522 melius
2704 467 2882 524 adhuc
2908 476 3014 531 erit
3040 472 3319 538 tibi,aein
3354 474 3637 532 beatorum

2064 560 2418 614 tabernacula
2458 560 2650 631 requie
2689 560 2963 616 fruiturus
2998 563 3280 622 avolabis.
3320 575 3372 621 et
3420 583 3640 638 penna.

2064 650 2210 703 nenti
2230 650 2527 719 stabilique
2547 651 2856 707 aeternitate
2871 667 2995 707 cum
3018 654 3153 723 ipsis
3184 654 3237 707 iu
3259 651 3643 727 Spiritu,vives

2063 741 2121 794 in
2168 739 2391 794 Christo
2433 739 2586 804 Jesu,
2625 743 2714 796 cui
2744 743 2918 814 gloria
2959 744 3012 797 iu
3055 745 3258 799 saecula
3291 750 3641 803 saeculorum.

2062 833 2262 885 Amen.
2295 830 2370 886 De
2399 833 2583 886 anima
2615 832 2854 888 humana
2888 851 3070 890 sermo
3098 836 3152 890 9.

2063 940 2871 1019 CommentariusAdrcnnorum
2904 949 3083 1019 magni
3120 947 3357 1015 Gregorii
3399 948 3644 1019 Theologi

2135 1015 2433 1067 carminum
2489 1013 2866 1079 distichorum,
2918 1013 3231 1071 de'natura‘
3266 1020 3499 1073 humana
3535 1013 3644 1075 ser-

2128 1098 2212 1136 mo
2248 1082 2331 1139 l0.

2139 1194 2208 1248 lO
2233 1192 2636 1266 Philosophans
2661 1196 3106 1266 sapientissimus
3126 1201 3426 1257 secundum
3449 1201 3644 1268 Deum,

2057 1297 2123 1342 de
2143 1289 2377 1342 humana
2397 1289 2619 1354 virtute,
2635 1306 2758 1360 quae
2777 1292 3161 1346 universorum
3176 1294 3388 1348 doctrix
3404 1295 3645 1364 perfecta

2059 1379 2210 1432 dedit
2244 1380 2509 1450 sapientia
2531 1421 2546 1443 ,
2583 1381 2672 1433 illa
2719 1396 2813 1449 per
2855 1383 2943 1436 hic
2990 1385 3267 1453 proposita
3300 1387 3544 1439 carmina
3575 1386 3646 1441 de

2060 1481 2257 1526 natura
2280 1472 2563 1525 hominum
2591 1474 2884 1527 reassumit
2901 1482 3066 1544 atque
3086 1479 3495 1545 corruptionem
3522 1478 3645 1547 ejus

2062 1573 2116 1616 et
2144 1562 2409 1617 vilitatem
2436 1570 2491 1616 et
2524 1562 2884 1617 mobilitatem
2914 1564 3151 1621 irridens
3184 1568 3266 1621 sic
3295 1567 3539 1637 loquitur
3572 1587 3588 1623 :

2060 1736 2083 1790 l
2184 1733 2309 1789 lleri
2337 1736 2467 1788 meis
2497 1737 2748 1789 (erumnis
2772 1737 3058 1805 conlectus,
3089 1747 3196 1792 etc.

2134 1826 2262 1881 Ileri
2294 1836 2348 1881 et
2384 1828 2586 1882 nudius
2611 1829 2830 1894 tertius,
2867 1830 2943 1883 ait
2974 1830 3194 1886 divinus
3227 1831 3518 1901 interpres,
3549 1848 3648 1887 an-

2061 1921 2287 1991 goribus
2318 1922 2515 1975 animae
2545 1921 2845 1977 comitibus
2864 1959 2881 1985 ,
2904 1923 3145 1978 miseriis
3169 1933 3331 1993 atque
3364 1926 3651 1984 doloribus

2062 2013 2397 2083 implicatus,
2423 2012 2491 2067 ab
2516 2013 2771 2069 omnibus
2792 2014 3109 2079 derelictus,
3133 2017 3394 2071 umbroso
3426 2018 3479 2071 in
3512 2034 3651 2088 quo-

2057 2102 2181 2158 dam
2218 2119 2441 2159 nemore
2471 2103 2743 2174 iacebam,
2780 2106 2976 2161 mentis
3004 2121 3242 2162 mterore
3276 2108 3564 2165 confectus
3595 2120 3650 2165 et

2059 2202 2402 2265 prostratus:
2445 2196 2625 2265 placet
2663 2197 2806 2250 enim
2844 2212 3062 2268 semper
3093 2199 3224 2254 mihi
3259 2202 3417 2270 quasi
3469 2219 3650 2258 reme-

2058 2288 2207 2341 dium
2235 2301 2463 2352 sanans,
2480 2303 2603 2341 cutn
2625 2286 2763 2340 dura
2789 2303 3008 2357 pascor,
3034 2290 3244 2360 placide
3269 2309 3480 2348 mecum
3511 2310 3652 2349 con-

2057 2376 2289 2432 Versari.
2311 2380 2473 2430 Aura;
2502 2376 2647 2430 leves
2673 2377 2818 2430 dulci
2853 2392 3086 2433 susurro
3110 2395 3206 2449 per
3236 2397 3360 2436 aera
3390 2400 3497 2438 una
3523 2401 3648 2438 cum

2061 2465 2519 2521 modulatricibus
2537 2466 2734 2521 avibus
2747 2468 3051 2523 cantilenas
3065 2470 3365 2526 concinunt
3394 2475 3651 2542 pulchras

2060 2567 2114 2613 et
2147 2574 2393 2613 amoenas
2421 2559 2654 2614 summis
2676 2558 2730 2611 in
2758 2560 2951 2625 ramis;
2984 2560 3111 2614 inde
3134 2562 3265 2615 mihi
3290 2564 3650 2633 cogitationes

2063 2653 2260 2705 anima;
2330 2652 2608 2704 cxhalanti
2664 2651 2973 2720 jucundum
3020 2654 3350 2724 mollemque
3392 2671 3653 2724 procrea-

2062 2745 2197 2800 bant
2239 2759 2516 2799 somnum.
2573 2742 2675 2797 llic
2721 2759 2871 2813 ergo,
2929 2744 3128 2814 inquit,
3176 2756 3231 2799 et
3279 2747 3414 2801 solis
3464 2749 3654 2803 amicae

2064 2835 2269 2890 cicadae
2296 2850 2565 2889 canorum
2602 2842 2937 2903 acutumque
2962 2837 3134 2889 melos
3168 2852 3195 2889 a
3234 2847 3459 2907 pectore
3491 2842 3653 2893 emit-

2065 2937 2247 2983 tentes
2295 2926 2574 2983 resonanti
2623 2936 2799 2982 totum
2845 2928 3027 2981 lucum
3072 2930 3217 2983 hunc
3248 2945 3380 2985 voce
3412 2939 3655 3001 comple-

2065 3022 2225 3085 bant;
2252 3020 2497 3090 jucunde
2522 3035 2619 3090 per
2645 3028 2819 3072 totum
2851 3019 3033 3075 lucum
3060 3020 3268 3076 eil'usus
3301 3021 3533 3087 frigidus
3562 3036 3653 3076 ros

2067 3114 2231 3183 pedes
2281 3129 2432 3167 meos
2477 3110 2904 3176 madefaciebat,
2938 3121 2992 3165 et
3039 3114 3094 3165 in
3156 3126 3245 3166 me
3292 3113 3653 3168 nihilominus

2066 3207 2249 3260 anima
2284 3205 2433 3259 nullo
2471 3203 2668 3257 solatio
2709 3203 3019 3270 levabatur,
3059 3204 3153 3273 qui
3199 3212 3493 3277 antequam
3544 3206 3651 3259 huc

2068 3298 2308 3351 venirem
2349 3294 2627 3350 mmstitize
2666 3295 2970 3364 subjectus,
3013 3306 3246 3350 Incestus
3284 3296 3438 3350 valde
3467 3304 3522 3351 et
3562 3296 3653 3351 hic

2061 3387 2431 3442 remanebam.
2487 3385 2632 3439 Nihil
2683 3386 2748 3439 ad
2802 3403 2890 3441 me
2935 3387 3003 3441 de
3057 3389 3478 3443 susurrantibus
3527 3403 3652 3447 uua.-

2063 3476 2360 3530 mulcentia
2385 3476 2734 3543 videbantur;
2766 3492 2922 3532 mens
2945 3478 3149 3547 quippe
3181 3478 3442 3538 hominis.
3468 3478 3653 3531 multis

2061 3577 2117 3625 et
2146 3570 2358 3626 acerbis
2392 3571 2648 3626 laborans
2682 3571 3107 3639 aagritudinibus
3137 3571 3419 3635 solatium,
3442 3570 3653 3624 nullum

2064 3658 2323 3725 admittit,
2353 3675 2454 3714 nec
2498 3661 2626 3715 ullis
2658 3659 3082 3715 oblectamentis
3113 3659 3426 3713 continetur
3463 3658 3657 3711 huma-

2063 3749 2188 3803 nis:
2221 3749 2389 3802 animi
2415 3749 2657 3803 motibus
2678 3761 2733 3803 et
2760 3748 3191 3819 cogitationibus
3234 3749 3377 3801 inter
3426 3762 3486 3801 se
3517 3747 3656 3800 relu-

2065 3838 2343 3926 ctalntibus
2373 3839 2541 3893 corde
2569 3840 2872 3904 volutatus,
2907 3839 3231 3894 recollectos
3262 3837 3573 3891 manebant.

2069 4123 2134 4180 Π
2169 4124 2303 4190 Qui:
2343 4121 2567 4193 fuerim,
2610 4124 2728 4192 quis
2766 4123 2904 4186 sim,
2956 4121 3085 4194 quid
3123 4121 3339 4191 futurus
3371 4121 3508 4185 sim,
3548 4136 3650 4205 non

2965 4215 3134 4288 [clare
3156 4214 3457 4283 perspicior
3470 4219 3585 4266 etc.

2139 4310 2274 4377 Quis
2303 4309 2483 4365 factus
2511 4324 2656 4376 sum,
2683 4309 2883 4379 inquit,
2904 4330 2932 4369 η
2952 4324 3059 4362 non
3077 4322 3200 4362 esse
3223 4307 3279 4360 in
3311 4321 3435 4360 esse
3469 4314 3655 4359 trans-

2069 4404 2227 4460 iens?
2250 4403 2389 4469 Quis
2410 4413 2462 4458 et
2490 4419 2639 4458 nunc
2678 4418 2822 4467 sum,
2855 4403 2947 4473 qui
2970 4410 3136 4457 natus
3170 4400 3341 4457 fuisse
3369 4400 3562 4454 dicor?
3591 4399 3657 4453 Et.

2072 4507 2198 4571 post
2226 4499 2342 4553 hinc
2373 4514 2550 4553 vanus
2577 4496 2707 4568 quid
2733 4497 2855 4550 tiam
2875 4495 2902 4550 ἲ
2928 4494 3064 4549 Nam
3089 4511 3189 4550 nec
3214 4495 3331 4566 ipse
3355 4494 3499 4548 clare
3528 4491 3653 4547 novi

2073 4609 2196 4664 qua:
2222 4593 2277 4648 in
2316 4592 2592 4664 principio
2636 4592 2723 4645 via
2781 4590 2849 4645 ad
2884 4590 3052 4643 vitam
3080 4631 3096 4655 ,
3138 4604 3325 4659 quaeve
3363 4587 3490 4642 inde
3527 4601 3658 4641 cur-

2070 4701 2198 4740 rens
2232 4700 2476 4754 praeceps
2518 4699 2692 4753 usque
2726 4683 2793 4738 ad
2843 4683 3003 4737 tinem
3055 4681 3179 4743 via;
3214 4680 3426 4737 solutus
3458 4679 3657 4734 deinde
3764 4732 3767 4735 .

2067 4778 2201 4848 quid
2230 4778 2378 4839 ﬁam.
2403 4777 2525 4832 die:
2559 4791 2685 4831 nam
2709 4791 2810 4831 nec
2835 4777 2954 4845 ipse
2981 4783 3238 4830 accumte
3267 4776 3403 4837 scio,
3427 4773 3521 4829 sed
3553 4787 3655 4827 nec

2069 4871 2173 4925 iste
2206 4868 2300 4938 qui
2331 4868 2635 4938 sapientior
2668 4883 2831 4937 quam
2868 4881 2968 4937 ego
3012 4868 3278 4938 gloriatur
3304 4881 3445 4921 esse.
3494 4862 3654 4918 lnvo-

2074 4960 2230 5014 lucro
2280 4958 2533 5026 corporis
2581 4965 2634 5012 et
2684 4957 3068 5026 imprudentia:
3094 4957 3252 5028 quasi
3296 4957 3464 5011 densa
3510 4954 3656 5008 nube

2080 5066 2236 5106 mens
2270 5063 2393 5102 mea
2430 5049 2828 5103 oblenebratur
2874 5057 2928 5104 et
2964 5051 3044 5104 sic
3084 5065 3230 5116 erro,
3270 5048 3658 5118 insnpientibus

2074 5143 2316 5213 jactatus
2353 5140 2792 5213 cogitationibus
2830 5151 2885 5196 et
2922 5142 3060 5196 nihil
3105 5142 3318 5196 ﬁrmum
3361 5142 3416 5195 in
3457 5140 3658 5195 intelli-

2085 5352 2452 5413 usurparunt,
2491 5357 2662 5413 quare
2684 5357 2816 5413 non
2850 5342 2998 5397 omni
3029 5353 3284 5413 exparte
3311 5355 3495 5397 verum
3534 5355 3657 5413 esse

2085 5409 2248 5485 puto,
2282 5416 2427 5484 quod
2455 5409 2806 5485 Wernicltius
2838 5413 2979 5485 dixit
3006 5409 3408 5485 adTryphiod.
3450 5428 3500 5485 ν.

2081 5479 2350 5539 Cmteruin
2387 5485 2453 5538 ad
2501 5486 2648 5538 hunc
2679 5479 2855 5538 locum
2878 5522 2891 5543 ,
2928 5483 2981 5535 ni
3025 5479 3237 5536 fallor.
3269 5483 3507 5549 respexit
3544 5479 3658 5532 Mo-

2084 5555 2382 5624 schOpolus
2411 5555 2465 5609 in
2496 5554 2722 5609 scholiis
2752 5554 2816 5608 ad
2834 5552 3070 5624 _|lesiod.
3098 5553 3165 5624 Ο.
3194 5560 3239 5603 et
3267 5551 3448 5624 0.41,
3479 5563 3655 5617 quan-

2085 5621 2250 5695 quam
2283 5625 2579 5695 Gregorius
2604 5625 2800 5695 eadem
2808 5622 3057 5695 toi-nuda
3093 5621 3652 5695 Itllllll’_§lla[n_t"al‘l_l_l.

2080 5686 2121 5757 l,
2146 5710 2290 5751 vers.
2313 5686 2452 5762 265;
2493 5694 2585 5763 ιν,
2619 5689 2943 5763 H1;XLV,
2975 5691 3077 5758 ‘22;
3108 5689 3356 5763 L_,?05_;
3379 5686 3656 5763 lanii];

2269 5767 2319 5822 7.
2349 5756 2448 5823 Ed;
2485 5756 2591 5826 nov
2655 5756 2924 5839 pse-15.,
2949 5756 3090 5829 359',
3126 5760 3272 5821 επ),
3310 5759 3478 5823 1057,
3507 5756 3656 5820 295.
