4082 6402
360 364 363 375 ’
444 352 540 405 νει

438 467 626 541 gentia
661 474 920 522 accurate
953 466 1239 523 meditanti
1282 483 1405 523 mea
1439 477 1524 525 est
1562 483 1664 525 nec
1704 468 1761 523 in
1795 467 2024 525 somniis

444 560 613 622 meis,
649 558 718 613 de
760 558 847 613 his
877 573 995 627 qua
1049 574 1211 615 nosse
1253 561 1455 630 cupio:
1492 575 1618 615 nam
1656 559 1824 616 Deum
1858 573 2025 613 nosse

442 651 602 717 cupio
627 659 679 704 et
707 664 815 703 non
839 658 924 704 est
948 651 1042 720 qui
1067 650 1236 706 Deum
1264 654 1713 723 comprehendat.
1738 651 1891 707 Dixi:
1927 651 2029 706 Sa-

444 744 603 812 piens
626 742 856 805 el‘lieiar,
897 752 953 797 et
1005 745 1273 814 sapientia
1324 746 1542 818 longius
1576 747 1810 802 recessit
1859 760 1888 799 a
1939 759 2027 799 me

444 837 618 888 multo
664 835 837 906 magis
866 850 1031 905 quam
1066 844 1208 902 erat,
1246 845 1302 893 et
1341 854 1535 894 omnes
1568 839 1662 895 isti
1696 837 2027 908 contempti-

444 927 581 981 biles
611 936 665 981 et
696 943 914 998 semper
929 935 1176 984 errantes
1194 931 1378 993 corde,
1403 932 1605 1002 quibus
1634 946 1838 988 crassa:
1867 930 2027 986 istius

442 1019 629 1073 carnis
672 1021 960 1076 tenebrosa
1006 1022 1183 1077 ofﬁcit
1226 1024 1423 1078 nebnh
1469 1023 1825 1092 interjacens.
1871 1040 1890 1074 ι
1934 1020 2027 1076 Ille

442 1125 574 1164 vero
599 1127 685 1165 ine
711 1119 817 1173 est,
844 1130 861 1163 ι
887 1121 941 1166 et
966 1128 1084 1181 seq.
1110 1115 1245 1183 Ego,
1273 1115 1470 1185 inquit,
1499 1114 1704 1185 optime
1728 1112 1853 1167 novi
1878 1111 2027 1182 quod

441 1215 547 1254 nec
594 1202 803 1256 entium
839 1219 940 1257 nec
976 1207 1325 1260 nascentium
1376 1208 1659 1260 notionem
1708 1211 2023 1259 accuratam

441 1302 496 1347 ω
531 1300 746 1361 oportet
780 1294 953 1349 habeo
981 1311 996 1348 :
1022 1301 1076 1348 et
1107 1294 1223 1350 haec
1255 1311 1375 1350 mea
1412 1297 1853 1367 s:ipientia,scire
1876 1295 2025 1365 quod

445 1384 581 1438 nihil
604 1399 799 1440 secure
829 1401 1168 1457 cognoscere
1198 1390 1432 1458 possim.
1458 1388 1649 1455 Quivis
1681 1404 1768 1445 me
1799 1388 2024 1459 sapien-

437 1477 749 1546 tiorpquem
797 1480 972 1551 magis
1002 1496 1167 1550 quam
1208 1481 1346 1536 alios
1400 1482 1595 1537 animae
1627 1482 1832 1553 decipit
1879 1497 2028 1536 men-

441 1565 684 1630 dacium,
721 1570 867 1638 quod
903 1578 989 1626 est
1022 1572 1211 1641 opinio
1250 1572 1471 1638 mentis,
1505 1580 1711 1629 temere
1738 1582 1794 1628 et
1827 1573 2022 1628 incon-

439 1658 681 1716 siderate
726 1663 985 1719 emittens
1031 1663 1238 1720 ﬂuxum
1292 1667 1519 1722 verbum
1574 1682 1685 1738 quo
1737 1682 1860 1737 quae
1920 1681 2024 1721 nec

438 1753 576 1806 vidit
610 1769 711 1809 nec
764 1756 917 1811 novit
967 1759 1168 1815 asserit
1210 1759 1396 1816 homo.
1436 1759 1501 1814 Et
1535 1760 1615 1816 sic
1658 1760 2019 1816 considerat:

443 1858 467 1898 ι
505 1844 661 1913 Sum,
695 1848 785 1903 die
812 1850 943 1919 quid
978 1859 1083 1916 est,
1114 1872 1133 1904 ι
1160 1862 1214 1907 et
1245 1869 1364 1924 seq.
1400 1852 1638 1909 Tantum
1670 1854 1757 1909 hic
1790 1855 2026 1910 intendit

437 1935 602 1993 divus
651 1939 924 2011 interpres
972 1946 1297 2014 sapientiam
1342 1944 1692 2001 Ecclesiaslae
1734 1946 2026 2016 explanare

438 2023 674 2082 dicentis
713 2029 1010 2086 vanitatem
1053 2036 1354 2089 vanitatum
1385 2042 1438 2089 et
1464 2036 1883 2106 applicationem
1907 2038 2024 2108 spi-

439 2118 579 2173 ritus
602 2121 823 2190 omnia;
857 2124 930 2177 ita
966 2141 1100 2182 sane
1131 2135 1186 2182 et
1222 2126 1439 2182 Davidis
1468 2130 1790 2199 sapientiam
1819 2145 2021 2186 vanum

440 2208 718 2266 hominem
754 2230 975 2270 omnem
1021 2227 1306 2274 canentem
1348 2235 1474 2274 cum
1524 2222 1833 2277 substantia
1878 2222 2022 2293 ejus,

441 2303 536 2377 qui
566 2320 673 2358 non
704 2305 776 2359 sit
817 2309 1179 2367 aestimandus
1208 2325 1336 2367 ante
1368 2314 1692 2384 plasmantis
1732 2329 1857 2371 eum
1887 2331 2023 2372 con-

441 2408 706 2466 spectum.
740 2400 939 2457 Eadem
976 2404 1175 2460 ﬁducia
1207 2408 1416 2463 audens
1444 2408 1799 2480 philosophat
1824 2416 1879 2465 et
1906 2409 2025 2480 ipse

440 2488 825 2561 inter-regens:
864 2494 1009 2552 Dicis
1043 2498 1183 2567 quod
1230 2499 1356 2563 sim,
1400 2500 1586 2570 profer
1617 2509 1673 2555 et
1707 2501 2024 2558 demonstra

442 2583 575 2651 quid
628 2587 702 2639 sit
754 2587 934 2642 illud?
976 2588 1111 2644 Nam
1157 2592 1210 2645 in
1247 2593 1425 2649 tribus
1470 2594 1732 2664 temporis
1775 2594 2024 2663 partibus

439 2677 670 2731 omnino
716 2690 913 2750 cum-ta
967 2683 1243 2749 videntur,
1294 2683 1350 2739 in
1400 2685 1656 2754 praesenti
1703 2701 1920 2755 nempe,
1966 2686 2024 2740 in

439 2763 634 2823 futuro
662 2781 715 2825 et
739 2773 792 2825 in
823 2775 1123 2843 praeterito;
1157 2775 1251 2830 sed
1280 2761 1751 2847 prazteritum'jam
1780 2793 1886 2832 non
1916 2785 2022 2841 est,

438 2858 641 2929 quippe
671 2863 820 2932 quod
873 2867 1210 2935 prmterivit;
1257 2867 1502 2922 futurum
1538 2885 1647 2924 non
1687 2871 1936 2938 exsistit;
1970 2880 2026 2925 et

438 2952 619 3018 quoad
668 2969 932 3022 praesens,
966 2956 1318 3027 cogitationis
1369 2966 1585 3029 tempus
1631 2967 1715 3015 est
1748 2968 1802 3015 et
1844 2961 2024 3016 subito

438 3043 672 3115 aufugit,
699 3055 990 3117 antequam
1017 3064 1172 3104 mens
1189 3052 1546 3122 contemplari
1567 3053 1818 3119 valuerit,
1844 3054 2023 3125 ipsum

438 3138 608 3194 verbo
653 3140 903 3209 rapidius
935 3142 1195 3197 avolavit.
1235 3142 1388 3198 Sicut
1437 3153 1651 3216 tempus
1693 3145 1893 3216 ipsum,
1944 3148 2024 3204 sic

440 3238 543 3293 ego
577 3227 663 3280 cui
698 3241 822 3283 sors
851 3244 958 3282 una
983 3228 1222 3299 aﬂigitur
1247 3246 1370 3286 cum
1399 3242 1665 3307 tempore.
1697 3235 1843 3291 Idem
1877 3237 2023 3292 enim

441 3313 582 3368 ordo
605 3316 887 3385 temporis,
917 3328 970 3373 et
992 3334 1181 3374 eorum
1205 3336 1327 3391 qua:
1351 3322 1406 3375 in
1433 3308 1679 3394 tempore
1710 3333 2018 3394 versantur;

442 3404 564 3475 ipso
592 3418 876 3473 currente,
908 3410 1098 3465 eodem
1136 3427 1304 3473 cursu
1339 3414 1713 3470 involvuntur.
1756 3414 1847 3472 Sic
1871 3415 2021 3472 aliud

443 3496 780 3553 exsistentize
812 3515 945 3554 meae
964 3516 1088 3555 cum
1118 3511 1363 3571 tempore
1384 3507 1604 3560 evanuit
1625 3513 1679 3560 et
1709 3507 1858 3561 aliud
1876 3521 2025 3561 nunc

443 3587 724 3655 possidere
754 3590 1012 3655 arbitror,
1043 3591 1139 3646 sed
1162 3592 1309 3647 aliud
1341 3602 1395 3649 et
1415 3609 1503 3650 me
1530 3594 1846 3649 habiturum
1874 3596 2024 3651 arbi-

440 3688 622 3739 tratus
672 3681 783 3750 l'ui,
835 3685 883 3740 si
932 3694 1118 3740 tamen
1165 3687 1440 3744 exsistens
1480 3688 1845 3760 permanebo;
1894 3706 2020 3745 nam

440 3774 576 3829 mihi
620 3776 753 3831 nihil
784 3785 1017 3845 certum,
1052 3779 1187 3833 nihil
1215 3781 1432 3847 stabile,
1469 3783 1605 3838 nihil
1634 3798 1882 3850 manens,
1925 3800 2026 3841 nec

443 3866 698 3924 similiter
720 3879 905 3926 certus
937 3886 1058 3927 sum
1088 3873 1203 3930 fore
1235 3882 1295 3929 ut
1323 3876 1516 3931 oculos
1555 3875 1798 3945 injiciam
1828 3877 1882 3932 in
1912 3894 2025 3934 non

442 3957 600 4013 ﬁrma
635 3974 738 4014 nec
790 3970 965 4017 certa.
994 3961 1089 4015 sed
1141 3963 1194 4017 in
1239 3970 1502 4033 perpetuo
1547 3971 1601 4019 et
1651 3963 2028 4019 indesinenter

440 4051 684 4106 volutata
726 4052 885 4122 quasi
935 4051 1162 4110 ﬂumine
1207 4055 1428 4111 turbido
1479 4062 1535 4112 et
1579 4055 1649 4113 ad
1701 4066 2024 4129 perpetuum

439 4142 713 4199 eﬂluvium
741 4144 1031 4202 destinata.

443 4414 512 4472 29
553 4415 693 4481 Quid
725 4434 805 4471 me
831 4418 1021 4473 horum
1049 4436 1160 4474 esse
1187 4419 1370 4475 dices?
1400 4430 1508 4475 etc.

519 4509 716 4564 Diceus
754 4511 1007 4579 praesenti
1057 4513 1322 4580 temporis
1361 4513 1503 4583 parti
1552 4521 1607 4567 et
1648 4515 1938 4583 praeteritae
1975 4524 2031 4571 et

445 4598 644 4654 futurae
680 4610 995 4654 consortem
1033 4600 1272 4657 hominis
1311 4613 1562 4657 naturam
1593 4604 1750 4673 quasi
1780 4605 2026 4660 eamdem

445 4706 566 4744 cum
617 4699 859 4760 tempore
908 4692 1219 4759 habentem,
1267 4704 1507 4764 utraque
1532 4695 1796 4749 continuo
1838 4694 2021 4760 el‘ﬂua,

448 4785 589 4852 Quid
632 4784 828 4854 inquit,
860 4784 1054 4837 horum
1086 4785 1253 4837 trium
1284 4800 1406 4840 esse
1437 4801 1522 4841 me
1543 4786 1683 4841 dicis
1716 4790 1939 4843 natum?
1960 4788 2026 4844 Et

445 4886 594 4933 certe
614 4877 832 4932 transiit
861 4877 1004 4947 quod
1028 4885 1189 4932 natus
1216 4877 1341 4933 sim.
1372 4876 1477 4932 Sed
1498 4877 1784 4935 futurum?
1805 4888 1859 4935 et
1891 4880 2024 4936 illud

445 4968 595 5021 nullo
639 4968 800 5022 modo
848 4974 953 5023 est.
994 4966 1103 5021 Sed
1149 4981 1297 5021 nunc
1341 4968 1739 5024 exsistentem?
1773 4969 1877 5025 Sed
1924 4985 2025 5026 nec

445 5058 577 5113 illud
627 5066 744 5125 est,
804 5059 1054 5123 spiritum
1110 5060 1298 5128 praeit,
1348 5066 1410 5113 ut
1441 5059 1646 5115 dictum
1690 5067 1806 5125 est,
1852 5061 2027 5132 ipsius

445 5147 669 5202 efﬂuum
705 5156 760 5203 et
792 5149 1193 5204 transitorium.
1242 5149 1400 5205 Dices
1436 5167 1602 5221 ergo,
1639 5149 1737 5207 His
1771 5152 2031 5208 deﬁcien-

447 5241 597 5297 tibus
626 5241 756 5311 quid
793 5240 1007 5295 tandem
1039 5242 1205 5296 sum?
1252 5241 1331 5297 Tu
1362 5244 1514 5300 doce
1548 5260 1663 5310 me,
1702 5245 1749 5299 si
1774 5245 1827 5299 in
1857 5252 1909 5299 te
1941 5259 2031 5300 sa-

445 5332 665 5403 pientiae
692 5348 874 5388 sermo
895 5334 987 5397 sit,
1033 5343 1127 5388 aut
1165 5335 1451 5391 docentem
1495 5336 1622 5391 andi
1658 5352 1858 5392 vanum
1906 5352 2030 5391 esse

448 5440 666 5480 omnem
703 5425 979 5480 hominem
1010 5433 1064 5481 et
1111 5427 1248 5481 nihil
1293 5428 1474 5482 ultra:
1519 5438 1573 5483 et
1617 5442 1765 5482 nunc
1807 5443 1893 5482 me
1933 5426 2027 5497 qui

449 5516 566 5573 haec
595 5518 852 5588 profero,
889 5521 1137 5590 sequaris
1178 5521 1292 5576 illic
1337 5535 1600 5588 manens;
1632 5520 1757 5574 vide
1802 5536 1870 5577 ne
1911 5535 1939 5575 a
1976 5529 2030 5577 te

451 5606 684 5665 latenter
715 5611 819 5666 sub
848 5611 1111 5681 temporis
1142 5618 1345 5681 puncto
1373 5611 1646 5666 recedam.
1674 5610 2031 5666 Abundanter

453 5699 550 5755 tibi
581 5716 887 5758 sermonem
915 5701 1167 5773 probabit
1194 5700 1434 5755 ﬂuminis
1457 5700 1804 5772 exemplum:
1842 5717 2032 5774 quem-

531 5854 645 5921 με)
674 5857 1097 5926 socians-bra,
1130 5871 1183 5912 v.
1213 5856 1392 5913 Eccle.
1416 5859 1621 5924 vluit.

1805 345 2106 405 NICETAS
2130 349 2334 405 “AVID

3603 338 3733 397 732

2131 469 2312 532 ταίαις
2334 467 2779 541 περιφερόμενος
2793 465 3024 527 ἐννοίαις
3049 502 3065 525 ,
3098 461 3192 516 καὶ
3222 459 3377 514 οὐδὲν
3414 457 3630 529 βέϐαιον
3659 460 3735 512 ιν

2129 560 2350 631 ἀκριϐεῖ
2393 559 2531 630 ἔχων
2554 558 2860 628 καταλήψει
2891 557 2999 610 οὐδ’
3042 557 3099 609 ὲν
3134 553 3363 625 όνείρῳ,
3401 545 3476 605 ὧν
3512 548 3733 604 εἰδέναι

2129 651 2300 707 ποθῶ.
2346 651 2502 705 Ποθῶ
2539 651 2648 723 γὰρ
2677 650 2809 704 Θεὸν
2836 649 3058 718 γνῶναι,
3105 647 3199 700 καὶ
3246 643 3408 698 αὐτὸν
3455 645 3556 697 οὐκ
3592 642 3731 696 ἐστι

2128 743 2455 798 καταλαϐεῖν
2480 759 2494 773 ο
2529 742 2721 811 σοφίαν
2756 740 2868 811 (45)
2898 779 2912 801 ,
2944 734 3074 792 εἶπα
3101 778 3116 802 ,
3145 735 3541 805 σοφισθήσομαι
3568 774 3583 798 ,
3612 730 3731 785 καὶ

2126 835 2265 906 αὑτὴ
2302 832 2621 906 ὲμακρύνθη
2668 833 2762 885 ἀπ’
2807 829 2940 902 ἐμοῦ
2977 828 3191 901 μακρὰν
3215 827 3355 898 ὑπὲρ
3387 825 3415 878 ὃ
3452 821 3519 896 ἦν
3706 839 3724 853 ·

2127 928 2222 981 καὶ
2249 927 2450 991 πάντες
2475 918 2619 980 οὗτοι
2642 926 2886 977 ταπεινοὶ
2908 923 3001 976 καὶ
3023 924 3110 977 ἀεὶ
3133 920 3475 990 πλανώμενοι
3488 916 3724 988 καρδίᾳ,

2126 1013 2210 1082 οἷς
2231 1020 2265 1090 ἡ
2295 1021 2394 1090 τῆς
2425 1018 2659 1089 παχείας
2694 1014 2897 1085 ταύτης
2945 1013 3147 1086 σαρκὸς
3191 1009 3441 1082 σκοτεινὴ
3485 1008 3728 1081 ἐπικρέ-

2129 1127 2296 1183 μαται
2321 1110 2354 1181 ἢ
2388 1109 2658 1163 ἐπίκειται
2687 1105 2871 1178 ἀχλύς.

2234 1201 2444 1267 Κεῖνος
2467 1200 2519 1253 δ’
2540 1198 2714 1254 ἐστίν
2736 1198 2917 1267 ἐμεῖο,
2944 1215 2998 1251 κ.
3026 1213 3079 1251 τ.
3111 1195 3191 1263 ἐξ.

2207 1290 2346 1361 Ἐγὼ
2377 1291 2498 1361 μὲν,
2524 1291 2710 1361 φησιν,
2737 1286 2854 1343 οἶδα
2884 1285 3090 1355 σαφῶς.
3121 1285 3198 1349 ὡς
3227 1283 3382 1338 οὐδὲν
3407 1283 3515 1337 τῶν
3538 1281 3727 1336 όντων

2123 1384 2158 1452 ἢ
2180 1383 2487 1456 γενομένων
2522 1381 2766 1453 ἀκριϐῶς
2788 1421 2803 1445 ,
2841 1380 2962 1433 καθ’
2989 1379 3017 1433 ὃ
3048 1379 3128 1433 δεῖ
3160 1375 3386 1447 γνῶναι,
3427 1370 3544 1427 οἶδα
3565 1390 3579 1402 ·
3613 1372 3722 1426 καὶ

2122 1474 2280 1529 τοῦτο
2304 1476 2337 1547 ἡ
2361 1474 2468 1545 ἐμὴ
2495 1473 2656 1543 σοφία
2675 1511 2690 1536 ,
2720 1471 2781 1525 τὸ
2806 1471 3002 1525 ειδέναι
3030 1469 3105 1532 ὡς
3153 1468 3252 1521 οὐκ
3279 1466 3425 1519 ἐστιν
3452 1462 3722 1532 ἀσφαλῶς

2125 1567 2321 1621 εἰδέναι
2360 1566 2551 1620 οὐδέν’
2595 1562 2733 1636 ἐμοῦ
2766 1563 2827 1617 δὲ
2881 1561 3191 1633 σοφώτερος
3233 1561 3369 1623 πᾶς,
3403 1556 3462 1610 ὃν
3509 1555 3720 1627 μᾶλλον

2123 1661 2232 1715 τῶν
2259 1660 2433 1716 ἄλλων
2458 1659 2520 1713 τὸ
2545 1661 2643 1730 τῆς
2667 1654 2833 1710 αὑτοῦ
2861 1654 3039 1725 ψυχῆς
3070 1651 3258 1721 ἀπατᾷ
3285 1648 3477 1720 ψεῦδος
3495 1690 3508 1713 ,
3533 1648 3561 1700 ὅ
3589 1650 3721 1700 ἐστι

2124 1749 2243 1812 νοὸς
2267 1750 2442 1820 οῐησις
2465 1748 2589 1817 εἰκῆ
2615 1764 2676 1800 τε
2709 1748 2804 1800 καὶ
2839 1741 3264 1817 ἀπερισκέπτως
3294 1736 3721 1809 ἁπερευγομένη

2130 1840 2409 1913 λογύδρια,
2448 1839 2484 1894 ά
2525 1841 2624 1893 οὐκ
2662 1834 2801 1892 οἶδεν
2847 1837 2942 1889 καὶ
2975 1835 3013 1889 ἃ
3055 1834 3157 1887 οὐκ
3201 1832 3489 1885 ἐπίσταται
3527 1828 3718 1881 διαϐε-

2130 1933 2445 2005 ϐαιουμένη.
2483 1932 2688 1985 Σκοπεῖ
2714 1930 2771 1984 δὲ
2801 1928 2995 1992 οὕτως·

2235 2023 2391 2093 Εἱμί.
2432 2021 2614 2091 Φράζε
2642 2021 2699 2074 τί
2720 2020 2916 2084 τοῦτο,
2942 2037 2996 2071 κ.
3025 2036 3078 2073 τ.
3116 2018 3193 2083 ἐξ.

2202 2117 2365 2181 Ὀλος
2414 2114 2665 2170 ἐνταυθοῖ
2702 2111 2778 2183 τῷ
2804 2111 3053 2183 θεηγόρῳ
3085 2108 3285 2172 σκοπὸς
3323 2106 3421 2179 τὴν
3457 2104 3553 2159 τοῦ
3591 2105 3723 2159 Ἐκ-

2127 2208 2457 2282 κλησιαστοῦ
2489 2207 2682 2277 σοφίαν
2716 2204 3013 2275 σαφηνίσαι
3033 2243 3048 2266 ,
3097 2201 3430 2274 ματαιότητα
3462 2198 3715 2267 λέγοντος

2130 2302 2507 2373 ματαιοτήτων
2535 2301 2632 2354 καὶ
2666 2297 2988 2371 προαίρεσιν
3022 2294 3332 2363 πνεύματος
3379 2290 3451 2346 τά
3498 2291 3710 2345 πάντα·

2125 2394 2215 2448 ναὶ
2259 2392 2323 2465 δὴ
2358 2393 2452 2446 καὶ
2488 2392 2589 2463 τὴν
2628 2390 2723 2445 τοῦ
2768 2388 2966 2454 Δαϐὶδ,
3009 2386 3187 2457 μάτην
3225 2383 3384 2439 πάντ’
3427 2381 3722 2453 ἄνθρωπον

2125 2483 2265 2541 εἶναι
2318 2482 2715 2556 μελῳδοῦντος,
2755 2483 2851 2537 καὶ
2887 2483 2989 2552 τὴν
3025 2479 3323 2533 ὑπόστασιν
3364 2475 3530 2529 αὐτοῦ
3582 2474 3721 2529 ὡσεὶ

2124 2580 2276 2633 οὐδὲν
2308 2576 2648 2649 καθορᾶσθαι
2673 2578 2732 2630 ὲν
2771 2573 3051 2645 προσώπῳ
3073 2571 3166 2627 τοῦ
3195 2571 3499 2634 πλάσαντος
3529 2568 3714 2623 αὐτόν.

2137 2668 2457 2740 Ἰσοδύναμα
2478 2667 2691 2731 τούτοις
2714 2664 3020 2737 φιλοσοφῶν
3045 2662 3374 2717 πυνθάνεται
3399 2661 3493 2715 καὶ
3517 2655 3673 2725 οὗτος
3695 2674 3714 2690 θ

2124 2762 2322 2832 Λέγεις
2348 2762 2431 2815 ὅτι
2457 2758 2572 2831 εἰμί
2595 2776 2611 2791 ο
2646 2757 2883 2830 πρόσθες
2908 2756 3003 2810 καὶ
3035 2756 3090 2809 τί
3123 2755 3281 2809 τοῦτο
3315 2751 3369 2808 εἴ
3396 2751 3711 2823 φάναι.Καὶ

2124 2858 2234 2931 γὰρ
2259 2858 2314 2910 ὲν
2343 2856 2490 2928 τρισὶ
2517 2856 2706 2927 μέρεσι
2736 2852 2930 2926 χρόνου
2950 2850 3170 2913 πάντως
3194 2848 3263 2903 τά
3287 2847 3418 2901 ὅντα
3437 2845 3707 2931 ἐνορᾶται,

2124 2929 2383 3001 ἐνεστῶτι
2396 2944 2557 3015 δῆλον
2575 2945 2658 2998 ὅτι
2675 2943 2771 2996 καὶ
2805 2940 3052 3011 μέλλοντι
3070 2937 3166 2991 καὶ
3182 2930 3598 3006 παρεληλυθότι.
3637 2929 3713 2982 Τὸ

2128 3040 2226 3112 μὲν
2263 3034 2357 3093 οὖν
2392 3034 2768 3110 παρεληλυθὸς
2806 3035 2909 3088 οὐκ
2944 3032 3057 3085 ἔστι
3080 3048 3095 3062 ⁸
3130 3027 3411 3102 παρῆλθεν
3452 3025 3561 3098 γάρ
3591 3040 3606 3054 ·
3652 3022 3718 3076 τδ

2127 3129 2319 3201 μέλλον
2362 3129 2420 3182 δὲ
2465 3126 2618 3181 οὔπω
2660 3126 2893 3199 πάρεστι
2929 3141 2942 3155 ο
2976 3124 3038 3177 τὸ
3078 3118 3314 3185 ἐνεστὼς
3350 3119 3408 3173 δὲ
3441 3120 3503 3172 οὐ
3530 3116 3724 3187 φθάνω

2122 3224 2314 3292 νοῆσαι
2344 3218 2551 3292 παρὸν,
2588 3218 2685 3272 καὶ
2714 3216 3068 3290 παρέδραμεν
3103 3213 3286 3276 εὐθὺς,
3316 3213 3378 3265 οὐ
3412 3211 3604 3281 φθάνω
3642 3207 3724 3279 τῷ

2124 3310 2201 3382 νῷ
2249 3309 2581 3365 καταλαϐεῖν
2604 3325 2619 3340 ο
2656 3308 2752 3361 καὶ
2800 3307 2933 3360 αὐτὸ
2990 3306 3185 3359 θᾶττον
3228 3303 3260 3374 ἢ
3304 3302 3463 3368 λόγος
3508 3301 3722 3369 οἴχεται

2125 3402 2397 3457 άποπτάν.
2440 3399 2629 3464 Οὕτως
2660 3400 2689 3452 ὁ
2726 3397 2918 3471 χρόνος
2945 3394 3128 3460 αὐτὸς,
3161 3394 3332 3455 οὕτως
3356 3388 3515 3458 κάγὼ
3534 3428 3551 3453 ,
3580 3382 3629 3456 ᾧ
3655 3389 3721 3442 τὸ

2127 3489 2267 3548 εἶναι
2311 3493 2706 3564 ωμπαραρῤεῖ
2758 3490 2838 3560 τῷ
2888 3489 3066 3561 χρόνῳ
3089 3504 3103 3520 ·
3139 3484 3411 3552 συστοιχεῖ
3465 3480 3577 3550 γὰρ
3632 3478 3714 3548 τῷ

2126 3586 2306 3658 χρόνῳ
2331 3584 2401 3639 τὰ
2428 3585 2485 3636 ὲν
2508 3583 2686 3655 χρόνῳ
2712 3582 2807 3636 καὶ
2830 3583 2896 3653 τῇ
2924 3583 3022 3653 ῥοῇ
3048 3577 3231 3633 τούτου
3271 3573 3563 3627 συνέπεται
3612 3569 3712 3624 καὶ

2124 3681 2192 3749 τῇ
2237 3679 2483 3749 άπορῤοῇ
2530 3677 2884 3749 συναπορρεῖ.
2940 3673 3125 3736 Οὓτως
3150 3667 3275 3724 ἄλλο
3305 3666 3401 3737 μὲν
3435 3664 3537 3737 τῆς
3570 3661 3734 3736 ἐμῆς,

2129 3769 2417 3840 ὑπάρξεως
2451 3767 2530 3840 τῷ
2556 3768 2733 3840 χρόνῳ
2762 3764 3134 3836 συναπῆλθεν,
3164 3760 3293 3817 ἄλλο
3320 3758 3380 3812 δὲ
3406 3757 3504 3812 νῦν
3530 3755 3719 3826 οἴομαι

2128 3862 2397 3934 ὑπάρχειν
2419 3902 2435 3925 ,
2462 3859 2592 3915 ἄλλο
2615 3859 2659 3912 δ’
2689 3856 2911 3912 ἔσεσθαι
2946 3854 3231 3925 ὑπείληφα
3257 3892 3272 3914 ,
3313 3850 3367 3904 εῖ
3391 3866 3454 3918 γε
3488 3849 3598 3919 ἄρα
3627 3847 3721 3899 καὶ

2130 3953 2325 4024 ἔσομαι
2352 3951 2544 4005 ὀὐδὲν
2593 3950 2705 4020 γάρ
2759 3950 2939 4019 ἔγωγε
2993 3946 3231 4017 βέϐαιον,
3285 3941 3438 3995 οὐδὲν
3493 3937 3721 4010 ἀραρὸς,

2127 4045 2250 4098 οὐδὲ
2285 4043 2511 4115 μόνιμον
2540 4083 2557 4108 ,
2587 4042 2711 4095 οὐδὲ
2741 4040 3005 4103 ὡσαύτως
3040 4035 3214 4100 ἑστὼς
3247 4034 3364 4088 ἐστι
3404 4032 3630 4103 θεωρεῖν
3661 4031 3722 4082 ἐν

2127 4138 2206 4209 τῷ
2237 4137 2312 4208 μὴ
2344 4135 2616 4207 ἱδρυμένῳ
2638 4177 2652 4197 ,
2690 4134 2812 4205 μηδ’
2841 4132 3037 4187 ἑστῶτι
3064 4172 3079 4195 ,
3110 4129 3227 4185 ἀλλ’
3270 4126 3481 4190 ἁενάως
3513 4126 3608 4178 καὶ
3640 4124 3721 4176 δι-

2125 4228 2340 4301 ηνεκῶς
2368 4228 2445 4292 ὼς
2471 4226 2680 4299 θολερῷ
2722 4223 2957 4297 ποταμῷ
3007 4220 3480 4292 κατεπειγομένῳ,
3524 4219 3622 4272 καὶ
3659 4217 3722 4270 τὸ

2131 4320 2247 4390 ῥεῖν
2279 4317 2521 4389 συνεχῶς
2550 4315 3104 4389 χαρακτηριζομένῳ.

2127 4410 2198 4465 29
2243 4411 2417 4465 Thus
2440 4427 2519 4480 με
2544 4408 2719 4463 τῶνδ’
2748 4406 2934 4477 ἐρέεις
2950 4424 2970 4473 ;
2997 4425 3052 4461 κ.
3073 4423 3125 4459 τ.
3152 4405 3202 4459 λ.

2201 4501 2385 4556 Εἰπὼν
2439 4500 2721 4572 σύστοιχον
2762 4496 2905 4555 εἶναι
2946 4500 3025 4572 τῷ
3068 4497 3329 4554 ἐνεστῶτι
3372 4496 3471 4552 τοῦ
3528 4496 3722 4567 χρόνου

2135 4596 2293 4668 μέρει
2324 4594 2420 4647 καὶ
2448 4593 2526 4665 τῷ
2555 4592 2955 4666 παρεληλυθότι
2986 4594 3083 4646 καὶ
3105 4591 3186 4663 τῷ
3219 4591 3469 4662 μέλλοντι
3504 4589 3604 4658 τὴν
3626 4587 3725 4641 τοῦ

2131 4685 2421 4760 ἀνθρώπου
2468 4684 2669 4754 φύσιν,
2716 4684 2792 4750 ὡς
2837 4683 3105 4755 συμφυῶς
3148 4681 3299 4752 αὐτῷ
3333 4678 3583 4751 ἔχουσαν,
3626 4677 3724 4730 καὶ

2131 4780 2282 4851 αὐτῷ
2308 4777 2554 4850 συνεχῶς
2575 4777 3140 4849 συμπαραρῤέουσαν,
3176 4773 3242 4828 Τί
3273 4790 3343 4845 με
3361 4813 3377 4839 ,
3403 4772 3540 4843 φησι
3563 4810 3579 4835 ,
3612 4769 3724 4823 τῶν

2130 4871 2301 4943 τριῶν
2333 4872 2480 4943 ἐρεῖς
2507 4866 2686 4934 εἶναις
2730 4870 2820 4932 Ὠς
2857 4869 3159 4937 γεγονότας
3191 4869 3287 4919 καὶ
3325 4863 3435 4937 μὴν
3475 4861 3724 4934 παρῆλθε

2130 4965 2192 5018 τὸ
2237 4964 2463 5033 γεγονός
2501 4980 2515 4993 ·
2553 4963 2669 5017 ἀλλ’
2714 4962 2791 5026 ὡς
2820 4961 3220 5033 γενησόμενον;
3257 4959 3352 5013 καὶ
3383 4955 3542 5010 τοῦτο
3568 4953 3729 5007 οὔπω

2132 5058 2282 5111 ἐστιν
2312 5073 2326 5086 ·
2349 5055 2466 5109 ἀλλ’
2504 5055 2580 5119 ὡς
2618 5054 2715 5109 νῦν
2745 5054 3029 5125 ὑπάρχον;
3061 5050 3175 5105 ἀλλ’
3205 5049 3331 5102 οὐδὲ
3362 5046 3524 5100 τοῦτό
3566 5046 3684 5097 ἐστι
3705 5086 3722 5109 ,

2131 5148 2222 5203 νοῢ
2251 5150 2476 5212 θᾶττον,
2528 5148 2605 5211 ὡς
2640 5148 2860 5220 εἴρηται
2883 5186 2898 5210 ,
2943 5140 3261 5217 παραρρέον
3315 5157 3375 5193 τε
3434 5138 3530 5192 καὶ
3583 5152 3728 5208 παρ-

2130 5241 2337 5295 οδεῦον.
2368 5240 2545 5311 Ἐρεῖς
2572 5235 2666 5293 οὖν
2695 5255 2708 5269 ·
2733 5239 2844 5292 Καὶ
2868 5237 2923 5290 τί
2950 5237 3139 5291 λοιπόν
3155 5237 3272 5305 είμι
3298 5231 3444 5302 syth;
3475 5231 3547 5284 Σὺ
3577 5229 3727 5283 δίδα-

2133 5334 2244 5400 ξον,
2277 5333 2331 5386 εῖ
2353 5350 2436 5387 σοι
2460 5332 2621 5401 λόγος
2655 5331 2835 5385 ἔνεστι
2858 5331 3050 5400 σοφίας
3073 5346 3088 5360 ·
3109 5329 3144 5400 ἢ
3168 5326 3446 5391 διδάσκου,
3474 5325 3558 5377 ὅτι
3586 5321 3730 5393 πλὴν

2138 5429 2317 5500 μάτην
2355 5428 2466 5490 πᾶς
2506 5426 2796 5497 ἄνθρωπος
2825 5441 2841 5456 ⁶
2879 5425 2974 5479 καὶ
3002 5424 3097 5478 νῦν
3130 5422 3370 5495 πρόσεχέ
3410 5438 3500 5492 μοι
3538 5421 3731 5472 ἐνταυ-

2138 5521 2223 5573 θοῖ
2256 5519 2455 5589 μένων,
2479 5517 2555 5581 ὡς
2585 5517 2899 5588 φθέγγομαι
2927 5517 3104 5571 ταῦτα
3123 5535 3135 5546 ·
3153 5519 3256 5588 ὅρα
3281 5517 3369 5588 μή·
3389 5530 3449 5567 σε
3477 5510 3730 5581 διαφύγω

2140 5612 2341 5681 στιγμῇ
2387 5608 2655 5663 διαλαθὼν
2700 5610 2915 5680 χρόνου.
2975 5607 3369 5679 Ἀποχρὼντως
3426 5606 3483 5659 δὲ
3523 5604 3586 5658 τὸ
3630 5601 3728 5656 τοῦ

2144 5700 2387 5771 ποταμοῦ
2423 5718 2507 5755 σοι
2539 5699 2891 5772 παράδειγμα
2919 5700 3255 5755 πιστώσεται
3282 5698 3375 5753 τὸν
3400 5697 3578 5766 λόγον.
3641 5693 3730 5757 Ὡς

2224 5862 2334 5934 (iii)
2369 5861 2529 5929 ϐοός,
2554 5861 2717 5933 ὑπὲρ,
2746 5860 2774 5916 ὃ
2801 5854 2874 5933 ἦν
2902 5875 2916 5892 ο
2952 5858 3259 5931 ἄνθρωπον,
3292 5855 3497 5918 πάντες
3529 5860 3649 5908 cret.
