4082 6420
471 426 578 481 753

482 557 580 611 γαρ
621 540 905 610 ἀμήχανον
943 537 1035 595 τδν
1076 537 1322 610 ποταμὸν
1367 537 1624 610 περῶντα
1664 536 1745 601 δὶς
1784 534 1864 607 τῷ
1907 533 2056 604 αὐτῷ

469 625 625 681 ὒδατι
651 626 744 680 τὸν
779 627 917 679 πόδα
950 624 1150 696 βάψαι,
1186 625 1358 691 οὔτως
1383 626 1505 680 οὐδὲ
1534 626 1625 680 τὸν
1658 625 1819 681 αὑτὸν
1847 624 2056 696 ἅνθρω-

469 738 592 779 πον,
641 718 702 773 ὃν
745 719 964 791 πρῶτον
1014 717 1300 790 ἑώρακας,
1346 719 1783 791 ἀπαραλλάκτως
1835 717 2056 781 ἐσαῦθις

412 824 427 845 “η
462 813 586 883 ὄψει
616 811 710 865 τὸν
738 810 925 865 αὐτόν.
978 812 1088 866 Καὶ
1123 812 1231 883 γάρ
1262 810 1340 881 τῷ
1369 810 1446 882 νῷ
1490 811 1590 881 μὲν
1621 812 1680 864 ὲν
1726 810 2054 880 βουλεύμασι

464 905 561 959 καὶ
581 904 908 975 διανοήμασι
934 902 1173 973 συνεχῶς
1204 903 1699 975 μεταϐαλλόμενος,
1726 899 1816 956 οἷα
1846 902 2055 975 ἄνθρωα-

466 1012 569 1058 πος
612 994 899 1065 ἀνίδρυτος
943 994 1374 1065 καταθεωρεῖται
1417 995 1474 1046 ὲν
1513 995 1728 1060 αὐτοῖς,
1761 995 1810 1047 εἰ
1845 995 1916 1065 μή
1949 1011 2051 1047 που

462 1086 597 1149 Θεὸς
629 1087 656 1139 ό
685 1083 762 1138 ὣν
790 1085 877 1139 ἀεὶ
903 1085 997 1138 καὶ
1031 1084 1091 1138 τὸ
1131 1086 1283 1156 ῥῆμα
1317 1084 1524 1157 Κυρίου
1565 1086 1725 1156 μένον
1765 1087 1824 1139 ὲν
1867 1083 2048 1156 αὐτῷ,

464 1179 523 1232 τὸ
550 1178 722 1241 ἑστὼς
751 1175 1137 1231 καταδείκνυσι
1167 1178 1262 1230 καὶ
1295 1177 1542 1247 μόνιμον,
1566 1179 1633 1248 τῇ
1663 1177 1807 1248 ψυχῇ
1839 1176 1894 1230 δὲ
1930 1180 2051 1241 ταῖς

462 1286 521 1321 τε
561 1267 773 1332 λαλιαῑς
817 1267 914 1320 καὶ
957 1266 1277 1338 αἰσθήσεσι,
1319 1269 1439 1331 ταῖς
1489 1284 1550 1320 τε
1594 1267 1915 1337 φαντασίαις
1955 1269 2049 1322 καὶ

462 1358 585 1419 ταῖς
626 1356 872 1427 ὀρέξεσιν
907 1355 1164 1419 ἀϐέϐαιος
1208 1354 1507 1427 καθορᾶται
1548 1356 1643 1409 καὶ
1689 1356 2046 1427 ἀστήρικτος,

464 1449 644 1518 ἀενάῳ
664 1451 879 1518 κινήσει
896 1447 1018 1500 κατ’
1044 1445 1213 1510 αὐτὰς
1240 1445 1658 1517 διαμειϐόμενος
1678 1463 1693 1478 ο
1728 1446 1807 1517 τῷ
1833 1446 2048 1519 σώματι

460 1539 519 1592 δὲ
564 1539 725 1594 πάλιν
766 1540 889 1603 ταῖς
932 1556 990 1592 τε
1040 1539 1374 1609 μεταϐάσεσι
1408 1538 1548 1592 κατὰ
1577 1538 1669 1592 τὸν
1698 1539 1885 1600 τόπον,
1926 1541 2048 1603 ταῖς

461 1648 523 1685 τε
553 1630 825 1684 διαθέσεσι
865 1631 961 1685 καὶ
990 1630 1137 1697 ἕξεσι
1170 1631 1266 1686 καὶ
1309 1631 1499 1703 χρόαις
1536 1630 1917 1702 ἀλλοιούμενος
1951 1630 2046 1684 καὶ

462 1722 552 1774 ἀεὶ
610 1722 1101 1794 μετατρεπόμενος,
1157 1722 1436 1777 ἄπαυστον
1495 1721 1607 1793 ἔχει
1655 1722 1755 1794 τὴν
1810 1722 2039 1793 τροπήν.

461 1807 622 1862 Οὕτω
651 1810 748 1880 μὲν
775 1810 915 1864 κατὰ
948 1810 1006 1865 τὸ
1044 1813 1263 1883 συνεχὲς
1289 1813 1385 1865 τοῦ
1414 1812 1607 1883 χρόνου
1632 1814 1729 1866 καὶ
1754 1812 2040 1884 άείρῤυτον

460 1902 497 1971 ή
522 1901 834 1974 ἀνθρωπίνη
869 1903 1029 1972 φύσις
1064 1905 1482 1958 καταδείκνυται
1518 1904 1725 1976 ματαία
1753 1920 1768 1936 '
1800 1905 1943 1959 κατά
1978 1906 2040 1959 τὸ

463 1990 766 2063 ὁλοσχερῶς
810 1992 867 2045 δὲ
906 1992 937 2065 ἢ
989 1993 1327 2066 παχυμερῶς
1377 1993 1747 2066 θεωρούμενον
1773 2034 1788 2061 ,
1837 1995 2039 2050 οὑτωσὶ

470 2081 751 2134 σκεπτέον.

564 2189 674 2247 Ἦν
701 2192 890 2263 πάρος
915 2195 987 2248 ἐν
1006 2196 1158 2265 χροΐ,
1192 2213 1246 2250 κ.
1272 2213 1323 2249 τ.
1354 2195 1434 2263 ἐξ.

531 2284 740 2356 ’Ὠσπερ
769 2288 797 2339 ό
823 2286 956 2339 Λευῒ
984 2287 1294 2356 γέγραπται
1329 2289 1386 2340 ὲν
1414 2289 1481 2359 τῇ
1509 2287 1673 2357 ὀσφύϊ
1703 2286 1799 2341 τοῦ
1830 2288 2039 2361 πατρὸς

452 2372 593 2429 εἶναι
634 2376 884 2448 Ἀϐραὰμ
915 2377 1048 2448 (45),
1068 2377 1210 2431 οὕτω
1237 2381 1329 2432 καὶ
1361 2381 1469 2444 πᾶς
1496 2379 1783 2451 ἄνθρωπος
1812 2380 1918 2452 πρὸ
1942 2380 2035 2434 τοῦ

451 2467 817 2539 γεννηθῆναι,
856 2472 914 2523 ὲν
946 2474 1012 2542 τῇ
1050 2470 1143 2523 τοῦ
1181 2473 1388 2544 πατρὸς
1426 2472 1590 2526 αὑτοῦ
1625 2473 1786 2543 φύσει
1813 2473 2039 2545 νοούμε-

452 2578 562 2623 νος,
599 2561 797 2614 ἔπειτα
824 2564 903 2626 εἰς
934 2563 1033 2635 τὴν
1070 2564 1473 2637 ὑποδεξαμένην
1503 2565 1665 2619 αὐτὸν
1696 2566 1911 2638 μητέρα
1946 2567 2036 2622 διὰ

455 2653 548 2723 τῆς
572 2652 867 2716 συνουσίας
901 2654 1261 2724 μεταϐαίνων,
1293 2657 1470 2710 κοινὸν
1501 2657 1640 2728 μετὰ
1662 2658 1835 2712 ταῦτα
1864 2658 2034 2730 κρέας

452 2743 655 2813 ἀμφοῖν
683 2746 795 2808 τοῖς
820 2744 1071 2798 τεκοῦσιν
1094 2747 1151 2799 ἐν
1179 2750 1242 2819 τῇ
1271 2747 1503 2820 μητρῲᾳ
1527 2751 1726 2823 γαστρὶ
1766 2749 2035 2823 βρεφουρ-

450 2835 715 2906 γούμενος
745 2836 1072 2891 καθίσταται
1105 2853 1120 2869 ·
1154 2840 1214 2893 ὲν
1245 2840 1384 2913 ἀρχῇ
1417 2842 1475 2895 δὲ
1505 2842 1609 2913 τῆς
1644 2842 2029 2914 βρεφουργίας,

447 2929 761 3001 ἀδιάκριτον
812 2931 908 2983 καὶ
954 2931 1328 3005 ἀδιάρθρωτον
1378 2934 1437 2988 ὃν
1481 2936 1538 2988 τὸ
1591 2937 1866 3007 κρεάδιον,
1908 2937 2031 2991 οὒτε

454 3020 660 3092 βροτὸς,
688 3021 1086 3094 οὔτ’ἀνθρωπος
1113 3024 1336 3079 δύναται
1363 3025 1868 3099 καλεῖσθαι,αἷσχος
1882 3031 2029 3083 ἁνεί-

452 3114 570 3166 ὃεον
611 3115 669 3166 ὃν
717 3117 808 3169 καὶ
850 3118 1102 3183 ἀκαλλὲς,
1133 3116 1256 3171 οὔτε
1296 3118 1455 3186 λόγου
1503 3121 1858 3189 μετεσχηκὸς.
1905 3122 2029 3176 οὔτε

458 3207 575 3261 νοός
608 3223 622 3236 ·
655 3207 755 3259 ποῦ
806 3210 909 3281 γὰρ
955 3210 1127 3263 ταῦτα
1170 3210 1322 3279 παρὰ
1364 3210 1440 3281 τῷ
1481 3211 1706 3283 ὲμϐρύῳ
1741 3212 1819 3284 τῷ
1850 3213 1926 3277 ὡς
1969 3216 2028 3267 ἐν

454 3296 649 3369 τύμϐῳ
678 3303 741 3372 τῇ
782 3305 1014 3374 μητρικῇ
1059 3302 1212 3373 νηδύϊ
1245 3304 1596 3375 ἐνεχόμενον;
1645 3304 1722 3368 ὡς
1767 3306 1826 3359 ἐν
1871 3307 2026 3377 τάφῳ

453 3388 561 3458 γὰρ
585 3389 754 3462 ταύτῃ
788 3392 1197 3464 περιείληπται·
1226 3395 1293 3448 δι’
1327 3395 1355 3449 ὃ
1390 3396 1485 3450 καὶ
1518 3396 1770 3468 ἐπιφέρει
1796 3413 1812 3428 ⁸
1855 3417 1873 3451 ‹
1902 3401 2029 3451 Δισ-

446 3480 646 3550 ταφέες
683 3483 913 3548 ζώοντες
954 3480 1047 3539 ἐπὶ
1084 3487 1291 3559 φθοράν
1319 3506 1334 3520 ·
1374 3510 1394 3541 ι
1431 3490 1823 3557 ταλανιστικῶς
1870 3493 2028 3548 τοῦτο

444 3571 620 3640 λέγων
658 3576 752 3629 καὶ
794 3578 1258 3649 ὲποικτιζόμενος.
1310 3583 1397 3646 Ὠς
1431 3584 1539 3637 ἀπὸ
1579 3584 1751 3655 τάφου
1779 3585 1889 3656 γὰρ
1917 3586 2026 3639 τῶν

447 3666 714 3737 μητρῴων
753 3671 968 3741 χωρίων
998 3670 1251 3738 ἐξιόντες,
1285 3675 1379 3728 καὶ
1401 3675 1623 3740 ζῶντες,
1652 3676 1908 3748 ὀδεύομεν
1933 3678 2026 3732 ἐπὶ

444 3753 650 3827 φθορὰν
675 3797 691 3821 ,
729 3758 764 3828 ἥ
796 3761 912 3812 ὲστι
937 3760 1187 3832 δεύτερος
1220 3766 1389 3834 τάφος
1413 3806 1428 3829 ,
1460 3767 1552 3819 καὶ
1583 3767 1678 3820 τοῦ
1712 3768 2025 3838 πεπηγότος

445 3846 696 3917 σώματος
723 3850 965 3915 διάλυσις
1000 3871 1012 3885 ·
1041 3853 1107 3924 ἣν
1146 3855 1231 3921 δὲ,
1281 3858 1446 3926 φησιν
1470 3898 1485 3921 ,
1522 3857 1838 3929 ὡδεύσαμεν
1870 3859 2020 3926 ὁδὸν,

443 3939 537 3992 καὶ
563 3939 710 4013 ζωὴν
736 3945 794 3995 ὲν
821 3943 898 4014 τῷ
936 3945 1034 4016 βίῳ
1068 3946 1230 4016 ζῆσαι
1276 3948 1415 4018 μετά
1446 3946 1697 4018 σώματος
1726 3948 1985 4019 ἐδόξαμεν
2004 3990 2019 4015 ,

442 4034 593 4088 οὐδὲν
626 4035 754 4088 ἄλλο
792 4054 881 4106 μοι
910 4037 942 4107 ἢ
980 4038 1116 4090 ἐτῶν
1145 4039 1356 4110 δαπάνη
1382 4077 1396 4101 ,
1427 4040 1520 4093 καὶ
1548 4040 1739 4112 χρόνου
1770 4042 2019 4105 κένωσις,

444 4126 561 4196 ἢτοι
590 4128 920 4199 παρέλευσις
946 4169 960 4193 ,
989 4129 1137 4183 δοκεῖ
1169 4147 1182 4161 ⁸
1216 4130 1356 4201 αὕτη
1397 4131 1455 4185 δέ
1497 4150 1587 4203 μοι
1630 4135 1724 4186 καὶ
1766 4133 2023 4205 ὀδυνηρὸν

445 4216 536 4268 καὶ
566 4217 824 4271 ἐπίπονον
845 4218 1024 4289 γῆρας
1049 4222 1295 4290 καταχεῖ.
1325 4221 1561 4292 Τοιαύτη
1583 4221 1732 4294 μὲνή
1760 4223 2022 4294 ὲπὶκηρος

443 4304 587 4379 ζωὴ,
618 4311 726 4363 ἀπὸ
748 4311 922 4380 τάφου
957 4311 1238 4384 ἀρξαμένη
1270 4314 1362 4367 καὶ
1401 4315 1784 4386 καταλήγουσα
1815 4318 1895 4380 εἰς
1923 4318 2022 4371 τά-

440 4421 538 4473 φον
565 4423 579 4435 ·
611 4405 661 4457 εὶ
698 4405 756 4458 δέ
791 4423 859 4474 με
904 4405 1060 4471 ἄλλος
1116 4406 1268 4472 αἰὼν,
1319 4410 1413 4461 καὶ
1442 4408 1556 4480 ζωὴ
1598 4411 1873 4483 ἄφθαρτος
1922 4411 2023 4464 καὶ

436 4496 653 4559 ἅλυτος,
686 4497 871 4560 καθὼς
895 4498 1225 4569 γέγραπται,
1261 4499 1490 4554 λυθέντα
1515 4501 1610 4555 τοῦ
1643 4501 1892 4574 σώματος
1911 4503 2024 4557 δια-

433 4588 653 4659 δέχεται
687 4591 821 4653 ὲκεί,
857 4589 1076 4660 σκέψαι,
1102 4584 1147 4643 ὦ
1177 4588 1352 4657 οὗτος,
1383 4596 1411 4648 ὁ
1439 4594 1581 4658 θεῖός
1615 4612 1778 4665 φησιν
1820 4597 2022 4666 ἱερολό-

434 4699 553 4750 γος,
586 4684 660 4753 μή
699 4700 831 4736 ποτε
859 4684 893 4753 ἡ
925 4683 1173 4756 δοκοῦσα,
1196 4687 1293 4756 μὲν
1317 4686 1456 4757 αὕτη
1490 4687 1602 4758 ζωὴ
1630 4687 1728 4759 ἔχῃ
1756 4688 1910 4751 τέλος
1934 4689 2026 4742 τὸν

441 4774 610 4845 μόρον
642 4775 736 4828 καὶ
767 4775 857 4831 τὸν
886 4778 1114 4832 θάνατον
1135 4818 1150 4841 ,
1189 4781 1222 4848 ἡ
1245 4780 1472 4850 τελευτὴ
1501 4780 1557 4832 δὲ
1580 4780 1726 4850 ζωῆς
1754 4782 2022 4835 ἀθανάτου

428 4867 745 4939 ὁδοποίησίς
787 4888 869 4923 σοι
920 4873 1014 4924 καὶ
1048 4871 1306 4943 πρόξενος
1366 4873 1735 4939 καθίσταται,
1786 4874 2021 4945 ἔμπαλιν

429 4959 464 5031 ἢ
496 4961 762 5025 ὑπονοεῖς.
803 4964 876 5017 Σὺ
912 4963 1011 5032 μὲν
1048 4962 1155 5034 γὰρ
1186 4965 1436 5018 τεθνάναι
1458 4966 1675 5029 πάντως
1712 4966 1805 5021 τὸν
1843 4967 2023 5020 τελευ-

428 5051 611 5106 τῶντα
637 5053 984 5118 ὑποπτεύεις,
1015 5057 1043 5108 ό
1068 5054 1125 5107 δὲ
1145 5054 1222 5125 τῷ
1250 5055 1474 5127 λυθῆναι
1497 5056 1595 5126 τῆς
1617 5056 1761 5128 ζωῆς
1784 5058 2010 5126 ταύτης,

431 5145 627 5215 ἄριστα
663 5145 864 5217 δηλαδὴ
910 5146 1148 5217 βιώσας,
1194 5145 1331 5218 πρὸς
1368 5146 1467 5218 τὴν
1505 5146 1766 5219 ἀληθινὴν
1810 5151 2010 5222 μετέϐη

434 5235 599 5309 ζωήν.

431 5340 500 5396 45
537 5342 733 5397 Οὐδὲν
755 5343 930 5414 ἔφυν,
954 5363 1008 5400 κ.
1035 5364 1084 5400 τ.
1110 5344 1161 5400 λ.

505 5458 824 5526 Ἀποδείξας
848 5461 1084 5532 ματαίαν
1105 5462 1200 5516 καὶ
1229 5462 1527 5535 οὐδαμινήν
1564 5465 1665 5536 τὴν
1688 5463 1784 5519 τοῦ
1813 5466 2016 5539 ἀνθρὼ-

424 5566 532 5605 που
593 5550 775 5621 φύσιν,
829 5552 925 5605 καλ¹
975 5553 1107 5606 ὡσεὶ
1156 5555 1312 5607 οὐθὲν
1358 5551 1525 5609 οὖσαν
1566 5557 1667 5627 τὴν
1719 5558 2015 5613 ὑπόστασιν

420 5642 612 5707 αὐτοῦ,
655 5644 1024 5698 ἀποδυσπετεῖ
1061 5645 1250 5700 λοιπὸν
1283 5649 1378 5701 ἐπὶ
1414 5654 1525 5715 τοῖς
1554 5650 1744 5720 ἄλγεσι
1775 5653 1866 5706 καὶ
1894 5657 2015 5717 ταῖς

418 5734 826 5808 ἐπερχομέναις
859 5736 1133 5809 ἀνθρώπῳ
1167 5744 1473 5812 συμφοραῖς
1493 5782 1507 5805 ,
1537 5743 1701 5796 Οὐδὲν
1732 5744 1860 5813 ἔφυν
1887 5786 1900 5807 ,
1928 5744 2013 5797 λέ-

1470 423 1536 477 IN
1572 419 1879 478 CARMINA
1920 416 2206 475 ARCAN‘A
2264 421 2323 477 S.
2395 422 2745 481 GREGORH.

3634 426 3739 485 73!

2156 534 2451 592 admodum
2497 552 2732 608 pronum
2771 535 2971 592 ﬂumen
3017 536 3104 593 bis
3161 537 3349 592 eadem
3384 552 3524 607 aqua
3569 543 3741 609 pedes

2161 626 2367 698 lingere
2401 630 2740 700 impossibile
2776 639 2882 698 est,
2919 628 3000 684 sic
3026 643 3127 684 nec
3168 629 3418 684 eumdem
3458 630 3734 686 hominem

2156 737 2317 791 quem
2354 722 2533 791 primo
2559 723 2745 779 vidisti
2788 739 2980 780 rursus
3008 724 3197 779 eadem
3232 722 3551 777 habitudine
3580 723 3739 779 vide-

2156 809 2262 865 bis.
2301 810 2437 865 Nam
2473 813 2654 882 quoad
2693 812 3052 877 voluntatem,
3093 811 3491 867 intentionibus
3518 819 3572 864 et
3610 826 3738 880 pro-

2156 901 2350 969 positis
2380 901 2754 958 indesinenter
2793 911 3045 966 mutans,
3075 902 3434 957 immoderate
3465 902 3737 959 instahilis

2155 992 2319 1048 homo
2364 994 2420 1049 in
2466 996 2589 1052 istis
2632 998 2910 1064 cernitur,
2952 997 3127 1051 donec
3176 995 3321 1051 Deus
3370 996 3424 1049 in
3468 1005 3731 1050 aeternum

2153 1086 2429 1143 exsistens
2449 1095 2503 1143 et
2527 1089 2581 1142 in
2612 1089 2734 1159 ipso
2756 1104 2982 1145 manens
3014 1088 3248 1143 Verbum
3273 1087 3487 1140 Domini
3516 1086 3733 1141 stabilia

2151 1184 2206 1231 et
2235 1179 2589 1247 perdurantia
2609 1181 2900 1248 ostendat;
2923 1180 3103 1250 quoad
3125 1180 3362 1233 animam
3395 1179 3732 1242 sensualem,

2150 1271 2481 1341 vaniloquiis
2536 1280 2590 1327 et
2640 1271 3045 1338 alfectionibus,
3100 1271 3407 1344 phantasiis
3456 1280 3511 1327 et
3567 1287 3736 1340 appe-

2150 1361 2362 1428 titibus,
2403 1363 2727 1420 inconstans
2768 1372 2993 1436 apparet
3040 1374 3093 1420 et
3136 1365 3410 1427 diversus,
3454 1364 3735 1434 perpetuis

2149 1456 2389 1512 motibus
2428 1458 2483 1511 in
2512 1457 2600 1513 his
2634 1459 2991 1523 immutatus;
3031 1455 3214 1527 quoad
3242 1471 3444 1525 corpus
3472 1454 3652 1508 adhuc
3677 1461 3735 1509 et

2147 1549 2383 1604 statibus
2434 1548 2737 1605 secundum
2775 1550 3097 1604 occasiones
3142 1555 3197 1603 et
3241 1546 3637 1602 constitutione
3677 1552 3733 1600 et

2147 1642 2335 1697 colore
2363 1641 2517 1695 vitali
2546 1650 2893 1696 commutans
2924 1649 2980 1696 et
3009 1655 3226 1710 semper
3250 1638 3730 1694 vicissitudinibus

2149 1734 2443 1799 obnoxius,
2493 1734 2858 1788 incessantem
2906 1733 3266 1788 mobilitatem
3321 1732 3582 1787 ostendit.
3637 1730 3729 1787 Sic

2148 1842 2246 1898 per
2289 1826 2574 1882 assiduum
2615 1833 2833 1896 tempus
2876 1833 2931 1879 et
2980 1840 3199 1896 semper
3230 1824 3406 1881 fluens
3433 1824 3728 1879 vanitatem

2145 1935 2257 1990 prae
2283 1935 2344 1974 se
2386 1918 2492 1974 fert
2518 1919 2758 1972 humana
2790 1925 2985 1972 natura
3011 1957 3027 1982 ,
3060 1919 3142 1974 sic
3171 1916 3572 1972 consideranda
3613 1915 3730 1971 sive

2144 2010 2201 2065 in
2245 2018 2380 2074 toto,
2424 2010 2542 2066 sive
2579 2010 2787 2063 crassis
2832 2008 2888 2063 in
2922 2010 3189 2080 partibus.
3232 2028 3251 2061 ‹
3288 2007 3540 2064 Praesens
3574 2022 3724 2062 eram

2140 2104 2197 2159 in
2218 2118 2407 2172 carne,
2441 2121 2461 2156 ι
2492 2111 2548 2157 et
2588 2118 2705 2174 seq.
2738 2102 3206 2170 Quemadmodum
3247 2102 3511 2172 scriptum
3554 2110 3639 2155 est
3668 2100 3725 2155 in

2138 2194 2344 2251 lumbis
2382 2194 2661 2249 Abraham
2707 2196 2881 2264 patris
2923 2194 3096 2250 fuisse
3140 2193 3300 2260 Levi,
3330 2194 3410 2248 sic
3443 2201 3498 2248 et
3539 2192 3725 2247 omnis

2139 2287 2306 2343 homo
2332 2295 2626 2357 antequam
2668 2294 2930 2342 nascatur
2958 2287 3132 2358 patris
3159 2288 3241 2341 sui
3277 2287 3330 2340 in
3362 2294 3557 2340 natura
3587 2300 3726 2339 con-

2138 2388 2365 2451 ceptus,
2397 2380 2595 2435 deinde
2637 2380 2695 2436 in
2729 2380 3125 2444 concipientem
3179 2389 3407 2433 matrem
3453 2393 3550 2449 per
3571 2392 3727 2431 com-

2137 2474 2402 2528 mercium
2436 2473 2735 2536 transiens,
2772 2471 2899 2528 inde
2932 2472 3242 2527 communis
3272 2486 3405 2525 caro
3435 2469 3723 2524 amborum

2138 2566 2196 2620 fit
2223 2575 2508 2637 parentum
2528 2566 2583 2620 in
2605 2565 2764 2619 vulva
2786 2564 2980 2618 matris
3000 2563 3305 2631 'feturatus;
3326 2577 3511 2617 verum
3543 2560 3720 2616 fetura

2137 2655 2193 2709 in
2217 2655 2489 2726 principio
2512 2670 2637 2708 cum
2664 2654 2737 2708 sit
2768 2651 3023 2706 informis
3040 2648 3170 2705 caro
3194 2659 3249 2705 et
3278 2664 3398 2719 quae
3423 2645 3720 2701 internosci

2136 2758 2402 2817 nequeat,
2460 2760 2560 2800 nec
2613 2743 2865 2799 mortalis
2914 2758 3015 2797 nec
3066 2743 3229 2796 homo
3282 2740 3468 2795 vocari
3517 2745 3720 2808 potest,

2135 2849 2295 2911 turpe
2328 2839 2532 2910 aliquid
2580 2837 2700 2894 sine
2731 2836 3076 2891 lineamentis
3114 2842 3171 2888 et
3222 2834 3339 2889 sine
3380 2833 3579 2886 decore
3610 2838 3720 2897 est,

2134 2947 2388 2988 sermone
2435 2945 2631 2985 carens
2678 2936 2732 2983 et
2770 2928 3083 2993 intellectu;
3114 2925 3389 2996 quomodo
3424 2925 3568 2980 enim
3605 2923 3722 2979 haec

2132 3032 2318 3080 essent
2350 3023 2403 3077 in
2440 3023 2549 3077 fetu
2589 3021 2733 3092 quod
2758 3019 2916 3090 quasi
2952 3019 3006 3073 in
3044 3020 3296 3088 sepulcro
3328 3018 3384 3071 in
3412 3018 3570 3071 vulva
3602 3031 3725 3071 ma-

2134 3118 2238 3173 tris
2269 3114 2622 3171 coarctatur?
2656 3111 2787 3166 Nam
2817 3122 3072 3182 tanquam
3111 3111 3164 3164 in
3195 3111 3405 3163 tumulo
3441 3110 3513 3164 ibi
3540 3110 3720 3164 inclu-

2130 3210 2311 3276 ditur,
2357 3207 2485 3261 inde
2524 3205 2716 3260 addit:
2774 3222 2793 3254 ι
2848 3203 2940 3258 Bis
2987 3202 3322 3271 sepulcrales
3357 3200 3602 3254 viventes
3647 3199 3717 3253 ad

2129 3300 2553 3371 corruptionem,
2574 3318 2593 3349 ι
2610 3297 2901 3367 adgemens
2925 3295 3008 3350 his
3035 3294 3215 3348 verbis
3238 3301 3400 3362 atque
3425 3291 3714 3361 lugendam

2130 3394 2305 3452 vicem
2346 3392 2640 3448 miserans.
2678 3388 2813 3443 Nam
2862 3386 3021 3457 quasi
3063 3402 3094 3439 e
3143 3385 3330 3440 tumba
3372 3399 3403 3439 e
3446 3381 3713 3437 maternis

2127 3485 2344 3542 vicibus
2379 3489 2642 3543 exeuntes
2671 3489 2725 3535 et
2752 3481 2999 3535 viventes
3040 3479 3142 3533 iter
3181 3476 3395 3548 agimus
3426 3474 3493 3529 ad
3522 3490 3715 3529 eorru-

2129 3578 2374 3649 ptionem
2423 3591 2546 3647 quae
2574 3583 2660 3629 est
2702 3574 2935 3628 alterum
2971 3571 3285 3642 sepulcrum
3341 3579 3394 3624 et
3440 3567 3714 3639 coagulati

2127 3670 2375 3742 corporis
2408 3668 2644 3734 solutio;
2671 3676 2724 3721 et
2751 3681 2935 3735 quam,
2960 3665 3159 3734 inquit,
3184 3663 3326 3717 viam
3344 3661 3711 3724 cucurrimus,

2127 3775 2289 3830 quam
2337 3759 2505 3814 vitam
2558 3759 2613 3812 in
2658 3759 2859 3813 saeculo
2903 3755 3101 3826 degere
3152 3769 3275 3808 cum
3329 3765 3559 3819 corpore
3607 3748 3712 3804 visi

2127 3867 2346 3916 sumus,
2391 3850 2504 3903 lucc
2549 3849 2683 3903 nihil
2725 3848 2830 3902 nisi
2874 3858 3143 3899 annorum
3189 3842 3434 3911 impensa
3476 3847 3531 3893 et
3572 3849 3711 3891 tem-

2127 3943 2276 4013 poris
2316 3941 2601 3996 evacualio
2639 3948 2731 3993 aut
2784 3937 3133 4006 consumptio
3177 3950 3205 3986 a
3249 3949 3335 3987 me
3379 3932 3706 3985 :estimatur.

2125 4035 2244 4104 Ipsa
2283 4034 2413 4087 mihi
2436 4032 2664 4087 effundit
2690 4030 2974 4084 doloribus
3017 4034 3071 4083 et
3111 4024 3371 4080 mumnis
3401 4022 3705 4077 confertam

2125 4132 2483 4181 senectutem.
2528 4123 2599 4175 Ea
2633 4131 2718 4176 est
2763 4121 2944 4175 fatalis
2981 4121 3092 4173 vita
3124 4133 3152 4171 a
3192 4116 3376 4171 tumba
3412 4115 3707 4184 incipiens,

2125 4215 2193 4271 ad
2224 4215 2464 4270 tumbam
2503 4213 2794 4281 desinens;
2834 4212 2880 4266 si
2915 4226 3045 4265 vero
3092 4207 3331 4262 mundus
3366 4205 3527 4270 alius,
3568 4206 3710 4257 vita-

2124 4323 2231 4376 que
2262 4305 2698 4374 incorruptibilis
2728 4312 2781 4358 et
2810 4299 3228 4361 indissolubilis,
3266 4298 3411 4352 sicut
3439 4296 3705 4364 scriptum

2124 4409 2230 4465 est,
2265 4413 2296 4451 a
2333 4412 2565 4467 corpore
2607 4397 2847 4450 solutum
2879 4408 2968 4448 me
3010 4392 3087 4447 ibi
3125 4391 3341 4461 recipit,
3384 4389 3583 4452 vide,o
3622 4397 3704 4453 tu,

2126 4493 2275 4546 fatur
2310 4491 2469 4545 divus
2498 4496 2688 4544 sancta
2721 4486 3045 4555 praedicans,
3070 4500 3135 4538 ne
3170 4483 3307 4538 forte
3329 4497 3451 4550 qua:
3482 4490 3707 4550 apparet

2127 4586 2262 4650 vita,
2301 4583 2485 4647 linem,
2523 4582 2852 4652 supplicium
2888 4589 2942 4632 et
2966 4588 3197 4631 mortem
3233 4576 3451 4636 haheat,
3490 4581 3545 4627 et
3582 4574 3708 4626 vita:

2124 4676 2409 4747 praesentis
2441 4675 2564 4729 finis
2591 4672 2698 4728 iter
2731 4671 2827 4726 tibi
2861 4679 2913 4725 et
2949 4683 3117 4724 causa
3154 4666 3296 4722 adsit
3327 4667 3450 4720 vita:
3483 4666 3708 4719 immor—

2121 4771 2246 4825 talis
2269 4770 2427 4837 longe
2451 4768 2611 4821 aliter
2651 4780 2815 4835 quam
2863 4772 3059 4833 putas;
3101 4770 3158 4814 tu
3200 4759 3418 4829 quidem
3466 4757 3707 4810 totaliter

2122 4864 2260 4915 mori
2317 4858 2614 4928 suspicaris
2658 4857 3004 4919 morientem,
3031 4853 3127 4924 qui
3162 4860 3340 4906 autem
3372 4849 3441 4903 ab
3467 4849 3566 4902 hac
3593 4849 3705 4901 vita

2120 4951 2415 5006 solvendus
2454 4950 2657 5021 optime
2697 4949 2923 5006 omnino
2953 4946 3180 5012 vixerit,
3218 4945 3285 4998 ad
3306 4956 3490 4999 veram
3520 4950 3704 4996 trans-

2119 5044 2219 5098 ibit
2246 5043 2434 5097 vitam.

2130 5355 2189 5412 i5
2238 5352 2381 5407 Nihil
2418 5366 2535 5406 sum
2555 5390 2570 5414 ,
2599 5357 2706 5405 etc.

2191 5474 2487 5541 Postquam
2521 5482 2717 5520 vanam
2754 5474 2807 5523 et
2840 5465 3044 5521 nullius
3075 5467 3236 5538 pretii
3272 5465 3509 5521 hominis
3533 5471 3699 5519 natu-

2116 5581 2232 5620 ram
2269 5560 2666 5619 demonstravit
2697 5570 2751 5615 et
2784 5568 3046 5628 tanquam
3072 5558 3298 5612 nihilum
3335 5556 3696 5612 substantiam

2115 5659 2256 5727 ejus;
2287 5655 2513 5710 minime
2553 5653 2681 5707 facit
2713 5652 2982 5723 reliquum
3012 5651 3080 5706 de
3104 5650 3387 5705 doloribus
3421 5658 3476 5704 et
3508 5663 3699 5718 super-

2116 5747 2461 5803 venientibus
2482 5746 2538 5804 in
2556 5744 2829 5803 hominem
2856 5742 3260 5801 calamitatibus
3280 5742 3471 5800 dicens
3494 5763 3509 5800 :
3527 5742 3701 5802 Natus

499 5913 612 5987 με)
657 5916 863 5973 Alludit
906 5919 975 5974 ad
1012 5917 1067 5975 id
1110 5916 1258 5989 quod
1291 5920 1374 5976 ait
1409 5922 1702 5992 Apostolus
1738 5921 1807 5977 ad
1850 5921 2017 5980 llcbr.
2057 5940 2151 5995 vn,
2181 5928 2234 5985 5.
