4082 6414
399 373 504 430 735

397 507 523 547 sum
555 507 714 562 quas:
745 492 1062 556 nihil,nihil
1091 509 1250 563 sum;
1285 507 1338 550 et
1378 512 1478 552 cur
1505 505 1585 552 tot
1614 499 1774 554 malis
1801 513 1988 568 super-

399 584 746 640 abundanter
786 585 1074 642 confectus
1111 588 1425 658 opprimor,
1470 590 1626 660 quasi
1676 591 1812 646 bene
1851 606 1990 647 cono

397 682 556 730 stans
589 691 769 731 essem
807 675 1022 730 factura
1069 685 1122 731 et
1155 678 1332 731 valida
1378 691 1434 733 et
1466 679 1741 736 robusta?
1768 678 1985 736 Etenim

400 769 860 839 quemadmodum
905 768 1015 824 Deo
1041 779 1094 825 et
1130 771 1443 826 ccelestibus
1481 773 1628 842 quod
1689 771 1757 826 ad
1795 788 1990 827 essen-

399 862 534 913 tiam
559 871 613 914 et
641 863 937 930 potentiam
972 871 1026 917 et
1047 863 1278 932 gloriam
1309 864 1364 916 in
1397 865 1633 920 excelsis
1667 875 1722 919 et
1748 865 1988 920 beatitu-

401 951 582 1005 dinem
629 961 838 1022 spectat
882 954 1264 1009 indissolubile
1295 964 1382 1010 est
1413 965 1471 1011 et
1505 957 1876 1017 immutabile:
1908 957 1990 1014 sic

400 1052 455 1098 et
490 1044 728 1100 hominis
762 1055 973 1100 natura
1005 1047 1388 1103 indissolubile
1424 1056 1477 1102 et
1503 1050 1786 1104 adhaerens
1824 1057 1909 1104 est
1935 1058 1990 1103 et

398 1135 741 1192 immutabile
787 1139 1060 1194 infelicem
1107 1156 1230 1195 esse
1273 1157 1602 1212 semperque
1669 1143 1808 1198 alios
1866 1143 1990 1199 aliis

401 1228 526 1282 vitae
554 1230 814 1284 aerumnis
862 1241 916 1284 et
957 1231 1197 1286 miseriis
1225 1233 1432 1302 urgeri.
1465 1233 1546 1286 Ex
1583 1248 1692 1302 quo
1751 1234 1989 1303 primum

397 1336 433 1374 ο
462 1322 620 1374 vulva
650 1324 838 1376 matris
875 1323 1064 1377 exiens
1103 1325 1156 1376 in
1196 1332 1399 1377 terram
1431 1325 1888 1394 cecidi,ploratus
1921 1326 1993 1382 ab

401 1416 578 1467 oculis
599 1416 778 1482 emisi;
798 1416 928 1469 mihi
947 1432 1078 1487 ergo
1104 1417 1452 1472 manifestum
1472 1419 1720 1488 profecto
1769 1420 1991 1490 signum

400 1505 505 1559 hoc
547 1514 650 1568 est,
687 1506 793 1561 hoc
822 1509 1224 1572 testimonium,
1261 1518 1396 1578 quot
1430 1519 1484 1564 et
1515 1511 1738 1580 quantis
1770 1511 1990 1565 obviam

402 1613 495 1653 ero
523 1601 773 1670 lugendis
799 1609 852 1655 et
879 1602 1035 1656 malis
1066 1603 1158 1669 qui
1191 1605 1512 1673 priusquam
1539 1605 1704 1656 vitam
1729 1601 1990 1667 delibem,

402 1696 673 1762 lacrymas
701 1695 771 1748 ab
802 1696 978 1750 oculis
1001 1695 1196 1750 fundo.
1233 1714 1250 1746 ι
1285 1695 1510 1750 Terram
1538 1695 1832 1765 quamdam
1858 1695 1992 1750 foris

403 1785 655 1844 liberam.
684 1809 694 1835 ›
721 1795 775 1842 et
806 1802 925 1858 seq.
961 1787 1077 1849 Est,
1107 1789 1304 1857 inquit,
1331 1796 1475 1842 terra
1503 1795 1557 1842 et
1591 1788 1768 1843 insula
1799 1789 1853 1842 in
1884 1802 1992 1858 qua

404 1877 707 1931 helluarum
741 1895 914 1949 genus
950 1896 1058 1934 non
1095 1882 1244 1942 vivit,
1275 1891 1330 1934 et
1362 1889 1448 1935 est
1482 1881 1635 1936 locus
1672 1891 1848 1936 tostus
1881 1897 1993 1951 quo

403 1983 510 2022 non
541 1973 943 2040 appropinquat
968 1971 1163 2043 frigida
1199 1990 1634 2037 nox;aerumnas
1657 1984 1836 2029 autem
1869 1976 1994 2028 vita:

403 2073 456 2117 et
495 2063 708 2120 labores
737 2080 897 2119 nemo
944 2067 1268 2135 gloriabitur
1301 2068 1446 2136 quod
1483 2069 1722 2123 intactus
1751 2075 1806 2122 et
1839 2068 1997 2122 indo-

403 2157 570 2211 mitus
595 2157 686 2211 hic
710 2156 1126 2228 subterfugerit.
1155 2157 1260 2214 Sed
1293 2159 1542 2229 quzedam
1575 2159 1790 2214 misera:
1821 2158 1997 2213 homi-

402 2263 534 2302 num
565 2250 689 2302 vita:
719 2249 856 2302 dura
886 2258 1136 2308 recenset
1173 2259 1226 2303 et
1260 2250 1428 2304 dicit:
1476 2251 1620 2304 Sunt
1655 2250 1912 2306 debilitas
1938 2258 1996 2305 et

403 2348 698 2408 paupertas
719 2381 734 2406 ,
771 2341 1018 2409 corporis
1050 2341 1214 2396 variae
1261 2343 1610 2398 inﬁrmitates
1650 2350 1707 2398 et
1739 2344 1863 2399 vitae
1895 2359 1993 2398 ne-

401 2432 773 2486 cessariorum
817 2443 1070 2504 egestas,
1119 2445 1309 2504 partus
1349 2444 1405 2489 et
1450 2436 1611 2490 triste
1648 2438 1856 2499 latum,
1903 2446 1995 2490 aut

401 2523 622 2577 dolores
669 2525 998 2593 parientium
1051 2532 1106 2580 et
1142 2541 1240 2596 pro
1286 2525 1614 2581 educatione
1655 2529 1824 2598 prolis
1872 2544 1995 2584 sese

403 2620 845 2670 cunsumentiuin
868 2659 883 2683 ,
915 2617 1101 2672 odium
1136 2626 1189 2672 et
1220 2619 1274 2671 in
1307 2619 1616 2689 proximum
1655 2619 1906 2684 invidiae,
1941 2630 1997 2677 et

403 2705 595 2775 iujusti
628 2708 730 2761 viri
755 2716 810 2764 et
837 2710 1086 2778 scelerati
1116 2711 1186 2764 ab
1207 2712 1496 2780 egentibus
1529 2714 1844 2767 necessaria
1870 2715 1996 2769 vita:

405 2799 704 2869 rapientes,
737 2815 889 2855 more
913 2801 1218 2855 belluarum
1250 2803 1305 2856 in
1338 2803 1477 2856 mari
1505 2809 1560 2857 et
1591 2818 1757 2873 super
1791 2815 1994 2860 terram

406 2891 637 2946 miseros
679 2900 1036 2957 consumunt,
1082 2901 1136 2946 et
1165 2907 1381 2946 omnem
1417 2892 1557 2946 hanc
1594 2893 1762 2947 vitam
1796 2910 1997 2949 aerum-

404 2994 599 3033 nosam
628 2991 681 3034 et
707 2979 992 3036 doloribus
1019 2979 1335 3036 afﬂuentem
1357 2981 1676 3038 hominibus
1702 2983 1993 3040 inducunt.

409 3089 430 3122 ι
467 3070 672 3126 Damna
711 3072 932 3144 quidem
961 3081 1015 3128 et
1046 3075 1294 3139 omnino,
1338 3093 1356 3128 ι
1395 3087 1450 3130 et
1480 3090 1601 3146 seq.
1625 3075 1782 3142 Quod
1812 3077 1990 3145 dicit,

412 3153 542 3208 illud
590 3166 673 3211 est
721 3176 736 3215 :
783 3161 921 3216 Mala
953 3179 1073 3233 quae
1116 3165 1364 3221 homines
1399 3182 1521 3222 esse
1550 3178 1742 3237 putant
1776 3185 1841 3225 ac
1871 3185 1990 3224 mo-

409 3246 579 3313 lesta,
655 3251 913 3324 pleraque
970 3259 1214 3326 reputavi
1280 3259 1510 3313 omnino
1573 3257 1872 3330 injucunda
1931 3271 1990 3318 et

405 3355 718 3398 aerumnosa
775 3347 1035 3417 Omnique
1089 3350 1291 3403 solatio’
1348 3351 1652 3417 destituta;
1713 3351 1986 3408 bonorum

406 3449 532 3501 qua:
600 3450 666 3488 eo
726 3439 949 3494 nomine
1011 3441 1368 3511 designantur
1435 3445 1689 3500 molestia
1744 3446 1990 3500 immune

408 3526 618 3580 nullum
669 3529 914 3597 profecto
973 3531 1117 3597 vidi,
1167 3549 1232 3589 ex
1294 3550 1404 3604 quo
1452 3535 1703 3590 lethilera
1757 3552 1789 3590 a
1841 3536 1988 3605 ligno

407 3619 716 3689 degustatio
757 3631 810 3677 et
853 3624 1144 3680 homicidae
1193 3627 1398 3682 invidia
1445 3644 1690 3682 amaram
1728 3637 1784 3684 et
1831 3643 1990 3684 acer-

405 3713 530 3767 bam
571 3717 701 3770 mihi
744 3721 1196 3787 transgressionis
1235 3737 1451 3791 poenam
1497 3722 1702 3778 attulit.

1743 378 2042 435 NICETAS
2104 380 2312 435 DAVID

3576 376 3689 431 ’156

2090 515 2222 567 γων,
2247 497 2400 552 οὐδέν
2422 500 2560 569 ειμι.
2601 499 2713 552 Καὶ
2739 498 2827 550 ἵνα
2851 497 2905 549 τί
2927 494 3200 558 τοσούτοις
3223 493 3686 565 ταλαιπωροῦμαι

2091 592 2302 654 κακοῖς,
2347 587 2817 659 ἐνδαπανώμενος,
2853 585 2994 640 ὥστε
3047 584 3295 653 πεπηγὸς
3339 583 3399 636 ὃν
3447 586 3686 652 πρᾶγμα

2091 685 2186 736 καὶ
2224 682 2443 754 ἰσχυρὸν
2476 682 2572 736 καὶ
2613 681 2871 753 στερῤόν;
2905 679 3016 733 Καὶ
3047 679 3158 749 γάρ
3197 677 3386 748 ὥσπερ
3426 677 3544 746 Θεῷ
3587 678 3688 731 καὶ

2089 777 2202 838 τοῖς
2245 773 2410 838 θείοις
2448 773 2510 828 τὸ
2552 775 2671 827 κατ’
2701 776 2921 839 οὐσίαν,
2965 773 3061 827 καὶ
3109 770 3357 842 δύναμιν,
3397 768 3684 833 καὶδόξαν

2090 867 2191 936 τὴν
2231 865 2530 928 ἀνωτάτω,
2561 866 2656 918 καὶ
2701 864 3112 936 μακαριότητα,
3144 861 3412 932 άτρεπτόν
3454 860 3514 913 τέ
3563 861 3684 912 ἐστι

2095 959 2190 1014 καὶ
2223 958 2561 1028 ἀμετάϐολον
2584 975 2597 989 ·
2626 958 2799 1020 οὕτως
2823 956 3112 1028 ἀνθρώπου
3139 955 3300 1026 φύσει
3323 955 3383 1006 τὸ
3402 953 3686 1007 ταλαιπω-

2099 1049 2344 1121 ρεῖσθαι,
2375 1050 2470 1103 καὶ
2497 1049 2586 1102 ἀεὶ
2633 1051 2744 1112 τοῖς
2775 1047 2870 1102 τοῦ
2916 1048 3032 1118 βίου
3078 1043 3451 1100 διαπονεῖσθαι
3488 1042 3684 1096 ἄλλοτε

2093 1139 2276 1203 ἀλλοις
2329 1140 2612 1202 ἐπιπόνοις
2664 1141 2761 1193 καὶ
2806 1139 3085 1211 άλγηροῖς,
3129 1137 3395 1209 ἄτρεπτον
3445 1137 3684 1206 ὑπάρχει

2092 1233 2188 1285 καὶ
2235 1233 2483 1302 συμφυὲς
2524 1234 2618 1285 καὶ
2659 1233 2998 1302 ἀμετάθετον
3035 1248 3048 1262 ο
3084 1230 3145 1296 ἐξ
3176 1226 3237 1285 οὗ
3266 1229 3328 1300 δὴ
3367 1229 3428 1281 τὸ
3465 1227 3682 1297 πρῶτον

2091 1323 2201 1377 τῶν
2231 1325 2515 1397 μητρικῶν
2552 1325 2791 1392 λαγόνων
2831 1323 3172 1385 όλισθαίνων,
3211 1323 3305 1376 καὶ
3341 1322 3421 1384 εἰς
3459 1321 3562 1391 γῆν
3591 1320 3687 1372 ἐκ·

2093 1415 2300 1478 πεσὼν,
2328 1415 2562 1487 δάκρυον
2589 1418 2778 1487 ἀφῆκα
2804 1417 2914 1469 τῶν
2950 1414 3248 1486 ὀφθαλμῶν
3273 1429 3289 1445 ο
3321 1413 3416 1466 καὶ
3448 1411 3558 1482 γάρ
3589 1426 3682 1482 μοι

2093 1509 2246 1561 τουτὶ
2303 1508 2506 1582 δηλαδὴ
2557 1508 2825 1579 σύμϐολον
2870 1509 3128 1579 ἐναργὲς,
3162 1506 3321 1562 τοῦτο
3351 1505 3558 1574 γίνεται
3593 1520 3686 1557 τε-

2095 1601 2333 1672 κμήριον
2350 1642 2364 1665 ,
2399 1602 2545 1664 ὅσοις
2567 1603 2660 1656 καὶ
2684 1603 2816 1665 οἵοις
2851 1602 3028 1672 μέλλω
3050 1599 3478 1670 συναντήσεσθαι
3505 1598 3684 1669 λυπη-

2100 1695 2213 1764 ροῖς
2247 1695 2342 1747 καὶ
2360 1696 2574 1761 κακοῖς,
2605 1694 2665 1747 τὸ
2700 1696 2828 1764 πρὶν
2856 1693 2890 1765 ἦ
2915 1693 3009 1747 τοῦ
3036 1693 3150 1764 βίου
3179 1691 3419 1763 ἅψασθαι
3447 1691 3685 1761 δάκρυον

2095 1783 2158 1849 ἐξ
2183 1785 2478 1856 ὀφθαλμῶν
2502 1786 2740 1856 ἀφεῖναι.

2205 1877 2415 1946 Χώρην
2433 1879 2552 1948 μέν
2582 1881 2690 1933 τιν’
2721 1877 2967 1947 ἄθηρον,
2997 1896 3052 1933 κ.
3082 1895 3136 1932 τ.
3163 1875 3242 1944 ἐξ.

2173 1973 2348 2036 Ἐστι,
2379 1974 2534 2044 φησὶ,
2565 1973 2737 2046 χώρα,
2763 1976 2858 2026 καὶ
2883 1975 3076 2043 νῆσος,
3113 1965 3229 2045 ἐνῇ
3261 1969 3442 2042 θηρῶν
3476 1965 3688 2037 ἀγρίων

2095 2069 2157 2120 οὐ
2183 2067 2453 2120 διαιτᾶται
2487 2067 2650 2136 φύσις
2672 2085 2686 2098 ·
2725 2069 2818 2121 καὶ
2845 2068 2960 2120 ἐστι
2984 2068 3149 2130 τόπος
3177 2064 3684 2131 κατακεκαυμένος,

2093 2155 2156 2214 οὗ
2196 2160 2407 2232 κρυερὰ
2449 2161 2509 2212 ού
2548 2159 2899 2232 προσεγγίζει
2937 2159 3098 2228 νιφάς
3131 2171 3145 2186 ⁸
3182 2156 3290 2210 τῶν
3332 2155 3594 2225 λυπηρῶν
3628 2153 3679 2206 δὲ

2093 2253 2189 2307 τοῦ
2226 2253 2342 2324 βίου
2369 2255 2464 2306 καὶ
2489 2253 2598 2307 τῶν
2635 2253 2848 2324 μόχθων
2871 2252 3048 2316 οὐδεὶς
3069 2252 3403 2320 καυχήσεται
3434 2249 3509 2311 ὡς
3551 2248 3673 2300 ἀδά-

2099 2361 2302 2416 μαστος
2340 2346 2435 2397 καὶ
2477 2344 2740 2413 ἄγευστος
2764 2342 2998 2396 ἐνταῦθα
3026 2340 3322 2410 διαφυγών.
3365 2339 3534 2392 Ἀλλά
3564 2339 3687 2392 τινὰ

2093 2435 2164 2489 τά
2192 2435 2427 2504 δυσχερῆ
2464 2434 2574 2504 (46)
2604 2433 2698 2487 τοῦ
2723 2431 3071 2504 ταλαιπώρου
3099 2433 3207 2485 τῶν
3233 2429 3536 2501 ἀνθρώπων
3567 2430 3688 2500 βίου

2094 2530 2215 2581 κατ’
2262 2526 2399 2592 εἶδος
2436 2526 2852 2600 ἀναριθμεῖται,
2896 2526 2989 2580 καί
3017 2543 3181 2596 φησιν
3213 2541 3226 2554 °
3276 2523 3559 2596 Ἀδράνεια
3594 2526 3691 2578 καὶ

2096 2621 2280 2682 πενία,
2313 2619 2565 2691 σώματος
2605 2620 2910 2691 ἀρρωστίαι
2942 2619 3182 2674 ποικίλαι
3217 2619 3312 2672 καὶ
3339 2618 3536 2672 ἐνδειαι
3575 2616 3688 2669 τῶν

2095 2711 2418 2783 ἐπιτηδείων
2445 2711 2580 2784 πρὸς
2607 2711 2770 2783 ζωὴν,
2797 2712 2957 2775 τόκος
2991 2712 3085 2765 καὶ
3117 2711 3282 2782 μόρος
3307 2750 3320 2772 ,
3353 2711 3474 2778 ἦτοι
3515 2725 3688 2762 κακο-

2095 2803 2300 2856 πάθεια
2356 2807 2476 2867 ταῖς
2507 2806 2820 2869 τικτούσαις
2847 2805 2940 2858 καὶ
2968 2805 3097 2876 περὶ
3116 2803 3212 2874 τὴν
3240 2803 3550 2874 ἀνατροφὴν
3575 2801 3687 2853 τῶν

2097 2895 2336 2962 ἐκγόνων
2371 2896 2754 2966 πονουμέναις,
2784 2895 2940 2966 ἔχθος
2973 2895 3067 2949 καὶ
3101 2896 3157 2948 αἱ
3189 2896 3327 2966 πρὸς
3358 2895 3482 2956 τοὺς
3508 2910 3686 2962 γειτο-

2095 2985 2322 3051 νοῦντας
2367 2987 2580 3059 ἔχθραι,
2603 2987 2699 3040 καὶ
2738 2987 2914 3042 ἄδικοι
2957 2986 3150 3056 ἄνδρες
3186 2987 3282 3039 καὶ
3337 2984 3684 3058 ἁμαρτωλοὶ,

2098 3078 2195 3142 τὰς
2221 3078 2359 3150 πρὸς
2389 3078 2450 3132 τὸ
2475 3076 2575 3150 ζῇν
2596 3077 2707 3130 τῶν
2744 3078 3148 3148 ταπεινοτέρων
3178 3075 3495 3148 άρπώμενοι
3519 3077 3688 3144 ἀφορ-

2101 3173 2209 3244 μάς
2232 3212 2247 3236 ,
2293 3173 2482 3244 ὅμοιον
2518 3173 2718 3246 τρόπον
2755 3174 2867 3236 τοῖς
2906 3172 2966 3225 ἐν
2999 3170 3244 3242 Θαλάσσῃ
3281 3169 3443 3240 Θηρσὶ
3487 3169 3581 3221 καὶ
3619 3169 3687 3239 τῇ

2099 3265 2241 3339 ξηρᾷ
2269 3265 2691 3338 κατατρίϐουσιν
2726 3267 2924 3331 αὐτοὺς
2943 3309 2958 3332 ,
2993 3266 3085 3319 καὶ
3119 3265 3297 3317 πάντα
3324 3264 3414 3316 τὸν
3445 3261 3560 3330 βίον
3589 3259 3687 3312 άλ-

2095 3357 2266 3430 γηρὸν
2297 3359 2389 3412 καὶ
2419 3357 2690 3410 ἐπώδυνον
2715 3359 2829 3420 τοῖς
2851 3353 3159 3428 ἀνθρώποις
3190 3350 3539 3406 καθιστῶσιν.

2205 3450 2456 3518 "tutata
2474 3448 2593 3519 μὲν
2622 3450 2720 3503 καὶ
2754 3447 3026 3518 πάμπαν,
3052 3464 3087 3499 κ
3133 3463 3183 3499 τ.
3213 3443 3289 3506 ἐξ.

2177 3541 2244 3593 Ὃ
2287 3541 2342 3594 δὲ
2379 3541 2550 3606 λέγει,
2591 3540 2830 3594 τοιοῦτόν
2867 3542 2982 3592 ἐστι
3013 3555 3026 3569 ·
3063 3536 3178 3590 Τῶν
3219 3533 3347 3602 παρ’
3370 3526 3676 3600 ἀνθρώποις

2099 3629 2409 3699 λεγομένων
2457 3631 2647 3684 κακῶν
2693 3630 2789 3683 καὶ
2832 3627 3108 3700 δυσχερῶν
3157 3622 3325 3676 πολλά
3373 3617 3681 3687 κατενόησα

2100 3720 2383 3784 παντελῶς
2411 3721 2540 3774 ὄντα
2574 3720 2791 3792 ἀτερπῆ
2862 3720 2957 3771 καὶ
2989 3715 3211 3788 λυπηρά
3231 3757 3245 3782 ,
3290 3715 3386 3766 καὶ
3428 3708 3686 3780 οὐδεμίαν

404 3801 598 3870 ἔχοντα
627 3800 959 3871 παραψυχὴν
995 3803 1457 3875 παρομαρτοῦσαν
1484 3821 1498 3833 ·
1535 3805 1641 3858 τῶν
1673 3805 1896 3874 ἀγαθῶν
1942 3807 2000 3862 δὲ
2035 3809 2093 3862 ἐν
2133 3810 2233 3882 βίῳ
2263 3813 2774 3884 κατωνομασμένων
2817 3811 2970 3865 οὐδὲν
3009 3810 3236 3880 ἄμοιρον
3276 3805 3452 3876 λύπης
3486 3797 3690 3856 παντά-

405 3911 540 3948 πασι
570 3895 858 3966 τεθέαμαι,
894 3894 985 3964 ἀφ’
1009 3887 1124 3966 οὗὴ
1155 3894 1375 3967 ὀλεθρία
1397 3894 1491 3948 τοῦ
1518 3895 1677 3963 ξύλου
1708 3897 1898 3968 γεῦσις
1927 3901 2021 3954 καὶ
2053 3904 2083 3954 ό
2102 3903 2195 3957 τοῦ
2225 3904 2580 3977 ἀνδροκτόνου
2609 3904 2802 3975 φθόνος
2838 3903 3042 3975 πικράν
3071 3898 3280 3972 μοικαὶ
3320 3895 3566 3967 ἀλγηράν
3591 3892 3691 3963 τὴν

401 3989 504 4060 τῆς
537 3989 903 4060 παραϐάσεως
927 3989 1200 4061 τιμωρίαν
1228 3991 1594 4060 ἐναπήμεσεν.

405 4100 474 4157 59
498 4099 628 4154 ﬂwc
646 4101 760 4164 tibi,
787 4117 935 4164 caro,
969 4100 1114 4154 dicta
1140 4103 1269 4163 sint.
1294 4120 1396 4156 mm
1419 4103 1580 4170 facile
1603 4105 1861 4167 sanabili,
1885 4113 1991 4161 etc.

473 4193 556 4247 Ad
603 4201 655 4248 te
687 4208 850 4262 ergo,
882 4208 915 4247 ο
949 4209 1112 4257 caro,
1164 4204 1360 4248 sanatu
1398 4195 1704 4258 dillicilem,
1739 4196 1996 4252 immedi—

403 4285 632 4339 cahilem
671 4285 814 4341 forte
859 4289 974 4341 haec
1008 4303 1039 4342 a
1080 4290 1281 4345 nobis:
1323 4305 1450 4344 nam
1492 4289 1652 4346 hoste
1695 4305 1909 4346 ammna
1944 4301 1998 4348 te

404 4385 528 4433 utor
551 4389 606 4433 et
633 4395 849 4449 semper
876 4381 1169 4448 militanti;
1205 4381 1380 4437 hostis
1412 4381 1598 4437 debita
1633 4398 1851 4454 semper
1887 4385 1994 4438 ini-

405 4473 546 4526 mica
582 4473 806 4541 placens
850 4488 1002 4534 caro,
1047 4482 1162 4527 tum
1197 4491 1340 4545 saepe
1379 4491 1690 4542 cooperans
1722 4477 1788 4530 ad
1827 4478 1994 4541 bona,

403 4573 519 4618 tum
545 4565 822 4618 ordinarie
850 4581 1120 4635 prapensa
1142 4565 1207 4620 ad
1233 4567 1501 4622 malorum
1529 4568 1811 4639 abyssum.
1844 4567 1997 4624 Ferae

404 4657 702 4711 blandienti
743 4657 877 4712 mihi
914 4659 1112 4714 similis
1148 4659 1352 4716 videris
1391 4669 1447 4716 et
1492 4661 1776 4726 adulanti,
1813 4672 1868 4718 et
1909 4664 1991 4717 in.

404 4748 619 4802 tet-dum
657 4749 853 4804 acerbe
893 4749 1190 4818 mordenti;
1239 4757 1295 4806 et
1324 4753 1434 4822 igni
1463 4753 1806 4809 calefacienti
1836 4754 1991 4811 simi-

403 4843 550 4904 labo.
595 4844 688 4899 sed
715 4853 771 4900 et
815 4843 982 4901 simul
1025 4845 1383 4903 vehementer
1415 4849 1804 4920 refrigeranti;
1841 4852 1990 4924 quod

403 4941 707 5007 insolitum,
737 4957 914 5012 eoque
949 4943 1124 5013 magis
1148 4943 1344 4998 mirum
1366 4952 1472 5010 est,
1498 4947 1544 5002 si
1571 4946 1710 5003 forte
1733 4949 1799 5002 ad
1828 4949 1988 5003 tinem

401 5041 575 5086 totum
604 5034 736 5088 mihi
782 5034 1047 5090 benevola
1089 5037 1248 5092 lieres
1283 5053 1585 5113 pacemque
1652 5041 1852 5109 dares;
1893 5042 1992 5096 tibi

401 5137 555 5190 ergo,
588 5137 621 5176 o
644 5138 795 5199 caro,
820 5123 934 5178 haec
959 5125 1109 5180 dicta
1143 5126 1274 5194 sint,
1309 5128 1405 5184 sed
1431 5137 1488 5184 et
1513 5129 1609 5184 tibi
1638 5131 1832 5186 animat
1886 5125 1990 5198 ipsi

405 5214 663 5269 dicentur
720 5226 883 5286 prout
937 5219 1151 5289 justum
1207 5229 1314 5278 est.
1370 5241 1388 5274 ι
1434 5222 1613 5290 Quis?
1655 5224 1858 5280 Unde?
1903 5235 1998 5278 aut

402 5309 534 5375 quid
563 5310 666 5365 es?
697 5331 714 5363 ι
739 5318 792 5366 et
815 5326 932 5381 seq.
961 5311 1098 5378 Quis
1115 5319 1169 5367 et
1193 5315 1358 5380 unde,
1385 5322 1438 5370 et
1461 5315 1591 5386 quid
1611 5332 1670 5371 es
1689 5315 1994 5372 secundum

405 5409 682 5467 naturam,
722 5401 812 5457 die
851 5403 896 5458 si
945 5404 1146 5472 habes;
1179 5406 1302 5476 quis
1337 5412 1391 5462 te
1422 5415 1699 5462 mortuum
1730 5407 1992 5462 ferentem

403 5504 502 5551 aut
528 5511 732 5566 corpus
766 5497 1029 5554 ferentem
1081 5499 1405 5570 plasmavit?
1453 5500 1588 5568 Quis
1631 5500 1995 5568 undeqnaqne

405 5600 690 5645 oneratam
741 5600 796 5645 et
839 5591 906 5644 ad
955 5602 1156 5649 terram
1199 5594 1487 5665 religatam
1535 5595 1747 5648 catenis
1800 5591 1994 5646 validis

405 5680 534 5737 vitae
570 5684 856 5753 religavit?
891 5687 1178 5752 Quomodo
1223 5685 1517 5740 contmista
1563 5685 1660 5756 es?
1709 5684 1995 5752 Quomodo

477 5865 588 5934 (56)
619 5868 800 5924 Codex
836 5870 975 5924 ἀλλὰ
1003 5872 1122 5926 τίνα
1153 5871 1220 5923 τὰ
1246 5869 1512 5938 δυσχιρεῐ.

2097 4115 2164 4170 59
2200 4113 2300 4167 Σοὶ
2320 4113 2439 4182 μὲν
2467 4111 2564 4178 δὴ,
2592 4111 2772 4179 σὰρξ.
2795 4111 2924 4165 τοῖα
2953 4109 3267 4172 δυσωθέἴ,
3305 4127 3356 4162 κ.
3388 4127 3435 4162 τ.
3461 4110 3508 4160 λ.

2170 4203 2314 4276 Πρὸς
2355 4202 2418 4257 σὲ
2459 4205 2557 4275 μὲν
2588 4200 2680 4257 οὖν
2701 4245 2715 4267 ,
2752 4197 2797 4256 ὦ
2833 4204 2990 4274 σάρξ,
3023 4203 3262 4273 δυσαλθῆ
3293 4220 3352 4255 τε
3386 4204 3477 4255 καὶ
3501 4199 3688 4254 δυσία-

2096 4315 2186 4351 τον
2223 4298 2573 4368 ὑπάρχουσαν
2598 4297 2824 4352 τοιαῦτα
2859 4299 2991 4370 παρ’
3021 4297 3176 4367 ἡμῶν
3200 4315 3212 4326 ·
3253 4295 3483 4364 καὶγὰρ
3509 4290 3690 4363 ἐχθρῷ

2099 4407 2180 4443 σοι
2230 4390 2451 4460 εὐμενεῖ
2505 4389 2723 4460 χρῶμαι
2757 4391 2850 4443 καὶ
2908 4388 3360 4460 φιλοπολεμοῦντι
3423 4387 3532 4440 ἀεί.
3564 4384 3690 4438 Φίλα

2104 4479 2298 4550 εχθρος
2325 4481 2434 4532 αἰεὶ
2463 4481 2761 4552 δυσμενὴς,
2785 4483 2818 4552 ή
2854 4482 2989 4554 σὰρξ
3021 4481 3192 4549 φίλος,
3221 4480 3283 4532 τὸ
3311 4479 3411 4550 μὲν
3431 4476 3689 4549 συνεργὸς

2103 4572 2242 4642 πρὸς
2292 4572 2361 4625 τά
2412 4573 2554 4626 καλά
2585 4573 2875 4637 πολλάκις,
2931 4573 2992 4626 τὸ
3038 4573 3081 4626 δ’
3133 4573 3380 4635 ἐκτόπως
3427 4571 3688 4642 βρίθουσα

2102 4665 2237 4735 πρὸς
2284 4663 2470 4719 κακῶν
2525 4664 2718 4735 βάθος·
2757 4665 2932 4736 θηρίῳ
2963 4666 3085 4738 ’γάρ
3119 4665 3353 4718 ἐοικέναι
3397 4681 3485 4734 μοι
3511 4664 3686 4726 δοκεῖς

2101 4753 2481 4824 προσσαίνοντι
2523 4755 2622 4826 μὲν
2655 4755 2996 4820 κολακικῶς,
3041 4755 3290 4809 δάκνοντι
3322 4755 3368 4808 δ’
3399 4755 3570 4806 ἐνίοτε
3599 4772 3690 4808 πι-

2098 4846 2279 4918 κρῶς,
2308 4849 2405 4902 καὶ
2435 4848 2570 4920 πυρὶ
2593 4848 2942 4919 θερμαίνοντι
2967 4849 3348 4920 παρομοιάσω,
3388 4848 3504 4900 ἀλλ’
3535 4847 3688 4918 αύτῷ

2099 4943 2276 5012 τούτῳ
2308 4943 2402 4996 καὶ
2433 4941 2658 5014 ψύχοντι
2693 4943 2967 5016 σφοδρῶς·
3009 4943 3038 4996 ὃ
3067 4944 3159 4996 καὶ
3190 4942 3493 5014 παράδοξον
3512 4983 3528 5007 ,
3567 4944 3687 5011 μείο

2101 5037 2192 5100 ζον
2232 5036 2288 5089 δὲ
2319 5034 2537 5105 θαῦμα,
2587 5038 2642 5089 εἶ
2671 5055 2800 5091 ποτε
2839 5037 2941 5090 κᾶν
2987 5039 3044 5101 ἐς
3097 5035 3324 5107 ὕστερον
3354 5035 3415 5088 τὸ
3441 5033 3562 5087 ὅλον
3597 5049 3690 5102 μοι

2100 5127 2333 5198 εὐμενὴς
2379 5127 2552 5195 γένοιο
2598 5129 2692 5182 καὶ
2737 5127 3060 5199 εἰρηνεύοις.
3115 5128 3206 5180 Σοὶ
3253 5128 3350 5197 μὲν
3381 5123 3474 5180 οὖν
3503 5125 3601 5197 δὴ,
3636 5119 3684 5178 ὦ

2102 5219 2271 5290 σάρξ,
2322 5219 2494 5273 ταῦτα
2546 5222 2955 5292 προσειρήσθω·
3004 5221 3140 5274 ἀλλά
3171 5222 3266 5275 καὶ
3314 5221 3397 5274 σοὶ
3442 5222 3508 5290 τῇ
3541 5219 3687 5291 ψυχῇ

2101 5313 2239 5384 αὐτῇ
2270 5311 2340 5365 τὰ
2375 5311 2685 5383 καθήκοντα
2714 5312 3033 5384 ῥηθήσεται.
3123 5308 3132 5316 ’

2247 5405 2378 5469 Ti'c;
2405 5405 2622 5466 πόθεν;
2652 5403 2690 5471 ἢ
2721 5403 2781 5456 τί
2811 5404 3048 5472 πέλοις
3075 5423 3128 5459 κ.
3161 5423 3210 5459 τ.
3248 5403 3327 5470 ἐξ.

2171 5499 2267 5561 Τίς
2301 5498 2394 5551 καί
2443 5497 2604 5550 πόθεν
2663 5498 2754 5550 καὶ
2791 5499 2842 5550 τί
2893 5499 3034 5550 κατά
3072 5501 3171 5570 τὴν
3219 5500 3379 5568 φύσιν
3411 5497 3580 5568 αὐτὴν
3611 5493 3684 5561 εί,

2103 5591 2348 5660 φράσον,
2398 5589 2450 5641 εἴ
2483 5606 2564 5642 σοι
2611 5589 2812 5660 παρὼν
2843 5590 2926 5654 τίς
2972 5592 3028 5644 δέ
3064 5608 3123 5643 σε
3151 5592 3516 5662 νεκροφόρον,
3568 5591 3688 5661 ἦτοι

2107 5679 2491 5754 σωματοφὸρον
2511 5721 2526 5744 ,
2584 5681 2911 5751 ἐποιήσατο,
2967 5685 3207 5755 στερεοῖς
3240 5685 3298 5736 ἐν
3327 5683 3547 5752 δεσμοῖς
3592 5678 3687 5734 τοῦ
