4082 6430
1477 402 1540 457 ΙΝ
1581 406 1890 465 CARMINA
1929 412 2211 466 ARCANA
2249 413 2306 468 S.
2346 414 2696 474 GREGORII.
3619 436 3728 492 738

441 507 562 578 βίου
616 509 930 582 καταδήσας
985 516 1320 586 πανταχόθεν
1374 519 1748 597 βαρυνομένην
1783 528 1876 581 καὶ
1903 545 1990 581 συι

2135 530 2362 600 spiritus
2391 547 2517 588 cum
2561 535 2673 600 sis,
2713 551 2880 592 onere
2904 541 3154 611 corporis
3196 542 3402 601 domita
3444 549 3545 605 es?
3574 546 3722 616 Quo-

438 601 803 671 ειΑκυσμένην
854 605 934 667 είς
979 605 1112 676 γῆνς
1145 608 1262 674 πῶς
1310 610 1549 684 ἑμίγης;
1592 616 1711 681 πῶς
1751 619 1990 692 ἐκράθης

2135 619 2298 675 modo
2331 624 2549 679 animus
2582 639 2706 680 cum
2736 627 2847 693 sis,
2880 629 3169 701 imperium
3194 636 3381 690 carnis
3413 634 3611 694 'coacta
3659 659 3723 696 es

434 694 660 764 πνεύμα
707 689 864 764 οὖσα,
887 695 967 768 τῷ
1018 697 1172 771 βάρει
1214 700 1310 755 τοῦ
1344 703 1624 775 σώματοςς
1657 709 1776 774 πῶς
1810 689 1866 764 δὲ
1902 689 1990 766 νοῦ

2132 711 2414 782 recipere?
2433 713 2683 774 Pondere
2711 720 2972 778 immunis
2993 725 3122 793 quid
3155 727 3372 796 pondus
3402 729 3512 786 l'ers
3529 732 3555 785 ?
3578 730 3720 789 Nam

439 388 547 442 737

436 786 677 840 πέλουσα
700 825 716 850 ,
787 791 952 859 σαρκὶ
1015 792 1287 865 κραθῆναι
1350 797 1656 866 κατεδέξως
1729 802 1905 876 κούφη
1964 805 2023 859 δὲ

430 880 780 952 τυγχάνουσα
823 881 943 946 πῶς
980 884 1144 955 ἄχθος
1172 888 1394 959 φέρεις;
1421 890 1606 946 Ταῦτα
1646 894 1756 966 γὰρ
1786 898 2024 953 ἀντικεί-

435 991 575 1043 μενα
606 973 683 1038 ὡς
704 975 920 1029 ἐναντία
951 976 1203 1049 ἀλλήλοις
1235 981 1582 1055 διαμάχεται.

431 1061 502 1118 69
539 1065 610 1117 El
629 1063 747 1132 μὲν
774 1062 852 1133 δὴ
871 1065 1226 1133 ’σάρκεσσιν
1253 1074 1694 1221 ὁμόσποροῖθίἓ
1895 1076 2022 1205 λῆλ-

504 1224 895 1297 Προσλαλήσας
941 1232 1008 1302 τῇ
1057 1234 1223 1305 σαρκὶ
1267 1236 1518 1309 πρῶτον,
1555 1237 1674 1296 εἶτα
1718 1247 1785 1315 τῇ
1833 1245 2015 1317 ψυχῇ,

427 1315 529 1369 ὅσα
572 1316 1044 1392 θεοληπτούμενον
1075 1326 1243 1398 ἄνδρα
1274 1329 1597 1400 προσλαλεῖν
1630 1335 1829 1405 ἐχρῆν,
1860 1315 2018 1402 αὖθις

427 1410 567 1483 πρὸς
603 1412 704 1484 τὴν
752 1414 934 1486 ψυχὴν
965 1420 1094 1489 περὶ
1114 1420 1211 1491 τῆς
1262 1424 1383 1477 κατ’
1409 1426 1579 1497 αὐτὴν
1607 1429 1875 1498 γενέσεως
1920 1432 2015 1487 καὶ

427 1502 568 1575 πρὸς
615 1505 678 1559 τὸ
742 1505 904 1578 σῶμα
961 1512 1318 1582 συγκράσεως
1366 1515 1673 1587 διαλέγεται
1726 1522 2014 1595 θεοφορού-

431 1611 592 1690 pavo;
611 1637 626 1659 ,
660 1597 724 1651 Εἰ
753 1598 853 1666 μὲν
886 1599 1003 1671 ἅμα
1023 1641 1038 1664 ,
1082 1602 1258 1674 λέγων
1279 1648 1296 1671 ,
1338 1607 1417 1679 τῷ
1451 1610 1664 1682 σώματι
1715 1615 1811 1668 καὶ
1836 1616 1974 1690 αὑτὴ
1993 1658 2009 1680 ,

425 1677 474 1738 ὦ
514 1686 689 1761 ψυχὴ.
717 1694 1156 1766 συσπειρομένη,
1186 1699 1252 1769 τῇ
1291 1677 1754 1776 μητρῷα-γαστρὶ
1798 1677 2010 1777 συγκαέ

424 1778 727 1852 τεόλήθης,
775 1783 871 1836 καὶ
918 1783 1064 1840 οὕτω
1124 1790 1406 1862 παρῆλθες
1445 1796 1526 1859 είς
1549 1796 1643 1849 τὸν
1674 1797 1811 1868 βίον,
1837 1799 1883 1853 ὥ
1914 1819 2009 1872 μοι

424 1870 528 1940 τῆς
586 1872 847 1942 συζυγίας
895 1876 985 1932 διὰ
1049 1882 1262 1951 μακροῦ
1313 1885 1685 1958 ἀπολομένηςί
1734 1894 1845 1946 Καὶ
1900 1870 2007 1967 γὰρ

427 1958 595 2013 εἰκὼν
628 1958 770 2015 εἶναι
812 1964 945 2018 Θεοῦ
997 1969 1212 2038 φρονῶν
1255 1974 1350 2027 καὶ
1380 1976 1773 2050 μεγαλαυχῶν,
1803 1958 2009 2053 μαργο-

432 2048 599 2119 σύνης
649 2054 880 2125 αἰσχρᾶς
919 2059 1011 2112 καὶ
1040 2060 1236 2134 ἀτίμου
1285 2066 1527 2135 ρεύσεως
1573 2048 2005 2146 ἀποτετέλεσμαι

429 2140 562 2203 υἱός.
594 2143 928 2217 Αἰσχύνομαι
955 2150 1020 2223 δὴ
1048 2148 1143 2208 οὖν
1175 2158 1389 2228 μητέρα
1424 2162 1610 2233 τιμῆς,
1645 2166 1790 2235 φημὶ
1815 2167 1880 2240 δὴ
1904 2140 2006 2240 τῆς

418 2232 626 2297 είκόνος
645 2273 658 2297 ,
694 2238 794 2308 τὴν
824 2240 929 2311 τῆς
958 2245 1161 2316 σαρκὸς
1192 2249 1491 2306 ἀκόλαστον
1516 2232 1738 2330 λέγω-νῆ
1760 2232 2003 2317 smine};

414 2322 743 2398 ἐπιθυμίαν·
777 2333 1117 2408 εὐλαϐοῦμαι
1150 2341 1246 2394 καὶ
1277 2343 1424 2398 δέδια
1459 2348 1672 2420 μητέρα
1696 2322 1795 2421 si};
1821 2353 2002 2425 ψυχῆς

411 2415 515 2487 τὴν
542 2419 729 2489 ῥεῦσιν
758 2425 959 2489 εἰπεῖν,
994 2428 1076 2482 ὃτι
1120 2433 1257 2504 αὐτὴ
1289 2437 1388 2505 μὲν
1417 2415 1684 2513 ἔφθαρται
1713 2415 1795 2508 είς

410 2517 651 2582 παγεῖσα
680 2517 897 2590 βροτοῦ,
922 2522 982 2587 ὃς
1009 2524 1105 2579 νῦν
1135 2528 1236 2598 μὲν
1261 2533 1455 2602 δρᾶται
1482 2532 1670 2605 βροτὸς
1691 2553 2001 2609 γενεσιουρ-

413 2606 622 2676 γηθεὶς,
654 2605 815 2675 αὖθις
838 2612 897 2666 δὲ
918 2615 1039 2669 οὐδὲ
1064 2617 1273 2689 βροτὸς,
1303 2623 1442 2678 ἀλλά
1478 2627 1626 2691 κόνις
1652 2628 1911 2700 ἐσόμενος
1934 2605 1999 2685 ιδ

413 2698 743 2756 τελευταῖον.
776 2704 843 2758 Εἰ
885 2702 1008 2772 οὖν,
1057 2708 1103 2762 ὦ
1131 2711 1296 2784 ψυχὴ,
1326 2718 1390 2787 τῇ
1421 2718 1587 2789 σαρκὶ
1613 2698 1997 2789 συγκατεσπᾶ-

412 2807 542 2863 ρης.
577 2795 650 2864 μή
681 2811 813 2850 ποτε
844 2798 940 2852 καὶ
975 2805 1511 2881 συγκαταφθαρῇιλςι

476 2888 550 2939 Εἰ
576 2886 644 2940 δὲ
673 2889 756 2942 σύ
782 2891 834 2959 τ’
863 2893 1114 2962 οὐρανίη
1139 2913 1258 2963 τις,
1280 2916 1334 2953 κ.
1369 2919 1418 2956 τ.
1455 2903 1537 2969 ἐξ.

476 2976 669 3050 Εῐπερ,
707 2983 872 3052 φησὶν
891 3022 905 3045 ,
930 2985 1028 3055 οὐχ
1043 2987 1373 3062 ὁμόσπορος,
1401 2988 1451 3048 ὦ
1472 2995 1642 3069 ψυχὴ,
1663 3000 1894 3068 γέγονας
1914 3003 1994 3074 τῷ

406 3066 624 3137 σώματι
642 3112 656 3133 ,
688 3069 876 3146 ὥσπερ
903 3076 1013 3128 οὐδ’
1050 3079 1300 3151 ὁμοφυὴς
1335 3084 1487 3152 (πῶς
1515 3066 1772 3160 yet—act
1802 3094 1865 3148 τὸ
1894 3066 1992 3166 μὲν

409 3158 542 3254 χοῦς
579 3162 671 3213 καὶ
687 3164 896 3254 -ὲπάγη
927 3170 991 3221 ὲκ
1026 3170 1171 3240 χοὸς.
1199 3175 1264 3229 σὺ
1296 3175 1354 3229 δὲ
1382 3158 1642 3250 οὐρανίας
1686 3158 1992 3254 κομπάζεις

414 3245 630 3313 φύσεως
660 3245 796 3305 εἶναι
843 3256 938 3309 καὶ
969 3258 1311 3334 ἀφθάρτου),
1346 3245 1469 3321 ὅθεν
1499 3268 1655 3338 ἔφυς,
1691 3245 1990 3345 σαφήνι-σον

411 3340 547 3409 ἡμῖν
569 3356 585 3370 ο
615 3343 664 3395 εί
697 3344 798 3413 μὲν
826 3346 960 3402 Θεοῦ
989 3352 1144 3424 ἀημα
1171 3354 1204 3426 ἢ
1237 3357 1484 3428 πνεῦμα,
1526 3364 1621 3416 καὶ
1649 3340 1835 3436 λάχος,
1867 3368 1987 3438 ἦτοι

404 3431 637 3501 κλῆρος,
668 3433 744 3498 ὠς
770 3436 902 3502 οἴει,
935 3441 1027 3493 καὶ
1061 3445 1241 3514 μερὶς,
1267 3445 1423 3517 ῥῖψον
1452 3431 1783 3507 ἀτασθαλίαν
1806 3431 1989 3511 πᾶσαν

397 3523 618 3589 ἀδικίας
652 3544 713 3581 τε
738 3531 831 3583 καὶ
863 3535 1159 3605 πονηρίαν,
1191 3541 1286 3593 καὶ
1329 3543 1700 3618 συνθήσομαι*
1730 3551 1847 3617 κκαὶ
1878 3553 1988 3625 γὰρ

398 3616 722 3683 οὐδὲ-ἔξεστι
746 3621 843 3676 τοῦ
888 3624 1094 3693 ἀγαθοῦ
1123 3632 1217 3684 καὶ
1248 3632 1492 3706 καθαροῦ
1532 3616 1693 3708 φύσει
1727 3616 1922 3716 μοῖραν

398 3706 697 3780 ἀπόρροιαν
754 3713 1138 3787 ὑπάρχουσαν,
1190 3724 1367 3796 κακὴν
1420 3706 1561 3782 εἶναι
1601 3732 1634 3802 ἢ
1674 3706 1984 3803 ῥύπου

395 3799 647 3855 ὁπωσοῦν
688 3805 746 3856 ἐν
776 3807 992 3877 μεθέξει
1045 3813 1411 3871 καθεστάναιο
1463 3821 1584 3875 οὐδὲ
1623 3799 1744 3895 ’γάρ
1790 3828 1983 3893 σκότος

394 3890 548 3962 ⁴ὶιλίου
596 3895 842 3966 πέφυκεν
886 3901 1202 3975 ἐνέργημα,
1234 3908 1358 3963 οὔτε
1401 3890 1763 3985 πονηροῦ-καὶ
1803 3890 1981 3988 ζοφώ-ἰ

391 3980 517 4046 δους
557 3986 866 4057 πνεύματος
909 3992 1200 4065 φώταυγον
1231 3999 1341 4071 (47)
1374 3980 1591 4074 πνεῦμα
1628 4006 1662 4078 ἢ
1709 3980 1980 4080 ἀγαθουρ-

393 4072 489 4139 γὸν
518 4074 684 4174 ἐξέφυ
702 4095 717 4110 ·
762 4080 829 4174 το
853 4083 1039 4154 ὅμοιον
1069 4089 1179 4158 γὰρ
1211 4091 1353 4144 κατά
1383 4072 1545 4162 φύσιν
1572 4072 1974 4174 ὅμοιον-γεννᾷ.

395 4164 519 4229 Πῶς
544 4164 639 4222 οὖν
667 4169 732 4223 σὺ
750 4211 766 4236 ,
794 4166 840 4226 ὦ
871 4173 1039 4249 ψυχὴ,
1072 4183 1193 4242 ταῖς
1222 4182 1318 4237 τοῦ
1350 4186 1596 4259 Πονηροῦ
1627 4196 1825 4256 κακαῖς
1854 4195 1976 4249 ἐπι-

397 4248 577 4308 θέσεσι
619 4250 874 4343 τοσοῦτον
926 4264 1023 4317 τοῦ
1067 4265 1231 4337 ὀρθοῦ
1266 4269 1424 4340 λόγου
1477 4248 1573 4328 καὶ
1620 4277 1716 4331 τοῦ
1765 4248 1972 4349 ἀγαθοῦ

393 4332 845 4420 παρατρέπηκαὶ
886 4332 1260 4442 παρεξελαύνῃ
1285 4402 1299 4424 ,
1337 4332 1573 4437 καίπερ,
1610 4367 1687 4433 ὡς

389 4434 561 4506 ρανίῳ
589 4438 684 4492 καὶ
714 4440 906 4511 ἀγαθῷ
936 4445 1205 4517 πνεύματι
1245 4434 1701 4526 συγκεκραμένω
1864 4459 1972 4535 γὰρ

383 4527 437 4578 εἰ
468 4526 660 4599 βοηθὸν
690 4531 887 4600 ἔχουσα
914 4537 1178 4603 τοιοῦτον,
1204 4542 1297 4594 ἐπὶ
1319 4544 1575 4601 τοσοῦτον
1605 4547 1809 4621 βρίθεις

381 4616 485 4689 τὴν
511 4620 614 4689 γῆν
642 4623 738 4677 κοιλ⁸
767 4624 940 4693 οὕτως
960 4631 1052 4684 ἐπὶ
1079 4631 1138 4684 τὸ
1162 4637 1346 4707 χεῖρον
1367 4616 1758 4713 καταρρέπεις,
1792 4616 1971 4709 τίςᾶν

380 4710 506 4781 εἴης
555 4714 892 4791 ἑστερημένη
942 4721 1232 4794 βοηθείας;
1277 4728 1347 4780 Ai
1392 4730 1450 4784 αἲ
1619 4734 1970 4808 πανωλέθρου

381 4805 585 4868 κακίας
616 4808 863 4878 ἀμίκτως
894 4816 1032 4887 πρὸς
1057 4819 1119 4872 τὸ
1140 4820 1345 4888 ἀγαθὸν
1369 4824 1753 4900 διακειμένηςί

456 4898 529 4949 El
547 4895 601 4949 δ’
630 4900 699 4954 οὔ
717 4920 820 4971 μοι
854 4907 1064 4961 θεόθεν
1079 4909 1183 4974 σὺ,
1214 4927 1268 4968 κ.
1303 4931 1355 4967 τ.
1389 4915 1469 4981 ἐξ.

448 4986 513 5041 El
555 4990 629 5061 μὴ
668 4994 894 5066 οὐρανία
930 4999 1025 5051 καὶ
1079 5001 1143 5054 ὲκ
1172 5002 1268 5056 τοῦ
1317 5005 1714 5081 ὑπερουρανίου
1763 5012 1963 5086 Θεοῦή

380 5077 449 5150 σὴ
478 5081 642 5150 φύσις
665 5088 760 5141 καὶ
782 5088 1060 5159 οὐσίωσις,
1089 5087 1134 5147 ὧ
1154 5094 1324 5167 ψυχὴ,
1355 5077 1540 5167 πέλει,
1558 5101 1676 5168 δέος
1712 5123 1804 5177 μοι
1834 5077 1964 5177 σφόλ

380 5168 479 5239 δρα
507 5172 670 5244 μέγα,
692 5179 789 5231 καὶ
808 5180 1021 5250 ἀγωνία
1037 5224 1052 5250 ,
1078 5187 1172 5240 καὶ
1200 5187 1363 5257 φόϐος
1379 5190 1689 5264 ὑποτρέχει,
1712 5168 1805 5268 ’μή
1829 5168 1964 5252 ποτε

383 5264 516 5335 κενῷ
533 5266 768 5342 δοξαρίῳ
796 5276 1115 5348 φυσιοῦμαι,
1140 5280 1233 5334 καὶ
1254 5283 1595 5355 γαυριάματι
1627 5264 1961 5361 μετεωρίζο-

378 5365 496 5421 ttat,
518 5357 641 5430 εικῆ
668 5358 894 5429 πλάσμα
920 5368 1017 5420 καὶ
1040 5368 1207 5425 εἰκὼν
1233 5371 1372 5426 Θεοῦ
1402 5369 1542 5428 εἷναι
1574 5357 1957 5450 μεγαλαυχῶν.

367 5462 439 5519 87
476 5470 739 5544 αὶάσμα
764 5479 913 5534 Θεοῦ
946 5483 1335 5555 παράδεισος,
1366 5489 1555 5561 Ἐδὲμ,
1588 5510 1641 5548 κ.
1658 5510 1710 5549 τ.
1730 5495 1783 5550 λ.

442 5581 629 5639 Εἰπὼν
682 5589 939 5662 οὐρανίαν
989 5594 1135 5654 εἶναι
1192 5601 1291 5673 τὴν
1340 5604 1553 5678 ψυχὴν,
1608 5607 1684 5681 ᾡς
1732 5610 1960 5682 πλάσμα

364 5670 505 5729 Θεοῦ
545 5679 642 5733 τοῦ
685 5684 1116 5761 ὑπερουρανίου,
1144 5694 1213 5746 δι’
1248 5670 1288 5748 *ὃ
1318 5670 1819 5776 ᾒὶγίβῆθουμένην
1864 5670 1957 5757 ύπ’

2130 801 2249 858 haec
2277 802 2379 861 sibi
2426 806 2660 864 invicem
2691 814 2977 867 contraria
3014 814 3159 871 inter
3187 833 3247 873 se
3280 831 3611 891 repugnant.

2126 1070 2197 1133 69
2235 1071 2392 1141 Quod
2424 1091 2475 1130 st
2500 1092 2622 1131 cum
2652 1079 2906 1134 carnibus
2940 1092 3062 1138 sata
3091 1084 3147 1139 in
3175 1087 3337 1141 vitam
3365 1090 3575 1159 venisti,
3602 1101 3713 1153 etc.

2194 1163 2495 1237 Postquam
2532 1171 2687 1225 carni
2718 1173 2978 1241 primum,
3012 1176 3140 1231 dein
3174 1178 3392 1249 animae,
3425 1183 3572 1239 sicut
3600 1183 3719 1241 Deo

2125 1258 2446 1314 concitante
2488 1261 2638 1331 loqui
2683 1264 2920 1320 decebat
2963 1266 3169 1333 virum,
3202 1272 3418 1329 locutus
3450 1285 3556 1342 est,
3606 1278 3713 1334 ite~

2122 1363 2247 1402 rum
2275 1363 2402 1405 cum
2442 1354 2626 1408 anima
2661 1355 2730 1410 de
2770 1357 2950 1427 ipsius
2988 1366 3185 1414 natura
3219 1371 3274 1417 et
3317 1381 3441 1419 cum
3480 1383 3716 1439 corpore

2121 1440 2190 1496 de
2215 1442 2339 1511 ejus
2362 1444 2597 1500 mistura
2622 1460 2988 1513 conversatur
3010 1453 3200 1509 divino
3227 1456 3426 1526 spiritu
3458 1460 3710 1518 amatus:

2122 1532 2428 1605 Siquidem,
2476 1537 2681 1609 inquit,
2714 1556 2839 1596 cum
2876 1559 3111 1614 corpore
3152 1557 3210 1603 et
3247 1549 3389 1618 ipsa,
3434 1566 3469 1606 ο
3499 1552 3708 1620 anima,

2119 1629 2390 1699 inspirata
2419 1647 2451 1687 e
2480 1633 2676 1689 matris
2706 1636 2920 1705 gremio
2949 1639 3135 1696 exiisti
3165 1651 3223 1696 et
3252 1643 3318 1697 ad
3341 1644 3509 1698 vitam
3549 1648 3706 1702 veni-

2117 1722 2210 1785 sti,
2242 1737 2323 1776 va!
2370 1723 2508 1778 mihi
2559 1723 2633 1778 ob
2673 1724 3123 1796 coniunctionem
3168 1732 3315 1789 lente
3350 1737 3709 1805 pereuntem!

2118 1810 2253 1866 Nam
2287 1814 2468 1884 imago
2494 1813 2588 1869 Dei
2620 1816 2766 1885 quod
2798 1818 2903 1872 sim
2937 1822 3194 1891 cogitans
3228 1832 3284 1879 et
3313 1828 3580 1897 glorians,
3611 1831 3707 1887 de-

2115 1904 2336 1959 mentiae
2389 1905 2570 1976 turpis
2608 1909 2663 1962 et
2713 1909 3100 1978 ignominiosae
3157 1915 3393 1986 originis
3448 1922 3708 1990 perlicior

2113 1995 2284 2052 ﬁlius.
2332 1995 2616 2053 Erubesco
2655 2015 2791 2071 ergo
2832 2012 3065 2059 matrem
3112 2005 3359 2074 honoris,
3394 2010 3519 2067 dico
3566 2014 3701 2069 ima-

2111 2089 2293 2159 ginis,
2349 2089 2685 2145 infrenatam
2728 2093 2910 2149 dicere
2981 2101 3076 2151 aut
3095 2099 3364 2169 suspicari
3387 2106 3573 2161 carnis
3602 2122 3701 2162 cu-

2105 2179 2405 2250 piditatem;
2449 2183 2539 2253 pio
2587 2183 2786 2241 ali‘ectu
2820 2195 2876 2242 et
2908 2195 3179 2245 tremente
3227 2208 3422 2248 vereor
3467 2206 3701 2253 matrem

2104 2272 2303 2327 anima;
2380 2273 2739 2331 inﬂuxionem
2801 2293 3151 2348 memorare,
3212 2285 3341 2355 quia
3398 2287 3517 2358 ipsa
3577 2293 3700 2363 qui-

2102 2365 2227 2419 dem
2266 2381 2393 2420 cum
2440 2369 2801 2439 corruptione
2851 2373 3158 2429 seminatur
3201 2376 3257 2431 in
3301 2394 3506 2450 corpus
3546 2399 3696 2438 mor-

2102 2458 2230 2513 talis
2281 2461 2591 2530 coagulata,
2633 2461 2729 2533 qui
2772 2479 2922 2519 nunc
2961 2467 3182 2522 videtur
3232 2475 3486 2531 mortalis
3541 2493 3699 2532 crea-

2099 2556 2212 2610 tus,
2239 2558 2431 2618 postea
2465 2567 2595 2607 vero
2613 2553 2725 2623 jam
2760 2569 2872 2610 non
2900 2560 3173 2623 mortalis,
3207 2565 3300 2618 sed
3330 2567 3511 2634 pulvis
3543 2566 3698 2625 fatu.

2099 2656 2196 2696 rus
2225 2643 2281 2697 in
2312 2645 2500 2700 linem.
2533 2645 2593 2702 Si
2619 2663 2774 2720 ergo,
2817 2667 2851 2706 o
2879 2653 3086 2720 anima,
3131 2656 3187 2709 in
3217 2672 3385 2713 carne
3420 2661 3697 2717 seminata

2097 2734 2198 2801 sis,
2234 2735 2361 2792 vide
2394 2754 2463 2794 ne
2500 2739 2667 2795 simul
2704 2749 3104 2815 corrumparis.
3151 2769 3168 2800 ι
3203 2748 3260 2803 Si
3294 2767 3424 2806 vero
3450 2756 3693 2812 cmlestis

2098 2833 2224 2895 tu..,
2260 2848 2279 2879 ο
2313 2837 2371 2883 et
2407 2845 2527 2901 seq.
2564 2831 2646 2896 Si,
2680 2834 2882 2904 inquit,
2920 2853 3030 2891 non
3071 2855 3137 2894 ex
3182 2843 3349 2897 simili
3388 2847 3623 2917 origine,
3658 2864 3695 2901 ο

2096 2919 2304 2985 anima,
2332 2922 2614 2991 prodiisti,
2645 2940 2713 2981 ac
2751 2941 2980 2998 corpus,
3025 2947 3126 2986 nec
3157 2948 3188 2986 a
3232 2934 3400 2990 simili
3442 2938 3565 2994 loco
3594 2955 3691 3010 ge-

2094 3011 2212 3065 nita
2236 3028 2319 3078 es,
2350 3016 2525 3085 quid?
2557 3015 2695 3074 Illud
2724 3021 2947 3089 quidem
2977 3031 3123 3078 terra
3152 3034 3206 3079 et
3238 3037 3517 3099 sumptum
3544 3041 3631 3087 est
3659 3050 3696 3086 θ

2093 3111 2261 3168 terra,
2297 3116 2353 3160 tu
2394 3117 2578 3163 tamen
2611 3110 2826 3166 caelesti
2875 3122 3073 3167 natura
3105 3122 3162 3168 et
3204 3116 3527 3188 incorrupta
3573 3124 3690 3192 glo-

2092 3196 2294 3253 riaris?
2329 3195 2484 3254 Unde
2512 3209 2633 3255 orta
2660 3216 2742 3267 es,
2774 3203 2958 3259 indica
3004 3207 3135 3260 mihi
3176 3226 3189 3261 :
3221 3209 3268 3263 si
3302 3225 3333 3263 a
3372 3209 3484 3267 Deo
3543 3214 3686 3272 hali-

2093 3298 2181 3344 tus
2207 3298 2262 3345 et
2291 3291 2521 3361 spiritus
2546 3308 2628 3357 es,
2660 3303 2712 3349 et
2744 3310 2876 3367 pars
2913 3305 3010 3352 aut
3046 3298 3443 3373 haereditas,ut
3486 3310 3687 3377 upina~

2091 3383 2262 3451 ris,et
2291 3386 2492 3456 portio,
2533 3402 2751 3444 omnem
2786 3391 3012 3447 malitiae
3058 3394 3384 3452 thesaurum
3431 3408 3485 3453 et
3528 3403 3687 3455 mali-

2089 3473 2351 3543 gnitatem
2385 3476 2622 3548 projice,
2651 3486 2706 3534 et
2746 3483 3114 3539 consentiam.
3145 3484 3359 3543 Etenim
3405 3503 3516 3545 non
3556 3491 3686 3547 licet

2099 3563 2233 3619 boni
2276 3573 2333 3620 et
2365 3568 2490 3637 puri
2517 3577 2729 3640 partem
2761 3574 3094 3630 naturaliter
3137 3584 3234 3631 aut
3278 3581 3683 3639 emanationem

2086 3667 2214 3709 esse
2250 3656 2450 3711 malam
2487 3667 2584 3713 aut
2618 3661 2893 3730 quantulo
2930 3663 3065 3720 libet
3095 3667 3259 3722 modo
3292 3668 3426 3727 fecis
3454 3674 3682 3740 partici-

2087 3760 2213 3815 pem
2240 3763 2390 3805 esse.
2410 3749 2548 3806 Nam
2584 3767 2689 3808 nec
2731 3754 2993 3811 tenebras
3033 3758 3222 3828 genuit
3250 3761 3385 3816 solis
3414 3762 3678 3829 elﬁcacia,

2083 3853 2187 3894 nec
2213 3841 2344 3895 mali
2378 3849 2435 3898 et
2464 3844 2821 3899 tenebrarum
2874 3848 3108 3918 spiritus
3135 3850 3377 3907 ellicacia
3419 3856 3676 3924 spiritum

2083 3933 2488 3990 illuminantem
2518 3944 2573 3991 et
2609 3937 2753 3992 bona
2785 3949 3106 4008 operantem
3157 3946 3346 4013 genuit
3375 3964 3388 4001 :
3419 3963 3545 4001 nam
3598 3950 3678 4004 si-

2078 4026 2209 4081 mile
2242 4026 2349 4081 sibi
2397 4028 2701 4084 secundum
2737 4039 2994 4087 naturam
3027 4036 3281 4104 quaelibet
3328 4054 3417 4095 res
3450 4041 3624 4112 gignit
3656 4063 3670 4098 :

2078 4118 2359 4188 quomodo
2387 4135 2521 4191 ergo
2551 4129 2632 4185 tu,
2669 4137 2703 4177 ο
2731 4124 2936 4189 anima,
2970 4125 3027 4180 in
3068 4129 3244 4184 malos
3282 4126 3408 4184 Mali
3440 4147 3673 4190 conatus

2076 4208 2213 4265 adeo
2251 4223 2282 4263 a
2320 4218 2473 4266 recta
2522 4212 2737 4268 ratione
2780 4222 2836 4268 et
2875 4231 2906 4269 a
2957 4216 3104 4272 bono
3133 4218 3451 4278 declinares
3482 4233 3539 4279 et
3592 4227 3672 4280 ir-

2076 4317 2385 4374 rumperes,
2434 4302 2587 4367 licet,
2624 4315 2683 4374 ut
2712 4306 2872 4374 dicis,
2914 4310 3129 4367 caelesti
3159 4320 3214 4368 et
3259 4312 3408 4370 bono
3441 4319 3668 4388 spiritui

2073 4395 2522 4452 commiscearis‘!
2569 4395 2821 4470 Namque
2875 4403 2970 4457 tali
3023 4401 3213 4461 fruens
3269 4408 3572 4469 auxiliante
3617 4412 3668 4470 si

2073 4492 2286 4542 tantum
2320 4491 2696 4557 prosternaris
2736 4494 2790 4547 in
2836 4501 3078 4560 terram,
3129 4498 3321 4569 sicque
3371 4501 3438 4555 ad
3476 4504 3666 4573 pejora

2075 4587 2129 4634 te
2158 4580 2448 4648 extendas,
2477 4582 2613 4652 quid
2654 4587 2863 4642 auxilio
2898 4589 3094 4645 orbata
3137 4594 3488 4651 remanebis?
3512 4596 3664 4654 Eheu

2075 4671 2255 4726 letalis
2285 4674 2508 4730 malitiae
2552 4677 2758 4747 absque
2792 4679 3028 4737 mistura
3073 4698 3176 4753 pro
3206 4684 3354 4740 bono
3387 4687 3662 4758 impoten-

2069 4771 2159 4818 ξυι-
2187 4765 2461 4834 jacentis!
2497 4788 2517 4821 ι
2548 4769 2606 4824 Si
2654 4786 2765 4827 non
2809 4788 2839 4827 a
2879 4773 2990 4831 Deo
3024 4783 3080 4830 tu
3114 4777 3272 4842 mihi,
3302 4798 3321 4831 ι
3361 4789 3416 4835 et
3442 4797 3563 4854 seq.
3603 4784 3662 4864 Si

2075 4869 2183 4911 non
2221 4866 2307 4910 est
2337 4859 2583 4914 caelestis
2616 4876 2717 4918 nec
2752 4863 2825 4918 ab
2871 4865 3146 4922 altissimo
3176 4867 3291 4925 Deo
3320 4880 3519 4927 natura
3563 4859 3659 4930 tua

2070 4956 2125 5002 et
2151 4947 2483 5013 substantia,
2509 4966 2543 5005 ο
2573 4952 2780 5020 anima,
2809 4971 3040 5029 magnus
3070 4960 3233 5015 valde
3255 4962 3424 5017 timor
3458 4973 3514 5018 et
3542 4974 3661 5022 tre-

2075 5054 2195 5092 mor
2219 5049 2273 5094 et
2298 5041 2444 5094 lucta
2465 5047 2732 5110 occurrit.
2760 5063 2831 5103 ne
2859 5048 3002 5107 forte
3033 5067 3175 5108 vana
3216 5056 3389 5127 gloria
3419 5066 3656 5116 tumeam

2074 5138 2129 5184 et
2157 5133 2464 5203 arrogantia
2499 5151 2586 5191 me
2623 5139 2884 5205 exaltem,
2917 5153 3230 5201 creaturam
3269 5156 3326 5204 et
3360 5151 3657 5223 imaginem

2074 5218 2170 5276 Dei
2213 5238 2301 5278 me
2325 5223 2562 5293 jactans.

2071 5501 2138 5556 87
2183 5502 2518 5573 Figmentum
2553 5506 2652 5562 Dei
2678 5509 2986 5579 paradisus,
3018 5512 3189 5585 Eden,
3218 5526 3328 5574 etc.

2142 5614 2339 5671 Dicens
2367 5619 2650 5675 caelestem
2680 5622 2919 5677 animam
2946 5635 3210 5697 tanquam
3246 5629 3339 5684 Dei
3389 5629 3651 5690 altissimi

2066 5710 2297 5780 plasma,
2342 5711 2574 5784 ideoque
2617 5714 2686 5769 ab
2730 5713 2850 5785 ipso
2897 5716 3160 5788 adiutam,
3208 5721 3460 5791 quedam
3503 5724 3649 5784 inter

437 5854 552 5926 (ιτ)
596 5858 938 5935 «bducam,
974 5869 1055 5924 sic
1088 5870 1249 5940 cod.;
1282 5874 1623 5935 addubitavit
1651 5881 1795 5940 hanc
1839 5883 1990 5942 form:

2106 5886 2496 5952 Schneiderus.
