4082 6388
486 337 595 394 ’259

485 460 727 514 maxima
778 459 984 514 auxilia
1020 473 1141 528 qua:
1174 474 1275 529 pro
1316 459 1434 529 ipsa
1485 459 1742 532 praestitit
1789 468 2072 515 memorat.

484 549 673 605 Primo
709 565 842 621 ergo
867 550 1188 619 paradisum
1227 550 1282 604 in
1332 550 1481 605 Eden
1529 551 1582 604 in
1616 552 1812 606 animae
1837 551 2076 605 hominis

484 641 733 697 favorem
785 642 1090 713 plantavit;
1132 650 1187 697 et
1232 643 1473 713 primum
1519 644 1690 699 decus
1736 644 2077 713 gloriamque

483 733 730 804 perfudit
775 734 830 787 in
879 734 1058 804 ipsum
1110 751 1273 804 quem
1322 735 1389 790 ad
1426 735 1720 807 imaginem
1768 734 2078 791 similitudi-

483 840 724 895 nemque
755 840 912 879 suam
946 826 1274 896 plasmavit;
1318 827 1520 882 deinde
1552 829 1606 881 in
1653 828 1917 882 auxilium
1970 826 2075 898 ipsi

480 917 634 972 dedit
694 920 1015 973 mandatum
1069 934 1174 989 quo
1212 920 1507 974 observato
1543 918 1976 974 immortalitatis
2019 925 2076 973 et

480 1007 854 1066 deilicationis
911 1026 1041 1081 spes
1113 1010 1561 1080 promittebatur.
1621 1011 1878 1065 Admissa
1944 1024 2076 1065 vero

479 1103 929 1172 transgressione
976 1104 1031 1157 in
1068 1102 1425 1173 irrequietam
1456 1104 1626 1158 vitam
1654 1104 1842 1166 istam,
1880 1117 2074 1173 pecca-

483 1191 556 1244 tis
583 1192 955 1247 abundantem
989 1202 1046 1248 et
1088 1194 1379 1249 mortalem
1416 1194 1544 1249 inde
1577 1195 1790 1264 lapsum
1821 1198 2069 1259 noxium,

478 1285 565 1340 sic
609 1287 730 1341 sine
760 1287 1037 1354 adjutorio
1072 1304 1182 1342 non
1224 1289 1466 1358 neglexit
1501 1289 1790 1344 hominum
1834 1298 2069 1345 amator.

477 1375 724 1434 Diversis
775 1381 1162 1435 institutorum
1210 1381 1511 1452 generibus
1557 1381 1673 1437 sive
1720 1381 2077 1453 generaliori-

477 1470 607 1535 bus,
646 1473 765 1527 sive
786 1476 967 1545 magis
988 1475 1328 1544 specialibus
1355 1476 1665 1547 impietates
1690 1484 1746 1531 et
1775 1474 2071 1545 impiorum

476 1566 534 1622 in
576 1567 757 1637 ipsum
803 1566 1031 1638 indigne
1081 1577 1205 1623 aeta
1261 1568 1417 1639 juxta
1468 1568 1743 1638 justitiam
1791 1568 2071 1623 insecutus

473 1668 561 1715 est
595 1679 609 1713 :
643 1660 726 1715 sic
776 1660 1042 1730 paulatim
1096 1660 1182 1715 sui
1244 1662 1423 1732 ipsius
1468 1661 1768 1732 agnitionis
1818 1659 2073 1715 instituta

475 1754 681 1819 dabat;
716 1762 769 1808 et
805 1769 949 1824 aqua
991 1755 1156 1810 morti
1187 1754 1435 1811 deditum
1467 1753 1758 1809 inundavit
1802 1754 2071 1809 mundum

474 1854 532 1901 et
556 1845 868 1916 fulguribus
909 1846 1228 1902 incendium
1274 1847 1665 1917 spargentibus
1709 1844 2071 1901 Sodomorum

477 1939 770 1996 lasciviam
803 1941 859 1995 in
885 1940 1125 1995 cinerem
1151 1940 1381 2012 redegit.
1408 1939 1616 1996 Deinde
1638 1940 1900 2009 posthaec
1924 1938 2071 1994 aliud

474 2031 778 2087 remedium
835 2039 932 2087 aut
976 2031 1243 2086 auxilium
1293 2033 1684 2101 peccatoribus
1728 2031 1815 2087 lex
1866 2031 2072 2102 scripta

473 2140 573 2194 per
608 2122 850 2195 Moysen:
900 2124 1227 2180 insinuavit.
1263 2123 1512 2190 Quorum
1543 2124 1789 2178 omnium
1827 2123 2073 2179 fortissi-

475 2230 649 2281 mum,
688 2215 926 2271 Domino
971 2216 1363 2288 dignissimum
1394 2223 1450 2270 et
1496 2215 1758 2286 pietatem
1791 2230 1923 2286 erga
1968 2215 2072 2270 bo-

477 2307 661 2363 mines
712 2308 956 2378 spirans,
999 2308 1119 2378 ipse
1151 2307 1206 2362 in
1244 2317 1553 2378 temporum
1580 2308 1952 2377 plenitudine,
1996 2307 2073 2363 si-

475 2416 609 2455 num
646 2398 828 2456 Patris
864 2416 973 2456 non
1017 2401 1338 2472 relinquens
1381 2398 1556 2455 Filius
1586 2400 1903 2472 unigenitus
1949 2399 2067 2466 Dei,

475 2489 746 2559 Verbum,
798 2506 1117 2562 supremam
1169 2490 1266 2547 Dei
1316 2498 1570 2544 naturam
1626 2488 1882 2545 humana:
1932 2504 2071 2544 con-

477 2585 677 2651 iunxit,
731 2593 881 2640 totus
940 2583 1250 2640 secundum
1312 2582 1660 2655 hypostasim
1702 2590 1819 2638 tota
1872 2590 2071 2636 natura

475 2677 720 2730 humana
772 2692 895 2732 sese
943 2675 1239 2732 includens
1285 2676 1660 2741 ineﬂ‘abiliter,
1706 2678 1784 2733 ita
1828 2689 1889 2734 ut
1925 2677 2071 2734 Deus

477 2768 839 2837 impassibilis
869 2783 1123 2833 manens,
1161 2768 1520 2838 passionibus
1553 2769 1693 2825 meis
1723 2785 1754 2824 a
1783 2779 1940 2841 parte
1963 2770 2071 2824 hu-

478 2874 639 2914 mana
680 2859 919 2930 patiens,
966 2859 1350 2915 fortitudinem
1407 2870 1463 2915 et
1492 2861 1638 2916 vires
1688 2861 1825 2916 mihi
1865 2862 2071 2933 praebe-

478 2960 581 3016 ret,
626 2962 681 3008 et
715 2969 801 3021 me
834 2953 1127 3008 mortalem
1178 2953 1302 3024 ipso
1334 2963 1757 3009 consummante
1788 2955 1952 3009 deum
1989 2954 2071 3010 ef-

480 3045 689 3102 ﬁceret.
722 3044 876 3101 Adeo
920 3060 1075 3117 ergo,
1108 3046 1187 3100 ait
1225 3047 1408 3101 anima
1452 3062 1485 3101 a
1516 3046 1630 3103 Deo
1662 3048 1973 3103 illuminata
2016 3054 2071 3103 et

474 3138 659 3197 divina
710 3139 988 3205 revelans,
1047 3139 1184 3194 mihi
1237 3140 1496 3210 praestitis
1550 3141 1621 3196 ab
1675 3141 1888 3211 optimo
1937 3140 2071 3196 boni

474 3240 728 3285 amatore
790 3230 1116 3295 beneﬁciis,
1165 3238 1561 3301 praepotentem
1618 3240 1681 3285 ut
1733 3240 1791 3286 et
1847 3230 2073 3302 perillu-

477 3330 650 3376 strem
705 3320 882 3376 habeo
927 3323 1198 3393 anjmam.
1230 3320 1437 3378 Verum
1473 3337 1638 3378 suum
1686 3336 1840 3378 more
1878 3322 1973 3392 qui
2013 3337 2074 3378 se

477 3412 738 3467 occidere
789 3412 949 3482 quasi
1014 3410 1229 3477 furunt,
1276 3412 1443 3468 corde
1498 3412 1706 3468 volenti
1758 3414 1814 3467 in
1864 3412 2072 3468 ferrum

478 3512 727 3566 ruentes.
761 3504 827 3559 ad
872 3514 1105 3560 mortem
1144 3520 1271 3576 quae
1290 3508 1360 3564 ob
1374 3515 1656 3580 peccatum
1676 3503 1835 3563 nobis
1863 3504 2074 3575 impen-

476 3598 573 3654 det
609 3599 920 3668 praecipites
962 3598 1312 3653 feStiuamus.

478 3689 700 3759 Ecquod
728 3691 849 3745 vitta
885 3691 1080 3745 bonum
1109 3688 1208 3745 Dei
1228 3689 1367 3746 lux?
1391 3697 1448 3745 et
1484 3705 1603 3760 seq.

556 3782 617 3836 In
652 3782 721 3838 iis
763 3795 886 3853 qum
920 3783 1275 3852 reperiuntur
1317 3782 1374 3837 in
1426 3782 1531 3838 hac
1564 3784 1677 3837 vita
1706 3782 1835 3854 quid
1872 3780 2073 3839 testiﬁ-

477 3873 719 3930 candum
768 3882 854 3930 est
900 3874 1150 3930 bonum?
1212 3872 1564 3930 Unanimiter
1607 3875 2069 3946 respondebitur,

480 3966 670 4021 lumen
704 3961 902 4029 :Nam,
930 3965 1129 4035 inquit,
1160 3964 1304 4019 vidit
1335 3965 1478 4022 Deus
1523 3966 1711 4021 lumen
1738 3965 1887 4037 quod
1927 3972 2074 4022 esset

481 4062 687 4118 bonum
714 4078 729 4129 ;
759 4072 814 4117 et
855 4062 988 4133 quid
1045 4062 1192 4117 aliud
1237 4063 1438 4117 melius
1483 4061 1897 4132 autjucundius
1926 4068 2074 4118 esset

480 4170 676 4211 eorum
706 4167 833 4224 quae
870 4163 1000 4209 sunt
1031 4154 1086 4209 in
1122 4154 1276 4209 vita?
1321 4153 1430 4209 Sed
1460 4163 1516 4208 et
1551 4169 1620 4209 ne
1650 4154 1769 4224 ipse
1798 4156 2072 4227 particeps

480 4250 588 4305 sim
632 4256 731 4303 aut
770 4248 926 4304 fruar
975 4249 1171 4319 majori
1222 4255 1380 4319 parte
1428 4247 1608 4317 ipsius
1657 4262 1745 4303 me
1780 4249 1979 4303 invidae
2015 4258 2070 4304 et

479 4341 690 4397 odiosae
731 4341 949 4411 privam
998 4342 1261 4405 tenebrae,
1314 4341 1491 4397 aciem
1538 4338 1827 4395 oculorum
1864 4340 2068 4396 obscu-

480 4444 710 4502 rantes,
765 4448 867 4490 nec
906 4434 1042 4488 mibi
1078 4434 1203 4504 plus
1239 4433 1406 4502 hujus
1456 4441 1705 4489 remanet
1760 4432 1988 4490 luminis
2019 4433 2067 4489 si

482 4527 575 4598 pie
591 4530 780 4582 vivere
818 4532 1068 4596 reputor.
1102 4524 1366 4591 Quinimo
1397 4524 1580 4594 majus
1626 4525 1811 4579 lumen
1852 4524 2070 4581 videtur

483 4617 629 4688 apud
656 4616 880 4687 impios,
910 4616 1057 4672 unde
1085 4632 1173 4673 me
1197 4616 1483 4672 oculorum
1511 4616 1633 4670 acie
1663 4614 1911 4671 hebetem
1941 4632 2067 4688 pre-

484 4716 643 4764 catur
676 4708 820 4764 idem
851 4723 978 4764 cum
1032 4708 1142 4763 illis
1186 4710 1311 4764 visu
1352 4721 1617 4779 prospere
1660 4706 1905 4777 assequi,
1941 4708 2070 4763 licet

485 4803 596 4859 alia
656 4816 724 4857 ex
779 4809 937 4873 parte
998 4800 1318 4856 inﬁrmitate
1364 4799 1607 4855 laborem
1661 4808 1718 4855 et
1767 4803 1965 4855 onerer
2015 4808 2070 4856 et

483 4902 758 4965 aegrotans
780 4891 887 4948 sim
918 4901 976 4947 et
1009 4892 1205 4963 jacens
1241 4900 1298 4946 et
1322 4890 1570 4961 abjectus
1603 4910 1616 4946 :
1647 4907 1840 4947 verum
1870 4889 1967 4948 Dei
2002 4893 2071 4947 ti-

486 5002 607 5041 mor
635 5001 723 5041 me
753 4985 1019 5040 humilem
1045 4984 1139 5039 diu
1167 4991 1448 5055 noctuque
1473 4984 1906 5054 cogitationibus
1935 5001 2070 5040 con-

485 5077 766 5133 turbatum
792 5084 846 5133 et
871 5085 1260 5146 consumptum
1288 5075 1444 5132 facit.

486 5168 590 5225 Ille
612 5185 694 5224 me
729 5170 981 5243 superbus
1012 5170 1258 5240 supinum
1282 5170 1494 5241 impulit
1527 5178 1691 5235 retro,
1725 5177 1781 5223 et
1800 5184 1915 5240 seq.

560 5322 653 5379 llla
683 5324 920 5396 superba
949 5327 1060 5380 vita
1088 5334 1143 5382 et
1171 5326 1413 5394 excelsa,
1448 5326 1544 5381 illa
1573 5325 1755 5380 mollis
1790 5331 1844 5381 et
1878 5324 2074 5382 crude-

362 5468 375 5482 ,
483 5420 552 5476 lis
583 5428 639 5476 et
670 5419 928 5491 languida
974 5420 1028 5474 in
1060 5421 1456 5491 voluptatibus,
1493 5418 1627 5490 pede
1660 5428 1844 5474 terens
1883 5418 1974 5471 illa
2017 5424 2073 5472 et

480 5525 515 5575 _a
548 5511 916 5581 propensione
949 5510 1002 5565 in
1052 5526 1404 5582 progressum
1452 5511 1761 5579 reprimens
1792 5523 1880 5563 me
1925 5518 2073 5563 retro

484 5602 700 5673 repellit
730 5596 907 5663 :Dixi,
954 5603 1152 5673 inquit,
1187 5613 1238 5658 et
1289 5605 1518 5657 timores
1548 5611 1602 5656 et
1644 5610 1825 5655 metus
1863 5605 1918 5654 et
1957 5606 2070 5653 tre-

488 5703 672 5747 mores
712 5693 914 5759 quibus
962 5704 1013 5747 te
1056 5701 1300 5763 torquet,
1347 5690 1638 5747 Tartarum
1690 5690 2067 5755 tenebrosum,

562 5824 672 5888 (£8)
713 5823 847 5880 Cod.
878 5827 1300 5896 νοσιλευόμενος.

1854 336 2148 396 NICETAS
2190 335 2396 392 DAVID

3655 339 3777 400 τω

2181 460 2378 524 αὐτοῦ,
2414 460 2718 531 ὑπόμνησιν
2772 458 2840 513 δι’
2891 458 3085 528 ὀλίγων
3121 458 3229 511 τῶν
3265 456 3538 528 μεγίστων
3585 462 3772 517 αὐτοῦ

2181 552 2578 623 βοηθημάτων,
2615 547 2691 606 ὧν
2736 553 2876 624 ὑπὲρ
2915 552 3084 622 αὐτῆς
3128 550 3450 623 είργάσατο,
3497 557 3767 611 ποιεῖται.

2180 643 2402 716 Πρῶτον
2431 640 2525 698 οὖν
2557 644 2648 698 τὸν
2670 643 2995 714 παράδεισον
3015 644 3107 697 τὸν
3131 645 3189 697 ὲν
3232 642 3393 714 Ἐδὲμ
3418 642 3507 698 διά
3534 645 3633 716 τὴν
3664 645 3770 699 τοῦ

2178 737 2466 808 ἀνθρώπου
2513 736 2777 806 ἐφύτευσε
2821 736 3038 807 ψυχήν·
3071 734 3430 807 καὶιπρῶτον
3461 736 3559 806 μὲν
3600 737 3773 802 κλέος

2178 828 2329 900 αὐτῴ
2361 827 2585 900 κατέχεε
2630 828 2724 883 καὶ
2768 828 2958 894 δόξαν,
2994 829 3115 882 κατ’
3143 828 3329 881 εἰκόνα
3371 827 3585 892 πλάσας
3618 828 3772 882 ἰδίαν

2176 922 2273 978 καὶ
2299 922 2558 994 ὁμοίωσιν
2582 940 2596 954 ·
2625 923 2817 977 ἔπειτα
2842 922 3065 994 ἐντολὴν
3091 921 3242 993 αύτῷ
3268 922 3489 979 δεδώκει
3515 926 3595 988 είς
3631 924 3774 998 βοή-

2177 1015 2348 1079 θειαν,
2367 1010 2435 1087 ἧς
2451 1016 2550 1087 τῆς
2568 1015 2864 1078 ἀθανασίας
2878 1014 3033 1079 ὲλπὶς
3056 1016 3150 1068 καὶ
3166 1013 3412 1078 θεώσεως
3427 1017 3635 1087 ὲπήγγε
3643 1017 3767 1071 λτο·

2178 1108 2545 1179 παραϐάσεως
2575 1108 2631 1161 δὲ
2659 1107 2960 1178 γενομένης
2978 1146 2994 1171 ,
3042 1108 3135 1161 καὶ
3161 1109 3240 1171 είς
3269 1107 3359 1161 τὸν
3387 1107 3607 1180 ἐμπαθῆ
3635 1126 3772 1163 του-

2173 1202 2290 1257 τονὶ
2329 1202 2443 1273 βίον
2480 1200 2575 1255 καὶ
2609 1200 2981 1272 ἁμαρτητικὸν
3013 1200 3109 1253 καὶ
3142 1197 3337 1270 θνητὸν
3364 1199 3461 1253 τοῦ
3507 1202 3767 1271 παραϐε-

2175 1294 2406 1367 ϐηκότος
2452 1293 2662 1347 ἐκεῖθεν
2705 1292 3121 1362 ὀλισθήσαντος,
3171 1292 3281 1345 οὐδ’
3325 1290 3498 1356 οὕτως
3530 1293 3705 1347 αὐτὸν
3738 1294 3770 1346 ό

2175 1384 2557 1456 φιλάνθρωπος
2606 1383 2908 1455 ἀϐοήθητον
2939 1382 3216 1454 παρεῖδεν,
3245 1382 3521 1454 διαφόροις
3544 1385 3603 1439 δὲ
3632 1387 3769 1456 τρό-

2174 1493 2297 1540 ποις
2321 1475 2572 1539 παιδείας
2620 1474 3075 1546 καθολικωτέροις
3105 1474 3201 1527 καὶ
3230 1474 3622 1547 μερικωτέροις
3660 1478 3767 1543 τάς

2173 1567 2430 1631 ἀσεϐείας
2456 1568 2551 1621 καὶ
2579 1566 2806 1632 ἀθεσίας
2820 1565 2924 1618 τῶν
2943 1567 3023 1629 είς
3048 1566 3212 1619 αὑτὸν
3239 1566 3578 1622 ἀσεϐούντων
3597 1569 3663 1623 ἐν
3682 1569 3766 1623 δι-

2178 1659 2436 1732 καιοσύνῃ
2472 1660 2889 1731 μετερχόμενος.
2913 1657 3055 1713 οὕτω
3093 1659 3237 1714 κατὰ
3268 1661 3462 1732 μικρὸν
3490 1661 3628 1734 πρὸς
3658 1663 3766 1735 τὴν

2162 1753 2327 1807 .ίδίαν
2354 1750 2521 1806 αὑτοῦ
2553 1751 2844 1819 ἐπίγνωσιν
2888 1751 3291 1821 ἐπαιδαγώγειο
3329 1754 3426 1807 καὶ
3463 1753 3616 1808 ὕδατι
3658 1756 3764 1827 μὲν

2173 1844 2521 1907 κατακλύσας
2547 1844 2637 1898 τὸν
2669 1843 2871 1914 κόσμον
2891 1842 3102 1915 ὀλέθρῳ
3136 1844 3522 1916 παραδέδωκε,
3558 1864 3764 1918 κεραυ-

2174 1934 2286 1995 νοῖς
2306 1930 2365 1985 δὲ
2393 1932 2755 2003 πρηστηρίοις
2777 1933 2877 2003 τὴν
2902 1932 3011 1987 τῶν
3037 1934 3357 2005 Σοὼμηνῶν
3384 1930 3760 2009 ὲξετέφρωσέν

2172 2024 2459 2094 ἀσέλγειαν
2480 2042 2493 2056 ·
2522 2024 2712 2079 ἔπειτα
2748 2026 2885 2097 μετά
2924 2026 3098 2081 ταῦτα
3125 2026 3251 2081 ἄλλο
3284 2029 3439 2099 ἴαμα,
3471 2030 3594 2101 ἦτοι
3620 2030 3753 2106 βοή-

2173 2119 2360 2191 θημα,
2394 2121 2505 2183 τοῖς
2537 2120 2942 2190 ἁμαρτάνουσιν
2977 2122 3006 2174 ό
3038 2121 3283 2191 γραπτὸς
3307 2121 3470 2192 νόμος
3501 2122 3593 2177 διὰ
3621 2123 3748 2179 κω-

2174 2215 2313 2279 σέως
2341 2213 2708 2285 παρεισῆλθεν
2729 2230 2743 2242 ο
2778 2218 2840 2267 τὸ
2878 2214 3099 2269 πάντων
3129 2214 3420 2286 κράτιστον
3438 2257 3453 2279 ,
3480 2214 3743 2289 κυριότα-

2170 2305 2262 2360 τόν
2292 2323 2352 2360 τε
2387 2306 2482 2361 καὶ
2507 2304 3021 2376 φιλανθρωπότατον
3042 2347 3057 2370 ,
3091 2306 3254 2370 αὐτὸς
3282 2307 3342 2360 ὲν
3378 2306 3457 2378 τῷ
3477 2308 3589 2362 τῶν
3621 2309 3745 2382 χρό-

2172 2416 2278 2453 νων
2312 2397 2641 2469 πληρώματι
2685 2397 2794 2451 τῶν
2824 2398 3112 2469 πατρικῶν
3145 2398 3205 2451 οὐ
3245 2398 3469 2465 διαστὰς
3486 2403 3705 2458 κόλπων
3727 2403 3755 2457 δ

2174 2489 2470 2560 μονογενὴς
2501 2489 2635 2552 Θεὸς
2679 2490 2850 2558 Λόγος
2896 2491 2996 2560 τὴν
3028 2489 3322 2563 θεαρχικὴν
3353 2491 3517 2563 φύσιν
3556 2494 3625 2565 τῇ
3656 2494 3757 2549 ἁν-

2172 2580 2420 2652 θρωπίνῃ
2476 2579 2873 2652 συνεκέρασεν,
2921 2581 3042 2645 ὅλος
3103 2581 3201 2655 ὅλῃ
3265 2581 3388 2636 καθ’
3455 2584 3756 2642 ὑπόστασιν

2170 2670 2497 2742 ἀπορρήτως
2561 2670 2980 2741 συνενούμενος,
3033 2672 3175 2735 ὅπως
3237 2671 3302 2727 ἂν
3344 2672 3478 2739 Θεὸς
3534 2675 3758 2749 ἀπαθὴς

2175 2762 2388 2834 μένων,
2435 2764 2549 2827 τοῖς
2595 2763 2747 2832 ἐμοῖς
2794 2763 2851 2816 δὲ
2880 2763 3077 2817 πάθεσι
3119 2763 3197 2835 τῷ
3233 2764 3561 2839 ἀνθρωπίνῳ
3595 2768 3755 2841 μέρει

2172 2855 2397 2922 παθὼν,
2448 2856 2601 2928 ἰσχύν
2641 2857 2703 2909 τέ
2740 2873 2831 2927 μοι
2860 2858 2955 2909 καὶ
2992 2856 3222 2929 δύναμιν
3259 2859 3567 2933 παράσχοι,
3608 2866 3752 2933 κάμὲ

2171 2947 2263 3002 τὸν
2290 2947 2500 3021 βροτὸν,
2518 2948 2639 3002 θεὸν
2657 2948 2958 3012 ἀποδείξειε
2975 2948 3459 3021 τελεσιουργήσας.
3484 2948 3753 3005 Τοσοῦτον

2171 3036 2265 3095 οὖν
2290 3059 2401 3111 μοι,
2430 3042 2594 3112 φησιν
2617 3044 2649 3112 ἠ
2671 3041 3079 3112 θεοπτικωτὰτη
3106 3040 3256 3111 ψυχὴ
3289 3043 3384 3096 καὶ
3406 3038 3745 3115 θεορρήιὴιν,

2174 3130 2286 3184 τῶν
2318 3132 2423 3184 ὑπὸ
2444 3132 2537 3185 τοῦ
2571 3134 2876 3203 φιλαγάθου
2912 3137 3360 3208 παρεσχημένων
3383 3138 3751 3212 εὐεργετημάσ

2175 3237 2307 3287 των,
2341 3223 2492 3294 ὅμως
2528 3224 2841 3293 ἀδάμαστον
2868 3227 2951 3281 ἔτι
2995 3229 3091 3282 καὶ
3141 3229 3499 3303 ὑπερήφανον
3520 3231 3633 3304 ἅχω
3654 3232 3751 3303 τὴν

2174 3314 2356 3386 ψυχήν
2374 3332 2388 3346 ’
2421 3316 2564 3369 συῶν
2598 3318 2656 3372 δὲ
2685 3320 2889 3390 τρόπον
2929 3321 3214 3393 αὑτοφόνφ
3243 3316 3447 3395 μανείς
3467 3314 3579 3378 ut
3607 3340 3748 3394 καρ-

2174 3405 2292 3470 δίας
2329 3407 2643 3480 αὐθαιρέτῳ
2685 3412 2830 3482 ροπῇ
2861 3413 3000 3484 πρὸς
3027 3421 3119 3467 τόν
3648 3417 3743 3471 τόν

2173 3496 2243 3551 δι’
2283 3499 2563 3570 ἁμαρτίας
2613 3503 3016 3573 ἀπειλούμενον
3532 3511 3733 3581 σπουδῇ

2175 3605 2359 3662 χωρου
2369 3610 2468 3662 μεν
2477 3634 2492 3648 .

2177 3685 2334 3738 Τίπτ’
2361 3682 2589 3754 ἀγαθὸν
2610 3684 2877 3749 βιότοιο;
2909 3681 3057 3737 Θεοῦ
3079 3679 3251 3753 φάος,
3272 3695 3326 3734 κ.
3349 3695 3403 3735 τ.
3440 3677 3525 3744 ἐξ.

2243 3774 2311 3828 Τί
2344 3777 2475 3829 ποτέ
2506 3778 2623 3830 ἐστι
2667 3774 2775 3828 τῶν
2809 3776 2868 3827 ὲν
2894 3774 3032 3846 τῷδε
3068 3771 3148 3844 τῷ
3179 3771 3279 3843 βίῳ
3307 3768 3748 3843 μαρτυρούμενον

2171 3872 2367 3939 καλόν;
2404 3871 2630 3933 Πάντως
2672 3868 3127 3939 συνομολογήσεις
3156 3866 3217 3920 τὸ
3255 3864 3392 3933 φῶς.
3431 3859 3592 3918 Εἷδεν
3620 3862 3749 3933 γὰρ,

2171 3962 2339 4034 φησιν
2361 4003 2376 4028 ,
2426 3962 2456 4014 ό
2484 3960 2619 4023 Θεὸς
2664 3958 2725 4012 τὸ
2758 3958 2874 4028 φῶς
2920 3959 3003 4012 ὅτι
3035 3957 3201 4010 καλόν
3221 3972 3238 3989 ’
3282 3956 3334 4010 τί
3359 3954 3405 4009 δ’
3434 3955 3503 4009 ἂν
3540 3953 3635 4009 καὶ
3666 3953 3752 4026 εἴη

2171 4057 2299 4113 ἄλλο
2337 4055 2543 4127 βέλτιον
2571 4054 2604 4125 ἢ
2646 4053 2795 4126 ἣδιον
2822 4055 2936 4116 τοῖς
2978 4053 3039 4107 ὲν
3074 4050 3153 4122 τῷ
3184 4050 3322 4121 βίῳ;
3355 4048 3491 4103 ἀλλά
3532 4049 3625 4102 καὶ
3655 4046 3757 4117 τῆς

2172 4147 2339 4202 αὐτοῦ
2374 4144 2789 4219 μεταλήψει»ςῆ
2839 4141 3195 4207 ἀπολαύσεως
3249 4141 3313 4195 τὺ
3359 4141 3542 4194 πλεῖον
3589 4138 3757 4210 μέρος

2174 4242 2211 4310 ὴ
2245 4236 2482 4311 φθονερά
2511 4254 2579 4308 με
2604 4236 2700 4291 καὶ
2722 4236 2965 4308 στυγητὴ
2991 4236 3288 4307 ἀποστερεῖ
3307 4231 3515 4296 σκοτία,
3544 4230 3605 4284 τὸ
3632 4229 3761 4295 ὀξυ-

2172 4323 2366 4397 δερκὲς
2403 4325 2503 4395 τῆς
2535 4322 2775 4395 βλέψεως
2812 4322 3154 4392 ὲξείργουσα,
3188 4321 3287 4377 καὶ
3317 4321 3468 4375 οὐδὲν
3503 4320 3626 4392 ἐμοὶ
3660 4319 3757 4373 τοῦ

2174 4416 2353 4486 φωτὸς
2376 4414 2529 4469 τοῦδε
2564 4415 2724 4469 πλέον
2753 4414 2830 4478 ὡς
2860 4414 3101 4468 εὐσεϐεῖν
3143 4410 3487 4485 νομιζομένῳ
3507 4429 3522 4443 ο
3557 4411 3760 4483 μᾶλλον

2179 4507 2278 4579 μὲν
2306 4503 2399 4562 οὖν
2426 4507 2490 4560 τὸ
2523 4507 2708 4562 πλεῖον
2739 4510 2853 4572 τοῖς
2879 4505 3168 4561 ἀσεϐοῦσιν
3201 4504 3590 4576 ὲνορᾶσθαι,ὡς
3612 4502 3763 4574 κάμὲ

2173 4599 2595 4673 ἀμϐλυώττοντα
2635 4598 2926 4669 ἐπεύχεται
2956 4598 3050 4652 τοῦ
3086 4596 3202 4651 ἴσου
3233 4597 3419 4660 αὐτοῖς
3445 4599 3546 4666 τῆς
3579 4594 3763 4665 apem;

2174 4694 2581 4763 κατευστοχεῖν,
2619 4691 2824 4763 καίπερ
2878 4691 3045 4745 τᾶλλα
3092 4689 3378 4763 ἀρρωστίᾳ
3422 4706 3483 4753 τε
3530 4687 3764 4759 κάμνων

2174 4785 2270 4839 καὶ
2290 4784 2713 4859 νοσηλευόμενος
2743 4782 2879 4856 (48),
2907 4786 3000 4838 καὶ
3023 4783 3436 4855 κατακείμενος,
3462 4782 3558 4836 καὶ
3581 4779 3763 4848 ὀλιγο-

2172 4877 2361 4951 ψυχῶν
2378 4894 2392 4908 ·
2422 4876 2585 4946 φόϐος
2611 4877 2666 4931 δέ
2693 4895 2760 4949 με
2781 4876 2915 4931 Θεοῦ
2940 4877 3350 4946 κατακάμπτει,
3385 4875 3674 4946 ἡμεριναῖς
3693 4889 3762 4926 τε

2175 4968 2421 5042 φροντίσι
2455 4970 2547 5022 καὶ¹
2571 4971 2915 5042 νυκτεριναῖς
2937 4967 3328 5037 δαπανώμενον
3357 4965 3451 5020 καὶ
3492 4981 3764 5038 κατατρυ-

2174 5063 2423 5135 χόμενον.
2514 5109 2519 5113 .

2178 5154 2376 5227 Οὗτος
2400 5161 2434 5213 ό
2457 5158 2811 5228 βρισαύχην
2831 5175 2904 5228 με
2937 5157 3038 5212 καὶ
3060 5156 3273 5223 ὕπτιος
3293 5151 3456 5298 ὦσεῖ
3480 5155 3723 5292 ὀπίῗὲγω
3740 5194 3758 5220 ,

3443 5242 3498 5287 κ,
3522 5243 3571 5278 τ.
3670 5264 3683 5278 .

3443 5242 3498 5287 κ,
3522 5243 3571 5278 τ.
3604 5242 3683 5287 ες.

2242 5313 2411 5384 Οὗτος
2432 5322 2460 5374 ό
2487 5320 2735 5391 ύψαύχην
2762 5319 2875 5390 βίος
2919 5321 3013 5375 καὶ
3051 5321 3347 5393 μετέωρος,
3371 5322 3401 5374 ό
3442 5317 3632 5381 ὕπτιος
3662 5318 3762 5372 καὶ

2171 5415 2474 5486 ἀνάλγητος
2514 5414 2609 5465 καὶ
2643 5412 3057 5478 ἀναπεπτωκὼς
3084 5417 3205 5477 ταῖς
3244 5412 3481 5485 ἡδοναῖς,
3520 5410 3619 5477 λάξ
3645 5412 3762 5464 ἐπι-

2173 5504 2274 5566 ϐἀς
2307 5501 2459 5570 οὗτος
2488 5506 2581 5559 καὶ
2621 5505 2720 5576 τῆς
2746 5507 2826 5570 εἰς
2854 5505 2916 5558 τὸ
2947 5506 3136 5578 πρόσω
3166 5506 3341 5575 φορᾶς
3368 5503 3646 5573 ἀνακύψας
3676 5505 3762 5567 εἰς

2174 5598 2418 5651 τούπίσω
2462 5614 2530 5669 με
2581 5596 2872 5652 ἀπώσατο·
2910 5597 3076 5652 Εἶπον
3122 5597 3207 5659 δὲ,
3242 5598 3402 5669 φησὶ.
3440 5597 3536 5650 καὶ
3556 5595 3625 5649 τὰ
3648 5593 3760 5650 δεε-

2180 5705 2326 5761 ματα
2369 5690 2463 5745 καὶ
2505 5690 2631 5754 τοὺς
2684 5690 2885 5761 φόϐους
2927 5693 3022 5746 καὶ
3064 5692 3322 5762 τρόμους,
3379 5683 3463 5753 οἷς
3486 5704 3547 5743 σε
3592 5702 3768 5742 κατα-
