4082 6392
359 366 461 424 741

362 485 634 556 κάμπτει,
659 483 946 558 Τάρταρον
982 481 1262 554 ἡερόεντα,
1286 483 1559 535 σκοτεινὸν
1586 482 1747 554 ᾊδου
1781 482 1962 555 χῶρον

363 578 462 647 καὶ
497 575 728 647 ἀλαμπῆ
776 574 896 628 λίαν
938 574 1307 644 φαντάζεσθαι
1331 571 1759 644 παρασκευάζει,
1790 575 1960 646 Πυρι-

364 667 736 738 φλεγέθοντας
764 664 862 729 οὓς
889 665 953 734 δὴ
998 681 1167 734 φασιν
1201 664 1484 734 Ἕλληνες,
1522 665 1746 733 γέενναν
1777 664 1834 718 δὲ
1865 665 1961 718 καὶ

365 758 485 832 πῦρ
532 758 796 813 ἄσϐεστον
837 755 906 810 τά
951 756 1220 828 θεαρχικὰ
1248 756 1361 827 (49)
1410 756 1567 825 λόγια
1598 757 1789 817 καλεῖ,
1833 757 1962 828 ἱμά-

366 850 539 914 σθλας
574 867 636 903 τε
670 848 809 921 πρὸς
834 848 1049 912 αὐτοῖς,
1096 848 1366 920 τιμωρίας
1414 849 1556 919 φημὶ
1583 850 1678 902 καῖ¹
1709 850 1960 914 κολάσεις

367 944 467 999 καὶ
515 942 799 1013 δαίμονας,
860 939 1244 1010 τιμωρητικὰς
1298 936 1451 1009 οἶμαι
1500 940 1795 1010 δυνάμεις,
1852 941 1959 995 τῶν

368 1035 659 1108 ἡμετέρων
700 1034 1023 1106 πράκτορας
1069 1016 1294 1103 ψυχῶν,
1321 1032 1420 1095 τὰς
1466 1034 1597 1103 ἡμῖν
1633 1034 1731 1103 μὲν
1765 1050 1956 1104 συνερ-

367 1127 575 1197 γούσας
603 1126 730 1198 ἄρτι
772 1126 910 1196 πρὸς
940 1127 1040 1196 τὴν
1078 1125 1356 1196 ἁμαρτίαν
1377 1163 1392 1188 ,
1423 1126 1481 1178 ἐν
1526 1125 1702 1195 καιρῷ
1736 1126 1792 1178 δὲ
1838 1124 1963 1197 κρί-

371 1236 510 1282 σεως
557 1215 858 1290 τιμωροῦσι
895 1216 992 1287 μὲν
1022 1215 1249 1279 ὲνδίκως
1270 1257 1285 1281 ,
1312 1216 1387 1280 ὼς
1416 1218 1962 1287 ἐπακολουθήσαντας

371 1310 556 1366 αὐτῶν
591 1312 714 1374 ταῖς
757 1308 1049 1372 ὑποϐολαῖς
1070 1349 1086 1372 ,
1136 1309 1230 1361 καὶ
1275 1308 1437 1361 αὑταὶ
1462 1309 1519 1362 δὲ
1555 1310 1648 1362 ἐπὶ
1678 1309 1738 1362 τὸ
1779 1309 1964 1363 διπλά-

377 1420 494 1456 σιον
553 1401 1134 1472 συντιμωρηθὴσονται
1177 1402 1292 1463 τοῖς
1333 1399 1690 1464 ὑπευθύνοις,
1740 1400 1815 1463 ὡς
1867 1402 1961 1453 καὶ

378 1492 931 1564 συμϐουλευσάμεναι
964 1494 1034 1547 τὰ
1062 1492 1138 1564 τῷ
1179 1490 1298 1561 Θεῷ
1330 1491 1572 1563 στυγητά
1601 1493 1696 1545 καὶ
1718 1510 1963 1563 συμπρα-

374 1586 626 1657 ξάμεναι,
653 1585 722 1640 δι’
740 1585 770 1639 ὂ
799 1586 895 1639 καὶ
935 1585 1245 1657 πράκτορες
1273 1584 1382 1637 τῶν
1404 1584 1690 1657 ἡμετέρων
1716 1584 1963 1656 εἴρηνται

373 1677 586 1750 ψυχῶν.
630 1676 817 1730 Ταῦτα
843 1676 922 1740 δὲ,
954 1678 1109 1746 φησὶ,
1146 1677 1323 1731 πάντα
1354 1676 1524 1747 μῦθος
1552 1677 1650 1746 μὲν
1671 1676 1958 1746 λεγόμενα,

373 1774 470 1828 καὶ
491 1771 744 1835 ὑπόθεσις
765 1770 999 1840 γέλωτος
1028 1770 1352 1823 καθίσταται
1373 1771 1485 1831 τοῖς
1509 1768 1731 1821 ἀσεϐέσι
1750 1783 1767 1800 ο
1798 1768 1958 1839 μόνον

374 1863 436 1917 δὲ
472 1861 537 1915 τὺ
568 1859 709 1915 κατά
734 1858 796 1913 τὸ
842 1859 1017 1930 παρὸν
1062 1860 1159 1929 ἡδὺ
1190 1859 1283 1912 καὶ
1318 1859 1581 1929 ἐράσμιον
1607 1859 1791 1922 αὐτοῖς
1816 1876 1961 1929 νομι-

378 1955 510 2008 σθὲν
551 1952 720 2024 ἀπρὶξ
744 1952 1060 2021 ἀγαπῶντες
1094 1952 1187 2005 καὶ
1218 1950 1621 2023 περιεχόμενοι,
1656 1950 1756 2020 τῆς
1783 1953 1840 2003 ὲν
1881 1952 1960 2004 ἑλ-

383 2046 506 2099 πίσι
539 2044 770 2114 βασάνου
797 2043 901 2096 οὐδ⁹
926 2043 1174 2115 ἡντινοῦν
1196 2043 1474 2097 ποιοῦνται
1507 2044 1863 2114 ἐπιστροφήν.

519 2135 710 2191 Λώτον
728 2132 808 2207 ἦν
825 2136 1117 2205 ἀλιτροῖς,
1149 2154 1202 2190 κ.
1242 2155 1291 2191 τ.
1325 2137 1370 2193 ὲ.

448 2228 618 2283 Τοῦτο
648 2225 803 2300 οἶμαι
847 2229 941 2283 τὸν
984 2228 1241 2299 θεοφόρον
1271 2228 1441 2300 ἄνδρα
1483 2229 1569 2284 διὰ
1596 2228 1748 2282 τοῦδε
1782 2244 1962 2298 παρα-

368 2320 567 2393 δηλοῢν
593 2321 690 2374 τοῦ
723 2320 909 2387 ἔπους,
944 2321 1021 2386 ὡς
1050 2321 1255 2393 βέλτιον
1289 2316 1356 2390 ἦν
1391 2322 1498 2393 ἄρα
1533 2322 1628 2375 καὶ
1660 2320 1936 2383 λυσιτελὲς

370 2416 486 2478 τοῖς
511 2413 860 2485 ἁμαρτωλοῖς
881 2411 982 2484 μὲν
1009 2411 1332 2484 ἀτιμώρητα
1354 2408 1492 2466 εἶναι
1514 2413 1656 2467 κατά
1678 2413 1769 2466 τὸν
1791 2413 1963 2467 αἰῶνα

362 2504 465 2559 τὸν
501 2504 767 2575 μέλλοντα
812 2504 909 2558 καὶ
941 2505 1136 2575 πεῖραν
1167 2504 1266 2574 τῆς
1300 2506 1418 2558 ἐκεῖ
1442 2505 1718 2569 κολάσεως
1760 2505 1833 2576 μὴ
1866 2505 1964 2558 λα-

375 2597 514 2662 ϐεῖν,
568 2598 729 2668 εἴπερ
768 2596 869 2668 ἐμὲ
895 2596 1036 2650 κατά
1061 2595 1152 2649 τὸν
1205 2597 1447 2668 παρόντα
1478 2600 1601 2660 ταῖς
1633 2599 1731 2666 τῆς
1763 2599 1962 2662 κακίας

373 2689 466 2745 τοῦ
504 2689 621 2761 βίου
649 2688 992 2760 δυσχερείαις
1035 2689 1325 2760 ἀσχάλλειν
1370 2691 1467 2743 καὶ
1497 2690 1779 2743 ἀνιᾶσθαι·
1810 2690 1954 2759 ἥοῢ-

371 2798 510 2848 τως·
538 2782 809 2852 Συνέφερε
833 2783 945 2844 τοῖς
973 2780 1179 2851 ὲνόχοις
1199 2822 1213 2845 ,
1237 2782 1337 2852 τῆς
1366 2782 1639 2852 ἁμαρτίας
1660 2781 1959 2851 ὰφεθείσιν,

371 2871 718 2945 ἀπηλλάχθαι
743 2870 1110 2943 τῆςβασάνου
1132 2913 1146 2936 ,
1178 2870 1275 2924 καὶ
1299 2871 1398 2941 ἐμὲ
1430 2871 1542 2942 (50)
1573 2874 1685 2931 τοῖς
1719 2872 1812 2924 τοῦ
1845 2871 1962 2941 βίου

374 2967 565 3029 κακοῖς
591 2963 790 3018 οὑτωσὶ
816 2959 1306 3032 ταλαιπωρεῖσθαι.

376 3058 485 3115 ίθθ
534 3054 711 3111 Ἀλλὰ
729 3055 787 3110 τι
807 3071 913 3124 μοι
938 3052 1229 3121 βροτέων,
1265 3053 1321 3105 τί
1354 3052 1424 3124 δέ
1439 3069 1542 3124 μοι
1573 3054 1763 3105 τόσον
1799 3051 1962 3124 ἄλγε’

1383 3121 1650 3194 (ἀείδειν,
1688 3139 1741 3175 κ.
1764 3139 1815 3176 τ.
1838 3123 1887 3175 λ.

455 3214 814 3288 Παραμυθίαν
856 3217 977 3280 ταῖς
1010 3213 1177 3269 αὑτοῦ
1232 3216 1540 3285 συμφοραῖς
1577 3214 1672 3267 καὶ
1713 3215 1827 3277 τοῖς
1867 3213 1962 3266 τοῦ

387 3307 638 3378 σώματος
679 3307 896 3377 ἄλγεσιν
940 3309 968 3361 ό
1017 3306 1311 3381 ἱερώτατος
1343 3306 1574 3360 ἐπινοῶν
1614 3306 1961 3378 πρεσϐύτης,

385 3404 504 3456 Ἵνα
549 3402 601 3455 τί
629 3419 751 3473 μοι,
785 3401 918 3472 ἔφη,
963 3401 1058 3454 ἐπὶ
1095 3398 1348 3453 τοσοῦτον
1394 3398 1464 3452 τά
1500 3398 1609 3452 τῶν
1662 3397 1966 3471 ἀνθρώπων

379 3493 747 3566 ἐκτραγῳδεῖν
782 3492 1022 3566 ὀδυνηρά
1062 3492 1159 3547 καὶ
1190 3490 1291 3556 τὰς
1334 3488 1749 3561 συμπιπτούσας
1780 3491 1967 3546 ταλαι-

376 3586 591 3657 πωρίας
617 3585 974 3655 καταλέγειν;

521 3678 718 3733 Πᾶσιν
739 3680 992 3733 ἔπεστιν
1017 3676 1187 3746 ἄχος.

448 3772 592 3825 Πᾶσι
621 3769 783 3834 ζώοις
816 3770 912 3823 καὶ
962 3771 1094 3823 πᾶσι
1121 3768 1256 3832 ’τοῖς
1291 3765 1384 3822 τοῦ
1435 3767 1645 3839 κόσμου
1681 3767 1969 3837 στοιχείοις

376 3863 522 3933 λύπη
554 3863 670 3931 (51)
709 3862 801 3915 καὶ
849 3861 1161 3924 ἐναντίωσις
1192 3860 1560 3931 παρίσταται,
1594 3860 1656 3913 οὐ
1698 3859 1858 3929 μόνον
1886 3858 1964 3922 δὲ,

378 3952 515 4007 ἀλλὰ
562 3953 659 4005 καὶ
698 3955 811 4017 τοῖς
842 3953 1152 4021 ἀσωμάτοις
1190 3951 1408 4016 αὐτοῖς’
1461 3952 1554 4005 καὶ
1583 3953 1721 4023 αὐτῇ
1746 3950 1857 4022 (52)
1897 3952 1964 4022 τῇ

378 4042 803 4114 ὑπερασωμάτῳ
833 4041 1025 4112 Τριάδι
1078 4042 1139 4094 τὸ
1181 4042 1430 4109 ἀντίξουν
1474 4041 1569 4095 καὶ
1593 4041 1966 4110 ἀντικείμενον

381 4135 746 4204 παρομαρτεῖ.
793 4133 903 4186 Καὶ
935 4131 1043 4204 γάρ
1083 4131 1171 4185 ἵνα
1209 4131 1308 4195 τὰς
1354 4130 1464 4185 τῶν
1511 4130 1667 4194 ζώων
1716 4132 1809 4185 καὶ
1857 4130 1968 4183 τῶν

380 4221 556 4276 ἄλλων
585 4221 745 4293 παρῶ
769 4221 1099 4294 διαφθορὰς,
1130 4222 1269 4294 αὐτὴ
1299 4224 1332 4294 ἡ
1370 4222 1445 4292 γῆ
1474 4222 1536 4275 τὸ
1572 4224 1832 4293 στοιχεῖον
1866 4223 1967 4276 οὐκ

382 4313 674 4376 ἀτίνακτος
728 4312 839 4365 οὐδ’
902 4313 1153 4378 ἄσειστος
1212 4313 1492 4377 παντελῶς
1542 4314 1637 4367 καὶ
1685 4314 1964 4386 ἀτρεμὴς·

381 4404 671 4474 πνεύματα
720 4404 778 4458 δὲ
821 4404 1105 4476 κρυφαίως
1135 4405 1304 4478 αὐτὴν
1331 4404 1798 4477 διαλαμϐάνοντα,
1838 4407 1968 4460 ὅταν

379 4500 586 4554 ἄνωθεν
614 4499 757 4574 λάϐῃ
787 4501 848 4554 τὸ
895 4501 1192 4573 ἐνδόσιμον,
1249 4502 1664 4557 ὰνατινάσσουσί
1694 4520 1756 4556 τε
1799 4502 1967 4573 αὐτὴν

379 4592 477 4645 καὶ
507 4592 582 4656 ὡς
623 4592 704 4663 τῷ
745 4594 1097 4667 ὲπιτρέποντι
1133 4595 1283 4665 φίλον
1318 4596 1746 4649 ἐπινάσσουσιν·
1785 4596 1879 4650 καὶ
1910 4597 1967 4648 αἱ

376 4677 519 4753 ὧραι
544 4685 601 4738 δὲ
637 4684 732 4739 τοῦ
766 4687 921 4749 ἔτους
949 4688 1183 4759 ταχινῶς
1211 4688 1470 4759 ἀλλήλαις
1498 4686 1880 4759 ὑποχωροῦσαί
1910 4704 1970 4740 τε

380 4777 481 4830 καὶ
514 4777 884 4843 ὑπαπιοῦσαι,
927 4781 1132 4851 τρόπον
1163 4780 1288 4834 τινὰ
1331 4781 1422 4833 ὑπ’
1465 4778 1708 4848 ἀλλήλων
1745 4778 1974 4849 ἀνατρέ-

382 4883 608 4938 πονται,
638 4870 907 4942 χειμῶνος
951 4871 1050 4940 μὲν
1080 4872 1187 4924 ὑπὸ
1212 4872 1407 4943 θέρους
1433 4870 1522 4923 διὰ
1552 4868 1645 4923 τοῦ
1692 4869 1850 4941 ἔαρος
1880 4887 1974 4941 με·

383 4960 739 5027 σολαϐοῦντος
782 4962 1072 5032 λυομένου,
1106 4961 1301 5033 θέρους
1326 4963 1383 5016 δὲ
1416 4959 1483 5016 αὖ
1513 4962 1603 5015 διὰ
1636 4962 1729 5015 τοῦ
1763 4963 1971 5032 μεταξὺ

383 5052 733 5126 φθινοπώρου
787 5054 1219 5126 ἀιρανιζομένου⁸
1288 5054 1477 5125 ὥσπερ
1529 5071 1593 5123 γε
1626 5056 1719 5108 καὶ
1761 5056 1973 5128 ἡμέραν

387 5145 485 5214 μὲν
535 5149 849 5201 κατέπαυσε
912 5147 1045 5213 νὺξ,
1117 5147 1291 5201 νύκτα
1347 5147 1390 5200 δ’
1446 5145 1723 5200 ἀπώλεσεν
1787 5150 1815 5217 ἡ
1868 5148 1975 5212 ἕως

385 5239 681 5310 ἀνίσχουσα
696 5258 710 5272 ’
736 5242 928 5296 πάλινο
956 5240 1179 5314 Χειμὼν
1203 5241 1299 5312 μὲν
1316 5240 1699 5310 ἐπιγενόμενος
1716 5238 1870 5307 ξοφοῖ
1882 5241 1976 5294 τὸν

380 5331 522 5404 ἀέρα
550 5334 647 5387 καὶ
688 5335 962 5401 σκοτάζει,
992 5336 1146 5407 ἣλιος
1181 5334 1240 5389 δὲ
1270 5335 1491 5405 λάμψας
1524 5333 1761 5405 ἀστέρας
1799 5335 1978 5405 ἀμαυ-

384 5425 500 5493 ροῖ·
543 5425 638 5478 καὶ
674 5425 811 5497 ἡλίῳ
845 5427 945 5495 μὲν
989 5427 1148 5496 νέφος
1180 5423 1548 5497 ἐπιπροσθοῦν
1574 5422 1853 5476 διακόπτει
1877 5424 1978 5495 τὴν

380 5515 580 5590 αἴγλην
608 5518 743 5591 (55),
799 5518 999 5590 σελήνη
1047 5518 1106 5571 δὲ
1152 5517 1416 5587 φθίνουσα
1470 5517 1564 5570 καὶ
1608 5518 1689 5581 εἰς
1738 5515 1976 5586 παντελῆ

457 5655 571 5730 (49)
609 5656 747 5730 βοά.
785 5657 1045 5730 θεάρχια,
1079 5673 1132 5710 v.
1163 5672 1330 5726 supra
1359 5665 1476 5710 not.
1511 5656 1603 5730 20.

364 5736 378 5747 ’
462 5721 577 5797 (ὅθ’)
618 5729 741 5785 Bill.
787 5730 845 5784 in
887 5721 1293 5783 'coiiirneiitario
1332 5741 1430 5797 pro
1462 5726 1555 5778 καὶ
1588 5727 1688 5797 ὲμέ
1733 5721 1976 5783 scribere

387 5794 572 5870 vult?)
619 5798 752 5870 ὲμέ,
783 5798 879 5854 sed
912 5799 1078 5853 etiam
1130 5812 1297 5868 supra
1332 5794 1562 5852 'Nicetas
1605 5794 1745 5852 dixit
1779 5797 1975 5870 εἴπερ,

389 5868 538 5941 quod
561 5868 683 5925 non
711 5870 978 5942 intelligo.

1364 361 1435 419 IN
1473 361 1786 418 CARMINA
1825 362 2109 420 ABCANA
2147 364 2206 421 S.
2264 362 2612 421 GREGORII.

3541 370 3652 429 742

2063 485 2362 541 obscurum
2395 484 2517 539 Orci
2552 485 2733 539 locum
2766 492 2821 540 et
2850 485 3060 557 absque
3104 488 3309 544 lumine
3347 488 3648 545 fantasma.

2063 575 2212 630 libus
2261 575 2542 629 abundare
2587 584 2878 645 praeparat,
2924 575 3082 646 ignea
3138 576 3360 633 ﬂumina
3412 595 3648 650 quorum

2060 667 2436 721 meminerunt
2478 664 2676 733 Graeci,
2709 667 3015 737 gehennam
3067 674 3118 722 et
3172 668 3350 739 ignem
3385 671 3653 725 inexstin-

2061 756 2325 827 guibilem
2375 764 2576 812 vocant
2621 758 2921 829 prophetia:
2969 760 3188 826 divinat,
3242 769 3297 815 et
3342 760 3550 832 ﬂagella
3593 763 3653 819 in

2063 849 2238 919 ipsis,
2292 865 2483 920 poenas
2527 849 2653 905 dico
2701 858 2755 905 et
2797 853 3302 910 animadversiones
3348 864 3403 908 et
3447 856 3653 909 daemo-

2062 958 2186 1007 nes,
2215 945 2507 1014 punientes
2537 953 2673 1014 puto
2717 953 3042 1015 potestates,
3079 959 3393 1003 nostrarum
3423 964 3654 1003 exsecu-

2063 1043 2217 1093 tores
2275 1038 2608 1103 animarum,
2664 1054 2787 1109 qua:
2830 1040 3116 1094 nobiscum
3170 1049 3477 1110 cooperataa
3522 1052 3653 1097 sunt

2064 1136 2317 1184 recenter
2341 1129 2408 1183 ad
2440 1139 2753 1199 peccatum,
2787 1130 2840 1184 in
2865 1139 3111 1201 tempore
3134 1148 3266 1187 vero
3285 1134 3479 1202 judicii
3505 1120 3653 1202 juste

2064 1218 2285 1288 quidem
2320 1221 2559 1289 puniunt
2593 1235 2688 1275 eas
2710 1236 2832 1290 quae
2864 1236 2963 1291 per
2996 1222 3377 1293 instigationes
3407 1223 3652 1291 ipsarum

2065 1311 2341 1365 comitatae
2371 1318 2537 1378 sunt;
2589 1322 2644 1367 et
2691 1312 2824 1382 ipsae
2854 1313 3244 1369 damnatorum
3282 1314 3530 1384 duplices
3565 1314 3657 1369 da-

2065 1404 2202 1458 bunt
2234 1418 2424 1473 poenas
2457 1420 2580 1475 quae
2614 1415 2913 1460 suaserunt
2941 1406 3131 1460 odiosa
3166 1404 3280 1460 Deo
3324 1422 3541 1475 unaque
3575 1406 3655 1463 fe-

2065 1504 2282 1560 cerunt,
2328 1498 2472 1550 unde
2506 1505 2821 1552 nostrarum
2855 1497 3160 1551 animarum
3185 1508 3540 1554 exsecutores
3566 1499 3646 1553 di.

2064 1597 2165 1640 cla:
2209 1594 2360 1641 sunt.
2410 1585 2537 1642 Haec
2578 1589 2783 1651 omnia,
2829 1587 3030 1658 inquit,
3079 1589 3264 1643 fabula
3299 1591 3560 1644 dicuntur
3597 1600 3652 1647 et

2068 1677 2187 1732 risu
2212 1677 2375 1747 digna
2401 1689 2748 1748 reponuntur
2777 1679 2847 1733 ab
2874 1681 3092 1749 impiis;
3123 1690 3332 1734 tantum
3358 1697 3484 1736 vero
3505 1684 3649 1752 quod

2065 1784 2309 1839 praesens
2335 1778 2421 1826 est
2454 1770 2617 1827 dulce
2656 1779 2710 1826 et
2741 1771 3047 1841 jucundum
3088 1772 3405 1841 judicantes
3439 1773 3653 1829 fortiter

2064 1866 2252 1913 amant
2302 1870 2357 1915 et
2404 1861 2620 1923 ardent,
2674 1861 2804 1916 dum
2853 1864 3113 1916 tormenti
3166 1879 3197 1917 a
3238 1880 3334 1933 spe
3375 1865 3648 1935 designati

2065 1951 2270 2006 nullam
2306 1967 2496 2008 curam
2545 1953 2767 2010 habent.
2811 1974 2829 2005 (
2862 1953 3058 2010 Melius
3094 1964 3212 2011 erat
3239 1958 3512 2022 sontibus,
3542 1979 3561 2012 ι
3597 1968 3652 2014 et

2067 2059 2186 2113 seq.
2224 2042 2277 2098 Id
2320 2045 2496 2099 virum
2526 2046 2773 2100 divinum
2811 2045 3226 2103 demonstrasse
3252 2065 3349 2117 per
3376 2050 3489 2105 lucc
3530 2065 3654 2107 car—

2065 2135 2212 2189 mina
2243 2146 2374 2204 puto
2406 2154 2419 2190 :
2451 2135 2646 2191 Melius
2679 2144 2796 2190 erat
2820 2145 2874 2191 et
2911 2139 3086 2208 magis
3114 2139 3434 2209 expediebat
3458 2156 3653 2210 pecea-

2064 2228 2277 2282 toribus
2299 2229 2568 2298 impunita
2600 2244 2723 2283 esse
2753 2229 2809 2282 in
2836 2230 2948 2283 vita
2977 2229 3161 2283 futura
3193 2231 3334 2285 mala
3366 2247 3467 2286 nec
3493 2232 3654 2303 quid.

2067 2335 2235 2390 quam
2266 2320 2333 2375 de
2366 2321 2658 2375 tormentis
2685 2321 2840 2376 hisce
2866 2322 3125 2391 experiri,
3162 2323 3289 2377 licet
3318 2324 3371 2377 in
3399 2326 3656 2394 pra-senti

2065 2413 2269 2468 saeculo
2309 2413 2574 2468 aarumnis
2611 2413 2957 2467 miseriarum
3004 2414 3130 2467 vitae
3166 2430 3335 2484 angar
3365 2424 3417 2469 et
3449 2416 3658 2487 afﬂigar

2063 2520 2187 2574 ego.
2223 2505 2332 2557 Aut
2363 2504 2444 2560 sic
2470 2523 2484 2559 :
2511 2504 2743 2574 Expedit
2776 2504 3028 2561 sontibus
3055 2505 3149 2575 qui
3184 2520 3210 2558 a
3246 2515 3469 2576 peccato
3491 2510 3659 2562 soluti

2065 2606 2218 2658 sunt,
2249 2612 2279 2649 a
2312 2597 2607 2652 tormentis
2643 2598 2917 2652 immunes
2944 2598 3204 2660 transire,
3230 2614 3315 2654 me
3340 2599 3421 2654 sic
3452 2600 3506 2654 in
3544 2616 3657 2655 mas

2065 2689 2134 2744 iis
2163 2689 2287 2744 vitae
2321 2689 2536 2745 relicto.

2068 3056 2170 3111 109
2212 3053 2315 3110 Sed
2355 3054 2481 3124 quid
2516 3052 2667 3115 mihi,
2692 3050 2833 3124 quid
2868 3060 3142 3120 tantopere
3173 3068 3382 3105 necesse
3411 3061 3487 3105 est
3518 3069 3661 3105 mor-

2691 3121 2912 3194 [talium
2937 3138 3207 3176 (erumnas
3231 3123 3455 3176 canere?
3482 3131 3587 3175 etc.

2141 3216 2563 3272 Consolationes
2618 3213 2764 3269 inter
2803 3214 3032 3268 adversa
3079 3222 3245 3284 atque
3283 3214 3501 3268 dolores
3545 3229 3661 3268 cor-

2069 3308 2222 3380 poris
2255 3307 2527 3363 meditans
2559 3305 2945 3362 sanctissimus
2968 3305 3232 3360 sacerdos
3259 3323 3274 3359 :
3302 3304 3435 3369 Cur,
3461 3304 3659 3375 inquit,

2069 3402 2209 3457 adeo
2244 3398 2547 3471 grandibus
2588 3399 2766 3454 tristia
2813 3397 3098 3452 hominum
3141 3397 3439 3453 condolere
3479 3400 3662 3453 verbis

2067 3503 2122 3551 et
2150 3493 2407 3549 miserias
2430 3493 2803 3563 opprimentes
2832 3490 3124 3561 repetere?
3158 3509 3176 3542 ι
3208 3489 3479 3546 Omnibus
3510 3492 3664 3546 adest

2068 3587 2317 3643 aﬂlictio:
2346 3585 2634 3639 romnibus
2664 3584 3041 3640 animantibus
3068 3590 3125 3638 et
3155 3582 3416 3639 omnibus
3452 3598 3574 3653 qua!
3608 3584 3663 3637 in

2070 3679 2276 3734 mundo
2314 3677 2671 3733 continentur
2703 3676 2929 3730 afﬂictio
2973 3682 3027 3731 et
3069 3675 3351 3745 oppositio
3385 3677 3656 3737 occurrit.

2069 3779 2124 3824 et
2211 3784 2321 3823 non
2368 3757 2541 3825 solum
2585 3767 2701 3831 bis,
2748 3768 2843 3823 sed
2886 3775 2941 3819 et
2974 3771 3108 3825 item
3142 3765 3488 3836 incorporeis
3521 3766 3664 3820 enli-

2068 3861 2195 3917 bus.
2228 3860 2288 3913 In
2329 3859 2503 3929 ipsam
2548 3858 2711 3914 etiam
2749 3858 3073 3926 incorporea
3114 3872 3349 3926 quaeque
3396 3870 3666 3926 superan-

2070 3961 2178 4006 tem
2217 3950 2544 4005 Trinitatem
2582 3949 2823 4020 insurgit
2866 3947 3146 4002 contrarie
3171 3948 3462 4003 incurrens
3498 3956 3551 4002 et
3579 3946 3664 4016 ja-

2069 4059 2202 4099 cens
2253 4061 2267 4096 :
2317 4041 2365 4098 si
2425 4041 2570 4096 enim
2627 4039 2993 4093 animantium
3045 4038 3394 4110 aliorumque
3435 4048 3662 4107 praeter-

2069 4136 2274 4192 misero
2338 4134 2727 4202 corruptiones
2758 4172 2773 4197 ,
2866 4141 3009 4186 terra
3073 4130 3190 4200 ipsa
3259 4131 3313 4186 in
3379 4131 3664 4185 elementis

2070 4228 2187 4283 suis
2238 4241 2338 4280 nec
2384 4225 2717 4279 inconcussa
2786 4236 2890 4277 nec
2940 4223 3150 4292 absque
3209 4222 3319 4276 ulla
3367 4221 3665 4292 agitatione

2070 4327 2125 4375 et
2205 4319 2390 4389 quiete
2462 4324 2647 4370 manet
2692 4333 2706 4370 :
2748 4314 2978 4386 spiritus
3051 4316 3224 4385 ipsam
3304 4314 3448 4369 clam
3511 4315 3666 4370 inva~

2071 4414 2230 4478 dunt,
2263 4408 2485 4482 quando
2521 4423 2587 4463 ex
2623 4408 2733 4461 alto
2772 4406 2913 4461 dona
2951 4407 3196 4477 suscepit
3236 4406 3411 4477 ipsam
3453 4408 3668 4478 agitant

2071 4512 2160 4568 et,
2215 4501 2375 4572 quasi
2422 4500 2478 4555 id
2529 4498 2869 4570 permittenti
2917 4498 3166 4568 placeat,
3218 4498 3552 4570 peragitant.
3601 4497 3667 4551 Et

2076 4597 2338 4652 velociter
2393 4608 2452 4649 se
2502 4591 2737 4647 invicem
2792 4591 3162 4661 propellentes
3211 4598 3277 4658 ,et
3332 4606 3671 4663 prosequen-

2079 4698 2162 4744 tes
2218 4688 2369 4742 horai
2434 4685 2564 4740 anni
2615 4682 2852 4754 quodam
2898 4682 3063 4737 modo
3120 4683 3265 4738 inter
3327 4699 3386 4738 se
3434 4684 3669 4738 invicem

2079 4782 2499 4841 subvertantur,
2545 4777 2776 4846 expulso
2814 4776 2883 4830 ab
2919 4784 3110 4831 aestate
3166 4775 3345 4829 hieme
3395 4774 3671 4829 mediante

2079 4886 2243 4934 vere,
2284 4877 2473 4925 aestate
2511 4884 2733 4923 rursum
2780 4882 2878 4937 per
2912 4867 3153 4921 medium
3206 4875 3533 4920 autumnum
3574 4865 3672 4920 de-

2082 4964 2346 5030 cedente;
2397 4962 2654 5017 similiter
2708 4968 2762 5016 et
2818 4960 2964 5015 diem
3049 4974 3271 5015 cessare
3335 4958 3465 5013 fecit
3517 4974 3670 5026 nox;

2081 5065 2298 5112 noctem
2342 5053 2616 5109 destruxit
2645 5067 2845 5107 aurora
2879 5067 3151 5122 surgens;
3208 5066 3426 5104 rursum
3453 5048 3673 5107 :Hiems

2082 5147 2482 5220 superveniens
2517 5145 2781 5198 obscurat
2819 5158 2947 5197 aera
2990 5151 3043 5198 et
3074 5142 3352 5205 tenebrat,
3389 5142 3471 5197 sol
3509 5142 3673 5198 reful-

2083 5256 2217 5311 gens
2267 5246 2416 5295 astra
2476 5235 2775 5306 pallescere
2829 5234 2962 5290 facit
3008 5242 3062 5290 et
3124 5235 3225 5289 soli
3273 5236 3669 5305 superveniens

2086 5333 2261 5388 nubes
2305 5328 2654 5400 splendorem
2705 5327 2827 5397 ejus
2879 5326 3113 5394 frangit;
3162 5326 3291 5380 luna
3336 5326 3669 5381 decrescens

2084 5427 2140 5474 et
2171 5419 2238 5472 ad
2278 5419 2499 5488 plenum
2525 5415 2743 5470 senium
2774 5413 3051 5469 inclinans
3082 5429 3279 5469 rursus
3323 5415 3435 5468 vita
3465 5412 3670 5469 crescit

2086 5528 2185 5569 sua
2216 5521 2272 5566 et
2305 5511 2449 5566 sicut
2480 5523 2672 5564 recens
2705 5515 2834 5562 nata
2881 5510 3283 5579 contemplatur
3331 5507 3565 5575 lucens;
3610 5517 3664 5562 ct

2157 5651 2268 5721 (5!)
2308 5650 2443 5706 Cod.
2473 5649 2687 5704 λλύπει.

2158 5725 2270 5787 (5').)
2312 5723 2448 5793 Cod.
2486 5723 2644 5793 αύτή.

2160 5793 2270 5865 (55)
2308 5792 2445 5851 Cod.
2482 5791 2666 5864 αίγὴν.
2766 5830 2771 5835 .
