4082 6396
444 393 549 453 745

443 507 626 580 ipsum
656 501 825 559 astris
855 497 1169 555 scintillans
1213 495 1413 551 C(Bl‘lm
1468 507 1577 548 non
1622 496 1802 545 totum
1856 499 2033 558 quan-

443 577 562 655 tum
595 607 680 652 est
713 608 955 665 unquam
986 585 1351 658 contemplari
1414 590 1520 643 est,
1580 593 1800 648 semper
1846 577 2030 631 media

446 703 601 763 parte
624 697 843 743 tantum
878 684 1098 740 visibile
1126 688 1234 742 est,
1266 687 1321 734 et
1356 674 1744 745 hemisphaerio
1776 672 2028 725 occulta-

442 762 572 844 tur;
606 788 662 834 et
696 777 937 832 visibilia
967 772 1157 827 mundi
1194 770 1463 824 elementa
1488 766 1679 821 eodem
1717 762 1882 817 modo
1909 775 2032 814 mu-

447 879 637 925 tantur
661 887 675 932 ;
700 878 755 924 et
785 879 864 927 tu,
900 866 1099 935 inquit,
1126 862 1425 917 fascinator
1451 858 1623 912 draco
1647 856 1789 926 ipse,
1818 852 2039 908 invidiae

1802 363 2102 423 NICETAS
2140 364 2349 423 DAVID

3613 340 3714 397 τα

2141 486 2323 556 φθίσιν
2383 482 2565 545 ίοῦσα.
2618 479 2790 549 ἀναζῇ
2838 475 2999 531 πάλιν
3060 469 3155 525 καὶ
3203 466 3278 530 ὡς
3327 457 3715 556 ἀρτιγέννητος

2143 552 2399 649 βλέπεται
2446 570 2824 641 φωτιζομένη·
2876 563 3040 626 αὐτὸς
3067 561 3124 615 δὲ
3150 562 3178 613 ὁ
3226 552 3717 649 ἀστεροφανηςαούῗ

2145 640 2304 738 ρανὸς
2335 665 2434 734 οὐχ
2460 640 2584 726 δλος
2612 661 2738 721 ὅσος
2781 656 2899 710 teri.
2934 653 3157 706 πώποτε
3201 646 3504 709 κατῶπται,
3534 642 3624 697 ἀεὶ
3658 640 3720 694 δὲ

2139 758 2416 831 ἡμιφανὴς
2436 757 2629 827 ὁρᾶται
2651 754 2746 807 καὶ
2764 749 2841 820 τῷ
2868 745 3210 820 ἡμισφαιρίῳ
3236 739 3716 831 κατακέκρυπται·

2139 827 2234 906 καὶ
2258 827 2329 905 τὰ
2357 827 2456 921 μὲν
2481 847 2736 918 ὁρώμενα
2764 841 2860 897 τοῦ
2909 841 3115 909 κόσμου
3147 836 3384 906 στοιχεῖα
3428 830 3575 884 τόνδε
3627 827 3722 921 τὸν

450 971 608 1034 pater
629 972 684 1017 et
704 960 918 1032 peccati
945 915 1099 1013 radix
1127 970 1192 1011 ac
1221 956 1365 1017 fons,
1396 960 1450 1008 et
1471 961 1551 1018 tu,
1571 967 1603 1004 o
1628 950 1830 1003 Satana
1862 945 2040 999 bomi-

2158 944 2340 1015 τρόπον
2359 915 2772 1014 ’μετατρέπεται
2792 934 2946 1003 ,εκαὶ
2986 932 3050 986 σὺ
3082 931 3142 984 δὲ
3162 971 3179 996 ,
3214 928 3379 999 φησὶν
3401 967 3417 990 ,
3451 922 3635 985 αὐτὸς.
3674 915 3723 974 ὧ

2419 1033 2423 1034 ί
2661 1024 2689 1034 -
2795 1030 2805 1034 -
2984 1024 3039 1034 ιι
3242 1022 3254 1034 ι
3306 1021 3318 1034 ν
3609 1012 3718 1034 ειν,

452 1055 598 1117 cida,
625 1055 770 1107 inter
797 1051 1079 1122 angelicos
1109 1048 1317 1102 choros
1361 1045 1509 1100 sicut
1537 1043 1683 1096 inter
1729 1048 1875 1093 astra
1912 1034 2043 1091 luci-

456 1145 541 1204 fer
562 1149 767 1202 lumine
792 1150 1067 1214 praestans
1102 1153 1399 1210 apparens,
1430 1135 1629 1191 deinde
1652 1147 1749 1202 per
1769 1141 2038 1184 tumorem

458 1241 514 1296 in
547 1240 803 1294 tenebras
839 1251 1030 1289 versus
1058 1248 1141 1295 es,
1193 1230 1502 1285 scelestium
1542 1235 1802 1295 tanquam
1844 1232 2047 1290 oppro-

453 1331 662 1393 brium,
693 1341 954 1398 tanquam
985 1324 1323 1380 abotuinatio
1356 1318 1721 1374 habitantium
1768 1313 1994 1369 evasisti
2022 1329 2039 1380 ;

455 1426 586 1480 hinc
607 1437 739 1492 ergo
768 1423 880 1475 sint
916 1420 1020 1472 ista
1050 1417 1117 1471 de
1152 1426 1350 1470 natura
1384 1408 1573 1468 creata
1600 1429 1612 1465 :
1646 1409 1777 1464 inde
1793 1407 1928 1478 qttid
1960 1406 2042 1461 in—

454 1525 640 1571 creata
685 1512 1041 1584 ingenitaque
1091 1508 1361 1568 Trinitas,
1393 1503 1701 1559 secundum
1740 1499 2040 1555 essentiam

456 1624 611 1665 suam
640 1603 1108 1660 incommutabilis
1138 1609 1192 1656 ct
1234 1601 1499 1661 immota;
1538 1593 1785 1663 nunquid
1825 1592 1943 1663 ipsa
1990 1600 2045 1645 et

456 1698 684 1752 omnino
715 1709 931 1749 omnem
966 1690 1243 1762 praeclusit
1279 1684 1725 1758 Oppositionem?
1770 1681 1877 1738 Sed
1918 1696 2047 1752 pro-

460 1790 593 1861 pitia
622 1788 779 1849 mihi,
809 1785 1044 1856 prepitia
1075 1785 1174 1845 sis,
1209 1781 1459 1835 Trinitas
1484 1786 1675 1834 sancta
1703 1784 1799 1830 aut
1824 1788 2045 1831 summe

462 1890 679 1944 sancta,
726 1878 908 1948 inquit
961 1887 1089 1931 tuus
1132 1873 1522 1930 sanctissimus
1583 1870 1817 1937 piusque
1859 1867 2046 1922 divina

460 1974 733 2034 clamans,
766 1985 889 2040 quae
918 1982 1020 2024 nec
1041 1968 1159 2038 ipsa
1191 1964 1411 2036 penitus
1439 1961 1823 2032 insipientium
1866 1958 2048 2012 homi-

461 2080 594 2122 num
628 2062 853 2119 evasisti
883 2060 1271 2130 loquacitatem
1318 2074 1332 2110 :
1366 2054 1561 2109 dicunt
1605 2053 1752 2108 enim
1785 2052 1928 2105 male
1958 2058 2049 2102 tu-

463 2164 678 2212 mentes
716 2153 995 2210 temerarii
1029 2150 1252 2221 quidam
1293 2170 1307 2203 :
1340 2148 1397 2201 ln
1438 2145 1713 2216 principio
1769 2152 1888 2199 erat
1938 2140 2046 2195 Pa-

463 2255 570 2312 ter,
602 2247 803 2302 deinde
846 2258 1106 2315 magnum
1156 2241 1347 2313 genuit
1375 2236 1594 2301 Filium,
1627 2235 1825 2292 deinde
1866 2233 2050 2304 magni

465 2340 559 2396 Dei
595 2339 882 2411 Spiritum,
914 2338 1076 2408 quasi
1112 2337 1166 2391 in
1217 2334 1487 2406 graduum
1547 2330 1940 2400 inaequalitate,
1965 2341 2053 2381 se-

463 2431 711 2486 cundum
747 2430 1075 2486 substantiae
1112 2427 1495 2481 mutationem.
1532 2423 1621 2478 Sic
1662 2422 1953 2476 diversiter
1984 2418 2055 2475 ab

470 2521 738 2575 haereticis
782 2520 1213 2590 blasphematur.
1269 2537 1287 2570 ι
1331 2518 1453 2583 Quo
1502 2515 1749 2571 stabilies
1815 2527 1903 2567 me
1949 2527 2052 2567 au-

465 2608 672 2674 ferens,
717 2630 736 2661 ι
771 2619 825 2664 et
855 2625 974 2678 seq.
1002 2606 1048 2663 Ο
1074 2609 1314 2678 pessima
1348 2609 1581 2676 loquens
1614 2605 1959 2676 lingua,quaz
1987 2599 2057 2655 ad

469 2702 626 2758 nefas
654 2709 707 2761 et
736 2701 1131 2771 blasphemiam
1159 2701 1274 2754 otio
1304 2699 1503 2762 uteris,
1537 2712 1646 2767 quo
1683 2713 1771 2753 me
1796 2695 2058 2750 auferens

468 2791 645 2848 stabis
671 2805 708 2845 ιι
735 2793 876 2846 male
906 2790 1114 2845 dictis?
1140 2791 1230 2845 ubi
1266 2789 1581 2845 sollicitudo
1610 2798 1669 2844 et
1711 2788 1938 2859 grandis
1965 2802 2061 2843 co-

472 2884 800 2955 gitationum
838 2882 1008 2936 stabit
1040 2882 1414 2951 perplexitas;
1454 2881 1589 2936 siste
1613 2889 1669 2936 et
1706 2881 2059 2936 irrationales

471 2988 767 3043 compesce
794 2973 1053 3042 impetus,
1089 2972 1173 3024 ori
1207 2979 1302 3024 tuo
1337 2984 1479 3040 pone
1506 2969 1818 3027 custodiam
1852 2979 1907 3026 et
1935 2970 2061 3026 vide

472 3073 743 3136 quantum
772 3065 1029 3120 essentia;
1060 3078 1175 3119 sine
1201 3062 1465 3117 ﬁrmitate
1505 3078 1673 3134 super
1715 3064 1900 3119 omnia
1929 3080 2062 3133 pras-

474 3163 582 3213 stet
638 3156 816 3222 Deus;
863 3163 920 3209 et
985 3170 1172 3209 coram
1232 3155 1406 3225 ipsius
1465 3155 1753 3226 majestate
1797 3157 2059 3211 inferiora

472 3257 672 3304 cuncta
706 3263 963 3318 reponas,
1002 3247 1281 3318 indignam
1310 3248 1480 3303 verbo
1505 3249 1754 3304 veritatis
1812 3256 1864 3319 te
1892 3263 2061 3319 agno-

474 3358 675 3407 scens;
717 3352 770 3395 et
797 3356 935 3395 cave.
960 3355 1029 3394 ne
1072 3342 1186 3394 ullo
1210 3340 1371 3397 modo
1418 3341 1690 3397 creaturis
1741 3316 2061 3397 Creatorem

476 3434 774 3495 assimiles,
812 3448 949 3488 neve
988 3434 1294 3502 suspicaris
1317 3450 1458 3488 vane
1485 3444 1733 3489 creatum
1783 3449 1908 3489 esse
1957 3433 2062 3487 ho-

477 3527 679 3580 minem
719 3541 733 3578 :
792 3524 995 3580 etenim
1028 3523 1360 3593 palinodiam
1391 3535 1626 3580 cantans
1648 3533 1702 3578 et
1733 3525 1918 3594 priora
1941 3539 2063 3578 car-

476 3617 649 3680 mina,
674 3615 761 3670 his
787 3616 843 3670 in
871 3615 1223 3674 sermonibus
1246 3615 1478 3672 firmiter
1514 3626 1700 3687 persto
1721 3617 2064 3672 contendens

475 3723 566 3763 me
595 3706 822 3762 minime
850 3721 879 3761 a
930 3706 1039 3762 Deo
1076 3706 1131 3762 in
1171 3722 1372 3761 vanum
1423 3708 1778 3776 plasmatum.
1825 3705 2064 3763 Verbum

477 3799 622 3854 enim
646 3809 701 3854 et
728 3798 1080 3854 ratiocinium
1112 3798 1583 3868 pusillanimitatis
1612 3807 1667 3854 et
1695 3799 1924 3853 vilitatis
1958 3802 2063 3854 hu-

476 3903 655 3943 manae
689 3896 797 3943 est.
854 3886 1103 3957 Namque
1148 3902 1300 3942 nunc
1344 3887 1592 3958 quidem,
1645 3888 1843 3959 inquit,
1907 3889 2066 3959 igno-

476 3982 673 4037 rantiae
725 3982 1038 4038 obscuritas
1110 3991 1165 4038 et
1221 3981 1661 4037 sollicitudinum
1718 3982 1841 4036 vitae
1891 3983 2064 4038 nubes

477 4072 673 4127 dill‘usa
723 4087 830 4127 non
884 4072 1014 4127 sinit
1069 4072 1351 4127 veritatem
1399 4080 1455 4128 et
1498 4072 1894 4128 vicissitudinis
1937 4087 2061 4125 mu-

478 4161 810 4231 tationisque
857 4177 1080 4217 causam
1119 4164 1296 4219 lucide
1344 4163 1686 4219 considerari
1726 4182 1741 4218 :
1786 4172 1910 4232 post
1943 4163 2061 4218 haec

476 4267 608 4308 vero
635 4253 877 4309 scientias
905 4270 1089 4309 sermo
1115 4255 1260 4311 sicut
1292 4256 1386 4310 lux
1417 4256 1706 4310 veritatem
1737 4254 2062 4309 desideran-

476 4346 625 4402 tibus
669 4347 950 4418 exsurgit,
983 4348 1143 4417 cujus
1179 4349 1423 4408 lumine,
1455 4348 1669 4418 inquit,
1712 4347 1859 4400 clare
1901 4346 2061 4400 intel-

475 4436 615 4510 liges
681 4454 846 4510 quam
926 4439 1152 4506 pulchre
1214 4448 1269 4494 et
1338 4438 1615 4509 sapienter
1686 4436 2061 4508 gubernentur

482 4530 742 4582 universa
782 4526 851 4580 ab
904 4542 1148 4579 υιιιιιιυηι
1201 4526 1573 4594 gubernatore
1618 4533 1673 4579 et
1719 4527 2060 4593 providente.

480 4615 591 4669 Aut
616 4615 762 4668 sicut
799 4616 976 4670 lucem
1004 4617 1194 4671 videns
1238 4614 1430 4680 Deum,
1465 4616 1520 4670 in
1565 4617 1687 4687 ipso
1714 4618 1879 4672 etiam
1929 4619 2060 4675 illu-
2100 4615 2113 4626 ’

482 4714 627 4760 stres
694 4705 901 4761 habens
985 4721 1168 4761 rerum
1232 4705 1510 4768 notiones,
1581 4718 1675 4762 aut
1741 4709 1886 4764 sicut
1937 4712 2063 4783 igne

481 4798 590 4855 isto
631 4807 992 4869 consumptus
1040 4806 1096 4854 et
1146 4808 1351 4861 tactus,
1403 4803 1543 4856 scies
1589 4802 1778 4856 omnia
1814 4803 1885 4859 ab
1939 4806 2061 4876 ipso

483 4892 682 4948 ﬁerict
705 4892 857 4962 justa
888 4903 942 4948 et
990 4907 1119 4947 vera
1165 4902 1220 4948 et
1270 4893 1429 4948 utilia
1478 4902 1532 4950 et
1581 4894 1782 4953 ﬁdelia.
1855 4917 1876 4951 ι
1918 4899 2060 4955 Dum

481 4989 614 5042 mihi
644 4988 760 5044 lucc
783 4990 1111 5045 concinebat
1136 4991 1369 5063 spiritus
1405 5008 1583 5060 meus,
1616 5013 1636 5046 ι
1669 5002 1725 5049 et
1749 5010 1867 5067 seq.
1916 4994 2057 5050 Dum

479 5086 614 5140 talia
642 5085 931 5142 ratiocinia
956 5088 1012 5142 in
1060 5089 1379 5159 supradicto
1424 5091 1549 5147 luco
1595 5091 1703 5147 isto
1756 5092 2061 5148 concinens

481 5182 711 5252 Spiritus
740 5199 894 5239 meus
927 5200 1012 5240 me
1036 5194 1374 5256 prostratum
1405 5197 1459 5243 et
1480 5186 1739 5244 afﬂictum
1771 5189 2057 5255 mulceret,

480 5289 537 5332 et
565 5293 767 5349 corpus
812 5280 1061 5336 sedatum
1110 5282 1380 5348 reﬁceret,
1431 5300 1558 5356 ego,
1621 5285 1819 5356 inquit,
1876 5288 2063 5341 serius

480 5384 607 5445 post
634 5375 823 5431 horam
853 5376 925 5433 ab
957 5378 1116 5433 horto
1143 5395 1375 5451 surgens
1417 5381 1475 5435 in
1507 5382 1733 5436 domum
1768 5381 2013 5437 redibam
2050 5403 2063 5437 :

479 5483 536 5531 et
567 5474 842 5529 interdum
878 5474 1059 5532 ridere
1099 5494 1185 5533 tne
1216 5480 1589 5550 contingebat,
1638 5482 1686 5535 si
1735 5481 1862 5551 quis
1913 5481 2071 5535 aliter

481 5587 645 5641 quam
694 5588 859 5643 supra
910 5573 1021 5628 dixi
1061 5577 1304 5632 sentiat:
1348 5577 1551 5631 etenim
1610 5579 1764 5632 aliter
1819 5578 2067 5634 sentiens

483 5670 662 5737 quivis
714 5672 886 5730 unica:
946 5683 998 5726 et
1064 5673 1253 5741 primae
1300 5687 1408 5725 non
1465 5672 1716 5742 sequitur
1771 5675 2061 5730 ratiocinia

480 5765 750 5827 veritatis,
785 5783 885 5821 nec
918 5769 971 5822 in
1019 5769 1156 5836 ipsis
1199 5768 1556 5823 stabilitatem
1600 5778 1655 5822 et
1705 5771 2057 5827 securitatem

485 5851 668 5909 habet.
695 5853 852 5911 Nunc
884 5852 1050 5929 igitur
1077 5858 1269 5912 talium
1318 5859 1712 5915 commiserans
1748 5861 2056 5918 caecitatem

2143 1012 2388 1109 βασκανε
2409 1033 2627 1105 δράκον,
2656 1024 2702 1083 ῶ
2735 1030 2911 1099 πάτερ
2940 1024 3135 1096 φθόνου
3173 1022 3266 1075 καὶ
3295 1016 3567 1089 ἁμαρτίας
3596 1012 3721 1086 ῥίζα

2141 1130 2238 1184 καὶ
2273 1127 2454 1198 πηγὴ,
2487 1125 2580 1180 καὶ⁵
2611 1125 2675 1178 σὺ
2698 1163 2714 1187 ,
2745 1116 2791 1176 ὦ
2825 1121 3001 1173 Σατᾶν
3026 1111 3457 1187 ’ἀνθρωποκτόνε
3478 1151 3492 1173 ,
3525 1112 3585 1163 ὲν
3609 1109 3725 1168 τοῖς

2143 1220 2452 1290 ἀπελικοίς
2493 1219 2672 1289 χοροῖς
2722 1214 2912 1284 ῶσπερ
2941 1213 2999 1262 ὲν
3026 1207 3286 1276 angam
3312 1202 3588 1273 ἑωσφόρος
3615 1200 3726 1253 δει-

2144 1315 2410 1384 κνύμενος
2436 1310 2839 1382 λαμπρότατος,
2879 1300 2997 1358 εἶτα
3031 1301 3220 1361 σκότος
3255 1296 3343 1351 διὰ
3368 1295 3468 1367 τὴν
3492 1294 3726 1364 ἔπαρσιν

2145 1408 2467 1476 γενόμενος,
2514 1401 2623 1455 τῶν
2665 1397 2951 1471 οὐρανίων,
2984 1393 3060 1455 ὡς
3089 1386 3298 1461 αἶσχος,
3337 1388 3413 1451 ὡς
3447 1386 3727 1457 βδέλυγμα

2146 1497 2512 1568 ἑξωλίσθησας
2551 1490 2903 1564 οἰκητηρίων.
2937 1488 3046 1540 Καὶ
3075 1484 3145 1538 τὰ
3176 1483 3275 1554 μὲν
3306 1482 3433 1552 περὶ
3465 1479 3565 1548 τῆς
3605 1495 3727 1532 κτι-

2148 1593 2279 1661 στῆς
2309 1588 2522 1656 φύσεως
2542 1586 2715 1657 ἐχέτω
2732 1581 2908 1655 ταύτῃ
2926 1595 2941 1610 ·
2965 1579 3018 1632 τί
3038 1578 3094 1630 δὲ
3124 1579 3157 1646 ἠ
3188 1576 3442 1636 ἄκτιστος
3479 1573 3575 1625 καὶ
3604 1570 3728 1638 ἀγέ-

2144 1699 2305 1750 νητος
2325 1680 2495 1752 Τριὰς
2511 1678 2604 1732 καὶ
2623 1675 2765 1730 κατά
2788 1690 2853 1742 γε
2877 1672 2975 1740 τὴν
2994 1669 3165 1738 αὐτῆς
3190 1665 3351 1736 φύσιν
3374 1662 3728 1725 ἀναλλοίωτος

2148 1774 2243 1829 καὶ
2280 1774 2582 1844 ἄτρεπτος,
2614 1763 2723 1839 ἇρὰ
2751 1781 2817 1834 γε
2866 1761 3179 1815 παντάπασι
3220 1755 3323 1810 κᾶν
3369 1755 3506 1825 αὕτη
3549 1755 3729 1808 πᾶσαν

2146 1865 2461 1934 διεξέφυγεν
2487 1859 2829 1928 ἀντιλογίαν;
2873 1854 3013 1909 Ἀλλ’
3034 1853 3192 1916 ἵλεώς
3222 1868 3332 1922 μοι,
3355 1849 3512 1911 ἵλεως
3530 1847 3735 1916 γένοιο,

2150 1956 2322 2027 Τριὰς
2338 1954 2468 2023 ἁγία
2488 1952 2521 2024 ἢ
2539 1952 2829 2021 ὐπεραγία,
2847 1950 2876 2001 6
2902 1943 3203 2014 ἀγιώτατός
3230 1958 3322 1994 σου
3339 1937 3730 2027 εὐλαϐούμενος

2151 2025 2545 2117 ἐπιφθέγγεται
2564 2042 2854 2112 ἱερολὸγος,
2880 2038 2954 2100 ὡς
2974 2035 3082 2089 οὐδ’
3100 2033 3236 2103 αὐτὴ
3257 2030 3432 2100 πάντη
3450 2027 3557 2081 τῶν
3574 2025 3726 2096 ἀφρό-

2152 2156 2259 2194 νων
2286 2134 2591 2209 ἀνθρώπων
2612 2131 2897 2202 διέδρασας
2923 2128 3022 2198 τὴν
3049 2121 3448 2193 γλωσσαλγίαν.
3464 2118 3612 2209 fast
3626 2118 3727 2187 γὰρ

2151 2206 2439 2300 τολμητίαι
2472 2222 2661 2287 κακῶς
2709 2218 3123 2289 αὑθαδιζόμενοι
3142 2231 3157 2245 °
3209 2212 3431 2285 Πρῶτον
3460 2206 3531 2281 ἦν
3560 2210 3591 2262 6
3617 2209 3719 2300 Ha:

2152 2297 2280 2393 τὴρ,
2308 2297 2428 2372 εἶτα
2453 2316 2545 2371 τὸν
2592 2315 2768 2387 μέγαν
2809 2312 3098 2381 ἐγέννησεν
3132 2307 3258 2361 Υἱὺν
3276 2347 3292 2371 ,
3330 2303 3526 2357 ἔπειτα
3553 2301 3615 2354 τὸ
3638 2297 3721 2393 τοῦ

2158 2389 2394 2484 μεγάλου
2423 2408 2558 2463 Θεοῦ
2586 2406 2831 2477 Πνεῦμα,
2861 2404 2937 2467 ὡς
2965 2404 3024 2455 ἐν
3058 2398 3283 2470 βαθμῶν
3315 2394 3595 2464 ὰνισότητι
3618 2389 3729 2446 κατ’

2154 2504 2345 2566 οὐσίας
2386 2500 2652 2555 ύπόὸασιν
2684 2500 2796 2562 τοῖς
2826 2494 3177 2569 αἱρεσιώταις
3206 2490 3465 2553 ποικίλως
3500 2488 3736 2560 βλασφη-

2161 2598 2367 2667 μεῖται.

2302 2684 2419 2741 Ποῖ
2438 2684 2693 2751 στήσας
2712 2699 2790 2754 με
2821 2680 3121 2752 φέρουσα,
3150 2695 3205 2731 κ.
3239 2693 3286 2730 τ.
3319 2676 3403 2742 ἐξ.

2230 2772 2304 2830 Ὦ
2332 2777 2554 2846 γλῶσσα
2582 2774 2944 2846 κακοφραδὲς,
2979 2770 3278 2842 κακόσχολε
3306 2771 3402 2824 καὶ
3431 2767 3737 2839 βλάσφημε,

2160 2868 2267 2922 ποῦ
2327 2886 2396 2940 με
2445 2869 2687 2939 φέρουσα
2737 2867 2952 2937 στήσειε
2996 2864 3106 2916 τῶν
3155 2862 3511 2933 δυσφημιῶν;
3567 2861 3739 2915 Ὅπου

2165 2961 2440 3034 μέριμνα,
2470 2960 2562 3014 καὶ
2593 2958 2761 3030 βαθὺς
2804 2958 3092 3027 νοημάτων
3121 2955 3330 3024 τλιγγος
3363 2954 3738 3026 προσίσταται.

2166 3056 2386 3108 Ἰστασο
2420 3054 2519 3125 τῆς
2565 3051 2852 3119 ἀλογίστου
2887 3050 3066 3121 ῥύμης
3097 3047 3367 3118 ἐπέχουσα
3399 3046 3632 3116 σαυτὴν,
3663 3044 3743 3116 τῷ

2166 3145 2395 3217 στόματί
2423 3162 2516 3199 σου
2543 3143 2803 3214 τιθεμένη
2834 3140 3081 3211 φυλακὴν
3109 3141 3203 3195 καὶ
3232 3138 3431 3203 εἰδυῖα,
3462 3139 3540 3202 ὡς
3571 3139 3744 3208 ὑπερ-

2163 3240 2361 3303 ουσίως
2407 3237 2517 3291 τῶν
2559 3237 2730 3291 θντων
2764 3236 3118 3307 ὑπερίδρυται
3163 3232 3305 3287 κατὰ
3332 3232 3493 3300 φύσιν
3517 3233 3546 3283 6
3575 3231 3746 3296 Θεός·

2164 3332 2259 3386 καὶ
2284 3331 2516 3402 δεύτερα
2558 3329 2737 3383 πάντα
2776 3329 2876 3399 τῆς
2924 3325 3089 3380 αὑτοῦ
3144 3324 3553 3396 μεγαλειότητος
3608 3323 3745 3376 ὑπο-

2164 3426 2331 3495 χώρει
2355 3463 2370 3486 ,
2405 3422 2483 3493 τῷ
2527 3422 2670 3493 λόγῳ
2709 3419 2812 3489 τῆς
2850 3418 3108 3490 ἀληθείας
3147 3414 3459 3489 ἡττωμένη,
3501 3412 3740 3474 καὶτοῖς

2163 3518 2427 3588 κτίσμασι
2466 3517 2557 3570 τὸν
2584 3515 2824 3583 κτίστην
2861 3511 3137 3574 παντελῶς
3186 3507 3258 3577 μὴ
3288 3502 3729 3575 παρεικάζουσα.

2166 3608 2301 3663 ἀλλὰ
2339 3607 2463 3680 μηδ’
2500 3606 2584 3660 ὅτι
2628 3606 2874 3676 ματαίως
2916 3604 3009 3657 τὸν
3059 3602 3331 3673 ἄνθρωπον
3360 3597 3571 3650 ἔκτισεν
3599 3596 3736 3648 ὑπο-

2164 3702 2364 3774 νοήσῃς
2385 3678 2410 3734 ο-
2445 3699 2542 3754 καὶ
2593 3697 2704 3770 γὰρ
2754 3695 3118 3768 παλινῳδίαν,
3190 3678 3251 3747 τὸ
3298 3692 3362 3762 δὴ
3415 3690 3743 3759 λεγόμενον,

2165 3794 2309 3866 ᾅδων
2371 3793 2628 3863 ἵσταμαι,
2681 3790 2857 3844 τοῖσδε
2907 3791 3017 3851 τοῖς
3072 3788 3248 3855 λόγοις
3308 3782 3604 3853 ἐρεισθεὶς,
3670 3780 3749 3845 ῶς

2165 3872 2368 3960 ἥκιστά
2406 3904 2476 3959 με
2522 3887 2603 3949 είς
2634 3886 2790 3939 κενὺν
2836 3884 3268 3955 ἐδημιούργησεν
3318 3883 3345 3935 6
3392 3880 3558 3944 Θεός·
3592 3879 3752 3933 τοῦτο

2165 3983 2275 4054 γὰρ
2302 3979 2650 4051 ὀλιγοψυχίας
2672 3979 2765 4032 καὶ
2790 3978 3213 4050 ὀλιγοφροσύνης
3233 3975 3577 4048 ἀνθρωπίνης
3601 3974 3666 4046 ρῆ
3676 3973 3753 4044 μά

2166 4076 2283 4129 ἐστι
2309 4075 2403 4128 καὶ
2424 4074 2705 4144 λογισμός.
2737 4070 2851 4125 Νῦν
2881 4071 2980 4142 μὲν
3010 4072 3138 4140 γὰρ,
3164 4069 3319 4139 φησὶ,
3347 4070 3505 4136 ζόφος
3529 4067 3752 4135 ἀγνοίας

2168 4165 2263 4220 καὶ
2285 4163 2455 4235 ἀχλὺς
2475 4162 2583 4215 τῶν
2613 4161 2957 4232 πραγμάτων
2983 4156 3401 4228 κατακεχυμένη
3432 4155 3531 4208 οὐκ
3570 4155 3632 4225 ὲᾷ
3655 4152 3753 4222 τὴν

2166 4256 2426 4327 ἀλήθειαν
2453 4256 2551 4309 καὶ¹
2600 4253 2699 4325 τὴν
2727 4252 2906 4305 αἰτίαν
2936 4250 3036 4321 τῆς
3080 4248 3259 4304 αὐτῶν
3310 4246 3615 4319 μεταϐολῆς
3658 4245 3752 4299 καὶ

2166 4348 2377 4420 τροπῆς
2424 4345 2683 4418 καθαρῶς
2740 4342 3031 4414 καταθρείν
3053 4361 3067 4375 ·
3121 4341 3260 4413 μετὰ
3291 4338 3465 4394 ταῦτα
3502 4338 3560 4391 δὲ
3598 4336 3752 4403 λόγος

2166 4440 2421 4512 γνώσεως
2451 4440 2527 4503 ὡς
2553 4437 2668 4509 φῶς
2705 4440 2817 4501 τοῖς
2841 4437 2939 4508 τῆς
2980 4433 3235 4505 ἀληθείας
3264 4430 3575 4503 ἐφιεμένοις
3626 4431 3753 4484 ἀνα·

2167 4532 2343 4596 τελεῖ,
2375 4533 2471 4585 καὶ
2519 4530 2732 4593 πάντα,
2780 4528 2951 4600 φησὶ,
2994 4525 3209 4599 τρανῶς
3250 4526 3646 4594 κατανοήσεις,
3677 4521 3755 4585 ὡς

2168 4624 2352 4688 καλῶς
2380 4625 2474 4678 καὶ
2508 4623 2687 4692 σοφῶς
2712 4623 3075 4691 οἰκονομεῖται
3102 4617 3180 4690 τῷ
3202 4618 3311 4671 τῶν
3336 4617 3592 4670 ἁπάντων
3618 4629 3755 4685 προ-

2173 4717 2337 4789 μηθεῖ
2374 4717 2470 4770 καὶ
2501 4718 2802 4788 προνοητῇ·
2838 4715 2871 4788 ἢ
2906 4714 2983 4778 ὡς
3029 4712 3145 4784 φῶς
3192 4711 3335 4783 δρῶν
3365 4710 3456 4764 τὴν
3496 4708 3628 4762 Θεὸν
3661 4706 3755 4760 καὶ

2170 4810 2230 4863 ὲν
2257 4809 2407 4880 αύτῷ
2440 4810 2565 4872 τοὺς
2586 4807 2779 4875 λόγους
2823 4807 2931 4862 τῶν
2975 4804 3276 4876 γινομένων
3308 4799 3759 4872 καταφωτιζόμε-

2170 4921 2283 4969 νος,
2316 4902 2349 4975 ἢ
2383 4903 2460 4967 ὡς
2488 4903 2623 4975 πυρὶ
2646 4900 2821 4973 τούτῳ
2861 4899 3199 4971 δαπτόμενος
3241 4897 3335 4951 καὶ
3361 4894 3716 4964 κολαζόμενος
3735 4934 3752 4958 ,

2172 4994 2296 5067 εἴσῃ
2343 4994 2521 5049 πάντα
2560 4994 2628 5048 δι’
2672 4995 2837 5049 αὑτοῦ
2887 4993 3132 5065 γίνεσθαι
3161 4991 3257 5046 καὶ
3274 4990 3468 5045 δίκαια
3499 4992 3591 5042 καὶ
3620 4986 3753 5057 ἀλη-

2174 5088 2296 5142 θινὰ
2321 5089 2413 5142 καὶ
2439 5088 2692 5158 λυσιτελῆ
2727 5089 2819 5143 καὶ
2850 5086 3037 5142 πιστά.

2279 5205 2388 5271 Ὦς
2410 5222 2512 5275 μοι
2536 5202 2700 5257 ταῦτ’
2719 5202 2964 5256 satist
2991 5203 3171 5271 φίλος
3198 5201 3362 5266 νόος,
3396 5215 3452 5253 κ.
3477 5214 3531 5250 τ.
3559 5194 3644 5261 ἐξ.

2256 5319 2342 5382 Ὠς
2367 5317 2494 5381 τοὺς
2544 5318 2818 5380 τοιούτους
2850 5317 3148 5386 λογισμοὺς
3182 5313 3329 5370 κατὰ
3367 5311 3429 5366 τδ
3466 5306 3755 5380 εἰρημένον

2170 5411 2333 5474 ἄλσος
2372 5411 2552 5463 ἐκεῖνο
2603 5408 3014 5480 ἀνακεκλιμένῳ
3042 5410 3138 5462 καὶ
3182 5404 3519 5478 τρυχωμένῳ
3540 5403 3571 5456 6
3604 5397 3758 5471 φῦιος

2170 5500 2295 5564 νοῦς
2327 5499 2648 5569 κατεπᾴδων
2675 5516 2763 5569 μοι
2788 5516 2929 5570 παρε
2939 5499 3160 5570 μυθεῖτο
3179 5499 3274 5552 καὶ
3298 5498 3359 5550 τὸ
3381 5494 3474 5550 τοῦ
3500 5492 3759 5562 σώματος

2171 5590 2340 5659 Eneti/5
2398 5588 2694 5659 πραῦνθὲν,
2731 5588 2907 5658 κάγὼ,
2938 5591 3095 5661 φησὶ,
3139 5590 3241 5659 τῆς
3278 5588 3428 5659 ὥρας
3450 5586 3549 5655 ὀψὲ
3569 5585 3754 5639 διανα·

2175 5681 2306 5745 στὰς
2334 5679 2428 5734 τοῦ
2450 5680 2781 5750 παραδείσου
2812 5683 2892 5745 είς
2919 5684 3018 5755 τὴν
3042 5683 3221 5735 οἰκίαν
3252 5680 3532 5752 ἐπανῄειν,
3564 5675 3757 5731 ἄλλοτε

2174 5775 2274 5845 μὲν
2301 5770 2395 5828 οὖν
2431 5773 2594 5844 γελᾷν
2633 5791 2722 5845 μοι
2757 5775 2848 5828 τὸν
2883 5775 3114 5846 ἄλλωςῆ
3155 5773 3350 5837 οὕτως,
3378 5773 3453 5836 ὡς
3488 5768 3757 5841 προείρη-

2168 5882 2293 5933 ται,
2337 5863 2635 5938 φρονοῦντα
2680 5864 2838 5936 ἐπῄει
2864 5885 2876 5897 ν
2915 5867 3008 5920 καὶ
3052 5866 3162 5940 γὰρ
3198 5865 3511 5936 ἑτερόφρων
3544 5860 3690 5923 ἅπας
3727 5859 3760 5914 6
