4082 6410
450 323 552 381 747

452 441 532 496 sic
577 438 648 494 ab
691 437 923 494 infantia
977 437 1035 492 in
1098 437 1358 496 robustos
1432 448 1727 497 venatores
1788 441 2026 495 irruunt.

1801 319 2099 379 NICETAS
2171 321 2382 378 DAVID

3638 320 3745 382 7&8

2137 441 2237 513 τὴν
2253 440 2470 511 ἔθειραν
2493 439 2585 493 καὶ
2610 441 2703 494 τοῦ
2726 439 2999 512 τραχήλου
3026 438 3127 510 τὴν
3144 438 3357 509 λοφιάν,
3376 439 3547 511 εἴπερ
3576 438 3749 494 ἴδοιεν

448 529 689 599 σίδηρον,
723 528 1035 600 φρίξαντες,
1069 531 1210 585 κατά
1241 530 1350 585 τῶν
1371 530 1625 603 θηρεύειν
1654 531 1937 604 ἐφορμῶσι
1962 531 2392 603 βεϐουλημένων·
2425 532 2520 584 καὶ
2548 533 2598 584 oi
2629 533 2729 602 μὲν
2750 530 2892 585 οὕτω
2922 529 3179 602 νηπιόθεν
3204 533 3299 584 ἐπὶ
3324 532 3451 595 τοὺς
3478 531 3750 603 ἰσχυροὺς

445 624 769 693 ἐφάλλονται
788 623 1052 695 θηρατάς.

448 721 519 775 i9
556 719 686 772 Avis
716 719 947 787 primum
975 720 1266 789 implumis,
1294 730 1401 775 etc.

523 805 631 863 Sed
660 809 794 878 quid
821 810 986 864 aves?
1001 824 1187 865 nonne
1212 820 1269 865 et
1292 810 1372 865 illi
1400 811 1576 867 multo
1598 810 1901 867 faciliorem
1925 824 2043 864 ma-

450 901 649 971 gisque
692 900 958 955 arumnis
999 902 1313 972 expeditam
1355 917 1522 973 quam
1567 902 1820 958 homines
1860 901 2042 957 sortiti

451 1001 585 1046 sunt
618 991 831 1045 vitam?
856 989 1106 1062 Namque
1132 993 1321 1048 statim
1351 1008 1416 1048 ac
1449 1008 1553 1049 ova
1600 994 1886 1064 fregerunt
1939 993 2043 1047 im-

452 1083 692 1154 plumes,
716 1090 845 1153 post
869 1090 1085 1153 tempus
1132 1099 1242 1138 non
1275 1084 1499 1155 longum
1543 1085 1663 1155 alas
1708 1083 1944 1140 induunt
1986 1088 2043 1137 et

452 1175 690 1229 multum
722 1174 778 1228 in
808 1175 979 1230 altum
1018 1190 1047 1226 ιι
1084 1176 1369 1231 mansione
1393 1191 1520 1231 aera
1547 1177 1798 1230 volitant.
1827 1174 1893 1228 Et
1921 1174 2041 1244 ipsa

454 1263 598 1319 ﬂava
648 1264 929 1318 celebrata
964 1265 1085 1334 apis
1124 1274 1333 1335 petram
1362 1267 1417 1320 in
1446 1281 1555 1337 qua
1589 1267 1847 1322 manebat
1875 1266 2043 1321 relin-

452 1357 576 1425 quit
604 1365 659 1410 et
698 1356 753 1409 in
779 1370 907 1410 aere
934 1356 1079 1410 inter
1112 1355 1276 1413 ﬂores
1306 1357 1718 1413 circumvolitat
1739 1359 1882 1430 agri,
1923 1357 2043 1412 ido-

451 1462 555 1501 nea
589 1445 801 1517 colligit
828 1445 1165 1517 domumque
1211 1447 1318 1502 sibi
1350 1450 1822 1504 accommodatam
1856 1458 2039 1521 parat,

450 1547 508 1593 et
572 1540 895 1609 hexagonos
938 1539 1188 1595 alveolos
1242 1540 1507 1596 inell‘ahili
1561 1542 1839 1612 sapientia
1895 1543 2043 1599 ceris

446 1637 670 1700 coaptat
695 1639 753 1687 et
792 1641 1161 1703 coagmentat,
1203 1633 1538 1688 suavissimo
1584 1633 1770 1690 fructu
1816 1636 2041 1689 domum

450 1737 610 1778 suam
650 1724 907 1794 implens.
956 1722 1171 1778 Cuncta
1192 1726 1328 1789 haec,
1354 1725 1559 1796 inquit,
1585 1726 1750 1782 unius
1783 1733 1869 1781 cst
1898 1728 2044 1781 veris

449 1828 613 1884 opus.
646 1813 712 1867 Et
736 1813 998 1868 omnibus
1036 1813 1416 1870 animantibus
1450 1814 1597 1869 ultro
1631 1814 1900 1884 producta
1924 1815 2045 1869 sine

453 1905 644 1959 labore
672 1920 703 1957 a
733 1914 880 1959 terra
908 1911 963 1959 et
994 1904 1285 1959 abundans
1320 1905 1555 1961 offertur
1585 1921 1715 1962 esca
1753 1925 1767 1961 :
1815 1922 1918 1961 nec
1961 1907 2045 1959 ul-

453 2007 538 2050 tra
571 1997 745 2050 maria
773 1998 1051 2051 lassantur
1092 1997 1198 2051 iter
1237 1996 1509 2053 facientes
1561 2014 1815 2054 escarum
1859 2000 2039 2068 gratia

451 2090 666 2155 bellum,
703 2091 851 2144 sicut
874 2090 1145 2153 homines,
1190 2106 1293 2145 nec
1321 2101 1528 2146 terram
1558 2093 1777 2153 colunt.
1809 2107 1911 2146 nec
1952 2091 2037 2162 ip-

451 2183 532 2235 sis
562 2191 693 2236 snnt
730 2181 971 2252 pmfccti
1009 2198 1040 2235 a
1064 2185 1234 2247 victu,
1262 2198 1420 2240 escas
1458 2191 1903 2254 transportantes
1944 2188 2041 2236 aut

452 2283 773 2340 servantes,
807 2290 910 2330 nec
960 2276 1240 2344 pincerna:
1278 2276 1504 2347 scyphis
1533 2291 1747 2331 merum
1795 2276 2039 2330 miscen-

451 2374 536 2419 tes
575 2383 588 2418 :
618 2366 704 2418 ala
739 2381 846 2435 qua
878 2365 967 2420 hic
994 2368 1141 2421 volat
1170 2367 1312 2432 avis,
1342 2369 1683 2439 aptum,sine
1719 2368 1909 2423 labore
1940 2383 2037 2423 su-

453 2454 956 2525 perabundantem,
1022 2466 1077 2511 et
1136 2458 1392 2512 idoneum
1446 2457 1606 2513 aﬂ'ert
1654 2459 1865 2512 cibum.
1932 2455 2038 2512 Sed

450 2554 507 2600 et
569 2546 751 2615 quoad
809 2545 1022 2601 belluas
1082 2548 1265 2616 ipsas,
1319 2548 1596 2618 sylvarum
1668 2563 1923 2604 recessus
1986 2560 2043 2604 et

456 2638 729 2691 montium
766 2638 940 2693 latera
995 2648 1050 2694 et
1074 2640 1295 2694 dumeta
1320 2624 1707 2709 quotidianum
1757 2642 2038 2713 paululum

455 2729 841 2784 laborantibus
895 2732 1140 2801 praebent
1178 2732 1425 2799 victum;
1465 2733 1660 2787 dicunt
1721 2742 1776 2786 et
1821 2736 2038 2788 leonem

452 2820 551 2890 qui
579 2834 834 2889 magnam
871 2821 1043 2875 feram
1069 2820 1219 2875 illico
1244 2822 1480 2884 voravit,
1513 2827 1556 2875 si
1592 2822 1727 2892 quid
1769 2822 1911 2877 forte
1955 2840 2042 2879 re-

457 2911 822 2979 manserit‘jn
867 2920 1170 2981 posterum,
1216 2912 1529 2969 hesternam
1574 2915 1913 2970 manducare
1948 2917 2043 2970 de-

455 3005 704 3077 dignari;
738 3006 1069 3077 quandoque
1102 3009 1159 3062 fit
1185 3019 1244 3063 ut
1280 3010 1522 3079 reposita
1549 3011 1618 3064 ab
1656 3011 1923 3065 anteriori
1954 3011 2043 3065 die

455 3102 730 3156 veraciter
754 3101 1048 3157 manducet
1073 3112 1127 3156 ct
1165 3105 1321 3159 avide
1365 3115 1552 3175 potnm
1587 3108 1829 3171 hauriat,
1856 3108 2036 3162 ventri

455 3194 537 3249 sic
585 3195 1000 3265 temperantiam
1046 3195 1299 3252 aﬂ‘erens.
1341 3197 1453 3252 lmo
1498 3199 1681 3253 minus
1728 3213 2041 3254 aerumnosa

454 3297 540 3343 est
581 3303 684 3357 pro
724 3289 1100 3342 animantibus
1156 3289 1267 3342 vita
1337 3304 1504 3359 quam
1560 3307 1663 3361 pro
1705 3287 2043 3349 hominibus,

455 3380 603 3448 quod
644 3378 780 3447 ipsis
805 3390 1022 3447 Semper
1051 3378 1117 3431 ad
1147 3379 1365 3432 libitum
1403 3390 1457 3433 et
1488 3381 1542 3432 in
1566 3380 1749 3434 vicino
1804 3391 1889 3435 est
1946 3381 2046 3434 do-

456 3484 582 3524 mus
610 3469 729 3522 sive
769 3483 934 3537 rupes
981 3469 1098 3522 sive
1147 3484 1355 3532 ramus,
1402 3479 1456 3524 et
1510 3471 1733 3541 quidem
1788 3473 1947 3528 bona:
1990 3481 2046 3527 et

459 3574 630 3624 sanae,
661 3560 854 3615 solidae
876 3569 932 3614 et
963 3567 1116 3621 tutae,
1145 3562 1388 3631 pulchrae
1438 3570 1493 3616 et
1534 3563 1797 3633 jucunda:
1842 3567 2045 3621 domus

459 3661 621 3719 sunt;
661 3666 786 3705 cum
811 3660 991 3706 autem
1023 3651 1165 3706 forte
1192 3656 1419 3708 morbus
1460 3656 1745 3725 opprimit,
1788 3657 2045 3714 indelleta

460 3746 671 3816 placide
715 3743 1012 3800 decedunt.
1052 3744 1177 3800 Non
1214 3748 1360 3801 enim
1391 3748 1483 3802 alii
1515 3750 1666 3803 circa
1714 3752 1855 3807 alios
1895 3760 2048 3807 stan-

460 3848 542 3892 tes
558 3837 883 3908 lacrymosis
897 3843 950 3891 ct
969 3835 1219 3893 tristibus
1235 3840 1576 3895 carminibus
1594 3842 1803 3905 dolent,
1815 3859 1923 3897 non
1942 3859 2048 3899 ca:-

460 3929 683 3991 sariem,
712 3929 855 3984 sicut
877 3943 997 3983 mos
1019 3939 1104 3985 est
1133 3931 1472 3995 hominibus,
1496 3946 1718 4005 propter
1741 3937 2043 3992 amicorum

459 4028 692 4077 mortem
735 4019 989 4085 tondent,
1023 4030 1077 4075 et
1113 4023 1259 4092 quod
1295 4025 1528 4095 exprimi
1563 4027 1650 4080 vix
1687 4036 1890 4097 potest.
1925 4032 2045 4084 sine

458 4115 822 4186 trepidatione
860 4122 915 4168 ct
962 4115 1170 4184 absque
1207 4128 1351 4170 metu
1396 4134 1428 4172 e
1475 4119 1586 4172 vita
1630 4119 1903 4175 decedunt
1938 4121 2045 4176 bel-

458 4206 580 4264 luas.
602 4205 994 4275 nullasjndicii
1023 4215 1117 4258 aut
1144 4222 1428 4276 pinnarum
1456 4208 1817 4265 formidantes
1842 4214 2042 4267 minas.

2140 717 2215 774 19
2256 718 2424 787 ’Ἄρτι
2455 718 2527 771 δὲ
2553 719 2813 786 ἄπτερος
2843 718 3028 787 ὅρνις,
3065 734 3121 771 κ.
3148 735 3200 771 τ.
3235 718 3287 772 λ.

2214 808 2281 861 Τί
2309 808 2400 864 δαὶ
2430 809 2479 861 οί
2517 808 2765 881 ὄρνιθες
2806 805 2895 880 ἆρ’
2928 809 2989 862 οὐ
3031 807 3214 879 πολλῷ
3237 810 3331 862 καὶ
3359 804 3508 864 οὗτοι
3541 827 3749 879 κουφο-

2142 900 2308 973 τέραν
2335 900 2443 955 τῶν
2463 901 2562 955 ἀνθ
2571 901 2766 973 ρώπων
2784 902 2879 954 καλ⁵
2892 900 3265 972 ἀμοχθοτέραν
3286 900 3541 971 εἰλήχασι
3561 902 3747 974 ζωήν;

2144 994 2209 1046 Οἱ
2243 994 2352 1065 γὰρ
2376 995 2501 1065 ἄρτι
2527 993 2637 1048 τῶν
2666 994 2791 1047 ὠῶν
2834 994 3164 1062 ἐκραγέντες
3206 992 3433 1065 ἄπτεροι
3456 1033 3474 1058 ,
3493 993 3560 1046 οὐ
3606 994 3748 1063 μετά

2143 1086 2281 1140 πολὺ
2325 1085 2761 1158 περοφυοῦντες
2792 1086 3007 1158 χρόνον,
3043 1086 3183 1139 κατά
3234 1084 3369 1139 πολύ
3404 1085 3515 1156 τῆς
3566 1086 3748 1149 οἰκίας

2142 1177 2351 1251 ὕπερθε
2399 1178 2491 1231 τὸν
2529 1178 2668 1249 ἀέρα
2713 1177 3066 1232 διαπέτανται
3089 1195 3104 1209 ο
3128 1178 3224 1231 καὶ
3245 1177 3384 1248 αὐτὴ
3415 1176 3477 1230 δὲ
3511 1179 3548 1248 ἡ
3578 1177 3747 1250 ξουθή

2143 1267 2581 1339 ἐπωνομασμένη
2629 1267 2881 1338 μέλισσα,
2908 1268 2972 1321 τὸ
3000 1268 3292 1340 πετρίδιον,
3317 1271 3375 1321 ἐν
3402 1261 3451 1335 ᾧ
3495 1271 3744 1339 μεμενή-

2143 1375 2253 1423 κει,
2271 1359 2679 1413 καταλείπουσα
2708 1358 2844 1429 (56),
2864 1360 2958 1413 καὶ
2989 1361 3046 1412 ὲν
3075 1355 3171 1430 ἧρι
3191 1360 3259 1412 τὰ
3286 1358 3422 1428 άνθη
3448 1375 3743 1430 περιιπτα-

2146 1450 2286 1521 μένη
2342 1448 2437 1503 τοῦ
2488 1448 2662 1521 ἀγροῦ
2699 1450 2795 1503 καὶ
2843 1452 2909 1503 τὰ
2964 1450 3245 1521 ἐπιτήδεια
3297 1449 3523 1503 συλῶσα
3548 1490 3563 1511 ,
3595 1446 3744 1503 οἷκον

2145 1539 2422 1593 ἀντίθετον
2460 1542 2629 1612 ἑαυτῇ
2664 1542 3098 1607 κατασκευάζει,
3138 1542 3234 1594 καὶ
3282 1541 3381 1603 τὰς
3428 1541 3743 1609 ἐξαγώνους

2144 1631 2416 1704 σύριγγας
2444 1635 2504 1686 ὲν
2534 1634 2697 1705 σοφία
2725 1634 2951 1705 ἀρρήτῳ
2973 1636 3085 1697 τοῖς
3100 1635 3312 1706 κηρίοις
3336 1636 3744 1704 συνυφαίνουσα

2144 1724 2242 1777 καὶ
2301 1725 2777 1795 συμπηγνύουσα,
2811 1724 3152 1793 γλυκυτάτου
3210 1726 3303 1779 τὸν
3354 1726 3538 1796 αὐτῆς
3581 1725 3740 1796 δόμον

2144 1814 2499 1886 ἐμπίμπλησι
2526 1816 2642 1887 (57)
2673 1816 2889 1889 καρποῦ
2907 1833 2921 1846 ·
2938 1817 3111 1870 ταῦτα
3129 1818 3186 1871 δέ
3214 1836 3345 1889 φησι
3373 1821 3561 1873 πάντα
3587 1819 3743 1889 ἔαρος

2146 1908 2266 1970 ἐνὸς
2312 1908 2470 1981 ἔργα.
2507 1909 2619 1962 Καὶ
2672 1912 2807 1964 πᾶσι
2852 1910 2910 1964 δὲ
2957 1910 3116 1975 ζώοις
3148 1913 3437 1984 αὐτομάτη
3486 1914 3581 1967 καὶ
3605 1914 3738 1983 ἀμο-

2148 2000 2278 2071 χθος
2321 2001 2430 2055 ἀπὸ
2461 2003 2562 2073 τῆς
2610 2002 2717 2071 γῆς
2758 2003 2851 2056 κα)⁵
2895 2002 3122 2074 δαψιλὴς
3157 2006 3497 2076 παρίσταται
3532 2006 3734 2076 τροφή’

2148 2094 2245 2146 καὶ
2298 2094 2361 2146 οὐ
2399 2094 2743 2157 διαποντίους
2796 2096 3109 2167 ἀποδημίας
3164 2098 3421 2149 πονοῦσιν
3474 2099 3525 2151 οί
3585 2096 3739 2166 θῆρες

2147 2185 2357 2255 τροφῆς
2387 2186 2545 2257 χάριν
2583 2185 2836 2257 καθάπερ
2877 2186 3176 2259 ἀνθρωττοι,
3209 2188 3271 2241 οὐ
3304 2187 3622 2259 γεωργοῦσι
3646 2187 3737 2256 τὴν

2148 2275 2273 2345 γῆν,
2308 2275 2371 2327 οὐ
2414 2274 2611 2345 ταμίαι
2651 2274 2799 2328 σίτου
2840 2276 3025 2340 αὐτοῖς
3056 2277 3151 2329 καὶ
3196 2277 3421 2333 σιτῶναι
3462 2279 3561 2332 καὶ
3599 2292 3737 2331 σιτα-

2147 2363 2341 2431 γωγοὶ.
2381 2363 2481 2416 οὐκ
2510 2364 2738 2434 οἰνοχόοι
2778 2364 3065 2429 κυπέλλοις
3111 2366 3203 2419 τὸν
3229 2361 3371 2419 οἶνον
3398 2367 3698 2438 ἐγκιρνῶσι
3718 2380 3730 2392 ·

2149 2457 2245 2508 καὶ
2275 2458 2474 2528 πτερὸν
2520 2456 2578 2508 δὲ
2622 2457 2713 2509 τὸν
2755 2456 2906 2528 ὄρνιν
2960 2451 3062 2510 ὦδε
3097 2460 3259 2511 κακεῖ
3305 2459 3738 2530 περιπετόμενον

2149 2550 2249 2619 τὴν
2276 2548 2534 2620 ἁρμόδιον
2561 2549 2779 2613 ἀπόνως
2806 2550 3242 2621 προσεπορίσατο
3277 2549 3355 2621 τῷ
3387 2550 3580 2622 πτηνῷ
3603 2549 3735 2620 βρῶ-

2152 2656 2258 2693 σιν.
2288 2638 2453 2693 Ἀλλά
2485 2642 2580 2695 καὶ
2613 2642 2740 2705 τούς
2784 2640 2957 2711 θῆρας
2998 2641 3196 2705 αὐτοὺς
3231 2644 3287 2694 at
3314 2641 3519 2713 λόχμαι
3555 2643 3641 2696 καὶ
3670 2641 3735 2695 τά

2149 2731 2258 2783 τῶν
2283 2731 2427 2803 ὀρῶν
2457 2732 2613 2787 κοῖλα
2649 2732 2744 2786 καὶ
2776 2732 2939 2786 λάσια
2969 2734 3069 2804 τὴν
3101 2734 3402 2805 ἡμερήσιον
3432 2736 3605 2807 μικρά
3639 2752 3731 2787 πο-

2150 2823 2480 2894 νησαμένοις
2530 2825 2829 2895 παρέχεται
2863 2824 3094 2893 τροφήν.
3125 2823 3264 2876 Φασὶ
3300 2824 3356 2878 δὲ
3393 2826 3492 2879 καὶ
3526 2825 3724 2883 λέοντα,

2149 2914 2241 2967 τὸν
2281 2914 2455 2985 μέγαν
2485 2914 2650 2985 θῆρα,
2676 2914 2736 2967 ὃν
2767 2917 3095 2987 προσφάτως
3126 2916 3573 2987 κατεθοινήσατο,
3606 2914 3657 2965 εἴ
3678 2912 3729 2964 τί

2151 3024 2283 3060 ποτε
2313 3007 2506 3061 τούτου
2544 3007 2794 3077 λείψανον
2825 3010 2904 3072 είς
2941 3009 3040 3080 τὴν
3082 3007 3209 3078 ἑξῆς
3242 3005 3729 3078 ὐπολειφθείη,ἕιι›-

2149 3098 2242 3151 λον
2271 3099 2545 3169 ἐμφαγεῖν
2579 3099 2653 3171 μὴ
2686 3099 3110 3171 καταδέχεσθαι’
3143 3099 3258 3153 ἔστι
3297 3100 3342 3153 δ’
3376 3101 3465 3152 ὅτε
3490 3101 3580 3153 καὶ
3602 3088 3755 3151 ἑτε-’

2152 3193 2392 3264 ρήμερον
2423 3190 2640 3255 ἐσθίων,
2670 3191 2910 3264 βριαρῶς
2933 3193 3029 3246 καὶ
3062 3192 3281 3263 λάϐρως
3312 3192 3390 3262 τῷ
3420 3192 3566 3261 ποτῴ
3597 3191 3725 3261 χρῆ-

2147 3302 2260 3348 ται,
2296 3285 2471 3356 μέτρα
2499 3283 2545 3337 δ’
2568 3280 2663 3338 οὖν
2694 3286 2846 3356 ὅμως
2876 3284 3158 3338 ἐπιϐάλλει
3184 3288 3249 3356 τῇ
3281 3285 3477 3356 γαστρί
3504 3301 3518 3313 ·
3544 3280 3725 3334 τοσοῦ-

2150 3391 2242 3428 τον
2274 3376 2333 3429 δὲ
2373 3377 2485 3439 τοῖς
2514 3376 2697 3440 ἄλλοις
2737 3375 2899 3442 ζώοις
2934 3375 3274 3447 ἀπονώτερος
3305 3378 3333 3428 ό
3353 3376 3465 3446 βίος
3495 3374 3583 3427 τοῦ
3614 3373 3719 3425 τῶν

2149 3467 2458 3540 ἀνθρώπων
2504 3468 2679 3534 πέλει,
2713 3468 2837 3523 καθ’
2886 3469 3011 3524 ὅσον
3065 3470 3163 3523 καὶ
3197 3464 3341 3531 οἶκος
3378 3469 3599 3529 ἐκείνοις
3633 3466 3715 3518 ἀεὶ

2151 3559 2361 3629 σχέδιος
2391 3561 2487 3614 καὶ
2533 3561 2851 3632 αὐτόματος
2875 3561 2909 3630 ἦ
2950 3561 3126 3632 πέτρα
3165 3562 3198 3631 ἢ
3227 3559 3477 3621 κλαδέων,
3503 3558 3591 3610 καὶ
3621 3557 3715 3608 αὐ-

2147 3652 2234 3704 τοὶ
2284 3653 2551 3723 ἀτρεμεῖς
2598 3652 2692 3705 καὶ
2736 3653 2911 3721 ὑγιεῖς
2936 3693 2951 3716 ,
2979 3654 3238 3726 κρατεροὶ
3273 3652 3367 3705 καὶ
3417 3650 3715 3712 εὐσθενεῖς,

2149 3744 2503 3817 περικαλλεῖς
2551 3747 2645 3799 καὶ
2692 3745 2919 3809 εὐειδεῖς
2946 3762 2961 3776 ⁶
2992 3747 3121 3800 ὅταν
3160 3747 3217 3799 δέ
3260 3763 3388 3799 ποτε
3443 3745 3532 3799 καὶ
3573 3743 3721 3804 νόσος

2150 3836 2524 3910 κατακάμψῃ,
2555 3836 2849 3909 ἀθρήνητοι
2903 3833 3232 3903 ἐξέπνευσαν
3288 3839 3487 3908 ἡσυχῆ,
3534 3833 3722 3888 οὐςουν

2150 3929 2310 3993 ἄλλος
2354 3929 2574 3983 ἄλλοθεν
2612 3929 3026 4003 περιιστάμενοι
3072 3929 3295 3994 τούτους
3328 3930 3601 3999 πενθίμοις
3633 3925 3725 3978 καὶ

2150 4022 2365 4091 γοεροῖς
2415 4020 2631 4091 μέλεσιν
2680 4020 3136 4093 ἀπολοφύρονται,
3175 4022 3237 4074 οὐ
3287 4022 3613 4092 πλοκάμους,
3652 4018 3725 4080 ὡς

2152 4110 2465 4184 ἀνθρώποις
2496 4110 2636 4175 ἔθος,
2666 4110 2758 4163 ἐπὶ
2787 4113 2852 4181 τῇ
2884 4109 2994 4165 τῶν
3032 4111 3201 4179 φίλων
3233 4113 3609 4182 ἀποκείρονται
3638 4123 3725 4157 τε-

2150 4205 2316 4274 λευτῇ
2349 4219 2364 4236 ·
2398 4203 2491 4254 καὶ
2520 4201 2581 4254 τὸ
2619 4200 2728 4274 τῶν
2773 4201 3084 4270 εἰρημένων
3135 4203 3318 4271 μεῖζον
3352 4204 3434 4255 ὅτι
3480 4196 3726 4269 ἀταρϐεῖς

456 4299 707 4353 ἐντεῦθεν
755 4301 805 4351 oi
857 4298 1023 4368 θῆρες
1070 4300 1167 4351 καὶ
1211 4300 1403 4369 ἄφοϐοι
1448 4302 1548 4370 τὴν
1584 4301 1706 4354 κατ’
1761 4301 1959 4365 αὐτοὺς
2004 4301 2364 4355 ὑπεκδύνουσι
2414 4293 2584 4364 ζωὴν,
2632 4288 2894 4360 οὐδεμίαν
2943 4290 3179 4361 κρίσεως
3230 4292 3263 4361 ἢ
3312 4291 3582 4351 κολάσεως
3623 4287 3726 4342 ὕπο

453 4396 774 4459 οπτεύοντες
809 4395 915 4446 ἀπε
924 4393 1061 4461 ιλήν.

452 4489 518 4543 aii
557 4488 764 4557 Inspice
802 4486 1074 4538 hominum
1110 4482 1365 4535 miserum
1394 4496 1580 4549 genus,
1619 4488 1727 4534 etc.

527 4576 688 4637 Cum,
725 4576 927 4644 inquit,
955 4573 1086 4627 dicti
1117 4572 1172 4625 in
1211 4570 1630 4624 irrationalibus
1659 4570 2039 4626 animantibus

454 4665 881 4736 conspiciuntur
906 4644 1110 4726 mores,
1152 4659 1423 4728 reliquum
1450 4659 1913 4713 considerandum
1930 4670 2038 4723 est,

454 4766 508 4812 et
562 4752 787 4824 quantis
849 4747 1184 4820 deploranda
1247 4748 1536 4803 hominum
1588 4747 1761 4818 ﬁgura
1811 4752 2040 4806 excrci-

455 4859 604 4904 tatur
633 4845 813 4908 malis,
855 4843 932 4897 ita
961 4851 1021 4897 ut
1051 4841 1167 4910 ipse
1192 4848 1320 4895 ante
1363 4848 1725 4910 conspectum
1767 4844 2037 4898 creatoris

455 4950 728 5007 apparens
779 4934 935 4988 dicas
990 4931 1128 4984 nihil
1176 4910 1436 4990 debilius,
1464 4930 1602 4985 nihil
1655 4933 2035 4989 miserabilius

455 5029 604 5082 alere
620 5035 821 5080 terram
849 5040 1013 5094 quam
1028 5022 1321 5076 hominem.
1350 5020 1530 5075 Prima
1548 5039 1678 5095 ergo
1695 5025 1923 5081 vilitatis
1938 5027 2037 5082 de-

456 5117 785 5172 monstratio
817 5115 961 5186 quod
986 5115 1040 5168 in
1082 5114 1351 5184 principio
1379 5116 1763 5186 coagulatione
1800 5133 2038 5188 concep-

456 5164 779 5172 -..νην-η--
820 5164 960 5186 γ--
1082 5164 1343 5184 ,μ----τη
1385 5164 1761 5186 ---υ-,πηηη
1805 5164 1972 5183 "me

426 5164 628 5288 ltionis
663 5209 1060 5278 lit,multisque
1078 5206 1363 5262 doloribus
1382 5207 1703 5276 subjacente
1728 5164 2036 5279 parturqu

455 5315 509 5359 et
527 5303 772 5359 nutritur
793 5316 821 5354 a
861 5307 1036 5355 matre
1060 5298 1289 5366 ;deinde
1314 5300 1574 5354 lactatum
1600 5316 1764 5370 super
1793 5299 2035 5355 brachiis

453 5406 678 5471 gestans
706 5403 880 5449 mater
900 5393 1262 5448 circumducit
1295 5393 1437 5448 sicut
1468 5391 1615 5448 dulei
1659 5391 1812 5446 oneri
1849 5390 2035 5446 adhae-

454 5506 585 5546 rens
627 5485 857 5552 infanti;
894 5484 1087 5539 moxin
1110 5491 1285 5540 strato
1318 5485 1527 5555 positus
1555 5482 1845 5554 supplodo,
1879 5484 2036 5554 vagio

455 5578 743 5637 doloribus
762 5589 1006 5647 pressus;
1025 5574 1148 5630 inde
1162 5574 1583 5645 quadrupedum
1601 5587 1753 5627 more
1771 5573 2030 5630 manibus

526 5727 638 5795 (56)
677 5725 823 5795 Cod.
870 5696 1320 5792 ‘xacalsmoiica,
1371 5722 1515 5777 unde
1568 5721 1804 5780 fortasse
1863 5725 2031 5783 scribi

442 5804 637 5864 potest
672 5794 1068 5851 καταλιποῦσα.

2166 4478 2220 4533 ﬂ
2270 4479 2471 4544 ’Δθρει
2510 4475 2609 4529 καὶ
2651 4477 2936 4545 μερόπων
2965 4476 3170 4531 δειλόν
3194 4478 3392 4547 γένος,
3424 4498 3476 4535 κ.
3502 4496 3550 4532 τ.
3575 4476 3625 4529 λ.

2219 4568 2461 4638 Ἐπειδὴ,
2486 4567 2644 4637 φησὶ,
2681 4567 2751 4621 τὰ
2772 4568 3037 4639 εἰρημένα
3083 4568 3141 4621 ἐν
3174 4572 3288 4634 τοῖς
3318 4571 3536 4638 ἀλόγοις
3562 4566 3721 4621 ἑθεω-

2147 4662 2288 4733 ρήθη
2326 4659 2485 4724 ζώοις
2522 4658 2789 4729 ἰδιώματα
2811 4699 2826 4722 ,
2858 4660 3119 4713 σκεπτέον
3161 4662 3253 4712 ἐπὶ
3286 4661 3497 4725 τούτοις
3528 4658 3723 4719 λοιπὸν,

2146 4752 2240 4805 καὶ
2278 4750 2412 4811 οἵοις
2443 4751 2477 4819 ή
2504 4748 2712 4800 δειλαία
2755 4748 2865 4800 τῶν
2906 4748 3214 4823 ἀνθρώπων
3242 4752 3427 4822 μορφὴ
3458 4750 3726 4803 ταλαιπω-

2148 4847 2321 4916 ρεῐται
2367 4844 2580 4904 κακοῖς,
2609 4840 2684 4903 ὡς
2728 4841 2793 4894 ἂν
2842 4841 2936 4893 καὶ
2976 4841 3139 4904 αὐτὸς
3178 4843 3320 4894 κατὰ
3369 4842 3460 4895 τὸν
3505 4838 3726 4908 ποιητὴν

2144 4935 2566 5005 ἀποφηνάμενος
2600 4933 2779 5006 εἴπῃς,
2808 4934 2884 4998 ὡς
2898 4935 3051 4987 οὐδὲν
3083 4934 3428 5005 ἀκιδνότερον
3476 4934 3507 5001 ἢ
3535 4927 3723 4985 ἀθλιώ-

2144 5044 2300 5098 τερον
2326 5027 2360 5096 ὴ
2394 5025 2466 5096 γῆ
2514 5024 2609 5078 τοῦ
2647 5024 2941 5096 ἀνθρώπου
2975 5025 3190 5096 τρέφει.
3239 5024 3436 5095 Πρώτη
3491 5023 3590 5094 μὲν
3634 5015 3723 5072 οὖν

2144 5118 2424 5181 εὐτελείας
2453 5116 2710 5183 ἔνδειξις,
2735 5119 2797 5171 τὸ
2835 5119 2989 5189 ῥοιῆς
3029 5118 3409 5189 πηγνυμένης,
3446 5118 3562 5187 ἦτοι
3600 5111 3723 5183 ῥεύ-

2145 5226 2303 5273 σεως,
2336 5203 2477 5261 εἶναι
2521 5207 2678 5277 γόνον
2724 5209 2782 5260 ἐν
2812 5209 3048 5279 ἀρχαῖς,
3085 5208 3240 5276 μόγῳ
3273 5206 3332 5259 δὲ
3371 5206 3466 5259 καὶ
3508 5200 3724 5260 πολλαῖς

2143 5299 2539 5363 κακοπαθείαις
2577 5300 2869 5367 γεννᾶσθαι
2900 5300 2993 5352 καὶ
3040 5298 3445 5369 ἀνατρέφεσθαι
3485 5297 3584 5365 τῆς
3618 5307 3722 5361 μη-

2142 5393 2272 5463 τρός
2293 5411 2307 5423 ·
2340 5389 2458 5444 εἶτα
2495 5391 3112 5463 γαλακτοτροφούημενον
3150 5390 3236 5442 ἐπ’
3264 5388 3523 5459 ἀγκαλῶν
3563 5387 3597 5456 ἠ
3622 5382 3724 5455 μή·

2140 5501 2249 5556 τηρ
2278 5484 2479 5554 ὀχοῦσα
2519 5482 2799 5552 περιάγει,
2832 5483 2907 5547 ὡς
2956 5483 3149 5550 γλυκεῖ
3207 5482 3357 5552 πόνῳ
3382 5478 3720 5551 προσέχουσα

2141 5574 2222 5645 τῷ
2255 5574 2448 5645 βρέφει
2477 5572 2713 5626 ’.ἔπειτα
2750 5573 2889 5644 πρὸς
2935 5573 3012 5644 τῷ
3066 5572 3252 5641 ἐδάφει
3291 5570 3571 5642 τιθέμενος
3608 5566 3720 5616 ἐπι-

2215 5729 2328 5795 (57)
2380 5727 2805 5800 Ἐμπίμπλησι.,
2845 5730 2927 5785 sic
2982 5729 3180 5784 codex.
3242 5742 3292 5780 ν.
3346 5722 3599 5784 Lobctlt.
3646 5711 3715 5770 ad

2141 5797 2351 5867 Pltrqn.
2383 5815 2438 5860 ι).
2459 5799 2552 5855 95.
