4082 6414
529 353 633 408 Ήθ

521 467 697 540 τμϐω
724 463 823 535 τὴν
849 464 953 533 γῆν
982 459 1078 515 καὶ
1103 459 1516 532 κλαυθμυρίζω,
1548 465 1663 525 τοῖς
1691 461 1883 530 ἄλγεσι
1914 462 2106 515 πονούο

523 576 690 632 μενος
727 573 741 588 ·
771 553 1021 610 ἐντεῦθεν
1072 553 1418 623 τετραπόδων
1468 553 1745 624 ὁμοιότητι
1800 554 1956 624 χερσὶ
2012 554 2109 607 καί⁸

525 642 656 701 ποσὶ
683 645 828 697 κατὰ
860 640 957 695 τοῦ
988 639 1218 708 ἐδάφους
1249 638 1584 710 ἐπισύρομαι
1618 657 1634 670 ·
1665 640 2105 695 πάλιν.ἐντεῦθεν

520 734 737 807 ἀρθεὶς,
765 733 862 786 καὶ
883 732 1176 802 τρομεροῖς
1210 730 1381 807 ἴχνεσι
1422 728 1751 799 βηματίζειν
1784 729 2103 801 ἐπιχειρῶν,

519 825 698 896 δειλίᾳ,
755 824 854 894 τῆς
904 819 1169 884 πτώσεως
1210 820 1311 884 τὰς
1351 820 1613 891 παλάμας
1647 820 2103 891 διακλεπτόμενος

522 918 794 973 ἐκτέτακα
813 930 827 945 ⁸
864 912 1005 985 μετά
1041 912 1219 967 ταῦτα
1260 912 1445 982 φωνῆς
1471 911 1745 983 ἀνάρθρου
1774 911 2102 982 ψελλίσμασι

521 1007 643 1071 νοὸς
668 1003 1013 1074 ἀνθρωπίνου
1052 1003 1200 1072 ἴχνος
1221 1001 1567 1070 ἐπιφαίνεται
1597 1019 1611 1031 ·
1647 1001 1786 1070 μετά
1804 1000 1980 1054 ταῦτα
2010 1000 2107 1054 κα)⁴

522 1100 684 1168 λόγος
726 1095 807 1168 τῷ
848 1095 1005 1153 παιδὶ
1045 1091 1496 1164 διαρθρούμενος,
1541 1093 1643 1146 ούκ
1692 1092 1989 1161 ἀδακρυτὶ,
2016 1092 2106 1160 ὑφ’

1515 345 1583 401 ΙΝ
1620 345 1927 402 (SARMINA
1968 345 2250 403 ARCANA
2290 346 2351 403 S.
2390 345 2745 405 GREGORII.

3672 351 3782 408 750

2208 478 2271 517 ac
2297 462 2532 532 pedibus
2560 478 2729 533 super
2754 463 2874 519 solo
2915 471 3105 533 repto;
3147 480 3364 519 rursum
3395 464 3521 521 inde
3545 469 3782 538 surgeiis

2188 562 2260 607 'et
2300 554 2532 608 tremulo
2563 554 2699 624 pede
2723 554 2947 624 gradive
2971 564 3212 620 tentans,
3239 571 3352 625 pra:
3409 572 3576 612 casus
3626 569 3776 612 metu

2206 661 2405 702 manus
2436 646 2769 717 protendens
2799 656 3073 717 pertento.
3114 651 3386 706 Praeterea
3402 650 3606 720 lingua:
3647 653 3784 705 titu-

2204 735 2386 793 bantis
2428 738 2572 792 male
2614 738 2914 793 articulatze
2952 740 3242 809 vestigium
3282 740 3514 810 spiritus
3557 742 3783 797 humani

2209 824 2524 891 ostendunt,
2551 835 2737 897 postea
2766 836 2821 882 et
2844 843 3027 883 sermo
3052 828 3107 882 in
3137 843 3307 898 puero
3330 829 3653 886 emendatus
3673 847 3784 886 non
3866 890 3885 901 κ

2211 916 2334 971 sine
2368 916 2647 987 laerymis,
2676 918 2813 989 ipsis
2841 919 3150 976 rectoribus
3181 920 3462 991 lacrymis,
3492 928 3785 976 transeun-

2209 1009 2363 1066 tibus
2399 1017 2604 1067 tenera:
2640 1013 2819 1066 aetatis
2849 1012 3045 1083 primis
3074 1020 3130 1068 et
3154 1013 3416 1069 secundis
3443 1012 3606 1069 annis
3644 1014 3788 1069 inci-

2214 1102 2294 1170 pit
2326 1103 2476 1159 elare
2504 1103 2869 1161 manifestari.

520 1200 761 1272 ἡγεμόσι
796 1198 854 1252 δὲ
897 1198 1011 1260 τοῖς
1056 1195 1288 1267 δάκρυσι
1321 1197 1466 1251 κατά
1499 1196 1695 1268 μικρὸν
1736 1196 1838 1267 τῆς
1879 1194 2105 1266 πρώτης
2155 1212 2215 1248 τε
2267 1199 2363 1251 καὶ
2411 1199 2675 1271 δευτέρας
2730 1200 2950 1270 ἡλικίας
2995 1199 3406 1271 παροδευούσης
3449 1199 3638 1270 σαφῶς
3667 1198 3788 1255 δια-

525 1293 837 1367 τρανούται.

518 1428 849 1498 Εἱκοσέτης
885 1429 1218 1500 συνάγειρα
1252 1429 1462 1501 μένος,
1489 1448 1547 1485 κ.
1579 1447 1630 1483 τ.
1661 1430 1740 1497 ἐξ.

596 1542 787 1605 Μόλις,
844 1541 1032 1613 φησὶν,
1084 1543 1404 1614 εἰκοσαέτης
1452 1543 1764 1613 γενόμενος,
1817 1542 1916 1614 τὴν
1953 1542 2109 1613 ἀνδρὶ

522 1633 881 1702 καθήκουσαν
899 1632 1130 1702 δύναμιν
1152 1632 1503 1704 συνήθροισαο
1522 1634 1618 1687 καὶ
1634 1632 1822 1705 ὥσπερ
1842 1651 1928 1697 τις
1948 1632 2110 1703 ἀθλη-

523 1726 624 1797 τὴς
651 1726 709 1778 ἐν
731 1724 947 1795 θεάτρῳ
972 1723 1052 1795 τῷ
1074 1723 1174 1794 βίῳ
1195 1725 1492 1788 καταστὰς,
1519 1725 1736 1789 πολλοῖς
1755 1727 1837 1779 ὅτι
1869 1725 2105 1796 μάλιστα

524 1816 712 1878 πόνοις
757 1815 854 1868 καὶ
900 1814 1092 1877 κόποις
1123 1814 1266 1867 κατά
1288 1814 1583 1884 πρόσωπον
1605 1814 1946 1868 ἀντιϐολοῦσι
1977 1831 2105 1867 συν-

528 1901 966 1978 εκύρησα.“Αλλο
1016 1905 1116 1976 μὲν
1144 1901 1238 1959 οὖν
1285 1923 1344 1959 σε
1374 1905 1483 1958 τῶν
1516 1906 1831 1961 λυπούντων
1876 1907 2018 1961 κατά
2045 1907 2108 1961 τὸ

532 1998 629 2050 νῦν
682 1996 860 2051 θλίϐον
900 1997 1237 2061 ἐπιτίθεται,
1282 1996 1410 2052 ἄλλο
1448 1997 1494 2051 δ’
1535 1998 1747 2068 ἀπῆλθε
1797 1998 1878 2069 τῷ
1931 1998 2109 2070 χρόνῳ

530 2086 996 2158 συμπαρῳχηκὸς,
1028 2086 1209 2150 ἄλλοις
1232 2086 1311 2150 δὲ,
1339 2079 1386 2140 ὦ
1417 2085 1584 2159 ψυχὴ,
1611 2084 1671 2140 εὖ
1714 2087 1846 2152 ῐσθι,
1870 2087 1960 2141 τὸν
1992 2087 2107 2158 βίον

531 2174 759 2245 περῶσα
791 2175 1147 2245 συναντήσεις
1182 2177 1240 2238 ἐς
1261 2174 1324 2228 τὸ
1353 2175 1509 2229 ἐπιὸν
1544 2175 1861 2248 μοχθηροῖς·
1883 2177 1975 2229 καὶ
1999 2177 2106 2247 γὰρ

533 2265 649 2338 βίον
673 2266 846 2336 περᾷς
866 2264 1058 2336 ῶσπερ
1082 2264 1206 2319 τινα
1236 2265 1395 2319 ὁλκὸν
1425 2264 1674 2336 ποταμοῦ
1703 2266 1976 2337 ἀνάρρουν
2012 2266 2108 2319 αὒ-

526 2355 620 2410 τὸν
662 2355 1075 2426 ἐκϐιαζόμενος,
1098 2354 1334 2425 ἔμπαλιν
1358 2356 1392 2426 ἢ
1427 2356 1590 2419 αὐτὸς
1626 2356 1807 2426 βούλει
1834 2373 1894 2409 σε
1924 2357 2109 2410 συνέλ-

526 2464 717 2512 κοντα,
742 2446 777 2518 ἢ
824 2445 901 2510 ὥς
928 2463 980 2498 τι
1029 2444 1209 2517 ῥεῦμα
1256 2447 1531 2519 θαλάσσης
1569 2448 1772 2518 βίαιον,
1804 2442 1907 2502 ὧδε
1946 2451 2109 2503 κακεί

524 2536 818 2609 περιέλκον
856 2537 952 2590 καὶ
998 2535 1302 2607 περισπῶν,
1329 2536 1359 2589 ὃ
1404 2537 1469 2608 δὴ
1510 2541 1743 2602 πυκναῖς
1780 2538 2108 2609 πνευμάτων

526 2628 845 2700 ἐμπτώσεσι
889 2628 1290 2698 ἀναϐράττεται
1324 2629 1419 2683 καὶ
1468 2628 1766 2700 ῥιπίζεται.
1798 2630 1979 2684 Πολλά
2009 2630 2108 2701 μὲν

522 2718 641 2787 οὖν,
688 2722 855 2793 φησὶν
882 2721 912 2773 ό
937 2721 1275 2786 διδάσκαλος,
1321 2723 1444 2785 ταῖς
1498 2722 1707 2776 ἑαυτῶν
1754 2722 1961 2786 ἀνοίαις
2016 2723 2111 2776 καὶ

527 2813 861 2892 ἀφροσύναις
898 2813 1152 2885 ἑπόμενοι
1181 2813 1558 2885 πιραζόμεθα
1580 2827 1595 2842 ⁶
1630 2814 1731 2867 ὅσα
1758 2812 1958 2885 δηλαδὴ
1992 2816 2110 2878 ταῖς

525 2906 774 2975 ἀνοήτοις
836 2905 1155 2975 ἐπιθυμίαις
1219 2906 1308 2959 καί
1373 2905 1667 2977 βλαϐεραῖς
1733 2905 2110 2977 ὑπηρετούμε-

527 3014 610 3051 νοι
651 2996 1033 3068 ἐκτρυχόμεθα
1062 3011 1081 3028 ν
1118 2998 1346 3050 πλεῖστα
1388 2997 1432 3049 δ’
1464 2997 1566 3049 ὅσα
1612 2997 1707 3050 καὶ
1751 2999 1780 3050 ὁ
1821 2997 1921 3067 τῆς
1968 3000 2107 3068 ἡμε-

527 3088 696 3160 τέρας
734 3089 871 3159 πρὸς
922 3088 1055 3142 Θεὸν
1104 3087 1341 3149 νεύσεως
1391 3087 1487 3141 καὶ
1524 3082 1645 3159 τῆς
1674 3087 1818 3141 κατά
1873 3089 2108 3158 Χριστὸν

534 3179 681 3248 ζωῆς
721 3178 1121 3249 Ἀντικείμενος
1148 3180 1215 3233 ἐκ
1235 3178 1428 3248 φθόνου
1457 3180 1551 3232 καὶ
1581 3179 1879 3248 βασκανίας
1904 3181 2111 3233 ἐπινοεῖ

532 3269 595 3322 δυ
603 3286 692 3340 σχε
701 3270 783 3340 ρῆ.

534 3371 602 3427 59
633 3373 701 3427 ΕΖ
748 3371 857 3443 γάρ
887 3389 996 3425 κεν
1033 3373 1152 3428 ὅσα
1191 3373 1417 3441 τερπνὰ
1461 3372 1559 3425 καὶ
1614 3373 2110 3514 ὁππόσαῳυξυγρὰ

1926 3461 2039 3498 ιοιο

1926 3461 2039 3498 ιοιο

530 3512 605 3569 ω
650 3513 1211 3596 Ἀντιταλανζεὺοις,
1246 3530 1300 3565 κ.
1327 3530 1380 3568 τ.
1411 3514 1462 3566 λ.

604 3631 777 3703 Εἴπερ
815 3631 883 3704 δὴ
920 3626 1036 3698 οὖν,
1071 3632 1235 3701 φησὶν
1268 3634 1297 3686 ό
1336 3633 1437 3703 τῆς
1466 3632 1727 3703 ἀληθείας
1768 3632 2108 3704 καθηγητὴς,

531 3724 602 3777 τά
652 3723 866 3794 χρηστὰ
908 3712 1006 3776 τοῦ
1059 3724 1176 3794 βίου
1214 3723 1368 3777 τοῦδε
1413 3726 1528 3787 τοῖς
1576 3724 1844 3794 λυπηροῖς
1894 3726 2111 3778 ἀντιτα-

532 3814 810 3878 λαντεύοις
854 3813 1244 3885 σταθμώμενος
1290 3814 1366 3879 ῶς
1413 3815 1470 3867 ἐν
1499 3814 1667 3884 ζυγῷ,
1696 3814 1838 3868 κατά
1872 3815 2008 3867 πολὺ
2044 3815 2111 3867 ἂν

534 3909 568 3977 ἠ
607 3906 716 3961 τῶν
744 3906 931 3960 κακῶν
962 3904 1230 3973 πλάστιγξ
1260 3905 1590 3976 βαρυνθεῖσα
1632 3904 1987 3976 κατενεχθείη
2017 3906 2111 3957 ἐπὶ

534 4001 661 4071 γῆν,
695 4000 730 4070 ὴ
764 3998 823 4052 δὲ
852 3998 962 4052 τῶν
996 3996 1219 4066 ἀγαθῶν
1266 3998 1361 4051 καὶ
1405 3996 1652 4067 τερπνῶν
1687 3997 1775 4062 ἐφ’
1822 3995 1955 4064 ὕψος
1995 4013 2113 4049 κου-

537 4090 753 4162 φισθείη
780 4089 919 4161 πρὸς
949 4090 1206 4159 οὐρανόν·
1240 4087 1432 4151 οὕτως,
1466 4086 1657 4150 εἰπὼν,
1680 4088 1802 4139 κατ’
1830 4081 1968 4148 εἶδος
1993 4086 2113 4156 ἀρι-

538 4184 753 4254 ομεῖται
780 4183 994 4255 πρῶτον
1014 4182 1083 4235 τὰ
1112 4181 1352 4253 λυπηρά,
1381 4180 1536 4252 δῆρις
1568 4179 1663 4232 καὶ
1693 4179 1862 4248 μάχαι
1884 4179 2001 4241 τοῖς
2023 4176 2113 4229 τὸν

536 4276 735 4346 τρόπον
778 4277 1116 4346 πολεμικοῖς,
1148 4266 1348 4337 πόντος
1375 4273 1472 4327 καὶ
1502 4271 1734 4326 κίνδυνοι
1757 4273 1871 4333 τοῖς
1897 4270 2112 4323 ναυτιλ-

537 4367 804 4437 λομένοις,
854 4366 1065 4437 ἄρουρα
1109 4366 1204 4419 καὶ
1248 4364 1489 4427 κόπωσις
1528 4364 1639 4426 τοῖς
1680 4360 1969 4431 γεωργοῖς,
1998 4363 2112 4424 τοῖς

535 4454 1000 4528 ἐμπορευομένοις
1050 4454 1146 4507 καὶ
1203 4453 1455 4507 πλουτεῖν
1509 4450 1787 4505 ἐθέλουσιν
1839 4449 2113 4505 ἐπίϐουλοι

537 4548 729 4619 ἄνδρες
760 4546 1101 4616 παρέπονται
1147 4544 1245 4598 καὶ
1291 4542 1613 4616 λῃστρικοί·
1670 4542 1767 4595 καὶ
1807 4544 1919 4608 τοῖς
1952 4543 2113 4613 εύρυ·

539 4641 692 4703 ϐόαις
738 4640 836 4711 μὲν
880 4640 975 4693 καὶ
1016 4635 1407 4707 πολυκτησίαις
1445 4634 1700 4706 χαίρουσι
1739 4634 2114 4705 δασμογράφοι

539 4733 634 4786 καὶ
665 4731 938 4797 ἐξισωταὶ,
962 4730 1056 4784 καὶ
1076 4728 1187 4783 τῶν
1208 4728 1390 4800 φόρων
1418 4728 1727 4800 πράκτορες
1753 4725 2115 4797 ἀπαραίτητοι

541 4823 926 4894 παρίστανται.
946 4822 1070 4884 Τοῖς
1092 4819 1525 4891 πολιτευομένοις
1545 4818 1601 4872 δέ
1627 4818 1723 4871 καὶ
1749 4818 1878 4888 περὶ
1903 4816 2115 4886 βίϐλους

540 4915 636 4968 καὶ
661 4913 849 4982 λόγους
882 4912 1201 4983 σχολάζουσι
1234 4912 1463 4983 ῥήτορες
1500 4909 1649 4962 ἔστιν
1680 4908 1770 4961 ὅτε
1816 4908 1981 4962 δεινοὶ
2023 4908 2118 4960 καὶ

536 5006 873 5073 συκοφάνται
898 5003 994 5057 καὶ
1017 5001 1208 5072 κριτὴς
1237 5002 1421 5064 ἄδικος
1459 5001 1555 5053 καὶ
1575 4999 1759 5070 ἄρχων
1782 4999 1882 5061 τὰς
1902 4999 2115 5068 ψήφους

509 5097 638 5174 ὀὐκ
663 5095 878 5160 εὐθείας
897 5092 1176 5156 διατιθείς.
1206 5092 1316 5144 Καὶ
1331 5091 1509 5144 ταῦτα
1537 5090 1636 5160 μέν
1652 5089 1722 5142 τὰ
1751 5088 2002 5143 ἐπώδυνα
2022 5088 2115 5141 τοῦ

512 5187 770 5258 ξέλεεινοῦ
803 5185 920 5256 βίου
956 5184 1207 5254 παίγνια,
1245 5183 1353 5236 τῶν
1387 5182 1630 5252 ματαίων
1654 5180 1956 5252 ἀνθρώπων
1987 5197 2117 5232 κατ-

512 5259 848 5349 ὀρχούμενα
871 5277 972 5348 τῆς
1004 5278 1169 5348 ζωῆς.
1197 5275 1429 5329 Σκοπεῖν
1452 5271 1517 5343 δὴ
1543 5267 1637 5326 οὖν
1665 5264 1817 5338 ἄξιον
1843 5271 1938 5323 καὶ
1959 5269 2119 5324 ὁποῖά

538 5370 655 5422 ἐστι
676 5370 746 5423 τὰ
785 5369 1017 5441 τερπνὰ,
1048 5368 1209 5439 κόρος
1251 5369 1346 5421 καὶ
1369 5365 1604 5436 γαστρὸς
1638 5362 1925 5433 πλησμονή
1953 5379 1966 5391 ·
2026 5361 2120 5413 καὶ

537 5459 698 5512 τοῦτο
733 5458 872 5531 βαρύ
909 5476 968 5512 τε
995 5460 1090 5513 καὶ
1122 5458 1359 5529 ἐπαχθές
1376 5475 1387 5487 ·
1412 5452 1566 5527 ᾆσμα
1590 5455 1686 5508 καὶ
1704 5452 1960 5521 γέλωτες
1991 5450 2122 5504 ἄλλο

541 5550 791 5618 παίγνιον
817 5564 834 5580 ο
874 5550 1139 5620 λαμπραὶ
1178 5548 1398 5619 τύμϐων
1448 5542 1822 5601 κατασκευαί·
1874 5542 2036 5596 αὐταὶ
2063 5542 2120 5594 δὲ

544 5641 770 5711 πλήρεις
815 5639 1090 5694 όδωδότων
1118 5639 1350 5711 ὁρῶνται
1379 5637 1619 5709 νεκρῶν
1660 5635 1786 5688 ἕδνα
1817 5632 2121 5703 περισπού-

540 5734 710 5785 δαστα
740 5732 836 5785 καὶ
858 5732 1222 5801 προγαμιαῖαι
1245 5728 1466 5798 δωρεαὶ,
1492 5728 1586 5782 καὶ
1600 5725 1781 5797 προὶξ,
1805 5725 1900 5777 καὶ
1922 5723 2119 5793 γάμος,

546 5823 637 5875 καὶ
674 5821 930 5888 δεύτερος
956 5819 1220 5883 πολλάκις
1265 5818 1359 5871 τοῦ
1399 5817 1618 5889 πρώτου
1653 5814 2001 5877 διακοπέντος
2044 5812 2124 5883 τῷ

2217 1429 2527 1485 Vicesimum
2557 1434 2817 1504 attingens
2841 1448 3041 1487 annum
3058 1433 3430 1503 fortitudinem
3453 1433 3663 1503 collegi,
3678 1443 3785 1489 etc.

2286 1541 2410 1607 Vix,
2428 1544 2624 1614 inquit,
2643 1545 2834 1612 viginti
2853 1561 3029 1601 annos
3049 1553 3236 1611 natus,
3265 1544 3647 1600 fortitudinem
3667 1545 3789 1599 viro

2202 1636 2619 1692 convenientem
2654 1647 2945 1690 assecutus
2972 1652 3119 1696 sum.
3148 1644 3205 1692 et
3234 1636 3381 1690 sicut
3423 1635 3629 1689 athleta
3670 1634 3791 1707 qui-

2206 1728 2331 1781 dam
2356 1726 2414 1781 in
2438 1728 2563 1781 vlta:
2591 1727 2806 1782 theatro
2836 1741 3108 1797 apparens
3125 1726 3319 1782 multis
3337 1735 3394 1781 et
3421 1742 3587 1796 quam
3614 1726 3788 1780 maxi-

2208 1820 2319 1875 mis
2342 1818 2627 1873 laboribus
2656 1825 2713 1872 et
2751 1816 3018 1872 aerumnis
3046 1816 3267 1871 obviam
3317 1816 3657 1870 irruentibus
3693 1830 3789 1869 oc-

2196 1907 2376 1963 ,eurri.
2404 1906 2566 1961 Aliud
2597 1907 2821 1977 quidem
2870 1905 3062 1961 dolore
3097 1913 3155 1961 te
3205 1905 3260 1960 in
3309 1906 3562 1976 pnesenti
3609 1914 3791 1959 conte-

2211 2013 2339 2053 rens
2384 1997 2717 2068 apponitur,
2773 1996 2925 2052 aliud
2979 2012 3109 2053 vero
3186 2011 3293 2051 una
3353 2011 3482 2051 cum
3543 2004 3791 2065 tempore

2208 2090 2374 2145 simul
2400 2090 2559 2160 fugit,
2594 2089 2719 2145 aliis
2747 2089 2951 2154 adhue,
2988 2102 3023 2142 ο
3062 2088 3269 2153 anima,
3327 2096 3477 2141 certe
3516 2086 3570 2140 id
3617 2086 3788 2147 scias,

2207 2196 2307 2251 per
2341 2181 2509 2236 vitam
2545 2180 2820 2235 transiens
2854 2179 2910 2233 in
2940 2178 3187 2234 futurum
3237 2177 3396 2232 duris
3427 2177 3587 2231 obvia
3636 2176 3788 2243 eris;

2213 2287 2452 2342 namque
2480 2287 2578 2344 per
2600 2272 2771 2326 vitam
2804 2271 3013 2327 transis
3039 2270 3200 2341 quasi
3233 2285 3329 2340 per
3354 2269 3533 2325 amnis
3561 2283 3787 2323 cursum

2213 2372 2269 2421 te
2326 2364 2379 2418 vi
2425 2379 2622 2435 magna
2670 2364 3013 2434 abripientis.
3076 2362 3142 2416 Et
3196 2377 3414 2418 rursum
3502 2357 3590 2415 vel
3671 2360 3789 2430 ipse

2207 2463 2264 2509 te
2305 2455 2542 2511 trahenti
2602 2454 2871 2518 assentis,
2931 2454 3018 2510 vel
3093 2454 3241 2508 sicut
3309 2451 3509 2506 ﬂuctus
3563 2449 3786 2521 quidam

2209 2548 2378 2603 maris
2422 2554 2694 2612 coactus,
2760 2547 2844 2603 sic
2919 2545 3200 2616 abripiens
3260 2552 3317 2599 et
3384 2543 3632 2597 avellens
3694 2538 3791 2609 qui

2212 2642 2416 2695 iterum
2478 2650 2642 2710 atque
2702 2638 2902 2695 iterum
2970 2646 3258 2694 ventorum
3334 2634 3558 2689 ﬂatibus
3602 2632 3792 2687 turba-

2210 2742 2301 2788 tur
2332 2743 2389 2788 et
2423 2733 2669 2788 tumidus
2697 2733 2779 2789 lit.
2807 2731 3036 2785 Multum
3081 2744 3236 2798 ergo,
3282 2726 3460 2797 inquit
3503 2725 3790 2795 magister,

2213 2824 2418 2878 nostris
2447 2821 2695 2892 profanis
2722 2821 3156 2892 cogitationibus
3182 2829 3238 2874 et
3283 2816 3671 2873 deliramentis
3712 2815 3791 2868 in-

2213 2914 2573 2985 sequentibus
2608 2922 2889 2969 tentantur
2925 2929 2940 2966 :
2981 2925 3148 2983 quam
3204 2908 3395 2964 multis
3419 2906 3666 2978 profecto
3694 2904 3789 2960 in-

2217 3008 2368 3063 sanis
2393 3017 2447 3061 et
2482 3005 2700 3061 nocivis
2747 3001 3038 3060 desideriis
3075 3000 3474 3063 consumimur,
3494 3005 3703 3052 tantum
3738 3006 3794 3051 et

2218 3100 2340 3170 plus
2369 3097 2545 3153 nostri
2584 3111 2716 3167 erga
2747 3095 2918 3150 Deum
2951 3091 3203 3161 obsequii
3234 3099 3400 3161 atque
3430 3089 3557 3144 vita:
3588 3102 3793 3144 secun-
3834 3078 3842 3085 ’

2214 3190 2343 3244 dum
2382 3187 2668 3243 Christum
2689 3184 3051 3240 Adversarius
3080 3198 3191 3251 pne
3221 3180 3429 3235 invidia
3476 3179 3789 3249 suggestio-

2218 3280 2385 3335 nibus
2422 3276 2632 3333 dolosis
2655 3273 3174 3331 dillicilia‘suseitat.

2215 3380 2283 3435 59
2324 3379 2535 3433 Etenim
2558 3380 2606 3433 si
2638 3378 2817 3433 omnia
2847 3378 2984 3430 bona
3007 3374 3288 3443 omniaque
3310 3372 3430 3426 vita:
3456 3371 3599 3424 mala

2216 3449 2286 3505 60
2327 3449 2673 3519 Appenderis,
2699 3455 2805 3503 etc.

2290 3635 2348 3689 Si
2396 3649 2563 3704 ergo,
2616 3631 2795 3702 inquit
2838 3637 3024 3684 orator
3064 3630 3219 3699 juxta
3270 3626 3596 3685 veritatem.
3653 3637 3796 3678 com-

2219 3727 2380 3782 moda
2417 3726 2541 3780 vita:
2576 3723 2739 3794 hujus
2782 3719 3119 3777 calamitosis
3158 3717 3587 3789 aequiparaveris
3637 3715 3796 3784 quasi

2220 3820 2275 3872 in
2300 3819 2539 3879 bilance,
2572 3817 2845 3871 malorum
2872 3813 3086 3867 lancula
3132 3819 3412 3881 premente
3445 3807 3690 3878 pondere
3726 3804 3798 3860 le-

2220 3921 2371 3964 retur
2414 3907 2482 3961 ad
2525 3889 2751 3969 terram,
2816 3904 3085 3958 bonorum
3141 3915 3272 3957 vero
3319 3907 3374 3954 et
3423 3897 3795 3968 jucundorum

2220 3998 2438 4054 lancula
2467 4000 2522 4053 in
2550 3998 2721 4051 altum
2777 3993 3032 4048 alleviata
3070 3991 3139 4046 ad
3170 3987 3684 4046 cmlumattolletur.
3705 3985 3796 4040 Sic

2219 4091 2413 4146 dicens
2425 4106 2522 4160 per
2548 4088 2762 4159 species
2789 4092 3051 4156 supputat
3081 4082 3257 4153 primo
3281 4080 3637 4145 calamitosa;
3664 4078 3797 4133 rixae

2220 4185 2276 4232 et
2298 4175 2491 4247 proelia
2516 4191 2617 4245 pro
2653 4173 3004 4229 bellatoribus
3050 4187 3118 4225 ex
3169 4169 3416 4239 ipsorum
3456 4167 3797 4227 conditione.

2221 4283 2373 4323 mare
2404 4274 2459 4322 et
2484 4265 2727 4337 pericula
2766 4257 2863 4334 pro
2900 4261 3310 4332 navigantibus,
3357 4258 3533 4313 aratio
3569 4265 3623 4312 et
3670 4256 3799 4310 l‘ati-

2218 4361 2366 4431 gatio
2382 4375 2483 4430 pro
2524 4356 2816 4426 agricolis,
2862 4368 2963 4424 pro
3012 4351 3446 4421 negotiatoribus
3479 4357 3536 4404 et
3593 4349 3664 4404 iis
3702 4348 3800 4419 qui

2219 4450 2421 4506 divites
2450 4450 2642 4504 volunt
2671 4445 2786 4502 ﬁeri
2844 4455 2975 4500 sunt
3023 4442 3354 4497 insidiantes
3403 4440 3508 4495 viri
3558 4440 3802 4495 etlatro—

2222 4559 2354 4610 nes;
2382 4550 2438 4595 et
2467 4548 2787 4611 arroganter
2837 4534 3192 4607 loquentibus
3242 4542 3297 4587 et
3350 4531 3800 4602 possessionibus

2222 4637 2416 4693 multis
2477 4633 2843 4706 gaudentibus
2903 4629 3350 4684 circ’umcurrunt
3409 4633 3696 4679 exactores
3746 4631 3803 4679 et

2222 4728 2513 4799 vectigalia
2544 4728 2872 4797 imperantes
2917 4727 2972 4776 et
3012 4719 3349 4774 tributorum
3406 4730 3638 4770 censum
3695 4715 3798 4767 im-

2222 4813 2495 4875 ponentes
2521 4820 2662 4874 quos
2693 4803 2847 4859 nullo
2879 4803 3043 4858 modo
3076 4801 3319 4857 ﬂexeris.
3346 4799 3634 4856 Subnectit
3662 4808 3718 4855 et
3752 4809 3812 4854 ut

2222 4896 2316 4965 qui
2361 4896 2519 4951 libris
2549 4904 2606 4950 et
2636 4895 2970 4966 eloquentia:
3014 4894 3197 4950 studia
3244 4893 3511 4947 adhibent
3550 4892 3808 4946 doctores

2219 4986 2492 5058 contingit
2514 4995 2574 5042 ut
2596 4988 2711 5042 sint
2733 4986 3066 5042 formidandi
3115 4995 3169 5042 et
3198 4986 3655 5048 calumniatores,
3679 4992 3812 5037 sunt

2221 5079 2465 5149 etjudex
2496 5079 2738 5148 iniustus
2769 5089 2824 5135 et
2852 5078 3108 5151 princeps
3134 5094 3335 5134 causas
3362 5093 3468 5132 non
3506 5088 3656 5131 recte
3682 5090 3811 5145 pro-

2222 5170 2507 5226 nuntians.
2534 5170 2600 5225 Et
2624 5160 2728 5225 ista
2757 5171 2975 5241 quidem
3001 5185 3316 5226 aerumnosa
3342 5168 3666 5224 miserandae
3688 5168 3810 5220 Viue

2221 5262 2548 5333 crepundia,
2579 5260 2782 5332 quibus
2823 5262 2978 5316 stulti
3011 5262 3259 5317 homines
3291 5261 3345 5314 in
3391 5274 3508 5315 a-vo
3540 5258 3808 5313 t’listiuen-

2217 5365 2331 5410 tur.
2375 5354 2741 5409 Considerare
2786 5353 2954 5409 etiam
3004 5352 3231 5424 dignum
3270 5360 3357 5407 est
3404 5366 3527 5420 qua:
3564 5350 3677 5405 sint
3717 5348 3808 5416 ju-

2217 5445 2397 5501 cunda
2418 5484 2434 5509 ,
2464 5445 2728 5501 saturitas
2759 5456 2814 5500 et
2835 5445 3043 5499 ventris
3076 5443 3356 5511 expletio;
3384 5457 3551 5514 grave
3583 5454 3805 5509 quoque

2220 5539 2274 5595 id
2297 5546 2382 5594 est
2412 5546 2579 5607 atque
2607 5537 2844 5592 toleratu
2894 5536 3153 5603 dillicile;
3196 5544 3396 5590 eantus
3428 5542 3485 5589 et
3515 5532 3659 5586 risus
3698 5531 3805 5585 alia

2219 5629 2555 5699 crepundia;
2600 5626 2900 5697 splendidae
2947 5628 3333 5697 sepulcrorum
3376 5630 3712 5687 structurae,
3752 5631 3808 5674 et

2221 5722 2351 5790 ipsae
2391 5721 2760 5776 redundantes
2789 5720 3044 5774 videntur
3072 5721 3426 5770 mortuorum
3461 5713 3754 5784 putoribus
3790 5728 3804 5764 :

2221 5812 2549 5867 munuscula
2592 5810 2876 5866 amatoriis
2906 5807 3107 5866 studiis
3137 5800 3325 5858 oblata
3345 5842 3362 5869 ,
3386 5805 3637 5872 donaque
3664 5813 3807 5867 nup-
