4082 6424
371 339 463 394 7M

367 455 475 507 tias
505 453 859 522 aucupantia,
892 462 947 509 et
972 452 1074 509 dos
1109 459 1164 507 et
1199 452 1628 516 matrimonium,
1672 461 1725 505 et
1749 452 1941 521 primis

367 551 541 598 morte
559 543 784 600 abolitis
797 545 1054 600 secunda:
1074 545 1299 614 nuptiae,
1322 544 1471 613 ipsas
1488 544 1944 611 sequuntur-adut.

365 633 503 688 teria
514 635 942 690 etadulterarum
956 630 1852 700 venatores;inl‘antes,sollicitudo
1865 632 1943 687 in-

365 725 548 795 quieta
564 741 662 796 pro
682 727 1202 797 patribus,namque
1224 724 1598 780 sollicitudine
1616 739 1834 794 semper
1849 738 1944 777 ur-

364 824 565 884 gentur
600 825 858 886 parentes
882 824 937 871 et
961 818 1236 871 anxietate
1264 829 1334 870 ne
1363 815 1493 885 quid
1519 815 1650 869 mali
1675 815 1824 869 natis
1850 829 1945 869 oc-

364 915 585 973 currat;
603 915 660 961 et
689 916 946 963 venustas
963 913 1143 961 amata
1160 904 1383 975 quidem
1401 905 1498 960 sed
1513 903 1678 959 inﬁda
1698 922 1711 959 :
1730 918 1946 973 semper

363 998 512 1054 enim
542 999 764 1055 habenti
820 998 1072 1053 anxietas
1101 1005 1209 1054 est.
1262 995 1515 1052 Dedecus
1556 1011 1688 1051 vero
1736 1011 1841 1051 nec
1890 996 1944 1050 in

364 1092 701 1162 suspicione,
735 1106 836 1147 nec
866 1091 921 1145 in
950 1090 1172 1152 timore.
1231 1088 1485 1145 odiosum
1532 1088 1689 1154 illud,
1741 1096 1798 1143 et
1846 1103 1946 1160 pro

361 1182 582 1253 egregia
619 1181 778 1251 prole
808 1179 987 1235 anxia
1005 1178 1399 1249 cogitationes,
1422 1193 1642 1249 semper
1657 1178 1805 1235 enim
1832 1178 1946 1234 sol-

365 1273 591 1327 licitudo
613 1271 881 1326 cruciabit
911 1277 1097 1341 patres
1131 1269 1411 1341 quomodo
1440 1268 1535 1323 ﬁlii
1565 1269 1706 1324 bene
1743 1269 1945 1324 victuri

362 1367 497 1430 sint,
530 1379 700 1435 angor
721 1371 901 1419 autem
930 1370 987 1418 et
1007 1363 1166 1418 dolor
1184 1363 1258 1418 ob
1276 1362 1518 1418 deditam
1555 1362 1702 1416 malo
1732 1362 1943 1431 prolem

363 1460 704 1528 insequetur.
739 1455 806 1510 Et
856 1470 1104 1519 rursum,
1153 1454 1355 1510 divitia!
1386 1463 1440 1509 et
1474 1460 1771 1526 paupertas
1821 1467 1945 1522 qua:

359 1533 561 1620 duplex
594 1557 858 1619 generant
891 1547 1126 1603 malum:
1179 1545 1386 1601 divitia
1421 1545 1755 1600 contumelia
1802 1544 1946 1597 male

362 1644 560 1705 utenti,
595 1648 916 1712 paupertas,
958 1638 1244 1694 tribulatio
1284 1645 1341 1693 et
1391 1637 1540 1708 jugis
1604 1637 1779 1691 labor.
1837 1636 1944 1688 Ista

358 1736 543 1790 omnia
574 1736 835 1797 humana,
870 1732 1070 1802 inquit,
1094 1731 1296 1786 similia
1328 1729 1451 1798 pilae
1495 1743 1659 1798 quam
1702 1726 1944 1798 pueriles

362 1840 558 1880 manus
584 1823 830 1879 vicissim
864 1822 956 1876 alii
997 1821 1065 1876 ad
1088 1822 1230 1876 alios
1274 1820 1412 1875 dant
1457 1828 1512 1874 et
1561 1818 1774 1888 iaciunt
1822 1826 1933 1872 tor-

358 1925 592 1987 quentes
615 1925 670 1970 et
701 1914 1074 1985 projicientes.

361 2009 432 2063 75
506 2008 636 2061 Ηαό
663 2008 828 2075 igitur
855 2006 1138 2073 inspiciens
1166 2010 1337 2058 mente
1363 2001 1685 2067 discrucior,
1704 2001 1886 2072 siquis

570 2079 825 2159 optimum
946 2144 958 2159 .
1029 2144 1041 2159 ἠ
1148 2144 1162 2159 1
1219 2142 1232 2159 Ι
1283 2142 1331 2159 ,Ι
1750 2138 1788 2159 μ

358 2149 428 2202 76
502 2140 788 2201 Existimat
820 2144 958 2217 quod
986 2144 1105 2212 plus
1140 2142 1295 2196 habet
1313 2142 1413 2195 bon
1460 2156 1620 2211 quam
1654 2140 1806 2194 mali.

430 2238 556 2294 llaec
584 2238 789 2300 omnia,
826 2237 1002 2307 inquit
1033 2230 1722 2302 admirabilis'l‘heologus,
1756 2239 1943 2287 mente

358 2330 467 2384 alta
503 2327 839 2398 recogitans,
872 2335 926 2381 et
956 2324 1101 2396 quod
1136 2324 1310 2377 multo
1334 2323 1490 2392 plura
1527 2322 1706 2376 tristia
1742 2322 1799 2375 in
1850 2321 1944 2374 ho-

358 2420 599 2474 minibus
635 2434 801 2488 quam
835 2430 1076 2482 alumna,
1103 2415 1230 2488 quia
1259 2429 1382 2485 qua:
1418 2413 1823 2483 jucundissima
1869 2413 1944 2466 vi-

357 2512 560 2567 dentur
589 2512 710 2582 plus
741 2524 1001 2567 aerumna:
1023 2523 1188 2578 quam
1213 2522 1404 2561 eorum
1423 2521 1548 2576 quae
1578 2521 1718 2560 vane
1736 2505 1939 2558 bonum

360 2614 747 2674 nuncupantur
808 2602 1010 2656 habent
1040 2600 1180 2653 :haec
1214 2599 1407 2655 videns
1438 2607 1620 2653 mente
1641 2611 1942 2652 consumar

360 2710 525 2764 ευμεν
579 2693 665 2747 his
706 2691 803 2762 qui
867 2691 1074 2762 optima
1117 2687 1350 2742 credunt
1407 2702 1471 2742 ea
1534 2690 1737 2754 quibus
1798 2690 1939 2743 bona

363 2789 563 2841 malum
620 2792 697 2839 et‘
731 2782 975 2852 jucunda
1023 2777 1319 2831 dolendum
1381 2782 1665 2847 superant.
1691 2776 1770 2833 Tu
1809 2794 1942 2851 ergo

361 2878 618 2950 quisquis
653 2876 752 2937 sis,
781 2874 961 2942 arguit
995 2870 1089 2924 tibi
1118 2867 1446 2937 Gregorius,
1480 2882 1588 2920 non
1626 2868 1810 2936 ploras
1839 2887 1943 2923 au-

362 2970 521 3024 diens
579 2973 714 3036 quot
772 2965 827 3018 in
877 2969 1092 3016 veteres
1150 2959 1462 3013 inciderunt
1518 2959 1703 3012 mala?
1745 2958 1943 3014 Nescio

362 3061 533 3122 enim,
579 3056 780 3125 inquit,
812 3063 997 3107 utrum
1044 3051 1287 3121 plorabis
1333 3065 1403 3102 an
1450 3049 1659 3104 ridebis
1708 3049 1940 3104 audiens

362 3165 485 3223 qua:
507 3158 561 3201 et
592 3160 750 3217 agere
786 3143 991 3215 placuit
1030 3140 1273 3210 antiquis
1302 3138 1518 3194 duobus
1548 3139 1681 3193 viris
1705 3139 1942 3208 philoso-

364 3243 488 3311 phis
521 3248 576 3295 et
599 3240 781 3294 doctis
807 3250 1043 3307 quorum
1075 3234 1215 3287 alter
1245 3246 1462 3302 semper
1501 3232 1747 3301 lugebat,
1777 3233 1942 3287 llera-

362 3335 525 3388 elitus
547 3328 949 3395 netnpeaalter,
980 3325 1344 3384 Democritus,
1374 3322 1753 3380 indesinenter
1795 3326 1943 3378 ride-

364 3425 475 3487 bat,
511 3422 712 3492 quippe
752 3418 843 3488 qui
878 3417 1135 3486 laerymis
1162 3430 1297 3468 sane
1324 3425 1378 3468 et
1416 3416 1624 3471 risibus
1648 3416 1811 3487 digna
1847 3433 1944 3471 δεε-

360 3514 630 3569 timabant
669 3525 792 3580 quae
822 3508 1065 3577 plerique
1116 3505 1316 3560 studiis
1366 3508 1729 3561 insectantur.
1787 3508 1939 3579 Quo-

360 3603 525 3661 modo
551 3602 697 3658 enim
727 3599 888 3669 digna
922 3596 1404 3651 lamentationibus
1449 3604 1542 3651 aut
1580 3598 1786 3652 risibus
1833 3616 1939 3651 Imll

360 3695 699 3769 gemuissent
726 3701 820 3745 aut
841 3689 1301 3745 aestimavissent?
1322 3690 1411 3743 hic
1438 3688 1633 3743 Achivi
1663 3698 1716 3744 et
1740 3680 1929 3757 Troes

361 3791 454 3845 alii
484 3789 538 3843 in
563 3787 701 3840 alios
732 3784 1056 3855 proeliantes
1094 3791 1258 3853 atque
1300 3782 1472 3835 multo
1508 3793 1755 3853 tempore
1801 3784 1941 3836 invi-

359 3895 479 3936 cem
527 3893 650 3934 sese
692 3877 1106 3949 internecantes
1157 3873 1320 3926 unius
1370 3871 1588 3926 Helena:
1630 3874 1939 3928 meretricis

354 3971 555 4043 gratia.
602 3968 831 4023 Curetes
860 3974 914 4022 et
940 3963 1108 4019 Ᾱῧιυιί
1144 3978 1245 4033 pro
1277 3963 1453 4034 capite
1479 3972 1533 4017 et
1586 3963 1719 4019 setis
1757 3965 1939 4019 suillis

360 4070 668 4131 pugnantes
713 4068 768 4114 et
799 4074 921 4114 sese
967 4057 1199 4111 invicem
1248 4055 1597 4120 occidentes;
1658 4055 1773 4110 illic
1815 4072 1937 4111 ma-

362 4168 528 4223 gnum
555 4150 844 4205 IEacidum
870 4151 1257 4217 deeus,uempe
1282 4146 1466 4216 Aiacis
1491 4154 1545 4200 et
1570 4146 1936 4210 Acltillis,sed

359 4254 415 4299 et
463 4244 656 4298 famosi
701 4243 790 4296 isti
819 4254 1058 4312 quarunt
1144 4237 1282 4291 alter
1341 4237 1395 4291 in
1456 4237 1633 4291 medio
1694 4236 1933 4290 hostium

365 4333 582 4389 furente
635 4346 736 4386 sua
785 4347 845 4386 se
897 4347 1060 4385 manu
1116 4326 1360 4393 occidit,
1415 4327 1552 4381 alter
1576 4326 1630 4379 in
1658 4327 1935 4380 luxuriant

357 4435 416 4475 se
450 4419 795 4490 ingurgitans
836 4417 1038 4487 periit;
1071 4417 1201 4484 quid
1236 4426 1289 4471 et
1329 4418 1564 4473 illustris
1591 4418 1938 4490 Amphitryo-

355 4511 444 4565 nis
476 4509 641 4571 filius,
664 4506 1182 4562 Herculesomnium
1200 4507 1459 4569 domitor,
1484 4508 1696 4564 viribus
1719 4511 1936 4566 belluas

355 4602 718 4669 hominesque
770 4598 1076 4665 superans?
1114 4596 1178 4652 Et
1216 4597 1354 4667 ipse,
1393 4606 1453 4651 ut
1481 4597 1656 4658 aiunt.
1698 4614 1934 4655 venena-

355 4702 466 4745 tam
495 4691 734 4744 tunicam
767 4704 892 4742 cum
925 4688 1216 4748 induisset,
1245 4689 1489 4744 domitus
1516 4699 1601 4745 est
1634 4692 1932 4749 introrsum

352 4790 653 4837 crematus.
692 4778 758 4832 Et
788 4779 918 4848 quid
945 4781 1021 4840 bi,
1065 4780 1243 4850 Cyrus
1272 4790 1327 4834 et
1368 4781 1594 4838 Croesus
1635 4798 1812 4855 reges,
1849 4788 1932 4841 in—

352 4888 538 4943 quam,
577 4872 868 4928 Persarum
913 4879 968 4925 et
1008 4872 1319 4943 Lydorum?
1359 4872 1476 4929 Non
1523 4876 1576 4927 hi
1616 4878 1931 4949 solum,sed

351 4966 515 5020 etiam
553 4967 642 5019 isti
664 4972 932 5034 quotquot
957 4964 1073 5017 beri
1104 4972 1159 5018 et
1212 4964 1627 5021 nudiustertius
1652 4968 1930 5024 Romano-

353 5072 474 5110 rum
519 5067 573 5110 et
616 5059 793 5111 nostri
838 5072 1016 5126 reges,
1065 5058 1190 5126 quis
1233 5057 1435 5112 odibile
1477 5058 1648 5113 fatum
1699 5063 1930 5117 vitavit?

424 5215 537 5284 (58)
575 5215 688 5269 Cod
700 5257 712 5270 .
753 5214 1114 5269 ἀνύπτοπτον.

422 5286 536 5355 (59)
588 5285 867 5355 Ἀχιλέως.
902 5284 994 5340 Sic
1033 5287 1199 5340 codex
1242 5301 1351 5338 uno
1389 5286 1626 5343 lambda.
1655 5288 1719 5344 V.
1754 5291 1932 5345 Zona-

352 5372 487 5410 rnm.
508 5354 977 5428 Lex.'Gudianum
1001 5367 1055 5411 et
1089 5357 1340 5410 Eustath.
1366 5358 1433 5412 ad
1462 5357 1618 5414 Horn.
1652 5360 1819 5414 Iliad.
1858 5363 1928 5428 Α,

353 5428 529 5487 15.15
550 5429 640 5482 ed.
674 5426 822 5495 Lips.

421 5499 534 5568 (60)
573 5498 694 5551 Bill.
726 5497 886 5568 verba
920 5496 1228 5567 μαχλοσύνῃ
1261 5498 1519 5561 ἑαλωκώς
1599 5499 1931 5567 interpreta-

352 5575 440 5621 tur
481 5566 585 5639 {in
622 5566 883 5621 adullerio
914 5566 1268 5639 deprehensus
1296 5611 1310 5631 ,
1355 5582 1517 5639 atque
1565 5573 1928 5638 Agamemnm

352 5652 477 5711 nem
507 5638 792 5711 intelligit;
831 5638 1445 5711 sedegregiejullitur,
1480 5652 1603 5691 nam
1637 5649 1689 5692 et
1724 5642 1923 5711 μαχλο-

352 5708 510 5778 σύνη,
542 5708 610 5760 de
642 5705 751 5778 quo
794 5709 1060 5763 vocabulo
1103 5705 1155 5759 ἰν.
1193 5705 1414 5769 Suidas.
1447 5716 1658 5759 tantum
1694 5705 1927 5778 pinax-n—

351 5777 564 5829 aiouem
598 5775 671 5831 ad
695 5775 961 5832 Venerem
1010 5778 1278 5844 signiﬁcat
1305 5818 1322 5843 ,
1346 5793 1522 5841 neque
1550 5775 1922 5844 Agamemnon

1726 334 2021 391 NICE’I‘AS
2046 331 2251 389 DAVID

3530 332 3632 397 7‘52

2048 451 2281 522 θανάτῳ.
2306 449 2525 513 Τούτοις
2541 450 2766 503 ἕπονται
2788 451 3020 520 μοιχεῖαι
3044 448 3135 503 καὶ
3159 448 3360 520 μοιχῶν
3376 451 3627 522 θηραταί.

2042 541 2238 604 Παῖδες
2287 540 2529 593 ὖποπτον
2571 540 2700 609 ἄχος
2745 541 2856 602 τοῖς
2887 540 3188 611 πατράσιν*
3230 540 3461 612 καὶγὰρ
3500 542 3632 594 ὕποο

2049 631 2339 685 πτεύουσιν
2375 631 2466 683 ἀεὶ
2492 632 2540 683 oi
2569 630 2821 693 τεκόντες
2849 630 2946 683 καὶ
2972 631 3271 697 ἁγωνιῶσι,
3311 633 3386 702 μή
3427 650 3480 685 τι
3521 635 3630 696 τοῖς

2047 723 2258 787 τέκνοις
2279 722 2604 793 συναντήσοι
2628 722 2883 793 πονηρόν⁸
2918 723 3011 775 καῖ¹
3038 722 3100 775 τὸ
3121 722 3315 784 κάλλος
3345 724 3444 791 μὲν
3474 725 3631 795 φιλη-

2042 812 2161 869 τὸν.
2186 810 2415 864 ἄπιστον
2447 810 2526 863 δέ’
2567 810 2656 864 ἀεὶ
2692 810 2803 879 γὰρ
2836 808 3205 862 ὑποπτεύεται
3236 808 3315 878 τῷ
3346 810 3542 879 ἔχοντιο
3570 812 3633 865 τὸ

2047 897 2240 972 αἶσχος
2278 901 2335 955 δὲ
2399 900 2525 973 [τὸ]
2580 900 2889 954 ἀνύποπτον
2927 898 3044 968 (58)
3094 899 3192 969 μὲν
3236 900 3331 952 καὶ
3386 900 3590 967 ἄφοὸον
3613 940 3630 961 .

2052 990 2280 1062 μισητὸν
2308 990 2367 1044 δέ
2391 1007 2406 1021 ·
2456 991 2553 1044 καὶ
2590 992 2659 1061 τῇ
2687 989 2939 1061 εὐτεκνίᾳ
2974 989 3074 1059 μὲν
3100 989 3379 1059 φροντίδες
3422 990 3509 1042 ἀεὶ
3539 990 3635 1044 καὶ

2044 1082 2394 1155 διαπονήσεις
2431 1085 2545 1147 τοῖς
2578 1081 2821 1147 τοκεῦσι,
2864 1081 2983 1144 πῶς
3016 1080 3084 1134 ἂν
3125 1081 3177 1134 οί
3210 1081 3399 1145 παῖδες
3424 1076 3485 1135 εὖ
3515 1081 3633 1135 δια-

2047 1174 2336 1230 σιώσκοιεν
2362 1191 2378 1207 ’
2424 1175 2566 1246 ἄλγη
2607 1174 2668 1228 δὲ
2696 1174 2793 1228 καὶ
2817 1172 3001 1228 ὀδύναι
3028 1178 3107 1247 τῇ
3135 1174 3427 1246 δυο-τεκνία
3455 1192 3635 1248 παρα-

2045 1264 2386 1319 κολουθοῦσι.
2413 1264 2726 1328 Πλοῦτοςδὲ
2758 1258 2827 1319 αὖ
2857 1264 2953 1318 καὶ
2994 1264 3158 1318 πενία
3204 1264 3386 1319 δισσὸν
3423 1265 3633 1332 πέφυκε

2046 1356 2238 1411 κακόν·
2264 1355 2494 1421 πλοῦτος
2526 1356 2627 1427 μὲν
2659 1355 2817 1426 ὕϐρις
2840 1354 2920 1427 τῷ
2952 1356 3137 1420 κακῶς
3163 1355 3453 1427 χρωμένῳ,
3476 1355 3633 1409 πενία

2049 1447 2230 1516 θλίψις
2265 1448 2361 1501 καὶ⁸
2406 1448 2660 1520 διηνεκὴς
2703 1448 2886 1510 πόνος.
2924 1433 3110 1501 Ταῦτα
3135 1447 3190 1500 δὲ
3219 1448 3313 1500 καὶ
3358 1449 3539 1502 πάντα
3564 1448 3634 1503 τὰ

2047 1539 2367 1613 ἀνθρώπινα
2414 1540 2557 1593 ἔοικε
2583 1580 2599 1604 ,
2643 1540 2779 1610 φησὶ⁵
2803 1579 2818 1601 ,
2868 1543 3074 1611 σφαῖρα
3121 1539 3403 1610 νεωτέρων
3449 1541 3634 1612 χερσὶν

2046 1632 2346 1703 ἀμοιϐαδὸν
2367 1631 2428 1696 ἐξ
2452 1633 2629 1687 ἄλλων
2656 1634 2737 1695 εις
2758 1631 2951 1694 ἄλλους
2971 1631 3515 1702 ἀνταποπεμπομένη
3537 1631 3633 1685 καὶ

2042 1724 2394 1795 μεταπίπτου
2404 1742 2495 1780 σα.

2047 2004 2116 2058 75
2173 2002 2343 2058 Ταῦτ’
2374 1995 2490 2056 οὖν
2528 2000 2817 2067 εισορόων
2847 1999 3040 2070 φρένα
3071 1998 3404 2070 δάπτομαι,
3442 1999 3499 2052 εἷ
3542 2016 3635 2065 τις

2854 2069 2859 2070 ⁷
3258 2069 3289 2191 ὲ
3313 2070 3565 2137 ἄριστον

2044 2143 2116 2197 76
2178 2142 2400 2204 Οἵεται,
2433 2133 2482 2207 ᾧ
2508 2139 2577 2194 τὸ
2603 2141 2794 2194 κακὸν
2820 2139 3034 2195 πλεῖον
3058 2141 3254 2209 ἁρειοτ
3282 2157 3418 2207 ρου.

2117 2234 2307 2289 Ταῦτα
2346 2234 2546 2299 πάντα,
2584 2234 2615 2285 ὁ
2657 2232 2949 2297 θεσπέσιός
2990 2249 3126 2305 φησι
3162 2231 3447 2300 Θεολόγος,
3497 2232 3631 2284 ἀνα-

2045 2327 2268 2399 θεωρῶν
2295 2330 2361 2398 τῇ
2386 2327 2617 2399 διανοίᾳ,
2644 2326 2738 2381 καὶ
2761 2326 2837 2389 ὡς
2857 2324 3040 2394 πολλῷ
3068 2323 3238 2379 πλείω
3253 2323 3322 2378 τὰ
3350 2324 3550 2393 ἀνιαρὰ
3573 2323 3633 2375 ἐν

2043 2416 2351 2491 ἀνθρώποις
2389 2417 2425 2487 ἢ
2452 2417 2521 2469 τὰ
2550 2418 2782 2488 τερπνὰ,
2816 2416 2899 2469 ὃτι
2948 2415 3042 2469 καὶ
3067 2415 3209 2469 αὐτὰ
3235 2415 3305 2468 τὰ
3328 2415 3520 2486 ἥδιστα
3546 2415 3631 2468 δο-

2045 2507 2246 2561 κοῦντα
2280 2506 2441 2560 πλέον
2467 2507 2563 2559 τοῦ
2591 2505 2948 2577 νομιζομένου
2984 2506 3149 2558 καλοῦ
3182 2508 3242 2559 τὸ
3268 2507 3471 2559 λυποῦν
3498 2507 3629 2577 ἔχει,

2045 2599 2139 2651 καὶ
2184 2597 2356 2650 ταῦτα
2392 2597 2606 2668 βλέπων
2643 2599 2943 2667 ἐκτήκομαι
2977 2597 3077 2660 τὰς
3123 2599 3327 2669 φρένας
3369 2601 3463 2651 ἐπὶ
3500 2602 3625 2662 τοὺς

2041 2689 2327 2760 οἰομένους
2356 2688 2557 2758 ἄριστα
2591 2685 2755 2753 εἶναι,
2785 2684 2865 2752 οἷς
2901 2689 3228 2759 ὑπερϐάλλει
3256 2690 3317 2743 τὸ
3341 2692 3509 2744 κακὸν
3536 2693 3628 2747 τοῦ

2043 2781 2254 2852 ἀγαθοῦ
2299 2783 2394 2834 καὶ
2437 2781 2499 2835 τὸ
2546 2781 2792 2852 λυπηρὸν
2844 2779 2935 2833 τοῦ
2990 2782 3248 2851 τερπνοῦ,
3308 2784 3378 2836 Σὺ
3415 2782 3547 2851 οὖν,
3585 2779 3633 2840 ὦ

2044 2872 2222 2937 οὗτος.
2255 2873 2734 2943 διακατελέγχεταί
2766 2890 2847 2926 σοι
2879 2874 2910 2925 ὁ
2941 2873 3265 2944 Γρηγὸριος.
3295 2875 3357 2926 οὐ
3378 2875 3633 2947 δακρύεις

2044 2965 2262 3019 ἀκούων
2301 2960 2390 3019 οἷα
2426 2966 2518 3019 καὶ
2549 2968 2662 3027 τοῖς
2694 2965 2863 3018 πάλαι
2887 2966 3217 3018 συνέπιπτεν
3236 2967 3490 3038 ἀλγηρά;
3526 2970 3633 3024 Καὶ

2045 3054 2157 3126 γὰρ
2173 3055 2274 3108 οὐκ
2300 3051 2441 3120 οἶδα,
2470 3057 2658 3128 φησὶν,
2681 3057 2787 3108 εἴτε
2817 3056 3107 3127 δακρύσεις
3129 3056 3239 3109 εἴτε
3265 3059 3355 3110 καὶ
3382 3059 3633 3126 γελάσεις

2046 3147 2283 3210 ἀκούων,
2323 3147 2360 3201 ἃ
2404 3150 2500 3201 καὶ
2543 3151 2656 3210 τοῖς
2696 3148 2962 3218 πρότερον
3010 3150 3185 3200 ποιεῖν
3218 3149 3418 3219 ἧρεσεν
3466 3151 3635 3221 ἄμφω

2045 3239 2273 3309 ἀνδράσι
2304 3238 2612 3307 φιλοσόφοις
2663 3240 2756 3291 καὶ
2806 3241 3064 3302 συνετοῖς,
3091 3238 3234 3291 ὥστε
3277 3240 3370 3292 τὸν
3410 3242 3513 3311 μὲν
3544 3243 3632 3295 ἀεὶ

2047 3329 2254 3383 κλαίειν
2278 3370 2292 3393 ,
2339 3331 2430 3382 τὸν
2475 3330 2832 3400 Ἠράκλειτον
2857 3370 2873 3388 ,
2919 3331 3007 3383 ἀεὶ
3057 3330 3115 3383 δὲ
3154 3331 3246 3384 τὸν
3287 3334 3629 3403 Δημόκριτον

2046 3422 2231 3491 γελᾷν,
2277 3421 2558 3491 κλαυθμοῦ
2606 3438 2665 3473 τε
2705 3420 2782 3490 τῷ
2830 3421 2944 3474 ὄντι
2996 3422 3089 3475 καὶ
3122 3422 3353 3490 γέλωτος
3396 3423 3521 3489 ἄξια
3557 3424 3627 3477 τὰ

2045 3513 2156 3572 τοῖς
2195 3509 2411 3573 πολλοῖς
2436 3511 2881 3581 περισπούδαστα
2927 3511 3328 3584 λογιζομένους.
3365 3515 3473 3567 Καὶ
3504 3514 3622 3577 πῶς

2045 3599 2154 3671 γὰρ
2193 3600 2293 3653 οὐκ
2361 3600 2489 3666 ἄξια
2540 3602 2755 3673 θρήνων
2801 3603 2898 3656 καὶ
2950 3604 3185 3672 γέλωτος
3244 3603 3481 3675 ἔπασχον
3530 3606 3624 3662 καὶ

2045 3689 2213 3762 ἔδρων
2239 3708 2254 3757 ;
2292 3693 2498 3762 Ἀχαιοὶ
2525 3694 2625 3762 μὲν
2651 3694 2746 3747 καὶ
2773 3694 2962 3766 Τρῶες
2983 3696 3233 3766 αλλήλοις
3253 3698 3623 3769 ὲφορμῶντες,

2044 3782 2136 3836 καὶ
2184 3785 2278 3836 ἐπὶ
2326 3784 2546 3848 πλείους
2591 3784 2816 3856 χρόνους
2851 3787 3057 3841 εἵνεκεν
3104 3789 3309 3859 πόρνης
3355 3791 3485 3860 μιᾶς
3527 3790 3624 3861 τῆς

2054 3876 2272 3947 Ἑλένης
2294 3876 2812 3947 ἀλληλοκτονοῦντες
2831 3891 2847 3907 '
2880 3879 3162 3950 Κουρῆτές
3190 3898 3250 3933 τε
3274 3884 3369 3934 καὶ
3399 3882 3626 3936 Αἰτωλοὶ

2042 3972 2171 4043 περὶ
2199 3972 2409 4043 κεφαλῇ
2440 3972 2534 4025 καὶ
2565 3971 2708 4042 θριξὶ
2738 3972 3002 4043 χοιρείαις
3034 3974 3498 4046 εκμεμαχωμὲνοι
3530 3981 3622 4031 καὶ⁵

2043 4063 2134 4116 ὑπ’
2161 4063 2406 4134 ἀλλήλων
2450 4063 2866 4136 ἀναιρούμενοι·
2912 4064 3055 4136 μέγα
3085 4066 3141 4119 δὲ
3190 4066 3352 4131 κῦδος
3387 4068 3495 4121 τῶν
3533 4072 3623 4122 Λί-

2038 4154 2263 4219 ακιδῶν,
2287 4154 2514 4219 Αἴαντός
2548 4173 2688 4226 φημι
2710 4157 2807 4209 καὶ
2841 4157 3095 4227 ’Λχιλέως
3130 4160 3263 4228 (59),
3294 4160 3429 4213 ἀλλὰ
3457 4163 3547 4214 καὶ
3572 4164 3623 4214 oi

2041 4246 2358 4317 περιὸόητοι
2397 4242 2558 4312 οὗτοι,
2580 4249 2609 4300 ὁ
2632 4249 2732 4318 μὲν
2759 4251 2817 4301 ὲν
2850 4252 3000 4322 μέσῳ
3043 4252 3163 4305 ’τῶν
3190 4254 3473 4325 δυσμενῶν
3500 4273 3623 4325 μαι-

2043 4333 2244 4404 νομένῃ
2285 4336 2350 4405 τῇ
2395 4334 2563 4387 αὑτοῦ
2592 4337 2851 4409 ἀνῃρεῖτο
2878 4341 3039 4410 χειρὶ,
3070 4344 3100 4394 ὁ
3122 4341 3179 4394 δὲ
3204 4343 3514 4416 μαχλοσύνῃ
3546 4345 3623 4398 δι-

2039 4421 2251 4493 εφθάρη
2277 4421 2534 4487 ἑαλωκώς
2560 4425 2694 4495 (60).
2740 4427 2801 4479 Τί
2822 4428 2877 4481 δὲ
2903 4432 2933 4481 ὸ
2957 4430 3269 4503 περίφημος
3299 4433 3392 4485 τοῦ
3431 4418 3623 4504 Ἄμφι-

2038 4513 2279 4585 τρύωνος
2322 4517 2471 4578 παῖς,
2514 4517 2789 4590 Ἡρακλῆς
2836 4521 2865 4572 ὁ
2898 4524 3255 4594 παντολέτης,
3297 4527 3390 4578 καὶ
3441 4526 3622 4598 θηρῶν

2038 4606 2133 4660 καὶ
2171 4608 2476 4680 ἀνθρώπων
2523 4614 2984 4683 κατευμεγεθῶν;
3039 4617 3272 4681 Καὺτὸς,
3318 4617 3395 4682 ὥς
3433 4636 3614 4688 φασιν,

2041 4700 2255 4768 ἱμάτιον
2292 4704 2827 4773 πεφαρμακευμένον
2860 4707 3320 4778 περιϐαλλόμενος
3376 4711 3435 4761 ἐν
3470 4710 3622 4780 αὐτῷ

2038 4790 2317 4862 ὲδαμάσθη
2354 4793 2721 4863 καταφλεγείς
2744 4813 2757 4825 ⁸
2789 4797 2841 4848 τί
2868 4796 2957 4850 δαὶ
2986 4800 3033 4850 οί
3067 4798 3239 4870 Κῦροι
3266 4799 3360 4852 καὶ
3377 4798 3613 4871 Κροῖσοι.

2036 4883 2289 4947 ἄνακτες,
2320 4887 2485 4956 φημὶ,
2521 4886 2746 4957 Περσῶν
2776 4889 2873 4941 καὶ
2907 4890 3126 4957 Λυδῶνς
3179 4892 3238 4944 οὐ
3270 4892 3375 4961 μὴν
3409 4891 3544 4948 ἀλλὰ
3565 4891 3622 4941 δὲ

2037 4978 2130 5030 καὶ
2179 4978 2333 5030 αὐτοὶ
2376 4980 2491 5030 ὅσοι
2531 4979 2704 5048 χθιζοί
2733 4997 2793 5033 τε
2824 4982 2922 5035 καὶ
2963 4981 3191 5052 πρὼῖζοι
3246 4984 3534 5054 Ῥωμαίων
3561 5000 3617 5038 τε

2035 5071 2131 5123 καὶ
2181 5069 2339 5141 ἡμῶν
2382 5070 2658 5140 βασιλεῖς,
2697 5072 2781 5136 τίς
2827 5073 2918 5125 τὸν
2963 5076 3230 5146 στυγητὺν
3281 5075 3618 5147 ὑπεξέφυγεν

2033 5231 2140 5306 dici
2173 5240 2350 5300 potest
2383 5232 2437 5306 in
2464 5230 2735 5306 adulterio
2765 5233 3164 5302 deprehensus.
3200 5253 3379 5306 neque
3410 5237 3616 5303 Grego-

2035 5304 2151 5354 rius
2198 5303 2460 5357 memoria
2506 5304 2693 5370 Iapsus
2741 5310 2846 5361 est.
2882 5314 2939 5358 ut
2974 5306 3049 5358 ait
3085 5303 3302 5362 Bnllius.‘
3331 5311 3424 5361 sed
3470 5311 3614 5361 illam

2033 5371 2268 5448 fabulam
2319 5372 2688 5448 sequitur_de
2742 5383 2918 5448 morte
2972 5375 3229 5448 Achillis,
3283 5393 3449 5447 quam
3501 5380 3617 5448 ipse

2032 5441 2226 5493 Billius
2255 5456 2415 5495 nosse
2444 5442 2674 5495 debebat
2706 5455 2772 5493 ex
2805 5442 2981 5497 Νοιιηὶ
3015 5448 3267 5500 monachi
3294 5441 3615 5503 eollectione

2036 5522 2091 5565 et
2117 5512 2463 5581 expositione
2496 5512 2844 5564 historiarum
2867 5552 2881 5575 ,
2917 5528 3150 5581 quarum
3200 5518 3449 5573 meminit
3484 5517 3614 5569 Gre-

2034 5581 2220 5648 gorius
2268 5582 2321 5633 in
2350 5581 2532 5648 priore
2565 5581 2833 5634 invectiva
2872 5585 3138 5638 adversus
3166 5584 3440 5641 Iulianum
3469 5590 3508 5640 A

2032 5657 2263 5713 statam;
2289 5665 2338 5700 ν.
2366 5650 2498 5703 ωιίι.
2527 5649 2797 5706 Leuveuc.
2817 5666 2875 5719 ι).
2902 5653 3028 5707 807.
3062 5654 3178 5711 Cfr.
3210 5658 3278 5712 dc
3299 5657 3399 5711 hac
3430 5649 3612 5712 l'ab'ula

2028 5721 2193 5774 etiam
2228 5722 2450 5774 Servius
2474 5721 2540 5773 ad
2575 5719 2721 5788 Virg.
2757 5721 2887 5776 Δία.
2920 5739 2995 5789 VI,
3026 5723 3117 5779 57.
