4082 6390
448 397 563 453 753

465 492 662 584 965w;
689 512 847 567 Ἀλλὰ
863 509 958 565 καί
974 509 1054 578 σὲ,
1086 512 1272 584 φησιν,
1297 505 1346 566 ὦ
1382 512 1717 584 Ἀλέξανδρε,
1744 514 2035 585 δράκοντος

458 604 517 668 ὃς
547 601 852 673 κομπάζεις
882 603 994 667 υίὸς
1039 600 1202 668 εἷναι,
1233 605 1310 675 τῷ
1348 606 1720 675 ἀκατάσχετος
1761 602 1900 660 εἶναι
1939 605 2038 675 τὴν

455 692 632 763 ἀλκὴν
660 694 755 746 καὶ
778 694 1168 760 ἀνυπόστατος,
1195 697 1290 750 καὶ
1316 696 1376 749 σὲ
1404 697 1544 767 μετά
1565 699 1625 750 τὸ
1652 698 1832 751 πᾶσαν
1853 698 2036 768 σχεδὸν

453 786 552 854 τὴν
585 786 686 856 γῆν
713 785 981 850 ἐπελθεῖν,
1021 783 1164 851 οἶνος
1190 787 1446 859 ἀμέτρως
1472 790 1798 856 ἑναπέπνιξε
1821 790 2033 854 ποθείς.

456 874 500 928 Τ
507 874 523 927 ί
551 875 608 929 δὲ
637 876 797 930 πλέον
814 878 877 930 έν
899 879 1113 948 νεκροῖς
1143 877 1453 948 βασιλεῦσιν
1469 879 1502 950 ἢ
1519 879 1746 950 πένησι;
1780 880 1879 951 μία
1903 882 2037 934 πᾶσι

458 965 609 1028 κόνις
627 1005 643 1030 ,
692 966 804 1031 ἴσος
834 967 969 1019 πᾶσι
998 967 1093 1019 καὶ
1120 968 1303 1038 ὅμοιος
1327 969 1357 1021 6
1388 968 1658 1033 σκελετὸς,
1682 972 1818 1024 ὀστᾶ
1856 969 2040 1040 γυμνά

459 1057 623 1126 μόνον
656 1056 809 1128 αύτῷ
830 1075 892 1112 τε
915 1057 993 1129 τῷ
1012 1058 1156 1129 ἥρωϊ
1179 1060 1421 1131 Ἀτρείδη
1449 1061 1544 1114 καὶ
1576 1063 1706 1132 Ἴρῳ
1731 1061 1812 1133 τῷ
1842 1062 2038 1133 ἀλητοο

458 1148 605 1220 66qu
656 1150 750 1203 καὶ
794 1150 1081 1221 ἐπαιτήσει
1136 1151 1305 1221 ἄρτου
1361 1151 1636 1216 διαζῶντι.
1716 1150 1884 1217 Αὐτός
1955 1171 2036 1218 τε,

459 1240 647 1311 φησὶν,
688 1241 716 1292 ό
758 1239 935 1310 μέγας
970 1243 1381 1300 Κωνσταντίνος
1418 1244 1512 1297 καὶ
1540 1243 1794 1315 θεράπων
1823 1246 2040 1313 οἰκέτης

459 1330 616 1400 ἐμὸς,
642 1331 789 1393 ὅστις
808 1347 869 1383 τε
896 1331 1119 1396 ἄνολϐος
1145 1332 1238 1386 καὶ
1265 1333 1412 1396 ὅστις
1441 1333 1735 1397 πολύολσος
1764 1335 1857 1388 καὶ
1877 1333 2041 1406 βαρυ-

461 1425 710 1494 κτήμων,
760 1423 912 1477 οὐδὲν
962 1423 1091 1478 ἄλλο
1140 1422 1397 1489 θανόντες
1438 1425 1621 1497 έχουσι
1663 1426 1824 1481 πλέον
1866 1427 1902 1497 ἢ
1949 1427 2042 1481 τὸν

457 1530 651 1583 τάφον.

458 1605 526 1661 97
567 1604 679 1660 Καὶ
707 1605 780 1659 τὰ
806 1603 927 1674 μὲν
953 1604 1172 1661 ἐνθάδε
1188 1605 1341 1674 τοῖα,
1385 1607 1456 1662 τὰ
1486 1608 1540 1662 δ’
1567 1609 1784 1665 ἄλλοθι
1812 1609 1905 1676 τίς
1937 1627 2044 1664 κεν

1448 1677 1727 1750 [ἐνίσποι.
1752 1697 1805 1733 κ.
1833 1697 1884 1732 τ.
1915 1678 1969 1732 λ.

534 1767 673 1819 Ὅσα
724 1765 822 1835 μὲν
871 1767 972 1838 τῆς
1017 1767 1076 1821 ὲν
1128 1768 1319 1840 κόσμῳ
1376 1769 1524 1839 ζωῆς
1585 1769 1726 1840 μετὰ
1791 1769 2041 1841 σώματος

462 1856 700 1929 ὀδυνηρά
734 1858 828 1912 καὶ
852 1859 1083 1930 τερπνά,
1113 1860 1357 1928 τοιαῦτα,
1388 1860 1692 1934 ὁλοσχερῶς
1720 1863 1915 1923 εἰπεῖν,
1949 1865 2045 1916 καὶ

465 1947 639 2012 οὓτως
664 1947 851 2019 ἔχοντα
873 1968 886 1983 ο
934 1950 1015 2015 τίς
1040 1950 1085 2004 δ’
1117 1951 1185 2005 ἂν
1214 1952 1534 2023 ἐκλαλῆσαι,
1568 1954 1721 2024 φησὶ,
1758 1954 1829 2007 τὰ
1854 1954 2045 2008 meo:

468 2040 581 2102 τοῖς
604 2038 806 2103 ἀδίκοις
826 2041 1210 2112 ἀπειλούμενα,
1233 2043 1269 2096 δι
1289 2045 1322 2114 ἡ
1342 2043 1545 2115 ἐσχάτη
1570 2044 1750 2115 ἡμέρα
1771 2045 2046 2098 ἀποκαλυ-

468 2131 706 2202 πτομένη
752 2130 1045 2199 ἐπιδείξεις
1090 2134 1206 2205 Πῦρ
1254 2134 1365 2207 γάρ
1408 2122 1525 2187 ἐκεῖ
1574 2136 1835 2207 βρόμεον,
1876 2136 2042 2207 ἤγουν

463 2222 714 2294 φοϐερὸν,
746 2225 840 2278 καὶ
867 2224 1062 2292 γέεννα
1087 2225 1375 2296 ἡπείληται
1409 2226 1505 2280 καὶ
1551 2227 1740 2289 σκότος
1777 2225 2042 2300 ἐξώτερον

460 2317 576 2376 τοῖς
606 2314 1041 2385 μακρυνομένοις
1068 2317 1163 2369 καὶ
1197 2317 1388 2388 πόρῤω
1411 2317 1671 2371 πίπτουσι
1700 2317 1796 2371 τοῦ
1823 2319 2001 2387 φωτός
2023 2336 2039 2351 ο

463 2406 581 2457 ἐκεῖ
625 2406 722 2458 καὶ
764 2404 979 2477 σκώληξ
1024 2407 1343 2479 άκοίμητος,
1370 2408 1468 2479 τῆς
1519 2408 1795 2480 ἡμετέρας
1842 2410 2042 2474 κακίας

462 2495 769 2566 ὑπόμνησις
816 2498 910 2554 καὶ
962 2498 1057 2551 τοῦ
1115 2499 1414 2563 συνειδότος
1462 2502 1497 2570 ἡ
1543 2499 1693 2567 νύξις
1728 2502 1823 2556 καὶ
1873 2501 2045 2556 κατά-

462 2603 686 2652 γνωσις,

463 2677 674 2743 Λώϊον,
703 2681 754 2732 εί
777 2679 1027 2744 βιότοιο,
1056 2695 1111 2735 κ.
1136 2697 1185 2732 τ.
1216 2679 1298 2744 ἐξ.

533 2770 753 2824 Βέλτιον
801 2765 871 2845 ἦν
921 2788 1003 2824 σοι
1056 2773 1150 2825 καὶ
1199 2771 1513 2826 λυσιτελοῦν
1567 2771 1801 2843 μᾶλλον,
1851 2766 1897 2826 ὦ
1945 2775 2044 2844 τῆς

464 2861 739 2927 κολάσεως
788 2863 1005 2933 ἐκείνης
1036 2864 1280 2930 ὑπόδικε,
1320 2865 1370 2919 εί
1413 2865 1488 2938 μὴ
1528 2865 1627 2928 τὰς
1676 2866 1755 2929 είς
1792 2866 1885 2920 τὸν
1932 2866 2044 2937 βίον

465 2954 737 3025 φερούσας
775 2955 1048 3028 ὲπέρασας
1076 2956 1246 3022 ὁδούς.
1281 2957 1464 3013 Καλόν
1496 2974 1579 3010 σοι
1614 2956 1689 3029 μὴ
1717 2957 2046 3029 γεννηθῆναι

466 3047 565 3116 τὴν
598 3047 772 3118 ἀρχὴν
820 3047 852 3118 ἢ
905 3048 1218 3118 γεννηθέντι
1270 3050 1364 3103 καὶ
1416 3049 1753 3122 πεπερακότι
1801 3050 1893 3104 τὸν
1933 3051 2044 3121 βίον

468 3136 669 3205 ὁμοίως
716 3137 909 3208 θηρσὶν
943 3138 976 3209 ἦ
1007 3142 1228 3210 κτήνεσι
1255 3139 1484 3210 λυθῆναι
1521 3140 1618 3192 καὶ
1654 3139 1855 3202 θανεῖν,
1889 3140 1922 3210 ἥ
1960 3141 2047 3193 ἵνα

474 3227 578 3279 κάν
604 3226 680 3297 τῷ
715 3227 814 3298 βίῳ
844 3229 979 3300 τῷδε
1020 3230 1295 3296 τοσούτοις
1341 3232 1530 3293 κακοῖς
1574 3228 1896 3301 ταλαιπωρῇ
1950 3231 2047 3283 καὶ

473 3317 698 3390 ὕστερον
732 3320 890 3375 πάλιν
916 3321 1096 3393 πο)λῷ
1121 3322 1232 3379 τῶν
1260 3321 1492 3377 ἐνταῦθα
1514 3322 1733 3393 χείρονα
1754 3321 2046 3395 προσδέχῃ,

470 3411 596 3464 καθ’
622 3412 745 3465 ὅσον
770 3412 839 3465 τὰ
870 3414 968 3484 μὲν
993 3413 1149 3477 τέλος
1176 3413 1321 3485 ἔχειν
1354 3413 1739 3485 προσδοκᾶται,
1763 3414 1832 3468 τά
1859 3414 1904 3467 δ’
1928 3414 2049 3467 ἀτε-

469 3499 725 3572 λεύτητον
749 3503 975 3571 ἐπάγειν
996 3507 1107 3568 τοῖς
1134 3504 1516 3575 κολαζομένοις
1542 3507 1755 3577 ποινήν.
1790 3503 1901 3559 Ποῦ
1935 3522 2047 3576 μοι,

469 3591 632 3645 πάλιν
671 3593 836 3662 φησὶν
865 3594 894 3646 ό
923 3594 1236 3664 θεόληπτος,
1269 3597 1303 3666 ή
1345 3595 1556 3667 μεγάλη
1590 3596 1684 3650 τοῦ
1722 3595 2050 3667 πρωτοπλά-

472 3701 597 3737 στου
625 3684 774 3749 δόξα,
812 3686 895 3738 ὅτι
926 3688 1069 3758 χειρὶ
1097 3687 1232 3740 Θεοῦ
1258 3689 1351 3743 καὶ
1381 3687 1524 3741 κατά
1551 3690 1649 3759 τὴν
1675 3687 1841 3742 αὐτοῦ
1867 3686 2051 3742 είκόνα

472 3777 566 3828 καὶ
594 3775 853 3845 ὁμοίωσιν
903 3776 1169 3847 ἐπλάσθη,
1206 3778 1299 3831 καὶ
1345 3777 1484 3848 αῦτη
1528 3779 1625 3847 μιᾷ.
1665 3776 1851 3845 γεύσει
1893 3776 2051 3842 ξύλου

471 3866 820 3938 άπειρημένη
849 3867 1157 3934 άπολώλει;
1195 3868 1298 3922 ποῦ
1329 3868 1386 3922 δὲ
1414 3868 1509 3922 τοῦ
1540 3867 1796 3938 Σαλομὼν
1826 3868 1860 3938 ἡ
1890 3867 2052 3937 σοφία

438 3982 439 3985 η
473 3958 567 4009 καὶ
594 3956 654 4009 τὸ
680 3956 841 4020 κῦδος
866 3957 967 4028 τῆς
995 3959 1343 4029 φρονήσεως;
1385 3959 1719 4029 δεδάμασται
1748 3957 1805 4011 δὲ
1829 3958 1924 4011 καὶ
1956 3950 2049 4011 οὗ·

471 4065 564 4113 τος
599 4050 696 4103 καὶ
748 4050 1018 4121 ἠτίμωται
1051 4049 1318 4119 γυναιξίν.
1369 4049 1481 4106 Ποῦ
1527 4050 1582 4103 δὲ
1647 4049 1844 4112 Ἰούδας
1886 4050 1915 4103 ὁ
1960 4048 2052 4103 τὸν

472 4139 877 4212 δωδεκάριθμόν
904 4141 1015 4212 (61)
1050 4159 1178 4195 ποτε
1217 4141 1329 4195 τῶν
1366 4140 1681 4195 ἀποστόλων
1725 4140 1884 4212 χορὸν
1912 4158 2051 4211 συμ-

476 4230 733 4304 πληρῶν;
791 4232 926 4287 ἀλλά
974 4235 1068 4286 καὶ
1127 4234 1289 4298 αὐτὸς
1344 4233 1574 4304 βραχέος
1616 4232 1773 4286 ἕκατι
1828 4232 2053 4304 κέρδους

474 4322 691 4377 αἰώνιον
731 4324 920 4377 σκότον
953 4323 1344 4395 ἀντηλλάξατο.

481 4410 581 4466 109
615 4413 832 4482 Χριστὲ
856 4413 1032 4478 ἅναξ,
1067 4431 1121 4467 κ.
1153 4431 1205 4468 τ.
1229 4415 1278 4471 ὲ.

563 4505 765 4575 Δέομαί
806 4522 920 4568 σου,
973 4507 1137 4577 φησιν
1191 4508 1220 4560 6
1276 4506 1664 4569 θεόπνευστος,
1714 4499 1760 4559 ὦ
1818 4505 2053 4576 μακάριε

476 4597 677 4668 Χριστὲ
722 4597 815 4650 καὶ
855 4598 1235 4669 παμϐασιλεῦ,
1282 4600 1482 4653 αὐτίκα
1516 4598 1613 4653 νῦν
1659 4600 1974 4667 ἀναστήσας
2021 4596 2055 4665 ἢ

483 4689 828 4759 μεταστήσας
853 4706 921 4759 με
949 4689 1059 4743 τῶν
1084 4689 1179 4743 τοῦ
1206 4690 1320 4761 βίου
1344 4690 1661 4762 συμφορῶν,
1681 4688 1758 4760 τῷ
1786 4688 1864 4759 σῷ
1884 4686 2057 4756 δούλῳ

481 4777 579 4848 την
616 4780 754 4855 ἴασιν
793 4781 1080 4853 παράσχου
1102 4798 1115 4811 ⁸
1165 4784 1256 4836 καὶ
1281 4783 1390 4854 γάρ
1414 4782 1574 4836 τοῦτο
1600 4782 1761 4851 μόνον
1795 4780 1959 4833 καλὸν
1982 4778 2061 4848 τῷ

480 4870 596 4924 ὄντι
616 4872 709 4924 καὶ
729 4871 946 4941 βέϐαιον
974 4873 1281 4944 ἀνθρώποις
1306 4876 1540 4945 ὑπάρχει
1565 4871 1716 4944 παρὰ
1746 4871 1862 4937 σοῦ,
1886 4874 1941 4926 αἱ
1961 4874 2059 4941 τῆς

433 4981 450 4988 ί
477 4961 734 5032 οὐρανίας
766 4963 980 5027 ἐλπίδες
1024 4963 1322 5033 βασιλείας,
1353 4967 1412 5017 ὲν
1456 4957 1545 5027 αἷς
1584 4962 1730 5033 κάμὲ
1767 4960 1965 5034 μικρόν
1996 4975 2060 5012 τε

476 5052 816 5109 ἀναπνέοντα
855 5055 1040 5124 ζῆσον,
1089 5056 1151 5109 τὸ
1180 5055 1531 5126 ἐλπιζόμενον
1575 5053 1890 5127 παρασχὼν.
1938 5048 2060 5105 Τῶν

477 5143 654 5199 ἄλλων
677 5146 735 5199 δὲ
762 5146 857 5201 τοῦ
900 5146 1016 5217 βίου
1060 5147 1325 5201 ποθεινῶν
1351 5149 1446 5201 καὶ
1473 5146 1740 5219 ἐραστῶν,
1782 5137 1858 5199 ὧν
1894 5143 2062 5207 πολὺς

479 5238 508 5290 6
536 5237 714 5308 κόρος,
742 5239 911 5310 πολλὴ
934 5242 968 5312 ἡ
993 5239 1299 5311 πλημμύρα
1328 5229 1482 5309 acati)
1511 5236 1818 5308 πλησμονὴ,
1848 5236 1948 5290 ὅσα
1969 5234 2062 5288 ἐπὶ

480 5327 584 5399 γῆς
622 5329 680 5380 ὲν
737 5328 1050 5402 ἀνθρώποις
1118 5327 1471 5402 περισύρεται
1524 5326 1619 5380 καὶ
1675 5324 1923 5379 ποθεῖται
1969 5323 2063 5377 καὶ

482 5419 723 5490 ζητεῖται
749 5418 938 5474 ἄλλοτε
960 5422 1039 5483 εἰς
1058 5420 1250 5484 ἄλλους
1277 5416 1756 5491 μεταριπτούμενα
1782 5415 1877 5469 καὶ
1899 5429 2063 5485 μετα-

484 5510 772 5573 πίπτοντα,
809 5511 988 5565 πάντα
1027 5513 1347 5567 καταλιπεῖν
1390 5511 1578 5574 ἐθέλω,
1614 5508 1792 5561 πάντα
1831 5508 2063 5578 ἀφήσειν

485 5600 734 5674 εὔχομαι,
767 5598 880 5657 οἷον
907 5603 1004 5674 τὴν
1046 5604 1386 5675 καλουμένην
1417 5602 1510 5655 ἐπὶ
1538 5601 1644 5671 γῆς
1675 5597 1935 5669 πατρίδα,
1967 5598 2063 5652 καὶ

484 5694 651 5767 αὑτὴν
676 5697 776 5770 τὴν
803 5696 1103 5766 ἀλλοδαπὴν
1115 5699 1206 5751 καί
1221 5696 1395 5765 ξένην,
1420 5695 1544 5759 τούς
1564 5711 1624 5748 τε
1654 5693 2062 5765 περιμαχήτους

1479 397 1544 452 ΙΝ
1577 397 1891 454 CARMINA
1927 399 2207 456 ARCAN‘A
2248 401 2305 454 S.
2338 398 2690 456 GREGOBII.

3607 408 3712 464 123i

2143 513 2248 570 Sed
2274 515 2440 570 etiam
2469 525 2542 582 te,
2564 516 2663 580 ait,
2690 530 2726 568 ο
2745 513 3074 580 Alexander,
3101 515 3194 584 qui
3219 523 3272 570 te
3293 516 3557 573 cﬂct'ebas
3584 520 3711 574 dra—

2140 609 2296 664 conis
2321 607 2678 677 ﬁlium,quasi
2718 607 2960 663 invictus
2996 617 3048 661 et
3097 607 3448 663 indomabilis
3496 610 3711 666 (ortitu-

2142 698 2269 755 dine
2290 699 2572 755 habendus
2594 716 2776 763 esses;
2827 707 2881 755 te
2921 716 3144 768 quoque
3186 715 3324 769 pene
3364 703 3513 754 oirtni
3557 719 3713 770 pera-

2138 800 2288 860 grata
2311 799 2483 866 terra.
2500 790 2689 844 vinum
2719 791 3149 845 immoderanter
3164 790 3408 846 domavit
3435 796 3709 860 potatum!

2141 881 2207 937 Et
2246 882 2377 952 quid
2416 882 2653 950 amplius
2699 890 2786 937 est
2819 881 3053 936 mortuis
3091 881 3311 951 regibus
3362 896 3527 949 quant
3580 898 3717 952 pan-

2148 973 2420 1042 peribus?
2467 972 2587 1028 Una
2619 971 2877 1028 omnibus
2904 972 3105 1041 pulvis,
3146 971 3327 1027 simile
3370 971 3629 1028 omnibus
3663 982 3719 1027 et

2140 1065 2351 1135 aequale
2372 1064 2630 1128 cadaver,
2656 1078 2783 1118 ossa
2807 1062 2955 1118 nuda
2979 1068 3189 1124 tantum
3219 1061 3405 1118 herois
3429 1062 3636 1118 Atrida:
3665 1073 3720 1118 et

2142 1157 2210 1210 Iri
2233 1156 2378 1211 victu
2408 1156 2637 1226 parciet
2692 1154 3007 1211 mendicato
3062 1153 3300 1208 viventis
3359 1168 3521 1222 pane.
3572 1153 3716 1224 Ipse,

2140 1247 2340 1317 inquit,
2371 1247 2597 1315 Magnus
2625 1246 3028 1301 Constantinus
3056 1254 3114 1300 et
3143 1244 3239 1314 qui
3264 1243 3398 1299 mihi
3439 1246 3719 1301 ministrat

2141 1352 2356 1402 servus,
2385 1345 2440 1390 et
2463 1336 2781 1405 quicunque
2807 1350 3017 1404 egenus
3040 1336 3160 1391 sive
3187 1337 3481 1407 opulentus
3506 1346 3565 1391 et
3602 1352 3720 1391 ma-

2139 1436 2275 1491 gnas
2297 1421 2682 1489 possessiones
2729 1421 2963 1487 habens,
3007 1438 3199 1478 omnes
3240 1425 3540 1483 morientes
3580 1425 3719 1481 nihil

2143 1511 2313 1576 aliud,
2345 1511 2483 1567 nihil
2507 1512 2749 1582 amplius
2774 1511 2980 1567 habent
3000 1513 3108 1570 nisi
3131 1515 3466 1583 sepulcrum.

2143 1600 2211 1656 97
2235 1599 2306 1655 Et
2333 1601 2542 1671 quidem
2556 1616 2659 1656 δἐι
2701 1601 2758 1655 in
2795 1600 2896 1659 hac
2932 1602 3041 1657 vita
3075 1602 3243 1667 tales;
3287 1603 3468 1672 quales
3506 1618 3626 1655 vero
3665 1608 3719 1656 in

3055 1672 3249 1741 [altera
3276 1674 3392 1742 quis
3419 1673 3654 1726 dixerit?

2218 1782 2393 1852 Quam
2416 1784 2588 1839 multa
2624 1782 2847 1853 quidem
2873 1783 2928 1839 in
2953 1783 3060 1840 hoc
3086 1785 3293 1840 mundo
3315 1784 3447 1839 dum
3495 1784 3551 1838 in
3594 1798 3720 1838 cor-

2151 1891 2286 1946 pore
2319 1874 2553 1930 vivimus
2581 1875 2842 1937 dolorosa
2863 1882 2995 1930 sunt
3029 1883 3084 1931 et
3131 1890 3369 1939 amoena,
3402 1885 3510 1931 tam
3554 1873 3723 1927 multa

2151 1966 2401 2021 absolute
2423 1965 2570 2021 dicta
2595 1975 2727 2025 sunt
2756 1966 2838 2020 sic
2866 1981 2928 2021 se
2952 1965 3210 2023 habentia
3244 1965 3401 2036 :qnis
3441 1980 3589 2029 vero,
3637 1965 3722 2018 in-

2147 2056 2288 2125 quit,
2339 2057 2590 2112 narrabit
2628 2073 2752 2127 qua:
2789 2056 3013 2124 injustis
3059 2056 3115 2109 in
3166 2057 3339 2111 altero
3385 2054 3720 2124 impendent,

2147 2164 2270 2219 qua:
2302 2150 2494 2204 ultima
2519 2149 2639 2207 dies
2668 2149 2931 2205 revelabit
2950 2149 2975 2202 ἲ
2994 2146 3130 2202 Nam
3181 2147 3253 2203 ibi
3278 2146 3425 2218 ignis
3446 2146 3721 2202 devorans

2147 2239 2409 2295 terribilis
2432 2240 2802 2305 vehementer,
2846 2247 2903 2295 et
2938 2238 3185 2309 geheuna
3231 2237 3508 2307 impendet
3546 2245 3603 2292 et
3642 2244 3723 2292 te-

2148 2335 2335 2387 nebrat
2363 2332 2668 2387 exteriores
2697 2347 2799 2401 pro
2825 2331 2914 2386 his
2947 2330 3040 2401 qui
3061 2330 3386 2400 elongantur
3403 2335 3458 2383 et
3506 2329 3666 2399 longe
3690 2344 3723 2382 a

2148 2421 2355 2477 lumine
2377 2422 2615 2489 cadunt;
2649 2422 2725 2477 ibi
2755 2432 2808 2478 et
2836 2422 2933 2492 qui
2961 2437 3068 2476 non
3101 2420 3306 2475 dormit
3339 2420 3566 2481 vermis,
3598 2433 3723 2474 nos-

2148 2523 2247 2569 tra:
2272 2514 2495 2569 malitiae
2545 2514 2855 2570 recordatio
2895 2520 2950 2570 et
2985 2512 3340 2572 conscientia:
3385 2510 3615 2581 aculeus
3668 2519 3722 2567 et

2148 2619 2422 2659 accusans
2443 2620 2682 2661 morsus.
2722 2614 2731 2621 ’

2146 2693 2345 2751 Helius
2374 2706 2487 2750 erat
2510 2696 2557 2748 si
2583 2696 2724 2760 vitm,
2759 2706 2866 2751 etc.

2221 2786 2416 2842 Melius
2440 2785 2631 2844 fuisset
2661 2787 2757 2842 tibi
2790 2795 2846 2843 et
2878 2788 3057 2858 magni
3101 2786 3492 2857 expedivisset,
3544 2799 3580 2839 ο
3628 2783 3725 2853 qui

2151 2873 2255 2929 hac
2282 2874 2760 2931 animadversione
2788 2875 2987 2949 dignus
3015 2890 3098 2942 es,
3134 2875 3181 2929 si
3213 2877 3331 2929 vias
3362 2890 3483 2945 qua:
3524 2874 3594 2928 ad
3637 2872 3720 2927 vi-

2108 2972 2259 3027 ‘tam
2288 2967 2500 3021 ducunt
2547 2982 2657 3022 non
2710 2965 2997 3037 ingressus
3047 2982 3222 3022 esses.
3276 2966 3486 3022 Bonum
3536 2964 3632 3020 tibi
3673 2964 3722 3020 si

2143 3058 2307 3104 natus
2359 3064 2469 3103 non
2511 3045 2713 3102 fuisses
2762 3047 2817 3099 in
2855 3045 3035 3111 initio,
3091 3055 3187 3099 aut
3225 3055 3411 3111 natum
3461 3053 3517 3098 et
3557 3045 3723 3098 vitam

2139 3139 2448 3211 ingressum
2482 3138 2627 3193 sicut
2675 3136 2888 3191 belluas
2941 3147 2997 3191 et
3036 3136 3287 3205 jumenta
3336 3137 3474 3189 mori
3520 3144 3576 3190 et
3622 3150 3725 3205 pu-

2138 3245 2397 3301 trescere,
2437 3247 2603 3303 quam
2647 3240 2707 3288 ut
2744 3230 2851 3287 hoc
2893 3230 2951 3285 in
2991 3247 3108 3285 aevo
3149 3240 3227 3286 tot
3254 3240 3308 3286 et
3343 3230 3509 3299 tantis
3564 3231 3724 3286 malis

2136 3325 2498 3396 opprimaris,
2539 3334 2595 3381 et
2644 3322 2948 3379 novissime
3001 3323 3178 3378 multo
3213 3322 3494 3394 peioribus
3543 3323 3724 3378 adhuc

2135 3419 2405 3489 patiendis
2432 3417 2735 3489 subjaceas,
2768 3416 2952 3488 quoad
2983 3417 3146 3471 tinem
3174 3415 3291 3471 haec
3327 3415 3581 3471 habitura
3603 3428 3726 3484 spe-

2139 3519 2351 3578 rantur,
2398 3510 2489 3567 illa
2521 3527 2650 3568 vero
2696 3526 2917 3581 poenam
2971 3507 3248 3566 damnatis
3294 3517 3554 3563 attentam
3597 3515 3727 3562 sunt

2137 3601 2461 3656 adductura.
2520 3600 2642 3666 Quo
2699 3600 2875 3667 mihi,
2936 3599 3116 3669 inquit
3159 3599 3378 3655 divinus
3436 3597 3726 3665 interpres,

2151 3699 2349 3756 magna
2382 3685 2544 3755 primi
2575 3684 2817 3757 parentis
2854 3683 3051 3755 gloria,
3095 3683 3191 3754 qui
3234 3697 3402 3738 manu
3427 3680 3525 3736 Dei
3562 3688 3617 3734 et
3658 3678 3726 3732 ad

2150 3791 2271 3845 ejus
2323 3774 2617 3845 imaginem
2665 3780 2720 3829 et
2762 3772 3178 3829 similitudinem
3245 3772 3545 3841 plasmatus
3601 3775 3726 3833 est,

2153 3878 2276 3933 qua:
2308 3862 2480 3932 gloria
2514 3862 2680 3916 unica
2710 3876 2742 3915 e
2768 3861 2917 3931 ligno
2957 3860 3271 3931 gustatione
3322 3866 3580 3928 corrupta
3633 3874 3728 3927 pe-

2152 3953 2290 4009 riit?
2318 3953 2438 4018 Quo
2469 3952 2779 4007 Salomonis
2801 3953 3072 4020 sapientia
3104 3960 3159 4004 et
3189 3950 3490 4020 prudentiae
3512 3950 3682 4003 decus
3706 3948 3730 4002 ’ί

2154 4044 2405 4098 Domitus
2441 4051 2604 4098 estet
2636 4044 2755 4112 ipse
2813 4041 3359 4112 contemptibilisque
3405 4041 3584 4096 factus
3634 4055 3730 4110 per

2152 4134 2431 4190 mulieres.
2464 4132 2584 4198 Quo
2631 4131 2803 4186 Judas
2849 4129 2945 4200 qui
2992 4129 3393 4185 duodenarium
3444 4128 3734 4198 Apostolo--

2153 4241 2273 4281 rum
2307 4238 2596 4279 numerum
2635 4222 2986 4293 complebat?
3015 4220 3121 4276 Sed
3144 4229 3198 4278 et
3223 4220 3340 4291 ipse
3386 4220 3537 4291 parvi
3595 4220 3732 4275 lucri

2153 4331 2323 4374 causa
2357 4323 2590 4370 aster-nas
2618 4313 2859 4368 obtinuit
2884 4312 3160 4370 tenebras.

2162 4409 2259 4464 109
2289 4406 2497 4462 Christe
2526 4420 2639 4468 rex,
2671 4412 2780 4460 etc.

2227 4498 2470 4555 Obsecro
2502 4504 2576 4564 te,
2599 4499 2675 4551 ait
2705 4497 3005 4565 inspiratus
3027 4509 3058 4548 a
3084 4492 3215 4559 Deo,
3248 4508 3281 4548 ο
3306 4493 3463 4548 beate
3483 4491 3732 4555 Christe,

2159 4608 2254 4647 rex
2282 4589 2555 4652 omnium,
2582 4600 2815 4657 propera
2865 4599 3017 4640 nunc
3058 4585 3278 4655 erigens
3324 4591 3418 4637 aut
3470 4581 3736 4636 allevians

2160 4699 2244 4739 me
2265 4700 2295 4737 e
2315 4683 2439 4736 vita:
2465 4677 2907 4743 calamitatibus;
2938 4690 3097 4732 servo
3128 4683 3223 4730 tuo
3255 4671 3520 4729 medelam
3565 4671 3729 4735 adcr;

2162 4790 2400 4844 namque
2430 4772 2565 4827 illud
2605 4780 2820 4825 tantum
2851 4782 3041 4825 revera
3095 4768 3299 4823 bonum
3352 4776 3407 4821 et
3454 4765 3670 4820 [irinum
3707 4780 3737 4817 a

2160 4870 2215 4915 te
2237 4861 2290 4914 in
2324 4858 2642 4914 hominibus
2670 4867 2864 4920 restat,
2898 4870 3024 4925 spes
3048 4853 3202 4925 regni
3227 4851 3475 4908 cmlestis
3504 4851 3572 4905 ad
3591 4853 3739 4921 quod

2162 4951 2444 5023 paululum
2470 4948 2805 5019 aspirantem
2835 4961 2921 5002 me
2957 4946 3140 5002 vivere
3185 4944 3293 5009 fac,
3340 4952 3558 5013 sperata
3608 4959 3743 4997 con-
3772 4980 3781 5008 ι

2159 5042 2382 5097 cedens.
2415 5038 2606 5106 Quoad
2628 5040 2735 5094 alia
2762 5053 2895 5093 vero
2928 5038 3054 5093 vita:
3086 5034 3475 5093 desiderabilia
3505 5044 3562 5091 et
3585 5051 3734 5090 ama-
3777 5031 3782 5035 ’

2160 5133 2314 5200 bilia,
2343 5131 2411 5187 de
2439 5131 2641 5202 quibus
2670 5131 2899 5187 satietas
2938 5131 3109 5185 multa
3131 5170 3147 5195 ,
3190 5130 3359 5185 multa
3387 5130 3744 5200 superﬂuitas

2160 5235 2216 5282 et
2238 5225 2620 5288 exuberantia,
2655 5231 2926 5294 quotquot
2957 5238 3125 5293 super
3175 5230 3324 5279 terra
3363 5223 3511 5278 circa
3560 5221 3741 5276 homi-

2162 5335 2260 5374 nes
2286 5318 2625 5381 volutantur,
2648 5323 2702 5372 et
2733 5314 3012 5371 desiderio
3064 5314 3432 5385 quzesituique
3455 5322 3607 5375 sunt,
3631 5309 3742 5363 alio

2164 5412 2220 5466 in
2273 5410 2415 5464 alios
2457 5408 2667 5476 jactata
2718 5414 2773 5462 et
2821 5404 3147 5468 incidentia,
3190 5414 3390 5460 cuncta
3427 5403 3741 5472 relinquere

2162 5501 2329 5567 volo,
2384 5506 2583 5554 cuncta
2640 5497 3058 5567 praetermittere
3111 5502 3544 5565 precormempe
3593 5492 3738 5546 illam

2165 5609 2328 5665 quam
2373 5592 2430 5646 in
2460 5598 2607 5644 terra
2648 5590 2879 5660 patriam
2915 5602 3199 5650 vocamus,
3248 5592 3304 5638 et
3342 5584 3514 5652 ipsam
3559 5581 3741 5653 hospi-

2166 5686 2328 5740 talem
2361 5690 2416 5737 et
2442 5681 2674 5737 alienam
2710 5680 3008 5748 plagam,ct
3037 5676 3266 5729 thronos
3299 5675 3445 5730 circa
3464 5690 3603 5745 quos
3642 5690 3740 5744 puo

557 5817 672 5885 (6|)
711 5816 1127 5890 Δωδεκάριθμος
1165 5812 1565 5891 ﬁnxit‘Nonuus
1597 5814 1857 5883 Patapbr.
1889 5827 1935 5865 c.
1967 5811 2048 5872 15.

2148 5808 2216 5868 ιδ,
2235 5802 2348 5858 ἀλλ’
2380 5803 2467 5856 ὅτε
2500 5801 2657 5871 νόσφι
2683 5786 3120 5868 δυωδεκάριθμος
3160 5789 3379 5857 Ἰούδας,
3409 5801 3463 5850 et
3494 5789 3548 5855 2,
3575 5791 3666 5847 67.

614 6081 750 6103 «sun-.4
766 6078 874 6101 ..ἀν’
