4082 6388
327 395 432 449 ’755

316 532 422 588 tu;
459 530 602 584 opus
625 523 796 577 est,et
823 517 1212 586 gloriationem
1251 533 1282 573 e
1315 518 1456 573 solio
1493 514 1902 586 procedentem,

315 622 442 660 cum
473 607 714 661 elatione
742 615 798 662 et
835 607 1036 664 decore
1076 625 1200 678 quae
1249 625 1314 663 ex
1364 623 1555 662 eorum
1604 606 1907 662 ambitione

319 695 472 760 ﬂuit,
511 697 769 752 similiter
793 706 850 751 et
874 713 972 753 eos
1001 699 1095 767 qui
1133 697 1368 768 proximi
1403 707 1533 752 sunt
1569 711 1635 751 ex
1681 710 1903 766 genere,

315 796 372 846 et
401 789 497 857 qui
532 790 731 855 alieno,
757 798 812 844 et
837 790 930 860 qui
963 791 1037 860 pii
1071 790 1420 844 aestimantur
1452 797 1506 843 et
1549 787 1722 856 impii,
1767 787 1906 842 sim-

319 880 490 950 plices
512 891 565 935 et
593 896 693 936 eos
721 881 817 951 qui
850 883 1046 950 spiritu
1087 881 1288 936 sinceri
1331 889 1463 936 sunt
1491 889 1546 935 et
1574 878 1831 944 candidi,
1853 886 1908 933 et

317 978 494 1026 tectos
527 971 787 1042 malaque
819 973 1013 1028 dolose
1062 982 1324 1043 agentes;
1371 973 1643 1036 omnium,
1689 985 1904 1041 precor,

321 1062 574 1116 inveniar
611 1063 886 1133 superior,
910 1072 967 1119 et
991 1065 1209 1118 illorum
1234 1065 1332 1133 qui
1382 1064 1505 1118 sine
1553 1063 1759 1117 invidia
1808 1063 1907 1117 bo-

321 1169 450 1208 num
486 1155 709 1209 oculum
737 1155 793 1210 in
832 1171 936 1210 nos
966 1155 1281 1222 intendunt,
1318 1163 1374 1210 et
1410 1155 1641 1210 istorum
1686 1156 1778 1226 qui
1822 1157 1906 1210 in-

322 1246 1298 1323 vidiatabescunt,malitiaipsismet
1349 1248 1414 1301 ad
1465 1257 1699 1302 mortem
1730 1263 1906 1318 usque

321 1340 539 1402 nociva,
574 1337 727 1393 intus
753 1338 1046 1394 adversum
1082 1354 1184 1394 nos
1223 1339 1548 1394 sentientes.

319 1427 456 1481 Aliis
488 1444 695 1482 amoena
720 1429 860 1494 vim,
893 1439 1002 1484 etc.

390 1519 527 1574 Aliis
551 1521 664 1575 sint
701 1521 1082 1577 amoenissima
1127 1523 1317 1577 mundi
1348 1522 1906 1595 magnipendentibus

316 1627 441 1680 qua:
467 1612 652 1668 dulcia
683 1623 815 1668 sunt
839 1615 995 1668 carni
1022 1632 1038 1682 ;
1075 1631 1179 1685 ego
1223 1630 1356 1671 vero
1381 1615 1598 1670 fortiter
1631 1615 1746 1670 han:
1776 1615 1907 1684 reji-

315 1706 461 1760 ciam
502 1714 768 1774 tanquam
818 1707 1017 1761 anima:
1061 1707 1304 1762 vincula.
1345 1707 1443 1763 llei
1490 1709 1658 1762 mihi!
1707 1707 1908 1779 Longae

317 1799 446 1848 vita
486 1793 770 1850 diuturnis
836 1797 1122 1852 doloribus
1174 1797 1412 1854 aiﬂictus
1469 1813 1777 1869 usquequo,
1822 1800 1907 1854 in-

315 1884 457 1954 quit,
495 1884 550 1938 in
605 1885 889 1941 alimentis
934 1887 1147 1943 ventris
1192 1896 1247 1943 et
1283 1889 1339 1943 in
1377 1889 1504 1944 limo
1551 1890 1910 1945 delectabor?

316 1987 615 2043 usquequo
649 1975 914 2044 recipiam
939 1983 995 2030 et
1016 1976 1287 2045 eiiciam?
1330 1993 1568 2049 namque
1617 1980 1764 2050 quod
1808 1996 1905 2036 su-

317 2066 490 2121 mitur
516 2067 590 2122 ad
622 2070 791 2124 vitam
844 2069 1137 2125 hominum
1186 2071 1416 2136 bonum,
1465 2073 1764 2129 oblectatio
1804 2073 1906 2130 du-

318 2158 443 2226 plex
467 2169 574 2224 est,
610 2161 850 2230 primum
881 2161 935 2216 in
956 2163 1249 2227 sumendo,
1271 2165 1468 2221 deinde
1494 2165 1549 2220 in
1583 2166 1904 2236 rejiciendo,

318 2249 524 2320 repleri
553 2253 856 2317 alimentis,
899 2255 1098 2311 deinde
1129 2258 1446 2327 expurgari,
1480 2257 1552 2312 ita
1598 2269 1654 2313 ut
1687 2259 1907 2314 cellaria

321 2342 604 2398 fructuum
647 2346 924 2416 complere
966 2356 1022 2401 et
1070 2363 1341 2404 evacuare
1379 2350 1672 2404 oblectatio
1703 2351 1775 2406 sit
1806 2353 1910 2406 du-

321 2434 468 2504 plex,
496 2433 564 2488 dc
593 2435 683 2491 die
713 2437 768 2490 in
796 2437 943 2492 diem
989 2447 1200 2494 mutata
1229 2449 1286 2496 et
1332 2441 1575 2496 vicissim
1610 2443 1906 2498 transiens.

320 2525 636 2590 Paululum,
683 2527 885 2598 inquit,
933 2540 1194 2600 tanquam
1244 2531 1298 2587 in
1347 2531 1585 2588 transitu
1626 2533 1907 2588 titillatqu

318 2626 546 2687 guttur,
611 2621 756 2674 sicut
821 2622 1078 2676 vehiculo
1137 2623 1223 2678 vel
1298 2626 1662 2695 aqumductu,
1731 2626 1910 2681 ventri

317 2716 520 2763 cuncta
541 2718 589 2763 et
622 2710 838 2767 Iatriuis
863 2713 1054 2767 mittit.
1087 2713 1283 2769 Postea
1318 2717 1612 2786 perpendit
1635 2726 1691 2771 et
1721 2730 1909 2771 verum

319 2807 376 2853 et
409 2802 642 2872 congrui
694 2804 965 2873 temporis
1010 2805 1427 2862 vicissitudines
1470 2816 1526 2862 et
1564 2811 1907 2864 varietates:

322 2891 498 2946 hiems
553 2892 730 2964 frigus
779 2893 958 2962 al'l‘ert,
1001 2907 1168 2953 aestas
1211 2913 1345 2953 vero
1389 2899 1632 2956 calorem
1678 2905 1910 2974 spargit,

322 2997 420 3036 ver
471 2984 671 3039 hiemis
719 2986 867 3043 vices
921 2989 1160 3058 supplet,
1219 2999 1276 3046 et
1325 2993 1539 3048 aestatis
1591 3005 1909 3062 autumnus,

322 3075 470 3128 sicut
499 3075 697 3132 diebus
729 3088 920 3134 noctes
951 3087 1006 3134 ct
1047 3082 1308 3136 noctibus
1347 3085 1545 3139 iterum
1574 3085 1696 3141 dies
1720 3101 1914 3143 succe-

321 3163 482 3226 dunt,
536 3165 858 3236 duplicibus
911 3171 1201 3239 praesentis
1254 3171 1378 3226 vitae
1428 3173 1617 3244 ﬁguris
1665 3175 1911 3232 vicissim

324 3254 630 3310 immutatis
678 3266 734 3312 et
783 3259 1127 3316 substitutis.
1158 3261 1270 3315 Cur
1325 3263 1439 3318 haec
1489 3265 1655 3321 dico?
1697 3265 1910 3321 Caelum

327 3343 494 3408 idem,
559 3355 726 3410 terra,
760 3363 936 3411 mare,
967 3357 1022 3402 et
1060 3351 1198 3404 nihil
1229 3367 1430 3407 novum
1459 3360 1515 3409 et
1539 3355 1677 3408 nihil
1696 3370 1912 3422 recens,

327 3431 627 3492 mihi,dicit
667 3434 1051 3502 Ecclesiastes,
1097 3441 1200 3496 sub
1236 3441 1374 3502 sole,
1421 3457 1522 3498 nec
1570 3460 1916 3515 qua-cunque

326 3523 616 3592 coagulata
651 3535 781 3580 sunt
821 3534 877 3582 et
918 3535 1066 3583 stant
1098 3529 1465 3587 immutabilia
1511 3533 1653 3588 sicut
1689 3543 1846 3590 terra'
1861 3543 1916 3588 et

326 3630 451 3684 qua:
485 3615 540 3668 in
582 3631 644 3670 ea
695 3626 848 3684 sunt,
880 3635 980 3675 nec
1013 3635 1361 3691 qumcunque
1386 3625 1439 3678 in
1471 3624 1660 3680 orbem
1690 3641 1917 3682 moven-

327 3715 440 3774 tur,
477 3707 626 3762 sicut
663 3710 866 3764 coelum
917 3719 972 3768 et
1010 3713 1116 3768 hoc
1161 3715 1310 3784 quod
1346 3716 1612 3786 continet,
1637 3717 1692 3772 in
1733 3718 1918 3775 circu-

328 3799 441 3854 lum
474 3799 683 3873 jugiter
713 3813 858 3858 acta.

331 3984 399 4040 10
434 3983 638 4040 "orum
675 3955 931 4052 ta'ditiiii;
951 3989 1119 4042 aliam
1162 3988 1296 4042 mihi
1328 3989 1513 4056 vitam,
1545 3998 1655 4046 etc.

401 4075 634 4141 Horum,
660 4077 860 4146 inquit,
910 4079 1192 4136 sullicicns
1226 4080 1393 4136 fuerit
1436 4081 1726 4152 hucusque
1756 4099 1912 4148 usus,

331 4169 650 4224 transitoria
676 4169 864 4225 videre
883 4186 967 4226 me
985 4173 1172 4238 taadet,
1191 4173 1330 4228 satis
1345 4175 1690 4243 corruptibili
1710 4176 1918 4230 mundo

333 4261 538 4317 fruitus
581 4277 704 4317 sum
741 4282 754 4318 :
787 4264 952 4317 aliam
1005 4265 1140 4318 mihi
1184 4266 1378 4329 vitam,
1411 4265 1582 4320 alium
1628 4267 1916 4333 mundum,

331 4370 367 4408 ο
409 4355 650 4416 Christe,
687 4357 892 4418 tribue,
945 4365 1171 4424 propter
1206 4371 1372 4424 quam
1416 4355 1582 4409 vitam
1628 4357 1816 4412 laboro
1866 4368 1921 4413 et

336 4447 517 4516 patior
575 4447 795 4500 fortiter
843 4454 1044 4500 cuncta
1099 4445 1283 4500 ferens
1337 4461 1670 4508 aerumnosa,
1720 4458 1920 4502 cuncta

333 4539 490 4590 dura:
523 4537 649 4590 vita!
697 4534 928 4590 adversa
970 4533 1198 4596 sui‘l'cro,
1249 4535 1317 4588 ad
1365 4535 1838 4604 incorruptibilem
1871 4548 1923 4592 et

336 4627 638 4684 solutionis
693 4627 996 4682 immunem
1057 4625 1312 4680 tendens.
1375 4623 1592 4678 Utinam
1671 4626 1804 4680 milii
1868 4637 1923 4684 et

335 4721 476 4774 mori
502 4717 826 4788 contigisset
858 4732 984 4770 cum
1038 4717 1301 4770 maternis
1339 4716 1644 4773 visceribus
1679 4719 1917 4788 ligabar!

337 4810 473 4866 Nam
522 4811 710 4864 statim
760 4817 972 4871 natum,
1018 4807 1482 4878 quemmlmodum
1559 4811 1797 4866 tenebrae
1867 4822 1922 4869 et

337 4903 650 4965 tribulatio,
683 4901 755 4955 ita
787 4901 1042 4967 lacryma:
1069 4897 1489 4954 comitabantur.

342 4996 444 5049 155
483 4995 616 5060 Qua:
646 4994 792 5049 vita?
823 5002 926 5048 etc.

411 5085 546 5151 Quae
578 5084 730 5136 vita?
755 5081 888 5151 quid
927 5081 982 5135 in
1025 5081 1167 5151 ipsa,
1210 5080 1409 5151 inquit,
1447 5083 1814 5144 desiderabile
1839 5099 1925 5142 cst

336 5187 394 5229 et.
425 5173 698 5229 amabile?
745 5172 939 5229 Nonne
977 5174 1136 5243 quasi
1189 5189 1220 5228 e
1263 5175 1539 5244 sepulcro,
1583 5192 1614 5230 e
1657 5181 1924 5236 maternis

338 5269 651 5324 visceribus
682 5267 896 5331 exiens,
934 5265 1002 5320 ad
1042 5267 1275 5320 alterum
1315 5267 1629 5336 sepulcrum
1664 5269 1824 5336 vado,
1857 5269 1924 5323 ad

343 5361 613 5415 mortem?
643 5358 683 5412 Ε
718 5357 965 5414 secundo
1010 5366 1190 5412 autem
1228 5359 1320 5412 illo
1352 5373 1536 5414 nenuc
1567 5359 1621 5412 in
1655 5360 1782 5427 igne
1824 5360 1925 5414 ite-

341 5463 465 5504 rum
524 5450 764 5520 scpeliar
816 5447 1325 5503 iuunisericorditer
1380 5464 1573 5516 punias
1627 5447 1928 5518 impietatis

344 5543 634 5610 praesentis
659 5543 758 5597 τενὶ
797 5541 1070 5596 daturus?
1101 5540 1163 5593 Et
1204 5547 1467 5608 quantum
1509 5540 1692 5593 vivere
1737 5539 1790 5591 in
1832 5555 1924 5590 vo-

347 5631 556 5702 luptate
590 5635 722 5688 milii
758 5635 960 5705 placet,
993 5640 1205 5686 tantum
1241 5631 1352 5684 illic
1390 5631 1494 5683 [tui
1539 5645 1646 5683 non
1683 5630 1926 5684 ﬂuminis

347 5728 594 5776 torrente
609 5742 771 5792 quam
793 5727 1142 5794 rapidissime
1176 5723 1435 5792 fugientis
1456 5721 1677 5775 omnino
1708 5738 1924 5792 atquin!)

420 5833 530 5895 (62)
571 5834 704 5888 Cod.
741 5836 947 5904 ὁπῶρα.

1678 397 1973 456 NICETAS
2034 398 2246 456 DAVID

2013 516 2239 587 θρόνους
2269 517 2363 572 καὶ
2400 518 2461 572 τὸ
2498 519 2796 590 ἀπόθρονον
2827 514 3002 590 εὖχος,
3031 519 3147 588 ἦτοι
3176 517 3236 570 τὸ
3265 518 3359 570 ἐπὶ
3394 519 3462 587 τῇ
3497 520 3596 570 αύο

2012 609 2120 662 τῶν
2142 611 2472 680 παραιτήσει
2507 611 2766 682 καύχημα
2792 613 2886 664 καὶ
2913 610 3093 672 κλέος,
3125 609 3326 677 ὁμοίως
3353 610 3446 660 καὶ
3469 612 3596 670 τοὺς

2013 702 2182 769 ἐγγὺς
2222 703 2362 755 κατὰ
2388 703 2544 770 γένος
2592 704 2687 756 καὶ
2707 702 3032 770 ἀλλογενεῖς,
3051 701 3146 754 καὶ
3177 700 3305 762 τοὺς
3350 699 3596 761 εύσεδεῖς

2014 811 2088 864 φη
2099 794 2422 865 μιξομένους
2451 795 2545 847 καὶ
2577 795 2816 860 ἀσεϐεῖς,
2838 793 2965 854 τούς
2987 811 3046 845 τε
3070 791 3276 855 ἁπλοῦς
3291 792 3388 844 καὶ
3417 791 3596 853 εύθεῖς

2013 885 2106 938 τὸν
2140 886 2268 938 νοῦν
2310 887 2406 939 καὶ
2436 888 2708 956 φανεροὺς
2731 925 2745 948 ,
2767 885 2894 948 τούς
2913 901 2972 936 τε
2993 883 3269 954 κρυπτοὺς
3291 883 3387 935 καὶ
3407 881 3595 941 δολίως

2014 977 2476 1047 κακουργοῦντας·
2502 980 2720 1032 πάντων
2742 977 3042 1048 ὑπέρτερος
3062 973 3290 1043 εὔχομαι
3313 970 3596 1040 γενέσθαι,

2014 1071 2126 1124 τῶν
2169 1073 2218 1124 τ’
2251 1070 2564 1125 ἀὸἀσκανον
2592 1070 2748 1141 ὄμμα
2796 1069 2892 1121 καὶ
2918 1066 3160 1128 ἐπιεικὲς
3216 1067 3348 1136 ἡμῖν
3377 1066 3597 1133 ἐπερει-

2011 1165 2234 1226 δόντων,
2270 1163 2380 1215 τῶν
2425 1179 2485 1215 τε
2535 1161 2774 1232 φθονερᾷ
2827 1161 2920 1213 καὶ
2970 1158 3248 1228 αύτοφόνῳ
3290 1154 3462 1226 κακίᾳ
3499 1155 3596 1207 ὲκ-

2011 1252 2331 1324 τηκομένων
2353 1253 2500 1306 ἔνδον
2527 1255 2592 1324 τῇ
2622 1251 2829 1322 διανοίᾳ
2855 1250 2974 1304 καθ’
3006 1252 3040 1320 ἡ
3050 1248 3188 1319 μῶν.

2017 1429 2256 1494 Ἄλλως
2285 1427 2511 1495 τερπνὰ
2531 1427 2714 1492 βίοιο,
2744 1443 2799 1480 κ.
2821 1443 2872 1479 τ.
2899 1424 2978 1491 ἐξ.

2089 1521 2307 1583 Ἀλλοις
2333 1520 2475 1572 ἔστω
2517 1519 2585 1573 τὰ
2631 1518 2825 1589 ἥδιστα
2869 1515 2964 1570 τοῦ
3002 1516 3210 1586 κόσμου
3253 1516 3366 1577 τοῖς
3400 1508 3599 1566 πολλοῦ

2011 1611 2346 1684 τιμωμένοις
2389 1610 2492 1680 τῆς
2527 1609 2727 1680 σαρκὸς
2768 1607 2868 1678 τὴν
2896 1606 3090 1678 ἡδονὴν
3109 1645 3124 1668 ,
3169 1605 3280 1674 ἐγὼ
3309 1605 3366 1658 δὲ
3391 1603 3600 1674 ταύτην

2015 1705 2313 1777 προθύμως
2336 1703 2412 1768 ὼς
2444 1702 2642 1774 δεσμὸν
2665 1700 3044 1771 ἀποφεύξομαι
3078 1698 3278 1770 ψυχῆς.
3308 1696 3472 1768 Οῖμοι
3498 1695 3599 1750 τοῦ

2017 1795 2231 1866 μακροῦ
2256 1795 2398 1864 βίουῐ
2437 1796 2663 1864 μακροῖς
2684 1793 2870 1860 ἄλγεσι
2895 1789 3222 1860 πονούμενος
3250 1790 3412 1860 μέχρι
3431 1789 3597 1853 τίνος,

2013 1888 2173 1960 φησι,
2203 1889 2316 1951 τοῖς
2338 1905 2396 1940 τε
2429 1885 2681 1958 βρώμασι
2711 1885 2810 1956 τῆς
2836 1884 3071 1956 γαστρὸς
3103 1885 3197 1938 καὶ
3225 1885 3345 1946 ταῖς
3372 1883 3597 1952 κόπροις

2015 1982 2505 2054 ὲμφιλοχωρήσως
2569 1979 2731 2051 μέχρι
2785 1977 2930 2042 τίνος
2989 1977 3210 2048 δέξομαι
3279 1977 3374 2030 καὶ
3425 1976 3597 2044 dmp-

2017 2074 2280 2148 ρίψομαις
2332 2073 2444 2127 Καὶ
2481 2072 2592 2143 γὰρ
2628 2072 2690 2125 τὸ
2729 2070 2920 2124 δοκοῦν
2946 2070 3091 2124 ἀπαν
3119 2072 3184 2139 τῇ
3218 2068 3332 2138 ζωῇ
3361 2065 3470 2119 τῶν
3502 2067 3598 2118 ἀν-

2015 2164 2249 2237 θρώπιον
2277 2163 2546 2234 ὑπάρχειν
2568 2161 2770 2230 ἀγαθον
2797 2161 3050 2230 δίστομος
3078 2159 3236 2230 χάρις
3257 2158 3395 2221 ἐστὶ,
3416 2152 3605 2211 λαϐεῖν

2015 2255 2253 2328 πρῶτον,
2311 2251 2433 2308 εἶτα
2483 2252 2662 2324 ῥίψαι,
2719 2250 3072 2323 πληρωθῆναι
3135 2249 3428 2321 βρώσεως,
3481 2242 3602 2300 εἶτα

2016 2348 2361 2419 κενωθῆναι,
2423 2345 2614 2415 ῶσπερ
2688 2343 2783 2396 καὶ¹
2842 2342 2911 2395 τὰ
2961 2342 3162 2412 ταμεῖα
3204 2339 3314 2392 τῶν
3374 2337 3602 2410 καρπῶν

2016 2437 2261 2512 πληροῦν
2296 2438 2392 2491 καὶ
2421 2434 2612 2490 κενοῦν
2645 2433 2893 2505 δίστομός
2923 2435 3038 2486 ἐστι
3063 2433 3244 2503 χάρις’
3272 2432 3488 2503 ἡμέραν
3515 2432 3600 2500 ἐφ,

2019 2531 2232 2603 ἡμέρας
2267 2532 2326 2583 ὲν
2382 2530 2568 2600 μέτρῳ
2613 2525 3062 2596 ύπαλλαττομένη
3115 2526 3207 2578 καὶ
3246 2523 3590 2578 ὑπαπιοῦσα.

2016 2622 2203 2688 Μικρά
2225 2621 2346 2692 μὲν,
2377 2621 2564 2690 φησὶν,
2598 2619 2673 2682 ὡς
2711 2620 2768 2672 ὲν
2801 2617 3018 2688 παρόδῳ
3049 2616 3301 2686 τερφθεὶς
3329 2618 3358 2669 ό
3387 2614 3600 2684 λαιμὸς,

2017 2712 2094 2775 ὡς
2135 2713 2193 2764 ἐν
2235 2711 2426 2783 ἀμάρᾳ
2459 2711 2553 2764 καὶ⁷
2590 2710 2794 2780 ἀγωγῷ
2835 2713 2902 2780 τῇ
2947 2708 3142 2779 γαστρὶ
3175 2707 3352 2761 πάντα
3386 2708 3482 2760 καὶ
3525 2703 3604 2774 τῷ

2017 2803 2288 2876 ἀφεδρῶνι
2329 2802 2718 2874 παραπέμπει·
2767 2803 2958 2855 σκόπει
3002 2800 3058 2854 δὲ
3090 2799 3226 2870 πρὸς
3253 2798 3466 2862 τούτοις
3512 2801 3604 2852 καὶ

1976 2955 1985 2964 ,
2018 2897 2080 2951 τὸ
2108 2897 2218 2950 τῶν
2245 2896 2524 2966 στοιχείων
2556 2894 2650 2948 καὶ⁸
2678 2893 2788 2947 τῶν
2813 2892 3021 2965 καιρῶν
3050 2891 3337 2946 ἀλλοιωτὸν
3365 2891 3460 2944 καὶ
3481 2908 3606 2962 τρε-

2020 2988 2184 3042 πτόν’
2215 2985 2425 3058 χειμὼν
2464 2986 2563 3057 μὲν
2602 2984 2927 3055 καταψύχει,
2980 2983 3136 3056 θέρος
3189 2981 3248 3036 δὲ
3279 2978 3437 3046 αὖθις
3472 2985 3605 3036 ἀνα-

2021 3079 2246 3150 φλέγει,
2290 3078 2391 3150 ἔαρ
2428 3077 2528 3149 μὲν
2573 3077 2793 3148 ἀμείδει
2835 3076 2926 3129 τον
2959 3075 3224 3147 χειμῶνα,
3252 3073 3446 3145 ὀπώρα
3494 3074 3606 3138 (σιξ)

2021 3169 2079 3224 δὲ
2105 3171 2166 3224 τὸ
2197 3170 2375 3240 θέρος,
2405 3169 2596 3240 ὥσπερ
2623 3168 2724 3232 τὰς
2749 3168 2962 3240 ἡμέρας
3013 3167 3110 3240 μὲν
3155 3167 3212 3222 αἱ
3257 3169 3471 3232 νύκτες,
3507 3170 3607 3231 τὰς

2021 3251 2222 3325 νύκτας
2245 3261 2300 3314 δὲ
2331 3256 2397 3314 αὖ
2426 3262 2482 3315 αἱ
2516 3260 2744 3332 ἡμέραι,
2778 3261 2848 3314 τὰ
2873 3259 3032 3314 δισσά
3061 3258 3154 3312 τοῦ
3184 3260 3452 3331 παρόντος
3488 3260 3604 3328 βίου

2022 3355 2284 3424 φάσματα
2329 3353 2670 3422 διαμείδουσι
2719 3353 2813 3406 καὶ
2859 3352 3276 3406 ύπαλλάττουσι.
3327 3351 3393 3402 Τί
3431 3349 3603 3403 ταῦτά

2023 3459 2201 3513 φημις
2253 3443 2494 3514 Οὐρανὸς
2539 3443 2568 3495 ὁ
2615 3443 2815 3507 αὐτὸς,
2852 3444 2944 3513 γῆ,
2981 3443 3241 3505 Θάλασσα,
3293 3442 3386 3494 καὶ
3447 3440 3600 3492 οὐδὲν

2024 3535 2288 3606 νεώτερον
2350 3535 2445 3588 καὶ
2492 3534 2646 3588 οὐδὲν
2696 3534 2884 3587 καινὸν
2936 3533 3148 3605 ἔμοιγε,
3185 3531 3346 3602 φησὶν
3391 3532 3421 3583 ὀ
3479 3531 3600 3583 Ἐκ-

2023 3625 2490 3698 κλησιαστὴς,ύπὺ
2513 3627 2604 3680 τὸν
2631 3625 2804 3696 ἥλιον,
2837 3624 2950 3679 οὔθ’
2983 3627 3083 3680 ὅσα
3116 3624 3292 3695 πηκτά
3325 3624 3480 3677 πέλει
3509 3622 3604 3676 καὶ

2027 3719 2259 3791 βέϐηκεν
2285 3717 2518 3787 ἀκίνητα
2545 3717 2736 3789 ὥσπερ
2763 3717 2836 3788 γῆ
2871 3718 2966 3770 καὶ
2994 3716 3065 3770 τὰ
3103 3717 3231 3787 περὶ
3261 3716 3455 3788 αὐτὴν,
3493 3714 3606 3768 οὗθ’

2022 3815 2123 3868 ὃσα
2165 3811 2575 3882 περιτρέπεται,
2627 3809 2817 3882 ὥσπερ
2861 3807 3090 3879 ούρανδς
3126 3809 3222 3861 καὶ
3248 3807 3318 3860 τά
3363 3809 3422 3860 ἐν
3460 3803 3611 3874 αύτῷ

2023 3903 2264 3967 ἀεννάως
2297 3902 2392 3955 καὶ
2422 3900 2699 3964 κυκλικῶς
2733 3898 3168 3972 περιδινούμενα.

2027 3995 2096 4050 10
2127 3993 2251 4049 Τῶν
2275 3994 2454 4058 κόρος
2493 3991 2605 4060 (63)
2642 4008 2655 4022 °
2699 3991 2896 4044 ἄλλον
2927 3990 3126 4059 ἔμοιγε
3156 3988 3321 4052 βίον,
3357 4005 3413 4042 κ.
3441 4005 3492 4040 τ.
3523 3985 3573 4038 λ.

2096 4083 2338 4146 Τούτων,
2371 4085 2559 4153 φησὶν,
2601 4081 2721 4145 ἃλις
2746 4081 2934 4151 ἔμοιγε
2980 4080 3087 4134 τῶν
3109 4078 3482 4140 ἀπολαύσεων,
3521 4094 3609 4130 κε-

2025 4177 2294 4247 κόρεσμαι
2315 4175 2424 4228 τῶν
2449 4173 2800 4246 τερπομένων
2822 4174 2919 4243 τῆς
2943 4169 3182 4242 ὁράσεως
3204 4211 3219 4236 ,
3245 4168 3613 4241 ἀποχρώντως

2025 4266 2120 4320 τοῦ
2161 4265 2403 4336 φθαρτοῦ
2433 4265 2640 4334 κόσμου
2672 4260 3093 4334 κατετρύφησα·
3139 4261 3296 4315 ἀλλον
3334 4261 3459 4331 ἐμοὶ
3497 4261 3613 4330 βίον

2029 4360 2124 4414 καὶ
2156 4359 2361 4430 κόσμον
2385 4398 2400 4422 ,
2425 4351 2470 4410 ὧ
2497 4356 2731 4428 Χριστὲ,
2773 4355 2921 4409 δίδου
2945 4395 2960 4420 ,
2998 4355 3064 4408 δι’
3095 4353 3154 4406 ὃν
3180 4352 3358 4406 πονῶν
3387 4353 3481 4405 καὶ
3513 4370 3611 4405 καο

2031 4451 2284 4507 κοπαθῶν
2315 4450 2610 4521 προθύμως
2641 4449 2818 4502 πάντα
2859 4447 3011 4518 φέρω
3047 4446 3115 4500 τά
3143 4446 3398 4515 ἀλγεινὰ,
3432 4446 3610 4508 πάσας

2030 4543 2246 4598 ἀνατλῶ
2287 4543 2572 4613 συμφορὰς
2603 4539 2842 4610 σκληροῦ
2870 4540 2985 4609 βίου
3010 4579 3025 4603 ,
3059 4539 3194 4608 πρὸς
3220 4538 3310 4590 τὸν
3335 4537 3612 4606 ἄφθαρτον

2031 4637 2127 4690 καὶ
2164 4636 2368 4690 ἄλυπον
2405 4631 2654 4702 ἀφορῶν
2688 4632 2805 4684 αἴθε
2832 4631 2941 4701 γάρ
2977 4648 3067 4701 μοι
3104 4632 3197 4683 καὶ
3225 4629 3406 4682 θανεῖν
3427 4628 3610 4695 ἐξεγέ-

2028 4745 2148 4780 νετο
2173 4766 2188 4789 ,
2241 4725 2407 4795 ἡνίκα
2443 4721 2713 4794 μητρῴοις
2754 4719 3056 4790 ἐνεδέσμεις
3108 4719 3433 4788 σπλάγχνοις
3457 4734 3470 4747 ⁵
3520 4719 3614 4770 καὶ

2028 4819 2140 4889 γὰρ
2169 4817 2328 4879 εὐθὺς
2383 4813 2695 4884 γεννηθέντι
2745 4811 2936 4883 ὥσπερ
2985 4811 3174 4865 σκοτία
3213 4811 3310 4864 καὶ
3336 4809 3516 4880 θλίψις
3554 4808 3616 4862 τὸ

2029 4912 2266 4980 δάκρυον
2296 4905 2675 4976 ἐπηκολούθει.

2032 5004 2135 5057 133
2173 5001 2272 5066 Τίς
2291 5000 2473 5064 ,ϐίος;
2519 5016 2571 5050 κ.
2607 5015 2657 5051 τ.
2682 4997 2734 5051 λ.

2103 5093 2199 5154 Τίς
2241 5093 2270 5142 ό
2307 5089 2419 5159 βίος
2447 5105 2462 5153 ;
2495 5089 2547 5140 τί
2597 5088 2651 5140 δὲ
2683 5088 2745 5139 τὸ
2779 5085 2967 5138 τούτου
2993 5125 3006 5146 ,
3040 5085 3173 5155 φησὶ
3193 5124 3208 5148 ,
3246 5082 3491 5136 ποθεινὸν
3518 5082 3615 5135 καὶ

2029 5183 2296 5255 ἐραστὸν;
2351 5183 2464 5251 Ούχ
2493 5179 2681 5250 ὥσπερ
2725 5180 2790 5231 ἐκ
2819 5179 2991 5246 τάφου
3041 5178 3139 5246 τῆς
3173 5175 3431 5247 μητρῴας
3456 5173 3617 5240 ἐξιὼν

2031 5273 2267 5345 γαστρὸς
2305 5272 2391 5340 ἐφ’
2423 5271 2610 5341 ἕτερον
2639 5271 2806 5337 τάφον
2839 5267 3007 5320 ὁδεύω
3027 5268 3118 5320 τὸν
3154 5267 3293 5338 μετὰ
3317 5267 3416 5337 τὴν
3433 5266 3617 5319 τελευ-

2031 5365 2131 5434 τὴν
2157 5381 2170 5425 ;
2207 5366 2271 5415 ἐκ
2299 5362 2390 5414 τοῦ
2424 5360 2676 5430 δευτέρου
2705 5359 2762 5411 δὲ
2791 5359 2981 5410 τούτου
3018 5355 3105 5429 ἆρ’
3149 5360 3247 5412 οὐκ
3277 5361 3334 5410 ἐν
3361 5358 3440 5429 τῷ
3480 5359 3618 5428 πυρὶ

2033 5455 2348 5522 ταφήσομαι
2381 5451 2541 5504 πάλιν
2593 5448 2999 5516 ἀνελεημόνως,
3049 5449 3204 5513 δίκας
3243 5452 3341 5519 τῆς
3381 5448 3619 5502 ἐνταῦθα

2033 5543 2289 5604 ἀσεϐείας
2321 5539 2646 5603 ἀποτιννύς;
2676 5539 2809 5590 αὐτὸ
2837 5539 2880 5590 δ’
2911 5541 3033 5592 ὅσον
3059 5539 3407 5594 διαϐιώσκειν
3435 5543 3494 5593 ἐν
3522 5539 3617 5593 εύ-

2037 5633 2234 5703 παθείᾳ
2265 5649 2354 5700 μοι
2385 5631 2548 5691 δοκῶ,
2583 5631 2707 5682 ὅσον
2730 5631 2978 5684 ἐνταυθοί
3009 5635 3394 5702 κατατρύφᾷν,
3421 5632 3483 5684 ού
3518 5649 3618 5685 πο-

2037 5724 2210 5795 ταμοῦ
2246 5722 2478 5794 ῥεύματι
2522 5721 2756 5786 ὀξύτατα
2801 5720 3012 5790 ῥέοντος
3056 5724 3247 5794 κομιδῇ
3285 5722 3614 5794 παρομοιοῦο

2113 5833 2223 5907 (65)
2247 5831 2380 5890 Cod.
2418 5832 2518 5886 huc
2552 5831 2669 5885 loco
2696 5826 2894 5879 τούτων
2922 5823 3096 5895 κῦρος.

3487 398 3677 470 πο,
