4082 6402
434 418 546 477 757

431 555 526 593 ται
546 579 560 593 .
593 536 843 608 ποταμοῦ
884 534 1096 599 ἀενάως
1123 536 1408 608 τρέχοντος
1436 538 1533 590 καὶ
1567 537 1657 591 ἀεὶ
1679 538 1744 591 ὲκ
1766 536 1875 590 τῶν
1907 534 2028 589 ὀπι-

434 632 566 681 σθεοι
615 626 1089 697 ίόντος,διηνεκῶς
1137 629 1464 697 κινουμένου
1490 626 1586 681 καὶ
1617 625 1774 682 οὐδὲν
1809 627 2029 699 ἔχοντος

433 716 611 781 ἑστὼς
633 757 650 781 ,
677 716 829 771 οὐδὲν
853 717 1020 787 μέρος
1047 717 1212 772 αὑτοῦ
1241 721 1439 788 πάγιον
1466 719 1873 784 ἐπιδεικνύντος
1890 736 1904 750 °
1938 716 2030 773 κό-

431 824 518 873 νις
550 809 673 873 ὅλος
705 806 1043 879 καθέστηκεν
1069 810 1098 862 ό
1125 808 1272 880 βίος,
1314 812 1429 875 τοῖς
1458 812 1615 883 ἐμοῖς
1651 810 1897 882 ὄμμασιν
1929 812 2030 881 ὲμ-

433 901 717 955 πίτπουσα
745 902 840 954 καὶ
862 900 1057 955 σκότον
1080 900 1428 972 ἐμϐάλλουσα
1453 902 1532 971 τῷ
1561 901 1659 972 νῷ,
1691 901 1769 966 ὡς
1799 901 1867 956 ἂν
1893 901 2031 974 πόῤ-

435 995 520 1064 pro
538 990 678 1047 Θεοῦ
709 991 819 1045 τῶν
844 992 1147 1063 φωτισμῶν
1170 991 1442 1057 ἐκπεσὼν,
1467 993 1563 1046 καλ⁸
1582 992 1803 1061 τυφλῶν
1825 992 2030 1064 τρόπον

434 1084 565 1150 τοὺς
590 1082 808 1155 τοίχους
831 1084 1121 1155 ψηλαφῶν,
1154 1086 1248 1140 καὶ
1273 1079 1375 1140 ὧδε
1410 1086 1574 1140 κάκεῖ
1605 1088 1721 1149 τοῖς
1747 1084 2032 1157 λογισμοῖς

436 1171 927 1246 περιπλανώμενος
980 1174 1084 1247 τῆς
1134 1175 1381 1248 μεγάλης
1413 1176 1475 1231 ὲν
1520 1173 1743 1248 Χριστῷ
1770 1174 2047 1247 ἀποτύχω»

436 1265 604 1337 ζωῆς.
966 1322 975 1333 ς
1353 1317 1357 1321 .

443 1356 736 1426 Τολμήσω
763 1357 898 1413 τινὰ
923 1357 1147 1427 μῦθον,
1173 1376 1228 1415 κ.
1259 1376 1311 1415 τ.
1341 1358 1419 1426 ἐξ.

508 1450 794 1524 Τολμηρόν
818 1469 941 1506 τινα
967 1452 1125 1521 λόγον
1150 1452 1334 1508 ἔπεισί
1371 1472 1462 1526 μοι
1492 1454 1743 1521 διειπεϊν,
1775 1453 2041 1527 ἀληθινὸν
2109 1454 2134 1498 -”

435 1540 483 1594 δ’
526 1536 621 1594 οὖν
663 1541 815 1612 ὅμως
842 1580 858 1605 ,
897 1541 965 1595 δι’
998 1542 1028 1595 ὃ
1052 1543 1148 1597 καὶ
1178 1543 1458 1615 τολμήσας
1497 1545 1873 1617 ἀποφαίνομαι
1896 1587 1912 1613 ,
1952 1545 2032 1611 ὡς

435 1631 574 1686 Θεοῦ
616 1632 869 1702 παίγνιον
897 1634 1012 1702 (64)
1057 1635 1089 1687 ό
1134 1634 1422 1705 ἄνθρωπος
1442 1676 1458 1698 ,
1507 1637 1602 1690 καὶ
1643 1636 1885 1691 τοιοῦτον
1917 1634 2031 1691 οἷον

434 1724 551 1786 τοῖς
584 1723 750 1778 πάλαι
784 1724 928 1779 κατὰ
959 1723 1145 1788 πόλεις
1173 1718 1329 1789 τινάς
1374 1727 1791 1799 ἐπιτετήδευτοο
1853 1745 2031 1800 προσ-

438 1817 621 1867 ωπεῖα
639 1814 748 1886 γάρ
770 1814 1222 1880 διασκευάζοντες
1248 1816 1541 1878 πλουσίων,
1568 1819 1837 1889 πενήτων,
1872 1818 2030 1890 βασι-

434 1904 580 1957 λέων
618 1907 712 1958 καὶ
759 1906 1080 1976 στρατηγῶν
1109 1945 1124 1970 ,
1154 1906 1336 1977 σοφῶν
1381 1908 1476 1962 καὶ
1508 1907 1734 1963 ἰδιωτῶν
1754 1948 1770 1974 ,
1821 1909 2034 1983 ἀνδρῶν

437 1994 646 2064 ὁμοίως
672 1996 765 2050 καὶ
790 1995 1085 2064 γυναικῶν,
1121 1998 1217 2051 καὶ
1246 1999 1305 2051 ἐν
1335 1997 1588 2071 θεάτροις
1619 2000 1910 2072 παριόντες
1936 2001 2034 2055 καὶ

440 2086 505 2140 ὲν
538 2090 793 2159 σκηναῖς,
837 2086 1012 2142 ταῦτα
1050 2090 1099 2142 οί
1128 2089 1638 2162 προμελετήσαντες
1677 2091 2034 2163 περιτιθέμε-

439 2194 543 2240 νοι,
579 2178 673 2230 καὶ
700 2177 802 2248 τὴν
831 2179 954 2230 κατ’
979 2178 1179 2244 αὐτοὺς
1206 2179 1349 2234 καθά
1382 2183 1805 2253 προησκήσαντο
1831 2182 2033 2255 πρᾶξιν

435 2266 773 2339 ἐπίπροσθεν
802 2269 1022 2323 πάντων
1056 2271 1481 2343 ὑποκριθέντες,
1534 2275 1628 2329 καί
1665 2274 1912 2347 ἀκριϐῶς
1955 2274 2035 2341 ὡς

434 2358 550 2414 οἷόν
593 2378 655 2414 τε
686 2362 832 2416 κατά
863 2361 964 2433 τὴν
1005 2363 1115 2419 τῶν
1155 2364 1406 2419 παλαιῶν
1444 2366 1689 2438 ἱστορίαν
1730 2366 1821 2421 διὰ
1854 2368 2032 2440 μιμή-

438 2471 581 2518 σεως
622 2452 723 2525 τὴν
751 2453 1200 2525 δραματουργίαν
1241 2454 1611 2527 ἀποχρώντως
1638 2456 2033 2530 ὲνδειξάμενοι,

435 2544 582 2599 οὕτω
635 2545 739 2616 τῆς
772 2546 975 2617 σκευῆς
1007 2547 1101 2600 ἀπ’
1136 2544 1320 2600 αὐτῶν
1353 2546 1617 2620 ἀρθείσης
1643 2588 1659 2613 ,
1712 2548 1864 2612 ὅστις
1910 2549 2034 2602 ποτ’

435 2635 508 2708 ἦν
556 2637 740 2692 αὐτῶν
799 2639 1031 2702 ἕκαστος
1100 2639 1470 2709 ἁναφανέντες
1525 2640 1708 2695 οἴκαδε
1764 2639 2038 2713 ἐχώρουν.Δ

449 2731 728 2795 Ὥσαύτως
760 2729 942 2784 τοίνυν
980 2731 1084 2785 κάν
1114 2731 1194 2801 τῷ
1234 2731 1335 2803 βίῳ
1365 2731 1524 2795 ἄλλος
1568 2731 1699 2786 ἀλλο
1746 2748 1803 2784 τι
1834 2732 2037 2803 ἐπιτή-

436 2825 638 2895 δευμα,
668 2823 807 2894 πρὸς
842 2821 871 2875 ὃ
902 2822 1119 2892 εὐφυῶς
1150 2822 1389 2895 ἔχουσιν,
1432 2822 1783 2895 ἀσκούμενοι,
1822 2822 1918 2877 καὶ
1956 2822 2035 2888 ὡς

440 2919 504 2970 ὲν
542 2918 715 2987 σκηνῇ
766 2915 864 2970 καὶ
906 2914 1122 2986 θεάτρῳ
1160 2915 1260 2985 τὴν
1293 2916 1415 2969 κατ’
1462 2915 1660 2978 αὐτοὺς
1690 2914 1892 2988 πρᾶξιν
1930 2914 2035 2985 τῆς

436 3010 641 3080 ἀρετῆς
672 3009 706 3080 ἢ
740 3007 941 3072 κακίας
964 3006 1055 3061 διὰ
1086 3007 1376 3078 μιμήσεως
1406 3006 1810 3077 ἐπιδειξάμενοι
1834 3048 1850 3073 ,
1878 3007 2033 3060 ἐπει-

436 3101 539 3154 δὰν
564 3102 626 3154 τὸ
665 3101 854 3172 σχῆμα
900 3100 1114 3163 τούτοις
1146 3099 1242 3154 τοῦ
1280 3102 1486 3171 κόσμου
1525 3100 1605 3171 τῷ
1658 3099 1877 3171 θανάτῳ
1934 3115 2034 3152 πεο

446 3192 696 3264 ριαιρεθῇ
717 3231 733 3256 ,
763 3191 1024 3264 ἐξαπίνης
1048 3192 1227 3245 ὁποῖοι
1256 3190 1399 3244 κατὰ
1432 3190 1593 3261 φύσιν
1625 3191 1765 3244 εἰσὶν
1790 3189 2033 3252 ἅπαντες

443 3283 810 3353 ἁναφανὲντες
837 3323 853 3349 ,
893 3283 1035 3337 οὕτω
1066 3282 1267 3355 γυμνοὶ
1303 3282 1486 3354 πάσης
1534 3279 1887 3355 ἐπικρύψεως
1941 3280 2033 3334 ὲν-

440 3374 637 3432 τεῦθεν
664 3376 1080 3448 ἀποχωροῦντες
1123 3374 1352 3430 ἀπίασιν
1394 3376 1530 3431 ἐκεῖ.
1563 3373 1821 3438 Τοιοῦτος
1859 3374 1889 3428 ό
1919 3372 2035 3445 βίος

436 3465 551 3519 τῶν
580 3465 944 3535 ταλαιπώρων
985 3464 1193 3536 βροτῶν
1209 3480 1224 3496 ⁸
1254 3465 1351 3519 καὶ
1378 3458 1460 3529 οἷς
1489 3466 1524 3536 ἡ
1553 3463 1648 3518 τοῦ
1682 3463 1915 3535 ματαίου
1941 3462 2039 3517 καὶ

439 3547 764 3630 ὀνειρώδονῖς
784 3557 994 3629 κόσμου
1022 3556 1177 3611 τοῦδε
1207 3557 1362 3620 ἐλπὶς
1390 3556 1598 3631 ἐραστὴ
1624 3557 1719 3610 καὶ
1742 3555 2038 3628 περισπού-

436 3648 638 3712 δαστος
663 3687 679 3712 ,
729 3646 857 3711 τούς
887 3663 948 3700 τε
980 3645 1351 3716 καλουμένους
1399 3643 1693 3708 πλούτους,
1727 3643 1923 3714 ἡδονάς
1973 3657 2037 3694 τε

442 3739 541 3793 καὶ
563 3737 776 3810 τρυφὰς
805 3736 899 3791 καὶ
920 3736 1078 3802 δόξας
1100 3735 1188 3788 ἐπ’
1216 3734 1396 3803 ὀλίγον
1420 3733 1513 3786 τὸν
1532 3733 1634 3802 τῆς
1665 3731 1814 3801 ζωῆς
1843 3730 2039 3802 χρόνον

441 3831 900 3902 κατατρυφῶντες
929 3828 1039 3899 (65)
1070 3827 1415 3891 παιζέτωσαν
1440 3826 1533 3878 καὶ
1557 3821 1962 3888 παιξέσθωσαν.

443 3922 550 3977 H7
579 3921 780 3989 Αὐτὰρ
815 3919 932 3990 ἐγὼ
960 3916 1236 3988 Χριστοῖο
1268 3915 1695 3986 δεδραγμένος,
1725 3922 1832 3968 etc.

518 4016 582 4068 Οί
618 4015 718 4086 μὲν
746 4013 815 4067 τά
848 4011 1069 4080 ἐπίγεια
1118 4009 1444 4080 φρονοῦντες
1467 4047 1482 4069 ,
1523 4005 1619 4059 καί
1650 4002 1761 4057 τῶν
1805 4001 2045 4073 ῥεόντων

443 4108 617 4180 ἀπρὶξ
646 4105 1107 4176 ἀντιποιούμενοι,
1131 4102 1223 4157 τὸν
1248 4100 1542 4173 εἰρημένον
1565 4097 1767 4168 τρόπον
1787 4093 1885 4165 τὴν
1913 4091 2043 4147 κατ’

444 4201 645 4263 αὐτοὺς
683 4196 1107 4271 πορευέσοωσαν
1143 4193 1263 4247 ὀδόν
1286 4209 1301 4223 '
1330 4190 1442 4259 ἐγὼ
1479 4189 1567 4252 δὲ,
1616 4189 1651 4258 ή
1682 4183 2039 4258 χριστοφόρος

446 4291 595 4362 ψυχὴ
627 4290 815 4359 λέγει,
850 4285 1090 4359 Χριστοῦ
1136 4286 1237 4357 τῆς
1271 4284 1492 4353 ἀγάπης
1526 4275 2038 4351 καταδεδραγμένος

443 4381 642 4435 οὔποτε
693 4381 844 4451 λήξω
875 4378 1074 4449 δεσμὸν
1123 4378 1217 4431 ἐπὶ
1268 4374 1455 4447 δεσμῷ
1491 4371 1806 4445 προστιθεὶς
1827 4410 1843 4434 ,
1874 4369 2036 4439 ἄχρις

447 4474 516 4528 ἂν
546 4472 640 4527 τοῦ
675 4469 1109 4542 σαρκίνουτοῦδε
1142 4468 1256 4540 ιϐίον
1290 4467 1552 4538 λυόμενος
1580 4505 1595 4528 ,
1641 4461 1723 4534 τῷ
1759 4461 1870 4515 τῶν
1912 4460 2038 4531 ὁρε-

447 4565 595 4619 κτῶν
632 4562 920 4636 ἀκροτάτῳ
958 4562 1158 4625 τελέως
1183 4555 1636 4632 προσδεθῶυΚα)⁸
1680 4555 1787 4627 γὰρ
1815 4549 2038 4614 διπλοῦς

448 4658 527 4713 ὣν
562 4657 662 4729 τὴν
684 4655 867 4726 φύσιν,
903 4656 1149 4724 ἐπίγειος
1179 4653 1296 4724 ἅμα
1328 4652 1425 4705 καὶ
1453 4649 1702 4722 οὐράνιος
1721 4686 1737 4710 ,
1784 4645 1846 4698 τὸ
1876 4643 2042 4714 σῶμα

455 4750 554 4820 μὲν
585 4747 838 4802 ἐντεῦθεν
867 4747 976 4802 άπὸ
1004 4746 1106 4817 τῆς
1125 4747 1230 4816 γῆς
1263 4743 1370 4814 ἔχω
1395 4739 1729 4812 διαρτισθὲν,
1774 4736 1841 4790 δι’
1866 4733 1895 4787 δ
1945 4733 2043 4787 καὶ

452 4839 554 4909 τῆς
586 4835 752 4892 αὑτοῦ
778 4836 1100 4906 συγγενείας
1126 4832 1414 4903 ἐφιέμενον
1436 4830 1583 4883 νεύει
1613 4826 1753 4899 πρὸς
1780 4824 1882 4895 τὴν
1913 4824 2038 4893 γῆνυ

447 4935 549 5004 τὴν
582 4931 763 5003 ψυχὴν
795 4932 854 4985 δὲ
876 4929 1013 4984 Θεοῦ
1046 4925 1364 4997 πνεύματος
1388 4922 1694 4993 ἀπόρροιαν
1723 4917 1821 4971 καὶ
1845 4913 2043 4987 μερίδα

448 5027 691 5099 κρείσσω
747 5024 1102 5097 ὑπάρχουσαν
1130 5057 1146 5083 ,
1190 5018 1287 5072 καὶ
1347 5014 1518 5086 αὐτὴν
1554 5013 1631 5078 ὡς
1668 5010 1888 5065 οἰκείων
1929 5005 2044 5060 τῶν

447 5097 610 5173 θείων
646 5117 793 5189 ἔχειν
842 5114 943 5186 τὴν
977 5113 1165 5183 ἔφεσιν
1210 5109 1304 5163 καὶ
1349 5107 1439 5161 ἀεὶ⁵
1486 5105 1596 5165 τῶν
1646 5097 2039 5171 πνευματικῶν

447 5209 546 5264 καὶ
592 5205 861 5279 οὐρανίων
891 5204 1104 5258 ὠδίνειν
1136 5201 1236 5273 τὴν
1276 5195 1577 5268 ἐπιθυμίαν
1610 5192 1854 5263 ἀγαθῶν.

458 5300 558 5368 Ὠς
582 5298 782 5370 πηγῆς
800 5298 947 5369 ῥόος
969 5295 1146 5350 ἐστίν
1165 5334 1183 5358 ,
1216 5311 1271 5349 κ.
1302 5309 1354 5347 τ.
1390 5288 1468 5355 ἐξ.

521 5393 736 5462 Ὥσπερ
768 5391 798 5444 ὁ
838 5388 1024 5460 πηγῆς
1070 5384 1425 5457 ἐξαλλόμενος
1472 5379 1568 5436 τοῦ
1621 5378 1813 5442 ὓδατος
1892 5378 2036 5452 ,ῥοῦς

451 5483 596 5539 κατά
622 5484 865 5556 πρανοῦς
887 5482 1075 5553 τρέχει
1104 5479 1349 5550 φυσικῶς
1382 5475 1478 5531 ἐπὶ
1506 5474 1569 5529 τὸ
1602 5473 1892 5536 κάταντες,
1925 5470 2039 5542 πῦρ

522 5681 781 5753 (64)Βί11.
812 5678 1202 5753 animadvertit
1228 5673 1552 5753 Gregorium
1582 5671 1675 5727 hic
1703 5666 1949 5753 alludere
1967 5665 2036 5749 ad

452 5736 762 5809 Ριεὶίυέιέειὶὲζ
798 5752 892 5817 qui
927 5749 1201 5803 hominem
1244 5736 1699 5817 vnc‘etrraiyvton
1720 5738 1887 5817 Betim.
1909 5736 2038 5817 [mei

454 5833 585 5877 sont
620 5826 688 5878 de
705 5806 865 5887 Lego.
907 5820 1017 5883 1.1,
1055 5835 1107 5888 ιι.
1136 5817 1242 5888 stt
1274 5806 1956 5888 (p._e1_9_,'_s"cd._nctk.)
1987 5815 2041 5859 ct

455 5875 493 5948 l.
524 5908 623 5960 vn,
659 5875 712 5963 ᾖν.
732 5875 840 5948 δὸό
863 5889 926 5947 C.
961 5875 1180 5961 32,
1205 5886 1238 5943 5
1262 5875 1350 5942 ed.
1377 5882 1569 5952 Bckk.)
1596 5875 1832 5936 V.ctiam
1865 5892 2032 5949 supra

1475 416 1545 472 IN
1562 414 1881 474 CARMINA
1916 416 2199 474 ARCANA
2239 416 2298 472 S.
2335 411 2687 472 GREGORII.

3615 413 3721 471 758

2129 533 2371 599 videtur,
2411 532 2657 587 ﬂuminis
2708 535 2975 599 perpetuo
3021 528 3303 584 currentis
3352 536 3407 583 et
3443 543 3661 600 semper
3687 547 3719 585 a

2130 625 2416 696 praeterito
2450 622 2755 686 redeuntis,
2782 620 2994 692 jugitcr
3032 621 3222 691 agitati
3256 628 3315 675 et
3346 620 3481 675 nihil
3522 623 3724 678 stabile

2130 713 2410 778 habentis,
2443 714 2651 768 nullam
2678 712 2853 783 ipsius
2881 718 3096 782 partem
3128 710 3338 765 ﬁrmam
3353 712 3722 771 ostendentis.

2129 803 2321 862 Pulvis
2364 804 2689 862 aestimanda
2736 811 2823 861 est
2883 809 2998 859 tota
3040 803 3178 866 vita,
3230 818 3385 859 meos
3433 803 3725 861 obcaecans

2133 898 2330 953 oculos
2379 907 2436 952 et
2484 896 2742 952 tenebras
2784 895 3163 965 intelligentia:
3217 894 3495 967 ingerens,
3546 896 3621 951 ita
3665 905 3727 952 ut

2129 988 2295 1060 longe
2319 1002 2350 1042 a
2379 988 2476 1044 Dei
2509 987 2907 1059 splendoribus
2941 988 3149 1043 cadens
3183 997 3239 1043 et
3271 1002 3542 1044 caecorum
3574 1004 3729 1044 more

2130 1084 2325 1138 muros
2355 1089 2679 1152 pertentans
2723 1089 2780 1136 et
2817 1079 2901 1136 sic
2930 1078 3005 1134 ibi
3051 1080 3109 1135 in
3150 1080 3463 1136 ratiociniis
3506 1094 3724 1147 errans,

2130 1186 2332 1244 magna
2358 1171 2415 1227 in
2444 1168 2674 1229 Christo
2703 1169 2816 1225 vita
2851 1168 3211 1226 frustrandus
3242 1169 3369 1226 sint.

2131 1351 2352 1408 Audebo
2375 1350 2696 1423 allegoriam
2721 1331 3036 1421 quamdam,
3064 1355 3123 1405 et
3145 1362 3267 1419 seq.

2204 1443 2490 1500 Excedens
2520 1440 2797 1513 quoddam
2835 1440 3068 1497 verbum
3110 1439 3366 1511 proferre
3405 1439 3542 1495 mihi
3589 1454 3724 1496 con-

2130 1536 2284 1591 venit
2325 1543 2383 1591 et
2411 1549 2645 1598 verum;
2690 1532 2903 1589 idcirco
2945 1533 3161 1589 audens
3203 1546 3478 1601 exponam
3517 1530 3725 1598 :Quasi

2133 1625 2435 1681 ludibrium
2458 1624 2556 1678 Dei
2587 1624 2777 1689 homo,
2806 1632 2863 1678 et
2898 1621 3367 1693 quemadmodum
3397 1621 3543 1678 inter
3574 1629 3729 1677 vetc-

2131 1730 2224 1773 res
2242 1715 2576 1787 quibusdam
2602 1714 2658 1769 in
2687 1712 3009 1769 civitatibus
3027 1712 3353 1768 exercitatio
3383 1721 3525 1778 erat,
3546 1726 3728 1782 perso-

2133 1824 2237 1865 nas
2263 1810 2409 1865 enim
2429 1807 2762 1864 exhibebant
2797 1806 3052 1872 divitum,
3088 1821 3416 1879 pauperum,
3449 1822 3642 1878 regum
3673 1813 3729 1862 et

2133 1901 2362 1967 ducum,
2396 1902 2730 1971 sapientium
2763 1907 2820 1956 et
2849 1901 3255 1972 insipientium,
3284 1900 3535 1955 virorum
3569 1898 3727 1953 simi-

2133 1991 2258 2048 liter
2287 1998 2344 2048 et
2384 1991 2704 2057 mulierum,
2734 1990 2904 2046 etiam
2938 1990 3175 2046 theatris
3217 1990 3559 2047 assistebant
3588 1997 3644 2045 et
3671 1993 3727 2044 in

2133 2083 2354 2151 scenis;
2400 2083 2520 2140 haec
2564 2083 2661 2152 qui
2707 2083 3010 2149 curabant,
3060 2098 3355 2155 personam
3403 2082 3644 2155 agebant
3672 2089 3729 2139 et

2133 2176 2461 2233 destinatam
2547 2178 2697 2232 sicut
2789 2175 3020 2232 exerciti
3067 2175 3291 2231 fuerant
3330 2176 3606 2232 actionem
3630 2191 3729 2230 co-

2132 2285 2252 2326 ram
2286 2268 2550 2326 omnibus
2602 2268 2916 2324 tractabant
2956 2276 3014 2324 et
3060 2278 3322 2324 accurate
3349 2268 3498 2324 sicut
3543 2267 3726 2334 decet,

2128 2360 2286 2432 juxta
2314 2366 2556 2416 veterem
2587 2357 2879 2414 historiam
2931 2366 3052 2415 arte
3090 2359 3317 2430 propria
3358 2366 3731 2429 repraesenta-

2133 2453 2339 2508 tionem
2358 2449 2692 2508 suﬂicienter
2707 2449 3176 2521 exsequebantur,
3200 2451 3283 2505 sic
3299 2449 3538 2505 ollieium
3563 2451 3634 2506 ab
3655 2450 3731 2520 ip-
3795 2438 3800 2444 ’

2133 2545 2213 2601 sis
2247 2550 2566 2614 susceptum
2595 2550 2760 2613 prout
2789 2542 3036 2613 ipsorum
3072 2542 3347 2613 cujusque
3380 2550 3501 2597 erat
3528 2557 3642 2612 prae
3666 2558 3731 2598 se

2135 2635 2410 2699 ferebant,
2458 2632 2660 2690 deinde
2703 2633 2760 2689 in
2809 2635 3034 2689 domum
3074 2633 3432 2690 recedebant.
3464 2632 3559 2688 Sic
3595 2648 3730 2703 ergo

2133 2735 2189 2785 et
2214 2727 2270 2783 in
2300 2728 2411 2783 vita
2441 2727 2586 2782 alius
2618 2725 2766 2782 aliud
2799 2725 3044 2782 studium
3087 2727 3155 2781 ad
3201 2725 3347 2797 quod
3380 2726 3487 2781 fert
3513 2724 3731 2783 indoles

2134 2827 2353 2875 exercet
2377 2827 2432 2875 et
2454 2817 2613 2889 quasi
2650 2817 2705 2873 in
2733 2832 2898 2874 scena
2925 2827 2981 2875 et
3022 2817 3264 2881 theatro,
3296 2826 3564 2889 quantum
3588 2820 3644 2874 in
3671 2835 3733 2876 se

2134 2917 2222 2967 est
2252 2910 2529 2966 actionem
2557 2910 2784 2966 virtutis
2808 2918 2903 2965 aut
2931 2910 3194 2982 nequitia:
3219 2911 3732 2981 reprazsentationis

2138 3001 2317 3058 instar
2345 3002 2672 3067 ostendit,et
2703 3009 2996 3074 postquam
3037 3004 3231 3058 mundi
3264 3003 3437 3074 ﬁgura
3463 3018 3564 3074 pro
3594 3004 3734 3075 ipsis

2135 3103 2317 3151 morte
2373 3093 2659 3166 praeteriit,
2713 3093 2898 3150 subito
2935 3095 3075 3149 tales
3126 3094 3321 3164 quales
3363 3102 3562 3149 natura
3594 3106 3732 3151 sunt

2136 3203 2332 3243 omnes
2353 3194 2708 3258 apparentes,
2737 3186 2819 3242 sic
2852 3186 2988 3242 nudi
3019 3187 3091 3242 ab
3128 3187 3281 3242 omni
3314 3187 3441 3242 fuco
3471 3187 3602 3243 inde
3634 3203 3730 3243 ce-

2136 3278 2276 3332 dunt
2306 3276 2446 3333 etin
2485 3276 2670 3331 locum
2716 3274 3058 3331 destinatum
3113 3275 3350 3343 abeunt;
3395 3290 3461 3332 ea
3494 3275 3731 3330 misero-

2133 3385 2258 3426 rum
2294 3368 2610 3426 mortalium
2640 3368 2777 3434 vita,
2798 3375 2853 3424 et
2870 3368 2926 3423 hi
2950 3368 3488 3440 quibusinsipientis
3520 3376 3576 3424 ct
3609 3369 3732 3424 ina-

2137 3464 2226 3521 nis
2254 3462 2445 3519 mundi
2480 3461 2648 3532 hujus
2678 3477 2807 3533 spes
2842 3461 3188 3519 delectabilis
3216 3468 3304 3518 est
3343 3469 3398 3518 et
3435 3462 3586 3519 omni
3629 3476 3735 3533 ope

2139 3571 2389 3629 curaque
2442 3555 2811 3628 exquirenda,
2852 3570 2917 3611 ea
2957 3570 3083 3627 qua:
3125 3563 3404 3610 vocantur
3443 3553 3649 3610 divitiae
3678 3561 3736 3609 et

2138 3649 2451 3720 voluptates
2504 3655 2560 3703 et
2616 3647 2851 3705 delicias
2903 3657 2959 3703 et
3013 3647 3220 3718 glorias
3275 3645 3553 3702 modicum
3606 3645 3736 3701 vita:

2139 3752 2362 3814 tempus
2389 3741 2719 3808 exaltantes,
2751 3739 2944 3796 ludant
2970 3748 3024 3796 et
3057 3738 3339 3795 ludantur.

2141 3921 2247 3976 M7
2285 3919 2400 3992 Ego
2434 3936 2578 3989 vero,
2622 3918 2898 3976 Christum
2933 3919 3237 3988 amplexus,
3268 3924 3378 3973 etc.

2212 4009 2317 4077 Qui
2349 4009 2572 4080 quidem
2612 4025 2735 4081 quae
2789 4024 2958 4080 super
2998 4016 3203 4064 terram
3254 4016 3386 4066 sunt
3426 4008 3653 4079 sapiunt
3681 4017 3738 4063 et

2140 4101 2289 4157 ﬂuxa
2311 4099 2529 4156 fortiter
2560 4100 2812 4155 ambiunt
2847 4100 2997 4156 dicto
3047 4115 3226 4167 more,
3278 4084 3418 4171 ipsis
3470 4100 3735 4171 placitum

2140 4192 2247 4248 iter
2280 4200 2531 4262 pergant.
2596 4190 2712 4263 Ego
2776 4207 2945 4257 vero,
3005 4192 3085 4246 ait
3148 4192 3434 4249 Christum
3506 4199 3738 4261 portans

2144 4282 2350 4347 anima,
2376 4280 2588 4338 Christi
2619 4282 2795 4338 amori
2841 4283 3157 4348 adhaerens,
3194 4298 3306 4339 non
3346 4283 3581 4340 cessabo
3611 4283 3738 4338 vin-

2143 4374 2333 4432 culum
2372 4374 2596 4430 vinculo
2643 4375 2975 4448 adiungens,
3019 4377 3155 4447 quin
3194 4376 3408 4431 carnali
3460 4374 3574 4431 vita
3629 4376 3738 4433 ista

2145 4466 2327 4521 soluta
2367 4481 2586 4522 summo
2624 4477 2756 4524 voto
2788 4469 3017 4523 omnino
3044 4466 3313 4538 conligar.
3360 4465 3608 4538 Namque
3636 4469 3742 4523 du~

2144 4559 2271 4629 plex
2299 4560 2393 4630 qui
2426 4576 2548 4616 sum
2594 4570 2815 4626 natura,
2862 4568 3123 4618 terrenus
3161 4562 3324 4618 simul
3371 4568 3428 4617 et
3468 4560 3738 4627 cmlestis,

2142 4667 2351 4724 corpus
2385 4654 2607 4724 quidem
2657 4653 2790 4709 hinc
2837 4668 2870 4710 e
2932 4661 3083 4709 terra
3139 4653 3317 4709 habeo
3372 4654 3741 4724 plasmatum;

2140 4744 2377 4816 ideoque
2435 4746 2700 4802 aliinitate
2742 4747 2969 4818 propria
3017 4747 3259 4817 cupiens.
3288 4747 3467 4803 tendit
3510 4746 3578 4801 ad
3630 4753 3747 4801 ter-

2140 4851 2296 4904 ram;
2333 4837 2575 4893 animam
2627 4855 2760 4895 vero
2810 4841 2901 4896 Dei
2950 4840 3189 4911 spiritus
3231 4838 3641 4894 emanationem
3684 4846 3744 4892 et

2138 4934 2349 4998 partem
2396 4931 2826 4999 praecellentem,
2878 4948 3047 5003 quam
3096 4931 3414 4987 divinorum
3447 4930 3604 4999 quasi
3634 4930 3745 5000 ipsi

2142 5018 2496 5088 propriorum
2528 5018 2809 5076 desideria
2843 5031 3056 5087 tenent,
3092 5036 3424 5092 semperque
3478 5020 3743 5091 spiritua-

2145 5107 2280 5162 lium
2311 5116 2477 5178 atque
2505 5109 2818 5166 caelestium
2864 5113 3126 5184 appetitio
3173 5114 3444 5171 bonorum
3471 5111 3736 5168 incendit.

2147 5286 2301 5341 Sicut
2331 5283 2493 5354 fontis
2528 5284 2730 5339 rivulus
2757 5293 2925 5349 est,et
2959 5301 3079 5358 seq.

2219 5376 2380 5434 Sicut
2400 5375 2570 5433 fontis
2607 5377 2858 5433 salientis
2900 5378 3061 5433 unda:
3095 5378 3309 5436 rivulus
3349 5392 3595 5449 praeceps
3638 5391 3736 5429 na—

2144 5469 2400 5526 turaliter
2431 5467 2499 5525 ad
2527 5467 2893 5525 declivitatem
2925 5469 3121 5533 currit,
3158 5477 3215 5525 et
3242 5468 3389 5540 ignis
3418 5480 3586 5520 urens
3607 5479 3740 5535 pro-

2147 5665 2447 5739 rt._&parﬁc
2482 5681 2536 5739 _v.
2579 5618 3120 5739 105_etlloi_ssonad.
3158 5662 3225 5717 ad
3270 5656 3602 5731 Gregorium
3625 5656 3733 5730 Cy.-

2150 5733 2329 5807 priuin
2369 5733 2422 5790 in
2461 5734 2843 5807 Aneod.(-'r.l._
2869 5733 2996 5789 545.

2222 5802 2333 5877 (ϋό)
2358 5808 2492 5866 Cod.
2532 5804 2988 5878 κατατρυφόντες.
