4082 6434
371 480 476 533 759

368 593 541 663 priam
575 591 994 647 immutabiliter
1023 593 1176 647 novit
1216 593 1357 648 viam
1391 593 1621 650 saeviens
1660 596 1716 650 in
1752 597 1948 663 altum,

366 681 449 737 ale
468 690 523 736 et
554 681 720 736 homo
749 695 982 752 magnus
1012 684 1107 751 qui
1149 684 1322 754 magis
1350 700 1473 754 qua:
1508 683 1602 739 Dei
1627 695 1758 741 sunt
1787 702 1950 757 quam

369 789 492 842 ηιιω
520 775 773 828 cnam-is
815 782 947 830 sunt
997 776 1159 845 sapit,
1207 784 1261 830 et
1294 778 1525 848 angelus
1557 786 1724 844 esset,
1754 779 1800 834 si
1831 796 1953 835 scr-

368 868 550 938 pentis
570 867 769 930 instar,
801 867 959 936 quasi
997 874 1337 923 senectutem
1371 869 1712 925 maeulosam
1737 873 1953 941 passin-

369 974 499 1012 num
543 960 597 1013 in
629 969 779 1014 arcta
805 969 858 1014 et
884 967 1116 1029 angusta
1153 960 1238 1014 via
1282 970 1464 1017 cutem
1506 973 1601 1017 aut
1627 963 1952 1019 deformita-

371 1059 477 1105 tem
534 1050 780 1121 apprime
835 1050 1093 1119 rejicicns
1132 1060 1187 1108 et
1221 1054 1562 1122 spiritualem
1611 1055 1952 1125 juventutem

370 1157 668 1207 renovans,
712 1143 793 1197 sic
832 1140 897 1195 ad
957 1143 1132 1197 cmlos
1180 1144 1560 1201 ascensionem
1615 1146 1766 1200 nullo
1794 1146 1956 1201 modo

373 1234 806 1305 retrospieiendo
838 1234 1147 1304 perfecerit.

376 1421 420 1474 0
450 1419 773 1482 sacerdotes.
799 1428 1024 1486 stnpete,
1049 1427 1159 1474 etc.

442 1509 487 1566 Ο
508 1509 772 1580 episcOpi,
790 1511 945 1565 vobis
964 1512 1183 1581 loquor,
1201 1511 1296 1579 qui
1322 1512 1596 1566 vocamini
1616 1512 1954 1577 sacerdotes,

374 1617 473 1656 nec
503 1598 630 1657 vere
661 1603 798 1657 estis
853 1603 925 1657 ob
960 1602 1222 1656 invidiam
1265 1602 1325 1656 in
1367 1601 1524 1656 vobis
1552 1602 1955 1666 dominantem,

370 1705 426 1749 et
457 1709 492 1748 o
517 1694 681 1750 vieini
717 1694 929 1759 miseri,
963 1695 1055 1765 qui
1086 1693 1231 1748 dona
1255 1694 1586 1750 aversamini
1610 1701 1664 1749 et
1696 1710 1797 1749 nos
1814 1694 1957 1748 mala

370 1801 533 1856 agere
565 1787 809 1841 volentes
848 1786 1224 1857 suspicamini,
1267 1786 1583 1856 frustraque
1617 1794 1673 1840 et
1698 1794 1957 1857 tanquam

374 1875 602 1931 fortuito
650 1876 877 1943 timetis,
925 1878 1197 1933 exsultate
1227 1884 1282 1930 et.
1324 1883 1563 1947 stuprte,
1608 1877 1961 1933 vehementer

374 1968 610 2038 gaudete
645 1984 659 2020 :
690 1983 757 2022 en
791 1967 999 2022 morior
1034 1967 1185 2022 omni
1218 1968 1444 2031 saaculo,
1480 1982 1580 2021 nec
1612 1968 1851 2038 amplius
1874 1982 1961 2022 me

376 2067 435 2112 nt
468 2059 624 2129 prius
664 2058 964 2114 timebitis.
1003 2057 1111 2119 Vos
1160 2074 1291 2129 ergo
1335 2074 1433 2131 per
1463 2058 1577 2113 haec
1620 2074 1742 2127 qua:
1781 2055 1963 2112 facitis

376 2158 541 2221 atque
565 2151 633 2205 de
668 2151 827 2206 nobis
858 2151 1137 2222 cogitatis,
1184 2151 1340 2205 vobis
1385 2150 1523 2222 ipsis
1571 2150 1737 2222 Regis
1767 2164 1958 2221 regum

376 2239 470 2295 Dei
520 2240 960 2295 misericordiam
1023 2240 1392 2297 intercluditis
1429 2250 1483 2298 et
1522 2242 1815 2313 appilatis;
1859 2256 1963 2311 ego

380 2346 507 2386 vero
543 2332 709 2398 hujus
743 2332 932 2387 mundi
962 2344 1162 2388 cuncta
1210 2349 1423 2404 vosque
1462 2350 1656 2390 omnes
1707 2334 1962 2404 linquens

377 2437 542 2477 unam
601 2423 772 2478 habeo
826 2439 963 2480 mea:
1006 2426 1134 2480 vitae
1181 2427 1500 2481 columnam
1557 2425 1961 2479 illuminantem

376 2516 586 2571 Christi
604 2532 848 2573 erucem.
875 2518 932 2574 Si
956 2519 1124 2589 igitur
1147 2528 1203 2575 et
1231 2519 1356 2577 inde
1381 2520 1538 2576 exsul
1569 2519 1729 2590 longe
1748 2533 1780 2571 a
1807 2516 1965 2572 vobis

379 2608 489 2661 alio
534 2610 805 2679 relegatus
850 2609 1067 2676 fuerim,
1097 2600 1157 2667 et
1210 2612 1606 2667 sacriﬁciorum
1654 2609 1963 2665 cmlcstiu'm

380 2701 599 2769 superis
665 2702 719 2755 in
775 2702 1095 2771 regionibus
1149 2700 1417 2774 tetigerim
1462 2704 1657 2767 altare,
1698 2715 1810 2771 quo
1852 2714 1964 2753 non

381 2794 668 2863 appropiat
708 2795 911 2847 malum
946 2794 1119 2849 latens
1154 2795 1382 2857 invidia,
1417 2794 1492 2849 ibi
1515 2810 1647 2864 ergo
1662 2793 1967 2848 collocatus

381 2893 437 2938 et
466 2899 568 2954 pro
600 2884 971 2938 inridentibus
1007 2885 1164 2953 ipsis,
1215 2885 1261 2940 si
1306 2885 1381 2939 ita
1426 2884 1577 2955 loqui
1602 2883 1816 2954 justum
1866 2882 1963 2943 sit,

383 2975 647 3030 invidiam
681 2976 933 3029 nesciens
965 2977 1157 3030 orabo.

386 3068 411 3123 1
454 3068 590 3134 Quis
612 3068 768 3120 sum?
800 3066 939 3121 unde
982 3069 1035 3121 in
1079 3077 1239 3121 vitam
1270 3068 1427 3121 veni?
1454 3075 1562 3122 etc.

452 3158 651 3213 Adhuc
678 3166 734 3213 et
770 3174 869 3228 per
900 3159 1180 3228 expositos
1214 3158 1315 3213 bos
1352 3174 1565 3225 versus,
1595 3159 1753 3213 valde
1782 3159 1964 3229 philo‘

382 3252 629 3319 sopbans
659 3260 853 3305 sancta
912 3250 1118 3311 anima,
1152 3248 1439 3304 stultitiam
1487 3259 1543 3305 et
1580 3239 1964 3320 insipientiam

384 3342 602 3397 illorum
635 3342 730 3410 qui
770 3341 1147 3397 indesinenter
1193 3341 1642 3412 possessionibus
1681 3341 1969 3396 defuncto-

386 3451 507 3490 rum
545 3435 700 3489 avide
736 3433 988 3497 inhiant,
1016 3432 1315 3502 reprimere
1344 3439 1518 3486 tentat
1560 3438 1614 3483 et
1652 3428 1851 3483 docere
1877 3443 1974 3484 eos

387 3527 481 3595 qui
540 3526 737 3580 audire
790 3526 1017 3589 volunt,
1077 3523 1204 3578 vitae
1254 3520 1542 3593 praesentis
1596 3520 1973 3575 transitorium

385 3629 442 3674 et
495 3618 750 3673 instabile
786 3624 835 3671 et
870 3615 1162 3668 vilitatem.
1216 3630 1232 3664 ι
1285 3611 1461 3679 Quis?
1499 3608 1653 3663 Unde
1682 3609 1867 3662 oriens
1918 3607 1973 3662 in

388 3712 557 3765 vitam
592 3709 756 3764 veni?
795 3727 814 3760 ι
851 3709 1076 3777 dignum
1100 3746 1116 3771 ,
1149 3706 1346 3777 inquit,
1391 3703 1538 3774 quod
1591 3703 1768 3771 primo
1799 3701 1974 3756 medi--

393 3808 475 3853 ter
501 3800 631 3869 quia
676 3798 812 3852 nihil
856 3813 1003 3860 sum,
1036 3797 1231 3852 deinde
1260 3812 1369 3850 uno
1400 3795 1568 3850 verbo
1599 3793 1814 3856 dicam,
1846 3793 1975 3862 quia

390 3883 483 3954 qui
527 3900 635 3938 non
684 3900 834 3938 eram
877 3901 969 3955 per
1025 3884 1119 3940 Dei
1170 3885 1426 3941 altissimi
1472 3886 1867 3955 providentiam
1902 3886 1971 3939 ad

388 3974 764 4029 conditionem
797 3976 1119 4033 exsistentis
1144 3992 1243 4047 per
1264 3977 1602 4032 nativitatem
1630 3977 1775 4036 veni.
1796 3980 1974 4049 Opor-

390 4072 468 4119 tet
496 4063 664 4130 etiam
692 4064 1089 4134 subsequentia
1108 4080 1338 4135 prorsus
1365 4065 1749 4129 considerare,
1776 4083 1974 4135 nempe

389 4172 516 4211 cum
554 4166 698 4210 terra
742 4156 1035 4223 efﬂuxerit,
1091 4158 1219 4227 quis
1259 4159 1459 4212 iterum
1505 4173 1603 4212 ero
1653 4165 1975 4230 resurgente

387 4251 613 4321 pulvere
660 4265 781 4305 meo
831 4249 976 4306 sicut
1015 4265 1196 4321 spero,
1251 4265 1363 4321 quo
1411 4258 1563 4306 statu
1620 4266 1709 4306 me
1739 4254 1976 4309 Creator

388 4358 559 4413 agens
597 4343 803 4413 ponet?
843 4340 983 4396 Num
1049 4341 1196 4397 sicut
1244 4358 1274 4396 a
1326 4343 1462 4396 mari
1526 4349 1581 4397 et
1632 4340 1912 4405 ﬂuctibus,
1944 4356 1974 4395 a

388 4436 515 4490 vitae
550 4434 962 4505 impedimentis
1006 4433 1275 4488 liberatus
1326 4442 1381 4487 et
1430 4434 1690 4496 tumultu,
1729 4433 1891 4504 quasi
1918 4432 1975 4485 in

391 4537 608 4600 portum
667 4530 874 4583 bonum
944 4542 1031 4581 nte
1102 4525 1368 4580 invehens
1413 4524 1685 4579 salvabit?
1731 4523 1978 4594 Namque

392 4619 579 4672 multae
612 4617 779 4686 hujus
810 4616 936 4670 vitae
992 4614 1246 4685 plurimis
1299 4613 1539 4669 miseriis
1583 4614 1835 4669 obnoxiae
1876 4615 1979 4669 vim

393 4720 546 4771 sunt,
573 4719 628 4764 et
660 4709 817 4762 multi
846 4709 900 4762 in
930 4708 1040 4762 vita
1072 4706 1344 4775 corporali
1378 4720 1594 4772 mores;
1631 4705 1722 4760 alii
1759 4707 1813 4761 in
1840 4708 1978 4764 alios

392 4802 613 4856 dolores
644 4807 697 4853 et
727 4813 1005 4853 aerumnas
1034 4798 1172 4851 alias
1199 4795 1513 4850 inciderunt
1541 4804 1594 4852 et
1620 4796 1755 4851 nihil
1784 4813 1973 4852 eorum

392 4910 514 4963 qua:
546 4892 687 4963 apud
729 4892 980 4946 homines
1024 4890 1369 4945 azstimantur
1402 4890 1540 4942 bona
1582 4889 1827 4945 immune
1857 4905 1977 4944 orn-

393 4987 525 5039 nino
556 4984 765 5038 malitia
792 4993 845 5037 et
896 4983 1211 5036 calamitate
1260 4981 1569 5046 invenitur;
1596 4980 1864 5051 optiumm
1889 4997 1976 5037 cs-

394 5085 479 5131 set
509 5085 563 5129 et
591 5077 733 5130 votis
765 5076 1015 5144 dignum,
1047 5074 1092 5128 si
1134 5090 1240 5126 non
1280 5082 1564 5143 praestaret
1615 5074 1972 5129 molestorum

396 5187 525 5241 pars
560 5179 714 5240 parte
742 5169 1008 5223 dulcium.
1040 5167 1174 5222 Nam
1211 5168 1290 5222 sic
1321 5168 1612 5237 indagatnr
1640 5186 1663 5224 τ,

465 5352 579 5421 κϐϐ)
607 5350 809 5404 Allmlit
840 5351 908 5421 ad
932 5350 1075 5403 illam
1110 5349 1629 5421 nubisrcolumnam,
1662 5366 1784 5419 quae
1808 5349 1978 5404 Israe-

395 5420 510 5477 litis
551 5424 681 5475 olim
714 5438 778 5475 ex
810 5420 1044 5491 IEgvpto
1077 5420 1317 5490 egressis
1361 5421 1463 5474 iter
1497 5421 1973 5489 prmmonstrahat,

395 5508 448 5548 ν.
482 5493 653 5548 Exod.
685 5509 735 5547 c.
769 5507 891 5545 xm.
932 5492 1083 5545 Βιιι..

467 5565 580 5635 (67)
616 5566 678 5635 in
710 5562 900 5615 codice
949 5563 1095 5616 nulla
1142 5560 1431 5635 inscriptio
1472 5567 1553 5614 est
1585 5558 1750 5635 huius
1776 5558 1977 5635 carmi-

398 5636 484 5689 nis
512 5630 571 5687 et
610 5633 832 5687 Nieetas
864 5647 1084 5701 quoque
1140 5632 1243 5684 hoc
1291 5645 1416 5682 eum
1462 5630 1790 5698 praecedenti
1844 5644 1978 5701 eon-

393 5702 645 5771 jnnctnm
682 5699 944 5771 tanquam
978 5699 1146 5758 unrtm
1193 5714 1418 5771 carmen
1462 5702 1878 5771 interpretatur.
1918 5699 1974 5752 ln

400 5768 681 5825 eniti-nd.
711 5768 809 5825 τοις
834 5773 903 5826 56
937 5788 982 5825 ι’.
1017 5770 1337 5825 inscribitur
1365 5786 1377 5820 :
1413 5768 1549 5837 Περὶ
1577 5768 1676 5835 τῆς
1706 5768 1814 5819 τῶν
1836 5785 1977 5837 παρ-

401 5842 572 5891 έντων
615 5843 967 5907 ματαιότητος
993 5857 1005 5870 σ
1037 5837 1559 5907 apud_Billiumest
1603 5852 1827 5891 carmen
1873 5837 1969 5891 15'

403 5906 543 5982 Περὶ
570 5905 678 5962 τῶν
708 5908 797 5961 τοῦ
838 5905 952 5975 βίον
986 5909 1115 5962 ὁδῶν
1141 5924 1150 5934 ⁸
1181 5905 1259 5958 De
1296 5907 1412 5959 vita:
1446 5906 1722 5960 itincribus
1775 5908 1850 5978 (p.
1872 5907 1975 5963 945

1753 479 2050 536 NICETAS
2081 481 2288 538 D.\\'lD

3529 477 3643 535 ’ἶϐίν

2052 599 2109 652 δὲ
2136 600 2389 669 φλογίζον
2426 602 2525 671 τὴν
2556 600 2692 654 ἰδίειν
2722 598 3122 671 ἀμετατρόπως
3148 596 3268 652 ὁδὸν
3305 593 3448 653 οἶδεν
3470 596 3635 651 ἀλλό-

2056 708 2214 761 μενον
2238 692 2333 745 ἐπὶ
2356 691 2418 746 τὸ
2445 692 2671 758 ἄναντες
2689 710 2700 722 ·
2731 690 2875 746 οὕτω
2897 692 2991 745 καὶ
3018 690 3305 764 ἄνθρωπος
3332 689 3508 761 μέγας
3526 729 3542 751 ,
3569 688 3645 753 ὃς

2054 784 2255 853 μᾶλλον
2274 785 2342 838 τά
2368 785 2462 839 τοῦ
2500 778 2700 855 Θεοιῖἢ
2732 784 2801 837 τά
2830 784 2926 836 τοῦ
2953 782 3203 852 σώματος
3237 784 3447 853 φρονεῖ,
3476 773 3646 843 οὗτος

2052 876 2149 930 καὶ
2187 876 2417 946 ἄγγελος
2465 875 2533 930 ἀν
2564 875 2649 945 εἴη
2670 914 2686 937 .
2724 876 2839 942 εῖγε
2879 874 3131 944 καθάπερ
3160 873 3286 942 ὃφις
3315 867 3405 925 οἷα
3451 872 3643 942 γῆρας

2053 968 2414 1022 κατάστικτον
2442 966 2540 1038 τὴν
2568 966 2678 1020 τῶν
2706 965 2897 1019 παθῶν
2917 965 3005 1018 διά
3030 965 3132 1034 τῆς
3167 966 3360 1034 στενῆς
3386 961 3508 1015 ὁδοῦ
3538 961 3645 1015 καὶ

2051 1058 2415 1130 τεθλιμμένης
2442 1056 2732 1129 λεϐηρίδα,
2764 1057 2883 1126 ἦτοι
2914 1053 3116 1117 κιλίδα,
3147 1052 3330 1115 καλῶς
3357 1051 3642 1115 ἀποξυσά-

2058 1167 2218 1222 μενος
2250 1149 2346 1203 καὶ
2382 1149 2483 1220 τὴν
2528 1146 2906 1218 πνευματικὴν
2956 1144 3172 1216 ἠλικίαν
3202 1140 3643 1203 ἀνακαινισθεὶς,

2053 1242 2198 1298 οὕτω
2245 1243 2347 1314 τὴν
2401 1243 2483 1306 είς
2538 1241 2803 1311 οὐρανοὺς
2859 1238 3271 1310 ἀμεταστρεπτὶ
3328 1234 3649 1300 ἐξανύσειεν

2056 1337 2337 1391 ἀνάϐασιν.

2056 1423 2125 1481 Ὦ
2158 1426 2476 1490 adﬂeat?)
2487 1424 2681 1494 ἱερῆες
2704 1464 2720 1489 ,
2764 1442 2818 1477 κ.
2851 1441 2901 1477 τ.
2930 1425 3009 1489 ἐξ.

2122 1518 2191 1572 Ὢ
2222 1518 2530 1582 ἐπίσκοποι,
2554 1517 2683 1587 ὑμῖν
2702 1517 2848 1585 λέγω
2869 1519 2980 1577 τοῖς
2999 1513 3351 1584 καλουμένοις
3374 1510 3649 1584 ἱερεῦσιν,

2056 1612 2156 1664 οὐκ
2185 1608 2401 1680 ἀληθῶς
2421 1608 2480 1663 δὲ
2506 1602 2626 1662 οὖσι
2655 1606 2736 1679 τῷ
2766 1606 2873 1660 ὑπὸ
2900 1605 3094 1675 φθόνου
3131 1600 3511 1673 τυραννεῖσθαι
3533 1641 3548 1664 ,
3590 1594 3647 1653 ὦ

2057 1702 2153 1756 καὶ
2202 1701 2442 1771 γείτονες
2474 1697 2738 1769 πονηροὶ,
2768 1699 2816 1750 οί
2863 1695 3071 1769 δωρεὰν
3099 1693 3385 1779 μισοῦντες
3419 1692 3513 1745 καὶ
3559 1691 3649 1753 ὡς

2059 1791 2373 1845 κακοποιεῖν
2395 1788 2544 1859 ἡμᾶς
2565 1785 2924 1857 βουλομένους
2946 1782 3346 1846 ὑποπτεύοντες
3368 1782 3461 1835 καὶ
3479 1779 3649 1833 δεδιὸ-

2056 1901 2149 1947 τες
2181 1882 2305 1952 εἰκῆ
2339 1882 2434 1935 καὶ
2467 1879 2665 1952 μάτην,
2695 1877 2922 1932 ἃλλεσθε
2950 1876 3046 1931 καὶ
3076 1875 3340 1931 πάλλεσθε
3365 1914 3381 1935 ,
3416 1873 3649 1943 χαίρετε

2060 1977 2263 2048 σφόδρα
2283 1992 2297 2006 ’
2332 1974 2441 2028 ἰδοὺ
2468 1971 2580 2041 ἐγὼ
2619 1970 2856 2040 τέθνηκα
2890 1968 3055 2023 παντὶ
3079 1967 3157 2039 τῷ
3191 1968 3291 2038 βίῳ
3322 1966 3416 2020 xai.
3457 1962 3651 2018 οὐκέτι

2063 2088 2130 2141 με
2159 2070 2234 2133 ὡς
2261 2066 2321 2121 τὸ
2349 2066 2567 2137 πρῶτον
2587 2060 2988 2134 φοϐηθήσεσθε.
3035 2060 3227 2130 Ὑμεῖς
3259 2058 3357 2131 μὲν
3392 2053 3487 2111 οὖν
3507 2099 3524 2122 ,
3557 2049 3651 2120 οἷς

2062 2160 2336 2234 πράσσετε
2364 2157 2460 2211 καὶ
2486 2153 2570 2220 οἷς
2599 2155 2722 2209 καθ’
2744 2153 2904 2225 ἡμῶν
2934 2150 3254 2211 διανοεῖσθε,
3290 2148 3385 2203 τοῦ
3419 2147 3652 2217 παμϐα-

2061 2254 2253 2318 arise);
2277 2250 2415 2306 Θεοῦ
2439 2249 2532 2303 τὸν
2555 2248 2703 2302 ἔλεον
2731 2248 2944 2311 ἑαυτοῖς
2973 2244 3358 2316 ἀποφράσσετε
3378 2241 3476 2295 καὶ
3503 2242 3650 2293 ἀπο-

2061 2350 2268 2405 κλείετε
2294 2388 2312 2415 ,
2343 2346 2455 2417 ἐγὼ
2501 2345 2561 2399 δὲ
2614 2341 2844 2398 τάνθάδε
2892 2340 3072 2396 πάντα
3103 2338 3202 2391 καὶ
3252 2336 3463 2397 πάντας
3495 2335 3651 2403 ὑμᾶς

2060 2439 2364 2499 ἀπολιπὼν,
2395 2437 2557 2510 μόνον
2584 2435 2694 2507 ἔχω
2716 2435 2817 2504 τῆς
2849 2432 2989 2503 ἐμῆς
3016 2429 3163 2501 ζωῆς
3202 2427 3392 2481 στύλον
3422 2424 3652 2496 φαεινὸν

2062 2532 2303 2606 Χριστοῦ
2331 2531 2422 2585 τὸν
2452 2527 2685 2604 σταυρρν
2719 2525 2875 2595 (66)·
2914 2524 2965 2577 εί
2995 2522 3054 2576 δὲ
3095 2520 3192 2573 καὶ
3238 2515 3511 2588 μεταστάς
3556 2516 3648 2567 ἑν-

2060 2625 2252 2681 τεῦθεν
2273 2623 2365 2692 ἀφ’
2401 2620 2555 2694 ὑμῶν
2579 2614 3101 2691 μεταναστεύσαιμι,
3134 2611 3230 2664 καὶ
3251 2606 3452 2663 θυσιῶν
3475 2605 3645 2694 θυρα-

2064 2718 2192 2772 νίων
2221 2687 2409 2768 ἐπὶ-τὸ
2432 2687 2546 2765 ἀνω
2571 2687 2925 2783 προσάψομαι
2955 2700 3341 2771 θυσιαστήριον
3366 2735 3382 2759 ,
3412 2697 3470 2749 ἐν
3511 2687 3557 2761 ᾧ
3585 2694 3648 2747 τὸ

2063 2808 2327 2865 λανθάνον
2364 2805 2535 2860 κακὸν
2557 2804 2586 2856 ὁ
2618 2800 2811 2872 φθόνος
2843 2797 2945 2850 οὐκ
2979 2794 3208 2863 ἐγγίζει,
3242 2792 3359 2845 ἐκεῖ
3393 2788 3458 2859 δὴ
3486 2802 3647 2854 γεγο-

2064 2900 2170 2964 νὼς
2192 2900 2291 2954 καὶ
2323 2896 2463 2967 ὑπὲρ
2494 2895 2605 2949 τῶν
2634 2891 2975 2964 φθονούντων
3014 2885 3195 2941 αὐτῶν
3217 2924 3234 2949 ,
3280 2883 3397 2951 εἴγε
3425 2876 3647 2949 θεμιτὸν

2064 2990 2224 3045 τοῦτο
2247 2988 2433 3059 φάναι,
2460 2984 2709 3055 ἀφθόνως
2733 2978 3121 3053 ὑπερεύξομαι.

2071 3086 2093 3140 l
2138 3084 2236 3150 Τίς
2254 3099 2279 3148 ;
2300 3085 2486 3137 πόθεν
2511 3080 2577 3146 ἐς
2606 3078 2753 3143 βίον
2781 3075 2974 3143 ἦλθον
3003 3070 3149 3139 (67);
3174 3086 3228 3121 κ.
3253 3085 3305 3121 τ.
3336 3066 3387 3119 λ.

2140 3177 2263 3231 Ἔτι
2288 3174 2385 3229 καὶ¹
2418 3172 2509 3226 διά
2527 3170 2634 3224 τῶν
2652 3164 3050 3239 -προκειμένων
3078 3161 3284 3215 τούτων
3314 3156 3462 3211 ὲπῶν
3494 3157 3529 3226 ἡ
3559 3171 3645 3222 φι-

2065 3265 2418 3336 λοσοφωτάτη
2467 3260 2617 3332 ψυχὴ
2674 3258 2767 3313 καὶ
2822 3256 2955 3324 ἁγία
3010 3254 3110 3325 τὴν
3160 3250 3499 3323 ματαιότητα
3550 3244 3644 3299 καὶ

2067 3358 2253 3415 ἄνοιαν
2281 3354 2392 3407 τῶν
2418 3353 2549 3420 περὶ
2592 3350 2693 3423 τὴν
2741 3348 2933 3419 κτῆσιν
2961 3344 3070 3399 τῶν
3098 3341 3481 3412 ἀπολλυμένων
3508 3339 3642 3390 ἀκα-

2066 3450 2350 3522 τασχέτως
2379 3444 2699 3516 μεμηνότων
2720 3439 3050 3497 ἀνακόπτειν
3076 3476 3091 3496 ,
3126 3435 3218 3491 καὶ
3248 3432 3308 3485 τὸ
3334 3429 3632 3498 οὐδαμινὸν,

2070 3541 2166 3596 καὶ
2210 3538 2468 3612 ρευστὸν,
2501 3537 2596 3588 καὶ
2646 3531 2901 3586 ἀϐέϐαιον
2928 3528 3021 3584 τοῦ
3055 3527 3313 3600 παρόντος
3356 3522 3477 3612 βίου
3515 3536 3635 3612 παι-

2069 3633 2244 3687 δεύειν
2274 3630 2402 3691 τοὺς
2439 3625 2657 3681 ἀκούειν
2700 3622 2983 3685 ἐθέλοντας
3014 3611 3637 3692 πειρᾶται.‹Τίς;πόθεν
3711 3628 3716 3633 ·

2069 3722 2129 3785 ἐς
2154 3720 2269 3791 βίον
2291 3715 2481 3791 ἧλθονς
2497 3735 2515 3768 ι
2536 3713 2900 3783 ἄξιον,φησὶν,
2935 3713 3140 3766 ἐννοεῖν
3178 3706 3389 3778 πρῶτον
3412 3745 3427 3769 ,
3452 3703 3526 3767 ὡς
3554 3702 3643 3755 οὐ-

2068 3813 2159 3867 δὲν
2183 3811 2259 3867 ὢν
2285 3851 2302 3875 ,
2337 3810 2432 3865 καὶ
2452 3849 2467 3871 .
2491 3804 2746 3873 καθάπαξ
2769 3805 2944 3858 εἰπεῖν
2966 3842 2981 3866 ,
3012 3802 3113 3855 οὐκ
3133 3799 3207 3853 ὢν
3225 3838 3241 3861 ,
3274 3796 3361 3850 διὰ
3394 3791 3646 3864 προνοίας

2069 3903 2206 3960 Θεοῦ
2230 3903 2454 3973 ὑψίστου
2514 3902 2595 3962 εἰς
2624 3899 2686 3953 τὺ
2715 3893 2855 3950 εἶναι
2899 3895 2987 3950 διὰ
3025 3891 3291 3963 γενέσεως
3338 3885 3607 3961 προῆλθον
3628 3898 3642 3912 ⁶

2069 3994 2175 4069 χρὴ
2202 3993 2261 4048 δὲ
2290 3993 2385 4046 καὶ
2414 3991 2483 4045 τά
2519 3989 2813 4059 μετέπειτα
2840 3987 3059 4047 πάντως
3090 3982 3312 4036 σκοπεῖν
3333 4020 3347 4043 ,
3394 3977 3469 4038 ὡς
3497 3977 3646 4027 ἐπει-

2191 4086 2225 4156 ή
2252 4085 2327 4155 γῆ
2365 4082 2426 4136 τὸ
2457 4081 2587 4134 ἴδιον
2621 4079 2872 4148 κατάσχῃ
2896 4072 3154 4145 διαῤῥυὲν
3177 4111 3193 4135 ,
3226 4070 3310 4133 τίς
3339 4066 3501 4122 πάλιν
3531 4064 3650 4156 ἔσο-

2077 4190 2176 4245 μαι
2317 4152 2529 4233 ’κόνεως
2576 4166 2944 4236 ἀνισταμένης
2989 4179 3079 4233 μοι
3111 4202 3128 4227 ,
3156 4159 3299 4213 καθά
3326 4152 3649 4228 προσδοκῶ;

2073 4262 2153 4326 είς
2184 4265 2342 4315 ποῖαν
2362 4260 2417 4313 δέ
2454 4277 2521 4330 με
2556 4258 2889 4312 κατάστασιν
2918 4255 3067 4322 ἄγων
3098 4255 3126 4307 ὁ
3150 4249 3491 4321 Δημιουργδς
3524 4246 3652 4316 στή-

2076 4369 2193 4416 σεις
2224 4348 2335 4422 ἆρα
2363 4350 2474 4420 γάρ
2513 4350 2702 4419 ὥσπερ
2731 4348 2797 4400 ὲκ
2822 4344 3096 4414 θαλάσσης
3143 4343 3238 4395 καὶ
3266 4339 3531 4401 κλύδωνος
3558 4336 3655 4390 τοῦ

2077 4444 2192 4514 βίου
2220 4445 2316 4513 τῆς
2336 4441 2627 4513 περιολκῆς
2666 4436 3037 4508 ἐλευθερώσας
3073 4432 3168 4488 καὶ
3200 4432 3503 4503 περιφορᾶς
3527 4469 3543 4494 ,
3576 4428 3656 4490 ὡς

2076 4535 2156 4596 εἰς
2183 4532 2374 4600 λιμένα
2417 4529 2589 4583 εὖδιον
2639 4526 3023 4583 ἀποκαθιστῶν
3058 4521 3350 4586 διασώσεις
3387 4520 3500 4575 Καὶ
3545 4519 3657 4589 γάρ

2077 4623 2271 4677 πολλαὶ
2310 4623 2411 4693 μὲν
2439 4623 2536 4675 τοῦ
2570 4617 2915 4682 πολνδπαθοῦς
2959 4616 3111 4669 τοῦδε
3148 4614 3264 4685 βίου
3305 4612 3365 4667 αἱ
3414 4612 3524 4666 ὁδοὶ
3562 4611 3659 4664 καὶ

2075 4713 2149 4770 τὰ
2178 4714 2314 4786 πρὸς
2330 4715 2439 4787 τὴν
2484 4710 2628 4767 κατά
2657 4709 2815 4781 σῶμα
2849 4707 2996 4779 ζωὴν
3034 4706 3478 4777 ἐπιτηδεύματα·
3520 4702 3657 4773 ἄλλη

2073 4806 2118 4860 δ’
2177 4804 2409 4868 ἀλλοίοις
2441 4803 2629 4872 ἄλγεσι
2682 4802 2777 4854 καὶ
2812 4799 3100 4869 παθήμασι
3147 4795 3485 4868 συμφέρεται
3511 4834 3526 4858 ,
3561 4795 3661 4846 καὶ

2075 4895 2225 4950 οὐδὲν
2243 4895 2354 4946 τῶν
2381 4893 2512 4963 παρ’
2537 4890 2845 4961 ἀνθρώποις
2873 4886 3243 4959 νομιζομένων
3278 4883 3459 4937 καλῶν
3494 4882 3661 4953 ἄμοι-

2076 5005 2169 5061 ρον
2199 4986 2375 5055 πάντη
2399 4985 2595 5047 κακίας
2627 4983 2722 5035 καὶ
2756 4980 3056 5052 μοχθηρίας
3081 4977 3464 5032 ἀποδείκνυται
3482 4993 3496 5006 ’
3520 4975 3661 5042 ἀγα.-

2075 5080 2247 5152 πητὸν
2270 5079 2316 5132 δ’
2347 5077 2413 5131 ἂν
2442 5079 2524 5147 εῖη
2554 5077 2646 5128 καὶ
2672 5074 2828 5145 ἔργον
2852 5072 3017 5141 εὐχῆς
3037 5113 3052 5137 ,
3084 5071 3133 5122 εἰ
3166 5069 3242 5140 μὴ
3268 5067 3438 5121 πλείω
3460 5068 3663 5137 μοῖραν

2074 5172 2143 5226 τά
2169 5169 2387 5240 λυπηρά
2412 5167 2521 5221 τῶν
2554 5166 2720 5238 ἡδέων
2750 5165 2880 5236 ἔχοι.
2907 5163 3107 5218 Σκόπει
3132 5162 3243 5232 γὰρ
3271 5160 3476 5223 οὕτως·

2075 5352 2164 5407 ed.
2199 5348 2490 5406 Leuvencl.
2513 5346 2600 5403 ed.
2634 5362 2764 5400 nov.
2796 5360 2849 5415 p.
2883 5343 3036 5419 λιξεί).
3073 5338 3234 5419 Putat
3259 5343 3441 5419 autem
3463 5333 3661 5419 “illius

2074 5402 2398 5488 éregiorium
2456 5402 2668 5488 certare
2702 5402 2855 5488 Δ(ιιύιι
3034 5411 3427 5488 epigrammate
3451 5446 3475 5486 ,.
3509 5402 3660 5488 quod

2075 5479 2370 5560 Posidippo
2403 5488 2489 5560 vel
2508 5484 2714 5560 (ir-steti
2744 5483 3112 5560 adscribitur,
3163 5479 3219 5531 in
3250 5492 3362 5560 quo
3386 5479 3661 5560 cujusque

2077 5563 2203 5615 vita:
2264 5548 2488 5631 'g'eneris
2543 5552 2889 5631 incommoda
2944 5553 3184 5607 breviter
3241 5548 3655 5631 describuntpr.

2079 5633 2193 5685 Duo
2222 5619 2354 5683 vero
2381 5633 2511 5680 sunt
2535 5625 2950 5693 epigrammata.
2982 5636 3103 5693 qua;
3126 5634 3250 5693 cum
3279 5619 3386 5693 hoc
3412 5619 3659 5693 far-mine

2077 5684 2383 5769 eomparari
2420 5684 2871 5769 possintv._|rnr_t_m
2914 5684 3193 5769 f_o§idip|)i
3248 5688 3377 5769 sive.
3412 5684 3660 5769 l’latpnis

2077 5752 2305 5826 Camiri.
2348 5752 2557 5822 Ani/ml.
2583 5762 2757 5816 Putat.
2789 5762 2877 5829 IX,
2913 5762 3036 5823 539,
3070 5752 3301 5812 alterum
3333 5752 3658 5817 Metrodori,

2079 5841 2211 5896 ibid.
2253 5837 2375 5892 560.
