4082 6418
372 484 474 544 τω

383 603 445 658 ‘0
485 605 754 672 πλοῦτος
805 605 922 674 μὲν
968 608 1257 679 ἄπιστος,
1309 617 1339 666 d
1396 614 1465 666 δὲ
1508 616 1721 683 θρόνος
1769 616 1960 685 65,290;-

1581 687 1597 755 l
1621 687 1886 753 ὀνείρων.

449 769 714 832 Ἀπιστος
762 771 859 840 μὲν
911 774 939 824 ὁ
992 772 1251 840 πλοῦτος,
1283 776 1365 828 ὅτι
1423 774 1496 846 μὴ
1533 778 1797 847 μόνιμος,
1836 778 1958 848 μηδ’

371 857 462 912 ἀεὶ
489 862 602 922 τοῖς
627 860 812 929 ἔχουσι
837 863 1054 932 προσὼν
1076 905 1091 926 ,
1122 864 1238 917 ἀλλ’
1279 863 1603 931 ἐξαπιναίως
1635 870 1761 930 τοὺς
1809 869 1959 939 αὑτῷ

373 953 708 1016 πεποιθότας
733 954 993 1019 πολλάκις
1020 957 1365 1011 καταλείπων
1388 998 1402 1022 ,
1442 961 1520 1022 είς
1542 959 1734 1023 ἄλλους
1762 963 1955 1031 μετερ-

370 1043 478 1115 ῥύη
499 1061 512 1074 ·
555 1047 584 1096 ὁ
612 1045 798 1115 θρόνος
832 1048 888 1099 δὲ
921 1048 1015 1100 καὶ
1043 1049 1103 1100 τὸ
1147 1049 1394 1120 δοξάριον
1443 1051 1614 1121 ὀφρῦς
1665 1051 1957 1122 ὀνειρώδης

371 1134 548 1190 ἐστίν.
569 1136 870 1206 Ὑπόληψις
897 1139 1009 1208 γὰρ
1046 1139 1177 1208 κενὴ
1207 1141 1302 1192 καὶ
1331 1142 1507 1212 οἴησις
1546 1142 1751 1212 ματαία
1770 1182 1784 1206 ,
1814 1145 1955 1198 κατὰ

371 1226 483 1277 τῶν
509 1226 615 1279 ὑπὸ
639 1230 797 1297 χεῖρα
825 1228 918 1282 τὸν
959 1229 1082 1281 νοῦν
1114 1230 1242 1300 ἄχρι
1280 1232 1426 1295 τινὸς
1459 1233 1822 1298 διαπαίζουσα
1858 1233 1952 1288 τοῦ

369 1316 634 1386 ἄρχοντος
658 1318 752 1371 καὶ
777 1319 1061 1386 φυσιοῦσα,
1097 1321 1492 1390 παραρριπίζει
1520 1321 1618 1392 μὲν
1651 1323 1813 1375 αὑτὸν
1855 1323 1953 1378 τοῦ

367 1407 533 1478 ὀρθοῦ
561 1408 741 1476 λόγου,
768 1409 844 1472 ὡς
871 1409 931 1474 ea
952 1409 1120 1462 ὑπνου
1143 1410 1200 1462 δὲ
1227 1414 1327 1481 τῆς
1351 1411 1684 1482 ὀνειρώξεως
1708 1414 1802 1466 καὶ
1826 1431 1952 1482 φαν-

366 1503 564 1566 τασίας
587 1503 684 1572 τῆς
717 1503 891 1572 ἀρχῆς
930 1501 1210 1566 ἐκπεσὼν,
1252 1504 1348 1573 οὑχ
1378 1500 1533 1574 εὗρεν
1583 1505 1736 1557 οὐδὲν
1760 1545 1774 1566 ,
1809 1505 1952 1560 κατά

365 1594 469 1664 τὴν
491 1595 735 1664 Γραφὴν,
769 1595 827 1647 ὲν
853 1596 972 1656 ταῖς
992 1595 1178 1664 χερσὶν
1213 1596 1398 1650 αὑτοῦ.
1424 1596 1594 1649 Τοῦτο
1634 1596 1734 1665 μὲν
1761 1597 1821 1649 τὸ
1851 1597 1950 1668 ἄρ-

367 1702 484 1756 χειν
509 1686 648 1739 κατὰ
673 1685 772 1756 τὴν
811 1687 1082 1756 κοσμικὴν
1110 1687 1466 1756 παραφορὰν·
1499 1686 1559 1740 τὸ
1594 1686 1852 1757 ἄρχεσθαι
1892 1688 1949 1740 δὲ

367 1773 532 1824 πάλιν
566 1772 763 1841 μόγος,
802 1774 895 1825 καὶ
941 1773 1181 1837 κόπωσις
1205 1815 1219 1835 ,
1267 1776 1360 1828 καὶ
1395 1774 1574 1837 πόνος.
1615 1776 1728 1844 Τὴν
1758 1776 1948 1829 πενίαν

366 1863 423 1916 δὲ
451 1865 534 1927 τίς
563 1866 662 1916 οὑκ
684 1860 789 1917 οἶδε
808 1864 1130 1935 δουλοσύνην
1155 1862 1318 1920 οὖσαν
1343 1865 1566 1936 πικρὰν,
1586 1867 1677 1919 καὶ
1698 1867 1945 1936 εἱργμὸν,

369 1957 466 2007 καὶ
493 1955 688 2024 δεσμὸν
718 1957 967 2027 ἀνιαρόνς
1003 1958 1068 2010 Τί
1106 1959 1162 2011 δὲ
1191 1959 1251 2011 τὸ
1283 1959 1476 2022 κάλλος
1523 1961 1616 2012 τοῦ
1653 1959 1903 2029 σώματος
1930 1975 1944 2021 ;

367 2045 561 2115 Μικρὰ
589 2046 680 2097 καὶ
705 2047 856 2116 ὀλίγη
882 2047 1039 2100 τοῦτο
1067 2047 1229 2118 χάρις
1269 2048 1557 2118 ἀστραπῆς
1582 2088 1595 2113 ,
1623 2047 1782 2115 λόγου
1814 2048 1944 2100 θᾶτ-

368 2152 461 2187 τον
506 2136 598 2205 τὴν
646 2136 768 2205 ὄψιν
810 2138 902 2190 τοῦ
952 2137 1237 2208 βλέποντος
1269 2139 1645 2210 παροδεύουσα
1677 2140 1771 2192 καὶ
1816 2139 1946 2208 φεύ-

363 2245 555 2296 γουσα.
597 2228 662 2281 Τί
695 2231 750 2283 δὲ
794 2232 826 2301 ὴ
869 2230 1089 2301 νεότης;
1133 2233 1186 2285 τί
1237 2234 1292 2286 δὲ
1326 2237 1359 2303 ἡ
1405 2234 1600 2302 πολιά;
1633 2236 1745 2304 Οὑχ
1772 2237 1805 2304 ἡ
1843 2235 1947 2305 μὲν

362 2317 563 2386 χώνου
596 2317 840 2388 βράσμα.
856 2319 954 2389 τὴν
977 2319 1161 2390 ἀκμὴν
1189 2320 1264 2386 ὡς
1285 2321 1442 2384 ἄνθος
1464 2323 1805 2393 εὑμάραντον
1830 2324 1943 2386 τοῖς

361 2411 507 2473 νέοις
541 2412 836 2479 ὑποφαῖνον
863 2451 878 2472 ,
910 2414 942 2484 ἡ
980 2413 1136 2466 πολιὰ
1167 2413 1224 2466 δὲ
1265 2414 1418 2478 δύσις
1447 2414 1560 2484 βίου
1582 2455 1598 2480 ,
1631 2414 1797 2484 ἤγουν
1845 2413 1940 2469 τοῦ

359 2503 465 2572 τῆς
500 2504 748 2574 νεότητος
774 2504 967 2567 ἄνθους
995 2505 1230 2576 ὑπάρχει
1275 2509 1597 2578 μαρασμός;
1643 2507 1802 2561 Ἀλλὰ
1847 2507 1941 2560 καὶ

360 2594 410 2646 οἱ
435 2593 602 2661 λόγοι,
633 2595 791 2666 φησὶ,
829 2596 1149 2665 πτερόεντες
1179 2597 1253 2661 ὡς
1294 2599 1507 2669 πτερῶν
1540 2598 1695 2668 δίκην
1731 2601 1814 2653 ὅτι
1843 2600 1940 2653 τά-

361 2700 522 2753 χιστα
551 2684 764 2752 ῥέοντες
793 2687 885 2738 καὶ
914 2686 1280 2756 ἀφιπτάμενοι
1301 2727 1315 2745 ,
1348 2687 1501 2749 κλέος
1541 2687 1596 2740 δὲ
1629 2688 1808 2751 αὑτοῖς
1833 2690 1938 2742 τίνι

357 2773 502 2846 λόγῳ
533 2776 768 2846 ὑπάρχει
797 2778 824 2828 ὁ
848 2778 986 2848 ἁήρ;
1021 2777 1112 2829 καὶ
1152 2776 1258 2846 γὰρ
1281 2771 1432 2838 οὗτος
1463 2775 1648 2846 ὥσπερ
1681 2776 1939 2847 διαψανὴς

357 2867 499 2919 κατὰ
531 2867 693 2936 φύσιν
713 2863 890 2918 πέλων
908 2868 998 2920 καὶ
1027 2867 1246 2937 δίοσμος
1267 2906 1280 2928 ,
1313 2868 1373 2920 τὸ
1405 2869 1519 2937 φῶς
1546 2868 1645 2938 μὲν
1677 2869 1770 2921 καὶ
1802 2867 1940 2939 χρώ-

359 2975 504 3027 ματα
533 2958 710 3011 πάντα
740 2959 874 3029 7:90;
904 2958 1001 3028 τὴν
1034 2959 1222 3029 ὅρασιν
1243 2997 1257 3021 ,
1289 2957 1464 3028 ὀσμὰς
1497 2959 1551 3011 δὲ
1592 2959 1771 3022 πάσας
1803 2960 1938 3028 πρὸς

354 3049 417 3102 τὸ
457 3050 555 3120 τῆς
602 3052 919 3121 ὀσφρήσεως
953 3051 1304 3121 αἰσθητήριον
1338 3050 1761 3121 διαπορθμεύει·
1794 3052 1936 3105 οὕτω

355 3136 454 3187 καὶ
483 3135 672 3205 διηχὴς
701 3135 774 3187 ὢν
802 3137 937 3206 πρὸς
970 3137 1069 3208 τὴν
1103 3138 1290 3207 ἀκοὴν,
1329 3138 1419 3191 τόν
1442 3155 1501 3190 τε
1527 3138 1684 3206 λόγον
1711 3140 1805 3192 καὶ
1830 3142 1934 3192 πεῖ-

358 3241 458 3277 σαν
489 3225 669 3296 φωνὴν
691 3227 784 3278 καὶ
800 3227 968 3295 ψόφον
995 3229 1356 3299 παραπέμπει
1375 3231 1402 3282 ὁ
1431 3229 1558 3298 ἀήρ.
1595 3232 1658 3282 Οἱ
1693 3231 1932 3298 εὐγενεῖς

354 3317 413 3369 δὲ
439 3316 721 3386 λεγόμενοι
749 3319 839 3370 καὶ
869 3320 899 3389 ἡ
942 3319 1189 3387 εύγὲνεια
1223 3319 1275 3370 τί
1309 3319 1436 3372 ἄλλο
1477 3319 1508 3389 ἢ
1543 3319 1765 3372 παλαιὸν
1791 3315 1929 3389 αἷμα

352 3407 496 3461 ἕωλα
529 3408 620 3460 καὶ
654 3409 960 3482 πρόσκαιρα
985 3410 1213 3480 τιμηθὲν
1235 3411 1418 3473 πέλεις
1450 3410 1611 3482 ῥώμη
1642 3412 1697 3464 δὲ
1732 3412 1933 3483 σαρκὸς

352 3501 449 3552 καὶ
482 3500 667 3569 ἰσχὺς,
720 3500 877 3552 τοῦτο
929 3502 1022 3553 καὶ
1061 3501 1186 3564 συὸς
1218 3502 1411 3571 ἀγρίου
1449 3503 1731 3574 γαυρίαμα
1772 3505 1932 3558 καθὲ-

352 3607 552 3659 στηκε·
588 3591 681 3644 καὶ
708 3593 736 3644 ὁ
773 3593 932 3662 κόρος
970 3591 1068 3661 μὲν
1108 3591 1369 3663 ὑϐριστὴς
1395 3633 1407 3656 ,
1435 3595 1547 3654 τοῖς
1593 3593 1932 3657 ἀπαιδεύτως

349 3679 525 3748 τούτῳ
559 3681 918 3751 κεχρημένοις
970 3681 1224 3745 ὑπόθεσις
1273 3683 1482 3750 γίνεται
1534 3681 1864 3753 θεομαχίας·
1904 3686 1932 3738 ὁ

348 3769 522 3838 γάμος
543 3769 598 3822 δὲ
622 3770 818 3841 δεσμὸς
843 3813 858 3836 ,
889 3773 982 3824 καὶ
1010 3772 1110 3840 τῆς
1136 3772 1276 3833 κατὰ
1310 3773 1470 3841 φύσιν
1501 3773 1814 3844 ἐλευθερίας
1839 3777 1931 3828 ἁλ-

348 3858 634 3930 λοτρίωσις
654 3879 667 3891 ·
696 3862 789 3914 καὶ
821 3863 854 3932 ἡ
889 3862 1140 3916 εὐτεκνία
1172 3865 1270 3933 μὲν
1298 3863 1572 3932 ἀναγκαία
1597 3867 1816 3934 φροντὶς
1839 3868 1932 3919 καὶ

348 3947 760 4018 ἀπαραίτητος,
802 3949 1151 4020 ήδυστεκνία
1199 3951 1255 4003 δὲ
1299 3952 1582 4024 ἀρρωστία
1633 3953 1726 4004 καὶ
1776 3952 1930 4014 νόσος

345 4039 464 4092 ἐστὶ
487 4041 666 4110 ψυχῆς
693 4041 1114 4114 ἀπαρηγόρητος
1139 4060 1152 4073 ·
1195 4043 1290 4096 καὶ
1318 4039 1384 4097 αὑ
1417 4044 1577 4098 πάλιν
1599 4083 1614 4109 ,
1649 4044 1706 4096 αἱ
1734 4044 1930 4114 ἀγοραὶ

349 4130 450 4199 μὲν
477 4134 674 4196 κακίας
704 4135 1053 4205 μελεδήματα
1099 4136 1193 4188 καὶ
1220 4133 1596 4206 φροντίσματα
1637 4137 1929 4205 τυγχάνου-

347 4236 434 4272 σιν
459 4262 472 4283 ,
505 4225 560 4274 αἱ
587 4225 708 4277 καθ’
746 4224 977 4296 ἡσυχίαν
999 4227 1054 4279 δὲ
1084 4226 1177 4279 καὶ
1202 4226 1436 4296 μόνωσιν
1461 4226 1734 4296 διατριϐαὶ
1769 4227 1928 4297 ἁδρά-

345 4315 486 4366 νειαί
533 4315 591 4368 τὲ
621 4319 724 4370 εἱσι
753 4319 846 4370 καὶ
880 4319 1142 4390 ἀπορίαι·
1171 4320 1354 4380 πάλιν,
1392 4319 1445 4370 αἱ
1477 4317 1663 4388 τέχναι
1695 4318 1794 4387 μὲν
1820 4319 1927 4372 τῶν

343 4407 484 4472 ἄγαν
538 4408 809 4461 ταπεινῶν
839 4410 930 4462 καὶ
961 4413 1136 4480 χαμαὶ
1180 4411 1488 4482 ἐρχομένων
1529 4411 1923 4482 καθεστήκασι,

345 4499 506 4570 στενὴ
538 4501 592 4553 δὲ
621 4504 653 4572 ἡ
704 4520 779 4553 πα
791 4501 858 4571 ρὰ
883 4503 993 4555 τῶν
1023 4501 1320 4573 ἀλλοτρίων
1345 4501 1703 4574 ἐρανιζομὲνη
1726 4504 1922 4574 τροφὴ.

341 4588 532 4662 ὥσπερ
580 4594 674 4645 καὶ
710 4593 771 4644 τὸ
811 4598 1131 4663 παρασιτεῖν
1165 4596 1441 4665 αἴσχιστον
1468 4611 1481 4624 ·
1511 4596 1604 4648 καὶ
1652 4595 1711 4647 7.0
1759 4595 1924 4666 ἀροῦν

345 4681 442 4749 μὲν
466 4681 562 4752 τὴν
597 4683 701 4752 γῆν
723 4684 816 4736 καὶ
848 4689 1112 4754 γεωργεῖν
1137 4687 1378 4749 κοπῶδες
1407 4687 1501 4738 καὶ
1541 4685 1834 4756 μοχθηρὸν,
1864 4686 1924 4738 τὸ

341 4773 782 4842 ποντοπορεῖνδὲ
811 4775 1296 4828 κινδυνωδέστατον
1321 4776 1413 4827 καὶ
1435 4775 1494 4826 τὸ
1525 4777 1623 4845 τῆς
1655 4775 1798 4844 ζωῆς
1823 4776 1920 4827 αὑ-

340 4867 457 4926 τοῖς
490 4863 671 4916 πλεῖον
705 4868 762 4918 ὲν
801 4867 877 4938 τῷ
916 4867 1036 4940 ᾄδῃ.

336 4955 400 5010 2|
439 4958 507 5011 ἸΙ
531 4957 722 5028 πάτρη
742 4959 809 5012 ὁὲ
830 4961 1120 5028 βέρεθρον
1145 4960 1270 5014 ἐόν·
1305 4961 1473 5028 ξείνη
1508 4958 1574 5012 δέ
1596 4958 1645 5012 τ’
1669 4958 1918 5026 ὄνειδος.

408 5113 474 5166 Τί
497 5113 577 5168 ἔτι
616 5116 753 5186 πρὸς
781 5119 891 5180 τοῖς
913 5115 1254 5188 εἰρημένοις
1289 5115 1340 5168 τί
1361 5113 1583 5182 γλύκιον
1612 5113 1921 5184 ἀνθρώποις

333 5200 373 5275 ἢ
405 5204 816 5276 θυμηρέστερον
843 5209 1099 5276 πατρίδος
1117 5206 1305 5272 ;“Αλλὰ
1330 5207 1424 5258 καὶ⁴
1448 5203 1608 5274 αὑτὴ,
1643 5205 1798 5274 φησι,
1834 5205 1918 5274 ss-

339 5291 532 5362 ρεθρον
559 5295 712 5361 ἴδιον,
741 5297 858 5365 ἦτοι
889 5296 1130 5365 βόθυνος,
1155 5295 1500 5354 καθίσταται,
1529 5290 1640 5367 ὲνῇ
1673 5312 1920 5347 καταπα-

332 5386 509 5435 τεῖται
541 5387 633 5438 καὶ
659 5385 1034 5450 ἑξουδενοῦται
1063 5389 1156 5439 καὶ
1192 5390 1220 5440 ὁ
1249 5386 1370 5440 λίαν
1402 5385 1691 5448 σπουδαῖος
1722 5385 1917 5447 δοκῶν,

334 5473 412 5542 τῷ
436 5477 722 5547 γειτονικῴ
771 5475 920 5548 ζήλῳ
955 5477 1048 5530 καὶ
1083 5477 1264 5546 φθόνῳ
1298 5475 1616 5552 προδοθείς·
1657 5475 1794 5530 ἀλλὰ
1825 5475 1921 5528 καὶ

328 5563 395 5618 τὸ
423 5565 517 5618 ἐπὶ
552 5567 713 5639 ξένης
767 5571 864 5622 καὶ
916 5569 1223 5638 ἀλλοδαπῆς
1271 5569 1420 5639 βιοῦν
1472 5568 1563 5621 τὸν
1603 5567 1805 5621 δνειδον
1857 5568 1916 5620 οὑ

329 5655 721 5726 διαπέφευγεν.
765 5660 926 5717 Ούτω
970 5661 1168 5718 πάντα,
1216 5659 1468 5725 καθάπαξ
1523 5661 1719 5725 εἰπεῖν,
1756 5659 1825 5711 τὰ
1863 5659 1920 5711 ἐν

329 5746 643 5816 ἀνθρώποις
677 5751 917 5821 ὲράσμια
954 5753 1047 5804 καὶ
1080 5751 1295 5820 ζηλωτὰ
1326 5750 1681 5819 νομιζόμενα,
1708 5751 1785 5812 εἰς
1817 5749 1919 5819 μά-

329 5856 486 5893 ταιον
543 5841 886 5911 περιίσταται
942 5844 1034 5894 καὶ
1089 5844 1166 5903 εἰς
1233 5842 1613 5910 περισπασμὸν
1663 5843 1917 5910 πονηρὸν,

333 5932 479 5987 κατὰ
509 5933 597 5988 τὸν
634 5933 1086 5999 Ἐκκλησιαστὴν.
1121 5934 1228 5988 Καὶ
1259 5933 1364 6001 γὰρ
1403 5932 1557 6000 χνοῦς
1602 5931 1688 5985 διὰ
1734 5932 1788 5983 :0

1400 494 1466 548 IN
1501 496 1812 552 CARMINA
1847 496 2127 554 ARCANA
2169 500 2226 554 S.
2267 501 2621 558 GREGORII.

3543 512 3642 576 πῖ

2071 617 2282 673 Divitia:
2309 622 2575 690 male/idm
2603 633 2653 676 et
2681 622 2896 677 thronus
2927 627 3251 678 somniorum
3277 629 3575 700 fustigimu.

2133 777 2394 833 Malelida:
2435 781 2655 849 quidem
2683 784 2910 848 divitiaé,
2938 785 3066 854 quia
3101 802 3202 840 nec
3234 801 3646 857 permanentes,

2062 878 2163 918 nec
2189 881 2405 934 semper
2435 868 2522 922 his
2552 871 2643 939 qui
2663 885 2758 926 eas
2777 873 3060 940 possident
3105 877 3159 929 in
3204 887 3459 947 promptu
3493 890 3643 942 sunt.

2059 953 2153 1008 sed
2184 955 2463 1026 inopinate
2490 975 2635 1030 szepe
2671 963 2772 1015 hos
2813 964 2906 1031 qui
2952 964 3005 1018 in
3051 965 3188 1035 ipsis
3223 969 3507 1022 conlidunt
3547 971 3646 1026 de-

2057 1054 2302 1102 serentes
2335 1048 2402 1100 ad
2437 1049 2575 1106 alios
2616 1051 2984 1121 transﬂuunt;
3021 1056 3260 1111 thronus
3284 1075 3416 1113 vero
3445 1069 3500 1115 et
3529 1063 3647 1132 glo-

2056 1135 2195 1188 riola
2240 1136 2519 1207 lastigium
2568 1150 2698 1195 sunt
2747 1145 2966 1198 somnio
2993 1147 3196 1204 simile.
3278 1149 3414 1203 Nam
3450 1151 3647 1206 existi-

2053 1227 2222 1281 matio
2255 1243 2430 1284 vacua
2466 1240 2521 1285 et
2553 1231 2694 1285 fama
2723 1250 2858 1287 vana
2905 1251 2935 1288 a
2972 1237 3241 1306 subjectis
3291 1241 3643 1309 praedicatur,

2052 1317 2293 1372 animum
2329 1321 2568 1390 quodam
2609 1324 2664 1377 in
2709 1326 2882 1392 gradu
2913 1327 3149 1383 illudens
3173 1330 3440 1400 principis
3465 1340 3522 1386 et
3550 1349 3647 1387 su-

2056 1408 2269 1475 perbire
2327 1409 2569 1480 faciens;
2622 1421 2674 1468 et
2702 1417 2900 1468 avertit
2938 1432 3063 1471 eum
3122 1433 3153 1472 a
3203 1429 3350 1474 recta
3403 1424 3638 1479 ratione.

2054 1497 2184 1553 lnde
2211 1501 2369 1568 quasi
2405 1519 2434 1555 a
2464 1503 2819 1561 dormitionis
2855 1508 3087 1564 soumiis
3135 1521 3189 1565 et
3222 1527 3252 1564 a
3289 1514 3638 1586 principatus

2052 1587 2360 1652 phantasiis
2406 1592 2827 1662 expergefactus
2872 1596 3012 1649 nihil
3059 1597 3291 1664 invenit,
3328 1603 3637 1656 secundum

2054 1676 2436 1747 Scripturani,
2487 1681 2541 1735 in
2589 1684 2842 1738 manibus
2888 1686 3038 1750 suis;
3077 1687 3208 1741 illud
3249 1690 3504 1760 quidem,
3535 1695 3635 1750 do-

2050 1767 2246 1822 minari
2290 1767 2446 1839 juxta
2499 1772 2831 1828 mundanam
2881 1779 3282 1846 arrogantiam,
3353 1785 3632 1838 subditum

2049 1873 2172 1913 esse
2205 1874 2235 1914 e
2274 1869 2464 1915 contra
2510 1862 2663 1918 labor
2706 1876 2760 1919 et
2793 1881 3038 1921 aerumna
3075 1878 3131 1922 et
3178 1873 3448 1928 molestia.
3489 1874 3635 1928 Pau-

2049 1954 2312 2015 pertatem
2347 1959 2528 2004 autem
2551 1952 2679 2021 quis
2711 1970 2822 2008 non
2865 1955 3017 2009 novit
3058 1959 3310 2012 servituti
3353 1977 3553 2015 amara;
3581 1972 3638 2017 et

2045 2040 2256 2094 carceri
2289 2042 2343 2095 in
2374 2043 2594 2098 vinculo
2621 2047 2818 2100 acerbo
2849 2047 2994 2102 haud
3025 2048 3484 2119 imparem?Quid
3512 2069 3638 2108 cor-

2045 2129 2193 2198 poris
2220 2131 2609 2198 pulchritudo?
2649 2136 2834 2191 tenuis
2871 2144 2926 2190 et
2974 2137 3158 2193 brevis
3203 2138 3319 2193 haec
3375 2141 3636 2210 splendor

2046 2219 2302 2289 fulguris,
2340 2224 2506 2278 verbo
2529 2225 2696 2281 citius
2720 2228 2913 2284 oculos
2954 2230 3188 2285 videntis
3230 2232 3548 2301 praateriens
3580 2244 3636 2289 et

2045 2298 2280 2380 fugiens.
2315 2312 2457 2378 Quid
2486 2323 2540 2369 et
2587 2315 2891 2385 juventus?
2934 2320 3064 2390 quid
3108 2298 3410 2376 senectus?
3438 2321 3634 2379 Nonne

2043 2401 2136 2454 illa
2167 2405 2432 2473 temporis
2469 2406 2698 2475 agitatio
2727 2409 2845 2462 acie
2875 2425 2975 2464 sua
2997 2411 3155 2479 quasi
3192 2410 3291 2465 ﬂos
3323 2426 3453 2464 mox
3485 2428 3637 2465 mar-

2042 2505 2275 2547 cescens
2301 2491 2599 2562 juvenibus
2628 2496 2882 2567 refulget,
2913 2510 3169 2556 senectus
3201 2517 3330 2556 vero
3361 2504 3482 2557 vita:
3505 2520 3635 2574 spo-

2044 2583 2218 2645 liatio,
2241 2583 2399 2640 floris
2436 2587 2676 2655 juventa:
2732 2590 3018 2645 deﬂoratio
3074 2596 3197 2647 est?
3253 2593 3358 2648 Sed
3409 2601 3464 2649 et
3513 2612 3632 2650 ser-

2043 2686 2256 2734 mones,
2297 2674 2634 2747 inqnit,alati
2667 2683 2823 2747 quasi
2860 2695 3162 2748 pennarum
3203 2701 3307 2752 ope
3347 2701 3510 2753 quam
3550 2689 3634 2740 ci-

2047 2760 2260 2816 tissime
2292 2765 2478 2816 volant
2509 2776 2563 2818 et
2590 2771 2965 2834 transierunt;
3011 2780 3065 2824 et
3095 2773 3286 2826 decori
3328 2775 3462 2844 ipsis
3488 2793 3632 2846 quo-

2041 2851 2203 2904 modo
2251 2861 2335 2907 est
2363 2854 2493 2907 aer?
2540 2853 2754 2910 Etenim
2795 2859 2898 2914 iste
2939 2870 3139 2915 natura
3179 2863 3469 2931 perlucens
3503 2881 3630 2920 cum

2039 2942 2110 2996 sit
2169 2951 2222 2996 ct
2281 2945 2546 3001 odoribus
2599 2951 3031 3017 transmeabilis,
3084 2953 3266 3006 lumen
3313 2965 3368 3007 et
3412 2958 3630 3012 colores

2039 3049 2229 3089 niiines
2255 3036 2322 3090 ad
2358 3037 2559 3098 visum.
2608 3047 2659 3092 et
2713 3042 2914 3096 odores
2963 3051 3198 3098 cunctos
3252 3045 3319 3098 ad
3364 3047 3628 3101 olfactum

2040 3125 2425 3182 traducit.°Sic
2467 3139 2521 3182 et
2565 3144 2759 3183 sonum
2801 3135 3178 3188 transmittens
3225 3136 3292 3188 ad
3345 3138 3623 3203 auditum,

2037 3230 2346 3272 ειη-ιιιοιιθιιι
2416 3230 2784 3289 cunctamque
2846 3239 3036 3277 VOCCIII
3116 3235 3282 3295 atque
3353 3227 3624 3298 fragorem

2035 3306 2263 3361 adducit
2299 3325 2414 3363 aer.
2447 3310 2779 3368 Liberaliter
2810 3317 2944 3379 nati,
2980 3325 3039 3370 ut
3085 3318 3260 3380 aiunt,
3301 3321 3432 3388 quid
3470 3329 3622 3384 sunt,

2035 3398 2165 3467 quid
2188 3400 2334 3454 aliud
2370 3411 2454 3456 est
2479 3404 2630 3457 clara
2668 3407 2821 3476 origo
2863 3409 2965 3460 nisi
3003 3409 3220 3476 prisrus
3251 3413 3476 3482 sanguis
3510 3413 3624 3468 heri

2034 3499 2088 3544 ct
2109 3491 2176 3544 ad
2224 3500 2439 3562 tempus
2488 3495 2816 3552 honoratus?
2837 3495 3023 3550 ltohur
3047 3501 3236 3554 carnis
3268 3509 3320 3554 ct
3356 3504 3543 3570 vigor?
3570 3505 3624 3557 id

2033 3590 2087 3633 ct
2118 3581 2236 3650 apri
2284 3584 2543 3650 gloriatio
2579 3588 2782 3639 factum
2836 3596 2940 3642 est.
2985 3587 3053 3642 Et
3098 3590 3320 3658 juvenis
3356 3608 3624 3661 arrogans

2034 3673 2103 3726 iis
2131 3675 2222 3742 qui
2250 3675 2344 3729 illo
2389 3676 2639 3746 imperite
2693 3687 2924 3732 utuntur
2957 3680 3085 3735 helli
3136 3682 3403 3737 adversus
3450 3684 3622 3737 Deum

2036 3767 2093 3815 lit
2122 3767 2361 3820 occasio.
2405 3767 2813 3823 lllatriinoniuln
2865 3783 3047 3825 autem
3088 3773 3364 3826 vinculum
3393 3786 3477 3828 est
3509 3785 3561 3828 et
3590 3792 3620 3828 a

2032 3854 2284 3911 libertate
2315 3861 2556 3915 naturali
2605 3859 2947 3926 immutatio;
2977 3871 3029 3915 et
3071 3865 3291 3933 egregia
3323 3866 3504 3933 proles
3528 3882 3621 3918 nc-

2032 3951 2275 4000 cessaria
2306 3949 2633 4003 sollicitudo
2658 3966 2779 4019 (lltiP
2804 3953 2962 4006 vitari
2996 3956 3205 4022 nequit,
3235 3966 3281 4008 et
3311 3958 3492 4024 proles
3527 3974 3621 4012 ne-

2030 4051 2190 4104 quam
2228 4039 2484 4092 mazstitia
2525 4041 2859 4110 morbusquc
2886 4052 2970 4097 est
3011 4045 3211 4099 animo:
3239 4049 3623 4104 consolatione

2031 4143 2141 4180 non
2174 4128 2461 4184 levandus.
2495 4130 2560 4184 Et
2584 4146 2842 4194 rursum,
2899 4134 3159 4189 nnndina:
3192 4138 3414 4191 malitia:
3444 4139 3619 4192 medi-

2032 4219 2272 4273 tationes
2298 4229 2352 4274 et
2373 4220 2739 4288 cogitationes
2771 4229 2921 4284 sunt,
2949 4224 3002 4276 in
3033 4225 3217 4294 quiete
3237 4236 3292 4279 et
3315 4228 3617 4282 solitudine

2029 4308 2212 4361 studia
2235 4309 2542 4366 debilitates
2597 4319 2728 4363 sunt
2769 4319 2824 4365 et
2859 4314 3106 4381 penuria.
3139 4313 3418 4376 Rursum.
3467 4323 3618 4370 artes

2029 4399 2173 4470 apud
2201 4399 2362 4454 nimis
2387 4409 2732 4469 contemptos
2757 4410 2810 4455 et
2837 4403 2987 4456 humi
3015 4403 3264 4471 jacentcs
3281 4406 3618 4469 consistunt,

2028 4503 2241 4546 arctum
2277 4503 2325 4546 et
2354 4509 2381 4546 a
2414 4493 2670 4562 proximo
2693 4495 3067 4550 mendicatum
3098 4498 3437 4563 alimentum,
3469 4499 3618 4553 sicut

2027 4594 2082 4638 et
2114 4585 2403 4653 parasitari
2455 4595 2614 4654 turpe
2651 4588 2841 4653 valde;
2892 4595 2944 4641 et
3001 4605 3160 4645 arare
3206 4599 3410 4646 terram
3453 4601 3620 4661 atque

2027 4677 2208 4730 colere
2244 4674 2566 4746 fatigatione
2598 4679 2841 4734 abundat
2886 4688 2940 4732 et
2982 4681 3304 4743 sudoribus.
3355 4684 3618 4753 navigare

2028 4782 2156 4820 vero
2182 4769 2715 4835 periculosissimum
2741 4780 2794 4826 ct
2822 4774 3199 4842 navigantium
3231 4775 3341 4828 vita
3376 4775 3616 4844 plurima

2029 4857 2243 4912 inl‘erno
2284 4861 2551 4927 proxima.

2022 4951 2084 5005 2|
2134 4949 2324 5003 Patria
2361 4949 2546 5017 tellus,
2587 4955 2859 5022 proprium
2894 4955 3243 5098 barathrumi
3283 4966 3463 5079 ea'lt’era
3514 4974 3612 5028 op-

3247 5045 3340 5094 pro
3381 5045 3542 5081 num.

3247 5045 3542 5094 proauum.

2094 5112 2234 5177 Quid
2275 5110 2476 5170 adhuc.
2512 5112 2597 5166 his
2628 5113 2829 5170 dictis?
2874 5113 3003 5184 quid
3039 5119 3356 5172 hominibus
3389 5119 3614 5175 dulcius

2023 5209 2120 5252 aut
2159 5199 2450 5253 amabilius
2493 5214 2656 5267 quam
2695 5202 2911 5268 patria?
2961 5202 3070 5257 Sed
3117 5215 3174 5260 ct
3224 5207 3363 5274 ipsa,
3407 5207 3611 5276 inquit,

2024 5291 2180 5344 fovea
2219 5300 2306 5345 est
2337 5306 2465 5342 vera
2501 5300 2556 5343 ct
2593 5291 2762 5354 fossa,
2810 5292 2862 5344 in
2907 5309 3014 5362 qua
3067 5295 3294 5362 pedibus
3322 5298 3519 5351 teritur
3555 5307 3609 5353 ct

2025 5383 2380 5452 vilipenditur
2409 5383 2572 5435 etiam
2602 5381 2696 5450 qui
2728 5383 2882 5438 valde
2922 5387 3206 5441 sludiosus
3245 5387 3456 5441 videtur
3476 5404 3606 5456 erga

2021 5491 2166 5538 eam,
2207 5475 2514 5528 vicinorum
2561 5475 2909 5530 aunulatione
2961 5484 3018 5530 et
3076 5477 3278 5532 invidia
3336 5478 3606 5537 traditus;

2022 5569 2119 5624 sed
2151 5577 2206 5624 et
2243 5570 2392 5621 vivat
2428 5568 2570 5622 alius
2599 5567 2654 5622 in
2691 5577 2836 5622 terra
2865 5569 3128 5638 hospitali
3175 5581 3231 5624 et
3276 5571 3604 5638 alienigena,

2021 5662 2462 5732 objurgatimiem
2493 5677 2602 5715 non
2631 5656 2846 5715 vitavit.
2874 5660 2965 5716 Sic
2995 5677 3060 5716 cu
3075 5669 3222 5724 nota,
3257 5668 3316 5714 nt
3345 5675 3450 5714 una
3482 5663 3604 5715 vice

2021 5754 2220 5809 dii-am.
2263 5767 2383 5820 qua:
2414 5750 2730 5806 hominibus
2759 5751 3013 5805 amabilia
3054 5760 3109 5805 et
3145 5750 3603 5821 concupiscihilia

2026 5849 2364 5908 I-eputanlur,
2402 5841 2455 5894 in
2483 5840 2780 5893 vanitatem
2827 5840 3080 5894 recidunt
3123 5850 3178 5895 et
3235 5841 3289 5894 in
3367 5856 3604 5907 om-upa~

2027 5937 2228 5986 tionem
2265 5931 2578 6001 pessimam,
2628 5931 2771 6002 apud
2817 5930 3232 5992 Ecclesiaswm.
3269 5931 3403 5987 Nam
3443 5934 3604 6002 quasi
