4082 6394
428 491 535 548 763
1546 544 1552 548 ,
1789 482 1839 536 Ν
1845 480 2091 538 lCETAS
2127 480 2334 536 DAVZD
3591 466 3693 522 τιςι

424 619 627 676 spuma
656 620 723 660 ex
753 619 821 659 eo
845 603 992 675 quod
1044 601 1425 673 corruptibilia
1470 598 1735 654 facillime
1775 598 2019 664 etlluant,

2160 596 2374 651 ιάλυτον
2403 593 2751 664 κωμῳδεῖται
2781 591 2877 645 καὶ
2903 587 3143 660 φθαρτὸν
3163 625 3178 648 .
3215 583 3410 654 φάσμα
3440 581 3500 636 δι
3522 580 3614 635 διὰ
3637 578 3699 636 τδ

426 671 786 762 deridentur;
816 671 977 767 quasi
1010 671 1360 766 phantasma,
1392 692 1523 763 quia
1561 690 1771 747 erranti
1802 689 2022 743 cuidam

2160 686 2325 739 τλάνον
2354 686 2451 739 καὶ
2481 682 2851 753 φαντασιῶδες
2869 721 2885 743 ς
2920 680 3111 751 δρόδος
3139 676 3195 730 δὲ
3224 675 3313 728 διὰ
3346 673 3409 726 τὸ
3439 671 3703 767 ab“???

427 797 488 844 et
521 756 1118 842 oculorum-ludibriis
1164 756 1364 840 similia
1387 756 1426 849 ς’
1451 781 1612 853 quasi
1662 795 1780 845 ros,
1836 787 2026 849 utpote

2160 795 2217 831 ον
2240 776 2273 846 ἢ
2298 775 2683 845 ὀλιγοχρόνιον,
2705 773 2842 842 πνοὴ
2867 771 2925 824 δὲ
2950 769 3040 824 διὰ
3059 769 3119 822 τὸ
3139 765 3275 838 πρὸς
3298 762 3479 831 ὀλίγον
3501 756 3702 853 ἀναψύ-

434 894 560 948 quae
598 878 762 934 facile
792 879 1147 933 exsiccentur
1192 884 1247 931 et
1288 848 1574 945 paululum
1608 872 1874 943 temporis
1906 848 2028 924 ma-

2162 887 2240 922 ειν
2270 868 2479 926 δοκεῖν.
2512 866 2713 937 πτερὸν
2743 865 2799 917 δὲ
2828 863 2917 917 διὰ
2950 863 3049 932 τὴν
3103 858 3399 930 ἀπόδρασιν
3431 853 3524 907 καὶ
3553 848 3705 948 ταχί-

438 978 637 1035 ueant;
666 970 825 1039 quasi
856 969 1064 1033 fenum,
1095 969 1224 1039 quia
1273 969 1425 1023 brevi
1469 966 1798 1021 ﬂaccescere
1834 962 2029 1017 viden-

436 1071 566 1129 tur;
605 1063 766 1131 quasi
809 1063 895 1115 ala
943 1062 1015 1116 ob
1070 1062 1315 1131 ipsorum
1362 1060 1543 1129 fugam
1598 1068 1655 1115 et
1701 1056 2027 1112 citissimam

441 1158 839 1215 unutationem;
867 1153 1024 1222 quasi
1056 1169 1213 1218 aura,
1246 1168 1313 1207 eo
1344 1151 1491 1223 quod
1518 1158 1641 1222 post
1670 1151 1890 1206 brevem
1920 1146 2031 1201 ful-

442 1261 631 1315 gorem
680 1244 948 1298 citissime
1003 1252 1374 1310 evanescant;
1438 1244 1714 1298 somnium
1766 1247 2033 1311 pnetcrea

442 1334 709 1390 dicuntur
735 1334 867 1404 quia
899 1334 1179 1390 instabilia
1194 1339 1250 1386 et
1267 1329 1417 1385 nullo
1432 1331 1597 1386 modo
1612 1333 1766 1384 llrma
1782 1337 1839 1384 et
1859 1342 2032 1382 vacua

444 1434 576 1481 sunt
598 1441 662 1480 ea
675 1425 745 1480 de
765 1426 968 1496 quibus
997 1424 1326 1495 superbinnt
1348 1423 1618 1477 homines.
1643 1423 1700 1474 In
1726 1417 2035 1489 Scripturis

447 1518 775 1587 deridentur
803 1527 859 1572 et
891 1517 1313 1587 vilipenduntur
1336 1522 1446 1570 Ista
1478 1522 1535 1570 et
1573 1513 1743 1568 maris
1773 1510 2037 1565 fluctibus

445 1612 503 1657 et
532 1586 826 1659 ﬂuviorum
885 1586 1097 1674 rapidis
1128 1605 1292 1659 undis
1328 1610 1384 1658 ct
1428 1603 1677 1672 vestigiis
1716 1602 1872 1656 navis
1915 1614 2040 1671 quas

450 1712 606 1752 mare
655 1705 992 1761 transnatat,
1032 1706 1088 1755 et
1123 1707 1415 1752 ventorum
1462 1695 1686 1750 ﬂatibus
1732 1703 1789 1750 et
1827 1689 2037 1764 pulveri

449 1787 869 1855 aequiparantur
895 1788 1023 1854 ista,
1045 1787 1251 1857 quippe
1273 1802 1398 1858 quae
1429 1801 1648 1857 semper
1672 1784 1839 1848 non,
1863 1783 2040 1838 insta—

453 1879 613 1947 bilia,
658 1879 826 1934 inﬁda
876 1887 934 1935 et
1004 1881 1212 1935 caduca
1271 1895 1303 1935 a
1361 1894 1490 1936 vere
1539 1876 1774 1948 sapienti
1845 1874 2045 1946 quovis

456 1972 824 2027 aestimentur.
859 1971 1117 2029 Circulus
1151 1973 1299 2028 enim
1334 1986 1556 2042 semper
1590 1979 1843 2027 movetur
1872 1968 2047 2024 volvi-

457 2067 663 2131 torque
694 2062 828 2129 vita,
864 2063 1070 2119 similia
1100 2072 1299 2118 cuncta
1343 2062 1713 2133 undequaque
1756 2070 2046 2133 torquens,

456 2153 627 2210 simul
690 2162 846 2210 stans
881 2164 936 2210 et
974 2171 1228 2222 currens,
1272 2156 1437 2225 quale
1483 2156 1685 2211 coelum
1740 2170 1909 2226 super
1948 2169 2053 2209 nos

460 2244 668 2300 moveri
701 2242 1157 2315 philosophantur
1186 2240 1457 2305 nonnulli,
1476 2239 1716 2295 solutum
1748 2253 1943 2307 nempe
1965 2237 2046 2294 si-

461 2337 574 2391 mul
589 2351 655 2390 ac
666 2334 926 2392 solidum.
947 2342 1138 2404 utpote
1151 2332 1297 2403 quod
1313 2332 1365 2384 in
1389 2345 1493 2385 suo
1508 2339 1618 2385 stet
1635 2329 1857 2383 volubili
1879 2343 2043 2384 cursu

460 2426 722 2480 solidum.
749 2423 998 2495 Namque
1019 2424 1075 2478 in
1105 2424 1209 2479 hoc
1231 2430 1383 2478 stant
1405 2431 1462 2476 et
1489 2428 1865 2489 coagmentata
1893 2426 2045 2486 sunt,

461 2513 612 2581 quod
640 2515 933 2570 solvuntur
965 2524 1020 2571 et
1049 2526 1337 2572 moventur
1365 2532 1464 2587 per
1486 2516 1615 2571 anui
1652 2522 1898 2586 tempora
1926 2529 2051 2585 qua:

467 2602 627 2657 aliter
668 2605 776 2659 alia
819 2606 1025 2672 ferunt,
1060 2606 1521 2676 quemadmodum
1567 2614 1623 2660 ct
1661 2619 1880 2675 semper
1920 2619 2050 2658 cor-

469 2706 733 2763 rumpunt
758 2706 814 2750 ct
852 2695 918 2749 ad
945 2697 1107 2750 linem
1137 2706 1306 2768 agunt
1342 2698 1460 2751 sive
1499 2711 1600 2766 per
1641 2696 1760 2751 dies
1798 2695 1915 2752 sive
1956 2709 2054 2765 per

2129 938 2262 1028 στην
2286 954 2627 1023 ἀπαλλαγὴν,
2654 952 2816 1022 ἀτμὶς
2848 951 2904 1004 δὲ
2930 948 3093 1003 διὰτὸ
3112 946 3248 1018 πρὸς
3270 944 3444 1015 βραχύ
3472 938 3706 1010 φανέντα

2129 1049 2326 1103 θᾶττον
2360 1044 2742 1115 ἀφανίζεσθαι,
2778 1042 2990 1112 ϐνειρος
3024 1039 3082 1093 δὲ
3124 1037 3261 1108 πρὸς
3289 1032 3499 1093 τούτοις
3532 1028 3622 1083 διὰ
3649 1029 3710 1079 τὸ

2129 1139 2390 1210 ἀνίδρυτα
2438 1136 2533 1190 καὶ
2581 1133 2929 1189 ἀνυπόστατα
2973 1131 3068 1183 καὶ
3092 1128 3229 1182 κενά
3252 1126 3323 1179 τά
3355 1124 3474 1178 κατ’

2133 1209 2267 1292 πους
2321 1221 2463 1279 εἶναι
2514 1223 2870 1294 φρυάγματα.
2919 1219 3052 1281 Ταῖς
3080 1216 3326 1286 Γραφαῖς
3368 1209 3713 1281 κωμῳδεῖται

2131 1320 2228 1374 καὶ
2252 1313 2620 1382 ὲξουδενοῦται
2658 1310 2867 1376 ταῦτα,
2909 1309 3006 1364 καὶ
3052 1307 3261 1377 κύμασι
3289 1302 3588 1371 θαλάσσης,
3621 1297 3719 1351 καὶ

2135 1409 2373 1484 ῥεύμασι
2399 1406 2690 1478 ποταμίοις
2707 1443 2724 1467 ,
2761 1404 2856 1457 καὶ
2884 1402 3058 1472 ῐχνεσι
3087 1394 3528 1468 ποντοπορούσης
3565 1390 3714 1484 νηός,

2135 1481 2231 1558 καὶ
2262 1501 2461 1572 αὐραις
2491 1498 2731 1568 ἀνέμων,
2760 1497 2858 1550 καὶ
2885 1491 3189 1558 κόνεσι,διά
3218 1489 3282 1543 τὸ
3309 1486 3562 1558 ἀείρυτον
3586 1481 3714 1572 ἀϐε-

2136 1593 2290 1648 ϐαιόν
2330 1571 2392 1645 τε
2436 1590 2533 1644 καὶ
2588 1590 2817 1644 ἄπιστον
2862 1584 2956 1640 καὶ
2988 1584 3218 1637 ἄστατον
3262 1581 3330 1650 τῇ
3386 1571 3718 1644 ἀληθοσοφία

2139 1682 2507 1757 παρεικάσθη.
2547 1679 2763 1742 Κύκλος
2789 1677 2898 1748 γὰρ
2932 1674 3242 1744 ἀεικίνητος
3275 1670 3371 1723 καὶ
3399 1666 3718 1736 ἀείστροφος

2139 1783 2168 1834 6
2195 1779 2309 1850 βίος
2356 1775 2527 1839 ἐστὶν,
2576 1773 2740 1843 ὃμοια
2784 1770 2963 1823 πάντα
3012 1766 3106 1820 καὶ
3159 1764 3391 1818 πάντοτε
3438 1757 3722 1850 κυλίνδων,

2138 1847 2311 1932 ἑστὼς
2339 1867 2458 1937 ἅμα
2499 1864 2594 1918 καὶ
2621 1862 2855 1935 τρέχων,
2886 1853 3000 1912 οἷον
3034 1855 3127 1909 τὸν
3161 1855 3274 1910 ἀνω
3304 1850 3533 1923 οὐρανὸν
3575 1847 3724 1917 φιλο-

2142 1960 2392 2032 σοφοῦσι,
2417 1957 2679 2028 λυόμενον
2708 1953 2825 2024 ἅμα
2862 1952 2957 2005 καὶ
2999 1949 3194 2013 πάγιον
3241 1946 3321 2016 τῷ
3347 1947 3407 1998 ὲν
3442 1942 3524 2013 τῷ
3556 1941 3722 1995 κινεῖ-

2144 2052 2271 2106 σθαι
2300 2047 2633 2119 πεπηγέναι.
2656 2045 2769 2097 Καὶ
2791 2043 2901 2112 γάρ
2932 2042 2992 2094 ἓν
3014 2038 3193 2109 τούτῳ
3224 2037 3375 2109 μένει
3415 2034 3513 2088 καὶ
3554 2032 3728 2104 πέπη-

2144 2158 2261 2211 γεν,
2296 2141 2352 2193 ὲν
2398 2138 2480 2210 τῷ
2508 2135 2731 2190 λύεσθαί
2761 2150 2823 2186 τε
2862 2133 2954 2186 καὶ
2989 2128 3257 2189 κινεῖσθαι
3303 2128 3426 2189 ταῖς
3462 2141 3522 2177 τε
3555 2122 3728 2195 ὥραις

2150 2233 2245 2288 τοῦ
2284 2230 2534 2286 ἐνιαυτοῦ
2573 2229 2763 2283 ἀλλοτε
2803 2226 2941 2281 ἄλλα
2986 2222 3304 2293 φερούσαις,
3342 2217 3607 2281 ὡσαύτως
3642 2216 3727 2269 ἀεὶ

2151 2325 2251 2379 καὶ
2278 2320 2627 2392 φθειρούσαις
2652 2318 2746 2373 καὶ¹
2769 2315 3247 2387 τελεσφορούσαις,
3264 2314 3386 2375 ταῖς
3409 2329 3469 2364 τε
3497 2311 3733 2382 ἡμέραις

2153 2417 2250 2470 καὶ
2286 2414 2407 2479 νυξὶ
2436 2413 2506 2466 τά
2542 2411 2665 2465 καθ’
2710 2410 2941 2464 ἕκαστον
2973 2403 3314 2466 ἀλλοιούσαις
3347 2403 3381 2472 ἦ
3415 2397 3729 2455 ἀνακαινούο

2154 2528 2277 2576 σαις
2303 2512 2363 2563 ἐν
2393 2509 2579 2572 πόνοις
2600 2507 2696 2560 xui.
2733 2505 2943 2567 κόποις,
2968 2505 3026 2556 ὲν
3050 2502 3225 2562 νόσοις
3250 2498 3346 2553 καὶ
3368 2497 3639 2560 θανάτοις,
3675 2494 3735 2547 ἐν

2153 2601 2394 2655 πτώσεσι
2426 2599 2523 2654 καὶ
2542 2597 2887 2669 εὐδρομὶαις,
2917 2597 2976 2649 ὲν
3002 2591 3363 2653 ταπεινώσεσι
3401 2589 3497 2643 καὶ
3514 2588 3730 2652 λύπαις,

2156 2695 2215 2746 ὲν
2243 2690 2487 2762 ὐιζὼσεσι
2513 2691 2607 2744 καὶ
2632 2686 3018 2760 εὐφροσύναις.

470 2793 663 2840 noctes
698 2785 944 2840 vicissim
981 2786 1335 2840 immutantes
1379 2795 1475 2839 aut
1517 2794 1847 2840 renovantes
1877 2785 1931 2838 in
1968 2783 2251 2838 laboribus
2292 2791 2348 2836 et
2390 2779 2839 2852 fatigationibus,
2877 2779 2934 2833 in
2972 2774 3184 2833 morbis
3220 2781 3277 2830 et
3324 2774 3634 2839 mortibus,
3677 2773 3729 2826 in

470 2876 695 2932 casibus
714 2882 768 2930 et
797 2875 1079 2942 cursibus,
1102 2876 1157 2930 in
1183 2875 1586 2943 abjectionibus
1613 2887 1668 2931 et
1689 2864 1980 2941 molestiis,
2008 2875 2064 2930 in
2090 2875 2350 2945 superbia
2378 2880 2434 2929 et
2461 2874 2855 2944 cogitationum
2886 2867 3249 2925 moderantia.

474 2968 544 3023 Et
569 2969 666 3022 hoc
696 2978 802 3022 tum
829 2967 951 3037 [om
976 2969 1274 3037 sapienliw,
1302 2984 1333 3022 ο
1367 2968 1616 3034 Verbum,
1645 2975 1702 3023 et
1724 2984 1844 3039 seq.

545 3059 614 3114 Et
641 3062 745 3115 hoc
772 3067 898 3123 tuae,
925 3076 959 3114 ο
992 3059 1155 3115 Pater
1179 3068 1236 3116 et
1266 3059 1534 3126 Verbum,
1562 3060 1847 3135 sapientia:
1875 3060 2063 3130 tuique

475 3152 576 3206 zeli
628 3152 854 3222 dignum
903 3160 1021 3207 erat
1072 3160 1275 3207 cuncta
1326 3151 1629 3218 instabilis,
1683 3150 1962 3206 versatilia
2009 3157 2065 3205 et

476 3249 699 3305 mobilia
736 3261 861 3301 esse
909 3259 1255 3315 quzecunque
1310 3246 1562 3314 corporis
1611 3243 1665 3303 in
1712 3244 1819 3299 hoc
1858 3243 2065 3298 mundo

477 3336 740 3409 optabilia
787 3335 1154 3399 aestimantur,
1200 3334 1276 3389 ita
1314 3342 1374 3388 ut
1422 3335 1527 3389 hoc
1571 3341 1974 3405 cognoscentes
2011 3340 2064 3388 et

480 3431 577 3485 illa
627 3426 984 3495 aspicientes,
1038 3425 1320 3479 [iratorum
1373 3432 1430 3480 et
1489 3425 1633 3496 apud
1689 3433 1744 3479 te
1798 3425 2069 3482 stabiliter

482 3516 821 3573 manentium
858 3513 1129 3568 bonorum
1166 3513 1220 3567 in
1265 3513 1464 3582 spiritu
1502 3513 1897 3583 amplectamur
1923 3511 2071 3566 desi-

484 3607 723 3662 derium.
749 3603 982 3664 Cuncta,
1010 3602 1189 3672 inquit
1222 3603 1470 3672 sapiens,
1493 3603 1795 3657 secundum
1832 3601 2069 3672 speciem

485 3697 864 3769 intelligentia:
885 3697 990 3750 alis
1020 3694 1244 3762 adjutus
1281 3694 1646 3765 investigatus
1680 3709 1825 3760 sum,
1851 3693 1920 3750 de
1944 3693 2072 3763 qui-

487 3792 592 3847 bus
646 3790 815 3860 prisci
865 3797 921 3844 et
977 3788 1228 3857 juniores
1283 3788 1657 3859 phil030phati
1705 3795 1835 3844 sunt
1879 3805 1894 3842 :
1935 3786 2072 3842 nihil

489 3883 728 3939 miseriis
761 3882 1069 3944 hominum,
1106 3880 1161 3935 id
1203 3891 1289 3936 est
1317 3880 1428 3935 vita
1456 3880 1760 3945 hominum,
1796 3895 2074 3936 aerumno-

490 3978 609 4032 sius
675 3983 770 4029 aut
828 3974 1161 4031 laboriosius
1216 3974 1353 4029 vidi.
1406 3972 1463 4028 In
1504 3974 1592 4031 his
1656 3975 1903 4030 carnales
1973 3990 2072 4029 co-

492 4068 790 4138 gitationes
853 4067 1255 4137 parvipendens
1290 4081 1420 4121 vere
1461 4066 1772 4136 spiritualis
1802 4075 1859 4122 et
1889 4066 2075 4136 despi-

491 4162 647 4215 ciens
677 4158 989 4229 'l‘beologns
1020 4157 1250 4227 spiritus
1280 4156 1645 4227 cogitationes
1681 4156 1996 4225 magniﬁcat
2023 4163 2078 4209 ct

494 4252 608 4310 Deo
633 4252 830 4323 dignas
860 4250 1077 4306 extollit
1126 4267 1144 4306 :
1193 4264 1431 4320 quorum
1469 4250 1687 4319 signum
1731 4257 1818 4303 est
1853 4262 2077 4302 crucem

494 4344 703 4402 Christi
740 4344 936 4397 tollere
968 4349 1024 4398 et
1048 4348 1174 4411 post
1216 4341 1396 4411 ipsum
1440 4338 1494 4393 in
1540 4338 1995 4394 tribulationibus
2026 4345 2082 4390 et

498 4437 783 4493 laboribus
812 4434 1001 4504 sequi;
1036 4434 1091 4487 in
1144 4433 1404 4503 lacrymis
1428 4439 1483 4485 ct
1528 4430 1824 4499 gemitibus
1858 4429 1950 4487 Dei
1986 4445 2083 4500 spe

499 4527 766 4598 liqueﬁeri
818 4535 872 4581 et
921 4540 1088 4594 super
1129 4524 1374 4578 cmlestis
1417 4521 1637 4577 'l‘riadis
1692 4520 2076 4590 splendorihus

499 4619 777 4676 conlidere
810 4625 868 4671 et
900 4630 931 4669 a
964 4616 1203 4670 terrenis
1241 4612 1671 4683 cogitationibus
1721 4612 1938 4667 liberari
1986 4613 2081 4683 per

504 4709 759 4779 imaginis
788 4708 1081 4778 puritatem
1111 4716 1167 4762 et
1189 4705 1687 4775 incorruptionem.
1719 4704 1888 4761 Porro
1918 4706 2081 4761 vitam

500 4817 664 4873 agere
688 4800 925 4855 alienam
974 4798 1044 4852 ab
1088 4797 1349 4860 humana,
1382 4804 1438 4850 et
1489 4812 1589 4867 pro
1634 4797 1953 4853 cmlcstibus
1982 4800 2084 4852 hn-

503 4909 664 4949 wana
696 4891 1030 4962 relinquere,
1082 4890 1137 4943 in
1172 4896 1432 4960 promptu
1477 4890 1531 4943 id
1579 4898 1659 4945 est
1707 4891 1917 4960 optimo
1954 4888 2080 4943 cui—

501 5002 610 5053 que
667 4984 900 5048 homini,
938 4984 1153 5038 ﬁrmum
1201 4987 1259 5036 et
1314 4996 1503 5036 verum
1572 4983 1703 5039 illud
1757 4984 1812 5038 in
1862 4980 2086 5038 Christo

500 5075 630 5129 .losu
667 5076 938 5130 bonorum
974 5072 1261 5144 principis.
1299 5073 1492 5127 Amen.

2156 2966 2266 3021 Καὶ
2298 2966 2434 3019 τόδε
2461 2962 2579 3034 σῆς
2614 2961 2864 3034 γενέτωρ
2887 2959 3309 3029 σοφίης,Λόγ-ε,
3335 2974 3392 3011 κ.
3423 2974 3477 3010 τ.
3513 2958 3569 3009 ἑ.

2231 3057 2341 3110 Καὶ
2366 3055 2523 3110 τοῦτο
2551 3055 2650 3125 τῆς
2680 3054 2799 3124 σῆς,
2824 3047 2870 3106 ὦ
2900 3051 3080 3122 Πάτερ
3112 3050 3208 3102 καὶ
3226 3048 3388 3117 Λόγε,
3425 3049 3619 3118 σοφίας
3648 3046 3742 3101 καὶ

2160 3148 2492 3219 κηδεμονιας
2531 3146 2682 3213 ἀξιον
2707 3140 2798 3216 ἦν,
2840 3143 3021 3197 πάντα
3053 3142 3265 3195 ἄστατα
3293 3139 3388 3193 καὶ
3419 3139 3741 3211 εὐπερίτρε-

2165 3257 2276 3293 πτα
2305 3235 2443 3293 εἶναι
2490 3238 2586 3291 καὶ
2619 3236 2857 3290 ἀϐέϐαια
2901 3233 2972 3286 τά
3003 3230 3099 3285 τοῦ
3132 3229 3385 3301 σώματος
3415 3231 3474 3282 ὲν
3506 3230 3640 3300 τῷδε
3667 3230 3751 3302 τῷ

2166 3333 2357 3402 κόσμῳ
2392 3329 2641 3401 ποθητά,
2696 3328 2774 3391 ὡς
2824 3327 2891 3381 ἂν
2946 3324 3105 3379 τοῦτο
3156 3325 3402 3392 γνόντες,
3435 3322 3529 3376 καὶ
3574 3323 3746 3377 ταῦτα

2168 3424 2506 3496 παριδόντες,
2559 3422 2668 3475 τῶν
2722 3420 2975 3473 ἑστώτων
3024 3416 3118 3470 καὶ
3162 3415 3313 3485 παρὰ
3343 3414 3426 3466 σοὶ
3457 3414 3744 3483 ἀραρότως

2172 3515 2443 3586 μενόντων
2474 3512 2696 3582 ἀγαθῶν
2728 3512 2788 3565 ὲν
2832 3510 2910 3582 τῷ
2939 3509 3210 3581 πνεύματι
3235 3505 3609 3577 άσπασώμεθα
3640 3505 3746 3572 τὴν

2169 3606 2379 3676 ἔφεσιν.
2434 3605 2639 3669 Πάντα,
2668 3604 2834 3674 φησὶν
2866 3605 2895 3656 6
2917 3602 3291 3662 θεόπνευστος,
3323 3599 3445 3650 κατ’
3488 3592 3624 3660 εἶδος
3648 3594 3748 3649 τοῦ

2171 3697 2265 3752 νοῦ
2284 3695 2508 3768 πτέρυξι
2537 3696 2956 3767 ἐπεσκεψάμην,
2985 3694 3085 3749 ὅσα
3105 3710 3164 3748 τε
3192 3695 3305 3757 τοῖς
3334 3690 3501 3746 πάλαι
3532 3692 3629 3745 καὶ
3650 3689 3754 3743 ὅσα

2170 3793 2285 3855 τοῖς
2314 3790 2458 3853 νέοις
2486 3786 2852 3859 ὲφιλοσοιρήθη
2870 3802 2888 3818 ·
2917 3786 3070 3840 οὐδὲν
3096 3785 3155 3839 δὲ
3184 3784 3293 3838 τῶν
3334 3780 3636 3854 ἀνθρώπων
3658 3799 3755 3836 τα-

2172 3881 2600 3952 λαιπωρότερον,
2627 3879 2774 3933 τοῦτ’
2822 3878 2939 3931 ἔστι
2978 3875 3073 3931 τοῦ
3119 3874 3457 3947 ἀνθρωπίνου
3499 3872 3613 3944 βίου
3658 3888 3756 3944 μο-

2174 3974 2505 4048 χθηρότερον
2534 3973 2568 4044 ἦ
2623 3968 3047 4042 ἐπιπονώτερον,
3069 3969 3167 4041 οὐχ
3199 3966 3424 4031 ἑώρακα
3455 3965 3627 4020 οὐδέν.
3666 3964 3756 4017 Ἑν

2173 4068 2388 4131 τούτοις
2414 4067 2476 4120 τὸ
2509 4065 2768 4137 σάρκινον
2800 4063 3058 4136 φρόνημα
3075 4060 3520 4133 κατασμικρύνας
3537 4061 3567 4112 6
3595 4077 3758 4113 πνευ-

2181 4159 2409 4231 ματικὸς
2439 4157 2519 4229 τῷ
2563 4158 2677 4211 ϐντι
2711 4157 2807 4210 καὶ
2835 4152 3524 4221 κατευτελίσαςΘεολόγος,
3563 4151 3626 4205 τὸ
3666 4150 3758 4204 τοῦ

2178 4250 2490 4321 πνεύματος
2519 4248 2775 4321 φρόνημα
2803 4246 3098 4318 μεγαλύνει
3130 4246 3226 4299 καὶ
3268 4242 3501 4307 θειάζων
3533 4243 3755 4311 ἀνυψοῖο

2179 4343 2248 4397 τὰ
2272 4341 2464 4395 τούτου
2489 4339 2544 4392 δὲ
2577 4337 2719 4393 εἶναι
2741 4339 3122 4409 γνωρίσματα,
3155 4336 3219 4391 τὸ
3242 4337 3334 4390 τὸν
3373 4334 3605 4406 σταυρὸν
3630 4331 3761 4405 ἆραι

2182 4431 2442 4504 Χριστοῦ,
2491 4432 2584 4484 καὶ
2635 4430 2811 4483 ὀπίσω
2847 4428 3011 4483 αὐτοῦ
3050 4429 3109 4481 ὲν
3157 4426 3370 4497 θλίψεσι
3429 4426 3524 4480 καὶ
3582 4424 3763 4488 πόνοις

2182 4521 2498 4577 ἀκολουθεῖν
2514 4537 2528 4551 ·
2552 4520 2613 4574 τὸ
2636 4523 2695 4573 ἐν
2715 4521 2947 4590 δάκρυσι
2975 4518 3071 4573 καὶ
3096 4519 3422 4588 στεναγμοῖς
3438 4519 3556 4580 ταῖς
3582 4514 3763 4569 ἐλπίσι

2186 4613 2614 4686 προστετηκέναι
2660 4611 2755 4666 τοῦ
2808 4611 2968 4675 Θεοῦ,
3022 4611 3117 4664 καὶ
3169 4614 3236 4682 τῇ
3287 4609 3389 4679 τῆς
3438 4606 3765 4679 ὲπουρανίας

2186 4704 2418 4775 Τριὰὃος
2463 4703 2669 4775 λάμψει
2717 4702 3067 4758 πεποιθέναιθ
3121 4701 3219 4757 καὶ
3262 4700 3489 4754 λύεσθαι
3542 4699 3640 4769 μὲν
3670 4693 3765 4750 τοῦ

2185 4797 2376 4866 γηῖνου
2426 4797 2776 4867 φρονήματος
2825 4797 2892 4866 τῇ
2941 4793 3198 4864 ἁγνότητι
3244 4792 3341 4845 καὶ
3391 4789 3630 4861 ἀφθορίᾳ
3668 4787 3769 4857 τῆς

2185 4888 2413 4953 εἰκόνος,
2456 4887 2554 4958 ζῇν
2582 4887 2641 4940 δὲ
2679 4887 2779 4958 τῆς
2805 4886 3156 4959 ἀνθρωπίνης
3192 4884 3340 4954 ζωῆς
3360 4883 3511 4949 ξένον
3540 4879 3674 4951 βίον,
3700 4874 3771 4930 τά

2189 4978 2506 5049 ἀνθρώπινα
2533 4978 2644 5032 τῶν
2680 4978 2951 5051 οὐρανίων
2984 4976 3453 5048 διαμειϐομένους.
3481 4970 3642 5026 τοῦτο
3675 4968 3772 5038 ἒμ-

2191 5070 2350 5123 πεδον
2385 5070 2577 5141 ἁγαθῷ
2603 5071 2879 5143 ἀνθρώπῳ
2910 5069 3004 5125 καὶ
3041 5068 3260 5141 βέϐαιον
3299 5067 3393 5121 καὶ
3429 5062 3684 5134 ἀληθινὸν
3714 5062 3774 5113 ὲν

505 5167 726 5240 Χριστῷ
770 5167 945 5240 Ἰησοῦ
975 5165 1053 5237 τῷ
1073 5166 1181 5220 τῶν
1214 5165 1434 5235 ἀγαθῶν
1465 5165 1708 5239 χορηγῷ.
1744 5166 1799 5221 Ἀ
1811 5167 1936 5237 μήν.
1967 5165 2105 5238 Περὶ
2159 5167 2259 5238 τῆς
2322 5165 2429 5221 τῶν
2472 5166 2753 5237 παρόντων
2803 5161 3077 5226 εὐτελείας
3132 5160 3230 5215 καὶ
3279 5156 3639 5230 ματαιότητος
3690 5150 3777 5204 λό-

505 5279 602 5331 γος
640 5268 728 5316 ια’.

507 5356 808 5412 Comment.
860 5353 1199 5425 Aretinorum
1262 5352 1450 5425 Magni
1520 5352 1785 5425 Gregorii
1828 5351 2087 5425 Tlreologi'

578 5426 879 5479 carminum
917 5439 937 5478 :
973 5422 1440 5480 Beatiludines'et
1485 5426 1609 5480 vita:
1632 5422 1955 5493 spiritualis
2003 5438 2088 5475 re-

577 5498 737 5567 gum.
772 5494 958 5551 Sermo
986 5496 1348 5550 duodecimus.

581 5591 884 5659 Postquam
920 5589 1341 5645 commiseratus
1366 5593 1525 5642 estet
1543 5584 1796 5656 despexit
1822 5584 2086 5647 humana,

2200 5349 2529 5431 ἐεῄγησις
2567 5342 3211 5431 εῶνέέποριἱήτέυνιῖεεῖ
3242 5335 3777 5431 ea???ij

2253 5402 2530 5489 5351,2013
2566 5402 3054 5497 Θεολόγορὶέεῶν
3080 5414 3213 5482 (68).
3242 5402 3634 5476 Ἦάκαρισμοὶ
3675 5402 3775 5454 καί

2264 5489 2389 5555 ὅροι
2425 5503 2841 5557 πνευματικου
2857 5485 3248 5553 βίου..Λόγος
3280 5482 3377 5545 ιβ’.

2264 5580 2573 5643 Ταλανίσας
2606 5579 2700 5633 καὶ
2727 5576 3183 5649 κατασμικρύνας
3215 5574 3285 5628 τά
3314 5567 3656 5642 ἀνθρώπινα,
3682 5562 3777 5617 καὶ

511 5693 566 5738 et
591 5653 757 5750 hujus
779 5684 880 5739 aevi
897 5683 1142 5753 jucunda
1163 5662 1361 5737 cuncta
1382 5653 1801 5751 parvipepiandit
1828 5687 2059 5746 tanquau

2191 5672 2262 5726 τὰ
2300 5671 2394 5725 τοῦ
2441 5671 2640 5733 αἰῶνος
2684 5667 2877 5723 τούτου
2907 5666 3119 5739 τερπνά
3158 5666 3337 5719 πάντα
3383 5656 3651 5730 φαυλίσας
3699 5653 3775 5717 ὡς

515 5743 796 5830 instabilis
828 5743 1172 5842 et'mobilia,
1215 5775 1271 5829 in
1320 5743 1524 5843 quibus
1548 5743 1863 5841 prudentia
1900 5743 2052 5825 carni

2194 5765 2429 5821 ἀϐέϐαια
2463 5764 2559 5817 καὶ
2591 5762 3027 5834 εὐπερίτρεπτα,
3073 5760 3131 5812 ὲν
3160 5751 3241 5821 οἷς
3288 5754 3349 5810 τὺ
3379 5751 3635 5825 φρόνημα
3680 5743 3778 5815 τῆς

595 5928 710 6001 (68)
747 5930 932 5988 Carm.
968 5931 1064 5997 16,
1098 5945 1153 6000 p.
1194 5928 1258 5985 9t
1290 5926 1377 5984 ed.
1404 5926 1546 5993 Col.;
1573 5942 1624 5997 p.
1663 5924 1769 5982 948
1805 5924 1892 5983 ed.
1922 5924 2059 5982 Leni

2160 5926 2256 5994 :l.;
2296 5923 2383 5980 od.
2427 5938 2553 5979 nov.
2597 5936 2652 5991 p.
2689 5919 2813 5976 ιιι-ι.
