4082 6392
284 466 392 524 765

280 585 490 657 σαρκὸς
518 579 974 653 κραταιούμενον,
1008 575 1087 647 τῷ
1105 576 1226 647 Θεῷ
1259 575 1679 631 ἀντιτάσσεσθαι
1704 577 1883 630 ἀπαυ-

279 676 587 749 θαδίζεται,
626 672 714 726 διὰ
748 671 858 725 τῶν
888 667 1268 741 προκειμένων
1293 668 1500 722 τούτων
1533 668 1682 722 ἐπῶν
1713 670 1742 721 6
1781 685 1884 739 μα-

252 746 625 837 ξκανριὼτατος
655 759 932 831 ίερολόγος
970 758 1066 813 τοῦ
1095 756 1453 827 εὐαγγελικοῦ
1484 757 1651 826 νόμου
1682 757 1749 811 τὰ
1789 773 1881 812 κε-

274 857 488 928 φάλαια
529 856 625 909 καὶ
663 853 760 907 τοῦ
799 853 1146 923 φρονήματος
1173 849 1270 903 τοῦ
1319 849 1631 920 πνεύματος
1664 848 1765 920 τὴν
1797 850 1881 913 είς

241 936 252 970 ³
282 948 376 1002 ἀεὶ
401 944 768 1016 διαμένουσαν
795 942 954 1006 δόξαν
992 938 1304 1009 ὑπαυγάζει
1336 939 1431 994 καὶ
1461 939 1561 1008 τὴν
1597 939 1773 1009 ἰσχὺν,
1796 936 1879 1008 τῷ

256 1035 709 1132 ³θεαρχικωτςτιτῳ
748 1033 847 1104 μὲν
888 1031 1071 1101 Ἰησοῦ
1100 1030 1422 1101 ὁμοφρόνως
1455 1030 1551 1083 καὶ
1576 1027 1877 1099 ὁμοφώνως

282 1127 632 1200 μακαρίζων,
673 1125 772 1178 καὶ
799 1123 1030 1195 πλήρεις
1058 1122 1282 1191 ἀγαθῶν
1323 1120 1718 1194 ἀνακηρύττων
1748 1121 1877 1184 τοὺς

275 1221 343 1273 ιν
390 1217 621 1290 ἀληθείᾳ
660 1214 872 1279 ζῶντας
917 1214 950 1285 ἢ
994 1213 1261 1284 ζήσαντας
1303 1211 1421 1283 (οὓς
1467 1214 1725 1277 κάκεῖνος
1775 1210 1874 1268 τοῦ

283 1308 621 1378 Εὐαγγελίου
671 1305 1083 1375 καταρχόμενος
1127 1303 1464 1375 ὲμακάρισεν
1509 1304 1538 1357 6
1591 1302 1873 1374 Χριστὸς),

279 1403 444 1471 ὅρους
472 1400 529 1454 δὲ
561 1398 639 1470 τῷ
666 1399 781 1451 ὄντι
810 1395 1182 1467 πνευματικοῦ
1205 1395 1321 1465 βίου
1349 1396 1445 1450 καῖ
1473 1396 1678 1451 τελείου
1706 1397 1876 1462 τιθεὶς

282 1487 467 1559 ἐαυτῷ
498 1488 600 1558 τῆς
646 1488 705 1539 ὲν
746 1485 938 1555 κόσμῳ
980 1483 1077 1537 καὶ
1117 1483 1199 1554 τῷ
1236 1482 1450 1554 σώματι
1481 1485 1658 1556 τούτῳ
1687 1485 1871 1557 ζωῆς,

282 1581 375 1634 ἴνα
405 1580 503 1633 καὶ
529 1579 629 1650 τὴν
668 1578 887 1649 ποίησιν
910 1577 1006 1630 καὶ
1042 1575 1142 1648 τὴν
1173 1574 1376 1639 δίδαξιν
1406 1577 1505 1647 τῆς
1534 1580 1874 1651 Δεσποτικῆς

280 1672 664 1743 παραδείξειεν
718 1669 961 1738 ἐντολῆς,
999 1663 1081 1731 οἷς
1126 1670 1156 1722 6
1200 1669 1391 1739 Μέγας
1438 1670 1661 1742 κληθεὶς
1704 1674 1763 1725 ὲν
1801 1675 1868 1744 τῇ

275 1764 390 1818 τῶν
417 1763 665 1835 οὐρανῶν
705 1761 957 1834 βασιλείᾳ.
992 1759 1179 1829 σαφῶς
1212 1764 1716 1836 χαρακτηρίζεταιο
1751 1764 1873 1818 ἴδω-

281 1874 386 1929 μεν
425 1856 484 1909 δὲ
530 1852 954 1925 κεκομψευμενῃ
1002 1849 1146 1916 λέξει
1177 1852 1276 1924 τὴν
1302 1852 1666 1928 εὐαγγελικὴν
1695 1854 1872 1910 θεολο-

277 1950 430 2019 γίαν.
1060 2022 1069 2029 ο

284 2065 550 2128 Ὄλϐιος,
575 2059 743 2126 ὅστις
772 2056 999 2128 ἔρημον
1023 2058 1151 2130 ἔχει
1168 2058 1337 2126 βίον,
1367 2079 1423 2117 κ.
1454 2079 1505 2116 τ.
1534 2060 1583 2116 λ.

352 2168 524 2240 Οὗτος
553 2173 740 2245 ἔμοιγε
770 2170 1004 2248 πρώτως
1035 2174 1274 2247 ὑπάρχει
1306 2175 1667 2248 μακαριστὸς,
1694 2176 1724 2230 6
1746 2175 1868 2231 θεο-

282 2266 754 2337 μακαριστότατος
830 2263 1184 2334 θεοφθόγγοις
1257 2264 1447 2319 ἔπεσιν
1509 2266 1871 2334 ἀποφαίνεται

280 2359 605 2430 Γρηγόριος,
635 2356 694 2421 ὃς
722 2356 817 2411 τοῦ
850 2357 1082 2429 ματαίου
1112 2357 1224 2410 τῶν
1253 2356 1555 2430 ἀνθρώπων
1585 2357 1700 2428 βίου
1731 2359 1871 2414 ὑπα-

279 2449 703 2521 νακεχωρηκὼς,
729 2449 962 2520 άμικτόν
984 2465 1045 2502 τε
1068 2447 1165 2502 καὶ
1191 2447 1553 2519 ἀκοινώνητον
1577 2450 1715 2521 πρὸς
1742 2451 1870 2503 ἀσε-

280 2543 399 2605 ϐεῖς
430 2542 524 2594 καὶ
555 2541 916 2612 ἁμαρτωλοὺς
943 2539 1188 2603 διαϐιοὺς
1215 2538 1349 2610 βίον,
1382 2540 1585 2593 ὲθέωσε
1616 2541 1708 2595 τὸν
1740 2542 1871 2594 ἐαυυ

277 2634 381 2688 τοῦ
413 2633 540 2688 νοῦν
572 2633 862 2704 ἀκράντοις
898 2631 1118 2702 ἐφέσεσι
1142 2635 1262 2696 ταῖς
1300 2632 1440 2704 πρὸς
1481 2632 1571 2687 τὸν
1601 2632 1736 2704 Θεὸν
1774 2633 1872 2687 καὶ

278 2724 521 2796 ὁμιλίαις
544 2740 560 2756 ’
593 2702 865 2795 μακάριος
897 2722 955 2776 δὲ
987 2724 1082 2776 καὶ
1108 2724 1168 2787 ὃς
1196 2702 1401 2795 μεταξὺ
1429 2725 1540 2777 τῶν
1564 2702 1871 2796 ἀνθρώπων

279 2816 361 2887 τῷ
383 2817 534 2888 τόπῳ
558 2818 653 2870 καὶ
677 2815 758 2886 τῷ
786 2814 1001 2886 σώματι
1029 2815 1503 2887 ἀναστρεφόμενος
1524 2855 1540 2881 ,
1566 2818 1635 2887 τῇ
1675 2816 1870 2869 εὐστα-

280 2910 404 2981 θείᾳ
452 2910 546 2964 τοῦ
589 2908 681 2963 νοῦ
722 2909 784 2962 τὸ
837 2908 1093 2980 μονάζειν
1134 2907 1574 2978 κατωρθώσατο,
1621 2910 1717 2963 καὶ
1758 2911 1869 2963 τῶν

282 3004 544 3076 μυσαρῶν
575 3002 1028 3074 ἐπιτηδευμάτων
1050 3002 1582 3075 ἀπαλλοτριούμενος
1607 3005 1736 3075 ὅλην
1776 3007 1869 3059 αύ-

274 3097 373 3150 τοῦ
398 3096 500 3167 τὴν
520 3096 749 3167 καρδίαν
776 3095 864 3149 διὰ
892 3095 1203 3166 προσευχῆς
1238 3097 1444 3168 συνῆψε
1472 3097 1550 3168 τῷ
1575 3097 1713 3168 Θεῷ.
1748 3100 1869 3152 Μα-

279 3190 496 3260 κάριος,
529 3188 587 3250 ὃς
610 3188 827 3241 πάντων
847 3182 923 3242 ὧν
946 3205 1079 3241 ποτε
1113 3185 1226 3259 εἶχε
1253 3188 1552 3259 κτημάτων
1582 3190 1616 3262 ἢ
1649 3192 1868 3261 χρημάο

277 3300 390 3336 των
430 3282 780 3351 ἁντωνήσατο
822 3280 1089 3352 Χριστὸν,
1123 3281 1220 3334 καὶ
1261 3280 1425 3352 μόνον
1466 3281 1644 3352 ἐαυτῷ
1675 3282 1868 3336 ὑπελί-

278 3388 416 3426 πετο
464 3370 653 3442 κτῆμα
699 3369 792 3423 τὸν
841 3370 1098 3443 σταυρὸν,
1142 3364 1188 3438 ᾧ
1231 3371 1327 3425 καὶ
1366 3372 1453 3444 ζῇ,
1493 3372 1589 3426 καὶ
1634 3372 1868 3427 ἐπὶτῶν

276 3459 445 3532 ὤμων
475 3460 615 3532 ἄρας
645 3459 782 3529 ὑψοῦ
805 3499 819 3523 ,
862 3460 1304 3531 άμεταστρεπτεὶ
1339 3461 1420 3532 τῷ
1460 3463 1868 3535 ὲσταυρωμένῳ

278 3552 584 3606 ἀκολουθεῖ.
617 3552 908 3622 Μακάριος
933 3552 1028 3606 καὶ
1056 3551 1115 3615 ὃς
1147 3552 1257 3605 τῶν
1285 3552 1544 3623 καθαρῶς
1580 3555 1732 3626 αὐτῷ
1772 3556 1868 3610 καὶ

276 3645 503 3708 δικαίως
532 3642 1065 3714 προσγεγενημένων
1092 3644 1339 3716 κτήσεων
1368 3644 1559 3713 κύριος
1587 3644 1685 3709 ὣν,
1709 3649 1869 3720 χεῖρα

277 3736 415 3789 Θεοῦ
458 3734 842 3805 φιλάνθρωπον
877 3737 1168 3804 μιμεῖται,
1208 3739 1324 3800 τοῖς
1373 3736 1609 3791 ἐνδεέσιν
1665 3739 1868 3809 ἱλαρῶς

276 3828 796 3898 ἐπιδαψιλευόμενος
825 3868 840 3892 ,
892 3829 990 3880 καὶ
1042 3828 1100 3880 ὲν
1148 3831 1264 3892 τοῖς
1318 3828 1622 3900 ἀλλοτρίοις
1673 3831 1867 3894 πιστὸς

277 3915 765 3987 ἀποδεικνύμενος,
794 3914 891 3969 καὶ
913 3915 989 3979 ὡς
1017 3916 1283 3987 φρόνιμος
1310 3918 1594 3988 οἰκονόμος
1620 3920 1868 3973 ἐπαινού-

275 4024 460 4078 μενος.
512 4007 659 4078 Πρὸς
681 4006 895 4071 τούτοις
929 4008 1202 4079 μακάριος
1241 4011 1270 4062 6
1311 4009 1404 4062 τὸν
1447 4009 1778 4080 παρθενικόν
1807 4028 1867 4064 τε

273 4101 374 4152 καὶ
403 4100 581 4168 ἄζυγα
613 4099 724 4153 τῶν
765 4100 1137 4171 μακαρτάτων
1185 4100 1575 4172 μεμιμημένος
1636 4101 1864 4170 τρόπον⁸

272 4191 328 4244 οἳ
355 4192 457 4260 τῆς
495 4190 699 4262 σαρκὸς
728 4193 912 4245 πᾶσαν
937 4191 1235 4245 εὐπάθειαν
1263 4193 1360 4246 καὶ
1387 4192 1598 4265 τρυφὴν
1636 4194 1866 4247 ἀποσει-

274 4279 537 4350 σάμενοι,
579 4283 647 4351 τῇ
696 4280 807 4333 τῶν
847 4280 1037 4334 παθῶν
1082 4282 1255 4353 αὐτῆς
1289 4282 1668 4356 ἀπονεκρὼσει
1697 4285 1864 4354 ἐγγὺς

269 4372 377 4441 τῆς
412 4370 573 4438 ἁγίας
590 4372 860 4442 Θεότητος
886 4373 946 4425 ὲν
967 4371 1045 4443 τῷ
1069 4373 1344 4444 πνεύματι
1368 4373 1713 4445 γεγένηνται.
1746 4377 1869 4431 Μα-

270 4462 466 4531 κάριος
511 4462 606 4512 καὶ
651 4453 810 4523 οὗτος
847 4460 967 4530 μετ’
1013 4461 1260 4525 ἐκείνους
1301 4464 1332 4516 6
1373 4462 1596 4533 θεσμοῖς
1636 4464 1736 4535 μὲν
1767 4463 1864 4517 τοῦ

269 4551 454 4619 γάμου
500 4549 596 4602 καὶ⁴
636 4550 825 4619 νόμοις
870 4549 1009 4622 πρὸς
1039 4551 1220 4620 ὀλίγον
1255 4552 1539 4618 ὑπενδοὺς,
1570 4552 1667 4606 καί
1693 4570 1758 4623 γε
1801 4554 1867 4608 τὸ

267 4643 435 4714 χρέος
467 4641 573 4711 τῆς
611 4642 963 4707 παιδοποιίας
1011 4642 1497 4714 ἀφοσιωσάμενος,
1544 4646 1645 4715 τὴν
1693 4646 1865 4700 πλείω

265 4736 326 4788 δὲ
368 4736 565 4803 μοῖραν
595 4733 688 4787 τοῦ
719 4734 918 4807 ἔρωτος
944 4733 1252 4806 θυσάμενος
1275 4736 1520 4807 Χριστῷ.
1547 4737 1861 4807 Μακάριος.

263 4825 331 4887 ὃς
373 4822 438 4875 τὸ
474 4823 673 4892 κράτος
713 4824 811 4877 καὶ
850 4824 952 4895 τὴν
986 4824 1245 4890 ἐξουσίαν
1289 4826 1713 4896 ἀναδεδεγμένος
1765 4829 1863 4883 τοῦ

264 4913 405 4968 λαοῦ
437 4912 528 4967 διὰ
556 4913 660 4967 τοῦ
682 4914 780 4985 τῆς
805 4915 958 4980 θείας
994 4917 1280 4988 ίεραρχίας
1312 4916 1708 4988 καθηγεῖσθαι,
1741 4923 1865 4986 ταῖς

267 5008 670 5074 εὐαγεστάταις
702 5009 799 5062 καὶ
826 5010 1002 5080 ἱεραῖς
1041 5008 1448 5080 τελετουργίαις
1487 5010 1582 5064 τὸν
1628 5013 1864 5083 Χριστὸν

266 5099 385 5159 τοῖς
411 5097 721 5169 ἀνθρώποις
750 5101 1111 5155 καταλλάττει
1131 5098 1226 5153 καὶ
1245 5098 1863 5176 ἐξιλεοῦται.Μακὰριος

262 5187 325 5243 δὲ
349 5190 443 5241 καὶ
468 5184 644 5253 οὗτος,
674 5191 733 5255 ὃς
756 5191 819 5245 οὐ
848 5192 1109 5262 ποιμένος
1138 5191 1172 5262 ἢ
1207 5192 1415 5264 πατρὸς
1448 5191 1605 5261 λόγον
1625 5195 1860 5266 ἐπέχων,

261 5283 459 5334 τέκνον
486 5282 544 5336 δὲ
566 5286 668 5354 τῆς
716 5282 1045 5355 Ἐκκλησίας
1074 5284 1171 5338 καὶ
1196 5285 1296 5357 τῆς
1325 5284 1564 5356 ποίμνης
1591 5286 1860 5358 ἐξοχώτα-

262 5389 362 5436 τος
402 5371 480 5426 ῶν
506 5414 522 5440 ,
560 5375 638 5438 ὡς
688 5374 792 5445 τὴν
823 5375 929 5430 τῶν
972 5377 1263 5448 προνόμων
1310 5375 1496 5449 χώραν
1529 5375 1718 5447 λαχὼν
1768 5377 1864 5431 καὶ

262 5467 380 5519 τῶν
407 5467 719 5537 ύφειμένων
767 5469 1214 5541 καθηγούμενος,
1258 5469 1485 5542 θρέμμα
1524 5469 1862 5526 τελειότατον

264 5556 508 5629 ὑπάρχει
533 5560 797 5629 Χριστοῦ.
823 5561 1096 5632 ’Έτιπρδς
1118 5565 1234 5626 τοῖς
1254 5563 1566 5634 εἰρημένοις
1591 5561 1864 5635 μακάριος

264 5649 350 5718 τῷ
370 5649 487 5703 δντι
511 5651 609 5703 καὶ
639 5650 904 5721 ζηλωτὸς,
933 5652 993 5716 ὃς
1022 5652 1414 5723 καθαρωτάτου
1445 5655 1539 5706 καὶ
1563 5654 1861 5723 ἁγνοτάτου

267 5742 393 5807 νοὸς
425 5745 628 5813 ὲρωαῐς
663 5746 759 5797 καὶ
788 5746 1128 5817 όρμήμασιν,
1155 5748 1274 5819 ἦτοι
1304 5750 1518 5818 νοεραῖς
1555 5747 1812 5817 θεωρίαις
1844 5789 1857 5813 ,

264 5837 381 5890 τῶν
406 5838 508 5890 ὐπε
520 5838 818 5908 ρουρανίων
848 5838 942 5891 καὶ
967 5837 1261 5910 ἀφράστων
1283 5839 1378 5907 τῆς
1403 5838 1632 5909 Τρίάδος
1656 5840 1859 5910 ἐλλάμ-

261 5934 412 6005 ψεων
443 5930 511 5985 τά
544 5929 716 6002 κάλλη
742 5933 835 5985 καὶ
859 5931 955 5997 τὰς
970 5931 1359 6004 λαμπρότητας
1380 5931 1858 6005 καταστράπτεταί

1316 452 1385 509 IN
1422 452 1730 510 GARMI'NA
1770 452 2048 511 ABCANA
2086 453 2149 509 S.
2188 449 2546 509 GREGORII.
2588 468 2591 471 ·
2632 456 2651 463 ⁸

3472 447 3579 507 766

1987 575 2288 647 praevalens
2349 574 2461 630 Deo
2514 572 2778 629 resistere
2822 571 3060 643 superbe
3110 573 3425 638 contendit,
3482 592 3579 645 pt'l'

1982 665 2152 718 allata
2187 664 2436 718 carmina
2482 662 2587 717 ista
2639 661 2998 717 beatissimus
3042 675 3142 731 pro
3176 661 3288 716 Deo
3312 667 3579 719 sermoci-

1982 764 2149 811 nator
2177 755 2521 825 Evangelicze
2548 753 2686 825 legis
2714 752 2898 824 capita
2926 760 2983 808 et
3012 752 3319 822 prudentia:
3347 755 3578 822 Spiritus

1981 848 2215 919 gloriam
2250 848 2306 902 in
2342 855 2612 902 aeternum
2648 853 2960 901 manentem
3003 844 3247 900 illustrat
3286 852 3343 900 et
3385 847 3576 911 robur,

1978 939 2318 1011 cogitatione
2346 938 2569 1010 quidem
2603 937 2796 992 eadem
2832 946 2888 991 et
2911 951 3046 991 voce
3090 951 3199 1005 qua
3245 952 3461 992 summe
3490 937 3578 991 di-

1974 1032 2142 1087 vinus
2173 1030 2339 1088 Jesus
2392 1029 2672 1086 beatilieat
2700 1040 2754 1085 et
2789 1030 2951 1084 bonis
2988 1028 3339 1083 abundantes
3374 1028 3576 1098 praedi-

1975 1132 2068 1178 eat
2096 1123 2222 1179 illos
2258 1122 2358 1193 qui
2405 1123 2464 1177 in
2508 1121 2738 1176 veritate
2769 1120 3058 1175 ambulant
3085 1128 3140 1175 et
3189 1119 3574 1183 ambulabunt,

1975 1231 2117 1286 quos
2172 1222 2228 1269 et
2288 1215 2407 1285 ipse
2475 1211 2828 1284 Evangelium
2906 1211 3175 1267 inchoans
3241 1212 3576 1267 heatiiicavit

1973 1306 2252 1369 Christus,
2288 1306 2511 1377 regulas
2548 1319 2677 1360 vere
2720 1303 3026 1374 spiritualis
3070 1311 3125 1357 ct
3167 1304 3424 1374 perfecta:
3448 1304 3574 1357 vitae

1974 1414 2290 1472 proponens
2322 1398 2424 1453 sibi
2458 1397 2513 1451 in
2549 1397 2748 1452 diebus
2777 1395 2944 1461 hujus
2975 1395 3164 1450 mundi
3198 1403 3255 1449 et
3285 1395 3563 1463 corporis,

1976 1501 2039 1548 ut
2080 1491 2371 1546 facientem
2417 1490 2819 1567 ducentemque
2871 1489 3157 1543 Dominiea
3205 1487 3463 1543 mandata
3507 1504 3569 1543 sc

1971 1584 2288 1641 ostenderet
2317 1602 2331 1638 :
2370 1582 2455 1637 his
2478 1580 2712 1651 Magnus
2743 1590 2972 1636 vocatus
2999 1582 3066 1634 ad
3101 1596 3268 1650 regna
3297 1576 3565 1649 caelorum

1972 1683 2162 1743 aperte
2193 1673 2558 1743 significatur.
2592 1668 2891 1728 Videamus
2918 1671 3088 1743 igitur
3110 1678 3330 1741 compto
3346 1669 3571 1740 eloquio

1970 1765 2350 1838 evangelicum
2389 1777 2722 1820 sermonem.
2750 1836 2756 1840 ἢ

1977 2068 2177 2125 Beatus
2203 2070 2295 2141 qui
2322 2070 2380 2124 in
2405 2069 2696 2126 solitudine
2723 2069 2888 2142 degit,
2918 2079 3027 2127 etc.

2042 2181 2138 2238 Ille
2178 2180 2312 2236 mihi
2357 2181 2538 2252 primo
2581 2180 2778 2237 beatus
2823 2188 3072 2252 apparet,
3128 2180 3370 2237 declarat
3428 2195 3567 2237 voce

1971 2273 2084 2329 Deo
2116 2273 2282 2346 digna
2316 2272 2640 2344 Gregorius,
2680 2273 2997 2328 beatudinis
3030 2273 3232 2328 divina:
3251 2273 3413 2328 valde
3435 2289 3566 2343 par-

1970 2366 2171 2435 ticeps,
2201 2364 2295 2436 qui
2325 2379 2355 2418 a
2387 2379 2528 2419 vana
2553 2363 2841 2419 hominum
2875 2365 2985 2418 vita
3017 2364 3287 2434 gradatim
3320 2370 3564 2419 retroce-

1968 2458 2129 2524 deus,
2164 2472 2225 2514 se
2266 2472 2376 2513 non
2417 2456 2678 2528 jungens,
2730 2457 2980 2527 nihilque
3023 2471 3317 2511 commune
3352 2456 3564 2512 habens
3614 2516 3619 2521 ,

1968 2565 2094 2606 eum
2142 2548 2330 2620 impiis
2386 2557 2553 2620 atque
2611 2548 3020 2620 peccatoribus,
3061 2548 3230 2602 vitam
3285 2547 3463 2613 duxit,
3508 2556 3565 2602 et

1970 2643 2122 2715 pttris
2161 2643 2454 2701 desideriis
2500 2643 2568 2699 ad
2622 2641 2791 2698 Deum
2848 2651 3017 2712 atque
3071 2641 3354 2696 consortio
3403 2655 3561 2696 suam

1967 2736 2245 2793 dcillcavit
2276 2744 2539 2792 mentem.
2575 2736 2778 2792 Beatus
2809 2745 2864 2791 et
2900 2735 2993 2806 qui
3046 2735 3189 2789 inter
3238 2734 3490 2788 homines
3531 2748 3563 2785 a

1967 2831 2091 2884 loco
2115 2838 2171 2883 et
2201 2843 2438 2899 corpore
2467 2843 2528 2885 se
2566 2827 2903 2884 subtrahens
2931 2826 2999 2881 ad
3042 2826 3185 2881 bona
3215 2825 3444 2897 spiritus
3474 2825 3563 2878 in-

1966 2921 2166 2984 temlit,
2221 2919 2577 2976 solitudinem
2630 2917 2863 2972 feliciter
2912 2913 3155 2970 obtinuit
3203 2920 3258 2969 et
3311 2929 3341 2968 a
3407 2912 3564 2967 dete-

1966 3012 2184 3068 standis
2213 3010 2570 3081 apparatibus
2592 3009 2808 3063 alienus
2841 3006 3043 3071 factus,
3070 3012 3241 3059 totum
3276 3021 3374 3059 cor
3395 3019 3560 3058 suum

1966 3118 2065 3173 per
2087 3116 2282 3172 preces
2321 3100 2431 3156 Deo
2458 3099 2767 3169 conjunxit.
2804 3095 3007 3151 Beatus
3038 3096 3131 3166 qui
3163 3094 3410 3149 omnium
3439 3108 3562 3162 quae

1965 3194 2161 3249 habuit
2186 3191 2604 3262 possessionum
2644 3197 2740 3242 aut
2771 3187 3042 3241 bonorum
3076 3184 3558 3256 pretiotlhristum

1963 3281 2260 3353 acquisivit
2291 3287 2349 3336 et
2379 3278 2485 3335 sibi
2523 3277 2628 3348 ipsi
2664 3276 2838 3331 solam
2881 3275 3290 3347 possessionem
3333 3288 3556 3327 crucem

1963 3372 2212 3442 reliquit,
2247 3370 2337 3425 cui
2367 3377 2423 3425 et
2467 3367 2621 3434 vivit,
2655 3381 2820 3437 quam
2867 3372 2922 3421 et
2971 3379 3137 3435 super
3162 3364 3421 3419 humeros
3447 3363 3560 3418 alte

1967 3465 2168 3520 tollens
2205 3476 2309 3518 nec
2362 3469 2513 3517 retro
2559 3459 2839 3529 aspiciens
2882 3458 3209 3512 crucifixum
3269 3456 3558 3526 sequitur.

1965 3557 2170 3613 Beatus
2224 3562 2281 3611 et
2330 3552 2428 3624 qui
2475 3551 2748 3608 bonorum
2788 3564 2914 3621 qua:
2983 3549 3089 3619 ipsi
3131 3549 3453 3617 incorrupte
3504 3555 3561 3601 et

1958 3649 2111 3719 iuste
2131 3645 2517 3719 superadjecta
2547 3651 2677 3700 sunt
2710 3641 2972 3697 dominus
2991 3681 3009 3706 ,
3051 3655 3273 3695 manum
3304 3638 3398 3694 Dei
3427 3654 3558 3708 erga

1964 3740 2222 3794 homines
2263 3736 2579 3792 munificam
2629 3734 2901 3796 imitatur,
2942 3732 3234 3802 egentibus
3278 3729 3470 3784 hilaris
3501 3737 3559 3783 et

1964 3833 2150 3902 largus
2184 3830 2347 3884 dator
2375 3837 2432 3883 et
2474 3827 2530 3882 in
2565 3826 2762 3882 alienis
2805 3825 2982 3880 ﬁdelis
3016 3824 3298 3884 inventus,
3346 3830 3400 3876 et
3433 3828 3558 3875 tan-

1964 3938 2128 3993 quam
2154 3921 2398 3991 prudens
2438 3918 2659 3973 villicus
2705 3917 2984 3972 laudatus.
3020 3916 3201 3987 Super
3232 3914 3318 3969 his
3363 3915 3556 3969 beatus

1962 4015 2057 4085 qui
2088 4012 2414 4082 virginalem
2447 4018 2502 4065 et
2535 4008 2791 4063 cmlibem
2826 4004 3275 4063 beatissimorum
3309 4007 3558 4061 imitatus

1961 4113 2050 4162 est
2076 4118 2310 4169 morem,
2341 4101 2438 4172 qui
2473 4100 2660 4155 carnis
2698 4101 3160 4156 consuetudinem
3201 4115 3420 4154 onmem
3457 4098 3559 4152 de.

1962 4193 2231 4263 liciasque
2275 4190 2618 4260 abiecerunt,
2664 4198 2719 4245 et
2764 4190 2953 4245 carnis
2992 4190 3328 4261 voluptatem
3363 4187 3557 4243 morti-

1964 4284 2218 4340 ficatione
2240 4282 2475 4355 proximi
2508 4282 2822 4338 Divinitatis
2865 4282 3173 4336 castitatem
3212 4280 3451 4335 amantis
3497 4279 3553 4333 in

1965 4377 2161 4447 spiritu
2192 4374 2325 4430 facti
2356 4386 2507 4431 sunt.
2534 4374 2735 4431 Beatus
2762 4383 2818 4430 et
2842 4382 2967 4445 post
2997 4375 3134 4430 istos
3156 4375 3248 4444 qui
3278 4388 3309 4427 a
3341 4371 3555 4441 legibus

1962 4471 2324 4540 moribusque
2368 4469 2700 4523 matrimonii
2738 4467 2809 4523 ad
2845 4468 3122 4523 modicum
3150 4476 3367 4537 tempus
3403 4480 3555 4520 rece-

1963 4562 2124 4625 dens,
2159 4562 2405 4617 debitum
2454 4562 2665 4633 prolem
2720 4560 3016 4632 generandi
3065 4559 3292 4615 remittit
3333 4568 3388 4613 et
3435 4573 3553 4613 ma-

1958 4655 2137 4725 jorem
2168 4654 2377 4709 amoris
2408 4662 2620 4723 partem
2647 4653 2870 4709 Christo
2893 4660 3202 4710 consecrat.
3233 4652 3432 4709 Beatus
3458 4652 3555 4723 qui

1961 4747 2291 4803 auctoritate
2323 4756 2378 4801 et
2409 4755 2685 4814 potestate
2717 4763 2886 4817 super
2931 4747 3192 4817 populum
3235 4754 3459 4816 accepta
3493 4752 3556 4799 ut

1961 4836 2127 4892 ducat
2179 4851 2278 4906 per
2327 4837 2714 4892 sanctissimas
2761 4839 3137 4909 mysticasque
3185 4837 3384 4892 divime
3439 4837 3555 4891 hie-

1960 4928 2195 4984 rarchia:
2244 4925 2591 4995 disciplinas,
2637 4927 2862 4983 Christo
2923 4927 3240 4983 reconciliat
3275 4926 3551 4991 homines,

1963 5018 2417 5087 Salvatoremque
2478 5018 2773 5089 propitium
2831 5018 3031 5074 reddit.
3098 5018 3297 5073 Beatus
3346 5027 3399 5073 et
3463 5019 3555 5075 ille

1959 5112 2054 5181 qui
2090 5107 2333 5181 pastoris
2375 5117 2473 5162 aut
2510 5108 2685 5178 patris
2720 5124 2927 5163 morem
2965 5125 3074 5165 non
3114 5112 3379 5174 retinens.
3407 5111 3555 5166 filius

1960 5199 2223 5257 Ecclesiae
2246 5205 2302 5254 ct
2321 5197 2488 5253 ovilis
2511 5199 2829 5269 prrecellens
2852 5209 2960 5266 est,
2988 5201 3321 5271 optimarum
3346 5217 3552 5270 pascua

1961 5293 2147 5349 ovium
2181 5291 2393 5346 invenit
2436 5299 2493 5345 et
2541 5290 2845 5346 imbecilles
2891 5293 3065 5358 ducit,
3115 5293 3554 5362 perfectissimus

1961 5381 2081 5452 ipse
2112 5382 2371 5436 alumnus
2398 5377 2631 5435 Christi.
2673 5379 2770 5434 llis
2798 5381 2962 5437 dictis
2986 5382 3180 5438 beatus
3212 5383 3394 5438 adhuc
3422 5398 3552 5435 vere

1959 5482 2017 5529 et
2044 5473 2246 5543 dignus
2274 5472 2364 5527 cui
2415 5470 2747 5535 invideatur,
2786 5472 2881 5539 qui
2933 5472 3307 5537 mundissimi,
3340 5484 3395 5528 et
3425 5487 3549 5533 cas-

1959 5563 2162 5619 tissimi
2190 5563 2418 5632 spiritus
2448 5564 2745 5632 ardoribus
2765 5573 2820 5620 et
2844 5566 3136 5622 conatibus
3165 5577 3260 5620 aut
3289 5565 3547 5632 spiritua-

1963 5656 2107 5711 libus
2162 5654 2611 5711 meditationibus
2680 5654 2969 5711 Trinitatis
3014 5657 3546 5727 magnificentiarum

1962 5762 2130 5816 super
2150 5747 2322 5800 ccelos
2350 5755 2405 5800 et
2440 5762 2607 5817 super
2644 5762 2862 5803 omnem
2894 5763 3201 5804 sermonem
3238 5745 3548 5817 pulchritu-

1964 5838 2123 5891 dines
2171 5845 2227 5891 ct
2277 5838 2602 5907 splendores
2638 5847 2932 5907 scrutatur,
2958 5848 3015 5893 et
3064 5847 3313 5911 penetrat
3344 5838 3551 5894 lumine

1963 5931 2149 5988 divino
2201 5931 2597 5992 circumfusus.
2631 5934 2832 5992 Beatus
2864 5943 2917 5992 ct
2968 5934 3061 6006 qui
3105 5949 3336 6008 operose.
3383 5934 3549 5992 bene-
