4082 6406
520 457 626 514 767

519 594 628 648 que
656 578 912 632 mandata
956 591 1183 632 servans
1215 575 1467 630 manibus
1512 573 1854 626 incessanter
1897 569 2107 623 laborat

522 676 575 720 et
613 666 794 734 ipsum
829 681 1106 719 summum
1158 680 1340 734 regem
1386 663 1666 718 Christum
1692 660 1952 730 Operibus
1994 658 2109 714 suis

518 756 796 828 glorilieat
821 763 876 809 et
911 757 1098 811 multis
1127 757 1388 812 statuitur
1427 755 1733 826 spiritualis
1772 754 1897 808 vitat
1934 754 2110 808 forma

524 854 578 900 et
600 847 934 916 exemplum.

529 1025 590 1078 2|
648 1025 782 1079 Sunt
834 1024 945 1078 hare
998 1025 1178 1078 omnia
1224 1023 1498 1094 plenitudo
1544 1023 1831 1164 cwlesti'utu
1881 1024 2114 1076 toreula-

1750 1110 1908 1153 rtum,
1938 1102 2043 1146 etc.

1750 1102 1908 1153 rium,
1938 1102 2043 1146 etc.

605 1185 852 1248 Cuuctm,
911 1185 1088 1253 inquit
1138 1184 1360 1238 divinus
1397 1183 1752 1254 Paetlagogus,
1809 1185 2118 1238 animarum

537 1294 656 1345 quae
690 1277 859 1330 beata:
907 1279 1164 1332 dicuntur
1205 1279 1436 1346 species,
1479 1277 1821 1331 destinantur
1849 1292 1970 1344 qua:
2007 1291 2121 1332 ca:-

539 1369 696 1421 leslia
739 1370 828 1421 illa
859 1372 1105 1438 repleant
1141 1369 1362 1422 cellaria
1392 1378 1446 1422 et
1499 1368 1894 1438 promptuaria,
1944 1367 1997 1420 id
2036 1377 2119 1422 est

539 1461 858 1514 mansiones
893 1461 1033 1528 apud
1067 1461 1233 1514 Deum
1263 1475 1404 1530 quas
1438 1459 1504 1512 ad
1538 1457 1884 1528 recipiendos
1913 1458 2127 1511 anima-

540 1567 662 1619 rum
710 1561 1023 1605 nostrarum
1058 1553 1272 1606 fruetus
1317 1551 1646 1621 prmparavit
1679 1547 1865 1612 Pater,
1912 1549 2018 1601 alia
2070 1549 2122 1602 in

544 1639 708 1692 aliam
759 1640 1102 1693 mansionem
1157 1647 1212 1694 et
1262 1640 1504 1708 requiem
1551 1638 1858 1691 adducente
1895 1638 2125 1701 virtute;

545 1745 672 1782 nam
707 1731 958 1798 pluribus
991 1728 1102 1782 Deo
1131 1727 1312 1798 dignis
1345 1727 1567 1783 vivendi
1611 1727 1921 1784 rationibus
1946 1729 2132 1799 plures

545 1832 754 1890 paratae
786 1832 915 1874 sunt
939 1821 1274 1876 mansiones.
1393 1821 1396 1824 ’

547 1913 746 1968 Beatus
774 1914 865 1967 ille
891 1930 1043 1984 quem
1080 1930 1383 1983 pauperem,
1415 1923 1522 1970 etc.

623 2005 834 2059 Exinde
889 2005 1261 2060 beatitudincs
1304 2005 1449 2075 apud
1501 2007 1855 2077 Evangelium
1887 2009 2132 2079 singulas

545 2098 848 2168 percurrit,
886 2098 1103 2151 beatum
1143 2112 1268 2153 esse
1317 2098 1504 2152 dicens
1549 2099 1700 2152 illum
1732 2095 1892 2170 quein
1929 2116 2134 2170 paupe-

548 2205 666 2245 rem
721 2188 1140 2258 cupiditatibus,
1197 2188 1249 2243 id
1311 2197 1396 2244 est
1445 2191 1806 2260 cupiditatum
1853 2201 2133 2262 expertem

548 2281 794 2336 ostendit
822 2280 1066 2350 Spiritus
1103 2288 1352 2343 sanctus,
1385 2281 1629 2350 ipsorum
1668 2285 1814 2338 enim
1854 2299 1988 2339 sane
2011 2299 2136 2339 esse

552 2387 782 2442 regnum
828 2373 1131 2437 eteloruin;
1176 2372 1422 2428 secundo
1493 2387 1678 2427 sermo
1751 2375 1970 2430 beatum
2000 2375 2137 2430 dicit

556 2466 648 2534 qui
685 2474 1012 2535 praesentem
1055 2465 1221 2519 vitam
1265 2466 1836 2523 totamlaudabilibus
1881 2469 2138 2538 lacrymis

555 2553 798 2624 allligens
832 2563 888 2608 et
918 2554 1169 2623 abjectus
1199 2561 1254 2608 et
1301 2555 1616 2611 humiliatus
1662 2558 1805 2627 agit;
1843 2558 1958 2627 ipse
1991 2559 2138 2612 enim

555 2647 992 2700 consolationem
1027 2645 1099 2700 ab
1145 2646 1258 2699 alto
1293 2646 1544 2701 obtinere
1582 2648 1902 2704 merebitui.
1933 2649 2141 2706 Deinde

555 2747 610 2792 et
641 2737 736 2806 qui
767 2736 1051 2792 cmlestem
1087 2751 1271 2790 escam
1298 2737 1414 2790 sive
1445 2737 1721 2804 justitiam
1753 2738 2142 2793 insatiabiliter

555 2829 979 2891 esurit,beatus.
1021 2828 1150 2896 quia
1179 2842 1244 2881 ea
1287 2828 1602 2883 satiabitur.
1664 2827 1867 2884 Deinde
1908 2839 1963 2884 et
2014 2832 2142 2900 qui-

556 2935 775 2990 cunque
839 2921 893 2973 in
944 2919 1368 2974 mansuetudine
1407 2928 1463 2974 et
1508 2919 1733 2974 lenitate
1775 2928 1830 2974 et
1876 2923 2146 2977 suavitate

553 3014 710 3082 juxta
765 3011 896 3066 Jesu
941 3011 1418 3066 mansuetudinem
1463 3019 1518 3066 et
1567 3012 1932 3066 humilitatem
1979 3014 2146 3069 corde

559 3104 744 3158 vivere
795 3119 856 3158 se
908 3113 1123 3158 exercet
1180 3105 1395 3166 beatus.
1444 3111 1632 3173 utpote
1678 3103 1770 3172 qui
1822 3120 2145 3174 magnorum

563 3195 739 3250 haeres
790 3196 1032 3250 ewlestis
1104 3202 1160 3250 et
1225 3195 1559 3263 incorruptae
1620 3202 1781 3250 terra:
1843 3197 2146 3255 bonorum.

563 3283 831 3339 Prmterea
863 3285 1056 3340 beatus
1082 3293 1136 3339 et
1178 3287 1271 3356 qui
1305 3287 1422 3341 suis
1463 3286 1516 3339 in
1560 3287 1866 3342 visceribus
1897 3304 2148 3358 magnam

566 3371 663 3426 Dei
695 3373 1130 3425 misericordiam
1184 3387 1281 3441 per
1322 3373 1679 3428 imitationem
1712 3384 1767 3429 et
1805 3377 2150 3445 phiianthro-

571 3464 714 3531 p'ram
751 3463 804 3513 in
836 3463 1145 3529 proximum
1179 3464 1312 3530 alit;
1346 3465 1541 3521 beatus
1575 3475 1630 3520 et
1658 3468 1750 3535 qui
1786 3483 1883 3522 cor
1904 3468 1974 3522 ab
2000 3470 2151 3523 omni

571 3550 991 3619 inquinamento
1049 3551 1232 3604 carnis
1269 3567 1334 3605 ac
1373 3553 1600 3620 spiritus
1653 3557 1900 3622 mundat,
1971 3557 2154 3614 videre

571 3641 873 3695 merebitur
905 3640 1093 3706 Deum,
1131 3641 1278 3697 sicut
1309 3643 1495 3700 videre
1533 3645 1738 3699 homini
1785 3663 2001 3717 aequum
2027 3660 2152 3716 est;

570 3730 773 3786 etenim
803 3732 962 3801 quasi
995 3747 1090 3800 per
1136 3734 1440 3805 speculum,
1475 3751 1572 3805 per
1595 3738 1795 3795 mentis
1829 3741 2152 3796 munditiam

572 3823 905 3882 invisibilem
934 3824 1160 3879 videbit.
1200 3823 1331 3879 Post
1377 3825 1478 3880 hos
1521 3832 1714 3883 beatus
1758 3837 1813 3884 et
1846 3831 1939 3900 qui
1967 3848 2152 3886 veram

570 3911 703 3969 Jesu
749 3929 935 3984 pacem
985 3917 1232 3971 veritatis
1280 3918 1536 3985 operibus
1580 3920 1799 3989 quaerit,
1843 3938 2007 3991 quam
2059 3925 2152 3994 qui

575 4022 684 4061 non
715 4007 998 4062 declinans
1047 4007 1359 4078 insequitur
1411 4016 1488 4075 et,
1510 4013 1776 4080 quantum
1830 4017 2155 4082 potuit,am-

578 4102 771 4170 plexus
796 4107 904 4162 est,
935 4109 1098 4169 atque
1130 4116 1240 4170 quo
1293 4100 1477 4170 plures
1509 4110 1688 4172 potest
1728 4112 1807 4159 tot
1846 4105 1898 4158 in
1926 4107 2041 4174 ipsa
2071 4125 2156 4164 re-

575 4193 831 4249 conciliat
859 4203 914 4248 et
953 4193 1339 4262 belligerantes
1380 4194 1632 4263 paeilicat
1661 4211 1755 4264 per
1789 4197 1987 4265 ipsam,
2018 4217 2155 4269 pra:-

576 4288 737 4342 celsa!
766 4285 1045 4339 liliationis
1089 4285 1289 4339 divinae
1329 4286 1805 4357 deiﬁeationisque
1836 4291 2038 4360 dignus
2069 4310 2158 4349 re-

579 4378 881 4448 putabitur.
917 4375 1242 4429 Sutnmatim
1270 4375 1544 4441 dicamus,
1587 4378 1730 4432 beati
1767 4379 1925 4447 juxta
1969 4382 2157 4440 divina

580 4469 673 4522 Dei
727 4467 888 4520 Verbi
937 4467 1160 4517 oracula
1206 4479 1397 4518 omnes
1441 4467 1532 4534 qui
1583 4471 2016 4536 persecutionem
2055 4490 2156 4543 pa-

581 4557 798 4612 tiuntur
829 4561 1052 4623 propter
1076 4553 1332 4621 pietatem
1367 4561 1422 4606 et
1444 4553 1739 4621 justitiam,
1777 4573 1968 4615 omnes
1990 4566 2159 4632 gratis

581 4648 710 4700 odio
731 4644 904 4698 habiti
938 4651 994 4695 et
1023 4641 1421 4696 contumeliose
1453 4644 1662 4713 accepti
1690 4653 1745 4699 et
1789 4651 2068 4718 maledice,
2104 4667 2161 4712 et

581 4736 676 4806 qui
712 4749 875 4787 omne
925 4746 1098 4801 genus
1148 4729 1410 4784 molestia:
1448 4739 1503 4784 et
1541 4732 1792 4787 dolorum
1841 4743 1897 4791 et
1944 4744 2160 4796 crucia-

583 4839 736 4883 tuum
765 4835 818 4882 et
859 4824 1055 4879 mortis
1101 4822 1482 4878 sustinuerunt
1526 4835 1748 4894 propter
1783 4826 1912 4884 Jesu
1953 4832 2160 4892 Christi

581 4936 847 4983 amorem,
880 4919 1038 4972 [idem
1065 4925 1118 4970 et
1157 4913 1524 4975 veritatem,et
1550 4917 1618 4972 ad
1643 4919 1801 4975 liuent
1831 4939 2005 4995 usque
2031 4942 2157 4983 eum

583 5013 884 5083 gratiarum
943 5009 1159 5062 actione
1213 5007 1361 5078 passi
1421 5019 1572 5073 sunt,
1605 5012 1733 5080 quia
1783 5014 2027 5084 ipsorum
2073 5029 2162 5074 est

583 5117 835 5172 regnum,
875 5102 1180 5171 horumque
1219 5116 1429 5156 merces
1469 5117 1594 5160 vere
1643 5105 1813 5161 multa
1870 5119 1925 5164 et
1966 5111 2160 5165 inell‘a-

585 5194 710 5250 bilis
744 5193 796 5248 in
829 5192 1007 5248 ccelis.

589 5508 792 5564 Horum
815 5523 971 5578 quam
1001 5509 1268 5573 exoptabis
1285 5551 1298 5573 ,
1331 5518 1436 5564 etc.

660 5619 815 5673 Sicut
844 5618 1161 5672 mansiones
1201 5621 1383 5672 multa:
1431 5619 1572 5688 apud
1621 5618 1900 5673 emlestem
1947 5618 2158 5674 Patrem

587 5707 907 5774 ereduntur,
938 5706 1018 5761 sic
1049 5706 1262 5759 vivendi
1290 5706 1512 5758 rationis
1543 5707 1774 5760 diversae
1798 5707 1980 5760 multa:
2004 5708 2163 5762 beati-

591 5797 1016 5850 tudiuesmlillas
1038 5797 1352 5848 mansiones
1383 5795 1607 5849 ducunt.
1631 5794 1884 5864 Adquznn
1917 5813 2046 5865 ergo
2075 5815 2160 5854 se-

595 5887 807 5948 mitnn,
826 5883 1023 5954 inquit,
1043 5897 1162 5953 qum
1185 5885 1399 5939 beatum
1417 5885 1627 5951 elliciat,
1651 5885 1874 5942 feliciter
1901 5889 2162 5944 acceden-

1891 446 2180 504 NICETAS
2207 447 2414 503 D.\\'ID

3679 426 3796 485 768

2213 569 2306 621 acati.
2359 565 2698 634 φωτίζεται·
2733 561 3004 633 μακάριος
3043 558 3101 610 δὲ
3142 556 3234 609 καὶ
3276 555 3336 616 ὃς
3393 550 3484 603 διὰ
3536 547 3797 617 πράξεως

2212 657 2420 727 ἀγαθῆς
2470 657 2564 709 καὶ
2613 653 2870 723 ἐνεργοῦς
2911 651 3021 704 τῶν
3066 645 3294 701 ἐντολῶν
3344 640 3596 711 φυλακῆς
3635 637 3802 706 χερσὶ

2212 747 2520 818 δραστικῶς
2548 745 2992 814 διαπονούμενος,
3029 740 3190 795 αὐτόν
3224 755 3282 789 τε
3315 736 3408 787 τὸν
3443 728 3803 801 παμϐασιλέα.
3825 727 3845 746 ⁸

2216 836 2450 907 Χριστὸν
2495 839 2609 898 τοῖς
2643 836 2822 905 ἔργοις
2853 833 2990 902 τιμᾷ
3009 871 3024 895 ,
3054 830 3149 883 καὶ
3171 826 3387 888 πολλοῖς
3420 819 3803 892 πνευματικοῦ

2219 928 2336 998 βίου
2364 927 2530 997 νόμος
2560 927 2902 980 καθίσταται.

2216 1021 2279 1076 21
2319 1019 2522 1074 Πάντα
2549 1018 2680 1074 τάδ’
2708 1017 3002 1086 οὐρανίων
3031 1007 3655 1149 πλημῦμιῖῗῶξπῇετρ
3680 1006 3812 1125 ξῖηο

2293 1181 2499 1244 Πάντα,
2538 1181 2703 1251 φησὶν
2731 1181 2759 1232 ό
2785 1180 2928 1242 θεῖος
2949 1177 3288 1239 διδάσκαλος,
3319 1174 3388 1226 τὰ
3417 1170 3528 1223 τῶν
3561 1182 3810 1238 μακαρι-

2223 1273 2466 1342 ζομένων
2491 1273 2606 1342 εἴδη
2649 1272 2835 1342 ψυχῶν
2857 1314 2872 1337 ,
2908 1271 3082 1324 ταῦτα
3118 1266 3463 1339 πληρώματα
3497 1261 3608 1314 τῶν
3637 1259 3812 1329 οὐρα-

2223 1362 2352 1413 νίων
2395 1362 2619 1414 ἐκείνων
2662 1361 2898 1430 ὑπάρχει
2937 1359 3149 1430 ληνῶν,
3180 1358 3298 1428 ἤτοι
3341 1351 3519 1425 μονῶν
3554 1348 3650 1403 καὶ
3675 1349 3817 1400 ἀπο-

2225 1451 2411 1522 θηκῶν
2439 1451 2534 1504 τοῦ
2564 1451 2700 1504 Θεοῦ
2722 1491 2737 1516 ,
2771 1451 2838 1513 ἃς
2869 1447 3226 1519 ὑποδεκτρίας
3245 1487 3259 1510 ,
3300 1445 3480 1498 είτουν
3508 1438 3816 1508 ὑποδοχὰς,

2224 1546 2320 1599 τοῦ
2350 1545 2568 1616 καρποῦ
2591 1544 2701 1597 τῶν
2733 1543 3018 1614 ἡμετέρων
3045 1539 3231 1610 ψυχῶν
3264 1541 3292 1592 ὁ
3318 1538 3508 1606 Πατὴρ
3553 1549 3821 1604 προητοι-

2232 1638 2466 1708 μάσατο,
2499 1637 2667 1706 ἄλλης
2696 1637 2898 1706 ἀρετῆς
2917 1637 3002 1687 ἐπ’
3034 1635 3199 1702 ἀλλην
3232 1629 3472 1699 ἀγούσης
3506 1625 3690 1696 χώραν
3717 1623 3820 1676 καὶ

2229 1731 2575 1784 κατάπαυσιν
2618 1745 2632 1759 ·
2681 1727 2892 1781 πολλῶν
2947 1725 3058 1795 γὰρ
3118 1721 3377 1790 ἀξιοθέων
3430 1718 3562 1788 βίων
3619 1713 3823 1770 πολλαὶ

2232 1821 2638 1891 προεστήκασιν
2671 1819 2954 1888 εὐτρεπεῖς
2984 1814 3163 1887 μοναί.

2235 1913 2477 1977 Ὄλϐιος
2507 1911 2578 1963 ὃν
2603 1909 2865 1978 πτωχὸν,
2897 1926 2950 1960 κ.
2979 1926 3029 1960 τ.
3060 1906 3142 1972 ἐξ.

2315 2004 2598 2057 Ἐντεῦθεν
2655 2005 2784 2064 τούς
2842 2001 2994 2070 παρὰ
3041 1997 3120 2068 τῷ
3182 1993 3501 2065 Εὐαγγελίῳ
3565 1990 3653 2042 διὰ
3705 1986 3826 2039 τῶν

2233 2095 2382 2148 ἐπῶν
2439 2094 2718 2163 ὲπιτόμως
2769 2091 2994 2155 διέξεισι
3065 2085 3489 2158 μακαρισμούς,
3549 2079 3826 2152 μακάριον

2234 2184 2374 2241 εἶναι
2406 2186 2600 2254 λέγων,
2635 2185 2693 2238 ὃν
2725 2183 2938 2253 πτωχὸν
2966 2185 3077 2244 τοῖς
3109 2181 3356 2240 πάθεσιν,
3386 2177 3414 2229 ὅ
3442 2177 3590 2226 ἐστιν
3632 2170 3827 2238 ἀπαθῆ

2233 2279 2296 2332 τὸ
2339 2277 2563 2346 Πνεῦμα
2605 2274 2667 2328 τὸ
2713 2275 2867 2342 ἅγιον
2911 2273 3232 2341 ἀπέφηνεν
3263 2268 3374 2321 τῶν
3418 2264 3679 2318 τοιούτων
3711 2260 3830 2330 γὰρ

2237 2365 2374 2422 εἶναι
2402 2367 2500 2438 τὴν
2520 2367 2632 2419 τῶν
2671 2365 2917 2436 οὐρανῶν
2962 2362 3240 2432 βασιλείαν
3282 2357 3505 2430 δηλαδή.
3561 2351 3829 2422 Δεύτερον

2237 2459 2297 2512 δὲ
2332 2460 2361 2511 ό
2401 2457 2559 2525 λόγος
2600 2455 2916 2526 μακαρίζει,
2945 2454 3002 2516 ὃς
3043 2452 3144 2522 τὴν
3187 2447 3422 2503 ἐνταῦθα
3456 2447 3603 2515 ζωὴν
3641 2444 3831 2495 πᾶσαν

2238 2547 2508 2616 ἐπαινετῷ
2557 2547 2743 2599 πένθει
2792 2543 3002 2597 πενθῶν
3021 2582 3037 2606 ,
3086 2539 3182 2593 καὶ
3232 2532 3666 2606 σκυθρωπάζων,
3729 2529 3831 2582 καὶ

2239 2640 2662 2709 ταπεινούμενος
2693 2635 2984 2708 πορεύεται
3012 2651 3026 2664 ·
3057 2628 3211 2693 οὗτος
3239 2629 3350 2697 γὰρ
3376 2626 3469 2679 καὶ
3493 2624 3592 2692 τῆς
3621 2619 3842 2675 ἀνωθεν

2243 2706 2646 2804 παρακλήσεως
2677 2706 3060 2797 ἀξιωθήσεται.
3097 2721 3242 2793 Πρὸς
3269 2715 3351 2783 οἷς
3375 2719 3471 2771 καὶ
3491 2719 3519 2768 ὁ
3540 2715 3637 2784 τῆς
3661 2713 3834 2783 οὐρα-

2243 2826 2362 2889 νίας
2382 2823 2590 2895 τροφῆς
2606 2823 2639 2891 ἢ
2659 2817 3004 2886 δικαιοσύνης
3031 2813 3344 2883 άκορέστως
3374 2807 3516 2878 ἐρῶν
3536 2805 3828 2876 μακάριος,

2245 2921 2328 2974 ὅτι
2358 2916 2792 2988 χορτασθήσεται
2825 2911 3018 2980 αὐτῆς.
3055 2906 3168 2975 Ἐφ’
3208 2899 3289 2967 οἷς
3318 2903 3412 2956 καὶ
3443 2903 3589 2962 ὅστις
3620 2897 3828 2988 mea:

2248 3013 2426 3064 εἶτουν
2467 3006 2770 3078 προσηνείᾳ
2810 3003 2906 3056 καὶ
2961 2998 3251 3068 ἐπιεικείᾳ,
3311 2995 3453 3048 κατὰ
3497 2991 3594 3063 τὴν
3653 2985 3833 3058 Ἰησοῦ

2250 3101 2534 3173 πραότητα
2573 3099 2663 3150 καὶ
2691 3095 2794 3164 τῆς
2827 3093 3055 3163 καρδίας
3086 3088 3420 3142 ταπείνωσιν
3457 3082 3833 3154 ἐξησκημένος

2251 3194 2422 3267 βιοῦν,
2456 3191 2757 3262 μακάριος,
2802 3185 2878 3248 ὡς
2920 3183 3028 3235 τῶν
3073 3180 3324 3252 μεγάλων
3364 3174 3700 3246 κληρονόμος
3733 3173 3832 3242 τῆς

2251 3285 2512 3357 οὐρανίας
2547 3281 2640 3334 καὶ
2670 3277 2948 3347 ἀφθάρτου
2973 3275 3078 3344 γῆς
3105 3269 3346 3339 ἀγαθῶν.
3379 3268 3522 3339 Πρὸς
3544 3267 3655 3328 τοῖς
3680 3267 3834 3357 εἰρη-

2256 3380 2438 3452 μένοις
2461 3376 2517 3428 δὲ
2552 3373 2821 3444 μακάριος
2851 3369 2948 3421 καὶ
2978 3367 3038 3430 ὃς
3062 3365 3154 3418 τὸν
3191 3362 3362 3452 μέγαν
3396 3359 3488 3411 τοῦ
3505 3357 3652 3452 Θεοῦ
3683 3356 3836 3452 ἕλερν

2251 3440 2362 3530 τοῖς
2389 3440 2582 3520 ἑαυτοῦ
2620 3440 2951 3527 σπλάγχνοις
2985 3453 3075 3507 διὰ
3115 3451 3398 3522 μιμήσεως
3435 3444 3527 3497 καὶ
3560 3444 3660 3511 τῆς
3691 3440 3836 3512 πρὸς

2252 3560 2378 3620 τοὺς
2431 3552 2658 3625 πλησίον
2713 3545 3128 3619 φιλανθρωπίας
3174 3540 3486 3593 ἐπισπᾶται.
3542 3531 3835 3625 Μακάριος

2255 3650 2351 3704 καὶ
2392 3648 2448 3710 ὃς
2490 3624 2592 3715 τὴν
2644 3639 2877 3712 καρδίαν
2924 3635 3127 3698 παντὸς
3173 3627 3444 3704 μολυσμοῦ
3493 3625 3690 3697 σαρκὸς
3735 3624 3836 3677 καὶ

2257 3741 2567 3811 πνεύματος
2619 3730 3073 3802 ὲκκαθηράμενος
3098 3767 3113 3793 ,
3177 3724 3304 3777 ἰδεῖν
3365 3717 3839 3787 καταξιωθήσεται

2255 3809 2411 3898 Θεὸν,
2449 3831 2525 3894 ὡς
2556 3825 2828 3897 ἀνθρώπῳ
2871 3821 3000 3874 ἰδεῖν
3043 3815 3264 3887 θεμιτόν
3306 3831 3321 3845 ο
3361 3812 3437 3874 ὡς
3485 3813 3544 3863 έν
3585 3809 3839 3878 ἐσόπτρῳ

2255 3927 2366 3998 γὰρ
2392 3926 2459 3993 τῇ
2487 3920 2583 3973 τοῦ
2611 3918 2730 3979 νοὸς
2759 3911 3099 3983 καθαρότητι
3126 3907 3217 3960 τὸν
3249 3904 3482 3998 ἀόρατον
3520 3899 3833 3998 ica-ieiuni:

2255 3990 2543 4086 Μακάριος
2577 4009 2672 4064 ὲπὶ
2702 4005 2914 4067 τούτοις
2946 4003 3041 4056 καὶ
3078 4001 3137 4064 ὃς
3177 3999 3277 4070 τὴν
3317 3996 3493 4066 ἀληθῆ
3535 3992 3630 4047 τοῦ
3662 3990 3840 4086 Ἰησοῦ

2257 4084 2482 4182 εἰρήνην
2517 4105 2701 4176 έργοις
2742 4097 2920 4169 ζητῶν
2952 4094 3228 4166 ἀληθείας,
3258 4091 3352 4144 καί
3384 4105 3452 4158 γε·
3480 4086 3688 4156 ταύτην
3727 4084 3841 4182 *εὐ-

2259 4177 2464 4274 στόχως
2480 4197 2697 4261 διώξας,
2717 4193 2812 4246 καὶ
2831 4193 2906 4254 ὼς
2930 4185 3042 4243 οἷόν
3053 4190 3100 4239 τ’
3121 4183 3189 4258 ἦν
3209 4181 3555 4242 καταλαϐὼν,
3575 4181 3667 4233 καὶ
3687 4178 3784 4230 πλε
3793 4177 3840 4230 ί-

2261 4270 2418 4358 στοῦς
2441 4296 2598 4353 ὅσους
2623 4282 2964 4348 καταλλάξας
2991 4281 3128 4350 αὐτῇ
3164 4278 3259 4330 καὶ
3279 4270 3840 4341 ἐκπεπολεμωμένους

2259 4383 2680 4456 εἰρηνοποιήσας
2731 4379 2790 4429 ὲν
2845 4375 3004 4444 αὐτῇ,
3053 4373 3152 4441 τῆς
3209 4368 3386 4436 ἄκρας
3428 4365 3700 4456 υἱοθεσίας
3745 4360 3844 4414 καὶ

2261 4454 2508 4538 θεῶσεως
2542 4470 2930 4540 ἀξιωθήσεται·
2955 4465 3051 4518 καὶ
3083 4462 3317 4522 συνόλως
3339 4458 3526 4527 φάναι,
3559 4454 3840 4527 μακάριοι,

2261 4571 2402 4627 κατὰ
2431 4570 2501 4622 τὰ
2526 4561 2797 4635 θεαρχικὰ
2829 4559 2923 4612 τοῦ
2953 4555 3089 4610 Θεοῦ
3129 4555 3303 4620 Λόγου
3337 4552 3495 4618 λόγια
3515 4591 3528 4614 ,
3562 4548 3762 4608 πάντες
3791 4544 3843 4596 οι

2258 4659 2609 4731 δεδιωγμένοι
2648 4657 2836 4709 ἕνεκεν
2867 4649 3147 4710 εὐσεϐείας
3177 4645 3270 4699 καὶ
3298 4641 3664 4710 δικαιοσύνης,
3703 4639 3841 4690 πάν-

2259 4774 2351 4816 τες
2388 4728 2696 4821 οίῄδωρεάν
2749 4743 3091 4815 μισηθέντες,
3141 4737 3237 4790 καὶ
3285 4733 3704 4795 όνειδισθέντες,
3746 4728 3845 4821 και

2258 4842 2700 4918 λοιδορηθέντες,
2775 4836 2868 4889 καὶ
2912 4834 3096 4886 πᾶσαν
3153 4830 3344 4899 πεῖραν
3389 4822 3689 4892 δυσχερῶν,
3747 4820 3844 4920 κά).

2259 4914 2484 4999 ὀδυνῶν,
2525 4931 2621 4985 καὶ
2655 4927 2922 5000 βασάνων,
2951 4923 3046 4978 καὶ
3081 4921 3326 4974 θανάτων
3358 4918 3496 4986 ὑπὲρ
3533 4914 3636 4983 τῆς
3663 4914 3844 4980 Ἰησοῦ

2260 5029 2356 5085 τοῦ
2399 5024 2640 5096 Χριστοῦ
2685 5021 2927 5088 ἀγάπης,
2975 5015 3069 5068 καὶ
3123 5011 3379 5070 πίστεως,
3439 5007 3533 5058 καὶ
3585 5001 3842 5072 ἀληθείας

2263 5094 2612 5188 ὑποσχόντες,
2658 5113 2753 5164 καὶ
2791 5110 2920 5178 ἄχρι
2952 5105 3136 5165 τέλους
3172 5099 3290 5171 μετ’
3320 5096 3672 5166 εὐχαριστίας
3709 5094 3842 5144 ἁνα-

2261 5214 2509 5272 τλάντες,
2535 5208 2616 5260 ὅτι
2676 5203 2786 5254 τῶν
2831 5197 3089 5252 τοιούτων
3130 5194 3278 5244 ἐστὶν
3337 5193 3370 5259 ὴ
3421 5187 3707 5256 βασιλεία,
3749 5182 3845 5236 καὶ

2263 5303 2467 5359 τούτων
2493 5300 2522 5351 ὁ
2554 5295 2743 5368 μισθὸς
2777 5290 2944 5351 πολὺς
2977 5284 3194 5356 άληθῶς
3235 5282 3330 5336 καὶ
3369 5281 3594 5350 ἄπειρος
3635 5278 3694 5328 ὲν
3733 5278 3844 5336 τοῖς

2263 5394 2529 5467 οὐρανοῖς.

2271 5505 2502 5560 Τούτων
2533 5497 2614 5566 ἢν
2643 5495 2891 5556 ἐθέλεις,
2914 5507 2968 5542 κ.
2999 5505 3050 5541 τ.
3084 5487 3129 5542 έ.

2336 5617 2548 5684 ’Ὥσπερ
2575 5607 2734 5681 μοναὶ
2755 5603 2948 5658 πολλαὶ
2977 5601 3130 5671 παρὰ
3156 5598 3232 5668 τῷ
3258 5596 3495 5668 οὐρανίῳ
3525 5595 3843 5647 πεπίστευν-

2264 5727 2354 5762 ται
2387 5703 2590 5774 Πατρὶ,
2632 5699 2769 5752 οὐτω
2813 5697 2906 5750 καὶ
2937 5695 3046 5747 τῶν
3077 5693 3204 5762 βίων
3249 5693 3303 5742 αἱ
3344 5689 3598 5757 διαφοραὶ
3654 5685 3844 5738 πολλαὶ

2265 5800 2371 5851 τῶν
2420 5796 2544 5856 τούς
2603 5788 2980 5862 μακαρισμούς
3032 5781 3410 5854 ἀναφερόντων
3471 5778 3609 5847 πρὸς
3656 5777 3840 5837 αὐτάς.

2269 5888 2408 5956 Πρὸς
2471 5885 2532 5953 ἣν
2592 5878 2682 5933 οὖν
2738 5878 2956 5948 τρίϐον,
3014 5874 3164 5944 φησὶ,
3229 5871 3336 5924 τῶν
3393 5867 3844 5941 μακαριζομένων
