4082 6472
291 415 404 468 769

299 528 521 599 εὐφυῶς
548 527 741 599 ἔχοντα
776 529 971 583 σαυτὸν
994 530 1146 601 ὁρᾷς,
1179 530 1384 601 ταύτην
1417 530 1599 601 βάδιζε
1627 528 1892 583 συντονώ-

290 636 463 691 τερον
497 619 677 675 πλέον.
729 622 794 675 Ei
831 621 932 693 μὲν
973 619 1066 676 οὖν
1102 622 1318 686 ἁπάσας
1346 619 1457 676 οἷόν
1487 640 1545 676 τε
1565 664 1580 686 ,
1611 622 1895 676 κάλλιστον

291 711 466 766 τοῦτο
498 713 594 765 καὶ
619 711 842 766 πάντων
873 712 1213 768 τελειότατον
1237 730 1250 744 ·
1283 715 1330 768 εί
1356 714 1400 766 δ’
1430 714 1617 783 ὀλίγας
1647 713 1893 777 δυνατὸν,

290 803 561 875 δεύτερον
603 802 766 857 τοῦτο
802 803 899 857 καὶ
935 802 1032 857 τοῦ
1081 805 1301 876 πρώτου
1351 804 1678 874 καθυφεῖται
1705 821 1719 835 ·
1763 806 1812 857 εί
1837 804 1894 856 δὲ

294 893 402 947 καὶ
430 894 563 965 μίαν
593 896 763 966 μόνην
790 894 926 948 ἱέναι
955 893 1063 948 τῶν
1086 895 1221 949 ὁδῶν
1254 894 1377 950 καθ’
1407 894 1710 970 ὑπερϐολὴν
1751 894 1892 962 ἐξὸν,

287 983 402 1038 καὶ
431 983 578 1038 τοῦτ’
607 985 676 1039 ἂν
704 984 792 1058 εἴη
825 984 979 1055 φίλον
1003 986 1098 1039 καὶ
1131 986 1427 1058 εὐάρεστον
1457 987 1577 1059 Θεῷ
1607 1004 1622 1019 ο
1664 989 1800 1041 πᾶσι
1838 987 1895 1041 δὲ

288 1078 417 1139 τοῖς
451 1075 594 1130 κατὰ
628 1075 728 1140 τάς
773 1076 875 1148 τῆς
904 1076 1186 1142 εὐσεϐείας
1225 1078 1381 1142 ὁδοὺς
1417 1069 1892 1151 κατορθουμένοις,

287 1170 417 1230 τοῖς
442 1184 501 1220 τε
533 1168 811 1239 κρείττοσι
844 1168 938 1222 καὶ
970 1169 1348 1243 τελειοτέροις,
1374 1173 1490 1235 τοῖς
1508 1188 1567 1224 τε
1589 1171 1777 1242 ἥττοσι
1799 1172 1894 1226 καὶ

284 1258 684 1327 ἀτελεστέροις
704 1301 720 1324 ,
758 1258 976 1328 σταθμά
998 1301 1014 1324 ,
1045 1260 1143 1313 καὶ
1173 1261 1347 1332 μέτρα
1371 1260 1497 1328 ἄξια
1517 1303 1532 1328 ,
1579 1263 1676 1315 καὶ
1711 1262 1895 1333 μισθοὶ

289 1351 404 1422 τῆς
431 1350 615 1404 αὑτῶν
652 1350 940 1423 προκοπῆς
969 1351 1251 1421 ἀναλόγως
1279 1352 1417 1425 πρὸς
1444 1353 1537 1408 τοῦ
1559 1353 1748 1427 κριτοῦ
1782 1355 1893 1410 τῶν

290 1443 440 1497 ὅλων
463 1442 791 1513 ήτοιμάσθη.

290 1535 369 1589 37
413 1534 523 1588 Καὶ
556 1535 741 1589 Ῥαὰϐ
758 1535 869 1588 οὐκ
897 1535 1206 1604 εὔκοσμον
1241 1534 1385 1604 ἔχεν
1400 1536 1626 1601 ,ϐίον-,κ
1653 1554 1705 1590 τ.
1732 1535 1783 1591 λ.

373 1627 501 1679 Ὅτι
538 1627 638 1697 μὲν
677 1622 765 1679 διὰ
811 1626 940 1696 μιᾶς
985 1625 1108 1679 ὁδοῦ
1149 1625 1259 1678 τῶν
1291 1626 1428 1697 πρὸς
1450 1626 1548 1691 τὰς
1573 1628 1686 1681 ἄνω
1727 1626 1895 1698 μονὰς

293 1718 399 1772 τοῦ
437 1718 655 1789 Πατρὸς
692 1717 1011 1786 ἀναγουσῶν
1046 1716 1231 1781 καλῶς
1276 1718 1716 1791 κατορθωθείσης
1755 1714 1895 1772 οἶδεν

294 1811 551 1866 δικαιοῦν
584 1812 711 1876 τοῦς
739 1810 1143 1882 κατορθοῦντας
1167 1813 1195 1864 6
1213 1809 1365 1875 Θεὸς,
1403 1810 1573 1864 Ῥαάὅ
1592 1828 1673 1872 τε,
1705 1810 1893 1880 φησὶν,

298 1908 338 1977 ἡ
372 1907 545 1976 πόρνη
581 1907 675 1958 καὶ
712 1905 741 1958 6
788 1903 1028 1975 τελώνης
1071 1902 1432 1975 μαρτυροῦσι.
1488 1902 1600 1975 Τὴν
1640 1904 1740 1975 μὲν
1785 1903 1894 1975 γάρ

297 1998 552 2069 ἄκοσμον
582 1996 748 2050 τᾶλλα
775 1996 1184 2068 τυγχάνουσαν,
1229 1996 1450 2070 κλεινὴν
1488 1997 1584 2052 καὶ
1622 1997 1894 2068 ἐπίσημον

301 2093 339 2160 ἡ
380 2089 659 2160 ἀκροτάτη
691 2088 965 2159 φιλοξενία
989 2088 1331 2160 ἀναδέδειχεν
1361 2107 1379 2124 ο
1405 2092 1434 2143 ό
1458 2090 1695 2161 τελώνης
1717 2089 1775 2143 δὲ
1798 2089 1894 2142 καὶ

301 2182 473 2246 αὑτὸς
494 2181 581 2235 διά
605 2181 708 2253 τῆς
736 2180 1030 2253 ἀμέμπτου
1056 2181 1562 2254 ταπεινοφροσύνης
1586 2179 1679 2236 τοῦ
1701 2178 1894 2235 ἑαυτὸν

295 2274 639 2339 δικαιοῦντος
665 2275 934 2347 ὑπερέσχε
974 2276 1295 2348 Φαρισαίου.

297 2390 603 2458 Βέλτερον
634 2389 866 2460 ἁζυγίη.
900 2409 955 2445 κ.
986 2408 1038 2445 τ.
1075 2390 1225 2461 ἑξῆς.

382 2483 568 2539 Εἰπὼν
592 2524 608 2546 ,
640 2483 723 2536 ὅτι
755 2481 982 2537 δυνατὸν
1014 2483 1119 2547 καὶ⁷
1137 2482 1227 2537 διὰ
1261 2483 1396 2553 μιᾶς
1422 2481 1543 2537 ὁδοῦ
1582 2481 1764 2545 καλῶς
1791 2498 1894 2535 κα-

295 2573 673 2648 τορθουμένης
690 2573 799 2626 τῶν
819 2573 1086 2644 οὐρανίων
1106 2574 1250 2645 τινὸς
1275 2573 1630 2628 ἐπιλαϐέσθαι
1652 2572 1889 2645 σκηνῶν,

297 2666 392 2722 ἶνα
418 2667 494 2738 μή
522 2683 606 2731 τις
632 2665 793 2738 οἰηθῇ
807 2666 925 2735 ιτὴν
950 2665 1155 2736 ἀρετὴν
1177 2668 1242 2736 τῇ
1261 2666 1431 2737 κακίᾳ
1447 2665 1750 2738 λεληθότως
1772 2666 1893 2718 ἐπι-

300 2758 673 2830 μεμιγμένην,
702 2757 780 2820 ὡς
802 2756 898 2810 ἐπὶ
923 2756 1034 2811 τῶν
1064 2756 1377 2829 ὑποκριτῶν
1407 2756 1555 2810 ἔστιν
1568 2758 1703 2828 όρᾷν
1740 2757 1894 2811 δύνα-

303 2852 428 2905 σθαι
451 2850 588 2904 Θεοῦ
615 2847 1062 2921 κατεργάσασθαι
1077 2849 1450 2921 δικαιοσύνην,
1467 2849 1840 2919 εὑαγγελικῶς
1864 2852 1895 2905 ὁ

299 2942 622 3005 διδάσκαλος
637 2940 716 3012 τῷ
734 2940 838 3011 τῆς
856 2941 1186 3012 διακρίσεως
1212 2940 1486 3011 πνεύματι
1509 2941 1893 3013 διασαφηνίςει

299 3033 373 3086 τά
399 3033 624 3087 τοιαῦτα
649 3048 663 3063 ·
696 3027 966 3101 εἶναιγὰρ
1000 3030 1278 3103 ἀρίστους,
1298 3030 1412 3085 ἀλλ’
1446 3031 1507 3084 οὑ
1537 3029 1892 3096 δοκεῖν,ὁτοῦ

302 3124 620 3195 Πνεύματος
669 3124 838 3193 νόμος
887 3120 1137 3191 βούλεται
1183 3123 1280 3174 καὶ
1334 3120 1632 3191 νομοθέτης
1674 3137 1691 3154 ·
1745 3120 1811 3174 δι’
1864 3121 1895 3173 ὃ

300 3219 454 3287 λέγει
486 3234 500 3248 ⁸
538 3215 720 3271 Καλὸν
774 3218 810 3286 ἡ
859 3214 1063 3283 ἀζυγία
1089 3256 1106 3280 ,
1150 3214 1245 3267 καὶ
1295 3214 1392 3268 τοῦ
1452 3214 1635 3284 γάμου
1685 3213 1894 3285 βέλτιον

305 3310 514 3380 εἴποιμ’
542 3309 632 3371 ἂν,
660 3307 771 3360 ἀλλ’
813 3309 846 3378 ἡ
878 3307 1047 3369 ὅντως
1086 3306 1289 3374 άζυγία
1320 3305 1415 3359 καὶ
1441 3305 1734 3376 παρθενία,
1769 3305 1894 3359 ἐπί-

306 3418 503 3474 μικτος
523 3401 582 3454 δὲ
602 3400 682 3470 τῷ
708 3400 896 3470 κόσμῳ
920 3399 1205 3470 γινομένη,
1234 3399 1329 3452 καὶ
1354 3400 1475 3463 ταῖς
1501 3399 1895 3469 παρεισάκτοις

305 3496 338 3567 ἢ
378 3495 502 3557 ταῖς
538 3493 606 3546 τά
641 3494 803 3564 γήῖνα
844 3490 1173 3562 φρονούσαις
1213 3489 1662 3561 συναυλιζομένη,
1697 3491 1895 3563 χείρων

304 3588 405 3658 τῆς
426 3586 518 3640 τοῦ
544 3585 725 3656 γάμου
756 3583 1017 3651 συζυγίας
1040 3582 1188 3636 ἐστίν
1223 3599 1237 3613 ο
1266 3581 1489 3653 δόκησιν
1535 3582 1644 3654 γὰρ
1680 3600 1895 3653 σωφρο-

308 3679 476 3749 σύνης
501 3680 614 3741 τοῖς
655 3675 966 3746 ἀνθρώποις
1000 3676 1059 3728 ὲν
1090 3672 1170 3745 τῷ
1199 3674 1443 3745 φανερῷ,
1480 3674 1598 3728 ἀλλ’
1625 3675 1726 3727 οὑκ
1762 3675 1897 3747 ἀλή-

302 3772 458 3827 θειαν
504 3773 565 3826 ὲν
613 3770 693 3842 τῷ
739 3768 970 3840 κρυπτῷ
1011 3768 1344 3822 ἐπιδείκνυσι
1390 3768 1634 3839 Χριστῷ.
1673 3769 1845 3823 Πάλιν
1876 3782 1895 3800 '

308 3866 550 3938 Σώφρων
576 3864 678 3935 μὲν
705 3865 735 3915 6
762 3862 875 3932 βίος
906 3863 1001 3916 καὶ
1032 3861 1237 3932 ὑψηλὸς
1265 3861 1363 3915 καὶ
1389 3859 1753 3930 ἐμφιλόσοφος
1784 3861 1896 3913 τῶν

303 3956 635 4028 ἀκτημόνων
675 3955 771 4009 καὶ
811 3952 1182 4025 όρεσιτρόφων
1231 3949 1519 4032 μοναχῶν)
1567 3950 1664 4003 καὶ
1696 3950 1897 4013 αὑτοὺς

302 4050 363 4106 δὲ
407 4048 667 4111 πολλάκις
705 4046 800 4100 ἐπὶ
835 4047 902 4117 τῇ
947 4046 1119 4116 ἀρετῇ
1167 4042 1516 4112 τυφωθέντας
1567 4043 1647 4104 είς
1693 4040 1896 4110 πτῶμα

305 4144 649 4213 κατήνεγκεν
672 4142 706 4211 ὴ
734 4138 932 4209 οῐησις.
972 4136 1049 4189 Οὑ
1078 4135 1187 4206 γάρ
1211 4135 1309 4205 τὴν
1337 4131 1518 4188 αὑτῶν
1545 4133 1747 4204 ἀρετὴν
1782 4134 1897 4195 τοῖς

310 4235 587 4304 κρείττοσι
623 4227 1110 4303 παραμετροῦντες
1138 4230 1234 4282 καὶ
1272 4225 1629 4298 τελειοτέροις
1651 4265 1668 4289 ,
1709 4241 1898 4277 ταπει-

307 4324 529 4380 νοῦνται
555 4339 570 4355 ·
608 4322 723 4376 ἐστι
763 4320 820 4374 δὲ
848 4321 939 4374 ὅτε
984 4317 1121 4390 πρὸς
1166 4318 1294 4380 τοὺς
1334 4315 1752 4385 ταπεινοτέρους
1801 4315 1897 4368 καὶ

308 4416 529 4488 χείρους
552 4414 653 4485 τὴν
680 4410 863 4465 αὑτῶν
884 4411 1117 4481 ἄσκησιν
1158 4407 1541 4479 συγκρίνοντες
1559 4444 1578 4470 ,
1608 4405 1703 4458 καὶ
1736 4406 1897 4458 ἐπαι-

309 4508 555 4578 ρόμενοι,
577 4507 636 4568 ές
675 4504 953 4574 ἁμαρτίαν
986 4500 1487 4573 καταρῤήγνυνται.
1536 4496 1808 4560 Πολλάκις
1842 4495 1898 4549 δὲ

310 4601 409 4653 καὶ
434 4597 632 4668 ζεούσῃ
671 4595 875 4666 θερμὸν
906 4594 1159 4666 ᾇττοντες
1187 4595 1254 4663 τῇ
1286 4589 1568 4663 προθυμίᾳ.
1612 4589 1709 4643 τοῦ
1741 4588 1897 4653 νοὸς,

304 4691 679 4761 ἀγυμνάστων
713 4687 912 4742 πώλων
943 4688 1039 4741 καὶ
1070 4685 1405 4756 δυσχαλίνων
1439 4683 1720 4754 ὁμοιότητι
1737 4722 1754 4745 ,
1804 4682 1900 4735 καὶ

308 4783 347 4853 ἦ
370 4782 648 4852 νηστείαις
680 4780 962 4850 ἀμέτροις,
987 4779 1021 4849 ἢ
1045 4778 1379 4850 ἀγρυπνίαις
1402 4776 1676 4847 ἀκαίροις,
1708 4775 1741 4844 ἥ
1761 4790 1901 4828 τισιν

307 4874 506 4934 ἄλλαις
539 4871 914 4939 ὲπιτηδεύσεσι
946 4871 1498 4941 ὑπερφρονήσαντες,
1539 4869 1670 4938 παρ’
1715 4867 1745 4918 ὅ
1793 4865 1902 4919 ἔδει

310 4965 537 5037 φρονεῖν
565 5002 579 5026 ,
619 4963 711 5015 καὶ
769 4964 830 5015 οὑ
902 4962 1044 5014 κατά
1091 4961 1184 5012 τὸν
1241 4959 1542 5029 ἀσκητικὸν
1589 4958 1752 5026 νόμον
1802 4957 1903 5027 τὴν

312 5055 518 5129 πρᾶξιν
577 5056 1092 5127 μεταχειρισάμενοι
1149 5052 1248 5121 τῆς
1307 5049 1552 5120 ἀρετῆς,
1608 5050 1797 5120 πόρρω
1841 5064 1901 5101 τε

312 5153 415 5221 τῆς
439 5149 642 5212 νύσσης
670 5149 763 5201 καὶ
800 5146 910 5199 τῶν
956 5145 1055 5215 τῆς
1088 5142 1246 5213 νίκης
1285 5139 1565 5209 στεφάνων
1593 5137 1905 5208 ἀπωλίσθη-

315 5260 441 5297 σαν.
471 5242 677 5297 Τούτου
705 5240 771 5310 δὴ
805 5240 986 5310 χάριν,
1012 5241 1042 5291 6
1071 5233 1385 5306 θαυμαστὸς
1411 5227 1566 5294 οὗτος
1600 5230 1903 5299 σύμϐουλός

315 5350 482 5404 φησιν
512 5350 526 5363 ·
560 5333 630 5384 Ἣ
672 5332 926 5401 ἐλαφροῖς
961 5328 1218 5399 πτέρυξιν
1260 5325 1490 5396 ὲπαίρου
1536 5322 1635 5391 τῆς
1665 5323 1768 5393 γῆς
1811 5322 1906 5374 καὶ

312 5426 429 5480 τῶν
453 5425 657 5495 γηΐνων
700 5422 1106 5493 περισπασμῶν
1145 5422 1241 5473 καὶ
1284 5415 1594 5486 ἐπιθυμιῶν
1622 5415 1688 5467 δι’
1733 5417 1906 5485 ἀκτη-

316 5518 445 5581 σίας
490 5517 703 5580 τελείας
760 5517 854 5569 καὶ
903 5512 1402 5583 ταπεινοφροσύνης
1454 5508 1760 5581 ἀκροτάτης
1811 5508 1906 5561 καὶ

314 5610 663 5680 τελειοτάτης
708 5607 1011 5671 ἀπαθείας,
1056 5607 1089 5676 ἢ
1141 5606 1292 5657 κάτω
1344 5603 1520 5672 μένων
1571 5600 1668 5657 καὶ
1715 5601 1906 5654 ἑαυτὸν

313 5700 614 5765 ἐξουδενῶν
644 5698 740 5751 καὶ
768 5695 1046 5765 φαυλίζων
1067 5734 1081 5756 ,
1116 5691 1319 5761 μηδένα
1356 5689 1411 5740 δὲ
1442 5687 1600 5740 ἄλλον
1630 5688 1832 5757 κρίνων
1873 5684 1906 5754 ἢ

314 5790 708 5854 καταδικάζων
739 5786 997 5856 ἀσφαλῶς
1020 5782 1202 5853 τρέχε,
1250 5781 1323 5849 μή
1358 5795 1488 5830 ποτε
1526 5778 1560 5848 ἢ
1592 5777 1896 5845 ἐπιθυμίαις

2015 5765 2341 5837 sipientibus
2367 5801 2383 5821 .

313 5885 593 5952 ἀνοήτοις,
624 5882 660 5950 ἢ
692 5879 884 5947 θυμοῖς
916 5875 1133 5936 ἀλόγοις
1153 5914 1166 5937 ,
1203 5872 1235 5937 ἢ
1269 5870 1548 5936 λογισμοῖς
1581 5868 1907 5937 ὑπερόγκοις

1287 419 1349 474 ΙΝ
1390 418 1705 475 CARMINA
1744 415 2023 472 AllCANA
2065 418 2122 472 S.
2154 419 2509 476 GREGOllII.

3471 420 3581 475 ΠΟ

2003 536 2108 585 tem
2125 540 2177 585 te
2191 532 2397 598 videas,
2415 533 2469 587 in
2485 533 2585 586 bac
2596 546 2759 603 quam
2778 533 3014 587 maxime
3031 532 3368 588 incessanter
3381 547 3544 604 perge
3555 551 3577 594 :

1999 623 2043 677 si
2072 639 2167 693 per
2199 640 2391 680 omnes
2426 625 2680 682 incedere
2716 641 2911 697 queas,
2948 626 3214 696 optimum
3244 634 3296 679 et
3330 627 3577 681 ominum

1998 713 2491 783 perfectissimum;
2524 716 2570 771 si
2607 733 2703 788 per
2728 732 2932 788 paucas
2948 717 3119 780 vales,
3142 714 3375 771 inferius
3412 717 3569 781 illud,

1998 804 2282 876 primaque
2310 808 2625 864 conditione
2659 810 2875 876 minus;
2900 808 2947 864 si
2977 809 3140 863 etiam
3171 809 3389 863 unicam
3420 822 3580 862 man-

2000 893 2213 950 sionem
2232 897 2482 953 oblinere
2502 898 2715 954 viarum
2737 898 2804 954 ad
2834 914 3108 955 summum
3132 899 3390 968 possibile
3410 908 3580 965 esset,

1995 993 2050 1040 et
2077 985 2129 1042 id
2164 985 2273 1042 Deo
2297 989 2521 1058 placens
2545 997 2599 1044 et
2632 1000 2909 1059 acceptum
2933 997 3100 1056 esset;
3122 988 3377 1043 onmibus
3399 998 3582 1043 autem

1996 1092 2095 1149 per
2117 1078 2338 1149 pietatis
2376 1080 2494 1136 vias
2523 1091 2671 1136 recte
2700 1080 3053 1134 currentibus
3088 1088 3143 1134 et
3171 1078 3582 1134 ardentioribus

1994 1179 2050 1225 et
2086 1169 2536 1240 perfectioribus,
2573 1172 2983 1228 remissioribus
3007 1179 3169 1242 atque
3208 1170 3582 1242 imperfectio-

1997 1261 2184 1328 ribus,
2217 1270 2420 1319 statera
2450 1272 2506 1319 et
2547 1279 2805 1320 mensura
2845 1281 3035 1334 arqua,
3075 1275 3129 1318 et
3169 1263 3450 1318 mercedes
3482 1279 3580 1333 pro

1997 1351 2242 1422 ipsorum
2288 1354 2678 1425 progressibus
2716 1356 3108 1410 convenienter
3150 1354 3295 1425 apud
3332 1353 3580 1424 judicent

1997 1442 2378 1498 universorum
2414 1454 2600 1514 parata
2625 1452 2776 1500 sunt.

1994 1532 2065 1588 57
2090 1533 2273 1588 Ralmb
2301 1536 2472 1590 minus
2500 1537 2774 1590 honestam
2806 1535 3027 1591 ducebat
3057 1537 3240 1602 vitam,
3274 1519 3377 1591 etc:

2063 1624 2220 1693 Quod
2240 1628 2461 1698 quidem
2488 1645 2581 1698 per
2600 1629 2819 1683 unicam
2847 1628 3059 1683 viarum
3077 1645 3199 1699 quae
3222 1629 3288 1683 ad
3312 1644 3577 1699 supernas

1995 1715 2175 1772 Patris
2205 1719 2522 1773 mansiones
2540 1719 2749 1774 ducunt
2779 1728 2925 1774 recte
2948 1736 3223 1775 emensam
3249 1720 3579 1790 judicaverit

1998 1808 2147 1865 Deus
2188 1809 2494 1880 justilicarc
2531 1813 2668 1867 bene
2697 1812 3093 1875 incedentes,et
3122 1810 3346 1874 ltabab,
3380 1812 3581 1882 inquit,

1997 1902 2253 1956 meretrix
2307 1912 2363 1958 et
2417 1904 2742 1974 publicanus
2795 1910 2964 1958 testes
3017 1909 3169 1957 sunt.
3228 1902 3376 1958 Illam
3432 1906 3580 1959 enim

1998 2004 2194 2050 caetera
2221 1993 2589 2050 inordinatam
2609 2036 2625 2058 ,
2658 1995 2930 2051 celebrem
2955 2002 3011 2050 et
3038 1995 3305 2065 insignem
3335 1995 3579 2066 perfecta

2000 2084 2355 2155 hospitalitas
2399 2086 2670 2155 ostendit;
2705 2086 3035 2158 publicanus
3074 2101 3202 2140 vero
3240 2094 3294 2139 et
3328 2087 3444 2157 ipse
3485 2103 3581 2157 per

1995 2177 2541 2249 irreprehcnsibilem
2585 2180 2943 2235 humilitatem
2976 2176 3257 2234 Pbarisaao
3281 2194 3341 2233 se
3365 2180 3581 2248 justum

1993 2270 2315 2341 prmdicanti
2347 2272 2623 2343 praestitit.

1995 2386 2189 2442 Melior
2214 2386 2521 2452 cmlibatus,
2553 2395 2660 2443 etc.

2066 2478 2264 2535 Diccns
2296 2478 2443 2548 quod
2471 2479 2732 2548 possibile
2750 2484 2837 2549 es;
2862 2486 2918 2534 et
2949 2494 3047 2549 per
3066 2495 3232 2535 unam
3261 2482 3404 2537 viam
3432 2492 3582 2539 recte

1992 2586 2273 2626 emensam
2305 2570 2614 2626 cmlestium
2650 2571 2706 2625 in
2738 2586 2907 2625 unum
2940 2573 3416 2629 tabernaculorum
3457 2592 3584 2633 sus-

1993 2662 2212 2732 cipi,ne
2226 2662 2353 2733 quis
2384 2662 2654 2732 cogitaret
2682 2650 2940 2717 virtutem
2977 2663 3166 2718 furtim
3195 2667 3394 2722 malitia
3426 2683 3580 2721 com-

1994 2751 2252 2815 misceri,
2289 2754 2432 2809 sicut
2461 2753 2648 2808 videre
2679 2762 2763 2808 est
2807 2754 2952 2823 apttd
2998 2756 3465 2827 comtedos,quasi
3502 2759 3584 2817 sic

1995 2851 2182 2911 posset
2229 2857 2392 2913 agere
2439 2842 2653 2912 iustitia
2709 2843 2836 2905 Dei,
2886 2845 3245 2901 conlormiter
3292 2849 3583 2922 Evangelia

1994 2931 2189 2988 doctor
2218 2933 2274 2990 in
2308 2934 2505 3004 spiritu
2533 2933 2791 3004 judicans
2820 2937 2936 2993 haec
2982 2939 3241 2995 illustrat.
3276 2940 3409 2998 Esse
3438 2946 3584 3001 enim

1993 3025 2361 3094 optimos,sed
2406 3040 2517 3080 non
2546 3027 2971 3088 conlidere,vult
3004 3029 3085 3083 lex
3105 3028 3342 3098 Spiritus
3365 3042 3418 3087 et
3453 3036 3588 3104 legi-

1996 3115 2101 3181 l‘er,
2131 3115 2253 3169 ideo
2277 3116 2443 3172 dicit:
2473 3115 2658 3172 Bonus
2682 3117 2974 3172 caelibatus
2999 3126 3053 3171 et
3085 3123 3437 3178 matrimonio
3465 3142 3582 3180 me-

2001 3208 2105 3262 lior
2147 3206 2450 3272 dicendus,
2483 3207 2578 3263 sed
2606 3223 2731 3262 vere
2771 3208 3096 3274 etelibatus,
3137 3211 3254 3266 sive
3272 3213 3582 3280 virginitas,

1995 3298 2202 3355 mundo
2248 3298 2297 3353 si
2338 3297 2628 3353 commista
2676 3299 2766 3353 liat
2812 3308 2868 3354 et
2908 3298 3109 3354 furtive
3148 3300 3442 3356 insinuatis
3489 3312 3583 3357 aut

1997 3390 2348 3446 terrestribus
2387 3391 2813 3461 cogitationibus
2857 3392 3206 3452 consociata,
3266 3393 3590 3461 nuptiarum

1997 3487 2391 3558 conjunctione
2432 3485 2586 3556 pejor
2626 3494 2749 3541 est:
2799 3484 3041 3557 speciem
3085 3484 3230 3538 enim
3284 3484 3588 3554 prudentiae

1996 3579 2315 3636 hominibus
2333 3579 2704 3645 extrinsecus,
2728 3577 2822 3633 sed
2850 3593 2960 3633 non
2986 3575 3267 3631 veritatem
3293 3576 3345 3629 in
3370 3577 3588 3631 occulto

1997 3673 2238 3730 ostendit
2265 3672 2508 3728 Christo.
2544 3670 2760 3727 Rursus
2787 3689 2801 3724 :
2826 3667 3076 3724 Prudens
3108 3671 3217 3723 vita
3238 3677 3291 3722 et
3321 3677 3500 3722 erecta
3532 3678 3587 3721 et

1998 3766 2327 3839 philosopho
2354 3766 2519 3835 digna
2546 3777 2849 3835 pauperum
2885 3772 2940 3815 et
2972 3762 3026 3815 in
3062 3760 3336 3814 montibus
3364 3760 3582 3813 consis-

1999 3859 2231 3914 tentiam
2282 3856 2708 3916 monachorum,
2738 3861 2792 3907 et
2849 3853 3000 3923 ipsos
3057 3866 3200 3920 saepe
3257 3851 3326 3904 de
3383 3852 3584 3903 virtute

1999 3957 2274 4005 tumentes
2302 3949 2356 4002 in
2387 3961 2575 4001 casum
2616 3944 2840 3999 abstulit
2876 3941 3250 4012 praesumptio.
3285 3940 3403 3995 Non
3439 3941 3584 3993 enim

1997 4040 2276 4112 propriam
2306 4040 2563 4092 virtutem
2597 4034 2919 4090 melioribus
2950 4041 3336 4102 comparantes
3372 4044 3424 4086 et
3462 4048 3586 4102 per-

2002 4131 2322 4187 fectioribus
2363 4127 2767 4193 humiliantur;
2812 4125 3011 4178 accidit
3060 4131 3119 4179 ut
3162 4139 3286 4177 cum
3326 4122 3587 4192 altjectio-

2000 4222 2156 4277 ribus
2203 4228 2258 4276 et
2305 4217 2586 4291 pejoribus
2624 4213 3106 4285 morigerationem
3152 4227 3306 4265 suam
3348 4212 3587 4281 ιιι-φύρει-

2000 4323 2187 4369 rantes
2229 4320 2285 4368 et
2326 4309 2738 4380 superbientes,
2785 4308 2840 4361 in
2880 4313 3161 4377 peccatum
3197 4303 3585 4366 ell'undantur;

2003 4424 2148 4480 saepe
2188 4416 2242 4464 et
2283 4405 2513 4463 ferventi
2564 4405 2682 4459 zelo
2729 4403 2959 4474 spiritus
3008 4401 3388 4462 vehementes,
3433 4397 3592 4450 indo-

2001 4512 2264 4579 mitorum
2307 4503 2635 4574 equulorum
2669 4510 2724 4555 et
2766 4501 3187 4554 intractatorum
3229 4496 3423 4558 instar.
3476 4496 3592 4549 sive

1998 4606 2227 4676 jejuniis
2254 4600 2650 4663 immoderatis,
2675 4598 2789 4653 sive
2815 4597 3017 4667 vigiliis
3040 4593 3446 4664 inopportuuis,
3474 4595 3591 4648 sive

2004 4705 2128 4759 aliis
2160 4701 2492 4771 quibusdam
2522 4696 3015 4752 esercitationilms
3045 4708 3105 4747 se
3135 4692 3458 4746 extollentes
3494 4706 3594 4744 ex-

2005 4812 2088 4855 tra
2119 4799 2339 4853 modum
2374 4806 2429 4852 et
2461 4811 2624 4865 supra
2653 4796 2702 4848 id
2739 4795 2882 4862 quod
2909 4790 3225 4862 oportebat,
3262 4805 3362 4843 nec
3391 4803 3586 4843 secun-

2004 4905 2132 4956 dum
2171 4897 2464 4953 asceticam
2500 4895 2669 4963 legem
2713 4892 2925 4961 praxim
2971 4898 3297 4944 exercentes
3347 4886 3591 4945 virtutis.

2006 4994 2195 5068 procul
2235 5008 2263 5044 a
2309 4998 2451 5044 meta
2478 4999 2533 5043 et
2562 5002 2592 5040 a
2639 4986 2831 5039 bravio
2879 4984 3191 5053 perierunt;
3236 4979 3594 5049 quamobrem

2007 5089 2347 5149 admirabilis
2375 5087 2465 5141 ille
2489 5083 2839 5139 consiliarius
2869 5081 3048 5150 inquit
3080 5078 3206 5132 εγω
3244 5077 3454 5130 levibus
3491 5075 3598 5128 alis

2007 5203 2241 5259 exsurge
2261 5202 2297 5239 τι
2326 5193 2472 5237 terra
2508 5190 2562 5234 et
2595 5195 2624 5233 a
2660 5177 3021 5231 terrestribus
3046 5172 3511 5228 sollicitudinibus
3541 5179 3598 5224 et

2007 5285 2295 5343 desideriis
2319 5297 2412 5352 per
2433 5282 2806 5351 paupertatem
2832 5270 3127 5342 perfectam
3155 5279 3207 5324 et
3230 5269 3597 5323 humilitatem

2009 5382 2266 5454 optimam
2316 5387 2370 5431 et
2419 5387 2689 5427 summam
2744 5368 3107 5438 cupiditatum
3149 5366 3597 5433 exemptionem,

2009 5481 2093 5535 vel
2119 5480 2173 5534 in
2204 5476 2390 5531 inﬁmo
2430 5454 2657 5525 manens
2693 5475 2747 5523 et
2779 5474 2831 5520 te
2883 5466 3061 5533 ipsum
3092 5461 3247 5515 nihili
3299 5459 3513 5514 faciens
3542 5464 3607 5509 et.

2011 5574 2331 5635 bumilians,
2365 5567 2636 5623 neminem
2660 5564 2824 5618 etiam
2862 5561 3025 5613 alium
3048 5558 3305 5627 judicans
3339 5563 3433 5605 aut
3463 5566 3597 5604 conc

2011 5673 2278 5729 demnaus
2337 5672 2455 5719 tuto
2516 5676 2678 5716 curre
2729 5674 2797 5712 ne
2840 5656 2979 5710 forte
3035 5652 3117 5706 vel
3167 5647 3460 5701 desideriis
3509 5644 3601 5697 in-

2455 5758 2532 5811 vel
2588 5755 2886 5826 impetibus
2945 5741 3454 5806 irrationabilinus,
3516 5737 3602 5793 \el

2016 5832 2267 5920 consiliis
2312 5856 2567 5927 superbis
2624 5847 3089 5923 praesumptionis,
3127 5836 3328 5897 mentis
3365 5835 3473 5892 alis
3519 5832 3608 5886 in—
