4082 6404
529 5462 540 5483 ι

515 5639 540 5688 )

561 372 664 427 771

561 500 893 559 gravescens
935 491 989 536 et
1022 481 1088 535 ad
1129 489 1333 534 terram
1375 492 1638 546 praeceps,
1666 489 1798 529 casu
1838 469 2154 526 miserando

573 578 877 647 multisque
906 575 1075 644 digno
1121 571 1376 642 laerymis
1417 569 1702 624 concidas.

563 773 636 830 53
676 773 856 827 Parva
883 773 1032 825 navis
1059 787 1174 839 qua:
1195 768 1435 837 pluribus
1467 775 1738 839 compacto
1764 765 1928 819 clavis
1943 771 2022 818 est
2041 803 2059 828 ,

565 844 636 900 ει
746 842 970 897 Gravius
1031 837 1134 910 [ert
1193 856 1324 893 unus
1377 855 1568 908 magna
1627 837 1785 910 cujus
1843 839 1984 889 tam:
2030 840 2155 888 sunt

1766 904 2085 978 [compach

652 1005 853 1060 Diceus
880 1003 1027 1076 quod
1057 1004 1253 1058 melius
1275 1001 1514 1058 sitlmmi
1530 999 1870 1071 gradientem
1897 1007 1952 1053 et
1977 995 2159 1051 humi-

569 1096 761 1150 liatum
799 1103 918 1150 tuto
945 1111 1190 1157 currere,
1220 1109 1384 1163 quam
1415 1092 1677 1163 operibus
1699 1104 1865 1160 supra
1897 1087 2042 1143 vires
2071 1087 2158 1140 in-

568 1188 916 1244 ctunbentem
944 1199 998 1241 et
1025 1203 1084 1241 se
1113 1186 1463 1240 extollentem
1492 1184 1642 1254 gravi
1677 1198 1808 1237 casu
1843 1180 2156 1244 concidere,

567 1281 824 1350 exemplo
863 1280 1071 1334 dictqu
1117 1276 1487 1335 conﬁrmavit.
1531 1276 1732 1332 Videre
1780 1283 1902 1340 est,
1945 1272 2156 1344 inquit,

570 1387 794 1443 parvam
824 1379 880 1425 et
899 1378 1186 1440 angustam
1221 1384 1412 1422 navem
1447 1363 2014 1446 qtm,abut_tdantibus
2047 1363 2161 1416 cla-

569 1464 654 1517 vis
699 1471 847 1516 recte
888 1459 1258 1528 consolidata,
1355 1457 1544 1528 plures
1595 1471 1808 1511 merces
1855 1451 2163 1507 transvehit

567 1569 734 1624 quant
767 1566 963 1621 magna
1003 1549 1159 1603 navis
1194 1556 1250 1601 et
1286 1547 1427 1601 male
1455 1545 1842 1618 colligatazsic
1883 1551 1937 1598 et
1970 1542 2163 1597 solita-

571 1641 690 1694 rius
729 1639 894 1692 limno
927 1653 1128 1708 parvus
1164 1644 1220 1691 et
1245 1635 1576 1690 auctoritate
1608 1635 1806 1698 minor,
1845 1634 1936 1704 qui
1972 1633 2161 1703 paucis

587 1733 861 1800 imperare
902 1730 1140 1792 videtur,
1172 1729 1260 1781 cui
1303 1742 1503 1781 nomen
1535 1728 1759 1782 minime
1801 1741 2082 1795 magnum,
2107 1732 2164 1778 et

574 1825 694 1894 ipse
731 1824 890 1892 quasi
937 1822 1108 1876 clavis
1152 1821 1563 1876 abundantibus
1600 1819 1840 1890 Spiritus
1880 1827 2163 1888 protectus

572 1917 826 1972 consiliis
871 1925 926 1971 et
976 1917 1127 1970 intus
1172 1915 1396 1971 divitias
1442 1915 1705 1969 virtutqu
1760 1911 2161 1975 transveltens,

569 2017 760 2066 enatat
802 2026 833 2064 e
885 2009 1272 2078 spiritualibus
1318 2007 1510 2077 piratis
1551 2016 1606 2059 et
1667 2003 1874 2072 alisque
1920 2001 2165 2072 periculo

583 2118 759 2155 atrum
811 2099 1069 2169 transigit
1119 2099 1316 2169 dignos
1362 2097 1594 2150 Domino
1637 2111 1738 2150 suo
1779 2095 1990 2150 fructus
2037 2093 2165 2149 al'l‘e-

573 2206 732 2254 rens;
765 2191 893 2243 dum
925 2189 1068 2244 alius
1097 2191 1206 2242 alta
1235 2189 1302 2244 de
1335 2189 1630 2242 sanctitate
1657 2188 1906 2257 cogitans
1937 2195 1991 2241 et
2021 2187 2164 2241 mul-

572 2292 660 2335 tos
684 2282 898 2335 salvare
931 2296 1299 2350 praasmnens,
1335 2295 1443 2334 non
1488 2279 1743 2333 absolute
1771 2279 2022 2333 consiliis
2039 2278 2167 2348 δρία

573 2374 714 2427 ritus
733 2388 792 2427 se
813 2381 1031 2428 exercet
1053 2374 1256 2442 quibus
1270 2373 1431 2443 quasi
1458 2372 1711 2440 ligaturis
1731 2370 2166 2438 careushaacquo

571 2465 927 2534 despiciens,
983 2464 1125 2519 forte
1179 2465 1401 2519 inﬂatur
1447 2463 1702 2519 laudibus
1733 2463 2071 2520 oadventitiis
2111 2470 2168 2518 et

572 2559 808 2610 multum
841 2557 944 2611 sibi
991 2557 1438 2631 arrogagsubito
1479 2557 1623 2611 facta
1666 2556 1964 2627 agitatione
2003 2556 2168 2626 spiri-

580 2649 715 2701 tuali
781 2647 1109 2704 irruentium
1158 2647 1468 2700 daemonum
1513 2655 1568 2700 et
1615 2647 1971 2700 consiliorum
2027 2644 2167 2698 insi-

574 2739 844 2808 pientium
871 2750 1199 2808 assurgente
1217 2745 1564 2806 tempestate,
1585 2738 1928 2808 periclitatur
1947 2745 2002 2792 et
2027 2739 2187 2807 perit,

573 2841 629 2888 et
659 2847 799 2902 quas
828 2841 1048 2902 portare
1087 2831 1308 2887 divitias
1351 2830 1682 2897 conﬁdebat,
1718 2832 1803 2887 hae
1872 2817 2034 2886 facile
2071 2833 2168 2887 de-

574 2924 880 2992 perduutur
906 2931 962 2977 et
988 2921 1422 2992 pmipitantur.
1465 2922 1770 2992 Angustam
1800 2931 2014 2992 portam
2042 2935 2168 2991 qua:

571 3016 644 3069 ad
661 3023 922 3068 mternam
951 3015 1120 3068 vitam
1146 3013 1301 3068 ducit
1325 3053 1340 3078 ,
1365 3011 1552 3066 divina
1579 3011 1908 3067 documenta
1947 3011 2171 3074 docent.

572 3108 776 3163 multas
821 3115 1002 3161 autem
1050 3107 1168 3162 vias
1211 3121 1333 3176 qua:
1382 3103 1595 3160 ducunt
1647 3103 1714 3158 ad
1762 3103 1965 3158 ostium
2014 3103 2171 3172 quasi

570 3201 781 3255 tonitru
819 3215 923 3255 vox
951 3197 1136 3254 divina
1180 3197 1460 3269 praedicat,
1498 3207 1555 3253 et
1589 3196 1690 3251 hos
1728 3211 1824 3266 per
1850 3194 2014 3257 lianc,
2046 3194 2172 3249 illos

572 3306 670 3360 per
695 3291 843 3344 illam
874 3288 941 3342 ad
967 3287 1334 3344 incedendum
1357 3289 1570 3352 invitat,
1596 3297 1756 3356 prout
1786 3285 2172 3356 unusquisque

572 3396 634 3436 se
659 3389 846 3434 natum
871 3387 927 3433 et
957 3379 1217 3435 idoneum
1250 3379 1732 3442 astimat,tantum
1769 3393 1840 3432 ne
1867 3377 2168 3446 spatiosam

571 3481 627 3527 et
671 3473 834 3526 latam
868 3482 920 3527 et
962 3473 1030 3528 ad
1068 3472 1372 3545 perniciem
1406 3471 1722 3536 ducentem,
1749 3472 1846 3529 sed
1874 3457 2086 3528 arctam
2115 3479 2171 3526 et

572 3574 859 3637 angustam
887 3574 1130 3622 teneant.

574 3838 758 3908 Neque
790 3857 896 3894 una
922 3843 1189 3909 omnibus,
1216 3852 1324 3900 etc.

643 3932 824 3995 Sicut,
851 3934 1052 4005 inquit,
1102 3953 1210 3992 non
1263 3951 1371 3991 una
1418 3935 1701 3993 eteadem
1735 3950 1864 3992 esca
1907 3935 2168 3991 omnibus

573 4021 856 4077 hominum
915 4026 1326 4084 conditionibus
1388 4030 1692 4084 secundum
1743 4037 1996 4084 naturam
2051 4028 2168 4097 pla-

568 4130 704 4169 cens
731 4123 784 4171 et
814 4125 962 4188 apta,
995 4121 1089 4174 sed
1114 4121 1205 4174 alii
1230 4120 1376 4175 aliud
1413 4122 1735 4177 alimentum
1772 4129 2063 4191 appetunt:
2086 4120 2166 4174 sic

567 4215 624 4258 et
651 4205 985 4264 Christianis
1016 4225 1128 4264 non
1169 4226 1276 4264 una
1315 4203 1370 4266 et
1407 4211 1596 4266 eadem
1640 4211 1753 4264 vita
1791 4210 2053 4264 omnibus
2081 4217 2167 4263 est

569 4305 696 4366 apta
729 4307 783 4352 et
806 4299 1050 4367 jucunda
1084 4318 1099 4356 :
1127 4302 1219 4356 alii
1243 4301 1391 4355 enim
1415 4301 1750 4371 apostolicos
1777 4315 1960 4355 mores
1988 4315 2163 4370 quan-

567 4401 685 4446 tum
716 4401 948 4460 possunt
991 4393 1195 4448 imitari
1231 4403 1537 4458 conantur,
1574 4395 1668 4448 alii
1705 4405 2006 4466 martyrum
2039 4408 2163 4447 sor-

569 4493 678 4536 tem
711 4483 1050 4546 desiderant;
1089 4486 1336 4555 plerique
1367 4488 1662 4540 asceticam
1696 4485 1857 4538 vitam
1901 4495 1955 4538 et
2001 4485 2164 4554 spiri-

569 4572 773 4625 tualem
812 4575 1212 4644 suscipientes,
1257 4577 1494 4631 diversis
1539 4575 1817 4631 liabitibus
1857 4583 1911 4631 et
1953 4577 2162 4647 regulis

571 4663 719 4716 illam
771 4666 926 4734 sequi
1000 4667 1239 4723 student.
1317 4665 1460 4722 Sunt
1515 4675 1696 4722 autem
1756 4667 2008 4740 Iacryma:
2062 4685 2161 4740 pro

567 4755 823 4811 omnibus
871 4756 1124 4811 similiter
1164 4765 1219 4811 et
1266 4773 1407 4812 verae
1456 4758 1761 4813 secundum
1803 4759 1971 4816 Deum
2005 4777 2160 4817 com-

569 4847 884 4916 punctionis
919 4849 1168 4910 tristitia,
1203 4850 1399 4920 vigilia:
1429 4859 1485 4904 ct
1517 4852 1708 4907 laudes
1743 4863 1797 4909 et
1823 4855 1876 4907 in
1901 4857 2160 4924 precibus

569 4937 978 5005 perseverantia
1006 4947 1059 4992 et
1090 4939 1496 5009 l’ervor,quibus
1521 4943 1702 4996 modis
1728 4949 1784 4996 et
1816 4944 2157 5014 impurarum

565 5032 928 5098 cupiditatum
981 5032 1196 5086 insania
1245 5033 1500 5088 domatur
1537 5045 1593 5089 et
1637 5037 1974 5105 reprimitur.
2013 5039 2160 5094 Prw-

567 5130 715 5175 terea
751 5134 805 5176 et
844 5123 1121 5178 fastidium
1159 5125 1495 5180 domandum
1524 5135 1686 5182 estet
1719 5127 2072 5195 vincendum,
2103 5135 2159 5184 et

566 5213 830 5270 adversus
872 5214 1125 5272 libidines
1157 5219 1548 5288 pugnandum;
1592 5219 1774 5273 adhuc
1813 5227 1868 5276 et
1903 5222 1969 5274 de
2008 5221 2154 5275 omni

562 5321 728 5374 opere
749 5316 802 5360 et
827 5307 996 5362 verbo
1009 5309 1154 5378 quod
1184 5309 1414 5364 facimus
1431 5319 1524 5364 aut
1549 5309 1790 5366 dicimus
1814 5312 1918 5366 sub
1935 5322 2156 5381 potente

560 5397 768 5452 Christi
803 5414 967 5452 manu
1001 5399 1401 5456 humiliatulum
1459 5410 1547 5456 est
1579 5414 1704 5455 cum
1730 5402 1930 5472 pietate
1947 5409 2003 5456 et
2034 5403 2155 5475 jugi

559 5489 759 5543 timore
798 5491 865 5543 dc
911 5497 1142 5544 venturo
1179 5491 1350 5561 ipsius
1391 5490 1582 5560 judicii
1621 5489 1731 5544 die.
1783 5486 1907 5542 llaac
1940 5493 2148 5557 omnia,

559 5581 638 5635 ait
679 5581 926 5636 divinum
981 5579 1370 5646 Verbum,uou
1424 5582 1547 5636 aliis
1579 5581 1743 5646 bona,
1779 5589 1833 5636 et
1880 5581 2003 5639 aliis
2035 5599 2170 5652 non,

653 5759 744 5828 £39)
783 5759 918 5812 Cod.
953 5757 1440 5828 καταδαρυνομένη
1461 5757 1609 5825 tsic).

689 5828 744 5892 0)
771 5828 905 5882 Cod.
937 5825 1199 5894 Uedpxta';
1237 5843 1286 5881 v.
1308 5825 1483 5896 supra
1513 5841 1685 5883 carm.
1713 5826 1770 5895 8,
1797 5842 1940 5884 vers.
1956 5825 2141 5884 Eli-5|.

1934 353 2234 408 NICE'I'AS
2271 351 2484 408 DAVll)

3739 359 3844 416 πε

2257 469 2504 537 οἰήσεως,
2541 467 2638 520 τοῦ
2675 465 2768 521 νοῦ
2805 467 2868 520 τὸ
2908 468 3108 540 πτερὸν
3151 469 3665 543 καταδαρυνόμενος
3706 473 3842 542 (69),

2256 559 2352 611 καὶ
2378 558 2720 622 κατανεύσας
2745 560 2826 622 είς
2855 561 2982 628 γῆν,
3015 560 3219 632 πτῶμα
3252 560 3484 615 ἐλεεινὸν
3513 564 3610 616 καὶ
3635 563 3847 618 πολλῶν

2256 651 2406 715 ἄξιον
2435 651 2689 722 ὀδυρμῶν
2710 652 3066 722 κατενεχθῇς.

2257 743 2329 796 55
2362 741 2529 808 Νηῦς
2569 745 2741 812 ὀλίγη
2774 745 3096 812 γόμφοισιν
3129 745 3474 812 ἀρηρομένῃ
3505 745 3849 812 πυκινοῖσι,

2255 813 2329 868 54
2435 815 2664 882 Φόρτον
2692 813 2820 882 ἄγει
2846 812 3120 883 μεγάλης
3148 815 3403 868 πλείονα
3430 814 3540 884 τῆς
3570 817 3809 872 ἀδέτου.

2330 987 2513 1042 Εἰπὼν
2541 990 2798 1060 κρεῖσσον
2819 983 2960 1042 εἶναι
2983 990 3158 1060 χαμαὶ⁸
3184 989 3436 1060 βαίνοντα
3457 992 3550 1044 καὶ
3566 993 3854 1048 ταπεινού-

2263 1098 2424 1152 μενον
2458 1081 2722 1152 ἀσφαλῶς
2752 1081 2991 1154 τρέχειν,
3030 1081 3062 1152 ἢ
3104 1085 3216 1146 τοῖς
3263 1083 3404 1153 ὑπὲρ
3451 1083 3682 1154 δύναμιν
3728 1086 3853 1138 ἐπι-

2260 1173 2525 1226 ϐάλλοντα
2563 1172 2654 1226 καὶ
2706 1173 3142 1244 ὑπεραιρόμενον
3181 1173 3438 1244 πτώματι
3483 1181 3853 1244 καταπεσεῖν,

2262 1266 2622 1336 ὑποδείγματι
2675 1265 3019 1318 ἐπιστώσατο
3069 1264 3161 1318 τὸν
3201 1265 3375 1334 λόγον.
3430 1267 3608 1331 Ἐστι,
3663 1269 3854 1338 φησιν,

2261 1358 2415 1429 ὀλίγη
2458 1357 2591 1421 ναῦς
2633 1358 2727 1411 καὶ
2782 1357 2955 1430 μικρά
3015 1358 3112 1410 καὶ
3155 1358 3295 1428 αῦτη
3345 1359 3576 1428 γόμφοις
3630 1364 3857 1425 πυκνοῖς

2261 1451 2550 1522 ἀραρότως
2595 1450 2939 1521 ἡρμοσμένη,
2970 1450 3193 1504 πλείονα
3235 1451 3305 1504 τὰ
3346 1451 3606 1522 ἀγώγιμα
3638 1454 3857 1522 κομίζει

2260 1545 2361 1616 τῆς
2396 1543 2640 1614 μεγάλης
2671 1544 2765 1596 καὶ
2795 1543 2982 1596 άδέτου
3011 1544 3160 1614 νηός.
3205 1543 3362 1597 Οῦτω
3400 1545 3494 1598 καὶ
3523 1546 3856 1617 μονότροπος

2263 1635 2568 1707 ἄνθρωπος,
2601 1634 2809 1706 βραχύς
2835 1652 2894 1688 τε
2925 1635 3020 1688 καὶ
3047 1634 3228 1704 ὀλίγος
3256 1678 3271 1701 ,
3315 1637 3408 1690 καὶ
3436 1638 3635 1707 ὀλίγων
3665 1640 3858 1709 ἄρχειν

2266 1724 2474 1788 δοκῶν,
2511 1725 2606 1778 καὶ
2641 1724 2814 1795 ὄνομα
2865 1724 3015 1795 αύτῷ
3071 1725 3133 1778 ού
3180 1728 3366 1796 μέγα,
3422 1729 3518 1782 καὶ
3561 1723 3715 1793 οὗτος
3769 1725 3860 1784 οἶά

2264 1819 2500 1890 γόμφοις
2545 1820 2773 1882 πυκνοῖς
2823 1816 2916 1870 τοῦ
2976 1817 3295 1889 Πνεύματος
3348 1823 3858 1894 κατησφαλισμένος

2263 1916 2379 1976 τοῖς
2415 1912 2731 1981 λογισμοῖς,
2778 1911 2874 1964 καὶ
2913 1911 3146 1965 πλοῦτον
3186 1913 3334 1966 ἔνδον
3384 1916 3720 1987 ἐπικομίζων
3747 1919 3860 1972 τῶν

2265 2005 2503 2077 ἀρετῶν,
2545 2003 2884 2058 διαλανθάνει
2911 2021 2970 2057 τε
3001 2005 3130 2068 τοὺς
3163 2007 3390 2075 νοητοὺς
3425 2010 3722 2078 πειρατὰς,
3768 2011 3862 2063 καὶ

2265 2094 2564 2158 ἀκινδύνως
2594 2095 2688 2147 τὸν
2719 2094 2830 2164 βίον
2859 2093 3370 2164 διαπεραιούμενος,
3405 2095 3530 2160 ἀξια
3557 2097 3632 2167 τῷ
3665 2097 3857 2152 ἑαυτοῦ

2266 2191 2512 2260 Δεσπότῃ
2559 2194 2933 2260 καρποφορεῖ·
2959 2190 3120 2255 ἄλλος
3160 2190 3216 2244 δὲ
3263 2193 3407 2262 μέγα
3475 2194 3568 2246 ἐπὶ
3608 2194 3860 2264 ἁγιότητι

2265 2280 2504 2352 φρονῶν,
2537 2281 2635 2334 καὶ
2673 2280 2868 2344 σώζειν
2914 2281 3144 2345 πολλοὺς
3182 2283 3557 2353 κατοιόμενος,
3611 2283 3673 2336 ού
3715 2284 3858 2336 πάνυ

2265 2369 2324 2424 δέ
2353 2372 2466 2434 τοῖς
2491 2369 2589 2423 τοῦ
2629 2370 2951 2441 Πνεύματος
2990 2373 3500 2445 συγκεκροτημένος
3537 2373 3815 2444 λογισμοῖς
3839 2415 3857 2439 ,

2266 2460 2454 2525 ἀδετος
2485 2461 2542 2514 δὲ
2572 2461 2787 2526 τούτοις
2828 2461 2904 2516 ῶν
2943 2464 3040 2517 καὶ
3087 2464 3446 2533 καταφρονῶν
3467 2504 3481 2527 ,
3515 2465 3638 2536 εἱκῆ
3675 2465 3731 2518 δὲ
3761 2484 3863 2534 φυ-

2269 2553 2556 2623 σιούμενος
2594 2555 2709 2617 τοῖς
2756 2553 3005 2619 ἐπαίνοις
3050 2556 3160 2608 τῶν
3194 2555 3483 2626 πλανητῶν
3523 2559 3620 2611 καὶ
3666 2557 3863 2623 ἀλαζο-

2269 2644 2578 2715 νευόμενος,
2613 2644 2768 2714 ἄφνω
2794 2644 2964 2715 ζάλης
2994 2645 3158 2700 αὑτὸν
3188 2647 3386 2717 νοητῆς
3408 2689 3424 2711 ,
3468 2648 3563 2701 καὶ
3590 2647 3862 2720 δαιμόνων

2268 2735 2643 2806 ἐμπτώσεως,
2693 2737 2789 2790 καὶ
2837 2737 3118 2808 λογισμῶν
3175 2737 3393 2792 ἀτόπων
3449 2738 3862 2811 καταλαϐούσης

2268 2826 2567 2899 τρικυμίας
2592 2866 2608 2890 ,
2643 2827 2949 2883 κινδυνεύει
2971 2869 2986 2890 ,
3018 2830 3112 2882 καὶ
3139 2827 3358 2883 ὄλλυται
3383 2869 3399 2892 ,
3437 2831 3533 2883 καὶ
3558 2830 3617 2882 ὃν
3646 2830 3862 2901 ἐνόμιζε

2271 2917 2501 2974 πλοῦτον
2542 2919 2944 2991 ἐπιφέρεσθαι,
2991 2922 3306 2992 ἀφαιρεῖται
3353 2921 3552 2992 ῥᾳδίως
3594 2923 3688 2976 καί
3733 2939 3865 2976 σκυ-

2273 3009 2509 3066 λεύεται.
2547 3012 2749 3082 Στενὴν
2791 3013 2892 3082 μὲν
2931 3012 3035 3082 τὴν
3074 3010 3253 3082 πύλην
3290 3011 3390 3082 τὴν
3419 3012 3744 3081 εἰσάγουσαν
3782 3016 3866 3078 εις

2272 3103 2371 3174 τὴν
2404 3105 2623 3158 αἰώνιον
2655 3103 2801 3176 ζωὴν
2833 3104 2902 3158 τὰ
2931 3104 3202 3174 θεαρχικά
3243 3105 3360 3174 (70)
3393 3104 3550 3170 λόγια
3579 3105 3818 3160 διδάσκει
3843 3145 3862 3169 ,

2272 3195 2474 3259 πολλάς
2498 3197 2556 3250 δὲ
2581 3195 2683 3259 τάς
2710 3195 2862 3260 ὁδοὺς
2889 3196 2988 3260 τὰς
3021 3197 3158 3267 arpis;
3197 3196 3370 3268 αὐτὴν
3415 3197 3724 3265 άναγούσας
3762 3197 3868 3270 τὴν

2270 3290 2479 3344 εἴσοδον
2513 3291 2546 3360 ἡ
2573 3289 2838 3360 θεηγόρος
2857 3289 2998 3359 αῦτη
3030 3288 3227 3360 βροντὴ
3254 3290 3606 3360 ὑπαγορεύει,
3641 3290 3866 3351 καὶτοῖς

2273 3381 2377 3452 μὲν
2407 3381 2585 3451 τήνδε,
2613 3385 2728 3445 τοῖς
2751 3381 2997 3452 δὲ’τήνδε
3036 3365 3272 3451 βαδίζειν
3310 3381 3681 3452 παραγγέλλει
3711 3381 3826 3450 (71)
3847 3424 3865 3448 ,

2272 3473 2393 3527 καθ’
2421 3475 2449 3527 ὃ
2485 3491 2571 3537 τις
2618 3473 2810 3526 ἐαυτὸν
2869 3474 3096 3543 ἐμφυῶς
3145 3473 3334 3544 ἔχοντα
3388 3473 3482 3526 καὶ
3536 3475 3869 3544 ἐπιτηδείως

2269 3566 2556 3638 δοκιμάζοι
2581 3606 2594 3630 ,
2642 3567 2803 3636 μόνον
2837 3567 2912 3638 μὴ
2961 3566 3059 3637 τῆς
3100 3565 3408 3638 εύρυχώρου
3454 3566 3548 3617 καὶ
3592 3565 3872 3630 πλατείας

2271 3659 2366 3712 καὶ⁹
2417 3659 2497 3722 εἰς
2547 3657 2824 3711 ἀπώλειαν
2865 3657 3138 3730 ἀγούσης,
3192 3656 3326 3712 ἀλλὰ
3361 3656 3461 3728 τῆς
3509 3657 3702 3728 στενῆς
3765 3661 3869 3712 καὶ

2268 3750 2642 3822 τεθλιμμένης
2664 3747 3042 3821 ἐξεχομένους.

2263 3843 2414 3896 Οὔτε
2447 3841 2508 3908 ἵη
2541 3841 2900 3905 πάντεσσιν,
2933 3858 2989 3894 κ.
3016 3857 3068 3894 τ.
3098 3840 3146 3894 ἐ.

2345 3934 2556 4004 Ὥσπερ
2577 3972 2592 3994 ,
2613 3933 2814 4004 φησὶν,
2842 3933 2903 3985 ού
2937 3932 3038 4003 μία
3062 3931 3157 3985 καὶ
3188 3933 3222 4002 ἡ
3262 3931 3403 4004 αὕτη
3443 3930 3618 4003 τροφὴ
3656 3931 3865 3994 πάσαις

2267 4025 2573 4098 ἀνθρώπων
2621 4025 2768 4091 ἕξεσι
2819 4024 2962 4078 κατά
2999 4023 3161 4093 φύσιν
3189 4024 3450 4095 ἁρμόδιος
3497 4023 3590 4076 καὶ
3631 4020 3861 4092 ἐραστὴν

2267 4118 2419 4172 ἄλλοι
2450 4117 2508 4170 δὲ
2540 4116 2681 4188 πρὸς
2709 4115 2838 4170 ἀλλο
2864 4134 2919 4169 τι
2952 4115 3060 4168 τῶν
3102 4115 3336 4168 ἐδεστῶν
3377 4113 3578 4186 μᾶλλον
3607 4113 3708 4184 τὴν
3736 4114 3863 4184 δρε-

2271 4210 2353 4276 ξιν
2395 4210 2759 4264 συντείνουσιν
2791 4227 2806 4242 ο
2841 4210 2983 4264 οῦτω
3016 4211 3111 4263 καὶ
3142 4210 3490 4280 Χριστιανοῖς
3514 4208 3613 4278 ούχ
3651 4204 3732 4269 εἷς
3767 4207 3862 4259 καὶ

2267 4303 2297 4354 δ
2323 4305 2486 4368 αὐτὸς
2513 4303 2628 4374 βίος
2667 4304 2872 4357 ἅπασίν
2912 4303 3062 4355 ἐστιν
3099 4301 3359 4373 ἁρμόδιος
3394 4300 3486 4352 καὶ
3529 4296 3856 4368 προσφιλής.

2267 4396 2331 4448 Οἱ
2377 4395 2477 4466 μὲν
2523 4394 2633 4466 γὰρ
2671 4393 2764 4447 τὸν
2811 4391 3172 4446 ἀποστολικδν
3213 4391 3290 4454 ὼς
3326 4385 3438 4443 οἷόν
3473 4405 3535 4441 τε
3571 4386 3858 4458 μιμεῖσθαι

2263 4488 2465 4558 τρόπον
2503 4485 2845 4556 ἐγχειροῦσιν
2875 4502 2891 4518 ο
2925 4484 3074 4539 ἄλλοι
3124 4484 3180 4537 δὲ
3225 4483 3316 4537 τὸν
3367 4479 3702 4553 μαρτυρικὸν
3731 4479 3856 4530 ἐπι-

2266 4579 2523 4633 ποθοῦσιν
2557 4595 2572 4610 ·
2627 4580 2676 4631 οἱ
2726 4577 2946 4641 πλείους
2998 4577 3056 4630 δὲ
3110 4577 3202 4630 τὸν
3253 4574 3552 4645 ἀσκητικὸν
3595 4571 3710 4642 βίον
3761 4571 3856 4624 καὶ

2264 4668 2634 4741 πνευματικὸν
2685 4669 3184 4740 ἐπαναιρούμενοι,
3259 4666 3538 4736 διαφόροις
3613 4663 3856 4732 σχήμασι

2263 4763 2453 4817 τοῦτον
2500 4761 2743 4834 μετιέναι
2789 4761 3151 4827 σπουδάζουσι
3196 4761 3290 4814 καὶ
3332 4759 3576 4830 τρόποις.
3637 4756 3857 4825 Δάκρυα

2263 4855 2320 4908 δέ
2349 4856 2518 4908 πᾶσιν
2553 4853 2757 4924 ὁμοίως
2788 4856 2883 4906 καὶ
2915 4853 2975 4905 τὸ
3014 4852 3155 4904 κατὰ
3190 4850 3322 4903 Θεὸν
3359 4848 3458 4918 τῆς
3488 4845 3716 4917 γνησίας
3760 4861 3854 4914 με·

2263 4944 2479 5007 τανοίας
2511 4942 2708 5007 πένθος
2733 4983 2747 5008 ,
2780 4941 3083 5014 ἀγρυπνίαι
3103 4957 3163 4992 τε
3203 4940 3298 4992 καὶ
3324 4935 3624 5003 δοξολογίαι
3663 4932 3758 4984 καὶ
3796 4932 3852 4981 ἐν

2262 5037 2385 5097 ταῖς
2423 5037 2754 5105 προσευχαῖς
2802 5032 3092 5104 καρτερίαι
3141 5031 3237 5083 καὶ
3283 5027 3612 5096 φιλοπονίαι,
3665 5023 3733 5075 δι’
3778 5015 3850 5073 ῶν

2262 5124 2357 5177 καὶ
2407 5127 2441 5194 ἡ
2489 5123 2598 5176 τῶν
2625 5124 2951 5194 ἀκαθάρτων
2993 5120 3184 5174 παθῶν
3221 5118 3396 5170 λύσσα
3434 5115 3717 5185 κρατεῖται
3758 5109 3850 5163 καὶ

2259 5215 2621 5285 κατάγχεται.
2677 5214 2822 5285 Πρὸς
2849 5213 3062 5274 τούτοις
3100 5211 3154 5264 δὲ
3197 5212 3291 5264 καὶ
3327 5209 3418 5262 τὸν
3449 5207 3610 5277 κόρον
3650 5201 3848 5272 αἰχμά-

2259 5305 2376 5370 ζειν
2401 5345 2415 5368 ,
2444 5307 2562 5376 ἦτοι
2598 5305 2856 5371 πολεμεῖν
2899 5305 2994 5357 καὶ
3040 5299 3427 5371 ἀπομάχεσθαι
3466 5300 3533 5367 τῇ
3563 5293 3804 5364 ἀκρασίᾳ
3829 5305 3842 5319 ⁸

2259 5398 2351 5450 ἐπὶ
2390 5398 2522 5450 πᾶσι
2565 5397 2622 5449 δὲ
2673 5399 2788 5459 τοῖς
2832 5397 3015 5465 ἔργοις
3059 5396 3154 5446 καὶ
3192 5393 3392 5460 λόγοις,
3436 5384 3518 5452 οἷς
3567 5380 3841 5457 δρῶμενῆ

2259 5488 2548 5558 λαλοῦμεν,
2583 5488 2689 5540 ὑπὸ
2722 5488 2822 5559 τὴν
2855 5487 3124 5557 κραταιάν
3152 5483 3390 5556 Χριστοῦ
3423 5483 3581 5552 χεῖρα
3612 5475 3839 5531 κεῖσθαι.

2259 5579 2715 5643 εὐλαϐουμένους,
2769 5581 2866 5632 καὶ
2913 5578 3220 5649 τρέμοντας
3266 5575 3355 5628 ἀεὶ
3402 5578 3498 5643 τὴν
3546 5567 3840 5642 ἐρχομένην

2321 5760 2434 5831 (Ἠ)
2467 5759 2603 5817 Cod.
2649 5758 2976 5830 παραγέλει.
