4082 6458
409 375 521 433 7⁸1⁵5

392 496 499 558 τῆς
530 489 701 546 αὐτοῦ
740 488 977 560 κρίσεως
1008 486 1245 559 ἡμέραν.
1291 484 1478 538 Ταῦτα
1506 483 1687 538 πάντα
1710 523 1726 547 ,
1762 481 1927 554 φησιν
1964 483 1995 535 ὁ

394 584 546 657 ιερὸς
593 583 786 652 λόγος,
839 581 901 632 οὐ
952 581 1067 642 τοῖς
1120 578 1254 649 μὲν,
1287 579 1400 657 τοῖς
1437 576 1482 629 δ’
1515 573 1609 639 οὓ,
1647 573 1784 628 ἀλλά
1827 573 1994 627 πᾶσιν

395 675 601 746 ἄριστα
656 671 752 724 καὶ
801 668 1073 739 λυσιτελῆ,
1134 668 1227 721 καὶ
1283 664 1487 737 ὁμοίως
1537 666 1703 717 πᾶσιν
1760 661 1994 733 ἁρμόδια

394 766 615 834 πέφυκε
648 763 1019 835 Χριστιανοῖς,
1058 760 1121 815 El
1149 759 1193 812 δ’
1216 759 1395 829 ἄκρην
1425 755 1626 818 τελέως
1658 755 1758 818 ἴοις
1784 754 1991 826 τρίὸον,

391 856 545 911 τοῦτ’
596 854 779 915 ἔστιν,
831 854 881 905 εί
929 850 988 905 δὲ
1027 850 1128 920 τὴν
1174 848 1485 920 ἀκροτάτην
1517 847 1614 901 καὶ
1644 843 1993 912 τελειοτάτην

396 946 542 1001 κατά
589 944 825 1016 θεωρίαν
868 942 1016 1013 φημὶ
1055 941 1149 995 καὶ
1192 939 1392 1011 πρᾶξιν
1436 939 1530 993 τοῦ
1593 936 1830 1009 Χριστοῦ
1874 935 1995 989 όδδν

390 1037 682 1108 διαὸιῴης,
723 1034 910 1088 οὐκέτι
939 1032 1194 1103 καθάπερ
1227 1027 1308 1096 εἷς
1341 1030 1451 1085 τῶν
1483 1029 1713 1101 βροτῶν,
1744 1027 1881 1082 ἀλλά
1908 1045 1991 1091 τις

392 1130 651 1202 οὐράνιος
676 1127 743 1181 ἂν
771 1127 890 1198 εἴης
919 1124 1208 1197 ἄνθρωπος
1248 1126 1361 1187 τοῖς
1394 1120 1698 1194 Γρηγορίου
1729 1136 1991 1192 κατηρτιο

394 1220 596 1292 σμένος
612 1218 819 1288 νόμοις.
1182 1240 1185 1243 ·

753 1308 917 1374 Ὅροι
936 1305 1084 1370 ,Βίου
1117 1304 1255 1376 (72).

395 1398 426 1453 Ι
473 1397 709 1466 Ὧμοσα
735 1394 1059 1463 τὸνΛόγον
1082 1395 1292 1459 αὐτόν,
1330 1412 1386 1448 κ.
1421 1412 1473 1450 τ.
1500 1394 1553 1451 λ.

476 1484 696 1555 Ἐπειδὴ
758 1483 820 1536 οὐ
868 1482 1044 1552 ψιλοῖς
1098 1483 1193 1537 καὶ
1227 1484 1501 1554 ἀκάρποις
1545 1482 1724 1551 λόγοις
1769 1479 1993 1552 διδαχῆς

388 1576 424 1630 ὁ
452 1575 824 1645 πνευματικὸς
866 1574 1030 1643 νόμος
1066 1576 1124 1626 ὲν
1179 1576 1293 1637 τοῖς
1344 1573 1569 1636 τελείοις
1615 1571 1989 1645 παραδίδοται,

390 1664 584 1736 ὥσπερ
634 1666 663 1717 ὀ
717 1663 926 1733 Ἰησοῦς
984 1663 1147 1726 αὐτὸς
1198 1665 1227 1717 ὁ
1271 1663 1364 1716 τοῦ
1414 1664 1722 1735 πνεύματος
1775 1662 1993 1716 τελειω-

391 1756 492 1826 si);
533 1755 630 1807 καὶ
677 1753 994 1823 νομοθέτης,
1038 1753 1222 1825 ἔργοις
1275 1753 1492 1824 πρῶτον
1546 1753 1799 1822 ποιήσας,
1848 1750 1993 1805 οὕτω

391 1853 508 1912 τοῖς
563 1849 743 1916 λόγοις
797 1846 1053 1910 ἐδίδαξεν,
1103 1847 1248 1900 οὕτω
1297 1847 1393 1901 καὶ
1430 1848 1480 1899 οἱ
1538 1847 1749 1917 γνήσιοι
1798 1843 1991 1898 τούτου

390 1940 566 2012 δρῶσι
608 1938 873 2011 μαθηταὶ,
909 1937 1055 1992 οὕτω
1092 1939 1185 1992 καὶ
1221 1940 1251 1991 ὁ
1297 1937 1868 2011 ίεροτελεστικώτατος
1899 1931 1992 1991 οῦ-

392 2050 490 2095 τος
524 2031 632 2084 τῶν
677 2029 833 2083 θείων
869 2030 1079 2102 μύστης
1117 2032 1210 2084 καί⁵
1246 2030 1627 2101 μυσταγωγὸς,
1668 2028 1992 2100 ὑπογράψας

395 2127 525 2188 τοὺς
560 2122 667 2177 τῶν
699 2124 984 2195 μακαρίων
1034 2124 1111 2188 ὼς
1164 2123 1223 2176 ὲν
1265 2123 1578 2192 κεφαλαίοις
1624 2121 1793 2192 βίους,
1831 2120 1991 2174 iisre-

394 2237 491 2291 ρον
518 2219 575 2272 δὲ
615 2218 705 2271 τὸν
744 2216 1077 2271 τελειότατον
1127 2215 1439 2285 ἐπενεγκὼν
1479 2218 1645 2287 (φημὶ
1679 2216 1743 2287 δὴ
1790 2215 1851 2268 τὸ
1882 2214 1991 2268 πά-

387 2328 493 2374 σας
550 2309 651 2381 μὲν
691 2307 790 2377 τῆς
836 2306 1032 2369 κακίας
1084 2306 1237 2371 ὁδοὺς
1290 2308 1652 2376 ἀποστυγεῖν,
1691 2306 1830 2378 πρὸς
1885 2306 1989 2360 πά·-

389 2419 492 2464 σας
529 2402 586 2454 δὲ
629 2401 836 2471 κυρίου
873 2398 1271 2471 κατωρθῶσθαι
1314 2399 1415 2464 τὰς
1463 2398 1732 2467 ἐντολὰς),
1756 2399 1847 2451 τὸν
1888 2399 1989 2452 αὒο

386 2493 483 2546 τοῦ
529 2491 644 2563 βίον
687 2490 872 2544 λοιπὸν
899 2491 1025 2561 ὅρον
1072 2490 1161 2542 καὶ
1198 2491 1364 2561 νόμον
1392 2489 1758 2561 παραδίδωσι·
1800 2489 1889 2541 vati
1923 2489 1988 2561 δὴ

387 2584 485 2636 καὶ
514 2583 614 2645 τὰς
661 2582 847 2652 εὑχάς,
877 2578 944 2643 ἃς
980 2578 1185 2650 ηὔξατο
1218 2579 1440 2649 Κυρίῳ,
1467 2579 1734 2649 σφραγῖδα
1762 2578 1860 2649 τῆς
1887 2578 1988 2630 αὐ-

387 2673 484 2728 τοῦ
512 2674 736 2745 διδαχῆς
763 2673 856 2726 καὶ
898 2671 997 2742 τῆς
1044 2670 1405 2740 εὖαγγελικῆς
1432 2668 1671 2739 βιώσεως
1696 2669 1988 2738 βεὸαίωσιν

387 2764 711 2835 προτίθησιν
768 2764 923 2833 ἡμῖν,
980 2761 1262 2831 μονονουχὶ
1316 2758 1489 2813 ταῦτα
1534 2762 1701 2812 πᾶσιν
1748 2760 1986 2831 ὲμόοῶν,

386 2858 470 2909 ὅτι
501 2857 765 2926 Μιμηταί
810 2872 931 2924 μου
961 2854 1223 2922 γίνεσθε,
1268 2852 1455 2920 καθὼς
1499 2853 1661 2923 κάγὼ
1689 2852 1948 2920 Χριστοῦ
1968 2869 1982 2883 ·

387 2947 596 3018 ὧμοσα
655 2946 765 3019 γὰρ
816 2947 917 3000 καί
982 2947 1254 3013 ἐστησα,
1310 2944 1449 2998 κατὰ
1508 2944 1602 2996 τὸν
1665 2943 1987 3014 ίεροψάλτην

386 3040 573 3104 sum,
606 3039 716 3093 τοῦ
760 3038 1144 3108 φυλάξασθαι
1191 3039 1265 3092 τὰ
1314 3038 1566 3105 κρίματα
1605 3034 1717 3103 τῆς
1759 3035 1987 3091 δικαιο-

387 3133 590 3198 σύνης
614 3129 723 3184 τοῦ
751 3130 1034 3198 Χριστοῦ.
1056 3129 1265 3200 Ὦμοσα
1303 3128 1394 3181 τὸν
1424 3128 1595 3196 Λόγον
1630 3126 1797 3180 αὑτοῦ
1830 3126 1985 3196 πρῶ-

389 3237 485 3273 τον
512 3220 1034 3290 ἐπιμαρτυρόμενος,
1065 3219 1122 3282 ὃς
1155 3235 1244 3289 μοι
1279 3218 1375 3270 καὶ
1401 3216 1534 3281 Θεός
1562 3217 1678 3269 ἐστι
1706 3216 1981 3287 μέγιστος,

394 3312 456 3378 ἐξ
480 3310 746 3364 ἀθανάτου
786 3311 997 3382 Πατρὸς
1041 3308 1137 3370 ὢν,
1175 3309 1251 3373 ὼς
1279 3308 1337 3375 ἐξ
1373 3307 1548 3378 ἀρχῆς
1590 3309 1754 3379 ἀρχὴ.
1783 3306 1878 3359 καὶ
1904 3308 1985 3359 εί-

392 3401 508 3455 κὼν
540 3400 953 3472 ἀπαράλλακτος
983 3399 1076 3453 τοῦ
1112 3398 1442 3470 ἀρχετύπου,
1470 3398 1530 3462 ὃς
1577 3401 1635 3451 ὲν
1669 3399 1757 3471 ἴσῃ
1791 3400 1883 3452 καὶ
1913 3401 1983 3469 τῇ

388 3494 529 3565 αὐτῇ
564 3492 722 3562 φύσει
749 3491 845 3546 τοῦ
868 3488 1196 3561 Γεννήτορος
1222 3491 1504 3560 ὑπάρχων,
1528 3490 1608 3553 είς
1647 3490 1740 3542 τὸν
1765 3488 1873 3541 τῶν
1898 3490 1988 3542 ἀν-

388 3584 626 3656 θρώπων
673 3582 787 3653 βίον
820 3582 1112 3653 οὐρανόθεν
1151 3581 1394 3651 καθῆκεν
1442 3580 1728 3653 ἀτρέπτως
1768 3581 1980 3635 ἑαυτόν.

391 3675 596 3728 Τοῦτον
612 3674 828 3745 ὤμοσα,
846 3673 1001 3743 φησι,
1017 3672 1111 3726 τὸν
1123 3674 1312 3742 Λόγον,
1329 3671 1424 3726 καὶ
1443 3670 1520 3742 τῷ
1542 3670 1659 3741 ἐμῷ
1683 3670 1760 3741 νῷ
1779 3670 1985 3742 ἐστησα

348 3826 351 3832 η
387 3766 484 3822 τὸν
526 3767 690 3838 ὅρκον
729 3765 825 3820 τοῦ
882 3768 1094 3836 μήποτε
1136 3765 1348 3837 πονηρὰ
1388 3763 1665 3834 ὲννοήσειν
1699 3763 1840 3815 κατὰ
1889 3763 1982 3816 τοῦ

391 3858 549 3921 Θεοῦ,
572 3857 715 3911 ὥστε
742 3857 777 3929 ἦ
804 3857 897 3910 τὸν
939 3856 1111 3927 μέγαν
1130 3854 1275 3911 Νοῦν
1295 3854 1389 3907 καὶ
1429 3855 1648 3925 Πατέρα
1678 3852 1875 3923 ῥίψειν,
1905 3853 1983 3906 εί-

388 3966 520 4001 τουν
545 3949 855 4020 ἀτιμάσειν,
877 3948 959 4019 τῷ
994 3946 1068 4018 μὴ
1096 3949 1209 4000 ἴσον
1232 3946 1327 3998 καὶ
1349 3944 1526 4016 ἑαυτῷ
1549 3944 1832 4016 ὀμοούσιον
1859 3962 1985 4014 γεν-

394 4042 493 4112 νᾷν
523 4040 722 4109 λέγειν,
762 4042 796 4113 ἢ
846 4041 1007 4094 αὐτὸν
1058 4037 1322 4108 ἀθετῆσαι
1372 4037 1464 4091 τὸν
1506 4038 1676 4106 Λόγον
1717 4037 1984 4108 ἀλλοτρίῳ

393 4134 538 4204 λόγῳ
564 4133 947 4206 ἀλλοτριοῦν-τα
968 4131 1157 4184 τοῦτον
1189 4127 1284 4181 τοῦ
1312 4128 1545 4199 Πατρός.
1583 4127 1739 4180 Κατά
1768 4128 1983 4199 πρῶτον

388 4226 500 4296 μὲν
531 4222 623 4280 οὖν
649 4226 808 4295 λόγον
845 4224 1037 4278 τοῦτον
1064 4222 1255 4292 ὤμοσα
1282 4222 1375 4274 τὸν
1406 4222 1567 4292 ὅρκον
1605 4219 1735 4290 περὶ
1772 4220 1872 4290 τῆς
1924 4220 1984 4271 ἐν

395 4320 521 4388 ἐμοὶ
559 4319 813 4383 πίστεως,
849 4318 897 4370 εί
943 4317 1042 4388 τὴν
1084 4315 1213 4385 μίαν
1261 4314 1356 4366 καὶ
1407 4308 1833 4381 ὑπερηνωμὲνην
1867 4309 1986 4362 θεό-

392 4426 533 4481 τητα
588 4411 687 4481 τῆς
736 4408 1058 4478 ὑπερφὼτου
1120 4405 1347 4475 Τριὰδος
1396 4402 1737 4472 διακόψαιμι,
1790 4402 1987 4471 ῥοπαῖς

394 4503 604 4575 καιρῶν
652 4501 908 4573 πονηρῶν
959 4502 1053 4555 καὶ
1093 4501 1370 4571 ἀρχόντων
1432 4497 1695 4567 ἑπόμενος
1753 4495 1985 4565 νεύμασι

393 4594 638 4649 ἀσεϐῶν·
668 4592 810 4647 κατὰ
844 4591 1096 4661 δεύτερον
1134 4590 1191 4643 δὲ
1237 4590 1393 4657 λόγον
1424 4588 1608 4658 ὀμόσω
1638 4589 1766 4656 περὶ
1794 4585 1990 4658 φιλαρ-

391 4685 537 4756 χίας,
562 4687 609 4737 εί
637 4684 855 4756 μεγάλῃ
880 4683 1118 4753 καθέδρᾳ
1145 4681 1351 4735 καὶτοῦ
1374 4680 1564 4753 θρόνου
1584 4677 1686 4748 τῆς
1719 4675 1988 4747 βασιλίδος

393 4777 690 4847 προεδρεία
716 4780 746 4830 ὁ
782 4777 913 4847 ἐμός
953 4793 1082 4829 ποτε
1131 4774 1254 4838 νοῦς
1295 4772 1771 4844 παροιστρήσειεν,
1800 4767 1985 4835 ἀλογί-

394 4886 540 4932 στως
567 4868 707 4937 ἐρῶν
726 4870 820 4922 καὶ
849 4866 1325 4939 πρωτοκαθεδρίας
1347 4865 1726 4935 ἀντεχόμενος,
1749 4861 1784 4932 ἢ
1813 4860 1988 4915 ἄλλων

393 4962 490 5016 ἐπὶ
513 4960 684 5014 ταῦτα
718 4942 1052 5032 βιαζομένων
1076 4958 1377 5028 ἀλλοτρίοις
1411 4957 1596 5017 πόθοις
1621 4954 1720 5024 τὴν
1751 4950 1986 5023 ἐμαυτοῦ

393 5054 555 5125 χεῖρα
584 5052 1011 5123 συνελκυσθῆναι
1048 5048 1383 5120 παραδοίηνο
1413 5046 1495 5099 ἔτι
1524 5045 1581 5097 δὲ
1612 5045 1794 5115 τρίτον
1830 5043 1992 5112 ὠμω-

394 5145 579 5201 κόκειν
620 5143 751 5214 περὶ
791 5141 886 5195 τοῦ
932 5141 1249 5195 πεποιθέναι
1296 5139 1383 5191 ἐπ’
1418 5136 1757 5207 ἀνθρώπους,
1800 5135 1848 5186 εί
1890 5132 1991 5203 ἔμ-

398 5223 600 5308 προσθε
633 5235 727 5289 τοῦ
757 5234 893 5288 Θεοῦ
919 5235 1014 5288 καὶ
1038 5232 1133 5288 τοῦ
1173 5230 1409 5304 Χριστοῦ
1440 5227 1606 5282 αὐτοῦ
1637 5226 1734 5298 τῆς
1765 5224 1989 5295 βεϐαίας

396 5327 606 5400 πέτρας
653 5327 750 5381 καὶ
794 5326 1070 5398 ἀσφαλοῦς
1112 5326 1182 5380 τά
1232 5325 1507 5395 πείσματα
1545 5321 1639 5375 καὶ
1683 5320 1809 5383 τοὺς
1841 5319 1991 5386 λογι-

470 5559 586 5629 (72)
610 5558 768 5629 Apud
796 5556 1012 5612 Billinm
1044 5573 1216 5629 carm.
1248 5572 1399 5629 xvn,
1426 5552 1764 5629 inscriptum
1789 5548 1988 5629 "OpYZBE

394 5629 434 5702 ἢ
456 5617 790 5702 ἐπαγγελίαι
814 5617 1784 5702 6t’gaﬁpxo‘u,jusiurandunrGregorii,
1827 5617 1990 5702 p432

396 5688 490 5754 e'd.
522 5688 719 5753 Colon.
758 5715 811 5767 p.
838 5688 951 5753 949'
977 5688 1397 5767 ed.'Leuve_ncl.
1425 5694 1536 5765 (ed.
1587 5688 1717 5767 nov.
1769 5706 1821 5760 p.
1852 5688 1986 5752 665,

399 5769 507 5823 sub
531 5771 694 5823 titulo
728 5761 923 5838 ’ὒρκοι
966 5765 1315 5838 Γρηγορίου).
1352 5761 1766 5838 inargumen'to
1803 5768 1985 5813 autem

401 5838 549 5909 quod
591 5830 857 5908 praemisit
892 5830 1295 5895 comtneniario
1332 5833 1471 5889 dicit
1502 5830 1695 5886 Billius
1725 5830 1828 5884 hoc
1858 5842 1986 5882 car.

1415 365 1481 421 ῐΝ
1517 362 1829 420 CARMINA
1856 359 2133 419 ARCANA
2186 360 2620 418 S.GREGORIL

3574 352 3687 408 774

2111 479 2209 535 sed
2252 479 2510 535 omnibus
2553 476 2758 547 optima
2801 483 2856 531 et
2888 477 3041 532 utilia
3087 485 3141 532 et
3185 478 3387 546 pariter
3423 479 3684 535 omnibus

2096 570 2292 626 idonea
2331 582 2556 626 manent
2590 569 2945 625 Christianis.
2998 570 3053 624 Si
3096 577 3278 623 tamen
3323 572 3683 625 excellentem

2096 661 2335 731 perfecte
2384 664 2636 717 semitam
2684 669 2909 725 teneas,
2949 658 3004 712 id
3037 666 3160 723 est,
3209 659 3254 713 si
3304 675 3575 713 summam
3627 667 3686 713 et

2096 755 2555 825 perfectissimam
2580 796 2597 821 ,
2630 752 2933 808 secundum
2969 751 3211 805 divinam
3246 750 3682 814 meditationem,

2093 848 2242 912 dico,
2292 854 2347 901 et
2394 845 2608 917 praxim
2657 843 2863 899 Christi
2918 843 3062 897 viam
3120 841 3360 910 degeris,
3408 856 3686 911 nusquam

2094 937 2256 1008 quasi
2294 951 2439 990 unus
2469 933 2817 997 mortalium,
2847 932 2942 989 sed
2972 932 3216 988 cwlestis
3250 932 3475 1002 quidam
3519 933 3686 987 homo

2096 1044 2276 1094 esses,
2303 1028 2517 1099 legibus
2560 1025 2809 1099 Gregorii
2839 1025 3162 1082 conformis.

2146 1291 2149 1295 ⁴
2241 1300 2376 1355 Vita:
2409 1299 2641 1369 Regulaz.

2094 1391 2120 1446 1
2162 1390 2356 1446 Juravi
2398 1392 2621 1447 Verbum
2650 1394 2823 1460 ipsum
2846 1432 2862 1456 ,
2892 1400 3001 1448 etc.

2166 1483 2221 1537 Si
2278 1482 2499 1553 quidem
2552 1500 2660 1538 non
2720 1485 2926 1539 vilibus
2972 1492 3027 1540 et
3073 1484 3437 1540 infrttctuosis
3491 1486 3679 1542 verbis

2091 1574 2428 1639 documenti,
2458 1574 2763 1645 spiritualis
2798 1576 2882 1629 lex
2908 1578 2960 1629 in
2980 1576 3236 1646 perfectis
3267 1577 3677 1641 traditur,sieut

2092 1666 2254 1722 Jesus
2276 1665 2396 1735 ipse
2415 1665 2672 1736 spiritum
2692 1664 2986 1735 perliciens
3015 1666 3335 1737 legibusque
3353 1666 3679 1736 subjiciens,

2093 1770 2221 1811 cutn
2254 1755 2434 1826 primo
2471 1754 2734 1826 operibus
2767 1754 2990 1810 fecisset
3018 1756 3098 1810 sic
3123 1756 3306 1810 verbis
3332 1754 3561 1821 docuit,
3596 1756 3679 1809 sic

2093 1855 2149 1903 et
2177 1848 2288 1902 veri
2331 1847 2504 1916 ipsius
2538 1847 2748 1902 faciunt
2790 1848 3084 1918 discipuli,
3124 1849 3205 1901 sic
3236 1855 3290 1903 et
3322 1857 3549 1905 sanctus
3589 1848 3680 1903 ille

2091 1939 2310 1994 arcanis
2345 1939 2591 2004 initians,
2639 1939 2694 1993 in
2741 1941 3001 2009 mysteria
3047 1940 3233 1994 divina
3285 1949 3582 2010 penetrans
3622 1949 3680 1994 et

2092 2030 2361 2085 inducens
2383 2071 2399 2095 ,
2434 2046 2560 2086 cum
2600 2029 2670 2086 de
2701 2030 2983 2086 beatorum
3020 2032 3129 2085 vita
3163 2031 3476 2101 scripsisset
3517 2032 3678 2101 quasi

2090 2138 2189 2192 per
2221 2123 2424 2193 capita,
2455 2122 2756 2179 novissime
2777 2120 3238 2192 perfectissimum
3262 2121 3584 2191 aggrediens
3604 2149 3680 2167 -ο

2090 2214 2214 2269 dico
2258 2223 2408 2270 certe
2456 2230 2649 2270 omnes
2697 2214 2921 2269 malitia:
2970 2214 3091 2269 vias
3142 2215 3400 2268 detestari
3433 2221 3489 2269 et
3517 2213 3677 2283 juxta

2089 2306 2276 2360 omnia
2324 2307 2584 2360 mandata
2637 2305 2800 2378 dirigi
2853 2335 2925 2346 --
2974 2304 3362 2376 perfectissimi
3408 2305 3677 2375 reliquam

2091 2402 2297 2464 vitam,
2332 2401 2577 2466 regulam
2608 2411 2662 2456 et
2693 2402 2864 2470 legem
2898 2399 3068 2454 tradit
3093 2441 3108 2464 ,
3139 2414 3271 2470 ergo
3299 2414 3489 2468 preces
3535 2413 3677 2468 quas

2090 2489 2324 2545 Domino
2365 2491 2636 2554 adhibuit,
2673 2492 3017 2560 signaculum
3051 2489 3366 2542 documenti
3418 2488 3592 2558 ipsius
3622 2497 3680 2542 et

2089 2583 2433 2654 Evangelica:
2462 2585 2587 2639 vitae
2621 2581 3095 2638 confirmationem
3128 2566 3310 2651 prodit
3342 2582 3531 2645 nobis,
3564 2579 3680 2634 feto

2089 2675 2204 2730 haec
2233 2677 2481 2732 clamans
2510 2676 2804 2730 omnibus:
2836 2673 3141 2728 Imitatores
3178 2674 3282 2727 mei
3312 2683 3512 2736 estote,
3541 2673 3678 2727 sicut
3727 2739 3733 2744 ‘

2087 2777 2136 2820 et
2173 2783 2266 2837 ego
2315 2767 2517 2821 Christi
2549 2769 2592 2837 (ι
2623 2765 2750 2823 Cor.
2783 2784 2859 2829 ιι.
2886 2767 2979 2835 1);
3019 2781 3146 2819 nam
3177 2766 3362 2834 juravi
3401 2775 3450 2818 et
3487 2766 3677 2830 statui,

2089 2860 2392 2914 secundum
2438 2859 2787 2914 Psalmistam
2822 2858 3014 2921 David,
3039 2857 3305 2912 custodire
3327 2856 3533 2927 judicia
3558 2857 3681 2923 jus-

2090 2952 2222 3005 titiw
2272 2950 2459 3022 (Psal.
2503 2965 2706 3014 cxvtn,
2744 2951 2887 3021 106)
2931 2950 3155 3006 Christi.
3210 2949 3397 3007 Juravi
3439 2948 3680 3003 Verbum

2088 3044 2213 3111 ejus
2241 3044 2474 3112 primum
2501 3043 2785 3096 obtestans
2814 3041 3036 3107 Filium,
3063 3045 3158 3112 qui
3185 3041 3320 3096 mihi
3349 3051 3403 3095 et
3432 3039 3572 3094 Deus
3593 3049 3679 3094 est

2088 3134 2363 3189 inaxilnus
2386 3173 2402 3199 ,
2434 3150 2503 3189 ex
2540 3134 2833 3189 immortali
2874 3132 3072 3200 Patre,
3121 3136 3265 3188 sicut
3302 3148 3369 3187 ex
3404 3133 3678 3201 principio

2086 3225 2416 3295 principium
2451 3234 2507 3280 et
2557 3227 2738 3295 imago
2775 3226 3061 3280 verissima
3107 3222 3507 3294 arcltetypi,qni
3547 3239 3672 3276 cum

2086 3318 2159 3370 sit
2189 3317 2242 3370 in
2271 3316 2459 3370 eadem
2487 3323 2542 3372 et
2565 3316 2759 3387 aequali
2790 3324 2985 3370 natura
3017 3332 3142 3370 cum
3173 3314 3367 3377 Patre,
3403 3315 3456 3367 in
3494 3314 3676 3366 homi—

2086 3422 2216 3462 num
2244 3407 2409 3462 vitam
2443 3407 2512 3463 de
2540 3409 2696 3463 cmlis
2732 3409 2971 3478 seipsum
3004 3408 3212 3477 absque
3244 3406 3548 3459 mutatione
3583 3405 3680 3458 de-

2086 3498 2321 3555 scendit.
2355 3497 2766 3570 Supradictum,
2802 3499 3000 3569 inquit,
3036 3496 3277 3552 Verbum
3310 3495 3491 3566 jnravi
3532 3503 3588 3549 et
3622 3496 3680 3550 in

2087 3607 2208 3648 mea
2260 3599 2443 3648 mente
2488 3591 2653 3647 statui
2702 3591 3076 3662 juramentum
3135 3604 3419 3659 nunquam
3461 3588 3528 3642 de
3566 3586 3680 3642 Deo

2087 3684 2234 3737 mala
2269 3683 2548 3754 cogitandi
2570 3725 2585 3747 ,
2618 3698 2756 3739 neve
2796 3697 3054 3754 magnum
3073 3680 3338 3750 Spiritum
3378 3686 3433 3733 et
3465 3678 3679 3733 Patrem

2086 3771 2366 3827 destruam
2390 3781 2445 3827 et
2484 3772 2812 3827 inhonorem
2834 3772 2893 3827 in
2918 3769 3323 3839 dicendo,quod
3354 3786 3463 3823 non
3490 3784 3675 3837 aequa-

2084 3865 2191 3920 lem
2223 3865 2327 3935 ipsi
2363 3874 2417 3919 et
2447 3865 2834 3920 homoousium
2869 3861 3376 3917 consubstantialem
3406 3861 3674 3931 genui-rit,

2088 3958 2418 4025 neveipsum
2436 3956 2734 4024 despiciam
2762 3953 3000 4009 Verbum
3025 3952 3205 4006 alieno
3228 3951 3396 4006 verbo
3422 3953 3468 4006 si
3496 3953 3677 4022 ipsum

2088 4066 2116 4102 a
2132 4048 2295 4104 Patre
2309 4050 2678 4118 separaverim
2689 4046 2899 4114 .Quoad
2916 4046 3152 4115 prinmm
3164 4059 3297 4114 ergo
3310 4045 3678 4108 verbumhoc

2081 4141 2473 4210 jusjurandum
2501 4140 2685 4209 juravi
2713 4138 2781 4193 de
2814 4137 2919 4192 [ide
2950 4151 3073 4208 quae
3097 4137 3152 4189 in
3186 4152 3272 4190 tlte
3301 4143 3406 4196 est,
3439 4137 3487 4190 si
3513 4150 3676 4189 unam

2086 4240 2142 4287 et
2174 4247 2388 4286 summe
2420 4230 2631 4284 unitam
2660 4227 3003 4283 divinitatem
3032 4226 3360 4280 clarissima:
3392 4223 3677 4277 Trinitatis

2086 4322 2455 4378 destruxerim
2486 4321 2914 4376 durissimarum
2946 4319 3002 4373 in
3040 4324 3319 4372 momento
3368 4325 3675 4385 temporum

2087 4421 2142 4468 et
2188 4412 2604 4468 dominantibus
2654 4411 2838 4481 impiis
2866 4449 2882 4474 ,
2935 4423 3214 4465 consensu
3264 4407 3672 4476 obtemperans.

2088 4502 2280 4570 Quoad
2312 4501 2613 4557 secundum
2650 4502 2913 4568 verbum,
2943 4499 3143 4570 iurabo
3176 4498 3244 4553 de
3273 4497 3592 4559 ambitione,
3630 4496 3677 4550 si

2089 4594 2158 4648 ad
2208 4608 2463 4664 magnam
2515 4593 2834 4648 cathedram
2893 4600 2948 4647 et
2997 4591 3464 4662 prmeminentiam
3493 4588 3678 4643 throni

2088 4686 2293 4755 reginae
2335 4685 2480 4739 forte
2514 4699 2671 4739 mens
2706 4698 2825 4738 mea
2866 4682 3091 4738 irruerit
3128 4681 3533 4735 inconsiderate
3562 4694 3680 4733 am-

2089 4776 2248 4831 biens
2292 4784 2346 4830 et
2379 4776 2589 4845 primas
2633 4774 2795 4831 sedes
2842 4775 3110 4838 retinens,
3137 4780 3231 4826 aut
3275 4772 3400 4826 aliis
3449 4771 3518 4824 ad
3570 4771 3679 4825 ista

2083 4868 2237 4930 .omni
2271 4882 2372 4934 ope
2405 4877 2570 4935 atque
2604 4880 2769 4935 opera
2794 4866 3136 4920 enitentibus
3167 4863 3365 4918 alienis
3389 4860 3679 4916 desideriis

2090 4972 2313 5014 manum
2343 4972 2517 5011 meam
2544 4957 2764 5011 extendi
2789 4956 3157 5011 aﬂ‘ectaverim
3182 4972 3198 5021 ;
3226 4954 3403 5008 adhuc
3434 4960 3487 5006 et
3517 4952 3681 5005 tertio

2087 5046 2402 5117 jnraveram
2455 5046 2523 5101 de
2557 5046 2884 5102 confidendo
2930 5049 2984 5100 in
3023 5046 3358 5108 hominibus,
3398 5044 3444 5097 si
3491 5058 3679 5108 coram

2092 5136 2205 5192 Deo
2232 5149 2286 5191 et
2313 5136 2539 5192 Christo
2567 5137 2721 5203 ejus,
2756 5145 2910 5206 petra
2943 5137 3097 5190 ﬁrma
3136 5145 3190 5189 et
3224 5144 3339 5189 tuta
3365 5176 3379 5200 ,
3423 5133 3680 5188 ﬁduciam

2089 5238 2145 5284 et
2168 5230 2400 5285 consilia
2431 5229 2617 5282 cordis
2642 5228 2874 5282 all'erens
2900 5227 3179 5281 hominem
3208 5226 3490 5281 habuerim
3523 5226 3681 5278 auxi-

2090 5320 2340 5375 liatorem
2367 5327 2421 5374 et
2446 5319 2777 5389 adjutorem;
2805 5327 2994 5389 postea
3013 5318 3197 5387 juravi
3237 5318 3418 5372 adhuc
3437 5317 3506 5371 de
3527 5330 3683 5370 arro-

2092 5567 2216 5615 men
2263 5554 2319 5606 in
2358 5551 2500 5606 libro
2539 5546 2918 5614 manuscripto
2965 5557 3279 5615 connexum
3333 5539 3502 5593 fuisse
3546 5550 3675 5590 rum

2094 5612 2471 5692 praecedente,
2502 5617 2648 5689 quod
2693 5612 3038 5692 ipse—tamen
3089 5628 3200 5692 non
3236 5612 3357 5692 sine
3386 5622 3677 5692 causa-ex:

2091 5677 2212 5747 ξειιεί
2263 5677 2474 5747 codicis
2521 5677 2915 5744 auctoritatem
2953 5691 3185 5742 secutus
3219 5677 3677 5749 distinguendum

2090 5763 2390 5833 putaverit.
