4082 6388
468 395 581 452 ’ἴτθ

469 517 710 576 corpore
737 501 1174 572 temperantibns
1202 513 1301 556 nec
1325 513 1490 554 onere
1516 497 1797 569 gravibus;
1829 513 1899 551 ne
1926 497 2071 554 sicut

472 597 630 653 navis
664 594 855 649 nimiis
891 593 1078 648 inundi
1123 590 1368 646 materiis
1403 596 1456 644 et
1485 589 1848 660 cupiditatum
1886 588 2070 643 oneri-

473 689 583 742 bus
610 685 784 740 instar
817 683 1082 738 mercium
1121 678 1682 752 aggravatapeecatis
1710 691 1973 748 properes
2000 673 2070 729 ad

469 788 724 845 mortem,
746 773 1091 846 naufragium
1117 781 1170 828 et
1194 773 1248 828 in
1268 771 1468 826 fluctus
1493 769 1922 840 depressionem.
1950 765 2068 822 Hoc

467 871 688 942 quidem
739 869 976 940 primum
1023 865 1424 921 sententiosum
1466 869 1819 933 praaceptum.
1854 858 2065 916 Secun-

467 961 636 1017 dum:
681 973 899 1029 semper
936 964 1064 1012 ante
1096 954 1290 1010 oculos
1329 959 1562 1007 mortem
1599 951 1902 1006 habeamus
1934 949 2067 1004 hor-

468 1058 636 1114 tatur,
656 1060 709 1104 et
739 1047 893 1119 quasi
921 1053 1246 1117 praesentem
1273 1043 1690 1100 meminerimus
1714 1041 1768 1096 in
1785 1039 2063 1095 omnibus.

471 1142 563 1198 Sic
585 1142 731 1198 enim
759 1141 900 1211 ipsa,
923 1137 1128 1209 inquit,
1146 1137 1206 1191 in
1235 1134 1502 1192 memoria
1530 1141 1768 1198 servata,
1796 1131 1850 1185 in
1883 1130 1937 1184 vi
1965 1144 2066 1185 sua

467 1234 813 1298 absorbetur,
845 1238 897 1287 et
917 1238 974 1286 tu
1007 1245 1118 1286 non
1151 1227 1441 1284 horrendae
1479 1242 1582 1282 nec
1627 1222 1925 1281 tremendae
1966 1237 2069 1278 nec

466 1327 740 1392 molestae,
771 1324 865 1381 sed
899 1323 1054 1379 victa:
1095 1328 1150 1378 et
1179 1327 1480 1376 mansuetae
1511 1332 1777 1374 occurres
1801 1324 1856 1372 et
1893 1315 2064 1371 dulci.

465 1417 748 1473 Tertium:
791 1430 1034 1486 semper,
1087 1412 1185 1479 ait,
1228 1427 1425 1467 navem
1466 1409 1580 1466 Deo
1628 1417 1780 1463 tuum
1819 1421 2066 1478 praepara

464 1510 754 1581 spiritum;
779 1515 835 1562 et
856 1520 1060 1576 corpus
1084 1513 1137 1560 et
1157 1505 1397 1558 animam
1429 1518 1526 1574 per
1548 1501 1708 1557 ﬁdem
1738 1515 1849 1555 non
1882 1500 2065 1553 fictam

463 1611 518 1658 et
576 1603 742 1674 digna
809 1599 916 1655 fide
952 1613 1150 1667 Opera;
1184 1598 1268 1652 sic
1317 1595 1465 1652 enim
1521 1593 1695 1649 Deum
1750 1593 1806 1647 in
1871 1591 2064 1646 intimo

466 1675 688 1764 pectore
705 1692 1131 1759 firmamentum,
1150 1697 1204 1746 et
1219 1689 1410 1755 robur,
1428 1695 1484 1743 et
1507 1685 1780 1757 refugium
1808 1698 2063 1755 magnum

474 1787 721 1842 habebis.
753 1779 1014 1854 insuper
1072 1797 1241 1838 nosce
1289 1781 1549 1851 teipsum,
1601 1794 1641 1834 ο
1685 1778 1911 1849 optime,
1957 1791 2060 1832 nec

469 1878 789 1934 memoriam
813 1876 1060 1948 deponas
1083 1873 1417 1930 conditionis
1457 1880 1596 1939 tuae,
1623 1871 1772 1942 quod
1807 1886 1837 1924 a
1872 1868 1982 1927 Deo
2006 1877 2061 1924 et

466 1970 535 2026 ad
564 1969 740 2041 ipsius
764 1968 1057 2040 imaginem
1085 1967 1390 2037 plasmatus
1412 1964 1510 2030 sis,
1526 1973 1580 2020 et
1601 1963 2061 2034 cognosce,quis-

463 2061 589 2133 quis
624 2059 746 2125 fias,
778 2057 926 2130 quod
952 2057 1124 2112 homo
1142 2055 1322 2111 factus
1353 2056 1432 2112 sis
1456 2062 1510 2110 et
1539 2069 1649 2108 non
1677 2052 1822 2109 Deus
1848 2067 1879 2108 e
1912 2061 2060 2107 terra

464 2161 742 2222 sumptus;
775 2163 905 2206 caro
941 2148 1114 2213 enim,
1152 2161 1182 2200 a
1217 2145 1327 2202 Deo
1356 2161 1491 2201 vero
1527 2145 1863 2215 spiraculum
1905 2157 2061 2197 acce-

465 2244 612 2314 pisti,
645 2243 875 2314 spiritus
904 2241 1048 2298 enim
1081 2255 1142 2296 es
1171 2261 1187 2308 ;
1212 2239 1318 2294 hoc
1353 2237 1534 2293 sciens
1576 2244 1631 2292 et
1671 2237 2058 2306 plasmatorem

464 2335 765 2390 honorabis
779 2334 855 2390 ob
870 2333 1126 2405 gratiam,
1149 2339 1203 2389 et
1227 2331 1518 2388 elationem
1541 2330 1720 2401 fugies
1738 2331 1812 2385 ob
1826 2337 2054 2397 terram;

463 2427 544 2483 sic
571 2427 898 2482 humiliatus
926 2425 1082 2495 ipse,
1115 2423 1511 2496 proutjustum
1534 2429 1618 2480 est
1639 2462 1656 2488 ,
1686 2423 1937 2478 exaltans
1967 2439 2059 2478 au-

463 2526 574 2574 tem
615 2517 1024 2574 benefactorem
1044 2555 1061 2582 ,
1090 2515 1329 2573 faciliter
1360 2515 1430 2570 ad
1465 2515 1670 2570 bonum
1702 2514 2058 2586 archetypum

462 2609 774 2680 pervenies,
807 2608 863 2663 in
901 2607 1056 2678 praxi
1093 2609 1332 2678 teipsum
1362 2605 1693 2669 humilians,
1731 2605 1787 2659 in
1822 2605 2059 2661 medita-

463 2701 611 2758 tione
645 2715 775 2757 vero
801 2699 1122 2757 Creatorem
1155 2697 1404 2753 exaltans
1435 2703 1492 2753 et
1518 2696 1914 2766 contemplans.

462 2913 497 2969 9
535 2911 660 2966 Dies
688 2908 758 2964 ad
782 2909 922 2964 diem
947 2916 996 2962 te
1025 2905 1366 2973 transmittit,
1399 2916 1506 2962 etc.

533 3023 894 3095 Unaquaaque
917 3021 1036 3077 dies
1058 3021 1378 3092 praeteriens
1392 3019 1645 3091 sequenti
1673 3027 1726 3076 te
1753 3019 1906 3075 ducit
1923 3019 2055 3090 dici;

459 3117 716 3188 quisquis
766 3130 899 3186 ergo
936 3113 1075 3169 levis
1129 3121 1183 3169 et
1215 3116 1546 3169 inconstans
1601 3111 1802 3184 spiritu
1846 3121 1900 3168 et
1946 3129 2059 3169 non

381 3245 390 3253 -
458 3215 807 3280 compar-tus,
835 3205 968 3277 ligni
1005 3205 1146 3261 levis
1183 3204 1368 3259 instar
1395 3221 1424 3258 a
1464 3206 1640 3261 maris
1676 3205 1854 3260 fluctu
1900 3207 2056 3262 voln-

458 3309 611 3354 tatur
639 3307 696 3356 et
726 3300 995 3369 jactatur,
1027 3297 1167 3352 alias
1195 3297 1261 3350 ad
1299 3297 1406 3351 alia
1435 3298 1678 3368 cogitata
1725 3307 1948 3354 mutans
1999 3307 2052 3354 et
2083 3299 2092 3311 '

459 3405 668 3462 opera;
721 3389 851 3442 dum
884 3387 1284 3458 quiconstanti
1314 3377 1368 3442 et
1404 3389 1561 3442 firma
1584 3391 1864 3444 sententia
1907 3390 2055 3445 sicut

459 3491 619 3554 petra
663 3482 833 3536 verbo
875 3480 1133 3536 veritatis
1181 3479 1432 3534 firmatur
1467 3488 1521 3534 et
1564 3481 2054 3547 eonsistit,indis—

461 3573 758 3630 solubilem
806 3581 860 3627 et
895 3580 1315 3641 permanentem
1369 3573 1424 3625 in
1461 3571 1645 3641 seipso
1680 3572 1824 3627 diem
1865 3573 2052 3639 habet,

461 3666 700 3720 humana
735 3664 976 3719 transire
1010 3670 1070 3716 ut
1100 3661 1294 3718 volunt
1321 3663 1389 3718 ab
1421 3661 1567 3716 infra
1593 3662 1746 3730 sinit,
1777 3664 1895 3735 ipse
1925 3680 2055 3720 vero

457 3759 601 3814 diem
657 3771 825 3811 unam
879 3755 1133 3811 stabilem
1191 3770 1357 3826 super
1411 3754 1626 3809 dierum
1675 3755 2053 3828 humanorum

459 3848 629 3902 millia
665 3855 719 3902 et
755 3846 1124 3903 aeternitatem
1162 3861 1328 3900 unam
1367 3862 1662 3916 perennem
1703 3856 1873 3918 atque
1910 3857 2064 3905 temo

461 3953 563 4008 pus
601 3952 714 3992 non
800 3935 1020 3993 elabcns
1089 3937 1304 3994 habens
1349 3937 1539 4003 Deum,
1581 3939 1810 3995 firmiter
1844 3949 1899 3997 et
1925 3944 2050 3996 abs-

457 4045 565 4100 que
607 4028 996 4084 vicissitudine
1031 4029 1086 4082 in
1125 4029 1247 4101 ipso
1280 4029 1639 4099 obfirmatur;
1670 4064 1739 4071 —
1770 4033 2051 4104 quomodo

457 4119 603 4175 enim
653 4110 970 4175 confideret.
1019 4121 1074 4174 in
1125 4119 1212 4175 his
1255 4122 1348 4192 qui
1400 4121 1606 4176 abeunt
1663 4133 1718 4178 et
1774 4123 1887 4194 jam
1938 4140 2048 4181 non

457 4213 629 4268 sunt?
652 4241 720 4251 —
753 4211 863 4266 Nec
901 4212 957 4267 in
990 4206 1343 4269 venientibus
1376 4213 1636 4269 fiduciam
1663 4214 1833 4269 habet
1867 4224 1920 4271 et
1954 4231 2050 4287 ap-

458 4304 975 4375 prOpinquantibus,
1023 4304 1208 4360 sciens
1254 4305 1402 4375 quod
1476 4306 1690 4375 pariter
1738 4287 1864 4360 cum
1925 4307 2048 4377 ipso

458 4395 571 4450 haec
602 4395 781 4459 ibunt,
818 4394 1136 4449 transibunt
1167 4402 1226 4448 et
1257 4409 1533 4465 nusquam
1567 4403 1755 4450 erunt.
1785 4396 1890 4460 Qui
1913 4411 2049 4467 ergo

455 4484 680 4542 confidit
715 4485 771 4538 in
811 4483 935 4538 istis
964 4491 1020 4537 et
1054 4491 1268 4553 sperat.
1323 4485 1465 4538 sciat
1499 4498 1561 4537 se
1610 4484 1666 4538 in
1712 4483 1881 4539 ﬂuvio
1918 4501 2049 4556 pro-

455 4573 657 4628 fluente
685 4572 967 4626 confidere
1011 4569 1162 4640 quod
1209 4585 1431 4640 semper
1463 4580 1718 4626 movetur
1748 4581 1804 4627 et
1847 4577 2048 4630 transit

455 4678 559 4719 nec
591 4677 832 4732 unquam
892 4661 1108 4716 firmum
1143 4675 1371 4716 manere
1415 4669 1642 4730 potest;
1679 4679 1872 4718 verum
1917 4682 2042 4722 cum

455 4754 566 4810 duo
598 4754 716 4808 lucc
746 4754 860 4809 sint
886 4755 1029 4810 inter
1062 4769 1184 4824 quae
1214 4753 1600 4825 appretiantur
1630 4755 1834 4811 bonum
1853 4765 1905 4814 et
1933 4774 2041 4814 ma-

409 4861 416 4863 -
455 4845 592 4911 lum,
631 4844 843 4914 justum
874 4854 930 4900 et
962 4844 1255 4913 injuslum,
1291 4845 1460 4900 vitam
1489 4845 1614 4900 dico
1649 4852 1702 4900 et
1718 4857 2044 4915 sermonem,

454 4943 549 4989 aut
579 4935 820 5005 praxim,
847 4942 904 4990 et
932 4935 1359 5006 theoriam,’par
1390 4936 1526 4991 mihi
1573 4938 1803 5006 malum,
1833 4941 2038 5012 inquit,

451 5026 565 5082 vita
599 5032 653 5080 et
691 5025 906 5096 loquela
957 5024 1282 5080 criminosa.
1316 5024 1530 5081 Etenim
1578 5026 1690 5082 vita
1718 5027 1936 5099 impura
1985 5039 2040 5087 et

452 5114 727 5170 scelerata
803 5122 858 5169 et
914 5129 1147 5171 manens
1220 5116 1587 5174 correctionis
1646 5118 1900 5190 incapax,
1981 5121 2036 5176 in

451 5206 696 5260 haereses
739 5205 999 5261 mortales
1060 5213 1115 5262 et
1172 5223 1457 5266 sermones
1527 5210 1936 5267 contaminatos
1981 5220 2037 5268 et

450 5295 825 5367 hlasphemias
853 5297 1169 5369 praecipitat
1195 5308 1537 5371 peccantem.
1571 5301 1638 5357 Et
1667 5317 1849 5357 sermo
1869 5317 1899 5356 a
1932 5303 2039 5360 fide

450 5386 756 5453 deducens,
791 5389 1020 5445 haeresis
1048 5390 1231 5447 fautor
1279 5392 1347 5447 ad
1388 5391 1844 5449 scelestissimam
1894 5395 2037 5463 rapit

448 5480 642 5535 vitam.
695 5480 754 5535 In
817 5497 1149 5554 quocunque
1205 5485 1405 5540 horum
1466 5493 1785 5557 perseveret
1835 5485 2038 5557 aliquis

447 5572 802 5643 eomplacens
833 5574 937 5630 sibi
979 5586 1384 5646 consequenter
1407 5576 1545 5632 etin
1580 5577 1815 5650 alterum
1851 5577 2032 5636 cadet.

447 5657 784 5719 Contumelia
801 5681 922 5721 eum
955 5667 1042 5738 qui
1071 5667 1314 5737 impurus
1333 5674 1439 5734 est,
1474 5677 1528 5722 et
1559 5682 1679 5738 seq.

520 5749 678 5805 Sient
705 5769 842 5822 pura
873 5771 1106 5828 corpora
1139 5765 1194 5811 et
1239 5763 1431 5813 sancta
1459 5757 1529 5812 ad
1560 5768 1755 5815 saneta
1790 5767 1844 5816 et
1892 5776 2034 5831 pura

451 5839 707 5898 accedere
736 5853 950 5914 oportet
972 5854 1026 5904 et
1057 5847 1236 5905 sacris
1260 5839 1412 5920 fungi
1447 5849 1663 5918 ciliciis,
1698 5851 1779 5908 sic
1806 5861 2024 5925 oportet

1849 379 2146 440 NICETAS
2211 378 2420 436 DAVID

3674 383 3778 442 780

2180 493 2552 568 πτερουμένου
2603 496 2928 568 προσευχαῖς
2951 536 2966 561 ,
3017 494 3106 550 διὰ
3149 495 3328 570 ψυχῆς
3376 496 3472 554 καὶ
3526 498 3782 572 σώματος

2181 587 2484 658 ἐγκρατοῦς
2523 588 2617 642 καὶ
2660 587 2923 659 ἀϐαροῦς,
2959 589 3047 644 ’ίνα
3092 589 3168 660 μὴ
3207 590 3283 655 ὡς
3319 592 3450 656 ναῦς
3496 593 3638 662 ἄγαν
3681 595 3780 660 τάς

2179 677 2313 741 ὕλας
2338 677 2430 730 τοῦ
2459 676 2666 748 κόσμου
2699 677 2792 730 καὶ
2830 677 2899 731 τά
2939 677 3078 750 βάρη
3121 677 3230 732 τῶν
3259 679 3557 752 ἀγωγίμων
3585 682 3780 736 παθῶν

2179 769 2612 841 πεφορτισμὲνη,
2644 767 2876 840 ἑτοίμως
2919 772 3041 833 ταῖς
3093 769 3387 844 ἁμαρτίαις
3431 772 3511 835 είς
3547 771 3778 828 θάνατον

2177 861 2499 917 καταδύοιτο
2557 860 2653 914 καὶ
2704 859 3171 924 καταποντίζοιτο.
3211 861 3383 916 Τοῦτο
3419 862 3519 934 μὲν
3558 863 3779 936 πρῶτον

2178 953 2546 1025 παράγγελμα
2569 953 2876 1024 γνωμικόν’
2900 953 3172 1026 δεύτερον,
3213 955 3300 1008 ἀεὶ
3344 955 3453 1027 πρὸ
3484 956 3778 1028 ὀφθαλμῶν

2175 1042 2320 1114 ἔχειν
2352 1041 2443 1095 τὸν
2475 1041 2703 1096 θάνατον
2736 1045 3049 1114 παρεγγυᾷ,
3085 1043 3178 1096 καὶ
3201 1042 3276 1107 ὡς
3297 1043 3465 1098 αὐτοῦ
3495 1045 3776 1118 παρεστῶ-

2175 1151 2268 1198 τος
2298 1132 2706 1206 μιμνήσκεσθαι
2737 1133 2825 1188 διὰ
2855 1134 3073 1198 παντός.
3107 1134 3265 1189 Οὕτω
3293 1134 3424 1210 γὰρ,
3460 1139 3644 1208 φησιν,
3678 1139 3773 1193 αύ-

2173 1226 2266 1290 τός
2297 1242 2357 1278 τε
2394 1225 2865 1297 μνημονευόμενος
2898 1225 3176 1291 ἐξασθενεί
3207 1228 3304 1281 καὶ
3351 1229 3417 1282 σὺ
3458 1228 3518 1282 οὐ
3562 1229 3776 1301 φρικτῷ

2173 1317 2348 1389 τούτῳ
2399 1316 2522 1370 οὐδέ
2570 1316 2782 1389 φοϐερῷ
2833 1317 2927 1370 καὶ
2978 1317 3240 1388 χαλεπῷ,
3287 1317 3402 1372 ἀλλ’
3452 1319 3636 1390 ἥττονι
3685 1321 3778 1376 καὶ

2173 1410 2367 1482 ἡμέρῳ
2416 1408 2790 1480 ἀντιϐολήσεις
2837 1409 2930 1464 καὶ
2983 1408 3131 1480 ἡδεῖ·
3179 1409 3362 1482 τρίτον
3385 1449 3400 1476 ,
3451 1412 3560 1476 ἀεὶ,
3615 1413 3770 1483 φησι,

2172 1500 2299 1556 ναὸν
2332 1500 2412 1573 τῷ
2435 1499 2554 1572 Θεῷ
2581 1500 2672 1555 τδν
2713 1501 2804 1556 σὺν
2845 1499 3220 1566 κατασκεύαζε
3252 1501 3398 1567 νοῦν,
3447 1503 3542 1556 καὶ
3590 1504 3771 1574 σῶμα,

2172 1592 2267 1645 καὶ
2314 1591 2492 1664 ψυχὴν
2539 1593 2607 1646 δι’
2656 1591 2981 1665 εἰλικρινοῦς
3027 1593 3266 1658 πίστεως
3312 1594 3409 1648 καὶ
3461 1595 3627 1662 ἀξίων
3671 1597 3771 1667 τῆς

2172 1680 2410 1745 πίστεως
2451 1681 2630 1752 ἔργων
2673 1680 2874 1752 δηλαδή
2897 1698 2911 1710 ·
2961 1679 3106 1734 οὕτω
3146 1679 3255 1752 γάρ
3299 1680 3366 1734 ἂν
3413 1681 3576 1734 αὐτὸν
3625 1680 3775 1735 ἔνδον

2169 1771 2272 1842 τῆς
2320 1771 2422 1843 σῆς
2466 1771 2611 1843 ἔχοις
2659 1772 2891 1841 καρδίας
2949 1773 3248 1845 στήριγμα,
3308 1774 3637 1846 κραταίωμα
3679 1775 3770 1828 καὶ

2163 1863 2364 1934 θάρσος
2414 1864 2580 1934 μέγα.
2634 1864 2779 1936 Πρὸς
2823 1864 3036 1928 τούτοις
3065 1864 3234 1934 γνῶθι
3286 1866 3530 1932 σεαυτὸν,
3567 1860 3613 1920 ὧ
3647 1867 3766 1937 βέλ-

2167 1972 2341 2024 τιστε,
2368 1957 2462 2010 καὶ
2490 1957 2566 2028 μὴ
2600 1956 2804 2026 ἀγνόει,
2839 1957 2922 2011 ὃτι
2960 1959 3026 2011 ὲκ
3054 1956 3148 2010 τοῦ
3185 1956 3320 2010 Θεοῦ
3357 1959 3453 2012 καὶ
3493 1958 3635 2012 κατά
3672 1958 3769 2028 τὴν

2170 2047 2384 2101 ἐκείνου
2424 2049 2609 2102 εἰκόνα
2663 2046 3020 2120 δωπλάσθης·
3077 2048 3174 2102 καὶ
3221 2032 3574 2116 ἐπιγίνωσκε,
3621 2048 3766 2109 ὅστις

2161 2139 2416 2212 ἐτύχθης,
2450 2140 2533 2194 ὅτι
2568 2139 2854 2210 ἄνθρωπος
2891 2140 3140 2208 γέγονας,
3175 2140 3270 2194 καὶ
3303 2141 3365 2193 ού
3408 2139 3562 2203 Θεὸς,
3597 2139 3765 2210 γῆθεν

2164 2231 2264 2299 μὲν
2307 2229 2565 2302 ληφθείςο
2620 2229 2758 2302 σάρξ
2815 2231 2952 2302 γάρ’
3007 2229 3189 2284 θεόθεν
3244 2230 3300 2284 δὲ
3365 2231 3754 2302 ἐμπνευσθείς·

2160 2322 2386 2395 πνεῦμα
2423 2323 2553 2394 γάρ.
2585 2322 2756 2376 Τοῦτο
2801 2319 2894 2378 οὗν
2927 2322 3102 2389 εἰδὼς,
3151 2324 3246 2378 καὶ
3287 2323 3378 2378 τὸν
3411 2323 3664 2394 Πλάστην
3687 2341 3764 2378 τιο

2163 2419 2358 2489 μήσεις
2383 2416 2472 2470 διά
2495 2416 2594 2488 τὴν
2623 2417 2803 2488 χάριν,
2830 2415 2925 2469 καὶ
2959 2415 3056 2486 τὴν
3099 2414 3332 2488 ἔπαρσιν
3363 2415 3534 2489 φεύξῃ
3557 2416 3648 2470 διὰ
3675 2415 3768 2469 τὸν

2160 2506 2322 2578 χοῦν·
2387 2506 2530 2562 οὓτω
2575 2506 2634 2560 δὲ
2683 2505 3108 2577 ταπεινούμενος
3152 2505 3253 2578 μὲν
3297 2505 3476 2573 αὐτὸς,
3504 2506 3581 2571 ὡς
3613 2503 3762 2570 ἄξιόν

2160 2601 2332 2664 ἐστιν,
2370 2599 2532 2669 ὑψῶν
2553 2598 2610 2652 δέ
2635 2597 2727 2652 τὸν
2770 2597 3087 2670 εὐεργέτην,
3118 2597 3272 2669 ῥᾷστ’
3301 2597 3367 2653 ἂν
3409 2597 3504 2651 τοῦ
3538 2596 3761 2668 ἀρχετύ⁶

2159 2706 2263 2743 που
2300 2691 2764 2762 κατευστοχὴσαις
2815 2689 3006 2756 καλοῦ,
3054 2689 3252 2761 πράξει
3291 2689 3390 2760 μὲν
3438 2690 3633 2744 ἐαυτὸν
3666 2705 3759 2744 τα-

2161 2781 2387 2847 πεινῶν,
2423 2780 2627 2855 θεωρίᾳ
2654 2783 2710 2836 δὲ
2737 2782 2828 2837 τὸν
2863 2781 3100 2854 Ποιητὴν
3130 2781 3280 2853 ὑψῶν
3301 2781 3395 2836 καὶ
3423 2781 3674 2855 θεωρῶν.

2159 2906 2194 2962 9
2221 2902 2412 2977 Ἦμαρ
2441 2907 2533 2962 ἐπ’
2562 2905 2723 2979 ἦμαρ
2755 2909 2884 2978 ἄγει
2907 2924 3004 2976 σε,
3036 2917 3140 2964 etc.

2242 3017 2480 3090 Ἐκάστη
2518 3019 2701 3090 ἡμέρα
2752 3017 2986 3084 διιοῦσα,
3020 3023 3087 3092 τῇ
3121 3019 3352 3092 ἐπιούσῃ
3395 3022 3667 3093 προσάγει
3692 3038 3752 3078 σε

2157 3110 2363 3183 ἡμέρᾳ.
2401 3111 2595 3175 Ὅστις
2655 3106 2748 3164 οὖν
2779 3099 3013 3184 ἐλαφρὸς
3045 3112 3140 3165 καὶ
3185 3110 3439 3175 ἀϐέϐαιος
3472 3112 3627 3167 πέλει
3660 3113 3752 3167 τὸν

2158 3201 2286 3256 νοῦν
2312 3200 2407 3254 καὶ
2451 3199 2694 3272 ἀπαγὴς,
2728 3196 2818 3256 οἵά
2831 3221 2883 3255 τι
2918 3201 3075 3267 ξύλον
3102 3201 3302 3271 κοῦφον
3339 3202 3432 3255 ἐπὶ
3463 3200 3750 3257 θαλαττίου

2158 3293 2405 3366 κύματος
2429 3294 2739 3349 κυλίνδεται
2763 3297 2860 3349 καὶ
2888 3296 3274 3368 μεταφέρεται,
3299 3295 3473 3350 ἄλλοτ’
3499 3295 3588 3350 ἐπ’
3614 3296 3757 3350 ἄλλα

2157 3387 2407 3456 νοήματα
2447 3386 2846 3458 μεθιστάμενος
2877 3387 2972 3441 καὶ
2993 3389 3296 3461 πράγματα
3317 3405 3332 3419 ο
3363 3388 3420 3451 ὃς
3447 3387 3630 3459 μέντοι
3651 3389 3743 3442 εύ-

2155 3481 2325 3548 παγεϊ
2353 3479 2448 3532 καὶ
2474 3478 2670 3551 βεϐαίᾳ
2693 3479 2886 3552 γνώμῃ
2920 3480 2995 3545 ὡς
3027 3481 3201 3553 πέτρᾳ
3224 3478 3300 3552 τῷ
3324 3479 3462 3549 λόγῳ
3493 3479 3590 3548 τῆς
3605 3478 3740 3550 ἀλη-

2158 3569 2308 3632 θείας
2340 3571 2550 3640 ἵδρυται
2580 3571 2674 3624 καὶ
2701 3570 2969 3643 πέπηγεν,
3009 3572 3200 3628 ἄλυτον
3233 3572 3460 3644 ἔχεικαὶ
3495 3571 3744 3628 ἐστῶσῖν

2156 3665 2214 3716 ἐν
2240 3661 2417 3734 ἑαυτῷ
2473 3663 2705 3734 ἡμέραν,
2760 3663 2828 3717 τά
2872 3663 3189 3736 ἀνθρώπινα
3223 3663 3320 3734 μὲν
3358 3665 3490 3735 ῥεῖν,
3524 3663 3596 3727 ὡς
3623 3661 3745 3717 ἐθέ-

2153 3753 2325 3820 λουσι,
2356 3756 2507 3810 κάτω
2541 3757 2781 3829 παριεὶς,
2817 3758 2976 3823 αὐτὸς
3004 3759 3058 3812 δὲ
3088 3757 3182 3811 καὶ
3214 3756 3429 3829 ἡμέραν
3457 3759 3588 3830 μίαν
3616 3759 3744 3814 (ici-

2153 3845 2339 3898 λευτον
2384 3845 2526 3917 ὑπὲρ
2563 3847 2811 3916 χιλιάδας
2841 3846 2953 3901 τῶν
2979 3845 3336 3918 ἀνθρωπίνων
3371 3848 3617 3918 ἡμερῶν,
3651 3850 3746 3902 καὶ

2153 3935 2327 3990 αἰῶνα
2355 3936 2453 3989 ἕνα
2483 3937 2824 3990 ἀκατάλυτον
2861 3937 2956 3990 καὶ
2981 3937 3180 4008 χρόνον»
3199 3937 3465 4007 ἀρευστον
3494 3937 3632 4009 έχων
3653 3939 3743 3992 τὸν

2151 4023 2305 4090 Θεὸν,
2355 4024 2568 4093 παγίως
2622 4025 2888 4096 ἥδρασται
2944 4025 3040 4080 καὶ
3085 4025 3437 4096 ἀμεταθέτως
3470 4027 3528 4081 ἐν
3569 4027 3748 4099 αὐτῷ*

2154 4118 2293 4188 (πῶς
2322 4117 2430 4190 γὰρ
2455 4121 2566 4178 τοῖς
2585 4118 2898 4183 ἀπελθοῦσι,
2929 4117 3022 4172 καὶ
3048 4117 3244 4189 μηκέτι
3301 4113 3452 4172 οὖσιν
3467 4118 3506 4189 ;)
3539 4118 3661 4172 οὔτε
3685 4121 3740 4173 δὲ

2150 4212 2262 4272 τοῖς
2298 4209 2688 4281 ἐπερχομένοις
2723 4208 3139 4281 ἐπιστηρίζεται
3167 4212 3261 4264 καὶ
3287 4210 3552 4279 ἐπιοῦσιν,
3584 4213 3745 4278 εἰδὼς

2151 4301 2227 4364 ὡς
2254 4301 2541 4356 καὶταῦτα
2564 4303 2680 4372 ἅμα
2709 4319 2768 4354 τε
2801 4301 3082 4355 ἐλεύσεται
3122 4303 3216 4355 καὶ
3240 4302 3620 4372 ἀπελεύσεται,
3647 4305 3746 4359 καὶ

2149 4393 2333 4446 οὐκέτι
2374 4393 2546 4448 ἔσται.
2579 4393 2775 4448 Τοίνυν
2814 4396 2842 4447 ό
2887 4397 3000 4458 τοῖς
3046 4394 3306 4460 τοιούτοις
3339 4397 3617 4463 πεποιθὼς
3643 4399 3737 4454 καὶ

2150 4485 2502 4556 ὲπηλπικὼς,
2545 4486 2679 4540 ἴστω
2738 4486 2973 4558 ῥεύματι
3032 4489 3284 4560 ποταμίῳ
3334 4491 3736 4556 πεπιστευκὼς,

2149 4575 2236 4629 ἀεὶ
2291 4575 2390 4647 μὲν
2445 4578 2752 4647 κινουμένῳ
2808 4577 2902 4630 καὶ
2941 4577 3374 4650 παρερχομένῳ,
3442 4580 3564 4634 οὐδέ
3607 4597 3734 4636 ποτε

2147 4666 2503 4738 στηριχθῆναι
2549 4666 2851 4738 δυναμένῳ.
2893 4669 3049 4722 Δυοῖν
3081 4667 3138 4721 δὲ
3159 4667 3365 4723 τούτων
3407 4670 3606 4735 ὄντων,
3655 4666 3741 4734 οἷς

2143 4757 2172 4812 ὃ
2201 4775 2258 4811 τε
2289 4758 2492 4828 ἀγαθὸς
2547 4757 2640 4811 καὶ⁸
2672 4759 2864 4824 κακδς,
2913 4759 2941 4812 ὅ
2983 4777 3041 4812 τε
3071 4759 3281 4824 δίκαιος
3337 4761 3432 4816 καὶ
3474 4765 3502 4817 ὁ
3551 4763 3732 4827 ἄδικος
3845 4747 3848 4749 λ

2143 4848 2632 4922 χαρακτηρίζεται,
2668 4848 2784 4919 βίου
2833 4850 2976 4921 φημὶ
3007 4843 3070 4915 δὴ
3100 4850 3195 4905 καὶ
3220 4850 3399 4922 λόγου,
3439 4855 3559 4926 ἦτοι
3589 4856 3729 4928 πράε-

2142 4941 2278 5009 ξεως
2308 4943 2403 4996 καὶ
2458 4931 2710 5015 θεωρίας,
2752 4941 2865 4994 ἶσον
2899 4941 3044 5012 ἐμοὶ,
3089 4943 3245 5025 φησῇ
3288 4946 3458 5000 κακὸν
3488 4947 3600 5018 βίος
3637 4950 3734 5002 καὶ

2139 5035 2299 5104 λόγος
2344 5033 2582 5106 ἀλιτρός.
2620 5035 2688 5085 '0
2731 5049 2790 5086 τε
2824 5033 2934 5105 γὰρ
2974 5034 3108 5105 βίος,
3163 5035 3473 5109 ἀκάθαρτος
3502 5038 3597 5104 ῶν,
3636 5041 3731 5093 καὶ

2144 5127 2361 5198 μιαρὸς,
2411 5125 2506 5179 καὶ
2555 5123 2733 5196 μένων
2788 5125 3136 5198 ἀδιόρθωτος,
3169 5129 3250 5192 εἰς
3271 5129 3547 5194 ἀπωλείας
3575 5133 3727 5205 αἱρέ-

2143 5235 2256 5282 σεις
2284 5215 2383 5271 καὶ
2406 5214 2600 5285 λόγους
2652 5217 2866 5285 ἐναγεῖς
2904 5219 2999 5271 καὶ
3049 5218 3404 5290 βλασφήμους
3451 5224 3732 5278 ὑπολισθεί

2137 5310 2229 5363 τὸν
2256 5307 2640 5380 ἁμαρτάνοντα
2667 5324 2678 5337 ’
2699 5308 2727 5361 ὃ
2746 5325 2805 5360 τε
2840 5309 3020 5378 λόγος,
3042 5311 3142 5382 τῆς
3173 5312 3408 5378 πὶστεως
3426 5314 3726 5389 ἐξεστραμρ

2141 5402 2320 5474 μένος,
2358 5401 2452 5454 καὶ
2497 5400 2825 5472 αἱρεσιὼτης
2886 5403 2986 5469 ῶν,
3030 5406 3112 5469 είς
3169 5405 3572 5476 μυσαρῶτατον
3607 5408 3726 5482 βίον

2137 5493 2414 5563 κατασπᾷ.
2481 5491 2762 5563 ὐποτέρῳ
2815 5489 2910 5548 οὖν
2967 5495 3174 5550 τούτων
3203 5513 3287 5560 τις
3317 5498 3569 5569 ἐπιμένοι
3596 5517 3727 5555 συν-

2135 5583 2415 5657 ηδόμενος,
2444 5580 2755 5646 ἀκολούθως
2783 5585 2882 5638 καὶ
2909 5585 2986 5658 τῷ
3010 5589 3184 5660 ἑτέρῳ
3208 5591 3524 5660 περιπέσοι.
3617 5610 3624 5618 ·

2139 5678 2329 5747 Ὕϐρις
2355 5675 2622 5744 ἄναγνον
2647 5674 2848 5744 ἐόντα,
2867 5696 2922 5734 κ.
2945 5696 2996 5734 τ.
3021 5680 3072 5733 ἐ.

2207 5769 2418 5838 Ὥσπερ
2441 5764 2508 5820 τὰ
2536 5763 2752 5836 καθαρά
2786 5767 3013 5840 σώματα
3041 5771 3136 5824 καὶ
3162 5771 3291 5840 am
3319 5774 3434 5838 τοῖς
3458 5776 3718 5849 καθαροῖς

2133 5861 2228 5916 καὶ
2251 5858 2428 5929 ἁγίοις
2457 5857 2741 5929 προσιέναι
2762 5860 2868 5931 χρὴ
2895 5863 2986 5917 καὶ
3018 5861 3368 5936 λειτουργεῖν,
3391 5863 3564 5932 οὕτως
3587 5865 3718 5921 ἀκό-
