4082 6404
537 420 637 475 781

528 535 722 588 λουθον
753 534 847 586 καὶ
876 532 1080 604 βέϐηλα
1131 530 1538 602 ὑπηρετεῖσθαι.
1572 532 1769 603 ’Ὕϐρις
1806 528 1922 598 οὖν,
1960 532 2117 604 φησὶ,

530 628 629 681 καὶ
698 625 894 696 ἀτιμία
947 624 1084 678 Θεοῦ
1128 625 1217 676 τὸν
1272 624 1492 694 ἀνάγνῳ
1550 623 1830 694 χρώμενον
1880 624 1980 694 βίῳ
2027 625 2120 678 καὶ

533 718 930 788 ἐϐδελυγμένον
962 719 1074 780 τοῖς
1115 715 1280 779 θείοις
1322 717 1757 786 προσήγγικέναι
1786 718 1879 768 καὶ
1909 717 2120 786 ἱερουρ-

533 814 695 881 γεῖν·
738 809 928 862 τούτου
980 807 1038 861 δὲ
1085 807 1385 878 δεινότερον
1426 806 1644 861 ἅπαντα
1695 807 1904 877 νεκρῶν
1960 807 2123 860 εὐλα-

531 904 746 958 ϐεῖσθαι
794 901 1045 971 λείψανα,
1099 901 1243 953 τοῦτ’
1289 900 1436 953 ἐστιν
1467 901 1630 970 ἁγνὸν
1672 901 1801 954 ὅντα
1824 943 1839 966 ,
1877 901 2123 973 βεϐήλοις

532 999 634 1052 καὶ
653 995 951 1069 αἰρετικοῖς
982 991 1254 1063 πρόφασιν
1288 992 1573 1056 εὐλαϐείας
1601 991 1959 1063 σεϐαζόμενον
1987 993 2120 1045 ὑπο-

537 1087 983 1149 κατακλίνεσθαι,
1040 1087 1136 1139 καὶ
1184 1086 1397 1153 νεκροῖς
1422 1079 1575 1137 οὖσιν
1611 1085 2003 1150 ἐπικοινωνεῖν,
2030 1086 2123 1139 τοῦ

537 1182 810 1254 προτέρου
835 1177 1137 1250 δεινότερον
1177 1174 1272 1230 καὶ
1299 1175 1662 1246 ἀτοπώτερον.

618 1357 688 1413 17
712 1357 957 1411 Ἵστασο
981 1353 1202 1423 μήποθ’
1227 1352 1388 1408 ὁδοῖο
1417 1351 1640 1416 καλῶν,
1670 1369 1724 1407 κ.
1743 1370 1794 1406 τ.
1826 1353 1903 1418 ἐξ.

624 1449 743 1502 Ἐπ’
769 1446 936 1508 ἄλλας
984 1445 1191 1516 μέτεισι
1227 1443 1452 1515 γνώμας
1475 1446 1503 1498 ὁ
1551 1443 2125 1514 ἱεροτελεστικώτατος

538 1541 700 1612 ἀνὴρ,
740 1539 951 1610 μήποτε
986 1537 1178 1608 στῆναι
1205 1535 1313 1590 τῶν
1344 1535 1522 1590 καλῶν
1551 1535 1728 1605 ἔργων
1760 1535 1879 1589 ὁδοῦ
1914 1555 2124 1608 παρεγ-

542 1631 711 1701 γυῶν,
749 1629 868 1683 ἀλλ’
893 1627 1199 1697 ἀεικίνητον
1225 1623 1363 1680 εῖναι
1399 1626 1534 1698 πρὸς
1558 1626 1626 1680 τὰ
1669 1627 1939 1698 εύὰρεστα
1967 1628 2085 1699 θεῷ
2107 1647 2122 1660 ⁸

540 1721 710 1775 κακὸν
742 1720 801 1773 δὲ
842 1714 980 1771 εῖναι
1026 1717 1086 1770 τὸ
1137 1716 1327 1788 ἕρπειν
1365 1717 1445 1780 εἰς
1490 1715 1669 1786 βυθὸν,
1715 1717 1863 1770 τοῦτ’
1913 1717 2026 1771 ἐστι
2066 1719 2127 1772 τὸ

544 1811 934 1867 συνελκύεσθαι
971 1813 1082 1873 τοῖς
1117 1808 1479 1881 ἁμαρτωλοῖς.
1515 1809 1608 1861 καὶ
1637 1810 1752 1872 τοῖς
1784 1808 1882 1880 τὴν
1911 1809 2127 1864 ἀδικίαν

543 1903 933 1976 ἐργαζομένοις
967 1900 1418 1955 συναπόλλυσθαι.
1455 1901 1571 1953 Ἵνα
1602 1901 1658 1954 δὲ
1697 1901 1771 1973 μὴ
1794 1901 1978 1974 λέγῃς,
2011 1903 2128 1967 πῶς

549 1994 616 2048 τὸ
651 1993 724 2065 μὴ
769 1993 953 2063 στῆναι
990 1991 1091 2062 τῆς
1127 1989 1248 2044 ὁδοῦ
1292 1988 1599 2060 παραινῶν,
1642 1989 1702 2041 οὐ
1749 1989 1809 2041 τὸ
1846 1989 2146 2061 ἀνίδρυτονε

548 2081 710 2150 αὖθις
740 2083 836 2138 καὶ
867 2083 1096 2138 ἄστατον
1129 2080 1427 2152 νομοθετεῖ,
1455 2079 1735 2149 ἐπήγαγεν
1759 2078 1921 2142 εὐθύς
1947 2095 1963 2109 ·

544 2268 647 2323 Σοὶ
680 2265 921 2331 στάσις,
951 2263 1122 2325 ὅστις
1143 2259 1308 2326 ἔϐης,
1341 2275 1394 2311 κ.
1429 2275 1482 2311 τ.
1515 2257 1593 2323 ἐξ.

613 2358 785 2412 Τοῦτο
817 2355 1005 2417 στάσις
1034 2349 1313 2420 ἐπαινετὴ,
1344 2347 1503 2402 τοῦτο
1525 2348 1731 2419 ἵδρυσις
1753 2347 1810 2399 ἐν
1833 2344 1918 2413 τῷ
1940 2343 2129 2416 ἀγαθῷ

541 2451 638 2507 καὶ
676 2437 833 2522 μονὴ,
867 2445 929 2499 τὸ
961 2444 1118 2507 ἐκτὸς
1176 2443 1274 2513 τῆς
1313 2440 1511 2502 κακίας
1544 2438 1834 2508 γενόμενον
1862 2435 2129 2508 ήδράσθαι

439 2579 442 2581 .
542 2543 622 2614 τῷ
646 2539 819 2611 καλῷ,
866 2538 962 2592 κο.)⁸
1007 2533 1336 2605 έδρασθέντα
1392 2531 1661 2602 μηδέποτε
1702 2529 1913 2598 στῆναι,
1953 2528 2130 2581 εῐτουν

543 2631 872 2700 ὲκκακῆσαι,
928 2626 1102 2679 ποιεῖν
1157 2622 1216 2675 τὸ
1267 2619 1493 2688 ἀγαθόν.
1545 2617 1780 2687 Τυρλὸς
1823 2616 1996 2685 ὀρῶν.
2037 2619 2131 2669 Δο-

545 2725 633 2778 κεῖ
659 2721 774 2794 (76)
810 2719 943 2790 ὁρᾷν
996 2714 1075 2785 τῷ
1104 2711 1420 2784 ὀφθαλμοὺς
1467 2709 1611 2782 ἔχειν
1655 2709 1884 2775 οἴεσθαι,
1917 2707 2132 2780 ἀληθῶς

539 2814 598 2868 δὲ
629 2811 830 2881 τυφλός
885 2811 1056 2870 ἐστιν,
1095 2805 1155 2868 ὃς
1193 2805 1290 2875 τῆς
1324 2803 1460 2867 ἰδίας
1499 2801 1696 2862 κακίας
1731 2800 1825 2853 καὶ
1857 2800 2131 2871 ἁμαρτίας

542 2905 632 2960 τὸν
667 2903 886 2974 ὄλεθρον
910 2899 1011 2970 οὐχ
1041 2895 1152 2959 οἷός
1180 2896 1240 2949 τέ
1261 2898 1376 2948 ἐστι
1401 2895 1684 2947 κατανοεῖν
1706 2908 1719 2922 ο
1743 2890 1861 2954 πῶς
1891 2891 1935 2944 δ’
1958 2891 2024 2945 ἀν
2050 2908 2133 2953 τις

543 2995 639 3048 καὶ
672 2991 1092 3060 καταθεωρήσαι
1137 2986 1349 3042 τουτονὶ
1401 2985 1500 3056 τῆς
1541 2983 1718 3054 ψυχῆς
1747 2981 1840 3036 τὸν
1875 2981 2128 3049 Θάνατον,

543 3088 639 3140 ἐὰν
662 3084 739 3156 μὴ
755 3082 1019 3154 πρότερον
1071 3078 1184 3150 εἰδῇ
1215 3076 1505 3149 μαστεύειν
1538 3076 1634 3128 καὶ
1680 3073 2004 3145 ἐξιχνιὰζειν
2032 3072 2126 3127 τοῦ

545 3173 738 3250 νοητοῦ
787 3174 952 3245 θηρὸς
984 3171 1018 3244 ἢ
1052 3171 1301 3225 διαϐόλου
1346 3169 1416 3223 τὰ
1469 3169 1742 3240 νοήματα,
1794 3167 1889 3221 καὶ
1920 3170 2129 3238 νοεροτς

547 3271 811 3340 Εμμασιν,
846 3265 1010 3336 ἤγουν
1054 3263 1324 3335 κρυπταῖς
1361 3259 1636 3330 θεωρίαις,
1663 3257 2130 3330 προκαταλαμϐά-

545 3374 660 3414 νειν
702 3355 868 3411 αὐτοῦ
915 3354 1015 3418 τὰς
1072 3353 1296 3424 ἐνέδρας
1335 3350 1431 3404 καὶ
1462 3348 1560 3412 τὰς
1594 3347 1860 3418 φυλακὰς,
1895 3346 2039 3401 κατά
2067 3347 2129 3401 τὸ

542 3449 744 3519 λόγιον,
771 3447 867 3502 καὶ
903 3444 1047 3500 οὕτω
1074 3441 1460 3514 διακρούεσθαι
1481 3440 1646 3494 αὑτοῦ
1675 3439 1772 3504 τάς
1802 3438 2128 3507 ὲπιϐουλάςς

543 3540 617 3592 Σὺ
641 3539 822 3592 τοίνυν
844 3539 873 3590 ὁ
893 3533 1077 3607 ἰατροῦ
1108 3534 1202 3586 ἐπὶ
1228 3533 1341 3596 τοῖς
1371 3531 1569 3586 πάθεσι
1596 3531 1694 3600 τῆς
1729 3529 1908 3600 ψυχῆς
1923 3530 2133 3584 ἐπιδεύ-

543 3648 728 3704 μενος,
795 3627 890 3682 ἐὰν
930 3624 1334 3696 κατακρύπτων
1390 3619 1749 3694 κατακρύψῃς
1779 3619 1942 3685 αὐτὰ,
1972 3621 2131 3676 ἐπαι-

1571 416 1636 472 ΙΝ
1675 415 1978 472 CARMINA
2005 415 2286 473 ARCANA
2325 416 2382 472 S.
2424 416 2774 475 GREGORII.

3700 417 3804 472 782

2231 531 2497 588 famulum
2530 543 2584 589 et
2625 535 2854 605 profana
2888 536 3220 591 ministrare.
3260 535 3607 591 Contumelia
3647 553 3800 607 ergo,

2229 621 2426 692 inquit,
2457 633 2512 679 et
2539 625 2776 682 dedecus
2809 625 2902 679 Dei
2933 642 3056 680 eum
3097 627 3192 697 qui
3227 627 3498 697 impuram
3531 628 3668 682 solet
3712 628 3806 682 de-

2228 729 2356 784 gere
2382 715 2550 769 vitam
2579 725 2634 772 et
2665 718 2758 788 qui
2787 717 3146 774 detestandus
3167 729 3271 784 est,
3295 717 3499 774 divinis
3523 718 3804 776 admoveri

2227 811 2282 856 et
2305 819 2458 859 sacra
2489 806 2800 875 conﬁcere;
2849 808 2945 864 sed
2978 809 3151 878 magis
3189 808 3525 863 horrendum
3549 817 3802 861 estcum-

2229 895 2350 951 dem
2366 895 2575 952 cunctis
2595 903 2927 951 mortuorum
2943 896 3028 966 pie
3041 897 3314 953 admoveri
3342 897 3578 968 reliquiis
3597 896 3676 952 :id
3700 907 3806 961 est.

2231 983 2509 1040 hominem
2548 984 2833 1041 innoxium
2859 1002 2982 1040 cum
3009 985 3257 1056 profanis
3285 996 3342 1043 et
3372 987 3652 1044 haereticis
3692 991 3808 1060 pic-

2231 1074 2361 1127 tatis
2408 1087 2578 1130 causa
2611 1083 2964 1132 venerantem
2992 1084 3346 1146 prosternere
3385 1092 3446 1133 se
3473 1085 3528 1133 et
3557 1094 3681 1132 cum
3704 1079 3811 1135 illis

2241 1163 2336 1232 qui
2405 1166 2612 1220 mortui
2674 1172 2807 1221 sunt
2873 1168 3284 1224 communicare
3364 1168 3698 1228 horrendius
3758 1183 3844 1237 ct,

2229 1253 2478 1312 insanius
2507 1263 2594 1312 est
2619 1271 2781 1326 quam
2809 1257 2954 1326 quod
2981 1273 3148 1328 supra
3172 1257 3539 1329 vituperatur.

2300 1343 2367 1398 l7
2399 1346 2688 1420 Nunquam
2707 1348 2966 1404 subsistas
3001 1351 3054 1404 in
3089 1350 3173 1404 via
3200 1351 3434 1417 virtutis,
3459 1359 3566 1407 etc.
3677 1419 3683 1424 Α

2300 1438 2382 1492 Ad
2410 1439 2548 1496 alias
2569 1441 2770 1497 transit
2799 1441 3498 1509 sententias,sanctissime
3525 1441 3813 1513 perfectus

2231 1528 2336 1594 vir,
2352 1543 2418 1585 ne
2451 1529 2708 1601 progredi
2749 1541 3000 1589 cessetur
3052 1532 3107 1586 in
3154 1533 3241 1587 via
3277 1533 3547 1588 bonorum
3581 1549 3810 1604 operum

2231 1620 2648 1687 commendans,
2681 1623 2777 1679 sed
2808 1629 2870 1677 ut
2912 1631 3177 1679 actuosus
3206 1639 3424 1694 semper
3474 1625 3710 1695 quisque
3737 1625 3814 1680 sit

2232 1707 2301 1762 ad
2331 1723 2395 1763 ea
2419 1725 2541 1779 qua:
2567 1710 2680 1766 Deo
2719 1712 2940 1781 placent
2966 1729 2982 1778 ;
3039 1713 3244 1767 malum
3276 1723 3460 1768 autem
3507 1714 3698 1770 dicens
3727 1729 3814 1768 re-

2233 1815 2364 1870 pere
2397 1801 2464 1855 ad
2491 1801 2700 1868 inﬁma,
2722 1803 2775 1857 id
2809 1811 2914 1870 est,
2959 1819 3152 1874 repere
3181 1820 3307 1860 cum
3335 1806 3723 1876 peccatoribus
3759 1817 3816 1862 et

2231 1905 2357 1945 cum
2385 1893 2747 1960 operantibus
2779 1893 3125 1965 iniquitatem
3172 1895 3337 1951 simul
3383 1897 3655 1952 commori
3707 1898 3811 1954 Sed

2230 1997 2300 2038 ne
2325 1982 2560 2053 obiicias
2587 2003 2600 2040 :
2634 1985 2914 2056 quomodo
2945 1986 3039 2056 qui
3092 2003 3160 2042 ne
3188 1987 3445 2058 progredi
3472 1999 3724 2046 cessetur
3758 1991 3812 2045 in

2230 2073 2315 2128 via
2357 2073 2632 2142 hortatur,
2697 2091 2806 2131 non
2852 2076 3055 2132 iterum
3107 2078 3173 2134 de
3205 2078 3420 2136 caduco
3469 2087 3528 2136 et
3566 2080 3813 2139 instabili

2229 2165 2573 2235 pronuntiat,
2605 2167 2788 2222 statim
2817 2165 2970 2222 addit
3004 2186 3018 2223 :

2230 2259 2547 2315 Constantia
2577 2270 2690 2327 tua,
2724 2262 2960 2334 quisquis
2995 2261 3216 2327 incedis,
3235 2271 3288 2318 et
3314 2278 3434 2334 seq.

2301 2348 2426 2406 ιιωο
2479 2353 2795 2408 constantia
2845 2353 3164 2422 laudabilis,
3211 2354 3326 2410 haec
3380 2354 3726 2411 conﬁrmatio
3761 2357 3814 2410 in

2231 2440 2378 2496 bono
2411 2450 2468 2498 et
2500 2443 2737 2508 mansio,
2774 2444 2823 2500 si
2855 2445 3066 2501 alienus
3097 2461 3128 2500 a
3166 2445 3379 2500 malitia
3406 2445 3585 2502 factus
3623 2446 3813 2504 ﬁrme-

2233 2540 2321 2587 tur
2337 2539 2392 2588 et
2414 2532 2660 2592 ﬁrmatus
2679 2551 3025 2608 nequaquam
3045 2545 3222 2594 cesset
3243 2546 3339 2593 aut
3360 2540 3602 2594 remittat
3621 2555 3652 2594 e
3670 2540 3817 2595 bono

2233 2622 2503 2678 faciendo.
2530 2645 2549 2678 ι
2574 2626 2768 2684 Caecus
2785 2629 3000 2684 videns.
3023 2647 3042 2682 ι
3067 2629 3266 2685 V'idere
3287 2629 3465 2686 credit
3489 2646 3554 2686 ex
3578 2646 3645 2686 eo
3670 2633 3817 2702 quod

2233 2715 2423 2791 oculos
2434 2717 2633 2772 habere
2657 2728 2886 2790 reputet,
2901 2717 2946 2773 is
2965 2726 3144 2774 autem
3157 2734 3284 2774 vere
3301 2737 3474 2777 caecus
3487 2729 3569 2778 est
3583 2722 3671 2792 qui
3689 2737 3818 2791 pro~

2234 2804 2365 2872 prize
2395 2807 2620 2863 malitiae
2646 2809 2966 2879 propriique
3008 2810 3220 2879 peccati
3267 2811 3486 2864 ruinam
3531 2812 3643 2865 non
3677 2813 3820 2866 valet

2234 2894 2568 2968 intelligere;
2605 2909 2660 2954 el.
2686 2901 2965 2970 quomodo
2999 2901 3142 2957 hanc
3181 2902 3380 2957 animae
3408 2909 3642 2958 mortem
3693 2918 3820 2958 eon-

2234 2987 2530 3054 sideraret,
2578 2990 2688 3046 nisi
2725 2992 2880 3061 prius
2918 2993 3132 3048 noverit
3171 3000 3459 3064 penetrare
3494 3003 3548 3048 et
3590 2993 3822 3050 investi-

2240 3095 2371 3150 gare
2395 3081 2700 3150 spiritualis
2735 3082 2946 3150 bestiae,
2979 3099 3076 3138 seu
3111 3083 3314 3138 diaboli
3350 3085 3733 3155 cogitationes,
3763 3094 3821 3140 et

2235 3171 2612 3240 spiritualibus
2677 3175 2886 3238 oculis,
2951 3189 3146 3245 nempe
3203 3177 3432 3231 secretis
3499 3176 3818 3232 meditatio-

2238 3262 2404 3318 nibus
2445 3263 2623 3334 ipsius
2658 3265 2890 3321 insidias
2942 3273 2998 3321 et
3042 3267 3260 3337 vigilias
3311 3268 3614 3338 praevenire
3660 3267 3819 3338 juxta

2236 3356 2603 3428 Scripturam,
2624 3369 2680 3414 et
2699 3359 2774 3413 ita
2801 3359 2978 3430 ipsius
3002 3361 3337 3416 tentationes
3352 3361 3559 3416 vitare?
3589 3360 3672 3416 Tu
3690 3377 3822 3432 ergo

2233 3448 2449 3505 medico
2477 3449 2531 3503 in
2564 3450 2760 3505 animae
2796 3452 3008 3507 morbis
3033 3467 3223 3522 egens,
3267 3452 3314 3509 si
3335 3452 3436 3509 hos
3464 3454 3651 3510 celans
3680 3455 3824 3508 cela-

2235 3537 2392 3592 veris
2419 3539 2672 3595 conﬁteri
2708 3539 2820 3596 Deo
2850 3543 3212 3607 erubescens,
3243 3559 3588 3616 nequaquam
3607 3547 3819 3611 peccati

2238 3627 2470 3686 fetorem
2511 3646 2540 3686 a
2572 3631 2739 3688 corde
2770 3640 2867 3688 tuo
2899 3633 3218 3705 dissipabis.

543 3721 870 3793 σχυνόμενος
921 3715 1359 3790 ἐξομολογεῖσθαι
1404 3713 1483 3786 τῷ
1526 3711 1666 3783 Θεῷ,
1697 3711 1882 3766 οὔποτ’
1923 3711 1989 3765 ἂν
2014 3713 2110 3786 τὴν
2136 3719 2236 3786 τῆς
2294 3723 2570 3795 ἁμαρτίας
2595 3724 2860 3780 δυσωδίαν
2898 3726 2998 3797 τῆς
3033 3727 3172 3791 ἰδίας
3201 3729 3428 3799 καρδίας
3452 3728 3817 3800 ἀποσμήξαιο.

542 3905 658 3971 Σός
687 3904 890 3974 λόγος,
919 3903 1098 3972 ἔργον
1125 3898 1307 3970 ἐμεῖο,
1342 3916 1396 3952 κ.
1421 3914 1474 3952 τ.
1499 3896 1579 3960 ἐξ.

617 3994 788 4050 Τοῦτο
822 3994 957 4066 πρὸς
986 3993 1078 4046 τὸν
1112 3991 1252 4045 Θεῖον
1275 3990 1432 4058 λόγον
1453 3987 1544 4041 τὸν
1569 3986 1666 4051 τὰς
1686 3986 1958 4058 σωτηρίας
1994 3988 2126 4059 ἡμῖν

541 4085 922 4157 ἐντελλόμενον
951 4082 1172 4139 ἀκούειν
1196 4083 1326 4155 χρή.
1354 4080 1454 4134 Σὺν
1479 4078 1578 4150 μὲν
1603 4074 1719 4143 οὖν,
1760 4071 1805 4131 ὦ
1833 4076 2028 4148 Κύριε,
2056 4079 2124 4132 τὰ

543 4175 863 4250 σωτηριὼδη
894 4176 1180 4248 παραινεῖν
1210 4172 1304 4227 καὶ
1341 4169 1673 4243 νομοθετεῖν,
1708 4168 1841 4240 ἐμὸν
1879 4167 1936 4222 δὲ
1951 4169 2019 4222 δι’
2043 4168 2127 4241 ἔρ-

541 4286 641 4339 γου
689 4268 960 4340 παριστᾷν
1021 4265 1218 4320 ταῦτα.
1249 4265 1345 4328 *ος
1397 4257 1512 4328 οὖν,
1545 4261 1696 4332 φησὶ,
1729 4261 1910 4315 καλῶν
1945 4261 2123 4333 ἔργων

540 4355 760 4431 ἀπορεῖ,
815 4358 1040 4430 εὐεπίην
1092 4357 1282 4428 ἐχέτω,
1336 4355 1487 4426 ῥῆμα
1535 4352 1837 4422 ἀπολογίας
1879 4353 2120 4422 ἀγαθὸν,

538 4448 1075 4520 ταπεινοφροσύνης,
1135 4446 1443 4519 μετανοίας,
1498 4442 1906 4511 ὑποπτὼσεως,
1969 4444 2125 4516 ῥῆμα

540 4542 692 4597 ἐλέου
722 4540 858 4594 Θεοῦ
891 4537 1277 4610 προκλητικὸν,
1317 4534 1643 4608 συμμαχοῦν
1685 4536 1767 4600 είς
1796 4536 2124 4608 συνηγορίαν

540 4637 674 4706 ἡμῖν
700 4633 794 4688 καὶ
821 4631 1139 4703 ἀμφίθετον,
1159 4630 1187 4683 ὃ
1211 4630 1326 4684 ἐστι
1343 4629 1480 4700 πρὸς
1504 4627 1790 4700 ἀμφότερα
1804 4627 2123 4699 συνεργοῦν,

541 4726 676 4797 πρός
705 4742 764 4778 τε
786 4724 886 4796 τὴν
908 4725 1006 4794 τῆς
1036 4723 1483 4792 ἀγανακτήσεως,
1527 4721 1625 4792 τῆς
1658 4720 1753 4772 ἐπὶ
1784 4721 1850 4790 τῇ
1881 4720 2128 4790 ἁμαρτίᾳ.

541 4818 867 4891 κινουμένης
887 4814 1240 4886 ἀποστροφὴν
1274 4814 1369 4868 καὶ
1393 4811 1530 4884 πρὸς
1558 4810 1657 4883 τὴν
1689 4809 1798 4864 τῶν
1822 4809 2128 4882 οἰκτιρμῶν

541 4910 652 4964 τῶν
673 4907 1036 4980 ύπεραγάθων
1059 4904 1418 4976 ἐπιστροφήν.

539 5002 614 5058 25
646 5001 950 5070 Ὑϐριστὴς
964 5001 1143 5067 κόρος
1175 4996 1368 5059 ἐστίν,
1396 5012 1449 5048 κ.
1482 5011 1531 5050 τ.
1563 4991 1641 5057 ἐξ.

623 5095 683 5148 '0
706 5094 866 5166 κόρος
901 5092 998 5165 μὲν
1018 5091 1128 5144 τῶν
1160 5106 1220 5142 τε
1257 5086 1567 5158 βρωμάτων
1595 5085 1690 5139 καὶ
1708 5085 2000 5158 χρημάτων
2029 5085 2124 5138 καὶ

539 5188 781 5252 πάντων,
811 5187 915 5240 ὅσα
965 5182 1238 5254 σώματος,
1277 5177 1540 5252 ὑϐριστής
1570 5177 1688 5230 ἐστι
1716 5177 1812 5230 καὶ
1840 5177 2120 5247 ἁγέρωχος

537 5279 633 5334 καὶ
680 5276 916 5344 ἀλαζών.
979 5274 1232 5338 Τοιοῦτος
1291 5274 1398 5335 πᾶς
1434 5273 1464 5324 ὁ
1519 5267 1770 5322 πλουτεῖν
1831 5267 2126 5338 ἀπλήστως

536 5368 860 5438 ἐφιέμενος·
917 5364 1030 5436 ἐγὼ
1064 5365 1122 5419 δέ
1158 5382 1239 5429 σε,
1290 5357 1335 5418 ὦ
1385 5361 1576 5433 ἄριστε
1611 5357 1833 5430 μυστῶν
1879 5357 1929 5430 (ὁ
1983 5357 2126 5427 ἱερὸς

536 5458 852 5513 ὑποτίθεται
905 5453 1320 5528 μυσταγωγὸς),
1391 5451 1551 5523 ἔργον
1614 5448 1760 5520 ἔχειν
1832 5447 2125 5517 ἄμεμπτον

539 5550 802 5620 βούλομαι
855 5548 951 5601 καὶ
998 5547 1273 5600 ἄπαυστον
1303 5541 1403 5613 τὴν
1441 5541 1540 5610 τῆς
1573 5537 1893 5610 ἀειτρεφοῢς
1929 5537 2127 5607 ἐπιμέ-

537 5639 686 5696 λειαν
710 5641 908 5712 ψυχῆς,
943 5638 1040 5709 τῆς
1092 5638 1178 5692 ἀεὶ
1223 5635 1301 5705 τῷ
1331 5636 1474 5703 λόγῳ
1519 5632 1724 5703 Κυρίου
1761 5631 2124 5703 τρεφομένης,

539 5733 676 5806 πρὸς
738 5732 901 5802 πῆξιν
949 5730 1121 5800 αὐτῆς
1157 5727 1253 5782 καὶ
1298 5724 1588 5796 οἰκοδομὴν
1629 5723 1820 5795 νοεράν
1852 5724 1943 5778 καὶ
1977 5722 2126 5776 τελε·-

613 5865 728 5939 (76)
754 5866 891 5924 Cod.
919 5865 1106 5920 δοκᾶν.
1165 5904 1168 5906 ν

2231 3883 2403 3952 Tuum
2429 3899 2661 3964 verbum,
2700 3917 2830 3970 opus
2856 3919 2889 3955 α
2913 3919 3012 3968 me,
3032 3911 3139 3959 etc.

2298 3988 2357 4044 Id
2391 3990 2458 4045 de
2488 3989 2676 4047 divino
2711 3993 2878 4048 verbo
2902 3995 3020 4051 vias
3057 3995 3252 4050 salutis
3279 3995 3442 4054 nobis
3469 3997 3696 4068 iubente
3721 4018 3822 4054 au-

2224 4081 2341 4136 dire
2374 4088 2592 4152 Oportet
2626 4103 2638 4137 :
2672 4081 2854 4138 Tuum
2884 4099 3038 4155 ergo,
3071 4100 3103 4140 o
3134 4083 3386 4153 Domine,
3420 4089 3686 4146 salutaria
3720 4107 3820 4146 cx-

2227 4170 2432 4228 hortari
2455 4181 2508 4229 et
2535 4173 2913 4244 praescribere,
2951 4191 3132 4231 meum
3167 4193 3306 4232 vero
3338 4192 3506 4248 opere
3546 4181 3652 4235 ista
3691 4197 3821 4253 per-

2223 4278 2386 4335 agere
2412 4281 2426 4329 ;
2458 4264 2574 4336 qui,
2611 4263 2813 4336 inquit,
2841 4264 3003 4321 bonis
3021 4266 3282 4337 operibus
3307 4278 3447 4338 eget,
3467 4269 3819 4325 dulcisonum

2229 4354 2461 4419 haheat,
2498 4356 2726 4411 verbum
2759 4356 3030 4429 apologize
3058 4358 3288 4422 bonum,
3319 4358 3672 4425 humilitatis,
3693 4377 3813 4432 pm-

2229 4445 2494 4510 nitentiaz,
2530 4446 2995 4516 compunctionis,
3030 4448 3257 4503 verbum
3309 4463 3621 4519 provocans
3669 4453 3814 4507 divi-
3847 4496 3852 4500 .

2232 4552 2316 4592 na:
2361 4538 2778 4604 misericordia,
2826 4538 3116 4595 nobiscum
3154 4554 3406 4610 pugnans
3437 4540 3492 4595 in
3531 4530 3815 4600 defensio—

2233 4646 2383 4699 nem,
2408 4631 2538 4688 hinc
2574 4639 2630 4688 et
2660 4633 2790 4688 inde
2831 4633 3128 4700 auxiliaris,
3182 4633 3236 4688 id
3272 4641 3380 4699 est,
3436 4635 3696 4707 utrinque
3719 4652 3818 4708 op-

2233 4733 2534 4796 portunum
2554 4766 2570 4792 ,
2601 4736 2660 4784 et
2693 4744 2790 4800 per
2819 4728 3218 4800 indignationis
3251 4727 3321 4783 de
3368 4738 3601 4800 peccato
3631 4733 3820 4786 conci-

2233 4823 2362 4872 tata:
2391 4819 2813 4874 conversionem
2831 4829 2886 4875 et
2914 4836 3010 4892 per
3027 4821 3570 4877 commiserationum
3587 4823 3817 4878 omnino

2232 4905 2565 4974 optimarum
2597 4909 2994 4966 reversionem.
3065 4912 3072 4916 ’

2227 4996 2297 5050 εὶ5
2336 4993 2552 5050 Procax
2576 5008 2656 5052 est
2689 5000 3062 5065 satietas,etc.

2295 5088 2544 5144 Aviditas
2577 5100 2902 5147 escarumet
2923 5093 3194 5149 bonorum
3208 5100 3263 5149 et
3283 5095 3526 5166 omnium
3559 5113 3682 5168 quae
3721 5114 3821 5169 ap-

2233 5179 2366 5251 petit
2385 5193 2609 5247 corpus,
2625 5182 2958 5237 contumelia
2983 5191 3087 5250 est,
3113 5185 3429 5258 arrogantia
3453 5195 3511 5244 et.
3546 5189 3760 5245 vanitas
3798 5208 3812 5243 :

2231 5271 2339 5326 hac
2370 5271 2588 5326 laborat
2613 5271 2870 5342 quisquis
2895 5273 3169 5332 ditescere
3210 5278 3603 5335 insatiabiliter
3635 5282 3812 5334 ardet.

2234 5361 2346 5433 Ego
2361 5378 2512 5427 vero,
2531 5378 2565 5417 ο
2590 5365 2822 5434 optime,
2845 5364 3006 5421 docet
3031 5376 3258 5424 sanctus
3277 5371 3552 5441 mysteriis
3569 5369 3814 5433 initiatis,

2233 5461 2287 5508 t'e
2345 5453 2835 5522 irreprehensibile
2882 5461 2938 5508 et
2980 5470 3219 5524 perenne
3269 5473 3409 5528 Opus
3458 5475 3620 5529 agere
3667 5460 3812 5522 volo,

2234 5544 2430 5598 animae
2461 5559 2678 5614 semper
2705 5544 2916 5598 alenda:
2959 5561 3174 5612 curam,
3213 5549 3414 5618 quippe
3449 5563 3569 5617 quae
3594 5561 3814 5617 semper

2235 5633 2404 5688 verbo
2436 5633 2626 5690 divino
2665 5636 2834 5689 alitur
2867 5635 2935 5690 ad
2970 5635 3352 5690 formationem
3381 5647 3435 5694 et
3464 5638 3809 5709 spiritualem

2232 5724 2653 5784 aediﬁcationem
2690 5733 2744 5784 et
2790 5727 3208 5798 perfectionem,
3251 5728 3375 5783 volo
3403 5738 3459 5784 ct
3490 5737 3542 5784 te
3585 5724 3809 5783 divitias
