4082 6388
408 375 519 431 εδδ

403 495 630 550 unicam
671 488 1015 546 divinitatem
1037 502 1382 560 comparare,
1423 487 1569 544 sicut
1586 503 1684 560 per
1711 490 2000 559 speculum

398 588 691 641 sincerum
741 582 946 652 spiritu
1005 582 1442 651 conspicientem
1481 588 1537 636 et
1589 581 1646 635 in
1699 581 1880 650 ipsum
1920 577 2003 634 in-

400 681 674 742 tuentem,
700 681 900 729 cuncta
921 680 1104 728 autem
1137 680 1194 728 et
1229 673 1375 727 hunc
1389 671 1814 742 corruptibilem
1843 686 2005 725 mun-

412 769 539 824 dum
569 775 625 823 et
653 781 778 838 qua:
803 767 859 820 in
889 779 957 820 eo
997 765 1188 821 multis
1208 764 1558 820 aestimantur
1597 779 1821 835 magna,
1879 777 2006 816 ara-

413 855 649 916 nearum
681 857 810 913 telis
857 855 1146 926 l'ragilibus
1200 863 1257 909 et
1315 854 1519 909 vitiatis
1564 853 1768 910 similia
1814 851 2004 923 despi-

410 967 576 1019 cere;
606 965 846 1021 namque
879 955 1081 1003 cuncta
1104 945 1334 1001 omnino
1367 946 1495 1000 vita:
1535 946 1820 1000 hominum
1855 945 2003 1000 bona

414 1051 681 1099 extranea
715 1049 770 1096 et
818 1039 998 1094 aliena
1047 1036 1325 1102 videntur,
1376 1037 1492 1092 sola
1540 1037 1720 1092 virtus
1765 1035 2004 1090 humana

414 1141 520 1198 cst,
553 1132 778 1202 solaque
827 1129 1124 1202 praesentis
1163 1127 1474 1184 subsidium
1517 1127 1644 1182 vita:
1694 1135 1750 1182 et
1795 1127 2006 1183 utilitas

414 1232 610 1285 animm
634 1248 647 1282 :
673 1228 777 1284 hoc
795 1235 848 1283 et
872 1227 1053 1298 ipsum
1086 1227 1470 1298 incorruptum
1491 1235 1543 1280 ct
1566 1225 1882 1280 immortale
1905 1225 2002 1280 Dei

415 1322 639 1376 verbum
668 1319 928 1375 omnibus
957 1317 1175 1389 populis
1227 1319 1453 1382 clamat,
1497 1317 1736 1389 illosque
1782 1332 2003 1371 convo-

359 1472 375 1487 ο
413 1413 724 1484 catzagite,
755 1427 970 1478 omnes,
998 1412 1204 1476 venite,
1249 1412 1319 1466 ad
1348 1410 1644 1466 Trinitatis
1681 1427 1850 1482 super
1891 1425 2006 1466 cm-

413 1508 496 1564 los
522 1508 773 1564 exaltatm
801 1505 1176 1578 cOgnitionem
1191 1505 1661 1576 expergiscimini,
1693 1514 1749 1560 et
1773 1505 2004 1562 univer-

415 1615 538 1656 sum
602 1597 874 1654 mundum
903 1609 959 1651 et
991 1611 1116 1668 qua:
1154 1597 1212 1651 in
1241 1611 1307 1651 eo
1345 1603 1478 1651 sunt
1523 1604 1782 1666 tanquam
1824 1598 2006 1654 aliena

413 1697 792 1754 transeuntes,
817 1703 914 1758 per
961 1687 1188 1742 verbum
1233 1693 1289 1742 et
1333 1688 1855 1759 contemplationem
1911 1706 2006 1746 ve-

412 1795 591 1843 strum
609 1783 872 1856 requirite
895 1783 1124 1842 bonum.

418 2036 489 2092 55
527 2034 720 2089 Ponite
756 2032 809 2086 in
862 2030 959 2085 hoc
989 2029 1249 2094 animum,
1295 2034 1560 2098 quotquot
1609 2025 1738 2098 vita;
1764 2034 2006 2098 sanetum

1318 2096 1619 2168 conjugium
1663 2096 1925 2168 alligavit,

423 2174 494 2232 54
615 2173 683 2229 Ut
715 2169 1070 2228 torcularibus
1093 2097 1996 2309 εαιεειῖὶξιοεηςίὲῗίῗόνὲιίιῗῖίξέίῖικι

1666 2253 1720 2290 ιη
1744 2253 1837 2292 era
1865 2254 1932 2292 ιε.

1666 2253 1932 2292 tuleram.

487 2375 605 2432 Hoc
624 2375 782 2432 vobis
810 2375 1042 2432 verbum
1078 2373 1132 2428 in
1162 2371 1429 2444 spiritum
1471 2385 1745 2441 reponere
1773 2370 1900 2424 volo
1925 2377 2007 2422 at-

416 2487 525 2543 que
552 2471 695 2525 hanc
718 2467 923 2525 vestris
957 2466 1015 2520 in
1062 2463 1326 2519 cordibus
1382 2461 1633 2518 auditam
1676 2458 1864 2515 facere
1909 2473 2008 2515 vo-

418 2565 706 2619 luntatem.
738 2559 1024 2630 Quotquot
1048 2556 1273 2628 quidem
1300 2556 1427 2610 vitae
1473 2554 1873 2624 colligaverunt
1912 2566 2008 2607 ca-

418 2663 518 2710 sta:
556 2660 610 2708 et
633 2653 892 2722 legitimae
922 2651 1150 2720 nuptiae,
1208 2664 1240 2704 a
1261 2647 1502 2704 vinculis
1523 2661 1652 2702 cum
1699 2645 1864 2702 facile
1895 2660 2007 2700 non

417 2745 494 2802 sit
530 2743 695 2809 solvi,
739 2757 841 2814 pro
869 2741 1197 2798 caelestibus
1243 2739 1614 2810 receptaculis
1663 2746 1718 2792 et
1758 2736 2008 2794 ecclesiis

417 2834 513 2890 Dei
540 2841 692 2888 tanto
715 2832 843 2902 plus
871 2830 1113 2885 fructum
1143 2830 1354 2885 referre
1376 2827 1487 2883 Deo
1519 2827 1755 2890 debetis,
1798 2834 2008 2899 quanto

419 2925 576 2996 plura
600 2921 762 2979 vobis
795 2923 1025 2976 veniunt
1054 2920 1243 2974 mundi
1276 2919 1420 2974 bona
1457 2935 1472 2972 :
1499 2931 1743 2986 namque
1767 2916 1834 2972 de
1851 2917 2009 2987 prole

419 3031 543 3089 quae
580 3015 758 3069 oritur
785 3027 853 3068 ex
884 3011 1066 3078 vobis,
1096 3020 1151 3067 et
1184 3009 1253 3065 de
1287 3007 1739 3080 possessionibus
1774 3009 1830 3062 in
1855 3015 2001 3064 terra

418 3117 473 3166 ct
501 3107 568 3164 de
591 3105 868 3160 fructuum
889 3105 1135 3159 omnium
1178 3103 1448 3158 varietate
1480 3101 1690 3171 optima
1709 3099 1910 3156 oﬁ‘erre
1949 3107 2005 3156 et

423 3201 657 3258 reddere
681 3199 730 3256 ei
746 3198 839 3270 qui
856 3197 1040 3253 omnia
1061 3196 1209 3252 dedit
1225 3195 1452 3251 omnino
1475 3201 1710 3264 oportet;
1733 3201 2005 3264 quotquot

419 3305 603 3352 autem
636 3294 693 3349 in
745 3291 1001 3347 caelibatu
1030 3299 1085 3345 et
1135 3289 1456 3360 virginitate
1505 3288 1691 3344 vivere
1740 3289 2005 3358 eligentes

420 3385 636 3448 animae,
675 3395 935 3451 magnum
967 3378 1064 3434 Dei
1093 3379 1347 3445 verbum,
1405 3377 1566 3448 quasi
1591 3385 1760 3433 casta
1791 3393 2009 3448 sponsa:

418 3483 474 3531 et
505 3473 824 3544 spirituales
873 3478 926 3527 et
966 3469 1201 3534 mundae,
1253 3469 1509 3539 amplecti
1538 3469 1844 3539 pretiosum
1903 3469 2006 3523 ha-

419 3565 617 3631 beatis,
647 3568 847 3617 cuncta
880 3559 993 3616 Deo
1012 3559 1518 3622 adducere,omnes
1547 3557 1762 3612 fructus
1780 3557 2004 3613 Christo

419 3657 652 3713 reddere
677 3667 906 3709 necesse
938 3660 1044 3718 est,
1091 3649 1232 3705 nihil
1265 3649 1425 3705 vobis
1459 3649 1595 3719 ipsis
1630 3657 2002 3713 reservantes,

418 3755 472 3803 et
503 3744 811 3817 periculum
851 3743 907 3798 in
933 3741 1137 3813 aliquid
1172 3738 1487 3811 seponendo
1519 3739 1762 3795 Ananias
1789 3751 1842 3796 et
1869 3738 2006 3810 Sap-

419 3839 578 3908 phira
657 3838 970 3896 ostendunt.
1044 3835 1301 3904 Splendor
1371 3834 1630 3906 refulgens
1711 3831 2002 3886 solitarius.

419 3929 613 3986 Omnis
644 3926 828 3981 anima
868 3940 990 3996 quae
1022 3923 1329 3979 solitariam
1381 3923 1551 3976 vitam
1585 3927 1640 3977 et
1673 3921 2002 3992 virginalem

419 4027 474 4076 et
509 4019 717 4088 absque
744 4015 878 4088 jugo
914 4015 1059 4070 vovit
1092 4013 1327 4069 Domino
1363 4021 1418 4069 et
1465 4013 1547 4068 sic
1584 4011 1775 4067 vivere
1822 4011 2002 4083 eligit,

420 4104 681 4178 splendor
708 4105 929 4174 quidam
961 4113 1013 4157 et
1069 4102 1164 4156 lux
1213 4101 1413 4156 ardens
1461 4099 1779 4154 videntibus
1832 4112 2003 4168 appa-

421 4213 541 4253 rere
565 4197 748 4263 debet,
774 4193 871 4250 sed
901 4192 1213 4248 dividentes
1247 4191 1414 4245 vitam
1454 4204 1614 4245 suam
1651 4203 1681 4242 a
1717 4187 1926 4243 mundo
1948 4196 2003 4242 et

421 4287 739 4344 hominibus
799 4283 1100 4339 mundanis
1148 4289 1205 4337 et
1256 4280 1573 4335 carnalibus
1633 4277 1798 4348 quasi
1843 4277 2005 4347 longe

419 4385 630 4435 stantes
651 4387 706 4432 et
733 4375 802 4429 ab
841 4375 1087 4444 ipsorum
1151 4369 1508 4425 commerciis
1559 4376 1619 4421 ut
1652 4367 1905 4437 plerique
1947 4364 2003 4420 et

416 4467 800 4524 meretricibus
824 4463 1108 4518 amoribus
1140 4461 1550 4516 retrocedentes
1576 4473 1591 4524 ;
1628 4458 1772 4512 sicut
1793 4452 2016 4522 autem,‘

419 4559 619 4630 inquit,
659 4556 824 4611 fallax
849 4552 1204 4625 pulchritudo
1227 4551 1480 4621 corporis
1518 4556 1573 4604 et
1597 4547 2001 4603 contumeliosa

418 4649 702 4704 coloribus
746 4645 964 4716 depicta
1016 4659 1125 4715 qua
1158 4641 1370 4698 vultum
1419 4639 1725 4696 illinientes
1759 4639 2003 4695 meretri-

419 4756 536 4806 ces,
567 4753 697 4796 suos
728 4736 1013 4808 decipiunt
1035 4742 1335 4799 amatores,
1369 4733 1453 4790 sic
1482 4731 1723 4789 dedecus
1751 4741 1835 4789 est
1860 4731 2000 4788 Deo-

390 4847 527 4905 que
554 4830 760 4888 odibile
790 4844 902 4886 non
932 4825 1195 4883 cordibus
1218 4825 1286 4880 ad
1307 4824 1476 4882 Deum
1505 4822 1882 4892 tendentibus,
1905 4825 2002 4882 sed

419 4924 705 4982 coloribus
753 4922 980 4986 fucatis,
1037 4927 1095 4975 et
1146 4917 1323 4990 nigris
1372 4917 1622 4974 vestibus
1668 4925 1723 4973 et
1755 4917 2003 4973 vultibus

420 5014 738 5071 macilentis
782 5019 1000 5068 tantum
1057 5003 1368 5066 solitariam
1433 5009 1696 5064 virtutem
1734 5017 1790 5065 et
1839 5008 2000 5064 ﬁdem

419 5107 678 5162 affectare
718 5124 736 5161 :
764 5106 880 5160 haec
904 5105 1052 5160 enim
1092 5103 1254 5160 facile
1285 5103 1668 5160 simulantium
1699 5111 1896 5158 ornata
1945 5109 2000 5159 et

394 5199 590 5272 'polita
626 5201 772 5254 intus
799 5196 1062 5251 latentem
1091 5195 1490 5265 turpitudinem
1522 5201 1788 5265 arguunt.
1844 5191 1997 5258 Mihi,

430 5287 604 5359 inquit
636 5285 942 5356 spiritualis
990 5286 1180 5356 sponsi
1235 5287 1674 5358 paranymphus,
1723 5285 1800 5344 abi
1852 5285 1999 5340 intus

419 5377 774 5450 pulchritudo
793 5376 979 5432 cordis
1009 5385 1064 5432 et
1098 5377 1405 5432 secundum
1457 5372 1715 5430 naturam
1760 5373 1995 5444 spiritus

415 5481 680 5530 venustas
713 5470 891 5541 placet
913 5469 1127 5525 sicutet
1158 5469 1267 5524 Deo
1300 5462 1499 5524 virtus;

1800 374 2095 434 NICETAS
2133 375 2220 432 DA
2233 375 2345 433 VlD

3587 385 3694 442 784

2105 491 2409 560 σιουργίαν,
2466 492 2562 547 καὶ
2623 493 2876 549 πλουτεῖν
2910 493 3010 566 μὲν
3035 492 3206 568 μόνην
3231 495 3330 570 τὴν
3360 495 3593 571 Θεότητα
3617 502 3694 565 ὡς

2102 583 2164 636 ὲν
2180 584 2431 656 ἐσόπτρῳ
2453 585 2660 657 ταύτην
2686 586 2970 654 εἰλικρινεῖ
2988 587 3066 658 τῷ
3097 588 3214 660 ίδίῳ
3243 588 3323 661 νῷ
3346 591 3692 664 φανταζόμε-

2104 675 2250 746 νονῆ
2286 676 2724 748 καταθεώμενον,
2777 679 2956 732 πάντα
3003 679 3060 733 δὲ
3089 678 3180 734 τὸν
3223 680 3461 753 φθαρτὸν
3485 685 3694 740 τουτονὶ

2105 766 2310 836 κόσμον
2334 767 2516 822 καὶτὰ
2537 769 2596 821 ἐν
2625 767 2776 840 αὑτῷ
2803 769 3016 840 μεγάλα
3047 773 3160 834 τοῖς
3177 771 3392 838 πολλοῖς
3409 774 3690 842 δοκοῦντα,

2109 859 2199 913 ι’σα
2233 860 2329 913 καὶ
2359 859 2680 932 άραχναίοις
2731 862 2936 932 νήμασι
2963 865 3074 926 τοῖς
3113 863 3451 930 εὐδιαλύτοις
3471 869 3565 922 καὶ
3591 887 3692 923 σα-

2107 951 2390 1023 Θροτάτοις
2452 953 2720 1024 παρορᾷν.
2767 955 2878 1007 Καὶ
2924 953 3035 1026 γὰρ
3069 955 3248 1010 πάντα
3299 957 3398 1027 μὲν
3431 957 3598 1030 ἄρδην
3624 960 3694 1014 τὰ

2106 1037 2259 1090 τοῦδε
2311 1035 2407 1090 τοῦ
2475 1037 2592 1107 βίου
2625 1037 2732 1090 τῶν
2773 1037 3077 1112 ἀνθρώπων
3111 1040 3296 1108 ἀγαθὰ
3321 1041 3588 1116 άλλότριά
3632 1064 3690 1099 τε

2107 1129 2284 1183 αὐτῶν
2312 1129 2408 1183 καὶ
2471 1128 2670 1195 ἔξωθεν
2704 1131 2918 1201 ὁρᾶται,
2953 1130 3090 1202 μόνη
3128 1131 3187 1184 δὲ
3216 1134 3250 1203 ἠ
3283 1133 3452 1205 ἀρετὴ
3486 1135 3691 1208 ἀνθρω-

2109 1223 2238 1293 πίνη
2262 1222 2398 1285 ὲστὶ,
2429 1223 2522 1275 καὶ
2545 1222 2682 1291 αῦτη
2708 1222 2845 1293 μόνη
2866 1223 2966 1293 τῆς
2990 1222 3224 1277 ἐνταῦθα
3243 1224 3485 1294 βιώσεως
3509 1227 3692 1298 ὄνησίς

2109 1316 2228 1368 ὲστι
2278 1315 2374 1368 καὶ
2433 1315 2668 1385 ὠφέλεια
2718 1317 2785 1386 τῇ
2841 1315 3009 1386 ψυχῇ.
3046 1315 3218 1370 Τοῦτο
3248 1317 3314 1389 δὴ
3361 1319 3456 1374 καὶ
3482 1319 3689 1384 αὺτδςό

2108 1406 2382 1480 ἄφθαρτος
2436 1408 2531 1462 καὶ
2584 1408 2852 1472 ἀθάνατος
2892 1408 2986 1462 τοῦ
3019 1408 3154 1463 Θεοῦ
3195 1409 3348 1480 λόγος
3379 1413 3514 1465 πᾶσι
3544 1413 3692 1478 λαοῖς

2110 1499 2285 1572 ἐμϐοᾷ
2333 1501 2450 1554 καὶ·
2479 1501 2831 1570 συγκαλεῖται
2852 1519 2866 1533 ο
2903 1500 3062 1572 Δεῦρ’
3097 1501 3199 1571 ίτε,
3230 1504 3452 1572 πάντες,
3488 1505 3687 1571 ἔλθετε,

2111 1591 2247 1662 πρὸς
2277 1591 2375 1662 τὴν
2400 1590 2498 1662 τῆς
2525 1591 2920 1664 ὑπερουρανίου
2958 1592 3187 1664 Τριάδος
3223 1595 3521 1663 ὲπίγνωσιν
3549 1596 3690 1648 ἐπεί-

2111 1682 2296 1750 γεσθε,
2322 1683 2418 1736 καὶ
2454 1683 2631 1738 πάντα
2675 1683 2766 1737 τὸν
2804 1683 3009 1754 κόσμον
3040 1685 3136 1766 καὶ
3159 1684 3227 1738 τὰ
3254 1687 3312 1738 ὲν
3333 1687 3484 1757 αὐτῷ
3504 1687 3578 1750 ὼς
3600 1687 3690 1740 άλ-

2109 1773 2297 1846 λότρια
2329 1775 2460 1829 ὄντα
2479 1775 2926 1848 ὑπερϐαίνοντες,
2961 1777 3049 1831 διὰ
3069 1779 3226 1848 λόγου
3263 1781 3359 1833 καὶ
3379 1779 3609 1852 θεωρίας
3629 1779 3690 1832 τὸ

2110 1869 2374 1941 ὑμέτερον
2402 1867 2742 1940 ὲκζητήσατε
2766 1868 2952 1923 καλόν.

2105 2023 2176 2078 53
2205 2020 2394 2080 Θὲσθε
2447 2025 2615 2089 νόον,
2647 2023 2841 2090 ,ϐιότῳ
2882 2024 3001 2094 μὲν
3049 2024 3239 2093 ὅσους
3276 2025 3464 2099 γάμος
3507 2028 3687 2099 ἁγνὸς

2107 2164 2177 2219 54
2277 2163 2498 2234 Ληνοῖς
2520 2131 2834 2232 ὀὐρανίαις
2871 2166 3126 2222 πλείονα
3155 2096 3618 2238 xapadrlgaqggf’

2177 2365 2378 2421 Τοῦτον
2431 2366 2560 2437 ὑμῖν
2587 2366 2680 2420 τὸν
2717 2365 2874 2436 λόγον
2903 2367 3153 2422 ἐνθέσθαι
3185 2368 3446 2442 βούλομαι
3487 2371 3568 2444 τῷ
3593 2371 3687 2443 νῷ,

2107 2457 2203 2512 καὶ
2238 2458 2442 2528 ταύτην
2471 2459 2593 2522 ταῖς
2620 2458 2914 2530 ὑμετέραις
2933 2460 3183 2530 καρδίαις
3206 2461 3562 2534 ὲνωτισθῆναι
3589 2465 3685 2534 τήν

2110 2547 2332 2620 βουλήν.
2358 2549 2556 2612 Ὄσους
2582 2549 2680 2620 μὲν
2711 2549 2872 2618 ἁγνὸς
2893 2551 3071 2621 γάμος
3107 2553 3202 2604 καὶ
3235 2551 3458 2625 ἔννομος
3483 2554 3562 2626 τῷ
3594 2555 3690 2627 βίῳ

2110 2638 2420 2709 συνέδησεν,
2477 2641 2600 2694 ἐπεὶ
2645 2640 2720 2712 μὴ
2747 2643 2878 2712 ῥᾷον
2919 2641 3252 2698 ἀπολύεσθαι
3301 2645 3410 2700 τῶν
3454 2647 3686 2720 δεσμῶν,

2109 2733 2231 2794 ταῖς
2260 2731 2538 2802 οὐρανίαις
2571 2731 2753 2803 ληνοῖς
2784 2733 2879 2788 καὶ
2904 2737 3024 2798 ταῖς
3052 2735 3147 2789 τοῦ
3177 2735 3314 2790 Θεοῦ
3343 2739 3688 2811 Ἐκκλησίαις

2112 2823 2256 2879 κατὰ
2277 2824 2533 2878 τοσοῦτον
2561 2825 2783 2880 πλείονα
2802 2831 3174 2900 καρποφορεῖν
3209 2829 3454 2900 ὀφείλετε
3482 2833 3688 2906 Κυρίῳ,

2110 2914 2237 2969 καθ’
2299 2916 2424 2969 ὅσον
2480 2915 2577 2970 καὶ
2606 2915 2848 2971 πλεόνων
2908 2918 3039 2988 ὑμῖν
3071 2918 3290 2990 μέτεστι
3329 2922 3439 2974 τῶν
3464 2923 3574 2976 άπὸ
3599 2923 3692 2977 τοῦ

2113 3008 2319 3080 κόσμου
2374 3008 2740 3078 άγαθῶν.¹Ἐκ
2783 3027 2843 3062 τε
2885 3011 2996 3081 γὰρ
3035 3012 3144 3063 τῶν
3176 3011 3460 3082 φυομένων
3492 3015 3693 3069 τέκνων

2112 3101 2172 3167 ἐξ
2203 3101 2378 3173 ὑμῶν,
2416 3101 2480 3155 ἐκ
2499 3119 2558 3155 τε
2597 3101 2705 3156 τῶν
2743 3103 2852 3156 ἀπὸ
2874 3106 2975 3175 τῆς
3004 3104 3110 3174 γῆς
3138 3107 3579 3178 περιουσιασμῶν
3603 3109 3695 3164 καὶ

2111 3195 2213 3266 τῆς
2262 3194 2370 3248 τῶν
2415 3195 2644 3265 καρπῶν
2688 3196 2945 3250 ἁπάντων
2989 3197 3264 3262 ποικιλίας
3322 3197 3391 3251 τὰ
3438 3199 3696 3255 κάλλιστα

2115 3287 2444 3359 προσφέρειν
2475 3286 2570 3340 καὶ
2623 3287 2980 3358 καρποδοτεῖν
3027 3288 3104 3359 τῷ
3128 3286 3377 3343 δεδωκότι
3414 3291 3483 3344 τὰ
3519 3292 3696 3346 πάντα

2112 3377 2333 3441 πάντως
2382 3375 2595 3448 χρεών
2636 3379 2758 3431 ὅσαι
2806 3377 2862 3430 δὲ
2906 3377 3122 3450 ἀγαμίᾳ
3171 3383 3265 3433 καὶ
3296 3381 3564 3454 παρθενίᾳ
3594 3383 3696 3454 ζῇν

2113 3469 2532 3540 αίρετισάμεναι
2563 3469 2753 3540 ψυχαὶ,
2773 3469 2863 3522 τὸν
2889 3471 3062 3541 μέγαν
3097 3470 3190 3526 τοῦ
3224 3471 3358 3525 Θεοῦ
3392 3473 3583 3541 Λόγον,
3615 3473 3694 3538 ὡς

2113 3560 2272 3628 ἁγναὶ
2302 3558 2513 3630 νύμφαι
2549 3561 2644 3613 καὶ
2675 3561 2861 3631 νοεραὶ
2903 3560 2998 3613 καὶ⁹
3031 3561 3292 3632 καθαραὶ,
3321 3561 3503 3616 τοῦτον
3531 3565 3690 3632 ἐναγ-

2112 3646 2428 3712 καλίζεσθαι
2445 3648 2782 3718 προείλεσθε,
2801 3649 2993 3705 ’πάντα
3020 3650 3139 3722 Θεῷ
3171 3652 3488 3723 προσάγειν,
3516 3654 3692 3707 πάντα

2111 3736 2330 3809 Χριστῷ
2357 3739 2623 3809 προσήκει
2661 3743 3053 3811 καρποφορεῖν,
3077 3741 3242 3812 μηδὲν
3262 3742 3694 3815 ὑπολειπομένας
3753 3771 3768 3782 ~

2110 3831 2329 3893 ἑαυταῖς
2357 3845 2373 3860 ⁶
2403 3830 2498 3883 καὶ
2525 3829 2618 3884 τὸν
2664 3830 2772 3884 ἀπὸ
2807 3830 2904 3885 τοῦ
2936 3833 3296 3902 νοσφίσασθαι
3341 3851 3397 3887 τι
3448 3835 3694 3890 κίνδυνον

2111 3923 2140 3974 ό
2174 3921 2423 3986 Ἀνανίας
2449 3922 2544 3975 καὶ
2587 3924 2621 3992 ή
2650 3922 2764 3994 (77)
2799 3923 3084 3996 Σάπφειρα
3112 3925 3550 3996 παραδεικνύτω.

2108 4013 2298 4086 ᾼῖγλη
2323 4013 2740 4082 παμφανόωσα
2765 4014 3160 4082 μονότροπος.

2111 4105 2268 4160 Πᾶσα
2332 4106 2479 4179 ψυχή
2547 4105 2870 4180 μονότροπον
2941 4106 3051 4174 βίον
3113 4105 3208 4160 καὶ
3240 4105 3563 4178 παρθενικδν
3598 4108 3692 4161 καὶ

2079 4197 2082 4199 “
2109 4192 2290 4260 ἄζυγα
2327 4193 2599 4264 εὐξαμένη
2652 4191 2729 4263 τῷ
2753 4193 2942 4265 Κυρίῳ
2974 4195 3070 4248 καὶ
3112 4194 3254 4248 οὕτω
3288 4195 3437 4266 βιοῦν
3466 4198 3691 4268 προελο-

2115 4282 2272 4352 μένη,
2333 4280 2497 4352 αἴγλη
2532 4297 2616 4344 τις
2663 4281 2758 4335 καὶ
2789 4282 3068 4353 φωτισμὸς
3097 4287 3397 4355 παμφανὴς
3423 4289 3534 4349 τοῖς
3554 4286 3692 4358 όρῶ-

2086 4389 2195 4427 ’σιν
2229 4374 2434 4444 ὀφείλει
2472 4374 2956 4428 καταδείκνυσθαι·
3014 4375 3129 4429 ἀλλ’
3176 4377 3691 4433 ἀποδιαστέλλουσαι

2110 4465 2208 4538 τὴν
2243 4466 2454 4520 ἑαυτῶν
2483 4465 2628 4536 ζωὴν
2671 4466 2766 4519 τοῦ
2801 4466 3008 4538 κόσμου
3034 4468 3127 4520 καὶ
3153 4468 3262 4521 τῶν
3287 4468 3569 4540 κοσμικῶν
3593 4470 3690 4522 άν-

2111 4556 2346 4629 Θρώπων
2380 4559 2474 4612 καὶ
2494 4557 2798 4631 σαρκικῶν,
2820 4559 2896 4623 ὡς
2928 4560 3119 4632 πόρρω
3143 4559 3566 4631 καθιστάμεναι,
3596 4561 3688 4615 καὶ

2107 4641 2208 4706 τὰς
2230 4643 2366 4714 πρὸς
2387 4645 2582 4709 αὐτοὺς
2597 4645 2883 4710 κοινωνίας
2912 4647 2989 4710 ὡς
3007 4647 3076 4701 τὰ
3105 4648 3277 4702 πολλὰ
3297 4649 3389 4702 καὶ
3411 4649 3688 4722 ἑταιρικάς

2105 4735 2397 4808 φιλότητας
2424 4737 2770 4791 ὲκκλίνουσαι
2791 4754 2806 4768 ⁸
2842 4737 3032 4810 ὥσπερ
3061 4741 3139 4808 δὲ,
3162 4742 3317 4812 φησὶ,
3348 4742 3544 4812 ψευδὲς
3559 4743 3688 4798 κάλ-

2099 4827 2190 4892 λος
2224 4828 2479 4898 σώματος
2507 4828 2605 4884 καὶ
2633 4829 2960 4901 ἐφύϐριστον
2984 4831 3046 4884 τδ
3063 4834 3121 4886 ὲν
3141 4832 3393 4904 χρώμασι
3427 4833 3689 4898 διανθιζόο

2102 4934 2282 4988 μενον,
2311 4917 2340 4971 ὃ
2372 4919 2735 4991 έταιρίστριαι
2765 4923 2878 4985 τοῖς
2911 4923 3091 4977 αὐτῶν
3126 4924 3441 4996 προσώποις
3463 4926 3684 4980 ὑπαλεί-

2099 5024 2316 5077 φουσαι,
2341 5009 2466 5074 τοὺς
2500 5011 2680 5065 αὑτῶν
2702 5012 2938 5083 ἐραστὰς
2955 5013 3323 5070 διαπλανῶσιν
3343 5032 3355 5047 ’
3379 5017 3552 5082 οὕτως
3573 5017 3687 5072 άτι-

2107 5116 2208 5170 μον
2241 5101 2334 5154 καὶ
2361 5099 2654 5171 Θεοστυγὲς
2705 5103 2782 5175 μὴ
2822 5105 3171 5179 ὲνᾼκαρδίαις
3204 5107 3682 5178 θεοφορουμέναις,

2103 5191 2222 5246 ἀλλ’
2252 5195 2311 5247 ὲν
2362 5193 2648 5266 χρώμασιν
2691 5197 3073 5268 ἀσκουμένων,
3106 5201 3202 5254 καὶ
3244 5201 3682 5272 μελανοφορίαις,

2102 5283 2196 5337 καὶ
2224 5285 2468 5356 σχήμασι
2494 5286 2670 5356 ψιλοῖς
2703 5288 2888 5358 μόνοις
2907 5289 3006 5360 τὴν
3043 5289 3336 5362 μοναδικὴν
3361 5290 3561 5362 ἀρετὴν
3590 5291 3684 5343 καὶ

2101 5374 2284 5429 πίστιν
2329 5376 2754 5432 ἐπιδείκνυσθαι.
2801 5379 2987 5434 Ταῦτα
3043 5380 3153 5452 γὰρ
3200 5381 3266 5434 ἄν
3321 5381 3537 5452 ῥᾳδίως,
3575 5381 3684 5436 τῶν

2101 5467 2544 5537 ὑποκρινομένων
2568 5469 2903 5525 ὲκπλυῦέντα
2915 5474 3011 5526 καὶ
3033 5473 3421 5540 ἀποξεσθέντα,
3443 5472 3541 5546 τὴν
3557 5475 3682 5527 λανο

387 5561 681 5621 ’Θάνουσαν
722 5561 871 5616 ἔνδον
929 5561 1315 5633 ἀσχημοσύνην
1355 5557 1657 5627 άπελέγξαι
1683 5575 1697 5590 ο
1749 5557 1874 5628 ἐμοὶ
1913 5554 1988 5619 δὲ,
2041 5559 2214 5627 φησὶν
2244 5559 2272 5610 ὁ
2313 5559 2406 5612 τοῦ
2447 5561 2642 5632 νοητοῦ
2701 5565 2937 5636 νυμφίου
2994 5565 3366 5636 νυμφοστόλος
3437 5567 3504 5623 τὸ
3542 5565 3682 5618 κατὰ

419 5658 582 5730 βάθος
614 5657 810 5721 κάλλος
841 5655 941 5728 τῆς
970 5656 1196 5728 καρδίας
1219 5655 1314 5708 καὶ
1346 5656 1381 5724 ἡ
1415 5652 1619 5742 φυσικὴ
1650 5651 1746 5707 τοῦ
1776 5652 1894 5716 νοὸς
1925 5651 2193 5728 ὡραιότης
2221 5657 2546 5730 προσφιλὴς,
2576 5660 2652 5729 ὡς
2673 5663 2769 5720 καὶ
2789 5661 2909 5734 Θεῷ
2937 5663 3126 5736 ἀρετή,

491 5834 606 5903 (77)
634 5832 699 5886 γ.
735 5846 906 5886 carm.
939 5834 993 5899 5,
1029 5831 1135 5889 452
1164 5839 1213 5885 et
1240 5845 1416 5899 γνωμ.
1448 5835 1514 5899 η’,
