4082 6458
455 393 552 451 ῖὸδ

445 520 506 573 il
538 523 593 573 Μ
601 520 699 588 ἦτε
722 517 1119 586 δικαιοσύνην
1143 517 1251 571 τιν’
1268 516 1544 587 ἁκαμπέα
1564 517 1716 588 μήτε
1730 522 2032 589 φρόνησιν

453 590 516 642 42
655 589 1101 658 Ἀτκυλόεσσαν
1129 589 1316 657 ἔχειν.

519 679 705 732 Πάντα
743 677 949 748 μέτρῳ,
985 679 1162 730 πάντα
1188 676 1415 746 σταθμῷ
1440 674 1512 729 τά
1538 692 1597 728 τε
1626 675 1731 746 ήθη
1760 677 1854 729 καὶ
1881 675 2026 747 πάθη

446 765 734 836 ῥυθμίζειν
783 766 882 836 τῆς
932 764 1137 834 ψυχῆς,
1179 764 1273 818 καί
1315 783 1380 834 γε
1411 764 1512 828 τὰς
1539 766 1598 817 ὲν
1621 765 1804 828 αὐτοῖς
1831 782 2028 836 κατορο

443 857 716 928 Μυμὲνας
740 855 848 909 τῶν
882 855 1092 925 ἀρετῶν
1121 855 1413 909 διευθετεϊν
1439 857 1544 928 χρὴ
1574 858 1668 910 καὶ¹
1698 856 1912 910 τάττειν
1935 857 2030 910 καὶ

443 949 694 1018 κοσμεῖν.
722 947 786 1000 Ei
819 946 929 1016 γάρ
961 947 1056 1002 καὶ
1087 947 1254 1000 καλὸν
1283 948 1316 1012 ή
1353 947 1667 1018 δικαιοσύνη
1707 949 1801 1001 καὶ
1834 949 1867 1018 ή
1893 947 2027 1017 φρό-

441 1055 601 1108 νησις
646 1037 834 1107 (καλαὶ⁵
888 1038 999 1108 γὰρ
1056 1039 1151 1092 καὶ
1217 1038 1327 1091 τῶν
1370 1038 1582 1109 ἀρετῶν
1630 1039 1686 1091 αἱ
1741 1038 2028 1092 κάλλισται

444 1128 789 1200 ὑμνοῦνται),
835 1129 951 1182 ἀλλ’
982 1130 1035 1182 εἴ
1084 1146 1167 1192 τις
1197 1129 1646 1201 ὑπερϐαλλόντως
1669 1129 1764 1182 καὶ
1799 1127 1958 1182 πλέον
1994 1127 2027 1198 ἢ

439 1223 527 1276 δεῖ
553 1220 614 1273 τὸ
643 1220 850 1274 δίκαιον
881 1219 1079 1290 μετίοι,
1142 1223 1222 1285 εἰς
1275 1221 1511 1292 ἀκαμπῆ
1563 1221 1658 1274 καὶ
1693 1219 2028 1288 ἀνελεήμονα

441 1309 672 1380 γνώμην
704 1309 1009 1362 διαπίπτων
1051 1309 1144 1362 καὶ
1177 1310 1558 1381 διαμαρτάνων
1582 1311 1680 1382 τῆς
1709 1309 2027 1373 ἐπιεικείας,

441 1402 522 1464 ὼς
559 1402 620 1454 οὐ
675 1400 900 1463 δικαίως
951 1399 1013 1452 τὸ
1060 1399 1268 1454 δίκαιον
1330 1400 1560 1464 διώκων,
1607 1400 1708 1452 οὐκ
1749 1399 2029 1463 ἐπαινετὸς

443 1493 601 1548 ἔσται
620 1511 634 1525 ο
653 1493 815 1547 πάλιν
833 1508 846 1520 ⁸
890 1493 956 1545 Ἡ
981 1493 1241 1564 φρόνησις
1269 1493 1331 1546 τὸ
1370 1491 1642 1555 λυσιτελὲς
1665 1491 1751 1545 ἀεὶ
1779 1491 1873 1545 καὶ⁵
1901 1506 2029 1545 συν-

443 1586 592 1636 οῖσον
618 1579 996 1651 ὲπινοουμένη,
1054 1581 1102 1632 εί
1131 1581 1207 1651 μή
1233 1580 1372 1650 μετά
1406 1578 1714 1651 ἁπλότητος
1747 1580 1842 1634 καὶ
1865 1577 2028 1651 ὀρθοῦ

444 1673 629 1743 λόγου,
658 1671 796 1726 ἀλλά
815 1670 1156 1743 σκολιότητος
1181 1673 1274 1725 καὶ
1307 1671 1442 1743 πρὸς
1469 1670 1644 1726 ἄλλων
1666 1670 1870 1742 ζημίαν
1899 1670 2030 1725 ῐδιον

393 1827 406 1838 .
446 1763 638 1835 κέρδος
691 1761 1100 1834 ὲξευρίσκουσα,
1145 1761 1340 1816 οὔκουν
1390 1762 1558 1834 ἀρετὴ
1599 1760 1743 1816 τοῦτ’
1792 1762 1861 1816 ἀν
1903 1761 2026 1833 εἴηὶ

451 1852 558 1905 οὐδ’
587 1851 812 1906 ἐπαίνου
870 1851 1068 1923 μᾶλλον
1119 1851 1152 1922 ἢ
1199 1851 1366 1921 ψόγου
1428 1852 1522 1904 καὶ
1549 1851 1803 1922 διαϐολῆς
1842 1851 2024 1916 ἄξιονο

449 1942 591 1997 ἀλλὰ
619 1944 714 1997 καὶ
739 1943 802 1996 τὸ
834 1942 1033 2014 θάρσος
1059 1941 1215 2008 αὐτὸ,
1257 1942 1412 2012 φησὶ,
1445 1941 1738 2013 νωμάσθω,
1769 1943 1865 1996 καὶ
1893 1960 2030 2013 συμ-

457 2035 671 2105 μέτρως
720 2033 908 2105 ἐχέτω,
931 2033 1025 2086 καὶ
1060 2031 1365 2104 μεριζέσθω
1409 2032 1588 2097 καλῶς
1609 2049 1624 2062 ο
1655 2032 1798 2087 οὕτω
1827 2033 1934 2105 γὰρ
1961 2033 2028 2088 ἂν

452 2125 643 2196 ἀνδρία
667 2125 891 2194 γένοιτο,
909 2128 1004 2179 καὶ
1031 2124 1156 2189 ἀξία
1179 2123 1402 2178 ἐπαίνου
1427 2123 1597 2197 ἀρετή
1621 2143 1632 2155 ·
1660 2127 1706 2178 εὶ
1723 2124 1780 2179 δέ
1799 2142 1862 2193 γε
1885 2125 2027 2195 πέρα

450 2214 544 2268 τοῦ
572 2214 782 2278 δέοντος
810 2211 970 2268 ἆττον
991 2212 1313 2285 ὐπερπέσοι,
1343 2213 1526 2267 οὐκέτι
1554 2213 1744 2284 ἀνδρία
1769 2215 1864 2266 καὶ
1896 2213 2030 2283 κρά-

447 2322 560 2370 τος,
583 2306 718 2359 ἀλλά
737 2306 935 2377 Θράσος
963 2304 1113 2359 ἔσται
1136 2304 1230 2358 καὶ
1262 2304 1541 2375 μωμητόν.
1558 2302 1714 2357 Οὕτω
1742 2304 1834 2357 καὶ
1856 2305 1889 2374 ἡ
1923 2321 2029 2358 σω-

447 2396 689 2466 φροσύνη
719 2397 819 2449 οὐκ
844 2398 900 2448 ὲν
933 2394 1010 2467 τῷ
1043 2379 1320 2466 ὲμϐριθῶς
1351 2394 1488 2464 ἄγαν
1511 2393 1606 2448 καὶ
1637 2393 1910 2465 στιϐαρῶς
1942 2395 2029 2449 ἀεὶ

448 2489 544 2542 καὶ
596 2487 731 2559 πρὸς
788 2486 988 2550 πάντας
1011 2485 1090 2557 τῷ
1138 2485 1521 2556 ἐπιθυμητικῷ
1562 2485 1884 2556 κεχρῆσθαι,
1914 2485 2028 2538 ἀλλ’

448 2579 595 2633 ἐστιν
626 2581 715 2634 ὅτε
745 2581 838 2632 καλ⁴
866 2578 1004 2650 πρός
1049 2596 1102 2632 τι
1137 2578 1244 2632 τῶν
1277 2577 1630 2649 ὲπιθυμητῶν
1658 2576 1907 2649 γαληνῶς
1936 2577 2031 2630 καὶ

448 2670 626 2739 ὴπίως
659 2667 961 2722 διακεῖσθαι
996 2666 1352 2738 σωφροσύνης
1382 2665 1550 2718 ἐστίν.
1587 2664 1697 2718 Καὶ
1733 2662 1907 2717 ταῦτα
1930 2662 2028 2733 μὲν

448 2759 584 2830 πρός
611 2776 664 2810 τι
692 2758 786 2813 καὶ
809 2757 949 2812 κατὰ
975 2757 1066 2811 τὸν
1089 2759 1432 2828 προσήκοντα
1467 2753 1772 2827 μετρείσθω
1802 2754 1992 2825 καιρόν
2019 2770 2029 2783 ο

447 2851 540 2904 τὸν
567 2851 693 2903 νοῦν
744 2850 800 2902 δὲ
851 2848 944 2902 τοῦ
983 2849 1117 2902 Θεοῦ
1169 2849 1370 2919 λογίοις
1419 2845 1736 2915 ὑπανοίγειν
1763 2843 1857 2900 καὶ
1912 2847 2040 2908 ταῖς

449 2942 622 3006 θείαις
647 2942 898 3013 μελέταις
946 2942 1034 2996 ἀεὶ
1088 2941 1481 3013 προσασχολεῖν
1517 2938 1801 2993 κάλλιστόν
1846 2954 1906 2991 τε
1939 2937 2034 2990 καὶ

448 3033 784 3086 τελειότατον
806 3035 925 3097 ταῖς
986 3032 1363 3096 θεοπνεύστοις
1426 3030 1746 3101 ἱερολογίαις
1796 3029 2035 3092 ἀπάσαις

454 3127 809 3197 μαρτυρεῖται
832 3140 846 3155 ·
908 3123 1050 3176 οὕτω
1097 3123 1206 3195 γὰρ
1235 3123 1300 3176 ἄν
1329 3139 1413 3186 τις
1448 3121 1556 3175 τῶν
1585 3121 1853 3192 οὐρανίων
1881 3103 2034 3192 νομί-

457 3232 573 3284 μων
600 3213 694 3267 τοῦ
721 3213 1020 3284 πνεύματος
1070 3214 1394 3284 ἐπιστήμων
1440 3210 1813 3282 καθειστήκοι.
1850 3209 2027 3263 Σπεύ-

458 3303 570 3356 δειν
588 3302 686 3374 μὲν
701 3299 793 3357 οῦν
814 3303 1030 3376 ἄριστον
1051 3300 1211 3368 εἶναι,
1234 3301 1519 3356 κάλλιστόν
1547 3318 1605 3352 τε
1627 3302 1721 3354 καὶ
1738 3299 2028 3369 παγκλεές·

454 3395 709 3466 ἀρέσκειν
730 3394 786 3448 δὲ
816 3393 890 3467 μὴ
923 3396 1116 3448 πᾶσιν·
1154 3394 1212 3447 οὐ
1246 3394 1354 3465 γὰρ
1387 3393 1480 3446 καὶ
1515 3395 1630 3456 τοῖς
1663 3394 1852 3454 κακοῖς
1882 3390 2034 3444 δυνα-

451 3486 565 3550 τὸν,
596 3485 710 3540 ἀλλ’
757 3481 838 3549 οἷς
891 3483 1039 3550 ἀξιον
1081 3485 1357 3557 ἀρέσκειν,
1405 3485 1517 3547 τοῖς
1544 3483 1766 3552 ἀγαθοῖς
1794 3482 2032 3555 δηλαδή’

453 3579 658 3641 κακοὺς
675 3577 782 3650 γὰρ
801 3579 1040 3648 τέρπειν,
1059 3575 1184 3643 δόξα
1204 3575 1320 3627 ἐστὶ
1346 3573 1613 3645 δυσκλεὴς
1634 3575 1724 3627 καὶ
1753 3573 2032 3644 θεομισής.

459 3669 530 3725 49
566 3671 832 3736 Αἱσχρὸν
882 3667 1132 3736 ἄριστον
1188 3667 1387 3730 ἐόντα,
1458 3665 1801 3805 συνήγίοξιέἒν
1834 3663 2035 3742 ἔμμεν*

1770 3751 1963 3801 ιτρων.

1770 3751 1963 3801 ιτρων.

530 3828 756 3900 Λίσχρδν
781 3829 897 3898 ἀμα
923 3828 1016 3881 καὶ
1039 3827 1221 3881 ἄδικον
1249 3827 1344 3879 καλ¹
1373 3825 1608 3896 πονηρὸν
1626 3865 1640 3890 ,
1676 3823 1879 3892 ἀγαθὸν
1908 3824 2038 3878 ὄντα

456 3925 624 3995 ἄνδρα
659 3922 753 3975 καὶ
783 3921 991 3974 δίκαιον
1021 3919 1169 3991 (78),
1211 3921 1511 3990 συνήγορον
1540 3916 1771 3991 ὁρᾶσθαι
1793 3917 1900 3970 τῶν
1939 3935 2036 3971 πο-

464 4013 641 4083 νηρῶν
689 4013 782 4064 καὶ
827 4009 1032 4064 κακῶν.
1082 4010 1192 4064 Καὶ
1235 4010 1343 4080 γὰρ
1379 4010 1584 4079 ὅμοιον,
1617 4008 1770 4079 φησὶ,
1803 4009 1894 4060 καὶ
1925 4008 2037 4062 ἴσον

460 4104 689 4174 ὑπάρχει
715 4103 776 4156 τὸ
805 4099 1111 4171 φιλιοῦσθαι
1140 4104 1251 4164 τοῖς
1280 4102 1469 4163 κακοῖς
1496 4098 1592 4152 καί
1627 4115 1778 4167 σφισι
1818 4113 2040 4169 συνηγο-

457 4199 572 4266 ρεῖν
601 4195 678 4266 τῷ
720 4195 820 4265 τῆς
858 4193 1036 4248 αὐτῶν
1065 4193 1262 4256 κακίας
1297 4193 1446 4255 ἐντὸς
1493 4185 1630 4245 εἶναι
1675 4191 1769 4243 καὶ
1820 4191 1878 4244 ὲν
1919 4192 2038 4253 ταῖς

456 4291 594 4352 ὁδοῖς
610 4287 788 4340 αὐτῶν
809 4284 1152 4356 πορεύεσθαι.
1186 4285 1385 4338 Πάλιν·
1414 4283 1556 4354 [lupi
1577 4282 1677 4352 μὲν
1708 4281 1802 4334 καὶ
1832 4299 2039 4351 χωνευ-

465 4378 635 4449 τηρίῳ
661 4378 754 4430 τὸν
798 4376 998 4447 χρυσὸν
1028 4375 1362 4446 δαμάζεσθαι
1403 4374 1801 4446 μεμαθήκαμεν
1833 4374 1928 4449 καὶ
1957 4374 2040 4426 δο-

453 4445 848 4540 κιμάζεσθαι-ί
875 4469 1041 4541 ἄνδρα
1069 4445 1125 4522 δὲ
1149 4469 1351 4536 ἀγαθὸν
1377 4445 1491 4531 τοῖς
1516 4445 1734 4537 ἄλγεσιν
1763 4445 1919 4538 τσμέν
1946 4467 2040 4520 xui.

458 4562 641 4624 πόνοις
667 4559 1072 4614 ταπεινοῦσθαι.
1090 4560 1180 4630 Μὴ
1207 4553 1298 4613 οῦν
1325 4558 1422 4621 τὰς
1455 4558 1772 4627 ἀλγηδόνας,
1789 4553 1833 4611 ὦ
1861 4550 2036 4621 οὗτος,

369 4722 380 4726 _
457 4652 720 4714 πολλάκις
754 4649 958 4715 δεδιὼς,
989 4650 1290 4721 ὑπενεχθῇς
1323 4651 1388 4720 τῇ
1423 4649 1650 4720 ἀσεϐείᾳ
1685 4649 1777 4701 καὶ
1807 4664 2040 4721 συνηγο-

459 4742 573 4812 ρῶν
602 4742 773 4812 ὀφθῇς
796 4744 907 4803 τοῖς
935 4743 1146 4804 κακοῖς.
1189 4735 1318 4793 Οἶδα
1359 4738 1486 4810 γάρ,
1524 4738 1678 4809 φησὶ,
1711 4736 1772 4789 τὸ
1791 4736 2041 4790 διέὐσέ-

459 4829 614 4883 ϐειαν
647 4831 810 4899 ἄλγος
850 4831 1177 4900 κουφότερον
1216 4827 1277 4880 ὃν
1305 4827 1406 4896 τῆς
1458 4825 1753 4888 εὐπαθείας
1784 4825 1890 4878 τῶν
1910 4825 2040 4878 ἀσε-
2075 4830 2087 4839 ⁸

462 4920 577 4972 ϐῶν
626 4921 718 4974 καὶ
765 4921 826 4973 τὸ
857 4921 994 4992 μετὰ
1045 4917 1280 4991 Χριστοῦ
1323 4917 1582 4986 πάσχειν,
1635 4915 1727 4968 τοῦ
1761 4914 1900 4986 μετὰ
1934 4915 2042 4968 τῶν

458 5012 856 5082 Χριστομάχων
893 5012 1102 5084 τρυφᾷν
1146 5007 1504 5079 αἱρετώτερον
1543 5007 1636 5061 καὶ
1674 5005 1931 5077 ήδύτερον
1957 5005 2039 5058 ὅτι

464 5103 699 5173 μάλιστα
728 5103 806 5173 τῷ
847 5102 1082 5157 εὐσεϐεῖ.
1125 5099 1294 5153 Πάλιν
1322 5114 1338 5130 °
1384 5097 1593 5170 Ῥᾴδιον
1622 5097 1688 5151 ἂν
1716 5095 1804 5167 εἴη
1832 5096 1926 5150 καὶ
1951 5096 2040 5149 τὸν

464 5192 642 5264 μεγαν
670 5191 1015 5263 ἀρνήσασθαι
1038 5190 1169 5244 Θεὸν
1193 5187 1353 5242 παντὶ
1378 5186 1457 5257 τῷ
1483 5186 1715 5258 ἑτοίμως
1743 5187 1918 5255 ἔχοντι
1950 5185 2042 5238 τὸν

459 5285 661 5336 οἰκεῖον
696 5281 906 5353 πατέρα
936 5279 1334 5353 ἀπαρνεῖσθαι·
1379 5278 1483 5350 χρὴ
1514 5277 1590 5342 δὲ,
1622 5276 1697 5348 μὴ
1723 5277 1797 5339 ὡς
1829 5275 2043 5344 φύσεως

465 5375 646 5447 μόνον,
676 5373 811 5428 ἀλλά
837 5375 932 5428 καὶ
960 5372 1036 5436 ὡς
1068 5371 1349 5435 εὐσεϐείας
1391 5368 1658 5439 γενετῆρα
1690 5368 1879 5422 τοῦτον
1911 5367 2078 5419 είδέ-’

464 5484 554 5521 ναι
593 5483 654 5520 τε
692 5467 788 5519 καὶ
839 5467 1036 5537 τιμᾷν,
1078 5467 1127 5518 εί
1162 5465 1294 5536 μήτι
1332 5480 1395 5532 γε
1441 5461 1720 5534 προδήλως
1755 5460 2043 5531 θεομαχεῖν

464 5556 870 5626 καταναγκάζοι
887 5573 901 5588 ⁸
944 5555 1087 5610 οὕτω
1109 5556 1216 5628 γὰρ
1259 5555 1357 5626 οὐχ
1381 5555 1457 5618 ὼς
1485 5552 1765 5616 εὐσεϐείας
1793 5552 2041 5622 γενέτην,

462 5648 580 5701 ἀλλ’
605 5647 679 5711 ὡς
705 5649 955 5712 ἀσεϐείας
980 5649 1274 5719 συνήγορον
1302 5645 1543 5700 εὐσεϐεῖν
1571 5644 1886 5717 βουλόμενος
1909 5645 2044 5703 ἁπο-

468 5739 777 5811 στραφήσῃ.

537 5849 651 5922 (78)
684 5847 817 5907 Cod.
863 5849 1027 5904 δίκον.

1464 397 1534 452 IN
1572 395 1886 455 CARMINA
1925 395 2206 452 ΑιιρΑΝλ
2245 396 2301 452 S.
2344 393 2695 451 GREGORII.

3585 397 3706 453 786’

2137 519 2198 570 ιιι
2249 516 2359 570 Nec
2380 517 2649 585 justitiam
2680 513 3042 583 iuﬂexibiiem,
3063 528 3221 583 neque
3250 509 3600 581 prudentiam.

2137 587 2206 640 49..
2247 585 2512 641 Callidum
2545 589 2753 643 habeat.

2205 679 2416 734 Cuncta
2448 693 2727 739 mensura,
2756 683 2956 732 cuncta
2987 683 3192 730 statera
3225 682 3341 730 tum
3372 691 3552 732 mores
3585 685 3715 730 tum"

2136 768 2368 823 ali‘ectus
2419 768 2720 840 ponderare
2771 768 2966 820 animae
3019 773 3074 821 et
3132 767 3384 821 ordinata
3438 767 3701 821 virtutum

2129 859 2268 914 bene
2297 859 2593 929 disponere
2642 865 2859 928 oportet
2918 864 2972 912 et
3040 871 3346 922 exornare;
3399 858 3502 913 etsi
3557 857 3702 912 enim

2128 950 2420 1019 pulchrum
2452 950 2524 1004 sit
2547 948 2761 1018 iustitia
2792 956 2846 1002 et
2875 947 3445 1018 prudemia,pulchr:n
3473 948 3618 1002 enim
3651 955 3705 1004 et

2128 1040 2395 1094 virtutum
2447 1039 2831 1109 pulcherrima:
2883 1039 3272 1104 celebrantur;
3326 1037 3423 1093 sed
3482 1039 3530 1093 si
3582 1040 3706 1108 quis

2129 1133 2457 1188 sufﬁcienter
2485 1139 2538 1187 et
2555 1131 2789 1200 amplius
2809 1113 2973 1201 quam
2995 1137 3206 1201 oportet
3235 1131 3444 1200 justum
3493 1130 3708 1186 all'ectet

2129 1225 2184 1278 in
2227 1222 2580 1278 inﬂexibilem
2618 1229 2671 1277 et
2707 1221 3193 1276 inmisericordem
3221 1235 3428 1276 morem
3501 1221 3708 1276 labitur

2127 1321 2182 1369 et
2213 1321 2404 1384 peccat
2433 1321 2627 1368 contra
2661 1312 2998 1383 aequitatem,
3024 1321 3078 1367 et
3115 1312 3186 1365 ita
3214 1310 3705 1382 injustejustitiam

2129 1419 2463 1474 persequens
2513 1418 2618 1457 non
2653 1402 2758 1456 erit
2793 1400 3105 1456 laudabilis.
3139 1401 3338 1454 lterum
3371 1420 3384 1455 :
3417 1401 3706 1471 prudentia

2129 1495 2260 1550 utile
2291 1509 2504 1563 semper
2523 1501 2578 1549 et
2615 1507 2917 1563 congruum
2953 1491 3233 1557 affectans,
3265 1492 3310 1550 si
3342 1507 3452 1546 non
3483 1492 3538 1546 in
3569 1491 3706 1546 sim-
3801 1541 3805 1549 .

2127 1585 2374 1656 plieitate
2406 1593 2458 1640 et
2480 1594 2630 1640 recta
2663 1586 2898 1650 ratione,
2930 1583 3026 1639 sed
3049 1583 3104 1638 in
3144 1583 3505 1654 perversitate
3531 1593 3582 1639 et
3609 1598 3708 1654 per

2127 1675 2365 1730 alienum
2429 1674 2819 1747 detrimentum
2875 1675 3091 1728 lucrum
3165 1675 3444 1744 proprium
3488 1673 3704 1743 qumrit,

2128 1781 2260 1820 num
2298 1765 2476 1821 virtus
2507 1765 2614 1820 erit
2647 1764 2821 1818 illud?
2869 1779 2978 1819 non
3006 1763 3168 1818 laude
3207 1763 3379 1832 magis
3409 1778 3572 1832 quam
3627 1764 3707 1816 vi-

2130 1857 2474 1927 tuperatione
2511 1866 2568 1912 et
2597 1856 2953 1912 accusatione
2998 1846 3196 1926 digna;
3227 1855 3321 1911 sed
3355 1862 3410 1910 et
3439 1853 3709 1910 fortitudo

2128 1948 2244 2018 ipsa
2277 1949 2558 2020 reguletur
2587 1956 2642 2004 et
2689 1952 3026 2017 temperetur
3066 1954 3120 2002 et
3147 1947 3285 2001 bene
3323 1945 3707 2010 distribuatur,

2129 2040 2212 2096 sic
2235 2040 2380 2095 enim
2411 2040 2586 2096 virilis
2629 2040 2849 2095 animus
2881 2039 2972 2095 ﬁet
3001 2046 3057 2093 et
3101 2037 3260 2094 laude
3297 2037 3461 2108 digna
3497 2036 3706 2101 virtus;

2129 2132 2214 2188 sin
2246 2137 2430 2185 autem
2476 2131 2620 2185 ultra
2653 2130 2705 2184 id
2761 2130 2909 2199 quod
2961 2136 3174 2200 oportet
3220 2129 3445 2198 propius
3479 2127 3706 2190 incidat,

2122 2223 2237 2294 jam
2268 2238 2378 2277 non
2401 2221 2577 2278 virilis
2596 2223 2815 2277 animus
2831 2230 2886 2277 et
2915 2220 3205 2284 fortitudo,
3231 2220 3324 2276 sed
3353 2218 3707 2274 temerarium

2128 2314 2235 2368 erit
2266 2320 2322 2368 et
2351 2311 2769 2382 vituperandum
2807 2329 2822 2366 :
2855 2310 2936 2365 sic
2973 2317 3028 2365 et
3075 2309 3437 2380 temperantia
3485 2324 3594 2363 non
3653 2309 3708 2362 in

2131 2405 2373 2476 graviter
2399 2410 2454 2460 et
2475 2404 2643 2468 lente,
2689 2417 2908 2472 semper
2946 2410 3003 2457 et
3043 2402 3112 2456 ad
3147 2400 3352 2464 omnia,
3392 2399 3710 2470 cupiditati-

2130 2498 2232 2553 bus
2261 2496 2485 2559 utendo,
2519 2495 2615 2551 sed
2643 2501 2864 2549 constat
2907 2508 3033 2548 cum
3079 2492 3145 2546 ad
3187 2491 3560 2547 desideratum
3605 2489 3710 2543 ali-

2130 2586 2260 2659 quid
2279 2586 2494 2656 placide
2516 2592 2571 2640 et
2598 2583 2894 2654 tranquille
2928 2597 3196 2653 paramur,
3229 2579 3330 2634 hoc
3348 2576 3709 2648 temperantia

2130 2681 2252 2742 est;
2300 2683 2356 2728 et
2397 2674 2513 2729 hzec
2571 2673 2799 2728 relative
2829 2680 2884 2727 et
2923 2685 3024 2741 pro
3067 2677 3314 2738 tempore
3356 2675 3484 2737 apto
3526 2665 3713 2719 mode-

2133 2774 2345 2820 rentur.
2379 2762 2614 2818 Mentem
2643 2768 2825 2817 autem
2858 2761 2950 2815 Dei
2983 2760 3212 2815 vocibus
3238 2757 3451 2828 aperire
3475 2764 3530 2811 et
3569 2755 3712 2811 divi-

2134 2857 2221 2912 nis
2253 2855 2705 2911 meditationibus
2729 2868 2946 2922 seraper
2976 2867 3236 2908 exercere
3276 2849 3712 2920 pulcherrimum

2134 2954 2190 3002 et
2215 2945 2686 3018 perfectissimum
2715 2960 2861 3009 esse,
2891 2959 2921 2998 a
2954 2942 3066 2998 Deo
3087 2941 3353 3011 inspirata
3376 2947 3565 2995 sancta
3599 2939 3714 2992 elo-

2135 3038 2266 3109 quia
2297 3047 2573 3093 testantur
2592 3037 2778 3091 omnia
2817 3054 2832 3090 :
2875 3035 2957 3091 sic
2991 3035 3138 3088 enim
3175 3030 3374 3101 aliquis
3405 3029 3723 3085 caelestium.

2138 3129 2368 3199 spiritus
2409 3145 2622 3183 morum
2652 3127 2851 3182 doctus
2886 3132 3211 3195 appareret;
3268 3121 3455 3176 studio
3518 3118 3725 3175 inferri.

2140 3227 2198 3275 ut
2232 3220 2404 3276 simus
2424 3220 2638 3290 optimi,
2663 3217 3092 3289 pulcherrimum
3119 3221 3173 3270 et
3194 3212 3351 3268 valde
3378 3213 3710 3284 gloriosum.

2138 3310 2233 3365 sed
2263 3324 2374 3364 non
2400 3309 2602 3364 bonum
2646 3317 2733 3365 est
2786 3309 3004 3380 placere
3047 3304 3329 3367 omnibus,
3375 3318 3502 3357 nam
3551 3302 3730 3356 malis

2135 3405 2348 3475 placere
2377 3417 2485 3456 non
2527 3401 2789 3472 possibile
2829 3408 2936 3465 est,
2983 3399 3122 3455 bene
3145 3411 3273 3452 vero
3319 3394 3388 3449 iis
3432 3393 3524 3464 qui
3564 3392 3725 3463 digni

2133 3499 2284 3555 sunt,
2333 3491 2545 3546 scilicet
2582 3491 2771 3558 bonis;
2824 3505 2956 3544 nam
3013 3487 3188 3542 malos
3224 3484 3502 3542 delectare
3539 3483 3721 3554 gloria

2135 3591 2221 3640 est
2270 3598 2381 3638 non
2404 3582 2547 3636 bona
2603 3589 2660 3635 et
2685 3578 2792 3635 Deo
2824 3580 3030 3637 odiosa.

2137 3674 2204 3730 49
2247 3673 2418 3743 Turpe
2463 3683 2541 3728 est
2588 3688 2707 3727 eum
2761 3670 2850 3742 qui
2885 3671 3111 3738 optimus
3141 3678 3216 3724 est
3267 3678 3553 3743 patronum
3601 3683 3712 3720 esse

3273 3738 3644 3808 (nefariorum.

2207 3835 2392 3905 Turpe
2431 3833 2596 3890 simul
2625 3841 2679 3889 et
2704 3833 2970 3902 injustam
2999 3841 3052 3888 et
3085 3831 3395 3894 molestum,
3425 3829 3472 3884 si
3506 3829 3590 3881 vir
3617 3827 3716 3880 bo.

2136 3942 2242 3982 nus
2276 3936 2331 3980 et
2361 3925 2549 3994 justus
2607 3923 2908 3980 advocatus
2945 3922 3198 3978 videatur
3228 3922 3537 3984 malorum;
3590 3933 3716 3972 nam

2135 4028 2462 4086 congruum,
2493 4015 2692 4084 inquit,
2723 4025 2779 4070 et
2805 4014 2983 4070 simile
3011 4021 3098 4069 est
3125 4012 3399 4067 amicitias
3442 4025 3567 4065 cum
3601 4024 3716 4062 ma-

2136 4111 2203 4183 lis
2239 4110 2468 4181 iungere
2513 4109 2843 4178 et.ipsorum
2874 4119 3070 4160 causas
3098 4102 3390 4159 defendere
3415 4102 3566 4155 illum
3622 4100 3716 4169 qui

2137 4199 2207 4254 ab
2231 4195 2381 4253 intus
2413 4198 2619 4251 malitia
2651 4195 2846 4252 similis
2877 4194 3016 4264 ipsis
3040 4200 3126 4248 est
3153 4199 3207 4246 et
3232 4207 3327 4262 per
3342 4191 3568 4245 easdem
3599 4190 3716 4243 vias

2138 4290 2582 4346 incedit.lterum
2615 4307 2628 4343 :
2664 4288 2792 4359 igne
2819 4295 2874 4342 et
2913 4283 3233 4342 conﬂatorio
3289 4299 3484 4338 aurum
3530 4283 3716 4338 elabo-

2138 4379 2249 4434 rari
2283 4378 2579 4433 didicimus
2601 4385 2656 4433 et
2687 4375 2934 4446 probari,
2965 4375 3241 4430 hominem
3279 4381 3462 4428 autem
3509 4373 3715 4428 bonum

2139 4470 2591 4524 tribulationibus
2611 4478 2665 4525 et
2694 4467 3081 4523 afflictionibus
3101 4465 3394 4522 humiliari.
3452 4463 3530 4519 Ne
3563 4481 3714 4536 ergo,

2140 4577 2174 4616 ο
2203 4570 2281 4628 ιιι,
2333 4559 2720 4616 tribulationes
2768 4560 2968 4629 smpius
3005 4558 3206 4614 timens
3258 4556 3326 4611 ad
3382 4557 3724 4625 impietatem,

2139 4652 2421 4707 inclineris
2442 4659 2495 4706 et
2517 4651 2776 4708 defensor
2801 4653 3070 4706 malorum
3099 4648 3338 4704 videaris
3360 4665 3375 4713 ;
3395 4648 3524 4702 novi
3546 4648 3715 4711 enim,

2141 4741 2340 4812 inquit,
2393 4740 2808 4796 tribulationem
2847 4739 2916 4795 ob
2955 4735 3234 4805 pietatem,
3294 4736 3551 4794 leviorem
3597 4753 3723 4797 esse

2141 4846 2305 4903 quam
2346 4831 2642 4902 impiorum
2711 4830 3021 4888 felicitatem
3088 4838 3142 4884 et
3210 4828 3318 4900 pati
3395 4844 3519 4884 cum
3558 4829 3722 4883 Chri-

2143 4929 2229 4976 sto
2250 4919 2422 4988 magis
2446 4934 2610 4988 quam
2637 4933 2763 4973 cum
2791 4919 3032 4974 inimicis
3049 4917 3253 4975 Christi
3273 4917 3486 4987 epulari
3510 4917 3720 4988 eligen:

2144 5010 2273 5066 dum
2296 5024 2419 5064 esse
2461 5016 2516 5064 et
2550 5024 2714 5079 quam
2761 5011 2999 5067 maxime
3033 5010 3193 5065 dulce
3217 5009 3306 5080 pio
3342 5007 3570 5064 homini.
3619 5009 3722 5063 lte-

2147 5119 2267 5159 rum
2303 5122 2316 5158 :
2350 5099 2538 5156 Facile
2561 5108 2711 5157 esset
2741 5111 2795 5156 et
2825 5117 3083 5173 magnum
3121 5116 3319 5173 negare
3348 5099 3515 5159 Deum
3545 5101 3740 5156 cuivis.

2147 5183 2338 5268 parato
2381 5192 2450 5247 ad
2504 5192 2813 5262 negandum
2862 5193 3146 5263 proprium
3202 5201 3439 5263 patrem.
3487 5192 3733 5263 Oportet.
3814 5257 3817 5260 _

2148 5294 2329 5342 autem
2354 5301 2461 5339 non
2489 5285 2666 5343 solum
2699 5290 2757 5342 ut
2779 5292 2990 5338 naturae
3025 5283 3120 5338 sed
3153 5291 3210 5342 et
3250 5292 3304 5338 ut
3338 5284 3554 5355 pietatis
3579 5283 3727 5354 geni-

2149 5386 2320 5432 torem
2355 5376 2505 5430 illum
2536 5387 2834 5445 agnoscere
2876 5381 2932 5430 et
2964 5373 3257 5439 honorare,
3305 5376 3413 5433 nisi
3451 5374 3589 5428 forte
3639 5388 3722 5426 co-

2148 5479 2242 5541 gat
2273 5470 2328 5522 in
2352 5467 2534 5536 aliquo
2569 5463 2862 5519 manifeste
2899 5463 3166 5519 adversus
3210 5462 3378 5520 Deum
3427 5459 3671 5534 pugnare
3704 5481 3718 5518 :

2150 5562 2234 5616 sic
2255 5560 2400 5615 enim
2429 5572 2537 5611 non
2571 5563 2628 5610 ut
2655 5554 2880 5625 pietatis
2912 5554 3240 5624 genitorem,
3260 5555 3355 5610 sed
3386 5561 3444 5608 ut
3467 5549 3722 5621 impieta-

2153 5651 2224 5710 tis
2255 5655 2540 5720 patronum
2575 5645 2663 5716 pie
2690 5642 2883 5701 volens
2907 5643 3088 5699 vivere
3115 5641 3340 5700 vitares.
