2041 3202
214 172 268 200 τεο

208 229 302 265 ψυχῆς
315 228 363 256 καὶ
375 228 475 264 σαρκὸς
486 228 535 264 τὴν
545 228 679 265 ἀμετρίαν
691 229 825 266 ὑπάρχειν
834 232 884 266 τῆς
894 231 1008 267 μελέτης

211 275 263 310 τὴν
275 274 322 301 ἀπ’
329 273 415 309 αὐτῆς
423 274 452 301 δὲ
460 274 592 309 ὠφέλειαν
599 276 647 302 καὶ
657 276 747 311 πάσης
754 275 932 304 θεοπνεύστου
939 277 994 314 Γρα
1001 291 1009 298 -

212 320 267 356 φῆς
280 320 395 355 δύναμιν
409 320 450 352 εἰς
465 321 512 348 τδν
522 321 568 347 τοῦ
582 321 649 348 Θεοῦ
667 321 749 356 φόϐον
775 324 822 350 καὶ
834 324 883 359 τῆς
898 324 1008 360 ἐντολῆς

211 367 329 402 τήρησιν
341 367 644 402 συγκεφαλαιουμένους
661 368 760 400 ἐξεῖναι
777 369 878 397 λαὸεῖν.
895 370 1008 406 Τοιγάρ-

212 419 256 437 τοι
271 411 320 447 τῆς
333 412 532 447 παραγγελίας.
548 412 649 448 ταύτης
671 414 891 449 ἀκροασάμενος,
905 415 1006 449 ἐφυλα-

217 456 309 491 ξάμην
324 456 463 483 ὲπιπλείον
472 458 521 492 τῆς
536 457 691 493 ἐξηγήσεως
705 459 774 494 μετὰ
792 460 842 496 τὴν
852 460 907 487 τῶν
919 461 1006 497 ἀπορ-

215 501 307 536 ρήτων
315 501 460 536 ἐπίσκεψιν
469 502 545 534 ἰέναι,
555 503 711 530 τελευταίαν
718 504 746 530 δὲ
757 504 812 531 τῶν
820 506 1007 541 προκειμένων

210 546 399 581 τετραστίχων
414 547 518 574 τούτων
544 549 594 583 τὴν
612 549 802 584 γνωμολογίαν
824 550 1007 586 ἀποχρώντως

209 592 289 627 ἡμᾶς
305 589 505 628 οἰκοδομούσηξ
518 594 586 629 πρός
607 603 636 621 τε
650 594 767 630 θεωρίαν
787 596 833 623 καὶ
851 596 950 632 πρᾶξιν
963 596 1006 628 ἐξ·

211 637 387 672 ηγησὰμενος
400 639 577 667 καταπαύσω.

212 683 224 718 1
244 681 357 715 Πρᾶξιν
370 684 586 717 προτιμήσειίις
603 685 621 717 ἣ
639 686 781 718 θεωριάν;

208 717 229 743 ‘2
252 718 341 751 Ὀψις
360 718 482 744 τελείων
492 720 591 753 ἔργον,
603 720 621 753 ᾐ
638 720 671 746 δὲ
684 717 907 756 ἑιλειὸνωφ-(ἒῖι).

253 762 421 797 ’Λποΰλέψας
436 764 449 789 ὁ
475 765 683 799 μακαριώτατος
700 767 767 801 πρὸς
789 776 818 793 τε
840 767 887 802 τὴν
907 767 1005 802 πρᾶξιν

210 808 262 843 τῆς
278 809 377 844 ἀρετῆς
399 810 445 835 καὶ¹
459 811 507 844 τῆς
523 811 639 846 θεωρίας
656 813 703 847 τὴν
728 814 873 845 ἀνάϐασιν,
896 815 1005 850 καὶτῆς

212 853 263 887 μὲν
278 853 307 879 τὸ
323 854 488 887 καθαρτικὸν
504 856 552 881 καὶ
565 857 726 889 φωτιστικὸν
739 857 791 883 τῶν
808 858 942 892 σωμάτων
955 859 1004 886 καὶ

210 899 266 924 τῶν
279 899 382 933 ψυχῶν,
399 900 447 935 τῆς
461 900 489 926 δὲ
501 900 530 926 τὺ
545 901 720 936 τελετουργὸν
742 904 787 929 καὶ
806 905 933 939 θεονργὸν
948 904 1003 932 τῶν

210 944 332 979 καρδιῶν
350 946 395 972 καὶ
411 946 489 977 νοῶν,
507 947 552 973 καί
567 956 598 981 γε
611 948 640 974 τὸ
656 949 723 984 προς
739 951 874 977 υἱοθεσίαν
890 952 936 977 καὶ
948 960 1003 978 σω-

211 990 311 1024 τηρίαν
323 990 468 1024 ἀναγκαῖον
482 992 534 1018 τῶν
546 993 709 1029 ἀμφοτέρων
724 996 910 1031 ἐκθαυμάσας,
922 997 1005 1025 Ποίαν

212 1035 323 1067 τούτων,
340 1036 476 1071 ἑξεϐόησε,
490 1039 687 1074 προτιμοτέραν
704 1042 855 1075 ποιήσειας,
872 1042 920 1076 τὴν
933 1043 1004 1077 πρᾶ-

209 1080 253 1112 ξιν
268 1080 282 1115 ἧ
298 1081 346 1116 τὴν
367 1081 501 1116 θεωρίαν;
515 1083 552 1114 ὡς
563 1084 616 1119 γὰρ
631 1084 676 1110 δύο
690 1086 771 1117 ὄντας
787 1087 943 1122 ὀφθαλμοὺς
957 1087 1002 1115 τοῦ

205 1124 255 1150 διὰ
269 1125 317 1159 τῆς
337 1127 433 1161 νοερᾶς
448 1127 582 1161 κλίμακος
599 1130 789 1162 ἀναϐαίνοντος
804 1131 871 1165 πρὸς
886 1132 930 1158 τὸν
937 1132 1003 1159 Θεὸν

207 1171 365 1206 ὁμοσθενῶς
382 1181 411 1199 τε
434 1174 480 1200 καὶ
501 1175 642 1210 ὁμοτίμοις
658 1177 725 1211 πρὸς
741 1177 769 1202 ἓν
784 1178 863 1212 μόνον
878 1179 907 1205 τὸ
919 1179 1003 1211 ὅντως

207 1217 312 1251 ἀγαθὸν
325 1218 478 1253 ὁρμῶντας,
490 1221 539 1246 οὐκ
552 1221 608 1247 ἔστι
619 1221 664 1248 τὸν
679 1222 728 1257 μὲν
741 1223 840 1257 ῥᾳδίως
856 1225 1001 1260 προτιμᾷν,

206 1262 255 1290 τὸν
269 1263 296 1289 δὲ
307 1264 418 1298 ἥττονος
432 1265 511 1299 λόγου
533 1267 579 1292 καὶ
603 1269 685 1302 τιμῆς
708 1268 814 1299 ἀξιοῦν·
846 1270 928 1304 ἄμεω
948 1270 1003 1305 γὰρ

206 1308 311 1342 ὁμοίως
325 1310 424 1341 αὐτοὺς
444 1310 493 1345 τῆς
506 1311 629 1347 ἀλλήλοιν
645 1313 770 1347 βοηθείας
791 1315 941 1342 ἐπιδεῖσθαι
955 1317 1003 1343 καὶ¹

210 1355 366 1389 συνεργίας.
385 1356 477 1387 Οῦτως
492 1357 507 1392 ἡ
524 1358 622 1391 πρᾶξις
637 1358 686 1394 μὲν
700 1360 794 1394 ὀδηγὸς
812 1361 916 1394 γίνεται
936 1363 1003 1398 πρὸς

208 1399 339 1435 θεωρίαν,
359 1401 375 1435 ἡ
391 1400 491 1436 θεωρία
504 1401 532 1427 δὲ
551 1404 668 1437 σφραγὶς
690 1406 722 1439 τῇ
742 1406 839 1440 πράξει
854 1407 900 1432 καὶ
916 1407 1003 1442 ἀσφά-

206 1445 269 1471 λεια
295 1445 473 1479 καθίσταται,
496 1447 533 1479 ὡς
561 1449 598 1483 μὴ
620 1449 652 1474 ἄν
677 1458 740 1476 ποτε
755 1450 883 1478 δύνασθαι
900 1452 1002 1480 τέλειον

207 1489 279 1518 εἶναι
295 1492 340 1518 τὸν
361 1492 463 1519 τούτων
484 1494 628 1521 ὁποιασοῦν
652 1496 895 1533 ἀποστερούμενον.
932 1499 1001 1525 Ἀλλ’

206 1537 268 1563 ἐπεὶ
286 1538 324 1573 μὴ
339 1539 422 1565 πᾶσιν
440 1539 526 1573 ἁγίοις
550 1540 704 1575 ἀνθρώποις
724 1540 799 1568 οὖσιν
822 1544 921 1578 ὁμοίως
941 1546 1001 1571 κατ’

207 1583 294 1617 ἄμφω
307 1584 488 1620 ἐνευδοκιμεῖν
503 1586 623 1618 δυνατὸν,
643 1588 658 1621 ἠ
679 1587 727 1622 μὲν
755 1588 816 1620 ὄψις
832 1590 877 1615 καὶ
893 1590 1002 1626 καθαρὰ

208 1628 311 1664 θεωρία
325 1629 378 1655 τῶν
392 1630 500 1657 τελείων
512 1632 626 1667 ἐργασία
641 1633 709 1664 ἐστὶ,
724 1634 784 1659 καθ’
797 1634 858 1660 ὅσον
870 1636 916 1661 κα)⁸
934 1636 1001 1670 μᾶλα

208 1674 254 1699 λον
267 1673 311 1700 διὰ
330 1673 379 1709 τῆς
393 1675 517 1710 πράξεως
539 1677 651 1708 ἑαυτοὺς
672 1678 901 1714 ἐκκαθηρὰμενοι,
920 1680 1001 1708 αὐτόν

206 1727 237 1744 τε
249 1718 292 1745 τὸν
313 1719 380 1746 Θεὸν
392 1721 439 1747 καὶ
456 1721 489 1747 τὰ
507 1721 564 1748 θεῖα
581 1723 747 1759 σαφέστερον
763 1724 903 1757 ἀξιοῦνται
918 1734 1001 1753 κατα-

205 1764 320 1799 θεωρεῖν
332 1774 338 1780 '
363 1767 380 1801 ὴ
407 1767 506 1802 πρᾶξις
524 1767 552 1794 δὲ
567 1768 621 1794 τῶν
641 1769 760 1796 πλεόνων
787 1772 833 1797 καὶ
851 1772 899 1806 τῆς
914 1773 1002 1807 ἄκρας

205 1809 375 1845 τελειότητος
401 1811 571 1847 ὑφειμένων,
596 1814 634 1845 ὡς
659 1816 873 1852 σωματικωτὲρα
900 1817 1000 1851 μᾶλλον

205 1853 275 1882 οὖσα
290 1858 336 1883 καὶ
351 1859 539 1894 ταπεινοτέρα,
554 1860 692 1893 ἀναλόγως
706 1862 808 1896 καὶτῆς
826 1861 941 1897 θεωρίας
952 1862 1002 1897 ἦτ-

206 1909 284 1931 τονος
303 1904 487 1938 κατευστοχεῖ.
517 1904 607 1936 Δεξιαὶ
622 1904 672 1938 μὲν
688 1902 734 1930 οὖν
751 1905 904 1939 ἀμφότεραι
920 1902 1000 1931 αὗται

207 1945 255 1971 καὶ
276 1946 335 1981 Θεῷ
359 1947 448 1981 φίλαι,
472 1948 540 1983 πρὸς
564 1949 648 1984 αὑτήν
672 1958 700 1975 τε
716 1950 764 1984 τὴν
781 1949 883 1984 Τριάδα
900 1949 1001 1984 ὁμοίως

207 1992 256 2017 καὶ
276 1993 325 2027 τὴν
352 1993 407 2020 ἂνω
430 1994 594 2021 κατάστασιν
618 1996 768 2030 φέρουσαι’
799 1996 892 2030 ἐπειδὴ
919 1996 946 2022 δὲ
968 1996 999 2022 οὐ

207 2036 310 2068 πάντες
328 2038 421 2073 ὁμοίας
448 2040 494 2066 καὶ
516 2040 566 2074 τῆς
587 2041 671 2076 αὐτῆς
691 2041 830 2076 ἐνεργείας
852 2042 904 2067 τῶν
923 2049 999 2077 χαρι-

208 2081 320 2115 σμάτων
341 2083 491 2115 ἀξιοῦνται,
515 2085 572 2111 ἀλλ’
583 2085 612 2117 ὃς
626 2085 674 2120 μὲν
691 2086 791 2117 οὕτως,
816 2086 844 2117 ὃς
859 2086 886 2111 δὲ
901 2086 998 2117 οὖτως,

207 2127 256 2157 Σὺ,
270 2128 351 2162 φησιν
364 2128 378 2154 ό
398 2128 468 2160 θεῖος
486 2129 680 2165 ἱεροτελεστὴς,
695 2130 761 2164 πρὸς
776 2131 808 2165 ἦν
824 2130 923 2165 μᾶλλον
938 2132 1000 2157 ἐαυ-

206 2173 254 2199 τὸν
280 2174 387 2208 εὐφυῶς
422 2174 516 2209 ἔχοντα
549 2176 596 2202 καὶ
625 2176 754 2211 εὐμαρῶς
783 2176 999 2211 κατορθούμενον

204 2219 283 2255 ὁρᾷς,
296 2218 351 2245 εἴτε
362 2220 429 2254 πρδς
442 2220 491 2254 τὴν
504 2221 601 2256 πρᾶξιν
614 2223 662 2256 τῆς
673 2222 785 2257 ἀρετῆς,
797 2223 851 2248 εἴτε
868 2223 913 2248 καὶ
931 2223 999 2258 πρὸς

205 2265 257 2299 τὴν
287 2265 403 2301 θεωρίαν
423 2266 470 2292 τοῦ
495 2266 572 2300 λόγου
601 2268 650 2301 τῆς
677 2268 751 2302 ἱερᾶς
776 2268 908 2299 πίστεως,
933 2267 1000 2303 πρὸς

205 2310 291 2345 αὐτὴν
314 2311 344 2337 τὸ
363 2311 430 2338 πολὺ
453 2311 502 2346 τῆς
525 2312 643 2348 σπουδῆς
666 2313 754 2348 νέμων
772 2312 929 2339 ὲπεκτείνου
954 2313 1001 2339 καὶ

207 2357 362 2384 κατευοδοῦ.

206 2402 227 2429 5
239 2403 342 2436 Εῖρετό
351 2403 389 2437 μέ
401 2412 446 2437 τις
458 2405 616 2439 πρόϐλημα
631 2405 689 2431 τῶν
705 2404 739 2431 ἐκ
758 2405 937 2439 πνεύματος,

249 2480 414 2514 Ἀκολούθως
429 2484 462 2517 τῇ
481 2483 576 2517 πρώτῃ
594 2482 769 2518 τετραστιχίᾳ
786 2483 832 2509 καὶ
846 2484 861 2518 ἡ
883 2483 998 2520 δευτέρα

203 2527 399 2554 ἐπακολουθεῖ·
411 2528 529 2554 δείκνυσι
539 2529 594 2564 γὰρ
606 2529 758 2562 ἀναγκαίαν
772 2526 856 2555 οὖσαν
869 2529 918 2565 τὴν
929 2531 998 2566 πρᾶρ

203 2574 247 2606 ειν
265 2574 314 2609 τῆς
333 2574 434 2610 ἀρετῆς
451 2575 519 2610 πρὸς
535 2574 584 2609 τὴν
601 2574 735 2609 ἀνάληψιν
750 2575 799 2609 τῆς
814 2574 941 2610 θεωρίας,
955 2576 996 2603 ὅτι

203 2619 253 2645 καὶ
266 2619 307 2646 δεῖ
321 2619 492 2655 καθαρθέντα
516 2620 623 2656 πρῶτον
640 2619 712 2646 οὕτω
728 2619 776 2654 τῆς
791 2619 920 2654 ἀληθείας
938 2629 999 2647 κατ-

203 2664 342 2698 ευστοχεῖν
351 2671 358 2679 ·
374 2664 420 2690 καὶ
434 2664 457 2690 εὶ
470 2663 507 2700 μὴ
519 2665 533 2690 ὁ
543 2663 605 2695 νοῦς
616 2663 659 2690 διὰ
673 2663 762 2698 πάσης
773 2663 914 2697 θεοφιλοῦς
925 2664 997 2701 πρά-

203 2709 273 2741 ξεως
282 2710 382 2742 παντὸς
393 2710 533 2747 μολυσμοῦ
544 2710 645 2746 σαρκὸς
655 2710 702 2737 καὶ
712 2709 867 2745 πνεύματος
875 2710 999 2746 ἀποσμη-

242 2797 306 2836 (81)
316 2799 366 2836 Eii.
376 2800 472 2828 Venet.
488 2800 549 2834 ὒψις
563 2801 672 2828 τελείων
686 2800 784 2836 ἔργων,
796 2800 842 2835 ἠδὲ
853 2800 992 2835 πλειόνων,

203 2840 287 2869 qnam
302 2834 444 2862 lectionem
459 2836 495 2862 ita
509 2834 705 2869 interpretatur
714 2836 835 2863 Zonaras
851 2836 897 2863 fol.
914 2837 931 2863 5
947 2845 972 2862 ν.
985 2845 991 2863 :

233 2868 538 2906 ζίγηξιςὶντουμτέστιννὴ.
556 2868 657 2905 θεωρία
681 2870 736 2906 τῶν
755 2871 865 2906 τελείων
885 2871 992 2906 ἔργων’

204 2902 317 2939 {Ruri};
330 2904 358 2931 δὲ
372 2905 386 2932 ὁ
397 2904 485 2939 λόγος,
497 2902 636 2937 λείποντος
648 2905 784 2933 τουτέστι
794 2913 801 2920 °
813 2905 892 2933 τοῦτο
902 2902 935 2932 ’ὂὲ
947 2907 995 2942 τῆς

726 172 761 200 IN
783 172 937 201 CARMINA
960 171 1098 201 ARCANA
1112 173 1143 201 S.
1160 170 1335 200 GBEGORII.

1790 167 1846 200 ‘793

1060 231 1206 258 utilitatem
1232 234 1324 257 autem
1346 228 1373 256 in
1388 227 1521 264 sapientia
1544 233 1571 256 et
1592 229 1681 257 onmis
1697 228 1850 265 Scriptum

1058 275 1193 303 divinitus
1223 269 1365 310 inspirata:
1395 274 1525 302 virtutem
1550 275 1577 301 ln
1594 275 1692 303 timore
1714 275 1762 303 Dei
1776 280 1803 304 et
1819 277 1850 304 in

1058 320 1250 347 mandatorum
1265 319 1459 347 observatione
1478 319 1671 354 recolligentes
1684 327 1764 354 posse
1787 328 1850 350 sus-

1057 364 1159 399 cipere.
1187 365 1259 401 Ergo
1278 365 1361 400 hujus
1393 364 1548 400 praescripti
1575 364 1799 397 auditor,curavi
1815 374 1849 394 ne

1058 409 1175 444 amplius
1187 409 1214 437 in
1229 410 1429 437 commentario
1440 409 1622 436 considerans
1636 416 1739 436 arcana
1750 417 1848 445 proce-

1057 455 1160 487 derem,
1177 454 1287 483 ﬁnalem
1305 462 1371 482 vero
1384 454 1563 490 praesentium
1586 454 1704 482 istorum
1729 457 1850 483 tetrasti-

1057 501 1173 528 chorum
1201 501 1346 529 sententiis
1367 500 1498 528 refertum
1528 508 1683 528 sermonem
1708 509 1848 529 commen-

1057 547 1181 575 tantibus
1189 547 1270 575 nobis
1283 555 1345 575 cum
1365 547 1494 575 aediﬁcati
1513 547 1647 575 fuerimus
1661 547 1810 575 theoretice
1822 552 1849 575 ω

1057 593 1188 628 practice,
1200 601 1336 629 exponam
1349 597 1377 621 et
1389 594 1515 622 cessabo.

1057 679 1070 706 l
1090 680 1227 708 Actionem
1247 688 1387 715 pra’ponas
1407 690 1441 709 an
1453 682 1724 716 contemplationem!
1739 686 1794 711 etc.

1091 757 1299 793 Contemplatus
1325 758 1502 787 beatissimus
1523 764 1550 787 et
1567 760 1677 788 \‘irtutis
1693 760 1798 795 praxim
1821 766 1849 789 et

1057 802 1244 831 meditationis
1255 804 1461 839 exaltationem,
1483 809 1565 840 atque
1580 806 1655 834 illius
1673 804 1860 841 purgativam'

1057 853 1085 877 et
1100 849 1298 878 illuminantem
1313 857 1459 886 corporum
1470 855 1497 879 et
1514 852 1668 879 animarum
1685 852 1846 886 eﬂicaciam,

1057 894 1141 930 hujus
1158 903 1224 923 vero
1239 895 1428 931 perﬁcicntem
1444 900 1471 924 et
1489 904 1503 923 a
1520 896 1576 925 Deo
1593 902 1748 925 manantem
1760 899 1848 925 aetio-

1057 947 1120 967 ncm
1137 940 1164 967 in
1180 940 1263 968 corda
1275 944 1301 968 et
1315 940 1429 976 spiritus
1441 941 1647 973 miratus,sicut
1662 946 1689 969 et
1703 943 1848 977 utriusque

1057 986 1249 1014 necessitatem
1275 989 1305 1013 ut
1328 986 1373 1014 filii
1393 986 1437 1014 Dei
1456 990 1484 1014 et
1501 987 1599 1014 salvati
1627 986 1735 1020 ﬁamus,
1755 988 1846 1016 excla-

1017 1037 1019 1039 '
1055 1036 1136 1059 mat:
1155 1031 1251 1060 Utram
1277 1031 1374 1059 harum
1400 1032 1552 1068 digniorem
1575 1033 1714 1068 praeferes,
1739 1034 1846 1068 praxim

1055 1081 1103 1104 aut
1117 1077 1340 1105 meditationem?
1357 1076 1482 1112 Namque
1503 1078 1581 1113 quasi
1599 1078 1670 1106 duos
1693 1079 1845 1106 aestimabi-

1054 1130 1115 1150 mus
1130 1123 1226 1150 oculos
1248 1123 1323 1151 illius
1347 1122 1394 1159 qui
1411 1124 1439 1150 in
1453 1123 1584 1159 gradibus
1608 1124 1800 1159 spiritualibus
1811 1124 1846 1151 ad

1056 1167 1138 1195 Deum
1154 1168 1270 1196 viriliter
1292 1173 1320 1196 et
1345 1172 1503 1196 reverenter
1524 1169 1659 1202 ascendit,
1681 1169 1716 1196 ad
1731 1169 1845 1196 unicum

1054 1214 1165 1242 realiter
1192 1214 1294 1242 bonum
1313 1214 1468 1249 aspirantes
1495 1222 1612 1250 quorum
1635 1222 1690 1242 non
1709 1220 1752 1243 est
1770 1214 1846 1250 quo!

1054 1259 1170 1287 alterum
1197 1262 1287 1296 magni
1316 1260 1479 1295 pendamus,
1506 1260 1626 1288 alterum
1646 1268 1713 1289 vero
1738 1260 1846 1288 minore

1054 1304 1134 1333 laude
1154 1309 1181 1333 et
1197 1305 1403 1333 existimatione
1426 1306 1540 1342 dignum
1563 1307 1789 1341 pronuntiemus;
1809 1307 1846 1333 at-

1052 1354 1095 1378 ter
1109 1350 1183 1377 enim
1202 1350 1328 1378 vicissim
1350 1350 1465 1378 alterius
1492 1351 1596 1378 auxilio
1614 1355 1674 1386 eget
1700 1355 1727 1379 et
1746 1358 1846 1386 coope-

1054 1395 1161 1423 ratione
1179 1404 1185 1423 :
1203 1396 1244 1423 sic
1271 1395 1366 1431 praxis
1390 1395 1446 1423 dux
1471 1395 1508 1423 ad
1537 1396 1743 1424 meditationem
1763 1396 1792 1423 lit
1818 1399 1846 1423 et

1054 1440 1195 1468 meditatio
1209 1440 1328 1476 sigillum
1351 1441 1428 1476 praxi
1445 1444 1473 1468 et
1491 1441 1593 1468 tutatio
1607 1442 1747 1474 statuitur,
1759 1441 1798 1468 ita
1816 1445 1846 1468 ut

1053 1486 1223 1521 impossibile
1252 1487 1288 1514 sit
1309 1486 1459 1521 perfectum
1476 1482 1538 1515 esse
1555 1487 1578 1515 si
1600 1487 1733 1515 alterutro
1748 1494 1846 1515 carea-

1052 1539 1132 1565 mus;
1149 1532 1196 1560 sed
1211 1539 1273 1560 cum
1286 1539 1341 1559 non
1353 1532 1482 1560 omnibus
1493 1533 1598 1561 sanctis
1615 1533 1774 1561 hominibus
1788 1541 1846 1568 μα-

1053 1577 1121 1605 riter
1135 1585 1182 1612 per
1193 1582 1338 1613 utrumque
1354 1578 1509 1605 clarescere
1530 1578 1662 1613 possibile
1677 1579 1723 1611 sit,
1746 1581 1842 1607 consi-

1053 1623 1158 1651 deratio
1174 1627 1202 1650 et
1222 1631 1290 1658 pura
1311 1622 1453 1650 meditatio
1477 1623 1662 1658 perfectorum
1687 1624 1764 1652 labor
1789 1630 1842 1657 est.

1053 1676 1086 1697 co
1104 1668 1192 1704 magis
1207 1667 1278 1703 quod
1291 1676 1340 1704 per
1351 1668 1458 1704 praxim
1483 1667 1632 1704 puriﬁcati,
1649 1669 1739 1704 ipsum
1757 1669 1843 1698 Deum

1051 1719 1079 1743 et
1094 1715 1188 1743 divina
1214 1714 1317 1742 clarius
1338 1714 1465 1742 meditari
1490 1715 1602 1750 dignum
1626 1715 1774 1750 iudicant;
1801 1723 1845 1743 ve-

1052 1768 1112 1788 rum
1129 1759 1222 1795 praxis
1238 1760 1431 1795 plerorumque
1460 1763 1487 1787 et
1503 1760 1530 1787 in
1546 1768 1654 1788 summa
1676 1761 1846 1795 perfectione

1053 1805 1232 1834 remissurum
1240 1805 1351 1841 corpori
1364 1805 1450 1840 magis
1465 1804 1537 1832 favet
1546 1809 1572 1833 et
1583 1806 1731 1833 humilitati
1740 1806 1845 1833 etinfra

1052 1851 1258 1879 meditationem
1271 1851 1459 1879 constituitur.
1485 1850 1608 1886 Utraque
1625 1852 1746 1879 secunda
1763 1857 1805 1879 est
1817 1855 1845 1879 et

1053 1896 1108 1924 Deo
1125 1898 1250 1932 placens,
1267 1901 1294 1924 et
1311 1896 1344 1924 ad
1361 1897 1449 1932 ipsam
1471 1896 1635 1924 Trinitatem
1654 1897 1783 1924 similiter
1801 1901 1843 1923 at-

1051 1949 1105 1977 que
1117 1942 1151 1969 ad
1172 1942 1365 1970 exaltationem
1380 1943 1471 1976 ducit;
1503 1942 1638 1977 siquidem
1670 1951 1726 1969 non
1746 1950 1845 1971 omnes

1052 1987 1158 2023 parium
1173 1991 1200 2015 et
1225 1987 1385 2015 earumdem
1406 1988 1605 2015 charismatum
1632 1988 1785 2023 gratiarum
1804 1989 1843 2016 di-

1052 2033 1207 2067 gnationem
1235 2032 1385 2067 accipiunt,
1407 2033 1456 2061 sed
1478 2034 1550 2061 alius
1575 2034 1686 2068 quidem
1703 2034 1756 2068 sic,
1772 2035 1844 2062 alius

1050 2084 1115 2104 vero
1130 2077 1187 2111 sic;
1203 2081 1243 2109 tu,
1261 2078 1299 2105 ait
1318 2077 1431 2107 divinus
1453 2078 1630 2114 perfectionis
1647 2079 1783 2114 eruditor,
1808 2081 1844 2109 ad

1050 2130 1132 2157 quam
1151 2124 1239 2159 magis
1258 2127 1285 2151 te
1302 2128 1395 2151 natum
1419 2129 1447 2153 et
1475 2130 1599 2161 prompte
1616 2126 1780 2161 dispositum
1806 2127 1844 2155 vi-

1051 2169 1110 2202 des,
1127 2170 1185 2197 sive
1202 2170 1236 2197 ad
1252 2170 1358 2206 praxim
1376 2171 1496 2204 virtutis.
1514 2171 1572 2199 sive
1587 2171 1621 2199 ad
1633 2171 1842 2199 meditationem

1052 2215 1187 2243 sermonis
1207 2220 1310 2243 sancta:
1336 2215 1410 2249 fidei,
1434 2217 1467 2244 ad
1485 2216 1573 2252 ipsam
1599 2217 1686 2253 magis
1710 2217 1848 2245 adhibens

1052 2258 1174 2286 studium
1190 2259 1270 2287 tende
1286 2259 1392 2295 iterque
1408 2260 1505 2295 dirige.

1053 2399 1070 2426 5
1088 2400 1268 2433 Qumtionem
1293 2401 1431 2437 proposuit
1454 2401 1519 2428 mihi
1540 2402 1648 2437 quidam
1668 2410 1700 2429 ea:
1714 2402 1844 2472 [spiritua-

1737 2445 1745 2463 ι
1765 2445 1805 2463 us.

1737 2445 1805 2463 ιιηω.

1070 2480 1276 2515 Consequenter
1282 2481 1400 2516 primum
1409 2481 1594 2510 tetrastichum
1616 2483 1765 2510 secundum
1779 2482 1844 2511 sub-

1051 2526 1193 2561 sequitur;
1226 2527 1348 2554 'ostendit
1369 2528 1441 2556 enim
1462 2529 1648 2556 necessariam
1663 2536 1725 2556 esse
1737 2529 1842 2565 praxim

1050 2571 1159 2599 virtutis
1187 2571 1220 2599 ad
1259 2574 1500 2608 contemplationis
1535 2574 1750 2608 assecutionem,
1779 2574 1843 2609 quia

1051 2621 1160 2652 oportet
1175 2617 1348 2653 puriﬁcatum
1365 2618 1455 2653 primo
1472 2619 1511 2646 sic
1530 2620 1675 2647 veritatem
1696 2621 1844 2655 attingere,

1051 2668 1078 2692 et
1086 2664 1140 2692 nisi
1149 2672 1227 2692 mens
1243 2671 1292 2699 per
1311 2670 1420 2691 omnem
1437 2664 1491 2692 Deo
1505 2670 1611 2701 gratam
1626 2666 1731 2701 praxim
1759 2674 1842 2693 omne

1051 2710 1145 2737 carnis
1160 2716 1191 2736 ac
1208 2709 1323 2744 spiritus
1334 2709 1575 2744 inquinamentum
1590 2711 1765 2746 expunxerit.
1783 2719 1839 2738 non

1056 2799 1173 2830 Ἀτθίδος
1189 2799 1253 2825 ἴδιον
1267 2798 1405 2825 διαλέκτου
1416 2807 1424 2813 ⁸
1438 2798 1548 2825 τελείων
1561 2799 1589 2825 δὲ
1604 2799 1693 2833 ἔργων
1708 2799 1724 2833 ὴ
1739 2797 1841 2833 θεωρία

1049 2836 1132 2866 ἐστὶν,
1146 2835 1188 2861 ὅτι
1201 2834 1241 2859 δεῖ
1252 2833 1358 2867 πρῶτον
1378 2833 1547 2867 καθαρθῆναι
1560 2834 1606 2859 τὸν
1618 2832 1680 2859 νοῦν
1697 2832 1745 2859 καὶ
1758 2832 1841 2867 ἀπορο

1050 2870 1167 2906 ῥαγῆναι
1179 2869 1231 2906 τῆς.
1243 2866 1297 2895 τῶν
1319 2868 1428 2906 γεηρῶν
1441 2866 1559 2904 σχέσεως
1573 2867 1619 2894 καὶ
1636 2867 1708 2895 οὕτω
1719 2866 1841 2903 προσϐῆ-

1051 2903 1139 2941 ναιτῇ
1152 2903 1262 2939 θεωρίᾳ,
1276 2911 1302 2930 κ.
1315 2912 1339 2930 τ.
1356 2903 1379 2929 ἑ.
1407 2922 1410 2925 -
