4082 6398
430 323 519 381 791
1094 332 1097 335 ’
1778 318 1887 375 NIC
1896 316 2017 375 ΕΤΑ

2120 314 2320 373 ΒΔἮΙ)

2088 436 2283 509 ’χθείη,
2313 435 2415 488 οὐκ
2452 432 2518 487 ἂν
2545 432 2760 487 δύναιτο
2788 430 2891 501 ﬁt;
2924 425 3288 499 ἀληθοσοφίας
3315 422 3413 480 καὶ
3441 436 3688 493 πνευμα-

419 442 622 513 poterit
656 457 799 499 vera:
824 441 1108 514 sapientia
1150 450 1204 499 et
1234 442 1541 514 spiritualis
1592 441 1768 505 visus,
1810 446 1872 495 ut
1905 439 2003 495 de-

419 540 531 597 cet,
574 532 851 607 particeps
896 533 1043 601 ﬁeri;
1097 532 1222 589 ideo
1251 533 1389 590 dicit
1427 532 1827 589 :Percentetur
1866 528 2003 585 mihi

421 625 625 695 aliquis
669 625 959 695 spirituale
998 625 1243 681 studium
1291 627 1537 696 mysticae
1583 621 2007 694 contemplatio-

422 717 513 772 nis
544 716 987 787 apprehendens,
1018 732 1122 789 ego
1143 718 1308 774 istum
1337 732 1457 773 non
1481 715 1689 773 mundo
1731 714 1900 771 corde
1926 712 2005 768 vi-

422 811 661 869 ventem,
707 803 805 861 sed
834 815 888 860 et
915 805 1174 875 turpibus
1224 804 1563 861 maculatum
1621 802 1839 863 videns,
1880 800 2006 856 dico

422 906 536 948 non
561 890 790 948 landum
819 907 945 949 esse
985 893 1231 951 studium
1279 893 1386 948 hoc
1412 893 1520 948 nisi
1568 891 1725 963 prius
1766 890 2004 961 teipsum

423 983 807 1041 Inundaveris.
871 982 940 1039 Et
997 984 1090 1041 ille
1139 986 1341 1040 iterum
1375 983 1472 1040 :Si
1533 983 1848 1038 maculatus
1903 981 2004 1046 fui,

423 1071 520 1127 sed
543 1087 655 1127 non
684 1086 873 1128 nunc:
907 1072 1025 1128 haec
1065 1072 1213 1128 enim
1247 1086 1346 1143 per
1365 1072 1640 1128 sermonis
1686 1076 2006 1126 contextum

424 1160 851 1223 subaudiuntur.
910 1160 975 1218 Et
1018 1177 1122 1232 ego
1156 1162 1225 1218 ad
1276 1162 1430 1217 illum
1461 1180 1474 1217 :
1502 1160 1561 1216 Si
1588 1168 1645 1217 et
1687 1175 1835 1215 nunc
1880 1174 2006 1231 pru-

422 1254 642 1309 dentem
669 1263 724 1310 te
747 1254 909 1317 dicis,
946 1255 1042 1321 sit,
1071 1254 1168 1310 sed
1193 1254 1300 1310 nisi
1334 1253 1405 1309 de
1446 1253 1729 1310 veteribus
1773 1249 2007 1326 maculis

425 1343 725 1401 mundatus
756 1343 949 1410 fueris,
984 1343 1138 1401 nel'as
1153 1352 1239 1400 est
1268 1345 1363 1400 tibi
1392 1344 1450 1400 in
1479 1342 1758 1415 mysteriis
1779 1341 2008 1412 spiritus

423 1442 629 1491 sortem
654 1436 816 1504 dare;
846 1451 1086 1508 namque
1113 1444 1336 1509 oportet
1368 1445 1429 1491 ut
1468 1449 1619 1491 nunc
1650 1450 1748 1506 per
1793 1432 2007 1504 praxim

316 1548 319 1551 λ
384 1540 586 1613 ‘omne
613 1527 969 1598 vituperium,
1012 1542 1234 1583 omnem
1284 1526 1559 1582 maculam
1600 1524 1831 1596 spiritus
1908 1536 2010 1592 pu-

428 1616 654 1674 riﬁees-
703 1623 758 1673 et
808 1617 1029 1683 animae,
1078 1624 1134 1674 et
1168 1619 1251 1674 sic
1273 1616 1530 1674 sublimis
1581 1616 1860 1688 particeps
1911 1612 2009 1670 tias

423 1705 738 1762 divinorum
768 1708 1275 1780 contemplationis.
1327 1706 1396 1763 Et
1430 1707 1744 1779 exemplum
1784 1705 2009 1761 obvium

424 1810 770 1867 prorsusque
820 1795 1077 1852 idoneum
1109 1795 1167 1852 in
1211 1810 1345 1853 vase
1373 1796 1604 1853 fetorem
1655 1795 1923 1852 redolenti
1958 1802 2013 1851 et

423 1893 689 1957 corrupto
709 1893 765 1944 et
800 1901 911 1943 non
940 1888 1160 1945 sincero
1208 1903 1371 1946 nemo
1418 1888 1684 1962 unguenti
1734 1889 2011 1961 pretiosis-

424 1978 624 2033 simum
658 1977 901 2034 infundit
931 1980 1176 2036 odorem.

425 2068 460 2125 9
506 2066 623 2124 Nec
653 2068 851 2126 absiste
882 2086 978 2126 nec
1010 2071 1131 2127 cede
1164 2072 1310 2126 omni
1347 2072 1603 2140 sermoni,
1634 2079 1743 2128 etc.

496 2344 796 2418 Postquam
846 2346 1037 2405 docuit
1091 2350 1444 2408 necessarias
1495 2350 1563 2406 ad
1615 2350 2012 2423 perfectionem

421 2449 552 2491 esse
581 2437 700 2506 pari
792 2442 1002 2498 ratione
1060 2450 1173 2498 tum
1234 2443 1483 2515 praxim,
1534 2450 1648 2498 tum
1708 2438 2014 2506 theoriam,

422 2526 623 2584 exinde
652 2527 720 2586 de
763 2530 1007 2601 generali
1042 2538 1099 2588 ct
1141 2531 1440 2588 universali
1494 2531 1844 2604 philosophia
1894 2540 2014 2588 tra-

425 2627 541 2673 ctat
568 2627 626 2675 et
648 2620 855 2677 virtute
906 2636 1030 2693 quae
1063 2623 1223 2693 quasi
1261 2622 1319 2678 in
1360 2622 1554 2695 ﬁguris
1591 2624 2015 2695 contemplatio-

425 2725 550 2764 nem
577 2717 627 2765 et
663 2711 879 2768 praxim
906 2712 1196 2770 discernit.
1241 2712 1529 2780 Quomodo
1556 2729 1691 2785 ergo
1736 2715 1845 2772 illa:
1881 2716 2020 2772 diri-

423 2804 615 2871 gendae
640 2802 755 2857 sint
792 2808 890 2857 aut
912 2802 1191 2873 quomodo
1220 2811 1475 2875 agentem
1513 2803 2019 2860 considerationem

427 2892 624 2952 aﬂ'erre
649 2892 762 2949 Deo
794 2902 1043 2965 oporteat
1076 2910 1173 2966 per
1194 2895 1475 2966 expositas
1512 2896 1755 2952 ostendit
1798 2905 2022 2953 senten-

426 2986 556 3049 tias,
584 2999 688 3042 nec
711 2984 976 3043 resistere
1006 2988 1267 3043 omnibus
1310 2987 1661 3045 sermonibus
1706 2988 2020 3060 iurgiorum

428 3087 727 3134 amatorem
757 3078 1141 3135 adversantem
1186 3093 1442 3145 monens,
1488 3080 1660 3151 impio
1687 3079 1837 3151 quod
1865 3080 2022 3137 ﬁeret

433 3181 603 3234 more,
624 3184 730 3228 nec
754 3185 887 3242 ergo
918 3171 1177 3228 omnibus
1225 3172 1433 3247 pariter
1497 3172 1783 3229 cedentem
1827 3188 2017 3228 aurem

428 3260 692 3335 praebere,
730 3261 883 3335 quod
919 3263 1040 3320 sine
1079 3262 1296 3334 judicio
1329 3261 1523 3331 ﬂeret;
1577 3263 1673 3320 sed
1726 3262 2016 3320 sciendum

428 3358 499 3412 .ie
548 3355 930 3425 contemplatu
978 3362 1033 3410 et
1069 3364 1195 3411 actu
1237 3355 1364 3413 istis
1408 3358 1614 3428 opponi
1668 3365 1724 3412 et
1760 3355 2021 3412 resistere

428 3458 553 3514 qute
586 3444 787 3498 novisti
821 3444 969 3501 dicta
1000 3446 1182 3501 aliena
1222 3447 1294 3503 ab
1321 3448 1640 3520 evangelica
1670 3448 1942 3519 sapientia
1965 3453 2021 3502 et

431 3532 815 3604 iegislatione;
856 3533 1196 3605 ipsisautem
1220 3537 1481 3594 comitem
1539 3544 1596 3594 et
1662 3539 2016 3609 subsequen-

433 3631 545 3679 tem
568 3622 770 3679 adesse
797 3622 889 3694 qui
921 3623 1087 3696 digne
1127 3622 1339 3696 Spiritu
1383 3635 1579 3683 sancto
1618 3635 2024 3683 conversantur

431 3722 651 3782 tecum;
677 3724 732 3770 et
756 3714 882 3771 istis
911 3717 966 3771 in
998 3731 1260 3774 mensura
1300 3727 1357 3773 et
1390 3728 1660 3790 quantum
1705 3718 1885 3785 decet,
1931 3734 2019 3775 re-

432 3806 742 3864 sistendum
774 3822 902 3865 cum
937 3809 1201 3866 resistere
1223 3810 1431 3866 bonum
1462 3816 1571 3877 est,
1606 3818 1662 3866 et
1695 3810 2022 3869 consocium

433 3906 487 3953 te
529 3897 882 3968 praebendum
919 3907 1190 3970 quantum
1252 3898 1514 3956 comitem
1554 3899 1670 3956 ﬁeri
1728 3900 2020 3969 convenit;

432 4000 490 4048 et
525 3991 797 4049 ambobus
847 3990 1073 4063 quando
1112 3998 1490 4063 opportunum
1537 3999 1625 4048 est
1656 3998 1876 4062 tempus
1903 3992 2024 4047 sive

433 4085 743 4144 ubsistendi
775 4084 895 4142 sive
937 4085 1347 4142 consentiendi.
1400 4083 1694 4140 Subditum
1742 4098 1869 4140 esse
1910 4081 2023 4139 Deo

435 4176 952 4247 pneserLbitpotius
977 4191 1146 4248 quam
1195 4176 1494 4240 dominari.
1542 4176 1758 4233 scilicet
1813 4174 2023 4231 bonum

436 4284 562 4327 esse
593 4284 691 4342 per
719 4269 879 4326 tidem
910 4270 1196 4327 adhaerere
1224 4268 1358 4336 Deo,
1388 4284 1608 4326 omnem
1645 4269 1701 4323 in
1741 4269 1861 4339 ipso
1883 4268 2025 4324 ﬁdu-

435 4360 580 4415 ciam
604 4359 894 4426 habentes,
922 4360 1104 4431 potius
1136 4374 1302 4432 quam
1333 4360 1526 4415 multis
1555 4360 1910 4416 sermonibus
1930 4358 2030 4414 do-

437 4448 642 4506 minari
667 4449 725 4505 in
763 4448 944 4520 ipsum
972 4457 1029 4506 et
1053 4449 1230 4506 videri
1259 4449 1858 4515 reluctantes.Quare?
1887 4449 2028 4516 Quia

438 4539 614 4597 multa
644 4541 921 4610 loquentis
964 4548 1020 4595 et
1049 4555 1245 4610 sapere
1296 4538 1630 4596 conﬁdentis
1668 4540 1727 4594 in
1771 4541 2024 4597 multilo-

441 4632 577 4701 quio
603 4629 880 4701 superﬂuo
907 4647 1018 4687 non
1051 4632 1228 4689 deerit
1249 4641 1536 4703 peccatum
1554 4640 1609 4687 et
1638 4633 1820 4687 omnis
1840 4650 2026 4691 sermo

445 4723 502 4777 in
559 4721 855 4777 adversum
911 4728 1105 4778 contra
1146 4723 1326 4793 ipsum
1360 4721 1732 4779 resistentium
1784 4723 2025 4792 aﬂ‘erret,

443 4821 501 4869 et
526 4811 817 4870 molestum
840 4823 924 4871 est
957 4815 1065 4869 hoc
1092 4832 1107 4873 :
1162 4822 1357 4870 contra
1385 4813 1553 4870 vitam
1591 4816 1945 4887 tranquillam
1973 4826 2030 4874 et

444 4906 785 4976 spiritualem
818 4916 872 4964 et
902 4906 1117 4963 actibus
1151 4905 1524 4963 abundantem
1551 4906 1792 4980 degenti,
1811 4910 2029 4968 minus—

3586 298 3692 356 79%

2103 526 2264 597 τικῆς
2281 526 2525 597 ὁράσεως
2542 522 2618 586 ὡς
2643 523 2750 594 χρὴ
2784 523 3077 594 μετασχεῖν
3093 535 3109 550 ·
3145 519 3213 572 δι’
3240 516 3271 572 δ
3293 514 3445 584 λέγει
3470 531 3485 546 ο
3529 510 3688 566 Ἐπύ·

2106 616 2235 672 θετό
2272 632 2359 680 τις
2401 614 2538 686 ἐμοῦ
2573 613 2866 687 πρόϐλημα
2903 608 3278 682 πνευματικὸν
3320 606 3420 661 καὶ
3455 603 3690 676 θεωρίας

2106 708 2364 779 ἐχόμενον
2388 706 2684 779 μυστικῆς·
2709 703 2821 769 ἐγὼ
2842 704 2900 758 δὲ
2924 703 3112 757 τοῦτον
3133 701 3234 771 οὐχ
3252 698 3431 769 ἀγνῶς
3447 695 3688 768 βιοῦντα,

2106 797 2242 853 ἀλλὰ
2274 798 2370 851 καὶ
2415 797 2630 867 αῐσχεσι
2662 794 2918 868 ῥυπῶντα
2946 791 3103 856 εἰδὼς
3123 831 3139 857 ,
3174 791 3334 861 ἔφην,
3370 787 3464 859 Μὴ
3499 786 3692 859 ῥητέον

2107 884 2248 943 εἶναι
2273 886 2335 942 τδ
2366 886 2700 959 προϐληθὲν,
2740 884 2834 939 ἐὰν
2860 883 2937 955 μὴ
2981 882 3200 955 πρῶτον
3231 877 3577 950 ἐκκαθαρθῇς
3597 892 3613 908 ·
3661 877 3693 930 6

2109 979 2169 1033 δὲ
2196 978 2359 1032 πάλιν
2382 995 2396 1009 ο
2430 978 2498 1032 Et
2520 993 2654 1030 ποτε
2677 976 2772 1030 καὶ
2800 974 2990 1047 ῥυπῶν
3019 970 3108 1045 ἦν,
3135 971 3251 1026 ἀλλ’
3283 970 3407 1041 οὐχὶ
3436 969 3534 1022 καὶ
3555 967 3647 1021 νῦν
3671 982 3689 998 ·

2105 1069 2281 1126 ταῦτα
2308 1070 2418 1142 γάρ
2472 1072 2537 1141 τῇ
2564 1068 2659 1123 τοῦ
2710 1067 2872 1137 λόγου
2903 1063 3341 1139 συνυπακούεται
3368 1059 3689 1131 ἀκολουθίᾳ·

2108 1161 2266 1231 κάγὼ
2312 1162 2448 1234 πρὸς
2490 1161 2689 1216 αὐτόν’
2736 1160 2801 1214 El
2838 1158 2932 1213 atat
2974 1155 3070 1211 νῦν
3101 1156 3399 1229 σωφρονεῖν
3423 1155 3531 1226 φῂς
3561 1152 3693 1224 (82),

2108 1252 2222 1307 ἀλλ’
2257 1250 2352 1305 ἐὰν
2398 1250 2475 1323 μὴ
2505 1251 2600 1305 καὶ
2634 1248 2741 1303 τῶν
2780 1249 2947 1304 πάλαι
2980 1247 3169 1318 {Stiran
3199 1243 3585 1317 ἀπορρυφθῇς,
3631 1243 3696 1296 ού

2109 1340 2268 1412 θέμις
2298 1355 2384 1393 σοι
2403 1339 2513 1394 τῶν
2538 1337 2633 1393 τοῦ
2658 1337 2970 1409 πνεύματος
2994 1335 3309 1409 μυστηρίων
3336 1334 3693 1407 μεταλαχεῖν·

2108 1431 2191 1486 δεῖ
2219 1432 2329 1504 γάρ
2361 1448 2422 1485 σε
2450 1430 2546 1486 νῦν
2570 1430 2660 1489 διά
2684 1429 2938 1503 πράξεως
2969 1431 3148 1485 πάντα
3177 1428 3368 1500 μῶμον
3392 1427 3487 1480 καὶ
3517 1425 3701 1480 σπῖλον

2109 1522 2231 1589 νοὸς
2272 1522 2725 1595 ὲκκαθηράμενον
2764 1521 2861 1576 καὶ
2906 1520 3106 1592 ψυχῆς,
3160 1518 3304 1574 οὕτω
3342 1517 3445 1589 τῆς
3490 1515 3698 1587 ὑψηλῆς

2111 1613 2378 1687 ἐπήϐολον
2406 1609 2545 1667 εἶναι
2576 1612 2688 1666 τῶν
2723 1612 2886 1667 θείων
2906 1610 3163 1683 θεωρίας.
3197 1609 3310 1663 Καὶ.
3336 1608 3398 1662 τὸ
3435 1605 3699 1678 παράδει-

2111 1722 2229 1777 γμα
2261 1706 2460 1761 οἰκεῖον
2503 1704 2598 1758 καὶ
2644 1702 2840 1775 κομιδῇ
2880 1701 3162 1774 προσφυὲς
3186 1699 3333 1773 (85)’
3381 1699 3566 1752 σκεύει
3593 1695 3698 1768 γὰρ

2111 1792 2379 1858 δυσωδίας
2396 1793 2658 1858 ἀπόζοντι
2683 1794 2778 1848 καί
2803 1793 3168 1865 μεμιασμένῳ
3194 1792 3289 1846 καὶ
3313 1788 3511 1863 σαπρῷ
3529 1788 3698 1852 οὐδεὶς

2112 1886 2181 1942 ἂν
2211 1888 2278 1958 τῇ
2315 1885 2410 1940 τοῦ
2452 1884 2630 1958 μύρου
2662 1883 3109 1957 τιμαλφεστάτην
3152 1879 3581 1938 καταπιστεύσω
3607 1879 3701 1932 εύ-

2000 2060 2011 2069 t
2074 2048 2084 2057 ‘
2111 1977 2325 2033 ωδίαν.·

2112 2069 2148 2123 9
2175 2068 2322 2135 Μήτ’
2346 2069 2644 2124 ἀντίτεινε
2667 2067 2820 2124 πᾶσι

2894 2066 2984 2133 ἦθ’
3013 2066 3167 2122 ὅπου
3191 2068 3399 2136 λόγοις
3416 2079 3435 2097 ⁸

2114 2140 2183 2193 10
2205 2140 2360 2193 Ἀλλ’
2396 2135 2488 2205 οἷς
2519 2139 2740 2207 ἐπίστῃ
2770 2135 2869 2192 καὶ
2893 2136 3173 2207 dentata!
3205 2135 3434 2207 πηνίκα
3455 2151 3473 2169 ·

2114 2210 2176 2263 il
2219 2209 2369 2264 Θεοῦ
2405 2204 2475 2263 δὲ
2511 2204 2761 2278 primo}:
2786 2208 3004 2277 έξέχου
3035 2206 3074 2276 ἢ
3098 2204 3592 2278 ίπροᾳτάτειωῦο

2115 2279 2185 2334 12
2210 2281 2379 2349 Λόγῳ
2411 2276 2654 2334 παλαίει
2685 2276 2806 2345 πᾶς
2834 2276 3040 2349 λόγος,
3065 2277 3138 2342 ,ϐἰ

3138 2275 3186 2341 φ
3214 2275 3283 2329 δὲ
3309 2275 3441 2342 τίς;

2184 2369 2415 2435 Διδάξας
2449 2369 2756 2438 ἀναγκαίας
2781 2366 2949 2433 οὔσας
2975 2367 3054 2441 τῷ
3075 2366 3266 2437 τελείῳ
3295 2367 3397 2438 τήν
3421 2382 3482 2419 τε
3506 2363 3705 2437 πρᾶξιν

2114 2461 2317 2534 ὁμοίιος
2344 2462 2437 2516 καὶ
2468 2460 2567 2533 τὴν
2604 2459 2876 2531 θεωρίαν,
2912 2458 3163 2513 ἐντεῦθεν
3200 2457 3329 2530 περὶ
3354 2456 3455 2527 τῆς
3483 2456 3703 2526 γενικῆς

2116 2553 2214 2608 καὶ
2266 2552 2499 2606 καθόλου
2551 2551 2871 2622 φιλοσοφίας
2936 2548 3291 2621 διαλαμϐάνει
3343 2546 3441 2602 καὶ
3484 2546 3701 2618 ἀρετῆς,

2115 2641 2239 2713 ἥτις
2271 2640 2463 2714 ὥσπερ
2493 2641 2573 2705 είς
2611 2640 2727 2711 εῖόη
2760 2638 2994 2712 θεωρίαν
3028 2639 3126 2693 καὶ
3165 2636 3367 2710 πρᾶξιν
3393 2636 3699 2707 διαιρεῖται.

2118 2730 2245 2795 Πῶς
2271 2725 2365 2785 οὖν
2406 2731 2580 2796 αὐτὰς
2622 2730 3023 2804 κατορθωτέον,
3062 2729 3099 2802 ἢ
3126 2728 3242 2793 πῶς
3270 2726 3587 2801 ἔμπρακτον
3611 2726 3704 2795 τὴν

2121 2821 2356 2894 θεωρίαν
2395 2823 2707 2878 ἀποδιδόναι
2737 2824 2843 2896 χρὴ
2876 2822 2954 2896 τῷ
2979 2820 3260 2895 Θεῷ(85),
3305 2821 3393 2875 διὸ
3438 2821 3549 2876 τῶν
3574 2837 3706 2894 προ-

2124 2911 2396 2983 κειμένων
2425 2909 2759 2965 ὲπιδείκνυσι
2790 2909 3046 2982 γνωμῶν,
3078 2908 3205 2982 μήτ’
3233 2906 3557 2962 ἀντιτείνειν
3576 2907 3708 2959 πᾶσι

2124 3001 2303 3072 λόγοις
2318 3000 2637 3072 φιλονείκως
2653 3001 2893 3057 ἀντιτιθέ
2901 3018 3059 3072 μενον
3076 2998 3356 3069 παραινῶν
3376 3013 3391 3028 ’
3414 2997 3707 3062 ἀνευλαόὲς

2124 3091 2263 3163 γάρσ
2296 3092 2421 3165 μήτ’
2449 3088 2545 3148 οὖν
2571 3092 2738 3146 πᾶσιν
2763 3092 2962 3163 ὁμοίως
2996 3090 3268 3162 ὑπέχοντα
3291 3087 3353 3142 τδ
3385 3083 3479 3153 οὖς
3510 3089 3711 3141 struxe-

2124 3182 2333 3238 λουθεῖν
2356 3199 2372 3214 ⁶
2402 3184 2719 3255 ἀδιάκριτον
2741 3184 2851 3255 γάρ
2878 3200 2893 3214 ·
2936 3181 3052 3238 ἀλλ’
3101 3179 3301 3234 εἰδέναι
3330 3177 3461 3251 περί
3501 3195 3563 3232 τε
3603 3176 3710 3231 τῶν

2126 3273 2444 3347 θεωρητέων
2487 3274 2581 3328 καὶ
2610 3272 2899 3345 πρακτέων
2926 3270 3155 3337 ἐκείνοις
3178 3269 3498 3326 ἀντιτείνειν
3520 3284 3583 3321 τε
3619 3267 3713 3320 καὶ

2125 3362 2518 3429 ἀνθίστασθαι,
2554 3356 2638 3428 οἷς
2682 3357 2829 3427 οἶδας
2876 3360 3173 3433 ἀλλοτρίως
3213 3359 3315 3430 τῆς
3354 3356 3713 3427 εύαγγελικῆς

2125 3455 2444 3525 λεγομένοις
2474 3454 2761 3524 θεοσοςςίας
2795 3453 2889 3507 καὶ
2914 3451 3260 3524 νομοθεσίας,
3281 3449 3554 3511 κάκείνοις
3584 3447 3713 3501 ιπε-

2129 3545 2253 3600 σθαι
2295 3546 2391 3600 καὶ
2424 3546 2659 3617 στοιχεῖν
2691 3547 2806 3608 τοῖς
2845 3543 3013 3609 ἀξίως
3059 3541 3155 3596 τοῦ
3195 3541 3351 3611 ἀγίου
3397 3537 3711 3609 Πνεύματος

2126 3633 2476 3707 λαλουμένοις
2506 3635 2646 3707 πρὸς
2675 3634 2758 3699 σὲ,
2799 3635 2894 3689 καὶ
2922 3634 3135 3697 τούτοις
3172 3633 3231 3686 ὲν
3260 3632 3444 3704 μέτρῳ
3469 3628 3565 3683 καὶ
3588 3628 3713 3682 ὅσον

2126 3726 2325 3781 δεῖκαὶ
2352 3725 2676 3795 ἀντιλέγειν,
2698 3720 2781 3790 οἷς
2805 3725 3123 3780 ἀντιτείνειν
3153 3722 3326 3789 ἀξιον,
3353 3723 3450 3776 καὶ
3486 3716 3711 3774 ἔπεσθαι

2127 3820 2250 3874 ὅσον
2276 3818 2591 3873 ἀκολουθεῖν
2617 3819 2884 3890 προσῆκε,
2923 3815 3021 3870 καὶ
3046 3815 3252 3869 τούτων
3272 3814 3476 3886 ἀμφοῖν
3500 3808 3712 3881 ὁπηνίκ’

2129 3911 2258 3984 ἂνῆ
2293 3910 2485 3984 καιρὸς
2521 3909 2958 3983 ἀντιρρήσεωςῆ
3002 3906 3433 3978 ἀκολουθήσεως.
3471 3902 3608 3957 Θεοῦ
3656 3900 3713 3955 δὲ

2133 4002 2334 4076 μᾶλλον
2361 4002 2642 4073 ἐξέχεσθαι
2682 4001 2717 4074 ἦ
2747 4001 3079 4068 προστατεῖν
3104 3995 3474 4053 διακελεύεται
3496 4014 3511 4028 ·
3551 3993 3713 4050 καλὸν

2131 4094 2271 4152 εἶναι
2296 4094 2385 4149 διὰ
2437 4096 2676 4158 πίστεως
2720 4093 3054 4167 ἐξηρτῆσθαι
3100 4092 3198 4147 τοῦ
3228 4089 3387 4156 Θεοῦ,
3438 4087 3536 4161 τὴν
3585 4085 3713 4157 ὅλην

2131 4186 2220 4240 ἐπ’
2246 4183 2395 4257 αύτῷ
2431 4183 2755 4255 πεποίθησιν
2783 4183 3005 4255 ἔχοντας
3022 4225 3039 4251 ,
3069 4182 3103 4255 ἢ
3132 4181 3346 4245 πολλοῖς
3377 4178 3555 4247 λόγοις
3575 4191 3713 4249 προ·

2131 4279 2347 4331 στατεῖν
2394 4275 2561 4330 αὐτοῦ
2600 4277 2695 4330 καὶ
2724 4275 2881 4348 δῆθεν
2910 4275 3269 4349 ὑπερμαχεῖν.
3302 4272 3461 4334 Τίνος
3494 4270 3714 4334 'e'vsxsv;

2134 4368 2259 4422 Ὅτι
2296 4367 2376 4439 τῷ
2417 4367 2588 4422 πολλὰ
2620 4368 2832 4438 λέγοντι
2866 4368 2962 4422 καὶ
3002 4364 3340 4438 σοφιζομένῳ
3388 4361 3623 4436 περισσά
3649 4362 3713 4420 ὲκ

2133 4460 2231 4532 τῆς
2256 4461 2582 4530 πολυλογίας
2612 4462 2713 4514 οὐκ
2745 4460 3013 4531 ἐπιλείψει
3045 4459 3256 4532 μῶμος,
3294 4458 3394 4523 καὶ
3426 4458 3534 4521 πᾶς
3558 4454 3713 4525 λόγος

2129 4551 2211 4613 εἰς
2235 4549 2526 4605 ἀντίπαλον
2548 4549 2697 4621 αύτῷ
2719 4551 3131 4621 παραστήσεται
3149 4547 3285 4621 (86),
3302 4546 3397 4601 καὶ
3426 4545 3587 4602 τοῦτο
3613 4559 3712 4598 που

2130 4641 2295 4713 νηρόν
2322 4659 2336 4673 ·
2371 4641 2472 4718 βίῳ
2499 4643 2555 4697 δὲ
2583 4642 2775 4715 ἡσύχῳ
2800 4642 2894 4697 καὶ
2925 4638 3283 4712 πνευματικῷ
3313 4639 3411 4694 καὶ
3441 4637 3513 4692 τὰ
3546 4634 3715 4692 πολλά

2133 4734 2262 4807 περὶ
2292 4735 2519 4808 πρᾶξιν,
2567 4730 2731 4809 ἦττον
2762 4736 2821 4789 δὲ
2858 4736 2986 4807 περὶ
3028 4734 3183 4804 λόγον
3215 4731 3525 4805 ποιουμένῳ
3559 4731 3645 4795 τίς
3674 4729 3730 4784 ’δυ

2132 4827 2502 4884 ἀντιπαλαίων
2542 4829 2575 4902 ἢ
2621 4827 3142 4898 ἀντιδιατιθέμενοςς
3195 4825 3412 4890 πάντως
3455 4825 3491 4897 ἢ
3541 4823 3714 4887 οὐδεὶς
3796 4856 3815 4871 κ

2132 4917 2285 4972 ἔσται
2310 4920 2343 4991 ἢ
2375 4922 2469 4975 καὶ
2494 4916 2648 4986 οὗτος
2675 4920 2784 4975 τῶν
2808 4916 3294 4993 κατεγνωσμένων.

448 5018 556 5072 que
597 5004 768 5061 verbo
806 5003 1015 5076 potenti
1064 5002 1190 5074 quis
1241 5002 1477 5061 obsistet
1505 5011 1601 5059 aut
1637 5004 1986 5066 adversarius
2012 5012 2218 5069 stabit?
2238 5014 2491 5075 Profecto
2524 5025 2620 5073 aut
2649 5016 2834 5073 nullus
2866 5023 2961 5071 aut
2985 5014 3033 5083 si
3063 5014 3190 5085 quis
3211 5020 3297 5069 est
3326 5027 3358 5068 e
3383 5009 3712 5066 condemna-

450 5095 527 5152 tis
554 5093 646 5149 ille
683 5094 1031 5152 adversarius
1056 5094 1181 5152 erit.

528 5225 642 5307 (ἓξ)
672 5222 807 5307 ἕρδ’
822 5224 1006 5307 ,ΞΡῆιςῃ
1179 5293 1234 5307 ,..

527 5293 641 5368 (85)
680 5294 780 5368 δίο
820 5293 1080 5368 Horatius
1105 5311 1147 5368 :_
1173 5293 1571 5368 Sint-erumpat
1590 5296 1834 5368 uigilias,
1867 5297 2026 5368 quod-

454 5364 657 5438 cunque
693 5365 937 5438 iniungis
979 5365 1169 5438 acescit
1203 5364 1410 5438 _(_Epist.
1456 5366 1506 5438 lg,
1543 5364 1601 5426 2.
1636 5365 1746 5437 54).
1779 5366 1841 5421 Ει
1872 5364 2034 5438 Chri-

456 5434 580 5495 stus
611 5440 726 5508 ipse
774 5437 828 5494 in
843 5435 1138 5504 Evangelio
1169 5434 1385 5508 (Matth.
1420 5435 1495 5507 ιι)
1534 5434 1721 5508 vetat,
1756 5451 1825 5491 ne
1848 5437 2034 5492 vinum

458 5504 660 5564 novum
701 5506 758 5560 in
793 5516 1006 5560 veteres
1040 5504 1191 5561 utres
1222 5504 1489 5560 mittatur.
1532 5504 1774 5561 Βιιωυε,

530 5577 644 5644 (84)
668 5576 804 5632 Cod.
836 5574 1184 5647 προστάττει.
1218 5574 1608 5647 Βοεὶιηπλεξιν.
1637 5574 1823 5647 Venet.
1850 5576 2036 5647 πλεῖον

459 5642 649 5719 ὶξέχου
689 5646 723 5717 ἢ
755 5642 1088 5719 προστάττῃ.
1118 5642 1359 5719 Zonaras
1388 5644 1482 5719 fol.
1513 5644 1626 5719 7_v._
1648 5645 1834 5719 égéxou
1862 5645 1919 5719 δὲ
1939 5646 2034 5719 καὶ

462 5712 730 5786 ἐξήρτησο
755 5712 847 5769 τοῦ
888 5712 1519 5786 Θεοῦῖπε-ποιθῲςᾳμῄτε
1550 5712 1844 5786 ἐπὶ-λόγων
1870 5715 2029 5786 δυνά-

470 5782 577 5853 μει,
614 5786 748 5855 μήτε
782 5788 868 5838 ἐπ’
895 5782 1251 5854 εύγλωττίᾳῆ
1285 5782 1370 5837 ἐπ’
1400 5782 1543 5855 ἄλλῳ
1564 5784 1670 5838 τινὶ
1704 5784 1735 5855 ἥ
1763 5784 1859 5840 ἐπὶ
1885 5783 2031 5856 μόνῳ

2132 5229 2284 5302 Θεῷο
2315 5231 2473 5288 τοῦτο
2494 5235 2603 5304 γάρ
2639 5228 3036 5304 έστιᾼτὸλθεοῦ
3056 5229 3115 5304 δὲ
3145 5227 3328 5283 πλεῖον
3350 5226 3546 5304 έξέχου
3573 5223 3716 5304 παρὸ

2133 5296 2478 5426 «paying
2506 5296 2672 5375 ’παρὸ
2698 5301 2902 5375 δηλαδὴ
2940 5300 3248 5372 παρίστασο
3278 5298 3375 5352 καὶ
3407 5296 3717 5367 ὑπερμάχει

2133 5388 2295 5425 αυτου
2358 5392 2387 5426 ν
2479 5391 2614 5426 γοις.

2133 5388 2295 5425 αυτου
2328 5388 2387 5427 εν
2416 5388 2614 5427 λογοις.

2227 5391 2295 5425 του
2328 5391 2387 5427 εν
2416 5391 2614 5440 Λογοις.

2227 5443 2315 5514 85)
2347 5443 2483 5499 Cod.
2520 5443 2627 5514 χρῆ
2653 5439 2731 5512 τῷ
2755 5439 2805 5497 θ.
2837 5448 2893 5514 et
2922 5455 3088 5514 supra
3115 5437 3148 5510 ἦ
3176 5438 3578 5514 scriptumvaj.

2227 5504 2316 5635 86?
2350 5504 2791 5584 Παραστήοεται,
2816 5511 2898 5567 sic
2919 5504 3084 5565 etiam
3109 5504 3234 5564 cod.
3259 5504 3496 5573 Sirlctti;
3526 5504 3715 5560 Billius

2228 5599 2293 5635 vu
2319 5590 2340 5635 t
2368 5583 2758 5635 περιστήσεται
2790 5589 2956 5635 atque
2975 5580 3222 5635 Nicetam
3248 5579 3539 5635 vituperat,
3565 5575 3710 5635 quod

2135 5575 2340 5636 mavult
2368 5575 2758 5653 περιστήσεται
2790 5589 2956 5650 atque
2975 5580 3222 5635 Nicetam
3248 5579 3539 5653 vituperat,
3565 5575 3710 5653 quod

2142 5665 2273 5733 non.
2306 5649 2453 5709 satis
2487 5649 2771 5725 perspicue
2802 5649 3061 5721 exponat,
3117 5662 3239 5720 quae
3284 5650 3355 5705 sit
3391 5661 3546 5703 mens
3582 5649 3715 5704 Gre-

2139 5736 2297 5791 gem.
