  <div class='ocr_page' id='page_1' title='image "/cluster/home/n/w/nwhite01/storage/ocr_20150623/38:no.4/coo.31924054869353/406.png"; bbox 0 0 4082 6402; ppageno 0'>
   <div class='ocr_carea' id='block_1_1' title="bbox 376 323 495 379">
    <p class='ocr_par' dir='ltr' id='par_1_1' title="bbox 376 323 495 379">
     <span class='ocr_line' id='line_1_1' title="bbox 376 323 495 379; baseline -0.017 0"><span class='ocrx_word' id='word_1_1' title='bbox 376 323 495 379; x_wconf 76' lang='lat'><strong>795</strong></span> 
     </span>
    </p>
   </div>
   <div class='ocr_carea' id='block_1_2' title="bbox 376 439 1795 515">
    <p class='ocr_par' dir='ltr' id='par_1_2' title="bbox 376 439 1795 515">
     <span class='ocr_line' id='line_1_2' title="bbox 376 439 1795 515; baseline 0.002 -16"><span class='ocrx_word' id='word_1_2' title='bbox 376 443 459 499; x_wconf 73' lang='grc'><strong>15</strong></span> <span class='ocrx_word' id='word_1_3' title='bbox 489 443 558 508; x_wconf 77' lang='grc' dir='ltr'><em>Ἡ</em></span> <span class='ocrx_word' id='word_1_4' title='bbox 581 439 670 512; x_wconf 80' lang='grc' dir='ltr'>μὴ</span> <span class='ocrx_word' id='word_1_5' title='bbox 691 440 1026 510; x_wconf 78' lang='grc' dir='ltr'><strong>διδάσκειν,</strong></span> <span class='ocrx_word' id='word_1_6' title='bbox 1063 441 1446 512; x_wconf 78' lang='grc' dir='ltr'>ἢδιδάσκειν</span> <span class='ocrx_word' id='word_1_7' title='bbox 1467 447 1548 512; x_wconf 84' lang='grc' dir='ltr'>τῷ</span> <span class='ocrx_word' id='word_1_8' title='bbox 1578 447 1795 515; x_wconf 83' lang='grc' dir='ltr'>τρόπῳ.</span> 
     </span>
    </p>
   </div>
   <div class='ocr_carea' id='block_1_3' title="bbox 459 531 1985 610">
    <p class='ocr_par' dir='ltr' id='par_1_3' title="bbox 459 531 1985 610">
     <span class='ocr_line' id='line_1_3' title="bbox 459 531 1985 610; baseline 0.005 -24"><span class='ocrx_word' id='word_1_9' title='bbox 459 531 644 587; x_wconf 79' lang='grc' dir='ltr'>Καλὸν</span> <span class='ocrx_word' id='word_1_10' title='bbox 685 535 720 603; x_wconf 81' lang='grc' dir='ltr'>ἡ</span> <span class='ocrx_word' id='word_1_11' title='bbox 777 534 982 606; x_wconf 81' lang='grc' dir='ltr'>σιωπὴ,</span> <span class='ocrx_word' id='word_1_12' title='bbox 1033 536 1197 606; x_wconf 70' lang='grc' dir='ltr'>φησιν</span> <span class='ocrx_word' id='word_1_13' title='bbox 1226 539 1256 590; x_wconf 99' lang='lat'><strong>6</strong></span> <span class='ocrx_word' id='word_1_14' title='bbox 1285 537 1426 600; x_wconf 87' lang='grc' dir='ltr'>θεῖος</span> <span class='ocrx_word' id='word_1_15' title='bbox 1451 537 1799 606; x_wconf 80' lang='grc' dir='ltr'><strong>Διδάσκαλος,</strong></span> <span class='ocrx_word' id='word_1_16' title='bbox 1828 539 1985 610; x_wconf 85' lang='grc' dir='ltr'>δῆλον</span> 
     </span>
    </p>
   </div>
   <div class='ocr_carea' id='block_1_4' title="bbox 373 625 1983 704">
    <p class='ocr_par' dir='ltr' id='par_1_4' title="bbox 373 625 1983 704">
     <span class='ocr_line' id='line_1_4' title="bbox 373 625 1983 704; baseline 0.005 -26"><span class='ocrx_word' id='word_1_17' title='bbox 373 625 470 678; x_wconf 80' lang='grc' dir='ltr'>ὅτι</span> <span class='ocrx_word' id='word_1_18' title='bbox 498 627 614 687; x_wconf 86' lang='grc' dir='ltr'>τοῖς</span> <span class='ocrx_word' id='word_1_19' title='bbox 644 625 974 696; x_wconf 83' lang='grc' dir='ltr'><strong>ἀρχομένοις</strong></span> <span class='ocrx_word' id='word_1_20' title='bbox 1001 626 1351 694; x_wconf 74' lang='grc' dir='ltr'>ὲξασκεῖσθαι</span> <span class='ocrx_word' id='word_1_21' title='bbox 1373 628 1476 699; x_wconf 86' lang='grc' dir='ltr'><strong>τὴν</strong></span> <span class='ocrx_word' id='word_1_22' title='bbox 1503 629 1726 702; x_wconf 83' lang='grc' dir='ltr'>ἀρετὴν,</span> <span class='ocrx_word' id='word_1_23' title='bbox 1748 632 1843 686; x_wconf 75' lang='grc' dir='ltr'><strong>καὶ</strong></span> <span class='ocrx_word' id='word_1_24' title='bbox 1874 633 1983 704; x_wconf 85' lang='grc' dir='ltr'><strong>μή-</strong></span> 
     </span>
    </p>
   </div>
   <div class='ocr_carea' id='block_1_5' title="bbox 375 719 1983 791">
    <p class='ocr_par' dir='ltr' id='par_1_5' title="bbox 375 719 1983 791">
     <span class='ocr_line' id='line_1_5' title="bbox 375 719 1983 791; baseline 0.004 -19"><span class='ocrx_word' id='word_1_25' title='bbox 375 737 478 776; x_wconf 82' lang='grc' dir='ltr'><strong>πω</strong></span> <span class='ocrx_word' id='word_1_26' title='bbox 496 720 702 790; x_wconf 86' lang='grc' dir='ltr'>ταύτην</span> <span class='ocrx_word' id='word_1_27' title='bbox 719 720 995 774; x_wconf 79' lang='grc' dir='ltr'>διδάσκειν</span> <span class='ocrx_word' id='word_1_28' title='bbox 1019 719 1380 791; x_wconf 77' lang='grc' dir='ltr'><strong>κεκλημένοις</strong></span> <span class='ocrx_word' id='word_1_29' title='bbox 1403 737 1418 752; x_wconf 80' lang='grc'><em>’</em></span> <span class='ocrx_word' id='word_1_30' title='bbox 1445 722 1495 775; x_wconf 86' lang='grc' dir='ltr'>εἰ</span> <span class='ocrx_word' id='word_1_31' title='bbox 1516 721 1572 776; x_wconf 80' lang='grc' dir='ltr'><strong>δὲ</strong></span> <span class='ocrx_word' id='word_1_32' title='bbox 1594 723 1688 777; x_wconf 63' lang='grc' dir='ltr'><strong>καὶ¹</strong></span> <span class='ocrx_word' id='word_1_33' title='bbox 1709 723 1983 778; x_wconf 79' lang='grc' dir='ltr'>διδάσκειν</span> 
     </span>
    </p>
   </div>
   <div class='ocr_carea' id='block_1_6' title="bbox 373 804 1980 890">
    <p class='ocr_par' dir='ltr' id='par_1_6' title="bbox 373 804 1980 890">
     <span class='ocr_line' id='line_1_6' title="bbox 373 804 1980 890; baseline 0.004 -26"><span class='ocrx_word' id='word_1_34' title='bbox 373 812 669 882; x_wconf 75' lang='grc' dir='ltr'><strong>ἐρωτικῶς</strong></span> <span class='ocrx_word' id='word_1_35' title='bbox 707 811 923 882; x_wconf 80' lang='grc' dir='ltr'>έχουσι-ν</span> <span class='ocrx_word' id='word_1_36' title='bbox 963 804 1111 865; x_wconf 69' lang='grc' dir='ltr'>οὗτοι</span> <span class='ocrx_word' id='word_1_37' title='bbox 1131 851 1146 876; x_wconf 88' lang='grc'><strong>,</strong></span> <span class='ocrx_word' id='word_1_38' title='bbox 1204 812 1282 884; x_wconf 81' lang='grc' dir='ltr'>τῷ</span> <span class='ocrx_word' id='word_1_39' title='bbox 1319 813 1508 886; x_wconf 89' lang='grc' dir='ltr'>τρόπῳ</span> <span class='ocrx_word' id='word_1_40' title='bbox 1540 816 1740 886; x_wconf 82' lang='grc' dir='ltr'>μᾶλλον</span> <span class='ocrx_word' id='word_1_41' title='bbox 1777 819 1871 871; x_wconf 79' lang='grc' dir='ltr'><strong>καὶ</strong></span> <span class='ocrx_word' id='word_1_42' title='bbox 1914 822 1980 890; x_wconf 81' lang='grc' dir='ltr'>τῇ</span> 
     </span>
    </p>
   </div>
   <div class='ocr_carea' id='block_1_7' title="bbox 373 904 1982 982">
    <p class='ocr_par' dir='ltr' id='par_1_7' title="bbox 373 904 1982 982">
     <span class='ocr_line' id='line_1_7' title="bbox 373 904 1982 982; baseline 0.004 -24"><span class='ocrx_word' id='word_1_43' title='bbox 373 904 721 958; x_wconf 82' lang='grc' dir='ltr'>καταστάσει</span> <span class='ocrx_word' id='word_1_44' title='bbox 761 904 861 974; x_wconf 80' lang='grc' dir='ltr'><strong>τῆς</strong></span> <span class='ocrx_word' id='word_1_45' title='bbox 891 904 1010 958; x_wconf 78' lang='grc' dir='ltr'>κατ’</span> <span class='ocrx_word' id='word_1_46' title='bbox 1056 905 1256 970; x_wconf 76' lang='grc' dir='ltr'>αὐτοὺς</span> <span class='ocrx_word' id='word_1_47' title='bbox 1306 906 1582 972; x_wconf 79' lang='grc' dir='ltr'><strong>πολιτείας</strong></span> <span class='ocrx_word' id='word_1_48' title='bbox 1619 909 1718 979; x_wconf 80' lang='grc' dir='ltr'>τὴν</span> <span class='ocrx_word' id='word_1_49' title='bbox 1760 909 1982 982; x_wconf 79' lang='grc' dir='ltr'>διδαχὴν</span> 
     </span>
    </p>
   </div>
   <div class='ocr_carea' id='block_1_8' title="bbox 373 993 1981 1070">
    <p class='ocr_par' dir='ltr' id='par_1_8' title="bbox 373 993 1981 1070">
     <span class='ocr_line' id='line_1_8' title="bbox 373 993 1981 1070; baseline 0.004 -22"><span class='ocrx_word' id='word_1_50' title='bbox 373 993 874 1049; x_wconf 83' lang='grc' dir='ltr'>ὲπιδεικνύτωσαν.</span> <span class='ocrx_word' id='word_1_51' title='bbox 925 996 1081 1048; x_wconf 87' lang='grc' dir='ltr'>Δυοῖν</span> <span class='ocrx_word' id='word_1_52' title='bbox 1122 995 1232 1067; x_wconf 83' lang='grc' dir='ltr'>γὰρ</span> <span class='ocrx_word' id='word_1_53' title='bbox 1269 997 1469 1070; x_wconf 81' lang='grc' dir='ltr'>χειρῶν</span> <span class='ocrx_word' id='word_1_54' title='bbox 1504 997 1696 1066; x_wconf 76' lang='grc' dir='ltr'>ὄντων,</span> <span class='ocrx_word' id='word_1_55' title='bbox 1738 999 1851 1069; x_wconf 83' lang='grc' dir='ltr'>βίου</span> <span class='ocrx_word' id='word_1_56' title='bbox 1886 1003 1981 1054; x_wconf 80' lang='grc' dir='ltr'><strong>καὶ</strong></span> 
     </span>
    </p>
   </div>
   <div class='ocr_carea' id='block_1_9' title="bbox 377 1083 1980 1162">
    <p class='ocr_par' dir='ltr' id='par_1_9' title="bbox 377 1083 1980 1162">
     <span class='ocr_line' id='line_1_9' title="bbox 377 1083 1980 1162; baseline 0.002 -21"><span class='ocrx_word' id='word_1_57' title='bbox 377 1086 569 1151; x_wconf 78' lang='grc' dir='ltr'>λόγου,</span> <span class='ocrx_word' id='word_1_58' title='bbox 600 1086 662 1137; x_wconf 90' lang='grc' dir='ltr'>οὐ</span> <span class='ocrx_word' id='word_1_59' title='bbox 685 1084 893 1138; x_wconf 87' lang='grc' dir='ltr'>δίκαιον</span> <span class='ocrx_word' id='word_1_60' title='bbox 919 1083 1028 1137; x_wconf 86' lang='grc' dir='ltr'>οὐδ’</span> <span class='ocrx_word' id='word_1_61' title='bbox 1047 1085 1268 1150; x_wconf 82' lang='grc' dir='ltr'>εὐσεϐὲς</span> <span class='ocrx_word' id='word_1_62' title='bbox 1303 1086 1369 1141; x_wconf 87' lang='grc' dir='ltr'><strong>ἂν</strong></span> <span class='ocrx_word' id='word_1_63' title='bbox 1393 1085 1479 1160; x_wconf 76' lang='grc' dir='ltr'><strong>εἴη</strong></span> <span class='ocrx_word' id='word_1_64' title='bbox 1501 1091 1567 1160; x_wconf 85' lang='grc' dir='ltr'>τῇ</span> <span class='ocrx_word' id='word_1_65' title='bbox 1599 1091 1698 1161; x_wconf 81' lang='grc' dir='ltr'>μιᾷ</span> <span class='ocrx_word' id='word_1_66' title='bbox 1715 1091 1812 1160; x_wconf 81' lang='grc' dir='ltr'><strong>μὲν</strong></span> <span class='ocrx_word' id='word_1_67' title='bbox 1837 1092 1980 1162; x_wconf 77' lang='grc' dir='ltr'>χειρὶ</span> 
     </span>
    </p>
   </div>
   <div class='ocr_carea' id='block_1_10' title="bbox 372 1177 1980 1254">
    <p class='ocr_par' dir='ltr' id='par_1_10' title="bbox 372 1177 1980 1254">
     <span class='ocr_line' id='line_1_10' title="bbox 372 1177 1980 1254; baseline 0.002 -21"><span class='ocrx_word' id='word_1_68' title='bbox 372 1179 512 1242; x_wconf 81' lang='grc' dir='ltr'>τοὺς</span> <span class='ocrx_word' id='word_1_69' title='bbox 548 1177 922 1249; x_wconf 81' lang='grc' dir='ltr'>μανθάνοντας</span> <span class='ocrx_word' id='word_1_70' title='bbox 955 1178 1311 1246; x_wconf 77' lang='grc' dir='ltr'>ἐφέλκεσθαι,</span> <span class='ocrx_word' id='word_1_71' title='bbox 1374 1183 1440 1252; x_wconf 77' lang='grc' dir='ltr'><strong>τῇ</strong></span> <span class='ocrx_word' id='word_1_72' title='bbox 1477 1182 1642 1254; x_wconf 78' lang='grc' dir='ltr'>ἑτέρᾳ</span> <span class='ocrx_word' id='word_1_73' title='bbox 1671 1183 1728 1236; x_wconf 84' lang='grc' dir='ltr'><strong>δὲ</strong></span> <span class='ocrx_word' id='word_1_74' title='bbox 1757 1182 1980 1248; x_wconf 82' lang='grc' dir='ltr'>τούτους</span> 
     </span>
    </p>
   </div>
   <div class='ocr_carea' id='block_1_11' title="bbox 371 1269 1977 1348">
    <p class='ocr_par' dir='ltr' id='par_1_11' title="bbox 371 1269 1977 1348">
     <span class='ocr_line' id='line_1_11' title="bbox 371 1269 1977 1348; baseline 0.002 -22"><span class='ocrx_word' id='word_1_75' title='bbox 371 1269 726 1326; x_wconf 75' lang='grc' dir='ltr'>ἀπωθεῖσθαι</span> <span class='ocrx_word' id='word_1_76' title='bbox 755 1287 769 1302; x_wconf 88' lang='grc'><strong>·</strong></span> <span class='ocrx_word' id='word_1_77' title='bbox 797 1270 886 1324; x_wconf 71' lang='grc' dir='ltr'><strong>διὰ</strong></span> <span class='ocrx_word' id='word_1_78' title='bbox 909 1270 1002 1323; x_wconf 81' lang='grc' dir='ltr'>τοῦ</span> <span class='ocrx_word' id='word_1_79' title='bbox 1035 1270 1150 1341; x_wconf 85' lang='grc' dir='ltr'>βίου</span> <span class='ocrx_word' id='word_1_80' title='bbox 1183 1272 1284 1343; x_wconf 82' lang='grc' dir='ltr'>μὲν</span> <span class='ocrx_word' id='word_1_81' title='bbox 1312 1274 1619 1344; x_wconf 80' lang='grc' dir='ltr'>προτείνειν</span> <span class='ocrx_word' id='word_1_82' title='bbox 1651 1275 1977 1348; x_wconf 79' lang='grc' dir='ltr'>ἀμώμητον,</span> 
     </span>
    </p>
   </div>
   <div class='ocr_carea' id='block_1_12' title="bbox 371 1363 1978 1442">
    <p class='ocr_par' dir='ltr' id='par_1_12' title="bbox 371 1363 1978 1442">
     <span class='ocr_line' id='line_1_12' title="bbox 371 1363 1978 1442; baseline 0.002 -22"><span class='ocrx_word' id='word_1_83' title='bbox 371 1363 539 1434; x_wconf 80' lang='grc' dir='ltr'>λόγον</span> <span class='ocrx_word' id='word_1_84' title='bbox 564 1365 622 1418; x_wconf 79' lang='grc' dir='ltr'>δὲ</span> <span class='ocrx_word' id='word_1_85' title='bbox 657 1366 918 1437; x_wconf 84' lang='grc' dir='ltr'>μωμητόν</span> <span class='ocrx_word' id='word_1_86' title='bbox 938 1381 954 1396; x_wconf 84' lang='lat'><strong><em>°</em></strong></span> <span class='ocrx_word' id='word_1_87' title='bbox 1004 1365 1038 1436; x_wconf 85' lang='grc' dir='ltr'>ἢ</span> <span class='ocrx_word' id='word_1_88' title='bbox 1076 1367 1222 1438; x_wconf 87' lang='grc' dir='ltr'>λόγῳ</span> <span class='ocrx_word' id='word_1_89' title='bbox 1255 1367 1356 1438; x_wconf 80' lang='grc' dir='ltr'><strong>μὲν</strong></span> <span class='ocrx_word' id='word_1_90' title='bbox 1389 1367 1539 1422; x_wconf 84' lang='grc' dir='ltr'>εὐθεῖ</span> <span class='ocrx_word' id='word_1_91' title='bbox 1573 1369 1665 1423; x_wconf 75' lang='grc' dir='ltr'><strong>καὶ</strong></span> <span class='ocrx_word' id='word_1_92' title='bbox 1697 1369 1978 1442; x_wconf 84' lang='grc' dir='ltr'>ὀρθοτόμῳ</span> 
     </span>
    </p>
   </div>
   <div class='ocr_carea' id='block_1_13' title="bbox 373 1457 1974 1534">
    <p class='ocr_par' dir='ltr' id='par_1_13' title="bbox 373 1457 1974 1534">
     <span class='ocr_line' id='line_1_13' title="bbox 373 1457 1974 1534; baseline 0.005 -23"><span class='ocrx_word' id='word_1_93' title='bbox 373 1457 640 1530; x_wconf 80' lang='grc' dir='ltr'>χρῆσθαι,</span> <span class='ocrx_word' id='word_1_94' title='bbox 677 1459 776 1530; x_wconf 84' lang='grc' dir='ltr'>βίῳ</span> <span class='ocrx_word' id='word_1_95' title='bbox 814 1458 872 1511; x_wconf 84' lang='grc' dir='ltr'>δὲ</span> <span class='ocrx_word' id='word_1_96' title='bbox 911 1459 1272 1531; x_wconf 76' lang='grc' dir='ltr'>ῥυπαίνεσθαι</span> <span class='ocrx_word' id='word_1_97' title='bbox 1315 1461 1535 1532; x_wconf 85' lang='grc' dir='ltr'>ἀνάγνῳ</span> <span class='ocrx_word' id='word_1_98' title='bbox 1565 1462 1657 1516; x_wconf 75' lang='grc' dir='ltr'><strong>καὶ</strong></span> <span class='ocrx_word' id='word_1_99' title='bbox 1691 1462 1974 1534; x_wconf 78' lang='grc' dir='ltr'><strong>μοχθηρῷ.</strong></span> 
     </span>
    </p>
   </div>
   <div class='ocr_carea' id='block_1_14' title="bbox 377 1549 1975 1625">
    <p class='ocr_par' dir='ltr' id='par_1_14' title="bbox 377 1549 1975 1625">
     <span class='ocr_line' id='line_1_14' title="bbox 377 1549 1975 1625; baseline 0.003 -23"><span class='ocrx_word' id='word_1_100' title='bbox 377 1551 494 1603; x_wconf 78' lang='grc' dir='ltr'>Καὶ</span> <span class='ocrx_word' id='word_1_101' title='bbox 534 1549 644 1621; x_wconf 80' lang='grc' dir='ltr'>γὰρ</span> <span class='ocrx_word' id='word_1_102' title='bbox 692 1550 985 1620; x_wconf 83' lang='grc' dir='ltr'>κράτιστον</span> <span class='ocrx_word' id='word_1_103' title='bbox 1029 1549 1131 1621; x_wconf 79' lang='grc' dir='ltr'><strong>μὲν</strong></span> <span class='ocrx_word' id='word_1_104' title='bbox 1174 1551 1506 1625; x_wconf 82' lang='grc' dir='ltr'>ἀμφοτέροις</span> <span class='ocrx_word' id='word_1_105' title='bbox 1536 1552 1877 1625; x_wconf 82' lang='grc' dir='ltr'>εὐδοκιμεῖν·</span> <span class='ocrx_word' id='word_1_106' title='bbox 1925 1554 1975 1606; x_wconf 82' lang='grc' dir='ltr'><strong>εί</strong></span> 
     </span>
    </p>
   </div>
   <div class='ocr_carea' id='block_1_15' title="bbox 372 1640 1976 1714">
    <p class='ocr_par' dir='ltr' id='par_1_15' title="bbox 372 1640 1976 1714">
     <span class='ocr_line' id='line_1_15' title="bbox 372 1640 1976 1714; baseline 0 -20"><span class='ocrx_word' id='word_1_107' title='bbox 372 1640 424 1694; x_wconf 80' lang='grc' dir='ltr'>δ’</span> <span class='ocrx_word' id='word_1_108' title='bbox 453 1640 656 1709; x_wconf 71' lang='grc' dir='ltr'>ἀμφοῖν</span> <span class='ocrx_word' id='word_1_109' title='bbox 682 1640 984 1710; x_wconf 79' lang='grc' dir='ltr'>ἀμήχανον,</span> <span class='ocrx_word' id='word_1_110' title='bbox 1006 1641 1106 1711; x_wconf 83' lang='grc' dir='ltr'>τῆς</span> <span class='ocrx_word' id='word_1_111' title='bbox 1133 1640 1275 1694; x_wconf 83' lang='grc' dir='ltr'>κατὰ</span> <span class='ocrx_word' id='word_1_112' title='bbox 1300 1641 1498 1714; x_wconf 76' lang='grc' dir='ltr'>πρᾶξιν</span> <span class='ocrx_word' id='word_1_113' title='bbox 1525 1641 1621 1695; x_wconf 76' lang='grc' dir='ltr'>καὶ</span> <span class='ocrx_word' id='word_1_114' title='bbox 1649 1641 1763 1712; x_wconf 87' lang='grc' dir='ltr'>βίον</span> <span class='ocrx_word' id='word_1_115' title='bbox 1787 1642 1976 1712; x_wconf 82' lang='grc' dir='ltr'>σεμνό-</span> 
     </span>
    </p>
   </div>
   <div class='ocr_carea' id='block_1_16' title="bbox 374 1731 1979 1804">
    <p class='ocr_par' dir='ltr' id='par_1_16' title="bbox 374 1731 1979 1804">
     <span class='ocr_line' id='line_1_16' title="bbox 374 1731 1979 1804; baseline 0 -18"><span class='ocrx_word' id='word_1_116' title='bbox 374 1750 542 1804; x_wconf 85' lang='grc' dir='ltr'>τητος</span> <span class='ocrx_word' id='word_1_117' title='bbox 583 1732 784 1804; x_wconf 79' lang='grc' dir='ltr'>μᾶλλον</span> <span class='ocrx_word' id='word_1_118' title='bbox 820 1731 1201 1804; x_wconf 79' lang='grc' dir='ltr'>ἐπιμελητέον,</span> <span class='ocrx_word' id='word_1_119' title='bbox 1248 1733 1340 1787; x_wconf 76' lang='grc' dir='ltr'><strong>καὶ</strong></span> <span class='ocrx_word' id='word_1_120' title='bbox 1379 1733 1552 1804; x_wconf 85' lang='grc' dir='ltr'>ταύτῃ</span> <span class='ocrx_word' id='word_1_121' title='bbox 1601 1734 1697 1787; x_wconf 82' lang='grc' dir='ltr'>τοῦ</span> <span class='ocrx_word' id='word_1_122' title='bbox 1723 1733 1884 1802; x_wconf 81' lang='grc' dir='ltr'>λόγου</span> <span class='ocrx_word' id='word_1_123' title='bbox 1914 1733 1979 1786; x_wconf 74' lang='grc' dir='ltr'>τὸ</span> 
     </span>
    </p>
   </div>
   <div class='ocr_carea' id='block_1_17' title="bbox 375 1824 1975 1897">
    <p class='ocr_par' dir='ltr' id='par_1_17' title="bbox 375 1824 1975 1897">
     <span class='ocr_line' id='line_1_17' title="bbox 375 1824 1975 1897; baseline 0.001 -20"><span class='ocrx_word' id='word_1_124' title='bbox 375 1825 564 1879; x_wconf 83' lang='grc' dir='ltr'>λεῖπον</span> <span class='ocrx_word' id='word_1_125' title='bbox 595 1824 1038 1896; x_wconf 81' lang='grc' dir='ltr'>ἀναπληρωτέον.</span> <span class='ocrx_word' id='word_1_126' title='bbox 1084 1825 1174 1888; x_wconf 83' lang='grc' dir='ltr'>Ὦς</span> <span class='ocrx_word' id='word_1_127' title='bbox 1218 1824 1329 1896; x_wconf 80' lang='grc' dir='ltr'><strong>γὰρ</strong></span> <span class='ocrx_word' id='word_1_128' title='bbox 1371 1825 1400 1878; x_wconf 91' lang='grc' dir='ltr'><strong>ό</strong></span> <span class='ocrx_word' id='word_1_129' title='bbox 1453 1824 1747 1897; x_wconf 79' lang='grc' dir='ltr'>ζωγράφος</span> <span class='ocrx_word' id='word_1_130' title='bbox 1789 1826 1850 1878; x_wconf 91' lang='grc' dir='ltr'>οὐ</span> <span class='ocrx_word' id='word_1_131' title='bbox 1884 1843 1975 1878; x_wconf 91' lang='grc' dir='ltr'><strong>το-</strong></span> 
     </span>
    </p>
   </div>
   <div class='ocr_carea' id='block_1_18' title="bbox 380 1915 1974 1988">
    <p class='ocr_par' dir='ltr' id='par_1_18' title="bbox 380 1915 1974 1988">
     <span class='ocr_line' id='line_1_18' title="bbox 380 1915 1974 1988; baseline 0 -17"><span class='ocrx_word' id='word_1_132' title='bbox 380 1917 594 1982; x_wconf 79' lang='grc' dir='ltr'>σοῦτον,</span> <span class='ocrx_word' id='word_1_133' title='bbox 627 1917 780 1988; x_wconf 76' lang='grc' dir='ltr'>φησὶ,</span> <span class='ocrx_word' id='word_1_134' title='bbox 812 1920 926 1980; x_wconf 90' lang='grc' dir='ltr'>τοῖς</span> <span class='ocrx_word' id='word_1_135' title='bbox 954 1917 1135 1985; x_wconf 79' lang='grc' dir='ltr'>λόγοις</span> <span class='ocrx_word' id='word_1_136' title='bbox 1162 1917 1286 1970; x_wconf 83' lang='grc' dir='ltr'>ὅσον</span> <span class='ocrx_word' id='word_1_137' title='bbox 1315 1919 1432 1981; x_wconf 87' lang='grc' dir='ltr'>τοῖς</span> <span class='ocrx_word' id='word_1_138' title='bbox 1464 1916 1833 1987; x_wconf 80' lang='grc' dir='ltr'>ὑποδείγμασι</span> <span class='ocrx_word' id='word_1_139' title='bbox 1863 1915 1974 1971; x_wconf 91' lang='grc' dir='ltr'><strong>τῶν</strong></span> 
     </span>
    </p>
   </div>
   <div class='ocr_carea' id='block_1_19' title="bbox 382 2008 1974 2082">
    <p class='ocr_par' dir='ltr' id='par_1_19' title="bbox 382 2008 1974 2082">
     <span class='ocr_line' id='line_1_19' title="bbox 382 2008 1974 2082; baseline -0.001 -18"><span class='ocrx_word' id='word_1_140' title='bbox 382 2009 709 2082; x_wconf 81' lang='grc' dir='ltr'>ἀρχετύπων</span> <span class='ocrx_word' id='word_1_141' title='bbox 736 2011 860 2073; x_wconf 72' lang='grc' dir='ltr'>τοὺς</span> <span class='ocrx_word' id='word_1_142' title='bbox 898 2011 990 2063; x_wconf 79' lang='grc' dir='ltr'>ὐπ’</span> <span class='ocrx_word' id='word_1_143' title='bbox 1035 2008 1186 2080; x_wconf 79' lang='grc' dir='ltr'>αὐτῷ</span> <span class='ocrx_word' id='word_1_144' title='bbox 1238 2009 1338 2081; x_wconf 83' lang='grc' dir='ltr'>τὴν</span> <span class='ocrx_word' id='word_1_145' title='bbox 1364 2010 1644 2082; x_wconf 78' lang='grc' dir='ltr'>γραφικὴν</span> <span class='ocrx_word' id='word_1_146' title='bbox 1675 2009 1974 2081; x_wconf 83' lang='grc' dir='ltr'>μανθάνον-</span> 
     </span>
    </p>
   </div>
   <div class='ocr_carea' id='block_1_20' title="bbox 379 2102 1972 2174">
    <p class='ocr_par' dir='ltr' id='par_1_20' title="bbox 379 2102 1972 2174">
     <span class='ocr_line' id='line_1_20' title="bbox 379 2102 1972 2174; baseline -0.001 -17"><span class='ocrx_word' id='word_1_147' title='bbox 379 2119 482 2167; x_wconf 88' lang='grc' dir='ltr'><strong>τας</strong></span> <span class='ocrx_word' id='word_1_148' title='bbox 515 2102 741 2173; x_wconf 72' lang='grc' dir='ltr'>ὠφελεῖ,</span> <span class='ocrx_word' id='word_1_149' title='bbox 789 2103 962 2166; x_wconf 69' lang='grc' dir='ltr'>οὕτως</span> <span class='ocrx_word' id='word_1_150' title='bbox 1001 2104 1052 2156; x_wconf 90' lang='grc' dir='ltr'><strong>οἱ</strong></span> <span class='ocrx_word' id='word_1_151' title='bbox 1078 2102 1169 2156; x_wconf 77' lang='grc' dir='ltr'><strong>τὸν</strong></span> <span class='ocrx_word' id='word_1_152' title='bbox 1203 2106 1414 2174; x_wconf 73' lang='grc' dir='ltr'>μονήρη</span> <span class='ocrx_word' id='word_1_153' title='bbox 1442 2102 1557 2173; x_wconf 83' lang='grc' dir='ltr'>βίον</span> <span class='ocrx_word' id='word_1_154' title='bbox 1591 2104 1650 2157; x_wconf 86' lang='grc' dir='ltr'><strong>έν</strong></span> <span class='ocrx_word' id='word_1_155' title='bbox 1683 2104 1972 2174; x_wconf 80' lang='grc' dir='ltr'>ἀμωμήτῳ</span> 
     </span>
    </p>
   </div>
   <div class='ocr_carea' id='block_1_21' title="bbox 381 2195 1971 2270">
    <p class='ocr_par' dir='ltr' id='par_1_21' title="bbox 381 2195 1971 2270">
     <span class='ocr_line' id='line_1_21' title="bbox 381 2195 1971 2270; baseline -0.001 -21"><span class='ocrx_word' id='word_1_156' title='bbox 381 2195 576 2269; x_wconf 79' lang='grc' dir='ltr'>πράξει</span> <span class='ocrx_word' id='word_1_157' title='bbox 607 2196 1021 2270; x_wconf 80' lang='grc' dir='ltr'>κατορθοῦντες,</span> <span class='ocrx_word' id='word_1_158' title='bbox 1047 2197 1106 2249; x_wconf 81' lang='grc' dir='ltr'><strong>έν</strong></span> <span class='ocrx_word' id='word_1_159' title='bbox 1129 2195 1305 2267; x_wconf 85' lang='grc' dir='ltr'>τούτῳ</span> <span class='ocrx_word' id='word_1_160' title='bbox 1331 2196 1531 2267; x_wconf 82' lang='grc' dir='ltr'>μᾶλλον</span> <span class='ocrx_word' id='word_1_161' title='bbox 1559 2197 1971 2266; x_wconf 70' lang='grc' dir='ltr'>οἰκοδομοῦντες</span> 
     </span>
    </p>
   </div>
   <div class='ocr_carea' id='block_1_22' title="bbox 371 2281 1969 2358">
    <p class='ocr_par' dir='ltr' id='par_1_22' title="bbox 371 2281 1969 2358">
     <span class='ocr_line' id='line_1_22' title="bbox 371 2281 1969 2358; baseline -0.001 -16"><span class='ocrx_word' id='word_1_162' title='bbox 371 2289 502 2352; x_wconf 86' lang='grc' dir='ltr'><strong>τούς</strong></span> <span class='ocrx_word' id='word_1_163' title='bbox 545 2288 890 2357; x_wconf 80' lang='grc' dir='ltr'>ὲγγίζοντας,</span> <span class='ocrx_word' id='word_1_164' title='bbox 940 2281 1103 2358; x_wconf 79' lang='grc' dir='ltr'>ἦττον</span> <span class='ocrx_word' id='word_1_165' title='bbox 1141 2286 1237 2341; x_wconf 81' lang='grc' dir='ltr'><strong>τοῦ</strong></span> <span class='ocrx_word' id='word_1_166' title='bbox 1280 2287 1441 2357; x_wconf 88' lang='grc' dir='ltr'>λόγου</span> <span class='ocrx_word' id='word_1_167' title='bbox 1484 2286 1584 2358; x_wconf 77' lang='grc' dir='ltr'>τῆς</span> <span class='ocrx_word' id='word_1_168' title='bbox 1618 2287 1969 2352; x_wconf 81' lang='grc' dir='ltr'>διδασκαλίας</span> 
     </span>
    </p>
   </div>
   <div class='ocr_carea' id='block_1_23' title="bbox 375 2380 700 2435">
    <p class='ocr_par' dir='ltr' id='par_1_23' title="bbox 375 2380 700 2435">
     <span class='ocr_line' id='line_1_23' title="bbox 375 2380 700 2435; baseline 0.003 -1"><span class='ocrx_word' id='word_1_169' title='bbox 375 2380 700 2435; x_wconf 76' lang='grc' dir='ltr'>ὲπιδέονται.</span> 
     </span>
    </p>
   </div>
   <div class='ocr_carea' id='block_1_24' title="bbox 381 2473 1744 2544">
    <p class='ocr_par' dir='ltr' id='par_1_24' title="bbox 381 2473 1744 2544">
     <span class='ocr_line' id='line_1_24' title="bbox 381 2473 1744 2544; baseline -0.001 -14"><span class='ocrx_word' id='word_1_170' title='bbox 381 2476 444 2530; x_wconf 80' lang='lat' dir='ltr'><strong>l7</strong></span> <span class='ocrx_word' id='word_1_171' title='bbox 478 2474 648 2543; x_wconf 79' lang='grc' dir='ltr'>Ὑμῖν</span> <span class='ocrx_word' id='word_1_172' title='bbox 679 2473 836 2543; x_wconf 73' lang='grc' dir='ltr'>,λέγω</span> <span class='ocrx_word' id='word_1_173' title='bbox 869 2473 1137 2544; x_wconf 73' lang='grc' dir='ltr'>μάλιστα</span> <span class='ocrx_word' id='word_1_174' title='bbox 1160 2473 1287 2540; x_wconf 82' lang='grc' dir='ltr'>τοῖς</span> <span class='ocrx_word' id='word_1_175' title='bbox 1314 2473 1424 2530; x_wconf 86' lang='grc' dir='ltr'>τοῦ</span> <span class='ocrx_word' id='word_1_176' title='bbox 1445 2474 1744 2544; x_wconf 74' lang='grc' dir='ltr'>βήματος,</span> 
     </span>
    </p>
   </div>
   <div class='ocr_carea' id='block_1_25' title="bbox 378 2543 1900 2616">
    <p class='ocr_par' dir='ltr' id='par_1_25' title="bbox 378 2543 1900 2616">
     <span class='ocr_line' id='line_1_25' title="bbox 378 2543 1900 2616; baseline -0.001 -15"><span class='ocrx_word' id='word_1_177' title='bbox 378 2547 443 2601; x_wconf 83' lang='grc'>18</span> <span class='ocrx_word' id='word_1_178' title='bbox 488 2545 826 2615; x_wconf 66' lang='grc' dir='ltr'><strong>Ὀφθαλμὸν</strong></span> <span class='ocrx_word' id='word_1_179' title='bbox 848 2543 1003 2603; x_wconf 74' lang='grc' dir='ltr'>εἶναι</span> <span class='ocrx_word' id='word_1_180' title='bbox 1029 2545 1115 2615; x_wconf 83' lang='grc' dir='ltr'>μὴ</span> <span class='ocrx_word' id='word_1_181' title='bbox 1138 2546 1402 2613; x_wconf 84' lang='grc' dir='ltr'>σκότους</span> <span class='ocrx_word' id='word_1_182' title='bbox 1440 2543 1900 2616; x_wconf 50' lang='lat' dir='ltr'><strong>neruum-terer.</strong></span> 
     </span>
    </p>
   </div>
   <div class='ocr_carea' id='block_1_26' title="bbox 453 2635 1962 2709">
    <p class='ocr_par' dir='ltr' id='par_1_26' title="bbox 453 2635 1962 2709">
     <span class='ocr_line' id='line_1_26' title="bbox 453 2635 1962 2709; baseline 0 -18"><span class='ocrx_word' id='word_1_183' title='bbox 453 2637 645 2708; x_wconf 84' lang='grc' dir='ltr'>Ὑμεῖς</span> <span class='ocrx_word' id='word_1_184' title='bbox 680 2639 730 2690; x_wconf 83' lang='grc' dir='ltr'><strong>οἱ</strong></span> <span class='ocrx_word' id='word_1_185' title='bbox 771 2637 899 2709; x_wconf 69' lang='grc' dir='ltr'><strong>περ)⁸</strong></span> <span class='ocrx_word' id='word_1_186' title='bbox 925 2636 987 2689; x_wconf 82' lang='grc' dir='ltr'><strong>τὸ</strong></span> <span class='ocrx_word' id='word_1_187' title='bbox 1027 2635 1182 2707; x_wconf 83' lang='grc' dir='ltr'>βῆμα</span> <span class='ocrx_word' id='word_1_188' title='bbox 1225 2635 1322 2689; x_wconf 71' lang='grc' dir='ltr'><strong>καὶ</strong></span> <span class='ocrx_word' id='word_1_189' title='bbox 1351 2635 1450 2708; x_wconf 82' lang='grc' dir='ltr'>τὴν</span> <span class='ocrx_word' id='word_1_190' title='bbox 1490 2636 1644 2709; x_wconf 81' lang='grc' dir='ltr'>ἱερὰν</span> <span class='ocrx_word' id='word_1_191' title='bbox 1676 2637 1962 2708; x_wconf 81' lang='grc' dir='ltr'>τράπεζαν</span> 
     </span>
    </p>
   </div>
   <div class='ocr_carea' id='block_1_27' title="bbox 374 2728 1963 2803">
    <p class='ocr_par' dir='ltr' id='par_1_27' title="bbox 374 2728 1963 2803">
     <span class='ocr_line' id='line_1_27' title="bbox 374 2728 1963 2803; baseline 0 -19"><span class='ocrx_word' id='word_1_192' title='bbox 374 2732 600 2796; x_wconf 78' lang='grc' dir='ltr'>ἑαυτοὺς</span> <span class='ocrx_word' id='word_1_193' title='bbox 627 2729 976 2803; x_wconf 88' lang='grc' dir='ltr'>παρενείρειν</span> <span class='ocrx_word' id='word_1_194' title='bbox 1005 2729 1100 2783; x_wconf 78' lang='grc' dir='ltr'>καὶ</span> <span class='ocrx_word' id='word_1_195' title='bbox 1131 2728 1383 2784; x_wconf 86' lang='grc' dir='ltr'>είσωθεῖν</span> <span class='ocrx_word' id='word_1_196' title='bbox 1408 2730 1820 2800; x_wconf 71' lang='grc' dir='ltr'>ἐκιφιλοδοξίας</span> <span class='ocrx_word' id='word_1_197' title='bbox 1868 2731 1963 2784; x_wconf 76' lang='grc' dir='ltr'><strong>καὶ</strong></span> 
     </span>
    </p>
   </div>
   <div class='ocr_carea' id='block_1_28' title="bbox 374 2821 1962 2896">
    <p class='ocr_par' dir='ltr' id='par_1_28' title="bbox 374 2821 1962 2896">
     <span class='ocr_line' id='line_1_28' title="bbox 374 2821 1962 2896; baseline -0.001 -18"><span class='ocrx_word' id='word_1_198' title='bbox 374 2823 666 2896; x_wconf 80' lang='grc' dir='ltr'>φιλαρχίας</span> <span class='ocrx_word' id='word_1_199' title='bbox 703 2822 1039 2894; x_wconf 83' lang='grc' dir='ltr'>βιαζόμενοι,</span> <span class='ocrx_word' id='word_1_200' title='bbox 1087 2821 1199 2876; x_wconf 87' lang='grc' dir='ltr'><strong>τῶν</strong></span> <span class='ocrx_word' id='word_1_201' title='bbox 1238 2821 1334 2876; x_wconf 82' lang='grc' dir='ltr'>τοῦ</span> <span class='ocrx_word' id='word_1_202' title='bbox 1374 2822 1616 2894; x_wconf 83' lang='grc' dir='ltr'>μεγάλου</span> <span class='ocrx_word' id='word_1_203' title='bbox 1659 2824 1962 2896; x_wconf 84' lang='grc' dir='ltr'>ἀρχιερέως</span> 
     </span>
    </p>
   </div>
   <div class='ocr_carea' id='block_1_29' title="bbox 372 2915 1959 2987">
    <p class='ocr_par' dir='ltr' id='par_1_29' title="bbox 372 2915 1959 2987">
     <span class='ocr_line' id='line_1_29' title="bbox 372 2915 1959 2987; baseline -0.001 -17"><span class='ocrx_word' id='word_1_204' title='bbox 372 2916 699 2982; x_wconf 77' lang='grc' dir='ltr'>ἐνωτίζεσθε</span> <span class='ocrx_word' id='word_1_205' title='bbox 741 2915 937 2987; x_wconf 85' lang='grc' dir='ltr'>φωνῶν</span> <span class='ocrx_word' id='word_1_206' title='bbox 957 2933 971 2946; x_wconf 93' lang='grc'><strong>·</strong></span> <span class='ocrx_word' id='word_1_207' title='bbox 1013 2918 1144 2987; x_wconf 84' lang='grc' dir='ltr'>ὑμῖν</span> <span class='ocrx_word' id='word_1_208' title='bbox 1170 2918 1285 2980; x_wconf 91' lang='grc' dir='ltr'>τοῖς</span> <span class='ocrx_word' id='word_1_209' title='bbox 1311 2915 1423 2970; x_wconf 90' lang='grc' dir='ltr'><strong>τῶν</strong></span> <span class='ocrx_word' id='word_1_210' title='bbox 1459 2916 1622 2987; x_wconf 78' lang='grc' dir='ltr'>ἱερῶν</span> <span class='ocrx_word' id='word_1_211' title='bbox 1660 2915 1807 2969; x_wconf 89' lang='grc' dir='ltr'>λαῶν</span> <span class='ocrx_word' id='word_1_212' title='bbox 1834 2917 1959 2968; x_wconf 80' lang='grc' dir='ltr'>επι-</span> 
     </span>
    </p>
   </div>
   <div class='ocr_carea' id='block_1_30' title="bbox 373 3007 1959 3081">
    <p class='ocr_par' dir='ltr' id='par_1_30' title="bbox 373 3007 1959 3081">
     <span class='ocr_line' id='line_1_30' title="bbox 373 3007 1959 3081; baseline -0.001 -19"><span class='ocrx_word' id='word_1_213' title='bbox 373 3010 597 3073; x_wconf 87' lang='grc' dir='ltr'>σκόποις</span> <span class='ocrx_word' id='word_1_214' title='bbox 635 3009 735 3081; x_wconf 82' lang='grc' dir='ltr'>τὴν</span> <span class='ocrx_word' id='word_1_215' title='bbox 787 3008 1112 3080; x_wconf 86' lang='grc' dir='ltr'>παραίνεσιν</span> <span class='ocrx_word' id='word_1_216' title='bbox 1154 3008 1362 3079; x_wconf 89' lang='grc' dir='ltr'>ταύτην</span> <span class='ocrx_word' id='word_1_217' title='bbox 1415 3007 1852 3079; x_wconf 68' lang='grc' dir='ltr'>ἐπιφθέγγομαι·</span> <span class='ocrx_word' id='word_1_218' title='bbox 1883 3007 1959 3079; x_wconf 80' lang='grc' dir='ltr'>μὴ</span> 
     </span>
    </p>
   </div>
   <div class='ocr_carea' id='block_1_31' title="bbox 371 3099 1957 3174">
    <p class='ocr_par' dir='ltr' id='par_1_31' title="bbox 371 3099 1957 3174">
     <span class='ocr_line' id='line_1_31' title="bbox 371 3099 1957 3174; baseline -0.003 -16"><span class='ocrx_word' id='word_1_219' title='bbox 371 3103 640 3174; x_wconf 72' lang='grc' dir='ltr'>ὀφθαλμοὶ</span> <span class='ocrx_word' id='word_1_220' title='bbox 662 3101 1036 3173; x_wconf 87' lang='grc' dir='ltr'>πεπλησμένοι</span> <span class='ocrx_word' id='word_1_221' title='bbox 1058 3102 1306 3167; x_wconf 80' lang='grc' dir='ltr'>σκότους,</span> <span class='ocrx_word' id='word_1_222' title='bbox 1324 3101 1462 3156; x_wconf 85' lang='grc' dir='ltr'>ἀλλὰ</span> <span class='ocrx_word' id='word_1_223' title='bbox 1491 3101 1723 3172; x_wconf 80' lang='grc' dir='ltr'>πλήρεις</span> <span class='ocrx_word' id='word_1_224' title='bbox 1738 3099 1957 3169; x_wconf 81' lang='grc' dir='ltr'>γίνεσθε</span> 
     </span>
    </p>
   </div>
   <div class='ocr_carea' id='block_1_32' title="bbox 375 3193 1961 3267">
    <p class='ocr_par' dir='ltr' id='par_1_32' title="bbox 375 3193 1961 3267">
     <span class='ocr_line' id='line_1_32' title="bbox 375 3193 1961 3267; baseline -0.003 -17"><span class='ocrx_word' id='word_1_225' title='bbox 375 3196 584 3266; x_wconf 76' lang='grc' dir='ltr'>φωτόςο</span> <span class='ocrx_word' id='word_1_226' title='bbox 635 3196 709 3267; x_wconf 82' lang='grc' dir='ltr'>μὴ</span> <span class='ocrx_word' id='word_1_227' title='bbox 743 3195 954 3260; x_wconf 86' lang='grc' dir='ltr'>ἀδικίας</span> <span class='ocrx_word' id='word_1_228' title='bbox 981 3194 1015 3267; x_wconf 83' lang='grc' dir='ltr'>ἢ</span> <span class='ocrx_word' id='word_1_229' title='bbox 1066 3195 1290 3263; x_wconf 90' lang='grc' dir='ltr'>ἀγνοίας</span> <span class='ocrx_word' id='word_1_230' title='bbox 1320 3194 1355 3265; x_wconf 83' lang='grc' dir='ltr'>ἢ</span> <span class='ocrx_word' id='word_1_231' title='bbox 1394 3193 1674 3258; x_wconf 75' lang='grc' dir='ltr'>ἀσεϐείας,</span> <span class='ocrx_word' id='word_1_232' title='bbox 1707 3193 1845 3247; x_wconf 88' lang='grc' dir='ltr'><strong>ἀλλά</strong></span> <span class='ocrx_word' id='word_1_233' title='bbox 1875 3193 1961 3246; x_wconf 80' lang='grc' dir='ltr'>δι·-</span> 
     </span>
    </p>
   </div>
   <div class='ocr_carea' id='block_1_33' title="bbox 375 3284 1961 3361">
    <p class='ocr_par' dir='ltr' id='par_1_33' title="bbox 375 3284 1961 3361">
     <span class='ocr_line' id='line_1_33' title="bbox 375 3284 1961 3361; baseline -0.004 -16"><span class='ocrx_word' id='word_1_234' title='bbox 375 3289 667 3361; x_wconf 85' lang='grc' dir='ltr'>καιοσύνης</span> <span class='ocrx_word' id='word_1_235' title='bbox 700 3290 792 3343; x_wconf 74' lang='grc' dir='ltr'>καὶ</span> <span class='ocrx_word' id='word_1_236' title='bbox 813 3287 1070 3358; x_wconf 85' lang='grc' dir='ltr'>γνώσεως</span> <span class='ocrx_word' id='word_1_237' title='bbox 1103 3289 1198 3342; x_wconf 74' lang='grc' dir='ltr'><strong>καὶ</strong></span> <span class='ocrx_word' id='word_1_238' title='bbox 1227 3284 1513 3350; x_wconf 77' lang='grc' dir='ltr'>εὐσεϐείας</span> <span class='ocrx_word' id='word_1_239' title='bbox 1547 3287 1832 3358; x_wconf 85' lang='grc' dir='ltr'>ἀρχέτυπα</span> <span class='ocrx_word' id='word_1_240' title='bbox 1868 3302 1961 3355; x_wconf 88' lang='grc' dir='ltr'>γε-</span> 
     </span>
    </p>
   </div>
   <div class='ocr_carea' id='block_1_34' title="bbox 373 3381 1962 3458">
    <p class='ocr_par' dir='ltr' id='par_1_34' title="bbox 373 3381 1962 3458">
     <span class='ocr_line' id='line_1_34' title="bbox 373 3381 1962 3458; baseline -0.003 -20"><span class='ocrx_word' id='word_1_241' title='bbox 373 3385 603 3458; x_wconf 83' lang='grc' dir='ltr'>νήθητε’</span> <span class='ocrx_word' id='word_1_242' title='bbox 649 3385 864 3457; x_wconf 84' lang='grc' dir='ltr'>ἀνάγκη</span> <span class='ocrx_word' id='word_1_243' title='bbox 910 3384 1021 3456; x_wconf 84' lang='grc' dir='ltr'>γὰρ</span> <span class='ocrx_word' id='word_1_244' title='bbox 1055 3383 1182 3448; x_wconf 85' lang='grc' dir='ltr'><strong>τούς</strong></span> <span class='ocrx_word' id='word_1_245' title='bbox 1222 3383 1328 3438; x_wconf 84' lang='grc' dir='ltr'>ὑπὸ</span> <span class='ocrx_word' id='word_1_246' title='bbox 1374 3385 1536 3455; x_wconf 85' lang='grc' dir='ltr'>χεῖρα</span> <span class='ocrx_word' id='word_1_247' title='bbox 1588 3381 1772 3447; x_wconf 82' lang='grc' dir='ltr'>λαοὺς,</span> <span class='ocrx_word' id='word_1_248' title='bbox 1822 3381 1962 3454; x_wconf 84' lang='grc' dir='ltr'>πρὸς</span> 
     </span>
    </p>
   </div>
   <div class='ocr_carea' id='block_1_35' title="bbox 372 3469 1960 3549">
    <p class='ocr_par' dir='ltr' id='par_1_35' title="bbox 372 3469 1960 3549">
     <span class='ocr_line' id='line_1_35' title="bbox 372 3469 1960 3549; baseline -0.003 -19"><span class='ocrx_word' id='word_1_249' title='bbox 372 3478 517 3548; x_wconf 82' lang='grc' dir='ltr'>ὑμᾶς</span> <span class='ocrx_word' id='word_1_250' title='bbox 547 3477 874 3549; x_wconf 75' lang='grc' dir='ltr'>ἀφορῶντας</span> <span class='ocrx_word' id='word_1_251' title='bbox 903 3474 1036 3546; x_wconf 82' lang='lat'><strong>(87),</strong></span> <span class='ocrx_word' id='word_1_252' title='bbox 1071 3469 1129 3528; x_wconf 77' lang='grc' dir='ltr'><strong>εὖ</strong></span> <span class='ocrx_word' id='word_1_253' title='bbox 1159 3491 1221 3526; x_wconf 93' lang='grc' dir='ltr'><strong>τε</strong></span> <span class='ocrx_word' id='word_1_254' title='bbox 1261 3473 1356 3527; x_wconf 74' lang='grc' dir='ltr'><strong>καὶ</strong></span> <span class='ocrx_word' id='word_1_255' title='bbox 1388 3473 1464 3537; x_wconf 85' lang='grc' dir='ltr'>ὡς</span> <span class='ocrx_word' id='word_1_256' title='bbox 1495 3472 1701 3543; x_wconf 84' lang='grc' dir='ltr'>έτέρως</span> <span class='ocrx_word' id='word_1_257' title='bbox 1735 3472 1960 3542; x_wconf 77' lang='grc' dir='ltr'>ἔχοντας</span> 
     </span>
    </p>
   </div>
   <div class='ocr_carea' id='block_1_36' title="bbox 370 3565 1958 3642">
    <p class='ocr_par' dir='ltr' id='par_1_36' title="bbox 370 3565 1958 3642">
     <span class='ocr_line' id='line_1_36' title="bbox 370 3565 1958 3642; baseline -0.004 -17"><span class='ocrx_word' id='word_1_258' title='bbox 370 3568 831 3642; x_wconf 77' lang='grc' dir='ltr'>ἰξομοιοῦσθαιτῇ</span> <span class='ocrx_word' id='word_1_259' title='bbox 868 3569 1131 3640; x_wconf 77' lang='grc' dir='ltr'>μιμήσειο</span> <span class='ocrx_word' id='word_1_260' title='bbox 1165 3569 1326 3640; x_wconf 79' lang='grc' dir='ltr'>ὑμεῖς</span> <span class='ocrx_word' id='word_1_261' title='bbox 1356 3567 1465 3638; x_wconf 89' lang='grc' dir='ltr'><strong>γάρ</strong></span> <span class='ocrx_word' id='word_1_262' title='bbox 1494 3570 1621 3620; x_wconf 78' lang='grc' dir='ltr'>ἐστε</span> <span class='ocrx_word' id='word_1_263' title='bbox 1644 3565 1838 3637; x_wconf 84' lang='grc' dir='ltr'>λύχνος</span> <span class='ocrx_word' id='word_1_264' title='bbox 1861 3566 1958 3619; x_wconf 80' lang='grc' dir='ltr'>τοῦ</span> 
     </span>
    </p>
   </div>
   <div class='ocr_carea' id='block_1_37' title="bbox 372 3653 1960 3734">
    <p class='ocr_par' dir='ltr' id='par_1_37' title="bbox 372 3653 1960 3734">
     <span class='ocr_line' id='line_1_37' title="bbox 372 3653 1960 3734; baseline -0.004 -18"><span class='ocrx_word' id='word_1_265' title='bbox 372 3661 624 3734; x_wconf 79' lang='grc' dir='ltr'>σώματος</span> <span class='ocrx_word' id='word_1_266' title='bbox 656 3661 753 3733; x_wconf 83' lang='grc' dir='ltr'><strong>τῆς</strong></span> <span class='ocrx_word' id='word_1_267' title='bbox 797 3659 1148 3730; x_wconf 75' lang='grc' dir='ltr'>Ἐκκλησίας.</span> <span class='ocrx_word' id='word_1_268' title='bbox 1195 3659 1410 3732; x_wconf 82' lang='grc' dir='ltr'>Ὥσπερ</span> <span class='ocrx_word' id='word_1_269' title='bbox 1442 3653 1536 3712; x_wconf 78' lang='grc' dir='ltr'>οὖν</span> <span class='ocrx_word' id='word_1_270' title='bbox 1571 3657 1727 3728; x_wconf 86' lang='grc' dir='ltr'>ὑμῶν</span> <span class='ocrx_word' id='word_1_271' title='bbox 1769 3657 1960 3711; x_wconf 83' lang='grc' dir='ltr'>ἁπλῶν</span> 
     </span>
    </p>
   </div>
   <div class='ocr_carea' id='block_1_38' title="bbox 371 3749 1960 3821">
    <p class='ocr_par' dir='ltr' id='par_1_38' title="bbox 371 3749 1960 3821">
     <span class='ocr_line' id='line_1_38' title="bbox 371 3749 1960 3821; baseline -0.003 -15"><span class='ocrx_word' id='word_1_272' title='bbox 371 3752 560 3816; x_wconf 77' lang='grc' dir='ltr'>ὄντων,</span> <span class='ocrx_word' id='word_1_273' title='bbox 603 3753 699 3806; x_wconf 73' lang='grc' dir='ltr'><strong>καὶ</strong></span> <span class='ocrx_word' id='word_1_274' title='bbox 739 3751 1070 3821; x_wconf 78' lang='grc' dir='ltr'>φωτοειδῶν,</span> <span class='ocrx_word' id='word_1_275' title='bbox 1116 3751 1213 3805; x_wconf 79' lang='grc' dir='ltr'>καὶ</span> <span class='ocrx_word' id='word_1_276' title='bbox 1239 3750 1500 3821; x_wconf 81' lang='grc' dir='ltr'>καθαρῶν</span> <span class='ocrx_word' id='word_1_277' title='bbox 1536 3749 1697 3816; x_wconf 83' lang='grc' dir='ltr'>ὅλων,</span> <span class='ocrx_word' id='word_1_278' title='bbox 1729 3751 1788 3802; x_wconf 81' lang='grc' dir='ltr'>ὲν</span> <span class='ocrx_word' id='word_1_279' title='bbox 1819 3751 1960 3818; x_wconf 74' lang='grc' dir='ltr'>φωτὶ</span> 
     </span>
    </p>
   </div>
   <div class='ocr_carea' id='block_1_39' title="bbox 371 3839 1954 3917">
    <p class='ocr_par' dir='ltr' id='par_1_39' title="bbox 371 3839 1954 3917">
     <span class='ocr_line' id='line_1_39' title="bbox 371 3839 1954 3917; baseline -0.004 -17"><span class='ocrx_word' id='word_1_280' title='bbox 371 3845 430 3900; x_wconf 80' lang='grc' dir='ltr'>τὸ</span> <span class='ocrx_word' id='word_1_281' title='bbox 470 3846 632 3917; x_wconf 87' lang='grc' dir='ltr'>σῶμα</span> <span class='ocrx_word' id='word_1_282' title='bbox 664 3845 958 3917; x_wconf 84' lang='grc' dir='ltr'>πορεύεται</span> <span class='ocrx_word' id='word_1_283' title='bbox 995 3845 1090 3899; x_wconf 74' lang='grc' dir='ltr'><strong>καὶ</strong></span> <span class='ocrx_word' id='word_1_284' title='bbox 1120 3843 1447 3898; x_wconf 85' lang='grc' dir='ltr'>κατευθύνει</span> <span class='ocrx_word' id='word_1_285' title='bbox 1473 3842 1575 3914; x_wconf 85' lang='grc' dir='ltr'>τὴν</span> <span class='ocrx_word' id='word_1_286' title='bbox 1609 3842 1727 3895; x_wconf 84' lang='grc' dir='ltr'>ὁδὸν</span> <span class='ocrx_word' id='word_1_287' title='bbox 1751 3839 1918 3895; x_wconf 83' lang='grc' dir='ltr'>αὐτοῦ</span> <span class='ocrx_word' id='word_1_288' title='bbox 1940 3857 1954 3872; x_wconf 75' lang='grc' dir='ltr'><strong><em>ο</em></strong></span> 
     </span>
    </p>
   </div>
   <div class='ocr_carea' id='block_1_40' title="bbox 370 3933 1958 4010">
    <p class='ocr_par' dir='ltr' id='par_1_40' title="bbox 370 3933 1958 4010">
     <span class='ocr_line' id='line_1_40' title="bbox 370 3933 1958 4010; baseline -0.004 -18"><span class='ocrx_word' id='word_1_289' title='bbox 370 3937 543 4002; x_wconf 74' lang='grc' dir='ltr'>οὓτως</span> <span class='ocrx_word' id='word_1_290' title='bbox 571 3937 809 4010; x_wconf 74' lang='grc' dir='ltr'>ἔμπαλιν</span> <span class='ocrx_word' id='word_1_291' title='bbox 856 3937 1025 4007; x_wconf 80' lang='grc' dir='ltr'>ζόφου</span> <span class='ocrx_word' id='word_1_292' title='bbox 1060 3936 1340 4006; x_wconf 86' lang='grc' dir='ltr'>ἀγνωσίας</span> <span class='ocrx_word' id='word_1_293' title='bbox 1376 3934 1470 3989; x_wconf 73' lang='grc' dir='ltr'><strong>καὶ</strong></span> <span class='ocrx_word' id='word_1_294' title='bbox 1519 3934 1798 4006; x_wconf 82' lang='grc' dir='ltr'>ἁμαρτίας</span> <span class='ocrx_word' id='word_1_295' title='bbox 1827 3933 1958 3987; x_wconf 88' lang='grc' dir='ltr'>ὐπο-</span> 
     </span>
    </p>
   </div>
   <div class='ocr_carea' id='block_1_41' title="bbox 371 4025 1958 4104">
    <p class='ocr_par' dir='ltr' id='par_1_41' title="bbox 371 4025 1958 4104">
     <span class='ocr_line' id='line_1_41' title="bbox 371 4025 1958 4104; baseline -0.005 -20"><span class='ocrx_word' id='word_1_296' title='bbox 371 4031 640 4102; x_wconf 81' lang='grc' dir='ltr'>κειμένων</span> <span class='ocrx_word' id='word_1_297' title='bbox 697 4028 1152 4104; x_wconf 71' lang='grc' dir='ltr'>αἰτιάμασιν,ὃλη</span> <span class='ocrx_word' id='word_1_298' title='bbox 1170 4027 1358 4092; x_wconf 87' lang='grc' dir='ltr'>κακῶς</span> <span class='ocrx_word' id='word_1_299' title='bbox 1396 4027 1597 4096; x_wconf 86' lang='grc' dir='ltr'>πάσχει</span> <span class='ocrx_word' id='word_1_300' title='bbox 1645 4025 1741 4078; x_wconf 81' lang='grc' dir='ltr'><strong>καὶ</strong></span> <span class='ocrx_word' id='word_1_301' title='bbox 1789 4039 1958 4094; x_wconf 90' lang='grc' dir='ltr'>πονη-</span> 
     </span>
    </p>
   </div>
   <div class='ocr_carea' id='block_1_42' title="bbox 373 4110 1956 4194">
    <p class='ocr_par' dir='ltr' id='par_1_42' title="bbox 373 4110 1956 4194">
     <span class='ocr_line' id='line_1_42' title="bbox 373 4110 1956 4194; baseline -0.004 -18"><span class='ocrx_word' id='word_1_302' title='bbox 373 4122 592 4194; x_wconf 90' lang='grc' dir='ltr'>ρεύεται</span> <span class='ocrx_word' id='word_1_303' title='bbox 635 4122 955 4194; x_wconf 84' lang='grc' dir='ltr'>Ἐκκλησία.</span> <span class='ocrx_word' id='word_1_304' title='bbox 993 4120 1166 4194; x_wconf 85' lang='grc' dir='ltr'>Εῖπέρ</span> <span class='ocrx_word' id='word_1_305' title='bbox 1204 4115 1319 4185; x_wconf 75' lang='grc' dir='ltr'>οὖν,</span> <span class='ocrx_word' id='word_1_306' title='bbox 1353 4117 1542 4192; x_wconf 68' lang='grc' dir='ltr'>φησιν,</span> <span class='ocrx_word' id='word_1_307' title='bbox 1588 4119 1618 4171; x_wconf 92' lang='lat'><strong>6</strong></span> <span class='ocrx_word' id='word_1_308' title='bbox 1649 4116 1765 4187; x_wconf 83' lang='grc' dir='ltr'><strong>φῶς</strong></span> <span class='ocrx_word' id='word_1_309' title='bbox 1812 4110 1956 4170; x_wconf 79' lang='grc' dir='ltr'>εἶναι</span> 
     </span>
    </p>
   </div>
   <div class='ocr_carea' id='block_1_43' title="bbox 367 4211 1958 4288">
    <p class='ocr_par' dir='ltr' id='par_1_43' title="bbox 367 4211 1958 4288">
     <span class='ocr_line' id='line_1_43' title="bbox 367 4211 1958 4288; baseline -0.006 -16"><span class='ocrx_word' id='word_1_310' title='bbox 367 4216 541 4272; x_wconf 83' lang='grc' dir='ltr'>δοκῶν</span> <span class='ocrx_word' id='word_1_311' title='bbox 571 4218 666 4272; x_wconf 77' lang='grc' dir='ltr'><strong>καὶ</strong></span> <span class='ocrx_word' id='word_1_312' title='bbox 681 4217 962 4288; x_wconf 73' lang='grc' dir='ltr'>ὀφθαλμὸς</span> <span class='ocrx_word' id='word_1_313' title='bbox 987 4215 1098 4270; x_wconf 90' lang='grc' dir='ltr'><strong>τῶν</strong></span> <span class='ocrx_word' id='word_1_314' title='bbox 1124 4215 1229 4268; x_wconf 77' lang='grc' dir='ltr'>ὐπὸ</span> <span class='ocrx_word' id='word_1_315' title='bbox 1252 4217 1408 4286; x_wconf 87' lang='grc' dir='ltr'>χεῖρα</span> <span class='ocrx_word' id='word_1_316' title='bbox 1429 4213 1670 4276; x_wconf 88' lang='grc' dir='ltr'>πάντων,</span> <span class='ocrx_word' id='word_1_317' title='bbox 1697 4213 1755 4266; x_wconf 84' lang='grc' dir='ltr'><strong>ὲν</strong></span> <span class='ocrx_word' id='word_1_318' title='bbox 1781 4211 1958 4281; x_wconf 85' lang='grc' dir='ltr'>σκότῳ</span> 
     </span>
    </p>
   </div>
   <div class='ocr_carea' id='block_1_44' title="bbox 370 4302 1953 4380">
    <p class='ocr_par' dir='ltr' id='par_1_44' title="bbox 370 4302 1953 4380">
     <span class='ocr_line' id='line_1_44' title="bbox 370 4302 1953 4380; baseline -0.005 -16"><span class='ocrx_word' id='word_1_319' title='bbox 370 4307 685 4380; x_wconf 86' lang='grc' dir='ltr'>πορεύεται,</span> <span class='ocrx_word' id='word_1_320' title='bbox 721 4308 884 4372; x_wconf 86' lang='grc' dir='ltr'>αὐτὸς</span> <span class='ocrx_word' id='word_1_321' title='bbox 912 4310 940 4362; x_wconf 89' lang='lat'><strong>6</strong></span> <span class='ocrx_word' id='word_1_322' title='bbox 974 4307 1061 4362; x_wconf 77' lang='grc' dir='ltr'><strong>ἀεὶ</strong></span> <span class='ocrx_word' id='word_1_323' title='bbox 1081 4309 1193 4371; x_wconf 89' lang='grc' dir='ltr'>τοῖς</span> <span class='ocrx_word' id='word_1_324' title='bbox 1222 4308 1414 4370; x_wconf 87' lang='grc' dir='ltr'>κακοῖς</span> <span class='ocrx_word' id='word_1_325' title='bbox 1439 4303 1795 4374; x_wconf 76' lang='grc' dir='ltr'>ὲνισχημένος</span> <span class='ocrx_word' id='word_1_326' title='bbox 1825 4302 1953 4368; x_wconf 81' lang='grc' dir='ltr'>λαὸς</span> 
     </span>
    </p>
   </div>
   <div class='ocr_carea' id='block_1_45' title="bbox 368 4396 1666 4474">
    <p class='ocr_par' dir='ltr' id='par_1_45' title="bbox 368 4396 1666 4474">
     <span class='ocr_line' id='line_1_45' title="bbox 368 4396 1666 4474; baseline -0.005 -19"><span class='ocrx_word' id='word_1_327' title='bbox 368 4401 522 4473; x_wconf 80' lang='grc' dir='ltr'>πόσῳ</span> <span class='ocrx_word' id='word_1_328' title='bbox 559 4401 758 4474; x_wconf 78' lang='grc' dir='ltr'>μᾶλλον</span> <span class='ocrx_word' id='word_1_329' title='bbox 781 4403 848 4472; x_wconf 80' lang='grc' dir='ltr'>τῇ</span> <span class='ocrx_word' id='word_1_330' title='bbox 875 4400 1046 4472; x_wconf 83' lang='grc' dir='ltr'>κακίᾳ</span> <span class='ocrx_word' id='word_1_331' title='bbox 1070 4396 1627 4470; x_wconf 82' lang='grc' dir='ltr'>κατακρατηθήσεται</span> <span class='ocrx_word' id='word_1_332' title='bbox 1651 4413 1666 4462; x_wconf 88' lang='grc'>;</span> 
     </span>
    </p>
   </div>
   <div class='ocr_carea' id='block_1_46' title="bbox 365 4487 1952 4563">
    <p class='ocr_par' dir='ltr' id='par_1_46' title="bbox 365 4487 1952 4563">
     <span class='ocr_line' id='line_1_46' title="bbox 365 4487 1952 4563; baseline -0.003 -14"><span class='ocrx_word' id='word_1_333' title='bbox 365 4495 430 4549; x_wconf 72' lang='grc'><strong>21</strong></span> <span class='ocrx_word' id='word_1_334' title='bbox 480 4494 759 4563; x_wconf 68' lang='grc' dir='ltr'><strong>Ἀφωνον</strong></span> <span class='ocrx_word' id='word_1_335' title='bbox 777 4492 956 4563; x_wconf 75' lang='grc' dir='ltr'>ἔργον</span> <span class='ocrx_word' id='word_1_336' title='bbox 976 4493 1267 4561; x_wconf 79' lang='grc' dir='ltr'>κρεῖσσον</span> <span class='ocrx_word' id='word_1_337' title='bbox 1281 4489 1592 4560; x_wconf 75' lang='grc' dir='ltr'>ἀπράκτου</span> <span class='ocrx_word' id='word_1_338' title='bbox 1608 4489 1797 4559; x_wconf 74' lang='grc' dir='ltr'>λόγου</span> <span class='ocrx_word' id='word_1_339' title='bbox 1816 4487 1952 4559; x_wconf 89' lang='lat'><strong>(88).</strong></span> 
     </span>
    </p>
   </div>
   <div class='ocr_carea' id='block_1_47' title="bbox 438 4577 1953 4656">
    <p class='ocr_par' dir='ltr' id='par_1_47' title="bbox 438 4577 1953 4656">
     <span class='ocr_line' id='line_1_47' title="bbox 438 4577 1953 4656; baseline -0.007 -15"><span class='ocrx_word' id='word_1_340' title='bbox 438 4586 743 4641; x_wconf 83' lang='grc' dir='ltr'>Κάλλιστον</span> <span class='ocrx_word' id='word_1_341' title='bbox 775 4584 894 4656; x_wconf 83' lang='grc' dir='ltr'>μὲν,</span> <span class='ocrx_word' id='word_1_342' title='bbox 942 4586 1109 4656; x_wconf 70' lang='grc' dir='ltr'>φησὶν</span> <span class='ocrx_word' id='word_1_343' title='bbox 1148 4584 1177 4638; x_wconf 93' lang='grc' dir='ltr'><strong>ό</strong></span> <span class='ocrx_word' id='word_1_344' title='bbox 1211 4580 1759 4656; x_wconf 81' lang='grc' dir='ltr'>ίεροφαντικώτατος,</span> <span class='ocrx_word' id='word_1_345' title='bbox 1789 4577 1867 4650; x_wconf 83' lang='grc' dir='ltr'><strong>τῷ</strong></span> <span class='ocrx_word' id='word_1_346' title='bbox 1892 4595 1953 4632; x_wconf 88' lang='grc' dir='ltr'><strong>τε</strong></span> 
     </span>
    </p>
   </div>
   <div class='ocr_carea' id='block_1_48' title="bbox 365 4671 1959 4750">
    <p class='ocr_par' dir='ltr' id='par_1_48' title="bbox 365 4671 1959 4750">
     <span class='ocr_line' id='line_1_48' title="bbox 365 4671 1959 4750; baseline -0.006 -17"><span class='ocrx_word' id='word_1_347' title='bbox 365 4679 512 4750; x_wconf 86' lang='grc' dir='ltr'>λόγῳ</span> <span class='ocrx_word' id='word_1_348' title='bbox 544 4679 639 4732; x_wconf 77' lang='lat' dir='ltr'><strong>xa‘t</strong></span> <span class='ocrx_word' id='word_1_349' title='bbox 671 4677 772 4749; x_wconf 81' lang='grc' dir='ltr'>βίῳ</span> <span class='ocrx_word' id='word_1_350' title='bbox 798 4677 890 4731; x_wconf 86' lang='grc' dir='ltr'><strong>τὸν</strong></span> <span class='ocrx_word' id='word_1_351' title='bbox 927 4677 1255 4750; x_wconf 87' lang='grc' dir='ltr'>Ἐκκλησίας</span> <span class='ocrx_word' id='word_1_352' title='bbox 1277 4675 1445 4740; x_wconf 82' lang='grc' dir='ltr'>ἀξίως</span> <span class='ocrx_word' id='word_1_353' title='bbox 1469 4675 1799 4747; x_wconf 87' lang='grc' dir='ltr'>προστατεῖν</span> <span class='ocrx_word' id='word_1_354' title='bbox 1838 4671 1959 4742; x_wconf 58' lang='lat' dir='ltr'><strong>pou-</strong></span> 
     </span>
    </p>
   </div>
   <div class='ocr_carea' id='block_1_49' title="bbox 364 4764 1958 4844">
    <p class='ocr_par' dir='ltr' id='par_1_49' title="bbox 364 4764 1958 4844">
     <span class='ocr_line' id='line_1_49' title="bbox 364 4764 1958 4844; baseline -0.007 -16"><span class='ocrx_word' id='word_1_355' title='bbox 364 4774 429 4828; x_wconf 91' lang='grc' dir='ltr'><strong>λό</strong></span> <span class='ocrx_word' id='word_1_356' title='bbox 437 4789 596 4844; x_wconf 89' lang='grc' dir='ltr'>μενον</span> <span class='ocrx_word' id='word_1_357' title='bbox 617 4771 1144 4844; x_wconf 74' lang='grc' dir='ltr'>προκατωρθῶσθαιο</span> <span class='ocrx_word' id='word_1_358' title='bbox 1158 4769 1253 4824; x_wconf 83' lang='grc' dir='ltr'><strong>τοῦ</strong></span> <span class='ocrx_word' id='word_1_359' title='bbox 1269 4769 1388 4833; x_wconf 81' lang='grc' dir='ltr'>ἑνὸς</span> <span class='ocrx_word' id='word_1_360' title='bbox 1399 4768 1456 4821; x_wconf 81' lang='grc' dir='ltr'>δὲ</span> <span class='ocrx_word' id='word_1_361' title='bbox 1470 4767 1678 4821; x_wconf 89' lang='grc' dir='ltr'>τούτων</span> <span class='ocrx_word' id='word_1_362' title='bbox 1695 4767 1824 4818; x_wconf 85' lang='grc' dir='ltr'>ὐστε</span> <span class='ocrx_word' id='word_1_363' title='bbox 1833 4764 1958 4836; x_wconf 88' lang='grc' dir='ltr'>ρού-</span> 
     </span>
    </p>
   </div>
   <div class='ocr_carea' id='block_1_50' title="bbox 370 4853 1952 4937">
    <p class='ocr_par' dir='ltr' id='par_1_50' title="bbox 370 4853 1952 4937">
     <span class='ocr_line' id='line_1_50' title="bbox 370 4853 1952 4937; baseline -0.007 -21"><span class='ocrx_word' id='word_1_364' title='bbox 370 4880 558 4937; x_wconf 85' lang='grc' dir='ltr'>μενον,</span> <span class='ocrx_word' id='word_1_365' title='bbox 591 4866 845 4935; x_wconf 85' lang='grc' dir='ltr'>κρεῖσσον</span> <span class='ocrx_word' id='word_1_366' title='bbox 869 4863 934 4916; x_wconf 81' lang='grc' dir='ltr'>ἂν</span> <span class='ocrx_word' id='word_1_367' title='bbox 962 4861 1049 4932; x_wconf 78' lang='grc' dir='ltr'><strong>εἴη</strong></span> <span class='ocrx_word' id='word_1_368' title='bbox 1075 4860 1171 4914; x_wconf 72' lang='grc' dir='ltr'><strong>καὶ</strong></span> <span class='ocrx_word' id='word_1_369' title='bbox 1190 4857 1631 4928; x_wconf 89' lang='grc' dir='ltr'>λυσιτελέστερον</span> <span class='ocrx_word' id='word_1_370' title='bbox 1656 4856 1722 4925; x_wconf 84' lang='grc' dir='ltr'>τῇ</span> <span class='ocrx_word' id='word_1_371' title='bbox 1751 4853 1952 4924; x_wconf 81' lang='grc' dir='ltr'>πράξει</span> 
     </span>
    </p>
   </div>
   <div class='ocr_carea' id='block_1_51' title="bbox 363 4944 1995 5027">
    <p class='ocr_par' dir='ltr' id='par_1_51' title="bbox 363 4944 1995 5027">
     <span class='ocr_line' id='line_1_51' title="bbox 363 4944 1995 5027; baseline -0.007 -18"><span class='ocrx_word' id='word_1_372' title='bbox 363 4959 468 5027; x_wconf 82' lang='grc' dir='ltr'>τῆς</span> <span class='ocrx_word' id='word_1_373' title='bbox 490 4955 692 5026; x_wconf 84' lang='grc' dir='ltr'>ἀρετῆς</span> <span class='ocrx_word' id='word_1_374' title='bbox 715 4955 812 5008; x_wconf 70' lang='grc' dir='ltr'><strong>καὶ</strong></span> <span class='ocrx_word' id='word_1_375' title='bbox 843 4952 922 5025; x_wconf 84' lang='grc' dir='ltr'>τῷ</span> <span class='ocrx_word' id='word_1_376' title='bbox 965 4952 1067 5023; x_wconf 85' lang='grc' dir='ltr'><strong>βίῳ</strong></span> <span class='ocrx_word' id='word_1_377' title='bbox 1092 4949 1248 5021; x_wconf 72' lang='grc' dir='ltr'>εμετά</span> <span class='ocrx_word' id='word_1_378' title='bbox 1276 4948 1548 5010; x_wconf 87' lang='grc' dir='ltr'>ἰδιωτείας</span> <span class='ocrx_word' id='word_1_379' title='bbox 1582 4946 1678 4999; x_wconf 77' lang='grc' dir='ltr'>καὶ</span> <span class='ocrx_word' id='word_1_380' title='bbox 1702 4944 1995 5016; x_wconf 73' lang='grc' dir='ltr'>ἀφωνίας⁶</span> 
     </span>
    </p>
   </div>
   <div class='ocr_carea' id='block_1_52' title="bbox 363 5036 1952 5118">
    <p class='ocr_par' dir='ltr' id='par_1_52' title="bbox 363 5036 1952 5118">
     <span class='ocr_line' id='line_1_52' title="bbox 363 5036 1952 5118; baseline -0.008 -18"><span class='ocrx_word' id='word_1_381' title='bbox 363 5047 527 5116; x_wconf 77' lang='grc' dir='ltr'>λόγου</span> <span class='ocrx_word' id='word_1_382' title='bbox 549 5047 751 5118; x_wconf 78' lang='grc' dir='ltr'>μᾶλλον</span> <span class='ocrx_word' id='word_1_383' title='bbox 769 5044 1148 5116; x_wconf 85' lang='grc' dir='ltr'>εὐδοκιμεῖν,ἢ</span> <span class='ocrx_word' id='word_1_384' title='bbox 1167 5042 1312 5113; x_wconf 86' lang='grc' dir='ltr'>λόγῳ</span> <span class='ocrx_word' id='word_1_385' title='bbox 1326 5039 1467 5112; x_wconf 67' lang='grc' dir='ltr'><strong>ψιλῷ</strong></span> <span class='ocrx_word' id='word_1_386' title='bbox 1485 5039 1579 5093; x_wconf 78' lang='grc' dir='ltr'><strong>καὶ</strong></span> <span class='ocrx_word' id='word_1_387' title='bbox 1598 5038 1834 5108; x_wconf 83' lang='grc' dir='ltr'>ἀκάρπῳ</span> <span class='ocrx_word' id='word_1_388' title='bbox 1857 5036 1952 5089; x_wconf 79' lang='grc' dir='ltr'><strong>καὶ</strong></span> 
     </span>
    </p>
   </div>
   <div class='ocr_carea' id='block_1_53' title="bbox 366 5128 1953 5212">
    <p class='ocr_par' dir='ltr' id='par_1_53' title="bbox 366 5128 1953 5212">
     <span class='ocr_line' id='line_1_53' title="bbox 366 5128 1953 5212; baseline -0.008 -18"><span class='ocrx_word' id='word_1_389' title='bbox 366 5141 636 5212; x_wconf 86' lang='grc' dir='ltr'>ἀπράκτῳ</span> <span class='ocrx_word' id='word_1_390' title='bbox 661 5139 966 5212; x_wconf 85' lang='grc' dir='ltr'>χρώμενον,</span> <span class='ocrx_word' id='word_1_391' title='bbox 1002 5137 1130 5209; x_wconf 81' lang='grc' dir='ltr'>εἰκῆ</span> <span class='ocrx_word' id='word_1_392' title='bbox 1163 5135 1478 5208; x_wconf 78' lang='grc' dir='ltr'>μεγαλορῤη</span> <span class='ocrx_word' id='word_1_393' title='bbox 1488 5134 1671 5202; x_wconf 86' lang='grc' dir='ltr'>μονεῖν</span> <span class='ocrx_word' id='word_1_394' title='bbox 1693 5129 1788 5184; x_wconf 74' lang='grc' dir='ltr'>καὶ</span> <span class='ocrx_word' id='word_1_395' title='bbox 1808 5128 1953 5182; x_wconf 89' lang='grc' dir='ltr'>διδά-</span> 
     </span>
    </p>
   </div>
   <div class='ocr_carea' id='block_1_54' title="bbox 367 5217 1946 5298">
    <p class='ocr_par' dir='ltr' id='par_1_54' title="bbox 367 5217 1946 5298">
     <span class='ocr_line' id='line_1_54' title="bbox 367 5217 1946 5298; baseline -0.008 -15"><span class='ocrx_word' id='word_1_396' title='bbox 367 5232 520 5283; x_wconf 86' lang='grc' dir='ltr'>σκειν</span> <span class='ocrx_word' id='word_1_397' title='bbox 540 5229 734 5292; x_wconf 82' lang='grc' dir='ltr'>ἄλλους</span> <span class='ocrx_word' id='word_1_398' title='bbox 761 5227 1192 5298; x_wconf 80' lang='grc' dir='ltr'>ὑπολαμϐάνειν,</span> <span class='ocrx_word' id='word_1_399' title='bbox 1226 5225 1370 5296; x_wconf 78' lang='grc' dir='ltr'>άπερ</span> <span class='ocrx_word' id='word_1_400' title='bbox 1400 5223 1460 5276; x_wconf 89' lang='grc' dir='ltr'>οὐ</span> <span class='ocrx_word' id='word_1_401' title='bbox 1481 5221 1741 5292; x_wconf 87' lang='grc' dir='ltr'>δέδρακεν</span> <span class='ocrx_word' id='word_1_402' title='bbox 1763 5217 1946 5280; x_wconf 88' lang='grc' dir='ltr'>αὐτός.</span> 
     </span>
    </p>
   </div>
   <div class='ocr_carea' id='block_1_55' title="bbox 365 5308 1950 5386">
    <p class='ocr_par' dir='ltr' id='par_1_55' title="bbox 365 5308 1950 5386">
     <span class='ocr_line' id='line_1_55' title="bbox 365 5308 1950 5386; baseline -0.005 -18"><span class='ocrx_word' id='word_1_403' title='bbox 365 5315 410 5368; x_wconf 87' lang='grc' dir='ltr'>Τ</span> <span class='ocrx_word' id='word_1_404' title='bbox 417 5315 525 5379; x_wconf 89' lang='grc' dir='ltr'>ίνος</span> <span class='ocrx_word' id='word_1_405' title='bbox 561 5313 786 5382; x_wconf 73' lang='grc' dir='ltr'>ἓνεκεν;</span> <span class='ocrx_word' id='word_1_406' title='bbox 824 5315 948 5370; x_wconf 83' lang='grc' dir='ltr'>’Ότι</span> <span class='ocrx_word' id='word_1_407' title='bbox 1003 5316 1120 5386; x_wconf 86' lang='grc' dir='ltr'>βίου</span> <span class='ocrx_word' id='word_1_408' title='bbox 1178 5314 1279 5385; x_wconf 83' lang='grc' dir='ltr'><strong>μὲν</strong></span> <span class='ocrx_word' id='word_1_409' title='bbox 1322 5312 1493 5385; x_wconf 74' lang='grc' dir='ltr'>χωρὶς</span> <span class='ocrx_word' id='word_1_410' title='bbox 1523 5309 1619 5363; x_wconf 81' lang='grc' dir='ltr'>τοῦ</span> <span class='ocrx_word' id='word_1_411' title='bbox 1667 5308 1810 5363; x_wconf 85' lang='grc' dir='ltr'><strong>κατά</strong></span> <span class='ocrx_word' id='word_1_412' title='bbox 1850 5308 1950 5380; x_wconf 77' lang='grc' dir='ltr'>τὴν</span> 
     </span>
    </p>
   </div>
   <div class='ocr_carea' id='block_1_56' title="bbox 365 5399 1950 5480">
    <p class='ocr_par' dir='ltr' id='par_1_56' title="bbox 365 5399 1950 5480">
     <span class='ocr_line' id='line_1_56' title="bbox 365 5399 1950 5480; baseline -0.005 -19"><span class='ocrx_word' id='word_1_413' title='bbox 365 5409 566 5479; x_wconf 80' lang='grc' dir='ltr'>πρᾶξιν</span> <span class='ocrx_word' id='word_1_414' title='bbox 591 5408 694 5480; x_wconf 83' lang='grc' dir='ltr'>τῆς</span> <span class='ocrx_word' id='word_1_415' title='bbox 725 5410 943 5480; x_wconf 78' lang='grc' dir='ltr'>ἐντολῆς</span> <span class='ocrx_word' id='word_1_416' title='bbox 976 5408 1200 5477; x_wconf 73' lang='grc' dir='ltr'>καὶτῆς</span> <span class='ocrx_word' id='word_1_417' title='bbox 1236 5405 1438 5477; x_wconf 86' lang='grc' dir='ltr'>ἀρετῆς</span> <span class='ocrx_word' id='word_1_418' title='bbox 1482 5402 1657 5466; x_wconf 71' lang='grc' dir='ltr'>οὐδεὶς</span> <span class='ocrx_word' id='word_1_419' title='bbox 1709 5400 1816 5454; x_wconf 81' lang='grc' dir='ltr'><strong>ἀπὸ</strong></span> <span class='ocrx_word' id='word_1_420' title='bbox 1856 5399 1950 5454; x_wconf 83' lang='grc' dir='ltr'>τοῦ</span> 
     </span>
    </p>
   </div>
   <div class='ocr_carea' id='block_1_57' title="bbox 363 5492 1951 5577">
    <p class='ocr_par' dir='ltr' id='par_1_57' title="bbox 363 5492 1951 5577">
     <span class='ocr_line' id='line_1_57' title="bbox 363 5492 1951 5577; baseline -0.009 -18"><span class='ocrx_word' id='word_1_421' title='bbox 363 5504 560 5568; x_wconf 76' lang='grc' dir='ltr'>αἰῶνος</span> <span class='ocrx_word' id='word_1_422' title='bbox 602 5504 827 5577; x_wconf 78' lang='grc' dir='ltr'>ὑψηλὸς,</span> <span class='ocrx_word' id='word_1_423' title='bbox 875 5501 1350 5576; x_wconf 79' lang='grc' dir='ltr'>οὐδεὶςὲδοξάσθη</span> <span class='ocrx_word' id='word_1_424' title='bbox 1386 5497 1462 5560; x_wconf 85' lang='grc' dir='ltr'>ὡς</span> <span class='ocrx_word' id='word_1_425' title='bbox 1489 5495 1716 5565; x_wconf 78' lang='grc' dir='ltr'>ἐγγίσας</span> <span class='ocrx_word' id='word_1_426' title='bbox 1759 5492 1951 5565; x_wconf 78' lang='grc' dir='ltr'>Κυρίῳ</span> 
     </span>
    </p>
   </div>
   <div class='ocr_carea' id='block_1_58' title="bbox 365 5587 1950 5668">
    <p class='ocr_par' dir='ltr' id='par_1_58' title="bbox 365 5587 1950 5668">
     <span class='ocr_line' id='line_1_58' title="bbox 365 5587 1950 5668; baseline -0.009 -14"><span class='ocrx_word' id='word_1_427' title='bbox 365 5596 461 5654; x_wconf 73' lang='grc' dir='ltr'><strong>καὶ</strong></span> <span class='ocrx_word' id='word_1_428' title='bbox 485 5598 774 5668; x_wconf 85' lang='grc' dir='ltr'>ἀγιασθείς</span> <span class='ocrx_word' id='word_1_429' title='bbox 791 5615 805 5628; x_wconf 75' lang='grc' dir='ltr'><strong>ο</strong></span> <span class='ocrx_word' id='word_1_430' title='bbox 837 5596 932 5650; x_wconf 81' lang='grc' dir='ltr'><strong>τοῦ</strong></span> <span class='ocrx_word' id='word_1_431' title='bbox 955 5593 1159 5665; x_wconf 81' lang='grc' dir='ltr'>σεμνοῦ</span> <span class='ocrx_word' id='word_1_432' title='bbox 1184 5595 1242 5646; x_wconf 78' lang='grc' dir='ltr'>δὲ</span> <span class='ocrx_word' id='word_1_433' title='bbox 1269 5592 1432 5662; x_wconf 92' lang='grc' dir='ltr'>λόγου</span> <span class='ocrx_word' id='word_1_434' title='bbox 1467 5591 1561 5644; x_wconf 79' lang='grc' dir='ltr'><strong>καὶ</strong></span> <span class='ocrx_word' id='word_1_435' title='bbox 1576 5589 1828 5660; x_wconf 83' lang='grc' dir='ltr'>τερπνῶς</span> <span class='ocrx_word' id='word_1_436' title='bbox 1856 5587 1950 5641; x_wconf 79' lang='grc' dir='ltr'><strong>καὶ</strong></span> 
     </span>
    </p>
   </div>
   <div class='ocr_carea' id='block_1_59' title="bbox 431 5774 1096 5846">
    <p class='ocr_par' dir='ltr' id='par_1_59' title="bbox 431 5774 1096 5846">
     <span class='ocr_line' id='line_1_59' title="bbox 431 5774 1096 5846; baseline -0.006 -16"><span class='ocrx_word' id='word_1_437' title='bbox 431 5777 544 5844; x_wconf 86' lang='grc'>(87)</span> <span class='ocrx_word' id='word_1_438' title='bbox 581 5775 716 5830; x_wconf 85' lang='lat' dir='ltr'><strong>Cod.</strong></span> <span class='ocrx_word' id='word_1_439' title='bbox 749 5774 1096 5846; x_wconf 76' lang='grc' dir='ltr'>ἀφορῶνπας.</span> 
     </span>
    </p>
   </div>
   <div class='ocr_carea' id='block_1_60' title="bbox 1399 328 2645 396">
    <p class='ocr_par' dir='ltr' id='par_1_60' title="bbox 1399 328 2645 396">
     <span class='ocr_line' id='line_1_60' title="bbox 1399 328 2645 396; baseline 0.01 -12"><span class='ocrx_word' id='word_1_440' title='bbox 1399 328 1466 386; x_wconf 81' lang='grc' dir='ltr'><strong>ΙΝ</strong></span> <span class='ocrx_word' id='word_1_441' title='bbox 1506 331 1830 387; x_wconf 69' lang='grc' dir='ltr'>οΑιιΜιΜΑ</span> <span class='ocrx_word' id='word_1_442' title='bbox 1867 332 2148 389; x_wconf 77' lang='lat' dir='ltr'><strong>ARCANA</strong></span> <span class='ocrx_word' id='word_1_443' title='bbox 2189 334 2247 393; x_wconf 73' lang='grc' dir='ltr'><strong>Ξ.</strong></span> <span class='ocrx_word' id='word_1_444' title='bbox 2291 336 2645 396; x_wconf 77' lang='lat' dir='ltr'><strong>GREGOllll.</strong></span> 
     </span>
    </p>
   </div>
   <div class='ocr_carea' id='block_1_61' title="bbox 3577 348 3687 404">
    <p class='ocr_par' dir='ltr' id='par_1_61' title="bbox 3577 348 3687 404">
     <span class='ocr_line' id='line_1_61' title="bbox 3577 348 3687 404; baseline 0 0"><span class='ocrx_word' id='word_1_445' title='bbox 3577 348 3687 404; x_wconf 61' lang='lat'><strong>794»</strong></span> 
     </span>
    </p>
   </div>
   <div class='ocr_carea' id='block_1_62' title="bbox 2090 451 3284 526">
    <p class='ocr_par' dir='ltr' id='par_1_62' title="bbox 2090 451 3284 526">
     <span class='ocr_line' id='line_1_62' title="bbox 2090 451 3284 526; baseline 0.008 -21"><span class='ocrx_word' id='word_1_446' title='bbox 2090 451 2158 506; x_wconf 77' lang='grc'><strong>15</strong></span> <span class='ocrx_word' id='word_1_447' title='bbox 2208 452 2298 507; x_wconf 78' lang='grc' dir='ltr'>γει</span> <span class='ocrx_word' id='word_1_448' title='bbox 2319 471 2421 509; x_wconf 86' lang='lat' dir='ltr'><strong>non</strong></span> <span class='ocrx_word' id='word_1_449' title='bbox 2452 454 2580 510; x_wconf 84' lang='lat' dir='ltr'><strong>doce</strong></span> <span class='ocrx_word' id='word_1_450' title='bbox 2619 455 2696 511; x_wconf 83' lang='lat' dir='ltr'><strong>vel</strong></span> <span class='ocrx_word' id='word_1_451' title='bbox 2735 455 2865 512; x_wconf 85' lang='lat' dir='ltr'><strong>doce</strong></span> <span class='ocrx_word' id='word_1_452' title='bbox 2891 458 3150 526; x_wconf 82' lang='lat' dir='ltr'><strong>moribus,</strong></span> <span class='ocrx_word' id='word_1_453' title='bbox 3177 468 3284 516; x_wconf 86' lang='lat' dir='ltr'><strong>etc.</strong></span> 
     </span>
    </p>
   </div>
   <div class='ocr_carea' id='block_1_63' title="bbox 2155 543 3678 625">
    <p class='ocr_par' dir='ltr' id='par_1_63' title="bbox 2155 543 3678 625">
     <span class='ocr_line' id='line_1_63' title="bbox 2155 543 3678 625; baseline 0.005 -27"><span class='ocrx_word' id='word_1_454' title='bbox 2155 543 2370 601; x_wconf 90' lang='lat' dir='ltr'><strong>Bonum</strong></span> <span class='ocrx_word' id='word_1_455' title='bbox 2406 548 2715 614; x_wconf 89' lang='lat' dir='ltr'><strong>silentium,</strong></span> <span class='ocrx_word' id='word_1_456' title='bbox 2756 549 2894 604; x_wconf 86' lang='lat' dir='ltr'><strong>dicit</strong></span> <span class='ocrx_word' id='word_1_457' title='bbox 2938 550 3162 608; x_wconf 87' lang='lat' dir='ltr'><strong>divinus</strong></span> <span class='ocrx_word' id='word_1_458' title='bbox 3209 552 3488 624; x_wconf 75' lang='lat' dir='ltr'><strong>Magister,</strong></span> <span class='ocrx_word' id='word_1_459' title='bbox 3533 562 3678 625; x_wconf 76' lang='lat' dir='ltr'><strong>patet</strong></span> 
     </span>
    </p>
   </div>
   <div class='ocr_carea' id='block_1_64' title="bbox 2084 635 3680 708">
    <p class='ocr_par' dir='ltr' id='par_1_64' title="bbox 2084 635 3680 708">
     <span class='ocr_line' id='line_1_64' title="bbox 2084 635 3680 708; baseline 0.008 -19"><span class='ocrx_word' id='word_1_460' title='bbox 2084 635 2232 706; x_wconf 90' lang='lat' dir='ltr'><strong>quod</strong></span> <span class='ocrx_word' id='word_1_461' title='bbox 2277 638 2668 708; x_wconf 74' lang='lat' dir='ltr'><strong>incipientibus</strong></span> <span class='ocrx_word' id='word_1_462' title='bbox 2701 655 2762 696; x_wconf 90' lang='lat' dir='ltr'><strong>se</strong></span> <span class='ocrx_word' id='word_1_463' title='bbox 2795 657 3054 698; x_wconf 78' lang='lat' dir='ltr'><strong>exercere</strong></span> <span class='ocrx_word' id='word_1_464' title='bbox 3089 642 3156 697; x_wconf 87' lang='lat' dir='ltr'><strong>ad</strong></span> <span class='ocrx_word' id='word_1_465' title='bbox 3189 644 3444 700; x_wconf 89' lang='lat' dir='ltr'><strong>virtutem</strong></span> <span class='ocrx_word' id='word_1_466' title='bbox 3475 657 3530 700; x_wconf 86' lang='lat' dir='ltr'><strong>et</strong></span> <span class='ocrx_word' id='word_1_467' title='bbox 3569 661 3680 702; x_wconf 91' lang='lat' dir='ltr'><strong>non</strong></span> 
     </span>
    </p>
   </div>
   <div class='ocr_carea' id='block_1_65' title="bbox 2082 732 3682 802">
    <p class='ocr_par' dir='ltr' id='par_1_65' title="bbox 2082 732 3682 802">
     <span class='ocr_line' id='line_1_65' title="bbox 2082 732 3682 802; baseline 0.004 -18"><span class='ocrx_word' id='word_1_468' title='bbox 2082 732 2294 786; x_wconf 80' lang='lat' dir='ltr'><strong>vocatis</strong></span> <span class='ocrx_word' id='word_1_469' title='bbox 2331 733 2399 786; x_wconf 91' lang='lat' dir='ltr'><strong>ad</strong></span> <span class='ocrx_word' id='word_1_470' title='bbox 2435 733 2612 802; x_wconf 85' lang='lat' dir='ltr'><strong>ipsam</strong></span> <span class='ocrx_word' id='word_1_471' title='bbox 2639 733 2983 802; x_wconf 84' lang='lat' dir='ltr'><strong>docendam;</strong></span> <span class='ocrx_word' id='word_1_472' title='bbox 3015 741 3072 789; x_wconf 83' lang='lat' dir='ltr'><strong>et</strong></span> <span class='ocrx_word' id='word_1_473' title='bbox 3103 734 3150 790; x_wconf 88' lang='lat' dir='ltr'><strong>si</strong></span> <span class='ocrx_word' id='word_1_474' title='bbox 3181 735 3416 790; x_wconf 85' lang='lat' dir='ltr'><strong>docendi</strong></span> <span class='ocrx_word' id='word_1_475' title='bbox 3437 751 3682 791; x_wconf 77' lang='lat' dir='ltr'><strong>amorem</strong></span> 
     </span>
    </p>
   </div>
   <div class='ocr_carea' id='block_1_66' title="bbox 2083 822 3679 898">
    <p class='ocr_par' dir='ltr' id='par_1_66' title="bbox 2083 822 3679 898">
     <span class='ocr_line' id='line_1_66' title="bbox 2083 822 3679 898; baseline 0.003 -22"><span class='ocrx_word' id='word_1_476' title='bbox 2083 822 2176 876; x_wconf 87' lang='lat' dir='ltr'><strong>isti</strong></span> <span class='ocrx_word' id='word_1_477' title='bbox 2208 823 2469 892; x_wconf 85' lang='lat' dir='ltr'><strong>habeant,</strong></span> <span class='ocrx_word' id='word_1_478' title='bbox 2503 826 2755 882; x_wconf 90' lang='lat' dir='ltr'><strong>moribus</strong></span> <span class='ocrx_word' id='word_1_479' title='bbox 2788 826 2976 897; x_wconf 88' lang='lat' dir='ltr'><strong>potius</strong></span> <span class='ocrx_word' id='word_1_480' title='bbox 3018 835 3074 882; x_wconf 88' lang='lat' dir='ltr'><strong>et</strong></span> <span class='ocrx_word' id='word_1_481' title='bbox 3107 827 3455 882; x_wconf 81' lang='lat' dir='ltr'><strong>institutione</strong></span> <span class='ocrx_word' id='word_1_482' title='bbox 3483 829 3679 898; x_wconf 87' lang='lat' dir='ltr'><strong>agendi</strong></span> 
     </span>
    </p>
   </div>
   <div class='ocr_carea' id='block_1_67' title="bbox 2083 915 3678 975">
    <p class='ocr_par' dir='ltr' id='par_1_67' title="bbox 2083 915 3678 975">
     <span class='ocr_line' id='line_1_67' title="bbox 2083 915 3678 975; baseline 0.004 -7"><span class='ocrx_word' id='word_1_483' title='bbox 2083 915 2317 971; x_wconf 85' lang='lat' dir='ltr'><strong>rationis</strong></span> <span class='ocrx_word' id='word_1_484' title='bbox 2375 915 2775 973; x_wconf 88' lang='lat' dir='ltr'><strong>documentum</strong></span> <span class='ocrx_word' id='word_1_485' title='bbox 2828 918 3128 974; x_wconf 86' lang='lat' dir='ltr'><strong>ostendant</strong></span> <span class='ocrx_word' id='word_1_486' title='bbox 3172 937 3186 974; x_wconf 90' lang='lat'><strong>:</strong></span> <span class='ocrx_word' id='word_1_487' title='bbox 3241 919 3479 974; x_wconf 89' lang='lat' dir='ltr'><strong>duarum</strong></span> <span class='ocrx_word' id='word_1_488' title='bbox 3533 921 3678 975; x_wconf 88' lang='lat' dir='ltr'><strong>enim</strong></span> 
     </span>
    </p>
   </div>
   <div class='ocr_carea' id='block_1_68' title="bbox 2082 1011 3676 1081">
    <p class='ocr_par' dir='ltr' id='par_1_68' title="bbox 2082 1011 3676 1081">
     <span class='ocr_line' id='line_1_68' title="bbox 2082 1011 3676 1081; baseline 0.002 -18"><span class='ocrx_word' id='word_1_489' title='bbox 2082 1025 2344 1064; x_wconf 88' lang='lat' dir='ltr'><strong>manuum</strong></span> <span class='ocrx_word' id='word_1_490' title='bbox 2384 1011 2561 1066; x_wconf 92' lang='lat' dir='ltr'><strong>instar</strong></span> <span class='ocrx_word' id='word_1_491' title='bbox 2601 1012 2746 1067; x_wconf 88' lang='lat' dir='ltr'><strong>datis</strong></span> <span class='ocrx_word' id='word_1_492' title='bbox 2777 1012 2889 1067; x_wconf 87' lang='lat' dir='ltr'><strong>vita</strong></span> <span class='ocrx_word' id='word_1_493' title='bbox 2919 1020 2974 1068; x_wconf 90' lang='lat' dir='ltr'><strong>et</strong></span> <span class='ocrx_word' id='word_1_494' title='bbox 3017 1027 3298 1076; x_wconf 83' lang='lat' dir='ltr'><strong>sermone,</strong></span> <span class='ocrx_word' id='word_1_495' title='bbox 3334 1027 3438 1066; x_wconf 90' lang='lat' dir='ltr'><strong>nec</strong></span> <span class='ocrx_word' id='word_1_496' title='bbox 3462 1012 3676 1081; x_wconf 83' lang='lat' dir='ltr'><strong>justum</strong></span> 
     </span>
    </p>
   </div>
   <div class='ocr_carea' id='block_1_69' title="bbox 2081 1101 3676 1170">
    <p class='ocr_par' dir='ltr' id='par_1_69' title="bbox 2081 1101 3676 1170">
     <span class='ocr_line' id='line_1_69' title="bbox 2081 1101 3676 1170; baseline 0.002 -17"><span class='ocrx_word' id='word_1_497' title='bbox 2081 1115 2181 1154; x_wconf 90' lang='lat' dir='ltr'><strong>nec</strong></span> <span class='ocrx_word' id='word_1_498' title='bbox 2217 1101 2367 1170; x_wconf 91' lang='lat' dir='ltr'><strong>pium</strong></span> <span class='ocrx_word' id='word_1_499' title='bbox 2404 1112 2551 1158; x_wconf 81' lang='lat' dir='ltr'><strong>esset</strong></span> <span class='ocrx_word' id='word_1_500' title='bbox 2582 1103 2629 1159; x_wconf 87' lang='lat' dir='ltr'><strong>si</strong></span> <span class='ocrx_word' id='word_1_501' title='bbox 2655 1119 2763 1156; x_wconf 89' lang='lat' dir='ltr'><strong>una</strong></span> <span class='ocrx_word' id='word_1_502' title='bbox 2794 1119 2961 1160; x_wconf 89' lang='lat' dir='ltr'><strong>manu</strong></span> <span class='ocrx_word' id='word_1_503' title='bbox 2994 1105 3274 1161; x_wconf 87' lang='lat' dir='ltr'><strong>discentes</strong></span> <span class='ocrx_word' id='word_1_504' title='bbox 3301 1103 3676 1168; x_wconf 87' lang='lat' dir='ltr'><strong>traherentur,</strong></span> 
     </span>
    </p>
   </div>
   <div class='ocr_carea' id='block_1_70' title="bbox 2080 1192 3678 1267">
    <p class='ocr_par' dir='ltr' id='par_1_70' title="bbox 2080 1192 3678 1267">
     <span class='ocr_line' id='line_1_70' title="bbox 2080 1192 3678 1267; baseline 0.004 -23"><span class='ocrx_word' id='word_1_505' title='bbox 2080 1192 2254 1246; x_wconf 88' lang='lat' dir='ltr'><strong>altera</strong></span> <span class='ocrx_word' id='word_1_506' title='bbox 2309 1209 2440 1248; x_wconf 91' lang='lat' dir='ltr'><strong>vero</strong></span> <span class='ocrx_word' id='word_1_507' title='bbox 2501 1196 2955 1266; x_wconf 84' lang='lat' dir='ltr'><strong>repellerentur;</strong></span> <span class='ocrx_word' id='word_1_508' title='bbox 3000 1197 3048 1253; x_wconf 91' lang='lat' dir='ltr'><strong>si</strong></span> <span class='ocrx_word' id='word_1_509' title='bbox 3097 1211 3196 1267; x_wconf 89' lang='lat' dir='ltr'><strong>per</strong></span> <span class='ocrx_word' id='word_1_510' title='bbox 3242 1197 3409 1251; x_wconf 90' lang='lat' dir='ltr'><strong>vitam</strong></span> <span class='ocrx_word' id='word_1_511' title='bbox 3450 1196 3678 1266; x_wconf 84' lang='lat' dir='ltr'><strong>quidem</strong></span> 
     </span>
    </p>
   </div>
   <div class='ocr_carea' id='block_1_71' title="bbox 2079 1287 3678 1358">
    <p class='ocr_par' dir='ltr' id='par_1_71' title="bbox 2079 1287 3678 1358">
     <span class='ocr_line' id='line_1_71' title="bbox 2079 1287 3678 1358; baseline 0.003 -22"><span class='ocrx_word' id='word_1_512' title='bbox 2079 1294 2483 1355; x_wconf 84' lang='lat' dir='ltr'><strong>proponeretur</strong></span> <span class='ocrx_word' id='word_1_513' title='bbox 2531 1287 3040 1358; x_wconf 84' lang='lat' dir='ltr'><strong>irreprchensibile,</strong></span> <span class='ocrx_word' id='word_1_514' title='bbox 3094 1301 3352 1342; x_wconf 85' lang='lat' dir='ltr'><strong>sermone</strong></span> <span class='ocrx_word' id='word_1_515' title='bbox 3398 1303 3531 1342; x_wconf 88' lang='lat' dir='ltr'><strong>vero</strong></span> <span class='ocrx_word' id='word_1_516' title='bbox 3585 1301 3678 1341; x_wconf 85' lang='lat' dir='ltr'><strong>re-</strong></span> 
     </span>
    </p>
   </div>
   <div class='ocr_carea' id='block_1_72' title="bbox 2079 1376 3679 1447">
    <p class='ocr_par' dir='ltr' id='par_1_72' title="bbox 2079 1376 3679 1447">
     <span class='ocr_line' id='line_1_72' title="bbox 2079 1376 3679 1447; baseline 0.001 -19"><span class='ocrx_word' id='word_1_517' title='bbox 2079 1376 2448 1445; x_wconf 86' lang='lat' dir='ltr'><strong>prehensione</strong></span> <span class='ocrx_word' id='word_1_518' title='bbox 2496 1377 2767 1447; x_wconf 90' lang='lat' dir='ltr'><strong>dignum;</strong></span> <span class='ocrx_word' id='word_1_519' title='bbox 2820 1386 2916 1432; x_wconf 92' lang='lat' dir='ltr'><strong>aut</strong></span> <span class='ocrx_word' id='word_1_520' title='bbox 2959 1393 3213 1434; x_wconf 86' lang='lat' dir='ltr'><strong>sermone</strong></span> <span class='ocrx_word' id='word_1_521' title='bbox 3250 1386 3402 1432; x_wconf 88' lang='lat' dir='ltr'><strong>recto</strong></span> <span class='ocrx_word' id='word_1_522' title='bbox 3441 1385 3496 1432; x_wconf 91' lang='lat' dir='ltr'><strong>et</strong></span> <span class='ocrx_word' id='word_1_523' title='bbox 3539 1390 3679 1431; x_wconf 88' lang='lat' dir='ltr'><strong>sano</strong></span> 
     </span>
    </p>
   </div>
   <div class='ocr_carea' id='block_1_73' title="bbox 2078 1465 3677 1536">
    <p class='ocr_par' dir='ltr' id='par_1_73' title="bbox 2078 1465 3677 1536">
     <span class='ocr_line' id='line_1_73' title="bbox 2078 1465 3677 1536; baseline 0.002 -19"><span class='ocrx_word' id='word_1_524' title='bbox 2078 1465 2334 1533; x_wconf 88' lang='lat' dir='ltr'><strong>polleres,</strong></span> <span class='ocrx_word' id='word_1_525' title='bbox 2390 1468 2500 1522; x_wconf 88' lang='lat' dir='ltr'><strong>vita</strong></span> <span class='ocrx_word' id='word_1_526' title='bbox 2532 1483 2664 1522; x_wconf 87' lang='lat' dir='ltr'><strong>vero</strong></span> <span class='ocrx_word' id='word_1_527' title='bbox 2704 1468 3070 1523; x_wconf 86' lang='lat' dir='ltr'><strong>maculareris</strong></span> <span class='ocrx_word' id='word_1_528' title='bbox 3106 1483 3216 1521; x_wconf 93' lang='lat' dir='ltr'><strong>non</strong></span> <span class='ocrx_word' id='word_1_529' title='bbox 3270 1477 3421 1521; x_wconf 89' lang='lat' dir='ltr'><strong>casta</strong></span> <span class='ocrx_word' id='word_1_530' title='bbox 3463 1475 3517 1521; x_wconf 94' lang='lat' dir='ltr'><strong>et</strong></span> <span class='ocrx_word' id='word_1_531' title='bbox 3550 1481 3677 1536; x_wconf 90' lang='lat' dir='ltr'><strong>per-</strong></span> 
     </span>
    </p>
   </div>
   <div class='ocr_carea' id='block_1_74' title="bbox 2077 1555 3677 1628">
    <p class='ocr_par' dir='ltr' id='par_1_74' title="bbox 2077 1555 3677 1628">
     <span class='ocr_line' id='line_1_74' title="bbox 2077 1555 3677 1628; baseline 0.001 -18"><span class='ocrx_word' id='word_1_532' title='bbox 2077 1571 2276 1612; x_wconf 90' lang='lat' dir='ltr'><strong>versa:</strong></span> <span class='ocrx_word' id='word_1_533' title='bbox 2307 1559 2512 1613; x_wconf 90' lang='lat' dir='ltr'><strong>etenim</strong></span> <span class='ocrx_word' id='word_1_534' title='bbox 2554 1555 2834 1614; x_wconf 83' lang='lat' dir='ltr'><strong>summum</strong></span> <span class='ocrx_word' id='word_1_535' title='bbox 2863 1567 2950 1614; x_wconf 87' lang='lat' dir='ltr'><strong>est</strong></span> <span class='ocrx_word' id='word_1_536' title='bbox 2992 1557 3262 1613; x_wconf 87' lang='lat' dir='ltr'><strong>ambobus</strong></span> <span class='ocrx_word' id='word_1_537' title='bbox 3299 1565 3587 1628; x_wconf 61' lang='lat' dir='ltr'><strong>priestarc;</strong></span> <span class='ocrx_word' id='word_1_538' title='bbox 3625 1557 3677 1612; x_wconf 87' lang='lat' dir='ltr'><strong>si</strong></span> 
     </span>
    </p>
   </div>
   <div class='ocr_carea' id='block_1_75' title="bbox 2078 1648 3669 1722">
    <p class='ocr_par' dir='ltr' id='par_1_75' title="bbox 2078 1648 3669 1722">
     <span class='ocr_line' id='line_1_75' title="bbox 2078 1648 3669 1722; baseline 0.001 -19"><span class='ocrx_word' id='word_1_539' title='bbox 2078 1650 2349 1706; x_wconf 88' lang='lat' dir='ltr'><strong>ambobus</strong></span> <span class='ocrx_word' id='word_1_540' title='bbox 2379 1657 2652 1720; x_wconf 64' lang='lat' dir='ltr'><strong>priestare&#39;</strong></span> <span class='ocrx_word' id='word_1_541' title='bbox 2671 1651 3016 1722; x_wconf 87' lang='lat' dir='ltr'><strong>impossibile</strong></span> <span class='ocrx_word' id='word_1_542' title='bbox 3037 1651 3143 1717; x_wconf 89' lang='lat' dir='ltr'><strong>sit,</strong></span> <span class='ocrx_word' id='word_1_543' title='bbox 3176 1648 3430 1721; x_wconf 82' lang='lat' dir='ltr'><strong>gravitati</strong></span> <span class='ocrx_word' id='word_1_544' title='bbox 3470 1665 3669 1704; x_wconf 83' lang='lat' dir='ltr'><strong>secun-</strong></span> 
     </span>
    </p>
   </div>
   <div class='ocr_carea' id='block_1_76' title="bbox 2077 1743 3670 1815">
    <p class='ocr_par' dir='ltr' id='par_1_76' title="bbox 2077 1743 3670 1815">
     <span class='ocr_line' id='line_1_76' title="bbox 2077 1743 3670 1815; baseline -0.002 -16"><span class='ocrx_word' id='word_1_545' title='bbox 2077 1743 2208 1799; x_wconf 90' lang='lat' dir='ltr'><strong>dum</strong></span> <span class='ocrx_word' id='word_1_546' title='bbox 2258 1747 2474 1814; x_wconf 75' lang='lat' dir='ltr'><strong>praxim</strong></span> <span class='ocrx_word' id='word_1_547' title='bbox 2511 1754 2567 1801; x_wconf 91' lang='lat' dir='ltr'><strong>et</strong></span> <span class='ocrx_word' id='word_1_548' title='bbox 2599 1746 2763 1800; x_wconf 85' lang='lat' dir='ltr'><strong>vitam</strong></span> <span class='ocrx_word' id='word_1_549' title='bbox 2809 1747 2983 1815; x_wconf 89' lang='lat' dir='ltr'><strong>magis</strong></span> <span class='ocrx_word' id='word_1_550' title='bbox 3033 1743 3344 1799; x_wconf 87' lang='lat' dir='ltr'><strong>curandum</strong></span> <span class='ocrx_word' id='word_1_551' title='bbox 3375 1757 3472 1814; x_wconf 88' lang='lat' dir='ltr'><strong>per</strong></span> <span class='ocrx_word' id='word_1_552' title='bbox 3503 1758 3670 1814; x_wconf 88' lang='lat' dir='ltr'><strong>quam</strong></span> 
     </span>
    </p>
   </div>
   <div class='ocr_carea' id='block_1_77' title="bbox 2075 1834 3660 1908">
    <p class='ocr_par' dir='ltr' id='par_1_77' title="bbox 2075 1834 3660 1908">
     <span class='ocr_line' id='line_1_77' title="bbox 2075 1834 3660 1908; baseline -0.001 -17"><span class='ocrx_word' id='word_1_553' title='bbox 2075 1837 2320 1892; x_wconf 88' lang='lat' dir='ltr'><strong>sermoni</strong></span> <span class='ocrx_word' id='word_1_554' title='bbox 2344 1837 2714 1908; x_wconf 90' lang='lat' dir='ltr'><strong>supplendum</strong></span> <span class='ocrx_word' id='word_1_555' title='bbox 2745 1851 2844 1908; x_wconf 91' lang='lat' dir='ltr'><strong>pro</strong></span> <span class='ocrx_word' id='word_1_556' title='bbox 2864 1836 3099 1906; x_wconf 86' lang='lat' dir='ltr'><strong>reliquo.</strong></span> <span class='ocrx_word' id='word_1_557' title='bbox 3129 1834 3284 1889; x_wconf 90' lang='lat' dir='ltr'><strong>Sicut</strong></span> <span class='ocrx_word' id='word_1_558' title='bbox 3315 1836 3459 1889; x_wconf 88' lang='lat' dir='ltr'><strong>enim</strong></span> <span class='ocrx_word' id='word_1_559' title='bbox 3494 1835 3660 1906; x_wconf 71' lang='lat' dir='ltr'><strong>pictor</strong></span> 
     </span>
    </p>
   </div>
   <div class='ocr_carea' id='block_1_78' title="bbox 2073 1929 3668 1999">
    <p class='ocr_par' dir='ltr' id='par_1_78' title="bbox 2073 1929 3668 1999">
     <span class='ocr_line' id='line_1_78' title="bbox 2073 1929 3668 1999; baseline -0.001 -18"><span class='ocrx_word' id='word_1_560' title='bbox 2073 1942 2186 1982; x_wconf 88' lang='lat' dir='ltr'><strong>non</strong></span> <span class='ocrx_word' id='word_1_561' title='bbox 2223 1935 2460 1993; x_wconf 86' lang='lat' dir='ltr'><strong>tantum,</strong></span> <span class='ocrx_word' id='word_1_562' title='bbox 2506 1929 2710 1998; x_wconf 82' lang='lat' dir='ltr'><strong>inquit,</strong></span> <span class='ocrx_word' id='word_1_563' title='bbox 2746 1943 2844 1999; x_wconf 89' lang='lat' dir='ltr'><strong>per</strong></span> <span class='ocrx_word' id='word_1_564' title='bbox 2880 1943 3170 1984; x_wconf 88' lang='lat' dir='ltr'><strong>sermones</strong></span> <span class='ocrx_word' id='word_1_565' title='bbox 3226 1942 3389 1996; x_wconf 90' lang='lat' dir='ltr'><strong>quam</strong></span> <span class='ocrx_word' id='word_1_566' title='bbox 3438 1941 3534 1997; x_wconf 83' lang='lat' dir='ltr'><strong>per</strong></span> <span class='ocrx_word' id='word_1_567' title='bbox 3575 1941 3668 1979; x_wconf 21' lang='lat' dir='ltr'><strong>arr-</strong></span> 
     </span>
    </p>
   </div>
   <div class='ocr_carea' id='block_1_79' title="bbox 2073 2019 3670 2098">
    <p class='ocr_par' dir='ltr' id='par_1_79' title="bbox 2073 2019 3670 2098">
     <span class='ocr_line' id='line_1_79' title="bbox 2073 2019 3670 2098; baseline -0.001 -24"><span class='ocrx_word' id='word_1_568' title='bbox 2073 2021 2432 2098; x_wconf 73' lang='lat' dir='ltr'><strong>cbetyporum</strong></span> <span class='ocrx_word' id='word_1_569' title='bbox 2461 2021 2800 2093; x_wconf 83' lang='lat' dir='ltr'><strong>exemplaria</strong></span> <span class='ocrx_word' id='word_1_570' title='bbox 2839 2020 3135 2091; x_wconf 89' lang='lat' dir='ltr'><strong>discipulis</strong></span> <span class='ocrx_word' id='word_1_571' title='bbox 3187 2019 3307 2075; x_wconf 88' lang='lat' dir='ltr'><strong>suis</strong></span> <span class='ocrx_word' id='word_1_572' title='bbox 3350 2020 3405 2072; x_wconf 92' lang='lat' dir='ltr'><strong>in</strong></span> <span class='ocrx_word' id='word_1_573' title='bbox 3452 2019 3670 2089; x_wconf 87' lang='lat' dir='ltr'><strong>pictura</strong></span> 
     </span>
    </p>
   </div>
   <div class='ocr_carea' id='block_1_80' title="bbox 2070 2111 3666 2184">
    <p class='ocr_par' dir='ltr' id='par_1_80' title="bbox 2070 2111 3666 2184">
     <span class='ocr_line' id='line_1_80' title="bbox 2070 2111 3666 2184; baseline -0.004 -14"><span class='ocrx_word' id='word_1_574' title='bbox 2070 2115 2324 2179; x_wconf 84' lang='lat' dir='ltr'><strong>inservit,</strong></span> <span class='ocrx_word' id='word_1_575' title='bbox 2348 2117 2428 2171; x_wconf 92' lang='lat' dir='ltr'><strong>sic</strong></span> <span class='ocrx_word' id='word_1_576' title='bbox 2445 2116 2790 2171; x_wconf 89' lang='lat' dir='ltr'><strong>eremiticam</strong></span> <span class='ocrx_word' id='word_1_577' title='bbox 2815 2116 2985 2170; x_wconf 90' lang='lat' dir='ltr'><strong>vitam</strong></span> <span class='ocrx_word' id='word_1_578' title='bbox 3012 2112 3486 2184; x_wconf 88' lang='lat' dir='ltr'><strong>irreprehensibili</strong></span> <span class='ocrx_word' id='word_1_579' title='bbox 3508 2111 3666 2182; x_wconf 76' lang='lat' dir='ltr'><strong>praxi</strong></span> 
     </span>
    </p>
   </div>
   <div class='ocr_carea' id='block_1_81' title="bbox 2070 2204 3668 2279">
    <p class='ocr_par' dir='ltr' id='par_1_81' title="bbox 2070 2204 3668 2279">
     <span class='ocr_line' id='line_1_81' title="bbox 2070 2204 3668 2279; baseline -0.004 -17"><span class='ocrx_word' id='word_1_580' title='bbox 2070 2207 2371 2278; x_wconf 84' lang='lat' dir='ltr'><strong>dirigentes</strong></span> <span class='ocrx_word' id='word_1_581' title='bbox 2419 2223 2486 2264; x_wconf 87' lang='lat' dir='ltr'><strong>c0</strong></span> <span class='ocrx_word' id='word_1_582' title='bbox 2535 2209 2712 2279; x_wconf 84' lang='lat' dir='ltr'><strong>magis</strong></span> <span class='ocrx_word' id='word_1_583' title='bbox 2763 2207 2889 2263; x_wconf 92' lang='lat' dir='ltr'><strong>illos</strong></span> <span class='ocrx_word' id='word_1_584' title='bbox 2942 2208 3038 2278; x_wconf 89' lang='lat' dir='ltr'><strong>qui</strong></span> <span class='ocrx_word' id='word_1_585' title='bbox 3087 2206 3225 2277; x_wconf 89' lang='lat' dir='ltr'><strong>ipsis</strong></span> <span class='ocrx_word' id='word_1_586' title='bbox 3280 2204 3668 2276; x_wconf 79' lang='lat' dir='ltr'><strong>approximant</strong></span> 
     </span>
    </p>
   </div>
   <div class='ocr_carea' id='block_1_82' title="bbox 2067 2295 3662 2372">
    <p class='ocr_par' dir='ltr' id='par_1_82' title="bbox 2067 2295 3662 2372">
     <span class='ocr_line' id='line_1_82' title="bbox 2067 2295 3662 2372; baseline -0.004 -18"><span class='ocrx_word' id='word_1_587' title='bbox 2067 2299 2340 2355; x_wconf 69' lang='lat' dir='ltr'><strong>aediﬁcant</strong></span> <span class='ocrx_word' id='word_1_588' title='bbox 2362 2301 2663 2372; x_wconf 87' lang='lat' dir='ltr'><strong>minusque</strong></span> <span class='ocrx_word' id='word_1_589' title='bbox 2689 2299 3042 2355; x_wconf 87' lang='lat' dir='ltr'><strong>documentis</strong></span> <span class='ocrx_word' id='word_1_590' title='bbox 3069 2314 3167 2369; x_wconf 89' lang='lat' dir='ltr'><strong>per</strong></span> <span class='ocrx_word' id='word_1_591' title='bbox 3196 2299 3363 2354; x_wconf 86' lang='lat' dir='ltr'><strong>verba</strong></span> <span class='ocrx_word' id='word_1_592' title='bbox 3395 2295 3662 2367; x_wconf 77' lang='lat' dir='ltr'><strong>indigent.</strong></span> 
     </span>
    </p>
   </div>
   <div class='ocr_carea' id='block_1_83' title="bbox 2068 2477 3248 2550">
    <p class='ocr_par' dir='ltr' id='par_1_83' title="bbox 2068 2477 3248 2550">
     <span class='ocr_line' id='line_1_83' title="bbox 2068 2477 3248 2550; baseline -0.004 -14"><span class='ocrx_word' id='word_1_593' title='bbox 2068 2480 2136 2536; x_wconf 75' lang='lat' dir='ltr'><strong>i7</strong></span> <span class='ocrx_word' id='word_1_594' title='bbox 2185 2478 2341 2550; x_wconf 52' lang='lat' dir='ltr'><strong>Vobis</strong></span> <span class='ocrx_word' id='word_1_595' title='bbox 2371 2477 2489 2532; x_wconf 86' lang='lat' dir='ltr'><strong>dico</strong></span> <span class='ocrx_word' id='word_1_596' title='bbox 2526 2480 2777 2543; x_wconf 73' lang='lat' dir='ltr'><strong>maxime,</strong></span> <span class='ocrx_word' id='word_1_597' title='bbox 2803 2478 2893 2550; x_wconf 89' lang='lat' dir='ltr'><strong>qui</strong></span> <span class='ocrx_word' id='word_1_598' title='bbox 2921 2477 3248 2550; x_wconf 67' lang='lat' dir='ltr'><strong>pra-sitiens,</strong></span> 
     </span>
    </p>
   </div>
   <div class='ocr_carea' id='block_1_84' title="bbox 2067 2548 3280 2616">
    <p class='ocr_par' dir='ltr' id='par_1_84' title="bbox 2067 2548 3280 2616">
     <span class='ocr_line' id='line_1_84' title="bbox 2067 2548 3280 2616; baseline -0.002 -11"><span class='ocrx_word' id='word_1_599' title='bbox 2067 2550 2135 2605; x_wconf 80' lang='grc'>18</span> <span class='ocrx_word' id='word_1_600' title='bbox 2175 2549 2299 2603; x_wconf 85' lang='lat' dir='ltr'><strong>Non</strong></span> <span class='ocrx_word' id='word_1_601' title='bbox 2329 2551 2448 2604; x_wconf 76' lang='lat' dir='ltr'><strong>sitis</strong></span> <span class='ocrx_word' id='word_1_602' title='bbox 2477 2551 2664 2604; x_wconf 77' lang='lat' dir='ltr'><strong>oculus</strong></span> <span class='ocrx_word' id='word_1_603' title='bbox 2697 2548 3033 2604; x_wconf 79' lang='lat' dir='ltr'><strong>tenebrarum</strong></span> <span class='ocrx_word' id='word_1_604' title='bbox 3071 2548 3280 2616; x_wconf 80' lang='lat' dir='ltr'><strong>plenus.</strong></span> 
     </span>
    </p>
   </div>
   <div class='ocr_carea' id='block_1_85' title="bbox 2138 2640 3665 2712">
    <p class='ocr_par' dir='ltr' id='par_1_85' title="bbox 2138 2640 3665 2712">
     <span class='ocr_line' id='line_1_85' title="bbox 2138 2640 3665 2712; baseline -0.003 -17"><span class='ocrx_word' id='word_1_605' title='bbox 2138 2641 2250 2698; x_wconf 79' lang='lat' dir='ltr'><strong>Vos</strong></span> <span class='ocrx_word' id='word_1_606' title='bbox 2295 2642 2389 2712; x_wconf 91' lang='lat' dir='ltr'><strong>qui</strong></span> <span class='ocrx_word' id='word_1_607' title='bbox 2429 2641 2498 2696; x_wconf 92' lang='lat' dir='ltr'><strong>ad</strong></span> <span class='ocrx_word' id='word_1_608' title='bbox 2543 2642 2865 2698; x_wconf 85' lang='lat' dir='ltr'><strong>cathedram</strong></span> <span class='ocrx_word' id='word_1_609' title='bbox 2913 2649 2970 2698; x_wconf 93' lang='lat' dir='ltr'><strong>et</strong></span> <span class='ocrx_word' id='word_1_610' title='bbox 3019 2640 3088 2695; x_wconf 93' lang='lat' dir='ltr'><strong>ad</strong></span> <span class='ocrx_word' id='word_1_611' title='bbox 3131 2647 3382 2696; x_wconf 90' lang='lat' dir='ltr'><strong>sanctam</strong></span> <span class='ocrx_word' id='word_1_612' title='bbox 3417 2652 3665 2694; x_wconf 84' lang='lat' dir='ltr'><strong>mensam</strong></span> 
     </span>
    </p>
   </div>
   <div class='ocr_carea' id='block_1_86' title="bbox 2063 2727 3667 2805">
    <p class='ocr_par' dir='ltr' id='par_1_86' title="bbox 2063 2727 3667 2805">
     <span class='ocr_line' id='line_1_86' title="bbox 2063 2727 3667 2805; baseline -0.001 -18"><span class='ocrx_word' id='word_1_613' title='bbox 2063 2737 2432 2805; x_wconf 83' lang='lat' dir='ltr'><strong>vosmetipsos</strong></span> <span class='ocrx_word' id='word_1_614' title='bbox 2468 2727 2757 2790; x_wconf 73' lang='lat' dir='ltr'><strong>insinuare</strong></span> <span class='ocrx_word' id='word_1_615' title='bbox 2780 2742 2836 2789; x_wconf 89' lang='lat' dir='ltr'><strong>et</strong></span> <span class='ocrx_word' id='word_1_616' title='bbox 2867 2733 3174 2804; x_wconf 85' lang='lat' dir='ltr'><strong>provehere</strong></span> <span class='ocrx_word' id='word_1_617' title='bbox 3202 2747 3315 2802; x_wconf 69' lang='lat' dir='ltr'><strong>pra:</strong></span> <span class='ocrx_word' id='word_1_618' title='bbox 3345 2731 3586 2787; x_wconf 84' lang='lat' dir='ltr'><strong>elatione</strong></span> <span class='ocrx_word' id='word_1_619' title='bbox 3612 2741 3667 2786; x_wconf 89' lang='lat' dir='ltr'><strong>et</strong></span> 
     </span>
    </p>
   </div>
   <div class='ocr_carea' id='block_1_87' title="bbox 2063 2813 3662 2896">
    <p class='ocr_par' dir='ltr' id='par_1_87' title="bbox 2063 2813 3662 2896">
     <span class='ocr_line' id='line_1_87' title="bbox 2063 2813 3662 2896; baseline -0.003 -14"><span class='ocrx_word' id='word_1_620' title='bbox 2063 2827 2361 2882; x_wconf 83' lang='lat' dir='ltr'><strong>ambitione</strong></span> <span class='ocrx_word' id='word_1_621' title='bbox 2381 2826 2681 2891; x_wconf 84' lang='lat' dir='ltr'><strong>conamini,</strong></span> <span class='ocrx_word' id='word_1_622' title='bbox 2702 2827 2882 2896; x_wconf 80' lang='lat' dir='ltr'><strong>magni</strong></span> <span class='ocrx_word' id='word_1_623' title='bbox 2902 2837 2954 2882; x_wconf 90' lang='lat' dir='ltr'><strong>et</strong></span> <span class='ocrx_word' id='word_1_624' title='bbox 2974 2825 3174 2881; x_wconf 90' lang='lat' dir='ltr'><strong>summi</strong></span> <span class='ocrx_word' id='word_1_625' title='bbox 3198 2813 3504 2880; x_wconf 84' lang='lat' dir='ltr'><strong>sacerdotis</strong></span> <span class='ocrx_word' id='word_1_626' title='bbox 3555 2839 3662 2877; x_wconf 65' lang='lat' dir='ltr'><strong>au-</strong></span> 
     </span>
    </p>
   </div>
   <div class='ocr_carea' id='block_1_88' title="bbox 2062 2915 3668 2988">
    <p class='ocr_par' dir='ltr' id='par_1_88' title="bbox 2062 2915 3668 2988">
     <span class='ocr_line' id='line_1_88' title="bbox 2062 2915 3668 2988; baseline -0.002 -13"><span class='ocrx_word' id='word_1_627' title='bbox 2062 2919 2175 2975; x_wconf 90' lang='lat' dir='ltr'><strong>dite</strong></span> <span class='ocrx_word' id='word_1_628' title='bbox 2209 2934 2392 2975; x_wconf 88' lang='lat' dir='ltr'><strong>voces.</strong></span> <span class='ocrx_word' id='word_1_629' title='bbox 2444 2917 2616 2974; x_wconf 85' lang='lat' dir='ltr'><strong>Vobis</strong></span> <span class='ocrx_word' id='word_1_630' title='bbox 2669 2926 2989 2974; x_wconf 87' lang='lat' dir='ltr'><strong>sanctorum</strong></span> <span class='ocrx_word' id='word_1_631' title='bbox 3037 2917 3365 2988; x_wconf 88' lang='lat' dir='ltr'><strong>populorum</strong></span> <span class='ocrx_word' id='word_1_632' title='bbox 3389 2915 3668 2986; x_wconf 90' lang='lat' dir='ltr'><strong>episcopis</strong></span> 
     </span>
    </p>
   </div>
   <div class='ocr_carea' id='block_1_89' title="bbox 2062 3009 3669 3080">
    <p class='ocr_par' dir='ltr' id='par_1_89' title="bbox 2062 3009 3669 3080">
     <span class='ocr_line' id='line_1_89' title="bbox 2062 3009 3669 3080; baseline -0.002 -13"><span class='ocrx_word' id='word_1_633' title='bbox 2062 3012 2501 3068; x_wconf 80' lang='lat' dir='ltr'><strong>exhortationem</strong></span> <span class='ocrx_word' id='word_1_634' title='bbox 2530 3011 2689 3066; x_wconf 91' lang='lat' dir='ltr'><strong>istam</strong></span> <span class='ocrx_word' id='word_1_635' title='bbox 2719 3011 2987 3080; x_wconf 87' lang='lat' dir='ltr'><strong>pandam;</strong></span> <span class='ocrx_word' id='word_1_636' title='bbox 3007 3026 3077 3065; x_wconf 90' lang='lat' dir='ltr'><strong>ne</strong></span> <span class='ocrx_word' id='word_1_637' title='bbox 3101 3011 3226 3067; x_wconf 90' lang='lat' dir='ltr'><strong>sitis</strong></span> <span class='ocrx_word' id='word_1_638' title='bbox 3255 3010 3401 3064; x_wconf 92' lang='lat' dir='ltr'><strong>oculi</strong></span> <span class='ocrx_word' id='word_1_639' title='bbox 3425 3009 3669 3064; x_wconf 86' lang='lat' dir='ltr'><strong>tenebris</strong></span> 
     </span>
    </p>
   </div>
   <div class='ocr_carea' id='block_1_90' title="bbox 2063 3101 3668 3172">
    <p class='ocr_par' dir='ltr' id='par_1_90' title="bbox 2063 3101 3668 3172">
     <span class='ocr_line' id='line_1_90' title="bbox 2063 3101 3668 3172; baseline -0.002 -14"><span class='ocrx_word' id='word_1_640' title='bbox 2063 3103 2274 3169; x_wconf 79' lang='lat' dir='ltr'><strong>referti,</strong></span> <span class='ocrx_word' id='word_1_641' title='bbox 2317 3104 2412 3159; x_wconf 85' lang='lat' dir='ltr'><strong>sed</strong></span> <span class='ocrx_word' id='word_1_642' title='bbox 2461 3104 2671 3158; x_wconf 87' lang='lat' dir='ltr'><strong>lumine</strong></span> <span class='ocrx_word' id='word_1_643' title='bbox 2706 3103 2857 3172; x_wconf 90' lang='lat' dir='ltr'><strong>pleni</strong></span> <span class='ocrx_word' id='word_1_644' title='bbox 2905 3103 3086 3169; x_wconf 80' lang='lat' dir='ltr'><strong>ﬁalis;</strong></span> <span class='ocrx_word' id='word_1_645' title='bbox 3141 3117 3210 3156; x_wconf 90' lang='lat' dir='ltr'><strong>ne</strong></span> <span class='ocrx_word' id='word_1_646' title='bbox 3239 3101 3536 3170; x_wconf 75' lang='lat' dir='ltr'><strong>injustitia:</strong></span> <span class='ocrx_word' id='word_1_647' title='bbox 3570 3109 3668 3154; x_wconf 84' lang='lat' dir='ltr'><strong>aut</strong></span> 
     </span>
    </p>
   </div>
   <div class='ocr_carea' id='block_1_91' title="bbox 2063 3190 3666 3267">
    <p class='ocr_par' dir='ltr' id='par_1_91' title="bbox 2063 3190 3666 3267">
     <span class='ocr_line' id='line_1_91' title="bbox 2063 3190 3666 3267; baseline -0.006 -15"><span class='ocrx_word' id='word_1_648' title='bbox 2063 3196 2452 3267; x_wconf 73' lang='lat' dir='ltr'><strong>imprudentia:</strong></span> <span class='ocrx_word' id='word_1_649' title='bbox 2478 3205 2574 3249; x_wconf 89' lang='lat' dir='ltr'><strong>aut</strong></span> <span class='ocrx_word' id='word_1_650' title='bbox 2613 3194 2941 3264; x_wconf 88' lang='lat' dir='ltr'><strong>impietatis,</strong></span> <span class='ocrx_word' id='word_1_651' title='bbox 2980 3192 3078 3248; x_wconf 90' lang='lat' dir='ltr'><strong>sed</strong></span> <span class='ocrx_word' id='word_1_652' title='bbox 3111 3193 3348 3262; x_wconf 73' lang='lat' dir='ltr'><strong>justitia:</strong></span> <span class='ocrx_word' id='word_1_653' title='bbox 3385 3199 3440 3246; x_wconf 87' lang='lat' dir='ltr'><strong>et</strong></span> <span class='ocrx_word' id='word_1_654' title='bbox 3482 3190 3666 3246; x_wconf 82' lang='lat' dir='ltr'><strong>scicn-</strong></span> 
     </span>
    </p>
   </div>
   <div class='ocr_carea' id='block_1_92' title="bbox 2062 3283 3670 3358">
    <p class='ocr_par' dir='ltr' id='par_1_92' title="bbox 2062 3283 3670 3358">
     <span class='ocr_line' id='line_1_92' title="bbox 2062 3283 3670 3358; baseline -0.004 -15"><span class='ocrx_word' id='word_1_655' title='bbox 2062 3289 2152 3343; x_wconf 67' lang='lat' dir='ltr'><strong>tiaa</strong></span> <span class='ocrx_word' id='word_1_656' title='bbox 2197 3295 2253 3345; x_wconf 88' lang='lat' dir='ltr'><strong>et</strong></span> <span class='ocrx_word' id='word_1_657' title='bbox 2289 3287 2512 3358; x_wconf 89' lang='lat' dir='ltr'><strong>pietatis</strong></span> <span class='ocrx_word' id='word_1_658' title='bbox 2567 3287 2870 3358; x_wconf 85' lang='lat' dir='ltr'><strong>archetypa</strong></span> <span class='ocrx_word' id='word_1_659' title='bbox 2907 3285 3090 3351; x_wconf 86' lang='lat' dir='ltr'><strong>ﬁatis;</strong></span> <span class='ocrx_word' id='word_1_660' title='bbox 3123 3299 3353 3340; x_wconf 85' lang='lat' dir='ltr'><strong>necesse</strong></span> <span class='ocrx_word' id='word_1_661' title='bbox 3400 3290 3486 3338; x_wconf 91' lang='lat' dir='ltr'><strong>cst</strong></span> <span class='ocrx_word' id='word_1_662' title='bbox 3514 3283 3670 3338; x_wconf 85' lang='lat' dir='ltr'><strong>enim</strong></span> 
     </span>
    </p>
   </div>
   <div class='ocr_carea' id='block_1_93' title="bbox 2063 3377 3666 3454">
    <p class='ocr_par' dir='ltr' id='par_1_93' title="bbox 2063 3377 3666 3454">
     <span class='ocr_line' id='line_1_93' title="bbox 2063 3377 3666 3454; baseline -0.005 -14"><span class='ocrx_word' id='word_1_663' title='bbox 2063 3391 2123 3440; x_wconf 90' lang='lat' dir='ltr'><strong>ut</strong></span> <span class='ocrx_word' id='word_1_664' title='bbox 2171 3383 2358 3454; x_wconf 91' lang='lat' dir='ltr'><strong>populi</strong></span> <span class='ocrx_word' id='word_1_665' title='bbox 2394 3383 2489 3453; x_wconf 90' lang='lat' dir='ltr'><strong>qui</strong></span> <span class='ocrx_word' id='word_1_666' title='bbox 2533 3382 2640 3438; x_wconf 92' lang='lat' dir='ltr'><strong>sub</strong></span> <span class='ocrx_word' id='word_1_667' title='bbox 2687 3398 2854 3436; x_wconf 91' lang='lat' dir='ltr'><strong>manu</strong></span> <span class='ocrx_word' id='word_1_668' title='bbox 2884 3389 3068 3437; x_wconf 89' lang='lat' dir='ltr'><strong>vestra</strong></span> <span class='ocrx_word' id='word_1_669' title='bbox 3117 3389 3248 3436; x_wconf 90' lang='lat' dir='ltr'><strong>sunt</strong></span> <span class='ocrx_word' id='word_1_670' title='bbox 3279 3395 3376 3435; x_wconf 89' lang='lat' dir='ltr'><strong>vos</strong></span> <span class='ocrx_word' id='word_1_671' title='bbox 3407 3377 3666 3433; x_wconf 82' lang='lat' dir='ltr'><strong>conside-</strong></span> 
     </span>
    </p>
   </div>
   <div class='ocr_carea' id='block_1_94' title="bbox 2062 3471 3666 3546">
    <p class='ocr_par' dir='ltr' id='par_1_94' title="bbox 2062 3471 3666 3546">
     <span class='ocr_line' id='line_1_94' title="bbox 2062 3471 3666 3546; baseline -0.004 -17"><span class='ocrx_word' id='word_1_672' title='bbox 2062 3482 2188 3529; x_wconf 87' lang='lat' dir='ltr'><strong>rent</strong></span> <span class='ocrx_word' id='word_1_673' title='bbox 2215 3484 2382 3546; x_wconf 89' lang='lat' dir='ltr'><strong>atque</strong></span> <span class='ocrx_word' id='word_1_674' title='bbox 2408 3474 2570 3544; x_wconf 87' lang='lat' dir='ltr'><strong>quasi</strong></span> <span class='ocrx_word' id='word_1_675' title='bbox 2601 3474 2758 3529; x_wconf 86' lang='lat' dir='ltr'><strong>vobis</strong></span> <span class='ocrx_word' id='word_1_676' title='bbox 2786 3474 2948 3544; x_wconf 86' lang='lat' dir='ltr'><strong>longe</strong></span> <span class='ocrx_word' id='word_1_677' title='bbox 2993 3473 3118 3528; x_wconf 88' lang='lat' dir='ltr'><strong>aliis</strong></span> <span class='ocrx_word' id='word_1_678' title='bbox 3150 3471 3361 3528; x_wconf 89' lang='lat' dir='ltr'><strong>similes</strong></span> <span class='ocrx_word' id='word_1_679' title='bbox 3393 3471 3526 3523; x_wconf 77' lang='lat' dir='ltr'><strong>[iant</strong></span> <span class='ocrx_word' id='word_1_680' title='bbox 3567 3483 3666 3539; x_wconf 87' lang='lat' dir='ltr'><strong>per</strong></span> 
     </span>
    </p>
   </div>
   <div class='ocr_carea' id='block_1_95' title="bbox 2062 3561 3662 3635">
    <p class='ocr_par' dir='ltr' id='par_1_95' title="bbox 2062 3561 3662 3635">
     <span class='ocr_line' id='line_1_95' title="bbox 2062 3561 3662 3635; baseline -0.006 -10"><span class='ocrx_word' id='word_1_681' title='bbox 2062 3570 2452 3626; x_wconf 89' lang='lat' dir='ltr'><strong>imitationem.</strong></span> <span class='ocrx_word' id='word_1_682' title='bbox 2515 3567 2665 3624; x_wconf 89' lang='lat' dir='ltr'><strong>Estis</strong></span> <span class='ocrx_word' id='word_1_683' title='bbox 2711 3567 2859 3622; x_wconf 90' lang='lat' dir='ltr'><strong>enim</strong></span> <span class='ocrx_word' id='word_1_684' title='bbox 2906 3567 3000 3619; x_wconf 84' lang='lat' dir='ltr'><strong>lux</strong></span> <span class='ocrx_word' id='word_1_685' title='bbox 3059 3564 3312 3635; x_wconf 84' lang='lat' dir='ltr'><strong>corporis</strong></span> <span class='ocrx_word' id='word_1_686' title='bbox 3376 3561 3662 3616; x_wconf 60' lang='lat' dir='ltr'><strong>Ecclesia}.</strong></span> 
     </span>
    </p>
   </div>
   <div class='ocr_carea' id='block_1_96' title="bbox 2064 3653 3664 3735">
    <p class='ocr_par' dir='ltr' id='par_1_96' title="bbox 2064 3653 3664 3735">
     <span class='ocr_line' id='line_1_96' title="bbox 2064 3653 3664 3735; baseline -0.006 -17"><span class='ocrx_word' id='word_1_687' title='bbox 2064 3663 2221 3719; x_wconf 91' lang='lat' dir='ltr'><strong>Sicut</strong></span> <span class='ocrx_word' id='word_1_688' title='bbox 2261 3678 2393 3735; x_wconf 91' lang='lat' dir='ltr'><strong>ergo</strong></span> <span class='ocrx_word' id='word_1_689' title='bbox 2439 3661 2598 3719; x_wconf 90' lang='lat' dir='ltr'><strong>vobis</strong></span> <span class='ocrx_word' id='word_1_690' title='bbox 2644 3659 2989 3730; x_wconf 83' lang='lat' dir='ltr'><strong>simplicibus</strong></span> <span class='ocrx_word' id='word_1_691' title='bbox 3021 3666 3077 3713; x_wconf 89' lang='lat' dir='ltr'><strong>et</strong></span> <span class='ocrx_word' id='word_1_692' title='bbox 3125 3656 3442 3712; x_wconf 86' lang='lat' dir='ltr'><strong>lucentibus</strong></span> <span class='ocrx_word' id='word_1_693' title='bbox 3486 3662 3540 3709; x_wconf 90' lang='lat' dir='ltr'><strong>et</strong></span> <span class='ocrx_word' id='word_1_694' title='bbox 3593 3653 3664 3709; x_wconf 90' lang='lat' dir='ltr'><strong>de</strong></span> 
     </span>
    </p>
   </div>
   <div class='ocr_carea' id='block_1_97' title="bbox 2043 3751 3662 3829">
    <p class='ocr_par' dir='ltr' id='par_1_97' title="bbox 2043 3751 3662 3829">
     <span class='ocr_line' id='line_1_97' title="bbox 2043 3751 3662 3829; baseline -0.005 -17"><span class='ocrx_word' id='word_1_695' title='bbox 2043 3751 2182 3813; x_wconf 51' lang='lat' dir='ltr'><strong>&#39;toto</strong></span> <span class='ocrx_word' id='word_1_696' title='bbox 2230 3757 2380 3829; x_wconf 90' lang='lat' dir='ltr'><strong>puris</strong></span> <span class='ocrx_word' id='word_1_697' title='bbox 2457 3758 2515 3811; x_wconf 91' lang='lat' dir='ltr'><strong>in</strong></span> <span class='ocrx_word' id='word_1_698' title='bbox 2568 3757 2778 3811; x_wconf 89' lang='lat' dir='ltr'><strong>lumine</strong></span> <span class='ocrx_word' id='word_1_699' title='bbox 2838 3770 3042 3825; x_wconf 91' lang='lat' dir='ltr'><strong>corpus</strong></span> <span class='ocrx_word' id='word_1_700' title='bbox 3095 3753 3347 3824; x_wconf 75' lang='lat' dir='ltr'><strong>graditur</strong></span> <span class='ocrx_word' id='word_1_701' title='bbox 3394 3759 3448 3805; x_wconf 90' lang='lat' dir='ltr'><strong>et</strong></span> <span class='ocrx_word' id='word_1_702' title='bbox 3502 3765 3662 3804; x_wconf 90' lang='lat' dir='ltr'><strong>suam</strong></span> 
     </span>
    </p>
   </div>
   <div class='ocr_carea' id='block_1_98' title="bbox 2060 3843 3659 3918">
    <p class='ocr_par' dir='ltr' id='par_1_98' title="bbox 2060 3843 3659 3918">
     <span class='ocr_line' id='line_1_98' title="bbox 2060 3843 3659 3918; baseline -0.004 -17"><span class='ocrx_word' id='word_1_703' title='bbox 2060 3849 2208 3902; x_wconf 89' lang='lat' dir='ltr'><strong>viam</strong></span> <span class='ocrx_word' id='word_1_704' title='bbox 2275 3848 2501 3918; x_wconf 80' lang='lat' dir='ltr'><strong>dirigit,</strong></span> <span class='ocrx_word' id='word_1_705' title='bbox 2553 3848 2630 3901; x_wconf 90' lang='lat' dir='ltr'><strong>ita</strong></span> <span class='ocrx_word' id='word_1_706' title='bbox 2675 3863 2705 3902; x_wconf 90' lang='lat' dir='ltr'><strong>e</strong></span> <span class='ocrx_word' id='word_1_707' title='bbox 2741 3856 2934 3901; x_wconf 90' lang='lat' dir='ltr'><strong>contra</strong></span> <span class='ocrx_word' id='word_1_708' title='bbox 2986 3845 3143 3900; x_wconf 87' lang='lat' dir='ltr'><strong>vobis</strong></span> <span class='ocrx_word' id='word_1_709' title='bbox 3188 3845 3244 3900; x_wconf 91' lang='lat' dir='ltr'><strong>in</strong></span> <span class='ocrx_word' id='word_1_710' title='bbox 3305 3843 3659 3898; x_wconf 83' lang='lat' dir='ltr'><strong>tenebrarum</strong></span> 
     </span>
    </p>
   </div>
   <div class='ocr_carea' id='block_1_99' title="bbox 2063 3931 3660 4008">
    <p class='ocr_par' dir='ltr' id='par_1_99' title="bbox 2063 3931 3660 4008">
     <span class='ocr_line' id='line_1_99' title="bbox 2063 3931 3660 4008; baseline -0.001 -15"><span class='ocrx_word' id='word_1_711' title='bbox 2063 3931 2387 4008; x_wconf 77' lang='lat' dir='ltr'><strong>ignorantia:</strong></span> <span class='ocrx_word' id='word_1_712' title='bbox 2440 3947 2497 3993; x_wconf 90' lang='lat' dir='ltr'><strong>et</strong></span> <span class='ocrx_word' id='word_1_713' title='bbox 2555 3939 2764 4008; x_wconf 88' lang='lat' dir='ltr'><strong>peccati</strong></span> <span class='ocrx_word' id='word_1_714' title='bbox 2814 3937 3132 4006; x_wconf 87' lang='lat' dir='ltr'><strong>jacentibus</strong></span> <span class='ocrx_word' id='word_1_715' title='bbox 3180 3936 3493 4005; x_wconf 87' lang='lat' dir='ltr'><strong>vituperio,</strong></span> <span class='ocrx_word' id='word_1_716' title='bbox 3547 3946 3660 3992; x_wconf 88' lang='lat' dir='ltr'><strong>tota</strong></span> 
     </span>
    </p>
   </div>
   <div class='ocr_carea' id='block_1_100' title="bbox 2060 4029 3659 4102">
    <p class='ocr_par' dir='ltr' id='par_1_100' title="bbox 2060 4029 3659 4102">
     <span class='ocr_line' id='line_1_100' title="bbox 2060 4029 3659 4102; baseline 0.001 -18"><span class='ocrx_word' id='word_1_717' title='bbox 2060 4031 2204 4087; x_wconf 88' lang='lat' dir='ltr'><strong>male</strong></span> <span class='ocrx_word' id='word_1_718' title='bbox 2240 4031 2449 4102; x_wconf 83' lang='lat' dir='ltr'><strong>patitur</strong></span> <span class='ocrx_word' id='word_1_719' title='bbox 2482 4046 2546 4084; x_wconf 92' lang='lat' dir='ltr'><strong>ac</strong></span> <span class='ocrx_word' id='word_1_720' title='bbox 2592 4031 2824 4085; x_wconf 89' lang='lat' dir='ltr'><strong>moleste</strong></span> <span class='ocrx_word' id='word_1_721' title='bbox 2853 4029 2959 4085; x_wconf 80' lang='lat' dir='ltr'><strong>fert</strong></span> <span class='ocrx_word' id='word_1_722' title='bbox 2996 4029 3261 4085; x_wconf 86' lang='lat' dir='ltr'><strong>Ecclesia.</strong></span> <span class='ocrx_word' id='word_1_723' title='bbox 3294 4029 3352 4084; x_wconf 91' lang='lat' dir='ltr'><strong>Si</strong></span> <span class='ocrx_word' id='word_1_724' title='bbox 3387 4045 3540 4100; x_wconf 87' lang='lat' dir='ltr'><strong>ergo,</strong></span> <span class='ocrx_word' id='word_1_725' title='bbox 3573 4032 3659 4085; x_wconf 89' lang='lat' dir='ltr'><strong>in-</strong></span> 
     </span>
    </p>
   </div>
   <div class='ocr_carea' id='block_1_101' title="bbox 2059 4121 3654 4193">
    <p class='ocr_par' dir='ltr' id='par_1_101' title="bbox 2059 4121 3654 4193">
     <span class='ocr_line' id='line_1_101' title="bbox 2059 4121 3654 4193; baseline 0.001 -17"><span class='ocrx_word' id='word_1_726' title='bbox 2059 4121 2199 4193; x_wconf 91' lang='lat' dir='ltr'><strong>quit,</strong></span> <span class='ocrx_word' id='word_1_727' title='bbox 2235 4123 2329 4193; x_wconf 89' lang='lat' dir='ltr'><strong>qui</strong></span> <span class='ocrx_word' id='word_1_728' title='bbox 2376 4123 2467 4176; x_wconf 83' lang='lat' dir='ltr'><strong>lux</strong></span> <span class='ocrx_word' id='word_1_729' title='bbox 2517 4128 2573 4177; x_wconf 89' lang='lat' dir='ltr'><strong>et</strong></span> <span class='ocrx_word' id='word_1_730' title='bbox 2619 4121 2814 4176; x_wconf 91' lang='lat' dir='ltr'><strong>oculus</strong></span> <span class='ocrx_word' id='word_1_731' title='bbox 2861 4136 2987 4176; x_wconf 89' lang='lat' dir='ltr'><strong>esse</strong></span> <span class='ocrx_word' id='word_1_732' title='bbox 3022 4121 3238 4175; x_wconf 89' lang='lat' dir='ltr'><strong>videtur</strong></span> <span class='ocrx_word' id='word_1_733' title='bbox 3271 4122 3517 4175; x_wconf 90' lang='lat' dir='ltr'><strong>omnium</strong></span> <span class='ocrx_word' id='word_1_734' title='bbox 3560 4123 3654 4192; x_wconf 91' lang='lat' dir='ltr'><strong>qui</strong></span> 
     </span>
    </p>
   </div>
   <div class='ocr_carea' id='block_1_102' title="bbox 2060 4214 3652 4286">
    <p class='ocr_par' dir='ltr' id='par_1_102' title="bbox 2060 4214 3652 4286">
     <span class='ocr_line' id='line_1_102' title="bbox 2060 4214 3652 4286; baseline -0.001 -14"><span class='ocrx_word' id='word_1_735' title='bbox 2060 4216 2163 4272; x_wconf 90' lang='lat' dir='ltr'><strong>sub</strong></span> <span class='ocrx_word' id='word_1_736' title='bbox 2213 4232 2376 4270; x_wconf 90' lang='lat' dir='ltr'><strong>manu</strong></span> <span class='ocrx_word' id='word_1_737' title='bbox 2410 4216 2531 4285; x_wconf 90' lang='lat' dir='ltr'><strong>ejus</strong></span> <span class='ocrx_word' id='word_1_738' title='bbox 2567 4222 2716 4282; x_wconf 89' lang='lat' dir='ltr'><strong>sunt,</strong></span> <span class='ocrx_word' id='word_1_739' title='bbox 2745 4214 2799 4268; x_wconf 92' lang='lat' dir='ltr'><strong>in</strong></span> <span class='ocrx_word' id='word_1_740' title='bbox 2839 4215 3084 4270; x_wconf 84' lang='lat' dir='ltr'><strong>tenebris</strong></span> <span class='ocrx_word' id='word_1_741' title='bbox 3116 4215 3382 4278; x_wconf 89' lang='lat' dir='ltr'><strong>ambulat,</strong></span> <span class='ocrx_word' id='word_1_742' title='bbox 3424 4214 3529 4269; x_wconf 91' lang='lat' dir='ltr'><strong>istc</strong></span> <span class='ocrx_word' id='word_1_743' title='bbox 3559 4216 3652 4286; x_wconf 90' lang='lat' dir='ltr'><strong>qui</strong></span> 
     </span>
    </p>
   </div>
   <div class='ocr_carea' id='block_1_103' title="bbox 2060 4309 3655 4383">
    <p class='ocr_par' dir='ltr' id='par_1_103' title="bbox 2060 4309 3655 4383">
     <span class='ocr_line' id='line_1_103' title="bbox 2060 4309 3655 4383; baseline 0.003 -20"><span class='ocrx_word' id='word_1_744' title='bbox 2060 4323 2279 4378; x_wconf 88' lang='lat' dir='ltr'><strong>semper</strong></span> <span class='ocrx_word' id='word_1_745' title='bbox 2311 4309 2477 4365; x_wconf 89' lang='lat' dir='ltr'><strong>malis</strong></span> <span class='ocrx_word' id='word_1_746' title='bbox 2515 4317 2600 4364; x_wconf 90' lang='lat' dir='ltr'><strong>est</strong></span> <span class='ocrx_word' id='word_1_747' title='bbox 2643 4310 2939 4368; x_wconf 87' lang='lat' dir='ltr'><strong>obvolutus</strong></span> <span class='ocrx_word' id='word_1_748' title='bbox 2978 4311 3217 4383; x_wconf 90' lang='lat' dir='ltr'><strong>populus</strong></span> <span class='ocrx_word' id='word_1_749' title='bbox 3242 4320 3447 4381; x_wconf 90' lang='lat' dir='ltr'><strong>quanto</strong></span> <span class='ocrx_word' id='word_1_750' title='bbox 3479 4315 3655 4383; x_wconf 86' lang='lat' dir='ltr'><strong>magis</strong></span> 
     </span>
    </p>
   </div>
   <div class='ocr_carea' id='block_1_104' title="bbox 2061 4401 2765 4456">
    <p class='ocr_par' dir='ltr' id='par_1_104' title="bbox 2061 4401 2765 4456">
     <span class='ocr_line' id='line_1_104' title="bbox 2061 4401 2765 4456; baseline 0.001 -2"><span class='ocrx_word' id='word_1_751' title='bbox 2061 4416 2092 4454; x_wconf 86' lang='lat' dir='ltr'><strong>a</strong></span> <span class='ocrx_word' id='word_1_752' title='bbox 2124 4401 2334 4456; x_wconf 81' lang='lat' dir='ltr'><strong>malitia</strong></span> <span class='ocrx_word' id='word_1_753' title='bbox 2363 4401 2765 4456; x_wconf 88' lang='lat' dir='ltr'><strong>dominabitur.</strong></span> 
     </span>
    </p>
   </div>
   <div class='ocr_carea' id='block_1_105' title="bbox 2060 4492 3532 4565">
    <p class='ocr_par' dir='ltr' id='par_1_105' title="bbox 2060 4492 3532 4565">
     <span class='ocr_line' id='line_1_105' title="bbox 2060 4492 3532 4565; baseline 0.004 -20"><span class='ocrx_word' id='word_1_754' title='bbox 2060 4492 2125 4546; x_wconf 70' lang='lat'><strong>2|</strong></span> <span class='ocrx_word' id='word_1_755' title='bbox 2174 4492 2318 4561; x_wconf 80' lang='lat' dir='ltr'><strong>Opus</strong></span> <span class='ocrx_word' id='word_1_756' title='bbox 2341 4494 2452 4548; x_wconf 81' lang='lat' dir='ltr'><strong>sine</strong></span> <span class='ocrx_word' id='word_1_757' title='bbox 2481 4493 2632 4548; x_wconf 82' lang='lat' dir='ltr'><strong>verba</strong></span> <span class='ocrx_word' id='word_1_758' title='bbox 2653 4503 2874 4564; x_wconf 76' lang='lat' dir='ltr'><strong>prwslat</strong></span> <span class='ocrx_word' id='word_1_759' title='bbox 2914 4496 3065 4549; x_wconf 76' lang='lat' dir='ltr'><strong>verbo</strong></span> <span class='ocrx_word' id='word_1_760' title='bbox 3089 4496 3200 4550; x_wconf 86' lang='lat' dir='ltr'><strong>sine</strong></span> <span class='ocrx_word' id='word_1_761' title='bbox 3224 4512 3396 4565; x_wconf 83' lang='lat' dir='ltr'><strong>opere,</strong></span> <span class='ocrx_word' id='word_1_762' title='bbox 3426 4505 3532 4551; x_wconf 88' lang='lat' dir='ltr'><strong>etc.</strong></span> 
     </span>
    </p>
   </div>
   <div class='ocr_carea' id='block_1_106' title="bbox 2134 4577 3651 4665">
    <p class='ocr_par' dir='ltr' id='par_1_106' title="bbox 2134 4577 3651 4665">
     <span class='ocr_line' id='line_1_106' title="bbox 2134 4577 3651 4665; baseline 0.003 -27"><span class='ocrx_word' id='word_1_763' title='bbox 2134 4584 2601 4651; x_wconf 81' lang='lat' dir='ltr'><strong>Pnlclierrimum,</strong></span> <span class='ocrx_word' id='word_1_764' title='bbox 2658 4577 2839 4665; x_wconf 75' lang='lat' dir='ltr'><strong>inquit</strong></span> <span class='ocrx_word' id='word_1_765' title='bbox 2891 4586 3111 4642; x_wconf 84' lang='lat' dir='ltr'><strong>divinus</strong></span> <span class='ocrx_word' id='word_1_766' title='bbox 3143 4598 3190 4640; x_wconf 78' lang='lat' dir='ltr'><strong>rt</strong></span> <span class='ocrx_word' id='word_1_767' title='bbox 3234 4589 3433 4657; x_wconf 87' lang='lat' dir='ltr'><strong>dignus</strong></span> <span class='ocrx_word' id='word_1_768' title='bbox 3481 4598 3651 4650; x_wconf 88' lang='lat' dir='ltr'><strong>vates.</strong></span> 
     </span>
    </p>
   </div>
   <div class='ocr_carea' id='block_1_107' title="bbox 2064 4677 3653 4752">
    <p class='ocr_par' dir='ltr' id='par_1_107' title="bbox 2064 4677 3653 4752">
     <span class='ocr_line' id='line_1_107' title="bbox 2064 4677 3653 4752; baseline 0.002 -20"><span class='ocrx_word' id='word_1_769' title='bbox 2064 4686 2118 4732; x_wconf 89' lang='lat' dir='ltr'><strong>et</strong></span> <span class='ocrx_word' id='word_1_770' title='bbox 2152 4677 2320 4732; x_wconf 88' lang='lat' dir='ltr'><strong>verbo</strong></span> <span class='ocrx_word' id='word_1_771' title='bbox 2350 4687 2405 4732; x_wconf 91' lang='lat' dir='ltr'><strong>et</strong></span> <span class='ocrx_word' id='word_1_772' title='bbox 2444 4678 2554 4733; x_wconf 86' lang='lat' dir='ltr'><strong>vita</strong></span> <span class='ocrx_word' id='word_1_773' title='bbox 2603 4678 2841 4749; x_wconf 90' lang='lat' dir='ltr'><strong>primum</strong></span> <span class='ocrx_word' id='word_1_774' title='bbox 2890 4679 3201 4749; x_wconf 73' lang='lat' dir='ltr'><strong>prmcellerc</strong></span> <span class='ocrx_word' id='word_1_775' title='bbox 3248 4695 3371 4736; x_wconf 87' lang='lat' dir='ltr'><strong>eum</strong></span> <span class='ocrx_word' id='word_1_776' title='bbox 3418 4681 3511 4752; x_wconf 91' lang='lat' dir='ltr'><strong>qui</strong></span> <span class='ocrx_word' id='word_1_777' title='bbox 3547 4679 3653 4736; x_wconf 86' lang='lat' dir='ltr'><strong>Ec-</strong></span> 
     </span>
    </p>
   </div>
   <div class='ocr_carea' id='block_1_108' title="bbox 2064 4767 3654 4840">
    <p class='ocr_par' dir='ltr' id='par_1_108' title="bbox 2064 4767 3654 4840">
     <span class='ocr_line' id='line_1_108' title="bbox 2064 4767 3654 4840; baseline 0.004 -18"><span class='ocrx_word' id='word_1_778' title='bbox 2064 4767 2248 4824; x_wconf 84' lang='lat' dir='ltr'><strong>clesiae</strong></span> <span class='ocrx_word' id='word_1_779' title='bbox 2280 4768 2444 4839; x_wconf 81' lang='lat' dir='ltr'><strong>digne</strong></span> <span class='ocrx_word' id='word_1_780' title='bbox 2483 4769 2601 4822; x_wconf 90' lang='lat' dir='ltr'><strong>vult</strong></span> <span class='ocrx_word' id='word_1_781' title='bbox 2648 4785 2919 4840; x_wconf 64' lang='lat' dir='ltr'><strong>praeesse;</strong></span> <span class='ocrx_word' id='word_1_782' title='bbox 2970 4770 3064 4826; x_wconf 89' lang='lat' dir='ltr'><strong>sed</strong></span> <span class='ocrx_word' id='word_1_783' title='bbox 3102 4770 3272 4825; x_wconf 89' lang='lat' dir='ltr'><strong>altero</strong></span> <span class='ocrx_word' id='word_1_784' title='bbox 3319 4771 3516 4826; x_wconf 90' lang='lat' dir='ltr'><strong>borum</strong></span> <span class='ocrx_word' id='word_1_785' title='bbox 3559 4789 3654 4828; x_wconf 84' lang='lat' dir='ltr'><strong>ca-</strong></span> 
     </span>
    </p>
   </div>
   <div class='ocr_carea' id='block_1_109' title="bbox 2061 4858 3651 4933">
    <p class='ocr_par' dir='ltr' id='par_1_109' title="bbox 2061 4858 3651 4933">
     <span class='ocr_line' id='line_1_109' title="bbox 2061 4858 3651 4933; baseline 0.004 -21"><span class='ocrx_word' id='word_1_786' title='bbox 2061 4870 2271 4913; x_wconf 87' lang='lat' dir='ltr'><strong>rentem</strong></span> <span class='ocrx_word' id='word_1_787' title='bbox 2305 4858 2502 4914; x_wconf 91' lang='lat' dir='ltr'><strong>melius</strong></span> <span class='ocrx_word' id='word_1_788' title='bbox 2547 4869 2696 4916; x_wconf 81' lang='lat' dir='ltr'><strong>esset</strong></span> <span class='ocrx_word' id='word_1_789' title='bbox 2727 4867 2781 4915; x_wconf 90' lang='lat' dir='ltr'><strong>et</strong></span> <span class='ocrx_word' id='word_1_790' title='bbox 2813 4861 3008 4916; x_wconf 89' lang='lat' dir='ltr'><strong>utilius</strong></span> <span class='ocrx_word' id='word_1_791' title='bbox 3043 4876 3142 4932; x_wconf 87' lang='lat' dir='ltr'><strong>per</strong></span> <span class='ocrx_word' id='word_1_792' title='bbox 3181 4862 3400 4917; x_wconf 91' lang='lat' dir='ltr'><strong>virtutis</strong></span> <span class='ocrx_word' id='word_1_793' title='bbox 3439 4864 3651 4933; x_wconf 79' lang='lat' dir='ltr'><strong>praxim</strong></span> 
     </span>
    </p>
   </div>
   <div class='ocr_carea' id='block_1_110' title="bbox 2059 4950 3653 5023">
    <p class='ocr_par' dir='ltr' id='par_1_110' title="bbox 2059 4950 3653 5023">
     <span class='ocr_line' id='line_1_110' title="bbox 2059 4950 3653 5023; baseline 0.004 -19"><span class='ocrx_word' id='word_1_794' title='bbox 2059 4957 2116 5004; x_wconf 91' lang='lat' dir='ltr'><strong>et</strong></span> <span class='ocrx_word' id='word_1_795' title='bbox 2139 4951 2328 5016; x_wconf 80' lang='lat' dir='ltr'><strong>vitam,</strong></span> <span class='ocrx_word' id='word_1_796' title='bbox 2358 4965 2484 5004; x_wconf 89' lang='lat' dir='ltr'><strong>cum</strong></span> <span class='ocrx_word' id='word_1_797' title='bbox 2531 4950 2844 5022; x_wconf 83' lang='lat' dir='ltr'><strong>ignorantia</strong></span> <span class='ocrx_word' id='word_1_798' title='bbox 2876 4959 2932 5008; x_wconf 90' lang='lat' dir='ltr'><strong>et</strong></span> <span class='ocrx_word' id='word_1_799' title='bbox 2971 4953 3121 5008; x_wconf 81' lang='lat' dir='ltr'><strong>verbi</strong></span> <span class='ocrx_word' id='word_1_800' title='bbox 3158 4953 3520 5023; x_wconf 87' lang='lat' dir='ltr'><strong>incapacitatc</strong></span> <span class='ocrx_word' id='word_1_801' title='bbox 3558 4970 3653 5010; x_wconf 84' lang='lat' dir='ltr'><strong>no-</strong></span> 
     </span>
    </p>
   </div>
   <div class='ocr_carea' id='block_1_111' title="bbox 2060 5040 3652 5116">
    <p class='ocr_par' dir='ltr' id='par_1_111' title="bbox 2060 5040 3652 5116">
     <span class='ocr_line' id='line_1_111' title="bbox 2060 5040 3652 5116; baseline 0.005 -21"><span class='ocrx_word' id='word_1_802' title='bbox 2060 5056 2184 5096; x_wconf 89' lang='lat' dir='ltr'><strong>men</strong></span> <span class='ocrx_word' id='word_1_803' title='bbox 2219 5040 2421 5096; x_wconf 89' lang='lat' dir='ltr'><strong>habere</strong></span> <span class='ocrx_word' id='word_1_804' title='bbox 2453 5041 2658 5097; x_wconf 90' lang='lat' dir='ltr'><strong>bonum</strong></span> <span class='ocrx_word' id='word_1_805' title='bbox 2689 5059 2854 5114; x_wconf 90' lang='lat' dir='ltr'><strong>quam</strong></span> <span class='ocrx_word' id='word_1_806' title='bbox 2903 5059 3154 5101; x_wconf 87' lang='lat' dir='ltr'><strong>sermone</strong></span> <span class='ocrx_word' id='word_1_807' title='bbox 3193 5045 3432 5116; x_wconf 86' lang='lat' dir='ltr'><strong>eleganti</strong></span> <span class='ocrx_word' id='word_1_808' title='bbox 3481 5057 3536 5102; x_wconf 87' lang='lat' dir='ltr'><strong>ct</strong></span> <span class='ocrx_word' id='word_1_809' title='bbox 3566 5048 3652 5103; x_wconf 85' lang='lat' dir='ltr'><strong>in-</strong></span> 
     </span>
    </p>
   </div>
   <div class='ocr_carea' id='block_1_112' title="bbox 2060 5133 3652 5212">
    <p class='ocr_par' dir='ltr' id='par_1_112' title="bbox 2060 5133 3652 5212">
     <span class='ocr_line' id='line_1_112' title="bbox 2060 5133 3652 5212; baseline 0.005 -25"><span class='ocrx_word' id='word_1_810' title='bbox 2060 5133 2344 5189; x_wconf 76' lang='lat' dir='ltr'><strong>fructuoso</strong></span> <span class='ocrx_word' id='word_1_811' title='bbox 2390 5143 2445 5191; x_wconf 88' lang='lat' dir='ltr'><strong>et</strong></span> <span class='ocrx_word' id='word_1_812' title='bbox 2495 5134 2758 5192; x_wconf 75' lang='lat' dir='ltr'><strong>inefﬁcaci</strong></span> <span class='ocrx_word' id='word_1_813' title='bbox 2813 5145 3060 5193; x_wconf 89' lang='lat' dir='ltr'><strong>utentem</strong></span> <span class='ocrx_word' id='word_1_814' title='bbox 3126 5139 3354 5208; x_wconf 90' lang='lat' dir='ltr'><strong>grandia</strong></span> <span class='ocrx_word' id='word_1_815' title='bbox 3407 5141 3557 5212; x_wconf 91' lang='lat' dir='ltr'><strong>loqui</strong></span> <span class='ocrx_word' id='word_1_816' title='bbox 3596 5149 3652 5198; x_wconf 87' lang='lat' dir='ltr'><strong>et</strong></span> 
     </span>
    </p>
   </div>
   <div class='ocr_carea' id='block_1_113' title="bbox 2053 5225 3654 5299">
    <p class='ocr_par' dir='ltr' id='par_1_113' title="bbox 2053 5225 3654 5299">
     <span class='ocr_line' id='line_1_113' title="bbox 2053 5225 3654 5299; baseline 0.007 -21"><span class='ocrx_word' id='word_1_817' title='bbox 2053 5225 2194 5281; x_wconf 89' lang='lat' dir='ltr'><strong>alios</strong></span> <span class='ocrx_word' id='word_1_818' title='bbox 2240 5225 2529 5281; x_wconf 88' lang='lat' dir='ltr'><strong>docturum</strong></span> <span class='ocrx_word' id='word_1_819' title='bbox 2570 5243 2632 5282; x_wconf 90' lang='lat' dir='ltr'><strong>se</strong></span> <span class='ocrx_word' id='word_1_820' title='bbox 2669 5227 2808 5282; x_wconf 81' lang='lat' dir='ltr'><strong>dare</strong></span> <span class='ocrx_word' id='word_1_821' title='bbox 2860 5245 2923 5283; x_wconf 90' lang='lat' dir='ltr'><strong>ea</strong></span> <span class='ocrx_word' id='word_1_822' title='bbox 2962 5245 3085 5299; x_wconf 69' lang='lat' dir='ltr'><strong>qua:</strong></span> <span class='ocrx_word' id='word_1_823' title='bbox 3127 5245 3238 5286; x_wconf 92' lang='lat' dir='ltr'><strong>non</strong></span> <span class='ocrx_word' id='word_1_824' title='bbox 3282 5231 3412 5288; x_wconf 77' lang='lat' dir='ltr'><strong>fecit</strong></span> <span class='ocrx_word' id='word_1_825' title='bbox 3458 5233 3654 5289; x_wconf 89' lang='lat' dir='ltr'><strong>doctor</strong></span> 
     </span>
    </p>
   </div>
   <div class='ocr_carea' id='block_1_114' title="bbox 2053 5317 3650 5392">
    <p class='ocr_par' dir='ltr' id='par_1_114' title="bbox 2053 5317 3650 5392">
     <span class='ocr_line' id='line_1_114' title="bbox 2053 5317 3650 5392; baseline 0.004 -20"><span class='ocrx_word' id='word_1_826' title='bbox 2053 5317 2181 5374; x_wconf 90' lang='lat' dir='ltr'><strong>iste.</strong></span> <span class='ocrx_word' id='word_1_827' title='bbox 2211 5317 2361 5375; x_wconf 86' lang='lat' dir='ltr'><strong>Cur?</strong></span> <span class='ocrx_word' id='word_1_828' title='bbox 2394 5319 2536 5386; x_wconf 87' lang='lat' dir='ltr'><strong>Quia</strong></span> <span class='ocrx_word' id='word_1_829' title='bbox 2571 5320 2694 5376; x_wconf 90' lang='lat' dir='ltr'><strong>sine</strong></span> <span class='ocrx_word' id='word_1_830' title='bbox 2723 5322 2835 5374; x_wconf 87' lang='lat' dir='ltr'><strong>vita</strong></span> <span class='ocrx_word' id='word_1_831' title='bbox 2867 5337 2990 5392; x_wconf 85' lang='lat' dir='ltr'><strong>quae</strong></span> <span class='ocrx_word' id='word_1_832' title='bbox 3022 5333 3108 5377; x_wconf 86' lang='lat' dir='ltr'><strong>est</strong></span> <span class='ocrx_word' id='word_1_833' title='bbox 3141 5323 3446 5380; x_wconf 86' lang='lat' dir='ltr'><strong>secundum</strong></span> <span class='ocrx_word' id='word_1_834' title='bbox 3492 5340 3650 5379; x_wconf 91' lang='lat' dir='ltr'><strong>man-</strong></span> 
     </span>
    </p>
   </div>
   <div class='ocr_carea' id='block_1_115' title="bbox 2052 5409 3644 5483">
    <p class='ocr_par' dir='ltr' id='par_1_115' title="bbox 2052 5409 3644 5483">
     <span class='ocr_line' id='line_1_115' title="bbox 2052 5409 3644 5483; baseline 0.003 -18"><span class='ocrx_word' id='word_1_835' title='bbox 2052 5409 2306 5467; x_wconf 89' lang='lat' dir='ltr'><strong>datorum</strong></span> <span class='ocrx_word' id='word_1_836' title='bbox 2329 5421 2384 5467; x_wconf 93' lang='lat' dir='ltr'><strong>et</strong></span> <span class='ocrx_word' id='word_1_837' title='bbox 2408 5412 2628 5467; x_wconf 88' lang='lat' dir='ltr'><strong>virtutis</strong></span> <span class='ocrx_word' id='word_1_838' title='bbox 2661 5413 2871 5482; x_wconf 84' lang='lat' dir='ltr'><strong>praxim</strong></span> <span class='ocrx_word' id='word_1_839' title='bbox 2893 5429 3054 5470; x_wconf 89' lang='lat' dir='ltr'><strong>nemo</strong></span> <span class='ocrx_word' id='word_1_840' title='bbox 3085 5429 3114 5468; x_wconf 91' lang='lat' dir='ltr'><strong>a</strong></span> <span class='ocrx_word' id='word_1_841' title='bbox 3138 5415 3340 5470; x_wconf 65' lang='lat' dir='ltr'><strong>saaculo</strong></span> <span class='ocrx_word' id='word_1_842' title='bbox 3368 5431 3644 5483; x_wconf 78' lang='lat' dir='ltr'><strong>summus,</strong></span> 
     </span>
    </p>
   </div>
   <div class='ocr_carea' id='block_1_116' title="bbox 2054 5504 3648 5578">
    <p class='ocr_par' dir='ltr' id='par_1_116' title="bbox 2054 5504 3648 5578">
     <span class='ocr_line' id='line_1_116' title="bbox 2054 5504 3648 5578; baseline 0.004 -21"><span class='ocrx_word' id='word_1_843' title='bbox 2054 5518 2218 5558; x_wconf 90' lang='lat' dir='ltr'><strong>nemo</strong></span> <span class='ocrx_word' id='word_1_844' title='bbox 2236 5505 2632 5575; x_wconf 81' lang='lat' dir='ltr'><strong>gloriﬁcabitur</strong></span> <span class='ocrx_word' id='word_1_845' title='bbox 2660 5505 2818 5575; x_wconf 89' lang='lat' dir='ltr'><strong>quasi</strong></span> <span class='ocrx_word' id='word_1_846' title='bbox 2844 5504 3074 5561; x_wconf 90' lang='lat' dir='ltr'><strong>Domino</strong></span> <span class='ocrx_word' id='word_1_847' title='bbox 3099 5508 3381 5578; x_wconf 83' lang='lat' dir='ltr'><strong>proximus</strong></span> <span class='ocrx_word' id='word_1_848' title='bbox 3410 5516 3463 5561; x_wconf 90' lang='lat' dir='ltr'><strong>et</strong></span> <span class='ocrx_word' id='word_1_849' title='bbox 3491 5522 3648 5564; x_wconf 88' lang='lat' dir='ltr'><strong>sano-</strong></span> 
     </span>
    </p>
   </div>
   <div class='ocr_carea' id='block_1_117' title="bbox 2058 5593 3635 5670">
    <p class='ocr_par' dir='ltr' id='par_1_117' title="bbox 2058 5593 3635 5670">
     <span class='ocr_line' id='line_1_117' title="bbox 2058 5593 3635 5670; baseline 0.004 -20"><span class='ocrx_word' id='word_1_850' title='bbox 2058 5595 2324 5663; x_wconf 84' lang='lat' dir='ltr'><strong>tiﬁcatus,</strong></span> <span class='ocrx_word' id='word_1_851' title='bbox 2363 5597 2493 5652; x_wconf 87' lang='lat' dir='ltr'><strong>dum</strong></span> <span class='ocrx_word' id='word_1_852' title='bbox 2525 5597 2646 5653; x_wconf 89' lang='lat' dir='ltr'><strong>sine</strong></span> <span class='ocrx_word' id='word_1_853' title='bbox 2687 5612 2942 5654; x_wconf 87' lang='lat' dir='ltr'><strong>sermone</strong></span> <span class='ocrx_word' id='word_1_854' title='bbox 2995 5597 3285 5670; x_wconf 82' lang='lat' dir='ltr'><strong>magniﬁco</strong></span> <span class='ocrx_word' id='word_1_855' title='bbox 3311 5604 3365 5652; x_wconf 81' lang='lat' dir='ltr'><strong>et</strong></span> <span class='ocrx_word' id='word_1_856' title='bbox 3410 5593 3635 5657; x_wconf 84' lang='lat' dir='ltr'><strong>auribus</strong></span> 
     </span>
    </p>
   </div>
   <div class='ocr_carea' id='block_1_118' title="bbox 434 5836 3054 5918">
    <p class='ocr_par' dir='ltr' id='par_1_118' title="bbox 434 5836 3054 5918">
     <span class='ocr_line' id='line_1_118' title="bbox 434 5836 3054 5918; baseline -0.004 -13"><span class='ocrx_word' id='word_1_857' title='bbox 434 5836 547 5918; x_wconf 67' lang='grc'>(88)</span> <span class='ocrx_word' id='word_1_858' title='bbox 590 5846 702 5904; x_wconf 84' lang='lat' dir='ltr'><strong>llos</strong></span> <span class='ocrx_word' id='word_1_859' title='bbox 731 5836 925 5904; x_wconf 63' lang='lat' dir='ltr'><strong>vci&#39;s&#39;us</strong></span> <span class='ocrx_word' id='word_1_860' title='bbox 965 5845 1149 5900; x_wconf 83' lang='lat' dir='ltr'><strong>laudat</strong></span> <span class='ocrx_word' id='word_1_861' title='bbox 1183 5841 1422 5900; x_wconf 82' lang='lat' dir='ltr'><strong>Joannes</strong></span> <span class='ocrx_word' id='word_1_862' title='bbox 1467 5841 1662 5912; x_wconf 73' lang='lat' dir='ltr'><strong>Georg.</strong></span> <span class='ocrx_word' id='word_1_863' title='bbox 1706 5839 1762 5898; x_wconf 88' lang='lat' dir='ltr'><strong>in</strong></span> <span class='ocrx_word' id='word_1_864' title='bbox 1798 5836 2041 5897; x_wconf 82' lang='lat' dir='ltr'><strong>Gnomol.</strong></span> <span class='ocrx_word' id='word_1_865' title='bbox 2081 5839 2141 5896; x_wconf 72' lang='grc' dir='ltr'>ν.</span> <span class='ocrx_word' id='word_1_866' title='bbox 2177 5839 2372 5897; x_wconf 73' lang='grc' dir='ltr'>Ληεςιι.</span> <span class='ocrx_word' id='word_1_867' title='bbox 2416 5839 2501 5896; x_wconf 79' lang='lat' dir='ltr'><strong>Gr.</strong></span> <span class='ocrx_word' id='word_1_868' title='bbox 2538 5837 2863 5897; x_wconf 67' lang='lat' dir='ltr'><strong>Boissonadi</strong></span> <span class='ocrx_word' id='word_1_869' title='bbox 2891 5839 2933 5915; x_wconf 77' lang='lat' dir='ltr'><strong>l,</strong></span> <span class='ocrx_word' id='word_1_870' title='bbox 2971 5839 3054 5895; x_wconf 78' lang='grc' dir='ltr'>ιι.</span> 
     </span>
    </p>
   </div>
  </div>
