4082 6398
1562 160 1609 172 bro.

460 290 569 348 795

454 413 706 469 suaviter
753 418 810 467 et
862 406 1143 464 modulate
1192 402 1415 462 sonanti
1471 409 1790 460 sanctorum
1837 402 2052 459 inﬁnita

453 504 631 559 millia
655 501 1012 558 celebrantur
1033 506 1088 555 et
1110 497 1576 561 celebrabuntur;
1606 511 1719 551 non
1742 494 1890 551 enim
1913 495 2053 552 bene

456 595 806 665 loquentium
847 598 904 646 et
930 590 1246 646 elocutione
1283 594 1505 657 compta
1534 584 2052 642 commendatorum

463 688 680 741 lit-mata
707 690 795 740 est
824 679 1123 754 gratia,sed
1160 688 1352 736 sancte
1376 689 1432 735 et
1457 679 1546 751 pie
1570 679 1894 735 viventium.

464 862 535 918 2'5
574 859 784 915 Donum
807 857 915 913 Deo
936 857 1192 927 optimum
1220 864 1344 910 sunt
1376 870 1568 910 mores.

536 953 675 1009 Cum
719 950 942 1022 quidam
997 965 1150 1006 more
1193 956 1421 1004 utantur
1470 950 1684 1019 impuro
1724 956 1779 1002 et
1824 947 2052 1014 lascivo,

467 1044 783 1113 diuitesque
807 1041 1175 1098 substantiam
1211 1041 1378 1111 hujus
1408 1041 1599 1096 mundi
1640 1041 1820 1096 sortiti
1854 1056 1950 1111 per
1971 1040 2058 1095 hi-

469 1137 638 1192 larem
667 1122 941 1190 bonorum
976 1133 1330 1189 donationem
1371 1131 1465 1187 Dei
1499 1148 1726 1204 regnum
1764 1148 1946 1189 emere
1973 1147 2059 1188 ar-

469 1230 783 1292 bitrentur;
822 1226 892 1282 ad
922 1226 1067 1281 hanc
1103 1225 1348 1296 ipsorum
1389 1223 1779 1280 conﬁdentiam
1809 1224 2055 1279 divinum

469 1317 698 1373 verbum
732 1316 985 1388 exponit,
1026 1315 1233 1371 donum
1280 1330 1407 1372 esse
1457 1313 1570 1371 Deo
1619 1316 1908 1386 optimum,
1942 1330 2060 1386 gra-

468 1418 583 1464 tum
614 1416 670 1465 et
698 1408 1302 1479 acceptabile,morem,
1342 1404 1399 1461 id
1435 1413 1547 1470 est,
1579 1406 1747 1460 animi
1778 1404 2059 1461 rectitudi—

468 1516 592 1556 nem
632 1509 688 1558 et
714 1499 1068 1565 munditiam,
1113 1499 1210 1556 sed
1242 1512 1353 1553 non
1381 1497 1654 1554 bonorum
1691 1498 2058 1554 substantiam

466 1600 523 1648 et
545 1593 895 1648 terrestrium
919 1588 1475 1659 corruptibiliumque
1497 1588 1867 1644 collationem.
1885 1587 2060 1642 Parva

463 1684 615 1741 enim
647 1683 765 1738 ha-c
797 1692 852 1738 et
880 1679 1186 1751 Maiestatis
1218 1678 1435 1735 Excelsi
1467 1677 1714 1749 indigna,
1747 1679 1874 1748 quia
1903 1679 1950 1735 si
1975 1679 2058 1734 vel

469 1775 659 1831 omnia
691 1789 814 1846 qure
859 1772 1034 1844 gignit
1072 1781 1240 1838 terra,
1275 1787 1340 1827 ex
1369 1769 1931 1843 hypothesi,Domino
1968 1771 2061 1826 al:-

469 1863 713 1929 tuleris,
778 1862 915 1916 nihil
975 1860 1359 1932 magnitudine
1413 1860 1643 1930 dignum
1704 1859 2057 1930 porrexeris;

469 1960 672 2008 cuncta
704 1951 849 2006 enim
884 1950 1060 2021 ipsius
1088 1957 1219 2005 sunt
1241 1958 1295 2004 et
1321 1956 1583 2017 tanquam
1621 1945 1850 2002 nihilum
1873 1961 2058 2001 coram

471 2045 569 2100 illo
599 2043 880 2099 evidenter
902 2051 1294 2113 computantur
1325 2061 1336 2096 :
1364 2042 1517 2097 illum
1543 2054 1674 2110 ergo
1702 2036 1939 2095 fructum
1973 2038 2060 2094 af-

471 2135 618 2191 ferre
646 2134 895 2205 dignum,
936 2150 1100 2205 quem
1135 2142 1190 2189 et
1224 2148 1431 2204 pauper
1476 2138 1531 2188 ct
1578 2130 1714 2185 nihil
1745 2130 1955 2187 habens
1993 2129 2063 2186 de

468 2225 579 2280 hoc
612 2222 816 2279 mundo
859 2223 1067 2280 donare
1109 2230 1313 2294 potest,
1350 2220 1587 2284 scilicet,
1614 2219 1774 2275 ﬁdem
1802 2236 1898 2292 per
1932 2219 2064 2276 cha-

472 2315 691 2371 ritatem
736 2323 1003 2386 agentem,
1024 2322 1261 2385 quamet
1291 2331 1320 2371 a
1359 2311 1624 2368 divitibus
1677 2308 1822 2366 Deus
1879 2309 2063 2367 offerri

472 2406 689 2476 quaerit.
719 2405 785 2459 Et
813 2405 944 2477 quid
980 2405 1256 2478 signiﬁcat
1286 2404 1420 2460 illud
1451 2421 1466 2459 :

471 2497 544 2552 26
582 2494 877 2551 Mercedem
906 2496 1196 2552 meretricis
1225 2504 1406 2549 castus
1431 2511 1534 2549 non
1558 2494 1786 2569 dividit?

490 2649 503 2655 _
545 2584 740 2642 Omnis
773 2586 959 2642 anima
986 2586 1224 2658 seipsam
1256 2583 1477 2640 diabolo
1509 2593 1564 2641 et
1590 2584 1796 2640 mundo
1823 2598 1919 2655 per
1938 2597 2066 2638 car-

458 2676 630 2746 nales
665 2688 722 2733 et
761 2677 1061 2734 indomitas
1105 2677 1587 2748 concupiscentias
1629 2676 1853 2733 tradens
1893 2683 1948 2732 et
1998 2674 2068 2730 de

474 2766 834 2824 facultatibus
859 2781 984 2838 qua
1026 2767 1084 2821 in
1120 2772 1395 2837 potestate
1425 2767 1547 2837 ejus
1581 2775 1712 2822 sunt
1748 2775 1902 2822 casto
1935 2764 2069 2822 oﬁ‘e-

476 2874 605 2914 rens
639 2857 887 2923 Christo,
931 2857 1075 2912 dona
1121 2846 1534 2928 prosﬁtutionis
1572 2858 1749 2929 ipsius
1783 2858 2068 2914 mercedes

479 2948 730 3019 porrigit,
762 2947 1264 3017 ahozninabiliaque
1297 2948 1546 3004 immolat
1584 2956 1640 3004 et
1677 2948 1788 3004 Deo
1817 2949 2065 3005 odibilia.

480 3128 549 3181 29
592 3126 741 3197 Nihil
768 3142 999 3197 unquam
1036 3124 1163 3190 Deo,
1189 3141 1252 3178 ne
1280 3142 1502 3197 parvum
1533 3125 1744 3197 quidem
1774 3141 1957 3181 voreas
1978 3141 1999 3180 :

442 3270 447 3273 _
481 3197 551 3252 3U
591 3196 690 3252 Dei
718 3196 861 3252 enim
882 3206 960 3253 est
992 3206 1274 3267 antequam
1305 3196 1552 3266 accipiat.

558 3495 757 3552 Votum
796 3498 1000 3557 dicitur
1054 3508 1108 3557 et
1154 3500 1373 3558 vovisse
1419 3516 1529 3557 non
1580 3501 1756 3556 solum
1796 3502 1972 3557 oratio
2022 3509 2078 3555 et

483 3584 666 3655 orare,
701 3590 796 3646 sed
839 3598 894 3647 et
925 3592 1253 3664 pollicitatio
1302 3602 1359 3648 et
1409 3593 1663 3665 polliceri.
1704 3594 1911 3664 aliquid
1964 3594 2076 3653 Deo

484 3689 580 3736 aut
627 3681 862 3737 homini.
916 3683 995 3739 Ne
1035 3699 1169 3757 ergo
1202 3683 1333 3755 quid
1375 3683 1488 3741 Deo
1528 3684 1784 3741 daturum
1828 3693 1883 3742 te
1919 3686 2078 3758 polli-

485 3771 665 3828 cearis
690 3771 882 3828 vilium
913 3783 968 3831 et
997 3775 1465 3846 corruptibilium,
1490 3776 1677 3849 qu‘alia
1711 3786 1843 3832 sunt
1873 3787 2073 3835 cuncta

488 3864 542 3917 in
585 3871 768 3931 terra;
805 3863 921 3919 haac
948 3866 1093 3920 enim
1112 3866 1327 3931 omnia,
1369 3880 1493 3937 qua:
1532 3875 1722 3924 nostra
1758 3867 1958 3924 habere
1989 3868 2076 3923 vi-
2132 3872 2146 3882 '

482 3952 704 4021 demur,
738 3961 1033 4025 antequam
1058 3955 1431 4027 suscipiamus
1456 3972 1559 4014 nos
1587 3958 1657 4013 ab
1686 3957 1807 4030 ipso
1837 3964 1934 4013 aut
1962 3957 2078 4030 ipse

482 4042 756 4114 suscipiat
793 4058 824 4098 a
866 4044 1051 4111 nobis,
1101 4044 1293 4101 eodem
1344 4045 1507 4103 modo
1540 4046 1637 4102 Dei
1685 4056 1837 4114 sunt,
1886 4057 2078 4120 utpote

486 4135 871 4190 universorum
910 4137 1219 4193 conditoris
1259 4144 1314 4193 et
1353 4140 1759 4210 gubernatoris.
1792 4139 1906 4196 Cur
1945 4154 2078 4212 ergo

479 4223 717 4282 Domino
771 4243 871 4283 sua
921 4226 1184 4285 daturum
1249 4238 1302 4286 te
1358 4232 1709 4301 polliceberis
1761 4248 1929 4304 opera
1981 4240 2079 4287 aut

482 4317 668 4373 bona?
695 4318 761 4373 Et
794 4319 943 4391 quod
970 4322 1128 4391 pejus
1157 4333 1263 4389 est,
1295 4331 1351 4377 et
1392 4338 1599 4380 vovens
1624 4339 1732 4379 non
1766 4323 2074 4387 reddidisti.

490 4408 860 4467 Ecclesiasten
926 4413 1118 4469 audire
1178 4415 1463 4485 negligens
1530 4415 1829 4481 dicentem,
1877 4417 2075 4475 melius

480 4501 664 4557 fuisse
702 4516 815 4556 non
847 4503 1068 4559 vovisse
1102 4521 1268 4576 quam
1313 4515 1604 4562 voventem
1643 4522 1754 4561 non
1805 4508 2074 4578 reddere;

487 4586 619 4652 quid
648 4602 780 4656 ergo
810 4587 947 4644 facis
987 4605 1194 4648 vovens
1242 4601 1297 4648 et
1337 4609 1445 4648 non
1485 4594 1758 4651 reddens?
1800 4605 1894 4653 aut
1924 4597 2077 4655 l'ura-

483 4676 569 4730 tis
605 4690 729 4746 quas
760 4683 855 4732 tua
905 4688 1056 4747 sunt,
1111 4680 1158 4738 si
1198 4689 1381 4738 tamen
1428 4682 1745 4744 dederimus
1787 4690 1933 4760 quod
1982 4701 2075 4746 tua

483 4768 624 4834 sint,
653 4777 749 4824 ant
790 4770 1058 4843 sacrilege
1083 4774 1234 4845 rapis
1270 4790 1393 4846 qua).
1426 4786 1557 4832 sunt
1598 4776 1714 4847 Dei,
1746 4780 1890 4838 sicut
1923 4783 2074 4840 Ana-

478 4858 615 4944 ‘nias
647 4873 924 4931 seponens
950 4869 1006 4917 et
1037 4860 1331 4935 Sapphira,
1373 4876 1429 4923 et
1461 4868 1725 4927 mentitus
1756 4887 1865 4929 non
1899 4873 2077 4931 homi-

485 4950 698 5017 nibus,
743 4953 839 5008 sed
893 4952 1040 5009 Deo?
1088 4955 1155 5010 Et
1206 4956 1263 5013 in
1314 4958 1631 5031 loquendo,
1679 4977 1935 5022 sermone
1975 4982 2077 5024 suo

487 5040 725 5098 miratus
757 5050 843 5100 est
879 5042 1193 5120 Theologus
1221 5047 1388 5120 hujus
1419 5051 1586 5108 debiti
1607 5052 1999 5125 insipientiam.

564 5244 676 5323 eo.)
716 5243 909 5323 rem.

563 5315 675 5386 (90)
716 5317 879 5399 liasil.
935 5315 1106 5388 ἔστιν,
1159 5331 1214 5379 et
1266 5322 1442 5394 λέγων
1487 5323 1741 5392 κλέπτεις
1788 5344 1840 5382 τ.
1895 5343 1946 5381 σ.
1999 5326 2076 5401 μὴ

486 5382 640 5457 δοὺςᾼ
683 5386 832 5457 (διο).

563 5455 965 5536 (θξγΖυηιινυε
1001 5459 1094 5536 (oi.
1131 5462 1188 5517 li
1223 5480 1321 5536 v.7:
1346 5465 1421 5517 Τὸ
1447 5465 1554 5536 δὲ,Δ
1576 5466 1790 5521 καινοῦ
1828 5465 2068 5536 χρέους,

1836 286 2137 346 NICETAS
2179 285 2389 344 DAVIB

3630 278 3729 336 πθ

2156 401 2449 474 εὐρύθμως
2484 397 2603 461 ταῖς
2633 394 2825 458 ἀκοαῖς
2854 392 3220 465 ένηχουμένου
3268 391 3437 465 χωρὶς
3471 394 3729 465 μυριάδες

2154 494 2329 564 ἁγίων
2358 489 2726 562 ἀναρίθμητοι
2769 485 3014 556 ῦψωνται
3060 486 3156 541 καὶ
3176 474 3574 558 ’ὑψιιώησονται
3591 501 3607 517 °
3641 486 3733 542 καὶ

2156 585 2267 658 γὰρ
2288 584 2351 639 οὑ
2367 583 2475 637 τῶν
2501 579 2746 635 εὑλάλων
2764 580 2861 633 καὶ
2885 577 3242 647 εὑγλωττίαις
3259 578 3735 650 κεκομψευμέναις

2159 672 2517 746 κεχρημένων
2544 668 2882 740 καθέστηκεν
2907 670 2941 738 ἡ
2973 666 3157 739 χάρις,
3182 664 3319 724 ἀλλὰ
3340 666 3449 722 τῶν
3474 668 3736 740 ἁγιοπρε.

2164 764 2285 830 πῶς
2316 764 2413 819 καὶ⁵
2436 761 2601 826 ὁσίως
2623 759 3082 831 πολιτευομένων.

2165 852 2234 911 25
2272 851 2466 923 Δῶρον
2495 850 2619 917 Θεῷ
2653 850 2990 906 κάλλιστόν
3012 849 3188 904 ἐστιν
3216 851 3251 905 ό
3274 850 3512 919 τρόπος.

2240 943 2457 1017 Ἐπειδὴ
2500 960 2645 1008 τινες
2673 943 2772 1015 βίῳ
2813 943 2913 1014 μὲν
2941 943 3162 1012 ἀνάγνῳ
3188 939 3428 1012 χρῶνται
3456 940 3549 995 καὶ
3578 940 3739 994 ἀσελ-

2156 1036 2266 1105 γεῖ,
2322 1036 2588 1091 πλούσιοι
2630 1035 2688 1089 δὲ
2718 1035 2818 1106 τὴν
2851 1032 3086 1106 ὕπαρξιν
3111 1031 3491 1102 τυγχάνοντες,
3516 1030 3606 1085 διὰ
3639 1032 3740 1102 τῆς

2161 1125 2354 1197 ίλαρᾶς
2380 1125 2489 1180 τῶν
2517 1124 2822 1198 χρημάτων
2852 1123 3149 1186 έπιδόσεως
3179 1121 3277 1194 τὴν
3298 1121 3392 1175 τοῦ
3422 1120 3559 1175 Θεοῦ
3590 1121 3741 1192 βασι·-

2157 1214 2309 1272 λείαν
2341 1217 2710 1288 ὑπειλήφασιν
2745 1213 3030 1268 ὠνεῖσθαν
3060 1212 3197 1284 πρὸς
3215 1212 3423 1284 ταύτην
3449 1209 3741 1283 αὐτῶντὴν

2160 1306 2430 1378 ὑπόληψιν
2454 1309 2483 1362 ό
2509 1306 2655 1379 ίερδς
2681 1306 2840 1377 λόγος
2865 1303 3247 1375 ἀποφαίνεται,
3269 1302 3441 1374 δῶρον
3461 1297 3600 1356 εἶναι
3625 1301 3743 1373 Θεῷ

2159 1397 2447 1452 κάλλιστον
2471 1397 2567 1451 καὶ
2596 1396 2893 1469 εὐάρεστον
2928 1395 3025 1449 καὶ
3058 1393 3247 1447 δεκτὸν
3267 1393 3598 1464 τὸντρόπον,
3623 1393 3744 1463 ἦτοι

2159 1488 2255 1543 τοῦ
2297 1488 2392 1543 νοῦ
2423 1487 2522 1560 τὴν
2557 1485 2839 1558 εὐθύτητα
2868 1486 2962 1540 καὶ
2982 1484 3367 1557 καθαρότητα,
3396 1484 3511 1537 ἀλλ’
3542 1484 3605 1536 οὑ
3634 1483 3745 1538 τῶν

2161 1580 2463 1653 χρημάτων
2492 1579 2594 1651 τὴν
2622 1577 2944 1650 περιουσίαν
2975 1576 3072 1630 καὶ
3112 1574 3221 1629 τῶν
3244 1574 3462 1646 γεηρῶν
3493 1573 3593 1644 τὴν
3626 1572 3743 1626 έπί-

2162 1673 2310 1727 δοσιν
2341 1672 2436 1725 καὶ
2487 1669 2746 1744 φθαρτῶν
2766 1687 2780 1702 ·
2815 1667 2992 1741 μικρὰ
3031 1666 3144 1744 γὰρ
3171 1665 3349 1720 ταῦτα
3387 1665 3483 1719 καὶ
3514 1664 3617 1735 τῆς
3647 1664 3740 1718 τοῦ

2175 1760 2434 1830 Ὑψίστου
2461 1757 2886 1831 μεγαλειότητος
2913 1754 3111 1820 ἀνάξια
3131 1771 3145 1784 ·
3176 1754 3261 1807 ὅτι
3284 1752 3379 1806 καὶ
3403 1752 3451 1805 εί
3473 1751 3657 1806 ,πάντα
3676 1749 3744 1803 τὰ

2163 1851 2281 1908 ἀπὸ
2317 1853 2423 1924 γῆς
2453 1851 2515 1916 ἐξ
2547 1849 2860 1914 ὑποθέσεως
2901 1846 2981 1919 τῷ
3027 1845 3216 1917 Κυρίῳ
3245 1841 3564 1918 προσάξαις,
3596 1841 3744 1896 οὐδὲν

2163 1945 2264 2013 τῆς
2304 1940 2786 2013 μεγαλοπρεπείας
2824 1939 2900 2002 ὡς
2925 1937 3077 2004 ἄξιον
3114 1936 3399 2000 είσοίσεις’
3430 1935 3613 1990 πάντα
3639 1933 3743 2005 γὰρ

2163 2032 2329 2088 αὑτοῦ
2363 2033 2503 2099 ἐστι,
2539 2034 2635 2087 καὶ
2681 2033 2763 2097 είς
2791 2030 2946 2085 οὐδὲν
2979 2029 3130 2101 αὑτῷ
3166 2027 3476 2098 λογίζονται
3519 2024 3740 2099 δηλαδή.

2162 2121 2334 2177 Τοῦτο
2364 2119 2458 2177 οὖν
2491 2122 2641 2190 ἄξιον
2671 2125 3067 2195 καρποφορεῖν,
3096 2121 3125 2175 ὃ
3163 2120 3260 2175 καὶ
3294 2118 3466 2191 πένης
3510 2118 3539 2172 ό
3582 2117 3746 2189 μηδὲν

2164 2216 2276 2269 τῶν
2310 2216 2421 2271 ἀπὸ
2459 2218 2564 2288 γῆς
2601 2213 2745 2285 ἔχων
2791 2214 3016 2268 δύναται
3056 2213 3292 2269 διδόναι·
3333 2211 3493 2266 τοῦτο
3530 2210 3590 2265 δέ
3634 2212 3746 2265 ἐστι

2166 2306 2352 2372 πίστις
2393 2304 2767 2379 ἐνεργουμένη
2811 2305 2879 2360 δι’
2920 2305 3163 2376 ἀγάπης,
3189 2304 3219 2358 ὃ
3251 2303 3315 2375 δὴ
3340 2304 3433 2357 καὶ
3464 2302 3618 2374 παρὰ
3641 2300 3748 2356 τῶν

2165 2395 2434 2450 πλουσίων
2458 2397 2488 2449 ό
2513 2395 2648 2459 Θεὸς
2676 2393 3085 2470 προσφέρεσθαι
3115 2393 3298 2465 ζητεῖ.
3330 2390 3395 2445 Τί
3423 2391 3483 2446 δέ
3527 2392 3646 2445 ὲστι
3668 2389 3745 2458 τὸ,

2163 2485 2236 2540 26
2273 2484 2564 2555 Μίσθωμα
2590 2484 2820 2553 πόρνης
2845 2482 3032 2556 ἁγνὸς
3058 2485 3131 2539 οὐ
3158 2481 3450 2553 μερίζεται
3465 2497 3486 2546 ;

2239 2578 2397 2632 Πᾶσα
2417 2576 2565 2649 ψυχὴ
2592 2576 2792 2647 ἑαυτὴν
2822 2577 2921 2647 μὲν
2948 2573 3027 2647 τῷ
3062 2574 3297 2647 διαϐόλῳ
3334 2575 3431 2630 καὶ
3456 2574 3536 2646 τῷ
3564 2573 3751 2646 κόσμῳ

2166 2669 2258 2723 διὰ
2287 2669 2388 2741 τῆς
2441 2667 2721 2739 σαρκικῆς
2768 2668 3070 2739 ἐπιθυμίας
3103 2668 3200 2722 καὶ
3239 2667 3516 2740 ἀκρατοῦς
3554 2667 3749 2721 ἀποδο·

2171 2761 2346 2834 μέν-η,
2391 2761 2457 2814 ὲκ
2486 2760 2594 2814 τῶν
2641 2760 3084 2832 προστιθεμένων
3114 2761 3174 2815 δὲ
3229 2760 3406 2835 ταύτῃ
3443 2777 3750 2833 περιουσια-

2171 2850 2324 2923 σμῶν
2338 2848 2416 2921 τῷ
2437 2848 2586 2920 ἁγνῷ
2606 2849 2993 2921 προσφέρουσα
3011 2849 3256 2922 Χριστῷ,
3283 2850 3354 2904 τὰ
3372 2851 3471 2922 τῆς
3499 2850 3752 2921 πορνείας

2169 2941 2342 3013 αὑτῆς
2378 2939 2709 3013 μισθώματα
2754 2941 3168 3015 δωροφοροῦσα,
3211 2942 3478 3014 βδελυκτὰ
3510 2942 3753 3008 θυσιάζει

2173 3035 2267 3090 καὶ
2292 3033 2587 3105 θεοπυγῆ.
2668 3068 2675 3069 κ

2171 3126 2242 3181 '29
2280 3123 2492 3193 Μηδέν
2514 3126 2648 3195 ποτ’
2668 3124 2810 3193 εὔξῃ
2838 3122 2997 3195 μηδὲ
3022 3122 3142 3195 τῶν
3165 3122 3401 3195 μικρῷν
3428 3124 3541 3195 (89)
3570 3123 3715 3192 Ostii-

2172 3196 2243 3280 ξι)
2280 3189 2430 3280 genii
2448 3194 2560 3265 γάρ
2587 3196 2721 3280 ἐστι
2748 3189 2893 3263 πρίν
2914 3189 3398 3280 λαβεῖν-ςαξορῇ
3603 3189 3713 3267 (90)
3725 3213 3753 3280 ξ

2174 3268 2235 3323 51
2296 3262 2585 3331 κλέπτεις
2648 3264 2724 3319 τὰ
2791 3262 3027 3319 σαυτοῦ
3085 3262 3174 3333 μὴ
3232 3263 3439 3331 διδούς
3460 3280 3475 3295 ’
3507 3262 3517 3265 ’
3548 3262 3755 3322 καινὸῦ

3177 3334 3481 3474 ῳὲγρέους
3510 3335 3623 3407 (91)

2175 3406 2245 3461 '52
2292 3406 2562 3473 Ἁνανίας
2593 3420 2668 3460 σε
2693 3404 2940 3461 πειθέτω
2965 3406 3173 3476 Σάπφε
3299 3422 3383 3460 τε.

2242 3517 2411 3589 Εὐχὴ
2440 3518 2663 3589 λέγεται
2715 3518 2811 3572 καὶ
2841 3517 3137 3583 εὔξασθαι
3187 3519 3249 3572 οὑ
3293 3519 3455 3591 μόνον
3501 3523 3534 3593 ἡ
3576 3521 3756 3593 δέησις

2177 3609 2273 3663 καὶ
2302 3610 2363 3664 τὸ
2390 3610 2671 3681 δεηθῆναι,
2702 3608 2840 3664 ἀλλὰ
2874 3609 2970 3663 καὶ
3008 3612 3042 3681 ἡ
3087 3610 3385 3682 ὑπόσχεσις
3412 3613 3509 3666 καὶ
3534 3613 3594 3666 τὸ
3621 3613 3755 3667 ὑπο-

2178 3699 2403 3771 σχέσθαι
2436 3717 2488 3754 τι
2515 3699 2627 3771 (92)
2661 3699 2784 3772 Θεῷ
2812 3700 2846 3774 ἢ
2875 3699 3170 3773 ἀνθρώπῳ.
3196 3701 3382 3774 Μηδὲν
3410 3698 3506 3759 οὖν
3532 3702 3610 3776 τῷ
3640 3704 3758 3776 Θεῷ

2175 3790 2368 3845 δώσειν
2404 3791 2671 3869 ὑπισχνοῦ
2720 3792 2857 3865 μηδὲ
2902 3792 3014 3846 τῶν
3062 3792 3277 3865 μικρῶν
3326 3801 3424 3849 καὶ
3479 3796 3755 3869 φθαρτῶν,

2176 3885 2336 3938 ὁποῖα
2370 3867 2565 3939 πάντα
2596 3884 2715 3938 ἐστὶ
2748 3882 2819 3937 τὰ
2847 3883 2957 3938 ἀπὸ
2989 3884 3093 3956 γῆς
3113 3900 3128 3914 ·
3178 3884 3353 3940 ταῦτα
3395 3887 3506 3958 γὰρ
3558 3867 3757 3955 πάντα,

2176 3972 2277 4026 ὅσα
2315 3972 2561 4046 ἡμέτερα
2598 3972 2866 4045 δοκοῦμεν
2905 3972 3086 4045 ἔχειν,
3120 3975 3253 4046 πρὶν
3302 3975 3335 4048 ἢ
3378 3979 3527 4048 ἡμᾶς
3575 3978 3760 4034 λαϐεῖν

2178 4066 2308 4136 παρ’
2353 4063 2543 4130 αὑτοῦ,
2585 4063 2619 4136 ἢ
2667 4066 2875 4120 ἐκεῖνον
2916 4068 3048 4138 παρ’
3090 4069 3123 4139 η
3133 4066 3271 4138 μῶν,
3313 4068 3761 4141 ὁμολογουμένως

2178 4150 2413 4223 ὑπάρχει
2445 4151 2540 4205 τοῦ
2569 4151 2726 4219 Θεοῦ,
2775 4154 2852 4218 ὡς
2883 4154 2994 4209 τῶν
3026 4156 3164 4210 ὅλων
3187 4157 3523 4230 δημιουργοῦ
3548 4161 3643 4213 καὶ
3669 4178 3761 4232 χο-

2180 4243 2372 4315 ρηγοῦ.
2426 4244 2492 4298 Τί
2521 4240 2615 4299 οῦν
2654 4245 2971 4319 ἐπαγγέλλῃ
3018 4248 3211 4321 Κυρίῳ
3243 4248 3426 4303 δοῦναι
3471 4250 3541 4304 τὰ
3594 4249 3759 4306 αὑτοῦ

2179 4335 2456 4407 κτίσματα
2483 4337 2517 4409 ἢ
2564 4339 2858 4410 κτήματα;
2895 4339 2990 4394 καὶ
3030 4340 3091 4395 τὸ
3127 4344 3331 4413 χεῖρον.
3365 4341 3449 4395 ὅτι
3478 4343 3575 4396 καὶ
3602 4343 3760 4415 εὐχό-

2182 4443 2344 4498 μενος
2365 4427 2465 4481 οὑκ
2488 4428 2778 4495 ἀποδίδως,
2812 4430 3143 4504 παρακούων
3166 4432 3261 4486 τοῦ
3299 4432 3756 4505 Ἐκκλησιαστοῦ,

2181 4516 2384 4585 ἀγαθὸν
2421 4517 2484 4570 τὸ
2518 4519 2596 4591 μὴ
2623 4519 2905 4588 εὖξασθαι,
2934 4520 3205 4592 λέγοντος,
3228 4521 3264 4594 ἢ
3290 4523 3351 4577 τὸ
3376 4522 3639 4589 εὔξασθαι
3667 4526 3760 4579 καὶ

2183 4610 2260 4684 μὴ
2295 4610 2607 4666 ἀποδοῦναι.
2638 4613 2704 4667 Τί
2726 4608 2819 4667 οὖν
2850 4614 2983 4686 δρᾷς
3015 4614 3307 4686 εὐχόμενος
3338 4616 3434 4670 καὶ
3465 4615 3540 4689 μὴ
3569 4617 3760 4671 ἀποδι-

2180 4702 2325 4770 δοὺς,
2357 4705 2389 4777 ἢ
2422 4705 2672 4771 κλέπτεις
2699 4706 2769 4761 τὰ
2808 4707 3031 4775 σαυτοῦ,
3073 4706 3130 4760 εί
3168 4724 3232 4778 γε
3260 4709 3485 4782 δοίημεν
3529 4705 3667 4764 εἷναι
3694 4709 3761 4764 σὰ

2180 4794 2376 4861 ταῦτα,
2413 4796 2447 4868 ἢ
2493 4796 2793 4869 ἱεροσυλεῖς
2834 4798 2906 4853 τὰ
2931 4797 3026 4852 τοῦ
3071 4798 3231 4867 Θεοῦ,
3284 4801 3471 4866 καθὼς
3514 4801 3761 4869 Ἀνανίας

2176 4884 2567 4956 νοσφιζόμενος
2596 4887 2692 4941 καὶ
2724 4888 3033 4962 Σάπφειρα,
3064 4890 3159 4946 καὶ
3176 4889 3509 4963 ψευδόμενος
3538 4892 3640 4946 οὑκ
3665 4893 3762 4947 ἀν-

2178 4973 2420 5046 θρώποις
2442 4976 2579 5057 ἀλλὰ
2601 4978 2681 5050 τῷ
2707 4977 2862 5052 Θεῷ;
2903 4980 3110 5053 μεταξὺ
3133 4981 3192 5036 δὲ
3233 4982 3330 5037 τοῦ
3380 4982 3541 5054 λόγου
3574 4983 3639 5038 τὸ
3667 4982 3761 5040 τοῦ

2176 5063 2375 5135 χρέους
2402 5067 2432 5119 ό
2457 5064 2615 5136 λόγος
2638 5066 2977 5142 ὲξεθαὺμασε
3015 5070 3343 5143 παράδοξον.

2283 5267 2406 5323 ἴδιον
2517 5267 2811 5351 ἱεροσυλεῖς
2831 5269 2907 5351 τὰ.
2928 5269 3023 5351 τοῦ
3052 5268 3188 5351 Θερῦ
3209 5282 3225 5298 ⁸
3259 5266 3438 5351 πάντα
3473 5263 3582 5345 γὰρ
3609 5263 3762 5351 οὐδέν

2181 5334 2297 5411 είῖε
2330 5334 2482 5411 σεαρᾷ
2522 5334 2600 5409 τῷ
2630 5338 2769 5411 Θεῷ.
2823 5341 2918 5393 καὶ
2949 5340 3039 5411 τάκ
3070 5339 3304 5411 μέγιστα
3357 5334 3617 5411 ὣξοῦγίεα
3648 5336 3762 5411 τεῖς

2182 5403 2426 5478 πολλοῖς,
2449 5403 2584 5478 ὅπου
2621 5424 2697 5478 γε
2719 5403 2814 5463 καὶ
2826 5412 2987 5478 πᾶσα
3022 5403 3338 5478 δικαιοσύνη
3365 5403 3658 5478 ἀνθρῴπομ

2180 5474 2347 5542 ῥάκος
2377 5474 2801 5549 ὑποκαθημένης
2820 5476 2934 5530 ἐστὶ
2956 5477 3275 5549 παράὑτῴ,
3308 5474 3454 5532 κατὰ
3476 5474 3587 5529 τὸν
3623 5476 3765 5547 ἡμέ-

487 5525 707 5616 ξὶἒμέν,
732 5528 892 5616 μετὰὶ
909 5529 1202 5616 δεφοόγγου
1253 5535 1315 5616 τὸ
1354 5525 1567 5616 πμᾳνρᾇ
1604 5525 2071 5616 ,ἐγραψάῆιοὶδὲ

484 5594 593 5678 διὰ
613 5595 708 5678 τοῦ
733 5594 771 5652 ἐ
809 5594 1128 5678 ψιλοῦξζ
1150 5605 1199 5678 οἱ
1231 5604 1329 5678 μέν
1475 5604 1632 5678 ψιλοῦ
1663 5594 1933 5678 vectiario
1969 5609 2070 5678 ρη-

491 5665 585 5746 τὸν
616 5665 927 5746 οῦτως,θτι
969 5671 1100 5746 ξΕὰν
1132 5665 1535 5746 οὐχ’-ἀποδίδως,
1565 5676 1642 5744 τῷ
1668 5675 1788 5746 Θεῷ
1905 5665 2072 5730 τοὶοῦ·

493 5744 588 5787 τον
610 5735 766 5793 κενὸν
788 5739 881 5813 καὶ
912 5740 1141 5811 μάταιον
1174 5742 1267 5796 καὶ
1295 5743 1584 5813 οὑδαμινὸν
1598 5735 1784 5822 χρέος,
1819 5745 2068 5811 κλέπτεις

2243 5613 2354 5684 (92)
2390 5613 2526 5671 σου.
2582 5616 2915 5689 ὑποσχέσθαί
2953 5635 3027 5686 τι,
3082 5627 3140 5676 ct
3189 5635 3238 5675 ν.
3289 5617 3354 5674 Η
3388 5614 3569 5671 πάντα
3616 5613 3761 5670 ἑστία
