2041 3201
164 146 215 173 79's

164 206 201 235 33
219 207 393 242 Πανήγυριν
407 204 506 240 νόμιῶ
522 206 610 233 τόνδε
627 206 683 234 τὸν
692 208 766 239 βίον
783 208 851 243 (95).

199 254 267 281 Νόιι
298 262 362 289 μοι,
390 249 414 279 ὦ
440 249 519 284 οὗτος
542 252 579 288 (ἡ
605 252 738 288 θεηγόρος
764 261 806 280 σοι
834 254 958 287 θεσπίζει

160 299 400 334 γλῶσσα),ὥσπερ
411 297 440 325 ἐν
449 307 503 325 τινι
518 298 672 333 πανηγύρει
685 298 752 334 τῷδε
761 298 800 334 τῷ
815 299 865 335 βίῳ
875 302 959 327 ποιεί-

164 344 229 371 σοαι
245 344 294 379 τὴν
317 343 504 378 ἀναστροφήν.
531 342 595 369 Ἐὰν
617 343 666 377 μὲν
681 340 728 369 οὖν
740 344 815 379 εἰδῇς
828 352 958 380 πραγμα-

162 388 325 420 τεύσασθαι,
351 387 446 423 κέρδος
475 387 601 414 ἐντεῦθεν
620 388 668 414 καὶ
682 388 798 421 πλοῦτός
814 398 856 415 σοι
874 398 959 424 προσ-

164 435 242 462 έσται
254 441 260 448 '
277 432 431 460 τούναντίον
455 433 493 465 δὲ,
515 433 609 464 κακῶς
626 433 747 469 μετιόντι
762 434 810 469 τὴν
834 436 958 471 πανήγυ-

166 489 225 515 ριν.
252 479 340 515 ζημία
362 480 409 505 καὶ
435 479 568 513 πτωχεία.
597 479 659 510 Πῶς
687 477 734 505 οὖν
759 481 956 516 πραγματεύσῃ

166 526 258 557 καλῶς
270 535 276 557 ς
288 526 373 560 Εἴπερ
387 524 419 559 δὴ
436 524 470 550 τὰ
483 524 589 559 μεγαλα
603 525 648 551 καὶ
659 525 773 560 οὐράνια
787 526 841 551 τῶν
851 527 957 561 μικρῶν

166 573 215 599 καὶ
237 573 338 607 γηΐνων
356 571 520 606 ἀνταλλάξῃ.
540 571 586 596 καὶ
603 571 636 597 τὰ
659 571 768 607 φθαρτὰ
786 573 856 598 κατά
878 572 957 606 φύσιν

166 618 215 645 καὶ
233 617 330 653 ῥέοντα
354 616 506 652 προέμενος
521 617 555 642 τά
575 617 715 652 ἆῤῥευστα
732 619 893 653 κατακτήσῃ
911 619 957 644 καὶ

164 663 250 690 ἀΐδια.
271 663 342 688 Ὅσα
363 661 418 696 γὰρ
440 662 508 697 πρὸς
530 661 637 696 ἡδονὴν,
656 662 702 687 καὶ
719 663 834 697 τρυφὴν,
851 664 897 689 καὶ
912 663 957 689 Οε-

168 707 283 743 ραπείαν
301 707 469 742 πρόσκαιρον
492 706 618 741 σώματος
636 708 691 738 τοῖς
708 707 741 733 τά
758 708 867 742 ἐπίγεια
890 717 957 743 φρο-

165 754 242 780 νοῦσι
259 752 451 784 σπουδάζεται,
471 753 595 787 παριείς·
614 754 664 779 ὅσα
681 753 709 779 δὲ
727 754 899 788 πνευματικά
912 754 957 779 καὶ

165 799 226 833 Θεῷ
240 799 315 833 φίλα,
333 799 383 824 ὅσα
402 798 482 832 ἁγνὰ,
503 798 552 824 ὅσα
567 797 689 833 εὔφημα,
712 799 792 830 εἴτις
808 799 892 834 ἀρετὴ
910 800 957 825 καὶ

166 844 194 871 εῑ
207 853 248 876 τις
265 844 388 875 ἔπαινος,
412 842 498 869 ταῦτα
511 844 592 869 παντὶ
608 843 694 870 σθένει
710 845 756 870 καὶ
771 844 844 880 πασῃ
864 853 957 879 κατερ-

166 889 320 925 γαζόμενος
348 890 468 924 μηχανῇ,
482 889 613 915 κάλλιστα
638 890 840 924 πραγματευσῃ
863 890 909 916 καὶ
925 892 958 916 τὰ

168 936 286 970 μέγιστα
307 935 447 970 κερδανεῖς
461 943 467 949 ·
485 936 539 962 τῶν
552 936 699 970 ἀκηράτων
716 936 742 961 δὲ
758 936 803 961 καὶ
820 937 879 961 κατ’
894 937 958 971 ἀρε-

166 981 217 1016 τὴν
237 981 362 1016 πράξεων
381 981 549 1016 παραμελῶν
577 982 623 1008 καὶ
646 982 835 1017 ὑπερφρονῶν,
864 982 911 1008 καὶ
930 982 960 1008 το

167 1027 229 1053 ὅλον
247 1026 430 1062 θησαυρίζων,
459 1026 634 1061 θησαυρίζεις
658 1029 691 1054 τὰ
716 1028 891 1062 ἀπολλύμενα
915 1029 960 1054 ἐπὶ

167 1072 218 1106 τῆς
242 1071 303 1106 γῆς,
324 1071 402 1106 δῆλον
419 1072 459 1097 ὅτι
479 1071 642 1107 ζημιωθήσῃ
659 1072 708 1107 τὴν
732 1074 788 1103 τοῖς
807 1073 959 1103 σπουδαίοις

166 1117 353 1152 ἀποκειμένην
374 1117 521 1152 σωτηρίαν.
543 1118 660 1152 Τοιαύτη
675 1119 752 1153 μὲνὴ
771 1119 817 1144 τοῦ
838 1119 896 1153 βίου
909 1128 960 1145 πα-

167 1162 293 1197 νήγυρις,
315 1162 362 1188 καὶ
377 1162 422 1188 τὸν
437 1162 582 1197 εἰρημένον
597 1163 697 1197 τρόπον
709 1164 857 1198 ὲπικερδής
871 1173 897 1189 τε
914 1164 960 1190 καὶ

167 1207 314 1242 ἐπιζήμιος
329 1206 509 1233 καθίσταται⁸
527 1207 630 1242 ταύτης
644 1207 671 1233 δὲ
691 1207 892 1243 παρελθούσης,
910 1207 958 1234 ἄλ-

165 1253 212 1284 λος
225 1254 275 1279 οὐκ
288 1253 321 1279 ἂν
335 1253 461 1288 εὑρεθείη
476 1254 670 1288 πραγματείας
684 1254 790 1288 καιρός.

167 1299 200 1326 57
218 1298 318 1331 Πολὺς
330 1299 388 1332 μέν
402 1299 486 1325 ἐστιν
503 1301 518 1326 ό
537 1300 731 1333 προκείμενος
744 1300 863 1333 δρόμος.

208 1345 252 1375 Ὠς
270 1344 300 1376 ἐξ
320 1344 482 1375 ἀντιθέσεως
494 1345 542 1379 τῆς
559 1345 710 1379 εἰρημένης
726 1345 837 1379 γνώμης
859 1345 960 1380 ταύτην

166 1389 325 1416 ἀκουστέον.
348 1389 417 1416 Ἀλλ’
435 1390 523 1424 ἐρεῖς,
542 1391 641 1424 φησιν,
664 1390 701 1421 ῶς
719 1390 801 1421 πολὺς
823 1391 836 1415 ὁ
851 1390 960 1425 δρόμος,

165 1436 179 1462 ό
197 1435 294 1471 χρόνος
310 1436 416 1470 μακρὸς
431 1436 477 1461 καὶ
498 1436 512 1461 ὸ
530 1436 600 1470 ὑπὲρ
618 1435 668 1470 τῆς
684 1436 784 1471 ἀρετῆς
808 1436 887 1466 πόνος
914 1435 961 1461 καὶ

166 1482 250 1513 κόπος
265 1480 384 1516 σκληρὸς
398 1481 446 1507 καὶ
462 1480 562 1516 βαρύς·
580 1481 625 1506 καὶ
636 1481 677 1512 τίς
691 1482 797 1507 ὑποίσει
810 1482 854 1507 τον
870 1481 961 1515 ἀγῶνα

167 1527 379 1562 διαγωνίσασθαι
394 1527 434 1558 εἰς
447 1527 537 1559 τέλος;
554 1526 621 1553 ἀλλὰ
641 1527 677 1562 μὴ
696 1528 764 1563 πρὸς
787 1528 832 1554 τὸν
850 1529 960 1559 σκοπὸν,

168 1573 237 1609 πρὸς
251 1573 280 1599 δὲ
303 1573 353 1609 τὴν
377 1573 431 1599 τῶν
455 1573 542 1600 πόνων
558 1574 648 1609 ἀφόρα
664 1574 877 1608 μισθαποδοσίαν
889 1583 895 1589 '
915 1575 960 1600 καὶ

168 1619 223 1654 γὰρ
235 1618 302 1645 πολὺ
318 1618 416 1645 πλείων
431 1620 503 1645 ἐστὶν
520 1620 534 1645 ὀ
550 1619 655 1654 μισθὸς,
669 1620 698 1645 οὐ
714 1620 861 1646 διπλασίων
875 1621 890 1654 ἢ
903 1629 961 1656 τρι-

169 1663 301 1694 πλασίων,
314 1663 533 1699 ἀπειροπλασίων
548 1665 585 1695 δὲ,
604 1664 665 1690 καθ’
677 1665 738 1691 ὅσον
753 1666 799 1691 καὶ
812 1666 842 1691 τὸ
857 1666 959 1698 ἀϊδίως,

169 1710 257 1736 εῐτουν
275 1709 330 1745 (9t)
354 1710 470 1741 αἰωνίως
485 1730 492 1741 ,
512 1710 603 1744 μένειν
624 1711 653 1736 ὲν
677 1710 715 1745 τῷ
741 1711 836 1745 ἀγαθῷ
859 1711 906 1737 τοῦ
934 1712 962 1737 έν

170 1756 266 1792 βραχεῖ
278 1755 474 1791 περαινομένου
491 1756 578 1791 χρόνῳ
590 1755 723 1791 λυπηροῦ.
737 1757 772 1782 Σὺ
784 1755 829 1782 οὖν
846 1757 883 1793 μὴ
895 1757 963 1793 πρὸς

168 1802 199 1828 τδ
222 1803 276 1828 πᾶν
300 1801 359 1837 ἅμα
381 1802 427 1828 τοῦ
454 1802 550 1837 χρόνου
569 1801 618 1835 τῆς
644 1803 842 1837 ἐνεργουμένης
862 1803 963 1838 ἀρετῆς

170 1846 308 1878 ἐνωδύνως
323 1846 432 1882 ἀφορῶν
445 1867 453 1879 ,
475 1847 521 1872 καὶ
539 1846 578 1881 τῷ
604 1846 658 1872 δέει
677 1847 871 1879 ἀποκναισοεὶς
884 1867 891 1879 ,
917 1848 964 1874 καὶ

170 1892 321 1924 ὼκλακὼς,
337 1892 467 1927 ἀποπήόα
489 1892 536 1918 τοῦ
555 1892 661 1926 ἀγῶνος
674 1900 681 1906 ·
701 1892 761 1918 οὐδὲ
786 1892 840 1928 γὰρ
858 1893 913 1927 (95)
938 1894 962 1919 οἱ

169 1938 219 1974 τὴν
232 1938 370 1966 θάλασσαν
388 1937 531 1971 πλέοντες,
549 1938 609 1965 ὅλον
627 1938 684 1973 ἃμα
698 1938 727 1964 τὸ
746 1938 862 1972 πέλαγος
880 1938 964 1973 ὁρῶν-

170 1991 234 2015 τες,
251 1983 299 2010 καὶ
322 1983 484 2014 ναυτιῶντες
496 2003 503 2015 ,
515 1982 596 2014 εὐθὺς
614 1983 773 2010 ἀναδύονται
799 1983 845 2008 τὸν
862 1982 944 2009 πλοῦν
955 1991 961 1997 ·

171 2028 227 2055 ἀλλ’
237 2029 345 2064 ἡμέραν
360 2029 390 2061 ἐξ
407 2028 512 2064 ἡμέρας
529 2029 559 2054 τὸ
576 2029 624 2063 τῆς
638 2028 818 2063 ποντοπορίας
833 2028 963 2054 κλέπτον-

170 2083 216 2106 τες
233 2075 380 2111 διάστημα,
394 2076 455 2106 ταῖς
472 2074 543 2100 κατά
565 2075 661 2110 μικρὸν
682 2074 848 2109 μεταϐάσεσι
864 2073 963 2100 λανθα-

171 2121 270 2153 νόντως
292 2120 337 2147 τὸν
354 2121 534 2156 προκείμενον
557 2121 648 2151 αὐτοῖς
671 2120 731 2146 ὅλον
756 2121 862 2146 δίαυλον
883 2121 965 2147 ἐκπε-

174 2166 323 2202 ραιοῦνται.
342 2167 396 2193 Καὶ
420 2166 474 2202 γὰρ
497 2165 639 2192 καὶτοῦτο
666 2166 749 2201 πεῖρά
773 2166 814 2197 τίς
837 2167 894 2192 ἐστι
917 2166 963 2192 τοῦ

179 2212 292 2248 Ἐχθροῦ
306 2212 354 2239 καὶ
367 2212 561 2248 κακομήχανος
582 2211 713 2247 ὲπιὸουλὴ
728 2232 734 2243 ,
751 2212 780 2238 ἐν
799 2212 897 2246 ἀρχαῖς
917 2211 964 2237 τοῦ

645 148 678 176 ΙΝ
696 148 850 178 CABMINA
870 149 1011 178 ARCANA
1029 151 1059 179 Β.
1078 150 1252 179 οηεσοιιιι.

1750 151 1800 181 793

1010 209 1046 237 35
1066 209 1208 236 Nundinas
1222 217 1278 237 ene
1295 208 1362 236 hanc
1383 209 1465 237 vitam
1479 210 1613 238 existima.

1044 255 1141 290 Cogita
1156 255 1234 288 mihi,
1259 255 1387 290 quisquis
1409 255 1458 288 sis,
1477 255 1608 290 plu-dicat
1631 255 1680 283 tibi
1708 256 1801 291 lingua

1008 308 1090 335 quam
1104 300 1220 335 inspirat
1235 300 1317 332 Deus,
1330 300 1402 328 sicut
1416 300 1443 327 in
1460 307 1543 328 scena
1559 299 1689 335 quadam,
1706 301 1733 327 in
1749 300 1802 328 hac

1008 346 1064 373 vita
1088 345 1148 373 ﬁeri
1170 345 1362 373 curriculum:
1384 345 1407 373 si
1428 349 1570 380 operatum
1594 344 1681 372 fuisse
1703 348 1731 372 te
1753 353 1801 372 co-

1008 390 1154 426 gnoveris,
1185 390 1294 417 lucrum
1320 389 1418 417 exinde
1446 393 1474 416 et
1503 389 1606 416 divitiae
1634 389 1681 416 tibi
1709 393 1801 422 erunt,
1844 422 1848 426 .

1007 439 1121 463 econtra
1144 436 1216 463 male
1239 435 1387 471 negligenti
1410 442 1532 468 scenam,
1559 435 1753 462 detrimentum
1775 440 1803 463 et

1008 485 1155 517 paupertas
1177 485 1266 508 erunt.
1290 480 1432 513 Quomodo
1446 488 1513 516 ergo
1532 480 1602 508 bene
1622 481 1803 515 operaberis?

1009 525 1038 553 Si
1060 534 1158 562 magna
1176 531 1203 554 et
1220 526 1342 554 cmlestia
1358 527 1450 561 parvis
1463 531 1491 554 et
1506 527 1686 555 terrestribus
1703 530 1803 562 praetu-

1008 571 1083 605 leris,
1099 575 1126 599 et
1140 571 1329 607 corruptibilis
1346 571 1380 599 de
1399 575 1497 599 natura
1511 579 1562 600 sua
1575 576 1602 599 et
1623 572 1696 599 ﬂuxa
1714 572 1803 607 negli-

1008 624 1075 651 gens
1094 618 1283 652 permanentia
1304 622 1331 646 et
1342 623 1445 646 atterna
1467 619 1649 654 acquisieris;
1666 622 1803 654 quotquot

1007 663 1079 690 enim
1100 668 1211 698 propter
1239 663 1407 699 voluptatein
1434 667 1462 691 et
1483 664 1599 692 delicias
1626 667 1654 691 et
1677 663 1803 698 corporis

1007 708 1194 736 transitoriam
1204 716 1299 736 curam
1316 708 1350 736 ab
1365 708 1399 736 iis
1416 708 1463 743 qui
1480 713 1589 736 terrena
1602 708 1711 743 sapiunt
1725 715 1802 743 qua—

1008 757 1106 780 runtur
1120 753 1345 788 prwmrmittens,
1368 761 1540 788 quaecunque
1561 756 1652 781 autem
1670 753 1803 788 spiritua-

1007 798 1045 825 Iia
1070 803 1097 826 et
1122 798 1178 826 Deo
1207 802 1295 834 grata,
1321 806 1493 833 quaecunque
1519 803 1607 831 casta,
1632 805 1802 833 quaecunque

1008 844 1087 872 bona
1098 843 1186 876 famae,
1200 844 1223 871 si
1236 851 1290 879 qua
1306 844 1403 877 virtus,
1417 844 1440 871 si
1453 844 1647 879 qualaus,ha2c
1661 843 1736 870 omni
1750 851 1803 878 ope

1010 893 1038 917 et
1054 896 1136 924 opera
1150 896 1287 924 quaerens,
1305 888 1408 923 optima
1424 892 1554 923 operatus
1568 889 1624 916 eris
1637 892 1664 915 et
1680 887 1800 914 maxima

1011 933 1133 960 lucratus
1153 933 1253 965 fueris;
1278 939 1361 968 opera
1376 940 1441 960 vero
1459 927 1565 967 absque
1583 932 1698 960 mistura
1714 936 1741 959 ct
1761 940 1804 960 se-

1010 979 1131 1007 cundum
1149 979 1280 1006 virtutem
1302 978 1442 1014 negligens
1456 981 1484 1006 et
1503 978 1674 1013 despiciens;
1691 977 1805 1005 omnino

1011 1023 1201 1051 thesaurizans
1226 1023 1398 1051 tbesaurizas
1424 1023 1544 1058 peritura
1573 1030 1656 1057 super
1690 1026 1802 1053 terram,

1011 1073 1085 1105 patet
1101 1069 1173 1104 quod
1187 1070 1385 1097 detrimentum
1406 1069 1529 1105 patieris,
1550 1068 1694 1096 deﬁciente
1717 1067 1803 1095 ﬁdeli-

1011 1118 1063 1145 bus
1078 1118 1160 1145 obvio
1180 1117 1278 1145 salute.
1296 1117 1333 1144 Ea
1353 1121 1396 1144 est
1407 1117 1489 1152 hujus
1502 1117 1564 1144 vitae
1584 1113 1803 1151 ﬁgura,etjuxta

1011 1163 1115 1190 dictum
1133 1170 1236 1191 morem
1251 1162 1383 1190 lucranda
1401 1167 1428 1190 et
1446 1162 1583 1197 perdenda
1598 1165 1723 1194 constat;
1736 1168 1805 1196 prat—

1011 1209 1091 1237 terita
1115 1213 1206 1236 autem
1223 1209 1280 1245 jam
1306 1216 1361 1236 non
1392 1209 1515 1237 invenies
1534 1208 1608 1235 aliud
1634 1206 1804 1243 operationis

988 1275 992 1277 »
1012 1260 1129 1289 tempus.

1011 1300 1046 1327 '57
1065 1299 1161 1335 Ingens
1173 1299 1277 1335 quidem
1288 1299 1335 1327 tibi
1349 1299 1501 1334 propositus
1513 1307 1619 1327 cursus.

1047 1345 1132 1378 Quasi
1142 1353 1174 1373 ex
1187 1346 1316 1373 antithesi
1329 1345 1409 1373 dictae
1422 1345 1564 1373 sententia:
1578 1345 1635 1372 haec
1645 1344 1782 1372 audienda
1794 1354 1803 1373 :

1014 1391 1067 1419 Sed
1076 1391 1162 1424 dices,
1173 1390 1272 1426 inquit,
1286 1391 1359 1426 quod
1372 1391 1488 1418 multum
1498 1390 1680 1422 curriculum,
1694 1390 1802 1425 longum

1012 1440 1120 1472 tempus
1140 1440 1168 1464 et
1186 1436 1260 1464 circa
1281 1436 1410 1463 virtutem
1424 1436 1500 1463 calor
1512 1440 1538 1463 et
1554 1435 1677 1471 fatigatio
1691 1436 1759 1462 dura
1778 1441 1805 1463 ct

1012 1482 1105 1517 gravia
1116 1485 1156 1514 ;et
1165 1481 1227 1516 quis
1235 1481 1262 1508 in
1271 1488 1358 1516 agone
1366 1481 1532 1508 contendere
1543 1480 1577 1507 ad
1591 1480 1670 1508 linem
1684 1480 1805 1508 sustine-

1013 1528 1069 1555 bit?
1085 1527 1137 1555 Sed
1152 1535 1186 1554 ne
1208 1530 1318 1559 metam,
1338 1527 1407 1554 bene
1424 1534 1489 1554 vero
1505 1526 1631 1553 laborum
1652 1525 1805 1553 mercedem

1012 1572 1187 1605 consideres;
1211 1580 1329 1608 namque
1355 1572 1441 1599 multo
1462 1571 1550 1606 major
1566 1574 1609 1598 est
1630 1578 1805 1603 merces,non

1013 1618 1124 1653 duplex,
1142 1623 1189 1644 aut
1205 1617 1313 1652 triplex,
1328 1616 1374 1644 sed
1395 1624 1477 1651 supra
1492 1616 1602 1642 modum
1622 1615 1763 1650 multiplex
1777 1618 1805 1642 et

1013 1665 1145 1697 quantum
1158 1669 1265 1696 semper
1275 1665 1302 1688 et
1317 1662 1344 1688 in
1355 1667 1486 1688 mternum
1499 1660 1525 1687 in
1537 1660 1609 1687 bono
1620 1660 1726 1687 mansio
1738 1667 1804 1694 prae.

1013 1712 1069 1737 stat
1083 1708 1111 1736 in
1126 1708 1220 1736 brevis
1232 1708 1364 1743 temporis
1375 1706 1535 1734 transitoria
1549 1706 1676 1734 molesta.
1687 1705 1728 1733 Tu
1741 1713 1807 1741 ergo

1014 1762 1048 1781 ne
1062 1753 1138 1781 omni
1155 1757 1279 1788 tempore
1294 1752 1401 1788 agentis
1425 1752 1453 1779 in
1473 1752 1568 1779 dolore
1584 1751 1694 1779 virtutis
1715 1750 1807 1778 inten-

1014 1800 1083 1828 dens
1098 1803 1127 1827 et
1139 1804 1212 1827 metu
1225 1797 1368 1826 confectus
1391 1802 1418 1826 et
1435 1798 1554 1826 lassatus
1571 1796 1666 1832 pedem
1682 1795 1807 1823 retrahas

1015 1845 1049 1873 ab
1066 1853 1154 1881 agone
1169 1854 1176 1873 :
1192 1853 1248 1872 non
1265 1844 1284 1871 ii
1303 1844 1350 1879 qui
1369 1852 1444 1872 mare
1458 1843 1600 1879 trajiciunt
1623 1842 1703 1870 simul
1721 1848 1753 1868 ac
1767 1841 1808 1868 al-

1015 1896 1072 1918 tum
1092 1898 1167 1918 mare
1181 1894 1332 1917 tenuerunt
1346 1893 1373 1916 et
1386 1896 1504 1917 nauseas
1520 1888 1634 1922 experti,
1652 1886 1777 1921 protinus
1790 1893 1806 1912 a

1013 1936 1131 1970 trajectu
1152 1935 1308 1966 discedunt.
1323 1935 1372 1963 sed
1387 1934 1421 1962 de
1431 1934 1476 1962 die
1497 1934 1524 1960 in
1536 1933 1608 1960 diem
1625 1930 1808 1966 navigationis

1015 1988 1122 2016 tempus
1134 1981 1213 2017 quasi
1238 1981 1397 2009 fraudantes
1419 1979 1550 2015 paulatim
1571 1986 1619 2014 per
1641 1977 1809 2005 mutatiOues

1016 2028 1114 2056 furtive
1138 2031 1271 2056 statutum
1290 2027 1363 2062 .ipsis
1391 2030 1478 2053 totum
1506 2025 1626 2052 stadium
1650 2023 1807 2057 trajiciunt;

1015 2073 1132 2101 tentatio
1148 2073 1220 2100 enim
1235 2072 1358 2108 quaedam
1379 2075 1422 2099 est
1441 2071 1528 2098 hostis
1542 2075 1570 2098 et
1586 2070 1620 2097 ad
1646 2070 1747 2097 malum
1763 2069 1806 2095 in-

1016 2119 1143 2147 sidiantis
1168 2118 1305 2154 suggestio
1329 2118 1357 2145 in
1376 2117 1474 2153 agonis
1491 2116 1647 2152 principiis,
1663 2114 1808 2150 pusillani-

1016 2165 1137 2193 mitatem
1160 2165 1293 2197 insinuat,
1311 2163 1434 2191 acediam
1459 2162 1564 2190 inducit
1585 2165 1614 2190 et
1637 2161 1671 2188 ad
1695 2168 1727 2188 ea
1747 2167 1808 2195 quae

1017 2215 1091 2239 retro
1107 2215 1172 2239 sunt
1187 2210 1302 2238 reducit.

172 2258 275 2292 ἀγῶνος
297 2258 472 2293 όλιγοψυχίαν
497 2259 691 2293 ἐμποιοῦντος,
718 2260 764 2285 καὶ
795 2259 910 2294 ἀκηδίαν
934 2258 1205 2295 παρασκευάζοντος,
1228 2258 1275 2285 καὶ
1298 2258 1338 2289 εις
1367 2256 1401 2283 τὶ
1428 2256 1516 2283 ὀπίσω
1545 2255 1755 2290 ἀνατρέποντος.

171 2303 202 2331 41
223 2303 270 2337 Μὴ
286 2304 405 2338 σφόδρα
424 2304 543 2338 θαρῤεἷν
559 2304 628 2338 μηδ’
650 2305 823 2334 ἀπελπίζειν
836 2305 923 2339 ἄγαν.

207 2350 287 2385 Μήτε
305 2349 366 2375 λίαν
388 2349 567 2385 τεθαρρηκὼς
590 2350 636 2376 καὶ
651 2350 698 2376 τοῦ
718 2350 899 2385 προκειμένου
916 2350 965 2385 τῆς

172 2395 274 2430 ἀρετῆς
285 2395 389 2429 ἀγῶνος
408 2395 444 2427 ὡς
459 2396 568 2427 πάντως
581 2396 775 2431 περιεσόμενος
791 2396 838 2422 τοῦ
853 2396 967 2423 ἀντιπά-

172 2441 219 2468 λου
236 2442 402 2477 κατακαυχῶ
416 2450 423 2457 ο
445 2441 532 2477 θρασὺ
547 2442 616 2477 γάρ’
633 2442 697 2477 μήτ’
711 2439 759 2468 οὖν
777 2442 809 2468 ἐκ
820 2441 868 2468 τοῦ
890 2441 967 2468 ἐναν-

171 2488 229 2515 τίον
242 2487 323 2514 πάλιν
339 2488 441 2524 σφόδρα
457 2487 633 2524 μικροψύχως
650 2487 814 2523 ἁπηλπικὼς
840 2487 908 2523 πρὸς
921 2488 967 2514 τὸν

171 2534 273 2570 δρόμον
296 2535 449 2570 ὑποχωρεῖν
467 2536 515 2561 καὶ
538 2533 749 2560 ὑποστέλλεσθαι
761 2541 769 2549 ·
791 2533 877 2560 δειλὸν
891 2533 945 2569 γάρ
959 2542 966 2549 ·

173 2581 221 2608 καὶ
236 2581 380 2617 ἀμφότερα.
403 2581 534 2613 ὡσαύτως
551 2579 703 2614 ἑπισφαλῆ-
729 2579 844 2614 καὶγὰρ
872 2579 901 2605 τὸ
919 2579 968 2614 μὲν

173 2626 255 2654 πλέον
268 2626 284 2662 ἦ
295 2627 335 2652 δεῖ
345 2626 454 2662 θαρσεῖν
470 2626 580 2652 ἔκλυσιν
594 2622 664 2651 οἶδεν
679 2624 803 2658 ἐμποιεῖν
820 2623 867 2649 καὶ
883 2622 967 2657 ρᾳθυ-

175 2671 240 2707 μίαν
253 2681 260 2688 ·
276 2672 306 2698 τὸ
327 2672 350 2698 δ’
367 2672 438 2706 ἄγαν
455 2671 617 2705 ἀνελπιστίᾳ
639 2668 841 2703 καταφέρεσθαι
863 2675 969 2702 προφα-

173 2717 223 2753 νὴς
241 2717 292 2752 τῆς
305 2717 425 2751 ἀγωνίας
437 2716 576 2751 ἀνατροπὴ
594 2716 641 2742 καὶ
654 2712 842 2749 ὑποχώρησις·
857 2712 889 2738 σὺ
909 2709 968 2743 οὖν,

174 2764 188 2790 δ
200 2763 250 2798 τῆς
266 2763 437 2799 συμμετρίας
459 2763 505 2789 καὶ
524 2763 573 2798 τῆς
597 2761 698 2796 ἀρετῆς
715 2759 846 2793 ἀλείπτης
862 2766 969 2794 παραγ-

214 2842 271 2875 (93)
293 2842 340 2869 Est
353 2849 452 2869 versus
466 2840 618 2871 Menandri.
635 2840 753 2867 Seulent.
768 2839 866 2875 siugnl.
880 2838 940 2866 4H.

212 2877 270 2913 (94)
288 2877 355 2906 Cod.
374 2877 424 2905 εἰτ’
440 2875 503 2910 οὖν,
521 2880 549 2903 ut
564 2883 690 2911 semper;
705 2883 731 2903 ν.
747 2882 772 2909 p.
792 2874 818 2908 5,
834 2875 859 2901 7.

1015 2304 1045 2331 41
1066 2304 1108 2331 Ne
1133 2305 1243 2331 nimium
1267 2303 1387 2338 conﬁdas
1408 2310 1455 2329 nec
1471 2301 1582 2329 nimium
1608 2300 1738 2333 desperes.

1050 2349 1147 2384 Neque
1177 2349 1257 2378 nimis
1290 2349 1395 2377 audens
1419 2352 1446 2376 et
1471 2348 1499 2375 in
1524 2346 1650 2383 praesenti
1662 2346 1696 2373 de
1710 2346 1814 2372 virtute

1015 2402 1103 2431 agone
1122 2399 1253 2430 tanquam
1280 2394 1394 2421 omnino
1417 2398 1550 2429 praestans
1585 2396 1681 2419 contra
1706 2391 1810 2418 hostem

1017 2441 1156 2476 glorieris.
1175 2441 1339 2473 temerarie;
1362 2447 1452 2475 neque
1474 2447 1489 2467 e
1510 2442 1618 2469 contra,
1634 2437 1744 2467 iterum,
1767 2443 1812 2463 ve-

1019 2487 1160 2513 hementer
1200 2492 1256 2521 prae
1292 2485 1520 2520 pusillanimitate
1549 2483 1678 2517 desperes
1709 2486 1737 2508 et
1768 2481 1811 2507 in-

1018 2536 1114 2567 specto
1123 2531 1214 2559 stadio
1234 2532 1392 2559 retrocedas
1415 2534 1442 2558 et
1461 2530 1553 2562 abeas,
1571 2527 1687 2562 timide;
1733 2530 1811 2554 utra-

1019 2585 1073 2613 que
1091 2577 1218 2605 similiter
1234 2578 1389 2612 periculosa
1405 2586 1411 2604 :
1429 2582 1548 2611 namque
1569 2575 1631 2610 plus
1648 2581 1726 2609 aquo
1741 2580 1809 2601 con-

1022 2623 1108 2651 ﬁdere
1140 2622 1358 2650 debilitationem
1387 2627 1414 2649 et
1443 2621 1645 2649 encrvationem
1676 2618 1815 2645 adducere

1022 2668 1101 2702 solet,
1112 2671 1139 2695 et
1155 2668 1237 2695 nimis
1261 2675 1309 2702 spe
1323 2666 1401 2701 dejici
1420 2669 1513 2701 aperta
1528 2668 1570 2692 est
1589 2665 1624 2691 ab
1641 2671 1727 2698 agone
1742 2670 1811 2689 con-

1021 2713 1113 2741 versio
1134 2716 1162 2740 et
1183 2712 1256 2747 fuga.
1278 2712 1319 2739 'l‘u
1335 2718 1411 2746 ergo.
1434 2708 1631 2737 moderationis
1654 2712 1682 2735 et
1702 2706 1812 2734 virtutis

1021 2762 1049 2787 te
1068 2759 1166 2786 invitat
1190 2759 1328 2794 magister,
1353 2758 1417 2785 hinc
1443 2754 1585 2792 dispositis
1611 2755 1660 2781 tibi
1678 2752 1711 2780 ad
1737 2750 1812 2778 viam

1061 2840 1117 2876 (95)
1134 2839 1201 2867 Cod.
1222 2838 1247 2864 οἱ
1260 2837 1289 2864 δὲ
1307 2835 1369 2871 γάρ.
