4082 6444
1530 202 1593 213 -οκοσ

445 317 554 374 799

1769 316 2071 377 Νιοετλε
2101 316 2310 376 DAVID

3616 309 3745 365 800

444 428 643 489 mediis
698 432 959 506 dirigaris
1012 435 1080 493 ad
1116 442 1322 493 metam
1385 435 1607 502 bonam,
1653 435 1781 491 inde
1836 435 2037 492 cohibe

2169 439 2344 503 νέλλει,
2371 436 2434 492 τὸ
2462 437 2560 509 μὲν
2589 436 2858 507 κατόρθου
2880 434 2992 488 τῶν
3019 433 3139 488 καθ’
3163 430 3283 487 ὀδόν
3318 447 3401 485 σοι
3432 432 3748 502 προκειμε-

374 526 389 543 ‘
446 523 785 581 activitatem
831 527 1236 585 incessabiliter
1267 528 1346 583 tui
1374 534 1567 598 potens
1592 541 1694 582 nec
1719 525 2041 598 imperfecte

446 630 560 686 pra
589 616 809 687 pigritia
836 633 1148 674 remaneas.
1206 636 1226 670 ι
1257 618 1389 674 lnde
1421 632 1525 674 nec
1564 617 1792 673 invidia.
1834 636 1852 670 ι
1890 618 1959 672 Et
1995 617 2045 673 si

448 700 708 778 magnum
763 709 898 777 quid
977 711 1138 779 quasi
1197 726 1366 781 supra
1421 718 1679 766 naturam
1744 710 2047 768 secundum

451 796 622 853 Deum
651 799 749 854 tibi
779 801 1046 857 statuitur
1076 801 1143 856 ad
1186 802 1425 872 praxim,
1464 802 1707 873 iudicas,
1730 818 1801 859 ne
1825 810 2051 874 propter

450 889 557 945 hoc
607 898 839 961 stupens
885 893 1240 960 retrocedas;
1289 909 1402 948 non
1449 895 1597 949 enim
1647 894 1850 949 invidia
1905 892 2051 964 apud

453 980 626 1037 Deum
674 983 769 1053 qui
809 982 1014 1039 bonum
1060 999 1188 1040 vere
1233 1000 1360 1040 eum
1392 986 1600 1056 pietate
1627 992 1682 1041 et
1734 985 1842 1041 lide
1869 983 2054 1042 facere

385 1125 389 1129 .
455 1071 747 1143 eligentem
775 1073 832 1130 in
857 1088 1060 1129 vanum
1088 1074 1335 1131 remittat
1363 1083 1419 1131 et
1457 1075 1706 1147 repellat.
1743 1094 1763 1127 ι
1804 1074 1918 1130 Nec
1954 1077 2049 1146 qui

457 1164 561 1219 viae
606 1165 857 1221 inutilem
908 1165 1102 1222 reddat
1153 1167 1429 1237 reliquum
1486 1166 1751 1223 laborem.
1818 1186 1839 1221 ι
1895 1165 2052 1233 Quod

457 1256 612 1323 dicit,
642 1258 748 1314 hoc
793 1260 929 1315 mihi
982 1260 1202 1317 videtur
1229 1276 1355 1319 esse
1390 1261 1510 1318 :De
1569 1263 1687 1318 vias
1741 1262 1795 1317 in
1846 1261 2054 1317 mundo

458 1350 905 1419 aggredientibus
958 1352 1005 1409 si
1038 1353 1108 1409 ad
1142 1353 1243 1409 via:
1283 1364 1509 1419 metam,
1546 1354 1613 1409 ad
1660 1353 2054 1425 perfectionem

459 1455 570 1496 non
596 1441 851 1497 adveniat
876 1443 1075 1511 viator,
1112 1444 1325 1501 inutilis
1368 1445 1526 1500 labor
1561 1451 1870 1511 sustentus,
1914 1457 2057 1499 vana

460 1540 712 1603 reputata
739 1541 827 1590 est
876 1534 1125 1608 fatigatio
1171 1535 1325 1603 :Qni
1360 1536 1429 1592 ad
1481 1537 1656 1592 Deum
1701 1537 2058 1594 ascensiones

456 1637 559 1693 per
614 1624 831 1694 praxim
878 1633 937 1679 et
993 1624 1411 1681 meditationem
1458 1626 1729 1695 disponit,
1790 1626 1943 1694 hinc,
1998 1633 2059 1681 ut

457 1714 666 1770 dictum
695 1723 803 1780 est,
834 1715 949 1786 jam
991 1718 1255 1783 correxit,
1285 1718 1414 1773 inde
1448 1733 1600 1775 nunc
1625 1720 1878 1791 corrigit,
1910 1733 2060 1775 nunc

460 1815 560 1872 spe
603 1817 704 1859 sua
740 1806 1027 1875 praevenit,
1072 1807 1200 1862 licet
1228 1816 1414 1864 tamen
1454 1809 1523 1864 ad
1570 1825 1843 1867 summam
1891 1810 2062 1882 perfe-

458 1894 701 1950 ctionem
734 1898 1080 1955 ascensionis
1110 1899 1179 1955 ad
1224 1898 1393 1955 Deum
1441 1917 1552 1958 non
1597 1901 1904 1973 perveniat,
1956 1917 2067 1957 non

459 1984 714 2057 desperet
764 2001 949 2044 :‘non
1002 1991 1147 2047 enim
1194 1991 1410 2049 inutilis
1458 1991 1562 2066 ipsi
1612 1994 1770 2050 labor
1812 1994 1956 2050 sicut
1990 1993 2066 2051 illi

459 2077 554 2147 qui
588 2092 618 2132 a
649 2079 737 2134 via
765 2079 1045 2151 declinat;
1086 2084 1143 2139 in
1182 2092 1451 2156 quantum
1484 2100 1816 2158 progressus
1840 2095 1924 2143 est
1946 2092 2068 2141 ten-

459 2168 598 2225 dens
685 2170 752 2226 ad
815 2172 1208 2243 perfectionem
1264 2184 1323 2232 et
1381 2176 1449 2232 ad
1498 2177 1745 2248 iudicem
1807 2180 2063 2249 superna:

459 2260 770 2320 vocationis
826 2266 1298 2340 appropinquans,
1352 2283 1451 2340 per
1483 2284 1639 2341 spem
1688 2269 1921 2326 salutem
1956 2268 2060 2327 ob-

460 2359 647 2416 tinuit.

460 2449 765 2526 λειπομένῳ
796 2455 900 2526 τῆς
953 2456 1074 2511 ὀδοῦ
1100 2473 1116 2489 ’
1162 2457 1286 2511 ὅσον
1313 2456 1370 2511 δὲ
1412 2457 1696 2531 προκόψας
1737 2457 1874 2532 ἔφθη
1898 2500 1915 2528 ,
1974 2459 2056 2531 τῷ

458 2543 549 2598 διὰ
574 2545 677 2616 τῆς
700 2546 916 2613 ἐλπίδος
946 2549 1046 2620 τὴν
1074 2549 1351 2623 σωτηρίαν
1377 2551 1700 2623 ἐκομίσατο.
1915 2574 1924 2582 ε

461 2653 534 2710 45
561 2657 640 2710 Ne
665 2656 895 2712 calidius
927 2660 1167 2714 assilias.

535 2744 735 2801 lterum
792 2756 1020 2805 sanctus
1071 2750 1296 2808 virtutis
1351 2752 1636 2823 legislator
1699 2751 1954 2811 hortatur
1998 2769 2068 2810 ne

465 2836 675 2907 impetu
708 2839 915 2905 irruas,
972 2855 1150 2911 neque
1199 2841 1513 2911 petulanter
1588 2844 1850 2914 operibus
1902 2860 2071 2916 supra

464 2929 613 2984 vires
647 2936 742 2983 aut
780 2930 1342 3003 contemplationibus
1383 2932 1714 2990 sublimibus
1747 2936 2068 3004 extollaris;

465 3019 524 3075 in
557 3020 760 3090 quibus
805 3030 989 3077 autem
1026 3021 1189 3079 rebus
1216 3023 1417 3096 aliquis
1450 3040 1549 3096 per
1581 3025 1855 3096 judicium
1899 3036 1954 3084 et
1977 3043 2072 3084 co-

467 3113 766 3183 gitationes
821 3112 1125 3185 prudentes
1176 3123 1231 3172 et
1284 3116 1676 3174 conﬁdentiam
1729 3128 1890 3177 actus
1933 3136 2074 3192 quos

469 3203 749 3274 reputavit
812 3204 1183 3278 undequaque
1255 3205 1776 3280 irreprehensibiles
1826 3212 2077 3269 animad-

469 3304 689 3352 vertens
741 3298 1084 3367 cognoverit,
1148 3299 1207 3354 in
1258 3299 1347 3357 his
1390 3301 1550 3357 decet
1582 3308 1643 3357 ut
1699 3302 1972 3359 stabiliter
2020 3307 2079 3361 et

470 3383 592 3438 sine
664 3384 968 3440 mutatione
1042 3396 1391 3456 permaneat,
1440 3388 1619 3447 donec
1676 3389 1788 3445 Deo
1840 3391 2064 3463 dignius

458 3471 678 3542 aliquid
710 3474 781 3527 ab
810 3474 923 3528 alto
951 3474 1055 3544 ipsi
1082 3475 1437 3547 designetur;
1461 3478 1638 3550 magis
1659 3480 1806 3535 enim
1839 3482 2062 3552 expedit

476 3562 768 3619 bmuiliora
795 3566 982 3623 multis
1012 3569 1283 3623 aestimata
1321 3569 1618 3642 eligentem
1663 3582 1859 3641 parum
1889 3572 1944 3627 in
1977 3572 2064 3629 bis

475 3655 729 3726 progredi
756 3671 920 3727 quam
952 3658 1212 3715 sublimia
1235 3661 1617 3733 intempestive
1656 3670 1770 3718 tum
1792 3663 1848 3727 in
1873 3664 2064 3735 gradi-

474 3748 579 3805 bus
603 3749 780 3805 sacris
810 3757 926 3806 tum
959 3751 1014 3807 in
1041 3752 1168 3810 aliis
1202 3768 1315 3824 prae
1355 3753 1658 3812 ambitione
1705 3763 2064 3827 quaerentem,

475 3860 598 3900 mox
619 3860 946 3918 progressus
974 3847 1220 3904 minuere
1238 3855 1294 3904 et
1318 3847 1571 3904 decidere
1585 3858 1638 3905 et
1657 3849 1923 3905 minorem
1950 3849 2069 3906 fieri

478 3932 533 3988 in
563 3934 749 3990 bono:
782 3937 911 3991 mali
950 3938 1099 3993 enim
1134 3937 1247 3994 Deo
1288 3949 1513 3996 auctore
1547 3949 1813 3997 vocantur
1835 3958 1951 3997 non
1973 3943 2069 4016 qui
2104 3988 2109 3992 .

478 4023 725 4079 intimum
757 4033 812 4082 et
858 4026 1224 4084 humillimum
1260 4031 1402 4087 inter
1439 4031 1695 4090 homines
1731 4036 1913 4092 sortiti
1942 4044 2073 4092 sunt

479 4114 683 4185 locum,
709 4117 805 4173 sed
834 4118 927 4190 qui
951 4121 1069 4175 zelo
1103 4121 1305 4178 rationi
1333 4140 1442 4179 non
1465 4135 1840 4182 consentaneo
1858 4129 2072 4198 seipsos

477 4210 722 4265 exaltant
759 4227 871 4283 pra:
919 4214 1180 4285 superbia
1234 4223 1289 4270 et
1321 4215 1474 4272 humi
1526 4217 1735 4274 cadunt
1763 4235 1878 4291 prae
1913 4229 2073 4292 petu-

480 4300 672 4358 lautia.

479 4438 551 4494 49
598 4437 689 4493 Vel
732 4439 861 4493 leuis
897 4439 1139 4526 scintilla
1186 4440 1448 4511 ingentem
1495 4442 1771 4511 ﬂammam
1811 4443 2073 4499 accendit.

554 4595 1025 4660 Quemadmodum
1087 4598 1362 4655 seminum
1460 4599 1898 4671 unumquodque
1974 4602 2079 4659 mi-

482 4687 695 4742 nimum
752 4703 880 4743 cum
913 4691 1008 4757 sit,
1049 4689 1143 4745 ubi
1174 4687 1373 4744 cecidit
1423 4689 1479 4744 in
1506 4697 1709 4745 terram
1734 4701 1790 4748 et
1823 4691 2076 4749 idoneum

484 4779 805 4835 alimentum
834 4779 1046 4836 invenit
1069 4789 1126 4836 et
1153 4779 1513 4836 tumefactum
1536 4781 1703 4848 est,in
1732 4783 2077 4844 altitudinem

485 4868 748 4939 paulatim
782 4868 986 4926 crescit
1014 4877 1070 4926 et
1094 4869 1253 4940 juxta
1276 4884 1451 4942 genus
1480 4885 1628 4927 nunc
1657 4873 2078 4944 multiplicatur,

485 4963 631 5017 sicut
658 4968 714 5019 et
755 4962 996 5018 scintilla
1022 4977 1089 5018 ex
1119 4962 1278 5018 silice
1319 4961 1477 5032 quod
1496 4961 1643 5018 ferro
1679 4964 1944 5021 caedimus
1976 4964 2081 5020 mi-

484 5055 659 5120 nima,
685 5034 888 5124 agitata
919 5053 976 5107 in
1006 5067 1259 5124 magnam
1310 5053 1564 5125 prorupit
1594 5053 1895 5122 ﬂammam,
1931 5057 2081 5113 sicut

485 5152 542 5198 et
592 5142 793 5212 vipera:
820 5136 1121 5198 venenum
1162 5142 1388 5213 guttula:
1415 5143 1595 5199 simile
1628 5144 1862 5202 latenter
1901 5144 2082 5201 homi-

486 5234 572 5291 nis
601 5249 804 5305 corpus
850 5240 1119 5304 penetrat,
1148 5240 1381 5291 mortem
1407 5251 1552 5308 saepe
1581 5252 1680 5308 per
1722 5252 1970 5295 morsum
1987 5237 2074 5293 in-

486 5327 725 5394 vehens;
765 5326 847 5381 sic
877 5333 932 5381 et
976 5334 1264 5396 peccatum
1294 5343 1522 5384 parvum
1571 5345 1634 5386 se
1666 5330 1906 5399 primum
1933 5329 2070 5386 insi-

487 5422 624 5469 nuat
660 5422 718 5469 et
773 5413 1096 5483 despicitur,
1128 5431 1252 5471 mox
1294 5418 1555 5488 paulatim
1603 5418 1961 5489 progrediens
2015 5427 2070 5476 et

487 5520 742 5562 crescens
767 5519 1023 5576 magnum
1053 5506 1257 5561 malum
1289 5515 1345 5563 et
1389 5509 1586 5564 animae
1616 5510 1833 5565 ruinam
1890 5509 1946 5564 in
1975 5524 2071 5566 eos

485 5597 584 5667 qui
624 5596 760 5652 illud
785 5596 1084 5653 admittunt
1119 5597 1306 5656 infert.
1372 5598 1546 5671 llujus
1568 5601 1751 5672 gratia
1782 5600 2069 5657 mirandus

487 5688 839 5747 consiliarius
891 5691 975 5746 vel
1024 5689 1307 5746 minimam
1351 5699 1701 5761 apparentem
1744 5693 1963 5765 culpam
1998 5693 2070 5748 ti-

492 5780 674 5835 mendi
707 5782 802 5837 dat
847 5783 1160 5850 consilium,
1192 5793 1246 5840 et
1293 5783 1465 5840 donec
1514 5798 1684 5854 parva
1719 5795 1802 5844 est
1830 5795 1884 5844 et
1908 5786 2063 5856 levis,

2146 547 2255 585 νων
2283 531 2366 593 είς
2393 528 2568 600 πέρας
2592 527 2765 596 δεξιὸν
2789 527 2960 596 ἀγων,
2992 525 3088 580 τοῦ
3116 525 3162 578 δ’
3190 523 3319 594 ἔχου
3348 524 3449 593 τῆς
3467 519 3750 593 ἐργασίας

2148 620 2463 685 ἀδιακόπως
2493 622 2857 692 ἀντεχόμενος
2895 618 2992 672 καὶ
3030 618 3106 688 μὴ
3144 614 3433 671 ἀτέλεστον
3480 613 3550 668 δι’
3576 612 3751 667 ϐκνον

2150 708 2492 784 παραλιπών,

2374 802 2486 858 Τοῦ
2509 800 2562 855 δ’
2583 802 2657 856 οὐ
2683 801 2929 871 φθόνος.

2224 892 2288 948 Εἰ
2318 894 2415 949 καὶ
2447 894 2591 965 μέγα
2615 910 2669 947 τι
2706 888 2817 946 οἷον
2853 890 2950 945 καὶ
2978 888 3121 962 ὑπὲρ
3147 889 3309 960 φύσιν
3343 888 3408 945 τὸ
3434 888 3578 945 κατά
3603 889 3750 945 Θεϐν

2154 1002 2241 1040 σοι
2269 985 2687 1057 προτεινόμενον
2719 984 2801 1046 εἰς
2838 979 3038 1052 πρᾶξιν
3083 980 3486 1049 ὑποπτεύεται,
3521 981 3597 1053 μὴ
3648 981 3752 1035 διὰ

2153 1075 2311 1129 τοῦτο
2340 1074 2776 1146 ἀναϐαλλόμενος
2800 1075 2880 1139 είς
2902 1073 2973 1128 τά
3005 1072 3181 1127 ὀπίσω
3205 1071 3480 1143 ὑποχώρει
3502 1090 3518 1104 ·
3547 1073 3609 1126 οὐ
3630 1071 3753 1143 γὰρ

2154 1167 2351 1238 φθόνος
2383 1165 2539 1239 παρὰ
2562 1164 2643 1237 τῷ
2687 1164 2841 1236 Θεῷ,
2877 1164 3018 1219 ὥστε
3046 1164 3140 1218 τὸν
3186 1162 3304 1235 μετ’
3335 1154 3621 1229 εὐλαϐείας
3648 1163 3752 1217 καὶ

2155 1259 2396 1323 πίστεως
2413 1258 2475 1312 τὸ
2501 1258 2672 1322 ὅντως
2692 1255 2894 1327 ἀγαθὸν
2929 1257 3102 1311 ποιεῖν
3145 1254 3577 1328 προαιρούμενον
3608 1257 3753 1309 ἀπο-

2158 1352 2485 1425 σκορακίσαι
2515 1350 2612 1406 καὶ⁵
2645 1348 2994 1407 ἀπώσασθαι.

2341 1445 2465 1514 οὐχ
2494 1444 2575 1511 ὡς
2609 1442 2754 1499 ὀδοῦ
2780 1443 2848 1498 τὸ
2869 1443 3084 1498 λεῖπον
3101 1441 3332 1513 ἀχρειοῖ
3348 1442 3561 1497 πόνον.

2234 1538 2302 1590 '0
2331 1535 2387 1590 δὲ
2413 1534 2563 1603 λέγει
2586 1576 2603 1602 ,
2640 1533 2881 1589 τοιοῦτον
2930 1531 3070 1588 εἷναί
3114 1552 3205 1606 μοι
3241 1532 3433 1588 δοκοῦν
3458 1551 3473 1564 ·
3503 1532 3597 1587 ἐπὶ
3647 1533 3755 1607 μὲν

2157 1627 2268 1684 τῶν
2299 1628 2400 1693 τὰς
2446 1628 2757 1699 ὁδοιπορίας
2806 1629 2866 1681 ἐν
2911 1628 3104 1699 κόσμῳ
3147 1624 3516 1697 στελλομένων
3571 1627 3621 1679 εἰ
3671 1624 3750 1695 μὴ

2160 1719 2302 1775 κατά
2325 1718 2419 1773 τὸν
2453 1718 2655 1773 σκοπὸν
2686 1718 2787 1789 τῆς
2824 1715 2946 1772 ὀδοῦ
2998 1716 3060 1772 τὸ
3085 1717 3239 1781 τέλος
3266 1718 3295 1771 ὀ
3337 1715 3617 1787 ὀδοιπόρος
3649 1730 3757 1767 κα-

2161 1810 2389 1869 ταλάϐοι
2407 1850 2422 1876 ,
2450 1811 2670 1882 ἀχρεῖος
2715 1809 2815 1881 μὲν
2862 1808 2892 1862 ὀ
2936 1807 3226 1881 προλαϐὼν
3254 1807 3418 1872 πόνος
3436 1848 3451 1874 ,
3488 1808 3753 1879 ἀνόνητος

2163 1903 2221 1959 δὲ
2248 1903 2562 1974 νενόμισται
2594 1902 2623 1955 ὀ
2652 1900 2822 1966 κόπος
2851 1918 2865 1931 ·
2904 1903 2934 1956 ὀ
2974 1900 3112 1974 πρὸς
3144 1901 3277 1955 Θεὸν
3304 1901 3363 1955 δὲ
3400 1900 3501 1965 τᾶς
3543 1899 3751 1955 ἀναϐά-

2168 2011 2284 2058 σεις
2313 1993 2403 2048 διά
2425 1993 2680 2066 πράξεως
2703 1992 2800 2047 καὶ
2822 1990 3058 2063 θεωρίας
3079 1991 3339 2056 διατιθεὶς
3358 1990 3419 2044 τὸ
3441 1990 3541 2061 μὲν
3561 1988 3751 2062 ὥσπερ

2167 2088 2380 2160 εἰρήκει
2412 2082 2796 2157 κατωρθωκὼς
2835 2083 2936 2155 ἤδη
2958 2122 2975 2148 ,
2999 2082 3063 2137 τὸ
3094 2081 3151 2136 δὲ
3185 2081 3303 2137 νυνὶ
3342 2081 3654 2155 κατορθῶν,
3688 2078 3753 2135 ἐδ

2165 2180 2223 2235 δὲ
2249 2182 2317 2253 τῇ
2346 2178 2523 2233 ἐλπίδι
2547 2174 3110 2250 προκαταλαμϐάνων,
3143 2174 3192 2228 εί
3220 2174 3315 2228 καλ⁸
3350 2174 3426 2245 μὴ
3454 2173 3549 2227 τοῦ
3584 2174 3752 2246 ἀκρο-

2165 2271 2330 2327 τάτου
2373 2269 2562 2334 τέλους
2596 2266 2897 2340 ἐπιϐέϐηκε
2931 2267 3034 2337 τῆς
3068 2265 3206 2339 πρὸς
3236 2265 3367 2321 Θεὸν
3421 2265 3751 2335 ἀναγωγίας,

2175 2365 2252 2439 μὴ
2282 2361 2588 2435 ἀπογνώτω
2609 2379 2623 2393 ο
2658 2361 2721 2414 οὐ
2749 2360 2861 2432 γάρ
2888 2360 3109 2433 ἀχρεῖος
3141 2357 3290 2430 αὐτῷ
3316 2360 3344 2412 ὀ
3374 2358 3536 2423 πόνος
3568 2358 3643 2422 ὡς
3673 2357 3757 2429 τῷ

2102 2458 2253 2515 τέλει
2289 2458 2385 2513 καὶ
2406 2456 2484 2529 τῷ
2534 2455 2776 2529 βραϐείῳ
2796 2455 2894 2527 τῆς
2918 2454 3031 2511 ἀνω
3051 2452 3298 2525 κλήσεως
3341 2449 3754 2525 προσηγγικὼς,

2174 2663 2241 2720 45
2262 2656 2360 2731 Μὴ
2402 2658 2622 2732 θερμὸν
2653 2657 2875 2728 ᾇττειν.
2977 2689 2981 2693 ν

2243 2755 2413 2811 Πάλιν
2454 2756 2483 2807 ὀ
2510 2751 2657 2825 ίερδς
2683 2755 2782 2824 τῆς
2824 2749 3027 2823 ἀρετῆς
3072 2747 3372 2822 νομοθέτης
3397 2752 3656 2822 παραινεῖ
3680 2751 3758 2822 μὴ

2174 2844 2378 2917 θερμὸν
2410 2843 2625 2917 ᾀττειν,
2664 2841 2803 2913 μηδὲ
2842 2838 3140 2912 προπετῶς
3180 2841 3301 2903 ταῖς
3347 2839 3488 2913 ὑπὲρ
3530 2837 3761 2911 δύναμιν

2176 2934 2443 3010 πράξεσιν
2477 2934 2513 3006 ἢ
2541 2933 2802 3005 θεωρίαις
2851 2930 3187 3004 ὑπερφυέσιν
3231 2931 3654 3003 ὑπεραίρεσθαι·
3679 2930 3761 2996 οἷς

2175 3030 2220 3084 δ’
2251 3029 2319 3085 ἀν
2360 3046 2445 3093 τις
2493 3028 2559 3099 ἐκ
2591 3025 2918 3098 διακρίσεως
2952 3023 3048 3078 καὶ
3092 3022 3486 3095 λελογισμένης
3528 3020 3766 3087 διανοίας

2179 3123 2276 3177 καὶ
2302 3117 2675 3192 πληροφορίας
2698 3115 3036 3187 πανταχόθεν
3066 3114 3128 3170 τὺ
3149 3114 3381 3187 ἄμωμον
3408 3113 3518 3169 τῶν
3543 3113 3765 3185 δοκιμα-

2181 3211 2427 3286 ζομένων
2467 3208 2944 3282 περισκεψάμενος
2995 3205 3447 3279 καταμανθάνοι,
3480 3207 3541 3260 ἐν
3584 3206 3765 3269 αὐτοῖς

2183 3304 2469 3377 ἀραρότως
2504 3301 2687 3373 μένειν
2734 3298 2941 3368 ὀφείλει
2991 3298 3087 3353 καὶ
3113 3296 3567 3368 δυσμεταθέτως,
3607 3295 3777 3367 ἄχρις

2169 3395 2236 3450 ἄν
2260 3412 2313 3448 τι
2348 3392 2620 3462 θειότερον
2652 3387 2862 3444 ἀνωθεν
2905 3387 3182 3457 ὑποφανῇ.
3219 3384 3331 3439 Καὶ
3359 3382 3469 3455 γάρ
3499 3382 3767 3436 λυσιτελεῖ

2171 3486 2373 3559 μᾶλλον
2404 3486 2466 3540 τὸ
2507 3481 2893 3553 ταπεινότερον
2924 3482 3038 3543 τοῖς
3068 3476 3284 3541 πολλοῖς
3327 3474 3584 3547 νομισθὲν
3610 3473 3766 3528 ἐκλε-

2168 3579 2421 3649 γόμενον,
2449 3575 2570 3629 κατ’
2604 3572 2785 3640 ὀλίγον
2813 3559 3166 3647 προκότὶτεινλ
3174 3571 3232 3622 ἐν
3265 3566 3450 3638 αὐτῷ,
3481 3565 3595 3638 me
3622 3563 3763 3636 ὑψη-

2169 3667 2260 3722 λὸν
2290 3666 2534 3736 ἀκαίρως
2561 3663 2654 3717 ἐπί
2676 3679 2735 3716 τε
2767 3660 2993 3734 βαθμῶν
3017 3659 3203 3733 ίερῶν,
3238 3657 3330 3712 ἐπί
3356 3675 3417 3712 τε
3449 3656 3559 3711 τῶν
3591 3655 3769 3712 ἄλλων

2171 3757 2237 3811 ἐκ
2271 3753 2565 3828 φιλαρχίας
2598 3751 2965 3825 προελόμενον
2989 3791 3006 3816 ,
3055 3745 3175 3805 εἷτα
3207 3750 3543 3822 προκόπτειν
3578 3746 3767 3812 ἑξατό-

2171 3850 2401 3914 νοῦντα,
2433 3846 2770 3901 ἀποκόπτειν
2816 3844 2912 3900 καὶ
2960 3841 3379 3898 ἐλαττονοῦσθαι
3430 3840 3526 3895 τοῦ
3576 3839 3765 3896 καλοῦ.

2172 3937 2333 3998 Οὗτοι
2367 3939 2479 4013 γὰρ
2505 3940 2599 3994 καὶ
2631 3936 2794 3993 κακοὶ
2817 3936 3025 4008 κυρίως
3058 3934 3436 4017 ὀνομάζονται,
3464 3934 3565 4005 οὐχ
3597 3935 3646 3986 οἱ
3668 3932 3771 4002 τὴν

2173 4036 2326 4091 κάτω
2380 4035 2477 4090 καὶ
2520 4030 2921 4101 ταπεινοτάτην
2968 4028 3029 4083 ἐν
3076 4026 3386 4099 ἀνθρώποις
3440 4023 3771 4095 διειληχότες

2171 4128 2347 4195 τάξιν,
2384 4126 2505 4183 ἀλλ’
2530 4127 2579 4179 oi
2608 4124 2907 4196 θερμότητι
2944 4120 3217 4191 ἀλογίστῳ
3248 4120 3474 4182 ἑαυτοὺς
3504 4115 3771 4187 ὺῷοὗντες

2174 4224 2241 4277 ἐκ
2277 4219 2611 4293 φιλοδοξίας,
2636 4216 2733 4272 καὶ
2767 4213 2982 4288 χαμᾶζε
3019 4212 3314 4276 πίπτοντες
3337 4210 3399 4276 ἐξ
3419 4207 3732 4271 αὐθαδείας.

2178 4438 2247 4494 49
2279 4436 2547 4505 Σπινθὴρ
2578 4433 2833 4490 ἀνάπτει
2872 4430 2973 4487 καί
2995 4428 3239 4501 ,βραχὺς
3269 4426 3515 4498 πολλὴν
3545 4427 3762 4499 φλόγα.

2253 4592 2466 4664 Ὠσπερ
2509 4590 2620 4645 τῶν
2665 4590 3000 4663 σπερμάτων
3028 4589 3261 4643 ἕκαστον
3304 4587 3648 4661 βραχύτατον
3685 4584 3766 4652 ὃν,

2183 4684 2250 4754 τῇ
2298 4684 2368 4753 γῇ
2403 4681 2460 4734 δὲ
2499 4679 2845 4751 καταϐληθὲν
2868 4720 2885 4747 ,
2921 4678 3017 4733 καὶ
3061 4678 3161 4750 τῆς
3204 4675 3519 4750 προσφυοῦς
3561 4675 3769 4747 τροφῆς

2187 4775 2442 4847 ἐπιωχόν
2465 4814 2481 4840 ,
2518 4774 2614 4828 καί¹
2641 4770 2911 4843 αὐξηθὲν,
2957 4773 3037 4837 εἰς
3092 4770 3322 4843 μέγεθος
3362 4769 3575 4842 πρόεισι
3628 4767 3769 4822 κατὰ

2183 4865 2402 4937 μικρὸν,
2432 4865 2529 4920 καὶ
2553 4866 2637 4929 είς
2664 4863 2869 4935 πλῆθος
2897 4863 3081 4935 ἡλίκον
3102 4863 3226 4917 ὅσον
3251 4861 3563 4916 ἐπιδίδωσιν
3582 4877 3596 4891 ·
3626 4858 3767 4914 οὕτω

2180 4963 2277 5018 καὶ
2322 4961 2560 5035 σπινθὴρ
2602 4963 2670 5017 ἐκ
2710 4960 2861 5016 λίθου
2916 4962 2983 5032 τῇ
3010 4957 3108 5012 τοῦ
3163 4956 3382 5028 σιδήρου
3429 4950 3765 5024 παρατρίψει

2178 5056 2461 5126 ἐλάχιστος
2487 5052 2933 5125 ἀποπαλλόμενος
2951 5089 2969 5118 ,
3002 5050 3083 5113 είς
3112 5045 3381 5120 μεγίστην
3403 5038 3764 5115 ἀνεῤῥιπίσθη

2179 5148 2355 5217 φλόγα
2374 5164 2388 5177 ·
2419 5146 2564 5201 οὕτω
2587 5146 2684 5201 καὶ
2708 5144 2935 5218 σπέρμα
2970 5141 3072 5213 τῆς
3101 5139 3349 5216 ἐχίδνης,
3382 5132 3475 5192 οἷά
3507 5152 3593 5200 τις
3636 5134 3765 5206 βρα-

2179 5240 2386 5312 χυτάτη
2439 5238 2657 5309 σταγὼν
2707 5237 3014 5309 λεληθότως
3050 5232 3344 5305 ἀνθρώπου
3382 5229 3595 5300 σώματι
3627 5229 3766 5280 ἐνιε-

2181 5328 2318 5402 μένη
2338 5368 2353 5393 ,
2380 5327 2609 5382 θάνατον
2633 5327 2921 5397 ἐνεποίησε
2949 5322 3211 5386 πολλάκις
3252 5320 3332 5392 τῷ
3356 5317 3631 5390 δηχθέντι.
3662 5315 3765 5371 Τὸν

2177 5420 2341 5475 αὐτὸν
2388 5419 2591 5491 τρόπον
2637 5418 2732 5472 καὶ
2781 5419 2817 5489 ἡ
2865 5414 3112 5488 ἁμαρτία
3160 5412 3335 5485 μικρά
3381 5407 3764 5482 προσϐαλοῦσα

2177 5511 2396 5585 πρῶτον
2434 5511 2530 5564 καὶ
2581 5508 2981 5581 παροραθεῖσα,
3014 5504 3136 5563 εἶτα
3174 5508 3295 5562 κατ’
3325 5505 3505 5576 ὀλίγον
3559 5502 3762 5575 προκό-

2177 5618 2386 5656 πτουσα
2413 5600 2508 5654 καὶ
2535 5598 2794 5665 αὔξουσα,
2833 5597 2977 5669 μέγα
3001 5598 3173 5654 κακὸν
3203 5598 3300 5652 καὶ
3338 5596 3516 5669 ψυχῆς
3543 5594 3762 5666 ὀλεθρον

2176 5696 2288 5757 τοῖς
2310 5691 2516 5764 ταύτην
2542 5689 2934 5763 ἐργαζομένοις
2965 5691 3239 5763 ἐπιφέρει.
3282 5689 3489 5745 Τούτου
3507 5687 3574 5759 δὴ
3600 5685 3761 5757 χάριν

2176 5785 2205 5839 ὀ
2230 5784 2540 5858 θαυμαστὸς
2571 5781 2870 5855 σύμϐουλος
2901 5782 2994 5837 καὶ
3032 5782 3131 5857 τὴν
3164 5780 3535 5858 σμικροτάτην
3572 5774 3759 5835 δοκοῦ-
