2041 3197
178 191 230 218 801

180 255 231 274 σαν
244 245 382 283 ἁμαρτίαν
394 245 558 273 ὑποπτεύειν
571 244 819 281 συμϐουλεύει,καὶ
832 244 886 276 ἓως
896 244 976 279 ὀλίγη

178 294 240 321 ἐστὶ
265 293 313 320 καὶ
331 292 467 329 ἀδρανὴς.
484 292 535 328 τὴν
560 292 609 319 ἀπ’
625 292 711 327 αὐτῆς
733 290 915 326 φυλάττεσθαι
930 290 977 316 λύ-

179 348 246 375 μην,
263 339 311 365 καὶ
326 339 479 374 ὲξαναιρεῖν
492 339 525 373 τῇ
543 337 673 373 μετανοίᾳ
685 358 692 369 ,
709 337 753 363 ἵνα
777 336 814 371 μὴ
828 335 976 371 χρονίσασα

178 385 229 412 καὶ
244 384 416 417 δυνασοείσα,
433 385 475 415 εἰς
489 383 600 411 ἀνίατον
617 382 780 418 καταλήξειε
797 381 891 408 κακόν.

179 432 216 459 53
237 431 360 465 Ἐρεύνα
377 430 494 456 σαυτὸν
513 429 619 456 πλεῖον
636 429 654 463 ἢ
671 428 705 454 τὰ
722 428 781 454 τῶν
797 428 902 460 πέλας.

215 477 325 512 Ἐπειδὴ
342 476 489 512 πρόχειρον
509 475 662 510 ἀνθρώποις
680 475 723 501 ἀεὶ
739 476 786 501 καὶ
800 475 847 509 ἡδὺ
868 474 926 500 λίαν
942 474 975 501 τὰ

177 523 309 558 ἀλλότρια
326 523 504 558 περισκοπεῖν
522 521 592 548 καλά
606 531 635 547 τε
660 522 723 548 ὄντα
737 521 753 556 ἢ
771 521 853 553 κοικᾶι⁷
868 522 921 547 τῶν
938 522 976 547 οἰ·-

177 569 263 595 κείων
283 568 310 594 δὲ
322 567 359 599 ὠς
373 568 472 594 ἐπίπαν
489 568 637 602 ὑπερορᾷν,
657 569 785 602 παραινεῖ
803 568 815 593 ὁ
831 567 901 598 Οεῐος
921 567 975 593 τῶν

178 614 302 645 εὐσεϐῶς
323 614 469 640 ἐθελόντων
493 614 542 648 ζῇν
566 613 724 648 καθηγητὴς
747 614 845 648 μᾶλλον
868 613 901 639 τὰ
922 614 975 639 Eata.

178 659 378 696 ἀνερευνᾶσθαι
396 660 412 695 ἢ
433 660 467 686 τὰ
484 659 538 685 τῶν
555 659 638 690 πέλας
656 659 905 694 πολυπραγμονεῖν.
921 660 975 685 Καὶ

179 706 236 741 γὰρ
251 706 285 740 τῇ
302 705 356 731 τῶν
375 705 447 731 ἰδίων
463 704 658 739 πλημμελειῶν
676 704 849 740 ἐξερευνήσει
864 705 945 735 αὐτὸς
960 706 974 731 ὁ

180 752 278 778 ἑαυτὸν
296 750 449 786 ἀνακρίνων
474 750 635 784 ὠφελεῖται,
656 750 693 781 ὡς
711 750 771 784 ὅφιν
789 750 919 785 κρυπτῶς
941 752 974 785 τῇ

180 796 264 823 αὑτοῦ
274 796 374 831 καρδίᾳ
386 796 580 831 ἐμφωλεύοντα
594 796 722 830 ἐλέγχων,
736 798 782 821 καὶ
795 797 827 830 τῇ
845 796 975 831 ὲξηγορία

180 842 333 877 ὲξαναιρῶν
353 841 401 877 τὴν
419 842 547 877 ἀνομίαν·
563 841 597 867 τὰ
612 841 659 867 τοῦ
685 841 768 871 πέλας
783 840 810 866 δὲ
833 840 976 875 διερευνώ-

182 896 264 923 μενος
275 887 322 914 καὶ
334 886 498 921 ἀνακρίνων,
513 886 610 920 ἐκείνῳ
623 887 670 920 μὲν
688 886 783 920 κέρδος
797 886 974 920 προύξένησε,

182 933 279 962 ἑαυτὸν
291 931 500 967 ἀσφαλιζομένῳ
512 931 555 957 διὰ
566 931 614 966 τὴν
628 931 762 964 ἐξέλεγξιν
774 931 821 956 καὶ
832 931 876 956 τοῦ
891 931 977 965 αμαρ-

182 980 276 1007 τάνειν
298 979 361 1009 ῐσως
377 977 539 1012 παυομένῳ,
559 977 639 1007 αὐτὸς
658 977 686 1003 δὲ
712 976 875 1011 ζημιοῦται,
901 976 927 1002 εἴ
944 985 975 1010 γε

184 1027 239 1062 ἄρα
256 1026 293 1061 μὴ
310 1024 470 1060 κηδεμονία,
486 1024 553 1050 ἀλλὰ
575 1023 663 1058 φθόνῳ
678 1023 725 1049 καὶ
743 1024 859 1058 πονηρίᾳ
877 1023 910 1049 τὰ
929 1023 975 1048 τοῦ

181 1073 302 1107 γείτονος
318 1070 542 1106 περιεργάζοιτο·
560 1070 592 1095 δι’
608 1069 621 1095 ὃ
643 1069 715 1102 λέγει
739 1069 858 1103 κρείσσω
875 1069 920 1095 τὸν
933 1068 976 1094 λο-

180 1119 279 1154 γισμὸν
293 1118 347 1145 τῶν
363 1117 490 1152 πράξεων
506 1113 575 1142 εἶναι
601 1116 648 1141 καὶ
668 1115 810 1149 ἀνάκρισιν
828 1116 900 1150 ἤπερ
922 1115 975 1140 τῶν

182 1165 342 1200 χρημάτων.
355 1162 449 1189 Ταῦτα
462 1162 509 1197 μὲν
528 1162 581 1196 γὰρ
596 1162 650 1196 ὅσῳ
666 1161 715 1187 κᾶν
728 1160 822 1196 λογίζῃ
836 1161 881 1187 τὸν
896 1161 976 1186 πλεο-

181 1210 285 1245 νασμὸν
299 1230 306 1242 ,
327 1210 382 1244 ὅσῳ
396 1208 448 1235 κᾶν
466 1207 714 1243 ὲξακριϐαζομενος
730 1207 860 1242 πληθύειν
876 1206 975 1241 δοκῇς,

181 1257 232 1292 τῆς
253 1256 339 1290 φορᾶς
362 1254 437 1286 ὅντα,
460 1253 548 1280 ἄλλοτ’
570 1255 610 1284 εἰς
630 1253 727 1284 ἄλλους
750 1253 912 1288 μεταρρέει,
931 1252 977 1278 καὶ

187 1301 406 1336 μετακινούμενα
429 1299 458 1326 οὐ
482 1299 635 1335 παραμένει
659 1307 716 1325 σοι·
736 1300 751 1333 ἡ
770 1299 824 1324 τῶν
851 1299 977 1333 πράξεων

184 1348 213 1374 δὲ
233 1347 383 1382 συζήτησις
394 1366 401 1378 ,
419 1346 466 1371 καὶ
484 1345 537 1371 τῶν
555 1344 694 1379 λογισμῶν
709 1345 757 1379 τῆς
773 1344 861 1379 ψυχῆς
872 1344 978 1379 διάκρι-

183 1403 225 1425 σις
240 1393 288 1420 καὶ
308 1392 461 1427 κάθαρσις,
487 1392 526 1423 είς
553 1390 687 1418 ἀπάθειαν
707 1390 828 1424 ἄγουσα,
858 1391 976 1422 ἵσταται,

183 1440 231 1467 καὶ
250 1440 290 1471 εἰς
304 1438 350 1465 τὸν
365 1437 452 1465 αἰῶνα
468 1437 599 1472 διαμένει.

186 1486 219 1513 5Ἱ
240 1486 267 1511 ’0
286 1484 361 1517 νοῦς
376 1484 422 1510 ἀεί
437 1491 486 1510 σοι
499 1483 633 1517 κίιμνέτω
650 1482 836 1516 τυπούμενος

185 1521 219 1549 58
235 1521 330 1553 Θείοις
343 1519 496 1553 νοήμασίν
510 1527 541 1545 τε
560 1519 607 1545 καὶ
623 1518 695 1549 ,ϐίου
707 1518 818 1551 λόγοις.

226 1565 384 1600 ’Ᾱκούωμεν
398 1565 423 1590 οἱ
434 1564 480 1590 τὸν
495 1563 644 1599 ἀσκητικὸν
659 1563 706 1589 καί
725 1563 784 1589 κατ’
807 1561 906 1597 ἀρετὴν
922 1561 979 1595 βίον

188 1612 263 1648 βιοῦν
282 1610 500 1647 προαιρούμενοι,
519 1607 562 1636 οἵα
573 1610 638 1644 δρᾷν
658 1609 732 1643 ὁτῆς
747 1609 847 1644 ἀρετῆς
868 1607 981 1643 νομοθέ-

185 1667 236 1693 της
266 1657 425 1692 εἰσηγεῖται.
441 1655 494 1681 Τὸν
521 1655 568 1689 μεν
596 1654 658 1680 νοῦν
685 1655 749 1688 ἡμῖν
767 1654 824 1689 (96)
847 1653 979 1688 διηνεκῶς

185 1704 355 1739 ὲμμέριμνον
370 1700 450 1734 εἶναι,
469 1702 524 1733 τοῖς
536 1710 565 1727 τε
582 1701 664 1735 ἱεροῖς
678 1700 724 1726 καὶ
751 1700 833 1731 Θείοις
848 1700 979 1735 νοήμασιν

187 1749 382 1785 ἀδολεσχοῦντα
393 1768 400 1780 ,
417 1748 465 1775 καὶ
484 1749 539 1779 τοῖς
552 1747 653 1781 λογίοις
666 1747 716 1781 τῆς
732 1747 842 1782 χάριτος
862 1747 980 1782 ἐμμελε-

186 1796 285 1826 τῶντα,
307 1794 354 1821 καὶ
366 1793 472 1825 τούτοις
490 1793 536 1819 τὸν
553 1793 608 1827 βίον
623 1793 792 1828 τυπούμενον
810 1794 854 1819 καὶ
872 1802 979 1819 κανονι-

187 1842 299 1877 ζὸμενον
310 1862 317 1874 ,
335 1841 403 1875 πρός
417 1848 446 1865 τε
463 1839 513 1874 τὴν
530 1837 630 1874 πρᾶξιν
645 1838 843 1873 κατορθοῦσθαι
865 1839 912 1864 καὶ
931 1839 980 1874 τὴν

188 1888 319 1923 θεωρίαν·
340 1887 389 1921 τῆς
413 1885 538 1920 γλώσσης
555 1885 583 1910 δὲ
603 1884 739 1919 φείδεσθαι
763 1885 810 1910 καὶ
829 1884 930 1919 ταύτης
951 1885 981 1911 τὸ

188 1933 306 1969 ἀκρατὲς
320 1932 483 1959 ἀνακόπτειν
500 1930 686 1966 παραγγέλλει
699 1950 705 1961 ,
722 1930 760 1961 ὡς
777 1930 812 1964 μὴ
827 1929 981 1964 προχείρως

189 1979 256 2015 μηδὲ
272 1977 417 2014 προπετῶς
432 1976 516 2011 αὐτὴν
530 1977 569 2007 εἰς
584 1976 614 2001 τὺ
628 1975 763 2001 διδάσκειν
779 1975 795 2010 ἢ
808 1975 980 2009 δογματίζειν

189 2024 390 2057 abeasque“.
406 2023 460 2049 Kal.
484 2021 539 2057 γὰρ
559 2020 692 2055 ἀχαλίνως
712 2020 781 2054 αὕτη
797 2020 864 2055 πρὸς
880 2028 979 2046 παντο‹

190 2070 346 2107 ρημοσύνας
376 2068 593 2102 ἐξανισταμένη,
621 2067 661 2097 εἰς
695 2066 832 2096 ἀπωλείας
858 2065 981 2100 αἱρέσεις

189 2116 252 2146 τοὺς
269 2114 306 2150 μὴ
324 2114 374 2148 τὴν
391 2113 438 2140 ἀπ’
459 2112 545 2146 αὐτῆς
570 2111 672 2146 βλὰἣην
690 2110 899 2145 εὐλαϐουμένοις
927 2108 979 2136 οἶδε

190 2158 334 2193 γατασπᾷν
352 2157 399 2183 καὶ
415 2156 532 2186 εὐκόλως
547 2155 680 2186 κινδύνοις
703 2155 850 2190 ὑποφέρειν
866 2155 914 2190 τὴν
934 2155 981 2189 ψυ-

189 2205 240 2240 χήν
253 2213 259 2219 ·
274 2204 365 2235 καλῶς
378 2202 407 2229 δὲ
418 2200 502 2236 αὐτῆς
516 2202 694 2237 κινουμένης,
711 2201 757 2227 καὶ
771 2200 927 2236 ὀρθοτόμως
936 2200 981 2227 τὸν

190 2250 239 2286 τῆς
265 2249 406 2279 εὐσεϐείας
423 2247 501 2281 λόγον
527 2247 788 2283 ἀποφθεγγομένης,
807 2247 831 2272 εἰ
853 2247 890 2281 μὴ
908 2247 954 2272 καὶ
968 2247 982 2273 ὁ

192 2296 248 2331 βίος
259 2295 410 2331 ἀμώμητος
427 2294 464 2320 ὢν
483 2293 570 2329 τύχοι,
585 2291 665 2329 ἦττον
678 2294 708 2320 τὸ
722 2293 777 2319 ἀπὸ
799 2294 847 2329 τῆς
864 2293 984 2327 εὐγλωτ-

190 2342 250 2374 τίας
273 2342 368 2378 κέρδος
383 2341 430 2368 καὶ
446 2341 476 2367 οὐ
500 2340 584 2376 πολλὴ
602 2341 619 2375 ἡ
636 2339 753 2374 ὠφέλεια
780 2340 835 2371 τοῖς
853 2339 982 2366 ἀκούουσι

190 2387 367 2422 παρίσταται.

189 2434 223 2461 6|
239 2434 324 2467 Ὄ-ψιις
340 2432 541 2467 συνήρπασέν
553 2440 601 2466 με,
619 2431 703 2465 πλὴν
715 2431 784 2458 ἀλλ’
799 2430 922 2465 ἐσχέθη.

225 2478 378 2510 Κανονίσας
393 2478 439 2505 τὸν
451 2477 514 2504 νοῦν
528 2477 575 2503 καὶ
590 2476 638 2512 τὴν
655 2476 782 2510 γλῶσσαν
793 2476 807 2502 ὁ
818 2475 986 2502 θεοειδέστα-

189 2534 250 2559 τος,
266 2524 391 2552 ἐντεῦθεν
406 2524 500 2551 λοιπὸν
513 2522 615 2558 ἑκάστῃ
625 2521 680 2549 τῶν
690 2521 815 2557 ψυχικῶν
831 2520 984 2556 αἰσθήσεων

192 2571 317 2607 ῥυθμίζει
329 2591 337 2604 ,
359 2570 471 2605 ’οψις,”
486 2568 589 2604 λέγων,
619 2568 792 2604 συνήρπασεν
819 2566 984 2599 ἐξαπιναίως

192 2616 319 2652 σώματος
335 2615 451 2648 κάλλος,
474 2614 662 2651 ἀστραφθεῖσα
678 2613 732 2640 τῶν
747 2613 797 2640 ὅσα
815 2613 916 2648 λίχνοις
932 2613 984 2648 δμ-

192 2671 276 2698 μασιν
305 2662 455 2689 ὑποπίπτει
480 2661 645 2697 θαυμαστά·
674 2660 770 2695 ὅρασις
792 2658 862 2695 αὕτη
894 2659 986 2694 πάσης

191 2708 346 2744 αἰσθήσεως
369 2707 527 2743 κυριωτέρα
544 2707 591 2733 καὶ
616 2705 783 2742 τιμιωτέρα,
803 2704 841 2737 ὡς
867 2705 914 2731 καὶ
939 2704 986 2731 τοῦ

193 2754 332 2786 καλλίονος
350 2753 404 2780 τῶν
419 2752 557 2788 αἰσθητῶν
575 2753 703 2780 ἁπάντων
718 2750 784 2779 οὖσα
802 2750 892 2787 φωτὸς
912 2751 986 2777 ἀντι-

191 2801 323 2837 ληπτική.
340 2800 415 2835 Αὕτη
435 2799 525 2826 τοίνυν
541 2798 670 2833 ἐξαίφνης
680 2798 736 2833 (97)
758 2796 850 2824 ἰδοῦσά
862 2804 890 2822 τι
904 2795 985 2831 σῶμα

193 2846 337 2882 φωταυγὲς
354 2846 371 2881 ἢ
386 2844 565 2880 περικαλλὲς,
585 2843 758 2879 συνήρπασεν
782 2851 816 2878 με
828 2862 836 2877 ,
856 2841 985 2877 ὲξέστησέ

229 2925 286 2962 (96)
305 2924 373 2954 Cod.
393 2924 442 2960 μὲν
461 2920 507 2950 οὖν
522 2922 598 2958 ἡμῖν.

678 187 711 214 ΙΝ
730 185 885 215 CARMINA
898 185 1041 214 ARCANA
1060 185 1090 215 S.
1109 186 1286 216 GREGORII.

1770 192 1823 220 802

1028 245 1063 272 ab
1076 245 1164 280 ipsius
1181 247 1283 274 damno
1302 248 1417 275 cavendi
1434 252 1462 275 et
1482 248 1645 283 pmnitentia
1668 249 1756 285 ipsam
1772 251 1820 279 de-

1028 289 1112 323 lendi,
1131 299 1166 319 ne
1181 292 1331 319 inveterata
1346 297 1373 321 et
1385 293 1502 321 validior
1519 292 1592 321 facta
1611 295 1638 322 in
1658 296 1820 326 irremedia—

1027 335 1081 364 bile
1103 335 1212 364 desinat
1232 338 1346 365 malum.

1027 414 1062 441 55
1082 414 1209 442 Scrutare
1226 416 1313 450 potius
1329 421 1353 444 te
1370 416 1456 451 ipsum
1479 425 1558 453 quam
1577 426 1618 446 res
1633 420 1748 448 alienas.

1063 459 1204 495 Siquidem
1228 462 1280 489 sub
1303 470 1385 490 manu
1404 471 1513 498 semper
1541 468 1584 492 est
1609 466 1767 495 hominibus
1792 470 1820 495 et

1026 512 1134 542 gratum
1148 507 1232 535 nimis
1244 508 1331 535 aliena
1342 508 1507 544 investigare
1521 513 1578 537 tum
1590 511 1660 538 bona
1671 516 1727 538 tum
1737 512 1819 544 mala,

1026 553 1138 588 propria
1160 561 1227 581 vero
1242 554 1322 589 quasi
1340 555 1468 583 universe
1482 556 1551 583 nihil
1567 563 1676 589 curare,
1694 556 1821 584 hortatur

1026 599 1106 626 divus
1128 601 1260 636 magister
1275 608 1324 628 eos
1340 601 1387 635 qui
1406 601 1450 636 pie
1470 602 1566 629 volunt
1591 602 1684 630 vivere
1698 603 1732 630 ad
1761 609 1822 638 pro-

1026 645 1086 680 pria
1111 646 1200 681 magis
1222 646 1376 682 indaganda
1394 655 1477 682 quam
1500 648 1617 683 proximi
1633 655 1716 683 opera
1728 648 1822 675 curio-

1027 691 1085 718 sius
1114 691 1278 726 requirenda
1307 700 1314 719 :
1341 692 1514 727 propriarum
1550 693 1624 720 enim
1651 700 1700 728 per
1732 692 1822 727 negli-

1027 737 1179 772 gentiarum
1203 745 1317 765 examen
1342 739 1459 773 quisque
1482 746 1512 766 se
1525 746 1728 774 recognoscens
1746 739 1821 766 utili-

1027 787 1109 811 tatem
1132 783 1260 819 percipit,
1289 788 1444 819 serpentem
1469 784 1569 812 furtive
1599 785 1627 812 in
1659 785 1746 820 ipsius
1771 792 1821 812 cor

1027 828 1192 864 irrepentem
1217 830 1347 864 detegens
1377 834 1405 857 et
1427 830 1601 858 confessione
1628 831 1758 857 delictum
1776 838 1821 858 re-

1025 873 1142 909 jiciens;
1177 874 1224 910 qui
1255 883 1322 902 vero
1357 883 1440 911 opera
1472 876 1590 911 proximi
1618 879 1760 903 scrutatur
1794 880 1821 903 et

1026 920 1170 953 discernit,
1206 921 1243 948 illi
1271 921 1380 956 quidem
1409 921 1517 948 lucrum
1550 920 1670 957 acquirit
1699 921 1821 956 seipsum

1026 966 1114 993 tuenti
1129 970 1242 1002 propter
1263 966 1485 1003 objurgationem
1506 971 1533 994 et
1556 975 1571 994 a
1599 970 1713 1002 peccato
1740 967 1822 994 simul

1026 1013 1163 1046 cessanti;
1187 1013 1348 1049 obiurgator
1374 1017 1463 1041 autem
1489 1013 1682 1040 detrimentum
1703 1013 1821 1049 patitur.

1026 1058 1049 1085 si
1070 1057 1139 1085 forte
1158 1066 1213 1086 non
1231 1059 1300 1091 zelo,
1330 1059 1378 1087 sed
1404 1059 1506 1087 invidia
1527 1064 1555 1087 et
1579 1059 1684 1086 malitia
1702 1059 1822 1094 proximi

1025 1111 1108 1139 opera
1125 1104 1308 1140 indagaverit;
1327 1104 1421 1140 itaque
1439 1105 1507 1132 dicit
1524 1105 1667 1133 meliorem
1684 1105 1821 1132 rationem

1025 1158 1139 1185 operum
1151 1158 1214 1178 esse
1230 1154 1258 1178 et
1280 1152 1517 1186 percontationem
1534 1159 1618 1187 quam
1635 1151 1795 1178 divitiarum
1811 1159 1819 1166 -

1027 1196 1124 1223 harum
1137 1196 1209 1224 enim
1245 1200 1380 1232 quantum
1411 1197 1574 1233 supputabis
1611 1197 1822 1230 abundantiam.

1026 1243 1138 1277 quantis
1152 1242 1253 1271 curans
1277 1243 1390 1270 ell'ocari
1402 1243 1550 1276 videberis,
1577 1243 1743 1270 transitoria:
1759 1250 1822 1278 qua:

1027 1293 1104 1321 sunt,
1118 1289 1179 1316 ali-.e
1194 1289 1229 1317 ad
1240 1288 1308 1317 alios
1318 1289 1428 1317 ellluent
1440 1293 1467 1317 et
1482 1290 1592 1326 agitata:
1609 1297 1664 1317 non
1675 1289 1724 1317 tibi
1735 1296 1823 1317 rema-

1027 1335 1150 1368 nebunt,
1178 1343 1291 1370 operum
1325 1343 1391 1363 vero
1416 1336 1587 1371 comparatio
1624 1340 1652 1363 et
1682 1335 1822 1363 rationum

1028 1381 1126 1407 animae
1149 1380 1282 1408 discretio
1306 1384 1334 1408 et
1358 1381 1512 1415 purificatio
1527 1381 1561 1408 ad
1582 1381 1824 1417 morigeratiouem

1028 1426 1133 1454 ducens
1149 1426 1274 1453 tinuatur
1288 1430 1314 1454 et
1325 1427 1352 1453 in
1368 1431 1503 1454 aeternum
1521 1431 1675 1463 permanet.

1029 1472 1062 1500 57
1079 1471 1228 1499 Continuus
1244 1472 1291 1499 tibi
1304 1472 1381 1499 labor
1402 1473 1476 1500 situt
1497 1481 1570 1500 mens
1599 1478 1644 1500 tua
1666 1473 1826 1508 informatur

1030 1519 1065 1546 58
1092 1518 1195 1546 Divinis
1218 1519 1423 1554 cogitationibus
1457 1524 1482 1546 et
1506 1520 1674 1546 salutaribus
1704 1522 1826 1551 monitis.

1065 1564 1227 1597 Audiamus,
1245 1565 1292 1599 qui
1307 1565 1455 1592 asceticam
1467 1570 1493 1592 et
1506 1565 1586 1600 juxta
1600 1566 1731 1593 virtutem
1741 1568 1824 1596 vitam

1030 1611 1174 1647 elegimus,
1188 1618 1249 1646 quae
1262 1611 1360 1639 suadet
1383 1615 1413 1637 ut
1430 1610 1564 1638 faciamus
1586 1611 1696 1639 virtutis
1715 1612 1825 1648 legisla-

1031 1660 1083 1684 tor.
1105 1656 1224 1691 Spiritus
1248 1656 1328 1684 nobis
1353 1655 1546 1683 indesinenter
1570 1655 1607 1683 sit
1631 1656 1768 1684 sollicitus
1790 1657 1824 1685 de

1031 1702 1134 1730 sanctis
1147 1705 1175 1729 et
1190 1702 1292 1729 divinis
1307 1701 1522 1737 cogitationibus
1539 1702 1699 1729 conversari
1716 1706 1743 1729 et
1765 1710 1826 1737 qua:

1032 1748 1147 1783 gratiam
1163 1751 1289 1783 spectant
1305 1752 1395 1779 curet,
1423 1752 1506 1783 atque
1532 1747 1684 1775 secundum
1710 1748 1763 1776 ista
1783 1749 1827 1776 in-

1032 1794 1131 1821 formet
1152 1797 1180 1822 et
1197 1794 1324 1822 instituat
1352 1794 1433 1820 vitam
1462 1793 1583 1829 dirigens
1612 1793 1644 1821 ad
1670 1794 1775 1829 praxim
1799 1799 1827 1822 et

1031 1839 1257 1873 meditationem;
1286 1840 1386 1875 linguae
1417 1847 1532 1874 parcere
1559 1843 1586 1866 et
1613 1839 1701 1874 ipsius
1720 1840 1826 1867 inordi-

1031 1890 1125 1913 natum
1141 1886 1291 1920 reprimere
1307 1885 1471 1920 praescribit,
1488 1886 1526 1912 ita
1544 1889 1572 1912 ut
1589 1892 1640 1912 nec
1668 1884 1749 1912 facile
1774 1892 1825 1912 nec

1032 1930 1187 1965 petulanter
1203 1934 1327 1964 erumpat
1341 1930 1368 1956 in
1386 1929 1510 1956 docendo
1523 1933 1569 1955 aut.
1588 1928 1800 1964 dogmatizando
1816 1939 1823 1957 :

1031 1983 1152 2010 namque
1170 1983 1233 2002 cum
1256 1983 1311 2002 non
1333 1974 1479 2006 refra*nat,a
1508 1978 1633 2001 movetur
1656 1974 1685 2002 in
1715 1982 1824 2002 onmem

1031 2028 1197 2053 sermonem,
1214 2021 1241 2047 in
1267 2020 1382 2048 lethalcs
1396 2020 1515 2048 haereses
1535 2020 1597 2047 illos
1611 2020 1656 2055 qui
1675 2027 1730 2047 non
1744 2027 1760 2047 a
1775 2020 1825 2048 de-

1031 2067 1103 2095 lictis
1127 2075 1175 2102 per
1199 2067 1285 2102 ipsam
1302 2070 1458 2101 pra‘eavent
1474 2066 1551 2094 novit
1561 2066 1691 2094 inducere
1706 2069 1732 2094 et
1746 2066 1827 2094 facile

1032 2113 1161 2149 periculis
1187 2120 1324 2147 exponere
1358 2111 1498 2145 animam;
1542 2112 1601 2146 ipsa
1629 2115 1720 2138 autem
1751 2115 1826 2138 recte

1032 2162 1177 2185 moveatur
1204 2161 1232 2185 et
1263 2157 1334 2184 bene
1360 2164 1517 2184 sermonem
1553 2157 1662 2192 pietatis
1691 2157 1823 2191 proferat,

1032 2205 1072 2232 sic
1108 2203 1333 2239 reprehensibilis
1371 2210 1427 2230 non
1465 2207 1508 2231 est
1542 2202 1618 2237 gvita,
1652 2202 1745 2230 minus
1783 2206 1827 2229 est

1031 2250 1111 2277 bonae
1135 2250 1250 2285 loquelae
1278 2249 1386 2277 lucrum
1415 2256 1468 2277 nec
1486 2249 1570 2276 multa
1585 2248 1690 2277 utilitas
1712 2247 1827 2276 audien-

1033 2296 1106 2324 tibus
1124 2296 1271 2331 praebetur.

1034 2430 1065 2457 6|
1083 2430 1211 2464 Aspectus
1229 2437 1270 2456 me
1281 2428 1408 2463 abripuit,
1426 2428 1471 2456 sed
1491 2432 1577 2455 tamen
1589 2435 1629 2454 me
1640 2426 1754 2454 cohibiti.

1072 2473 1231 2501 Moderatus
1252 2473 1382 2508 spiritum
1399 2477 1426 2500 et
1443 2473 1565 2508 linguam
1586 2472 1697 2499 divinus
1718 2471 1826 2505 doctor,

1035 2518 1136 2547 exinde
1153 2518 1274 2553 reliquos
1290 2525 1389 2546 sensus
1408 2518 1547 2546 naturales
1565 2517 1716 2553 componit.
1734 2516 1828 2549 Visus.

1036 2565 1143 2600 inquit,
1174 2564 1266 2592 subito
1286 2564 1377 2598 rapuit
1412 2571 1558 2598 corporum
1595 2563 1828 2598 pulchritudinem

1037 2611 1210 2644 illuminans,
1227 2614 1361 2645 quantum
1379 2609 1506 2636 miranda
1519 2610 1610 2637 oculis
1626 2609 1829 2644 concupiscen-

1037 2658 1083 2685 tiae
1097 2657 1176 2686 obvia
1194 2656 1275 2684 ﬁunt.
1291 2656 1374 2683 Visus
1393 2657 1451 2691 ipse
1466 2663 1561 2683 omnes
1582 2663 1681 2683 sensus
1694 2661 1828 2689 superans

1037 2704 1157 2732 efficacia
1174 2706 1202 2731 et
1224 2702 1383 2729 reverentia:
1400 2701 1574 2734 necessitate,
1591 2701 1691 2735 quippe
1702 2699 1748 2734 qui
1769 2706 1829 2726 om-

1039 2750 1117 2777 nium
1138 2748 1311 2776 sensibilium
1334 2747 1519 2781 pulchriorem
1540 2746 1672 2781 fulgorem
1692 2743 1828 2779 percipit;

1039 2795 1118 2822 visus
1141 2800 1207 2828 ergo
1233 2793 1327 2821 subito
1354 2800 1455 2828 corpus
1482 2791 1618 2827 quoddam
1648 2790 1754 2825 fulgens
1782 2791 1831 2815 aut

1041 2837 1236 2875 perpulchrum
1253 2845 1369 2865 cernens
1383 2844 1427 2865 me
1442 2836 1550 2872 rapuit,
1565 2835 1683 2863 alienum
1704 2841 1748 2861 me
1764 2832 1829 2861 εδει

1079 2918 1135 2954 (97)
1151 2916 1220 2945 Cod.
1237 2917 1368 2954 ὲξαίφνις.
