4082 6398
503 403 608 460 803

505 523 652 588 tulit,
685 530 857 576 totum
890 519 1133 576 incendit
1167 525 1294 574 ante
1318 523 1675 588 conspectam
1706 515 2079 587 pulchritudi-

505 631 668 681 nem;
718 613 814 668 sed
857 625 1147 684 repressus
1172 619 1277 678 est,
1324 609 1418 665 sed
1447 609 1725 664 cohibitus
1765 617 1849 664 est
1893 610 2090 664 timore

506 705 604 761 Dei
628 712 682 760 et
714 703 1101 759 mandatorum
1131 702 1532 766 recordatione,
1559 701 1642 756 sic
1675 714 1977 756 conversus
2008 708 2093 755 est

506 806 564 852 et
609 796 915 852 exstinctus
960 802 1066 858 est,
1116 794 1189 847 ita
1231 800 1290 846 ut
1330 793 1386 848 in
1437 792 1618 847 anima
1659 808 1769 847 non
1816 802 2096 848 remaneat

511 885 952 956 repraasentatio,
976 883 1090 940 sive
1118 885 1406 955 vestigium
1436 896 1530 939 aut
1564 884 1757 939 umbra
1785 884 1913 938 mali
1949 884 2095 938 desi-

503 979 669 1034 ‘derii.
724 976 938 1031 Primus
990 974 1212 1046 gradus,
1258 982 1314 1029 et
1361 976 1565 1047 absque
1603 982 1828 1046 peccato
1859 974 1986 1045 quia
2039 974 2096 1028 lit

522 1085 670 1124 mera
710 1069 908 1138 imago.
947 1067 1005 1122 Si
1044 1075 1226 1122 autem
1266 1067 1446 1138 imago
1497 1077 1604 1124 stet
1638 1078 1689 1122 et
1721 1082 1844 1138 quae
1881 1066 2098 1136 conspi-

513 1159 658 1214 citur
715 1156 888 1212 forma
949 1163 1044 1210 aut
1094 1156 1448 1227 pulchritudo
1502 1173 1627 1212 cum
1685 1157 2100 1228 perturbatione

515 1248 570 1301 in
619 1246 974 1315 intelligentia
1021 1246 1395 1311 inscribatur,
1451 1246 1730 1303 secundus
1777 1255 1863 1303 est
1897 1245 2101 1317 gradus

513 1343 569 1389 ct
619 1333 1034 1403 sciui-perlecta
1080 1335 1240 1404 culpa
1273 1343 1530 1402 vocatur;
1565 1335 1612 1390 si
1655 1344 1835 1391 tamen
1863 1335 2103 1406 fugiatur

511 1433 892 1480 consummata
948 1440 1046 1495 per
1098 1426 1491 1496 experientiam
1539 1428 1723 1498 culpa.
1780 1427 1917 1483 Tres
1973 1441 2103 1496 ergo

512 1517 606 1572 isti
655 1517 856 1589 gradus
893 1518 1055 1572 Iuctze
1092 1527 1222 1573 sunt
1255 1518 1557 1588 spiritualis
1603 1534 1634 1573 a
1673 1519 1954 1573 communi
2000 1516 2104 1571 iui-

514 1610 660 1664 mico
702 1610 908 1666 nostris
958 1610 1250 1665 animabus
1303 1610 1494 1678 oblati,
1545 1610 1748 1682 imago,
1792 1609 2104 1674 delectatio,

513 1701 881 1772 experientia.
909 1699 1220 1754 Fortissimi
1251 1710 1336 1755 est
1358 1701 1537 1770 primo
1565 1703 1750 1756 audito
1779 1703 2104 1756 intentatam

515 1807 548 1847 a
581 1792 936 1863 sequentibus
967 1792 1265 1859 resistere;
1294 1803 1347 1847 et
1373 1795 1418 1848 si
1451 1793 1506 1848 in
1548 1794 1852 1848 secundum
1887 1793 2104 1848 induci-

517 1901 663 1948 mur,
714 1883 962 1938 secundo
1014 1882 1190 1953 gradu
1235 1882 1438 1938 bonum
1484 1895 1633 1940 esset
1675 1886 1846 1939 multa
1894 1895 2104 1958 tempe-

517 1977 694 2032 rautia
731 1985 782 2030 et
822 1976 1078 2047 prudenti
1112 1975 1296 2030 animo
1329 1985 1545 2032 utentes
1579 1976 1794 2032 ruinam
1822 1979 2105 2049 experien-

515 2071 605 2124 tia:
641 2068 861 2123 totalem
897 2067 1092 2122 vitare.

515 2205 590 2262 65
624 2203 764 2262 Cera
785 2219 940 2258 aures
971 2203 1184 2258 obstrue
1207 2201 1458 2257 adversus
1484 2217 1670 2272 pravos
1688 2218 1973 2258 sermones.

587 2296 1062 2364 Quemadmodum
1107 2311 1203 2366 per
1250 2296 1428 2349 visum
1468 2295 1626 2365 quasi
1670 2309 1771 2364 per
1828 2293 2109 2350 fenestras

518 2389 918 2460 cupiditatibus
939 2388 1007 2444 ad
1042 2388 1468 2444 fornicationem
1498 2387 1879 2442 allicientibus
1902 2388 2110 2443 intrare

519 2481 576 2537 in
599 2483 837 2537 animam
869 2481 1227 2544 conantibus,
1257 2481 1352 2551 qui
1387 2479 1650 2550 prudenti
1677 2479 1850 2535 utitur
1875 2479 2110 2536 consilio

517 2575 743 2628 obturat
775 2573 968 2628 oculos
1001 2580 1058 2628 et
1086 2572 1158 2627 ab
1189 2572 1275 2626 bis
1303 2570 1526 2626 divertit
1553 2579 1608 2627 et
1628 2571 1920 2636 alienatur,
1949 2571 2032 2626 sic
2059 2578 2112 2626 et

519 2680 616 2736 per
645 2662 893 2718 auditum
931 2662 1151 2717 allicere
1184 2668 1420 2716 conante
1463 2659 1811 2730 impudente,
1847 2675 1976 2716 cera
2006 2675 2110 2715 au-

518 2772 610 2814 res
646 2756 864 2819 obtura,
905 2752 1229 2822 pronuntiat
1275 2751 1438 2807 divus
1484 2759 1680 2821 pater;
1729 2751 1799 2805 ad
1840 2751 2110 2806 amatoria

517 2847 686 2903 verba
719 2853 773 2900 et
802 2843 1116 2898 indecentia
1149 2850 1202 2896 et
1244 2841 1422 2910 turpia
1453 2850 1508 2896 et
1541 2841 1830 2896 cautiones
1860 2843 2112 2896 meretri-

517 2938 638 2994 cias
666 2934 844 2990 allicit
875 2933 1140 2997 animam,
1184 2929 1540 2984 cantionibus
1577 2929 1872 2984 diabolicis
1903 2928 1972 2984 ad
2011 2943 2111 2983 vo-

455 3072 476 3088 .
521 3029 788 3098 luptatem
818 3022 1171 3079 trahentibus
1199 3020 1352 3076 omni
1391 3035 1497 3092 Ope
1538 3019 1873 3075 dimuentetn
1901 3027 1956 3074 et
1983 3019 2113 3076 eﬂ'e—

519 3121 790 3176 minatum
832 3115 1065 3172 reddere
1112 3113 1368 3185 spiritum
1409 3113 1524 3168 vult
1572 3112 1817 3178 auditus,
1857 3127 2018 3182 quem
2052 3119 2112 3166 tu

519 3208 748 3264 omnino
799 3206 1000 3261 cohibe
1046 3224 1063 3260 :
1109 3202 1587 3271 Quemadmodum
1646 3203 1740 3274 qui
1801 3203 2112 3259 sirenarum

520 3316 696 3372 prope
751 3299 1070 3354 mansiones
1128 3298 1444 3352 canentium
1498 3296 1605 3352 iter
1654 3304 1904 3367 agentes,
1951 3309 2114 3352 aures

521 3407 650 3447 cera
681 3391 840 3459 juxta
871 3397 1064 3458 poetas
1095 3389 1522 3452 obturaverunt.
1566 3387 1650 3444 sic
1694 3395 1749 3442 et
1786 3393 1870 3447 tu.
1913 3385 2112 3455 inquit,

525 3479 698 3538 surdo
729 3479 933 3534 similis
971 3493 1081 3533 non
1121 3478 1355 3534 audiens
1393 3477 1780 3551 symphoniam
1819 3477 2117 3534 fornicarie

525 3569 873 3633 canentium,
909 3568 1168 3636 declina;
1207 3569 1342 3624 solis
1375 3577 1556 3625 autem
1589 3568 1834 3640 pulchris
1861 3577 1916 3624 et
1956 3569 2117 3626 bonis

525 3661 771 3734 Spiritus
810 3661 1054 3716 oraculis
1092 3675 1282 3714 aurem
1318 3675 1533 3730 semper
1572 3658 1874 3716 admovens
1907 3660 2114 3725 cordis,

523 3752 816 3810 incumbas
868 3751 936 3807 ad
992 3751 1288 3807 dicendum
1349 3751 1457 3807 Deo
1505 3750 1684 3807 laudis
1735 3760 1809 3816 et.
1846 3751 2117 3809 orationis

525 3846 754 3900 verbum
782 3851 838 3900 et
868 3843 935 3897 ad
963 3843 1300 3898 audiendum
1327 3843 1396 3898 ab
1430 3842 1551 3913 ipso
1588 3857 1734 3913 saepe
1763 3857 1886 3912 qtae
1927 3841 2117 3898 audire

524 3920 780 4007 oportet;
809 3943 866 3991 et
897 3935 1103 3990 interea
1145 3949 1210 3990 ex
1241 3934 1330 3990 his
1372 3949 1495 4005 qua:
1530 3935 1598 3990 ad
1649 3933 1820 3988 Deum
1877 3933 2113 4000 diceres,

525 4036 622 4081 aut
648 4041 716 4082 ex
761 4027 846 4082 bis
877 4042 998 4098 quae
1050 4026 1120 4080 ab
1175 4026 1296 4096 ipso
1341 4025 1587 4091 audires,
1643 4024 1828 4081 facere
1881 4026 1968 4082 vel
2011 4025 2115 4080 ali-

526 4119 660 4190 quid
691 4134 942 4189 parvum,
976 4119 1030 4174 id
1064 4117 1346 4174 evidenter
1367 4125 1646 4191 praecepto
1682 4125 1737 4174 et
1765 4116 1971 4174 virtute
2023 4117 2113 4173 di-

527 4225 697 4280 gnum
731 4215 839 4265 est.

528 4301 598 4356 69
634 4299 759 4354 Non
790 4309 836 4355 te
863 4299 1012 4354 valde
1036 4299 1330 4354 dissoluant
1364 4298 1552 4355 odores
1575 4299 1888 4368 effeminati.

601 4390 862 4447 Mundatis
910 4391 1144 4446 maculis
1177 4407 1300 4462 quae
1335 4406 1431 4460 per
1455 4391 1636 4447 visum
1670 4400 1726 4443 et
1763 4388 2015 4444 auditum
2063 4387 2117 4442 in

531 4481 772 4544 animam
829 4481 1111 4544 incidunt,
1171 4497 1296 4550 qua:
1349 4480 1417 4534 ab
1453 4481 1578 4535 aliis
1630 4479 1886 4536 sensibus
1928 4493 2122 4535 conse-

531 4576 778 4638 quuntur
806 4569 1223 4638 inquinamenta
1246 4579 1297 4623 et
1323 4568 1474 4623 labes
1503 4575 1700 4638 purgat
1727 4567 2024 4626 exhortans
2052 4569 2122 4624 ad

534 4675 645 4714 non
677 4660 840 4716 nimis
872 4659 1372 4714 iutumescendum.
1405 4657 1482 4714 De
1509 4659 1617 4724 his,
1651 4675 1753 4716 nec
1784 4676 1886 4717 nos
1915 4661 2125 4718 eﬂ‘emi-

536 4752 749 4806 nandos
767 4751 824 4806 in
846 4750 1214 4806 suavitatibus
1236 4749 1467 4806 odorum
1484 4750 1786 4808 dissolutos
1807 4762 1861 4808 et
1875 4753 1932 4808 in
1953 4753 2125 4809 varie-

535 4845 746 4901 tatibus
769 4843 1180 4899 esculentorum
1215 4842 1456 4898 mellitos
1487 4851 1542 4899 et
1576 4844 1633 4898 in
1657 4851 1916 4901 contactu
1942 4845 2123 4902 delec-

535 4947 682 4994 tatos
721 4945 778 4993 et
819 4935 1018 4991 furtive
1057 4933 1336 4999 inductos,
1381 4935 1582 5005 quibus
1616 4937 1872 4993 comitem
1896 4953 1955 4994 se
1983 4937 2124 4994 dans

535 5027 960 5098 intemperantia
990 5033 1045 5082 et
1069 5026 1463 5082 incontinentis
1484 5043 1514 5082 a
1540 5027 1633 5082 Dei
1669 5029 1865 5085 timore
1892 5037 1948 5084 et
1968 5043 2126 5084 man-

537 5120 684 5176 datis
721 5119 1003 5188 elongant;
1042 5117 1129 5175 bis
1169 5118 1312 5173 enim
1345 5120 1716 5190 voluptatibus
1761 5120 1954 5192 ignave
1993 5136 2124 5177 suc-

537 5212 808 5268 cumbens
829 5219 884 5266 et
917 5219 1230 5274 enervatus,
1261 5211 1394 5266 dicit
1424 5212 1818 5283 cupiditatibus
1840 5220 2125 5282 exemptus

540 5317 744 5359 sermo.
771 5301 832 5356 In
861 5317 969 5372 quo
991 5301 1187 5357 animm
1205 5310 1472 5372 quaestum
1493 5315 1550 5358 et
1566 5302 1734 5357 animi
1757 5303 1925 5358 robur
1939 5311 2125 5358 osten-

537 5395 678 5451 des?
706 5392 952 5464 Namque
983 5394 1245 5452 odoratus
1275 5411 1372 5466 per
1393 5396 1591 5451 odores
1618 5396 1891 5450 excitatur
1911 5435 1925 5459 ,
1965 5408 2126 5464 sapo-

541 5487 697 5541 ribus
730 5493 924 5556 gustus
963 5485 1106 5540 ultra
1136 5487 1358 5541 modum
1386 5485 1586 5556 gaudet
1621 5493 1674 5541 et
1703 5485 1954 5552 inservit,
1983 5485 2125 5540 lenia

539 5585 747 5633 tactum
784 5585 1052 5634 recreant.
1094 5576 1252 5632 Unde
1286 5578 1453 5648 igitur
1481 5592 1603 5648 quin
1635 5578 1812 5633 virum
1845 5584 2128 5633 sanctum-

541 5681 648 5734 que
669 5668 856 5722 dicent
881 5666 1197 5737 concipies?
1225 5663 1354 5720 Haec
1381 5666 1527 5720 enim
1561 5665 1746 5721 omnia
1779 5666 1975 5721 anima:
2014 5680 2126 5721 non

543 5757 717 5813 virilis
751 5766 807 5811 et
846 5757 1093 5813 feminea:
1116 5769 1170 5812 et
1200 5757 1445 5830 gentiqu
1468 5757 1837 5828 peccatricum
1881 5759 1936 5815 in
1976 5766 2124 5815 terra

618 5883 732 5959 (98)
764 5884 900 5944 Cod.
935 5886 1298 5957 καταθεογομ.

1851 391 2146 452 NICETAS
2218 391 2426 450 DAVID

3672 382 3791 440 θυι

2193 533 2284 586 με,
2319 515 2438 568 ὅλον
2472 509 2636 582 ἐξῆψε
2665 508 2759 564 τοῦ
2798 505 3072 577 θεωμένου
3097 501 3352 565 κάλλους⁸
3407 499 3520 553 ἀλλ’
3545 501 3790 571 ἐπεσχὲ-

2193 605 2258 676 θη
2281 649 2295 670 ,
2332 604 2446 657 ἀλλ’
2477 603 2719 670 ἀνεκόπη
2758 598 2910 669 φόϐῳ
2936 593 3104 656 Θεοῦ,
3137 593 3233 646 καὶ
3266 591 3365 662 τῆς,
3392 591 3607 662 ἐντολῆς
3637 593 3787 646 ὑπο-

2197 698 2390 768 μνήσει
2417 713 2430 727 ο
2460 694 2633 756 οὕτως
2663 691 2941 762 ἀνετράπη
2984 703 3042 740 τε
3072 685 3165 738 καὶ
3197 682 3497 745 ἀπολώλει,
3531 681 3605 745 ὡς
3639 682 3789 753 μηδὲ

2195 786 2414 840 εἴδωλον
2437 827 2451 849 ,
2479 782 2654 836 είτουν
2687 781 2833 851 ίχνος
2865 778 2899 849 ἢ
2928 777 3241 845 φάντασμα,
3272 769 3568 841 ἐπιθυμίας
3599 771 3789 840 κακῆς

2197 879 2532 948 παραμεῖναι
2593 877 2659 944 τῇ
2716 871 2886 942 ψυχῇ.
2937 867 3110 921 Τοῦτο
3159 867 3376 938 πρῶτος
3430 863 3631 934 βαθμδς
3689 864 3790 916 καὶ

2198 969 2472 1042 ἁμαρτίας
2495 967 2664 1038 χωρὶς
2683 1007 2698 1031 ,
2749 964 2831 1016 ὃτι
2859 961 2989 1032 ψιλὴ
3027 960 3218 1028 γέγονε
3251 955 3524 1027 προσϐολή
3547 971 3560 983 ·
3599 955 3702 1006 ἐὰν
3729 952 3789 1005 δὲ

2197 1061 2416 1120 εἴδωλον
2444 1061 2544 1131 στῇ
2575 1059 2670 1112 καὶ
2707 1055 2769 1110 τὸ
2793 1055 2890 1109 τοῦ
2924 1053 3184 1123 ὀφθέντος
3221 1047 3358 1112 εἶδος
3385 1049 3418 1118 ἢ
3451 1047 3650 1109 κάλλος
3681 1047 3790 1115 ἑμ-

2201 1154 2391 1221 παθῶς
2419 1155 2452 1224 ἡ
2474 1150 2682 1204 διάνοια
2707 1149 2872 1218 ἑαυτῇ
2905 1139 3550 1214 ὲναπογράψηται,τοῦτο
3577 1136 3794 1209 saepe;

2201 1246 2452 1316 δεύτερος
2508 1243 2602 1296 καὶ
2656 1239 2919 1312 ἡμιτελὴς
2954 1237 3199 1308 ἁμαρτία
3240 1231 3603 1306 χρηματίζει,
3637 1230 3696 1283 εῐ
3722 1247 3790 1298 γε

2203 1337 2311 1408 ἄρα
2330 1335 2429 1406 τὴν
2455 1334 2542 1388 διὰ
2562 1333 2760 1404 πείρας
2790 1330 3002 1384 τελείαν
3023 1325 3290 1390 ὑπαλύξαι
3315 1322 3607 1394 ἁμαρτίαν.
3622 1321 3796 1392 Τρεῖς

2204 1421 2298 1480 οὖν
2325 1420 2472 1478 οὗτοι
2504 1421 2704 1492 βαθμοί
2754 1421 2860 1472 εἰσι
2907 1417 3009 1487 τῆς
3042 1415 3220 1484 πάλης
3270 1411 3372 1482 τῆς
3415 1409 3645 1480 νοητῆς,
3683 1409 3792 1461 ὑπὸ

2204 1515 2300 1570 τοῦ
2332 1513 2514 1569 κοινοῦ
2560 1509 2867 1583 Δυσμενοῦς
2894 1510 3014 1572 ταῖς
3047 1504 3346 1577 ἡμετέραις
3379 1501 3792 1569 ὐποτεινόμενοι

2204 1608 2434 1677 ψυχαῖς,
2477 1601 2783 1675 προσϐολὴ,
2818 1597 3086 1668 φαντασία
3123 1613 3184 1649 τε
3224 1593 3319 1647 καὶ
3354 1594 3538 1663 πεῖρα.
3579 1589 3793 1661 Κράτι-

2211 1715 2336 1751 στον
2372 1697 2468 1768 μὲν
2503 1691 2610 1748 οὖν
2655 1693 2746 1745 τον
2779 1691 2996 1762 πρῶτον
3026 1684 3547 1756 ἀποκρουσαμένους
3568 1721 3582 1743 ,
3626 1680 3792 1734 ἀπεί-

2209 1805 2372 1861 ρατον
2404 1787 2588 1858 μένειν
2616 1783 2724 1837 τῶν
2753 1781 2882 1852 ἑξῆς
2909 1797 2924 1812 ο
2961 1781 3008 1832 εί
3040 1779 3096 1832 δὲ
3141 1777 3237 1830 καὶ
3263 1775 3342 1846 τῷ
3379 1773 3618 1844 δευτέρῳ
3661 1771 3792 1824 ὓπε-

2208 1881 2550 1951 νεχθείημεν,
2581 1875 2833 1946 δεύτερον
2865 1871 3029 1927 καλὸν
3058 1869 3125 1924 ἂν
3159 1867 3244 1938 εἴη
3265 1910 3280 1934 ,
3307 1865 3468 1937 νήψει
3495 1863 3666 1934 πολλῇ
3695 1861 3793 1915 καὶ

2209 1971 2446 2042 σώφρονι
2472 1968 2548 2040 νῷ
2571 1962 3085 2039 χρησαμένους,τὴν
3111 1960 3198 2015 διὰ
3223 1958 3417 2030 πείρας
3439 1958 3632 2027 φυγεῖν
3656 1970 3791 2007 παν·

2209 2064 2348 2117 ωλεθ
2354 2062 2497 2138 ρίαν.

2211 2201 2281 2257 65
2319 2196 2490 2268 Κηρῷ
2527 2199 2598 2250 τὰ
2628 2188 2749 2250 ὦτα
2785 2191 3026 2263 φράσσε
3059 2187 3209 2258 πρὸς
3245 2184 3519 2255 φαύλους
3545 2181 3787 2250 λόγους.

2283 2295 2533 2363 Ὥσπερ,
2578 2289 2669 2344 διά
2701 2287 2914 2360 θυρίδος
2971 2284 3072 2354 τῆς
3133 2279 3378 2353 ὁράσεως
3433 2275 3526 2330 τοῦ
3588 2275 3793 2336 πάθους

2212 2382 2642 2456 προσϐάλλοντος
2665 2377 2758 2433 τοῦ
2786 2378 2886 2447 τῆς
2915 2371 3168 2445 πορνείας
3198 2367 3502 2439 ὲπεισρέειν
3528 2368 3594 2436 τῇ
3623 2363 3791 2456 ψυχῇ,

2210 2478 2240 2531 ό
2260 2455 2511 2547 σώφρονι
2544 2471 2827 2544 χρώμενος
2853 2467 2929 2537 τῷ
2956 2462 3204 2535 λογισμῷ
3224 2502 3240 2528 ,
3270 2461 3370 2531 τὴν
3395 2458 3516 2527 ὄψιν
3539 2455 3791 2547 ἀποκλεί-

2215 2584 2345 2631 σας,
2367 2546 2427 2630 ἐξ
2459 2562 2655 2618 ἑαυτοῦ
2676 2561 2882 2630 ταύτην
2909 2555 3258 2629 άπερράπισε
3282 2551 3374 2605 καὶ
3399 2546 3754 2620 διεκρούσατο
3771 2560 3790 2578 ο

2212 2659 2356 2713 οὕτω
2392 2657 2489 2711 καὶ
2525 2654 2592 2709 δι’
2633 2653 2804 2723 ἀκοῆς
2845 2645 3142 2720 παραδύειν
3172 2643 3270 2713 τῆς
3310 2638 3556 2701 άναιδοῦς
3588 2638 3793 2707 ἐπιχει-

2217 2745 2416 2819 ρούσης
2437 2782 2453 2808 ,
2484 2740 2640 2814 κηρῷ
2677 2739 2889 2812 φράσσε
2922 2736 2990 2789 τὰ
3028 2728 3173 2797 ὦτα,
3212 2733 3241 2783 ὁ
3265 2730 3404 2792 θεῖος
3434 2725 3622 2819 Πατὴρ
3653 2743 3792 2794 γνω-

2219 2818 2465 2909 μοδοτεῖ·
2509 2833 2604 2886 καὶ
2653 2831 2790 2902 πρὸς
2819 2827 3116 2900 ἐρωτικοὺς
3163 2823 3354 2891 λόγους
3383 2820 3480 2874 καὶ
3527 2818 3792 2888 ἀσέμνους

2214 2929 2310 2984 καλ.
2336 2927 2653 2998 ἀσχήμονας
2679 2963 2695 2990 ,
2717 2923 2804 2976 ναὶ
2835 2921 2901 2992 δὴ
2925 2919 3018 2973 καὶ
3045 2917 3267 2989 ᾅσματα
3296 2911 3531 2986 πορνικά
3555 2926 3793 2977 κατακη-

2216 3020 2410 3074 λοῦντα
2439 3016 2619 3088 ψυχὴν
2639 3055 2654 3081 ,
2688 3015 2831 3086 ᾠδάς
2873 3029 2934 3065 τε
2968 3007 3283 3071 διαόολικάς
3337 3005 3475 3076 πρὸς
3504 3003 3701 3075 ἡδονὴν
3736 3001 3794 3053 τὸ

2217 3114 2338 3168 ὅλον
2362 3108 2718 3183 ἡρμοσμένας
2738 3148 2753 3174 ,
2779 3103 3117 3178 θηλυνούσας
3145 3118 3208 3154 τε
3237 3099 3331 3153 καὶ
3352 3095 3794 3168 καταχαυνούσας
3852 3137 3860 3147 .

2217 3205 2310 3260 τὸν
2341 3203 2468 3257 νοῦν
2487 3241 2504 3267 ,
2542 3199 2859 3254 παντάπασι
2891 3195 2990 3266 τὴν
3037 3192 3208 3263 ἀκοὴν
3237 3187 3542 3258 ἀπαγαγὼν
3565 3226 3582 3252 ,
3612 3185 3794 3255 ὥσπερ

2220 3296 2269 3349 oi
2298 3292 2398 3364 τὴν
2424 3290 2732 3361 Σειρὴνειον
2762 3283 3153 3358 παροδεύοντες
3181 3280 3446 3352 φθογγὴν,
3477 3279 3573 3333 καὶ
3598 3278 3668 3331 τά
3687 3271 3795 3330 ὦτα

2221 3383 2409 3456 κηρῷ,
2455 3380 2598 3436 κατά
2629 3379 2728 3451 τὴν
2763 3377 2983 3448 ποίησιν
3008 3415 3025 3441 ,
3054 3373 3460 3445 ἐμφράττοντες
3482 3411 3497 3436 ,
3531 3369 3674 3424 οὕτω
3709 3367 3796 3422 καὶ

2224 3477 2288 3530 σὺ
2315 3513 2330 3538 ,
2377 3473 2542 3544 φησὶν
2565 3511 2580 3536 ,
2611 3470 2744 3524 ὡσεὶ
2777 3468 2959 3538 κωφὸς
2991 3466 3091 3520 οὐκ
3135 3465 3349 3518 ἀκούων
3389 3462 3458 3516 τὰ
3493 3461 3797 3531 λυγίσματα

2221 3568 2330 3620 τῶν
2363 3563 2626 3636 μοιχικῶν
2659 3561 2929 3633 ὲκτρέπου
2961 3556 3160 3630 μελῶν,
3192 3557 3372 3628 μόνοις
3397 3555 3453 3608 δὲ
3478 3556 3588 3618 τοῖς
3612 3553 3799 3617 καλοῖς

2223 3658 2318 3712 καὶ
2347 3655 2569 3725 ἀγαθοῖς
2600 3653 2800 3721 λογίοις
2821 3649 2917 3704 τοῦ
2947 3647 3266 3719 Πνεύματος
3296 3645 3358 3700 τὺ
3387 3641 3479 3708 οὖς
3517 3645 3603 3698 ἀεὶ
3629 3659 3802 3715 παρσ-

2222 3748 2436 3803 6άλλων
2471 3747 2572 3816 τῆς
2608 3742 2868 3816 καρδίας,
2917 3739 3013 3793 καὶ
3062 3739 3238 3792 εἰπεῖν
3278 3735 3415 3806 πρὸς
3468 3735 3601 3787 Θεὸν
3650 3733 3798 3806 ῥῆμα

2221 3840 2482 3904 αἰνέσεως
2523 3837 2620 3891 καὶ
2654 3832 3001 3907 προσευχῆς,
3050 3832 3148 3885 καὶ
3195 3827 3426 3884 ἀκοῦσαι
3473 3826 3601 3900 παρ’
3637 3823 3796 3880 αύτοῦ

2223 3934 2486 3995 πολλάκις
2506 3971 2524 3997 ,
2566 3929 2711 3999 ἀπερ
2740 3925 2962 3981 ἀκούειν
2996 3921 3176 3995 χρεὼν
3199 3961 3215 3988 ,
3253 3921 3394 3975 δίδου
3414 3936 3428 3950 ·
3465 3919 3561 3972 καὶ
3599 3915 3798 3988 μεταξὺ

2221 4025 2300 4092 δὲ,
2329 4018 2406 4079 ὧν
2431 4023 2494 4076 τέ
2519 4038 2604 4084 τις
2626 4019 2764 4090 πρὸς
2793 4016 2928 4070 Θεὸν
2955 4015 3128 4084 λέγοι,
3157 4013 3252 4067 καὶ
3279 4005 3354 4066 ὧν
3375 4010 3441 4065 ἂν
3459 4008 3649 4064 ἀκούοι
3675 4006 3799 4076 παρ’

2222 4116 2389 4172 αὐτοῦ
2415 4153 2432 4179 ,
2463 4113 2558 4169 καὶ
2585 4113 2758 4165 ποιεῖν
2787 4126 2841 4162 τι
2869 4107 3089 4180 μικρὸν,
3117 4104 3264 4173 ἀξιον
3285 4103 3442 4175 δῆλον
3470 4102 3551 4156 ὅτι
3585 4101 3686 4170 τῆς
3715 4102 3800 4153 ὲν-

2221 4208 2383 4276 τολῆς
2408 4206 2503 4260 καὶ
2529 4207 2630 4274 τῆς
2657 4201 2886 4272 ἀρετῆς.

2219 4299 2290 4355 69
2323 4297 2419 4366 Μὴ
2449 4295 2592 4350 λίαν
2619 4291 2826 4362 ὀσμῶν
2861 4291 3084 4346 ἐκλύου
3108 4289 3512 4358 θηλὺσμασιν.

2305 4385 2687 4458 ’Δνακαθάρας
2714 4383 2812 4447 τὰς
2837 4383 2906 4436 δι’
2935 4381 3111 4452 ὅψεως
3164 4380 3259 4434 καὶ
3304 4379 3474 4449 ἀκοῆς
3504 4374 3804 4447 ὲμπιπτούυ

2226 4498 2325 4544 σας
2350 4477 2554 4550 βλάϐας
2581 4478 2648 4547 τῇ
2680 4475 2826 4547 ψυχῇ
2850 4514 2864 4538 ,
2900 4474 2997 4528 καὶ
3024 4473 3095 4526 τά
3115 4471 3224 4526 ἀπὸ
3254 4471 3362 4523 τῶν
3397 4469 3576 4524 ἀλλων
3607 4467 3799 4537 αἰσθή-

2227 4588 2366 4626 σεων
2397 4568 2757 4641 παρεπόμενα
2779 4566 2928 4639 ρύπη
2957 4564 3052 4619 καὶ
3087 4563 3410 4636 μολύσματα
3438 4560 3799 4630 διακαθαίρει,

2225 4660 2509 4734 παραινῶν
2535 4659 2611 4730 μὴ
2637 4657 2760 4711 λίαν
2782 4655 3224 4728 ὑπόχαυνοῦσθαι
3257 4655 3380 4708 κατ’
3403 4651 3574 4716 αὑτάς
3601 4651 3694 4704 καὶ
3719 4649 3803 4718 θη-

2223 4750 2479 4806 λύνεσθαι
2500 4788 2514 4813 ,
2543 4747 2601 4801 ἐν
2629 4763 2690 4799 τε
2715 4747 2836 4808 ταῖς
2861 4745 2969 4798 τῶν
3011 4743 3198 4814 ὀσμῶν
3243 4741 3501 4815 ἡδύτησιν
3548 4737 3804 4808 ἐκλυομέ-

2221 4861 2382 4908 νους,
2419 4841 2477 4896 ἐν
2501 4858 2562 4894 τε
2583 4841 2705 4902 ταῖς
2733 4837 2843 4890 τῶν
2876 4836 3112 4891 ἐδεστῶν
3151 4834 3446 4896 ποικιλίαις
3477 4831 3802 4899 καταθελγο-

2228 4935 2424 5006 μένους
2452 4931 2606 5003 (98),
2646 4929 2706 4984 ἐν
2731 4947 2792 4984 τε
2821 4932 2943 4993 ταῖς
2973 4927 3082 4982 τῶν
3119 4926 3306 4981 ἁπτῶν
3334 4924 3570 4997 ὁμιλίαις
3600 4939 3802 4995 γαργαο

2223 5023 2543 5095 λιζομένους
2595 5021 2692 5076 καὶ
2754 5019 3192 5092 κλεπτομένους,
3245 5014 3326 5082 οἷς
3385 5016 3628 5085 ἀκρασία
3686 5030 3802 5067 συν-

2225 5115 2530 5186 εζευγμένη
2562 5115 2660 5172 καὶ
2697 5113 2966 5169 ἀκολασία
2989 5153 3005 5179 ,
3033 5112 3128 5166 τοῦ
3179 5110 3350 5180 φόϐου·
3377 5109 3513 5163 Θεοῦ
3544 5107 3800 5180 μακρύνει

2225 5208 2319 5260 καὶ
2348 5206 2448 5277 τῆς
2476 5204 2717 5274 ἐντολῆς.
2746 5204 2965 5258 Τούτων
2986 5209 3096 5273 γὰρ
3137 5200 3245 5254 τῶν
3277 5198 3616 5271 ἡδυπαθειῶν
3648 5201 3802 5267 ἀγεν-

2224 5298 2332 5362 νῶς
2363 5296 2930 5366 ὑποκατακλινόμενος
2959 5293 3055 5347 καὶ
3087 5291 3454 5363 θηλυνόμενος
3485 5293 3503 5362 (
3530 5293 3560 5344 ὁ
3593 5289 3804 5357 ἀπαθὴς

2226 5388 2332 5458 ἔφη
2358 5387 2575 5457 λόγος),
2622 5390 2680 5442 ἒν
2705 5387 2814 5442 τίνι
2841 5387 2902 5439 τὸ
2938 5386 3088 5456 λῆμα.
3127 5384 3228 5454 τῆς
3252 5383 3430 5454 ψυχῆς
3465 5382 3561 5435 καὶ
3589 5381 3682 5435 τοῦ
3719 5377 3802 5432 νοῦ

2225 5480 2326 5551 τὴν
2381 5479 2718 5552 στερρότητα
2764 5478 3064 5545 ἐνδείξαιος
3119 5476 3245 5539 Τοῖς
3300 5477 3494 5546 ἀτμοῖς
3548 5473 3659 5544 γὰρ
3695 5472 3802 5542 φτὴν

2225 5571 2497 5642 ὄσφρησιν
2531 5571 2964 5641 παθαινόμενος,
3001 5571 3113 5632 τοῖς
3150 5571 3343 5640 χυμοῖς
3381 5568 3438 5621 δὲ
3474 5567 3575 5638 τὴν
3624 5564 3803 5634 γεῦσιν

2228 5663 2375 5735 πέρα
2423 5661 2519 5716 τοῦ
2551 5662 2765 5726 δέοντος
2797 5661 3126 5734 ὴδυνόμενος
3163 5660 3259 5714 καὶ
3295 5658 3800 5730 καταδουλούμενος.

2226 5759 2347 5820 ταῖς
2375 5755 2614 5826 λειότησι
2641 5754 2699 5809 δὲ
2723 5752 3308 5826 καταμαλακιζόμενος
3333 5750 3432 5823 τὴν
3459 5753 3608 5824 ἁφὴν
3634 5790 3650 5816 ,
3693 5748 3801 5805 πότ’
