4082 6400
419 386 533 443 865

425 502 494 553 ἀν
519 497 896 571 ἀνδροπρεπές
916 515 970 552 τι
990 500 1086 552 καὶ
1108 467 1442 572 άγιοπρεπες
1463 502 1804 572 ὲννοηθείης;
1829 501 2014 555 Ταῦτα

425 591 537 660 γάρ
560 589 742 642 πάντα
766 589 1032 660 ἀνάνδρου
1058 589 1238 661 ψυχῆς
1268 592 1396 660 ῐδια,
1425 593 1518 646 καὶ
1552 591 1884 662 γυναικώδη,
1913 592 2011 646 καὶ

423 681 536 735 τῶν
583 679 930 751 ἁμαρτωλῶν
975 680 1146 734 ἐθνῶν
1194 682 1286 734 ἐπὶ
1332 684 1435 754 γῆς
1490 683 1560 736 τὰ
1599 684 2010 754 σπουδάσματα,

1460 386 1526 443 ΙΝ
1548 385 1859 445 CARMINA
1899 388 2179 446 ARCANA
2220 391 2279 449 S.
2319 390 2672 453 GREGORII.

3597 401 3704 460 806

2123 505 2328 572 studia,
2348 507 2482 561 nihil
2497 523 2788 565 commune
2815 509 3071 567 habentia
3089 527 3213 569 cum
3235 517 3517 586 generosis
3538 527 3703 589 atque

2117 596 2370 654 virilibus
2418 615 2608 655 eorum
2665 602 2760 672 qui
2810 604 3144 674 mancipium
3199 606 3254 660 in
3299 608 3456 664 caelis
3501 611 3701 666 habent

2119 687 2566 757 cogitationibus.

429 777 591 832 οὐδὲν
624 775 680 828 δὲ
726 775 905 830 κοινὸν
933 775 1125 846 ἔχοντα
1163 776 1300 848 πρὸς
1333 777 1404 831 τά
1449 778 1742 850 ἀρῤενωπά
1765 779 1860 834 καὶ
1891 778 2110 850 ἀνδρεία
2141 781 2250 834 τῶν
2269 783 2326 834 ὲν
2346 783 2596 855 οὐρανοῖς
2628 785 2689 839 τὸ
2716 786 3019 858 πολίτευμα
3040 787 3272 859 ἐχόντων
3294 792 3636 862 φρονήματα.

424 960 497 1014 75
537 959 671 1025 Δὸς,
698 956 829 1014 εἷπε
865 961 1116 1030 γαστήρ.

496 1051 750 1115 Κολάσας
796 1053 898 1124 τὴν
939 1053 1028 1108 διά
1073 1053 1182 1109 τῶν
1220 1054 1524 1126 αἰσθήσεων
1577 1056 2010 1128 προσγινομένην

421 1141 697 1214 ἀκρασίαν
731 1144 826 1197 καὶ
861 1143 1172 1216 φιληδονίαν
1205 1148 1272 1216 τῇ
1318 1145 1494 1218 ψυχῇ,
1521 1147 1620 1219 τὴν
1656 1155 2014 1220 γαστριμαρ-’

422 1234 550 1302 γίαν
574 1236 632 1289 ἐν
659 1235 870 1300 τούτοις
887 1278 902 1300 ,
927 1235 1005 1300 ὡς
1034 1237 1482 1310 δραστικωτάτην
1509 1236 1674 1293 οὖσαν
1701 1240 1879 1293 αἰτίαν
1907 1239 2009 1311 τῆς

423 1323 722 1396 πορνείας,
773 1326 1087 1382 ἐπικόπτων
1123 1328 1153 1380 6
1187 1327 1655 1397 φιλοσοφώτατος,
1704 1329 1838 1394 Δὸς,
1883 1325 2005 1383 εἷπε

423 1417 639 1489 γαστὴρ
660 1459 674 1483 ,
702 1418 802 1471 ὅσα
841 1419 972 1489 ἡδέα
998 1420 1063 1472 ὲκ
1089 1420 1192 1490 γῆς
1211 1460 1225 1484 ,
1254 1421 1320 1473 ὲκ
1368 1419 1677 1492 Θαλάσσης,
1719 1420 1782 1486 ἐξ
1825 1420 2004 1491 ἀέρος,

421 1509 526 1562 ὅσα
549 1507 736 1579 βρωτά
764 1509 1303 1582 ἐπιδαψιλευόμενηὴ
1336 1513 1710 1583 μεγαλόδωρος
1725 1511 1859 1569 Θεοῦ
1883 1511 2008 1581 χεὶρ

421 1601 504 1663 είς
526 1601 830 1655 ἀπόλαυσιν
857 1602 1198 1672 ἐδωρήσατο⁶
1236 1603 1354 1666 δὸς,
1386 1605 1419 1674 ὴ
1449 1604 1662 1676 γαστὴρ
1689 1599 1842 1670 εἶπεν
1861 1643 1874 1669 ,
1908 1619 2008 1657 κα·

420 1691 774 1762 τεδηδοκέναι
799 1692 894 1746 καὶ
919 1692 1130 1757 τούτοις
1169 1692 1460 1765 ἀπλήστως
1489 1697 1830 1767 ἐπεντρυφᾷν
1855 1712 1868 1725 ·
1896 1695 2007 1763 ἐγὼ
2027 1679 2044 1696 κ

418 1783 479 1837 δὲ
513 1785 652 1856 πρὸς
693 1785 898 1857 αὐτὴν,
953 1786 1029 1849 ὡς
1073 1786 1196 1840 Ἐὰν
1257 1787 1550 1858 σωφρόνως
1601 1787 1696 1841 καὶ
1734 1790 1814 1851 εἰς
1849 1787 2007 1854 δόξαν

421 1875 562 1929 Θεοῦ
587 1879 700 1940 τοῖς
727 1876 1023 1948 διδομένοις
1044 1879 1278 1950 χρῆσθαι
1304 1878 1450 1948 εἰδῇς
1468 1917 1483 1940 ,
1505 1878 1663 1931 δώσω
1688 1878 2004 1951 προθύμως,

421 1969 564 2022 καθὸ
585 1968 842 2040 θεμιστόν
859 1986 872 2000 ’
906 1970 1001 2024 ὲάν
1019 1969 1076 2022 δὲ
1101 1971 1176 2042 μὴ
1202 1970 1493 2040 σωφρόνως
1523 1971 1656 2041 μηδὲ
1681 1972 2008 2044 συμμέτρως

422 2064 491 2132 τῇ
544 2059 840 2114 ἀπολαύσει
879 2060 1197 2132 κεχρημένη
1222 2100 1238 2124 ,
1278 2060 1414 2131 πρὸς
1445 2062 1513 2113 τά
1549 2061 1699 2114 κάτω
1725 2061 1782 2115 δὲ
1815 2063 1910 2116 καὶ
1937 2062 2006 2117 τὰ

423 2147 766 2219 ὑπογάστρια
835 2148 982 2219 πάθη
1060 2148 1388 2201 συννεύουσα
1415 2188 1431 2213 ,
1490 2149 1820 2221 ὑπέκκαυμα
1870 2151 2007 2223 πρὸς

419 2238 710 2307 ἀσέλγειαν
731 2239 826 2293 καὶ
847 2237 1006 2310 ὓϐριν
1036 2239 1321 2310 λαμϐάνῃς
1343 2237 1438 2292 τοῦ
1471 2243 1831 2313 πεποιηκότος
1849 2281 1864 2306 ,
1889 2242 2006 2306 πῶς

418 2329 577 2384 δώσω
596 2347 611 2396 ;
639 2329 672 2400 ἢ
699 2331 904 2402 κόπρον
933 2333 1051 2402 μὲν,
1084 2333 1203 2403 ἦτοι
1225 2332 1324 2402 τὴν
1346 2331 1650 2400 ἀναγκαίαν
1673 2333 1766 2387 καὶ
1787 2329 1857 2406 ἦς
1875 2335 2002 2391 ἄνευ

419 2420 522 2492 ζῇν
551 2422 654 2476 οὐκ
699 2421 811 2488 ἔνι,
864 2421 1008 2494 λήψῃ
1039 2423 1246 2495 τροφὴν
1272 2462 1288 2487 ,
1323 2421 1684 2486 σπανίζουσαν
1712 2424 1770 2477 δὲ
1817 2427 1910 2479 καὶ
1942 2425 2003 2478 ού

419 2509 652 2582 δαψιλῆ,
683 2513 758 2575 ώς
794 2512 862 2567 ἂν
896 2513 971 2584 μὴ
1003 2513 1092 2568 διὰ
1121 2515 1215 2569 τὸν
1259 2517 1424 2587 κόρον
1465 2517 1850 2587 ὲκπυρουμένη
1882 2515 2004 2582 ὲξυ-

423 2606 637 2679 ϐρίζοις
661 2621 674 2634 ·
705 2606 889 2658 εἴποτε
917 2604 973 2657 δὲ
995 2644 1010 2670 ,
1045 2605 1180 2676 φησὶ
1203 2645 1220 2672 ,
1249 2606 1678 2677 σωφρονισθεὶοα
1707 2608 1772 2677 τῇ
1806 2606 2000 2678 ἐνδείᾳ,

418 2698 627 2768 ἑαυτήν
658 2713 719 2749 τε
751 2695 1075 2765 κατάσχοις,
1130 2697 1225 2750 καὶ
1269 2697 1366 2760 τὰς
1400 2697 1627 2765 ἀλόγους
1657 2696 1866 2767 ὀρέξεις
1907 2697 2001 2749 τοῦ

418 2787 676 2859 σώματος
705 2785 1146 2854 ἀνασειράζουσα
1190 2786 1287 2840 καὶ
1330 2787 1710 2841 ἀνακόπτουσα
1742 2805 2004 2842 ταπεινω⁹

416 2879 604 2950 θείης,
638 2878 700 2932 οὐ
737 2875 1077 2947 φθονήσομέν
1109 2893 1190 2930 σοι
1220 2879 1315 2931 καὶ
1352 2877 1451 2949 τὴν
1483 2877 1812 2950 ἀποχρῶσαν
1842 2879 2002 2933 πλου-

416 2970 678 3040 σιώτερον
705 2967 1104 3038 ὲπιχορηγῆσαι
1143 2969 1367 3039 τροφήν.

414 3063 483 3116 77
517 3061 720 3127 Γέλως
753 3058 1012 3130 γέλωτος
1042 3053 1112 3112 εὖ
1134 3059 1470 3127 φρονοῦσιν
1495 3060 1682 3126 ἄξιος.

500 3150 835 3212 Ἀκολούθως
872 3151 900 3203 6
959 3150 1334 3219 σωφρονιστὴς
1379 3150 1487 3204 τῶν
1536 3150 1673 3206 νέων
1718 3150 1997 3222 θεηγόρος,

420 3238 561 3310 μετά
585 3239 646 3292 τὸ
682 3237 938 3308 ἐπικόψαι
967 3237 1322 3308 λαιμαργίαν,
1356 3240 1451 3293 καὶ
1475 3239 1571 3312 τὴν
1606 3240 1698 3297 ἔτή
1728 3243 1845 3306 ταῖς
1869 3259 2002 3313 τρα-

417 3327 616 3394 πέζαις
649 3327 1055 3397 κοιλιομανίαν,
1089 3329 1185 3382 καί
1234 3329 1324 3382 τὸν
1361 3331 1787 3403 συνεζευγμένον
1817 3334 2001 3398 αὐτοῖς

413 3420 630 3489 γέλωτα
653 3417 910 3489 πορνικὸν
937 3419 1289 3490 ἐπιρραπίξει
1307 3437 1320 3450 ·
1347 3424 1441 3475 καὶ
1462 3422 1640 3478 πάντα
1671 3423 1768 3496 μὲν
1788 3424 2000 3494 γέλωτα

412 3508 652 3578 γέλωτος
686 3507 834 3572 ἀξιον
869 3502 1048 3574 εἶναι,
1084 3507 1146 3561 οὐ
1183 3511 1343 3579 μόνον
1391 3510 1466 3575 ὠς
1495 3513 1801 3585 παιδαρίοις
1830 3516 1999 3569 ἅπαις

412 3599 621 3664 δεύτοις
644 3598 989 3671 προσήκοντα
1027 3597 1122 3652 καὶ
1151 3599 1400 3672 ἀνοήτοις
1420 3641 1434 3666 ,
1460 3597 1541 3667 οἷς
1571 3604 1688 3668 ὅλος
1712 3607 1740 3658 ὁ
1761 3604 1875 3675 βίος
1899 3624 1997 3659 κα-

413 3691 748 3760 ταγέλαστος
771 3729 786 3754 ,
822 3689 924 3742 καὶ
965 3689 1298 3759 ἀκόλαστος,
1341 3695 1435 3745 καὶ
1485 3695 1731 3766 ἀκρατὴς
1757 3737 1772 3763 ,
1807 3698 2000 3768 εὐτρα-

413 3782 628 3846 πελίαις
669 3782 762 3835 καὶ
808 3781 1214 3852 αἰσχρολογίαις
1266 3782 1406 3848 ζῶσι
1453 3787 1546 3840 καὶ
1593 3787 1843 3857 ἡδοναῖς,
1897 3790 1996 3858 οὐχ

411 3873 614 3944 ἥκιστα
657 3872 715 3926 δὲ
759 3871 849 3926 τὸν
885 3871 1142 3942 πορνικὸν
1199 3874 1579 3927 κατάπτυστον
1631 3877 1997 3946 ἀποφαίνεται

412 3965 510 4018 καὶ
543 3963 810 4034 θεοστυγῆ
843 3964 937 4016 καὶ
967 3962 1256 4033 βδελυκτὸν
1277 4003 1293 4027 ,
1327 3965 1402 4029 ὡς
1426 3967 1520 4018 καὶ
1547 3966 1879 4038 ταλανισμοῦ
1901 3970 1995 4023 τοῦ

411 4055 569 4125 παρά
595 4057 706 4117 τοῖς
747 4052 1102 4122 Εὑαγγελίοις
1129 4052 1277 4119 ἄξιον
1299 4094 1314 4119 ,
1350 4056 1445 4110 καὶ
1470 4057 1578 4110 τῶν
1615 4060 1672 4112 ὲν
1701 4061 1767 4129 τῇ
1801 4060 1994 4133 γεέννῃ

413 4147 627 4217 θρήνων
659 4145 754 4198 καὶ
792 4146 1044 4217 ὀδυρμῶν
1085 4146 1366 4220 πρόξενον.
1398 4149 1552 4200 Ἔστι
1603 4148 1660 4201 δὲ
1695 4151 1809 4204 τῶν
1831 4153 1890 4205 ἐν
1916 4153 1994 4224 τῷ

417 4236 664 4308 μέλλοντι
694 4236 850 4290 αἰῶνι
905 4237 998 4290 καὶ
1051 4240 1114 4308 τῇ
1169 4237 1350 4308 κρίσει
1402 4237 1653 4309 δακρύων
1705 4242 1991 4313 προοίμιον

412 4331 546 4400 δρᾷν
577 4330 804 4400 ἐναργὲς
852 4328 913 4381 τὸ
946 4329 1004 4382 ὲν
1047 4329 1189 4401 αὐτῇ
1233 4331 1298 4401 τῇ
1345 4329 1566 4400 ἀτάκτῳ
1603 4331 1849 4402 διαχύσει
1894 4334 1989 4388 τοῦ

411 4418 712 4474 ἀκολάστου
736 4418 970 4487 γέλωτος
991 4419 1046 4488 ἐξ
1059 4419 1153 4472 ὑπε
1162 4418 1496 4490 ρϐαλλούσης
1515 4421 1608 4474 καὶ
1631 4422 1864 4494 σφοδρᾶς
1883 4424 1990 4480 τῶν

416 4506 621 4578 μορίων
669 4507 966 4571 διατάσεως
1017 4509 1113 4561 καὶ
1162 4508 1504 4578 ἀποθλίψεως
1549 4511 1658 4565 τῶν
1695 4512 1991 4585 ὀφθαλμῶν

413 4596 561 4650 ἔστιν
584 4599 672 4650 ὅτε
693 4597 927 4669 δάκρυον
951 4597 1259 4662 ἀποστάζον
1286 4603 1398 4664 τοῖς
1431 4601 1663 4666 πολλοῖς.
1701 4599 1867 4668 Οὗτος
1893 4606 1994 4676 μὲν

410 4683 506 4742 οὖν
545 4691 658 4752 τοῖς
692 4688 936 4760 σώφροσι
965 4691 1373 4759 καταγέλαστος
1401 4695 1430 4746 6
1469 4693 1676 4761 γέλως,
1710 4695 1785 4759 ὡς
1819 4697 1877 4748 ὲν
1913 4697 1992 4768 τῷ

409 4778 661 4848 γίνεσθαι
696 4781 840 4852 μόνῳ
871 4780 1042 4835 δοκῶν
1065 4777 1224 4848 εἶναι,
1253 4783 1347 4836 καὶ
1376 4783 1575 4853 μᾶλλον
1604 4785 1705 4838 οὐκ
1728 4785 1804 4839 ῶν
1834 4787 1868 4858 ἧ
1891 4786 1990 4852 ῶν,

411 4869 878 4943 περισπούδαστος
931 4873 1044 4934 τοῖς
1093 4871 1294 4943 ἄφροσι
1343 4873 1591 4940 γίνεται⁹
1645 4873 1848 4928 ἔστιδὲ
1896 4877 1992 4929 καὶ

408 4958 680 5024 οἴκτιστος
713 4963 741 5014 ὀ
781 4960 974 5024 αὐτὸς,
1000 4961 1076 5024 ὡς
1123 4962 1343 5015 αἰωνίου
1385 4961 1642 5032 πρόξενος
1671 4963 1946 5036 κλαυθμοῦ
1973 4983 1990 5000 ο

409 5049 479 5105 δι’
507 5051 539 5104 ὃ
563 5068 728 5121 φησιν
751 5053 780 5104 ὀ
805 5051 948 5123 ἱερὸς
968 5050 1127 5121 λόγος
1145 5092 1162 5116 ,
1200 5053 1454 5120 κρεῖσσον
1482 5048 1620 5106 εἶναι
1660 5054 1760 5107 καὶ.
1782 5055 1997 5125 βέλτιον

408 5140 493 5194 δτι
518 5141 754 5210 μάλιστα
773 5136 904 5212 ἦθος
930 5143 1173 5214 κατηφὲς
1195 5142 1228 5214 ἢ
1256 5141 1633 5214 τεθρυμμένον
1653 5145 1748 5197 καὶ
1767 5146 1989 5218 ἀσέμνῳ

408 5232 608 5303 γέλωτι
633 5233 1005 5304 διαχεόμενον.

405 5463 470 5522 84
512 5465 756 5532 Wo;
788 5464 984 5537 νόμιζε
1018 5465 1134 5536 τὴν
1164 5469 1398 5539 φρενῶν
1425 5471 1772 5542 εὐκοσμίανε

477 5577 542 5630 Οἱ
571 5577 640 5630 τὰ
672 5577 783 5631 τῶν
819 5579 1088 5650 σωμάτων
1134 5582 1307 5651 κάλλη
1353 5583 1864 5656 περιεργαζόμενοι,
1893 5586 1990 5642 καὶ

401 5667 468 5722 τ’)
508 5668 610 5738 τῆς
645 5669 824 5739 ψυχῆς
870 5669 1093 5742 φίλτρον
1140 5672 1577 5742 ἀναπτεροῦντες
1633 5676 1772 5747 πρὸς
1823 5677 1986 5744 αὐτὰ,

403 5759 779 5829 κατανοήσατε
818 5761 914 5814 καὶ
945 5759 1154 5824 σύνετε,
1184 5760 1260 5826 ὡς
1295 5764 1509 5834 ματαίῳ
1537 5765 1631 5818 καὶ
1653 5764 1988 5838 ψευδωνύμῳ

405 5848 592 5907 κάλλει
625 5849 996 5924 ὲπερείδεσθε.
1030 5851 1244 5915 Κάλλος
1275 5853 1382 5924 γὰρ
1406 5852 1619 5923 ἀληθῶς
1657 5855 1752 5912 καὶ
1781 5857 1987 5930 κυρίως

2115 965 2187 1021 75
2225 965 2341 1030 Da,
2374 968 2544 1039 inquit
2577 981 2770 1026 venter.

2183 1056 2478 1128 Postquam
2516 1077 2612 1130 per
2633 1078 2830 1118 sensus
2859 1063 3055 1119 animae
3077 1065 3447 1122 adhaerentem
3497 1067 3698 1123 intem-

2113 1149 2412 1218 perantiam
2439 1160 2490 1204 et
2519 1152 2861 1222 voluptatum
2887 1168 3127 1210 amorem
3153 1156 3484 1226 objurgavit,
3513 1159 3695 1228 gulam

2110 1237 2166 1290 in
2204 1237 2326 1292 istis
2361 1244 2620 1309 tanquam
2654 1241 3089 1298 ellicacissimam
3139 1244 3518 1302 fornicationis
3561 1263 3696 1302 cau-

2111 1340 2225 1381 sam
2257 1328 2658 1397 reprehendens
2689 1331 2845 1385 valde
2871 1331 3229 1402 philosophus
3252 1333 3355 1400 vir,
3391 1332 3487 1401 Da,
3518 1337 3698 1405 inquit

2109 1427 2310 1487 gaster,
2337 1427 2605 1490 quotquot
2637 1423 2826 1475 suavia
2850 1422 2917 1477 de
2946 1430 3112 1489 terra,
3164 1425 3231 1479 de
3259 1425 3419 1488 mari,
3450 1425 3516 1480 de
3543 1442 3692 1495 aere;

2109 1515 2378 1578 quotquot
2422 1511 2677 1565 alimenta
2712 1511 2928 1567 abunde
2976 1512 3212 1569 fundens
3257 1514 3546 1586 magniﬁca
3600 1515 3695 1570 Ih-i

2109 1615 2308 1655 manus
2359 1601 2424 1655 ad
2476 1600 2768 1656 fruendum
2813 1605 3033 1672 sparsit.
3092 1604 3200 1670 Da,
3252 1605 3433 1675 inquit
3475 1611 3690 1675 gaster,

2109 1693 2324 1761 plenius
2363 1693 2702 1763 gustavisse,
2743 1701 2798 1748 et
2843 1695 2963 1749 istis
3003 1696 3387 1750 insatiabiliter
3426 1697 3688 1766 repletum

2110 1794 2254 1845 esse;
2281 1789 2334 1834 et
2363 1795 2465 1852 ego
2505 1789 2718 1850 gastro:
2755 1782 2815 1836 Si
2844 1783 3122 1853 sapienter
3148 1790 3203 1838 et
3233 1785 3299 1839 ad
3339 1783 3434 1839 Dei
3464 1786 3690 1856 gloriam

2109 1870 2251 1927 datis
2283 1873 2359 1927 uti
2393 1873 2646 1938 seivcris,
2675 1882 2872 1944 sponte
2895 1875 3038 1929 dabo
3061 1883 3326 1947 quantum
3347 1877 3560 1946 justum
3584 1893 3690 1944 est;

2112 1963 2157 2017 si
2199 1972 2379 2018 autem
2414 1980 2524 2019 non
2555 1967 2832 2036 sapienter
2862 1981 2962 2021 nec
2995 1976 3367 2037 temperanter
3393 1970 3688 2026 esculentis

2109 2063 2273 2110 utens
2301 2056 2366 2110 ad
2409 2056 2628 2112 intimas
2656 2066 2713 2112 et
2745 2057 3010 2113 ventrales
3033 2058 3351 2128 cupiditates
3382 2052 3691 2126 declinans,

2109 2143 2442 2200 incentivum
2474 2147 2541 2201 ad
2567 2147 2851 2204 lasciviam
2884 2157 2939 2204 et
2962 2147 3211 2206 Faetoris
3243 2151 3503 2222 injuriam
3527 2153 3691 2207 aﬂ‘ee-

2109 2243 2212 2298 tas.
2248 2237 2378 2305 quid
2413 2238 2602 2294 dabo?
2639 2239 2756 2296 Nisi
2788 2239 2994 2306 limum,
3034 2255 3168 2297 sane
3228 2244 3594 2298 necessariam
3635 2254 3690 2301 et

2108 2326 2225 2382 sine
2283 2344 2390 2399 qua
2449 2330 2634 2386 vivere
2678 2332 2977 2402 nequimus
3030 2345 3280 2389 assumes
3320 2349 3540 2399 escam,
3591 2337 3688 2390 sed

2106 2417 2323 2473 brevem
2373 2432 2427 2474 et
2471 2436 2583 2476 non
2625 2421 3026 2490 abundantem,
3065 2439 3135 2478 ne
3182 2425 3445 2480 satianter
3485 2426 3688 2496 impin-

2106 2518 2302 2577 guatus
2335 2509 2655 2576 insolescas,
2689 2513 2736 2565 si
2768 2511 2930 2579 forte,
2964 2514 3168 2584 inquit,
3200 2514 3416 2585 jejunio
3444 2515 3688 2586 prudens

2106 2597 2330 2655 effectus
2349 2601 2587 2671 teipsum
2611 2603 2874 2658 eobibeas
2899 2613 2954 2658 et
2979 2604 3384 2660 irrationabiles
3413 2606 3694 2676 appetitus

2105 2689 2356 2758 corporis
2377 2707 2645 2748 revocans
2667 2702 2721 2747 et
2744 2708 2950 2749 sanans
2966 2694 3189 2750 humilis
3208 2694 3326 2761 llas,
3349 2711 3458 2750 non
3483 2697 3689 2749 invide-

2105 2775 2288 2833 bimus
2314 2779 2411 2833 tibi
2434 2780 2798 2838 sufﬁcientem
2821 2783 3196 2839 abundantius
3221 2799 3404 2840 escam
3426 2785 3691 2855 praebere.

2105 3050 2174 3105 77
2217 3050 2376 3106 Risus
2408 3054 2520 3106 risu
2551 3053 2744 3123 dignus
2769 3062 2848 3110 est
2880 3055 3137 3110 cordum.

2174 3141 2588 3212 Consequenter
2640 3143 2864 3211 sapiens
2917 3143 3182 3212 juvenum
3241 3143 3295 3197 in
3327 3143 3530 3199 divinis
3565 3161 3685 3200 ma-

2101 3232 2300 3304 gister,
2331 3241 2622 3304 postquam
2670 3233 2968 3303 ingluviem
3007 3233 3323 3303 objurgavit
3361 3240 3416 3288 et
3459 3235 3690 3290 sedendi

2102 3325 2170 3380 ad
2212 3341 2431 3382 mensas
2484 3327 2877 3392 voracitatem,
2932 3327 3254 3397 adjunctum
3311 3329 3446 3399 ipsis
3509 3334 3682 3387 risum

2100 3418 2444 3472 luxuriosum
2481 3417 2831 3487 reprehendit
2870 3430 2926 3473 et
2974 3419 3144 3474 risum
3179 3434 3395 3474 omnem
3447 3422 3562 3476 risu
3596 3424 3684 3478 di-
3767 3408 3774 3414 ’

2100 3523 2266 3577 gnum
2298 3508 2580 3573 ostendit,
2611 3508 2827 3562 scilicet
2875 3523 2988 3562 non
3029 3508 3208 3562 solum
3255 3518 3511 3579 tanquam
3545 3526 3683 3582 pue-

2099 3613 2285 3652 rorum
2321 3599 2698 3668 insipientium
2733 3606 2787 3654 et
2816 3599 3106 3668 disciplina
3138 3601 3444 3656 carentium
3478 3611 3683 3671 partes,

2098 3691 2304 3761 quibus
2351 3691 2610 3763 universa
2648 3692 2763 3745 vita
2809 3691 3042 3745 ridicula
3074 3702 3129 3746 et
3172 3707 3287 3746 non
3325 3693 3590 3761 castigata
3629 3702 3686 3748 et

2099 3783 2350 3837 licentior
2376 3782 2430 3836 in
2455 3782 2887 3836 scurrilitatibus
2913 3792 2965 3837 et
2993 3781 3207 3836 facetiis
3226 3789 3283 3836 et
3313 3782 3681 3849 voluptatibus

2096 3873 2429 3938 viventibus,
2461 3873 2556 3928 sed
2583 3871 2746 3927 etiam
2773 3887 2880 3925 non
2911 3873 3095 3926 minus
3121 3871 3461 3927 luxuriosum
3494 3881 3674 3927 osten-

2097 3966 2175 4021 dit
2206 3963 2620 4033 despiciendnm
2663 3970 2719 4017 et
2755 3962 2868 4016 Deo
2903 3962 3165 4016 odibilem
3203 3971 3259 4017 et
3294 3963 3679 4017 detestandum

2095 4063 2358 4126 tanquam
2395 4055 2552 4123 juxta
2582 4053 2878 4120 Evangelia
2909 4051 3130 4124 dignum
3162 4053 3458 4124 gemitibus
3495 4063 3550 4109 et
3581 4057 3680 4109 llc-

2099 4145 2245 4200 tibus
2265 4145 2318 4198 in
2342 4143 2590 4215 gehenna
2607 4151 2662 4195 et
2689 4142 2934 4196 dentium
2960 4141 3294 4197 stridoribus
3323 4159 3512 4198 ansam
3541 4160 3680 4214 prae-

2098 4237 2353 4301 bentem;
2389 4244 2474 4290 est
2526 4242 2709 4288 autent
2760 4233 3127 4304 lacrymarum
3184 4233 3238 4286 in
3280 4236 3586 4292 aeternitate
3625 4246 3682 4291 et

2094 4329 2301 4400 judicio
2343 4326 2670 4397 prommium
2708 4333 2901 4395 patens
2946 4324 3131 4380 videre
3183 4326 3239 4380 in
3291 4327 3396 4381 ista
3445 4330 3680 4382 cachin-

2098 4433 2294 4474 norum
2366 4413 2904 4485 indisciplinatorum
2971 4413 3338 4468 immoderata
3406 4415 3687 4474 eﬂ‘usione

2099 4507 2582 4579 superabundante
2601 4513 2656 4560 et
2686 4503 3060 4559 membrorum
3084 4506 3424 4569 extensione,
3448 4515 3502 4560 et
3523 4521 3687 4577 pres-

2099 4602 2254 4657 sione
2290 4599 2610 4663 oculorum,
2653 4595 2800 4651 unde
2835 4594 3167 4665 quandoque
3209 4596 3452 4668 lacryma
3489 4599 3685 4655 multis

2097 4694 2289 4750 stillat.
2327 4691 2434 4747 Iste
2454 4704 2586 4760 ergo
2631 4687 2978 4759 sapientibus
3005 4686 3122 4742 risu
3162 4686 3361 4758 dignus
3397 4691 3545 4747 risus
3583 4693 3681 4762 qui

2097 4793 2310 4839 tantum
2342 4782 2561 4836 videtur
2598 4796 2755 4844 esse,
2791 4788 2847 4835 et
2889 4781 3064 4850 magis
3107 4796 3218 4836 non
3253 4791 3338 4837 est
3370 4798 3534 4852 quam
3567 4792 3682 4851 est,

2097 4885 2152 4931 et
2180 4877 2248 4928 ab
2281 4871 2725 4942 imprudentibus
2751 4870 2966 4926 ardenti
2992 4871 3355 4928 insectatione
3385 4873 3680 4942 queritur.

2097 4966 2194 5020 Est
2226 4975 2279 5021 et
2306 4963 2652 5019 miserandus
2690 4961 2794 5017 iste
2828 4970 3088 5032 tanquam
3131 4970 3465 5017 aeternorum
3499 4965 3683 5034 gemi-

2097 5066 2249 5112 tuum
2280 5065 2506 5122 auctor;
2532 5054 2760 5118 idcirco,
2790 5054 2970 5125 inquit
2990 5061 3216 5110 sanctus
3243 5069 3445 5121 sermo,
3477 5055 3679 5113 melius

2093 5157 2179 5206 est
2214 5157 2268 5205 et
2296 5146 2513 5218 expedit
2545 5145 2720 5215 magis
2754 5145 3004 5202 moribus
3041 5147 3332 5202 taciturnis
3361 5162 3483 5204 esse
3509 5162 3679 5218 quia»

2095 5241 2151 5297 in
2186 5241 2399 5297 deliciis
2431 5238 2668 5294 eﬂusum
2708 5245 2764 5292 et
2807 5236 2865 5290 in
2915 5237 3121 5294 risibus
3151 5240 3244 5310 qui
3291 5239 3360 5295 ad
3404 5239 3680 5294 rationem

2094 5349 2204 5388 non
2233 5331 2528 5404 pertinent.

2093 5475 2156 5530 8i
2205 5473 2657 5528 Pulchritudinem
2697 5474 2944 5530 existima
2986 5475 3175 5530 mentis
3220 5484 3490 5530 ornatum.

2155 5587 2261 5657 Qui
2310 5601 2604 5658 corporum
2658 5595 3006 5644 venustatem
3052 5586 3318 5657 deperitis
3366 5591 3423 5639 et
3467 5581 3674 5638 auium

2084 5675 2312 5732 enectus
2329 5675 2395 5729 ad
2421 5677 2583 5732 istam
2617 5677 2799 5741 cietis,
2833 5677 3009 5748 sapite
3035 5685 3092 5732 et
3122 5673 3434 5743 intelligite,
3464 5687 3668 5729 vanam

2083 5772 2138 5820 et
2179 5763 2303 5821 falsi
2372 5767 2616 5823 nominis
2685 5769 3154 5839 pulchritudinem
3209 5763 3675 5828 animadvertite;

2085 5857 2436 5928 pulchritudo
2465 5859 2615 5916 enim
2646 5877 2774 5920 vere
2803 5871 2856 5921 et
2883 5862 3129 5935 proprie,
3167 5867 3222 5916 et
3256 5866 3345 5914 est
3374 5867 3430 5916 et
3451 5867 3678 5914 nuncu-
