4082 6392
441 353 552 411 8¹ὶῗ

441 484 611 547 pater
638 473 950 530 animorum
970 472 1290 531 ordinatio:
1325 471 1556 544 pulcher
1577 478 1663 529 est
1689 472 1873 529 cordis
1897 487 2030 528 can-

439 568 549 623 dor
577 574 632 621 et
661 567 893 637 spiritus
913 567 1184 631 decentia,
1209 566 1301 622 sed
1324 580 1433 621 non
1462 564 1596 620 illud
1622 564 1841 635 proprie
1868 580 2033 621 voca-

448 664 601 712 retur
637 657 990 735 pulchritudo
1031 658 1180 730 quod
1217 657 1497 713 hominum
1543 671 1742 712 manus
1787 656 2031 726 scripse-

446 754 578 802 runt
603 754 703 800 aut
735 747 1185 814 delineaverunt;
1220 746 1577 817 corruptibile
1605 744 1773 802 enim.
1793 744 1901 801 Sed
1931 759 2033 799 nec

444 839 595 910 quod
630 845 831 894 natura
869 839 1027 894 ﬁnxit
1061 848 1156 894 aut
1200 837 1493 907 formavit;
1536 838 1775 893 mortale
1804 838 1950 893 enim
1978 841 2034 893 et

450 926 843 993 marcescibile,
886 937 1134 1002 tempore
1174 929 1406 986 solvitur
1435 937 1491 985 et
1519 928 1575 984 in
1610 935 1813 984 terram
1847 941 2033 983 rever-

449 1019 609 1081 titur.
637 1018 749 1076 Nec
769 1022 914 1093 quod
937 1023 1132 1078 oculus
1154 1031 1353 1077 eterra
1380 1020 1649 1076 oriundus
1681 1020 1774 1091 qui
1806 1027 2033 1075 externa

451 1113 861 1183 contemplatur,
883 1113 1155 1186 judicatur
1178 1113 1462 1184 pulchrum
1480 1154 1498 1182 ,
1527 1112 1623 1170 sed
1663 1110 2035 1183 quodcunque

452 1203 745 1274 prudentis
783 1203 1014 1273 spiritus
1068 1203 1353 1261 meditatio
1401 1204 1689 1275 intelligit,
1743 1211 1799 1259 et
1845 1202 2034 1257 divino

453 1291 681 1364 Spiritui
717 1293 1049 1351 illuminanti
1084 1296 1384 1361 consentit,
1414 1295 1468 1351 id
1497 1294 1784 1365 pulchrum
1816 1300 1871 1349 et
1912 1291 2035 1363 pul-

449 1383 726 1449 chritudo,
751 1382 804 1438 id
829 1386 1065 1441 amabile
1086 1384 1358 1441 nominari
1390 1392 1444 1439 et
1458 1384 1781 1441 testimahile
1809 1383 2034 1454 dignum

449 1473 800 1545 praedicatur.
846 1474 1316 1542 Quemadmodum
1359 1491 1491 1547 ergo
1529 1474 1879 1546 pulchritudo
1922 1487 2033 1528 non

448 1566 775 1622 aestimanda
825 1567 881 1622 in
923 1567 1296 1623 membrorum
1353 1566 1642 1621 harmonia
1679 1580 1804 1621 cum
1848 1565 2036 1621 colore

451 1656 653 1713 blando
675 1673 803 1713 cum
827 1658 895 1714 iis
916 1658 1009 1728 qui
1039 1673 1305 1729 corporea
1341 1666 1550 1712 tantum
1579 1656 1898 1729 inspiciunt,
1936 1655 2035 1713 sed

450 1744 512 1801 in
560 1747 758 1801 anima:
794 1760 1008 1800 morum
1044 1746 1392 1802 institutione
1441 1753 1496 1802 et
1549 1747 1810 1819 symetria
1856 1745 2034 1800 admi-

457 1836 654 1902 randa,
673 1837 820 1891 omni
854 1852 1086 1894 excessu
1111 1836 1441 1908 defectuque
1463 1838 1699 1902 sublato,
1731 1836 1907 1907 gratia
1938 1833 2036 1891 Dei

451 1927 682 2000 spiritus
701 1941 868 1997 supra
894 1926 1074 1985 omnis
1094 1928 1295 1985 coloris
1320 1929 1641 1984 suavitatem
1667 1928 1924 1998 fulgente,
1954 1924 2036 1981 sic

451 2029 507 2077 et
551 2018 790 2074 dedecus
833 2034 945 2075 non
986 2019 1040 2075 in
1085 2030 1308 2093 compto
1349 2030 1405 2078 et
1450 2021 1505 2077 in
1551 2022 1922 2078 membrorum
1954 2019 2037 2075 in-

449 2108 762 2178 atqualitate
792 2107 1079 2179 corporis,
1111 2110 1208 2166 sed
1239 2120 1461 2183 propter
1489 2110 1868 2181 intelligentiae.
1898 2123 2035 2165 con-

453 2200 723 2255 fusionem
753 2206 807 2254 et
837 2199 1267 2270 imprudentiam
1299 2202 1527 2274 spiritus
1554 2201 1923 2273 reputabitur.

452 2380 523 2433 85
560 2377 821 2436 Molestus
848 2386 1094 2434 uenerunt
1115 2420 1128 2443 ,
1162 2378 1453 2448 voluptates
1473 2420 1487 2443 ,
1516 2379 1747 2449 ﬁduciw,
1781 2379 2033 2448 timores,

452 2450 523 2503 86
564 2450 803 2519 Qioitim,
834 2458 1140 2519 paupertas,
1180 2450 1387 2519 gloria,
1418 2449 1640 2505 dedecus
1660 2488 1677 2517 ,
1714 2450 1926 2504 throni:

452 2519 523 2574 87
566 2517 765 2573 Fluant
787 2517 844 2571 at
880 2517 1071 2573 volent.
1112 2517 1439 2573 Nihilexiis

451 2589 525 2644 88
564 2590 694 2655 Quae
729 2599 1001 2643 transeunt
1027 2590 1199 2659 tangit
1223 2590 1396 2643 virum
1418 2597 1768 2644 constantem.

527 2679 790 2736 lmrores
810 2680 1054 2736 incidere
1081 2681 1261 2736 solent
1284 2680 1353 2736 de
1371 2695 1555 2736 rerum
1583 2690 1888 2737 amatarum
1920 2682 2039 2753 jac-

453 2776 578 2824 tura
624 2780 678 2825 et
711 2769 780 2825 de
826 2783 1011 2825 rerum
1053 2784 1176 2840 qua:
1222 2778 1514 2840 sperantur
1550 2778 1607 2826 et
1651 2771 2039 2828 desiderantur

454 2861 685 2917 adverso
715 2873 999 2928 successu;
1014 2860 1413 2916 delectationes
1439 2876 1471 2916 e
1492 2868 1707 2929 contra,
1735 2878 1862 2918 cum
1882 2863 2038 2933 juxta

454 2959 580 3008 vota
619 2950 940 3023 attingimus
972 2960 1067 3006 aut
1104 2967 1230 3007 cum
1276 2964 1455 3008 amata
1502 2954 1664 3010 nobis
1713 2965 2035 3013 occurrunt.

453 3039 681 3098 Fiducia
712 3043 894 3115 agitur
921 3059 1046 3099 cum
1067 3043 1225 3115 juxta
1250 3046 1590 3103 curriculum
1617 3048 1726 3103 vita
1752 3049 1957 3105 labitur
1983 3057 2039 3107 et

452 3147 544 3190 res
563 3125 865 3189 occurrunt
890 3135 1196 3190 secundum
1227 3134 1625 3205 intentionem;
1651 3139 1876 3194 timores
1908 3139 2044 3196 infe-

452 3226 640 3281 licium
666 3233 866 3280 contra
890 3240 1041 3296 spem
1070 3226 1411 3283 obriautium
1440 3236 1494 3284 et
1514 3227 1817 3286 odientium
1853 3233 2040 3299 in,nos

453 3315 753 3369 valentium
783 3332 799 3369 :
831 3313 1046 3371 Divitiae
1079 3326 1384 3375 evenerunt
1423 3318 1718 3388 superﬂuis
1755 3322 2043 3378 abundan-

457 3406 637 3470 tibus,
677 3414 732 3459 et
761 3421 795 3461 e
841 3414 1037 3460 contra
1078 3415 1373 3478 paupertas
1415 3411 1721 3466 imminutis
1750 3420 1805 3467 et
1847 3427 2044 3469 caren-

457 3497 608 3552 tibus
638 3496 996 3551 necessariis.
1016 3495 1251 3564 -Gloria,
1297 3500 1365 3555 ab
1396 3504 1675 3558 extraneis
1722 3506 1866 3560 bona
1897 3505 2045 3559 fama

456 3594 513 3644 et
556 3596 778 3658 propter
820 3587 1058 3642 honores
1100 3588 1385 3645 hominum
1432 3599 1486 3646 et
1535 3600 1728 3650 tronos
1779 3596 2042 3665 plausus,

456 3680 812 3747 obscuritas,
848 3678 1084 3748 abjectio
1117 3679 1175 3734 in
1223 3679 1310 3738 his
1346 3690 1402 3738 et
1436 3683 1492 3738 in
1531 3683 1851 3754 ignominiis
1890 3703 2045 3743 com-

458 3771 688 3842 puttetio
720 3777 776 3825 et
816 3769 1227 3827 condemnatio.
1260 3770 1386 3828 Haec
1410 3778 1627 3841 omnia,
1653 3777 1893 3834 ludibria
1920 3781 2046 3837 vita

457 3872 513 3918 et
548 3862 833 3934 paululum
877 3862 1125 3934 jucunda
1171 3873 1267 3918 aut
1325 3866 1599 3936 molesta,
1648 3870 1907 3925 vexantia
1953 3881 2048 3928 aut

388 4006 393 4011 .
458 3955 753 4024 placentia,
780 3954 1078 4009 exaltantia
1102 3963 1196 4010 aut
1219 3957 1590 4025 humiliantia,
1617 3961 1869 4019 avolante
1892 3978 2046 4019 som-

458 4042 557 4097 nio
588 4044 932 4099 transeuntis
963 4048 1343 4115 praterimus,
1377 4055 1432 4104 et
1462 4050 1607 4106 sicut
1628 4052 1829 4108 vellent
1858 4055 2046 4111 venire

459 4137 555 4185 aut
574 4131 743 4197 abire,
771 4131 1126 4203 negligentes,
1153 4133 1347 4191 horum
1370 4138 1772 4196 assecutionem
1792 4155 1862 4196 ne
1883 4143 2047 4200 nobis

457 4235 805 4278 assumamus
830 4222 1049 4293 quando
1072 4224 1179 4279 hoc
1203 4226 1286 4281 vel
1312 4226 1444 4282 illud
1470 4230 1785 4301 contigerit;
1813 4240 2046 4303 pereunt

455 4314 602 4368 enim
632 4327 795 4383 quam
823 4315 1092 4371 citissime
1120 4316 1211 4370 illa
1242 4332 1364 4388 qua
1401 4320 1608 4375 nullam
1638 4321 1838 4378 habent
1869 4323 2043 4379 firmi-

456 4412 627 4460 tatem
655 4412 750 4459 aut
778 4405 1150 4473 stabilitatem;
1179 4407 1417 4464 hominis
1452 4398 1538 4465 est
1578 4426 1702 4467 vere
1733 4413 2041 4485 philosophi

455 4503 513 4552 et
550 4498 826 4565 sapienter
865 4496 1049 4565 gravis
1080 4505 1136 4551 et
1177 4497 1234 4552 in
1272 4499 1524 4557 veritatis
1562 4505 1908 4562 sermonibus
1952 4507 2045 4562 tir-

459 4586 623 4640 miter
646 4585 941 4655 perstatttis
969 4600 1070 4642 nec
1099 4586 1168 4642 de
1209 4586 1418 4646 dextris
1451 4592 1637 4647 extolli
1664 4601 1720 4649 et
1756 4598 2042 4666 superbire

460 4689 561 4745 pro
608 4674 836 4745 spiritus
891 4674 1024 4741 acie,
1075 4692 1174 4733 nec
1230 4678 1299 4735 de
1346 4681 1586 4738 sinistris
1642 4689 2036 4756 apparentibus

460 4769 730 4824 coarctari
761 4775 816 4821 et
833 4767 1016 4822 animo
1043 4770 1260 4826 cadere.

1820 352 2117 414 NICETAS
2147 354 2358 414 DAVlD

3602 362 3711 419 808.

2131 473 2226 529 καὶ
2273 474 2390 528 ἐστι
2438 473 2530 528 καὶ
2565 470 2878 546 ὠνόμασται
2927 476 2963 548 ἡ
2995 473 3265 547 εὐκοσμία
3308 476 3419 532 τῶν
3459 479 3703 550 φρενῶν·

2132 565 2330 629 κάλλος
2366 566 2516 619 ἐστὶν
2546 567 2581 638 ἡ
2617 566 2715 638 τῆς
2753 566 2979 638 καρδίας
3007 568 3281 641 ὡραιότης
3307 568 3406 624 καὶ
3440 570 3477 641 η
3510 570 3708 643 εὐπρό-

2133 673 2264 710 πεια
2292 654 2387 709 τοῦ
2434 655 2560 711 νοῦ·
2597 657 2715 711 ἀλλ’
2745 660 2809 713 οὐ
2849 658 3011 712 τοῦτο
3048 659 3254 731 κυρίως
3292 660 3362 714 ἂν
3385 662 3706 733 όνομαεθείη

2133 751 2350 817 κάλλος,
2399 750 2430 804 δ
2473 752 2658 823 χεῖρες
2703 751 2991 825 ἀνθρώπου
3032 753 3426 823 διαγράφουσιν
3458 754 3492 825 ἢ
3532 754 3711 810 διατυο

2134 840 2297 896 ποῦσι
2317 857 2332 873 ⁶
2366 840 2604 914 φθαρτὸν
2650 842 2794 915 γάρ·
2841 843 2957 898 ἀλλ’
2984 843 3094 898 οὐδ’
3130 843 3160 898 ὃ
3204 843 3362 913 φύσις
3395 843 3710 916 ἐμόρφωσεν

2133 931 2168 1003 ἢ
2230 931 2526 986 διέπλασε’
2592 930 2785 1004 θνητὸν
2831 933 2942 1004 γὰρ
2984 934 3079 988 καὶ
3127 934 3491 1005 εὐμάραντον,
3536 934 3709 1007 χρόνῳ

2133 1021 2392 1094 λυόμενον
2437 1023 2533 1077 καὶ
2582 1025 2663 1088 είς
2722 1023 2853 1095 χοῦν
2911 1023 3343 1095 ἀφανιζόμενονο
3395 1026 3508 1080 οὐδ’
3577 1027 3711 1097 ὅπερ

2135 1114 2410 1186 ὀφθαλμὸς
2444 1115 2710 1186 γηγενοῦς
2744 1118 2774 1171 ό
2805 1116 2872 1170 τά
2892 1116 3091 1181 ἔξωθεν
3111 1116 3325 1188 βλέπων
3346 1117 3616 1190 διακρίνει
3636 1119 3710 1183 ὡς

2135 1206 2335 1261 καλόν·
2393 1208 2509 1261 ἀλλ’
2562 1208 2701 1282 ὅπερ
2740 1207 3016 1281 σώφρονος
3058 1208 3150 1263 νοῦ
3182 1208 3406 1280 θεωρίᾳ,
3431 1209 3712 1280 Πνεῦματι

2137 1298 2502 1370 φωτιζομένου
2518 1298 2670 1372 θείῳ,
2687 1303 3031 1356 κατανοεῖται
3063 1301 3159 1355 καὶ
3185 1300 3533 1372 γνωρίζεται,
3555 1300 3714 1356 τοῦτο

2136 1390 2300 1445 καλὸν
2334 1390 2428 1444 καὶ
2458 1390 2674 1456 κάλλος,
2728 1389 2888 1445 τοῦτο
2934 1393 3032 1447 καὶ
3062 1391 3347 1461 ἀγαπητὸν
3392 1391 3714 1463 ἀξιωνύμως

2137 1481 2233 1535 καὶ
2263 1480 2490 1552 ἐραστὺν
2536 1482 3024 1554 προσαγορεύεται.
3053 1482 3267 1555 Ὠσπερ
3306 1477 3398 1538 οῦν
3425 1484 3495 1538 ,τὸ
3521 1483 3713 1547 κάλλος

2137 1570 2237 1624 οὐκ
2266 1573 2325 1624 ἐν
2362 1573 2428 1643 τῇ
2460 1571 2571 1625 τῶν
2607 1571 2786 1641 μελῶν
2834 1573 3150 1646 συμμετρίᾳ
3182 1573 3301 1644 μετ’
3327 1573 3584 1645 εὐχροίας
3606 1576 3716 1637 τοῖς
3806 1646 3811 1651 _

2136 1662 2207 1717 τὰ
2238 1663 2528 1733 σωματικά
2557 1663 2694 1734 μόνα
2735 1663 3023 1735 βλέπουσιν
3069 1663 3368 1737 δρώμενον,
3399 1664 3514 1718 ἀλλ’
3548 1665 3606 1718 ἐν
3647 1665 3714 1734 τῇ

2140 1752 2249 1807 τῶν
2274 1752 2424 1825 ⁴ιγθῶν
2466 1754 2566 1825 τῆς
2601 1753 2780 1825 ψυχῆς
2832 1753 3164 1810 καταστάσει
3195 1770 3256 1807 τε
3299 1752 3585 1824 θεωρεῖται
3623 1752 3718 1806 καὶ

2140 1847 2207 1918 τῇ
2238 1845 2570 1919 συμμετρίᾳ,
2620 1846 2802 1918 πάσης
2835 1846 2934 1917 μὲν
2963 1845 3270 1919 ὑπερϐολῆς
3294 1845 3389 1900 καὶ
3426 1843 3711 1915 ἐλλείψεως

2140 1937 2530 2008 ἀποιχομένης,
2565 1937 2785 2009 χάριτος
2822 1936 2880 1991 δὲ
2926 1937 3062 1992 Θεοῦ
3095 1936 3412 2007 Πνεῦματος
3432 1935 3574 2006 ὑπὲρ
3614 1936 3716 1989 πά-

2143 2045 2243 2082 σαν
2271 2026 2527 2100 εὔχροιαν
2559 2028 2639 2100 τῷ
2665 2028 2818 2100 καλῷ
2849 2027 3300 2100 περιλαμπούσης
3319 2043 3332 2057 ·
3367 2026 3512 2081 οὕτω
3540 2026 3634 2081 καὶ
3657 2025 3719 2079 τὸ

2140 2117 2353 2193 αἶσχος,
2388 2123 2489 2176 οὐκ
2513 2123 2570 2176 ἐν
2593 2124 2661 2194 τῇ
2690 2122 2932 2195 ἀκοσμίᾳ
2963 2123 3057 2176 καὶ
3089 2119 3370 2193 ἀνωμαλίᾳ
3404 2118 3516 2173 τῶν
3545 2117 3720 2188 μελῶν

2139 2214 2236 2269 τοῦ
2268 2213 2542 2286 σώματος,
2569 2214 2687 2270 ἀλλ’
2728 2216 2787 2270 ἐν
2829 2218 2896 2287 τῇ
2942 2215 3041 2286 τῆς
3083 2214 3322 2278 διανοίας
3347 2209 3719 2281 ἀκαταστασίφ

2142 2307 2240 2361 καὶ
2265 2308 2545 2380 ἀφροσύνη
2573 2307 2891 2380 κριθήσεται
2915 2306 3011 2362 τοῦ
3043 2306 3157 2362 νοῦ.

2143 2398 2215 2467 85
2251 2400 2446 2453 Atiam
2479 2397 2831 2467 προσῆλθον
2863 2397 2998 2465 (99),
3024 2396 3271 2467 ἡδοναὶ,
3297 2394 3504 2467 θᾴῤῥη,
3525 2394 3711 2463 φόϐοι.

2144 2466 2214 2523 86
2248 2466 2542 2536 Πλοῦτος,
2576 2469 2775 2532 πενία,
2806 2467 2977 2533 δόξα,
3007 2466 3558 2536 δύσκλειικθρόνοι
3578 2480 3592 2494 ·

2144 2539 2212 2593 87
2264 2535 2584 2593 Ῥείτωσαν
2614 2538 2695 2603 ὡς
2731 2537 3048 2593 θέλουσιν-ο
3083 2536 3266 2603 οὐδὲν
3300 2535 3546 2590 ἅπτεται

2144 2607 2216 2663 88
2257 2609 2381 2664 Τῶν
2411 2610 2484 2663 οὐ
2508 2601 2815 2679 pardi-tur
2845 2606 3065 2675 ἀνδρὸς
3096 2601 3166 2661 εὖ
3192 2605 3544 2673 βεϐηκότος.

2216 2698 2400 2767 Λύπαι
2436 2699 2534 2769 μὲν
2560 2697 2783 2753 εἰώθασι
2814 2697 3147 2769 συμπίπτειν
3175 2696 3267 2751 ἐπί
3293 2713 3354 2750 τε
3378 2695 3490 2749 τῶν
3513 2695 3716 2764 ἀγαπη-

2145 2790 2252 2846 τῶν
2278 2794 2399 2855 ταῖς
2425 2790 2736 2862 ἀποϐολαῐς,
2768 2789 2861 2845 ἐπί
2896 2806 2956 2844 τε
2982 2790 3094 2845 τῶν
3120 2787 3489 2861 ἐλπιζομένων
3530 2786 3715 2841 ἐπιθυ·
3831 2830 3836 2833 ,

2150 2882 2339 2955 μητῶν
2378 2885 2500 2948 ταῖς
2528 2882 2837 2949 ἀτευξίαιςο
2877 2882 3064 2955 ἡδοναὶ
3102 2882 3159 2936 δὲ
3190 2881 3447 2952 ἔμπαλιν,
3476 2880 3607 2934 ὅταν
3630 2879 3716 2933 sit-

2148 2975 2429 3045 στοχῶμεν
2450 2977 2566 3038 τοῖς
2592 2974 2712 3028 κατ’
2749 2973 2936 3046 εὐχὴν,
2963 2973 2997 3045 ἢ
3025 2974 3154 3027 ὅταν
3177 2974 3288 3036 τοῖς
3316 2972 3568 3043 ἐραστοῖς
3589 2971 3718 3043 ἡμῖν

2146 3065 2654 3138 περιτυγχάνωμεν.
2711 3064 2822 3120 Καὶ
2893 3064 3072 3137 θάρρη
3133 3063 3230 3136 μὲν
3275 3061 3530 3135 προσίασι
3581 3061 3717 3116 κατὲι

2144 3157 2274 3231 ῥοῦν
2312 3156 2613 3229 φερομένου
2644 3153 2740 3209 τοῦ
2776 3155 2894 3227 βίου
2928 3154 3024 3209 καὶ
3058 3153 3167 3208 τῶν
3198 3152 3541 3224 πραγμάτων
3571 3150 3716 3203 ἀντι-

2142 3249 2444 3304 ϐολούντων
2466 3246 2608 3303 κατὰ
2639 3247 2839 3302 σκοπόν
2860 3263 2876 3279 ’
2903 3246 3058 3317 φόϐοι
3080 3245 3136 3299 δὲ
3162 3242 3431 3299 ἀνάπαλιν
3458 3242 3565 3297 τῶν
3592 3239 3718 3312 παρ’

2143 3340 2336 3395 ἐλπίδα
2384 3337 2664 3411 δυσχερῶν
2714 3328 3097 3390 ἀπαντώντων
3120 3332 3216 3388 καὶ
3261 3332 3372 3387 τῶν
3419 3330 3721 3403 ἐχθραινόν-

2142 3447 2252 3485 των
2284 3433 2417 3503 ἡμῖν
2441 3426 2875 3485 δυναστευόντων
2892 3443 2908 3458 ·
2935 3426 3031 3481 καὶ
3068 3422 3297 3489 πλοῦτος
3328 3423 3427 3495 μὲν
3450 3421 3719 3496 προσῆλθε

2142 3521 2254 3576 τῶν
2283 3520 2595 3594 προσόντων
2612 3519 2845 3587 ἐξάπινα
2868 3516 3279 3591 πληθυομένων,
3296 3513 3455 3568 πενία
3486 3513 3543 3567 δέ
3567 3510 3721 3576 αὖθις

2144 3612 2553 3683 ἐλαττουμένων
2582 3611 2679 3665 καὶ
2708 3609 3076 3669 σπανιζόντων
3104 3606 3214 3662 τῶν
3246 3605 3563 3677 ἐπιτηδείων
3580 3620 3596 3636 '
3627 3604 3722 3658 καὶ

2143 3703 2270 3770 δόξα
2321 3704 2421 3775 μὲν
2461 3703 2571 3757 τῶν
2599 3702 2801 3768 ἔξωθεν
2837 3703 2893 3757 αί
2942 3701 3207 3773 εὐφημίαι
3258 3701 3355 3754 καὶ
3396 3700 3431 3771 ἠ
3465 3698 3556 3753 ἐπὶ
3600 3698 3721 3761 ταῖς

2143 3796 2333 3865 τιμαῖς
2363 3793 2472 3847 τῶν
2499 3791 2802 3863 ἀνθρώπων
2845 3792 2943 3846 καὶ
2968 3793 3079 3857 τοῖς
3109 3789 3319 3862 θρόνοις
3347 3787 3719 3862 ἐπικρότησις,

2144 3885 2404 3940 δύσκλεια
2445 3885 2503 3939 δὲ
2545 3885 2580 3956 ἡ
2630 3883 2927 3958 ἀπόῤῥιψις
2967 3881 3173 3936 τούτων
3204 3882 3300 3935 καὶ
3340 3881 3432 3934 ἐπ’
3478 3879 3721 3950 ἀτιμίαις

2146 3975 2436 4041 κατάνυξις
2477 3975 2573 4030 καὶ
2616 3965 2980 4044 κατάγνωσις.
3038 3972 3223 4027 Ταῦτα
3260 3971 3435 4026 πάντα
3494 3969 3722 4039 παίγνια

2144 4068 2240 4123 τοῦ
2264 4068 2380 4139 βίου
2400 4067 2550 4130 ὄντα,
2586 4068 2680 4122 καὶ
2714 4067 2851 4138 πρὸς
2876 4066 3055 4136 ὀλίγον
3075 4067 3343 4138 τέρποντα
3387 4065 3421 4136 ἢ
3464 4065 3719 4130 ἀνιῶντα,

2145 4152 2415 4232 τρύχοντα
2438 4159 2481 4230 ’ἢ
2515 4158 2796 4231 ἡδύνοντα,
2831 4157 3070 4227 ὑψοῦντα
3118 4157 3152 4229 ἢ
3188 4155 3564 4222 ταπεινοῦντα,
3584 4156 3724 4209 ὀνεί-

2151 4265 2248 4320 ρου
2295 4249 2678 4319 ἀφιπταμένου
2722 4251 2836 4323 ρείν
2881 4248 3336 4320 παραχωρῶμεν,
3379 4246 3473 4302 καὶ
3528 4246 3604 4310 ὡς
3653 4244 3722 4299 ἂν

2148 4337 2383 4393 ἐθέλοιεν
2413 4339 2625 4394 ἐπιέναι
2655 4356 2716 4393 τε
2754 4338 2848 4394 καὶ
2870 4338 3094 4394 ἀπιέναι
3125 4338 3445 4408 παριέντες,
3476 4337 3575 4409 τὴν
3598 4335 3723 4391 τού-

2147 4444 2256 4483 των
2314 4429 2672 4502 προσέλευσιν
2728 4429 2803 4502 μὴ
2846 4428 3290 4502 προσποιῶμεθα,
3329 4429 3457 4483 ὅταν
3487 4427 3646 4483 τοῦτο
3683 4426 3720 4499 ἢ

2145 4517 2309 4573 τοῦτο
2361 4523 2546 4594 παρῇ·
2592 4522 2798 4592 οἴχεται
2859 4520 2969 4593 γάρ
3022 4522 3105 4575 ὅτι
3163 4520 3393 4591 τάχιστα
3448 4519 3635 4574 στάσιν
3682 4518 3718 4592 ἢ

2146 4607 2354 4683 ἵδρυσιν
2397 4612 2707 4683 κεκτημένα
2746 4611 3039 4684 οὐδεμίαν
3092 4611 3285 4684 ἀνδρὸς
3330 4611 3387 4665 δὲ
3411 4609 3719 4681 ’φιλοσόφου

2139 4699 2221 4772 τῷ
2261 4701 2374 4756 δντι
2402 4703 2496 4757 καὶ
2526 4698 2587 4756 εὖ
2619 4702 2915 4776 βεϐηκότος
2946 4703 3041 4757 καὶ
3080 4704 3196 4767 τοῖς
3227 4702 3326 4774 τῆς
3354 4700 3609 4772 ἀληθείας
3637 4701 3724 4755 λος

2140 4791 2282 4861 γίοις
2316 4794 2599 4867 ἀραρότως
2626 4795 2988 4866 ἡδρασμένου,
3025 4796 3165 4866 μήτε
3202 4797 3316 4857 τοῖς
3347 4791 3539 4860 δεξιοῖς
3567 4792 3724 4846 ἐπαί-

462 4860 654 4957 ρξσθαι
697 4857 732 4930 ἦ
778 4857 1211 4929 ὕποχαυνοῦσοοιι
1249 4863 1313 4918 τὸ
1356 4863 1567 4922 εν⁴ιτ<>νον
1615 4868 1712 4924 τοῦ
1759 4870 1872 4940 νοῦ,
1907 4876 2033 4947 μήτ’
2058 4857 2163 4935 οῦν-
2194 4885 2308 4948 τοῖς
2358 4857 2670 4957 ἀριστεροῖς
2696 4857 2926 4939 ’δοκοῦσι
2975 4857 3361 4941 σῦστέλλεσθαι
3407 4857 3504 4942 καῖ
3555 4901 3724 4940 κατα-

461 4953 706 5007 πίπτειν.

461 5047 531 5103 89
567 5046 766 5102 Attolle
798 5055 846 5103 to
873 5048 983 5103 vita
1016 5047 1191 5119 potius
1220 5065 1378 5120 quam
1407 5053 1756 5123 cogitatione,
1789 5065 1898 5113 etc.

535 5136 659 5193 Vita
702 5139 985 5194 extollitur
1018 5140 1114 5211 qui
1160 5155 1257 5212 per
1297 5141 1611 5214 diligentem
1656 5150 2041 5205 mandatorum

461 5229 866 5287 observantiam
895 5233 1079 5287 carnis
1099 5233 1409 5302 superbiant
1436 5237 1732 5293 mortiﬁcat
1761 5248 1817 5294 et
1843 5255 2043 5311 corpus

463 5321 772 5378 humilitate
821 5322 936 5378 fere
975 5323 1194 5393 domat;
1244 5330 1558 5398 arrogantia
1604 5345 1736 5385 vero
1767 5333 2045 5390 extollitur

463 5415 555 5485 qui
582 5429 691 5470 non
722 5429 782 5471 se
802 5430 832 5469 a
855 5418 1277 5490 praesumptione
1295 5420 1542 5487 mundat,
1570 5422 1664 5478 sed
1694 5438 1833 5478 vana
1865 5425 2044 5480 homi-

462 5521 593 5561 num
625 5506 796 5578 gloria
841 5506 1062 5564 eliertur
1101 5524 1271 5580 seque
1303 5510 1447 5566 inter
1474 5506 1791 5583 hypocritas
1821 5517 2045 5571 consti-

462 5597 586 5652 tuit.
613 5595 876 5653 Hortatur
901 5613 1032 5670 ergo
1063 5600 1286 5656 divinus
1312 5599 1611 5673 Gregorius
1641 5611 1699 5659 ut
1723 5604 1835 5660 vita
1868 5607 2043 5663 extol-

538 5786 650 5859 (99)
688 5790 810 5846 Ald.
844 5797 900 5848 et
931 5793 1099 5851 Basil.
1136 5750 1430 5890 προῆλθον.

2143 5063 2213 5120 89
2256 5056 2440 5134 ’Υψοῦ
2473 5065 2594 5132 ,βίῳ
2633 5066 2700 5122 τὸ
2728 5066 2942 5121 πλεῖον
2966 5067 3005 5137 ἢ
3029 5067 3384 5138 φρονήματι.

2225 5154 2488 5225 Ὑψοῦται
2525 5156 2603 5229 τῷ
2634 5157 2734 5229 βίῳ
2764 5159 2794 5211 ό
2834 5161 2901 5230 τῇ
2934 5159 3155 5231 ἀκριϐεῖ
3180 5161 3279 5231 τῆς
3310 5160 3527 5234 ἐντολῆς
3547 5162 3721 5234 τηρή-

2145 5260 2228 5298 σει
2267 5246 2329 5299 τδ
2372 5247 2625 5319 φρόνημα
2669 5248 3133 5317 καταθανατώσας
3164 5251 3263 5322 τῆς
3296 5253 3497 5323 σαρκὸς
3539 5251 3727 5307 καὶτὸ

2146 5335 2305 5407 σῶμα
2334 5338 2434 5407 τῆς
2458 5338 2839 5403 ταπεινώσεως
2873 5340 3055 5410 ὀλίγου
3082 5342 3192 5396 δεῖν
3227 5343 3472 5414 ὑπερϐάς
3494 5360 3508 5374 °
3559 5345 3729 5415 ὑψοῦ-

2147 5442 2238 5480 ται
2270 5427 2327 5479 ὃέ
2360 5429 2667 5500 φρονήματι
2703 5430 2731 5481 ό
2767 5431 2841 5501 μὴ
2868 5430 2970 5501 τῆς
2998 5433 3226 5503 οἰήσεως
3252 5432 3507 5505 καθαρῶς
3548 5435 3728 5499 amil-

2145 5516 2440 5587 λαγμένος,
2493 5519 2628 5573 ἀλλά
2675 5519 2754 5591 τῷ
2803 5521 2944 5592 κενῷ
2990 5522 3223 5595 δοξαρίῳ
3269 5523 3377 5579 τῶν
3418 5523 3727 5596 ἀνθρώπιον

2149 5606 2510 5680 ἐπαιρόμενος
2551 5612 2646 5667 καὶ
2686 5611 2878 5669 ἑαυτὸν
2921 5613 3063 5670 κατά
3093 5615 3217 5680 τοὺς
3263 5614 3560 5692 ὑποκριτὰς
3596 5632 3727 5673 συν-
