2041 3217
180 184 235 212 809

181 243 279 271 mam.
297 242 431 278 Παραινεῖ
444 241 533 269 τοίνυν
543 242 557 269 ὸ
572 241 708 275 θειότατος
729 244 880 279 Γρηγόριος
894 243 978 279 ὑψοῦ-

181 289 248 316 σθαι
275 287 326 323 μὲν
348 286 388 323 τῷ
412 287 462 323 βίῳ
483 287 528 314 διὰ
553 288 737 324 θεομιμησίας
760 289 919 323 ἐγγίζοντας
941 289 980 325 τῷ

182 335 270 371 πραεῖ
283 333 331 360 καὶ
344 333 466 369 ταπεινῷ
482 333 531 369 τὴν
554 333 667 369 καρδίαν
687 334 787 370 Ἰησοῦ,
805 335 873 361 ἀλλὰ
891 335 928 371 μὴ
941 335 980 371 τῷ

181 380 342 415 φρονήματι
364 378 558 413 κατοιομένους
575 379 622 405 καὶ
638 379 878 414 καταφρονοῦντας
892 380 979 414 ὑπερ-

182 425 331 461 αίρεσθαι·
357 425 414 451 θεοῖ
430 424 477 459 μὲν
492 424 544 458 γὰρ
561 426 574 450 ὁ
592 424 648 458 βίος
663 427 694 460 τῇ
715 426 828 461 μιμήσει
847 425 894 452 τοῦ
913 427 979 461 Χρι-

183 471 261 502 στοῦ,
278 472 312 506 τῇ
336 469 559 505 μεγαλοφροσύνῃ
585 470 612 496 δῖε
637 471 709 504 μέγα
734 472 833 505 πτῶμα
852 472 921 498 κατὰ
946 472 980 498 τὰ

183 516 321 553 Θεαρχικὰ
346 516 484 551 μαρτύρια
507 515 658 541 ἀκολουθεῖ.
677 516 761 542 Πόθεν
782 515 827 542 οὖν
852 516 978 551 ἐπιτεύξῃ

181 565 236 599 τῆς
256 563 388 597 ὑψούσης,
407 562 465 596 ἦτοι
487 561 598 595 θεούσης
612 561 880 596 ταπεινοφροσύνης
903 562 918 596 ἣ
940 562 979 596 τῷ

185 607 225 643 μὴ
252 608 308 638 τοῖς
334 607 442 641 μικροῖς
464 605 560 631 ἑαυτὸν
583 605 734 640 μετροῦνται
755 606 801 632 καὶ
823 606 892 641 προς
916 607 978 638 τοὺς

184 652 374 688 χαμαιζήλους
392 651 571 686 συγκρίνοντα
589 652 649 686 εἰκῆ
668 652 848 686 ὑπερφρονεῖν
865 653 911 678 καὶ
928 661 977 687 με·

184 698 420 733 γαλορῤημονεῖν·
448 697 465 731 ἡ
496 697 549 731 γὰρ
576 696 644 731 πρὸς
667 698 731 728 τοὺς
756 698 855 733 ἥττους
881 699 978 726 ἑαυτοῦ

184 742 398 778 παραμέτρησις
414 742 460 768 καὶ
483 741 656 774 ἀντεξέτασις
670 743 700 769 τὸ
721 744 847 779 φρόνημα
871 745 978 777 πάντως

185 788 235 815 καὶ
250 788 295 814 τὸν
305 787 368 813 νοῦν
384 787 422 818 ὡς
433 787 486 813 τῶν
502 787 607 813 πολλῶν
620 788 787 823 ὑπερέχοντα
800 790 959 824 μετεωρίζει
971 798 976 804 ·

189 833 273 865 Σὺδὲ,
286 831 363 866 φησὶ,
380 831 448 866 πρὸς
461 831 510 865 τὴν
526 831 636 866 ἐντολὴν
652 833 761 867 ἀφορῶν
776 834 822 860 καὶ
839 835 920 861 αὑτὸν
933 835 978 861 τὸν

186 876 236 908 τὰς
251 876 389 912 σωτηρίας
406 876 592 910 ἐντελλόμενον
613 877 664 902 κᾶν
685 877 732 902 ὲπ¹ι
747 878 814 904 πολὺ
833 879 887 905 τῶν
909 879 978 905 έθνι-

187 920 244 951 κῶς
261 921 370 952 ζώντων
393 920 489 956 ἀρθῇς,
512 920 562 947 κᾶν
587 921 693 953 πολλοῖς
720 923 774 949 τῶν
799 922 827 949 εὖ
851 924 979 958 βιούντων

187 967 324 1002 ὁιιοιωθῇς
336 968 365 993 ἐν
381 967 507 1002 ἀληθείᾳ,
523 968 581 1001 ὄψει
596 969 671 995 κάτω
687 970 811 1004 κείμενον
826 971 920 997 ἑαυτὸν
936 972 982 999 καὶ

190 1012 242 1046 τῆς
258 1013 345 1048 ἄκρας
360 1013 575 1047 ἀπολειπόμενον
592 1014 771 1050 τελειότητος.

190 1058 225 1095 9ξ
241 1058 338 1095 Δόξαν
352 1058 439 1095 δίωκε
451 1058 527 1095 μήτε
541 1059 645 1087 πᾶσαν
658 1060 728 1094 μήτ’
744 1061 820 1095 ἄγαι-
831 1072 837 1077 ·

191 1093 225 1120 94
243 1093 394 1127 Κρεῖσσον
409 1094 464 1128 γὰρ
487 1092 562 1121 εἶναι
579 1095 631 1122 τοῦ
644 1092 752 1122 δοκεῖν.

225 1150 303 1176 Ἔστι
322 1150 385 1182 δόξα
410 1150 457 1176 καὶ
485 1150 562 1186 φήμη
588 1160 630 1183 τις
656 1152 745 1187 ἀγαθὴ
771 1153 817 1179 καὶ
839 1154 884 1179 ἐπὶ
916 1154 981 1180 πολὺ

191 1195 272 1229 μέρος
289 1195 336 1221 τοῦ
355 1195 458 1231 κόσμου
477 1196 545 1231 πρὸς
562 1197 656 1231 καιρὸν
672 1199 787 1233 χεομένη
806 1199 851 1224 καὶ
868 1200 906 1229 εἰς
931 1199 983 1233 μάλ

189 1249 265 1267 ταιον
280 1242 335 1270 τοῖς
352 1241 539 1276 δοξαζομένοις
549 1242 723 1278 πληθυομένη
740 1244 786 1270 καὶ
802 1244 984 1279 κενὸν,ἣνέπὶ

191 1286 280 1322 βλάϐῃ
296 1286 424 1312 πλειόνων
440 1287 601 1322 μεγαλύνειν
625 1287 693 1314 οἶδεν
710 1290 723 1315 ὀ
744 1289 849 1324 ἐχθρός
869 1290 983 1316 καὶὲστι

190 1332 254 1364 δόξα
268 1332 322 1358 τῶν
339 1332 419 1364 ὁσίως
433 1332 559 1367 βιούντων
577 1334 623 1360 ἐπὶ
639 1334 687 1369 τῆς
704 1336 754 1370 γῆς
770 1336 981 1371 κραταιουμένη,

190 1378 252 1412 ἥτις
272 1378 318 1404 καὶ
337 1377 404 1413 πρὸς
420 1379 562 1414 οἰκοδομὴν
579 1379 633 1405 τῶν
656 1379 820 1412 δοξαζοντων
847 1381 915 1416 πρὸς
936 1383 983 1409 τοῦ

189 1423 259 1449 Θεοῦ
281 1425 471 1459 συγκροτεῖται
487 1426 533 1451 καὶ
556 1424 687 1459 ὑψοῦται·
707 1426 737 1451 σὺ
756 1426 783 1452 δὲ
806 1428 873 1461 μήτε
893 1429 983 1454 πᾶσαν

190 1469 257 1504 ἡγοῦ
269 1469 500 1505 περισπούδαστον
515 1471 561 1496 καὶ
575 1472 663 1506 ἑαυτῷ
679 1472 843 1507 προσαύξειν
859 1474 983 1508 ἐπιζήτει

190 1516 260 1542 κατὰ
277 1518 340 1547 τοὺς
354 1516 504 1551 ὑποκριτὰς
517 1517 564 1542 καὶ
579 1516 743 1552 δοξοχαρεῖς,
762 1518 823 1552 μήτ’
838 1515 883 1544 οὖν
899 1518 983 1553 αὐτῆς

190 1561 237 1596 τῆς
252 1561 285 1587 δι’
304 1561 405 1596 ἀρετὴν
419 1562 603 1597 κροτουμένης
626 1562 694 1595 ἄγαν
712 1563 826 1597 ἀντέχου
844 1563 891 1589 καὶ
911 1564 983 1589 ἁντι-

192 1605 270 1632 ποιοῦ
282 1614 289 1621 ·
313 1607 339 1632 τί
354 1606 411 1641 γάρ
429 1615 470 1632 σοι
492 1607 537 1633 καὶ
555 1608 587 1642 τῇ
610 1607 740 1642 ὑπολήψει
758 1608 811 1633 τῶν
830 1608 944 1640 πολλῶν,

193 1652 240 1678 τοῦ
257 1650 326 1679 εἶναι
345 1652 425 1684 πολὺς
443 1653 458 1679 ὁ
474 1653 569 1687 λόγος
595 1654 721 1687 κρεῖσσον
741 1653 793 1688 γὰρ
812 1655 983 1689 ἀσυγκρίτως

192 1699 223 1725 τὸ
237 1696 306 1725 εἶναι
330 1699 375 1726 τοῦ
393 1699 499 1725 δοκεῖν·
523 1700 562 1730 εἰς
577 1699 603 1725 τί
625 1697 671 1725 οὖν
688 1708 729 1725 σοι
747 1700 822 1734 μέλει
847 1701 984 1735 σπουδαίῳ

192 1744 249 1770 ὄντι
262 1744 310 1770 τοῦ
332 1745 482 1775 σπουδαίως
505 1742 573 1770 εἶναι
593 1745 700 1777 δοκεῖν;
728 1745 848 1780 πλουσίῳ
864 1746 921 1772 ὄντι
938 1746 984 1772 καὶ

194 1789 303 1816 πάντων
312 1789 408 1824 πλήρει
420 1789 527 1823 ἀγαθῶν
538 1789 562 1815 τί
575 1798 614 1815 σοι
626 1790 719 1824 μέλον,
734 1790 758 1816 εἰ
773 1790 844 1817 τοῦτ’
856 1790 985 1824 ἀγνοοῦν-

195 1842 239 1865 τες
255 1833 394 1869 ἄνθρωποι
410 1834 515 1868 πένητά
529 1842 558 1859 σε
576 1834 621 1859 καὶ
642 1834 719 1869 ἐνδεῆ
734 1834 984 1869 ὑπολαμϐάνουσιν;

197 1879 275 1906 Οὕτω
294 1881 341 1906 καὶ
361 1880 419 1914 Θεῷ
443 1880 518 1914 φίλον
534 1880 599 1906 ὄντα
612 1880 675 1906 ποία
695 1889 736 1906 σοι
758 1881 876 1914 φροντὶς,
900 1881 922 1906 εἰ
948 1879 984 1914 μὴ

195 1925 274 1951 τοῦτο
289 1924 362 1951 ἴσασι
375 1925 468 1951 πολλοί
480 1933 486 1957 ;
499 1926 529 1951 Εἰ
544 1925 565 1951 δ’
580 1925 698 1959 ἄμετρος
708 1924 743 1956 εἴ,
759 1924 871 1956 πολλοὺς
884 1924 984 1950 ἐθέλων

197 1970 260 2001 τοὺς
280 1970 425 2001 ἐπαινέτας
443 1969 525 2004 ἔχειν,
548 1969 618 1996 ὥστε
641 1970 727 2006 ταύτῃ
750 1970 857 2001 πλείους
885 1970 986 1996 οἰκοδο-

199 2016 258 2048 μεῖν
279 2015 319 2046 ei;
335 2015 444 2050 ἀρετὴν,
470 2014 536 2041 ἀλλὰ
560 2015 590 2041 σὺ
608 2015 645 2050 μὴ
669 2015 718 2050 τὴν
743 2015 860 2049 ματαίαν
887 2015 986 2049 θήρευε

196 2060 275 2093 δόξαν
298 2060 347 2096 τὴν
373 2062 405 2087 ἐκ
427 2060 481 2087 τῶν
510 2061 571 2095 εἰκῆ
601 2062 806 2096 μακαρίζοντων
830 2070 858 2087 σε
883 2062 986 2096 πλάνην

198 2104 427 2139 έγκομΰοὺμενος,
447 2105 514 2140 μηδὲ
531 2105 580 2140 τὴν
606 2106 670 2131 νέαν
693 2105 737 2131 καὶ
760 2105 788 2138 ἐξ
809 2105 986 2141 ἀνθρωπίνων

197 2149 361 2184 ἀξιωμάτων
386 2150 432 2175 καὶ
455 2149 557 2185 θρόνων
578 2150 794 2185 προστιθεμένην
820 2150 865 2176 καὶ
889 2151 984 2186 τιμῶν.

197 2195 230 2221 Τί
245 2194 300 2230 γὰρ
312 2195 407 2230 κέρδος
422 2195 540 2230 πιθήκῳ,
558 2195 590 2221 ἂν
604 2195 672 2222 λέων
688 2197 818 2231 νομισθῇς
837 2196 929 2228 Οὖτως
944 2197 987 2223 οὺ-

197 2240 278 2275 δεμία
300 2241 402 2275 ὖνησις,
427 2241 537 2275 ἐμπαθῆ
560 2240 623 2267 ὄντα
645 2241 692 2267 καὶ
713 2242 806 2276 ἀτελῆ,
833 2242 923 2277 ἀπαθῆ
941 2242 987 2268 καὶ

198 2287 299 2313 τέλειον
323 2287 476 2322 ἀνθρώποις
501 2285 570 2313 εἶναι
594 2287 698 2313 δοκεῖν·
724 2288 836 2322 οὐδεμία
860 2288 987 2322 ὠφέλεια,

198 2333 307 2364 ἀνάξιον
322 2333 387 2359 ὄντα
404 2333 540 2368 βασιλείας
567 2334 583 2369 ἢ
611 2334 763 2369 ἱεραρχίας,
787 2334 862 2366 ἄξιον
884 2334 991 2369 νομίζε-

199 2378 260 2405 σθαι
272 2388 278 2394 ·
295 2378 389 2414 ὥσπερ
409 2379 470 2406 οὐδὲ
487 2380 593 2415 πτωχὸν
606 2381 653 2407 καὶ
670 2381 753 2415 ἄρτου
771 2380 864 2414 ἐπιδεῆ
888 2380 989 2414 τυγχά-

198 2433 289 2455 νοντα,
304 2425 381 2451 οὐδὲν
403 2425 478 2452 ἔσται
503 2426 572 2461 πρδς
595 2427 699 2462 κέρδος,
715 2425 816 2461 χρυσοῦ
835 2425 989 2461 θησαυροὺς

199 2469 348 2504 κεκτῆσθαι
366 2469 471 2501 πολλοῖς
485 2470 693 2505 ὑπονοούμενον.

198 2525 233 2553 97
247 2525 329 2552 Αἴνει
344 2526 402 2560 μὲν
421 2526 527 2556 ἄλλον,
545 2525 587 2559 μὴ
605 2527 708 2559 φρόνει
724 2525 750 2551 δ’
765 2525 952 2559 αἱνούμενος.

236 2582 333 2608 ’Λλλον
350 2583 408 2617 μὲν,
424 2583 505 2618 φησὶν
526 2584 539 2609 ὁ
556 2582 702 2618 μακάριος,
718 2582 839 2608 ἐπαινεῖν
858 2583 901 2608 ἐπ’
916 2582 990 2609 εὐσε-

200 2627 261 2663 ϐείᾳ
292 2628 339 2654 καὶ
368 2628 452 2663 ἀρετῇ
479 2628 570 2660 οὔπως
596 2628 629 2655 ἂν
651 2628 821 2662 κωλύσαιμι,
847 2627 915 2654 ἀλλὰ
941 2628 989 2654 καὶ

199 2672 414 2707 παραινέσαιμ’
433 2673 462 2698 σὲ
487 2673 515 2699 δὲ
538 2674 607 2708 προς
621 2673 708 2700 ἄλλων
722 2672 927 2706 ἐπαινούμενον,
952 2673 990 2708 μὴ

201 2718 421 2753 μεγαλοφρονεῖν,
439 2719 507 2754 μηδὲ
521 2720 578 2750 τοῖς
595 2720 715 2750 ἐπαίνοις
731 2719 791 2753 είκῆ
810 2718 992 2753 φυσιούμενον

200 2763 397 2799 ὑψηλοφρονεῖν
428 2765 587 2799 παρεγγυῶ.
620 2765 739 2791 Δεδιέναι
772 2764 824 2800 γὰρ
847 2764 919 2797 ἄξιον
944 2765 991 2792 καὶ

199 2808 391 2841 εὐλαϐεῖσθαι,
432 2809 529 2844 μήπως
565 2809 623 2836 τῶν
653 2810 841 2845 κροτουμένων
875 2809 991 2836 ἐπαίνων

200 2853 322 2889 ὑστερῶν
338 2854 518 2889 ἀπελεγχθῇς·
534 2854 602 2881 ἀλλὰ
616 2854 663 2880 καὶ
681 2855 749 2889 πρὸς
764 2855 812 2889 τὴν
828 2854 883 2881 τῶν
902 2855 990 2882 (illum

200 2899 339 2935 εὐφημίαν
354 2900 384 2925 οὐ
401 2900 544 2935 πρόχειρον
560 2900 613 2925 οὐδ’
635 2900 742 2933 ἕτοιμον
759 2898 828 2927 εἷναί
851 2908 879 2926 σε
903 2902 916 2927 ὁ
939 2902 990 2936 τῆς

342 2948 478 2977 ΡΑτιιοι.
496 2948 555 2977 (ia.
573 2947 754 2978 XXXVIII.

714 183 748 211 IN
760 181 916 211 CABMINA
933 181 1073 210 ARCANA
1091 181 1119 209 S.
1135 181 1309 210 GREGORII.

1748 158 1819 206 ’κιο

1033 243 1122 270 lamur
1137 251 1184 278 per
1198 242 1378 271 imitationem
1393 242 1452 270 miti
1464 246 1490 270 et
1506 242 1601 270 humili
1616 234 1697 270 corde
1708 242 1819 270 Christo

1031 289 1284 324 appropinquantes
1296 308 1302 318 .
1315 287 1364 316 sed
1378 294 1523 315 caveamus
1537 296 1572 316 ne
1591 287 1755 315 confidentia
1773 291 1819 314 tu-

1030 338 1137 361 mentes
1157 337 1184 361 et
1200 333 1390 368 superbientes
1411 339 1462 360 nos
1479 332 1695 367 magniﬁcemus.
1713 330 1819 358 Etenim

1030 378 1139 406 deiﬁcat
1156 380 1212 406 vita
1225 378 1327 406 Christi
1348 378 1478 405 imitatrix
1489 398 1496 410 ,
1516 381 1543 405 et
1558 377 1641 404 animi
1657 376 1821 404 extollentitc

1028 424 1107 459 juxta
1127 425 1285 453 testimonia
1307 424 1399 452 divina
1424 423 1517 451 clades
1541 430 1638 458 magna
1662 422 1820 450 comitatur.

1031 469 1108 497 Unde
1127 476 1193 505 ergo
1216 470 1399 505 comparanda
1421 477 1482 505 quas
1509 469 1610 497 exaltat
1636 475 1687 495 seu
1714 467 1821 495 deiﬁeat

1031 515 1191 543 humilitas?
1209 515 1283 542 lianc
1295 515 1428 543 obtinebit
1441 515 1488 550 qui
1501 523 1555 542 non
1567 514 1686 549 seipsum
1703 513 1822 540 minimis

1030 561 1185 596 quibusque
1202 561 1376 596 :rquiparans
1396 564 1423 588 et
1442 568 1503 588 cum
1525 560 1639 595 abjectis
1654 566 1822 594 componens

1031 611 1131 634 temere
1151 606 1291 641 superbiet
1310 611 1336 633 et
1358 613 1388 633 se
1405 605 1606 640 magniﬁcabit;
1625 612 1744 639 namque
1760 611 1821 631 cum

1030 651 1208 679 inferioribus
1227 651 1405 687 aequiparatio
1424 651 1466 678 sui
1492 655 1518 678 et
1540 650 1650 678 collatio
1669 650 1821 685 intelligen-

1030 696 1095 724 tiam
1118 696 1230 724 omnino
1246 701 1273 724 et
1295 696 1417 723 animum
1440 696 1473 723 ad
1496 695 1679 731 arrogantiam
1704 695 1820 726 inducit,

1029 742 1107 777 quasi
1124 750 1206 777 supra
1225 741 1326 770 multos
1346 741 1502 770 efferamur.
1526 741 1568 768 Tu
1588 745 1696 773 autem,
1713 740 1821 776 inquit,

1029 788 1188 816 mandatum
1201 788 1380 816 considerans
1390 791 1416 816 et
1429 795 1491 815 eum
1503 787 1550 822 qui
1563 787 1677 815 salutem
1692 786 1820 822 iniungit,

1029 833 1094 860 licet
1113 833 1193 869 longe
1208 834 1316 862 ethnice
1330 834 1454 862 viventes
1469 841 1582 868 superes
1593 853 1600 865 ,
1617 833 1680 860 licet
1694 833 1821 868 plurimis

1031 879 1101 907 bene
1107 880 1256 907 viventium
1268 869 1366 907 similis
1377 879 1404 907 in
1413 879 1527 907 veritate
1536 879 1694 912 inveniaris,
1703 879 1820 913 teipsum

1035 923 1110 951 humi
1121 924 1258 960 jacentem
1272 925 1377 954 videbis
1385 929 1411 953 et
1421 925 1499 961 longe
1514 932 1528 952 a
1541 933 1647 953 summa
1656 924 1823 961 perfectione

1034 969 1194 999 distantem.

1033 1056 1068 1093 9?;
1087 1056 1207 1093 (Uarium
1220 1066 1372 1093 persequere
1396 1066 1447 1085 non
1461 1067 1620 1092 onmcmpm
1637 1059 1799 1087 vehementer
1809 1069 1818 1087 :

1034 1091 1068 1119 94
1087 1091 1185 1119 Melius
1200 1091 1238 1120 est
1252 1091 1322 1120 eniin
1335 1101 1392 1120 esse
1407 1101 1488 1128 quant
1499 1095 1593 1121 videri.

1069 1147 1116 1176 Est
1130 1153 1158 1176 et
1172 1149 1269 1184 gloria,
1281 1155 1323 1178 est
1337 1154 1365 1178 et
1379 1149 1451 1178 fama
1466 1150 1537 1178 bona
1554 1153 1581 1178 et
1594 1158 1643 1185 per
1653 1150 1749 1177 mundi
1764 1157 1823 1177 ma-

1034 1202 1115 1229 gnam
1130 1200 1235 1230 partem
1248 1200 1403 1232 opportune
1417 1197 1515 1225 diffusa
1528 1201 1555 1225 et
1566 1197 1728 1232 insipienter
1741 1201 1824 1232 atque

1034 1247 1103 1267 vane
1120 1240 1147 1267 in
1168 1240 1325 1270 hominibus
1351 1242 1493 1270 atstimatis
1510 1242 1668 1273 abundans.
1689 1249 1771 1276 quam
1789 1242 1822 1269 ad

1034 1285 1183 1314 multorum
1196 1288 1344 1322 perniciem
1357 1288 1532 1324 magniﬁcare
1548 1288 1624 1316 novit
1639 1287 1782 1319 inimicus;
1796 1292 1824 1315 et

1034 1335 1077 1359 est
1092 1336 1185 1360 sancte
1197 1333 1347 1364 viventium
1359 1334 1445 1369 gloria
1460 1341 1541 1369 super
1556 1338 1656 1362 terram
1672 1335 1824 1369 praevalens

1034 1385 1096 1413 quas
1120 1381 1147 1405 et
1171 1377 1207 1405 ad
1227 1377 1435 1406 aediﬁcationem
1460 1379 1630 1406 laudantium
1654 1386 1746 1406 coram
1769 1378 1825 1406 Deo

1036 1424 1224 1458 spectaculum
1238 1427 1281 1452 est
1297 1427 1324 1452 et
1339 1424 1469 1452 exaltatio
1482 1433 1489 1457 ;
1503 1428 1533 1452 tu
1549 1428 1639 1452 autem
1655 1433 1706 1454 nec
1716 1433 1825 1453 omnem

1032 1469 1124 1505 judica
1140 1470 1231 1497 studio
1246 1469 1367 1505 dignam,
1384 1470 1429 1505 qui
1448 1470 1496 1498 tibi
1514 1475 1681 1499 crescentem
1703 1472 1826 1507 requiras

1034 1523 1093 1542 eam
1113 1515 1318 1550 hypocritarum
1335 1515 1423 1543 instar
1439 1520 1466 1543 et
1482 1516 1596 1551 gloriam
1617 1517 1823 1552 aucupantiumI

1036 1568 1087 1588 nec
1103 1568 1169 1595 ergo
1183 1561 1270 1595 ipsam
1291 1564 1403 1596 propter
1423 1562 1552 1589 virtutem
1569 1562 1727 1597 applausam
1743 1563 1827 1591 nimis

1036 1606 1171 1633 insedare
1188 1606 1238 1641 ipsi
1255 1606 1363 1633 obviam
1382 1613 1507 1633 currens.
1528 1606 1598 1639 Quid
1619 1607 1692 1634 enim
1710 1607 1758 1635 tibi
1776 1615 1826 1642 pu-

1035 1652 1105 1679 blica
1119 1652 1304 1685 existimatio,
1330 1651 1376 1678 cui
1398 1659 1459 1679 esse
1481 1659 1580 1688 magna
1594 1660 1639 1680 res
1652 1653 1712 1680 est?
1730 1652 1826 1681 Melius

1034 1697 1106 1724 enim
1130 1701 1173 1724 est
1198 1697 1257 1724 sine
1282 1697 1366 1724 dubio
1381 1704 1443 1724 esse
1459 1704 1541 1731 quam
1556 1697 1654 1725 videri.
1670 1697 1741 1731 Quid
1762 1706 1827 1733 ergo

1036 1747 1081 1770 tua
1101 1743 1226 1775 interest,
1236 1742 1355 1778 diligens
1375 1743 1420 1778 qui
1437 1743 1487 1777 sis,
1503 1742 1619 1779 diligens
1640 1744 1663 1772 si
1688 1743 1827 1771 videaris?

1036 1788 1116 1816 Dives
1130 1795 1192 1815 cum
1201 1788 1239 1816 sis
1247 1791 1273 1816 et
1282 1789 1409 1817 omnibus
1416 1789 1496 1817 bonis
1503 1789 1659 1823 abundans,
1667 1789 1731 1825 quid
1746 1789 1829 1816 refert

1037 1835 1060 1863 si
1088 1835 1140 1862 hoc
1168 1834 1326 1869 ignorantes
1349 1834 1476 1862 homines
1502 1841 1648 1869 pauperem
1671 1838 1697 1862 te
1711 1838 1739 1861 et
1757 1834 1830 1861 indi-

1036 1884 1143 1915 gentem
1166 1880 1348 1907 existiment?
1366 1880 1501 1907 Similiter
1519 1880 1608 1906 amico
1632 1879 1677 1906 Dei
1698 1879 1745 1906 tibi
1767 1888 1829 1914 quae

1036 1931 1120 1955 cura,
1140 1924 1162 1950 si
1185 1924 1251 1950 illud
1274 1931 1330 1950 non
1358 1924 1484 1951 noverint
1506 1924 1603 1951 multi?
1618 1924 1646 1952 Si
1660 1924 1761 1951 nimius
1785 1932 1827 1956 es.

1037 1968 1138 1995 multos
1153 1968 1267 2002 cupiens
1283 1968 1441 1996 laudatores
1456 1968 1567 2000 habere,
1582 1968 1660 2002 quasi
1678 1968 1741 1996 imle
1757 1970 1829 1996 mul-

1037 2017 1128 2040 torum
1151 2012 1233 2040 fuerit
1252 2012 1396 2040 aediﬁcatio
1412 2013 1445 2040 ad
1479 2013 1625 2045 virtutem,
1653 2014 1700 2041 sed
1722 2017 1750 2041 tu
1772 2016 1829 2042 noli

1036 2065 1135 2086 vanam
1164 2059 1257 2086 venari
1278 2058 1414 2093 gloriam,
1440 2066 1535 2086 errore
1560 2058 1701 2086 hominum
1727 2065 1829 2088 temere

1037 2104 1250 2132 bealilicantium
1267 2107 1294 2131 te
1313 2104 1456 2131 involvens
1472 2111 1523 2131 nec
1538 2104 1623 2139 gloria
1642 2112 1711 2132 nova
1728 2106 1761 2132 ab
1777 2106 1829 2132 hu-

1038 2151 1128 2178 manis
1145 2150 1354 2185 dignationibus
1374 2156 1400 2178 ct
1421 2150 1528 2178 thronis
1542 2154 1569 2177 ct
1586 2150 1737 2177 honoribus
1754 2150 1830 2178 deri-

1038 2200 1129 2224 vante.
1150 2195 1220 2228 Quid
1238 2196 1311 2223 enim
1328 2195 1435 2222 lucrum
1454 2195 1552 2227 simio,
1578 2196 1599 2223 si
1616 2195 1659 2223 leo
1680 2196 1831 2223 credatur?

1040 2243 1175 2271 Similiter
1199 2243 1275 2270 nulla
1307 2243 1438 2275 utilitas,
1458 2243 1657 2279 cupiditatibus
1689 2243 1831 2278 obtempe--

1030 2294 1146 2317 .rantem
1169 2293 1197 2317 et
1223 2288 1424 2324 imperfectum,
1439 2288 1600 2316 hominibus
1626 2292 1717 2316 tamen
1743 2290 1830 2317 videri

1039 2334 1235 2369 morigeratum
1249 2333 1454 2369 et'peri’ectum;
1470 2333 1545 2360 nulla
1559 2334 1673 2365 utilitas,
1688 2334 1830 2370 indignum

1039 2379 1205 2414 quemlibet,
1229 2379 1303 2414 regia
1331 2383 1378 2406 aut
1400 2378 1563 2406 sacerdotali
1580 2379 1712 2414 dignitate
1737 2388 1830 2414 parem

1039 2424 1180 2457 aestimari,
1198 2424 1270 2451 sicut
1288 2432 1339 2452 nec
1356 2424 1469 2459 pauperi
1484 2428 1511 2451 et
1524 2431 1593 2458 pane
1609 2425 1740 2459 indigenti
1754 2425 1831 2452 lucro

1041 2474 1096 2502 est,
1111 2469 1135 2497 sl
1152 2469 1211 2496 auri
1229 2469 1375 2497 thesauros
1393 2470 1495 2497 multos
1515 2470 1660 2504 possidens
1677 2469 1838 2504 reputatur.

1041 2525 1074 2553 97
1082 2524 1177 2551 Lauda
1184 2524 1287 2559 quidem
1301 2524 1396 2557 alium,
1404 2529 1431 2551 at
1443 2524 1569 2552 laudatus
1579 2533 1609 2552 ne
1616 2525 1765 2559 superbius,
1775 2530 1830 2554 etc.

1077 2580 1168 2607 Alium
1184 2579 1314 2615 quidem,
1334 2580 1424 2615 inquit
1443 2581 1559 2615 beatus,
1585 2582 1699 2610 laudare
1721 2588 1833 2618 propter

1043 2625 1169 2661 pietatem
1186 2629 1213 2653 et
1230 2625 1359 2652 virtutem
1375 2632 1430 2652 non
1446 2626 1619 2660 prohiberem
1629 2647 1636 2660 ,
1652 2627 1699 2655 sed
1713 2632 1740 2655 et
1753 2628 1787 2654 ad
1805 2629 1832 2655 id

1043 2671 1199 2705 provocabo
1212 2680 1220 2705 ;
1234 2674 1261 2697 te
1277 2674 1368 2697 autem
1381 2670 1416 2697 ab
1431 2671 1492 2698 aliis
1505 2671 1616 2698 laudato
1629 2679 1664 2699 ne
1677 2672 1831 2702 extollaris.

1041 2724 1110 2743 neve
1125 2720 1225 2743 temere
1239 2723 1294 2751 prae
1307 2715 1433 2743 laudibus
1446 2720 1584 2743 tumescas
1595 2717 1707 2744 suadeo.
1720 2717 1832 2744 Timen-

1042 2763 1106 2789 dtuu
1133 2763 1207 2790 enim
1232 2762 1383 2796 meritoque
1409 2761 1557 2788 verendqu
1584 2766 1626 2789 est
1649 2770 1683 2789 ne
1705 2762 1832 2789 laudibus

1044 2808 1192 2835 celebratis
1209 2808 1299 2835 minor
1314 2808 1441 2843 arguaris
1455 2816 1463 2841 ;
1480 2806 1570 2834 sedet
1583 2807 1616 2834 ad
1630 2808 1746 2834 aliorum
1761 2814 1832 2842 prae—

1043 2854 1151 2881 conium
1165 2861 1218 2880 non
1233 2854 1340 2881 facilem
1354 2861 1404 2881 nec
1419 2857 1574 2888 promptum
1588 2860 1649 2880 esse
1661 2860 1752 2880 sermo
1767 2861 1832 2880 san-

1042 2901 1078 2929 cti
1089 2899 1187 2936 judicii
1200 2903 1226 2927 te
1240 2901 1395 2936 praescribit
1407 2909 1414 2928 :
1428 2899 1657 2936 quemadmodum
1672 2899 1745 2927 enim
1760 2899 1832 2927 testi-

1635 2948 1674 2978 ‘25
