4082 6444
437 405 550 462 ³8ίό

441 537 535 585 τος
566 519 852 572 ἐκπεσεῖν·
898 514 1172 586 ¹ἀσφάλεια
1213 517 1270 571 δὲ
1312 517 1614 590 ἑκατέροις,
1662 522 1774 582 τοῖς
1806 536 1866 572 τε
1922 520 2020 590 τὴν

437 604 710 678 αἰσθητὴν
747 604 972 676 ταυτηνὶ
1001 603 1294 671 θάλασσαν,
1321 607 1437 668 τοῖς
1460 623 1518 658 τε
1552 605 1652 677 τὴν
1684 607 1882 677 νοητὴν
1914 606 2026 660 δια-

444 695 680 768 περῶσι,
729 695 849 768 μία,
896 695 958 748 τὸ
1001 693 1284 763 φοϐεῖσθαι
1327 695 1415 748 ἀεὶ
1449 696 1542 748 καὶ
1586 696 1871 768 προσέχειν
1913 697 2028 750 ἑαυ-

443 795 580 855 τοῖς,
626 791 705 854 ὼς
758 791 897 860 μήτε
942 791 1056 852 τοῖς
1105 786 1247 841 κατὰ
1293 787 1472 859 σάρκα
1521 788 1886 843 κινδυνεύουσι
1927 789 2025 854 τὰς

448 882 618 952 τύχας
665 879 966 945 ὀνειδίζειν,
1018 879 1155 950 μήτε
1188 880 1301 941 τοῖς
1325 878 1468 931 κατά
1495 879 1720 949 Πνεῦμα
1753 879 1847 933 τοῦ
1890 879 2023 934 Θεοῦ

450 974 854 1044 ἁμαρτάνουσιν
874 972 968 1026 καὶ
989 969 1386 1024 ἀποπίπτουσιν
1405 971 1842 1040 ὲπιχαιρεκάκως
1865 972 1960 1025 ἐπε
1969 989 2026 1042 μ-

449 1065 660 1120 σαίνειν
705 1079 766 1115 τε
814 1062 910 1115 καὶ
952 1059 1324 1130 κατακρίνειν,
1367 1057 1504 1113 ἀλλά
1547 1061 1670 1122 ταῖς
1719 1059 2024 1131 δυστυχίαις

448 1155 560 1209 τῶν
595 1154 764 1217 πέλας
793 1152 888 1206 καὶ
920 1155 1042 1215 ταῖς
1078 1153 1385 1222 συμφοραῖς
1411 1151 1716 1222 τρέμοντας
1752 1151 1847 1205 καὶ
1872 1150 2024 1222 φρίσ-

449 1263 642 1307 σοντας
673 1243 899 1306 ἑαυτοὺς
923 1240 1444 1312 κατασφαλίζεσθαι.

449 1377 552 1433 109
591 1376 890 1446 Ιςρεῖσσον
921 1375 1120 1443 καλῶς
1144 1374 1422 1442 βιοῦντα,
1456 1393 1509 1430 κ.
1541 1392 1591 1430 τ.
1622 1377 1675 1430 λ.

521 1490 768 1544 Ἤκουσα
792 1488 972 1552 καλῶς
1004 1488 1260 1558 βιούντων
1285 1489 1378 1540 καὶ
1402 1488 1567 1552 ἀξίως
1596 1489 2022 1561 πολιτευομένων

445 1579 584 1636 Θεοῦ
617 1581 914 1652 προφητῶν
951 1581 1044 1635 καὶ
1072 1579 1281 1634 πολλῶν
1306 1581 1474 1650 ἁγίων
1511 1581 1652 1652 ὑπέρ
1679 1598 1738 1634 τε
1765 1581 1865 1651 τῆς
1904 1582 2022 1634 ἑαυ-

446 1671 557 1726 τῶν
606 1672 882 1743 πτωχείας
922 1673 1016 1727 καὶ
1060 1671 1458 1744 ταλαιπωρίας,
1482 1671 1624 1746 ὑπέρ
1667 1690 1728 1726 τε
1774 1675 1875 1744 τῆς
1914 1672 2023 1726 τῶν

446 1763 694 1832 πενήτων
727 1761 1180 1825 καταδυναστείας
1229 1762 1322 1815 καὶ
1362 1761 1614 1832 θλίψεως,
1665 1756 1733 1834 ἦς
1779 1763 1884 1816 ὑπὸ
1913 1761 2023 1816 τῶν

445 1851 776 1906 ἀδικούντων
807 1852 1005 1916 αὐτοὺς
1049 1852 1400 1923 ὑπομένουσι,
1445 1853 1896 1922 διαπονουμένους
1941 1853 2021 1906 ὅτι

449 1941 703 2015 μάλιστα,
732 1944 824 1998 καὶ
847 1944 1374 2012 ἀποδυσπετοῦντας,
1405 1945 1616 2015 καὶτῆς
1643 1943 2023 2017 μακροθυμίας

445 2031 583 2083 Θεοῦ
633 2030 1140 2100 καταγογγύζοντας
1161 2049 1174 2063 ·
1231 2031 1452 2103 ἑώρακα
1497 2032 1555 2084 δὲ
1611 2032 1803 2095 ἄλλους
1858 2033 2023 2086 πᾶσιν

440 2120 932 2191 ἐνευθηνουμένους
994 2121 1088 2176 τοῦ
1157 2122 1274 2192 βίου
1328 2123 1424 2176 καὶ
1487 2121 2023 2184 κατασπαταλῶντας

444 2212 684 2280 ἀγαθοῖς,
715 2212 868 2267 οὐδὲν
888 2213 944 2265 δὲ
964 2213 1164 2284 ἀρετῆς
1189 2214 1221 2284 ἢ
1251 2214 1664 2284 εύαρεστήσεως
1685 2212 1834 2278 ἄξιον
1863 2230 2022 2265 κατα-

444 2303 851 2374 πραττομένους
883 2303 976 2356 τοῦ
1005 2301 1162 2369 Θεοῦ,
1201 2304 1340 2376 πλὴν
1368 2307 1424 2358 ὲν
1454 2305 1616 2360 παντὶ
1645 2303 2019 2375 εὐχαριστοῦν-

441 2412 544 2459 τας
587 2396 682 2448 καὶ
727 2394 1248 2468 ἐξομολογουμένους
1292 2395 1372 2466 τῷ
1413 2397 1626 2468 Κυρίῳ,
1649 2397 1776 2449 ὅταν
1822 2394 2024 2464 ἀγαθύ-

437 2503 664 2539 νωνται.
712 2489 980 2557 Κρεῖσσον
1027 2482 1118 2540 οὖν
1155 2488 1202 2558 (ό
1247 2487 1346 2558 τῆς
1379 2487 1709 2558 διακρίσεως
1754 2484 2025 2555 ἀπεφθέγ-

447 2575 575 2642 ξατο
596 2578 864 2649 φωστὴρ),
886 2579 1062 2642 καλῶς
1089 2579 1182 2632 καὶ
1207 2579 1560 2651 ἀγιοπρεπῶς
1585 2577 2020 2647 πολιτευόμενον,

447 2665 545 2718 καὶ
584 2665 684 2737 βίῳ
719 2666 936 2738 ἀμώμῳ
980 2668 1366 2738 πορευόμενον,
1404 2668 1596 2740 μικρόν
1623 2686 1675 2722 τι
1717 2667 2024 2739 παρρησιά-

446 2757 637 2822 ζεσθαι
676 2757 766 2810 διὰ
798 2743 895 2830 τὴν
929 2758 1170 2830 πύρωσιν
1215 2759 1322 2813 τῶν
1357 2760 1610 2830 θλίψεων,
1647 2759 1742 2812 καὶ
1784 2758 2017 2830 μετρίως

443 2863 562 2909 πως
589 2846 683 2900 ὲτὴ
713 2849 824 2911 τοῖς
859 2848 1088 2920 κρίμασι
1118 2848 1211 2903 τοῦ
1247 2848 1381 2902 Θεοῦ
1406 2847 1803 2917 διαγογγύζειν,
1834 2847 1867 2918 ἦ
1905 2847 2018 2905 τοῖς

442 2933 627 3006 ἔργοις
655 2939 757 3009 τῆς
799 2936 1071 3008 ἀκρασίας
1106 2937 1201 2991 καὶ
1251 2937 1562 3002 πλεονεξίας
1603 2939 1695 2991 καὶ
1732 2934 2017 3004 ἀσελγείας

1432 401 1504 455 ἹΝ
1548 399 1856 457 'CARMINA
1899 399 2178 456 A'RCANA
2247 405 2306 457 S.
2384 404 2730 462 CREGOTHL

3591 422 3696 476 8H

2131 529 2276 576 runt.
2320 520 2575 594 Utrisque
2612 532 2857 580 tutamen
2886 537 2969 582 est
2991 569 3005 593 ,
3042 537 3097 584 et
3132 532 3199 587 iis
3231 534 3324 602 qui
3356 534 3614 593 sensibile
3643 547 3699 595 et

2125 609 2200 665 iis
2226 611 2319 679 qui
2352 613 2639 681 spirituale
2672 621 3018 671 transmeant
3068 622 3447 684 marc,timere
3482 640 3702 697 semper

2127 708 2185 754 et
2204 702 2318 758 sibi
2355 703 2804 775 circumspicere,
2825 707 3024 762 exinde
3055 725 3154 762 nec
3183 712 3619 780 periclitantibus
3646 716 3700 772 in

2127 801 2292 844 carne
2315 804 2479 848 casus
2509 795 2865 862 exprobrare,
2899 811 3000 852 nec
3029 797 3294 854 adversus
3317 799 3579 870 Spiritum
3607 806 3700 860 Dei

2122 883 2482 949 peccantibus
2528 891 2584 939 et
2615 884 3197 960 cadentibusimprobe
3235 890 3405 946 laetari
3441 901 3496 947 et
3525 893 3704 950 insul-

2127 976 2244 1024 tare
2278 973 2668 1040 accusatione;
2704 975 2800 1031 sed
2833 976 2900 1030 de
2931 977 3345 1037 calamitatibus
3380 982 3616 1051 proximi
3647 994 3705 1038 et

2128 1056 2450 1117 infortuniis
2485 1071 2794 1140 metuentes
2825 1077 2880 1121 et
2912 1067 3172 1124 timentes
3201 1085 3302 1126 nos
3345 1071 3399 1124 in
3432 1079 3555 1127 tuto
3589 1079 3703 1127 sta-

2122 1153 2281 1204 tuere
2313 1161 2545 1220 oportet.

2127 1364 2229 1420 109
2267 1366 2500 1422 Prceslat
2539 1369 2665 1424 bene
2703 1373 2971 1444 viventem,
2999 1390 3108 1437 etc.

2192 1477 2392 1533 Audivi
2434 1481 2572 1538 bene
2614 1483 2863 1540 viventes
2893 1494 2944 1540 et
2978 1485 3140 1558 digno
3174 1497 3399 1557 agentes
3431 1490 3527 1546 Dei
3571 1508 3702 1562 pro-

2124 1567 2316 1639 phetas
2351 1579 2404 1624 et
2435 1581 2657 1628 sanctos
2689 1575 2889 1631 multos
2919 1578 2986 1633 de
3016 1588 3332 1649 paupertate
3375 1589 3430 1638 et
3475 1572 3702 1640 miseria

2123 1659 2383 1729 propria,
2428 1670 2482 1716 et
2526 1662 2594 1718 de
2645 1680 2947 1734 pauperum
2982 1671 3339 1739 oppressione
3374 1680 3429 1727 et
3467 1675 3699 1729 tribula-

2124 1753 2277 1806 tione
2300 1768 2427 1822 qua:
2453 1754 2523 1808 ab
2557 1755 2780 1826 injustis
2816 1759 3284 1831 sustinent,quam
3321 1765 3555 1821 maxime
3589 1767 3700 1822 las-

2127 1851 2277 1898 satos
2307 1845 2508 1914 aegrius
2538 1844 2775 1904 ferentes
2806 1858 2862 1905 et
2895 1850 2962 1905 de
2986 1851 3396 1922 longanimitate
3433 1855 3528 1912 Dei
3555 1873 3702 1912 mur-

2128 1941 2431 1990 murantes.
2463 1935 2583 1992 Vidi
2608 1947 2665 1993 et
2695 1939 2833 1994 alios
2861 1941 3115 1996 omnibus
3142 1942 3196 1996 in
3222 1944 3331 1997 vita
3362 1944 3704 2004 abundantes

2125 2032 2182 2078 et
2207 2023 2366 2081 bonis
2398 2027 2693 2095 eﬂ’ocatos,
2726 2030 2861 2084 nihil
2891 2046 3020 2086 vero
3049 2032 3250 2090 virtute
3276 2043 3331 2093 et
3358 2035 3702 2107 beneplacito

2127 2111 2221 2168 Dei
2251 2112 2478 2183 dignum
2517 2115 2803 2183 facientes,
2818 2119 2923 2174 nisi
2954 2120 3098 2190 quod
3131 2121 3186 2175 in
3217 2124 3369 2178 omni
3405 2139 3463 2179 re
3499 2128 3702 2196 gratias

2123 2214 2291 2273 agunt
2319 2215 2372 2260 et
2404 2207 2592 2263 laudes
2629 2207 2887 2270 Domino.
2937 2226 3060 2265 cum
3113 2215 3469 2270 cumulantur
3517 2217 3697 2274 bonis.

2123 2292 2316 2350 Melius
2347 2310 2477 2366 ergo
2495 2337 2512 2362 ,
2547 2297 2680 2352 dicit
2703 2299 2894 2369 judicii
2919 2302 3041 2369 lux,
3068 2304 3272 2373 Optime
3301 2313 3355 2360 et
3380 2306 3541 2378 digne
3569 2323 3700 2364 san-

2123 2385 2229 2440 ctis
2280 2386 2551 2443 viventem
2601 2398 2657 2444 et
2702 2391 3218 2461 irreprehensibiles
3260 2395 3378 2452 dies
3415 2392 3699 2469 degentem

2120 2481 2327 2529 temere
2374 2478 2658 2547 paululum
2710 2494 3001 2551 erumpere
3050 2492 3278 2554 propter
3323 2487 3700 2549 tribulationis

2119 2572 2315 2620 testum
2346 2576 2400 2622 et
2425 2583 2550 2623 cum
2582 2569 2960 2629 moderatione
3000 2575 3236 2645 quadam
3264 2577 3330 2632 de
3359 2577 3453 2632 Dei
3479 2578 3702 2649 judiciis

2123 2670 2473 2714 murmurare
2493 2700 2506 2724 ,
2544 2674 2708 2731 quam
2737 2661 2998 2732 operibus
3027 2663 3464 2735 intemperantiae
3500 2673 3555 2720 et
3581 2682 3702 2720 am-

2125 2747 2351 2805 bitionis
2402 2758 2457 2805 et
2490 2751 2730 2808 lasciviae
2763 2755 2942 2810 omnis
2974 2755 3357 2813 incumbentes
3404 2767 3461 2813 et
3506 2774 3565 2814 se
3603 2757 3702 2813 de-

2124 2839 2428 2905 lectantes,
2477 2857 2675 2913 ptenas
2717 2844 2774 2899 in
2823 2845 2912 2901 die
2952 2846 3147 2916 judicii
3181 2847 3348 2914 dare,
3386 2849 3514 2905 licet
3563 2849 3706 2905 nihil

2127 2929 2503 2988 irrationabile
2532 2942 2790 3004 operatos
2824 2934 2996 2992 fuisse
3029 2937 3386 2992 arbitrentur.

438 3031 624 3100 πάσης
663 3031 1023 3102 σχολάζοντας
1071 3031 1168 3086 καὶ
1201 3031 1499 3096 θάλλοντας
1521 3074 1536 3098 ,
1571 3033 1725 3096 δίκας
1759 3033 1815 3084 ὲν
1851 3028 2039 3102 ἡμέρα
2085 3025 2321 3094 κρίσεως
2350 3027 2699 3082 ἀποτιννύναι
2720 3068 2735 3094 ,
2767 3027 2815 3080 εί
2855 3030 2946 3082 καὶ
2980 3029 3142 3099 μηδὲν
3186 3030 3393 3100 ἀλόγως
3433 3032 3702 3103 νομίζοιεν

443 3120 793 3190 ἐργάζεσθαι.

446 3234 551 3288 “3
589 3234 781 3302 Πρόου
810 3236 882 3290 τὰ
908 3237 1234 3307 adat-tamet!
1271 3237 1418 3292 Θεὸν
1448 3236 1666 3304 κτῆσαι
1701 3237 1910 3306 μόνον.

515 3345 678 3415 Τρεῖς
706 3345 883 3411 τάξεις
911 3348 1016 3402 τῶν
1041 3350 1134 3405 ἐπὶ
1163 3348 1240 3420 τῷ
1267 3347 1564 3418 σωματικῷ
1587 3347 1800 3418 πλούτῳ
1827 3349 1920 3401 καὶ
1947 3350 2012 3418 τῇ

436 3434 552 3489 τῶν
585 3437 880 3508 χρημάτων
913 3439 1196 3510 οἰκονομίᾳ
1245 3437 1686 3508 δοκιμαζομένων
1731 3440 1758 3492 ὁ
1804 3437 2018 3509 θαυμά-

441 3543 558 3591 σιος
604 3528 1306 3602 ὲπιδείκνυσιΤρηγόριος·
1360 3528 1583 3600 πρώτην
1633 3530 1751 3599 μὲν,
1798 3530 1893 3584 καὶ
1930 3547 2017 3582 τε-

439 3617 613 3681 λείαν,
646 3619 740 3672 καὶ
772 3621 998 3686 τελείοις
1036 3622 1438 3692 προσήκουσαν,
1465 3619 1525 3673 τὸ
1550 3621 1730 3674 πάντα
1755 3621 2017 3691 προέσθαι

445 3710 541 3766 καὶ
590 3711 914 3780 προπέμψαι
963 3699 1343 3781 τὰ,προσόντα
1386 3709 1504 3780 Θεῷ
1536 3711 1626 3764 διὰ
1657 3712 1892 3782 Χριστὸν
1923 3715 2020 3766 καὶ

441 3805 545 3876 τὴν
577 3802 816 3873 ιντολὴν,
847 3801 987 3854 ὥστε
1033 3799 1220 3856 τοῦτον
1247 3801 1710 3877 ,κατακτήσασθαι
1751 3803 1846 3855 καὶ
1869 3802 2020 3872 αύτῷ

450 3897 598 3968 μόνῳ
645 3893 904 3965 καθαρῶς
951 3890 1082 3963 ζῇν·
1125 3889 1376 3964 ἀλλότρια
1405 3892 1514 3964 γὰρ
1542 3891 1606 3946 τά
1653 3909 1714 3944 τε
1758 3894 2018 3963 χρήματα

415 3968 541 4042 ’καὶ
587 3988 864 4057 κτήματα,
913 3985 988 4048 ὣς
1033 3983 1230 4048 ἔξωθεν
1281 3985 1437 4054 ἡμῶν
1479 3984 1573 4038 καὶ
1622 3983 1720 4054 ούχ
1777 3984 2018 4054 ἡμέτερα

436 4074 636 4147 ὥσπερ
668 4074 726 4127 τὸ
755 4073 935 4144 σῶμα,
968 4072 1106 4126 ἀλλὰ
1135 4073 1263 4145 περὶ
1292 4074 1441 4144 ἡμᾶς
1465 4073 1616 4139 ὖντα,
1647 4066 1722 4128 ὧν
1747 4074 2020 4142 οἰκονόμοι

445 4164 539 4218 καὶ
587 4163 842 4234 μερισταὶ
888 4161 1306 4232 καθεστήκαμεν
1350 4164 1543 4233 ἡμεῖς·
1596 4162 1877 4217 κάλλιστον
1923 4163 2021 4233 μὲν

444 4249 560 4319 οὖν,
615 4253 708 4306 καὶ
761 4253 1190 4322 θεοφιλέστατον,
1225 4252 1319 4305 καὶ
1361 4251 1584 4318 τέλειον,
1631 4252 1852 4307 ἅπαντα
1897 4271 2022 4323 π-ρο-

438 4343 633 4406 δόντας
667 4341 861 4405 ταῦτα,
901 4341 1048 4411 μόνῳ
1072 4340 1319 4393 πλουτεῖν
1347 4341 1440 4394 καὶ
1462 4341 1888 4413 ἀπερισπάστως
1919 4339 2020 4412 ζῇν

442 4432 522 4503 τῷ
562 4431 701 4503 Θεῷ.
735 4431 977 4502 Δευτέρα
997 4431 1054 4491 δὲ
1076 4429 1250 4495 τάξις,
1272 4429 1341 4483 τὰ
1367 4429 1538 4483 πλείω
1565 4430 1746 4484 δοῦναι
1779 4432 1874 4488 καὶ
1897 4431 2021 4486 καλ-

444 4521 563 4587 λίω,
614 4524 684 4576 τὰ
731 4522 940 4576 ἐλάττω
987 4521 1045 4574 δὲ
1093 4521 1188 4575 καὶ
1218 4521 1391 4592 χείρω
1424 4523 1544 4585 ταῖς
1582 4521 1777 4576 ἑαυτοῦ
1811 4521 2021 4592 χρείαις

446 4612 910 4683 προσπορίζεσθαι
953 4611 1246 4666 καὶτοῦτο
1309 4613 1630 4666 ἐπαινετόν·
1690 4612 1912 4676 εὐσεϐὲς
1957 4613 2017 4666 δὲ

443 4705 541 4758 καὶ
595 4698 758 4774 ἦττον
806 4701 1241 4772 φιλανθρώπινον
1292 4703 1397 4756 κάν
1446 4705 1560 4766 τοῖς
1614 4701 2022 4773 περιττεύουσιν

442 4789 708 4853 εὐσεϐεῖν,
742 4789 836 4842 καὶ
871 4788 970 4860 τὴν
1003 4791 1349 4862 χρηστότητα
1377 4790 1538 4861 δρᾷν,
1573 4790 1667 4843 καὶ
1700 4789 1760 4844 τὸ
1799 4790 2025 4860 μεγαλό-

441 4879 616 4950 ψυχον
653 4878 864 4942 τούτοις
897 4879 1304 4936 ἐπιδείκνυσθαι
1329 4897 1343 4912 ·
1378 4878 1438 4933 τὺ
1463 4879 1518 4933 δὲ
1557 4880 1658 4934 κάν
1697 4882 1808 4944 τοῖς
1845 4896 2024 4951 περιτο

443 4973 558 5033 τοῖς
592 4968 851 5039 φειδωλὸν
883 4964 1023 5023 εῖναι
1053 4971 1149 5022 καὶ
1168 4969 1413 5038 γνίφωνα
1443 4969 1537 5022 καὶ
1574 4967 1927 5039 μικρόψυχον,
1949 4966 2024 5038 ὡς

444 5060 525 5123 εἰς
571 5058 772 5130 χρυσὸν
805 5058 949 5114 αύτά
979 5059 1304 5130 διαμείϐειν,
1343 5059 1439 5110 καὶ
1484 5059 1909 5128 καταχωννύειν,
1949 5058 2025 5121 ὡς

445 5146 563 5200 λίαν
608 5147 825 5215 ἀσεὸὲς,
875 5149 972 5202 καὶ
1017 5147 1462 5221 άπανθρώπινον,
1503 5149 1596 5204 καὶ
1632 5147 1791 5220 ἔργον
1819 5148 2027 5205 εἰδωλο-

443 5235 718 5307 λατρείας,
767 5228 910 5292 κατά
954 5240 1046 5293 τὸν
1083 5239 1439 5306 ’Δπόστολον,
1481 5239 1572 5292 καὶ
1608 5239 1709 5310 τῆς
1755 5239 1848 5292 τοῦ
1889 5238 2024 5292 Θεοῦ

445 5328 722 5400 βασιλείας
752 5330 1067 5401 ἀλλοτριοῦν
1099 5330 1432 5386 ἱκανώτατον
1464 5329 1546 5395 ὃν,
1581 5328 2023 5402 παρεσιώπησεν.

446 5439 548 5522 In
575 5443 783 5498 Καλόν
809 5458 866 5495 τι
898 5441 1102 5508 θνητῶν
1129 5438 1399 5509 ἁρπᾶσαι
1429 5440 1529 5496 καί
1563 5440 1668 5494 τοῦ
1703 5440 1948 5509 φθόνου.

513 5617 687 5669 Τοῖτο
715 5615 882 5669 καλὸν
909 5613 1005 5668 καὶ
1025 5613 1132 5667 τῶν
1162 5615 1342 5668 καλῶν
1369 5617 1674 5680 κάλλιστον,
1706 5615 1812 5670 τῶν
1836 5633 1895 5668 τε
1925 5633 2022 5685 ση-

441 5705 549 5762 πῖιν
571 5705 920 5777 ὑφαρπάζειν
937 5704 1028 5758 τὸν
1060 5703 1289 5757 πλοῦτον
1318 5707 1411 5759 καὶ
1447 5706 1539 5758 τοῦ
1577 5706 1771 5774 φθόνου
1789 5747 1802 5771 ,
1829 5708 1917 5777 ὑφ’
1944 5701 2021 5760 ὧν

445 5797 650 5864 ἐκεῖνος
664 5800 876 5879 πέφυκε
893 5799 1300 5870 διαφθείρεσθαι
1327 5800 1419 5855 καὶ
1438 5799 1714 5855 δλλυσθαι⁶
1739 5801 2017 5872 φθείρεται

2127 3233 2230 3287 115
2262 3231 2475 3300 Projice
2505 3230 2702 3295 omnia,
2718 3239 2764 3282 et
2801 3230 2969 3283 Deum
2997 3231 3210 3298 posside
3245 3233 3438 3286 solum.

2195 3341 2332 3399 Tres
2377 3357 2513 3398 usus
2558 3356 2742 3396 rerum
2787 3357 2908 3411 quae
2965 3342 3020 3396 in
3068 3342 3276 3400 divitiis
3326 3349 3703 3418 corporalibus

2114 3445 2173 3490 et
2218 3435 2492 3489 bonorum
2545 3431 2959 3504 dispensatione
3003 3434 3368 3501 aestimantur,
3421 3440 3705 3496 mirandus

2114 3525 2364 3581 ostendit
2413 3523 2736 3594 Gregorius.
2790 3523 3010 3579 Primus
3057 3534 3111 3580 et
3152 3527 3432 3595 perfectus
3476 3542 3530 3585 et
3575 3547 3704 3600 per-

2118 3615 2275 3672 fectis
2309 3622 2602 3680 assuetus,
2639 3614 2825 3668 omnia
2859 3615 3128 3685 projicere
3161 3625 3218 3672 et
3252 3620 3566 3688 relinquere
3610 3637 3703 3677 su-

2117 3705 2327 3776 perﬂua
2377 3713 2602 3776 propter
2648 3704 2928 3760 Christum
2961 3714 3017 3761 et
3051 3706 3368 3762 mandatum
3420 3711 3576 3779 ejus,
3623 3711 3699 3765 ita

2119 3807 2182 3851 ut
2208 3812 2333 3852 eum
2379 3795 2763 3866 possideamus
2818 3805 2868 3852 et
2921 3799 3024 3867 ipsi
3071 3799 3179 3853 soli
3226 3815 3361 3868 pure
3408 3801 3698 3866 vivamus;

2120 3887 2296 3941 aliena
2322 3887 2469 3942 enim
2497 3897 2552 3941 et
2579 3886 2721 3940 bona
2744 3895 2800 3941 et
2820 3900 3082 3956 possessa
3104 3889 3262 3954 quasi
3287 3887 3448 3943 nobis
3472 3895 3700 3943 externa

2120 3985 2176 4032 et
2205 3992 2315 4032 non
2352 3985 2538 4031 nostra
2572 3975 2716 4030 sicut
2745 3991 2976 4044 corpus,
3006 3977 3102 4030 sed
3135 3977 3282 4032 circa
3315 3988 3664 4035 nos-versata
3685 4021 3700 4042 ,

2121 4083 2358 4138 quorum
2381 4067 2867 4122 administratores
2895 4075 2950 4122 et
2981 4067 3386 4137 dispensatores
3412 4071 3699 4124 constituti

2118 4173 2334 4215 sumus.
2364 4157 2645 4226 Optimum
2675 4165 2760 4211 est
2789 4171 2922 4227 ergo
2952 4165 3007 4211 et
3040 4155 3151 4218 Deo
3180 4159 3438 4228 placitum
3473 4170 3528 4214 et
3573 4175 3699 4230 per-

2116 4251 2357 4315 fectum,
2385 4249 2663 4304 omnibus
2704 4248 2826 4304 istis
2869 4249 3137 4319 abjectis,
3181 4250 3286 4305 soli
3321 4249 3431 4306 Deo
3477 4251 3699 4306 divitem

2123 4359 2249 4400 esse
2289 4353 2343 4398 et
2381 4343 2610 4396 ﬁrmiter
2641 4342 2844 4397 vivere.
2889 4341 3180 4398 Secundus
3212 4357 3347 4398 usus
3381 4343 3538 4412 plura
3569 4342 3702 4398 dare

2114 4443 2174 4491 et
2203 4433 2554 4504 pulchriora,
2587 4441 2642 4488 et
2670 4433 2887 4488 minora
2931 4433 3234 4504 pejoraque
3275 4435 3701 4490 necessitatibus

2124 4521 2241 4578 suis
2270 4521 2375 4578 sibi
2403 4521 2641 4578 retinere
2661 4561 2675 4586 ,
2705 4521 2813 4578 hoc
2840 4530 2895 4579 et
2924 4521 3216 4576 laudabile.
3246 4520 3404 4576 Pium
3440 4533 3620 4578 autem
3649 4532 3705 4577 et

2127 4614 2312 4670 minus
2343 4629 2472 4684 erga
2517 4613 2776 4679 homines
2820 4612 3126 4669 beneﬁcum
3168 4613 3236 4669 de
3279 4614 3573 4685 superﬂuis
3616 4616 3705 4685 pie

2121 4716 2282 4772 agere
2328 4711 2384 4758 et
2426 4701 2865 4758 misericordiam
2915 4701 3135 4773 operari
3187 4709 3239 4756 et
3295 4703 3701 4774 magnanimum

2121 4808 2182 4862 se
2208 4791 2518 4854 ostendere.
2543 4791 2654 4849 Sed
2682 4794 2750 4848 de
2775 4792 3068 4862 superliuis
3097 4808 3326 4862 parcum
3353 4808 3476 4848 esse
3497 4806 3551 4848 et
3573 4809 3705 4848 ava—

2123 4899 2243 4940 rum
2275 4891 2333 4939 et
2374 4883 2559 4938 tenuis
2605 4883 2804 4949 animi,
2836 4883 2910 4938 ita
2943 4892 3000 4937 ut
3029 4883 3121 4938 illa
3152 4883 3206 4937 in
3239 4897 3432 4939 aurum
3483 4892 3703 4937 mutem

2119 4981 2213 5029 tur
2240 4980 2295 5027 et
2328 4972 2744 5038 abstrudantur,
2758 4982 3021 5042 tanquam
3059 4973 3223 5028 nimis
3264 4973 3488 5043 impium
3513 4982 3566 5028 et
3601 4976 3704 5028 hu-

2122 5062 2372 5118 manitati
2398 5063 2712 5134 oppositum
2741 5072 2798 5118 et
2833 5063 3153 5120 idololatriae
3178 5079 3338 5135 opus,
3361 5064 3518 5134 juxta
3552 5066 3703 5136 Apo-

2124 5157 2328 5214 stolum
2359 5167 2415 5213 et
2440 5156 2598 5212 valde
2627 5167 2814 5227 aptum
2843 5157 2914 5210 ad
2944 5156 3294 5213 alienandum
3319 5173 3352 5213 a
3375 5157 3471 5216 Dei
3503 5174 3701 5231 regno,

2125 5249 2228 5304 sub
2257 5248 2481 5305 silentio
2513 5247 2881 5318 praetermisit.

2133 5446 2234 5500 H7
2279 5445 2611 5503 Pra'clarum
2643 5454 2721 5500 est
2754 5443 2959 5512 aliquid
2991 5445 3248 5500 rermibus
3280 5456 3329 5501 et
3361 5447 3573 5585 ἰηυίῐίίω
3600 5447 3708 5500 eri-

3488 5531 3626 5582 pere.

3488 5531 3626 5582 pere.

2200 5623 2490 5678 Pulchrum
2545 5623 2676 5678 illud
2735 5633 2789 5679 et
2855 5623 3207 5693 pulchrorum
3267 5623 3698 5693 pulcherrimum

2127 5711 2396 5766 vermium
2432 5712 2716 5780 subripere
2765 5714 2986 5769 divitias
3035 5723 3088 5768 et
3138 5712 3390 5777 invidiae,
3438 5728 3535 5783 per
3578 5728 3699 5784 qua

2128 5803 2451 5861 naturaliter
2481 5804 2682 5862 divitia:
2713 5812 3140 5879 corrumpuntur
3181 5813 3234 5862 et
3262 5814 3511 5874 pereunt.
3559 5805 3700 5863 Cor-
