  <div class='ocr_page' id='page_1' title='image "/cluster/home/n/w/nwhite01/storage/ocr_20150623/38:no.4/coo.31924054869353/417.png"; bbox 0 0 4082 6394; ppageno 0'>
   <div class='ocr_carea' id='block_1_1' title="bbox 500 375 606 432">
    <p class='ocr_par' dir='ltr' id='par_1_1' title="bbox 500 375 606 432">
     <span class='ocr_line' id='line_1_1' title="bbox 500 375 606 432; baseline 0.019 -2"><span class='ocrx_word' id='word_1_1' title='bbox 500 375 606 432; x_wconf 70' lang='grc'><strong>815</strong></span> 
     </span>
    </p>
   </div>
   <div class='ocr_carea' id='block_1_2' title="bbox 503 494 2082 568">
    <p class='ocr_par' dir='ltr' id='par_1_2' title="bbox 503 494 2082 568">
     <span class='ocr_line' id='line_1_2' title="bbox 503 494 2082 568; baseline -0.003 -16"><span class='ocrx_word' id='word_1_2' title='bbox 503 503 834 568; x_wconf 86' lang='lat' dir='ltr'><strong>rumpuntur</strong></span> <span class='ocrx_word' id='word_1_3' title='bbox 883 510 978 566; x_wconf 86' lang='lat' dir='ltr'><strong>per</strong></span> <span class='ocrx_word' id='word_1_4' title='bbox 1029 508 1282 562; x_wconf 79' lang='lat' dir='ltr'><strong>vermes,</strong></span> <span class='ocrx_word' id='word_1_5' title='bbox 1331 508 1674 565; x_wconf 73' lang='lat' dir='ltr'><strong>qumcunque</strong></span> <span class='ocrx_word' id='word_1_6' title='bbox 1724 494 1977 549; x_wconf 77' lang='lat' dir='ltr'><strong>mortalia</strong></span> <span class='ocrx_word' id='word_1_7' title='bbox 2027 503 2082 550; x_wconf 86' lang='lat' dir='ltr'><strong>et</strong></span> 
     </span>
    </p>
   </div>
   <div class='ocr_carea' id='block_1_3' title="bbox 505 583 2086 660">
    <p class='ocr_par' dir='ltr' id='par_1_3' title="bbox 505 583 2086 660">
     <span class='ocr_line' id='line_1_3' title="bbox 505 583 2086 660; baseline -0.003 -17"><span class='ocrx_word' id='word_1_8' title='bbox 505 587 879 660; x_wconf 81' lang='lat' dir='ltr'><strong>putrcseibilia</strong></span> <span class='ocrx_word' id='word_1_9' title='bbox 925 596 976 641; x_wconf 89' lang='lat' dir='ltr'><strong>et</strong></span> <span class='ocrx_word' id='word_1_10' title='bbox 1027 585 1406 654; x_wconf 91' lang='lat' dir='ltr'><strong>corruptibilia</strong></span> <span class='ocrx_word' id='word_1_11' title='bbox 1435 627 1448 650; x_wconf 89' lang='lat'><strong>,</strong></span> <span class='ocrx_word' id='word_1_12' title='bbox 1501 600 1598 655; x_wconf 84' lang='lat' dir='ltr'><strong>per</strong></span> <span class='ocrx_word' id='word_1_13' title='bbox 1639 583 1904 640; x_wconf 75' lang='lat' dir='ltr'><strong>invidiam</strong></span> <span class='ocrx_word' id='word_1_14' title='bbox 1953 599 2086 639; x_wconf 88' lang='lat' dir='ltr'><strong>vero</strong></span> 
     </span>
    </p>
   </div>
   <div class='ocr_carea' id='block_1_4' title="bbox 503 679 2085 749">
    <p class='ocr_par' dir='ltr' id='par_1_4' title="bbox 503 679 2085 749">
     <span class='ocr_line' id='line_1_4' title="bbox 503 679 2085 749; baseline -0.003 -15"><span class='ocrx_word' id='word_1_15' title='bbox 503 679 840 749; x_wconf 85' lang='lat' dir='ltr'><strong>diripiuntur</strong></span> <span class='ocrx_word' id='word_1_16' title='bbox 866 686 921 733; x_wconf 91' lang='lat' dir='ltr'><strong>et</strong></span> <span class='ocrx_word' id='word_1_17' title='bbox 952 685 1187 747; x_wconf 86' lang='lat' dir='ltr'><strong>pereunt</strong></span> <span class='ocrx_word' id='word_1_18' title='bbox 1215 690 1409 730; x_wconf 86' lang='lat' dir='ltr'><strong>aurum</strong></span> <span class='ocrx_word' id='word_1_19' title='bbox 1444 685 1500 731; x_wconf 91' lang='lat' dir='ltr'><strong>et</strong></span> <span class='ocrx_word' id='word_1_20' title='bbox 1530 684 1816 746; x_wconf 89' lang='lat' dir='ltr'><strong>argentum</strong></span> <span class='ocrx_word' id='word_1_21' title='bbox 1849 685 1904 731; x_wconf 90' lang='lat' dir='ltr'><strong>et</strong></span> <span class='ocrx_word' id='word_1_22' title='bbox 1931 690 2085 746; x_wconf 73' lang='lat' dir='ltr'><strong>qua:-</strong></span> 
     </span>
    </p>
   </div>
   <div class='ocr_carea' id='block_1_5' title="bbox 500 765 2085 842">
    <p class='ocr_par' dir='ltr' id='par_1_5' title="bbox 500 765 2085 842">
     <span class='ocr_line' id='line_1_5' title="bbox 500 765 2085 842; baseline -0.005 -15"><span class='ocrx_word' id='word_1_23' title='bbox 500 787 718 842; x_wconf 89' lang='lat' dir='ltr'><strong>cunque</strong></span> <span class='ocrx_word' id='word_1_24' title='bbox 744 770 1066 824; x_wconf 79' lang='lat' dir='ltr'><strong>naturaliter</strong></span> <span class='ocrx_word' id='word_1_25' title='bbox 1093 768 1180 822; x_wconf 90' lang='lat' dir='ltr'><strong>vix</strong></span> <span class='ocrx_word' id='word_1_26' title='bbox 1209 776 1660 838; x_wconf 86' lang='lat' dir='ltr'><strong>corrumpuntur.</strong></span> <span class='ocrx_word' id='word_1_27' title='bbox 1683 766 1894 822; x_wconf 84' lang='lat' dir='ltr'><strong>Bonum</strong></span> <span class='ocrx_word' id='word_1_28' title='bbox 1920 765 2085 837; x_wconf 90' lang='lat' dir='ltr'><strong>igitur</strong></span> 
     </span>
    </p>
   </div>
   <div class='ocr_carea' id='block_1_6' title="bbox 502 855 2082 931">
    <p class='ocr_par' dir='ltr' id='par_1_6' title="bbox 502 855 2082 931">
     <span class='ocr_line' id='line_1_6' title="bbox 502 855 2082 931; baseline -0.003 -16"><span class='ocrx_word' id='word_1_29' title='bbox 502 860 800 931; x_wconf 63' lang='lat' dir='ltr'><strong>praevenire</strong></span> <span class='ocrx_word' id='word_1_30' title='bbox 856 858 1077 913; x_wconf 81' lang='lat' dir='ltr'><strong>Christo</strong></span> <span class='ocrx_word' id='word_1_31' title='bbox 1136 857 1490 922; x_wconf 76' lang='lat' dir='ltr'><strong>fenerantem,</strong></span> <span class='ocrx_word' id='word_1_32' title='bbox 1529 863 1588 910; x_wconf 87' lang='lat' dir='ltr'><strong>et</strong></span> <span class='ocrx_word' id='word_1_33' title='bbox 1645 856 1828 926; x_wconf 85' lang='lat' dir='ltr'><strong>ipsum</strong></span> <span class='ocrx_word' id='word_1_34' title='bbox 1893 855 2082 924; x_wconf 89' lang='lat' dir='ltr'><strong>potius</strong></span> 
     </span>
    </p>
   </div>
   <div class='ocr_carea' id='block_1_7' title="bbox 498 947 2078 1018">
    <p class='ocr_par' dir='ltr' id='par_1_7' title="bbox 498 947 2078 1018">
     <span class='ocr_line' id='line_1_7' title="bbox 498 947 2078 1018; baseline -0.005 -10"><span class='ocrx_word' id='word_1_35' title='bbox 498 953 797 1007; x_wconf 76' lang='lat' dir='ltr'><strong>debitorem</strong></span> <span class='ocrx_word' id='word_1_36' title='bbox 857 949 1058 1003; x_wconf 88' lang='lat' dir='ltr'><strong>habere</strong></span> <span class='ocrx_word' id='word_1_37' title='bbox 1111 947 1332 1018; x_wconf 83' lang='lat' dir='ltr'><strong>expedit</strong></span> <span class='ocrx_word' id='word_1_38' title='bbox 1391 947 1564 1018; x_wconf 83' lang='lat' dir='ltr'><strong>magis</strong></span> <span class='ocrx_word' id='word_1_39' title='bbox 1631 959 1797 1016; x_wconf 84' lang='lat' dir='ltr'><strong>quam</strong></span> <span class='ocrx_word' id='word_1_40' title='bbox 1883 959 2078 1000; x_wconf 88' lang='lat' dir='ltr'><strong>omnes</strong></span> 
     </span>
    </p>
   </div>
   <div class='ocr_carea' id='block_1_8' title="bbox 499 1036 2148 1119">
    <p class='ocr_par' dir='ltr' id='par_1_8' title="bbox 499 1036 2148 1119">
     <span class='ocr_line' id='line_1_8' title="bbox 499 1036 2148 1119; baseline -0.006 -20"><span class='ocrx_word' id='word_1_41' title='bbox 499 1043 688 1099; x_wconf 84' lang='lat' dir='ltr'><strong>mundi</strong></span> <span class='ocrx_word' id='word_1_42' title='bbox 739 1041 958 1097; x_wconf 76' lang='lat' dir='ltr'><strong>divitias</strong></span> <span class='ocrx_word' id='word_1_43' title='bbox 1014 1040 1390 1111; x_wconf 76' lang='lat' dir='ltr'><strong>possidentem</strong></span> <span class='ocrx_word' id='word_1_44' title='bbox 1464 1037 1656 1094; x_wconf 75' lang='lat' dir='ltr'><strong>videri.</strong></span> <span class='ocrx_word' id='word_1_45' title='bbox 1703 1036 1957 1092; x_wconf 85' lang='lat' dir='ltr'><strong>Christus</strong></span> <span class='ocrx_word' id='word_1_46' title='bbox 2002 1036 2082 1092; x_wconf 90' lang='lat' dir='ltr'><strong>sic</strong></span> <span class='ocrx_word' id='word_1_47' title='bbox 2129 1106 2148 1119; x_wconf 40' lang='lat' dir='ltr'><strong><em>I</em></strong></span> 
     </span>
    </p>
   </div>
   <div class='ocr_carea' id='block_1_9' title="bbox 497 1128 2082 1206">
    <p class='ocr_par' dir='ltr' id='par_1_9' title="bbox 497 1128 2082 1206">
     <span class='ocr_line' id='line_1_9' title="bbox 497 1128 2082 1206; baseline -0.006 -16"><span class='ocrx_word' id='word_1_48' title='bbox 497 1135 781 1206; x_wconf 76' lang='lat' dir='ltr'><strong>magniﬁce</strong></span> <span class='ocrx_word' id='word_1_49' title='bbox 829 1131 1168 1187; x_wconf 80' lang='lat' dir='ltr'><strong>feneratores</strong></span> <span class='ocrx_word' id='word_1_50' title='bbox 1222 1145 1356 1185; x_wconf 84' lang='lat' dir='ltr'><strong>suos</strong></span> <span class='ocrx_word' id='word_1_51' title='bbox 1404 1143 1761 1184; x_wconf 90' lang='lat' dir='ltr'><strong>remunerare</strong></span> <span class='ocrx_word' id='word_1_52' title='bbox 1798 1128 1986 1192; x_wconf 85' lang='lat' dir='ltr'><strong>novit,</strong></span> <span class='ocrx_word' id='word_1_53' title='bbox 2020 1137 2082 1181; x_wconf 89' lang='lat' dir='ltr'><strong>ut</strong></span> 
     </span>
    </p>
   </div>
   <div class='ocr_carea' id='block_1_10' title="bbox 495 1217 2081 1292">
    <p class='ocr_par' dir='ltr' id='par_1_10' title="bbox 495 1217 2081 1292">
     <span class='ocr_line' id='line_1_10' title="bbox 495 1217 2081 1292; baseline -0.006 -11"><span class='ocrx_word' id='word_1_54' title='bbox 495 1236 549 1282; x_wconf 88' lang='lat' dir='ltr'><strong>et</strong></span> <span class='ocrx_word' id='word_1_55' title='bbox 581 1225 842 1280; x_wconf 65' lang='lat' dir='ltr'><strong>caelorum</strong></span> <span class='ocrx_word' id='word_1_56' title='bbox 876 1237 1106 1292; x_wconf 82' lang='lat' dir='ltr'><strong>regnum</strong></span> <span class='ocrx_word' id='word_1_57' title='bbox 1155 1222 1266 1276; x_wconf 85' lang='lat' dir='ltr'><strong>illis</strong></span> <span class='ocrx_word' id='word_1_58' title='bbox 1316 1222 1412 1292; x_wconf 90' lang='lat' dir='ltr'><strong>qui</strong></span> <span class='ocrx_word' id='word_1_59' title='bbox 1463 1235 1586 1275; x_wconf 90' lang='lat' dir='ltr'><strong>cum</strong></span> <span class='ocrx_word' id='word_1_60' title='bbox 1630 1219 1735 1275; x_wconf 84' lang='lat' dir='ltr'><strong>ﬁde</strong></span> <span class='ocrx_word' id='word_1_61' title='bbox 1777 1217 2081 1289; x_wconf 74' lang='lat' dir='ltr'><strong>fragmento</strong></span> 
     </span>
    </p>
   </div>
   <div class='ocr_carea' id='block_1_11' title="bbox 495 1311 2081 1387">
    <p class='ocr_par' dir='ltr' id='par_1_11' title="bbox 495 1311 2081 1387">
     <span class='ocr_line' id='line_1_11' title="bbox 495 1311 2081 1387; baseline -0.004 -17"><span class='ocrx_word' id='word_1_62' title='bbox 495 1316 654 1387; x_wconf 84' lang='lat' dir='ltr'><strong>panis</strong></span> <span class='ocrx_word' id='word_1_63' title='bbox 687 1314 1026 1369; x_wconf 89' lang='lat' dir='ltr'><strong>Salvatorem</strong></span> <span class='ocrx_word' id='word_1_64' title='bbox 1061 1313 1356 1377; x_wconf 86' lang='lat' dir='ltr'><strong>nutriunt,</strong></span> <span class='ocrx_word' id='word_1_65' title='bbox 1413 1311 1728 1377; x_wconf 84' lang='lat' dir='ltr'><strong>retribuat;</strong></span> <span class='ocrx_word' id='word_1_66' title='bbox 1775 1325 1878 1365; x_wconf 87' lang='lat' dir='ltr'><strong>nec</strong></span> <span class='ocrx_word' id='word_1_67' title='bbox 1925 1323 2081 1380; x_wconf 62' lang='lat' dir='ltr'><strong>aquae</strong></span> 
     </span>
    </p>
   </div>
   <div class='ocr_carea' id='block_1_12' title="bbox 494 1401 2079 1476">
    <p class='ocr_par' dir='ltr' id='par_1_12' title="bbox 494 1401 2079 1476">
     <span class='ocr_line' id='line_1_12' title="bbox 494 1401 2079 1476; baseline -0.003 -17"><span class='ocrx_word' id='word_1_68' title='bbox 494 1405 701 1476; x_wconf 77' lang='lat' dir='ltr'><strong>frigidae</strong></span> <span class='ocrx_word' id='word_1_69' title='bbox 732 1415 918 1476; x_wconf 89' lang='lat' dir='ltr'><strong>potum</strong></span> <span class='ocrx_word' id='word_1_70' title='bbox 953 1403 1073 1458; x_wconf 89' lang='lat' dir='ltr'><strong>sine</strong></span> <span class='ocrx_word' id='word_1_71' title='bbox 1108 1403 1361 1458; x_wconf 87' lang='lat' dir='ltr'><strong>mercede</strong></span> <span class='ocrx_word' id='word_1_72' title='bbox 1394 1417 1521 1458; x_wconf 89' lang='lat' dir='ltr'><strong>esse</strong></span> <span class='ocrx_word' id='word_1_73' title='bbox 1555 1403 1696 1471; x_wconf 88' lang='lat' dir='ltr'><strong>apud</strong></span> <span class='ocrx_word' id='word_1_74' title='bbox 1732 1401 1912 1470; x_wconf 89' lang='lat' dir='ltr'><strong>ipsum</strong></span> <span class='ocrx_word' id='word_1_75' title='bbox 1945 1415 2079 1456; x_wconf 89' lang='lat' dir='ltr'><strong>con-</strong></span> 
     </span>
    </p>
   </div>
   <div class='ocr_carea' id='block_1_13' title="bbox 491 1490 2078 1562">
    <p class='ocr_par' dir='ltr' id='par_1_13' title="bbox 491 1490 2078 1562">
     <span class='ocr_line' id='line_1_13' title="bbox 491 1490 2078 1562; baseline -0.001 -15"><span class='ocrx_word' id='word_1_76' title='bbox 491 1493 768 1548; x_wconf 83' lang='lat' dir='ltr'><strong>ﬁdentiam</strong></span> <span class='ocrx_word' id='word_1_77' title='bbox 800 1492 898 1547; x_wconf 88' lang='lat' dir='ltr'><strong>tibi</strong></span> <span class='ocrx_word' id='word_1_78' title='bbox 932 1490 1123 1546; x_wconf 84' lang='lat' dir='ltr'><strong>all‘crat</strong></span> <span class='ocrx_word' id='word_1_79' title='bbox 1153 1491 1315 1546; x_wconf 85' lang='lat' dir='ltr'><strong>vidua</strong></span> <span class='ocrx_word' id='word_1_80' title='bbox 1362 1491 1432 1546; x_wconf 91' lang='lat' dir='ltr'><strong>ob</strong></span> <span class='ocrx_word' id='word_1_81' title='bbox 1471 1491 1580 1545; x_wconf 81' lang='lat' dir='ltr'><strong>duo</strong></span> <span class='ocrx_word' id='word_1_82' title='bbox 1624 1491 1786 1546; x_wconf 86' lang='lat' dir='ltr'><strong>obola</strong></span> <span class='ocrx_word' id='word_1_83' title='bbox 1807 1531 1823 1557; x_wconf 97' lang='lat'><strong>,</strong></span> <span class='ocrx_word' id='word_1_84' title='bbox 1855 1505 1977 1562; x_wconf 68' lang='lat' dir='ltr'><strong>qua:</strong></span> <span class='ocrx_word' id='word_1_85' title='bbox 2022 1491 2078 1546; x_wconf 89' lang='lat' dir='ltr'><strong>in</strong></span> 
     </span>
    </p>
   </div>
   <div class='ocr_carea' id='block_1_14' title="bbox 490 1579 2074 1651">
    <p class='ocr_par' dir='ltr' id='par_1_14' title="bbox 490 1579 2074 1651">
     <span class='ocr_line' id='line_1_14' title="bbox 490 1579 2074 1651; baseline -0.002 -14"><span class='ocrx_word' id='word_1_86' title='bbox 490 1583 810 1639; x_wconf 84' lang='lat' dir='ltr'><strong>thesaurum</strong></span> <span class='ocrx_word' id='word_1_87' title='bbox 841 1579 1264 1646; x_wconf 87' lang='lat' dir='ltr'><strong>misit,laudata.</strong></span> <span class='ocrx_word' id='word_1_88' title='bbox 1303 1579 1593 1646; x_wconf 86' lang='lat' dir='ltr'><strong>Quomodo</strong></span> <span class='ocrx_word' id='word_1_89' title='bbox 1642 1581 1827 1651; x_wconf 80' lang='lat' dir='ltr'><strong>igitur,</strong></span> <span class='ocrx_word' id='word_1_90' title='bbox 1862 1581 2074 1650; x_wconf 86' lang='lat' dir='ltr'><strong>inquit,</strong></span> 
     </span>
    </p>
   </div>
   <div class='ocr_carea' id='block_1_15' title="bbox 490 1670 2075 1742">
    <p class='ocr_par' dir='ltr' id='par_1_15' title="bbox 490 1670 2075 1742">
     <span class='ocr_line' id='line_1_15' title="bbox 490 1670 2075 1742; baseline -0.003 -14"><span class='ocrx_word' id='word_1_91' title='bbox 490 1673 864 1730; x_wconf 80' lang='lat' dir='ltr'><strong>fenerabimur</strong></span> <span class='ocrx_word' id='word_1_92' title='bbox 887 1671 1109 1728; x_wconf 88' lang='lat' dir='ltr'><strong>Christo</strong></span> <span class='ocrx_word' id='word_1_93' title='bbox 1135 1680 1188 1727; x_wconf 91' lang='lat' dir='ltr'><strong>et</strong></span> <span class='ocrx_word' id='word_1_94' title='bbox 1215 1670 1328 1726; x_wconf 90' lang='lat' dir='ltr'><strong>Deo</strong></span> <span class='ocrx_word' id='word_1_95' title='bbox 1348 1679 1403 1726; x_wconf 94' lang='lat' dir='ltr'><strong>et</strong></span> <span class='ocrx_word' id='word_1_96' title='bbox 1429 1671 1632 1725; x_wconf 92' lang='lat' dir='ltr'><strong>nullius</strong></span> <span class='ocrx_word' id='word_1_97' title='bbox 1657 1671 1918 1742; x_wconf 77' lang='lat' dir='ltr'><strong>indigenti</strong></span> <span class='ocrx_word' id='word_1_98' title='bbox 1941 1679 1994 1726; x_wconf 87' lang='lat' dir='ltr'><strong>et</strong></span> <span class='ocrx_word' id='word_1_99' title='bbox 2021 1672 2075 1724; x_wconf 90' lang='lat' dir='ltr'><strong>in</strong></span> 
     </span>
    </p>
   </div>
   <div class='ocr_carea' id='block_1_16' title="bbox 491 1759 2074 1828">
    <p class='ocr_par' dir='ltr' id='par_1_16' title="bbox 491 1759 2074 1828">
     <span class='ocr_line' id='line_1_16' title="bbox 491 1759 2074 1828; baseline -0.001 -9"><span class='ocrx_word' id='word_1_100' title='bbox 491 1764 647 1820; x_wconf 79' lang='lat' dir='ltr'><strong>ctelis</strong></span> <span class='ocrx_word' id='word_1_101' title='bbox 679 1763 746 1818; x_wconf 90' lang='lat' dir='ltr'><strong>ad</strong></span> <span class='ocrx_word' id='word_1_102' title='bbox 779 1763 1064 1818; x_wconf 83' lang='lat' dir='ltr'><strong>dexteram</strong></span> <span class='ocrx_word' id='word_1_103' title='bbox 1097 1761 1274 1818; x_wconf 86' lang='lat' dir='ltr'><strong>Patris</strong></span> <span class='ocrx_word' id='word_1_104' title='bbox 1320 1762 1580 1818; x_wconf 80' lang='lat' dir='ltr'><strong>sedenti?</strong></span> <span class='ocrx_word' id='word_1_105' title='bbox 1622 1759 1942 1828; x_wconf 88' lang='lat' dir='ltr'><strong>Christum,</strong></span> <span class='ocrx_word' id='word_1_106' title='bbox 1987 1777 2074 1817; x_wconf 87' lang='lat' dir='ltr'><strong>re-</strong></span> 
     </span>
    </p>
   </div>
   <div class='ocr_carea' id='block_1_17' title="bbox 489 1850 2064 1925">
    <p class='ocr_par' dir='ltr' id='par_1_17' title="bbox 489 1850 2064 1925">
     <span class='ocr_line' id='line_1_17' title="bbox 489 1850 2064 1925; baseline -0.001 -17"><span class='ocrx_word' id='word_1_107' title='bbox 489 1853 726 1925; x_wconf 87' lang='lat' dir='ltr'><strong>spondet</strong></span> <span class='ocrx_word' id='word_1_108' title='bbox 765 1853 862 1908; x_wconf 92' lang='lat' dir='ltr'><strong>tibi</strong></span> <span class='ocrx_word' id='word_1_109' title='bbox 905 1851 1216 1923; x_wconf 88' lang='lat' dir='ltr'><strong>thcologice</strong></span> <span class='ocrx_word' id='word_1_110' title='bbox 1246 1851 1314 1907; x_wconf 91' lang='lat' dir='ltr'><strong>de</strong></span> <span class='ocrx_word' id='word_1_111' title='bbox 1345 1866 1412 1907; x_wconf 90' lang='lat' dir='ltr'><strong>eo</strong></span> <span class='ocrx_word' id='word_1_112' title='bbox 1447 1858 1695 1907; x_wconf 88' lang='lat' dir='ltr'><strong>tractans</strong></span> <span class='ocrx_word' id='word_1_113' title='bbox 1720 1891 1736 1916; x_wconf 93' lang='lat'><strong>,</strong></span> <span class='ocrx_word' id='word_1_114' title='bbox 1769 1859 1824 1906; x_wconf 91' lang='lat' dir='ltr'><strong>et</strong></span> <span class='ocrx_word' id='word_1_115' title='bbox 1857 1850 2028 1906; x_wconf 81' lang='lat' dir='ltr'><strong>vestis</strong></span> <span class='ocrx_word' id='word_1_116' title='bbox 2048 1891 2064 1918; x_wconf 89' lang='lat'><strong>,</strong></span> 
     </span>
    </p>
   </div>
   <div class='ocr_carea' id='block_1_18' title="bbox 491 1941 2074 2015">
    <p class='ocr_par' dir='ltr' id='par_1_18' title="bbox 491 1941 2074 2015">
     <span class='ocr_line' id='line_1_18' title="bbox 491 1941 2074 2015; baseline -0.004 -13"><span class='ocrx_word' id='word_1_117' title='bbox 491 1954 546 2002; x_wconf 87' lang='lat' dir='ltr'><strong>et</strong></span> <span class='ocrx_word' id='word_1_118' title='bbox 578 1945 795 2013; x_wconf 87' lang='lat' dir='ltr'><strong>nutris,</strong></span> <span class='ocrx_word' id='word_1_119' title='bbox 832 1953 886 2001; x_wconf 91' lang='lat' dir='ltr'><strong>et</strong></span> <span class='ocrx_word' id='word_1_120' title='bbox 916 1945 1126 2015; x_wconf 87' lang='lat' dir='ltr'><strong>potioni</strong></span> <span class='ocrx_word' id='word_1_121' title='bbox 1174 1944 1410 2011; x_wconf 88' lang='lat' dir='ltr'><strong>invitas,</strong></span> <span class='ocrx_word' id='word_1_122' title='bbox 1459 1953 1514 1999; x_wconf 89' lang='lat' dir='ltr'><strong>et</strong></span> <span class='ocrx_word' id='word_1_123' title='bbox 1560 1943 1709 1997; x_wconf 91' lang='lat' dir='ltr'><strong>omni</strong></span> <span class='ocrx_word' id='word_1_124' title='bbox 1760 1941 2074 1997; x_wconf 88' lang='lat' dir='ltr'><strong>misericor-</strong></span> 
     </span>
    </p>
   </div>
   <div class='ocr_carea' id='block_1_19' title="bbox 487 2036 2075 2108">
    <p class='ocr_par' dir='ltr' id='par_1_19' title="bbox 487 2036 2075 2108">
     <span class='ocr_line' id='line_1_19' title="bbox 487 2036 2075 2108; baseline -0.002 -16"><span class='ocrx_word' id='word_1_125' title='bbox 487 2036 576 2092; x_wconf 82' lang='lat' dir='ltr'><strong>dia</strong></span> <span class='ocrx_word' id='word_1_126' title='bbox 609 2037 822 2104; x_wconf 88' lang='lat' dir='ltr'><strong>donas,</strong></span> <span class='ocrx_word' id='word_1_127' title='bbox 864 2051 1006 2108; x_wconf 90' lang='lat' dir='ltr'><strong>opus</strong></span> <span class='ocrx_word' id='word_1_128' title='bbox 1046 2036 1156 2092; x_wconf 87' lang='lat' dir='ltr'><strong>tale</strong></span> <span class='ocrx_word' id='word_1_129' title='bbox 1199 2036 1452 2108; x_wconf 65' lang='lat' dir='ltr'><strong>praebens</strong></span> <span class='ocrx_word' id='word_1_130' title='bbox 1499 2049 1628 2106; x_wconf 88' lang='lat' dir='ltr'><strong>erga</strong></span> <span class='ocrx_word' id='word_1_131' title='bbox 1677 2049 1973 2106; x_wconf 86' lang='lat' dir='ltr'><strong>pauperem</strong></span> <span class='ocrx_word' id='word_1_132' title='bbox 2021 2040 2075 2089; x_wconf 89' lang='lat' dir='ltr'><strong>et</strong></span> 
     </span>
    </p>
   </div>
   <div class='ocr_carea' id='block_1_20' title="bbox 488 2145 744 2201">
    <p class='ocr_par' dir='ltr' id='par_1_20' title="bbox 488 2145 744 2201">
     <span class='ocr_line' id='line_1_20' title="bbox 488 2145 744 2201; baseline 0.004 -16"><span class='ocrx_word' id='word_1_133' title='bbox 488 2145 744 2201; x_wconf 86' lang='lat' dir='ltr'><strong>egenum.</strong></span> 
     </span>
    </p>
   </div>
   <div class='ocr_carea' id='block_1_21' title="bbox 489 2218 1928 2291">
    <p class='ocr_par' dir='ltr' id='par_1_21' title="bbox 489 2218 1928 2291">
     <span class='ocr_line' id='line_1_21' title="bbox 489 2218 1928 2291; baseline -0.003 -16"><span class='ocrx_word' id='word_1_134' title='bbox 489 2221 585 2276; x_wconf 77' lang='grc'><strong>121</strong></span> <span class='ocrx_word' id='word_1_135' title='bbox 614 2220 829 2291; x_wconf 80' lang='lat' dir='ltr'><strong>Pauper</strong></span> <span class='ocrx_word' id='word_1_136' title='bbox 855 2220 1113 2286; x_wconf 77' lang='lat' dir='ltr'><strong>accessit,</strong></span> <span class='ocrx_word' id='word_1_137' title='bbox 1139 2218 1331 2274; x_wconf 77' lang='lat' dir='ltr'><strong>deinde</strong></span> <span class='ocrx_word' id='word_1_138' title='bbox 1348 2218 1484 2273; x_wconf 82' lang='lat' dir='ltr'><strong>abiit</strong></span> <span class='ocrx_word' id='word_1_139' title='bbox 1503 2233 1593 2289; x_wconf 74' lang='lat' dir='ltr'><strong>spe</strong></span> <span class='ocrx_word' id='word_1_140' title='bbox 1615 2218 1928 2288; x_wconf 75' lang='lat' dir='ltr'><strong>frustratus.</strong></span> 
     </span>
    </p>
   </div>
   <div class='ocr_carea' id='block_1_22' title="bbox 561 2309 2074 2382">
    <p class='ocr_par' dir='ltr' id='par_1_22' title="bbox 561 2309 2074 2382">
     <span class='ocr_line' id='line_1_22' title="bbox 561 2309 2074 2382; baseline -0.002 -17"><span class='ocrx_word' id='word_1_141' title='bbox 561 2312 686 2366; x_wconf 71' lang='lat' dir='ltr'><strong>llaec</strong></span> <span class='ocrx_word' id='word_1_142' title='bbox 715 2312 935 2382; x_wconf 87' lang='lat' dir='ltr'><strong>quidem</strong></span> <span class='ocrx_word' id='word_1_143' title='bbox 970 2311 1486 2382; x_wconf 88' lang='lat' dir='ltr'><strong>interpretationem</strong></span> <span class='ocrx_word' id='word_1_144' title='bbox 1519 2310 1830 2365; x_wconf 88' lang='lat' dir='ltr'><strong>evidentem</strong></span> <span class='ocrx_word' id='word_1_145' title='bbox 1868 2309 2074 2362; x_wconf 83' lang='lat' dir='ltr'><strong>habent</strong></span> 
     </span>
    </p>
   </div>
   <div class='ocr_carea' id='block_1_23' title="bbox 488 2401 2072 2474">
    <p class='ocr_par' dir='ltr' id='par_1_23' title="bbox 488 2401 2072 2474">
     <span class='ocr_line' id='line_1_23' title="bbox 488 2401 2072 2474; baseline -0.002 -17"><span class='ocrx_word' id='word_1_146' title='bbox 488 2403 693 2471; x_wconf 86' lang='lat' dir='ltr'><strong>verba;</strong></span> <span class='ocrx_word' id='word_1_147' title='bbox 729 2419 829 2460; x_wconf 89' lang='lat' dir='ltr'><strong>nec</strong></span> <span class='ocrx_word' id='word_1_148' title='bbox 871 2412 1058 2459; x_wconf 83' lang='lat' dir='ltr'><strong>tamen</strong></span> <span class='ocrx_word' id='word_1_149' title='bbox 1101 2415 1572 2474; x_wconf 84' lang='lat' dir='ltr'><strong>supervacaneum</strong></span> <span class='ocrx_word' id='word_1_150' title='bbox 1625 2409 1756 2472; x_wconf 89' lang='lat' dir='ltr'><strong>puto</strong></span> <span class='ocrx_word' id='word_1_151' title='bbox 1790 2401 2072 2471; x_wconf 86' lang='lat' dir='ltr'><strong>paululum</strong></span> 
     </span>
    </p>
   </div>
   <div class='ocr_carea' id='block_1_24' title="bbox 486 2492 2074 2564">
    <p class='ocr_par' dir='ltr' id='par_1_24' title="bbox 486 2492 2074 2564">
     <span class='ocr_line' id='line_1_24' title="bbox 486 2492 2074 2564; baseline -0.004 -12"><span class='ocrx_word' id='word_1_152' title='bbox 486 2496 556 2552; x_wconf 87' lang='lat' dir='ltr'><strong>de</strong></span> <span class='ocrx_word' id='word_1_153' title='bbox 589 2495 676 2550; x_wconf 87' lang='lat' dir='ltr'><strong>his</strong></span> <span class='ocrx_word' id='word_1_154' title='bbox 708 2493 1030 2551; x_wconf 88' lang='lat' dir='ltr'><strong>conversari</strong></span> <span class='ocrx_word' id='word_1_155' title='bbox 1061 2512 1075 2560; x_wconf 90' lang='lat'><strong>;</strong></span> <span class='ocrx_word' id='word_1_156' title='bbox 1113 2508 1351 2564; x_wconf 88' lang='lat' dir='ltr'><strong>namque</strong></span> <span class='ocrx_word' id='word_1_157' title='bbox 1379 2493 1544 2547; x_wconf 87' lang='lat' dir='ltr'><strong>etiam</strong></span> <span class='ocrx_word' id='word_1_158' title='bbox 1573 2492 1690 2546; x_wconf 75' lang='lat' dir='ltr'><strong>‘lide</strong></span> <span class='ocrx_word' id='word_1_159' title='bbox 1722 2493 1948 2546; x_wconf 90' lang='lat' dir='ltr'><strong>minima</strong></span> <span class='ocrx_word' id='word_1_160' title='bbox 1974 2506 2074 2546; x_wconf 85' lang='lat' dir='ltr'><strong>au-</strong></span> 
     </span>
    </p>
   </div>
   <div class='ocr_carea' id='block_1_25' title="bbox 488 2583 2074 2653">
    <p class='ocr_par' dir='ltr' id='par_1_25' title="bbox 488 2583 2074 2653">
     <span class='ocr_line' id='line_1_25' title="bbox 488 2583 2074 2653; baseline -0.003 -11"><span class='ocrx_word' id='word_1_161' title='bbox 488 2587 769 2643; x_wconf 87' lang='lat' dir='ltr'><strong>dientibus</strong></span> <span class='ocrx_word' id='word_1_162' title='bbox 815 2587 1079 2642; x_wconf 89' lang='lat' dir='ltr'><strong>inserviet</strong></span> <span class='ocrx_word' id='word_1_163' title='bbox 1121 2585 1188 2641; x_wconf 91' lang='lat' dir='ltr'><strong>de</strong></span> <span class='ocrx_word' id='word_1_164' title='bbox 1236 2585 1323 2640; x_wconf 91' lang='lat' dir='ltr'><strong>his</strong></span> <span class='ocrx_word' id='word_1_165' title='bbox 1358 2585 1530 2638; x_wconf 91' lang='lat' dir='ltr'><strong>multa</strong></span> <span class='ocrx_word' id='word_1_166' title='bbox 1562 2583 1789 2638; x_wconf 87' lang='lat' dir='ltr'><strong>dicere:</strong></span> <span class='ocrx_word' id='word_1_167' title='bbox 1828 2598 2074 2653; x_wconf 88' lang='lat' dir='ltr'><strong>persua—</strong></span> 
     </span>
    </p>
   </div>
   <div class='ocr_carea' id='block_1_26' title="bbox 491 2673 2072 2747">
    <p class='ocr_par' dir='ltr' id='par_1_26' title="bbox 491 2673 2072 2747">
     <span class='ocr_line' id='line_1_26' title="bbox 491 2673 2072 2747; baseline -0.004 -14"><span class='ocrx_word' id='word_1_168' title='bbox 491 2694 615 2734; x_wconf 78' lang='lat' dir='ltr'><strong>sum</strong></span> <span class='ocrx_word' id='word_1_169' title='bbox 649 2679 794 2733; x_wconf 84' lang='lat' dir='ltr'><strong>enim</strong></span> <span class='ocrx_word' id='word_1_170' title='bbox 829 2678 1034 2732; x_wconf 82' lang='lat' dir='ltr'><strong>habere</strong></span> <span class='ocrx_word' id='word_1_171' title='bbox 1066 2676 1282 2747; x_wconf 87' lang='lat' dir='ltr'><strong>oportet</strong></span> <span class='ocrx_word' id='word_1_172' title='bbox 1313 2673 1460 2745; x_wconf 91' lang='lat' dir='ltr'><strong>quod</strong></span> <span class='ocrx_word' id='word_1_173' title='bbox 1499 2673 1774 2744; x_wconf 86' lang='lat' dir='ltr'><strong>judicium</strong></span> <span class='ocrx_word' id='word_1_174' title='bbox 1820 2681 2072 2730; x_wconf 90' lang='lat' dir='ltr'><strong>nostrum</strong></span> 
     </span>
    </p>
   </div>
   <div class='ocr_carea' id='block_1_27' title="bbox 489 2763 2074 2838">
    <p class='ocr_par' dir='ltr' id='par_1_27' title="bbox 489 2763 2074 2838">
     <span class='ocr_line' id='line_1_27' title="bbox 489 2763 2074 2838; baseline -0.005 -13"><span class='ocrx_word' id='word_1_175' title='bbox 489 2785 598 2826; x_wconf 87' lang='lat' dir='ltr'><strong>nos</strong></span> <span class='ocrx_word' id='word_1_176' title='bbox 636 2768 1053 2838; x_wconf 83' lang='lat' dir='ltr'><strong>nobismetipsis</strong></span> <span class='ocrx_word' id='word_1_177' title='bbox 1099 2780 1379 2836; x_wconf 87' lang='lat' dir='ltr'><strong>paramus.</strong></span> <span class='ocrx_word' id='word_1_178' title='bbox 1406 2763 1694 2830; x_wconf 77' lang='lat' dir='ltr'><strong>Quomodo</strong></span> <span class='ocrx_word' id='word_1_179' title='bbox 1727 2773 1783 2819; x_wconf 87' lang='lat' dir='ltr'><strong>et</strong></span> <span class='ocrx_word' id='word_1_180' title='bbox 1818 2779 1924 2834; x_wconf 87' lang='lat' dir='ltr'><strong>qua</strong></span> <span class='ocrx_word' id='word_1_181' title='bbox 1943 2763 2074 2818; x_wconf 86' lang='lat' dir='ltr'><strong>via?</strong></span> 
     </span>
    </p>
   </div>
   <div class='ocr_carea' id='block_1_28' title="bbox 489 2855 2074 2932">
    <p class='ocr_par' dir='ltr' id='par_1_28' title="bbox 489 2855 2074 2932">
     <span class='ocr_line' id='line_1_28' title="bbox 489 2855 2074 2932; baseline -0.004 -16"><span class='ocrx_word' id='word_1_182' title='bbox 489 2860 737 2932; x_wconf 80' lang='lat' dir='ltr'><strong>Paupere</strong></span> <span class='ocrx_word' id='word_1_183' title='bbox 769 2859 838 2914; x_wconf 88' lang='lat' dir='ltr'><strong>ad</strong></span> <span class='ocrx_word' id='word_1_184' title='bbox 870 2872 958 2913; x_wconf 88' lang='lat' dir='ltr'><strong>me</strong></span> <span class='ocrx_word' id='word_1_185' title='bbox 986 2858 1241 2913; x_wconf 86' lang='lat' dir='ltr'><strong>veniente</strong></span> <span class='ocrx_word' id='word_1_186' title='bbox 1263 2895 1278 2921; x_wconf 94' lang='lat'><strong>,</strong></span> <span class='ocrx_word' id='word_1_187' title='bbox 1311 2855 1493 2926; x_wconf 92' lang='lat' dir='ltr'><strong>inquit</strong></span> <span class='ocrx_word' id='word_1_188' title='bbox 1524 2855 1802 2925; x_wconf 83' lang='lat' dir='ltr'><strong>magister,</strong></span> <span class='ocrx_word' id='word_1_189' title='bbox 1836 2862 1890 2909; x_wconf 90' lang='lat' dir='ltr'><strong>et</strong></span> <span class='ocrx_word' id='word_1_190' title='bbox 1928 2855 2074 2910; x_wconf 89' lang='lat' dir='ltr'><strong>elee-</strong></span> 
     </span>
    </p>
   </div>
   <div class='ocr_carea' id='block_1_29' title="bbox 491 2933 2075 3023">
    <p class='ocr_par' dir='ltr' id='par_1_29' title="bbox 491 2933 2075 3023">
     <span class='ocr_line' id='line_1_29' title="bbox 491 2933 2075 3023; baseline -0.003 -17"><span class='ocrx_word' id='word_1_191' title='bbox 491 2951 738 3023; x_wconf 84' lang='lat' dir='ltr'><strong>mosynis</strong></span> <span class='ocrx_word' id='word_1_192' title='bbox 773 2950 1054 3023; x_wconf 76' lang='lat' dir='ltr'><strong>indigente</strong></span> <span class='ocrx_word' id='word_1_193' title='bbox 1075 2990 1090 3016; x_wconf 96' lang='lat'><strong>,</strong></span> <span class='ocrx_word' id='word_1_194' title='bbox 1125 2959 1256 3004; x_wconf 88' lang='lat' dir='ltr'><strong>mox</strong></span> <span class='ocrx_word' id='word_1_195' title='bbox 1287 2944 1497 3017; x_wconf 78' lang='lat' dir='ltr'><strong>ab&#39;sque</strong></span> <span class='ocrx_word' id='word_1_196' title='bbox 1538 2933 1886 3018; x_wconf 74' lang='lat' dir='ltr'><strong>eleetnosyna</strong></span> <span class='ocrx_word' id='word_1_197' title='bbox 1935 2945 2075 3014; x_wconf 83' lang='lat' dir='ltr'><strong>reje-</strong></span> 
     </span>
    </p>
   </div>
   <div class='ocr_carea' id='block_1_30' title="bbox 489 3037 2074 3111">
    <p class='ocr_par' dir='ltr' id='par_1_30' title="bbox 489 3037 2074 3111">
     <span class='ocr_line' id='line_1_30' title="bbox 489 3037 2074 3111; baseline -0.005 -12"><span class='ocrx_word' id='word_1_198' title='bbox 489 3054 614 3111; x_wconf 83' lang='lat' dir='ltr'><strong>ctu,</strong></span> <span class='ocrx_word' id='word_1_199' title='bbox 649 3051 830 3100; x_wconf 89' lang='lat' dir='ltr'><strong>metus</strong></span> <span class='ocrx_word' id='word_1_200' title='bbox 873 3050 928 3098; x_wconf 88' lang='lat' dir='ltr'><strong>et</strong></span> <span class='ocrx_word' id='word_1_201' title='bbox 968 3042 1133 3098; x_wconf 91' lang='lat' dir='ltr'><strong>timor</strong></span> <span class='ocrx_word' id='word_1_202' title='bbox 1185 3038 1475 3096; x_wconf 85' lang='lat' dir='ltr'><strong>confestim</strong></span> <span class='ocrx_word' id='word_1_203' title='bbox 1512 3037 1715 3093; x_wconf 85' lang='lat' dir='ltr'><strong>adsunt</strong></span> <span class='ocrx_word' id='word_1_204' title='bbox 1745 3053 1814 3094; x_wconf 89' lang='lat' dir='ltr'><strong>ne</strong></span> <span class='ocrx_word' id='word_1_205' title='bbox 1849 3037 1989 3092; x_wconf 81' lang='lat' dir='ltr'><strong>forte</strong></span> <span class='ocrx_word' id='word_1_206' title='bbox 2021 3045 2074 3092; x_wconf 86' lang='lat' dir='ltr'><strong>et</strong></span> 
     </span>
    </p>
   </div>
   <div class='ocr_carea' id='block_1_31' title="bbox 491 3128 2068 3207">
    <p class='ocr_par' dir='ltr' id='par_1_31' title="bbox 491 3128 2068 3207">
     <span class='ocr_line' id='line_1_31' title="bbox 491 3128 2068 3207; baseline -0.004 -16"><span class='ocrx_word' id='word_1_207' title='bbox 491 3150 594 3207; x_wconf 89' lang='lat' dir='ltr'><strong>ego</strong></span> <span class='ocrx_word' id='word_1_208' title='bbox 630 3143 723 3190; x_wconf 90' lang='lat' dir='ltr'><strong>tua</strong></span> <span class='ocrx_word' id='word_1_209' title='bbox 758 3133 1121 3189; x_wconf 76' lang='lat' dir='ltr'><strong>miseratione</strong></span> <span class='ocrx_word' id='word_1_210' title='bbox 1161 3131 1414 3202; x_wconf 81' lang='lat' dir='ltr'><strong>indigens</strong></span> <span class='ocrx_word' id='word_1_211' title='bbox 1448 3130 1780 3195; x_wconf 86' lang='lat' dir='ltr'><strong>adveniens,</strong></span> <span class='ocrx_word' id='word_1_212' title='bbox 1811 3128 2030 3185; x_wconf 87' lang='lat' dir='ltr'><strong>Christe</strong></span> <span class='ocrx_word' id='word_1_213' title='bbox 2052 3167 2068 3194; x_wconf 91' lang='lat'><strong>,</strong></span> 
     </span>
    </p>
   </div>
   <div class='ocr_carea' id='block_1_32' title="bbox 486 3221 2069 3298">
    <p class='ocr_par' dir='ltr' id='par_1_32' title="bbox 486 3221 2069 3298">
     <span class='ocr_line' id='line_1_32' title="bbox 486 3221 2069 3298; baseline -0.003 -15"><span class='ocrx_word' id='word_1_214' title='bbox 486 3242 695 3283; x_wconf 89' lang='lat' dir='ltr'><strong>vacuus</strong></span> <span class='ocrx_word' id='word_1_215' title='bbox 723 3226 958 3298; x_wconf 87' lang='lat' dir='ltr'><strong>repellar</strong></span> <span class='ocrx_word' id='word_1_216' title='bbox 997 3225 1157 3295; x_wconf 84' lang='lat' dir='ltr'><strong>juxta</strong></span> <span class='ocrx_word' id='word_1_217' title='bbox 1201 3224 1386 3297; x_wconf 80' lang='lat' dir='ltr'><strong>cordis</strong></span> <span class='ocrx_word' id='word_1_218' title='bbox 1439 3223 1545 3280; x_wconf 89' lang='lat' dir='ltr'><strong>mei</strong></span> <span class='ocrx_word' id='word_1_219' title='bbox 1589 3223 1848 3278; x_wconf 88' lang='lat' dir='ltr'><strong>duritatis</strong></span> <span class='ocrx_word' id='word_1_220' title='bbox 1887 3221 2069 3294; x_wconf 82' lang='lat' dir='ltr'><strong>leges,</strong></span> 
     </span>
    </p>
   </div>
   <div class='ocr_carea' id='block_1_33' title="bbox 492 3310 2074 3387">
    <p class='ocr_par' dir='ltr' id='par_1_33' title="bbox 492 3310 2074 3387">
     <span class='ocr_line' id='line_1_33' title="bbox 492 3310 2074 3387; baseline -0.004 -14"><span class='ocrx_word' id='word_1_221' title='bbox 492 3332 636 3386; x_wconf 90' lang='lat' dir='ltr'><strong>opus</strong></span> <span class='ocrx_word' id='word_1_222' title='bbox 662 3317 869 3372; x_wconf 90' lang='lat' dir='ltr'><strong>habens</strong></span> <span class='ocrx_word' id='word_1_223' title='bbox 900 3315 1122 3387; x_wconf 90' lang='lat' dir='ltr'><strong>quidem</strong></span> <span class='ocrx_word' id='word_1_224' title='bbox 1151 3315 1589 3370; x_wconf 86' lang='lat' dir='ltr'><strong>benevolentiam</strong></span> <span class='ocrx_word' id='word_1_225' title='bbox 1624 3310 1936 3368; x_wconf 85' lang='lat' dir='ltr'><strong>inveniendi</strong></span> <span class='ocrx_word' id='word_1_226' title='bbox 1961 3352 1976 3378; x_wconf 88' lang='lat'><strong>,</strong></span> <span class='ocrx_word' id='word_1_227' title='bbox 2007 3327 2074 3367; x_wconf 92' lang='lat' dir='ltr'><strong>eo</strong></span> 
     </span>
    </p>
   </div>
   <div class='ocr_carea' id='block_1_34' title="bbox 488 3403 2073 3477">
    <p class='ocr_par' dir='ltr' id='par_1_34' title="bbox 488 3403 2073 3477">
     <span class='ocr_line' id='line_1_34' title="bbox 488 3403 2073 3477; baseline -0.002 -16"><span class='ocrx_word' id='word_1_228' title='bbox 488 3416 672 3462; x_wconf 89' lang='lat' dir='ltr'><strong>autem</strong></span> <span class='ocrx_word' id='word_1_229' title='bbox 745 3421 857 3460; x_wconf 88' lang='lat' dir='ltr'><strong>non</strong></span> <span class='ocrx_word' id='word_1_230' title='bbox 909 3407 1252 3477; x_wconf 89' lang='lat' dir='ltr'><strong>perveniens.</strong></span> <span class='ocrx_word' id='word_1_231' title='bbox 1303 3405 1464 3461; x_wconf 80' lang='lat' dir='ltr'><strong>Cur?</strong></span> <span class='ocrx_word' id='word_1_232' title='bbox 1515 3404 1655 3470; x_wconf 85' lang='lat' dir='ltr'><strong>Quia</strong></span> <span class='ocrx_word' id='word_1_233' title='bbox 1705 3403 1798 3474; x_wconf 85' lang='lat' dir='ltr'><strong>qui</strong></span> <span class='ocrx_word' id='word_1_234' title='bbox 1847 3418 2073 3474; x_wconf 88' lang='lat' dir='ltr'><strong>possum</strong></span> 
     </span>
    </p>
   </div>
   <div class='ocr_carea' id='block_1_35' title="bbox 487 3489 2076 3567">
    <p class='ocr_par' dir='ltr' id='par_1_35' title="bbox 487 3489 2076 3567">
     <span class='ocr_line' id='line_1_35' title="bbox 487 3489 2076 3567; baseline -0.004 -15"><span class='ocrx_word' id='word_1_235' title='bbox 487 3511 661 3567; x_wconf 83' lang='lat' dir='ltr'><strong>egeno</strong></span> <span class='ocrx_word' id='word_1_236' title='bbox 692 3496 890 3565; x_wconf 87' lang='lat' dir='ltr'><strong>stipem</strong></span> <span class='ocrx_word' id='word_1_237' title='bbox 920 3508 1148 3566; x_wconf 87' lang='lat' dir='ltr'><strong>erogare</strong></span> <span class='ocrx_word' id='word_1_238' title='bbox 1173 3501 1232 3548; x_wconf 92' lang='lat' dir='ltr'><strong>et</strong></span> <span class='ocrx_word' id='word_1_239' title='bbox 1275 3508 1384 3547; x_wconf 87' lang='lat' dir='ltr'><strong>non</strong></span> <span class='ocrx_word' id='word_1_240' title='bbox 1413 3506 1603 3562; x_wconf 88' lang='lat' dir='ltr'><strong>erogo,</strong></span> <span class='ocrx_word' id='word_1_241' title='bbox 1633 3489 1910 3561; x_wconf 90' lang='lat' dir='ltr'><strong>quomodo</strong></span> <span class='ocrx_word' id='word_1_242' title='bbox 1958 3491 2076 3560; x_wconf 89' lang='lat' dir='ltr'><strong>ipse</strong></span> 
     </span>
    </p>
   </div>
   <div class='ocr_carea' id='block_1_36' title="bbox 490 3577 2074 3654">
    <p class='ocr_par' dir='ltr' id='par_1_36' title="bbox 490 3577 2074 3654">
     <span class='ocr_line' id='line_1_36' title="bbox 490 3577 2074 3654; baseline -0.004 -16"><span class='ocrx_word' id='word_1_243' title='bbox 490 3583 745 3654; x_wconf 77' lang='lat' dir='ltr'><strong>indigens</strong></span> <span class='ocrx_word' id='word_1_244' title='bbox 777 3596 895 3636; x_wconf 87' lang='lat' dir='ltr'><strong>mea</strong></span> <span class='ocrx_word' id='word_1_245' title='bbox 927 3581 1045 3636; x_wconf 89' lang='lat' dir='ltr'><strong>vice</strong></span> <span class='ocrx_word' id='word_1_246' title='bbox 1074 3579 1389 3649; x_wconf 82' lang='lat' dir='ltr'><strong>recipiam?</strong></span> <span class='ocrx_word' id='word_1_247' title='bbox 1432 3578 1476 3631; x_wconf 84' lang='lat' dir='ltr'><strong>A</strong></span> <span class='ocrx_word' id='word_1_248' title='bbox 1520 3577 1746 3634; x_wconf 89' lang='lat' dir='ltr'><strong>Christo</strong></span> <span class='ocrx_word' id='word_1_249' title='bbox 1792 3577 2074 3650; x_wconf 79' lang='lat' dir='ltr'><strong>enimre-</strong></span> 
     </span>
    </p>
   </div>
   <div class='ocr_carea' id='block_1_37' title="bbox 487 3668 2073 3744">
    <p class='ocr_par' dir='ltr' id='par_1_37' title="bbox 487 3668 2073 3744">
     <span class='ocr_line' id='line_1_37' title="bbox 487 3668 2073 3744; baseline -0.002 -16"><span class='ocrx_word' id='word_1_250' title='bbox 487 3673 636 3744; x_wconf 89' lang='lat' dir='ltr'><strong>cipio</strong></span> <span class='ocrx_word' id='word_1_251' title='bbox 665 3687 734 3726; x_wconf 88' lang='lat' dir='ltr'><strong>an</strong></span> <span class='ocrx_word' id='word_1_252' title='bbox 762 3670 982 3726; x_wconf 91' lang='lat' dir='ltr'><strong>aliunde</strong></span> <span class='ocrx_word' id='word_1_253' title='bbox 1002 3671 1024 3725; x_wconf 79' lang='lat' dir='ltr'><strong>‘l</strong></span> <span class='ocrx_word' id='word_1_254' title='bbox 1044 3669 1187 3737; x_wconf 89' lang='lat' dir='ltr'><strong>Quid</strong></span> <span class='ocrx_word' id='word_1_255' title='bbox 1218 3669 1364 3724; x_wconf 86' lang='lat' dir='ltr'><strong>enim</strong></span> <span class='ocrx_word' id='word_1_256' title='bbox 1398 3669 1569 3724; x_wconf 89' lang='lat' dir='ltr'><strong>habes</strong></span> <span class='ocrx_word' id='word_1_257' title='bbox 1597 3668 1744 3738; x_wconf 91' lang='lat' dir='ltr'><strong>quod</strong></span> <span class='ocrx_word' id='word_1_258' title='bbox 1772 3683 1880 3723; x_wconf 93' lang='lat' dir='ltr'><strong>non</strong></span> <span class='ocrx_word' id='word_1_259' title='bbox 1913 3683 2073 3725; x_wconf 89' lang='lat' dir='ltr'><strong>acce-</strong></span> 
     </span>
    </p>
   </div>
   <div class='ocr_carea' id='block_1_38' title="bbox 489 3760 2074 3838">
    <p class='ocr_par' dir='ltr' id='par_1_38' title="bbox 489 3760 2074 3838">
     <span class='ocr_line' id='line_1_38' title="bbox 489 3760 2074 3838; baseline -0.004 -18"><span class='ocrx_word' id='word_1_260' title='bbox 489 3765 658 3838; x_wconf 85' lang='lat' dir='ltr'><strong>pisti,</strong></span> <span class='ocrx_word' id='word_1_261' title='bbox 689 3775 744 3821; x_wconf 89' lang='lat' dir='ltr'><strong>et</strong></span> <span class='ocrx_word' id='word_1_262' title='bbox 777 3765 847 3820; x_wconf 90' lang='lat' dir='ltr'><strong>ab</strong></span> <span class='ocrx_word' id='word_1_263' title='bbox 876 3764 1031 3834; x_wconf 91' lang='lat' dir='ltr'><strong>ipso,</strong></span> <span class='ocrx_word' id='word_1_264' title='bbox 1088 3771 1145 3817; x_wconf 90' lang='lat' dir='ltr'><strong>ut</strong></span> <span class='ocrx_word' id='word_1_265' title='bbox 1199 3761 1395 3832; x_wconf 82' lang='lat' dir='ltr'><strong>patet?</strong></span> <span class='ocrx_word' id='word_1_266' title='bbox 1442 3760 1548 3826; x_wconf 91' lang='lat' dir='ltr'><strong>Qui</strong></span> <span class='ocrx_word' id='word_1_267' title='bbox 1596 3775 1728 3831; x_wconf 87' lang='lat' dir='ltr'><strong>ergo</strong></span> <span class='ocrx_word' id='word_1_268' title='bbox 1768 3760 1991 3830; x_wconf 90' lang='lat' dir='ltr'><strong>accepi,</strong></span> <span class='ocrx_word' id='word_1_269' title='bbox 2019 3767 2074 3816; x_wconf 87' lang='lat' dir='ltr'><strong>et</strong></span> 
     </span>
    </p>
   </div>
   <div class='ocr_carea' id='block_1_39' title="bbox 489 3849 2074 3928">
    <p class='ocr_par' dir='ltr' id='par_1_39' title="bbox 489 3849 2074 3928">
     <span class='ocr_line' id='line_1_39' title="bbox 489 3849 2074 3928; baseline -0.004 -16"><span class='ocrx_word' id='word_1_270' title='bbox 489 3871 582 3928; x_wconf 89' lang='lat' dir='ltr'><strong>per</strong></span> <span class='ocrx_word' id='word_1_271' title='bbox 613 3869 910 3926; x_wconf 88' lang='lat' dir='ltr'><strong>pauperem</strong></span> <span class='ocrx_word' id='word_1_272' title='bbox 959 3851 1290 3910; x_wconf 88' lang='lat' dir='ltr'><strong>sollicitatus</strong></span> <span class='ocrx_word' id='word_1_273' title='bbox 1341 3849 1706 3921; x_wconf 88' lang='lat' dir='ltr'><strong>experimenti</strong></span> <span class='ocrx_word' id='word_1_274' title='bbox 1755 3850 1966 3921; x_wconf 88' lang='lat' dir='ltr'><strong>gratia,</strong></span> <span class='ocrx_word' id='word_1_275' title='bbox 2018 3857 2074 3906; x_wconf 90' lang='lat' dir='ltr'><strong>et</strong></span> 
     </span>
    </p>
   </div>
   <div class='ocr_carea' id='block_1_40' title="bbox 488 3940 2073 4018">
    <p class='ocr_par' dir='ltr' id='par_1_40' title="bbox 488 3940 2073 4018">
     <span class='ocr_line' id='line_1_40' title="bbox 488 3940 2073 4018; baseline -0.004 -17"><span class='ocrx_word' id='word_1_276' title='bbox 488 3962 600 4018; x_wconf 67' lang='lat' dir='ltr'><strong>pra:</strong></span> <span class='ocrx_word' id='word_1_277' title='bbox 634 3945 922 4016; x_wconf 86' lang='lat' dir='ltr'><strong>iniquitate</strong></span> <span class='ocrx_word' id='word_1_278' title='bbox 955 3959 1064 3999; x_wconf 88' lang='lat' dir='ltr'><strong>non</strong></span> <span class='ocrx_word' id='word_1_279' title='bbox 1099 3957 1304 4013; x_wconf 88' lang='lat' dir='ltr'><strong>erogo,</strong></span> <span class='ocrx_word' id='word_1_280' title='bbox 1349 3941 1629 4012; x_wconf 91' lang='lat' dir='ltr'><strong>quomodo</strong></span> <span class='ocrx_word' id='word_1_281' title='bbox 1681 3941 1877 3996; x_wconf 88' lang='lat' dir='ltr'><strong>iterum</strong></span> <span class='ocrx_word' id='word_1_282' title='bbox 1931 3940 2073 3996; x_wconf 88' lang='lat' dir='ltr'><strong>reci-</strong></span> 
     </span>
    </p>
   </div>
   <div class='ocr_carea' id='block_1_41' title="bbox 403 4029 2072 4107">
    <p class='ocr_par' dir='ltr' id='par_1_41' title="bbox 403 4029 2072 4107">
     <span class='ocr_line' id='line_1_41' title="bbox 403 4029 2072 4107; baseline -0.004 -16"><span class='ocrx_word' id='word_1_283' title='bbox 403 4039 410 4045; x_wconf 77' lang='grc'><em>”</em></span> <span class='ocrx_word' id='word_1_284' title='bbox 489 4037 673 4107; x_wconf 84' lang='lat' dir='ltr'><strong>piam?</strong></span> <span class='ocrx_word' id='word_1_285' title='bbox 705 4034 806 4102; x_wconf 90' lang='lat' dir='ltr'><strong>Qui</strong></span> <span class='ocrx_word' id='word_1_286' title='bbox 839 4034 986 4091; x_wconf 91' lang='lat' dir='ltr'><strong>enim</strong></span> <span class='ocrx_word' id='word_1_287' title='bbox 1036 4033 1191 4088; x_wconf 88' lang='lat' dir='ltr'><strong>danti</strong></span> <span class='ocrx_word' id='word_1_288' title='bbox 1249 4032 1434 4087; x_wconf 89' lang='lat' dir='ltr'><strong>omnia</strong></span> <span class='ocrx_word' id='word_1_289' title='bbox 1484 4031 1616 4086; x_wconf 88' lang='lat' dir='ltr'><strong>dare</strong></span> <span class='ocrx_word' id='word_1_290' title='bbox 1662 4039 1819 4086; x_wconf 89' lang='lat' dir='ltr'><strong>tenax</strong></span> <span class='ocrx_word' id='word_1_291' title='bbox 1851 4029 2072 4086; x_wconf 89' lang='lat' dir='ltr'><strong>sordide</strong></span> 
     </span>
    </p>
   </div>
   <div class='ocr_carea' id='block_1_42' title="bbox 489 4120 2072 4193">
    <p class='ocr_par' dir='ltr' id='par_1_42' title="bbox 489 4120 2072 4193">
     <span class='ocr_line' id='line_1_42' title="bbox 489 4120 2072 4193; baseline -0.004 -13"><span class='ocrx_word' id='word_1_292' title='bbox 489 4132 728 4190; x_wconf 87' lang='lat' dir='ltr'><strong>recusat,</strong></span> <span class='ocrx_word' id='word_1_293' title='bbox 762 4124 903 4179; x_wconf 90' lang='lat' dir='ltr'><strong>nihil</strong></span> <span class='ocrx_word' id='word_1_294' title='bbox 968 4125 1216 4193; x_wconf 88' lang='lat' dir='ltr'><strong>recipere</strong></span> <span class='ocrx_word' id='word_1_295' title='bbox 1265 4131 1478 4193; x_wconf 88' lang='lat' dir='ltr'><strong>speret,</strong></span> <span class='ocrx_word' id='word_1_296' title='bbox 1505 4137 1536 4175; x_wconf 88' lang='lat' dir='ltr'><strong>e</strong></span> <span class='ocrx_word' id='word_1_297' title='bbox 1566 4129 1758 4176; x_wconf 87' lang='lat' dir='ltr'><strong>contra</strong></span> <span class='ocrx_word' id='word_1_298' title='bbox 1802 4120 1969 4191; x_wconf 87' lang='lat' dir='ltr'><strong>igitur</strong></span> <span class='ocrx_word' id='word_1_299' title='bbox 2017 4127 2072 4176; x_wconf 88' lang='lat' dir='ltr'><strong>et</strong></span> 
     </span>
    </p>
   </div>
   <div class='ocr_carea' id='block_1_43' title="bbox 485 4208 1812 4282">
    <p class='ocr_par' dir='ltr' id='par_1_43' title="bbox 485 4208 1812 4282">
     <span class='ocr_line' id='line_1_43' title="bbox 485 4208 1812 4282; baseline -0.003 -14"><span class='ocrx_word' id='word_1_300' title='bbox 485 4227 610 4282; x_wconf 63' lang='lat' dir='ltr'><strong>quae</strong></span> <span class='ocrx_word' id='word_1_301' title='bbox 638 4211 860 4267; x_wconf 83' lang='lat' dir='ltr'><strong>videtur</strong></span> <span class='ocrx_word' id='word_1_302' title='bbox 895 4211 1096 4267; x_wconf 89' lang='lat' dir='ltr'><strong>habere</strong></span> <span class='ocrx_word' id='word_1_303' title='bbox 1129 4211 1196 4265; x_wconf 89' lang='lat' dir='ltr'><strong>ab</strong></span> <span class='ocrx_word' id='word_1_304' title='bbox 1227 4225 1292 4266; x_wconf 90' lang='lat' dir='ltr'><strong>eo</strong></span> <span class='ocrx_word' id='word_1_305' title='bbox 1322 4208 1620 4266; x_wconf 80' lang='lat' dir='ltr'><strong>auferenda</strong></span> <span class='ocrx_word' id='word_1_306' title='bbox 1652 4209 1812 4265; x_wconf 87' lang='lat' dir='ltr'><strong>sciat.</strong></span> 
     </span>
    </p>
   </div>
   <div class='ocr_carea' id='block_1_44' title="bbox 488 4314 1497 4384">
    <p class='ocr_par' dir='ltr' id='par_1_44' title="bbox 488 4314 1497 4384">
     <span class='ocr_line' id='line_1_44' title="bbox 488 4314 1497 4384; baseline -0.004 -12"><span class='ocrx_word' id='word_1_307' title='bbox 488 4316 616 4372; x_wconf 72' lang='grc'><strong>125.</strong></span> <span class='ocrx_word' id='word_1_308' title='bbox 661 4314 903 4384; x_wconf 65' lang='lat' dir='ltr'><strong>Pauper:</strong></span> <span class='ocrx_word' id='word_1_309' title='bbox 931 4315 1040 4369; x_wconf 77' lang='lat' dir='ltr'><strong>viro</strong></span> <span class='ocrx_word' id='word_1_310' title='bbox 1065 4315 1200 4369; x_wconf 73' lang='lat' dir='ltr'><strong>nihil</strong></span> <span class='ocrx_word' id='word_1_311' title='bbox 1235 4315 1497 4369; x_wconf 75' lang='lat' dir='ltr'><strong>securius.</strong></span> 
     </span>
    </p>
   </div>
   <div class='ocr_carea' id='block_1_45' title="bbox 555 4423 2070 4497">
    <p class='ocr_par' dir='ltr' id='par_1_45' title="bbox 555 4423 2070 4497">
     <span class='ocr_line' id='line_1_45' title="bbox 555 4423 2070 4497; baseline -0.005 -13"><span class='ocrx_word' id='word_1_312' title='bbox 555 4429 692 4484; x_wconf 86' lang='lat' dir='ltr'><strong>Cum</strong></span> <span class='ocrx_word' id='word_1_313' title='bbox 728 4428 881 4482; x_wconf 92' lang='lat' dir='ltr'><strong>multi</strong></span> <span class='ocrx_word' id='word_1_314' title='bbox 912 4434 1291 4497; x_wconf 86' lang='lat' dir='ltr'><strong>paupertatem</strong></span> <span class='ocrx_word' id='word_1_315' title='bbox 1331 4423 1637 4487; x_wconf 87' lang='lat' dir='ltr'><strong>vitandam,</strong></span> <span class='ocrx_word' id='word_1_316' title='bbox 1672 4423 1832 4479; x_wconf 84' lang='lat' dir='ltr'><strong>valde</strong></span> <span class='ocrx_word' id='word_1_317' title='bbox 1871 4423 2070 4478; x_wconf 82' lang='lat' dir='ltr'><strong>malam</strong></span> 
     </span>
    </p>
   </div>
   <div class='ocr_carea' id='block_1_46' title="bbox 485 4512 2074 4582">
    <p class='ocr_par' dir='ltr' id='par_1_46' title="bbox 485 4512 2074 4582">
     <span class='ocr_line' id='line_1_46' title="bbox 485 4512 2074 4582; baseline 0.001 -13"><span class='ocrx_word' id='word_1_318' title='bbox 485 4523 541 4569; x_wconf 90' lang='lat' dir='ltr'><strong>ct</strong></span> <span class='ocrx_word' id='word_1_319' title='bbox 567 4515 948 4578; x_wconf 80' lang='lat' dir='ltr'><strong>detestandam</strong></span> <span class='ocrx_word' id='word_1_320' title='bbox 967 4513 1192 4577; x_wconf 88' lang='lat' dir='ltr'><strong>ducant,</strong></span> <span class='ocrx_word' id='word_1_321' title='bbox 1219 4513 1343 4567; x_wconf 91' lang='lat' dir='ltr'><strong>ideo</strong></span> <span class='ocrx_word' id='word_1_322' title='bbox 1363 4512 1668 4582; x_wconf 61' lang='lat' dir='ltr'><strong>praesertim</strong></span> <span class='ocrx_word' id='word_1_323' title='bbox 1705 4517 1760 4566; x_wconf 85' lang='lat' dir='ltr'><strong>et</strong></span> <span class='ocrx_word' id='word_1_324' title='bbox 1785 4513 2074 4582; x_wconf 81' lang='lat' dir='ltr'><strong>egentibus</strong></span> 
     </span>
    </p>
   </div>
   <div class='ocr_carea' id='block_1_47' title="bbox 487 4600 2068 4673">
    <p class='ocr_par' dir='ltr' id='par_1_47' title="bbox 487 4600 2068 4673">
     <span class='ocr_line' id='line_1_47' title="bbox 487 4600 2068 4673; baseline -0.003 -13"><span class='ocrx_word' id='word_1_325' title='bbox 487 4605 781 4660; x_wconf 81' lang='lat' dir='ltr'><strong>subvenire</strong></span> <span class='ocrx_word' id='word_1_326' title='bbox 832 4603 1068 4668; x_wconf 91' lang='lat' dir='ltr'><strong>nolunt,</strong></span> <span class='ocrx_word' id='word_1_327' title='bbox 1116 4609 1500 4673; x_wconf 89' lang='lat' dir='ltr'><strong>paupertatem</strong></span> <span class='ocrx_word' id='word_1_328' title='bbox 1540 4600 1856 4670; x_wconf 87' lang='lat' dir='ltr'><strong>suspicione</strong></span> <span class='ocrx_word' id='word_1_329' title='bbox 1901 4602 2068 4657; x_wconf 89' lang='lat' dir='ltr'><strong>attin-</strong></span> 
     </span>
    </p>
   </div>
   <div class='ocr_carea' id='block_1_48' title="bbox 488 4693 2066 4768">
    <p class='ocr_par' dir='ltr' id='par_1_48' title="bbox 488 4693 2066 4768">
     <span class='ocr_line' id='line_1_48' title="bbox 488 4693 2066 4768; baseline -0.001 -17"><span class='ocrx_word' id='word_1_330' title='bbox 488 4703 717 4768; x_wconf 86' lang='lat' dir='ltr'><strong>gentes,</strong></span> <span class='ocrx_word' id='word_1_331' title='bbox 765 4694 1174 4767; x_wconf 87' lang='lat' dir='ltr'><strong>sapientissime</strong></span> <span class='ocrx_word' id='word_1_332' title='bbox 1225 4693 1409 4748; x_wconf 87' lang='lat' dir='ltr'><strong>divine</strong></span> <span class='ocrx_word' id='word_1_333' title='bbox 1453 4706 1790 4749; x_wconf 72' lang='lat' dir='ltr'><strong>conversaris</strong></span> <span class='ocrx_word' id='word_1_334' title='bbox 1836 4693 2066 4750; x_wconf 87' lang='lat' dir='ltr'><strong>istorum</strong></span> 
     </span>
    </p>
   </div>
   <div class='ocr_carea' id='block_1_49' title="bbox 487 4783 2065 4857">
    <p class='ocr_par' dir='ltr' id='par_1_49' title="bbox 487 4783 2065 4857">
     <span class='ocr_line' id='line_1_49' title="bbox 487 4783 2065 4857; baseline -0.001 -14"><span class='ocrx_word' id='word_1_335' title='bbox 487 4787 729 4857; x_wconf 88' lang='lat' dir='ltr'><strong>in0piam</strong></span> <span class='ocrx_word' id='word_1_336' title='bbox 757 4785 1073 4842; x_wconf 87' lang='lat' dir='ltr'><strong>consolatur</strong></span> <span class='ocrx_word' id='word_1_337' title='bbox 1123 4791 1180 4840; x_wconf 92' lang='lat' dir='ltr'><strong>et</strong></span> <span class='ocrx_word' id='word_1_338' title='bbox 1235 4783 1465 4839; x_wconf 90' lang='lat' dir='ltr'><strong>divitum</strong></span> <span class='ocrx_word' id='word_1_339' title='bbox 1508 4785 1702 4839; x_wconf 67' lang='lat' dir='ltr'><strong>animat</strong></span> <span class='ocrx_word' id='word_1_340' title='bbox 1747 4787 2065 4842; x_wconf 88' lang='lat' dir='ltr'><strong>tenuitatem</strong></span> 
     </span>
    </p>
   </div>
   <div class='ocr_carea' id='block_1_50' title="bbox 487 4877 2063 4948">
    <p class='ocr_par' dir='ltr' id='par_1_50' title="bbox 487 4877 2063 4948">
     <span class='ocr_line' id='line_1_50' title="bbox 487 4877 2063 4948; baseline -0.001 -12"><span class='ocrx_word' id='word_1_341' title='bbox 487 4879 732 4937; x_wconf 79' lang='lat' dir='ltr'><strong>remedio</strong></span> <span class='ocrx_word' id='word_1_342' title='bbox 757 4888 914 4934; x_wconf 89' lang='lat' dir='ltr'><strong>curat</strong></span> <span class='ocrx_word' id='word_1_343' title='bbox 941 4877 1131 4933; x_wconf 87' lang='lat' dir='ltr'><strong>dicens</strong></span> <span class='ocrx_word' id='word_1_344' title='bbox 1158 4892 1398 4948; x_wconf 88' lang='lat' dir='ltr'><strong>paupere</strong></span> <span class='ocrx_word' id='word_1_345' title='bbox 1425 4878 1561 4931; x_wconf 90' lang='lat' dir='ltr'><strong>nihil</strong></span> <span class='ocrx_word' id='word_1_346' title='bbox 1591 4879 1784 4945; x_wconf 91' lang='lat' dir='ltr'><strong>tutius,</strong></span> <span class='ocrx_word' id='word_1_347' title='bbox 1830 4880 1966 4934; x_wconf 90' lang='lat' dir='ltr'><strong>nihil</strong></span> <span class='ocrx_word' id='word_1_348' title='bbox 1992 4879 2063 4933; x_wconf 88' lang='lat' dir='ltr'><strong>ti-</strong></span> 
     </span>
    </p>
   </div>
   <div class='ocr_carea' id='block_1_51' title="bbox 489 4966 2065 5039">
    <p class='ocr_par' dir='ltr' id='par_1_51' title="bbox 489 4966 2065 5039">
     <span class='ocr_line' id='line_1_51' title="bbox 489 4966 2065 5039; baseline -0.001 -15"><span class='ocrx_word' id='word_1_349' title='bbox 489 4985 642 5025; x_wconf 91' lang='lat' dir='ltr'><strong>more</strong></span> <span class='ocrx_word' id='word_1_350' title='bbox 692 4977 749 5025; x_wconf 86' lang='lat' dir='ltr'><strong>et</strong></span> <span class='ocrx_word' id='word_1_351' title='bbox 805 4967 1050 5039; x_wconf 89' lang='lat' dir='ltr'><strong>periculo</strong></span> <span class='ocrx_word' id='word_1_352' title='bbox 1109 4966 1373 5034; x_wconf 87' lang='lat' dir='ltr'><strong>liberius;</strong></span> <span class='ocrx_word' id='word_1_353' title='bbox 1430 4982 1540 5022; x_wconf 87' lang='lat' dir='ltr'><strong>non</strong></span> <span class='ocrx_word' id='word_1_354' title='bbox 1587 4967 1732 5022; x_wconf 92' lang='lat' dir='ltr'><strong>enim</strong></span> <span class='ocrx_word' id='word_1_355' title='bbox 1775 4969 1918 5024; x_wconf 88' lang='lat' dir='ltr'><strong>bona</strong></span> <span class='ocrx_word' id='word_1_356' title='bbox 1971 4976 2065 5023; x_wconf 89' lang='lat' dir='ltr'><strong>aut</strong></span> 
     </span>
    </p>
   </div>
   <div class='ocr_carea' id='block_1_52' title="bbox 463 5063 2065 5133">
    <p class='ocr_par' dir='ltr' id='par_1_52' title="bbox 463 5063 2065 5133">
     <span class='ocr_line' id='line_1_52' title="bbox 463 5063 2065 5133; baseline 0.001 -18"><span class='ocrx_word' id='word_1_357' title='bbox 463 5075 669 5133; x_wconf 80' lang='lat' dir='ltr'><strong>agros,</strong></span> <span class='ocrx_word' id='word_1_358' title='bbox 694 5068 789 5115; x_wconf 87' lang='lat' dir='ltr'><strong>aut</strong></span> <span class='ocrx_word' id='word_1_359' title='bbox 828 5075 1054 5132; x_wconf 79' lang='lat' dir='ltr'><strong>gregum</strong></span> <span class='ocrx_word' id='word_1_360' title='bbox 1097 5067 1344 5115; x_wconf 86' lang='lat' dir='ltr'><strong>catervas</strong></span> <span class='ocrx_word' id='word_1_361' title='bbox 1371 5067 1465 5114; x_wconf 87' lang='lat' dir='ltr'><strong>aut</strong></span> <span class='ocrx_word' id='word_1_362' title='bbox 1502 5075 1786 5116; x_wconf 89' lang='lat' dir='ltr'><strong>servorum</strong></span> <span class='ocrx_word' id='word_1_363' title='bbox 1817 5063 2065 5133; x_wconf 88' lang='lat' dir='ltr'><strong>providet</strong></span> 
     </span>
    </p>
   </div>
   <div class='ocr_carea' id='block_1_53' title="bbox 489 5150 2063 5218">
    <p class='ocr_par' dir='ltr' id='par_1_53' title="bbox 489 5150 2063 5218">
     <span class='ocr_line' id='line_1_53' title="bbox 489 5150 2063 5218; baseline 0.001 -12"><span class='ocrx_word' id='word_1_364' title='bbox 489 5150 916 5218; x_wconf 87' lang='lat' dir='ltr'><strong>multitudinem,</strong></span> <span class='ocrx_word' id='word_1_365' title='bbox 959 5150 1180 5207; x_wconf 82' lang='lat' dir='ltr'><strong>liuentia</strong></span> <span class='ocrx_word' id='word_1_366' title='bbox 1202 5159 1258 5206; x_wconf 91' lang='lat' dir='ltr'><strong>et</strong></span> <span class='ocrx_word' id='word_1_367' title='bbox 1298 5151 1478 5207; x_wconf 90' lang='lat' dir='ltr'><strong>instar</strong></span> <span class='ocrx_word' id='word_1_368' title='bbox 1509 5153 1709 5208; x_wconf 91' lang='lat' dir='ltr'><strong>somnii</strong></span> <span class='ocrx_word' id='word_1_369' title='bbox 1744 5153 2063 5209; x_wconf 87' lang='lat' dir='ltr'><strong>transitoria</strong></span> 
     </span>
    </p>
   </div>
   <div class='ocr_carea' id='block_1_54' title="bbox 487 5240 2062 5313">
    <p class='ocr_par' dir='ltr' id='par_1_54' title="bbox 487 5240 2062 5313">
     <span class='ocr_line' id='line_1_54' title="bbox 487 5240 2062 5313; baseline -0.001 -16"><span class='ocrx_word' id='word_1_370' title='bbox 487 5250 538 5298; x_wconf 87' lang='lat' dir='ltr'><strong>et</strong></span> <span class='ocrx_word' id='word_1_371' title='bbox 592 5242 898 5313; x_wconf 89' lang='lat' dir='ltr'><strong>pereuntia,</strong></span> <span class='ocrx_word' id='word_1_372' title='bbox 958 5241 1135 5297; x_wconf 88' lang='lat' dir='ltr'><strong>solum</strong></span> <span class='ocrx_word' id='word_1_373' title='bbox 1205 5241 1374 5296; x_wconf 86' lang='lat' dir='ltr'><strong>Deum</strong></span> <span class='ocrx_word' id='word_1_374' title='bbox 1417 5240 1752 5306; x_wconf 88' lang='lat' dir='ltr'><strong>considerat,</strong></span> <span class='ocrx_word' id='word_1_375' title='bbox 1803 5240 1898 5311; x_wconf 91' lang='lat' dir='ltr'><strong>qui</strong></span> <span class='ocrx_word' id='word_1_376' title='bbox 1947 5250 2062 5307; x_wconf 87' lang='lat' dir='ltr'><strong>est,</strong></span> 
     </span>
    </p>
   </div>
   <div class='ocr_carea' id='block_1_55' title="bbox 487 5331 2066 5404">
    <p class='ocr_par' dir='ltr' id='par_1_55' title="bbox 487 5331 2066 5404">
     <span class='ocr_line' id='line_1_55' title="bbox 487 5331 2066 5404; baseline -0.001 -18"><span class='ocrx_word' id='word_1_377' title='bbox 487 5333 580 5404; x_wconf 89' lang='lat' dir='ltr'><strong>qui</strong></span> <span class='ocrx_word' id='word_1_378' title='bbox 641 5340 862 5399; x_wconf 86' lang='lat' dir='ltr'><strong>manet,</strong></span> <span class='ocrx_word' id='word_1_379' title='bbox 921 5333 1017 5403; x_wconf 86' lang='lat' dir='ltr'><strong>qui</strong></span> <span class='ocrx_word' id='word_1_380' title='bbox 1070 5342 1278 5388; x_wconf 74' lang='lat' dir='ltr'><strong>natura:</strong></span> <span class='ocrx_word' id='word_1_381' title='bbox 1353 5331 1752 5402; x_wconf 89' lang='lat' dir='ltr'><strong>providentiam</strong></span> <span class='ocrx_word' id='word_1_382' title='bbox 1825 5331 2066 5400; x_wconf 71' lang='lat' dir='ltr'><strong>praebet;</strong></span> 
     </span>
    </p>
   </div>
   <div class='ocr_carea' id='block_1_56' title="bbox 487 5424 2068 5496">
    <p class='ocr_par' dir='ltr' id='par_1_56' title="bbox 487 5424 2068 5496">
     <span class='ocr_line' id='line_1_56' title="bbox 487 5424 2068 5496; baseline 0 -18"><span class='ocrx_word' id='word_1_383' title='bbox 487 5425 555 5479; x_wconf 71' lang='lat' dir='ltr'><strong>sd</strong></span> <span class='ocrx_word' id='word_1_384' title='bbox 617 5439 782 5496; x_wconf 88' lang='lat' dir='ltr'><strong>quem</strong></span> <span class='ocrx_word' id='word_1_385' title='bbox 811 5425 1014 5496; x_wconf 75' lang='lat' dir='ltr'><strong>iugiter</strong></span> <span class='ocrx_word' id='word_1_386' title='bbox 1077 5425 1294 5492; x_wconf 90' lang='lat' dir='ltr'><strong>tendit,</strong></span> <span class='ocrx_word' id='word_1_387' title='bbox 1355 5425 1665 5495; x_wconf 89' lang='lat' dir='ltr'><strong>proximum</strong></span> <span class='ocrx_word' id='word_1_388' title='bbox 1736 5424 1917 5493; x_wconf 88' lang='lat' dir='ltr'><strong>ipsum</strong></span> <span class='ocrx_word' id='word_1_389' title='bbox 1989 5424 2068 5479; x_wconf 59' lang='lat' dir='ltr'><strong>vi.</strong></span> 
     </span>
    </p>
   </div>
   <div class='ocr_carea' id='block_1_57' title="bbox 559 5600 1152 5672">
    <p class='ocr_par' dir='ltr' id='par_1_57' title="bbox 559 5600 1152 5672">
     <span class='ocr_line' id='line_1_57' title="bbox 559 5600 1152 5672; baseline -0.007 -14"><span class='ocrx_word' id='word_1_390' title='bbox 559 5601 642 5667; x_wconf 72' lang='grc'><strong>(3)</strong></span> <span class='ocrx_word' id='word_1_391' title='bbox 670 5600 812 5672; x_wconf 81' lang='lat' dir='ltr'><strong>Cod.</strong></span> <span class='ocrx_word' id='word_1_392' title='bbox 833 5600 1152 5672; x_wconf 64' lang='lat' dir='ltr'><strong>uxwiqxt&#39;bv.</strong></span> 
     </span>
    </p>
   </div>
   <div class='ocr_carea' id='block_1_58' title="bbox 561 5671 1052 5730">
    <p class='ocr_par' dir='ltr' id='par_1_58' title="bbox 561 5671 1052 5730">
     <span class='ocr_line' id='line_1_58' title="bbox 561 5671 1052 5730; baseline 0.002 -5"><span class='ocrx_word' id='word_1_393' title='bbox 561 5673 638 5730; x_wconf 55' lang='grc' dir='ltr'><strong>ιι)</strong></span> <span class='ocrx_word' id='word_1_394' title='bbox 669 5671 803 5725; x_wconf 84' lang='lat' dir='ltr'><strong>Cod.</strong></span> <span class='ocrx_word' id='word_1_395' title='bbox 835 5671 1052 5726; x_wconf 83' lang='grc' dir='ltr'>συνιῶν.</span> 
     </span>
    </p>
   </div>
   <div class='ocr_carea' id='block_1_59' title="bbox 563 5737 1300 5804">
    <p class='ocr_par' dir='ltr' id='par_1_59' title="bbox 563 5737 1300 5804">
     <span class='ocr_line' id='line_1_59' title="bbox 563 5737 1300 5804; baseline -0.003 -12"><span class='ocrx_word' id='word_1_396' title='bbox 563 5740 641 5804; x_wconf 76' lang='lat'><strong>(5)</strong></span> <span class='ocrx_word' id='word_1_397' title='bbox 668 5740 974 5803; x_wconf 84' lang='grc' dir='ltr'>Δυσπιθῶς,</span> <span class='ocrx_word' id='word_1_398' title='bbox 1003 5741 1084 5794; x_wconf 83' lang='lat' dir='ltr'><strong>sic</strong></span> <span class='ocrx_word' id='word_1_399' title='bbox 1109 5737 1300 5793; x_wconf 84' lang='lat' dir='ltr'><strong>(-odex.</strong></span> 
     </span>
    </p>
   </div>
   <div class='ocr_carea' id='block_1_60' title="bbox 475 5799 2055 5884">
    <p class='ocr_par' dir='ltr' id='par_1_60' title="bbox 475 5799 2055 5884">
     <span class='ocr_line' id='line_1_60' title="bbox 475 5799 2055 5884; baseline 0.001 -25"><span class='ocrx_word' id='word_1_400' title='bbox 475 5841 478 5844; x_wconf 67' lang='lat'><strong><em>~</em></strong></span> <span class='ocrx_word' id='word_1_401' title='bbox 565 5799 642 5869; x_wconf 67' lang='lat' dir='ltr'><strong>(Li)</strong></span> <span class='ocrx_word' id='word_1_402' title='bbox 665 5807 909 5863; x_wconf 84' lang='lat' dir='ltr'><strong>Zonaras</strong></span> <span class='ocrx_word' id='word_1_403' title='bbox 933 5799 1032 5864; x_wconf 33' lang='lat' dir='ltr'><strong>’l&#39;ol.</strong></span> <span class='ocrx_word' id='word_1_404' title='bbox 1058 5807 1129 5862; x_wconf 67' lang='lat'><strong>25</strong></span> <span class='ocrx_word' id='word_1_405' title='bbox 1157 5822 1203 5863; x_wconf 90' lang='lat' dir='ltr'><strong>r.</strong></span> <span class='ocrx_word' id='word_1_406' title='bbox 1231 5805 1367 5876; x_wconf 71' lang='grc' dir='ltr'>ἢτὺ,</span> <span class='ocrx_word' id='word_1_407' title='bbox 1395 5799 1466 5874; x_wconf 81' lang='grc' dir='ltr'><strong>’ᾯ</strong></span> <span class='ocrx_word' id='word_1_408' title='bbox 1499 5804 1608 5877; x_wconf 80' lang='grc' dir='ltr'><strong>γάρ</strong></span> <span class='ocrx_word' id='word_1_409' title='bbox 1633 5823 1716 5870; x_wconf 87' lang='grc' dir='ltr'><strong>τις</strong></span> <span class='ocrx_word' id='word_1_410' title='bbox 1740 5806 1840 5862; x_wconf 86' lang='grc' dir='ltr'><strong>οὐκ</strong></span> <span class='ocrx_word' id='word_1_411' title='bbox 1861 5806 2055 5884; x_wconf 54' lang='lat' dir='ltr'><strong>“texe,</strong></span> 
     </span>
    </p>
   </div>
   <div class='ocr_carea' id='block_1_61' title="bbox 1775 372 2350 430">
    <p class='ocr_par' dir='ltr' id='par_1_61' title="bbox 1775 372 2350 430">
     <span class='ocr_line' id='line_1_61' title="bbox 1775 372 2350 430; baseline -0.005 -1"><span class='ocrx_word' id='word_1_412' title='bbox 1775 372 2071 430; x_wconf 77' lang='lat' dir='ltr'><strong>NICETAS</strong></span> <span class='ocrx_word' id='word_1_413' title='bbox 2143 373 2350 429; x_wconf 78' lang='lat' dir='ltr'><strong>DAVID</strong></span> 
     </span>
    </p>
   </div>
   <div class='ocr_carea' id='block_1_62' title="bbox 3652 380 3784 434">
    <p class='ocr_par' dir='ltr' id='par_1_62' title="bbox 3652 380 3784 434">
     <span class='ocr_line' id='line_1_62' title="bbox 3652 380 3784 434; baseline 0 0"><span class='ocrx_word' id='word_1_414' title='bbox 3652 380 3784 434; x_wconf 79' lang='grc'><strong>816</strong></span> 
     </span>
    </p>
   </div>
   <div class='ocr_carea' id='block_1_63' title="bbox 2192 487 3785 566">
    <p class='ocr_par' dir='ltr' id='par_1_63' title="bbox 2192 487 3785 566">
     <span class='ocr_line' id='line_1_63' title="bbox 2192 487 3785 566; baseline 0 -21"><span class='ocrx_word' id='word_1_415' title='bbox 2192 497 2293 565; x_wconf 72' lang='grc' dir='ltr'>μὲν</span> <span class='ocrx_word' id='word_1_416' title='bbox 2314 489 2423 562; x_wconf 81' lang='grc' dir='ltr'>γὰρ</span> <span class='ocrx_word' id='word_1_417' title='bbox 2451 490 2556 544; x_wconf 78' lang='grc' dir='ltr'><strong>ὑπὸ</strong></span> <span class='ocrx_word' id='word_1_418' title='bbox 2575 490 2870 561; x_wconf 81' lang='grc' dir='ltr'>σκωλήκων</span> <span class='ocrx_word' id='word_1_419' title='bbox 2885 488 2986 562; x_wconf 79' lang='grc'><strong>(5),</strong></span> <span class='ocrx_word' id='word_1_420' title='bbox 3019 489 3117 544; x_wconf 84' lang='grc' dir='ltr'><strong>ὅσα</strong></span> <span class='ocrx_word' id='word_1_421' title='bbox 3144 487 3346 561; x_wconf 73' lang='grc' dir='ltr'>βρωτά,</span> <span class='ocrx_word' id='word_1_422' title='bbox 3372 488 3466 544; x_wconf 89' lang='lat' dir='ltr'><strong>xui</strong></span> <span class='ocrx_word' id='word_1_423' title='bbox 3487 488 3785 566; x_wconf 71' lang='grc' dir='ltr'>εῦσηπτσ.,</span> 
     </span>
    </p>
   </div>
   <div class='ocr_carea' id='block_1_64' title="bbox 2185 581 3789 654">
    <p class='ocr_par' dir='ltr' id='par_1_64' title="bbox 2185 581 3789 654">
     <span class='ocr_line' id='line_1_64' title="bbox 2185 581 3789 654; baseline -0.002 -17"><span class='ocrx_word' id='word_1_424' title='bbox 2185 585 2280 638; x_wconf 88' lang='lat' dir='ltr'><strong>xui</strong></span> <span class='ocrx_word' id='word_1_425' title='bbox 2309 583 2612 654; x_wconf 72' lang='grc' dir='ltr'>εὔφθαρταο</span> <span class='ocrx_word' id='word_1_426' title='bbox 2641 583 2745 636; x_wconf 80' lang='grc' dir='ltr'>ὑπὸ</span> <span class='ocrx_word' id='word_1_427' title='bbox 2781 581 2974 652; x_wconf 79' lang='grc' dir='ltr'><strong>φθόνου</strong></span> <span class='ocrx_word' id='word_1_428' title='bbox 3002 581 3060 634; x_wconf 86' lang='grc' dir='ltr'><strong>δέ</strong></span> <span class='ocrx_word' id='word_1_429' title='bbox 3088 582 3381 652; x_wconf 82' lang='grc' dir='ltr'>διαρπᾶται</span> <span class='ocrx_word' id='word_1_430' title='bbox 3406 583 3501 635; x_wconf 80' lang='grc' dir='ltr'><strong>καὶ</strong></span> <span class='ocrx_word' id='word_1_431' title='bbox 3525 581 3789 635; x_wconf 79' lang='grc' dir='ltr'>ἀπόλλυ-</span> 
     </span>
    </p>
   </div>
   <div class='ocr_carea' id='block_1_65' title="bbox 2183 671 3912 747">
    <p class='ocr_par' dir='ltr' id='par_1_65' title="bbox 2183 671 3912 747">
     <span class='ocr_line' id='line_1_65' title="bbox 2183 671 3912 747; baseline -0.003 -18"><span class='ocrx_word' id='word_1_432' title='bbox 2183 691 2274 729; x_wconf 81' lang='grc' dir='ltr'><strong>ται</strong></span> <span class='ocrx_word' id='word_1_433' title='bbox 2306 675 2527 747; x_wconf 81' lang='grc' dir='ltr'>χρυσὸς,</span> <span class='ocrx_word' id='word_1_434' title='bbox 2574 673 2668 726; x_wconf 82' lang='lat' dir='ltr'><strong>xui</strong></span> <span class='ocrx_word' id='word_1_435' title='bbox 2704 673 2965 746; x_wconf 80' lang='grc' dir='ltr'>ἄργυρος,</span> <span class='ocrx_word' id='word_1_436' title='bbox 2999 672 3094 726; x_wconf 86' lang='lat' dir='ltr'><strong>xui</strong></span> <span class='ocrx_word' id='word_1_437' title='bbox 3126 673 3228 726; x_wconf 84' lang='grc' dir='ltr'>ὅσα</span> <span class='ocrx_word' id='word_1_438' title='bbox 3265 671 3580 743; x_wconf 71' lang='grc' dir='ltr'><strong>δύσφθαρτα</strong></span> <span class='ocrx_word' id='word_1_439' title='bbox 3615 671 3789 725; x_wconf 72' lang='grc' dir='ltr'>κατὰ</span> <span class='ocrx_word' id='word_1_440' title='bbox 3905 742 3912 746; x_wconf 86' lang='lat'>_</span> 
     </span>
    </p>
   </div>
   <div class='ocr_carea' id='block_1_66' title="bbox 2183 760 3788 835">
    <p class='ocr_par' dir='ltr' id='par_1_66' title="bbox 2183 760 3788 835">
     <span class='ocr_line' id='line_1_66' title="bbox 2183 760 3788 835; baseline -0.001 -17"><span class='ocrx_word' id='word_1_441' title='bbox 2183 765 2348 835; x_wconf 80' lang='grc' dir='ltr'>φύσιν</span> <span class='ocrx_word' id='word_1_442' title='bbox 2381 767 2540 819; x_wconf 84' lang='grc' dir='ltr'>είσίν.</span> <span class='ocrx_word' id='word_1_443' title='bbox 2587 765 2815 834; x_wconf 82' lang='grc' dir='ltr'>Ἀγαθὸν</span> <span class='ocrx_word' id='word_1_444' title='bbox 2841 760 2956 829; x_wconf 73' lang='grc' dir='ltr'>οὖν,</span> <span class='ocrx_word' id='word_1_445' title='bbox 2985 763 3064 834; x_wconf 82' lang='grc' dir='ltr'>τῷ</span> <span class='ocrx_word' id='word_1_446' title='bbox 3086 763 3306 835; x_wconf 79' lang='grc' dir='ltr'><strong>Χριστῷ</strong></span> <span class='ocrx_word' id='word_1_447' title='bbox 3340 763 3788 834; x_wconf 78' lang='grc' dir='ltr'>προφθάσαντας</span> 
     </span>
    </p>
   </div>
   <div class='ocr_carea' id='block_1_67' title="bbox 2181 854 3784 928">
    <p class='ocr_par' dir='ltr' id='par_1_67' title="bbox 2181 854 3784 928">
     <span class='ocr_line' id='line_1_67' title="bbox 2181 854 3784 928; baseline -0.002 -16"><span class='ocrx_word' id='word_1_448' title='bbox 2181 858 2448 922; x_wconf 87' lang='grc' dir='ltr'>δανεῖσαι,</span> <span class='ocrx_word' id='word_1_449' title='bbox 2477 858 2573 912; x_wconf 89' lang='lat' dir='ltr'><strong>xui</strong></span> <span class='ocrx_word' id='word_1_450' title='bbox 2604 858 2766 910; x_wconf 80' lang='grc' dir='ltr'>αὑτὸν</span> <span class='ocrx_word' id='word_1_451' title='bbox 2821 856 3023 927; x_wconf 80' lang='grc' dir='ltr'>μᾶλλον</span> <span class='ocrx_word' id='word_1_452' title='bbox 3059 854 3203 926; x_wconf 79' lang='grc' dir='ltr'>ἔχειν</span> <span class='ocrx_word' id='word_1_453' title='bbox 3241 854 3523 928; x_wconf 81' lang='grc' dir='ltr'><strong>χρεώστην</strong></span> <span class='ocrx_word' id='word_1_454' title='bbox 3547 855 3784 908; x_wconf 84' lang='grc' dir='ltr'>λυσιτε-</span> 
     </span>
    </p>
   </div>
   <div class='ocr_carea' id='block_1_68' title="bbox 2183 947 3785 1020">
    <p class='ocr_par' dir='ltr' id='par_1_68' title="bbox 2183 947 3785 1020">
     <span class='ocr_line' id='line_1_68' title="bbox 2183 947 3785 1020; baseline -0.001 -19"><span class='ocrx_word' id='word_1_455' title='bbox 2183 947 2440 1004; x_wconf 89' lang='grc' dir='ltr'>λέστατον</span> <span class='ocrx_word' id='word_1_456' title='bbox 2471 948 2506 1020; x_wconf 79' lang='grc' dir='ltr'><strong>ἢ</strong></span> <span class='ocrx_word' id='word_1_457' title='bbox 2549 949 2727 1004; x_wconf 83' lang='grc' dir='ltr'>πάντα</span> <span class='ocrx_word' id='word_1_458' title='bbox 2752 947 2846 1001; x_wconf 85' lang='grc' dir='ltr'>τοῦ</span> <span class='ocrx_word' id='word_1_459' title='bbox 2883 947 3088 1018; x_wconf 84' lang='grc' dir='ltr'>κόσμου</span> <span class='ocrx_word' id='word_1_460' title='bbox 3111 947 3202 1001; x_wconf 80' lang='grc' dir='ltr'><strong>τὸν</strong></span> <span class='ocrx_word' id='word_1_461' title='bbox 3248 947 3478 1001; x_wconf 79' lang='grc' dir='ltr'>πλοῦτον</span> <span class='ocrx_word' id='word_1_462' title='bbox 3509 949 3785 1018; x_wconf 76' lang='grc' dir='ltr'>κατέχειν</span> 
     </span>
    </p>
   </div>
   <div class='ocr_carea' id='block_1_69' title="bbox 2180 1035 3782 1111">
    <p class='ocr_par' dir='ltr' id='par_1_69' title="bbox 2180 1035 3782 1111">
     <span class='ocr_line' id='line_1_69' title="bbox 2180 1035 3782 1111; baseline -0.001 -17"><span class='ocrx_word' id='word_1_463' title='bbox 2180 1040 2356 1094; x_wconf 81' lang='grc' dir='ltr'>δοκεῖν</span> <span class='ocrx_word' id='word_1_464' title='bbox 2373 1055 2387 1070; x_wconf 88' lang='grc'><strong>·</strong></span> <span class='ocrx_word' id='word_1_465' title='bbox 2419 1041 2479 1104; x_wconf 85' lang='grc' dir='ltr'><strong>δς</strong></span> <span class='ocrx_word' id='word_1_466' title='bbox 2503 1040 2646 1094; x_wconf 77' lang='grc' dir='ltr'>οὕτω</span> <span class='ocrx_word' id='word_1_467' title='bbox 2668 1039 3098 1111; x_wconf 79' lang='grc' dir='ltr'><strong>μεγαλοπρεπῶς</strong></span> <span class='ocrx_word' id='word_1_468' title='bbox 3121 1035 3260 1093; x_wconf 81' lang='grc' dir='ltr'>οἶδεν</span> <span class='ocrx_word' id='word_1_469' title='bbox 3283 1039 3607 1110; x_wconf 83' lang='grc' dir='ltr'>ἀμείϐεσθαι</span> <span class='ocrx_word' id='word_1_470' title='bbox 3632 1042 3782 1103; x_wconf 71' lang='grc' dir='ltr'>τοὺς</span> 
     </span>
    </p>
   </div>
   <div class='ocr_carea' id='block_1_70' title="bbox 2179 1131 3780 1203">
    <p class='ocr_par' dir='ltr' id='par_1_70' title="bbox 2179 1131 3780 1203">
     <span class='ocr_line' id='line_1_70' title="bbox 2179 1131 3780 1203; baseline -0.001 -18"><span class='ocrx_word' id='word_1_471' title='bbox 2179 1131 2494 1196; x_wconf 79' lang='grc' dir='ltr'>δανειστὰς,</span> <span class='ocrx_word' id='word_1_472' title='bbox 2529 1133 2605 1196; x_wconf 86' lang='grc' dir='ltr'>ὼς</span> <span class='ocrx_word' id='word_1_473' title='bbox 2639 1133 2732 1185; x_wconf 88' lang='lat' dir='ltr'><strong>xui</strong></span> <span class='ocrx_word' id='word_1_474' title='bbox 2759 1133 2858 1202; x_wconf 86' lang='grc' dir='ltr'>τὴν</span> <span class='ocrx_word' id='word_1_475' title='bbox 2897 1131 3006 1185; x_wconf 88' lang='grc' dir='ltr'><strong>τῶν</strong></span> <span class='ocrx_word' id='word_1_476' title='bbox 3042 1131 3284 1203; x_wconf 83' lang='grc' dir='ltr'><strong>οὐρανῶν</strong></span> <span class='ocrx_word' id='word_1_477' title='bbox 3331 1131 3604 1202; x_wconf 84' lang='grc' dir='ltr'>βασιλείαν</span> <span class='ocrx_word' id='word_1_478' title='bbox 3646 1134 3780 1195; x_wconf 84' lang='grc' dir='ltr'>τοῖς</span> 
     </span>
    </p>
   </div>
   <div class='ocr_carea' id='block_1_71' title="bbox 2179 1220 3778 1293">
    <p class='ocr_par' dir='ltr' id='par_1_71' title="bbox 2179 1220 3778 1293">
     <span class='ocr_line' id='line_1_71' title="bbox 2179 1220 3778 1293; baseline 0 -19"><span class='ocrx_word' id='word_1_479' title='bbox 2179 1221 2454 1292; x_wconf 84' lang='grc' dir='ltr'>κλάσματι</span> <span class='ocrx_word' id='word_1_480' title='bbox 2483 1221 2650 1292; x_wconf 79' lang='grc' dir='ltr'>ἄρτου</span> <span class='ocrx_word' id='word_1_481' title='bbox 2683 1222 2822 1293; x_wconf 86' lang='grc' dir='ltr'><strong>μετά</strong></span> <span class='ocrx_word' id='word_1_482' title='bbox 2849 1223 3084 1288; x_wconf 82' lang='grc' dir='ltr'>πίστεως</span> <span class='ocrx_word' id='word_1_483' title='bbox 3115 1221 3302 1276; x_wconf 81' lang='grc' dir='ltr'>τοῦτον</span> <span class='ocrx_word' id='word_1_484' title='bbox 3329 1220 3561 1292; x_wconf 78' lang='grc' dir='ltr'><strong>θρέψασι</strong></span> <span class='ocrx_word' id='word_1_485' title='bbox 3595 1222 3778 1292; x_wconf 81' lang='grc' dir='ltr'>χαρί-</span> 
     </span>
    </p>
   </div>
   <div class='ocr_carea' id='block_1_72' title="bbox 2179 1309 3776 1385">
    <p class='ocr_par' dir='ltr' id='par_1_72' title="bbox 2179 1309 3776 1385">
     <span class='ocr_line' id='line_1_72' title="bbox 2179 1309 3776 1385; baseline 0.001 -19"><span class='ocrx_word' id='word_1_486' title='bbox 2179 1313 2358 1377; x_wconf 77' lang='grc' dir='ltr'>ζεται·</span> <span class='ocrx_word' id='word_1_487' title='bbox 2388 1313 2481 1366; x_wconf 91' lang='lat' dir='ltr'><strong>xui</strong></span> <span class='ocrx_word' id='word_1_488' title='bbox 2510 1314 2766 1384; x_wconf 84' lang='grc' dir='ltr'>ποτήριον</span> <span class='ocrx_word' id='word_1_489' title='bbox 2794 1313 2985 1378; x_wconf 81' lang='grc' dir='ltr'>ὓδατος</span> <span class='ocrx_word' id='word_1_490' title='bbox 3007 1313 3216 1385; x_wconf 77' lang='grc' dir='ltr'>ψυχροῦ</span> <span class='ocrx_word' id='word_1_491' title='bbox 3253 1313 3330 1384; x_wconf 82' lang='grc' dir='ltr'>μὴ</span> <span class='ocrx_word' id='word_1_492' title='bbox 3354 1313 3584 1383; x_wconf 78' lang='grc' dir='ltr'><strong>ἄμισθον</strong></span> <span class='ocrx_word' id='word_1_493' title='bbox 3613 1309 3776 1368; x_wconf 78' lang='grc' dir='ltr'>εἶναι</span> 
     </span>
    </p>
   </div>
   <div class='ocr_carea' id='block_1_73' title="bbox 2179 1384 3852 1476">
    <p class='ocr_par' dir='ltr' id='par_1_73' title="bbox 2179 1384 3852 1476">
     <span class='ocr_line' id='line_1_73' title="bbox 2179 1384 3852 1476; baseline 0.001 -19"><span class='ocrx_word' id='word_1_494' title='bbox 2179 1405 2310 1475; x_wconf 82' lang='grc' dir='ltr'>παρ’</span> <span class='ocrx_word' id='word_1_495' title='bbox 2353 1403 2502 1475; x_wconf 80' lang='grc' dir='ltr'>αὐτῷ</span> <span class='ocrx_word' id='word_1_496' title='bbox 2535 1404 2768 1458; x_wconf 79' lang='grc' dir='ltr'><strong>πειθέτω</strong></span> <span class='ocrx_word' id='word_1_497' title='bbox 2811 1422 2871 1458; x_wconf 88' lang='grc' dir='ltr'><strong>σε</strong></span> <span class='ocrx_word' id='word_1_498' title='bbox 2913 1406 3005 1458; x_wconf 97' lang='lat' dir='ltr'><strong>xui</strong></span> <span class='ocrx_word' id='word_1_499' title='bbox 3051 1384 3196 1476; x_wconf 86' lang='grc' dir='ltr'>χήρα</span> <span class='ocrx_word' id='word_1_500' title='bbox 3235 1405 3324 1458; x_wconf 81' lang='grc' dir='ltr'><strong>διὰ</strong></span> <span class='ocrx_word' id='word_1_501' title='bbox 3364 1405 3510 1459; x_wconf 87' lang='grc' dir='ltr'>δυοῖν</span> <span class='ocrx_word' id='word_1_502' title='bbox 3551 1404 3774 1459; x_wconf 78' lang='grc' dir='ltr'>ὀϐολῶν</span> <span class='ocrx_word' id='word_1_503' title='bbox 3846 1384 3852 1394; x_wconf 34' lang='grc'><strong><em>⁸</em></strong></span> 
     </span>
    </p>
   </div>
   <div class='ocr_carea' id='block_1_74' title="bbox 2178 1493 3773 1568">
    <p class='ocr_par' dir='ltr' id='par_1_74' title="bbox 2178 1493 3773 1568">
     <span class='ocr_line' id='line_1_74' title="bbox 2178 1493 3773 1568; baseline 0 -18"><span class='ocrx_word' id='word_1_504' title='bbox 2178 1497 2483 1568; x_wconf 77' lang='grc' dir='ltr'>καταϐολῆς</span> <span class='ocrx_word' id='word_1_505' title='bbox 2513 1497 2900 1567; x_wconf 86' lang='grc' dir='ltr'>ἐπαινουμένη.</span> <span class='ocrx_word' id='word_1_506' title='bbox 2933 1496 3056 1561; x_wconf 86' lang='grc' dir='ltr'><strong>Πῶς</strong></span> <span class='ocrx_word' id='word_1_507' title='bbox 3083 1493 3196 1563; x_wconf 80' lang='grc' dir='ltr'>οὖν,</span> <span class='ocrx_word' id='word_1_508' title='bbox 3232 1497 3388 1568; x_wconf 59' lang='grc' dir='ltr'>φησι,</span> <span class='ocrx_word' id='word_1_509' title='bbox 3420 1497 3773 1568; x_wconf 82' lang='grc' dir='ltr'>δανείσωμεν</span> 
     </span>
    </p>
   </div>
   <div class='ocr_carea' id='block_1_75' title="bbox 2178 1587 3770 1660">
    <p class='ocr_par' dir='ltr' id='par_1_75' title="bbox 2178 1587 3770 1660">
     <span class='ocr_line' id='line_1_75' title="bbox 2178 1587 3770 1660; baseline -0.001 -19"><span class='ocrx_word' id='word_1_510' title='bbox 2178 1588 2420 1660; x_wconf 76' lang='grc' dir='ltr'>Χριστῷ,</span> <span class='ocrx_word' id='word_1_511' title='bbox 2447 1587 2572 1658; x_wconf 86' lang='grc' dir='ltr'><strong>Θεῷ</strong></span> <span class='ocrx_word' id='word_1_512' title='bbox 2589 1605 2646 1640; x_wconf 90' lang='grc' dir='ltr'><strong>τε</strong></span> <span class='ocrx_word' id='word_1_513' title='bbox 2677 1588 2771 1640; x_wconf 89' lang='lat' dir='ltr'><strong>xui</strong></span> <span class='ocrx_word' id='word_1_514' title='bbox 2795 1588 3028 1641; x_wconf 80' lang='grc' dir='ltr'>ἀνενδεεῖ</span> <span class='ocrx_word' id='word_1_515' title='bbox 3051 1588 3187 1652; x_wconf 70' lang='grc' dir='ltr'>ὄντι,</span> <span class='ocrx_word' id='word_1_516' title='bbox 3224 1589 3327 1642; x_wconf 86' lang='grc' dir='ltr'><strong>κάν</strong></span> <span class='ocrx_word' id='word_1_517' title='bbox 3363 1589 3472 1651; x_wconf 85' lang='grc' dir='ltr'>τοῖς</span> <span class='ocrx_word' id='word_1_518' title='bbox 3502 1588 3770 1659; x_wconf 81' lang='grc' dir='ltr'>οὐρανοῖς</span> 
     </span>
    </p>
   </div>
   <div class='ocr_carea' id='block_1_76' title="bbox 2175 1679 3770 1752">
    <p class='ocr_par' dir='ltr' id='par_1_76' title="bbox 2175 1679 3770 1752">
     <span class='ocr_line' id='line_1_76' title="bbox 2175 1679 3770 1752; baseline -0.001 -18"><span class='ocrx_word' id='word_1_519' title='bbox 2175 1680 2254 1752; x_wconf 81' lang='grc' dir='ltr'>τῷ</span> <span class='ocrx_word' id='word_1_520' title='bbox 2283 1679 2459 1751; x_wconf 76' lang='grc' dir='ltr'>Πατρὶ</span> <span class='ocrx_word' id='word_1_521' title='bbox 2488 1679 2926 1751; x_wconf 84' lang='grc' dir='ltr'>συγκαθημένῳ;</span> <span class='ocrx_word' id='word_1_522' title='bbox 2961 1680 3066 1733; x_wconf 81' lang='grc' dir='ltr'><strong>Τὸν</strong></span> <span class='ocrx_word' id='word_1_523' title='bbox 3093 1680 3328 1750; x_wconf 81' lang='grc' dir='ltr'>Χριστὸν</span> <span class='ocrx_word' id='word_1_524' title='bbox 3355 1680 3770 1751; x_wconf 83' lang='grc' dir='ltr'>(ἀποκρίνεταί</span> 
     </span>
    </p>
   </div>
   <div class='ocr_carea' id='block_1_77' title="bbox 2178 1769 3766 1844">
    <p class='ocr_par' dir='ltr' id='par_1_77' title="bbox 2178 1769 3766 1844">
     <span class='ocr_line' id='line_1_77' title="bbox 2178 1769 3766 1844; baseline 0 -20"><span class='ocrx_word' id='word_1_525' title='bbox 2178 1789 2262 1825; x_wconf 94' lang='grc' dir='ltr'><strong>σοι</strong></span> <span class='ocrx_word' id='word_1_526' title='bbox 2296 1773 2326 1825; x_wconf 87' lang='grc' dir='ltr'><strong>ό</strong></span> <span class='ocrx_word' id='word_1_527' title='bbox 2354 1773 2412 1824; x_wconf 82' lang='grc' dir='ltr'><strong>ἐν</strong></span> <span class='ocrx_word' id='word_1_528' title='bbox 2451 1769 2600 1841; x_wconf 78' lang='grc' dir='ltr'><strong>αὺτῷ</strong></span> <span class='ocrx_word' id='word_1_529' title='bbox 2637 1770 2924 1842; x_wconf 88' lang='grc' dir='ltr'>θεολογῶν)</span> <span class='ocrx_word' id='word_1_530' title='bbox 2954 1772 3050 1824; x_wconf 90' lang='lat' dir='ltr'><strong>xui</strong></span> <span class='ocrx_word' id='word_1_531' title='bbox 3096 1771 3337 1838; x_wconf 87' lang='grc' dir='ltr'>σκέπεις,</span> <span class='ocrx_word' id='word_1_532' title='bbox 3385 1773 3480 1825; x_wconf 88' lang='lat' dir='ltr'><strong>xui</strong></span> <span class='ocrx_word' id='word_1_533' title='bbox 3509 1771 3766 1844; x_wconf 81' lang='grc' dir='ltr'><strong>τρέφεις,</strong></span> 
     </span>
    </p>
   </div>
   <div class='ocr_carea' id='block_1_78' title="bbox 2175 1861 3765 1932">
    <p class='ocr_par' dir='ltr' id='par_1_78' title="bbox 2175 1861 3765 1932">
     <span class='ocr_line' id='line_1_78' title="bbox 2175 1861 3765 1932; baseline -0.001 -15"><span class='ocrx_word' id='word_1_534' title='bbox 2175 1863 2270 1917; x_wconf 91' lang='lat' dir='ltr'><strong>xui</strong></span> <span class='ocrx_word' id='word_1_535' title='bbox 2302 1861 2564 1927; x_wconf 78' lang='grc' dir='ltr'>ποτίζεις,</span> <span class='ocrx_word' id='word_1_536' title='bbox 2585 1862 2676 1914; x_wconf 80' lang='lat' dir='ltr'><strong>xui</strong></span> <span class='ocrx_word' id='word_1_537' title='bbox 2702 1862 2882 1932; x_wconf 83' lang='grc' dir='ltr'>πάσης</span> <span class='ocrx_word' id='word_1_538' title='bbox 2907 1862 3204 1932; x_wconf 81' lang='grc' dir='ltr'>θεραπείας</span> <span class='ocrx_word' id='word_1_539' title='bbox 3226 1863 3417 1928; x_wconf 80' lang='grc' dir='ltr'>ἀξιοῖς,</span> <span class='ocrx_word' id='word_1_540' title='bbox 3446 1861 3648 1916; x_wconf 87' lang='grc' dir='ltr'>συνιὼν</span> <span class='ocrx_word' id='word_1_541' title='bbox 3679 1864 3765 1931; x_wconf 73' lang='grc'><strong>(4)</strong></span> 
     </span>
    </p>
   </div>
   <div class='ocr_carea' id='block_1_79' title="bbox 2175 1937 3764 2027">
    <p class='ocr_par' dir='ltr' id='par_1_79' title="bbox 2175 1937 3764 2027">
     <span class='ocr_line' id='line_1_79' title="bbox 2175 1937 3764 2027; baseline -0.001 -21"><span class='ocrx_word' id='word_1_542' title='bbox 2175 1953 2269 2006; x_wconf 73' lang='grc' dir='ltr'><strong>ἐπὶ</strong></span> <span class='ocrx_word' id='word_1_543' title='bbox 2297 1951 2512 2024; x_wconf 74' lang='grc' dir='ltr'>πτωχὸν</span> <span class='ocrx_word' id='word_1_544' title='bbox 2539 1952 2633 2006; x_wconf 85' lang='lat' dir='ltr'><strong>xui</strong></span> <span class='ocrx_word' id='word_1_545' title='bbox 2658 1952 2887 2024; x_wconf 86' lang='grc' dir='ltr'>πένητα,</span> <span class='ocrx_word' id='word_1_546' title='bbox 2914 1937 3016 2007; x_wconf 75' lang='lat' dir='ltr'><strong>xui</strong></span> <span class='ocrx_word' id='word_1_547' title='bbox 3041 1953 3189 2010; x_wconf 88' lang='grc' dir='ltr'>τόνδε</span> <span class='ocrx_word' id='word_1_548' title='bbox 3211 1954 3302 2009; x_wconf 84' lang='grc' dir='ltr'><strong>τὸν</strong></span> <span class='ocrx_word' id='word_1_549' title='bbox 3326 1955 3533 2027; x_wconf 81' lang='grc' dir='ltr'>τρόπον</span> <span class='ocrx_word' id='word_1_550' title='bbox 3547 1953 3764 2022; x_wconf 72' lang='grc' dir='ltr'>δεξιού-</span> 
     </span>
    </p>
   </div>
   <div class='ocr_carea' id='block_1_80' title="bbox 2178 2061 2356 2116">
    <p class='ocr_par' dir='ltr' id='par_1_80' title="bbox 2178 2061 2356 2116">
     <span class='ocr_line' id='line_1_80' title="bbox 2178 2061 2356 2116; baseline 0.011 -19"><span class='ocrx_word' id='word_1_551' title='bbox 2178 2061 2356 2116; x_wconf 89' lang='grc' dir='ltr'>μενος.</span> 
     </span>
    </p>
   </div>
   <div class='ocr_carea' id='block_1_81' title="bbox 2177 2221 3687 2299">
    <p class='ocr_par' dir='ltr' id='par_1_81' title="bbox 2177 2221 3687 2299">
     <span class='ocr_line' id='line_1_81' title="bbox 2177 2221 3687 2299; baseline 0.001 -16"><span class='ocrx_word' id='word_1_552' title='bbox 2177 2228 2276 2284; x_wconf 73' lang='grc'><strong>121</strong></span> <span class='ocrx_word' id='word_1_553' title='bbox 2309 2226 2504 2297; x_wconf 76' lang='grc' dir='ltr'><strong>Πέγης</strong></span> <span class='ocrx_word' id='word_1_554' title='bbox 2533 2227 2915 2297; x_wconf 74' lang='grc' dir='ltr'>προσῆλθεν,</span> <span class='ocrx_word' id='word_1_555' title='bbox 2944 2221 3047 2282; x_wconf 75' lang='grc' dir='ltr'>εἴτ’</span> <span class='ocrx_word' id='word_1_556' title='bbox 3086 2228 3322 2298; x_wconf 71' lang='grc' dir='ltr'>ἀπῆλθε</span> <span class='ocrx_word' id='word_1_557' title='bbox 3344 2227 3430 2298; x_wconf 77' lang='grc' dir='ltr'>μὴ</span> <span class='ocrx_word' id='word_1_558' title='bbox 3459 2227 3687 2299; x_wconf 78' lang='grc' dir='ltr'>τυχών.</span> 
     </span>
    </p>
   </div>
   <div class='ocr_carea' id='block_1_82' title="bbox 2245 2318 3762 2391">
    <p class='ocr_par' dir='ltr' id='par_1_82' title="bbox 2245 2318 3762 2391">
     <span class='ocr_line' id='line_1_82' title="bbox 2245 2318 3762 2391; baseline 0 -19"><span class='ocrx_word' id='word_1_559' title='bbox 2245 2318 2432 2373; x_wconf 79' lang='grc' dir='ltr'>Ταῦτα</span> <span class='ocrx_word' id='word_1_560' title='bbox 2479 2319 2577 2390; x_wconf 84' lang='grc' dir='ltr'><strong>μὲν</strong></span> <span class='ocrx_word' id='word_1_561' title='bbox 2614 2320 2760 2390; x_wconf 82' lang='grc' dir='ltr'><strong>σαφῆ</strong></span> <span class='ocrx_word' id='word_1_562' title='bbox 2806 2318 2906 2391; x_wconf 79' lang='grc' dir='ltr'>τὴν</span> <span class='ocrx_word' id='word_1_563' title='bbox 2943 2320 3192 2373; x_wconf 75' lang='grc' dir='ltr'><strong>ἐπίλυσιν</strong></span> <span class='ocrx_word' id='word_1_564' title='bbox 3243 2319 3354 2391; x_wconf 84' lang='grc' dir='ltr'>ἔχει</span> <span class='ocrx_word' id='word_1_565' title='bbox 3390 2319 3459 2373; x_wconf 79' lang='grc' dir='ltr'>τὰ</span> <span class='ocrx_word' id='word_1_566' title='bbox 3492 2319 3658 2391; x_wconf 78' lang='grc' dir='ltr'>ῥητὰ,</span> <span class='ocrx_word' id='word_1_567' title='bbox 3696 2319 3762 2374; x_wconf 79' lang='grc' dir='ltr'>οὗ</span> 
     </span>
    </p>
   </div>
   <div class='ocr_carea' id='block_1_83' title="bbox 2176 2410 3760 2482">
    <p class='ocr_par' dir='ltr' id='par_1_83' title="bbox 2176 2410 3760 2482">
     <span class='ocr_line' id='line_1_83' title="bbox 2176 2410 3760 2482; baseline 0.001 -18"><span class='ocrx_word' id='word_1_568' title='bbox 2176 2411 2433 2482; x_wconf 87' lang='grc' dir='ltr'>περιττὸν</span> <span class='ocrx_word' id='word_1_569' title='bbox 2476 2411 2534 2463; x_wconf 81' lang='grc' dir='ltr'><strong>δέ</strong></span> <span class='ocrx_word' id='word_1_570' title='bbox 2577 2410 2816 2482; x_wconf 73' lang='grc' dir='ltr'>ἡγοῦμαι</span> <span class='ocrx_word' id='word_1_571' title='bbox 2865 2411 3060 2482; x_wconf 75' lang='grc' dir='ltr'>μικρὸν</span> <span class='ocrx_word' id='word_1_572' title='bbox 3094 2412 3152 2465; x_wconf 81' lang='grc' dir='ltr'><strong>ἐν</strong></span> <span class='ocrx_word' id='word_1_573' title='bbox 3193 2413 3377 2476; x_wconf 81' lang='grc' dir='ltr'>αὐτοῖς</span> <span class='ocrx_word' id='word_1_574' title='bbox 3408 2412 3760 2482; x_wconf 60' lang='grc' dir='ltr'>ἀδολεσχεῖν</span> 
     </span>
    </p>
   </div>
   <div class='ocr_carea' id='block_1_84' title="bbox 2174 2501 3760 2574">
    <p class='ocr_par' dir='ltr' id='par_1_84' title="bbox 2174 2501 3760 2574">
     <span class='ocr_line' id='line_1_84' title="bbox 2174 2501 3760 2574; baseline 0.001 -18"><span class='ocrx_word' id='word_1_575' title='bbox 2174 2502 2327 2556; x_wconf 77' lang='grc' dir='ltr'>ἔσται</span> <span class='ocrx_word' id='word_1_576' title='bbox 2349 2501 2454 2573; x_wconf 77' lang='grc' dir='ltr'>γὰρ</span> <span class='ocrx_word' id='word_1_577' title='bbox 2484 2503 2612 2566; x_wconf 72' lang='grc' dir='ltr'>ἴσως</span> <span class='ocrx_word' id='word_1_578' title='bbox 2642 2505 2756 2565; x_wconf 88' lang='grc' dir='ltr'>τοῖς</span> <span class='ocrx_word' id='word_1_579' title='bbox 2780 2501 3054 2566; x_wconf 88' lang='grc' dir='ltr'>δυσπιθῶς</span> <span class='ocrx_word' id='word_1_580' title='bbox 3084 2502 3160 2574; x_wconf 81' lang='grc'><strong>(5)</strong></span> <span class='ocrx_word' id='word_1_581' title='bbox 3191 2503 3482 2558; x_wconf 74' lang='grc' dir='ltr'>ἀκούουσιν</span> <span class='ocrx_word' id='word_1_582' title='bbox 3514 2503 3760 2574; x_wconf 74' lang='grc' dir='ltr'>ὠφέλεια</span> 
     </span>
    </p>
   </div>
   <div class='ocr_carea' id='block_1_85' title="bbox 2175 2592 3762 2668">
    <p class='ocr_par' dir='ltr' id='par_1_85' title="bbox 2175 2592 3762 2668">
     <span class='ocr_line' id='line_1_85' title="bbox 2175 2592 3762 2668; baseline -0.001 -21"><span class='ocrx_word' id='word_1_583' title='bbox 2175 2593 2236 2647; x_wconf 80' lang='grc' dir='ltr'><strong>τὸ</strong></span> <span class='ocrx_word' id='word_1_584' title='bbox 2274 2593 2404 2664; x_wconf 76' lang='grc' dir='ltr'>περὶ</span> <span class='ocrx_word' id='word_1_585' title='bbox 2439 2592 2645 2646; x_wconf 81' lang='grc' dir='ltr'>τούτων</span> <span class='ocrx_word' id='word_1_586' title='bbox 2684 2592 3080 2663; x_wconf 85' lang='grc' dir='ltr'>πολυρημονεῖν</span> <span class='ocrx_word' id='word_1_587' title='bbox 3101 2607 3114 2621; x_wconf 80' lang='grc'><strong><em>⁸</em></strong></span> <span class='ocrx_word' id='word_1_588' title='bbox 3151 2593 3245 2646; x_wconf 87' lang='lat' dir='ltr'><strong>xui</strong></span> <span class='ocrx_word' id='word_1_589' title='bbox 3279 2592 3386 2668; x_wconf 82' lang='grc' dir='ltr'>γὰρ</span> <span class='ocrx_word' id='word_1_590' title='bbox 3419 2593 3535 2647; x_wconf 89' lang='grc' dir='ltr'>δέον</span> <span class='ocrx_word' id='word_1_591' title='bbox 3563 2597 3762 2646; x_wconf 86' lang='grc' dir='ltr'>πεπεῖ-</span> 
     </span>
    </p>
   </div>
   <div class='ocr_carea' id='block_1_86' title="bbox 2178 2681 3762 2754">
    <p class='ocr_par' dir='ltr' id='par_1_86' title="bbox 2178 2681 3762 2754">
     <span class='ocr_line' id='line_1_86' title="bbox 2178 2681 3762 2754; baseline -0.001 -17"><span class='ocrx_word' id='word_1_592' title='bbox 2178 2683 2324 2748; x_wconf 88' lang='grc' dir='ltr'>σθαι,</span> <span class='ocrx_word' id='word_1_593' title='bbox 2371 2684 2447 2746; x_wconf 85' lang='grc' dir='ltr'>ὼς</span> <span class='ocrx_word' id='word_1_594' title='bbox 2483 2683 2544 2736; x_wconf 87' lang='grc' dir='ltr'><strong>τὸ</strong></span> <span class='ocrx_word' id='word_1_595' title='bbox 2582 2681 2705 2736; x_wconf 89' lang='grc' dir='ltr'>καθ’</span> <span class='ocrx_word' id='word_1_596' title='bbox 2735 2684 2892 2754; x_wconf 79' lang='grc' dir='ltr'>ἡμῶν</span> <span class='ocrx_word' id='word_1_597' title='bbox 2936 2684 3106 2754; x_wconf 88' lang='grc' dir='ltr'>κρῖμα</span> <span class='ocrx_word' id='word_1_598' title='bbox 3133 2685 3297 2754; x_wconf 83' lang='grc' dir='ltr'>ἡμεῖς</span> <span class='ocrx_word' id='word_1_599' title='bbox 3340 2685 3495 2737; x_wconf 72' lang='grc' dir='ltr'>αὐτοὶ</span> <span class='ocrx_word' id='word_1_600' title='bbox 3539 2686 3762 2747; x_wconf 76' lang='grc' dir='ltr'>ἑαυτοῖς</span> 
     </span>
    </p>
   </div>
   <div class='ocr_carea' id='block_1_87' title="bbox 2176 2774 3757 2848">
    <p class='ocr_par' dir='ltr' id='par_1_87' title="bbox 2176 2774 3757 2848">
     <span class='ocr_line' id='line_1_87' title="bbox 2176 2774 3757 2848; baseline -0.001 -19"><span class='ocrx_word' id='word_1_601' title='bbox 2176 2774 2668 2848; x_wconf 77' lang='grc' dir='ltr'>προετοιμάζομεν.</span> <span class='ocrx_word' id='word_1_602' title='bbox 2699 2774 2825 2838; x_wconf 88' lang='grc' dir='ltr'>Πῶς</span> <span class='ocrx_word' id='word_1_603' title='bbox 2857 2775 2951 2827; x_wconf 86' lang='lat' dir='ltr'><strong>xui</strong></span> <span class='ocrx_word' id='word_1_604' title='bbox 2977 2775 3082 2828; x_wconf 86' lang='grc' dir='ltr'>τίνι</span> <span class='ocrx_word' id='word_1_605' title='bbox 3110 2775 3334 2846; x_wconf 85' lang='grc' dir='ltr'>τρόπῳ;</span> <span class='ocrx_word' id='word_1_606' title='bbox 3366 2776 3606 2847; x_wconf 76' lang='grc' dir='ltr'>Πένητός</span> <span class='ocrx_word' id='word_1_607' title='bbox 3643 2793 3757 2847; x_wconf 86' lang='grc' dir='ltr'>μοι,</span> 
     </span>
    </p>
   </div>
   <div class='ocr_carea' id='block_1_88' title="bbox 2177 2863 3760 2935">
    <p class='ocr_par' dir='ltr' id='par_1_88' title="bbox 2177 2863 3760 2935">
     <span class='ocr_line' id='line_1_88' title="bbox 2177 2863 3760 2935; baseline 0.001 -20"><span class='ocrx_word' id='word_1_608' title='bbox 2177 2864 2343 2934; x_wconf 71' lang='grc' dir='ltr'>φησὶν</span> <span class='ocrx_word' id='word_1_609' title='bbox 2367 2867 2396 2917; x_wconf 87' lang='grc' dir='ltr'><strong>ό</strong></span> <span class='ocrx_word' id='word_1_610' title='bbox 2425 2863 2764 2928; x_wconf 88' lang='grc' dir='ltr'>διδάσκαλος,</span> <span class='ocrx_word' id='word_1_611' title='bbox 2795 2863 3230 2934; x_wconf 79' lang='grc' dir='ltr'>προσερχομένου</span> <span class='ocrx_word' id='word_1_612' title='bbox 3261 2863 3354 2917; x_wconf 88' lang='lat' dir='ltr'><strong>xui</strong></span> <span class='ocrx_word' id='word_1_613' title='bbox 3386 2863 3760 2935; x_wconf 75' lang='grc' dir='ltr'>ἐλεημοσύνης</span> 
     </span>
    </p>
   </div>
   <div class='ocr_carea' id='block_1_89' title="bbox 2175 2951 3758 3027">
    <p class='ocr_par' dir='ltr' id='par_1_89' title="bbox 2175 2951 3758 3027">
     <span class='ocr_line' id='line_1_89' title="bbox 2175 2951 3758 3027; baseline 0 -17"><span class='ocrx_word' id='word_1_614' title='bbox 2175 2956 2543 3026; x_wconf 84' lang='grc' dir='ltr'>ἐπιδεομένου,</span> <span class='ocrx_word' id='word_1_615' title='bbox 2574 2951 2672 3008; x_wconf 75' lang='grc' dir='ltr'>εἶτ’</span> <span class='ocrx_word' id='word_1_616' title='bbox 2706 2955 3080 3025; x_wconf 89' lang='grc' dir='ltr'>ἀνελεημόνως</span> <span class='ocrx_word' id='word_1_617' title='bbox 3118 2956 3606 3027; x_wconf 80' lang='grc' dir='ltr'>ἀποπεμπομένου,</span> <span class='ocrx_word' id='word_1_618' title='bbox 3639 2957 3758 3021; x_wconf 86' lang='grc' dir='ltr'>δέος</span> 
     </span>
    </p>
   </div>
   <div class='ocr_carea' id='block_1_90' title="bbox 2175 3033 3756 3119">
    <p class='ocr_par' dir='ltr' id='par_1_90' title="bbox 2175 3033 3756 3119">
     <span class='ocr_line' id='line_1_90' title="bbox 2175 3033 3756 3119; baseline -0.001 -18"><span class='ocrx_word' id='word_1_619' title='bbox 2175 3049 2434 3118; x_wconf 86' lang='grc' dir='ltr'>παραυτά</span> <span class='ocrx_word' id='word_1_620' title='bbox 2472 3047 2564 3101; x_wconf 88' lang='lat' dir='ltr'><strong>xui</strong></span> <span class='ocrx_word' id='word_1_621' title='bbox 2599 3033 2761 3116; x_wconf 68' lang='grc' dir='ltr'>φόϐος</span> <span class='ocrx_word' id='word_1_622' title='bbox 2795 3046 3158 3118; x_wconf 86' lang='grc' dir='ltr'>παρίσταται,</span> <span class='ocrx_word' id='word_1_623' title='bbox 3196 3049 3272 3119; x_wconf 86' lang='grc' dir='ltr'>μή</span> <span class='ocrx_word' id='word_1_624' title='bbox 3310 3065 3440 3102; x_wconf 86' lang='grc' dir='ltr'>ποτε</span> <span class='ocrx_word' id='word_1_625' title='bbox 3468 3049 3628 3116; x_wconf 85' lang='grc' dir='ltr'>κάγὼ</span> <span class='ocrx_word' id='word_1_626' title='bbox 3660 3047 3756 3101; x_wconf 79' lang='grc' dir='ltr'>τοῦ</span> 
     </span>
    </p>
   </div>
   <div class='ocr_carea' id='block_1_91' title="bbox 2179 3137 3756 3210">
    <p class='ocr_par' dir='ltr' id='par_1_91' title="bbox 2179 3137 3756 3210">
     <span class='ocr_line' id='line_1_91' title="bbox 2179 3137 3756 3210; baseline 0.001 -18"><span class='ocrx_word' id='word_1_627' title='bbox 2179 3138 2272 3192; x_wconf 82' lang='grc' dir='ltr'>σοῦ</span> <span class='ocrx_word' id='word_1_628' title='bbox 2318 3137 2501 3203; x_wconf 77' lang='grc' dir='ltr'>ἐλέους</span> <span class='ocrx_word' id='word_1_629' title='bbox 2549 3138 2769 3209; x_wconf 81' lang='grc' dir='ltr'>ἐπιδεὴς</span> <span class='ocrx_word' id='word_1_630' title='bbox 2818 3139 3276 3210; x_wconf 82' lang='grc' dir='ltr'>προσερχόμενος,</span> <span class='ocrx_word' id='word_1_631' title='bbox 3318 3139 3542 3210; x_wconf 85' lang='grc' dir='ltr'>Χριστέ,</span> <span class='ocrx_word' id='word_1_632' title='bbox 3599 3141 3756 3202; x_wconf 71' lang='grc' dir='ltr'>κενὸς</span> 
     </span>
    </p>
   </div>
   <div class='ocr_carea' id='block_1_92' title="bbox 2175 3230 3756 3301">
    <p class='ocr_par' dir='ltr' id='par_1_92' title="bbox 2175 3230 3756 3301">
     <span class='ocr_line' id='line_1_92' title="bbox 2175 3230 3756 3301; baseline -0.001 -17"><span class='ocrx_word' id='word_1_633' title='bbox 2175 3230 2521 3301; x_wconf 77' lang='grc' dir='ltr'>ἀποπεμφθῶ</span> <span class='ocrx_word' id='word_1_634' title='bbox 2564 3230 2705 3284; x_wconf 75' lang='grc' dir='ltr'>κατὰ</span> <span class='ocrx_word' id='word_1_635' title='bbox 2751 3232 2877 3291; x_wconf 82' lang='grc' dir='ltr'>τοὺς</span> <span class='ocrx_word' id='word_1_636' title='bbox 2915 3231 3016 3301; x_wconf 84' lang='grc' dir='ltr'><strong>τῆς</strong></span> <span class='ocrx_word' id='word_1_637' title='bbox 3059 3231 3198 3301; x_wconf 83' lang='grc' dir='ltr'>ἐμῆς</span> <span class='ocrx_word' id='word_1_638' title='bbox 3239 3231 3634 3301; x_wconf 76' lang='grc' dir='ltr'><strong>ἀπανθρωπίας</strong></span> <span class='ocrx_word' id='word_1_639' title='bbox 3669 3232 3756 3284; x_wconf 81' lang='grc' dir='ltr'><strong>νόο</strong></span> 
     </span>
    </p>
   </div>
   <div class='ocr_carea' id='block_1_93' title="bbox 2186 3321 3752 3393">
    <p class='ocr_par' dir='ltr' id='par_1_93' title="bbox 2186 3321 3752 3393">
     <span class='ocr_line' id='line_1_93' title="bbox 2186 3321 3752 3393; baseline 0.002 -20"><span class='ocrx_word' id='word_1_640' title='bbox 2186 3338 2340 3392; x_wconf 85' lang='grc' dir='ltr'>μους,</span> <span class='ocrx_word' id='word_1_641' title='bbox 2362 3321 2578 3392; x_wconf 76' lang='grc' dir='ltr'>χρῄζων</span> <span class='ocrx_word' id='word_1_642' title='bbox 2611 3321 2708 3390; x_wconf 85' lang='grc' dir='ltr'>μὲν</span> <span class='ocrx_word' id='word_1_643' title='bbox 2737 3325 2921 3392; x_wconf 80' lang='grc' dir='ltr'>τυχεῖν</span> <span class='ocrx_word' id='word_1_644' title='bbox 2954 3321 3382 3393; x_wconf 77' lang='grc' dir='ltr'>φιλανθρωπίας,</span> <span class='ocrx_word' id='word_1_645' title='bbox 3401 3323 3647 3393; x_wconf 83' lang='grc' dir='ltr'>ἀστοχῶν</span> <span class='ocrx_word' id='word_1_646' title='bbox 3663 3323 3719 3376; x_wconf 90' lang='grc' dir='ltr'><strong>δέ</strong></span> <span class='ocrx_word' id='word_1_647' title='bbox 3733 3337 3752 3355; x_wconf 84' lang='grc'>⁶</span> 
     </span>
    </p>
   </div>
   <div class='ocr_carea' id='block_1_94' title="bbox 2173 3409 3757 3482">
    <p class='ocr_par' dir='ltr' id='par_1_94' title="bbox 2173 3409 3757 3482">
     <span class='ocr_line' id='line_1_94' title="bbox 2173 3409 3757 3482; baseline 0.001 -20"><span class='ocrx_word' id='word_1_648' title='bbox 2173 3409 2320 3472; x_wconf 85' lang='grc' dir='ltr'>τίνος</span> <span class='ocrx_word' id='word_1_649' title='bbox 2351 3409 2570 3475; x_wconf 81' lang='grc' dir='ltr'>ἐνεκεν;</span> <span class='ocrx_word' id='word_1_650' title='bbox 2604 3411 2686 3462; x_wconf 83' lang='grc' dir='ltr'>ὅτι</span> <span class='ocrx_word' id='word_1_651' title='bbox 2722 3410 3020 3481; x_wconf 89' lang='grc' dir='ltr'>δυνάμενος</span> <span class='ocrx_word' id='word_1_652' title='bbox 3066 3411 3248 3464; x_wconf 79' lang='grc' dir='ltr'>δοῦναι</span> <span class='ocrx_word' id='word_1_653' title='bbox 3289 3411 3370 3482; x_wconf 78' lang='grc' dir='ltr'>τῷ</span> <span class='ocrx_word' id='word_1_654' title='bbox 3419 3411 3624 3465; x_wconf 86' lang='grc' dir='ltr'>ἐπιδεεῖ</span> <span class='ocrx_word' id='word_1_655' title='bbox 3663 3412 3757 3465; x_wconf 72' lang='grc' dir='ltr'>τὸν</span> 
     </span>
    </p>
   </div>
   <div class='ocr_carea' id='block_1_95' title="bbox 2175 3500 3753 3572">
    <p class='ocr_par' dir='ltr' id='par_1_95' title="bbox 2175 3500 3753 3572">
     <span class='ocr_line' id='line_1_95' title="bbox 2175 3500 3753 3572; baseline 0.001 -20"><span class='ocrx_word' id='word_1_656' title='bbox 2175 3500 2360 3564; x_wconf 79' lang='grc' dir='ltr'>ἔλεον,</span> <span class='ocrx_word' id='word_1_657' title='bbox 2391 3501 2487 3554; x_wconf 81' lang='lat' dir='ltr'><strong>xui</strong></span> <span class='ocrx_word' id='word_1_658' title='bbox 2524 3500 2598 3572; x_wconf 81' lang='grc' dir='ltr'>μὴ</span> <span class='ocrx_word' id='word_1_659' title='bbox 2633 3500 2844 3568; x_wconf 76' lang='grc' dir='ltr'>διδοὺς,</span> <span class='ocrx_word' id='word_1_660' title='bbox 2884 3501 3001 3566; x_wconf 88' lang='grc' dir='ltr'><strong>πῶς</strong></span> <span class='ocrx_word' id='word_1_661' title='bbox 3038 3501 3344 3572; x_wconf 74' lang='grc' dir='ltr'>ἐπιδεηθεὶς</span> <span class='ocrx_word' id='word_1_662' title='bbox 3387 3501 3549 3566; x_wconf 75' lang='grc' dir='ltr'>αὐτὸς</span> <span class='ocrx_word' id='word_1_663' title='bbox 3595 3501 3753 3565; x_wconf 77' lang='grc' dir='ltr'>αὖθις</span> 
     </span>
    </p>
   </div>
   <div class='ocr_carea' id='block_1_96' title="bbox 2176 3591 3752 3667">
    <p class='ocr_par' dir='ltr' id='par_1_96' title="bbox 2176 3591 3752 3667">
     <span class='ocr_line' id='line_1_96' title="bbox 2176 3591 3752 3667; baseline 0.002 -21"><span class='ocrx_word' id='word_1_664' title='bbox 2176 3591 2432 3664; x_wconf 86' lang='grc' dir='ltr'>πρόσειμι</span> <span class='ocrx_word' id='word_1_665' title='bbox 2463 3591 2682 3657; x_wconf 88' lang='grc' dir='ltr'>λαϐεἰν;</span> <span class='ocrx_word' id='word_1_666' title='bbox 2719 3591 2856 3663; x_wconf 82' lang='grc' dir='ltr'>πρὸς</span> <span class='ocrx_word' id='word_1_667' title='bbox 2887 3593 3126 3664; x_wconf 78' lang='grc' dir='ltr'>Χριστοῦ</span> <span class='ocrx_word' id='word_1_668' title='bbox 3173 3595 3283 3666; x_wconf 85' lang='grc' dir='ltr'>γὰρ</span> <span class='ocrx_word' id='word_1_669' title='bbox 3315 3594 3552 3664; x_wconf 75' lang='grc' dir='ltr'>εἰληφὼς</span> <span class='ocrx_word' id='word_1_670' title='bbox 3580 3595 3614 3667; x_wconf 81' lang='grc' dir='ltr'>ἢ</span> <span class='ocrx_word' id='word_1_671' title='bbox 3653 3595 3752 3648; x_wconf 63' lang='grc' dir='ltr'>πόα</span> 
     </span>
    </p>
   </div>
   <div class='ocr_carea' id='block_1_97' title="bbox 2175 3683 3750 3758">
    <p class='ocr_par' dir='ltr' id='par_1_97' title="bbox 2175 3683 3750 3758">
     <span class='ocr_line' id='line_1_97' title="bbox 2175 3683 3750 3758; baseline 0.002 -21"><span class='ocrx_word' id='word_1_672' title='bbox 2175 3683 2300 3751; x_wconf 90' lang='grc' dir='ltr'>θεν;</span> <span class='ocrx_word' id='word_1_673' title='bbox 2335 3683 2388 3738; x_wconf 89' lang='grc' dir='ltr'><strong>τί</strong></span> <span class='ocrx_word' id='word_1_674' title='bbox 2421 3683 2530 3755; x_wconf 76' lang='grc' dir='ltr'><strong>γάρ</strong></span> <span class='ocrx_word' id='word_1_675' title='bbox 2559 3683 2734 3754; x_wconf 74' lang='grc' dir='ltr'>ἔχεις.</span> <span class='ocrx_word' id='word_1_676' title='bbox 2765 3684 2793 3737; x_wconf 85' lang='grc' dir='ltr'><strong>δ</strong></span> <span class='ocrx_word' id='word_1_677' title='bbox 2820 3684 2920 3737; x_wconf 72' lang='grc' dir='ltr'>οὐκ</span> <span class='ocrx_word' id='word_1_678' title='bbox 2949 3685 3138 3748; x_wconf 76' lang='grc' dir='ltr'>ἔλαϐες</span> <span class='ocrx_word' id='word_1_679' title='bbox 3163 3685 3320 3755; x_wconf 82' lang='grc' dir='ltr'>δῆλον</span> <span class='ocrx_word' id='word_1_680' title='bbox 3359 3687 3442 3740; x_wconf 81' lang='grc' dir='ltr'>ὅτι</span> <span class='ocrx_word' id='word_1_681' title='bbox 3484 3687 3614 3758; x_wconf 80' lang='grc' dir='ltr'>παρ’</span> <span class='ocrx_word' id='word_1_682' title='bbox 3651 3687 3750 3740; x_wconf 80' lang='grc' dir='ltr'><strong>αὐ-</strong></span> 
     </span>
    </p>
   </div>
   <div class='ocr_carea' id='block_1_98' title="bbox 2173 3768 3752 3842">
    <p class='ocr_par' dir='ltr' id='par_1_98' title="bbox 2173 3768 3752 3842">
     <span class='ocr_line' id='line_1_98' title="bbox 2173 3768 3752 3842; baseline -0.002 -16"><span class='ocrx_word' id='word_1_683' title='bbox 2173 3771 2298 3838; x_wconf 82' lang='grc' dir='ltr'>τοῦ;</span> <span class='ocrx_word' id='word_1_684' title='bbox 2336 3771 2532 3826; x_wconf 86' lang='grc' dir='ltr'>Λαϐὼν</span> <span class='ocrx_word' id='word_1_685' title='bbox 2582 3768 2697 3836; x_wconf 83' lang='grc' dir='ltr'>οὖν,</span> <span class='ocrx_word' id='word_1_686' title='bbox 2742 3771 2837 3824; x_wconf 87' lang='lat' dir='ltr'><strong>xui</strong></span> <span class='ocrx_word' id='word_1_687' title='bbox 2873 3771 2962 3825; x_wconf 87' lang='grc' dir='ltr'><strong>διά</strong></span> <span class='ocrx_word' id='word_1_688' title='bbox 3009 3771 3100 3825; x_wconf 75' lang='grc' dir='ltr'>τοῦ</span> <span class='ocrx_word' id='word_1_689' title='bbox 3152 3771 3382 3842; x_wconf 81' lang='grc' dir='ltr'>πένητος</span> <span class='ocrx_word' id='word_1_690' title='bbox 3427 3771 3752 3842; x_wconf 77' lang='grc' dir='ltr'>δοκιμασίας</span> 
     </span>
    </p>
   </div>
   <div class='ocr_carea' id='block_1_99' title="bbox 2173 3861 3750 3936">
    <p class='ocr_par' dir='ltr' id='par_1_99' title="bbox 2173 3861 3750 3936">
     <span class='ocr_line' id='line_1_99' title="bbox 2173 3861 3750 3936; baseline 0.001 -20"><span class='ocrx_word' id='word_1_691' title='bbox 2173 3863 2332 3934; x_wconf 82' lang='grc' dir='ltr'>χάριν</span> <span class='ocrx_word' id='word_1_692' title='bbox 2366 3861 2630 3933; x_wconf 71' lang='grc' dir='ltr'>αἰτηθεὶς,</span> <span class='ocrx_word' id='word_1_693' title='bbox 2665 3862 2760 3915; x_wconf 72' lang='lat' dir='ltr'><strong>xui</strong></span> <span class='ocrx_word' id='word_1_694' title='bbox 2791 3862 3154 3936; x_wconf 77' lang='grc' dir='ltr'>ἀγνωμοσύνῃ</span> <span class='ocrx_word' id='word_1_695' title='bbox 3182 3863 3256 3934; x_wconf 81' lang='grc' dir='ltr'>μὴ</span> <span class='ocrx_word' id='word_1_696' title='bbox 3287 3863 3477 3928; x_wconf 80' lang='grc' dir='ltr'>διδοὺς,</span> <span class='ocrx_word' id='word_1_697' title='bbox 3508 3864 3629 3928; x_wconf 85' lang='grc' dir='ltr'><strong>πῶς</strong></span> <span class='ocrx_word' id='word_1_698' title='bbox 3657 3863 3750 3917; x_wconf 80' lang='grc' dir='ltr'>πά·</span> 
     </span>
    </p>
   </div>
   <div class='ocr_carea' id='block_1_100' title="bbox 2172 3955 3750 4028">
    <p class='ocr_par' dir='ltr' id='par_1_100' title="bbox 2172 3955 3750 4028">
     <span class='ocr_line' id='line_1_100' title="bbox 2172 3955 3750 4028; baseline 0.001 -19"><span class='ocrx_word' id='word_1_699' title='bbox 2172 3955 2256 4009; x_wconf 90' lang='grc' dir='ltr'><strong>λιν</strong></span> <span class='ocrx_word' id='word_1_700' title='bbox 2288 3955 2568 4028; x_wconf 76' lang='grc' dir='ltr'>λήψομαις</span> <span class='ocrx_word' id='word_1_701' title='bbox 2596 3958 2625 4008; x_wconf 88' lang='grc' dir='ltr'><strong>ό</strong></span> <span class='ocrx_word' id='word_1_702' title='bbox 2656 3955 2766 4026; x_wconf 82' lang='grc' dir='ltr'>γὰρ</span> <span class='ocrx_word' id='word_1_703' title='bbox 2803 3955 2880 4026; x_wconf 81' lang='grc' dir='ltr'>τῷ</span> <span class='ocrx_word' id='word_1_704' title='bbox 2909 3956 2979 4008; x_wconf 81' lang='grc' dir='ltr'>τὰ</span> <span class='ocrx_word' id='word_1_705' title='bbox 3005 3956 3185 4010; x_wconf 88' lang='grc' dir='ltr'>πάντα</span> <span class='ocrx_word' id='word_1_706' title='bbox 3213 3956 3405 4010; x_wconf 86' lang='grc' dir='ltr'>διδόντι</span> <span class='ocrx_word' id='word_1_707' title='bbox 3424 3957 3606 4012; x_wconf 78' lang='grc' dir='ltr'>δοῦναι</span> <span class='ocrx_word' id='word_1_708' title='bbox 3635 3977 3750 4012; x_wconf 73' lang='lat' dir='ltr'><strong>xw-</strong></span> 
     </span>
    </p>
   </div>
   <div class='ocr_carea' id='block_1_101' title="bbox 2201 4046 3749 4118">
    <p class='ocr_par' dir='ltr' id='par_1_101' title="bbox 2201 4046 3749 4118">
     <span class='ocr_line' id='line_1_101' title="bbox 2201 4046 3749 4118; baseline -0.001 -16"><span class='ocrx_word' id='word_1_709' title='bbox 2201 4048 2521 4118; x_wconf 85' lang='grc' dir='ltr'>πευόμενος,</span> <span class='ocrx_word' id='word_1_710' title='bbox 2559 4047 2724 4118; x_wconf 81' lang='grc' dir='ltr'>μηδὲν</span> <span class='ocrx_word' id='word_1_711' title='bbox 2766 4046 3030 4111; x_wconf 76' lang='grc' dir='ltr'>ἐλπιζέτω</span> <span class='ocrx_word' id='word_1_712' title='bbox 3059 4047 3244 4101; x_wconf 89' lang='grc' dir='ltr'>λαϐεῖν</span> <span class='ocrx_word' id='word_1_713' title='bbox 3277 4047 3393 4118; x_wconf 80' lang='grc'><strong>(6)’</strong></span> <span class='ocrx_word' id='word_1_714' title='bbox 3435 4049 3749 4102; x_wconf 86' lang='grc' dir='ltr'>τούναντίον</span> 
     </span>
    </p>
   </div>
   <div class='ocr_carea' id='block_1_102' title="bbox 2176 4137 3743 4212">
    <p class='ocr_par' dir='ltr' id='par_1_102' title="bbox 2176 4137 3743 4212">
     <span class='ocr_line' id='line_1_102' title="bbox 2176 4137 3743 4212; baseline 0.001 -19"><span class='ocrx_word' id='word_1_715' title='bbox 2176 4139 2276 4212; x_wconf 77' lang='grc' dir='ltr'>μὲν</span> <span class='ocrx_word' id='word_1_716' title='bbox 2307 4137 2402 4194; x_wconf 80' lang='grc' dir='ltr'><strong>οὖν</strong></span> <span class='ocrx_word' id='word_1_717' title='bbox 2435 4140 2530 4194; x_wconf 88' lang='lat' dir='ltr'><strong>xui</strong></span> <span class='ocrx_word' id='word_1_718' title='bbox 2557 4139 2596 4194; x_wconf 75' lang='grc' dir='ltr'><strong>ἃ.</strong></span> <span class='ocrx_word' id='word_1_719' title='bbox 2621 4139 2768 4192; x_wconf 91' lang='grc' dir='ltr'>δοκεῖ</span> <span class='ocrx_word' id='word_1_720' title='bbox 2797 4138 2963 4209; x_wconf 84' lang='grc' dir='ltr'>ἐχειν,</span> <span class='ocrx_word' id='word_1_721' title='bbox 2992 4137 3338 4210; x_wconf 66' lang='grc' dir='ltr'>ἀφαιρεῖσθαι</span> <span class='ocrx_word' id='word_1_722' title='bbox 3371 4139 3743 4210; x_wconf 82' lang='grc' dir='ltr'>προσδοκάτω.</span> 
     </span>
    </p>
   </div>
   <div class='ocr_carea' id='block_1_103' title="bbox 2175 4313 3521 4392">
    <p class='ocr_par' dir='ltr' id='par_1_103' title="bbox 2175 4313 3521 4392">
     <span class='ocr_line' id='line_1_103' title="bbox 2175 4313 3521 4392; baseline 0.001 -23"><span class='ocrx_word' id='word_1_723' title='bbox 2175 4314 2280 4370; x_wconf 74' lang='grc'><strong>125</strong></span> <span class='ocrx_word' id='word_1_724' title='bbox 2305 4314 2571 4382; x_wconf 57' lang='grc' dir='ltr'><strong>Πένητος,⁵</strong></span> <span class='ocrx_word' id='word_1_725' title='bbox 2595 4315 2814 4382; x_wconf 82' lang='grc' dir='ltr'>ἀνδρὸς</span> <span class='ocrx_word' id='word_1_726' title='bbox 2840 4313 3020 4368; x_wconf 80' lang='grc' dir='ltr'>οὐδὲν</span> <span class='ocrx_word' id='word_1_727' title='bbox 3049 4314 3521 4392; x_wconf 71' lang='grc' dir='ltr'>ἀσφαλέστερον.</span> 
     </span>
    </p>
   </div>
   <div class='ocr_carea' id='block_1_104' title="bbox 2255 4422 3742 4495">
    <p class='ocr_par' dir='ltr' id='par_1_104' title="bbox 2255 4422 3742 4495">
     <span class='ocr_line' id='line_1_104' title="bbox 2255 4422 3742 4495; baseline -0.003 -17"><span class='ocrx_word' id='word_1_728' title='bbox 2255 4423 2470 4494; x_wconf 78' lang='grc' dir='ltr'>Ἐπειδὴ</span> <span class='ocrx_word' id='word_1_729' title='bbox 2501 4423 2686 4477; x_wconf 76' lang='grc' dir='ltr'>πολλοὶ</span> <span class='ocrx_word' id='word_1_730' title='bbox 2721 4422 2819 4495; x_wconf 82' lang='grc' dir='ltr'><strong>τὴν</strong></span> <span class='ocrx_word' id='word_1_731' title='bbox 2849 4422 3042 4478; x_wconf 88' lang='grc' dir='ltr'>πενίαν</span> <span class='ocrx_word' id='word_1_732' title='bbox 3067 4422 3144 4486; x_wconf 81' lang='grc' dir='ltr'>ὡς</span> <span class='ocrx_word' id='word_1_733' title='bbox 3167 4423 3442 4477; x_wconf 77' lang='grc' dir='ltr'>ἀπευκτὸν</span> <span class='ocrx_word' id='word_1_734' title='bbox 3474 4423 3568 4477; x_wconf 86' lang='lat' dir='ltr'><strong>xui</strong></span> <span class='ocrx_word' id='word_1_735' title='bbox 3599 4423 3742 4495; x_wconf 86' lang='grc' dir='ltr'>μάλα</span> 
     </span>
    </p>
   </div>
   <div class='ocr_carea' id='block_1_105' title="bbox 2178 4495 3742 4587">
    <p class='ocr_par' dir='ltr' id='par_1_105' title="bbox 2178 4495 3742 4587">
     <span class='ocr_line' id='line_1_105' title="bbox 2178 4495 3742 4587; baseline -0.001 -19"><span class='ocrx_word' id='word_1_736' title='bbox 2178 4515 2346 4569; x_wconf 83' lang='grc' dir='ltr'>κακὸν</span> <span class='ocrx_word' id='word_1_737' title='bbox 2374 4515 2469 4568; x_wconf 85' lang='lat' dir='ltr'><strong>xui</strong></span> <span class='ocrx_word' id='word_1_738' title='bbox 2505 4516 2873 4587; x_wconf 84' lang='grc' dir='ltr'>ἀποτρόπαιον</span> <span class='ocrx_word' id='word_1_739' title='bbox 2911 4514 3187 4587; x_wconf 76' lang='grc' dir='ltr'>ἡγοῦνται,</span> <span class='ocrx_word' id='word_1_740' title='bbox 3219 4515 3286 4570; x_wconf 85' lang='grc' dir='ltr'>δι’</span> <span class='ocrx_word' id='word_1_741' title='bbox 3315 4515 3349 4568; x_wconf 81' lang='grc' dir='ltr'><strong>ὃ</strong></span> <span class='ocrx_word' id='word_1_742' title='bbox 3380 4495 3612 4587; x_wconf 83' lang='grc' dir='ltr'>μάλιστα</span> <span class='ocrx_word' id='word_1_743' title='bbox 3651 4514 3742 4568; x_wconf 88' lang='lat' dir='ltr'><strong>xui</strong></span> 
     </span>
    </p>
   </div>
   <div class='ocr_carea' id='block_1_106' title="bbox 2173 4604 3741 4679">
    <p class='ocr_par' dir='ltr' id='par_1_106' title="bbox 2173 4604 3741 4679">
     <span class='ocr_line' id='line_1_106' title="bbox 2173 4604 3741 4679; baseline -0.001 -20"><span class='ocrx_word' id='word_1_744' title='bbox 2173 4607 2286 4669; x_wconf 86' lang='grc' dir='ltr'>τοῖς</span> <span class='ocrx_word' id='word_1_745' title='bbox 2322 4604 2599 4676; x_wconf 86' lang='grc' dir='ltr'>δεομένοις</span> <span class='ocrx_word' id='word_1_746' title='bbox 2634 4607 2896 4678; x_wconf 84' lang='grc' dir='ltr'>ἐπαρκεῖν</span> <span class='ocrx_word' id='word_1_747' title='bbox 2921 4607 3019 4659; x_wconf 78' lang='grc' dir='ltr'><strong>οὐκ</strong></span> <span class='ocrx_word' id='word_1_748' title='bbox 3051 4605 3316 4673; x_wconf 82' lang='grc' dir='ltr'>ἐθέλουσι,</span> <span class='ocrx_word' id='word_1_749' title='bbox 3342 4607 3442 4679; x_wconf 80' lang='grc' dir='ltr'><strong>τὴν</strong></span> <span class='ocrx_word' id='word_1_750' title='bbox 3476 4605 3741 4677; x_wconf 85' lang='grc' dir='ltr'>πτωχείαν</span> 
     </span>
    </p>
   </div>
   <div class='ocr_carea' id='block_1_107' title="bbox 2173 4696 3738 4769">
    <p class='ocr_par' dir='ltr' id='par_1_107' title="bbox 2173 4696 3738 4769">
     <span class='ocr_line' id='line_1_107' title="bbox 2173 4696 3738 4769; baseline -0.001 -20"><span class='ocrx_word' id='word_1_751' title='bbox 2173 4696 2601 4762; x_wconf 75' lang='grc' dir='ltr'>ὑποπτεύοντες,</span> <span class='ocrx_word' id='word_1_752' title='bbox 2637 4698 2778 4750; x_wconf 85' lang='grc' dir='ltr'>πάνυ</span> <span class='ocrx_word' id='word_1_753' title='bbox 2817 4697 2995 4766; x_wconf 81' lang='grc' dir='ltr'>σοφῶς</span> <span class='ocrx_word' id='word_1_754' title='bbox 3039 4698 3068 4749; x_wconf 86' lang='grc' dir='ltr'><strong>ὁ</strong></span> <span class='ocrx_word' id='word_1_755' title='bbox 3109 4697 3430 4769; x_wconf 76' lang='grc' dir='ltr'>θεορρήμων</span> <span class='ocrx_word' id='word_1_756' title='bbox 3477 4697 3738 4750; x_wconf 64' lang='grc' dir='ltr'>κάκείνων</span> 
     </span>
    </p>
   </div>
   <div class='ocr_carea' id='block_1_108' title="bbox 2169 4784 3739 4859">
    <p class='ocr_par' dir='ltr' id='par_1_108' title="bbox 2169 4784 3739 4859">
     <span class='ocr_line' id='line_1_108' title="bbox 2169 4784 3739 4859; baseline -0.004 -17"><span class='ocrx_word' id='word_1_757' title='bbox 2169 4786 2268 4858; x_wconf 78' lang='grc' dir='ltr'>τὴν</span> <span class='ocrx_word' id='word_1_758' title='bbox 2321 4786 2526 4841; x_wconf 74' lang='grc' dir='ltr'>ἔνδειαν</span> <span class='ocrx_word' id='word_1_759' title='bbox 2573 4787 3000 4859; x_wconf 85' lang='grc' dir='ltr'>παραμυθεῖται,</span> <span class='ocrx_word' id='word_1_760' title='bbox 3052 4786 3148 4841; x_wconf 87' lang='lat' dir='ltr'><strong>xui</strong></span> <span class='ocrx_word' id='word_1_761' title='bbox 3185 4786 3296 4841; x_wconf 87' lang='grc' dir='ltr'><strong>τῶν</strong></span> <span class='ocrx_word' id='word_1_762' title='bbox 3339 4787 3608 4840; x_wconf 86' lang='grc' dir='ltr'>πλουσίων</span> <span class='ocrx_word' id='word_1_763' title='bbox 3643 4784 3739 4852; x_wconf 79' lang='grc' dir='ltr'>τὴν</span> 
     </span>
    </p>
   </div>
   <div class='ocr_carea' id='block_1_109' title="bbox 2174 4877 3738 4950">
    <p class='ocr_par' dir='ltr' id='par_1_109' title="bbox 2174 4877 3738 4950">
     <span class='ocr_line' id='line_1_109' title="bbox 2174 4877 3738 4950; baseline -0.003 -20"><span class='ocrx_word' id='word_1_764' title='bbox 2174 4878 2536 4950; x_wconf 83' lang='grc' dir='ltr'>μικροψυχίαν</span> <span class='ocrx_word' id='word_1_765' title='bbox 2566 4878 2798 4945; x_wconf 77' lang='grc' dir='ltr'>ἐξιᾶται,</span> <span class='ocrx_word' id='word_1_766' title='bbox 2827 4879 3082 4948; x_wconf 87' lang='grc' dir='ltr'>Πένητος,</span> <span class='ocrx_word' id='word_1_767' title='bbox 3117 4877 3311 4945; x_wconf 84' lang='grc' dir='ltr'>λέγων,</span> <span class='ocrx_word' id='word_1_768' title='bbox 3348 4877 3538 4948; x_wconf 83' lang='grc' dir='ltr'>ἀνδρὸς</span> <span class='ocrx_word' id='word_1_769' title='bbox 3563 4878 3738 4944; x_wconf 58' lang='grc' dir='ltr'>άσφαέ</span> 
     </span>
    </p>
   </div>
   <div class='ocr_carea' id='block_1_110' title="bbox 2170 4965 3732 5040">
    <p class='ocr_par' dir='ltr' id='par_1_110' title="bbox 2170 4965 3732 5040">
     <span class='ocr_line' id='line_1_110' title="bbox 2170 4965 3732 5040; baseline -0.003 -19"><span class='ocrx_word' id='word_1_770' title='bbox 2170 4968 2422 5040; x_wconf 83' lang='grc' dir='ltr'>λέστερον</span> <span class='ocrx_word' id='word_1_771' title='bbox 2456 4968 2628 5035; x_wconf 81' lang='grc' dir='ltr'>οὐδὲν,</span> <span class='ocrx_word' id='word_1_772' title='bbox 2658 4969 3003 5040; x_wconf 76' lang='grc' dir='ltr'>άφοϐώτερον</span> <span class='ocrx_word' id='word_1_773' title='bbox 3035 4969 3066 5038; x_wconf 80' lang='grc' dir='ltr'>ἢ</span> <span class='ocrx_word' id='word_1_774' title='bbox 3097 4968 3504 5040; x_wconf 85' lang='grc' dir='ltr'>ἀκινδυνότερον</span> <span class='ocrx_word' id='word_1_775' title='bbox 3551 4965 3698 5020; x_wconf 79' lang='grc' dir='ltr'>οὐδέν</span> <span class='ocrx_word' id='word_1_776' title='bbox 3717 4977 3732 4993; x_wconf 88' lang='grc'><strong>·</strong></span> 
     </span>
    </p>
   </div>
   <div class='ocr_carea' id='block_1_111' title="bbox 2170 5056 3732 5132">
    <p class='ocr_par' dir='ltr' id='par_1_111' title="bbox 2170 5056 3732 5132">
     <span class='ocr_line' id='line_1_111' title="bbox 2170 5056 3732 5132; baseline -0.003 -19"><span class='ocrx_word' id='word_1_777' title='bbox 2170 5060 2230 5113; x_wconf 83' lang='grc' dir='ltr'><strong>οὐ</strong></span> <span class='ocrx_word' id='word_1_778' title='bbox 2257 5059 2392 5130; x_wconf 84' lang='grc' dir='ltr'>πρὸς</span> <span class='ocrx_word' id='word_1_779' title='bbox 2423 5060 2682 5131; x_wconf 87' lang='grc' dir='ltr'>χρήματα</span> <span class='ocrx_word' id='word_1_780' title='bbox 2705 5059 2814 5132; x_wconf 83' lang='grc' dir='ltr'><strong>γὰρ</strong></span> <span class='ocrx_word' id='word_1_781' title='bbox 2843 5060 2877 5130; x_wconf 78' lang='grc' dir='ltr'>ἤ</span> <span class='ocrx_word' id='word_1_782' title='bbox 2906 5060 3181 5130; x_wconf 87' lang='grc' dir='ltr'>κτήματα,</span> <span class='ocrx_word' id='word_1_783' title='bbox 3215 5059 3248 5130; x_wconf 80' lang='grc' dir='ltr'><strong>ἢ</strong></span> <span class='ocrx_word' id='word_1_784' title='bbox 3281 5057 3490 5128; x_wconf 84' lang='grc' dir='ltr'>κτηνῶν</span> <span class='ocrx_word' id='word_1_785' title='bbox 3520 5056 3732 5125; x_wconf 81' lang='grc' dir='ltr'>ἀγέλας,</span> 
     </span>
    </p>
   </div>
   <div class='ocr_carea' id='block_1_112' title="bbox 2169 5142 3736 5224">
    <p class='ocr_par' dir='ltr' id='par_1_112' title="bbox 2169 5142 3736 5224">
     <span class='ocr_line' id='line_1_112' title="bbox 2169 5142 3736 5224; baseline -0.008 -18"><span class='ocrx_word' id='word_1_786' title='bbox 2169 5151 2204 5223; x_wconf 75' lang='grc' dir='ltr'>ἢ</span> <span class='ocrx_word' id='word_1_787' title='bbox 2239 5151 2588 5224; x_wconf 80' lang='grc' dir='ltr'>ἀνδραπόδων</span> <span class='ocrx_word' id='word_1_788' title='bbox 2633 5155 2735 5224; x_wconf 78' lang='grc' dir='ltr'><strong>ὁρᾷ</strong></span> <span class='ocrx_word' id='word_1_789' title='bbox 2783 5153 3265 5223; x_wconf 86' lang='grc' dir='ltr'>περιουσιασμοὺς,</span> <span class='ocrx_word' id='word_1_790' title='bbox 3319 5149 3388 5203; x_wconf 84' lang='grc' dir='ltr'>τὰ</span> <span class='ocrx_word' id='word_1_791' title='bbox 3427 5149 3614 5222; x_wconf 72' lang='grc' dir='ltr'>ῥέοντα</span> <span class='ocrx_word' id='word_1_792' title='bbox 3647 5142 3736 5198; x_wconf 83' lang='lat' dir='ltr'><strong>xui</strong></span> 
     </span>
    </p>
   </div>
   <div class='ocr_carea' id='block_1_113' title="bbox 2171 5235 3734 5314">
    <p class='ocr_par' dir='ltr' id='par_1_113' title="bbox 2171 5235 3734 5314">
     <span class='ocr_line' id='line_1_113' title="bbox 2171 5235 3734 5314; baseline 0 -20"><span class='ocrx_word' id='word_1_793' title='bbox 2171 5241 2371 5312; x_wconf 89' lang='grc' dir='ltr'>τρόπον</span> <span class='ocrx_word' id='word_1_794' title='bbox 2391 5242 2600 5314; x_wconf 82' lang='grc' dir='ltr'>ὀνείρου</span> <span class='ocrx_word' id='word_1_795' title='bbox 2627 5242 3041 5314; x_wconf 84' lang='grc' dir='ltr'>παρατρέχοντα</span> <span class='ocrx_word' id='word_1_796' title='bbox 3070 5241 3164 5295; x_wconf 88' lang='lat' dir='ltr'><strong>xui</strong></span> <span class='ocrx_word' id='word_1_797' title='bbox 3193 5240 3538 5310; x_wconf 81' lang='grc' dir='ltr'>ἀπολλύμενα</span> <span class='ocrx_word' id='word_1_798' title='bbox 3562 5254 3577 5270; x_wconf 78' lang='grc' dir='ltr'><strong><em>ο</em></strong></span> <span class='ocrx_word' id='word_1_799' title='bbox 3609 5235 3734 5307; x_wconf 76' lang='grc' dir='ltr'>πρὸς</span> 
     </span>
    </p>
   </div>
   <div class='ocr_carea' id='block_1_114' title="bbox 2171 5331 3732 5402">
    <p class='ocr_par' dir='ltr' id='par_1_114' title="bbox 2171 5331 3732 5402">
     <span class='ocr_line' id='line_1_114' title="bbox 2171 5331 3732 5402; baseline -0.004 -17"><span class='ocrx_word' id='word_1_800' title='bbox 2171 5332 2332 5402; x_wconf 89' lang='grc' dir='ltr'>μόνον</span> <span class='ocrx_word' id='word_1_801' title='bbox 2356 5332 2413 5386; x_wconf 86' lang='grc' dir='ltr'>δὲ</span> <span class='ocrx_word' id='word_1_802' title='bbox 2440 5334 2531 5387; x_wconf 80' lang='grc' dir='ltr'><strong>τὸν</strong></span> <span class='ocrx_word' id='word_1_803' title='bbox 2560 5333 2694 5386; x_wconf 85' lang='grc' dir='ltr'>Θεὸν</span> <span class='ocrx_word' id='word_1_804' title='bbox 2716 5335 3044 5400; x_wconf 77' lang='grc' dir='ltr'>ἀποσκοπεῖ,</span> <span class='ocrx_word' id='word_1_805' title='bbox 3077 5333 3168 5385; x_wconf 84' lang='grc' dir='ltr'>τὸν</span> <span class='ocrx_word' id='word_1_806' title='bbox 3198 5333 3349 5397; x_wconf 77' lang='grc' dir='ltr'>ὄντα,</span> <span class='ocrx_word' id='word_1_807' title='bbox 3374 5333 3464 5385; x_wconf 78' lang='grc' dir='ltr'>τὸν</span> <span class='ocrx_word' id='word_1_808' title='bbox 3496 5331 3732 5402; x_wconf 79' lang='grc' dir='ltr'>μένοντα,</span> 
     </span>
    </p>
   </div>
   <div class='ocr_carea' id='block_1_115' title="bbox 2165 5419 3732 5498">
    <p class='ocr_par' dir='ltr' id='par_1_115' title="bbox 2165 5419 3732 5498">
     <span class='ocr_line' id='line_1_115' title="bbox 2165 5419 3732 5498; baseline -0.001 -20"><span class='ocrx_word' id='word_1_809' title='bbox 2165 5425 2258 5479; x_wconf 84' lang='grc' dir='ltr'>τὸν</span> <span class='ocrx_word' id='word_1_810' title='bbox 2290 5425 2526 5497; x_wconf 84' lang='grc' dir='ltr'>χρηστὸν</span> <span class='ocrx_word' id='word_1_811' title='bbox 2556 5425 2749 5495; x_wconf 84' lang='grc' dir='ltr'>φύσει·</span> <span class='ocrx_word' id='word_1_812' title='bbox 2783 5425 2921 5498; x_wconf 80' lang='grc' dir='ltr'>πρὸς</span> <span class='ocrx_word' id='word_1_813' title='bbox 2957 5423 3148 5478; x_wconf 82' lang='grc' dir='ltr'>τοῦτον</span> <span class='ocrx_word' id='word_1_814' title='bbox 3181 5425 3267 5479; x_wconf 81' lang='grc' dir='ltr'>ἀεὶ</span> <span class='ocrx_word' id='word_1_815' title='bbox 3297 5424 3476 5491; x_wconf 86' lang='grc' dir='ltr'>νεύει,</span> <span class='ocrx_word' id='word_1_816' title='bbox 3506 5419 3732 5492; x_wconf 80' lang='grc' dir='ltr'>γνησίως</span> 
     </span>
    </p>
   </div>
   <div class='ocr_carea' id='block_1_116' title="bbox 2164 5590 3727 5671">
    <p class='ocr_par' dir='ltr' id='par_1_116' title="bbox 2164 5590 3727 5671">
     <span class='ocr_line' id='line_1_116' title="bbox 2164 5590 3727 5671; baseline -0.001 -19"><span class='ocrx_word' id='word_1_817' title='bbox 2164 5598 2485 5671; x_wconf 19' lang='grc' dir='ltr'>νοηθήλσεται</span> <span class='ocrx_word' id='word_1_818' title='bbox 2513 5599 2607 5652; x_wconf 86' lang='lat' dir='ltr'><strong>xui</strong></span> <span class='ocrx_word' id='word_1_819' title='bbox 2635 5599 2827 5671; x_wconf 75' lang='grc' dir='ltr'>οὕτως’</span> <span class='ocrx_word' id='word_1_820' title='bbox 2855 5592 3034 5671; x_wconf 77' lang='grc' dir='ltr'>ᾯτινι</span> <span class='ocrx_word' id='word_1_821' title='bbox 3059 5599 3193 5671; x_wconf 66' lang='grc' dir='ltr'>γὰρ,</span> <span class='ocrx_word' id='word_1_822' title='bbox 3211 5597 3477 5671; x_wconf 19' lang='grc' dir='ltr'>ἦγουνᾉτῷ</span> <span class='ocrx_word' id='word_1_823' title='bbox 3501 5590 3727 5671; x_wconf 65' lang='grc' dir='ltr'>Χριστῷ,</span> 
     </span>
    </p>
   </div>
   <div class='ocr_carea' id='block_1_117' title="bbox 2163 5663 3724 5740">
    <p class='ocr_par' dir='ltr' id='par_1_117' title="bbox 2163 5663 3724 5740">
     <span class='ocr_line' id='line_1_117' title="bbox 2163 5663 3724 5740; baseline -0.004 -19"><span class='ocrx_word' id='word_1_824' title='bbox 2163 5663 2264 5721; x_wconf 75' lang='grc' dir='ltr'><strong>οὐκ</strong></span> <span class='ocrx_word' id='word_1_825' title='bbox 2298 5663 2464 5720; x_wconf 69' lang='grc' dir='ltr'>ἔδωκέ</span> <span class='ocrx_word' id='word_1_826' title='bbox 2490 5686 2586 5740; x_wconf 11' lang='grc' dir='ltr'>,τις</span> <span class='ocrx_word' id='word_1_827' title='bbox 2624 5663 2995 5740; x_wconf 68' lang='grc' dir='ltr'>ἐλεημοσύνην</span> <span class='ocrx_word' id='word_1_828' title='bbox 3010 5663 3519 5740; x_wconf 29' lang='grc' dir='ltr'>,ῌμῂδὲξξλπιζέτοι</span> <span class='ocrx_word' id='word_1_829' title='bbox 3553 5663 3724 5740; x_wconf 63' lang='grc' dir='ltr'>τούτου</span> 
     </span>
    </p>
   </div>
   <div class='ocr_carea' id='block_1_118' title="bbox 2163 5735 3723 5820">
    <p class='ocr_par' dir='ltr' id='par_1_118' title="bbox 2163 5735 3723 5820">
     <span class='ocr_line' id='line_1_118' title="bbox 2163 5735 3723 5820; baseline -0.003 -32"><span class='ocrx_word' id='word_1_830' title='bbox 2163 5739 2346 5820; x_wconf 62' lang='grc' dir='ltr'>τυχεῖν</span> <span class='ocrx_word' id='word_1_831' title='bbox 2369 5738 2501 5820; x_wconf 68' lang='grc' dir='ltr'>παρ’</span> <span class='ocrx_word' id='word_1_832' title='bbox 2531 5735 3063 5820; x_wconf 31' lang='grc' dir='ltr'>ἐκείνουίῆῃυνζτοῦ</span> <span class='ocrx_word' id='word_1_833' title='bbox 3078 5735 3378 5820; x_wconf 68' lang='grc' dir='ltr'>ἐλεηθῇναι</span> <span class='ocrx_word' id='word_1_834' title='bbox 3393 5738 3522 5809; x_wconf 84' lang='grc' dir='ltr'>παρ’</span> <span class='ocrx_word' id='word_1_835' title='bbox 3551 5735 3723 5796; x_wconf 78' lang='grc' dir='ltr'>αὐτοῦ,</span> 
     </span>
    </p>
   </div>
   <div class='ocr_carea' id='block_1_119' title="bbox 2165 5801 3351 5889">
    <p class='ocr_par' dir='ltr' id='par_1_119' title="bbox 2165 5801 3351 5889">
     <span class='ocr_line' id='line_1_119' title="bbox 2165 5801 3351 5889; baseline 0.001 -26"><span class='ocrx_word' id='word_1_836' title='bbox 2165 5801 2264 5889; x_wconf 45' lang='lat' dir='ltr'><strong>{vi</strong></span> <span class='ocrx_word' id='word_1_837' title='bbox 2283 5801 2558 5879; x_wconf 63' lang='grc' dir='ltr'>γράφτῇται</span> <span class='ocrx_word' id='word_1_838' title='bbox 2587 5807 2647 5860; x_wconf 85' lang='grc' dir='ltr'><strong>τὸ</strong></span> <span class='ocrx_word' id='word_1_839' title='bbox 2676 5801 2720 5876; x_wconf 81' lang='grc' dir='ltr'>ᾧ</span> <span class='ocrx_word' id='word_1_840' title='bbox 2759 5801 2848 5861; x_wconf 70' lang='grc' dir='ltr'>δι’όὶ</span> <span class='ocrx_word' id='word_1_841' title='bbox 2884 5807 2975 5860; x_wconf 82' lang='grc' dir='ltr'>τοῦ</span> <span class='ocrx_word' id='word_1_842' title='bbox 3006 5825 3060 5861; x_wconf 77' lang='grc' dir='ltr'><strong>ω</strong></span> <span class='ocrx_word' id='word_1_843' title='bbox 3095 5801 3351 5879; x_wconf 76' lang='grc' dir='ltr'>μεγάλου.</span> 
     </span>
    </p>
   </div>
  </div>
