4082 6398
421 367 527 424 817

419 484 587 537 αὐτὸν
621 481 855 555 προορᾷ,
891 484 1021 556 παρ’
1040 475 1102 540 οὗ
1123 483 1221 556 τὴν
1243 483 1431 556 ὀλίγην
1461 486 1519 540 ἐν
1544 487 1756 560 σώματι
1783 489 2019 561 ἤλπισεν

421 574 827 646 οἰκονομεῖσθαι
866 576 1035 648 ζωὴν,
1082 577 1178 630 καὶ
1217 572 1365 649 παρἸ
1387 572 1448 632 οὗ
1486 578 1584 651 τὴν
1626 580 1686 633 ἐν
1735 581 2013 653 Πνεύματι

420 666 659 730 αίωνίως
690 666 875 738 ζήσειν
908 668 1204 740 προσδοκᾷ.
1240 669 1315 723 Σὺ
1346 668 1404 722 δὲ
1431 670 1462 722 ὁ
1509 669 1725 743 πλούτῳ
1748 674 1956 744 κομῶν,
1984 673 2014 726 ό

422 759 560 809 πᾶσι
587 754 685 809 τοῦ
716 756 923 827 κόσμου
951 760 1067 819 τοῖς
1093 757 1323 826 ἀγαθοῖς
1350 759 1825 831 ἐνευθηνούμενος,
1855 764 1885 815 ό
1916 761 2015 832 μέ·-

419 862 530 916 γας
556 847 653 900 καὶ
679 847 844 911 πολὺς
871 848 930 901 ἐν
957 846 1036 917 τῷ
1069 845 1173 920 βίῳ
1204 849 1317 911 τοῖς
1346 836 1560 913 πολλοῖς
1582 849 1690 904 τῶν
1710 850 2015 922 ἀνθρώπων

423 938 805 1010 νομιζόμενος,
835 938 1135 1007 ἀγκαλίζου
1155 939 1248 993 τὸν
1270 940 1468 1012 μικρὸν
1487 942 1677 996 τοῦτον
1696 944 1790 996 καὶ
1808 943 2016 1015 πένητα

426 1031 524 1083 καὶ
566 1031 804 1100 πτωχόν,
833 1033 1050 1102 τρέφων
1090 1032 1187 1085 καὶ
1216 1031 1436 1087 σκέπων
1476 1035 1572 1088 καὶ
1604 1035 1781 1106 πάσης
1835 1034 2016 1103 ξενίας

430 1124 884 1195 μεταδιδοὺςλκαὶ
916 1122 1221 1196 θεραπείας
1242 1163 1260 1190 ,
1298 1125 1377 1190 ὡς
1416 1126 1579 1181 αὐτὸν
1626 1127 2016 1200 ὑποδεχόμενος

428 1217 524 1270 τὸν
565 1215 823 1289 Χριστὸν,
868 1216 964 1270 καὶ
985 1214 1079 1269 διὰ
1118 1216 1214 1269 τοῦ
1247 1217 1529 1289 ὁρωμένου
1564 1218 1796 1290 πένητος
1821 1218 1912 1273 τὸν
1959 1220 2018 1274 ἐν

429 1307 584 1376 αύτῷ
608 1306 990 1379 κεκρυμμένον
1015 1306 1224 1377 Ἰησοῦν
1237 1309 1351 1372 τοῖς
1370 1310 1660 1380 κρυφαίοις
1684 1310 1779 1363 τοῦ
1806 1310 1899 1364 σοῦ
1922 1311 2015 1365 νοῦ

430 1397 695 1469 θαλάμοις
720 1396 809 1451 διὰ
846 1397 1082 1461 πίστεως
1110 1398 1536 1470 είσοικιζόμενος
1575 1401 1671 1455 καὶ
1698 1401 2014 1473 ἐνιδρυόμε-

430 1502 542 1549 νος·
583 1486 678 1540 καὶ
705 1486 894 1559 ὥσπερ
926 1487 956 1539 ό
985 1488 1141 1554 ἀετὸς
1164 1529 1180 1553 ,
1216 1488 1362 1544 κατά
1396 1490 1490 1545 τὸν
1522 1491 1671 1562 ἱερὸν
1703 1491 1883 1561 λόγον,
1918 1490 2020 1563 τὴν

432 1577 600 1631 αὑτοῦ
649 1579 930 1643 σκευάζων
977 1578 1199 1633 νοσσιὰν
1219 1621 1235 1647 ,
1265 1580 1363 1635 καὶ
1398 1582 1511 1645 τοῖς
1547 1583 1790 1645 νεοσσοῖς
1820 1584 2019 1636 ἐπιπο-

432 1664 575 1719 θῶν⁶
619 1666 763 1720 οὕτω
792 1668 887 1721 καὶ⁸
919 1667 985 1720 σὺ
1017 1669 1184 1732 πολὺς
1212 1669 1474 1741 ὑπάρχων
1506 1673 1575 1741 τῇ
1608 1670 1897 1744 περιουσίᾳ
1932 1665 2022 1724 οἷα

432 1755 630 1812 λεπτὸν
664 1756 814 1829 ὄρνιν
853 1757 1127 1829 ἀμφέπων
1160 1758 1254 1813 τὸν
1283 1760 1492 1832 πένητα
1519 1760 1617 1815 καὶ
1646 1760 2019 1832 περισκέπων,

432 1848 492 1902 ἐν
524 1847 675 1921 αὐτῷ
699 1848 955 1920 εὑρήσεις
982 1847 1245 1920 Χριστόν.
1748 1862 1753 1869 ’

437 1983 542 2039 129
571 1982 875 2051 Κρεῖσσον
901 1984 1097 2053 πενία
1114 1984 1205 2055 μὴ
1240 1962 1483 2054 δικαίαρ
1508 1982 1799 2057 κτήσεως.

506 2121 674 2175 Πάλιν
713 2121 808 2175 καὶ
843 2120 934 2176 διά
971 2121 1082 2176 τῶν
1122 2124 1506 2195 προκειμένων
1541 2123 1634 2178 τὸν
1680 2124 1889 2195 πένητα
1922 2123 2023 2195 μὲν

433 2213 770 2285 παρακαλεῖ,
804 2214 901 2269 τοῦ
941 2214 1198 2270 πλουσίου
1230 2215 1288 2269 δέ
1318 2214 1675 2269 καταστέλλει
1702 2216 1802 2287 τὴν
1829 2215 2023 2286 ὀφρὺν,

434 2309 691 2376 κρεῖσσον
716 2304 856 2361 εἷναί
882 2325 936 2361 τι
963 2307 1137 2377 λέγων
1159 2308 1350 2379 χρῆμα
1368 2308 1470 2379 τὴν
1496 2307 1689 2362 πενίαν
1710 2306 1806 2360 τοῦ
1832 2307 1894 2372 ἐξ
1912 2307 2028 2361 ἀδι-

435 2399 563 2462 κίας
590 2399 979 2469 συνεστηκότος
1007 2398 1262 2464 πλούτου,
1293 2397 1485 2471 ὥσπερ
1511 2415 1575 2468 γε
1609 2398 1704 2453 καὶ
1738 2398 1895 2452 νόσον
1922 2398 2027 2452 σώ-

440 2509 611 2563 ματος
639 2490 834 2563 βελτίω
855 2509 915 2545 τε
944 2486 1082 2547 εἶναι
1111 2492 1191 2564 τῷ
1214 2493 1459 2548 νοσοῦντι
1490 2493 1588 2547 καὶ
1627 2492 1764 2547 Θεοῦ
1794 2494 2027 2566 κρίμασι

418 2583 820 2654 Λπλιδευομένῳ
862 2584 1310 2657 λυσιτελεστέραν
1351 2585 1531 2656 κακῆς
1572 2586 1789 2653 εὐεξίας
1824 2603 1887 2639 τε
1932 2586 2028 2640 καὶ

442 2675 675 2744 ὑγιείας.
710 2676 809 2740 Τίς
840 2676 887 2730 δ’
928 2677 996 2731 ἀν
1042 2679 1075 2748 ἡ
1119 2677 1265 2750 κακὴ
1298 2679 1469 2731 νοοῖτο
1512 2677 1725 2746 εὐεξία,
1764 2678 1798 2750 ἦ
1834 2679 1867 2750 ή
1912 2680 2025 2742 τοῖς

438 2768 753 2839 ἀσελγείαις
784 2771 877 2824 καὶ
915 2771 1254 2842 μιαιφονίαις
1272 2770 1307 2841 ἢ
1330 2769 1568 2834 ἀδικίαις
1590 2770 1843 2841 χαίρουσι
1872 2785 2018 2841 παρ-

437 2860 681 2933 επομένη
699 2878 715 2927 ;
735 2862 846 2916 Kal.
870 2862 980 2935 γὰρ
1003 2860 1082 2932 τῷ
1111 2863 1177 2915 ἐκ
1201 2861 1467 2925 σιτοδείας
1497 2861 1596 2931 μὲν
1621 2861 1658 2933 ἦ
1673 2861 1866 2925 πενίας
1886 2861 2030 2933 λιμῷ

437 2953 610 3017 οὐδεὶς
640 2952 720 3024 τῷ
759 2952 977 3025 θανάτῳ
1014 2954 1336 3026 περιπίπτει
1364 2954 1464 3025 τῆς
1501 2953 1681 3024 ψυχῆς
1701 2991 1718 3018 ,
1751 2952 1867 3006 ἀλλ’
1907 2953 2029 3007 οὐδὲ

439 3038 518 3109 τῷ
546 3037 642 3093 τοῦ
675 3039 928 3111 σώματος
956 3040 1181 3112 ῥᾳδίως,
1221 3043 1338 3105 τοῖς
1363 3040 1711 3111 ἁμαρτωλοῖς
1746 3041 1805 3096 δὲ
1833 3042 1928 3096 καὶ
1951 3041 2031 3113 τῷ

441 3130 559 3184 ὄντι
584 3134 773 3197 κακοῖς
796 3133 1029 3197 θάνατος
1053 3133 1394 3204 καθέστηκεν
1420 3133 1454 3204 ἠ
1481 3132 1748 3205 ἁμαρτία.

447 3265 550 3324 155
583 3267 678 3334 Τίς
707 3267 783 3340 (7)
814 3267 1115 3339 δεσπότης
1151 3270 1190 3340 ἢ
1234 3268 1478 3337 δοῦλος,
1512 3268 1551 3339 ἠ
1597 3270 1804 3339 φαύλη
1835 3268 1985 3340 τομή
2011 3287 2033 3336 ;

514 3423 938 3496 Γνωμοδοτήσας
984 3426 1014 3478 ό
1062 3424 1504 3494 φιλοσοφώτατος
1550 3423 1618 3478 τά
1666 3423 1795 3494 περὶ
1841 3423 2034 3490 πενίας

441 3515 537 3570 καὶ
566 3515 799 3570 πλούτου
834 3514 1229 3585 εὐαγγελικῶς,
1267 3513 1345 3578 ὡς
1384 3513 1574 3585 ἐχρῆν,
1614 3506 1709 3567 καὶ
1738 3513 2032 3584 θεοσόφως,

443 3608 574 3680 περὶ
604 3608 923 3670 δεσποτείας
952 3606 1140 3660 λοιπὸν
1172 3608 1266 3660 καὶ
1294 3605 1540 3670 δουλείας
1567 3604 1646 3676 τῷ
1680 3604 2034 3676 πνευματικῷ

446 3699 596 3768 νόμῳ
619 3700 714 3751 καὶ
735 3698 907 3751 ταῦτα
930 3696 1218 3769 διακρίνει,
1256 3699 1354 3763 Τίς
1383 3700 1498 3752 ἐστι
1525 3697 1814 3768 δεσπότης,
1837 3696 2034 3765 λέγων,

388 3858 391 3865 _
447 3789 531 3854 τίς
561 3789 616 3842 δέ
644 3788 786 3842 κατά
812 3788 971 3858 φύσιν
997 3789 1214 3857 δοῦλος;
1238 3791 1353 3845 Οὐκ
1376 3789 1601 3861 ἐκτίσθη
1623 3789 1908 3860 δεσπότης,
1935 3789 2035 3841 οὐκ

449 3879 675 3953 ἐκτίσθη
710 3879 896 3944 δοῦλος
924 3881 1020 3935 ἀπ’
1048 3881 1220 3952 ἀρχῆς
1242 3897 1256 3911 ·
1290 3882 1430 3953 αὕτη
1468 3881 1645 3952 φαύλη
1676 3881 1849 3951 τομὴ,
1892 3879 2034 3950 αῦτη

448 3971 713 4046 διαίρεσις
745 3973 1063 4044 τυραννική.
1094 3974 1204 4029 Καὶ
1235 3974 1345 4045 γάρ
1384 3974 1461 4038 ὡς
1488 3968 1569 4037 εἷς
1602 3973 1737 4027 πᾶσι
1777 3971 2028 4043 πλάστης

447 4064 670 4136 ὁμοίως,
717 4057 973 4129 εἷς.πᾶσι
1014 4065 1200 4136 νόμος,
1250 4065 1433 4137 κρίσις
1474 4066 1575 4137 μία
1610 4066 1705 4119 καὶ
1732 4066 1831 4136 μία
1874 4065 2036 4135 φύσις

449 4154 652 4209 ἅπασιν
691 4155 1000 4229 ἀνθρώποις
1044 4159 1078 4229 ἡ
1118 4158 1290 4229 αὐτήο
1327 4155 1472 4211 οὕτω
1503 4157 1598 4213 καὶ
1624 4156 1801 4212 δοῦλοι
1834 4156 2036 4221 πάντες

449 4248 650 4319 ὁμοίως
676 4248 954 4321 ἄνθρωποι
992 4249 1083 4320 ὑφ’
1110 4250 1191 4303 ἐνὶ
1220 4251 1426 4320 Ποιητῇ
1456 4249 1551 4303 καὶ
1596 4250 1845 4323 Δεσπότῃ
1886 4266 2036 4305 τετα-

451 4339 647 4410 γμένοι
672 4339 751 4410 τῷ
779 4338 920 4411 Θεῷ.
954 4340 1027 4394 Σὺ
1057 4336 1151 4393 οὖν
1169 4381 1184 4406 ,
1214 4341 1422 4410 φησὶνό
1448 4338 1765 4409 φιλοσοφίας
1794 4339 2028 4411 ἀρίστης

450 4431 545 4485 καὶ
582 4430 844 4502 ἀληθείας
871 4430 1047 4499 λόγων
1082 4429 1339 4503 ἐραστὴς,
1376 4430 1483 4484 ὑπὸ
1514 4430 1624 4485 τῶν
1653 4429 2037 4502 περιεστώτων

449 4522 677 4594 οἰκετῶν
710 4520 1174 4594 ὑπηρετούμενος,
1221 4522 1296 4594 μὴ
1335 4521 1548 4592 σεαυτῷ
1577 4522 1677 4593 μὲν
1704 4521 1804 4592 τὴν
1841 4520 2036 4574 δεσπο-

448 4614 623 4681 τείαν,
660 4615 772 4678 τοῖς
809 4614 866 4667 δὲ
903 4612 1003 4685 τὴν
1048 4612 1291 4668 δουλείαν
1333 4613 1633 4686 ἀφορίζων,
1675 4613 2038 4682 ὑπερφρονεῖν

452 4708 583 4777 παρ’
628 4707 657 4759 0
691 4705 772 4760 δεῖ
816 4707 1033 4775 φρονεῖν
1080 4705 1484 4777 ἐπιτολμήσας,
1535 4703 1678 4757 κατά
1719 4701 1812 4755 τοῦ
1854 4700 2035 4755 κοινοῦ

453 4798 726 4853 Δεσπότου
754 4797 863 4850 τῶν
895 4797 1033 4851 ὅλων
1066 4798 1396 4870 ἀπονοηθῇς’
1434 4796 1570 4851 ἀλλά
1609 4794 1826 4866 φρονῶν
1859 4783 1939 4858 είς
1978 4793 2039 4847 τὸ

457 4891 760 4961 σωφρονεῖν
808 4891 900 4944 καὶ
946 4888 1237 4958 γινώσκειν
1286 4888 1512 4953 ἐαυτὸν,
1553 4886 1765 4950 πάντας
1809 4884 1867 4939 δὲ
1916 4884 2044 4948 τοὺς

454 4982 931 5055 ὑπηρετουμένους
962 5000 1043 5036 σοι
1081 4981 1401 5047 συνδούλους
1436 4980 1530 5034 καὶ
1556 4978 1698 5034 κατά
1727 4979 1889 5049 φύσιν
1914 4980 2046 5049 ὁμο-

453 5075 646 5147 τίμους
677 5075 840 5148 ὁρῶν,
876 5077 1161 5146 συνεργοῖς
1201 5072 1442 5146 κέχρησο
1465 5064 1678 5156 τούτοις
1698 5070 1793 5125 καὶ
1828 5069 2045 5125 συνδια-

456 5168 633 5231 κόνοις
678 5168 814 5238 πρὸς
847 5169 948 5240 τὴν
978 5168 1072 5222 τοῦ
1117 5165 1452 5223 Δεσποτικοῦ
1497 5163 1802 5235 θελήματος
1839 5160 2045 5232 ἐκπλήο

459 5276 647 5332 ρωσιν.
696 5259 790 5331 Μὴ
833 5254 926 5313 οῦν
975 5260 1038 5313 τὸ
1080 5259 1303 5330 εὐγενὲς
1350 5256 1446 5312 τοῦ
1492 5255 1721 5328 τρόπου,
1768 5253 1861 5307 καὶ
1903 5251 2043 5307 κατὰ

457 5350 658 5420 πρᾶξιν
693 5349 727 5422 ἥ
770 5350 1008 5421 θεωρίαν
1048 5351 1389 5422 μεγαλοφυὲκ
1424 5348 1519 5403 καὶ
1553 5347 1756 5417 τίμιον,
1795 5343 1902 5416 πρὸ
1943 5342 2043 5413 τῆς

457 5438 566 5493 ἀπὸ
584 5436 681 5492 τοῦ
704 5437 958 5510 σώματος
980 5438 1187 5503 λύσεως
1213 5440 1309 5494 καὶ
1333 5437 1440 5511 πρὸ
1458 5436 1552 5491 τοῦ
1574 5432 1930 5503 κατανικῆσαι
1950 5429 2042 5482 τὸν

460 5517 664 5600 κόσμον
693 5529 1111 5601 ἐνδεικνύμενος
1130 5570 1145 5593 ,
1179 5531 1275 5584 καὶ
1311 5528 1558 5600 ἀκαίρως
1596 5524 1921 5601 ὑψούμενος,
1963 5520 2044 5584 εἰς

461 5623 791 5680 ταπείνωσιν
831 5624 1222 5694 ἀποστραφῇςο
1254 5621 1369 5676 ἀλλ’
1403 5621 1534 5675 ὅταν
1563 5618 1671 5674 τῶν
1700 5596 1766 5673 τε
1804 5631 2047 5690 σωματι-

1420 369 1489 427 IN
1524 370 1838 430 asumma
1876 374 2153 431 secans
2196 375 2253 431 s.
2289 354 2637 433 CREGORII.

3590 342 3698 423 Su:

2116 491 2209 547 det
2237 507 2269 546 a
2291 507 2403 563 quo
2424 506 2597 563 pauca
2628 492 2871 560 speravit
2904 501 3003 557 pro
3046 499 3276 555 corpore
3313 483 3568 541 distribui
3603 499 3700 538 ne-

2114 585 2352 640 cessaria
2410 583 2557 649 vitae,
2593 589 2647 637 et
2702 580 2813 635 vita
2873 580 2930 634 in
2964 579 3173 650 Spiritu
3237 582 3442 631 aeterna
3510 574 3702 630 fruitu-

2117 691 2239 731 rum
2271 690 2333 731 se
2353 680 2655 744 exsliectat.
2680 670 2763 726 Tu
2790 668 3156 726 vero-divitiis
3184 667 3396 733 fruens,
3442 663 3700 720 omnibus

2115 766 2308 823 mundi
2332 766 2494 823 bonis
2517 765 2827 829 abundans,
2862 775 3098 832 magnus
3118 765 3175 815 et
3204 757 3416 814 multus
3448 755 3503 810 in
3529 755 3638 809 vita
3669 769 3703 807 a

2121 857 2397 928 plerisque
2441 853 2759 909 hominibus
2826 851 3172 914 aestimatus,
3225 847 3281 902 in
3326 846 3484 900 ulnas
3518 843 3706 913 accipe

2122 948 2409 1019 parvulum
2452 946 2656 1013 istum,
2698 958 3009 1016 pauperem.
3037 952 3094 998 et
3133 954 3363 1013 egenum
3415 939 3703 999 nutriens.

2123 1040 2379 1111 operiens
2404 1046 2460 1094 et
2494 1039 2645 1095 omni
2670 1036 3050 1109 hospitalitate
3067 1034 3359 1091 cumulans
3396 1039 3564 1103 atque
3590 1045 3707 1086 ser-
3802 1046 3807 1051 δ

2119 1132 2277 1197 vitio,
2310 1132 2467 1203 quasi
2498 1131 2677 1202 ipsum
2704 1129 2989 1200 recipiens
3005 1128 3305 1193 Christum,
3318 1117 3387 1180 ‘et
3431 1139 3528 1195 per
3559 1123 3708 1177 hunc

2120 1239 2287 1295 quem
2334 1222 2489 1279 vides
2540 1236 2838 1292 pauperem
2893 1222 3158 1276 latentem
3204 1217 3260 1272 in
3306 1230 3373 1272 eo
3413 1213 3601 1270 Jesum
3649 1213 3706 1269 in

2125 1316 2311 1373 cordis
2353 1314 2432 1369 tui
2469 1313 2769 1384 penetralia
2809 1326 2907 1381 per
2951 1310 3111 1366 [idem
3154 1308 3398 1383 hospitio
3431 1306 3613 1376 recipe
3653 1312 3711 1359 et

2124 1409 2385 1464 colloca:
2426 1414 2483 1463 et
2512 1407 2657 1462 sicut
2701 1392 2908 1476 aquila,
2954 1404 3113 1473 juxta
3152 1410 3404 1458 sanctum
3452 1398 3705 1461 verbum,

2126 1501 2308 1572 pullos
2357 1515 2494 1557 suos
2539 1500 2746 1554 mulcet
2791 1498 3038 1568 ipsisque
3101 1493 3372 1565 providet,
3415 1490 3498 1547 sic
3548 1497 3603 1545 et
3642 1499 3703 1543 tu

2122 1593 2329 1648 multus
2361 1589 2810 1661 possessionibus
2838 1587 3114 1644 exsistens
3161 1593 3426 1654 tanquam
3467 1580 3703 1637 debilem

2123 1697 2278 1738 avem
2324 1688 2530 1738 curans
2585 1691 2884 1752 pauperem
2908 1683 2965 1730 et
2989 1672 3185 1733 fovens
3207 1673 3266 1731 in
3294 1676 3418 1746 ipso
3460 1670 3723 1728 invenies.

2123 1764 2435 1830 Christum.

2129 1959 2232 2048 12$;
2276 1990 2469 2046 Melior
2488 1998 2567 2044 est
2596 1998 2883 2058 paupertas
2914 1988 3116 2058 injusla
3146 1983 3493 2057 possessione.

2199 2123 2438 2181 Rursum
2468 2131 2523 2179 et
2545 2138 2643 2194 per
2656 2123 2947 2194 praesentia
2963 2137 3258 2193 pauperem
3275 2122 3495 2192 quidem
3512 2133 3713 2173 consc-

2125 2214 2293 2277 latur,
2333 2212 2522 2269 divitis
2551 2227 2682 2269 vero
2723 2213 2972 2284 reprimit
3003 2213 3395 2283 arrogantiam,
3429 2211 3708 2267 meliorem

2125 2318 2251 2365 esse
2316 2303 2510 2361 dicens
2560 2310 2935 2375 paupertatem
2999 2319 3165 2373 quam
3229 2303 3434 2358 divitia:
3512 2319 3580 2358 ex
3622 2301 3710 2356 in,

2125 2396 2339 2466 justitia
2364 2403 2711 2464 constantes;
2743 2394 3211 2466 quemadmodum
3243 2393 3486 2449 morbus.
3512 2406 3710 2463 corpo-

2129 2491 2210 2547 ris
2240 2490 2440 2549 melior
2465 2497 2554 2547 est
2596 2489 2910 2561 aegretanti,
2945 2496 3000 2544 et
3048 2487 3259 2559 judicio
3303 2488 3399 2543 Dei
3441 2486 3713 2557 castigato

2131 2580 2320 2635 utilior
2344 2589 2432 2636 est
2460 2594 2624 2650 quam
2656 2577 2912 2637 valetudo
2934 2579 3078 2633 mala
3105 2585 3162 2634 et
3182 2577 3413 2634 sanitas.
3454 2576 3588 2642 Quae
3613 2591 3715 2631 au—

2133 2678 2241 2728 tem
2272 2671 2642 2726 aestimaretur
2691 2669 2834 2724 mala
2857 2668 3132 2733 valetudo,
3166 2668 3274 2723 nisi
3317 2683 3383 2724 ea
3411 2682 3521 2737 qua
3555 2677 3718 2722 uten-

2133 2768 2217 2818 tes
2245 2761 2460 2816 luxuria
2512 2767 2569 2817 et
2614 2760 2928 2816 homicidiis
2974 2770 3031 2816 et
3081 2759 3378 2831 injustitiis
3421 2760 3721 2814 laetantur?

2131 2851 2382 2922 Namque
2410 2851 2554 2907 fame
2601 2851 2761 2922 panis
2804 2858 2861 2906 et
2905 2853 3124 2922 egentia
3182 2852 3366 2907 nullus
3418 2851 3473 2906 in
3518 2852 3719 2908 animus

2133 2951 2365 3000 mortem
2396 2942 2565 3009 cadit,
2602 2940 2701 2997 sed
2734 2943 2823 2997 vi’x
2865 2944 3013 2998 ullus
3060 2942 3117 2997 in
3153 2942 3406 3012 corporis
3445 2950 3677 2998 mortem
3700 2985 3717 3010 ,

2133 3036 2518 3107 peccatoribus
2556 3043 2739 3092 autem
2767 3042 2824 3090 et
2851 3034 3075 3092 realiter
3129 3035 3290 3092 malis
3326 3042 3559 3091 mortem
3589 3050 3720 3107 pec-

2138 3139 2324 3185 catum
2364 3127 2549 3184 affert.

2136 3262 2263 3318 155.
2306 3261 2440 3329 Quis
2486 3261 2769 3329 dominus,
2813 3261 2931 3332 quis
2981 3274 3194 3325 servus,
3247 3259 3352 3341 nisi
3387 3258 3543 3402 multa.
3578 3259 3717 3387 (ξτες

3497 3347 3578 3385 διο

3497 3347 3578 3385 διο

2205 3421 2502 3492 Postquam
2532 3422 2860 3478 sententiam
2896 3421 3154 3492 exposuit
3178 3420 3555 3491 Philosophus
3606 3436 3722 3476 ma-

2136 3529 2278 3585 gnus
2310 3514 2377 3570 de
2418 3520 2737 3585 paupertate
2778 3521 2833 3568 et
2859 3513 3066 3569 divitiis
3093 3513 3414 3584 evangeliee
3461 3520 3521 3567 ut
3556 3528 3727 3583 opor-

2136 3609 2308 3675 tebat,
2337 3615 2391 3665 et
2423 3623 2523 3679 pro
2554 3606 2651 3663 Dei
2675 3606 2949 3678 sapientia
2987 3607 3056 3662 de
3078 3606 3196 3661 heri
3245 3614 3303 3661 et
3339 3605 3485 3662 servi
3525 3606 3724 3663 condi,-

2135 3703 2288 3757 tione
2340 3701 2411 3755 ad
2471 3700 2820 3770 spiritualem
2886 3712 3137 3755 normam
3201 3697 3418 3768 iudicat
3480 3696 3713 3752 dicens:

2135 3790 2271 3856 Quis
2292 3797 2378 3845 est
2408 3789 2579 3845 herus
2609 3797 2664 3843 et
2703 3790 2830 3859 quis
2864 3797 2950 3844 est
2974 3798 3172 3843 natura
3197 3785 3419 3841 servus?
3452 3800 3564 3839 non
3587 3798 3723 3839 con-

2133 3878 2283 3935 ditus
2320 3886 2406 3934 est
2435 3879 2620 3942 herus,
2647 3894 2749 3935 nec
2782 3878 3034 3933 conditus
3059 3882 3146 3932 est
3161 3890 3356 3932 servus
3406 3875 3475 3930 ab
3521 3874 3723 3929 initio:

2136 3970 2312 4027 sectio
2344 3971 2470 4026 vilis
2504 3969 2632 4035 ista,
2676 3970 2783 4025 ista
2815 3969 3014 4025 divisio
3047 3968 3375 4040 tyrannica;
3407 3968 3551 4023 sicut
3576 3966 3722 4022 enim

2137 4062 2396 4119 omnibus
2441 4076 2589 4117 unus
2621 4070 2676 4117 et
2712 4060 2858 4116 idem
2888 4061 3213 4131 plasmator,
3253 4075 3362 4115 una
3406 4059 3493 4114 lex
3540 4059 3725 4112 omni-

2136 4154 2265 4217 bus.
2293 4152 2564 4226 judicium
2590 4168 2763 4207 unum
2802 4160 2858 4208 et
2884 4167 2990 4207 una
3024 4161 3223 4207 natura
3261 4151 3521 4206 omnibus
3548 4149 3726 4204 homi-

2136 4243 2303 4299 nibus
2326 4242 2542 4310 eadem,
2577 4241 2660 4299 sic
2688 4253 2743 4298 et
2769 4243 2912 4299 servi
2944 4256 3138 4301 omnes
3171 4240 3428 4296 similiter
3471 4239 3737 4297 homines
3838 4286 3839 4289 η

2140 4336 2244 4391 sub
2267 4349 2376 4389 uno
2398 4331 2747 4394 Plasmatore
2770 4341 2825 4388 et
2839 4332 3074 4386 Domino
3102 4330 3393 4387 constituti
3428 4337 3558 4386 sunt
3590 4328 3722 4385 Deo.

2141 4425 2226 4481 Tu
2257 4440 2410 4497 ergo,
2432 4424 2567 4480 dicit
2586 4423 2812 4494 optimae
2841 4421 3206 4494 philosophiae
3241 4430 3297 4479 et
3326 4423 3575 4479 veritatis
3608 4435 3728 4478 ser—

2147 4531 2376 4573 monum
2408 4524 2639 4583 amator,
2685 4530 2718 4570 a
2763 4513 2984 4569 famulis
3021 4513 3521 4571 circumstantibus
3560 4513 3726 4569 mini-.-

2147 4614 2378 4671 stratus,
2409 4621 2480 4662 ne
2505 4606 2606 4661 tibi
2637 4605 2858 4676 quidem
2903 4604 3019 4661 heri
3062 4606 3460 4671 conditionem,
3493 4604 3601 4661 illis
3630 4620 3730 4659 au.-

2147 4704 2257 4753 tem
2300 4696 2624 4752 famulatum
2671 4708 2985 4761 reservans,
3032 4696 3225 4753 extolli
3269 4711 3439 4767 supra
3483 4696 3538 4751 id
3578 4695 3730 4766 quod

2149 4794 2367 4857 oportet
2403 4785 2777 4850 audeas,ante
2809 4801 3161 4843 communem
3199 4788 3583 4842 universorum
3626 4785 3731 4841 Do—

2149 4879 2361 4931 minum
2384 4875 2715 4945 insipienter
2746 4875 3019 4946 cogitans,
3068 4875 3167 4932 sed
3204 4875 3344 4931 bene
3384 4874 3628 4930 sentiens
3667 4883 3731 4929 ut

2151 4968 2373 5039 sapiens
2408 4970 2489 5024 sis
2517 4976 2571 5023 et
2597 4968 2835 5037 teipsum
2854 4969 3099 5029 noveris,
3121 4964 3733 5023 omnesministrantes

2150 5062 2249 5117 tibi
2299 5073 2605 5117 conservos
2645 5069 2703 5114 et
2749 5067 2951 5115 natura
2995 5061 3116 5131 pari
3160 5059 3369 5115 honore
3409 5058 3608 5131 dignos
3649 5059 3733 5115 vi.-

2148 5154 2309 5218 dens,
2337 5148 2615 5207 consociis
2652 5149 2707 5203 in
2751 5165 2919 5220 opere
2953 5161 3010 5206 et
3054 5152 3285 5206 servitio
3331 5156 3487 5206 utere
3523 5148 3593 5203 ad
3634 5165 3734 5205 vo,

2154 5242 2383 5299 luntatis
2424 5239 2722 5295 Dominicaa
2768 5240 3200 5298 observantiam.
3241 5239 3320 5296 Ne
3363 5255 3497 5310 ergo
3549 5254 3732 5295 mores

2157 5336 2372 5392 nobiles
2398 5343 2454 5389 et
2481 5332 2554 5388 ob
2573 5330 2786 5403 praxim
2817 5338 2873 5386 et
2913 5329 3419 5388 considerationem
3452 5330 3732 5401 egregiam

2155 5427 2397 5483 indolem
2443 5434 2499 5480 et
2550 5424 2760 5479 honore
2799 5421 3021 5492 dignam
3092 5429 3221 5478 ante
3264 5421 3647 5477 liberationem
3701 5432 3734 5473 a

2158 5533 2409 5590 corpore,
2451 5525 2506 5573 et
2556 5523 2851 5586 antequam
2895 5514 3186 5571 victoriam
3248 5513 3516 5569 adversus
3571 5524 3735 5564 mun-

2164 5615 2295 5669 dum
2329 5611 2713 5684 consequaris,
2763 5625 2875 5682 prae
2910 5619 2963 5667 te
3008 5609 3159 5665 ferre
3198 5610 3395 5680 iactes,
3442 5615 3499 5660 et
3537 5604 3733 5660 interu-

533 5784 767 5855 (ηΑΙά.
795 5783 938 5841 Ven.
975 5782 1143 5840 Basil.
1188 5782 1380 5841 Colon.
1417 5782 1513 5855 [et
1543 5781 1785 5855 Bcned.]
1825 5779 1898 5837 τί.
1929 5776 2056 5836 Ald.
2092 5775 2283 5834 Venet.
2318 5780 2373 5831 et
2411 5770 2579 5829 Basil.
2612 5772 2646 5845 ἢ
2675 5787 2773 5844 pro
2809 5773 2865 5845 ἡ,
2895 5777 2948 5831 ct
2966 5776 3101 5844 post
3127 5782 3179 5827 ν.
3215 5766 3358 5839 τομή
3396 5772 3524 5822 uota
3560 5764 3733 5825 inter-

460 5854 783 5925 rugationis.
