4082 6390
418 522 604 593 ζητεῖν
629 519 690 573 τὸ
722 519 1019 592 πρόσωπον
1041 523 1133 576 τοῦ
1160 523 1296 578 Θεοῦ
1342 525 1536 580 Ἰακὼϐ
1560 531 1617 582 ὲν
1639 531 1858 602 Χριστῷ
1894 533 1998 602 Ἰη-

421 611 540 678 adii,
566 612 624 676 ὃς
650 614 764 676 τοῖς
790 612 1155 684 λαμϐάνουσιν
1189 616 1349 669 αὑτὸν
1387 617 1468 671 ἔτι
1509 621 1832 691 προσδίδωσι
1864 623 1999 693 μᾶλ-

415 704 510 756 λον
543 704 763 757 ἑαυτόν⁸
795 705 1047 759 τοσοῦτον
1082 706 1192 777 γάρ
1234 708 1428 778 ἀπέχει
1466 711 1561 763 τοῦ
1595 713 2000 784 ἀποτρέπεσθαι

421 798 453 868 ῆ
481 797 921 867 ἀποστρέφεσθαι
951 800 1076 864 τοὺς
1105 800 1422 869 ὲγγίζοντας
1451 801 1620 873 αὑτῷ,
1644 805 1726 857 ὅτι
1754 807 1850 858 καὶ
1873 807 2003 876 μᾶλ-

357 950 360 952 ν
420 890 512 942 λον
543 888 672 959 διψᾷ
694 888 756 943 τό
781 890 1058 960 διψᾶσθαι,
1093 893 1122 946 ό
1147 893 1262 945 ἐστι
1295 893 1451 946 ποθεῖ
1476 893 1536 947 τὸ
1564 895 1868 962 ποθεῖσθαι,
1906 896 2002 949 καὶ

418 980 572 1050 φιλεῖ
609 982 669 1034 τὸ
711 981 1062 1049 ἀγαπᾶσθαι,
1091 983 1177 1036 καὶ
1229 982 1478 1053 ἀφθόνως
1529 985 1614 1037 ἀεὶ
1658 985 1846 1039 ἑαυτὸν
1888 988 2000 1050 τοῖς

421 1073 684 1141 ἐρασταῖς
716 1073 880 1126 αὑτοῦ
904 1073 1188 1144 χαρίζεται
1209 1089 1223 1104 ’
1267 1074 1480 1128 τοιοῦτο
1507 1077 1616 1147 γάρ
1649 1078 1682 1148 ἡ
1718 1077 1999 1149 ὑπεράγα-

412 1162 513 1226 θος
527 1163 860 1234 ἀγαθαρχία,
889 1165 976 1218 διὰ
1001 1163 1112 1218 τῶν
1138 1167 1470 1234 παναγάθων
1495 1167 1590 1221 καὶ
1614 1168 1999 1238 πνευματικῶν

415 1254 593 1324 ἀὐτῆς
643 1253 862 1325 δωρεῶν
918 1258 1033 1318 τοῖς
1082 1255 1422 1327 ἀπληρὼτως
1469 1257 1636 1328 αὐτῆς
1689 1258 2000 1328 ἐφιεμένοις

420 1345 906 1415 συνεισερχομένη.
947 1344 1036 1399 Ἐν
1074 1347 1284 1411 τούτοις
1323 1347 1565 1418 μόνοιςή
1602 1347 1875 1417 ἀπληστία
1903 1347 1999 1400 καὶ

419 1434 701 1500 πλεονεξία
733 1436 1016 1491 κάλλιστον
1042 1439 1124 1491 ὅτι
1156 1438 1411 1508 μάλιστα,
1443 1441 1537 1492 καὶ
1565 1441 2000 1512 ἀγιοπρεπέστα-

416 1545 532 1595 τον,
573 1530 666 1582 καί¹
700 1529 906 1583 τέλειον
927 1548 940 1560 ο
976 1531 1034 1584 ἐν
1070 1534 1182 1596 τοῖς
1221 1537 1552 1603 σωματικοῖς
1577 1534 1632 1586 δὲ
1673 1535 1767 1587 καὶ
1808 1533 1998 1604 ζηλου-

421 1621 603 1690 μένοις
628 1620 876 1684 πλούτοις
913 1622 1008 1675 καὶ
1031 1620 1210 1686 δόξαις
1239 1625 1334 1677 καὶ
1363 1626 1494 1678 πᾶσι
1531 1627 1646 1688 τοῖς
1681 1623 1866 1695 ῥέουσι
1906 1624 2000 1677 καὶ

417 1711 850 1781 παρερχομένοις
890 1710 983 1763 τοῦ
1014 1711 1110 1765 νῦν
1147 1713 1342 1777 αἰῶνος
1382 1713 1607 1781 ἀγαθοῖς
1635 1713 1902 1784 ήττᾶσθαί
1937 1733 1998 1768 τε

415 1801 512 1852 καὶ
561 1799 624 1852 τὸ
668 1799 886 1853 ἔλαττον
936 1798 1100 1869 ἔχειν,
1151 1799 1300 1865 ἀξιον
1348 1801 1604 1873 εὐμαρῶς
1661 1802 2000 1871 ὑπομένοντα

415 1887 577 1959 χάριν
605 1887 800 1941 εἰδέναι
821 1891 886 1959 τῇ
923 1888 1100 1959 ἀγαθῇ
1127 1889 1221 1942 καὶ
1247 1890 1570 1961 παντουργῷ
1596 1890 1852 1961 Προνοίᾳ.

419 2106 521 2162 ΗΞ)
547 2109 605 2160 Μ
610 2104 642 2175 ἡ
670 2105 866 2158 πάντα
893 2103 1086 2173 νικᾶν,
1106 2103 1354 2180 μηδ’ἀεὶ
1382 2081 1667 2175 σπουδὴν
1703 2105 1829 2174 ἔχε.

488 2219 696 2288 Ὥσπερ
719 2217 864 2270 ἐστιν
892 2216 1156 2287 ἡττᾶσθαι
1185 2216 1367 2280 καλῶς
1389 2217 1482 2270 κα)⁸
1509 2215 1716 2283 κακῶς,
1739 2214 1882 2270 οὕτω
1903 2217 1995 2269 καὶ

413 2310 571 2380 νικᾶν
594 2308 873 2380 ὲνθέσμως
911 2308 1006 2361 καὶ
1030 2306 1286 2377 ἀθέσμως
1310 2323 1324 2338 ο
1351 2309 1580 2377 ἡττᾶται
1611 2306 1712 2376 μὲν
1749 2303 1930 2368 καλῶς
1967 2306 2016 2366 ό,

415 2400 704 2470 φιλοσοφίᾳ
753 2400 951 2472 ἀρίστῃ
1006 2399 1100 2452 καὶ
1143 2396 1607 2469 ταπεινοφροσύνῃ
1663 2395 1995 2467 εὑαγγελικῇ

415 2492 583 2542 πᾶσιν
632 2491 872 2542 ὑπείκων
905 2493 1015 2552 τοῖς
1053 2487 1340 2553 ἀδικοῦσι,
1389 2487 1482 2540 καὶ
1543 2486 1619 2557 μὴ
1651 2486 1996 2558 ἀμυνόμενος

414 2582 543 2643 τοὺς
590 2581 993 2651 ὲπηρεάζοντας
1042 2581 1232 2634 αὐτόν·
1288 2579 1516 2650 ἡττᾶται
1563 2577 1620 2630 δὲ
1669 2575 1853 2640 κακῶς
1902 2575 1997 2629 καὶ

415 2671 616 2736 ἀθλίως
651 2675 678 2725 6
711 2672 814 2726 ὑπὸ
847 2671 1018 2741 θυμοῦ
1066 2672 1099 2742 ἧ
1146 2671 1442 2742 ἐπιθυμίας
1481 2670 1677 2738 ἀλόγου
1703 2668 1998 2740 τυραννοὺε

418 2778 599 2832 μενος,
629 2761 723 2814 καὶ
755 2760 994 2828 ἀγεννῶς
1023 2759 1157 2832 πρὸς
1195 2761 1293 2830 τὴν
1331 2760 1609 2831 ἁμαρτίαν
1641 2759 1995 2828 ἀπαγόμενος

415 2851 508 2905 καὶ
540 2851 1062 2924 ὲκπολιορκούμενος
1082 2869 1095 2881 ο
1129 2850 1390 2914 ὡσαύτως
1427 2852 1556 2922 νικᾷ
1590 2850 1688 2920 μὲν
1717 2850 1998 2921 ὲνθέσμως

415 2944 506 2996 καὶ
535 2943 791 3012 ἀσφαλῶς
835 2945 863 2994 6
896 2940 976 3012 τῷ
1023 2941 1214 3012 ἀγαθῷ
1247 2943 1340 2996 καὶ
1366 2941 1646 3012 εὑαρέστῳ
1675 2941 1769 2994 καὶ
1806 2941 1997 3012 τελείῳ

411 3033 550 3088 Θεοῦ
596 3035 862 3104 θελήματι
907 3035 1036 3105 ἀχρι
1081 3035 1269 3098 τέλους
1320 3033 1739 3104 ἀμετακινήτως
1778 3031 1994 3103 ἱδρυμέ-

417 3141 528 3186 νος,
558 3126 685 3193 νικᾷ
711 3125 768 3176 δὲ
801 3124 1056 3193 ἁθέσμως
1083 3123 1174 3176 καὶ
1201 3123 1483 3194 σφαλερῶς
1509 3126 1537 3177 6
1554 3124 1632 3195 τῷ
1657 3124 1758 3195 τῆς
1786 3123 2000 3186 ἀδικίας

419 3211 514 3264 καὶ
545 3211 855 3281 τυραννίδος
880 3211 1072 3280 κράτει
1094 3213 1533 3281 κατευμεγεθῶν,
1565 3213 1660 3265 καὶ
1683 3213 1792 3266 τῶν
1807 3211 1996 3279 ἀθώῳν

420 3302 846 3374 καθυπερτερῶν
877 3302 970 3355 καὶ
997 3301 1376 3365 κατακτιννύς.
1405 3303 1476 3356 Σὺ
1506 3299 1618 3368 οὖν,
1649 3297 1695 3357 ὧ
1719 3304 1996 3373 ἀγωνιστά

413 3391 510 3447 τοῦ
541 3392 828 3446 ἀθλοθέτου
861 3390 1119 3464 Χριστοῦ,
1155 3393 1183 3445 6
1215 3391 1478 3464 ἀλείπτης
1518 3393 1616 3464 τῆς
1648 3394 1849 3464 ἀρετῆς
1889 3411 1996 3448 πα-

418 3484 665 3557 ρακαλεῖ,
703 3487 778 3556 μὴ
814 3487 894 3548 είς
928 3485 1110 3538 πάντα
1160 3485 1230 3538 τὰ
1270 3485 1602 3558 νομιζόμενα
1635 3484 1774 3542 εἶναι
1818 3487 2002 3556 ἀγαθά

415 3578 572 3647 νικᾶν
604 3573 950 3642 διαγωνίζου,
978 3576 1092 3629 ἀλλ’
1112 3579 1192 3642 είς
1229 3577 1366 3648 μόνα
1391 3577 1460 3631 τὰ
1487 3578 1656 3642 ὅντως
1685 3578 1814 3631 ὄντα
1837 3578 1999 3645 καλὰ,

418 3667 487 3722 τά
519 3666 642 3720 θεῖα
673 3666 873 3738 δηλαδὴ
907 3667 1002 3720 καὶ
1045 3666 1415 3737 πνευματικὰ,
1454 3669 1550 3721 καὶ⁸
1597 3669 1678 3731 είς
1714 3667 1886 3722 ταῦτα
1925 3669 2000 3740 μὴ

419 3757 508 3811 ἀεὶ
555 3758 652 3812 καὶ
696 3757 970 3830 ἀκαίρως,
1017 3759 1132 3813 ἀλλ’
1185 3760 1314 3812 ὅταν
1365 3761 1393 3812 6
1441 3759 1630 3823 δεκτὸς
1765 3760 1992 3831 καιρός·

421 3849 676 3918 κρεῖσσον
709 3849 817 3921 γὰρ
867 3850 1186 3918 κρατεῖσθαι
1223 3851 1320 3904 καὶ
1363 3850 1659 3916 νικᾶσθαι,
1691 3850 1772 3922 τῷ
1825 3852 2000 3922 Ἰησοῦ

420 3939 515 3993 καὶ
542 3939 650 3993 τῶν
679 3941 843 3995 αὑτοῦ
866 3940 1119 4012 μαθητῶν
1136 3942 1494 4013 ὑποδείγματι
1517 3944 2000 4015 ταπεινουμένους,

416 4026 452 4100 ἢ
488 4029 645 4098 νικᾶν
675 4029 770 4083 καὶ
799 4032 1023 4100 κρατεῖν
1049 4032 1447 4102 ἐπαιρομένους
1474 4033 1570 4086 καὶ
1603 4032 1747 4086 κατά
1771 4035 1871 4104 τὴν
1895 4035 2002 4088 τῶν

415 4118 630 4191 ἀσεϐῶν
675 4119 996 4190 ἐξομοίωσιν
1034 4121 1454 4192 κατακυριεύειν
1485 4123 1596 4176 τῶν
1641 4123 1880 4178 εὐσεϐῶν
1909 4125 2003 4178 καὶ

416 4208 709 4265 ταπεινῶν.
746 4207 923 4274 Ἔστι,
959 4209 1114 4280 φησὶ,
1161 4210 1256 4263 καὶ
1287 4212 1414 4274 τοὺς
1446 4211 1505 4264 ὲν
1546 4211 1626 4282 τῷ
1671 4212 1862 4284 κόσμῳ
1896 4232 2001 4267 πα-

417 4297 668 4360 λαίοντας
710 4299 841 4370 όρᾷν
887 4299 948 4351 οὐ
997 4299 1214 4364 πάντως
1266 4301 1677 4372 κρατουμένους
1719 4303 1799 4373 τῷ
1850 4303 2002 4358 κάτω

417 4393 624 4444 πεσεῖν·
658 4390 1157 4461 ὑποκαωκλιθῆναι
1186 4391 1296 4462 γὰρ
1318 4391 1467 4445 ἐστιν
1494 4393 1583 4447 ὅτε
1611 4393 1862 4459 δόξαντες
1883 4398 2000 4460 τοῖς

416 4480 731 4543 ἀντιπάλοις
763 4480 860 4533 καὶ
892 4479 1107 4551 χαμᾶζε
1139 4483 1346 4546 πεσεῖν,
1387 4480 1484 4535 εἶτ’
1524 4483 1855 4549 ἐξαπιναίως
1900 4485 2002 4552 λάξ

416 4573 536 4625 κατ’
577 4571 756 4626 αὐτῶν
799 4571 1119 4642 ὲναλάμενοι
1169 4573 1265 4626 καὶ
1295 4572 1673 4645 ἀναθορόντες,
1710 4577 1998 4648 ὑπέρθετοι

416 4662 621 4715 τούτων
669 4660 1154 4717 καταδείκνυνταιο
1186 4663 1359 4730 οὑτως
1391 4667 1441 4718 οί
1489 4665 1578 4719 διὰ
1623 4666 1714 4719 τὸν
1762 4667 1998 4736 Χριστὸν

421 4751 514 4802 καὶ
543 4751 640 4822 τὴν
673 4753 896 4823 ἐντολὴν
929 4755 1042 4817 τοῖς
1067 4756 1354 4823 τυραννεῖν
1388 4754 1635 4810 εἰωθόσιν
1668 4755 2002 4810 ὑποπίπτον-

417 4857 532 4906 τες,
561 4843 619 4894 ὲν
645 4845 710 4914 τῇ
737 4844 1065 4898 ταπεινώσει
1099 4845 1280 4899 αὐτῶν
1313 4845 1702 4917 ὑπερνικῶσιν.

420 4954 522 5008 153
549 4953 655 5008 Καὶ
674 4953 878 5024 ζημιοῦ
905 4970 988 5008 τι·
1018 4955 1194 5009 τοῦτο
1220 4955 1434 5024 κέρδος
1455 4955 1775 5023 πολλάκις.

491 5108 699 5178 ’Ὠσπερ
726 5108 828 5161 οὐκ
855 5109 934 5171 είς
967 5107 1143 5161 πάντα
1172 5107 1281 5160 οὐδ’
1308 5106 1397 5160 ἀεὶ
1417 5106 1478 5160 τὸ
1505 5108 1662 5178 νικᾶν
1693 5105 1996 5172 ἐπαινετὸν,

421 5199 534 5252 ἀλλ’
578 5199 700 5253 οὐδὲ
742 5199 804 5252 τὸ
845 5199 1100 5253 νικᾶσθαι
1129 5201 1148 5271 (
1173 5200 1330 5270 νικᾶν
1369 5197 1479 5269 γὰρ
1526 5199 1584 5251 ὲν
1616 5197 1694 5267 τῷ
1721 5195 1907 5266 ἀγαθῷ
1938 5195 2000 5249 τὸ

422 5290 612 5357 κακὸν,
636 5290 750 5343 ἀλλ’
780 5291 840 5343 οὐ
869 5290 1122 5345 νικᾶσθαι
1152 5291 1258 5344 ὑπὸ
1291 5289 1385 5359 τοῦ
1417 5289 1588 5342 κακοῦ
1625 5287 1997 5359 παραγγελλό-

424 5382 564 5450 μευα
585 5379 603 5450 )
623 5398 636 5410 ·
661 5379 833 5443 οὑτως
854 5381 975 5434 οὑδὲ
995 5381 1057 5434 τὸ
1086 5383 1389 5455 κερδαίνειν
1411 5381 1500 5434 ἀεὶ
1526 5382 1750 5450 ἀγαθὸν,
1774 5381 1807 5453 ἢ
1831 5379 1998 5434 κακὸν

421 5477 483 5523 τὸ
524 5471 884 5540 ζημιοῦσθαι·
928 5473 1198 5527 ἀνάπαλιν
1233 5474 1290 5526 δὲ
1341 5472 1638 5543 συμϐαῖνον
1686 5473 1994 5543 θεωρεῖται.

424 5559 633 5632 Ὥσπερ
667 5561 776 5634 γὰρ
807 5565 840 5634 ἠ
873 5563 1017 5633 κακὴ
1047 5564 1171 5634 νίκη
1196 5605 1211 5630 ,
1242 5556 1379 5634 ἧττα
1428 5565 1709 5637 προφανὴς
1729 5605 1743 5629 ,
1770 5560 1910 5637 ἦττα
1941 5564 2000 5617 δὲ

424 5647 582 5718 καλὴ,
606 5649 730 5720 νίκη
761 5651 996 5722 ὑπάρχει
1027 5651 1232 5722 ἀληθής
1253 5669 1266 5682 ⁸
1302 5652 1475 5717 οὕτως
1503 5654 1692 5726 κέρδος
1719 5654 1816 5725 μὲν
1851 5652 1998 5706 ἔστιν

420 5731 511 5792 ὅτε
538 5743 849 5809 σωματικὸν
883 5744 1056 5813 ζημία
1082 5744 1313 5814 μεγίστη
1336 5745 1412 5814 τῷ
1443 5746 1800 5817 κερδαίνοντι,
1826 5744 2000 5815 ζημία

422 5829 478 5884 δὲ
518 5827 670 5898 αὖθις
705 5834 783 5898 εἰς
811 5831 999 5904 κέρδος
1026 5834 1206 5907 ἀπέϐη
1237 5835 1312 5906 τῷ
1344 5836 1712 5909 ζημιουμένῳ.
1749 5836 1858 5891 Καὶ
1886 5835 1992 5908 γὰρ

1426 415 1496 470 IN
1529 415 1844 474 ’CARMINA
1881 418 2160 479 ARCANA
2201 422 2261 480 S.
2297 425 2649 484 GREGOR“.

3572 441 3679 496 82!

2103 535 2238 591 bitio
2269 537 2434 602 bona,
2475 553 2690 608 semper
2719 537 3067 595 desiderandi
3096 549 3149 596 et
3175 548 3453 614 quaerendi
3481 549 3674 610 l‘aciem

2105 623 2200 678 Dei
2235 623 2407 681 Jacob
2437 628 2492 681 in
2519 626 2738 683 Christo
2776 627 2906 683 Jesu
2958 630 3051 700 qui
3108 635 3537 704 suscipientibus
3589 643 3675 712 ip-

2103 728 2224 769 sum
2259 717 2432 787 magis
2468 718 2648 772 adhuc
2677 734 2736 775 se
2760 721 2947 783 tradit.
2996 730 3210 777 tantum
3265 727 3411 781 enim
3457 731 3681 789 absistit

2100 819 2170 859 ne
2222 805 2290 859 ad
2324 807 2427 860 alia
2477 823 2536 864 se
2581 821 2796 864 vertant
2830 811 2922 880 qui
2975 812 3153 882 ipsum
3195 819 3678 891 appropinquant,

2102 901 2161 949 ut
2201 896 2378 966 magis
2412 898 2564 953 sitiat
2586 905 2648 954 ut
2683 899 2758 955 sit
2784 901 2908 956 sitis
2937 902 3005 957 de
3047 902 3188 973 ipso,
3225 906 3330 961 hoc
3375 920 3479 974 est,
3530 913 3677 971 desi-

2098 989 2280 1043 derari
2321 989 2618 1056 desiderat,
2656 1003 2802 1047 amat
2833 995 3006 1049 amari
3039 1003 3093 1050 et
3125 996 3306 1061 ipsum
3365 1003 3679 1059 amantibus

2099 1080 2304 1150 absque
2331 1081 2536 1137 invidia
2564 1099 2781 1156 semper
2815 1102 2875 1142 se
2905 1087 3154 1158 largitur.
3205 1088 3388 1160 Usque
3425 1107 3493 1147 eo
3534 1095 3678 1149 enim

2099 1175 2541 1242 superexcellens
2594 1178 2929 1248 principium
2993 1181 3175 1237 omnis
3255 1183 3519 1241 bonitatis
3584 1203 3682 1258 per

2098 1260 2242 1316 dona
2272 1279 2338 1317 ex
2365 1266 2516 1318 omni
2553 1276 2707 1336 parte
2741 1269 2881 1322 bona
2921 1277 2974 1324 et
2997 1271 3308 1341 spiritualia
3339 1275 3424 1330 his
3459 1277 3552 1346 qui
3602 1278 3683 1332 in-

2098 1352 2428 1409 satiabiliter
2467 1356 2673 1413 fontem
2730 1359 2997 1417 bonitatis
3030 1362 3367 1430 desiderant,
3405 1381 3466 1422 se
3497 1368 3680 1423 immi-

2098 1449 2234 1496 scet.
2261 1441 2320 1497 In
2349 1444 2436 1500 his
2465 1446 2598 1502 solis
2627 1447 2789 1504 donis
2818 1449 3149 1507 insatiabilis
3171 1453 3406 1510 aviditas
3433 1462 3487 1512 et
3511 1457 3681 1513 ambi-

2097 1529 2176 1584 tio
2214 1547 2377 1600 quam
2413 1536 2652 1590 maxime
2681 1537 2822 1591 bona
2874 1548 2961 1594 est
3000 1548 3055 1594 et
3101 1543 3308 1597 sanctis
3347 1545 3680 1600 conveniens

2097 1627 2150 1673 et
2178 1618 2450 1689 perfecta;
2485 1618 2966 1693 in'corporalibus
2991 1643 3121 1683 vero
3141 1636 3196 1684 et
3231 1631 3388 1687 avide
3424 1634 3676 1703 quaesitis

2099 1709 2304 1765 divitiis
2330 1718 2384 1766 et
2414 1711 2586 1781 gloria
2617 1721 2672 1769 et
2701 1717 2956 1772 omnibus
2984 1716 3280 1776 ﬂuentibus
3308 1731 3362 1776 et
3396 1731 3680 1780 transeun-

2097 1796 2248 1854 tibus
2307 1799 2408 1852 αινί
2434 1801 2579 1870 quod
2616 1817 2762 1858 nunc
2792 1812 2876 1860 est
2901 1806 3087 1870 bonis,
3125 1809 3360 1882 minoris
3403 1814 3578 1882 partis
3623 1823 3679 1868 et

2101 1885 2304 1955 gradus
2323 1903 2465 1954 esse,
2496 1890 2720 1962 dignum
2761 1901 2848 1950 est
2896 1895 3130 1952 tolerare
3168 1879 3224 1953 et
3269 1879 3474 1970 gratias
3518 1915 3680 1972 agere

2103 1978 2260 2033 bona:
2287 1988 2341 2034 et
2365 1981 2612 2037 omnium
2660 1987 2957 2054 operatrici
2986 1987 3372 2046 Providentiae.

2100 2113 2202 2170 149
2242 2112 2354 2169 Nec
2386 2118 2582 2186 omnia,
2595 2135 2686 2173 nec
2723 2136 2926 2191 semper
2950 2123 3150 2180 vincere
3173 2125 3409 2180 studeas.

2176 2217 2647 2285 Quemadmodum
2695 2234 2780 2282 est
2815 2226 2963 2282 vinci
2995 2227 3112 2284 sive
3148 2228 3307 2294 bene,
3347 2231 3463 2286 sive
3497 2238 3675 2300 male,

2111 2309 2189 2366 sic
2221 2319 2303 2366 est
2347 2313 2576 2371 victoria
2626 2318 2868 2389 legitime
2899 2327 2994 2374 aut
3031 2319 3222 2376 illicite
3258 2340 3273 2376 :
3321 2322 3461 2380 bene
3498 2327 3680 2383 victus

2096 2397 2242 2452 cedit
2259 2399 2352 2468 qui
2368 2399 2716 2470 philosophia
2730 2403 2936 2470 optima
2962 2410 3016 2456 et
3029 2400 3337 2458 humilitate
3363 2405 3679 2471 evangelica

2097 2489 2442 2560 obtemperat
2486 2491 2744 2548 omnibus
2781 2491 2987 2562 injuste
3027 2492 3318 2563 agentibus
3361 2501 3417 2546 et
3451 2492 3520 2546 de
3569 2491 3678 2546 sibi

2097 2580 2423 2635 nocentibus
2455 2581 2717 2636 ultionem
2740 2598 2849 2638 non
2881 2583 3084 2654 exigit;
3120 2584 3259 2636 male
3283 2589 3540 2638 autemet
3571 2581 3678 2636 mi-

2097 2669 2407 2724 serabiliter
2437 2669 2677 2724 vincitur
2707 2687 2870 2740 quem
2901 2671 2980 2725 ira
2998 2679 3053 2727 et
3086 2671 3360 2726 desideria
3394 2686 3424 2724 a
3465 2670 3683 2724 ratione

2098 2775 2289 2815 aversa
2311 2760 2663 2816 dominantur
2687 2772 2740 2818 et
2774 2765 2966 2834 ignave
2994 2764 3059 2817 ad
3093 2770 3376 2834 peccatum
3413 2761 3685 2815 inducunt

2098 2861 2153 2908 et
2195 2865 2528 2926 expugnant.
2581 2856 2707 2910 Pari
2762 2857 2924 2911 modo
2965 2856 3207 2928 legitime
3249 2863 3306 2911 et
3346 2863 3464 2910 tuto
3514 2855 3687 2908 vincit

2100 2946 2192 3014 qui
2229 2947 2285 3000 in
2317 2947 2459 3002 bona
2483 2955 2539 3002 et
2583 2947 2820 3017 placenti
2874 2955 2928 3002 et
2979 2947 3221 3020 perfecta
3267 2945 3364 3002 Dei
3401 2947 3686 3002 voluntate

2100 3053 2277 3106 usque
2306 3038 2373 3092 ad
2407 3038 2796 3108 perfectionem
2827 3040 3038 3109 absque
3068 3039 3450 3094 immutatione
3474 3039 3682 3094 contir-

2103 3137 2311 3196 matur;
2351 3129 2522 3184 vincit
2564 3145 2694 3185 vero
2747 3130 2938 3184 illicite
2962 3138 3016 3185 et
3055 3129 3368 3199 periculose
3413 3130 3507 3200 qui
3539 3129 3685 3199 inju-

2104 3220 2267 3274 stitiae
2289 3227 2344 3275 et
2371 3221 2677 3292 tyrannidis
2709 3220 3088 3275 dominatione
3130 3220 3386 3288 praevalet
3434 3229 3489 3276 et
3525 3221 3686 3275 inno-

2103 3317 2289 3363 centes
2347 3308 2608 3378 opprimit
2665 3316 2721 3362 et
2779 3316 3006 3362 mactat.
3067 3307 3150 3362 Tu
3200 3323 3411 3378 ergo,o
3481 3308 3685 3365 athleta

2100 3398 2306 3454 Christi
2333 3399 2538 3469 judicis
2575 3399 2632 3454 in
2655 3399 2979 3463 certamine,
3025 3399 3217 3455 incitat
3267 3398 3686 3456 virtutis‘insti-

2101 3497 2272 3554 tutor,
2305 3506 2374 3545 ne
2405 3491 2460 3544 in
2511 3491 2769 3547 omnibus
2815 3507 2939 3561 quae
2968 3497 3230 3561 putantur
3275 3489 3422 3545 bona
3468 3490 3688 3545 vincere

2099 3589 2303 3648 certes,
2341 3581 2436 3638 sed
2473 3582 2527 3636 in
2577 3582 2666 3639 his
2723 3583 2857 3638 solis
2917 3597 3039 3652 qua:
3103 3582 3247 3636 bona
3295 3597 3486 3637 revera
3535 3589 3684 3647 sunt,

2104 3673 2316 3728 scilicet
2346 3673 2531 3729 divina
2563 3681 2618 3729 et
2640 3673 2975 3744 spiritualia;
3007 3682 3061 3729 et
3085 3673 3140 3726 in
3165 3672 3250 3728 bis
3275 3680 3358 3728 ne
3393 3687 3611 3740 semper
3631 3679 3686 3726 et

2105 3763 2489 3833 intempestive
2540 3765 2881 3829 contendas,
2925 3763 3023 3820 sed
3067 3763 3289 3834 quando
3346 3769 3566 3832 tempus
3599 3771 3686 3818 est

2104 3855 2459 3924 acceptabile.
2507 3855 2700 3911 Melius
2739 3862 2823 3911 est
2862 3854 3008 3910 enim
3063 3870 3094 3908 a
3133 3853 3264 3909 Jesu
3309 3860 3365 3908 et
3417 3855 3686 3923 exemplis

2104 3945 2527 4015 discipulorum
2569 3946 2690 4015 ejus
2755 3945 3076 3999 humiliatos
3147 3942 3292 3998 vinei
3330 3950 3385 3997 et
3407 3942 3678 4011 superari,

2105 4052 2268 4106 quam
2297 4051 2420 4093 sese
2446 4037 2771 4093 extollentes
2800 4036 3014 4090 vincere
3027 4043 3080 4090 et
3100 4048 3370 4107 superare
3400 4042 3453 4088 et
3478 4033 3548 4088 ad
3576 4033 3684 4088 im-

2106 4129 2320 4198 piorum
2356 4142 2607 4182 normam
2639 4127 2694 4181 in
2729 4127 2849 4197 pios
2881 4134 2936 4182 et
2968 4125 3207 4181 humiles
3234 4123 3528 4180 dominari.
3562 4123 3682 4189 Est,

2105 4217 2305 4286 inquit,
2338 4224 2392 4271 et
2425 4215 2480 4270 in
2513 4215 2718 4270 mundo
2756 4221 3034 4270 certantes
3084 4212 3274 4267 videre
3297 4226 3409 4265 non
3454 4209 3686 4264 omnino

2103 4309 2281 4363 victos
2329 4322 2395 4362 eo
2439 4306 2586 4377 quod
2635 4305 2867 4361 inferius
2915 4304 3268 4370 ceciderunt;
3312 4301 3492 4356 evenit
3534 4299 3682 4355 enim

2105 4396 2321 4468 quando
2354 4397 2716 4453 succubuisse
2740 4395 2994 4452 hostibus
3023 4394 3128 4449 visi
3169 4399 3300 4449 sunt
3332 4398 3387 4446 et
3414 4391 3566 4447 humi
3596 4391 3683 4459 ja-

2105 4491 2310 4556 cuisse,
2344 4489 2439 4560 qui
2468 4490 2654 4545 subito
2697 4488 2832 4560 pede
2874 4486 3185 4542 insilientes
3226 4485 3282 4539 in
3334 4481 3683 4541 adversarios

2107 4591 2163 4638 et
2193 4590 2480 4654 surgentes
2511 4582 2826 4652 superiores
2852 4587 3154 4650 apparent;
3177 4577 3258 4634 sic
3307 4576 3400 4646 qui
3457 4583 3681 4646 propter

2107 4671 2387 4728 Christum
2417 4683 2472 4729 et
2503 4673 2762 4728 mandata
2795 4672 2897 4728 sub
2930 4670 2998 4726 iis
3026 4670 3122 4740 qui
3157 4665 3504 4738 tyrannidem
3527 4681 3685 4721 exer-

2103 4780 2230 4820 cere
2258 4767 2439 4822 solent
2466 4765 2928 4829 succumbunt,in
2950 4761 3258 4819 humilitate
3287 4776 3390 4816 sua
3407 4760 3681 4814 vicerunt.

2104 4941 2208 4996 155
2262 4939 2646 4995 Detrimentum
2711 4937 2927 5008 aliquod
2975 4938 3218 5007 patiare;
3256 4935 3319 5008 id
3370 4935 3508 4990 enim
3546 4951 3685 5005 swpe

3255 5005 3485 5077 [lucrum
3509 5015 3609 5060 est.

2176 5099 2332 5155 Sicut
2367 5113 2468 5154 nec
2497 5101 2554 5154 in
2584 5098 2842 5155 omnibus
2886 5115 2990 5155 nec
3036 5114 3254 5170 semper
3298 5098 3516 5154 vincere
3562 5099 3684 5152 lau-

2101 5185 2302 5258 dahile,
2336 5191 2430 5248 sed
2486 5206 2588 5247 nec
2635 5191 2798 5257 vinci,
2851 5205 3089 5262 namque
3139 5190 3208 5244 ad
3252 5189 3582 5245 vincendum
3625 5189 3684 5243 in

2099 5286 2244 5340 bono
2272 5285 2496 5350 malum,
2532 5298 2640 5337 non
2673 5297 2802 5336 vero
2834 5281 2979 5335 vinci
3015 5297 3045 5336 a
3084 5281 3228 5335 malo
3255 5281 3575 5335 imitamur:
3603 5279 3684 5334 sic

2103 5391 2207 5431 nec
2271 5374 2473 5429 lucrari
2529 5387 2742 5443 semper
2801 5371 3036 5441 bonum,
3091 5377 3186 5424 aut
3261 5371 3465 5424 malum
3511 5367 3682 5422 detri«

2104 5474 2349 5522 mentum
2399 5464 2548 5536 pati;
2592 5472 2647 5519 et
2703 5477 2920 5518 rursum
2964 5461 3111 5533 quod
3165 5462 3350 5516 evenit
3409 5461 3678 5535 videmus.

2103 5556 2571 5624 Quemadmodum
2605 5554 2749 5608 enim
2798 5549 3200 5609 malaivictoria
3245 5549 3429 5602 clades
3455 5554 3542 5601 est
3567 5545 3682 5600 evi-

2102 5649 2261 5711 dens,
2293 5647 2474 5703 clades
2499 5661 2630 5700 vero
2677 5644 2818 5698 bona
2867 5657 2995 5696 vera
3045 5639 3274 5693 victoria
3326 5646 3431 5702 est,
3480 5635 3563 5688 sic
3595 5640 3683 5690 est

2101 5741 2316 5795 lucrum
2349 5737 2492 5809 quod
2525 5737 2592 5791 de
2643 5734 3022 5804 corporalibus
3065 5741 3324 5794 magnum
3379 5727 3680 5811 detrimen-

2102 5843 2217 5887 tum
2249 5831 2403 5888 aliert
2433 5827 2665 5885 lucranti
2685 5866 2701 5895 ,
2737 5844 2768 5886 e
2802 5834 2994 5884 contra
3024 5818 3419 5878 detrimentum
3452 5816 3595 5892 quod
3626 5817 3679 5871 in
