4082 6350
381 381 486 436 823

378 498 593 552 lucrum
648 512 750 569 pro
798 497 1027 568 patienti
1077 514 1297 556 versum
1357 508 1460 557 est.
1519 501 1763 574 Namque
1812 505 1957 560 sicut

379 590 692 658 plantarum
723 589 1140 658 germinationis
1177 592 1452 661 superﬂua
1497 601 1771 662 secantes,
1807 593 1957 650 fruco

379 670 532 734 tuum
583 678 800 734 lucrum
855 681 1034 750 majus
1079 683 1412 749 obtinemus,
1461 686 1542 741 sic
1589 687 1956 758 corporalium

385 783 532 839 saepe
557 769 942 826 detrimentum
990 769 1174 828 facere
1223 774 1508 846 eligentes,
1556 777 1612 832 in
1657 779 1961 849 spirituali-

380 860 485 914 bus
516 860 897 927 abundamus;
941 869 996 917 et
1039 879 1234 920 rursus
1277 865 1332 920 in
1379 867 1544 922 rebus
1581 871 1959 926 materialibus

381 951 658 1006 lucrantes
707 965 816 1005 non
859 951 998 1007 bene
1048 962 1103 1008 et
1150 954 1516 1021 abundantes,
1566 973 1656 1014 res
1707 959 1957 1016 immate-

381 1042 544 1098 riales
589 1049 642 1096 et
688 1053 973 1100 manentes
1023 1045 1324 1116 perdimus.
1355 1045 1460 1102 Per
1491 1063 1613 1119 qua:
1657 1051 1802 1106 enim
1847 1067 1959 1107 non

377 1135 527 1201 juste
567 1136 650 1189 vel
701 1136 864 1190 etiam
916 1136 1067 1206 juste
1118 1139 1498 1208 praevalemus,
1549 1144 1640 1214 qui
1675 1160 1784 1199 non
1821 1145 1981 1214 bene,

381 1225 478 1280 sed
509 1226 710 1296 injuste
755 1243 973 1298 semper
1000 1229 1266 1287 addentes
1297 1233 1619 1303 augebimus
1662 1234 1884 1292 divitias
1908 1246 1962 1291 et

382 1315 437 1366 iu
467 1315 624 1370 vanis
677 1317 1211 1386 superabundamus,
1244 1322 1528 1378 materiam
1573 1323 1714 1395 ignis
1751 1323 1846 1378 ira:
1877 1325 1963 1379 di-

380 1407 519 1462 vina:
541 1409 982 1466 thesaurizamus
1017 1420 1072 1467 et
1097 1412 1352 1468 morbum
1387 1417 1604 1486 corpori
1635 1431 1732 1486 per
1763 1417 1962 1472 intem-

381 1499 685 1566 perantiam
723 1501 779 1554 in
811 1500 896 1557 his
927 1501 1289 1568 acquirimus.

380 1589 484 1661 157
525 1588 586 1661 δέ
616 1591 821 1646 nullam
851 1591 960 1646 Deo
989 1609 1196 1661 paruam
1229 1592 1406 1658 debes,

379 1658 485 1729 158
525 1657 638 1729 Nec
674 1662 784 1728 ipse
811 1663 865 1729 in
895 1657 1156 1716 debitores
1185 1663 1484 1720 misericors
1511 1666 1620 1729 sis;

381 1722 486 1784 £59
534 1722 728 1805 Verum
758 1731 806 1783 si
833 1725 1017 1805 _debili
1066 1730 1162 1784 tibi
1209 1733 1454 1788 conscius
1511 1722 1612 1800 es;
1641 1735 1790 1805 prior
1852 1737 1962 1805 ipse

603 1798 880 1852 clementia
907 1810 1070 1855 utere.

384 1865 489 1922 460
523 1865 860 1990 Μίεεναιῗρμέἱ
905 1871 1045 1924 enim
1092 1871 1366 1926 miseratio
1405 1874 1568 1928 etiam
1613 1875 1756 1946 apud
1788 1873 1959 1929 Deum

596 1953 750 1990 renen
795 1956 810 1990 ι
840 1954 923 1990 ur.
1109 1981 1116 1987 .

596 1953 923 2006 rependitur.

454 2026 531 2082 De
560 2029 825 2098 patientia
854 2042 909 2086 et
939 2031 1364 2089 mansuetudine
1391 2037 1704 2106 evangelice
1740 2037 1796 2093 in
1841 2037 1964 2095 istis

383 2132 412 2170 a
448 2117 557 2173 Deo
592 2119 897 2188 procedens
944 2127 999 2176 et
1053 2122 1284 2193 loquens
1337 2126 1514 2194 gratia
1569 2127 1844 2185 admonet.
1905 2127 1964 2184 Si

383 2212 624 2273 noveris,
658 2212 858 2281 inquit,
883 2213 1028 2282 quod
1060 2228 1234 2284 purus
1273 2222 1328 2270 et
1356 2217 1581 2273 omnino
1621 2218 1965 2290 irrepreheu-

381 2301 562 2358 sibilis
585 2303 724 2358 nihil
758 2302 870 2359 Deo
899 2305 1100 2360 debeas
1144 2319 1339 2375 pinnae,
1383 2307 1784 2364 rationabiliter
1825 2309 1967 2366 forte

380 2401 436 2449 et
483 2401 540 2448 tu
597 2395 808 2465 absque
857 2395 1237 2451 misericordia
1287 2413 1412 2453 cum
1473 2398 1814 2457 debitoribus
1852 2402 1964 2458 tuis

381 2491 591 2551 tracta;
630 2485 678 2540 si
722 2499 854 2540 vero
901 2484 1208 2541 debitorem
1245 2494 1300 2542 te
1330 2487 1618 2557 agnoveris
1661 2489 1966 2546 innumeris

378 2575 828 2646 cogitationibus,
865 2577 1044 2633 verbis
1093 2584 1148 2632 et
1191 2577 1476 2648 operibus,
1520 2577 1770 2648 profecto
1799 2579 1966 2636 debes

381 2677 437 2721 et
463 2667 758 2735 patientem
807 2665 919 2722 Deo
960 2665 1210 2723 fenerare
1252 2682 1384 2736 erga
1425 2682 1774 2736 conservum,
1812 2685 1970 2724 man-

381 2754 676 2811 suetudine
717 2755 1020 2810 Doniinicae
1075 2757 1173 2811 ira:
1220 2757 1564 2812 intolerabile
1621 2759 1862 2829 placare,
1914 2767 1970 2816 et

384 2846 741 2902 miseratione
762 2861 893 2917 erga
917 2849 1231 2916 proximum
1258 2848 1789 2905 animadversionem
1814 2866 1967 2907 aver-

383 2948 526 3004 tens,
575 2937 1013 2994 benevolentiam
1066 2954 1195 3010 erga
1244 2947 1298 2996 te
1350 2940 1626 2996 hominem
1678 2942 1761 2998 sic
1804 2943 1970 3000 bene-

382 3030 624 3086 volentia
681 3039 772 3085 tua
827 3045 953 3101 erga
1021 3031 1160 3088 alios
1216 3032 1463 3089 obtinere
1516 3053 1529 3088 :
1591 3035 1969 3090 misericordia

382 3121 531 3177 enim
559 3131 614 3177 et
646 3122 985 3193 benignitate
1033 3122 1196 3180 nobis
1240 3125 1378 3195 ipsis
1428 3125 1861 3182 misericordiam
1911 3135 1968 3184 et

384 3213 780 3284 benignitatem
833 3213 1078 3268 divinam
1138 3215 1485 3283 attrahimus,
1543 3217 1732 3274 eadem
1796 3219 1970 3275 abun-

385 3305 573 3360 dantia
604 3318 712 3375 qua
741 3305 994 3361 dedimus
1016 3305 1271 3361 collatam
1304 3307 1493 3374 nobis;
1520 3317 1576 3363 et
1601 3309 1791 3366 eadem
1814 3325 1967 3366 men-

387 3408 518 3447 sura
553 3408 659 3462 qua
686 3394 862 3450 mensi
899 3393 1104 3452 fuimus
1135 3397 1296 3453 nobis
1333 3399 1638 3454 remetitur.

389 3484 488 3560 iii!
618 3486 1065 3560 quandodinjuria
1098 3489 1413 3560 _accenderit
1458 3503 1681 3545 mentem
1722 3500 1892 3560 tuam,

389 3555 495 3610 162
533 3555 795 3610 Memento
825 3555 1027 3610 Christi
1058 3557 1275 3628 ejusque
1306 3560 1600 3614 vulnerum.

460 3645 692 3714 Quando
723 3646 793 3703 ab
817 3661 927 3702 uno
961 3663 992 3703 e
1021 3649 1221 3704 vicinis
1250 3650 1451 3719 injuria
1483 3659 1719 3708 aestuare
1753 3651 1888 3707 facit
1918 3661 1974 3708 et

389 3739 634 3794 animum
661 3738 896 3794 multum
933 3753 1161 3795 movens
1191 3747 1358 3810 atque
1379 3739 1731 3796 vehementer
1762 3749 1972 3798 tumere

390 3831 622 3898 iaciens,
665 3845 922 3902 magnum
947 3839 1008 3886 ut
1037 3845 1168 3887 vero
1190 3831 1370 3887 simile
1400 3843 1486 3888 est
1507 3833 1728 3888 malitia:
1753 3832 1971 3889 inﬂam-

391 3930 503 3976 mat
558 3923 871 3978 incendium
930 3932 987 3979 et
1044 3931 1194 3978 tuam
1256 3931 1494 3978 mentem
1544 3921 1610 3978 ad
1673 3924 1972 3981 vindictam

391 4013 596 4078 adurit,
643 4013 934 4069 confestim
981 4021 1260 4070 memento
1309 4013 1516 4071 Christi
1546 4033 1562 4072 :
1596 4016 1974 4072 recordatione

393 4111 643 4174 prompta
665 4112 721 4160 et
747 4105 868 4159 viva
895 4104 1038 4175 tinge
1069 4105 1168 4160 tibi
1190 4105 1311 4175 ejus
1340 4105 1576 4174 injurias
1598 4111 1655 4161 et
1685 4105 1974 4164 illusiones

391 4204 446 4250 et
477 4194 689 4267 ﬂagella
718 4204 774 4251 et
803 4196 1030 4251 vulnera
1057 4211 1179 4266 qua:
1207 4197 1264 4250 in
1316 4211 1481 4252 cruce
1520 4205 1744 4268 propter
1774 4205 1826 4252 te
1848 4212 1975 4268 pas-

394 4300 492 4341 sus
515 4293 621 4348 est,
665 4293 722 4340 et
780 4285 1060 4356 aequipara
1103 4286 1157 4339 in
1205 4285 1404 4356 spiritu
1451 4299 1563 4354 qua
1604 4299 1860 4341 mensura
1898 4285 1976 4340 tui

392 4375 612 4431 dolores
664 4384 816 4430 retro
860 4374 1080 4430 dolores
1129 4373 1343 4428 Domini
1390 4375 1739 4444 relinquunt;
1795 4377 1976 4445 cogita

395 4479 507 4518 non
559 4464 738 4520 solum
782 4463 1038 4519 dolorum
1073 4462 1462 4531 dill‘erentiam,
1510 4465 1785 4535 quomodo
1825 4481 1975 4522 com-

401 4559 576 4628 parati
606 4558 686 4612 tui
717 4555 1000 4612 minimam
1044 4564 1252 4626 partem
1293 4556 1547 4610 dolorum
1591 4556 1766 4626 ipsius
1792 4566 1980 4613 osten-

398 4649 576 4712 dunt,
640 4648 738 4705 sed
785 4655 840 4702 et
874 4661 1168 4719 personam
1210 4645 1507 4702 recordare
1553 4648 1828 4718 patientis,
1851 4632 1981 4722 quia

396 4739 516 4811 ipse
539 4738 681 4795 Deus
715 4746 768 4794 et
797 4739 1076 4810 magister,
1109 4737 1234 4807 quia
1262 4737 1344 4794 vel
1376 4752 1487 4792 non
1531 4753 1696 4809 quam
1734 4739 1978 4807 minime,

397 4847 502 4887 nec
545 4833 878 4903 cogitatione
929 4845 1030 4885 nec
1077 4830 1263 4901 lingua
1306 4846 1548 4902 unquam
1583 4833 1847 4903 peccavit.
1899 4833 1981 4890 Tu

401 4938 534 4978 vero
565 4931 620 4978 et
645 4925 810 4978 homo
837 4938 898 4978 es
919 4934 974 4978 et
1002 4937 1218 4986 servus,
1263 4931 1321 4993 et
1348 4923 1619 4979 obnoxius
1643 4925 1834 4982 multis
1861 4926 1985 4981 mil-

401 5015 546 5069 libus
595 5013 949 5085 negligentiis
997 5013 1242 5086 quotidie
1291 5014 1512 5083 laberis,
1559 5023 1615 5071 et
1657 5017 1738 5074 sic
1781 5018 1982 5075 talibus

402 5102 832 5172 cogitationibus
870 5105 1030 5174 quasi
1069 5105 1224 5176 aquis
1269 5103 1571 5162 Salvatoris
1607 5107 1898 5164 incantans
1926 5118 1984 5165 et

403 5193 645 5263 irrigans
681 5194 918 5249 animam
965 5205 1136 5264 tuam,
1179 5197 1405 5255 ardores
1446 5198 1756 5258 alllictionis
1790 5208 1844 5254 et
1887 5200 1982 5255 irae

403 5283 708 5351 exstingue.

401 5463 507 5518 165
537 5453 734 5529 Amor,
769 5463 1014 5533 ebrietas,
1053 5467 1202 5532 livor,
1245 5477 1294 5522 et
1334 5469 1562 5532 damon,
1589 5467 1836 5538 aquatio.

477 5555 728 5621 Quatuor
781 5556 896 5612 haec
947 5560 1262 5614 summatim
1312 5573 1576 5632 apparere
1611 5557 1980 5627 insipientiam

405 5659 460 5704 ct
491 5650 897 5707 aberrationem
934 5653 1160 5722 spiritus
1201 5651 1268 5706 ad
1315 5651 1502 5722 pejora
1537 5657 1592 5705 et
1647 5648 1985 5704 immutatio-

409 5754 534 5791 nem
557 5740 876 5796 inducentia
899 5741 1342 5811 cognoscendum
1371 5746 1477 5804 est,
1500 5755 1652 5794 amor
1682 5753 1976 5809 corporum

409 5831 708 5890 elIrcnatus
750 5842 802 5891 et
837 5835 1228 5900 immoderatus
1276 5842 1329 5892 et
1386 5834 1606 5900 ardens,
1650 5833 1886 5890 ebrietas
1927 5841 1981 5888 et

1753 385 2050 444 NICETAS
2073 390 2278 445 DAYID

3546 396 3650 452 δὶό

2065 507 2254 581 ὥσπερ
2274 509 2341 562 τὰ
2370 510 2597 582 περιττά
2627 512 2724 583 τῆς
2739 511 2974 582 βλάστης
2989 511 3098 566 τῶν
3115 510 3298 582 φυτῶν
3325 513 3652 582 περιτεμόν-

2056 611 2168 661 τες,
2193 597 2253 649 τὸ
2278 597 2385 651 ἀπὸ
2399 597 2499 669 τῆς
2526 599 2832 670 εὐκαρπίας
2853 601 3044 672 κέρδος
3066 601 3228 654 πλέον
3256 599 3604 671 ποριζόμεθα
3630 613 3647 628 ⁹

2057 683 2200 738 ofmo
2209 685 2278 738 τὰ
2292 687 2576 757 σωματικά
2589 689 2846 752 πολλάκις
2859 689 2890 752 ζ
2893 707 2923 760 η
2933 687 3054 760 μιοῦ
3062 689 3182 742 σθαι
3200 685 3646 760 προαιρούμενοι,

2056 776 2173 836 τοῖς
2203 779 2590 844 πνευματικοῖς
2619 776 3052 847 ὲνευθηνούμεθα
3075 791 3089 806 ο
3123 777 3217 830 καὶ
3241 774 3499 846 ἔμπαλιν,
3532 779 3648 840 τοῖς

2059 860 2170 914 ἀπὸ
2193 861 2293 932 τῆς
2319 861 2450 931 ὕλης
2480 864 2851 934 κερδαίνοντες
2879 865 2939 916 οὑ
2967 863 3146 926 καλῶς
3167 863 3262 917 καὶ
3291 861 3640 932 πληθυνόμε-

2059 971 2141 1006 νοι
2159 993 2175 1018 ,
2197 954 2264 1006 τὰ
2288 954 2422 1008 ama
2445 954 2788 1025 ζημιούμεθα
2803 956 2896 1008 καὶ
2924 955 3175 1025 μένοντα·
3205 956 3290 1023 ἐφ’
3323 949 3405 1018 οἷς
3431 955 3544 1026 γὰρ
3574 958 3638 1009 οὑ

2059 1045 2285 1108 δικαίως
2327 1044 2361 1115 ἦ
2396 1045 2490 1097 καὶ
2527 1045 2749 1108 δικαίως
2788 1045 3116 1117 προέχομεν,
3154 1046 3314 1116 εἴπερ
3348 1046 3408 1098 οὑ
3463 1047 3642 1111 καλῶς

2061 1133 2183 1188 ἀλλ’
2209 1134 2412 1196 ἀδίκως
2440 1135 2526 1188 ἀεὶ
2551 1134 2934 1205 προστιθέντες
2962 1135 3345 1207 προσαύξομεν
3363 1137 3456 1189 τὸν
3486 1137 3644 1190 πλοῦ-

2060 1242 2152 1278 τον
2183 1226 2278 1279 καὶ
2325 1225 2504 1295 μάτην
2532 1223 3063 1295 ὑπερπλεονάζομεν,
3106 1225 3240 1295 ὕλην
3268 1227 3368 1296 μὲν
3391 1225 3470 1296 τῷ
3510 1228 3647 1296 πυρὶ

2060 1319 2161 1387 τῆς
2189 1316 2338 1381 θείας
2365 1315 2880 1387 ἀποθησαυρίζομεν
2918 1317 3087 1387 ὀργῆς
3107 1357 3122 1381 ,
3155 1318 3311 1368 νόσον
3335 1316 3390 1369 δὲ
3424 1315 3502 1388 τῷ
3533 1315 3644 1370 σώ-

2067 1425 2196 1479 ματι
2222 1407 2313 1462 διὰ
2342 1407 2441 1478 τῆς
2479 1407 2748 1479 ἀμετρίας
2773 1407 3006 1462 ἐνταῦθα
3037 1407 3432 1480 προξενοῦμεν.

2067 1609 2171 1663 157
2200 1611 2271 1663 Ei
2292 1607 2490 1677 μηδὲν
2509 1609 2718 1678 ὕρλεις
2740 1607 2818 1672 τῷ
2849 1606 2970 1672 Θεῷ
2996 1605 3302 1676 τιμωρίας.

2067 1679 2170 1751 158
2194 1673 2563 1751 Μηόςῄἀςο-τὸςῖ
2582 1673 2714 1751 ,ισοξ
2741 1678 2864 1743 τοῖς
2898 1673 3155 1751 ὀφλοιισι
3194 1673 3538 1751 συμπᾳθήςὶ

2069 1749 2174 1804 159
2205 1743 2286 1803 Εἰ
2307 1747 2358 1801 δ’
2381 1743 2552 1814 cidae}
2571 1748 2796 1818 ὅφλων,
2827 1743 3305 1816 καὶήπρόχρησον
3331 1743 3398 1797 τὸ
3419 1743 3646 1812 πρᾶον-ο

2067 1882 2172 1939 160
2208 1882 2396 1949 Οτκτῳ
2422 1883 2530 1954 γὰρ
2561 1877 2762 1947 οἶκτος
2789 1879 2887 1935 καὶ
2926 1875 3047 1944 Θεῷ
3073 1876 3468 1947 σταθμίζεται.

2136 2037 2271 2110 Περὶ
2308 2035 2662 2102 ἀνεξικακίας
2691 2036 2788 2089 καὶ
2827 2036 3132 2108 πραότητος
3169 2030 3538 2102 εὑαγγελικῶς
3586 2031 3648 2082 ὲν

2063 2131 2275 2193 τούτοις
2301 2131 2336 2200 ἠ
2364 2128 2654 2200 θεόσρυτος
2676 2127 2838 2198 χάρις
2864 2127 2958 2180 καὶ
2983 2125 3243 2196 θεηγόρος
3269 2123 3530 2177 νουθετεῖ.
3555 2122 3647 2174 Εἵ-

2065 2239 2172 2294 περ
2196 2216 2365 2286 οἶδας,
2393 2219 2578 2290 φησιν,
2608 2218 2684 2282 ὥς
2713 2216 2955 2288 καθαρὸς
2975 2214 3050 2269 ὢν
3071 2217 3166 2269 καὶ
3193 2217 3369 2284 πάντη
3396 2211 3647 2282 ἀναμάρ⁹

2063 2329 2246 2383 τητος,
2295 2311 2446 2365 οὐδὲν
2485 2309 2566 2380 τῷ
2613 2307 2732 2379 Θεῷ
2785 2308 3020 2380 ὀφείλεις
3057 2306 3360 2377 τιμωρίας,
3411 2304 3648 2372 εὐλόγως

2065 2403 2228 2474 τυχὸν
2256 2402 2350 2456 καὶ
2376 2401 2538 2464 αὑτὸς
2563 2399 2904 2470 άωμπαθῶς
2927 2398 3166 2470 κέχρησο
3189 2400 3303 2461 τοῖς
3337 2396 3646 2474 ὀφειλέταις

2066 2497 2179 2559 τοῖς
2203 2497 2345 2558 σοῖςο
2384 2493 2514 2546 εἰδὲ
2553 2491 2837 2563 ὀφειλέτην
2892 2489 3138 2554 σύνοιδας
3167 2489 3363 2543 σαυτόν
3397 2489 3454 2540 ἐν
3486 2489 3648 2541 ἀπεί-

2071 2602 2183 2658 ροις
2207 2601 2264 2638 τε
2298 2583 2578 2654 λογισμοῖς
2621 2582 2715 2635 καὶ
2758 2581 2938 2650 λόγοις
2975 2579 3071 2633 καὶ
3116 2578 3380 2649 πράξεσι,
3431 2577 3647 2640 πάντως

2067 2674 2303 2744 ὀφείλεις
2319 2674 2414 2728 καὶ
2439 2673 2500 2726 τδ
2523 2673 2845 2738 ἀνεξίκακον
2869 2669 3238 2742 προδανείσειν
3260 2668 3337 2738 τῷ
3359 2667 3498 2738 Θεῷ,

2069 2766 2206 2836 πρὸς
2227 2765 2319 2822 τὸν
2343 2763 2628 2818 σύνδουλον
2648 2763 2914 2834 πραότητι
2939 2762 2998 2814 τὸ
3023 2760 3156 2814 πολὺ
3185 2761 3285 2831 τῆς
3309 2757 3650 2828 Δεσποτικῆς

2068 2857 2238 2930 ὀργῆς
2271 2856 2434 2908 ὑποτε
2443 2857 2585 2926 μεῖν,
2607 2854 2700 2907 καὶ
2723 2855 2789 2925 τῇ
2817 2849 3129 2922 συμπαθείᾳ
3145 2852 3212 2921 τῇ
3239 2851 3375 2922 πρὸς
3393 2848 3485 2901 τὸν
3514 2846 3650 2918 πλη-

2073 2949 2186 3002 σίον
2214 2947 2618 3018 ὑφαιρούμενος
2653 2945 2752 3017 τὴν
2784 2944 3178 3014 ἀγανάκτησιν,
3205 2943 3307 3013 τὴν
3338 2940 3649 3010 φιλανθρω-

2071 3038 2201 3090 πίαν
2230 3036 2374 3089 οὕτω
2399 3035 2486 3089 διά
2515 3032 2922 3105 φιλανθρωπίας
2951 3030 3287 3084 ἐπισπᾶσθαι
3308 3043 3323 3058 °
3350 3031 3516 3098 οἴκτῳ
3541 3027 3650 3098 γὰρ

2071 3126 2166 3182 τὸν
2197 3123 2377 3181 οἶκτον
2404 3126 2500 3181 καλ⁹
2523 3123 2658 3194 ἐλέῳ
2683 3123 2774 3177 τὸν
2803 3123 2949 3175 ἔλεον
2971 3122 3180 3184 ἑαυτοῖς
3212 3120 3302 3174 τὸν
3325 3119 3466 3172 θεῖον
3486 3117 3654 3186 ἐφελ-

2071 3220 2301 3291 κὸμεθα,
2325 3219 2602 3287 ἀναλόγως
2623 3211 2666 3284 ᾧ
2682 3216 2896 3287 δίδομεν
2921 3211 3475 3284 ἀντισταθμιζόμενον
3493 3213 3654 3282 ἡμῖν,

2073 3311 2167 3364 καὶ
2203 3303 2249 3378 ᾧ
2282 3310 2465 3381 μέτρῳ
2493 3306 2802 3380 μετροῦμεν
2839 3303 3336 3378 ἀντιμετρούμενον
3369 3304 3524 3374 ἡμῖν.

2075 3491 2172 3546 161
2209 3492 2397 3544 Ὅταν
2419 3493 2549 3544 ποθ’
2584 3491 2750 3557 ὕϐρις
2770 3488 2958 3557 emeda
2983 3487 3100 3555 τὴν
3123 3485 3246 3552 σὴν
3267 3484 3477 3554 φρένα,

2076 3561 2503 3628 162Μνήσθητι
2530 3553 2788 3628 Χριστὸῦ
2807 3553 2990 3612 τῶν-’τ’
3018 3553 3255 3610 ἐκείνου
3272 3553 3650 3623 τραυμάτων.

2155 3649 2326 3703 Ἦνίκ’
2352 3647 2418 3702 ἄν
2453 3665 2545 3701 του
2575 3651 2638 3701 ὲκ
2660 3647 2918 3716 γειτόνων
2940 3647 2973 3716 ή
3003 3644 3162 3716 ὕϐρις
3202 3642 3534 3707 ἀναζέσασα,
3557 3640 3658 3693 καὶ

2074 3745 2155 3806 εἰς
2180 3741 2313 3812 ὕψος
2349 3739 2578 3813 ἀρθεῖσα
2613 3739 2756 3811 μέγα
2781 3778 2797 3802 ,
2825 3738 2918 3793 καὶ
2951 3737 3156 3807 σφόδρα
3198 3732 3653 3807 μεπωρισθεῖσα,

2074 3833 2296 3905 πολλὴν,
2325 3833 2403 3897 ὼς
2435 3833 2602 3896 εἰκὸς,
2625 3831 2724 3901 τὴν
2754 3831 2855 3901 τῆς
2879 3829 3078 3890 κακίας
3110 3825 3448 3898 ἀναῤῥιπίσῃ
3477 3823 3658 3892 φλόγα.

2074 3925 2170 3979 καὶ
2197 3927 2297 3996 τὴν
2331 3924 2430 3994 σὴν
2467 3919 2753 3994 ἀνακαύσῃ
2784 3921 3023 3974 διάνοιαν
3075 3917 3212 3989 πρὸς
3245 3917 3476 3986 ἄμυναν,
3520 3913 3659 3966 ὑποο

2078 4014 2345 4086 μνήσθητι
2387 4011 2638 4084 παραυτά
2683 4011 2777 4064 τοῦ
2818 4007 3088 4082 Χριστοῦ,
3126 4002 3529 4076 φαντασιώθητι
3576 3999 3659 4053 δι’

2075 4105 2334 4178 ἐνεργοῦς
2366 4103 2717 4176 μνημοσύνης
2745 4101 2907 4165 εὐθὺς
2931 4100 3042 4154 τῶν
3071 4098 3283 4169 ὕϐρεων
3316 4094 3524 4178 ἐκείνοι)
3554 4092 3660 4145 καὶ

2076 4175 2410 4268 ἐμπαιγμῶν
2456 4175 2550 4248 καὶ
2606 4192 2888 4262 μαστίγων
2930 4189 3024 4244 καὶ
3074 4186 3422 4259 τραυμάτων,
3471 4175 3549 4236 ὧν
3593 4181 3660 4234 ὲν

2078 4286 2298 4358 σταυρῷ
2341 4285 2544 4355 ὑπέσχε
2589 4283 2677 4338 διά
2705 4283 2794 4346 σὲ,
2829 4280 2926 4336 καὶ
2959 4279 3274 4349 ἀναλόγισαι
3321 4275 3400 4346 τῷ
3432 4274 3511 4328 νοῒ
3557 4289 3658 4326 σου

2077 4377 2298 4448 νοερῶς,
2323 4376 2474 4446 πόσῳ
2493 4375 2676 4446 μέτρῳ
2692 4372 2758 4426 τὰ
2772 4373 2840 4426 σὰ
2863 4371 3008 4442 πάθη
3024 4369 3132 4422 τῶν
3157 4365 3501 4422 Δεσποτικῶν
3526 4366 3661 4419 ἀπο-

2079 4469 2405 4540 λιμπάνεται
2423 4483 2437 4498 ·
2460 4467 2741 4538 ἐννοήθητι
2769 4465 2844 4536 μὴ
2871 4463 2980 4518 τῶν
2998 4461 3338 4532 παθημάτων
3369 4458 3528 4530 μόνον
3557 4455 3660 4529 τὴν

2076 4558 2358 4632 διαφοράν,
2395 4557 2469 4621 ὡς
2491 4557 2554 4611 τὸ
2582 4555 2872 4610 πολλοστὸν
2911 4555 3074 4626 μέρος
3101 4552 3213 4606 τῶν
3243 4551 3452 4604 ἐκείνου
3478 4565 3659 4620 παρα-

2078 4653 2337 4723 τιθέμενα
2373 4650 2650 4704 δείκνυται
2695 4647 2763 4700 τά
2807 4645 2912 4710 σά,
2945 4645 3080 4700 ἀλλὰ
3121 4645 3218 4696 καὶ
3260 4641 3323 4696 τδ
3360 4641 3657 4713 πρόσωπον

2084 4742 2354 4817 μνήσθητι
2374 4742 2467 4794 τοῦ
2493 4740 2814 4810 πάσχοντος,
2851 4739 2934 4790 ὅτι
2965 4739 2994 4790 ὀ
3031 4737 3129 4806 μὲν
3157 4734 3289 4796 Θεὸς
3321 4733 3416 4786 καὶ
3447 4729 3657 4784 Δεσπύο

2079 4834 2304 4904 της,καὶ
2335 4832 2444 4886 οὐδ’
2480 4831 2604 4884 ὅσον
2637 4829 2816 4896 ὀλίγον
2848 4829 2956 4882 οὐδ’
2996 4828 3081 4880 ἐπ’
3106 4824 3334 4887 ἐννοίαις
3366 4824 3400 4893 ἢ
3433 4821 3656 4892 γλώσσῃ

2081 4924 2300 4978 πώποτε
2345 4921 2627 4992 ἁμαρτὼν,
2673 4919 2738 4972 σὺ
2782 4919 2840 4972 δὲ
2871 4919 2965 4972 καὶ
3011 4916 3298 4986 ἄνθρωπος
3346 4913 3439 4966 καὶ
3473 4910 3658 4973 δοῦλος

2081 5016 2176 5071 καὶ
2214 5015 2395 5083 ἔνοχος
2431 5012 2647 5084 μυρίοις
2681 5011 2804 5064 καθ’
2835 5011 3074 5079 ἑκάστην
3104 5007 3430 5060 ὑποπίπτων
3475 5004 3659 5074 πλημ-

2083 5103 2217 5174 μελή
2227 5118 2379 5173 μασι,
2406 5101 2501 5153 καὶ
2527 5098 2670 5152 οὕτω
2696 5099 2761 5168 δὴ
2790 5100 2910 5159 ταῖς
2945 5093 3224 5156 τοιαύταις
3247 5092 3359 5145 τῶν
3380 5087 3658 5160 λογισμῶν

2079 5191 2310 5254 ἐννοίαις
2335 5191 2411 5253 ὡς
2439 5189 2626 5243 ὕδασιν
2655 5185 2848 5240 ἑαυτοῦ
2883 5183 3203 5254 κατεπᾴδων
3231 5181 3327 5235 καὶ
3353 5179 3531 5251 ἄρδων
3559 5178 3664 5248 τὴν

2080 5285 2282 5356 ψυχὴν,
2321 5282 2382 5336 τὸ
2432 5281 2762 5351 φλεγμαῖνον
2799 5278 2898 5346 τῆς
2944 5275 3122 5346 λύπης
3168 5272 3534 5329 κατασϐέσαιο
3564 5269 3661 5323 καὶ

2081 5379 2182 5447 τῆς
2209 5374 2399 5446 ὀργῆς·

2086 5467 2187 5523 1ϋὸ
2217 5469 2427 5533 Ἔρως,
2445 5461 2617 5533 μέθη,
2649 5461 2826 5539 ζῆλός
2847 5475 2911 5513 τε
2935 5457 3032 5512 καὶ
3048 5457 3278 5524 δαίμων
3294 5450 3423 5510 ἶσα.

2157 5558 2422 5626 Τέσσαρα,
2438 5554 2632 5617 ταῦτα,
2673 5551 3060 5621 κεφαλαιωδῶς
3091 5549 3277 5617 φάναι,
3307 5543 3665 5617 παραφροσύ-

2083 5665 2182 5718 νης
2216 5647 2311 5700 καὶ
2335 5647 2434 5715 τῆς
2464 5647 2556 5698 ἐπὶ
2577 5645 2638 5698 τὸ
2667 5646 2847 5714 χεῖρον
2873 5642 3181 5702 ἐκστάσεως
3213 5639 3306 5692 τοῦ
3341 5636 3430 5691 νοῦ
3459 5654 3658 5707 γνωριο

2087 5737 2238 5791 στέον
2288 5737 2384 5790 καὶ
2432 5735 2790 5807 παρατροπῆς
2845 5731 3141 5802 ποιητικά,
3199 5731 3339 5802 ἔρως
3391 5729 3663 5798 σωμάτων
3753 5731 3758 5734 ’

2087 5829 2382 5892 ἀκόλαστος
2419 5829 2511 5884 καὶ
2550 5825 2798 5899 ἀκρατὴς
2830 5826 2922 5879 καὶ
2955 5822 3260 5896 μανιώδης,
3292 5819 3429 5893 μέθη
3459 5818 3552 5874 καὶ
3581 5823 3662 5874 οι·-
