4082 6408
410 370 531 433 8'25

400 495 717 566 .νοφ).υγία,
744 494 878 565 1:96;
988 492 1082 549 καὶ
1100 494 1276 567 ζῆλος
1307 496 1572 568 φονὼδης,
1603 497 1662 562 ὃς
1681 500 1827 554 ἐστιν
1846 501 2017 572 ὀργῆς

426 587 626 657 ἔξαψις
664 586 760 640 καὶ
788 585 998 639 λύσσαο
1042 585 1117 650 ὡς
1150 587 1340 658 πόρρω
1380 588 1480 658 μὲν
1519 587 1615 641 τοῦ
1644 588 1850 659 ἀγαθοῦ
1880 593 2015 644 ἀπο-

421 676 804 748 διοικιζόμενα
828 717 843 742 ,
878 676 1108 748 δαίμονα
1146 677 1203 731 δὲ
1245 676 1452 731 τούτων
1484 678 1714 734 ἕκαστον
1767 681 2016 753 ἀνάπτην
2074 676 2080 682 ’

423 771 532 825 καὶ
577 768 1018 840 ὲπισπουδαστὴν
1061 767 1503 839 κεκληρωμένον,
1533 765 1614 835 οἷς
1646 770 1713 826 ἂν
1742 774 2015 841 ἐπισφρα-

426 861 641 932 γίσειεν
679 857 904 929 ἀφανῶς
944 859 1343 929 ἐπιτιθέμενον,
1374 859 1473 932 τὴν
1507 860 1767 932 φρόνησιν
1805 862 2017 926 τούτοις

429 952 740 1018 ἐπικλύζει,
773 951 869 1006 καὶ
894 950 986 1005 τὸν
1018 951 1178 1023 ὀρθὸν
1197 951 1356 1021 λόγον
1382 955 1756 1025 παραιρεῖται.
1788 954 1887 1018 Τίς
1914 950 2015 1008 οῦν

428 1049 469 1117 ἡ
508 1044 716 1099 τούτων
752 1042 894 1107 ῐασις
944 1044 1038 1098 καὶ
1083 1042 1391 1115 θεραπείας
1432 1045 1599 1116 Τῆξις
1647 1045 1899 1117 σώματος
1947 1046 2015 1100 δι’

431 1136 614 1207 ἄκρας
636 1133 889 1206 νηστείας
906 1149 966 1186 τε
990 1134 1083 1187 καὶ
1108 1134 1434 1206 ἀγρυπνίας,
1458 1137 1735 1207 προσευχὴ
1762 1134 2019 1207 διηνεκὴς

435 1230 534 1312 x1}
559 1226 935 1297 ἀνατεταμένη
966 1227 1104 1297 πρὸς
1122 1227 1215 1281 τὸν
1243 1226 1470 1299 Κύριον,
1505 1228 1744 1300 δάκρυον
1775 1227 1836 1292 se
1864 1228 2018 1298 ἱερᾶς

434 1321 533 1375 καὶ
563 1317 890 1391 εἰλικρινοῦς
932 1316 1284 1384 κατανύξεως
1319 1318 1413 1373 καὶ
1454 1318 1742 1389 μετανοίας
1777 1318 2020 1372 ἀποστάο

438 1412 533 1478 ζον
576 1412 687 1464 τῶν
738 1408 1034 1480 ὀφθαλμῶν
1060 1424 1075 1438 ο
1124 1408 1302 1463 ταῦτά
1340 1410 1460 1463 ὲστι
1493 1409 1604 1464 τῶν
1648 1409 1801 1481 ὲμῶν
1849 1410 2021 1463 νόσων

439 1502 710 1574 φάρμακα
754 1500 1001 1571 σωτήρια
1031 1498 1126 1552 καὶ
1154 1497 1263 1553 τῶν
1299 1498 1400 1569 τῆς
1442 1498 1669 1570 καρδίας
1700 1497 2022 1570 ἀρρωστιῶν

441 1591 792 1662 ἀλεξητήρια.

443 1680 546 1736 169
576 1680 798 1748 ’Ὅρκον
820 1676 890 1731 δὲ
918 1675 1101 1748 φεῦγε
1129 1674 1325 1730 πάντα
1362 1673 1524 1746 (8-9).

513 1768 758 1824 Καθόλου
785 1766 878 1821 τὸν
909 1768 1070 1837 ὅρκον
1104 1764 1396 1837 ἀπώμοτον
1425 1766 1520 1819 καὶ⁸
1557 1765 1927 1835 ἀποτρόπαιον
1955 1763 2027 1818 τά

442 1878 505 1916 τε
556 1859 678 1931 ιερὰ
726 1858 1036 1928 Εύαγγέλια
1086 1857 1182 1911 καὶ
1234 1859 1264 1911 6
1314 1855 1819 1926 εύαγγελικώτατος
1869 1850 2024 1918 οὗτος

447 1949 696 2019 θεολόγος
721 1949 1103 2019 ἀποφαίνεται,
1140 1948 1320 2002 πάντα
1346 1947 1571 2018 φεύγειν
1607 1950 1771 2019 ὅρκον
1812 1965 2025 2020 παρεγ-

368 2046 375 2051 ’
448 2041 617 2112 γυῶν,
667 2040 743 2105 ὡς
789 2040 1072 2111 ἐπιορκίας
1120 2039 1435 2111 ὑπάρχοντα
1476 2038 1691 2110 πατέρα
1718 2057 1732 2072 ·
1784 2039 1870 2104 τίς
1916 2040 2026 2111 γάρ

445 2134 610 2207 ὅρκου
637 2132 892 2199 καθάπαξ
931 2133 1271 2205 ἀπεχόμενος
1305 2130 1623 2203 ὲπιώρκησε
1658 2130 1921 2199 πώποτε;
1948 2131 2028 2183 "(t

445 2228 503 2283 δὲ
536 2226 753 2298 ὀμνύων
777 2226 812 2297 ἢ
838 2224 898 2290 ἐξ
925 2225 1170 2293 ἀγνοίας,
1201 2224 1237 2295 ἢ
1268 2223 1333 2279 ἐκ
1356 2240 1503 2287 τινος
1533 2221 1966 2292 ἀκουσίουσβίας,
1992 2221 2026 2291 ἢ

448 2320 909 2391 καταφρονήσεως
946 2317 1041 2370 καὶ
1077 2313 1214 2369 Θεοῦ
1262 2315 1493 2385 ἀφοϐίας
1533 2314 2029 2385 παρακινούμενος.

449 2412 529 2477 είς
554 2409 840 2481 ἐπιορκίαν
871 2407 1073 2462 ιπίπαν
1097 2406 1451 2481 ὑποφέρεται,
1486 2405 1580 2460 καὶ
1608 2404 1783 2469 οὕτως
1811 2405 1840 2457 ὀ
1868 2404 2031 2474 ὅρκος

451 2500 740 2572 ἐπιορκίας
767 2497 978 2568 γίνεται
1024 2497 1229 2568 πατήρ.
1275 2495 1334 2549 '0
1363 2496 1462 2566 μὲν
1490 2490 1583 2548 οὖν
1607 2493 1839 2557 παλαιὸς
1873 2492 2034 2562 νόμος

451 2589 827 2662 ἀτελεστέροις
850 2586 1373 2662 προσδιαλεγόμενος
1397 2587 1454 2640 ὲν
1481 2585 1622 2648 θεοῖς
1642 2585 1736 2639 καὶ
1761 2582 2055 2654 δαίμοσιν,“

455 2677 538 2747 οἷς
555 2681 866 2752 ὲλάτρευον,
892 2678 1112 2751 ὀμνύειν
1133 2677 1483 2761 εἰθισμένοις,
1506 2675 1692 2746 ὥσπερ
1710 2674 1808 2737 τὰς
1834 2672 2037 2736 ζωοθυο

454 2773 575 2837 σίας
616 2774 696 2837 είς
724 2771 914 2826 ἑαυτὸν
955 2770 1188 2842 μεθιστᾷ
1211 2766 1799 2836 τάςιείδωλολατρείας
1851 2762 2040 2818 ἐπικό-

380 2938 386 2943 .
452 2882 626 2930 πτων,
648 2862 792 2917 οὕτω
818 2862 914 2916 καὶ
939 2862 1064 2927 τοὺς
1098 2862 1316 2932 ὅρκους,
1340 2856 1529 2928 ἐπειδὴ
1545 2855 1799 2923 καθάπαξ
1831 2852 2040 2909 ἀνελεῖν

454 2957 554 3012 οὐκ
586 2950 699 3026 εἶχε
744 2952 959 3027 καιρόν,
981 2952 1231 3024 μετάγων
1271 2951 1352 3015 είς
1384 2949 1476 3004 τὸν
1508 2947 1752 3011 Θεὸν,είς
1785 2944 2041 3017 εύορκίαν

454 3044 546 3099 τὸν
570 3046 733 3115 ὅρκον
766 3042 1150 3115 περιίστησινέ
1182 3039 1457 3109 εὐκαίρως
1484 3037 1542 3092 δὲ
1584 3039 1619 3109 ὴ
1650 3036 1815 3108 χάρις
1860 3034 2040 3106 Ἰησοῦ

456 3129 696 3200 Χριστοῦ
717 3170 733 3193 ,
771 3128 847 3192 ὼς
879 3129 908 3180 6
933 3127 1083 3197 ἥλιος
1111 3124 1568 3190 ὲξανατέλλουσα,
1611 3124 1709 3180 καὶ
1738 3120 1816 3195 τῷ
1862 3124 2037 3195 ὑπερι-

460 3218 712 3274 ϐάλλοντι
753 3217 854 3287 τῆς
883 3215 1144 3286 ἀληθείας
1177 3215 1374 3283 φέγγει
1401 3216 1491 3270 τὸν
1517 3214 1710 3286 λύχνον
1739 3212 1833 3268 τοῦ
1870 3213 2035 3285 νόμου

461 3308 815 3381 καταργοῦσα
852 3306 911 3361 ἓν
961 3324 1020 3360 τε
1068 3310 1183 3372 τοῖς
1215 3307 1524 3378 θεαρχικοῖς
1557 3305 1946 3377 Εύαγγελίοις,
1986 3303 2043 3357 ἔν

458 3419 521 3457 τε
557 3403 673 3464 τοῖς
704 3399 1089 3469 εύαγγελικοῖς
1144 3399 1495 3470 ἱεροφάνταις
1517 3438 1533 3465 ,
1578 3398 1771 3469 ὥσπερ
1813 3397 2042 3453 καθόλου

459 3491 763 3558 ζωοθυσίαν
811 3492 1015 3558 πᾶσαν,
1062 3488 1209 3544 οὕτω
1246 3490 1342 3542 καὶ
1387 3489 1569 3546 πάντα
1616 3491 1778 3563 ὅρκον
1823 3489 2045 3560 φεύγειν

458 3584 716 3650 καθάπαξ
763 3581 1158 3653 παραγγέλλει.
1212 3580 1340 3645 Πῶς
1385 3575 1502 3645 οῦν,
1553 3581 1725 3652 φησὶ,
1776 3581 2046 3651 πείσομεν

460 3676 589 3740 τοὺς
624 3675 755 3747 περὶ
794 3669 870 3729 ὧν
913 3673 1182 3744 λαλοῦμεν
1221 3672 1701 3742 ἀμφιϐάλλοντας;
1744 3671 1905 3743 Λόγῳ
1947 3671 2047 3743 μὲν

462 3766 620 3837 δῆλον
644 3767 728 3820 ὅτι
753 3762 1242 3834 διαϐεϐαιούμενοι,
1272 3762 1367 3816 καὶ
1393 3761 1472 3833 τῷ
1493 3760 1682 3833 τρόπῳ
1707 3761 1764 3815 δὲ
1790 3761 1893 3831 τῆς
1924 3760 2045 3814 κατ’

464 3859 668 3933 ἀρετὴν
703 3856 942 3929 βιώσεως
971 3856 1069 3911 καὶ
1095 3853 1460 3926 ἀληθευτικῆς
1489 3853 1657 3917 ἕξεως
1700 3852 2048 3923 πιστουμένῳ

467 3948 567 4017 τοῦ
602 3949 763 4019 λόγου
790 3948 888 4020 τὴν
916 3945 1227 4019 ἀκρίϐειαν,
1259 3944 1493 4015 ετοίμως
1519 3943 1781 4013 ὲνᾲξομεν
1816 3942 1897 4005 είς
1923 3958 2050 4010 συγ-

469 4041 783 4099 κατάθεσιν,
813 4037 907 4102 Τίς
944 4036 1055 4107 γὰρ
1079 4035 1237 4104 λόγον
1269 4034 1399 4106 παρ’
1425 4033 1619 4106 ἀνδρὸς
1650 4032 1888 4098 ἀκούων,
1921 4031 2053 4104 ἀλή-

468 4133 619 4188 θειαν
675 4132 764 4187 ἀεὶ
807 4129 1086 4191 ποιοῦντος
1131 4128 1226 4182 καὶ
1279 4124 1574 4189 λαλοῦντος
1601 4165 1617 4187 .
1664 4121 1971 4191 ἀντιλέγειν
2014 4122 2050 4194 ἢ

468 4226 718 4280 ἀπιστεῖν
755 4222 909 4294 ἔχοι;
947 4222 1058 4275 Καὶ
1082 4220 1192 4291 γὰρ
1233 4212 1279 4287 ᾧ
1323 4215 1652 4288 φιλοψευδὴς
1680 4218 1709 4270 ὀ
1732 4214 1933 4287 τρόπος
1958 4213 2054 4267 καλ⁵

472 4315 913 4387 φιλαμαρτήμων
959 4313 1080 4375 ὅλος
1104 4312 1134 4365 ὀ
1180 4309 1293 4381 βίος
1325 4306 1662 4380 χρηματίζει
1682 4347 1697 4372 ,
1732 4303 1909 4374 τούτῳ
1942 4301 2052 4355 οὐδ’

471 4407 732 4481 ὀμνύοντι
765 4407 896 4478 ῥᾷον
925 4404 992 4459 ἄν
1020 4421 1104 4468 τις
1144 4399 1506 4473 ὲμπιστεύσαι
1525 4417 1540 4433 ο
1568 4390 1725 4462 οὗτος
1755 4395 1850 4450 καὶ
1894 4397 2056 4466 ἀρνη-

468 4502 569 4571 τὴς
593 4502 712 4554 ἐστι
745 4497 840 4553 καὶ
865 4496 1175 4568 ὲμπαίκτης
1206 4491 1342 4547 Θεοῦ
1377 4490 1475 4545 καὶ
1505 4483 2053 4559 καταφρον-ινιτὶσιςμα)⁵

471 4594 573 4663 τῆς
614 4591 897 4662 ἀρνήσεως
929 4587 1151 4659 ἐλεγχος
1181 4587 1215 4657 ἡ
1249 4582 1567 4656 ψευδορκία.
1609 4582 1704 4645 Εἰς
1734 4579 1788 4632 τί
1815 4577 1927 4649 γάρ
1972 4591 2054 4629 σοι

472 4683 707 4755 ὀμνύναι
726 4682 818 4735 τὸν
851 4681 984 4733 Θεὸν
1005 4679 1102 4734 καὶ
1120 4677 1181 4732 τὸ
1207 4676 1437 4748 φοϐερὸν
1463 4674 1634 4745 ὄνομα
1655 4670 1752 4726 καὶ
1780 4668 2057 4741 οὐρανίοις

476 4775 650 4830 ἀπασι
691 4774 834 4837 νόοις
886 4769 1329 4843 φρικωδέστατόν
1365 4785 1425 4821 τε
1466 4767 1576 4837 καὶ,
1603 4760 2053 4833 σεϐασμιώτατον

477 4868 570 4921 ἐπὶ
607 4866 857 4938 ματαίοις
887 4861 1295 4933 παρειλῆφθαι;
1336 4859 1399 4912 Ei
1429 4858 1495 4929 δὴ
1526 4857 1622 4910 καὶ
1653 4855 1782 4929 περὶ
1823 4850 2053 4916 τῶνέίς

478 4957 753 5030 σωτηρίαν
787 4951 1105 5023 ἀναγκαίων
1152 4967 1236 5004 σοι
1268 4951 1298 5002 6
1337 4948 1498 5017 λόγος
1539 4946 1626 5018 εἴη
1649 4985 1665 5009 ,
1695 4947 1724 5000 ὁ
1765 4945 1967 5018 τρόπος
1999 4944 2060 4996 ὲν

481 5048 634 5124 μέσῳ
658 5043 1230 5118 παραλαμϐανόμενος
1254 5040 1560 5111 ἀποχρήσει
1590 5038 1671 5108 τῷ
1702 5037 1892 5092 ἀσεϐεῖ
1923 5034 2061 5107 πρὸς

477 5143 684 5196 πίστιν.
715 5137 848 5195 Οἶδα
887 5141 983 5195 καὶ
1012 5140 1315 5210 πέπεισμαι
1357 5137 1415 5189 ὲν
1445 5132 1667 5203 Χριστῷ
1713 5128 1890 5203 Ἰησοῦ
1911 5147 1926 5161 ο
1970 5127 2065 5181 καὶ

488 5234 674 5297 πάλιν,
704 5229 989 5302 Ἀλήθειαν
999 5228 1144 5297 λέγω
1159 5229 1216 5281 ὲν
1232 5222 1451 5299 Χριστῷ
1478 5222 1673 5293 Ἰησοῦ,
1688 5224 1749 5278 ού
1773 5223 2059 5296 ψεύδομαι,

489 5327 517 5378 ὀ
532 5326 633 5394 τῆς
653 5319 914 5392 ἀληθείας
943 5317 1262 5381 ’Δπόστολός
1276 5331 1456 5389 φησιν·
1479 5314 1574 5369 καὶ
1591 5312 1765 5384 τούτῳ
1784 5314 1862 5386 τῷ
1876 5313 2066 5386 τρόπῳ

490 5416 581 5470 τὸν
631 5414 789 5483 λόγον
845 5411 1010 5467 αὑτοῦ
1061 5406 1542 5480 πιστοποιούμενος
1560 5446 1576 5472 ,
1623 5403 1798 5460 πάντα
1843 5406 2063 5479 δημώδη

493 5509 655 5579 ὅρκον
685 5504 1074 5576 ἀποτρέπεται.

494 5596 589 5652 1·ῖὸ
623 5596 687 5652 Τί
716 5592 1122 5667 χρηστότητος
1151 5588 1342 5654 δόγμα
1372 5582 1862 5667 συντομώτατον;

567 5683 632 5737 0i
666 5663 767 5754 μέν
803 5663 936 5752 περὶ
957 5669 1376 5748 φιλανθρωπίας
1402 5672 1497 5725 καὶ
1523 5668 1745 5739 ἀγάπης
1776 5666 1929 5734 λόγοι
1957 5663 2073 5725 τοῖς

1462 370 1530 428 IN
1567 373 1878 434 CARMINA
1909 380 2188 440 ARCANA
2224 381 2282 440 S.
2324 330 2675 442 GREGORli.

3590 386 3701 447 8‘26

2122 504 2442 587 vinolentia,
2471 517 2733 578 praeterea
2762 506 2966 564 invidia
3000 515 3233 583 mortem
3277 508 3551 565 meditans
3576 525 3701 580 qua:

2121 611 2207 654 est
2234 601 2330 655 ira;
2363 599 2698 656 incentivum
2742 608 2799 657 et
2844 600 3055 668 rabies;
3101 601 3261 672 longe
3287 616 3318 656 a
3343 601 3489 656 bono
3521 616 3700 655 remo-

2121 697 2273 753 vent,
2325 690 2522 744 horum
2579 690 3013 762 unumquodque
3060 690 3363 746 dannonem
3413 690 3699 760 impellen-

2123 783 2234 832 tem
2261 786 2314 834 et
2337 780 2644 835 studiowm
2680 782 2938 836 sortitum
2977 789 3063 838 est
3110 781 3251 836 clam
3293 778 3701 851 aggredientem

2125 881 2221 922 eos
2241 868 2333 938 qui
2364 885 2424 924 se
2448 869 2544 927 his
2572 870 2852 940 obsignari
2875 871 3089 937 sinunt,
3113 870 3318 941 quibus
3338 867 3700 938 intelligentia

2125 958 2479 1028 obnubilatur
2507 968 2561 1016 et
2589 974 2738 1017 recta
2767 962 2909 1017 ratio
2940 961 3167 1017 tollitur.
3199 959 3332 1027 Quae
3349 974 3481 1030 ergo
3504 958 3702 1013 borum

2126 1049 2400 1104 medicina
2431 1059 2488 1106 et
2517 1051 2689 1105 cura?
2727 1052 3074 1107 mortiﬁcatio
3117 1050 3369 1121 corporis
3417 1063 3516 1119 per
3562 1048 3705 1117 jeju-
3820 1094 3821 1097 η

2124 1140 2278 1194 nium
2312 1148 2368 1196 et
2403 1141 2638 1212 vigilias,
2676 1143 2921 1212 precatio
2950 1142 3173 1198 assidua
3212 1149 3268 1197 et
3302 1140 3370 1195 ad
3413 1139 3704 1194 Dominum

2126 1229 2336 1302 prolixe
2362 1232 2615 1302 supplex,
2649 1231 2906 1303 lacryma:
2937 1247 2969 1289 e
3011 1239 3205 1288 sancta
3227 1238 3283 1287 et
3309 1231 3525 1286 sincera
3553 1244 3707 1286 com-

2126 1323 2424 1390 punctione
2459 1331 2513 1378 ct
2540 1324 2860 1393 ptenitentia
2901 1324 2971 1378 ab
3009 1324 3188 1380 oculis
3235 1321 3510 1378 stillantes
3542 1339 3557 1374 :
3590 1319 3707 1376 haec

2127 1421 2257 1468 sunt
2289 1415 2605 1470 morborum
2641 1432 2890 1471 meorum
2921 1415 3162 1472 remedia
3199 1413 3464 1471 salutaria
3489 1423 3544 1469 et
3581 1427 3706 1468 cor-

2127 1504 2214 1561 dis
2247 1505 2628 1562 inﬁrmitatum
2665 1505 2901 1563 medela.

2132 1677 2235 1735 169
2278 1679 2445 1734 Omne
2460 1678 2852 1750 jusjurandum
2881 1678 3029 1751 fuge,

2200 1766 2457 1824 Profecto
2480 1767 2867 1839 jusjurandum
2900 1767 3217 1839 fugiendum
3248 1779 3302 1825 et
3324 1768 3713 1827 detestandum

2132 1866 2246 1915 tum
2278 1873 2438 1914 sacra
2470 1858 2788 1929 Evangelia,
2825 1865 2939 1913 tum
2973 1858 3265 1933 Evangelia
3296 1860 3453 1916 valde
3475 1876 3710 1918 consen-

2128 1947 2268 2002 tiens
2302 1948 2393 2002 ille
2416 1944 2730 2017 Theologus
2775 1949 3002 2015 revelat,
3049 1949 3290 2006 suadens
3336 1959 3396 2005 ut
3428 1950 3715 2021 jusjuran-

2125 2036 2254 2092 dum
2285 2053 2446 2093 omne
2478 2049 2737 2108 tanquam
2770 2037 2996 2109 perjurii
3028 2050 3235 2108 patrem
3272 2040 3548 2107 vitemus;
3586 2041 3714 2111 quis

2126 2128 2273 2184 enim
2315 2144 2344 2199 β
2371 2129 2734 2199 jurejurando
2767 2130 2937 2185 semel
2981 2130 3268 2187 abstinens
3311 2132 3576 2201 pejeravit
3614 2148 3718 2187 un-

2130 2220 2329 2291 quam?
2369 2221 2474 2275 Sed
2519 2221 2614 2291 qui
2656 2220 2811 2291 jurat
2856 2221 2975 2278 sive
3020 2222 3266 2290 inscitia,
3294 2223 3412 2279 sive
3453 2222 3717 2278 violentia

2131 2310 2368 2381 quadam
2408 2311 2611 2377 invita,
2657 2312 2773 2367 sive
2823 2319 3142 2384 contemptu
3193 2313 3310 2369 sive
3358 2313 3574 2369 timoris
3620 2311 3717 2368 Dei

2132 2400 2346 2458 defectu
2374 2401 2630 2469 motus,in
2652 2403 2957 2473 perjurium
2980 2405 3304 2475 plerumque
3333 2404 3636 2471 inducitur,
3663 2411 3719 2458 et

2134 2494 2217 2551 sic
2237 2491 2629 2563 jusjurandum
2674 2494 2902 2564 perjurii
2935 2494 2994 2548 tit
3023 2504 3199 2566 pater.
3229 2494 3402 2566 Igitur
3438 2495 3524 2550 lex
3562 2503 3721 2549 vetns

2135 2584 2474 2655 imperfectis
2518 2586 2822 2655 proposita,
2868 2586 2965 2656 qui
3019 2601 3116 2657 per
3164 2585 3300 2642 deos
3348 2595 3402 2642 et
3444 2585 3725 2641 dmmones

2137 2693 2278 2749 quos
2308 2678 2613 2732 adorabant
2652 2677 2844 2747 jurare
2892 2684 3321 2741 consueverant,
3373 2675 3725 2732 mactationi—

2140 2771 2244 2825 bus
2266 2768 2586 2823 animalium
2631 2777 2825 2823 contra
2866 2768 3040 2840 legem
3092 2768 3366 2824 assimilat
3395 2782 3513 2833 eos,
3546 2766 3727 2822 idolo-

2139 2860 2358 2916 latriam
2391 2859 2729 2928 reprimens;
2764 2860 2847 2915 sic
2875 2867 2930 2915 et
2975 2859 3313 2929 juramenta,
3345 2857 3476 2912 dum
3509 2857 3731 2927 penitus

2141 2950 2361 3006 auferre
2395 2966 2507 3004 non
2531 2956 2900 3019 opportunum
2922 2949 3137 3013 habuit,
3168 2948 3414 3005 referens
3440 2949 3507 3004 ad
3536 2936 3728 3015 Deum,

2143 3043 2210 3097 ad
2267 3042 2587 3113 religiosum
2641 3041 3033 3111 jusjurandum
3085 3040 3351 3096 restituit.
3409 3039 3731 3110 Opportune

2144 3142 2325 3187 autem
2361 3132 2536 3202 gratia
2570 3129 2701 3187 Jesu
2734 3130 2942 3186 Christi
2988 3130 3132 3185 sicut
3169 3130 3253 3184 sol
3292 3129 3481 3186 oriens
3509 3138 3567 3184 et
3590 3129 3732 3184 vivi-

2142 3225 2285 3280 diori
2312 3223 2557 3278 veritatis
2591 3224 2711 3279 luce
2739 3223 2874 3295 legis
2905 3224 3184 3278 lucernam
3218 3236 3582 3292 exsuperans,
3614 3232 3730 3275 tum

2145 3317 2201 3371 in
2240 3317 2441 3373 divinis
2473 3315 2807 3387 Evangeliis,
2849 3326 2963 3370 tum
3008 3316 3063 3371 in
3109 3315 3445 3386 evangelicis
3482 3313 3731 3369 doctori-

2146 3407 2269 3471 bus,
2320 3407 2465 3461 sicut
2515 3420 2733 3460 onmem
2782 3405 3104 3459 animalium
3150 3419 3382 3475 prorsus
3423 3402 3733 3468 victimam,

2148 3500 2229 3554 sic
2259 3508 2313 3554 et
2344 3514 2509 3554 omne
2541 3498 2918 3569 juramentum
2954 3512 3063 3552 una
3103 3497 3224 3567 lcge
3261 3495 3557 3567 explodere
3589 3507 3736 3564 pra:-

2148 3591 2365 3647 scribit.
2386 3588 2672 3657 Quomodo
2699 3603 2853 3660 ergo,
2886 3588 3087 3659 inquit,
3117 3588 3278 3643 tidem
3308 3570 3588 3642 interillos
3609 3598 3737 3639 cum

2148 3683 2351 3754 quibus
2384 3682 2665 3757 loquimur
2710 3680 3118 3737 obtinebimus?
3154 3678 3307 3732 Patet
3336 3676 3556 3748 quidem
3588 3674 3738 3745 quod

2148 3775 2317 3830 verbo
2359 3788 2489 3828 vero
2534 3774 2764 3829 stabiles
2811 3779 2867 3827 et
2904 3769 3122 3826 vivendi
3171 3769 3387 3822 ratione
3426 3765 3736 3822 secundum

2150 3864 2409 3919 virtutem
2454 3870 2509 3918 et
2541 3877 2794 3917 veracem
2847 3875 3060 3916 morem
3109 3858 3269 3912 [idem
3318 3857 3578 3921 faciente,
3621 3868 3741 3910 ser-

2153 3954 2332 4010 monis
2393 3952 2734 4008 accurationi
2804 3958 2930 4020 apte
2999 3962 3361 4018 assequemur
3425 3960 3737 4001 assensum.

2152 4047 2289 4115 Quis
2323 4045 2466 4101 enim
2510 4058 2821 4100 sermonem
2868 4042 2971 4101 viri
3016 4039 3246 4095 audiens
3287 4053 3506 4108 semper
3535 4035 3743 4092 verita-

2154 4150 2261 4195 tem
2294 4138 2557 4193 facientis
2594 4143 2650 4191 et
2697 4134 2955 4197 dicentis,
3002 4132 3384 4188 obsistendum
3437 4137 3535 4184 aut
3577 4126 3740 4183 dubi-

2154 4230 2383 4287 tandum
2422 4225 2719 4282 habuerit?
2760 4225 2834 4280 sit
2875 4224 2965 4279 cui
3004 4237 3124 4278 mos
3157 4220 3505 4276 mendacium
3545 4216 3740 4273 fovens

2154 4330 2210 4375 et
2241 4316 2481 4389 peccatis
2532 4325 2645 4370 tota
2675 4314 2785 4369 vita
2812 4312 3124 4384 indulgens,
3148 4310 3241 4367 isti
3271 4310 3355 4366 vel
3384 4308 3594 4379 juranti
3624 4321 3737 4361 non

2158 4410 2321 4466 facile
2353 4408 2661 4473 conﬁderet
2697 4406 2880 4477 quivis
2914 4424 2927 4458 :
2973 4418 3108 4460 ecce
3155 4416 3363 4473 negans
3403 4408 3459 4456 et
3501 4397 3744 4454 irridens

2164 4501 2329 4558 Deum
2361 4510 2417 4558 et
2446 4509 2811 4570 contemptor,
2861 4503 2916 4552 et
2968 4495 3317 4565 negationem
3362 4499 3599 4547 testatur
3637 4488 3742 4543 fal-

2163 4611 2284 4652 sum
2312 4595 2712 4664 juramentum.
2744 4589 2825 4646 Ad
2868 4586 3002 4660 quid
3036 4587 3186 4641 enim
3223 4584 3319 4641 tibi
3358 4583 3527 4638 Deum
3553 4582 3746 4652 jurare

2159 4694 2215 4740 et
2246 4684 2591 4740 tremendum
2628 4696 2847 4746 nomen,
2891 4678 3212 4734 caelestibus
3256 4674 3512 4730 omnibus
3543 4671 3747 4727 intelli-

2158 4777 2359 4849 gentiis
2390 4774 2740 4831 metuendum
2771 4782 2825 4827 et
2852 4769 3231 4834 reverendum,
3252 4768 3306 4822 in
3345 4780 3545 4822 vanum
3585 4778 3747 4818 assu-

2160 4867 2345 4924 mere?
2369 4866 2426 4922 Si
2458 4867 2526 4933 de
2560 4863 2893 4920 necessariis
2922 4861 2989 4916 ad
3035 4862 3266 4916 salutem
3303 4858 3399 4912 tibi
3432 4871 3615 4912 sermo
3639 4863 3745 4918 est,

2162 4956 2361 5015 modus
2400 4956 2456 5011 in
2495 4954 2676 5010 medio
2724 4953 3044 5024 propositus
3095 4950 3263 5020 impio
3301 4947 3370 5003 ad
3401 4945 3559 5001 (idem
3592 4943 3747 4999 sufﬁ-

2162 5051 2292 5105 ciet.
2330 5047 2468 5103 Novi
2499 5053 2555 5101 et
2594 5060 2918 5117 persuasum
2956 5045 3130 5099 habeo
3166 5043 3219 5096 in
3236 5040 3467 5113 .Christo
3497 5036 3625 5094 Jesu
3650 5054 3665 5103 ;
3693 5045 3748 5091 ct

2166 5156 2410 5211 rursum,
2429 5138 2715 5193 Veritatem
2735 5135 2857 5191 dico
2885 5136 2938 5189 iu
2959 5134 3174 5190 Christo
3192 5132 3344 5196 Iesu,
3373 5148 3478 5186 non
3501 5128 3746 5207 mentior,

2167 5234 2302 5289 dicit
2340 5230 2588 5287 veritatis
2622 5227 2920 5299 Apostolus
2952 5224 3002 5298 (1
3043 5224 3179 5279 Tim.
3218 5239 3277 5290 ιι,
3307 5222 3402 5293 7);
3441 5222 3544 5276 hoc
3584 5217 3743 5275 modo

2169 5339 2476 5382 sermonem
2516 5337 2675 5377 suum
2708 5317 2812 5374 ﬁde
2840 5317 3063 5389 dignum
3109 5314 3364 5379 reddens,
3404 5326 3564 5368 omne
3596 5321 3743 5363 com-

2171 5433 2337 5474 mune
2372 5418 2739 5488 juramcntum
2772 5411 2992 5466 avertit.

2226 5576 2330 5631 175
2373 5573 2585 5644 Ecqnad
2611 5571 2927 5640 benignitate
2950 5572 3265 5637 princeptum
3298 5559 3539 5614 brevius?

2251 5640 2546 5713 Sermones
2580 5655 2648 5709 de
2675 5651 2946 5707 clmritate
2973 5659 3028 5707 et
3062 5645 3357 5703 dilectione
3393 5657 3532 5713 quos
3572 5640 3749 5700 sancti

574 5799 718 5872 (8-9)
752 5799 977 5866 Ὅρκον
1005 5791 1073 5847 δὲ
1100 5787 1285 5861 φεῦγε
1318 5797 1404 5847 cst
1437 5785 1849 5844 hemistichium
1879 5781 2035 5840 Mena

2148 5778 2186 5835 ἱ.
2220 5777 2458 5835 Senum.
2499 5771 2694 5843 sirgul.
